  <div class='ocr_page' id='page_1' title='image "/cluster/home/n/w/nwhite01/storage/ocr_20150623/22/hvd.32044073501140/537.png"; bbox 0 0 4114 6472; ppageno 0'>
   <div class='ocr_carea' id='block_1_1' title="bbox 620 352 756 407">
    <p class='ocr_par' dir='ltr' id='par_1_1' title="bbox 620 352 756 407">
     <span class='ocr_line' id='line_1_1' title="bbox 620 352 756 407; baseline 0.015 -2"><span class='ocrx_word' id='word_1_1' title='bbox 620 352 756 407; x_wconf 82' lang='grc'>1050</span> 
     </span>
    </p>
   </div>
   <div class='ocr_carea' id='block_1_2' title="bbox 1219 453 1597 512">
    <p class='ocr_par' dir='ltr' id='par_1_2' title="bbox 1219 453 1597 512">
     <span class='ocr_line' id='line_1_2' title="bbox 1219 453 1597 512; baseline -0.008 0"><span class='ocrx_word' id='word_1_2' title='bbox 1219 455 1448 512; x_wconf 80' lang='lat' dir='ltr'><strong>CAPUT</strong></span> <span class='ocrx_word' id='word_1_3' title='bbox 1483 453 1597 509; x_wconf 76' lang='lat' dir='ltr'><strong>XII.</strong></span> 
     </span>
    </p>
   </div>
   <div class='ocr_carea' id='block_1_3' title="bbox 693 543 2190 625">
    <p class='ocr_par' dir='ltr' id='par_1_3' title="bbox 693 543 2190 625">
     <span class='ocr_line' id='line_1_3' title="bbox 693 543 2190 625; baseline -0.009 -16"><span class='ocrx_word' id='word_1_4' title='bbox 693 578 709 609; x_wconf 79' lang='grc' dir='ltr'><strong>ι</strong></span> <span class='ocrx_word' id='word_1_5' title='bbox 734 552 1376 625; x_wconf 82' lang='lat' dir='ltr'><strong>Cumqueingrederetur</strong></span> <span class='ocrx_word' id='word_1_6' title='bbox 1411 549 1626 620; x_wconf 87' lang='lat' dir='ltr'><strong>Moyses</strong></span> <span class='ocrx_word' id='word_1_7' title='bbox 1673 548 1726 601; x_wconf 92' lang='lat' dir='ltr'><strong>in</strong></span> <span class='ocrx_word' id='word_1_8' title='bbox 1756 543 2190 604; x_wconf 90' lang='lat' dir='ltr'><strong>tabernaculum,</strong></span> 
     </span>
    </p>
   </div>
   <div class='ocr_carea' id='block_1_4' title="bbox 618 636 2192 706">
    <p class='ocr_par' dir='ltr' id='par_1_4' title="bbox 618 636 2192 706">
     <span class='ocr_line' id='line_1_4' title="bbox 618 636 2192 706; baseline -0.008 -7"><span class='ocrx_word' id='word_1_9' title='bbox 618 643 993 703; x_wconf 81' lang='lat' dir='ltr'><strong>descendebat</strong></span> <span class='ocrx_word' id='word_1_10' title='bbox 1036 645 1292 699; x_wconf 77' lang='lat' dir='ltr'><strong>columna</strong></span> <span class='ocrx_word' id='word_1_11' title='bbox 1326 641 1511 706; x_wconf 87' lang='lat' dir='ltr'><strong>nubis,</strong></span> <span class='ocrx_word' id='word_1_12' title='bbox 1547 651 1604 694; x_wconf 92' lang='lat' dir='ltr'><strong>et</strong></span> <span class='ocrx_word' id='word_1_13' title='bbox 1647 638 1826 693; x_wconf 90' lang='lat' dir='ltr'><strong>stabat</strong></span> <span class='ocrx_word' id='word_1_14' title='bbox 1856 636 1922 690; x_wconf 92' lang='lat' dir='ltr'><strong>ad</strong></span> <span class='ocrx_word' id='word_1_15' title='bbox 1967 636 2192 695; x_wconf 89' lang='lat' dir='ltr'><strong>ostium,</strong></span> 
     </span>
    </p>
   </div>
   <div class='ocr_carea' id='block_1_5' title="bbox 613 725 2196 808">
    <p class='ocr_par' dir='ltr' id='par_1_5' title="bbox 613 725 2196 808">
     <span class='ocr_line' id='line_1_5' title="bbox 613 725 2196 808; baseline -0.008 -17"><span class='ocrx_word' id='word_1_16' title='bbox 613 737 1055 808; x_wconf 65' lang='lat' dir='ltr'><strong>loquebatuyque</strong></span> <span class='ocrx_word' id='word_1_17' title='bbox 1107 750 1232 790; x_wconf 91' lang='lat' dir='ltr'><strong>cum</strong></span> <span class='ocrx_word' id='word_1_18' title='bbox 1283 732 1488 802; x_wconf 87' lang='lat' dir='ltr'><strong>Moyse,</strong></span> <span class='ocrx_word' id='word_1_19' title='bbox 1526 729 1876 784; x_wconf 79' lang='lat' dir='ltr'><strong>cernentibus</strong></span> <span class='ocrx_word' id='word_1_20' title='bbox 1924 725 2196 780; x_wconf 85' lang='lat' dir='ltr'><strong>universis</strong></span> 
     </span>
    </p>
   </div>
   <div class='ocr_carea' id='block_1_6' title="bbox 611 818 2192 900">
    <p class='ocr_par' dir='ltr' id='par_1_6' title="bbox 611 818 2192 900">
     <span class='ocr_line' id='line_1_6' title="bbox 611 818 2192 900; baseline -0.009 -16"><span class='ocrx_word' id='word_1_21' title='bbox 611 829 761 900; x_wconf 85' lang='lat' dir='ltr'><strong>quod</strong></span> <span class='ocrx_word' id='word_1_22' title='bbox 787 831 1042 884; x_wconf 83' lang='lat' dir='ltr'><strong>columna</strong></span> <span class='ocrx_word' id='word_1_23' title='bbox 1080 827 1244 882; x_wconf 91' lang='lat' dir='ltr'><strong>nubis</strong></span> <span class='ocrx_word' id='word_1_24' title='bbox 1279 832 1449 881; x_wconf 89' lang='lat' dir='ltr'><strong>staret</strong></span> <span class='ocrx_word' id='word_1_25' title='bbox 1481 824 1545 878; x_wconf 93' lang='lat' dir='ltr'><strong>ad</strong></span> <span class='ocrx_word' id='word_1_26' title='bbox 1582 823 1784 878; x_wconf 88' lang='lat' dir='ltr'><strong>ostium</strong></span> <span class='ocrx_word' id='word_1_27' title='bbox 1836 818 2192 875; x_wconf 87' lang='lat' dir='ltr'><strong>tabernaculi.</strong></span> 
     </span>
    </p>
   </div>
   <div class='ocr_carea' id='block_1_7' title="bbox 614 911 2196 991">
    <p class='ocr_par' dir='ltr' id='par_1_7' title="bbox 614 911 2196 991">
     <span class='ocr_line' id='line_1_7' title="bbox 614 911 2196 991; baseline -0.008 -15"><span class='ocrx_word' id='word_1_28' title='bbox 614 922 958 991; x_wconf 88' lang='lat' dir='ltr'><strong>Stabantque</strong></span> <span class='ocrx_word' id='word_1_29' title='bbox 991 920 1096 990; x_wconf 90' lang='lat' dir='ltr'><strong>ipsi</strong></span> <span class='ocrx_word' id='word_1_30' title='bbox 1144 931 1197 973; x_wconf 85' lang='lat' dir='ltr'><strong>et</strong></span> <span class='ocrx_word' id='word_1_31' title='bbox 1226 917 1529 972; x_wconf 86' lang='lat' dir='ltr'><strong>adorabant</strong></span> <span class='ocrx_word' id='word_1_32' title='bbox 1568 931 1664 986; x_wconf 90' lang='lat' dir='ltr'><strong>per</strong></span> <span class='ocrx_word' id='word_1_33' title='bbox 1696 913 1842 969; x_wconf 88' lang='lat' dir='ltr'><strong>fores</strong></span> <span class='ocrx_word' id='word_1_34' title='bbox 1869 911 2196 966; x_wconf 88' lang='lat' dir='ltr'><strong>tabernacu-</strong></span> 
     </span>
    </p>
   </div>
   <div class='ocr_carea' id='block_1_8' title="bbox 614 1002 2197 1080">
    <p class='ocr_par' dir='ltr' id='par_1_8' title="bbox 614 1002 2197 1080">
     <span class='ocr_line' id='line_1_8' title="bbox 614 1002 2197 1080; baseline -0.006 -14"><span class='ocrx_word' id='word_1_35' title='bbox 614 1015 794 1068; x_wconf 90' lang='lat' dir='ltr'><strong>lorum</strong></span> <span class='ocrx_word' id='word_1_36' title='bbox 859 1029 1108 1067; x_wconf 85' lang='lat' dir='ltr'><strong>suorum.</strong></span> <span class='ocrx_word' id='word_1_37' title='bbox 1175 1011 1524 1080; x_wconf 83' lang='lat' dir='ltr'><strong>Loquebatur</strong></span> <span class='ocrx_word' id='word_1_38' title='bbox 1581 1015 1761 1061; x_wconf 89' lang='lat' dir='ltr'><strong>autem</strong></span> <span class='ocrx_word' id='word_1_39' title='bbox 1811 1004 2074 1058; x_wconf 88' lang='lat' dir='ltr'><strong>Dominus</strong></span> <span class='ocrx_word' id='word_1_40' title='bbox 2129 1002 2197 1056; x_wconf 83' lang='lat' dir='ltr'><strong>ad</strong></span> 
     </span>
    </p>
   </div>
   <div class='ocr_carea' id='block_1_9' title="bbox 615 1094 2198 1175">
    <p class='ocr_par' dir='ltr' id='par_1_9' title="bbox 615 1094 2198 1175">
     <span class='ocr_line' id='line_1_9' title="bbox 615 1094 2198 1175; baseline -0.006 -19"><span class='ocrx_word' id='word_1_41' title='bbox 615 1104 858 1175; x_wconf 83' lang='lat' dir='ltr'><strong>Moysem</strong></span> <span class='ocrx_word' id='word_1_42' title='bbox 893 1104 1033 1159; x_wconf 84' lang='lat' dir='ltr'><strong>facie</strong></span> <span class='ocrx_word' id='word_1_43' title='bbox 1069 1103 1133 1157; x_wconf 90' lang='lat' dir='ltr'><strong>ad</strong></span> <span class='ocrx_word' id='word_1_44' title='bbox 1169 1103 1384 1165; x_wconf 80' lang='lat' dir='ltr'><strong>faciem,</strong></span> <span class='ocrx_word' id='word_1_45' title='bbox 1417 1101 1561 1156; x_wconf 88' lang='lat' dir='ltr'><strong>sicut</strong></span> <span class='ocrx_word' id='word_1_46' title='bbox 1587 1099 1726 1154; x_wconf 87' lang='lat' dir='ltr'><strong>solet</strong></span> <span class='ocrx_word' id='word_1_47' title='bbox 1759 1097 1906 1166; x_wconf 91' lang='lat' dir='ltr'><strong>loqui</strong></span> <span class='ocrx_word' id='word_1_48' title='bbox 1936 1096 2100 1150; x_wconf 84' lang='lat' dir='ltr'><strong>homo</strong></span> <span class='ocrx_word' id='word_1_49' title='bbox 2129 1094 2198 1148; x_wconf 86' lang='lat' dir='ltr'><strong>ad</strong></span> 
     </span>
    </p>
   </div>
   <div class='ocr_carea' id='block_1_10' title="bbox 613 1191 2196 1266">
    <p class='ocr_par' dir='ltr' id='par_1_10' title="bbox 613 1191 2196 1266">
     <span class='ocr_line' id='line_1_10' title="bbox 613 1191 2196 1266; baseline -0.006 -15"><span class='ocrx_word' id='word_1_50' title='bbox 613 1197 854 1252; x_wconf 80' lang='lat' dir='ltr'><strong>amicum</strong></span> <span class='ocrx_word' id='word_1_51' title='bbox 890 1213 1074 1252; x_wconf 92' lang='lat' dir='ltr'><strong>suum.</strong></span> <span class='ocrx_word' id='word_1_52' title='bbox 1107 1196 1354 1266; x_wconf 87' lang='lat' dir='ltr'><strong>Cumque</strong></span> <span class='ocrx_word' id='word_1_53' title='bbox 1387 1195 1477 1249; x_wconf 91' lang='lat' dir='ltr'><strong>ille</strong></span> <span class='ocrx_word' id='word_1_54' title='bbox 1513 1200 1876 1248; x_wconf 83' lang='lat' dir='ltr'><strong>reverteretur</strong></span> <span class='ocrx_word' id='word_1_55' title='bbox 1905 1191 1960 1244; x_wconf 90' lang='lat' dir='ltr'><strong>in</strong></span> <span class='ocrx_word' id='word_1_56' title='bbox 1993 1199 2196 1254; x_wconf 90' lang='lat' dir='ltr'><strong>castra,</strong></span> 
     </span>
    </p>
   </div>
   <div class='ocr_carea' id='block_1_11' title="bbox 613 1279 2199 1359">
    <p class='ocr_par' dir='ltr' id='par_1_11' title="bbox 613 1279 2199 1359">
     <span class='ocr_line' id='line_1_11' title="bbox 613 1279 2199 1359; baseline -0.007 -16"><span class='ocrx_word' id='word_1_57' title='bbox 613 1290 866 1344; x_wconf 85' lang='lat' dir='ltr'><strong>minister</strong></span> <span class='ocrx_word' id='word_1_58' title='bbox 901 1288 1022 1359; x_wconf 89' lang='lat' dir='ltr'><strong>ejus</strong></span> <span class='ocrx_word' id='word_1_59' title='bbox 1047 1287 1214 1342; x_wconf 87' lang='lat' dir='ltr'><strong>Josue</strong></span> <span class='ocrx_word' id='word_1_60' title='bbox 1244 1287 1388 1341; x_wconf 83' lang='lat' dir='ltr'><strong>[ilius</strong></span> <span class='ocrx_word' id='word_1_61' title='bbox 1414 1285 1556 1348; x_wconf 85' lang='lat' dir='ltr'><strong>Nun,</strong></span> <span class='ocrx_word' id='word_1_62' title='bbox 1591 1298 1742 1353; x_wconf 87' lang='lat' dir='ltr'><strong>puer,</strong></span> <span class='ocrx_word' id='word_1_63' title='bbox 1775 1297 1883 1336; x_wconf 93' lang='lat' dir='ltr'><strong>non</strong></span> <span class='ocrx_word' id='word_1_64' title='bbox 1911 1279 2199 1336; x_wconf 85' lang='lat' dir='ltr'><strong>recedebat</strong></span> 
     </span>
    </p>
   </div>
   <div class='ocr_carea' id='block_1_12' title="bbox 616 1371 2195 1445">
    <p class='ocr_par' dir='ltr' id='par_1_12' title="bbox 616 1371 2195 1445">
     <span class='ocr_line' id='line_1_12' title="bbox 616 1371 2195 1445; baseline -0.008 -10"><span class='ocrx_word' id='word_1_65' title='bbox 616 1381 688 1435; x_wconf 89' lang='lat' dir='ltr'><strong>de</strong></span> <span class='ocrx_word' id='word_1_66' title='bbox 716 1379 1098 1436; x_wconf 85' lang='lat' dir='ltr'><strong>tabernaculo.</strong></span> <span class='ocrx_word' id='word_1_67' title='bbox 1140 1377 1285 1432; x_wconf 81' lang='lat' dir='ltr'><strong>Dixit</strong></span> <span class='ocrx_word' id='word_1_68' title='bbox 1313 1384 1494 1431; x_wconf 90' lang='lat' dir='ltr'><strong>autem</strong></span> <span class='ocrx_word' id='word_1_69' title='bbox 1519 1373 1735 1445; x_wconf 79' lang='lat' dir='ltr'><strong>Moyses</strong></span> <span class='ocrx_word' id='word_1_70' title='bbox 1765 1373 1829 1427; x_wconf 89' lang='lat' dir='ltr'><strong>ad</strong></span> <span class='ocrx_word' id='word_1_71' title='bbox 1863 1371 2152 1426; x_wconf 90' lang='lat' dir='ltr'><strong>Dominum</strong></span> <span class='ocrx_word' id='word_1_72' title='bbox 2183 1389 2195 1423; x_wconf 94' lang='lat'><strong>:</strong></span> 
     </span>
    </p>
   </div>
   <div class='ocr_carea' id='block_1_13' title="bbox 613 1461 2200 1540">
    <p class='ocr_par' dir='ltr' id='par_1_13' title="bbox 613 1461 2200 1540">
     <span class='ocr_line' id='line_1_13' title="bbox 613 1461 2200 1540; baseline -0.008 -14"><span class='ocrx_word' id='word_1_73' title='bbox 613 1471 881 1540; x_wconf 86' lang='lat' dir='ltr'><strong>Praecipis</strong></span> <span class='ocrx_word' id='word_1_74' title='bbox 919 1478 978 1524; x_wconf 91' lang='lat' dir='ltr'><strong>ut</strong></span> <span class='ocrx_word' id='word_1_75' title='bbox 1007 1469 1234 1524; x_wconf 88' lang='lat' dir='ltr'><strong>educam</strong></span> <span class='ocrx_word' id='word_1_76' title='bbox 1267 1466 1526 1538; x_wconf 85' lang='lat' dir='ltr'><strong>pOpulum</strong></span> <span class='ocrx_word' id='word_1_77' title='bbox 1558 1464 1712 1519; x_wconf 91' lang='lat' dir='ltr'><strong>illum</strong></span> <span class='ocrx_word' id='word_1_78' title='bbox 1741 1483 1752 1518; x_wconf 95' lang='lat'><strong>:</strong></span> <span class='ocrx_word' id='word_1_79' title='bbox 1791 1471 1844 1518; x_wconf 90' lang='lat' dir='ltr'><strong>et</strong></span> <span class='ocrx_word' id='word_1_80' title='bbox 1899 1478 2008 1516; x_wconf 93' lang='lat' dir='ltr'><strong>non</strong></span> <span class='ocrx_word' id='word_1_81' title='bbox 2057 1461 2200 1515; x_wconf 89' lang='lat' dir='ltr'><strong>indi-</strong></span> 
     </span>
    </p>
   </div>
   <div class='ocr_carea' id='block_1_14' title="bbox 611 1552 2198 1631">
    <p class='ocr_par' dir='ltr' id='par_1_14' title="bbox 611 1552 2198 1631">
     <span class='ocr_line' id='line_1_14' title="bbox 611 1552 2198 1631; baseline -0.008 -14"><span class='ocrx_word' id='word_1_82' title='bbox 611 1578 709 1619; x_wconf 89' lang='lat' dir='ltr'><strong>cas</strong></span> <span class='ocrx_word' id='word_1_83' title='bbox 743 1562 874 1617; x_wconf 80' lang='lat' dir='ltr'><strong>milii</strong></span> <span class='ocrx_word' id='word_1_84' title='bbox 933 1575 1096 1631; x_wconf 90' lang='lat' dir='ltr'><strong>quem</strong></span> <span class='ocrx_word' id='word_1_85' title='bbox 1150 1559 1424 1614; x_wconf 89' lang='lat' dir='ltr'><strong>missurus</strong></span> <span class='ocrx_word' id='word_1_86' title='bbox 1471 1571 1533 1612; x_wconf 92' lang='lat' dir='ltr'><strong>es</strong></span> <span class='ocrx_word' id='word_1_87' title='bbox 1583 1570 1798 1610; x_wconf 88' lang='lat' dir='ltr'><strong>mecum</strong></span> <span class='ocrx_word' id='word_1_88' title='bbox 1835 1593 1851 1620; x_wconf 93' lang='lat'><strong>,</strong></span> <span class='ocrx_word' id='word_1_89' title='bbox 1896 1552 2198 1624; x_wconf 58' lang='lat' dir='ltr'><strong>praesertim</strong></span> 
     </span>
    </p>
   </div>
   <div class='ocr_carea' id='block_1_15' title="bbox 617 1642 2201 1711">
    <p class='ocr_par' dir='ltr' id='par_1_15' title="bbox 617 1642 2201 1711">
     <span class='ocr_line' id='line_1_15' title="bbox 617 1642 2201 1711; baseline -0.009 0"><span class='ocrx_word' id='word_1_90' title='bbox 617 1671 748 1711; x_wconf 90' lang='lat' dir='ltr'><strong>cum</strong></span> <span class='ocrx_word' id='word_1_91' title='bbox 794 1652 1044 1709; x_wconf 81' lang='lat' dir='ltr'><strong>dixeris:</strong></span> <span class='ocrx_word' id='word_1_92' title='bbox 1107 1650 1241 1706; x_wconf 87' lang='lat' dir='ltr'><strong>Novi</strong></span> <span class='ocrx_word' id='word_1_93' title='bbox 1300 1657 1355 1704; x_wconf 93' lang='lat' dir='ltr'><strong>te</strong></span> <span class='ocrx_word' id='word_1_94' title='bbox 1407 1664 1472 1704; x_wconf 82' lang='lat' dir='ltr'><strong>ex</strong></span> <span class='ocrx_word' id='word_1_95' title='bbox 1537 1647 1779 1711; x_wconf 87' lang='lat' dir='ltr'><strong>nomine,</strong></span> <span class='ocrx_word' id='word_1_96' title='bbox 1833 1655 1887 1700; x_wconf 92' lang='lat' dir='ltr'><strong>et</strong></span> <span class='ocrx_word' id='word_1_97' title='bbox 1943 1642 2201 1699; x_wconf 86' lang='lat' dir='ltr'><strong>invenisti</strong></span> 
     </span>
    </p>
   </div>
   <div class='ocr_carea' id='block_1_16' title="bbox 615 1737 2200 1816">
    <p class='ocr_par' dir='ltr' id='par_1_16' title="bbox 615 1737 2200 1816">
     <span class='ocr_line' id='line_1_16' title="bbox 615 1737 2200 1816; baseline -0.007 -16"><span class='ocrx_word' id='word_1_98' title='bbox 615 1748 851 1816; x_wconf 83' lang='lat' dir='ltr'><strong>gratiam</strong></span> <span class='ocrx_word' id='word_1_99' title='bbox 883 1759 1072 1798; x_wconf 90' lang='lat' dir='ltr'><strong>coram</strong></span> <span class='ocrx_word' id='word_1_100' title='bbox 1106 1758 1214 1798; x_wconf 91' lang='lat' dir='ltr'><strong>me.</strong></span> <span class='ocrx_word' id='word_1_101' title='bbox 1253 1739 1310 1795; x_wconf 89' lang='lat' dir='ltr'><strong>Si</strong></span> <span class='ocrx_word' id='word_1_102' title='bbox 1341 1754 1472 1810; x_wconf 84' lang='lat' dir='ltr'><strong>ergo</strong></span> <span class='ocrx_word' id='word_1_103' title='bbox 1505 1738 1684 1793; x_wconf 85' lang='lat' dir='ltr'><strong>inveni</strong></span> <span class='ocrx_word' id='word_1_104' title='bbox 1720 1738 1952 1808; x_wconf 85' lang='lat' dir='ltr'><strong>gratiam</strong></span> <span class='ocrx_word' id='word_1_105' title='bbox 1984 1737 2040 1790; x_wconf 92' lang='lat' dir='ltr'><strong>in</strong></span> <span class='ocrx_word' id='word_1_106' title='bbox 2067 1751 2200 1790; x_wconf 89' lang='lat' dir='ltr'><strong>con-</strong></span> 
     </span>
    </p>
   </div>
   <div class='ocr_carea' id='block_1_17' title="bbox 615 1828 2203 1910">
    <p class='ocr_par' dir='ltr' id='par_1_17' title="bbox 615 1828 2203 1910">
     <span class='ocr_line' id='line_1_17' title="bbox 615 1828 2203 1910; baseline -0.009 -16"><span class='ocrx_word' id='word_1_107' title='bbox 615 1849 807 1910; x_wconf 85' lang='lat' dir='ltr'><strong>spectu</strong></span> <span class='ocrx_word' id='word_1_108' title='bbox 835 1845 950 1900; x_wconf 92' lang='lat' dir='ltr'><strong>tuo,</strong></span> <span class='ocrx_word' id='word_1_109' title='bbox 993 1836 1222 1892; x_wconf 87' lang='lat' dir='ltr'><strong>ostende</strong></span> <span class='ocrx_word' id='word_1_110' title='bbox 1269 1834 1402 1888; x_wconf 90' lang='lat' dir='ltr'><strong>mihi</strong></span> <span class='ocrx_word' id='word_1_111' title='bbox 1462 1831 1656 1886; x_wconf 79' lang='lat' dir='ltr'><strong>faciem</strong></span> <span class='ocrx_word' id='word_1_112' title='bbox 1691 1840 1879 1894; x_wconf 88' lang='lat' dir='ltr'><strong>tuam,</strong></span> <span class='ocrx_word' id='word_1_113' title='bbox 1938 1837 1997 1883; x_wconf 90' lang='lat' dir='ltr'><strong>ut</strong></span> <span class='ocrx_word' id='word_1_114' title='bbox 2031 1828 2203 1883; x_wconf 83' lang='lat' dir='ltr'><strong>sciam</strong></span> 
     </span>
    </p>
   </div>
   <div class='ocr_carea' id='block_1_18' title="bbox 618 1921 2206 2006">
    <p class='ocr_par' dir='ltr' id='par_1_18' title="bbox 618 1921 2206 2006">
     <span class='ocr_line' id='line_1_18' title="bbox 618 1921 2206 2006; baseline -0.01 -13"><span class='ocrx_word' id='word_1_115' title='bbox 618 1949 692 2006; x_wconf 89' lang='lat' dir='ltr'><strong>te,</strong></span> <span class='ocrx_word' id='word_1_116' title='bbox 725 1946 777 1994; x_wconf 90' lang='lat' dir='ltr'><strong>et</strong></span> <span class='ocrx_word' id='word_1_117' title='bbox 803 1937 1078 1993; x_wconf 88' lang='lat' dir='ltr'><strong>inveniam</strong></span> <span class='ocrx_word' id='word_1_118' title='bbox 1116 1935 1347 2006; x_wconf 83' lang='lat' dir='ltr'><strong>gratiam</strong></span> <span class='ocrx_word' id='word_1_119' title='bbox 1395 1939 1522 1987; x_wconf 90' lang='lat' dir='ltr'><strong>ante</strong></span> <span class='ocrx_word' id='word_1_120' title='bbox 1550 1921 1742 1985; x_wconf 77' lang='lat' dir='ltr'><strong>oculos</strong></span> <span class='ocrx_word' id='word_1_121' title='bbox 1770 1936 1895 1983; x_wconf 89' lang='lat' dir='ltr'><strong>tuos</strong></span> <span class='ocrx_word' id='word_1_122' title='bbox 1928 1943 1942 1980; x_wconf 94' lang='lat'><strong>:</strong></span> <span class='ocrx_word' id='word_1_123' title='bbox 1994 1925 2206 1996; x_wconf 88' lang='lat' dir='ltr'><strong>respice</strong></span> 
     </span>
    </p>
   </div>
   <div class='ocr_carea' id='block_1_19' title="bbox 619 2018 2203 2102">
    <p class='ocr_par' dir='ltr' id='par_1_19' title="bbox 619 2018 2203 2102">
     <span class='ocr_line' id='line_1_19' title="bbox 619 2018 2203 2102; baseline -0.008 -16"><span class='ocrx_word' id='word_1_124' title='bbox 619 2032 883 2102; x_wconf 87' lang='lat' dir='ltr'><strong>populum</strong></span> <span class='ocrx_word' id='word_1_125' title='bbox 921 2038 1075 2083; x_wconf 91' lang='lat' dir='ltr'><strong>tuum</strong></span> <span class='ocrx_word' id='word_1_126' title='bbox 1125 2036 1340 2098; x_wconf 79' lang='lat' dir='ltr'><strong>gentem</strong></span> <span class='ocrx_word' id='word_1_127' title='bbox 1375 2026 1535 2081; x_wconf 88' lang='lat' dir='ltr'><strong>hanc.</strong></span> <span class='ocrx_word' id='word_1_128' title='bbox 1592 2022 1847 2092; x_wconf 83' lang='lat' dir='ltr'><strong>Dixitque</strong></span> <span class='ocrx_word' id='word_1_129' title='bbox 1899 2018 2203 2073; x_wconf 89' lang='lat' dir='ltr'><strong>Dominus:</strong></span> 
     </span>
    </p>
   </div>
   <div class='ocr_carea' id='block_1_20' title="bbox 622 2110 2206 2191">
    <p class='ocr_par' dir='ltr' id='par_1_20' title="bbox 622 2110 2206 2191">
     <span class='ocr_line' id='line_1_20' title="bbox 622 2110 2206 2191; baseline -0.008 -15"><span class='ocrx_word' id='word_1_130' title='bbox 622 2123 814 2178; x_wconf 81' lang='lat' dir='ltr'><strong>Facies</strong></span> <span class='ocrx_word' id='word_1_131' title='bbox 855 2137 976 2177; x_wconf 91' lang='lat' dir='ltr'><strong>mea</strong></span> <span class='ocrx_word' id='word_1_132' title='bbox 1011 2118 1281 2191; x_wconf 72' lang='lat' dir='ltr'><strong>praecedet</strong></span> <span class='ocrx_word' id='word_1_133' title='bbox 1326 2130 1398 2182; x_wconf 89' lang='lat' dir='ltr'><strong>te,</strong></span> <span class='ocrx_word' id='word_1_134' title='bbox 1435 2127 1488 2173; x_wconf 90' lang='lat' dir='ltr'><strong>et</strong></span> <span class='ocrx_word' id='word_1_135' title='bbox 1520 2116 1766 2186; x_wconf 89' lang='lat' dir='ltr'><strong>requiem</strong></span> <span class='ocrx_word' id='word_1_136' title='bbox 1811 2113 1954 2169; x_wconf 88' lang='lat' dir='ltr'><strong>dabo</strong></span> <span class='ocrx_word' id='word_1_137' title='bbox 1989 2113 2109 2166; x_wconf 88' lang='lat' dir='ltr'><strong>tibi.</strong></span> <span class='ocrx_word' id='word_1_138' title='bbox 2140 2110 2206 2164; x_wconf 90' lang='lat' dir='ltr'><strong>Et</strong></span> 
     </span>
    </p>
   </div>
   <div class='ocr_carea' id='block_1_21' title="bbox 621 2204 2207 2287">
    <p class='ocr_par' dir='ltr' id='par_1_21' title="bbox 621 2204 2207 2287">
     <span class='ocr_line' id='line_1_21' title="bbox 621 2204 2207 2287; baseline -0.008 -16"><span class='ocrx_word' id='word_1_139' title='bbox 621 2218 698 2270; x_wconf 85' lang='lat' dir='ltr'><strong>ait</strong></span> <span class='ocrx_word' id='word_1_140' title='bbox 728 2215 984 2287; x_wconf 80' lang='lat' dir='ltr'><strong>Moyses:</strong></span> <span class='ocrx_word' id='word_1_141' title='bbox 1024 2214 1081 2267; x_wconf 90' lang='lat' dir='ltr'><strong>Si</strong></span> <span class='ocrx_word' id='word_1_142' title='bbox 1134 2227 1242 2267; x_wconf 90' lang='lat' dir='ltr'><strong>non</strong></span> <span class='ocrx_word' id='word_1_143' title='bbox 1275 2220 1330 2264; x_wconf 92' lang='lat' dir='ltr'><strong>tu</strong></span> <span class='ocrx_word' id='word_1_144' title='bbox 1379 2211 1496 2281; x_wconf 91' lang='lat' dir='ltr'><strong>ipse</strong></span> <span class='ocrx_word' id='word_1_145' title='bbox 1551 2207 1853 2279; x_wconf 69' lang='lat' dir='ltr'><strong>praecedas,</strong></span> <span class='ocrx_word' id='word_1_146' title='bbox 1889 2221 1958 2261; x_wconf 88' lang='lat' dir='ltr'><strong>ne</strong></span> <span class='ocrx_word' id='word_1_147' title='bbox 2003 2204 2207 2259; x_wconf 86' lang='lat' dir='ltr'><strong>educas</strong></span> 
     </span>
    </p>
   </div>
   <div class='ocr_carea' id='block_1_22' title="bbox 620 2299 2208 2374">
    <p class='ocr_par' dir='ltr' id='par_1_22' title="bbox 620 2299 2208 2374">
     <span class='ocr_line' id='line_1_22' title="bbox 620 2299 2208 2374; baseline -0.008 -11"><span class='ocrx_word' id='word_1_148' title='bbox 620 2324 726 2364; x_wconf 88' lang='lat' dir='ltr'><strong>nos</strong></span> <span class='ocrx_word' id='word_1_149' title='bbox 758 2308 825 2364; x_wconf 90' lang='lat' dir='ltr'><strong>de</strong></span> <span class='ocrx_word' id='word_1_150' title='bbox 857 2308 980 2362; x_wconf 88' lang='lat' dir='ltr'><strong>loco</strong></span> <span class='ocrx_word' id='word_1_151' title='bbox 1009 2306 1137 2362; x_wconf 91' lang='lat' dir='ltr'><strong>isto.</strong></span> <span class='ocrx_word' id='word_1_152' title='bbox 1175 2306 1231 2359; x_wconf 90' lang='lat' dir='ltr'><strong>In</strong></span> <span class='ocrx_word' id='word_1_153' title='bbox 1265 2319 1375 2374; x_wconf 91' lang='lat' dir='ltr'><strong>quo</strong></span> <span class='ocrx_word' id='word_1_154' title='bbox 1427 2303 1572 2357; x_wconf 89' lang='lat' dir='ltr'><strong>enim</strong></span> <span class='ocrx_word' id='word_1_155' title='bbox 1607 2302 1751 2357; x_wconf 90' lang='lat' dir='ltr'><strong>scire</strong></span> <span class='ocrx_word' id='word_1_156' title='bbox 1780 2299 2080 2370; x_wconf 84' lang='lat' dir='ltr'><strong>poterimus</strong></span> <span class='ocrx_word' id='word_1_157' title='bbox 2107 2311 2208 2368; x_wconf 85' lang='lat' dir='ltr'><strong>ego</strong></span> 
     </span>
    </p>
   </div>
   <div class='ocr_carea' id='block_1_23' title="bbox 618 2392 2209 2472">
    <p class='ocr_par' dir='ltr' id='par_1_23' title="bbox 618 2392 2209 2472">
     <span class='ocr_line' id='line_1_23' title="bbox 618 2392 2209 2472; baseline -0.007 -17"><span class='ocrx_word' id='word_1_158' title='bbox 618 2409 674 2455; x_wconf 85' lang='lat' dir='ltr'><strong>et</strong></span> <span class='ocrx_word' id='word_1_159' title='bbox 703 2401 938 2472; x_wconf 84' lang='lat' dir='ltr'><strong>pepulus</strong></span> <span class='ocrx_word' id='word_1_160' title='bbox 963 2408 1092 2454; x_wconf 90' lang='lat' dir='ltr'><strong>tuus</strong></span> <span class='ocrx_word' id='word_1_161' title='bbox 1122 2398 1402 2452; x_wconf 88' lang='lat' dir='ltr'><strong>invenisse</strong></span> <span class='ocrx_word' id='word_1_162' title='bbox 1432 2409 1534 2449; x_wconf 92' lang='lat' dir='ltr'><strong>nos</strong></span> <span class='ocrx_word' id='word_1_163' title='bbox 1567 2394 1796 2465; x_wconf 77' lang='lat' dir='ltr'><strong>gratiam</strong></span> <span class='ocrx_word' id='word_1_164' title='bbox 1827 2392 1882 2446; x_wconf 90' lang='lat' dir='ltr'><strong>in</strong></span> <span class='ocrx_word' id='word_1_165' title='bbox 1909 2397 2209 2461; x_wconf 88' lang='lat' dir='ltr'><strong>conspectu</strong></span> 
     </span>
    </p>
   </div>
   <div class='ocr_carea' id='block_1_24' title="bbox 621 2481 2210 2559">
    <p class='ocr_par' dir='ltr' id='par_1_24' title="bbox 621 2481 2210 2559">
     <span class='ocr_line' id='line_1_24' title="bbox 621 2481 2210 2559; baseline -0.008 -10"><span class='ocrx_word' id='word_1_166' title='bbox 621 2505 740 2559; x_wconf 93' lang='lat' dir='ltr'><strong>tuo,</strong></span> <span class='ocrx_word' id='word_1_167' title='bbox 771 2494 881 2548; x_wconf 87' lang='lat' dir='ltr'><strong>nisi</strong></span> <span class='ocrx_word' id='word_1_168' title='bbox 905 2491 1274 2546; x_wconf 79' lang='lat' dir='ltr'><strong>ambulaveris</strong></span> <span class='ocrx_word' id='word_1_169' title='bbox 1302 2489 1615 2549; x_wconf 91' lang='lat' dir='ltr'><strong>nobiscum,</strong></span> <span class='ocrx_word' id='word_1_170' title='bbox 1653 2495 1712 2540; x_wconf 92' lang='lat' dir='ltr'><strong>ut</strong></span> <span class='ocrx_word' id='word_1_171' title='bbox 1741 2485 2108 2557; x_wconf 80' lang='lat' dir='ltr'><strong>glorificentur</strong></span> <span class='ocrx_word' id='word_1_172' title='bbox 2141 2481 2210 2536; x_wconf 89' lang='lat' dir='ltr'><strong>ab</strong></span> 
     </span>
    </p>
   </div>
   <div class='ocr_carea' id='block_1_25' title="bbox 621 2574 2211 2654">
    <p class='ocr_par' dir='ltr' id='par_1_25' title="bbox 621 2574 2211 2654">
     <span class='ocr_line' id='line_1_25' title="bbox 621 2574 2211 2654; baseline -0.008 -14"><span class='ocrx_word' id='word_1_173' title='bbox 621 2587 880 2640; x_wconf 87' lang='lat' dir='ltr'><strong>omnibus</strong></span> <span class='ocrx_word' id='word_1_174' title='bbox 912 2583 1130 2654; x_wconf 89' lang='lat' dir='ltr'><strong>p0pulis</strong></span> <span class='ocrx_word' id='word_1_175' title='bbox 1158 2582 1252 2654; x_wconf 91' lang='lat' dir='ltr'><strong>qui</strong></span> <span class='ocrx_word' id='word_1_176' title='bbox 1292 2582 1540 2636; x_wconf 84' lang='lat' dir='ltr'><strong>habitant</strong></span> <span class='ocrx_word' id='word_1_177' title='bbox 1578 2594 1743 2650; x_wconf 86' lang='lat' dir='ltr'><strong>super</strong></span> <span class='ocrx_word' id='word_1_178' title='bbox 1793 2586 2018 2634; x_wconf 88' lang='lat' dir='ltr'><strong>terram.</strong></span> <span class='ocrx_word' id='word_1_179' title='bbox 2066 2574 2211 2629; x_wconf 81' lang='lat' dir='ltr'><strong>Dixit</strong></span> 
     </span>
    </p>
   </div>
   <div class='ocr_carea' id='block_1_26' title="bbox 624 2665 2207 2744">
    <p class='ocr_par' dir='ltr' id='par_1_26' title="bbox 624 2665 2207 2744">
     <span class='ocr_line' id='line_1_26' title="bbox 624 2665 2207 2744; baseline -0.008 -12"><span class='ocrx_word' id='word_1_180' title='bbox 624 2685 809 2734; x_wconf 91' lang='lat' dir='ltr'><strong>autem</strong></span> <span class='ocrx_word' id='word_1_181' title='bbox 860 2676 1130 2730; x_wconf 89' lang='lat' dir='ltr'><strong>Dominus</strong></span> <span class='ocrx_word' id='word_1_182' title='bbox 1181 2676 1249 2729; x_wconf 84' lang='lat' dir='ltr'><strong>ad</strong></span> <span class='ocrx_word' id='word_1_183' title='bbox 1310 2672 1592 2744; x_wconf 88' lang='lat' dir='ltr'><strong>Moysem:</strong></span> <span class='ocrx_word' id='word_1_184' title='bbox 1642 2670 1705 2724; x_wconf 83' lang='lat' dir='ltr'><strong>Et</strong></span> <span class='ocrx_word' id='word_1_185' title='bbox 1755 2670 1980 2724; x_wconf 85' lang='lat' dir='ltr'><strong>verbum</strong></span> <span class='ocrx_word' id='word_1_186' title='bbox 2038 2665 2207 2730; x_wconf 89' lang='lat' dir='ltr'><strong>istnd,</strong></span> 
     </span>
    </p>
   </div>
   <div class='ocr_carea' id='block_1_27' title="bbox 622 2761 2211 2842">
    <p class='ocr_par' dir='ltr' id='par_1_27' title="bbox 622 2761 2211 2842">
     <span class='ocr_line' id='line_1_27' title="bbox 622 2761 2211 2842; baseline -0.008 -16"><span class='ocrx_word' id='word_1_187' title='bbox 622 2771 772 2842; x_wconf 87' lang='lat' dir='ltr'><strong>quod</strong></span> <span class='ocrx_word' id='word_1_188' title='bbox 803 2770 1023 2824; x_wconf 88' lang='lat' dir='ltr'><strong>locutus</strong></span> <span class='ocrx_word' id='word_1_189' title='bbox 1050 2783 1135 2832; x_wconf 89' lang='lat' dir='ltr'><strong>es,</strong></span> <span class='ocrx_word' id='word_1_190' title='bbox 1189 2765 1387 2821; x_wconf 82' lang='lat' dir='ltr'><strong>faciam</strong></span> <span class='ocrx_word' id='word_1_191' title='bbox 1422 2785 1434 2819; x_wconf 94' lang='lat'><strong>:</strong></span> <span class='ocrx_word' id='word_1_192' title='bbox 1487 2763 1747 2819; x_wconf 87' lang='lat' dir='ltr'><strong>invenisti</strong></span> <span class='ocrx_word' id='word_1_193' title='bbox 1786 2762 1932 2818; x_wconf 90' lang='lat' dir='ltr'><strong>enim</strong></span> <span class='ocrx_word' id='word_1_194' title='bbox 1981 2761 2211 2831; x_wconf 76' lang='lat' dir='ltr'><strong>gratiam</strong></span> 
     </span>
    </p>
   </div>
   <div class='ocr_carea' id='block_1_28' title="bbox 623 2861 2208 2940">
    <p class='ocr_par' dir='ltr' id='par_1_28' title="bbox 623 2861 2208 2940">
     <span class='ocr_line' id='line_1_28' title="bbox 623 2861 2208 2940; baseline -0.008 -12"><span class='ocrx_word' id='word_1_195' title='bbox 623 2887 814 2928; x_wconf 90' lang='lat' dir='ltr'><strong>coram</strong></span> <span class='ocrx_word' id='word_1_196' title='bbox 856 2887 964 2936; x_wconf 90' lang='lat' dir='ltr'><strong>me,</strong></span> <span class='ocrx_word' id='word_1_197' title='bbox 999 2877 1055 2926; x_wconf 92' lang='lat' dir='ltr'><strong>et</strong></span> <span class='ocrx_word' id='word_1_198' title='bbox 1103 2868 1380 2940; x_wconf 82' lang='lat' dir='ltr'><strong>te-ipsum</strong></span> <span class='ocrx_word' id='word_1_199' title='bbox 1412 2866 1538 2921; x_wconf 85' lang='lat' dir='ltr'><strong>novi</strong></span> <span class='ocrx_word' id='word_1_200' title='bbox 1569 2881 1632 2921; x_wconf 85' lang='lat' dir='ltr'><strong>ex</strong></span> <span class='ocrx_word' id='word_1_201' title='bbox 1673 2864 1914 2919; x_wconf 89' lang='lat' dir='ltr'><strong>nomine.</strong></span> <span class='ocrx_word' id='word_1_202' title='bbox 1959 2861 2064 2929; x_wconf 84' lang='lat' dir='ltr'><strong>Qui</strong></span> <span class='ocrx_word' id='word_1_203' title='bbox 2094 2862 2208 2916; x_wconf 88' lang='lat' dir='ltr'><strong>ait:</strong></span> 
     </span>
    </p>
   </div>
   <div class='ocr_carea' id='block_1_29' title="bbox 624 2958 2216 3034">
    <p class='ocr_par' dir='ltr' id='par_1_29' title="bbox 624 2958 2216 3034">
     <span class='ocr_line' id='line_1_29' title="bbox 624 2958 2216 3034; baseline -0.006 -13"><span class='ocrx_word' id='word_1_204' title='bbox 624 2963 872 3023; x_wconf 85' lang='lat' dir='ltr'><strong>Ostende</strong></span> <span class='ocrx_word' id='word_1_205' title='bbox 905 2963 1039 3018; x_wconf 92' lang='lat' dir='ltr'><strong>mihi</strong></span> <span class='ocrx_word' id='word_1_206' title='bbox 1063 2961 1295 3034; x_wconf 85' lang='lat' dir='ltr'><strong>gloriam</strong></span> <span class='ocrx_word' id='word_1_207' title='bbox 1321 2969 1494 3016; x_wconf 93' lang='lat' dir='ltr'><strong>tuam.</strong></span> <span class='ocrx_word' id='word_1_208' title='bbox 1521 2958 1826 3029; x_wconf 81' lang='lat' dir='ltr'><strong>Respondit</strong></span> <span class='ocrx_word' id='word_1_209' title='bbox 1854 2976 1869 3012; x_wconf 91' lang='lat'><strong>:</strong></span> <span class='ocrx_word' id='word_1_210' title='bbox 1896 2959 2008 3028; x_wconf 85' lang='lat' dir='ltr'><strong>Ego</strong></span> <span class='ocrx_word' id='word_1_211' title='bbox 2036 2966 2216 3011; x_wconf 87' lang='lat' dir='ltr'><strong>osten-</strong></span> 
     </span>
    </p>
   </div>
   <div class='ocr_carea' id='block_1_30' title="bbox 625 3047 2214 3116">
    <p class='ocr_par' dir='ltr' id='par_1_30' title="bbox 625 3047 2214 3116">
     <span class='ocr_line' id='line_1_30' title="bbox 625 3047 2214 3116; baseline -0.006 -4"><span class='ocrx_word' id='word_1_212' title='bbox 625 3058 754 3112; x_wconf 86' lang='lat' dir='ltr'><strong>dam</strong></span> <span class='ocrx_word' id='word_1_213' title='bbox 792 3053 955 3110; x_wconf 84' lang='lat' dir='ltr'><strong>omne</strong></span> <span class='ocrx_word' id='word_1_214' title='bbox 984 3053 1190 3108; x_wconf 90' lang='lat' dir='ltr'><strong>bonum</strong></span> <span class='ocrx_word' id='word_1_215' title='bbox 1240 3051 1361 3116; x_wconf 89' lang='lat' dir='ltr'><strong>tibi,</strong></span> <span class='ocrx_word' id='word_1_216' title='bbox 1396 3059 1452 3106; x_wconf 92' lang='lat' dir='ltr'><strong>et</strong></span> <span class='ocrx_word' id='word_1_217' title='bbox 1483 3050 1692 3106; x_wconf 90' lang='lat' dir='ltr'><strong>vocabo</strong></span> <span class='ocrx_word' id='word_1_218' title='bbox 1742 3050 1799 3104; x_wconf 92' lang='lat' dir='ltr'><strong>in</strong></span> <span class='ocrx_word' id='word_1_219' title='bbox 1849 3049 2070 3103; x_wconf 87' lang='lat' dir='ltr'><strong>nomine</strong></span> <span class='ocrx_word' id='word_1_220' title='bbox 2104 3047 2214 3103; x_wconf 88' lang='lat' dir='ltr'><strong>Do-</strong></span> 
     </span>
    </p>
   </div>
   <div class='ocr_carea' id='block_1_31' title="bbox 1336 321 3159 399">
    <p class='ocr_par' dir='ltr' id='par_1_31' title="bbox 1336 321 3159 399">
     <span class='ocr_line' id='line_1_31' title="bbox 1336 321 3159 399; baseline -0.013 0"><span class='ocrx_word' id='word_1_221' title='bbox 1336 339 1602 399; x_wconf 80' lang='lat' dir='ltr'><strong>EUSEBII</strong></span> <span class='ocrx_word' id='word_1_222' title='bbox 1640 333 2124 397; x_wconf 63' lang='lat' dir='ltr'><strong>CJSSARIENSIS</strong></span> <span class='ocrx_word' id='word_1_223' title='bbox 2160 329 2310 388; x_wconf 84' lang='lat' dir='ltr'><strong>OPP.</strong></span> <span class='ocrx_word' id='word_1_224' title='bbox 2348 326 2537 384; x_wconf 76' lang='lat' dir='ltr'><strong>PARS</strong></span> <span class='ocrx_word' id='word_1_225' title='bbox 2578 321 3159 382; x_wconf 78' lang='lat' dir='ltr'><strong>lll.—-EXEGETICA.</strong></span> 
     </span>
    </p>
   </div>
   <div class='ocr_carea' id='block_1_32' title="bbox 2223 451 2270 505">
    <p class='ocr_par' dir='ltr' id='par_1_32' title="bbox 2223 451 2270 505">
     <span class='ocr_line' id='line_1_32' title="bbox 2223 451 2270 505; baseline 0 0"><span class='ocrx_word' id='word_1_226' title='bbox 2223 451 2270 505; x_wconf 83' lang='grc' dir='ltr'><strong>Α</strong></span> 
     </span>
    </p>
   </div>
   <div class='ocr_carea' id='block_1_33' title="bbox 3732 317 3871 370">
    <p class='ocr_par' dir='ltr' id='par_1_33' title="bbox 3732 317 3871 370">
     <span class='ocr_line' id='line_1_33' title="bbox 3732 317 3871 370; baseline -0.007 0"><span class='ocrx_word' id='word_1_227' title='bbox 3732 317 3871 370; x_wconf 81' lang='grc'>1060</span> 
     </span>
    </p>
   </div>
   <div class='ocr_carea' id='block_1_34' title="bbox 2811 431 3348 491">
    <p class='ocr_par' dir='ltr' id='par_1_34' title="bbox 2811 431 3348 491">
     <span class='ocr_line' id='line_1_34' title="bbox 2811 431 3348 491; baseline -0.017 0"><span class='ocrx_word' id='word_1_228' title='bbox 2811 433 3205 491; x_wconf 76' lang='grc' dir='ltr'><strong>ΚΕΦΑΛΑΙΟΝ</strong></span> <span class='ocrx_word' id='word_1_229' title='bbox 3246 431 3348 484; x_wconf 66' lang='grc' dir='ltr'><strong>Ιῐῗ.</strong></span> 
     </span>
    </p>
   </div>
   <div class='ocr_carea' id='block_1_35' title="bbox 2369 520 3878 601">
    <p class='ocr_par' dir='ltr' id='par_1_35' title="bbox 2369 520 3878 601">
     <span class='ocr_line' id='line_1_35' title="bbox 2369 520 3878 601; baseline -0.008 -17"><span class='ocrx_word' id='word_1_230' title='bbox 2369 553 2388 584; x_wconf 79' lang='grc' dir='ltr'>ί</span> <span class='ocrx_word' id='word_1_231' title='bbox 2411 532 2602 587; x_wconf 85' lang='grc' dir='ltr'>Ἠνίκα</span> <span class='ocrx_word' id='word_1_232' title='bbox 2623 531 2667 585; x_wconf 88' lang='grc' dir='ltr'>δ’</span> <span class='ocrx_word' id='word_1_233' title='bbox 2693 530 2758 584; x_wconf 82' lang='grc' dir='ltr'><strong>ἂν</strong></span> <span class='ocrx_word' id='word_1_234' title='bbox 2783 528 2997 601; x_wconf 80' lang='grc' dir='ltr'>εἰσῆλθε</span> <span class='ocrx_word' id='word_1_235' title='bbox 3014 525 3252 594; x_wconf 80' lang='grc' dir='ltr'>Μωῦσῆς</span> <span class='ocrx_word' id='word_1_236' title='bbox 3271 525 3350 585; x_wconf 84' lang='grc' dir='ltr'><strong>είς</strong></span> <span class='ocrx_word' id='word_1_237' title='bbox 3369 523 3467 593; x_wconf 82' lang='grc' dir='ltr'><strong>τὴν</strong></span> <span class='ocrx_word' id='word_1_238' title='bbox 3499 520 3726 591; x_wconf 78' lang='grc' dir='ltr'>σκηνὴν,</span> <span class='ocrx_word' id='word_1_239' title='bbox 3748 537 3878 573; x_wconf 80' lang='grc' dir='ltr'>κατ-</span> 
     </span>
    </p>
   </div>
   <div class='ocr_carea' id='block_1_36' title="bbox 2297 609 3879 691">
    <p class='ocr_par' dir='ltr' id='par_1_36' title="bbox 2297 609 3879 691">
     <span class='ocr_line' id='line_1_36' title="bbox 2297 609 3879 691; baseline -0.011 -13"><span class='ocrx_word' id='word_1_240' title='bbox 2297 626 2508 679; x_wconf 81' lang='grc' dir='ltr'>έϐαινεν</span> <span class='ocrx_word' id='word_1_241' title='bbox 2557 627 2585 677; x_wconf 98' lang='lat'><strong>6</strong></span> <span class='ocrx_word' id='word_1_242' title='bbox 2639 623 2826 686; x_wconf 81' lang='grc' dir='ltr'>στῦλος</span> <span class='ocrx_word' id='word_1_243' title='bbox 2864 621 2964 691; x_wconf 79' lang='grc' dir='ltr'>τῆς</span> <span class='ocrx_word' id='word_1_244' title='bbox 3007 616 3254 687; x_wconf 73' lang='grc' dir='ltr'>νεφέλης,</span> <span class='ocrx_word' id='word_1_245' title='bbox 3296 614 3389 668; x_wconf 75' lang='grc' dir='ltr'>καὶ</span> <span class='ocrx_word' id='word_1_246' title='bbox 3426 614 3612 666; x_wconf 79' lang='grc' dir='ltr'>ἵστατο</span> <span class='ocrx_word' id='word_1_247' title='bbox 3653 609 3879 663; x_wconf 76' lang='grc' dir='ltr'>ἐπὶτῶν</span> 
     </span>
    </p>
   </div>
   <div class='ocr_carea' id='block_1_37' title="bbox 2296 703 3880 790">
    <p class='ocr_par' dir='ltr' id='par_1_37' title="bbox 2296 703 3880 790">
     <span class='ocr_line' id='line_1_37' title="bbox 2296 703 3880 790; baseline -0.012 -18"><span class='ocrx_word' id='word_1_248' title='bbox 2296 719 2474 790; x_wconf 84' lang='grc' dir='ltr'>θυρῶν</span> <span class='ocrx_word' id='word_1_249' title='bbox 2503 717 2602 787; x_wconf 82' lang='grc' dir='ltr'><strong>τῆς</strong></span> <span class='ocrx_word' id='word_1_250' title='bbox 2637 715 2840 786; x_wconf 79' lang='grc' dir='ltr'><strong>σκηνῆς</strong></span> <span class='ocrx_word' id='word_1_251' title='bbox 2858 754 2872 778; x_wconf 86' lang='grc'><em>,</em></span> <span class='ocrx_word' id='word_1_252' title='bbox 2905 713 2999 766; x_wconf 72' lang='grc' dir='ltr'><strong>καὶ</strong></span> <span class='ocrx_word' id='word_1_253' title='bbox 3028 711 3254 772; x_wconf 80' lang='grc' dir='ltr'><strong>στάντες</strong></span> <span class='ocrx_word' id='word_1_254' title='bbox 3278 710 3305 760; x_wconf 92' lang='lat'><strong>6</strong></span> <span class='ocrx_word' id='word_1_255' title='bbox 3331 707 3457 770; x_wconf 81' lang='grc' dir='ltr'>λαὸς</span> <span class='ocrx_word' id='word_1_256' title='bbox 3480 745 3495 768; x_wconf 97' lang='lat'><strong>,</strong></span> <span class='ocrx_word' id='word_1_257' title='bbox 3528 703 3880 775; x_wconf 80' lang='grc' dir='ltr'>προσεκύνη-›</span> 
     </span>
    </p>
   </div>
   <div class='ocr_carea' id='block_1_38' title="bbox 2297 795 3882 876">
    <p class='ocr_par' dir='ltr' id='par_1_38' title="bbox 2297 795 3882 876">
     <span class='ocr_line' id='line_1_38' title="bbox 2297 795 3882 876; baseline -0.011 -11"><span class='ocrx_word' id='word_1_258' title='bbox 2297 829 2396 864; x_wconf 88' lang='grc' dir='ltr'><strong>σαν</strong></span> <span class='ocrx_word' id='word_1_259' title='bbox 2442 811 2671 873; x_wconf 75' lang='grc' dir='ltr'>ἕκαστος</span> <span class='ocrx_word' id='word_1_260' title='bbox 2713 807 2820 862; x_wconf 85' lang='grc' dir='ltr'><strong>ἀπὸ</strong></span> <span class='ocrx_word' id='word_1_261' title='bbox 2866 805 2965 876; x_wconf 82' lang='grc' dir='ltr'>τῆς</span> <span class='ocrx_word' id='word_1_262' title='bbox 3011 804 3232 874; x_wconf 78' lang='grc' dir='ltr'><strong>σκηνῆς.</strong></span> <span class='ocrx_word' id='word_1_263' title='bbox 3272 801 3382 853; x_wconf 98' lang='lat' dir='ltr'><strong>Kal</strong></span> <span class='ocrx_word' id='word_1_264' title='bbox 3419 798 3648 868; x_wconf 83' lang='grc' dir='ltr'>ὲλάλησε</span> <span class='ocrx_word' id='word_1_265' title='bbox 3674 795 3882 867; x_wconf 83' lang='grc' dir='ltr'>Κύριος</span> 
     </span>
    </p>
   </div>
   <div class='ocr_carea' id='block_1_39' title="bbox 2297 892 3884 975">
    <p class='ocr_par' dir='ltr' id='par_1_39' title="bbox 2297 892 3884 975">
     <span class='ocr_line' id='line_1_39' title="bbox 2297 892 3884 975; baseline -0.009 -18"><span class='ocrx_word' id='word_1_266' title='bbox 2297 903 2432 975; x_wconf 83' lang='grc' dir='ltr'>πρὸς</span> <span class='ocrx_word' id='word_1_267' title='bbox 2459 901 2697 972; x_wconf 83' lang='grc' dir='ltr'>Μωῦσῆν</span> <span class='ocrx_word' id='word_1_268' title='bbox 2724 941 2739 965; x_wconf 91' lang='grc'><em>,</em></span> <span class='ocrx_word' id='word_1_269' title='bbox 2775 897 3003 960; x_wconf 80' lang='grc' dir='ltr'>ἐνώπιος</span> <span class='ocrx_word' id='word_1_270' title='bbox 3033 895 3248 964; x_wconf 84' lang='grc' dir='ltr'>ένωπίῳ</span> <span class='ocrx_word' id='word_1_271' title='bbox 3270 934 3285 959; x_wconf 86' lang='grc'><em>,</em></span> <span class='ocrx_word' id='word_1_272' title='bbox 3325 893 3402 957; x_wconf 85' lang='grc' dir='ltr'>ὡς</span> <span class='ocrx_word' id='word_1_273' title='bbox 3442 894 3491 966; x_wconf 82' lang='grc' dir='ltr'><strong>εί</strong></span> <span class='ocrx_word' id='word_1_274' title='bbox 3523 892 3762 963; x_wconf 74' lang='grc' dir='ltr'>λαλήσαι</span> <span class='ocrx_word' id='word_1_275' title='bbox 3801 905 3884 951; x_wconf 75' lang='grc' dir='ltr'><strong>τις</strong></span> 
     </span>
    </p>
   </div>
   <div class='ocr_carea' id='block_1_40' title="bbox 2298 983 3884 1066">
    <p class='ocr_par' dir='ltr' id='par_1_40' title="bbox 2298 983 3884 1066">
     <span class='ocr_line' id='line_1_40' title="bbox 2298 983 3884 1066; baseline -0.011 -18"><span class='ocrx_word' id='word_1_276' title='bbox 2298 993 2433 1066; x_wconf 73' lang='grc' dir='ltr'>πρὸς</span> <span class='ocrx_word' id='word_1_277' title='bbox 2464 992 2615 1062; x_wconf 80' lang='grc' dir='ltr'>φίλον</span> <span class='ocrx_word' id='word_1_278' title='bbox 2650 987 2846 1043; x_wconf 80' lang='grc' dir='ltr'>ἑαυτοῦ</span> <span class='ocrx_word' id='word_1_279' title='bbox 2867 1005 2880 1019; x_wconf 92' lang='grc'><strong>·</strong></span> <span class='ocrx_word' id='word_1_280' title='bbox 2910 987 3003 1040; x_wconf 74' lang='grc' dir='ltr'><strong>καὶ</strong></span> <span class='ocrx_word' id='word_1_281' title='bbox 3024 985 3402 1056; x_wconf 79' lang='grc' dir='ltr'><strong>ἀπηλλάττετο</strong></span> <span class='ocrx_word' id='word_1_282' title='bbox 3427 985 3507 1046; x_wconf 90' lang='grc' dir='ltr'>εἰς</span> <span class='ocrx_word' id='word_1_283' title='bbox 3528 983 3628 1053; x_wconf 83' lang='grc' dir='ltr'>τὴν</span> <span class='ocrx_word' id='word_1_284' title='bbox 3660 998 3854 1052; x_wconf 77' lang='grc' dir='ltr'>παρεμ</span> <span class='ocrx_word' id='word_1_285' title='bbox 3872 1010 3884 1019; x_wconf 85' lang='lat'><strong>-</strong></span> 
     </span>
    </p>
   </div>
   <div class='ocr_carea' id='block_1_41' title="bbox 2297 1072 3886 1153">
    <p class='ocr_par' dir='ltr' id='par_1_41' title="bbox 2297 1072 3886 1153">
     <span class='ocr_line' id='line_1_41' title="bbox 2297 1072 3886 1153; baseline -0.007 -18"><span class='ocrx_word' id='word_1_286' title='bbox 2297 1083 2492 1153; x_wconf 74' lang='grc' dir='ltr'>ϐολήν·</span> <span class='ocrx_word' id='word_1_287' title='bbox 2526 1084 2554 1134; x_wconf 93' lang='lat'><strong>6</strong></span> <span class='ocrx_word' id='word_1_288' title='bbox 2597 1081 2653 1133; x_wconf 81' lang='grc' dir='ltr'>δὲ</span> <span class='ocrx_word' id='word_1_289' title='bbox 2694 1078 2946 1150; x_wconf 83' lang='grc' dir='ltr'>θεράπων</span> <span class='ocrx_word' id='word_1_290' title='bbox 2979 1075 3143 1130; x_wconf 78' lang='grc' dir='ltr'>αὑτοῦ</span> <span class='ocrx_word' id='word_1_291' title='bbox 3186 1073 3391 1145; x_wconf 79' lang='grc' dir='ltr'>Ἰησοῦς</span> <span class='ocrx_word' id='word_1_292' title='bbox 3424 1074 3536 1136; x_wconf 77' lang='grc' dir='ltr'>υἱὸς</span> <span class='ocrx_word' id='word_1_293' title='bbox 3576 1072 3735 1141; x_wconf 87' lang='grc' dir='ltr'><strong>Ναυῆ</strong></span> <span class='ocrx_word' id='word_1_294' title='bbox 3783 1072 3886 1124; x_wconf 75' lang='grc' dir='ltr'>οὐκ</span> 
     </span>
    </p>
   </div>
   <div class='ocr_carea' id='block_1_42' title="bbox 2297 1162 3886 1246">
    <p class='ocr_par' dir='ltr' id='par_1_42' title="bbox 2297 1162 3886 1246">
     <span class='ocr_line' id='line_1_42' title="bbox 2297 1162 3886 1246; baseline -0.008 -17"><span class='ocrx_word' id='word_1_295' title='bbox 2297 1173 2650 1246; x_wconf 81' lang='grc' dir='ltr'>ἐξεπορεύετο</span> <span class='ocrx_word' id='word_1_296' title='bbox 2684 1173 2749 1224; x_wconf 82' lang='grc' dir='ltr'><strong>ἐκ</strong></span> <span class='ocrx_word' id='word_1_297' title='bbox 2778 1170 2880 1240; x_wconf 82' lang='grc' dir='ltr'><strong>τῆς</strong></span> <span class='ocrx_word' id='word_1_298' title='bbox 2911 1167 3136 1240; x_wconf 86' lang='grc' dir='ltr'>σκηνῆς.</span> <span class='ocrx_word' id='word_1_299' title='bbox 3169 1167 3276 1219; x_wconf 89' lang='lat' dir='ltr'><strong>Kal</strong></span> <span class='ocrx_word' id='word_1_300' title='bbox 3297 1162 3418 1219; x_wconf 81' lang='grc' dir='ltr'>εἶπε</span> <span class='ocrx_word' id='word_1_301' title='bbox 3453 1165 3699 1234; x_wconf 79' lang='grc' dir='ltr'><strong>Μωῦσῆς</strong></span> <span class='ocrx_word' id='word_1_302' title='bbox 3746 1164 3886 1234; x_wconf 78' lang='grc' dir='ltr'>πρὸς</span> 
     </span>
    </p>
   </div>
   <div class='ocr_carea' id='block_1_43' title="bbox 2296 1258 3887 1340">
    <p class='ocr_par' dir='ltr' id='par_1_43' title="bbox 2296 1258 3887 1340">
     <span class='ocr_line' id='line_1_43' title="bbox 2296 1258 3887 1340; baseline -0.008 -16"><span class='ocrx_word' id='word_1_303' title='bbox 2296 1268 2523 1340; x_wconf 82' lang='grc' dir='ltr'><strong>Κύριον·</strong></span> <span class='ocrx_word' id='word_1_304' title='bbox 2554 1265 2706 1329; x_wconf 78' lang='grc' dir='ltr'>Ἰδοὺ,</span> <span class='ocrx_word' id='word_1_305' title='bbox 2744 1263 2809 1316; x_wconf 76' lang='grc' dir='ltr'><strong>σὺ</strong></span> <span class='ocrx_word' id='word_1_306' title='bbox 2840 1262 3015 1331; x_wconf 86' lang='grc' dir='ltr'>λέγεις</span> <span class='ocrx_word' id='word_1_307' title='bbox 3050 1278 3159 1331; x_wconf 86' lang='grc' dir='ltr'>μοι·</span> <span class='ocrx_word' id='word_1_308' title='bbox 3179 1259 3451 1328; x_wconf 83' lang='grc' dir='ltr'>Ἀνάγαγε</span> <span class='ocrx_word' id='word_1_309' title='bbox 3471 1259 3562 1311; x_wconf 84' lang='grc' dir='ltr'><strong>τὸν</strong></span> <span class='ocrx_word' id='word_1_310' title='bbox 3593 1258 3722 1312; x_wconf 76' lang='grc' dir='ltr'>λαὸν</span> <span class='ocrx_word' id='word_1_311' title='bbox 3763 1259 3887 1312; x_wconf 74' lang='grc' dir='ltr'><strong>τοῦ-</strong></span> 
     </span>
    </p>
   </div>
   <div class='ocr_carea' id='block_1_44' title="bbox 2296 1353 3883 1431">
    <p class='ocr_par' dir='ltr' id='par_1_44' title="bbox 2296 1353 3883 1431">
     <span class='ocr_line' id='line_1_44' title="bbox 2296 1353 3883 1431; baseline -0.009 -11"><span class='ocrx_word' id='word_1_312' title='bbox 2296 1385 2408 1431; x_wconf 89' lang='grc' dir='ltr'>τον,</span> <span class='ocrx_word' id='word_1_313' title='bbox 2441 1366 2504 1418; x_wconf 77' lang='grc' dir='ltr'><strong>σὺ</strong></span> <span class='ocrx_word' id='word_1_314' title='bbox 2539 1363 2598 1416; x_wconf 85' lang='grc' dir='ltr'>δὲ</span> <span class='ocrx_word' id='word_1_315' title='bbox 2624 1362 2722 1415; x_wconf 86' lang='grc' dir='ltr'><strong>οὐκ</strong></span> <span class='ocrx_word' id='word_1_316' title='bbox 2759 1357 3037 1431; x_wconf 84' lang='grc' dir='ltr'>ὲδήλωσάς</span> <span class='ocrx_word' id='word_1_317' title='bbox 3074 1374 3196 1427; x_wconf 81' lang='grc' dir='ltr'>μοι,</span> <span class='ocrx_word' id='word_1_318' title='bbox 3229 1354 3287 1408; x_wconf 82' lang='grc' dir='ltr'>ὃν</span> <span class='ocrx_word' id='word_1_319' title='bbox 3315 1356 3380 1407; x_wconf 81' lang='grc' dir='ltr'><strong>σὺ</strong></span> <span class='ocrx_word' id='word_1_320' title='bbox 3415 1353 3734 1416; x_wconf 81' lang='grc' dir='ltr'>ἀποστελεῖς</span> <span class='ocrx_word' id='word_1_321' title='bbox 3766 1354 3883 1423; x_wconf 80' lang='grc' dir='ltr'>μετ’</span> 
     </span>
    </p>
   </div>
   <div class='ocr_carea' id='block_1_45' title="bbox 2299 1443 3887 1528">
    <p class='ocr_par' dir='ltr' id='par_1_45' title="bbox 2299 1443 3887 1528">
     <span class='ocr_line' id='line_1_45' title="bbox 2299 1443 3887 1528; baseline -0.01 -17"><span class='ocrx_word' id='word_1_322' title='bbox 2299 1456 2464 1528; x_wconf 74' lang='grc' dir='ltr'>ἐμοῦ·</span> <span class='ocrx_word' id='word_1_323' title='bbox 2515 1456 2578 1508; x_wconf 87' lang='grc' dir='ltr'><strong>σὺ</strong></span> <span class='ocrx_word' id='word_1_324' title='bbox 2623 1452 2679 1506; x_wconf 87' lang='grc' dir='ltr'><strong>δέ</strong></span> <span class='ocrx_word' id='word_1_325' title='bbox 2715 1469 2806 1523; x_wconf 83' lang='grc' dir='ltr'><strong>μοι</strong></span> <span class='ocrx_word' id='word_1_326' title='bbox 2848 1445 3010 1512; x_wconf 84' lang='grc' dir='ltr'>εῐπας</span> <span class='ocrx_word' id='word_1_327' title='bbox 3033 1463 3047 1476; x_wconf 89' lang='grc'><strong>·</strong></span> <span class='ocrx_word' id='word_1_328' title='bbox 3082 1443 3213 1502; x_wconf 76' lang='grc' dir='ltr'>Οἶδά</span> <span class='ocrx_word' id='word_1_329' title='bbox 3245 1463 3306 1500; x_wconf 88' lang='grc' dir='ltr'><strong>σε</strong></span> <span class='ocrx_word' id='word_1_330' title='bbox 3337 1445 3487 1517; x_wconf 89' lang='grc' dir='ltr'><strong>παρά</strong></span> <span class='ocrx_word' id='word_1_331' title='bbox 3518 1445 3729 1507; x_wconf 82' lang='grc' dir='ltr'>πάντας</span> <span class='ocrx_word' id='word_1_332' title='bbox 3749 1487 3764 1510; x_wconf 87' lang='lat'><strong>,</strong></span> <span class='ocrx_word' id='word_1_333' title='bbox 3791 1443 3887 1496; x_wconf 72' lang='grc' dir='ltr'><strong>καὶ</strong></span> 
     </span>
    </p>
   </div>
   <div class='ocr_carea' id='block_1_46' title="bbox 2299 1535 3888 1621">
    <p class='ocr_par' dir='ltr' id='par_1_46' title="bbox 2299 1535 3888 1621">
     <span class='ocr_line' id='line_1_46' title="bbox 2299 1535 3888 1621; baseline -0.008 -18"><span class='ocrx_word' id='word_1_334' title='bbox 2299 1550 2444 1621; x_wconf 75' lang='grc' dir='ltr'>ἔχεις</span> <span class='ocrx_word' id='word_1_335' title='bbox 2490 1547 2650 1618; x_wconf 82' lang='grc' dir='ltr'>χάριν</span> <span class='ocrx_word' id='word_1_336' title='bbox 2687 1543 2818 1615; x_wconf 89' lang='grc' dir='ltr'>παρ’</span> <span class='ocrx_word' id='word_1_337' title='bbox 2843 1541 2986 1614; x_wconf 73' lang='grc' dir='ltr'>ἐμοί.</span> <span class='ocrx_word' id='word_1_338' title='bbox 3014 1542 3077 1594; x_wconf 77' lang='lat' dir='ltr'><strong>El</strong></span> <span class='ocrx_word' id='word_1_339' title='bbox 3103 1535 3196 1594; x_wconf 79' lang='grc' dir='ltr'><strong>οὖν</strong></span> <span class='ocrx_word' id='word_1_340' title='bbox 3224 1539 3434 1611; x_wconf 78' lang='grc' dir='ltr'>εὕρηκα</span> <span class='ocrx_word' id='word_1_341' title='bbox 3459 1539 3616 1608; x_wconf 86' lang='grc' dir='ltr'>χάριν</span> <span class='ocrx_word' id='word_1_342' title='bbox 3643 1536 3888 1590; x_wconf 78' lang='grc' dir='ltr'>ἐναντίον</span> 
     </span>
    </p>
   </div>
   <div class='ocr_carea' id='block_1_47' title="bbox 2302 1631 3889 1713">
    <p class='ocr_par' dir='ltr' id='par_1_47' title="bbox 2302 1631 3889 1713">
     <span class='ocr_line' id='line_1_47' title="bbox 2302 1631 3889 1713; baseline -0.011 -15"><span class='ocrx_word' id='word_1_343' title='bbox 2302 1662 2418 1706; x_wconf 91' lang='grc' dir='ltr'>σου,</span> <span class='ocrx_word' id='word_1_344' title='bbox 2453 1639 2752 1713; x_wconf 82' lang='grc' dir='ltr'>ὲμφάνισόν</span> <span class='ocrx_word' id='word_1_345' title='bbox 2789 1655 2879 1710; x_wconf 84' lang='grc' dir='ltr'><strong>μοι</strong></span> <span class='ocrx_word' id='word_1_346' title='bbox 2908 1634 3133 1689; x_wconf 88' lang='grc' dir='ltr'>σεαυτόν</span> <span class='ocrx_word' id='word_1_347' title='bbox 3157 1652 3168 1663; x_wconf 92' lang='grc'><strong>·</strong></span> <span class='ocrx_word' id='word_1_348' title='bbox 3195 1632 3452 1702; x_wconf 83' lang='grc' dir='ltr'>γνωστῶς</span> <span class='ocrx_word' id='word_1_349' title='bbox 3483 1631 3576 1684; x_wconf 85' lang='grc' dir='ltr'>ἷδω</span> <span class='ocrx_word' id='word_1_350' title='bbox 3613 1648 3672 1684; x_wconf 90' lang='grc' dir='ltr'><strong>σε</strong></span> <span class='ocrx_word' id='word_1_351' title='bbox 3692 1671 3706 1693; x_wconf 86' lang='grc'><em>,</em></span> <span class='ocrx_word' id='word_1_352' title='bbox 3733 1631 3889 1693; x_wconf 79' lang='grc' dir='ltr'>ὅπως</span> 
     </span>
    </p>
   </div>
   <div class='ocr_carea' id='block_1_48' title="bbox 2304 1722 3888 1804">
    <p class='ocr_par' dir='ltr' id='par_1_48' title="bbox 2304 1722 3888 1804">
     <span class='ocr_line' id='line_1_48' title="bbox 2304 1722 3888 1804; baseline -0.011 -14"><span class='ocrx_word' id='word_1_353' title='bbox 2304 1735 2369 1790; x_wconf 82' lang='grc' dir='ltr'><strong>ἂν</strong></span> <span class='ocrx_word' id='word_1_354' title='bbox 2401 1729 2444 1788; x_wconf 80' lang='grc' dir='ltr'>ὦ</span> <span class='ocrx_word' id='word_1_355' title='bbox 2471 1731 2721 1804; x_wconf 82' lang='grc' dir='ltr'>εὑρηκὼς</span> <span class='ocrx_word' id='word_1_356' title='bbox 2761 1729 2920 1801; x_wconf 82' lang='grc' dir='ltr'>χάριν</span> <span class='ocrx_word' id='word_1_357' title='bbox 2947 1727 3185 1780; x_wconf 76' lang='grc' dir='ltr'>ἐναντίον</span> <span class='ocrx_word' id='word_1_358' title='bbox 3222 1742 3348 1787; x_wconf 88' lang='grc' dir='ltr'>σου,</span> <span class='ocrx_word' id='word_1_359' title='bbox 3389 1724 3481 1778; x_wconf 77' lang='grc' dir='ltr'><strong>καὶ</strong></span> <span class='ocrx_word' id='word_1_360' title='bbox 3519 1725 3605 1776; x_wconf 82' lang='grc' dir='ltr'>ἵνα</span> <span class='ocrx_word' id='word_1_361' title='bbox 3651 1722 3767 1791; x_wconf 80' lang='grc' dir='ltr'><strong>γνῶ</strong></span> <span class='ocrx_word' id='word_1_362' title='bbox 3805 1723 3888 1774; x_wconf 77' lang='grc' dir='ltr'>ὅτι</span> 
     </span>
    </p>
   </div>
   <div class='ocr_carea' id='block_1_49' title="bbox 2234 1805 3890 1891">
    <p class='ocr_par' dir='ltr' id='par_1_49' title="bbox 2234 1805 3890 1891">
     <span class='ocr_line' id='line_1_49' title="bbox 2234 1805 3890 1891; baseline -0.01 -9"><span class='ocrx_word' id='word_1_363' title='bbox 2234 1805 2276 1860; x_wconf 74' lang='grc' dir='ltr'>Β</span> <span class='ocrx_word' id='word_1_364' title='bbox 2305 1828 2429 1891; x_wconf 85' lang='grc' dir='ltr'>λαός</span> <span class='ocrx_word' id='word_1_365' title='bbox 2463 1843 2556 1879; x_wconf 89' lang='grc' dir='ltr'><strong>σου</strong></span> <span class='ocrx_word' id='word_1_366' title='bbox 2589 1824 2649 1877; x_wconf 79' lang='grc' dir='ltr'><strong>τὸ</strong></span> <span class='ocrx_word' id='word_1_367' title='bbox 2677 1822 2828 1884; x_wconf 79' lang='grc' dir='ltr'>ἔθνος</span> <span class='ocrx_word' id='word_1_368' title='bbox 2869 1819 3044 1872; x_wconf 78' lang='grc' dir='ltr'>τοῦτο.</span> <span class='ocrx_word' id='word_1_369' title='bbox 3100 1818 3210 1872; x_wconf 81' lang='lat' dir='ltr'><strong>Kal</strong></span> <span class='ocrx_word' id='word_1_370' title='bbox 3253 1817 3423 1884; x_wconf 84' lang='grc' dir='ltr'>λέγει·</span> <span class='ocrx_word' id='word_1_371' title='bbox 3468 1816 3638 1878; x_wconf 75' lang='grc' dir='ltr'>Αὐτὸς</span> <span class='ocrx_word' id='word_1_372' title='bbox 3682 1831 3890 1885; x_wconf 69' lang='grc' dir='ltr'>προπο-</span> 
     </span>
    </p>
   </div>
   <div class='ocr_carea' id='block_1_50' title="bbox 2309 1908 3886 1994">
    <p class='ocr_par' dir='ltr' id='par_1_50' title="bbox 2309 1908 3886 1994">
     <span class='ocr_line' id='line_1_50' title="bbox 2309 1908 3886 1994; baseline -0.008 -19"><span class='ocrx_word' id='word_1_373' title='bbox 2309 1921 2570 1994; x_wconf 85' lang='grc' dir='ltr'>ρεύσομαι</span> <span class='ocrx_word' id='word_1_374' title='bbox 2604 1918 2696 1972; x_wconf 78' lang='grc' dir='ltr'><strong>καὶ</strong></span> <span class='ocrx_word' id='word_1_375' title='bbox 2726 1913 3062 1970; x_wconf 82' lang='grc' dir='ltr'><strong>καταπαύσω</strong></span> <span class='ocrx_word' id='word_1_376' title='bbox 3091 1928 3170 1964; x_wconf 91' lang='grc' dir='ltr'>σε.</span> <span class='ocrx_word' id='word_1_377' title='bbox 3204 1911 3316 1965; x_wconf 78' lang='lat' dir='ltr'><strong>Kal</strong></span> <span class='ocrx_word' id='word_1_378' title='bbox 3353 1909 3499 1978; x_wconf 88' lang='grc' dir='ltr'>λέγει</span> <span class='ocrx_word' id='word_1_379' title='bbox 3530 1910 3668 1979; x_wconf 83' lang='grc' dir='ltr'>πρὸς</span> <span class='ocrx_word' id='word_1_380' title='bbox 3699 1908 3886 1962; x_wconf 64' lang='grc' dir='ltr'>αὐτόν·</span> 
     </span>
    </p>
   </div>
   <div class='ocr_carea' id='block_1_51' title="bbox 2307 2002 3890 2086">
    <p class='ocr_par' dir='ltr' id='par_1_51' title="bbox 2307 2002 3890 2086">
     <span class='ocr_line' id='line_1_51' title="bbox 2307 2002 3890 2086; baseline -0.013 -16"><span class='ocrx_word' id='word_1_381' title='bbox 2307 2018 2369 2070; x_wconf 84' lang='grc' dir='ltr'><strong>Εἰ</strong></span> <span class='ocrx_word' id='word_1_382' title='bbox 2403 2015 2475 2086; x_wconf 84' lang='grc' dir='ltr'><strong>μὴ</strong></span> <span class='ocrx_word' id='word_1_383' title='bbox 2501 2012 2661 2076; x_wconf 83' lang='grc' dir='ltr'>αὐτὸς</span> <span class='ocrx_word' id='word_1_384' title='bbox 2692 2011 2756 2063; x_wconf 76' lang='grc' dir='ltr'><strong>σὺ</strong></span> <span class='ocrx_word' id='word_1_385' title='bbox 2788 2006 3130 2079; x_wconf 83' lang='grc' dir='ltr'>συμπορεύῃ,</span> <span class='ocrx_word' id='word_1_386' title='bbox 3170 2005 3242 2076; x_wconf 77' lang='grc' dir='ltr'><strong>μή</strong></span> <span class='ocrx_word' id='word_1_387' title='bbox 3273 2021 3339 2074; x_wconf 84' lang='grc' dir='ltr'>με</span> <span class='ocrx_word' id='word_1_388' title='bbox 3388 2003 3667 2074; x_wconf 77' lang='grc' dir='ltr'><strong>ἀναγάγῃς</strong></span> <span class='ocrx_word' id='word_1_389' title='bbox 3706 2002 3890 2056; x_wconf 55' lang='lat' dir='ltr'><strong>civ-.25.</strong></span> 
     </span>
    </p>
   </div>
   <div class='ocr_carea' id='block_1_52' title="bbox 2308 2094 3891 2170">
    <p class='ocr_par' dir='ltr' id='par_1_52' title="bbox 2308 2094 3891 2170">
     <span class='ocr_line' id='line_1_52' title="bbox 2308 2094 3891 2170; baseline -0.011 -9"><span class='ocrx_word' id='word_1_390' title='bbox 2308 2109 2418 2162; x_wconf 87' lang='grc' dir='ltr'>θεν.</span> <span class='ocrx_word' id='word_1_391' title='bbox 2455 2105 2566 2159; x_wconf 78' lang='grc' dir='ltr'><strong>Καὶ</strong></span> <span class='ocrx_word' id='word_1_392' title='bbox 2599 2102 2716 2166; x_wconf 85' lang='grc' dir='ltr'>πῶς</span> <span class='ocrx_word' id='word_1_393' title='bbox 2738 2099 2978 2170; x_wconf 82' lang='grc' dir='ltr'>γνωστὸν</span> <span class='ocrx_word' id='word_1_394' title='bbox 3005 2099 3156 2151; x_wconf 78' lang='grc' dir='ltr'>ἔσται</span> <span class='ocrx_word' id='word_1_395' title='bbox 3181 2098 3261 2150; x_wconf 82' lang='grc' dir='ltr'>ὅτι</span> <span class='ocrx_word' id='word_1_396' title='bbox 3289 2096 3500 2167; x_wconf 73' lang='grc' dir='ltr'>εὕρηκα</span> <span class='ocrx_word' id='word_1_397' title='bbox 3545 2095 3707 2165; x_wconf 87' lang='grc' dir='ltr'>χάριν</span> 
     </span>
    </p>
   </div>
   <div class='ocr_carea' id='block_1_53' title="bbox 2310 2187 3889 2266">
    <p class='ocr_par' dir='ltr' id='par_1_53' title="bbox 2310 2187 3889 2266">
     <span class='ocr_line' id='line_1_53' title="bbox 2310 2187 3889 2266; baseline -0.009 -14"><span class='ocrx_word' id='word_1_398' title='bbox 2310 2199 2392 2252; x_wconf 76' lang='grc' dir='ltr'>σοὶ</span> <span class='ocrx_word' id='word_1_399' title='bbox 2419 2196 2530 2266; x_wconf 76' lang='grc' dir='ltr'><strong>ἐγὼ</strong></span> <span class='ocrx_word' id='word_1_400' title='bbox 2563 2196 2659 2249; x_wconf 74' lang='grc' dir='ltr'><strong>καὶ</strong></span> <span class='ocrx_word' id='word_1_401' title='bbox 2699 2197 2725 2246; x_wconf 91' lang='lat'><strong>6</strong></span> <span class='ocrx_word' id='word_1_402' title='bbox 2753 2193 2880 2255; x_wconf 80' lang='grc' dir='ltr'>λαός</span> <span class='ocrx_word' id='word_1_403' title='bbox 2913 2208 3004 2244; x_wconf 86' lang='grc' dir='ltr'><strong>σου</strong></span> <span class='ocrx_word' id='word_1_404' title='bbox 3031 2233 3044 2255; x_wconf 88' lang='grc'>,</span> <span class='ocrx_word' id='word_1_405' title='bbox 3071 2189 3184 2242; x_wconf 81' lang='grc' dir='ltr'>ἀλλ’</span> <span class='ocrx_word' id='word_1_406' title='bbox 3216 2189 3249 2259; x_wconf 76' lang='grc' dir='ltr'><strong>ἢ</strong></span> <span class='ocrx_word' id='word_1_407' title='bbox 3282 2187 3765 2259; x_wconf 84' lang='grc' dir='ltr'>συμπορευομένου</span> <span class='ocrx_word' id='word_1_408' title='bbox 3799 2200 3889 2238; x_wconf 79' lang='grc' dir='ltr'><strong>σου</strong></span> 
     </span>
    </p>
   </div>
   <div class='ocr_carea' id='block_1_54' title="bbox 2312 2276 3892 2363">
    <p class='ocr_par' dir='ltr' id='par_1_54' title="bbox 2312 2276 3892 2363">
     <span class='ocr_line' id='line_1_54' title="bbox 2312 2276 3892 2363; baseline -0.009 -19"><span class='ocrx_word' id='word_1_409' title='bbox 2312 2290 2426 2363; x_wconf 80' lang='grc' dir='ltr'>μεθ’</span> <span class='ocrx_word' id='word_1_410' title='bbox 2457 2287 2647 2360; x_wconf 83' lang='grc' dir='ltr'><strong>ήμῶν;</strong></span> <span class='ocrx_word' id='word_1_411' title='bbox 2680 2285 2774 2339; x_wconf 72' lang='grc' dir='ltr'><strong>καὶ</strong></span> <span class='ocrx_word' id='word_1_412' title='bbox 2807 2279 3309 2353; x_wconf 81' lang='grc' dir='ltr'>ὲνδοξασθησόμεθα</span> <span class='ocrx_word' id='word_1_413' title='bbox 3334 2279 3443 2348; x_wconf 76' lang='grc' dir='ltr'>ἐγώ</span> <span class='ocrx_word' id='word_1_414' title='bbox 3467 2295 3525 2333; x_wconf 89' lang='grc' dir='ltr'><strong>τε</strong></span> <span class='ocrx_word' id='word_1_415' title='bbox 3565 2280 3660 2331; x_wconf 72' lang='grc' dir='ltr'>καὶ</span> <span class='ocrx_word' id='word_1_416' title='bbox 3683 2281 3712 2331; x_wconf 87' lang='grc' dir='ltr'>ὁ</span> <span class='ocrx_word' id='word_1_417' title='bbox 3764 2276 3892 2341; x_wconf 79' lang='grc' dir='ltr'>λαός</span> 
     </span>
    </p>
   </div>
   <div class='ocr_carea' id='block_1_55' title="bbox 2311 2371 3894 2452">
    <p class='ocr_par' dir='ltr' id='par_1_55' title="bbox 2311 2371 3894 2452">
     <span class='ocr_line' id='line_1_55' title="bbox 2311 2371 3894 2452; baseline -0.009 -16"><span class='ocrx_word' id='word_1_418' title='bbox 2311 2401 2403 2436; x_wconf 89' lang='grc' dir='ltr'><strong>σου</strong></span> <span class='ocrx_word' id='word_1_419' title='bbox 2437 2379 2586 2452; x_wconf 85' lang='grc' dir='ltr'><strong>παρά</strong></span> <span class='ocrx_word' id='word_1_420' title='bbox 2619 2379 2796 2432; x_wconf 86' lang='grc' dir='ltr'>πάντα</span> <span class='ocrx_word' id='word_1_421' title='bbox 2826 2375 2898 2429; x_wconf 76' lang='grc' dir='ltr'>τὰ</span> <span class='ocrx_word' id='word_1_422' title='bbox 2929 2374 3078 2442; x_wconf 77' lang='grc' dir='ltr'>ἔθνη,</span> <span class='ocrx_word' id='word_1_423' title='bbox 3105 2374 3206 2427; x_wconf 84' lang='grc' dir='ltr'><strong>ὅσα</strong></span> <span class='ocrx_word' id='word_1_424' title='bbox 3237 2373 3329 2425; x_wconf 80' lang='grc' dir='ltr'>ὲπὶ</span> <span class='ocrx_word' id='word_1_425' title='bbox 3349 2373 3448 2443; x_wconf 80' lang='grc' dir='ltr'>τῆς</span> <span class='ocrx_word' id='word_1_426' title='bbox 3473 2371 3579 2441; x_wconf 76' lang='grc' dir='ltr'>γῆς</span> <span class='ocrx_word' id='word_1_427' title='bbox 3603 2374 3742 2424; x_wconf 84' lang='grc' dir='ltr'>ὲστι.</span> <span class='ocrx_word' id='word_1_428' title='bbox 3786 2371 3894 2422; x_wconf 85' lang='lat' dir='ltr'><strong>Kal</strong></span> 
     </span>
    </p>
   </div>
   <div class='ocr_carea' id='block_1_56' title="bbox 2309 2463 3894 2543">
    <p class='ocr_par' dir='ltr' id='par_1_56' title="bbox 2309 2463 3894 2543">
     <span class='ocr_line' id='line_1_56' title="bbox 2309 2463 3894 2543; baseline -0.009 -15"><span class='ocrx_word' id='word_1_429' title='bbox 2309 2472 2462 2528; x_wconf 82' lang='grc' dir='ltr'>εἶπεν</span> <span class='ocrx_word' id='word_1_430' title='bbox 2484 2475 2512 2526; x_wconf 88' lang='lat'><strong>6</strong></span> <span class='ocrx_word' id='word_1_431' title='bbox 2542 2471 2744 2543; x_wconf 84' lang='grc' dir='ltr'>Κύριος</span> <span class='ocrx_word' id='word_1_432' title='bbox 2772 2470 2908 2542; x_wconf 83' lang='grc' dir='ltr'>πρὸς</span> <span class='ocrx_word' id='word_1_433' title='bbox 2927 2467 3192 2537; x_wconf 83' lang='grc' dir='ltr'>Μωῦσῆν·</span> <span class='ocrx_word' id='word_1_434' title='bbox 3225 2467 3334 2520; x_wconf 86' lang='lat' dir='ltr'><strong>Kal</strong></span> <span class='ocrx_word' id='word_1_435' title='bbox 3365 2465 3453 2518; x_wconf 81' lang='grc' dir='ltr'><strong>τὸν</strong></span> <span class='ocrx_word' id='word_1_436' title='bbox 3473 2464 3629 2532; x_wconf 83' lang='grc' dir='ltr'>λόγον</span> <span class='ocrx_word' id='word_1_437' title='bbox 3661 2480 3743 2516; x_wconf 85' lang='grc' dir='ltr'><strong>σοι</strong></span> <span class='ocrx_word' id='word_1_438' title='bbox 3774 2463 3894 2515; x_wconf 81' lang='grc' dir='ltr'>τοῦ·</span> 
     </span>
    </p>
   </div>
   <div class='ocr_carea' id='block_1_57' title="bbox 2310 2551 3895 2635">
    <p class='ocr_par' dir='ltr' id='par_1_57' title="bbox 2310 2551 3895 2635">
     <span class='ocr_line' id='line_1_57' title="bbox 2310 2551 3895 2635; baseline -0.01 -15"><span class='ocrx_word' id='word_1_439' title='bbox 2310 2585 2422 2630; x_wconf 87' lang='grc' dir='ltr'>τον,</span> <span class='ocrx_word' id='word_1_440' title='bbox 2451 2565 2509 2619; x_wconf 82' lang='grc' dir='ltr'>ὃν</span> <span class='ocrx_word' id='word_1_441' title='bbox 2535 2563 2786 2635; x_wconf 74' lang='grc' dir='ltr'>εἴρηκας,</span> <span class='ocrx_word' id='word_1_442' title='bbox 2813 2561 3022 2631; x_wconf 84' lang='grc' dir='ltr'>ποιήσω</span> <span class='ocrx_word' id='word_1_443' title='bbox 3042 2577 3054 2588; x_wconf 74' lang='grc' dir='ltr'><strong><em>ο</em></strong></span> <span class='ocrx_word' id='word_1_444' title='bbox 3083 2558 3324 2630; x_wconf 76' lang='grc' dir='ltr'>εὕρηκας</span> <span class='ocrx_word' id='word_1_445' title='bbox 3347 2555 3456 2626; x_wconf 82' lang='grc' dir='ltr'>γὰρ</span> <span class='ocrx_word' id='word_1_446' title='bbox 3477 2555 3636 2626; x_wconf 88' lang='grc' dir='ltr'>χάριν</span> <span class='ocrx_word' id='word_1_447' title='bbox 3665 2551 3895 2607; x_wconf 80' lang='grc' dir='ltr'>ἐνώπιόν</span> 
     </span>
    </p>
   </div>
   <div class='ocr_carea' id='block_1_58' title="bbox 2315 2645 3894 2732">
    <p class='ocr_par' dir='ltr' id='par_1_58' title="bbox 2315 2645 3894 2732">
     <span class='ocr_line' id='line_1_58' title="bbox 2315 2645 3894 2732; baseline -0.01 -18"><span class='ocrx_word' id='word_1_448' title='bbox 2315 2677 2438 2732; x_wconf 86' lang='grc' dir='ltr'>μου,</span> <span class='ocrx_word' id='word_1_449' title='bbox 2475 2659 2569 2711; x_wconf 75' lang='grc' dir='ltr'><strong>καὶ</strong></span> <span class='ocrx_word' id='word_1_450' title='bbox 2595 2651 2712 2710; x_wconf 84' lang='grc' dir='ltr'>οἶδά</span> <span class='ocrx_word' id='word_1_451' title='bbox 2741 2672 2798 2707; x_wconf 93' lang='grc' dir='ltr'><strong>σε</strong></span> <span class='ocrx_word' id='word_1_452' title='bbox 2830 2652 2981 2724; x_wconf 73' lang='grc' dir='ltr'>παρὰ</span> <span class='ocrx_word' id='word_1_453' title='bbox 3013 2651 3240 2714; x_wconf 87' lang='grc' dir='ltr'>πάντας,</span> <span class='ocrx_word' id='word_1_454' title='bbox 3268 2649 3362 2703; x_wconf 74' lang='grc' dir='ltr'>καὶ</span> <span class='ocrx_word' id='word_1_455' title='bbox 3392 2648 3535 2717; x_wconf 79' lang='grc' dir='ltr'>ἔχεις</span> <span class='ocrx_word' id='word_1_456' title='bbox 3578 2646 3739 2717; x_wconf 89' lang='grc' dir='ltr'>χάριν</span> <span class='ocrx_word' id='word_1_457' title='bbox 3769 2645 3894 2716; x_wconf 72' lang='grc' dir='ltr'>παρ’</span> 
     </span>
    </p>
   </div>
   <div class='ocr_carea' id='block_1_59' title="bbox 2312 2737 3899 2825">
    <p class='ocr_par' dir='ltr' id='par_1_59' title="bbox 2312 2737 3899 2825">
     <span class='ocr_line' id='line_1_59' title="bbox 2312 2737 3899 2825; baseline -0.011 -17"><span class='ocrx_word' id='word_1_458' title='bbox 2312 2753 2456 2825; x_wconf 84' lang='grc' dir='ltr'>ἐμοί.</span> <span class='ocrx_word' id='word_1_459' title='bbox 2485 2752 2594 2804; x_wconf 88' lang='lat' dir='ltr'><strong>Kal</strong></span> <span class='ocrx_word' id='word_1_460' title='bbox 2622 2745 2773 2802; x_wconf 75' lang='grc' dir='ltr'>εἶπεν</span> <span class='ocrx_word' id='word_1_461' title='bbox 2793 2763 2804 2774; x_wconf 92' lang='grc'><strong>·</strong></span> <span class='ocrx_word' id='word_1_462' title='bbox 2839 2745 3020 2811; x_wconf 81' lang='grc' dir='ltr'>Δεῖξόν</span> <span class='ocrx_word' id='word_1_463' title='bbox 3053 2760 3142 2812; x_wconf 86' lang='grc' dir='ltr'><strong>μοι</strong></span> <span class='ocrx_word' id='word_1_464' title='bbox 3165 2743 3264 2814; x_wconf 79' lang='grc' dir='ltr'><strong>τὴν</strong></span> <span class='ocrx_word' id='word_1_465' title='bbox 3299 2739 3524 2794; x_wconf 79' lang='grc' dir='ltr'>σεαυτοῦ</span> <span class='ocrx_word' id='word_1_466' title='bbox 3559 2737 3739 2805; x_wconf 81' lang='grc' dir='ltr'>δόξαν.</span> <span class='ocrx_word' id='word_1_467' title='bbox 3790 2741 3899 2792; x_wconf 84' lang='lat' dir='ltr'><strong>Kal</strong></span> 
     </span>
    </p>
   </div>
   <div class='ocr_carea' id='block_1_60' title="bbox 2313 2832 3896 2914">
    <p class='ocr_par' dir='ltr' id='par_1_60' title="bbox 2313 2832 3896 2914">
     <span class='ocr_line' id='line_1_60' title="bbox 2313 2832 3896 2914; baseline -0.011 -13"><span class='ocrx_word' id='word_1_468' title='bbox 2313 2843 2485 2902; x_wconf 73' lang='grc' dir='ltr'>εἶπεν·</span> <span class='ocrx_word' id='word_1_469' title='bbox 2523 2842 2663 2912; x_wconf 87' lang='grc' dir='ltr'>Ἐγὼ</span> <span class='ocrx_word' id='word_1_470' title='bbox 2713 2839 3121 2914; x_wconf 79' lang='grc' dir='ltr'>παρελεύσομαι</span> <span class='ocrx_word' id='word_1_471' title='bbox 3168 2835 3428 2908; x_wconf 71' lang='grc' dir='ltr'>πρότερος</span> <span class='ocrx_word' id='word_1_472' title='bbox 3472 2836 3539 2904; x_wconf 78' lang='grc' dir='ltr'>τῇ</span> <span class='ocrx_word' id='word_1_473' title='bbox 3589 2832 3717 2906; x_wconf 75' lang='grc' dir='ltr'><strong>δόξῃ</strong></span> <span class='ocrx_word' id='word_1_474' title='bbox 3770 2849 3896 2904; x_wconf 79' lang='grc' dir='ltr'>μου,</span> 
     </span>
    </p>
   </div>
   <div class='ocr_carea' id='block_1_61' title="bbox 2314 2923 3902 3001">
    <p class='ocr_par' dir='ltr' id='par_1_61' title="bbox 2314 2923 3902 3001">
     <span class='ocr_line' id='line_1_61' title="bbox 2314 2923 3902 3001; baseline -0.011 -8"><span class='ocrx_word' id='word_1_475' title='bbox 2314 2939 2408 2994; x_wconf 74' lang='grc' dir='ltr'>καὶ</span> <span class='ocrx_word' id='word_1_476' title='bbox 2457 2936 2670 2990; x_wconf 83' lang='grc' dir='ltr'>καλέσω</span> <span class='ocrx_word' id='word_1_477' title='bbox 2717 2935 2773 2986; x_wconf 79' lang='grc' dir='ltr'>ὲν</span> <span class='ocrx_word' id='word_1_478' title='bbox 2817 2930 3040 3001; x_wconf 84' lang='grc' dir='ltr'>ὀνόματι</span> <span class='ocrx_word' id='word_1_479' title='bbox 3089 2927 3297 2998; x_wconf 83' lang='grc' dir='ltr'>Κυρίου</span> <span class='ocrx_word' id='word_1_480' title='bbox 3340 2925 3582 2980; x_wconf 87' lang='grc' dir='ltr'>ὲναντίον</span> <span class='ocrx_word' id='word_1_481' title='bbox 3626 2942 3719 2977; x_wconf 89' lang='grc' dir='ltr'><strong>σου</strong></span> <span class='ocrx_word' id='word_1_482' title='bbox 3739 2941 3754 2954; x_wconf 92' lang='grc'><strong>·</strong></span> <span class='ocrx_word' id='word_1_483' title='bbox 3805 2923 3902 2976; x_wconf 79' lang='grc' dir='ltr'>καὶ</span> 
     </span>
    </p>
   </div>
   <div class='ocr_carea' id='block_1_62' title="bbox 2315 3017 3898 3102">
    <p class='ocr_par' dir='ltr' id='par_1_62' title="bbox 2315 3017 3898 3102">
     <span class='ocr_line' id='line_1_62' title="bbox 2315 3017 3898 3102; baseline -0.011 -16"><span class='ocrx_word' id='word_1_484' title='bbox 2315 3031 2545 3102; x_wconf 80' lang='grc' dir='ltr'>ὲλεήσω,</span> <span class='ocrx_word' id='word_1_485' title='bbox 2573 3028 2632 3080; x_wconf 88' lang='grc' dir='ltr'>ὃν</span> <span class='ocrx_word' id='word_1_486' title='bbox 2656 3025 2722 3080; x_wconf 83' lang='grc' dir='ltr'><strong>ἂν</strong></span> <span class='ocrx_word' id='word_1_487' title='bbox 2753 3023 2906 3087; x_wconf 74' lang='grc' dir='ltr'>ἐλεῶ,</span> <span class='ocrx_word' id='word_1_488' title='bbox 2941 3021 3036 3075; x_wconf 73' lang='grc' dir='ltr'>καὶ</span> <span class='ocrx_word' id='word_1_489' title='bbox 3059 3020 3407 3090; x_wconf 75' lang='grc' dir='ltr'>οἰκτειρήσω,</span> <span class='ocrx_word' id='word_1_490' title='bbox 3437 3018 3497 3072; x_wconf 82' lang='grc' dir='ltr'>ὃν</span> <span class='ocrx_word' id='word_1_491' title='bbox 3528 3019 3593 3072; x_wconf 82' lang='grc' dir='ltr'><strong>ἂν</strong></span> <span class='ocrx_word' id='word_1_492' title='bbox 3620 3017 3898 3088; x_wconf 84' lang='grc' dir='ltr'>οἰκτείρω.</span> 
     </span>
    </p>
   </div>
   <div class='ocr_carea' id='block_1_63' title="bbox 623 3110 2216 3205">
    <p class='ocr_par' dir='ltr' id='par_1_63' title="bbox 623 3142 2213 3205">
     <span class='ocr_line' id='line_1_63' title="bbox 623 3142 2213 3205; baseline -0.006 0"><span class='ocrx_word' id='word_1_493' title='bbox 623 3149 763 3205; x_wconf 89' lang='lat' dir='ltr'><strong>mini</strong></span> <span class='ocrx_word' id='word_1_494' title='bbox 787 3162 975 3203; x_wconf 90' lang='lat' dir='ltr'><strong>coram</strong></span> <span class='ocrx_word' id='word_1_495' title='bbox 1008 3155 1100 3201; x_wconf 90' lang='lat' dir='ltr'><strong>te:</strong></span> <span class='ocrx_word' id='word_1_496' title='bbox 1139 3153 1194 3202; x_wconf 90' lang='lat' dir='ltr'><strong>et</strong></span> <span class='ocrx_word' id='word_1_497' title='bbox 1233 3145 1540 3201; x_wconf 86' lang='lat' dir='ltr'><strong>miserebor</strong></span> <span class='ocrx_word' id='word_1_498' title='bbox 1575 3144 1666 3199; x_wconf 90' lang='lat' dir='ltr'><strong>cui</strong></span> <span class='ocrx_word' id='word_1_499' title='bbox 1701 3142 1948 3202; x_wconf 85' lang='lat' dir='ltr'><strong>voluero,</strong></span> <span class='ocrx_word' id='word_1_500' title='bbox 1995 3149 2049 3196; x_wconf 92' lang='lat' dir='ltr'><strong>et</strong></span> <span class='ocrx_word' id='word_1_501' title='bbox 2101 3142 2213 3196; x_wconf 84' lang='lat' dir='ltr'><strong>cle-</strong></span> 
     </span>
    </p>
   </div>
   <div class='ocr_carea' id='block_1_64' title="bbox 2317 3110 3903 3205">
    <p class='ocr_par' dir='ltr' id='par_1_64' title="bbox 2319 3110 3903 3187">
     <span class='ocr_line' id='line_1_64' title="bbox 2319 3110 3903 3187; baseline -0.009 -9"><span class='ocrx_word' id='word_1_502' title='bbox 2319 3125 2431 3179; x_wconf 83' lang='lat' dir='ltr'><strong>Kal</strong></span> <span class='ocrx_word' id='word_1_503' title='bbox 2461 3117 2632 3175; x_wconf 75' lang='grc' dir='ltr'>εῐπεν·</span> <span class='ocrx_word' id='word_1_504' title='bbox 2656 3119 2730 3172; x_wconf 90' lang='grc' dir='ltr'>Ού</span> <span class='ocrx_word' id='word_1_505' title='bbox 2759 3117 2962 3187; x_wconf 83' lang='grc' dir='ltr'><strong>δυνήσῃ</strong></span> <span class='ocrx_word' id='word_1_506' title='bbox 2995 3113 3120 3167; x_wconf 76' lang='grc' dir='ltr'>ἰδεῖν</span> <span class='ocrx_word' id='word_1_507' title='bbox 3144 3111 3205 3164; x_wconf 82' lang='grc' dir='ltr'><strong>τὸ</strong></span> <span class='ocrx_word' id='word_1_508' title='bbox 3229 3110 3519 3182; x_wconf 83' lang='grc' dir='ltr'>πρόσωπόν</span> <span class='ocrx_word' id='word_1_509' title='bbox 3549 3128 3679 3181; x_wconf 88' lang='grc' dir='ltr'>μου·</span> <span class='ocrx_word' id='word_1_510' title='bbox 3709 3111 3774 3164; x_wconf 85' lang='grc' dir='ltr'><strong>ού</strong></span> <span class='ocrx_word' id='word_1_511' title='bbox 3794 3112 3903 3181; x_wconf 74' lang='grc' dir='ltr'><strong>γὰρ</strong></span> 
     </span>
    </p>
   </div>
   <div class='ocr_carea' id='block_1_65' title="bbox 624 3234 2213 3311">
    <p class='ocr_par' dir='ltr' id='par_1_65' title="bbox 624 3234 2213 3311">
     <span class='ocr_line' id='line_1_65' title="bbox 624 3234 2213 3311; baseline -0.008 -12"><span class='ocrx_word' id='word_1_512' title='bbox 624 3259 784 3300; x_wconf 91' lang='lat' dir='ltr'><strong>mens</strong></span> <span class='ocrx_word' id='word_1_513' title='bbox 814 3258 910 3299; x_wconf 92' lang='lat' dir='ltr'><strong>ero</strong></span> <span class='ocrx_word' id='word_1_514' title='bbox 941 3242 997 3297; x_wconf 91' lang='lat' dir='ltr'><strong>in</strong></span> <span class='ocrx_word' id='word_1_515' title='bbox 1020 3255 1184 3311; x_wconf 92' lang='lat' dir='ltr'><strong>quem</strong></span> <span class='ocrx_word' id='word_1_516' title='bbox 1216 3239 1350 3293; x_wconf 88' lang='lat' dir='ltr'><strong>mihi</strong></span> <span class='ocrx_word' id='word_1_517' title='bbox 1386 3239 1674 3308; x_wconf 90' lang='lat' dir='ltr'><strong>placuerit.</strong></span> <span class='ocrx_word' id='word_1_518' title='bbox 1714 3235 2065 3305; x_wconf 81' lang='lat' dir='ltr'><strong>Rursumque</strong></span> <span class='ocrx_word' id='word_1_519' title='bbox 2098 3234 2174 3288; x_wconf 91' lang='lat' dir='ltr'><strong>ait</strong></span> <span class='ocrx_word' id='word_1_520' title='bbox 2200 3253 2213 3288; x_wconf 93' lang='lat'><strong>:</strong></span> 
     </span>
    </p>
   </div>
   <div class='ocr_carea' id='block_1_66' title="bbox 625 3327 2220 3408">
    <p class='ocr_par' dir='ltr' id='par_1_66' title="bbox 625 3327 2220 3408">
     <span class='ocr_line' id='line_1_66' title="bbox 625 3327 2220 3408; baseline -0.008 -16"><span class='ocrx_word' id='word_1_521' title='bbox 625 3337 748 3394; x_wconf 85' lang='lat' dir='ltr'><strong>Non</strong></span> <span class='ocrx_word' id='word_1_522' title='bbox 788 3336 995 3408; x_wconf 87' lang='lat' dir='ltr'><strong>poteris</strong></span> <span class='ocrx_word' id='word_1_523' title='bbox 1035 3332 1223 3388; x_wconf 88' lang='lat' dir='ltr'><strong>videre</strong></span> <span class='ocrx_word' id='word_1_524' title='bbox 1256 3331 1450 3385; x_wconf 80' lang='lat' dir='ltr'><strong>faciem</strong></span> <span class='ocrx_word' id='word_1_525' title='bbox 1480 3344 1658 3385; x_wconf 87' lang='lat' dir='ltr'><strong>meam</strong></span> <span class='ocrx_word' id='word_1_526' title='bbox 1687 3342 1702 3381; x_wconf 89' lang='lat'><strong>:</strong></span> <span class='ocrx_word' id='word_1_527' title='bbox 1740 3343 1848 3383; x_wconf 90' lang='lat' dir='ltr'><strong>non</strong></span> <span class='ocrx_word' id='word_1_528' title='bbox 1883 3327 2029 3382; x_wconf 90' lang='lat' dir='ltr'><strong>enim</strong></span> <span class='ocrx_word' id='word_1_529' title='bbox 2067 3327 2220 3380; x_wconf 88' lang='lat' dir='ltr'><strong>vide-</strong></span> 
     </span>
    </p>
   </div>
   <div class='ocr_carea' id='block_1_67' title="bbox 630 3419 2218 3490">
    <p class='ocr_par' dir='ltr' id='par_1_67' title="bbox 630 3419 2218 3490">
     <span class='ocr_line' id='line_1_67' title="bbox 630 3419 2218 3490; baseline -0.009 -5"><span class='ocrx_word' id='word_1_530' title='bbox 630 3430 714 3485; x_wconf 90' lang='lat' dir='ltr'><strong>bit</strong></span> <span class='ocrx_word' id='word_1_531' title='bbox 746 3443 835 3483; x_wconf 92' lang='lat' dir='ltr'><strong>me</strong></span> <span class='ocrx_word' id='word_1_532' title='bbox 861 3428 1050 3490; x_wconf 88' lang='lat' dir='ltr'><strong>homo,</strong></span> <span class='ocrx_word' id='word_1_533' title='bbox 1082 3432 1137 3479; x_wconf 90' lang='lat' dir='ltr'><strong>et</strong></span> <span class='ocrx_word' id='word_1_534' title='bbox 1174 3423 1340 3478; x_wconf 86' lang='lat' dir='ltr'><strong>vivet.</strong></span> <span class='ocrx_word' id='word_1_535' title='bbox 1394 3419 1460 3474; x_wconf 88' lang='lat' dir='ltr'><strong>Et</strong></span> <span class='ocrx_word' id='word_1_536' title='bbox 1512 3419 1710 3475; x_wconf 88' lang='lat' dir='ltr'><strong>iterum</strong></span> <span class='ocrx_word' id='word_1_537' title='bbox 1741 3438 1756 3474; x_wconf 91' lang='lat'><strong>:</strong></span> <span class='ocrx_word' id='word_1_538' title='bbox 1804 3419 1966 3484; x_wconf 87' lang='lat' dir='ltr'><strong>Ecce,</strong></span> <span class='ocrx_word' id='word_1_539' title='bbox 2021 3419 2218 3488; x_wconf 91' lang='lat' dir='ltr'><strong>inquit,</strong></span> 
     </span>
    </p>
   </div>
   <div class='ocr_carea' id='block_1_68' title="bbox 626 3521 2222 3598">
    <p class='ocr_par' dir='ltr' id='par_1_68' title="bbox 626 3521 2222 3598">
     <span class='ocr_line' id='line_1_68' title="bbox 626 3521 2222 3598; baseline -0.007 -13"><span class='ocrx_word' id='word_1_540' title='bbox 626 3538 714 3585; x_wconf 86' lang='lat' dir='ltr'><strong>est</strong></span> <span class='ocrx_word' id='word_1_541' title='bbox 777 3529 935 3584; x_wconf 88' lang='lat' dir='ltr'><strong>locus</strong></span> <span class='ocrx_word' id='word_1_542' title='bbox 970 3525 1117 3598; x_wconf 87' lang='lat' dir='ltr'><strong>apud</strong></span> <span class='ocrx_word' id='word_1_543' title='bbox 1169 3540 1277 3589; x_wconf 91' lang='lat' dir='ltr'><strong>me,</strong></span> <span class='ocrx_word' id='word_1_544' title='bbox 1310 3531 1364 3580; x_wconf 93' lang='lat' dir='ltr'><strong>et</strong></span> <span class='ocrx_word' id='word_1_545' title='bbox 1395 3521 1571 3578; x_wconf 89' lang='lat' dir='ltr'><strong>stabis</strong></span> <span class='ocrx_word' id='word_1_546' title='bbox 1637 3536 1803 3592; x_wconf 88' lang='lat' dir='ltr'><strong>supra</strong></span> <span class='ocrx_word' id='word_1_547' title='bbox 1858 3529 2112 3592; x_wconf 86' lang='lat' dir='ltr'><strong>petram;</strong></span> <span class='ocrx_word' id='word_1_548' title='bbox 2168 3528 2222 3576; x_wconf 92' lang='lat' dir='ltr'><strong>et</strong></span> 
     </span>
    </p>
   </div>
   <div class='ocr_carea' id='block_1_69' title="bbox 627 3614 2220 3696">
    <p class='ocr_par' dir='ltr' id='par_1_69' title="bbox 627 3614 2220 3696">
     <span class='ocr_line' id='line_1_69' title="bbox 627 3614 2220 3696; baseline -0.008 -17"><span class='ocrx_word' id='word_1_549' title='bbox 627 3631 912 3696; x_wconf 78' lang='lat' dir='ltr'><strong>protegam</strong></span> <span class='ocrx_word' id='word_1_550' title='bbox 976 3619 1204 3675; x_wconf 84' lang='lat' dir='ltr'><strong>dextera</strong></span> <span class='ocrx_word' id='word_1_551' title='bbox 1267 3631 1388 3671; x_wconf 91' lang='lat' dir='ltr'><strong>mea</strong></span> <span class='ocrx_word' id='word_1_552' title='bbox 1420 3655 1435 3681; x_wconf 94' lang='lat'><strong>,</strong></span> <span class='ocrx_word' id='word_1_553' title='bbox 1487 3615 1664 3669; x_wconf 90' lang='lat' dir='ltr'><strong>donec</strong></span> <span class='ocrx_word' id='word_1_554' title='bbox 1725 3621 2045 3668; x_wconf 87' lang='lat' dir='ltr'><strong>transeam:</strong></span> <span class='ocrx_word' id='word_1_555' title='bbox 2111 3614 2220 3668; x_wconf 84' lang='lat' dir='ltr'><strong>tol-</strong></span> 
     </span>
    </p>
   </div>
   <div class='ocr_carea' id='block_1_70' title="bbox 641 3718 2218 3798">
    <p class='ocr_par' dir='ltr' id='par_1_70' title="bbox 641 3718 2218 3798">
     <span class='ocr_line' id='line_1_70' title="bbox 641 3718 2218 3798; baseline -0.004 -17"><span class='ocrx_word' id='word_1_556' title='bbox 641 3729 862 3798; x_wconf 91' lang='lat' dir='ltr'><strong>lamque</strong></span> <span class='ocrx_word' id='word_1_557' title='bbox 889 3737 1113 3777; x_wconf 92' lang='lat' dir='ltr'><strong>manum</strong></span> <span class='ocrx_word' id='word_1_558' title='bbox 1142 3735 1342 3784; x_wconf 89' lang='lat' dir='ltr'><strong>meam,</strong></span> <span class='ocrx_word' id='word_1_559' title='bbox 1374 3728 1427 3773; x_wconf 89' lang='lat' dir='ltr'><strong>et</strong></span> <span class='ocrx_word' id='word_1_560' title='bbox 1469 3718 1683 3773; x_wconf 88' lang='lat' dir='ltr'><strong>videbis</strong></span> <span class='ocrx_word' id='word_1_561' title='bbox 1713 3719 2016 3788; x_wconf 86' lang='lat' dir='ltr'><strong>posteriora</strong></span> <span class='ocrx_word' id='word_1_562' title='bbox 2059 3733 2178 3774; x_wconf 92' lang='lat' dir='ltr'><strong>mea</strong></span> <span class='ocrx_word' id='word_1_563' title='bbox 2205 3739 2218 3774; x_wconf 92' lang='lat'><strong>:</strong></span> 
     </span>
    </p>
   </div>
   <div class='ocr_carea' id='block_1_71' title="bbox 633 3810 2225 3882">
    <p class='ocr_par' dir='ltr' id='par_1_71' title="bbox 633 3810 2225 3882">
     <span class='ocr_line' id='line_1_71' title="bbox 633 3810 2225 3882; baseline -0.007 -8"><span class='ocrx_word' id='word_1_564' title='bbox 633 3819 836 3874; x_wconf 79' lang='lat' dir='ltr'><strong>faciem</strong></span> <span class='ocrx_word' id='word_1_565' title='bbox 873 3822 1058 3871; x_wconf 91' lang='lat' dir='ltr'><strong>autem</strong></span> <span class='ocrx_word' id='word_1_566' title='bbox 1104 3827 1281 3868; x_wconf 90' lang='lat' dir='ltr'><strong>meam</strong></span> <span class='ocrx_word' id='word_1_567' title='bbox 1333 3810 1521 3866; x_wconf 86' lang='lat' dir='ltr'><strong>videre</strong></span> <span class='ocrx_word' id='word_1_568' title='bbox 1573 3825 1684 3865; x_wconf 90' lang='lat' dir='ltr'><strong>non</strong></span> <span class='ocrx_word' id='word_1_569' title='bbox 1730 3812 1940 3882; x_wconf 86' lang='lat' dir='ltr'><strong>poteris</strong></span> <span class='ocrx_word' id='word_1_570' title='bbox 1979 3811 2068 3878; x_wconf 83' lang='grc'><strong>”;</strong></span> <span class='ocrx_word' id='word_1_571' title='bbox 2111 3829 2129 3861; x_wconf 77' lang='grc' dir='ltr'><strong>ι</strong></span> <span class='ocrx_word' id='word_1_572' title='bbox 2169 3818 2225 3864; x_wconf 83' lang='lat' dir='ltr'><strong>et</strong></span> 
     </span>
    </p>
   </div>
   <div class='ocr_carea' id='block_1_72' title="bbox 631 3907 2226 3990">
    <p class='ocr_par' dir='ltr' id='par_1_72' title="bbox 631 3907 2226 3990">
     <span class='ocr_line' id='line_1_72' title="bbox 631 3907 2226 3990; baseline -0.006 -15"><span class='ocrx_word' id='word_1_573' title='bbox 631 3920 872 3990; x_wconf 85' lang='lat' dir='ltr'><strong>reliqua.</strong></span> <span class='ocrx_word' id='word_1_574' title='bbox 930 3914 1142 3982; x_wconf 86' lang='lat' dir='ltr'><strong>Quibus</strong></span> <span class='ocrx_word' id='word_1_575' title='bbox 1205 3911 1394 3968; x_wconf 89' lang='lat' dir='ltr'><strong>addit:</strong></span> <span class='ocrx_word' id='word_1_576' title='bbox 1458 3929 1476 3962; x_wconf 75' lang='grc' dir='ltr'><strong>ι</strong></span> <span class='ocrx_word' id='word_1_577' title='bbox 1549 3907 1797 3981; x_wconf 88' lang='lat' dir='ltr'><strong>Cumque</strong></span> <span class='ocrx_word' id='word_1_578' title='bbox 1850 3909 2226 3968; x_wconf 91' lang='lat' dir='ltr'><strong>descendisset</strong></span> 
     </span>
    </p>
   </div>
   <div class='ocr_carea' id='block_1_73' title="bbox 634 4002 2226 4082">
    <p class='ocr_par' dir='ltr' id='par_1_73' title="bbox 634 4002 2226 4082">
     <span class='ocr_line' id='line_1_73' title="bbox 634 4002 2226 4082; baseline -0.005 -15"><span class='ocrx_word' id='word_1_579' title='bbox 634 4012 902 4068; x_wconf 90' lang='lat' dir='ltr'><strong>Dominus</strong></span> <span class='ocrx_word' id='word_1_580' title='bbox 929 4025 1026 4082; x_wconf 86' lang='lat' dir='ltr'><strong>per</strong></span> <span class='ocrx_word' id='word_1_581' title='bbox 1055 4007 1280 4072; x_wconf 90' lang='lat' dir='ltr'><strong>nubem,</strong></span> <span class='ocrx_word' id='word_1_582' title='bbox 1311 4005 1462 4061; x_wconf 92' lang='lat' dir='ltr'><strong>stetit</strong></span> <span class='ocrx_word' id='word_1_583' title='bbox 1501 4002 1719 4076; x_wconf 77' lang='lat' dir='ltr'><strong>Moyses</strong></span> <span class='ocrx_word' id='word_1_584' title='bbox 1763 4019 1890 4058; x_wconf 93' lang='lat' dir='ltr'><strong>cum</strong></span> <span class='ocrx_word' id='word_1_585' title='bbox 1925 4019 2013 4067; x_wconf 91' lang='lat' dir='ltr'><strong>eo,</strong></span> <span class='ocrx_word' id='word_1_586' title='bbox 2069 4003 2226 4060; x_wconf 82' lang='lat' dir='ltr'><strong>invo-</strong></span> 
     </span>
    </p>
   </div>
   <div class='ocr_carea' id='block_1_74' title="bbox 635 4088 2224 4171">
    <p class='ocr_par' dir='ltr' id='par_1_74' title="bbox 635 4088 2224 4171">
     <span class='ocr_line' id='line_1_74' title="bbox 635 4088 2224 4171; baseline -0.008 -6"><span class='ocrx_word' id='word_1_587' title='bbox 635 4124 771 4166; x_wconf 90' lang='lat' dir='ltr'><strong>cans</strong></span> <span class='ocrx_word' id='word_1_588' title='bbox 811 4122 1014 4163; x_wconf 90' lang='lat' dir='ltr'><strong>nomen</strong></span> <span class='ocrx_word' id='word_1_589' title='bbox 1059 4088 1299 4160; x_wconf 78' lang='lat' dir='ltr'><strong>Domini.</strong></span> <span class='ocrx_word' id='word_1_590' title='bbox 1353 4099 1476 4171; x_wconf 70' lang='lat' dir='ltr'><strong>Quo</strong></span> <span class='ocrx_word' id='word_1_591' title='bbox 1525 4108 1850 4158; x_wconf 87' lang='lat' dir='ltr'><strong>transeunte</strong></span> <span class='ocrx_word' id='word_1_592' title='bbox 1899 4114 2086 4155; x_wconf 87' lang='lat' dir='ltr'><strong>coram</strong></span> <span class='ocrx_word' id='word_1_593' title='bbox 2138 4113 2224 4164; x_wconf 92' lang='lat' dir='ltr'><strong>eo,</strong></span> 
     </span>
    </p>
   </div>
   <div class='ocr_carea' id='block_1_75' title="bbox 639 4191 2229 4260">
    <p class='ocr_par' dir='ltr' id='par_1_75' title="bbox 639 4191 2229 4260">
     <span class='ocr_line' id='line_1_75' title="bbox 639 4191 2229 4260; baseline -0.007 -3"><span class='ocrx_word' id='word_1_594' title='bbox 639 4204 763 4258; x_wconf 89' lang='lat' dir='ltr'><strong>ait:</strong></span> <span class='ocrx_word' id='word_1_595' title='bbox 816 4200 1140 4256; x_wconf 86' lang='lat' dir='ltr'><strong>Dominator</strong></span> <span class='ocrx_word' id='word_1_596' title='bbox 1192 4195 1424 4252; x_wconf 91' lang='lat' dir='ltr'><strong>Domine</strong></span> <span class='ocrx_word' id='word_1_597' title='bbox 1473 4194 1641 4260; x_wconf 90' lang='lat' dir='ltr'><strong>Deus,</strong></span> <span class='ocrx_word' id='word_1_598' title='bbox 1679 4193 1997 4250; x_wconf 89' lang='lat' dir='ltr'><strong>misericors</strong></span> <span class='ocrx_word' id='word_1_599' title='bbox 2030 4201 2084 4247; x_wconf 90' lang='lat' dir='ltr'><strong>et</strong></span> <span class='ocrx_word' id='word_1_600' title='bbox 2115 4191 2229 4246; x_wconf 90' lang='lat' dir='ltr'><strong>cle-</strong></span> 
     </span>
    </p>
   </div>
   <div class='ocr_carea' id='block_1_76' title="bbox 638 4285 2229 4364">
    <p class='ocr_par' dir='ltr' id='par_1_76' title="bbox 638 4285 2229 4364">
     <span class='ocr_line' id='line_1_76' title="bbox 638 4285 2229 4364; baseline -0.008 -14"><span class='ocrx_word' id='word_1_601' title='bbox 638 4310 820 4359; x_wconf 89' lang='lat' dir='ltr'><strong>mens,</strong></span> <span class='ocrx_word' id='word_1_602' title='bbox 855 4293 1072 4364; x_wconf 88' lang='lat' dir='ltr'><strong>patiens</strong></span> <span class='ocrx_word' id='word_1_603' title='bbox 1100 4299 1156 4346; x_wconf 91' lang='lat' dir='ltr'><strong>et</strong></span> <span class='ocrx_word' id='word_1_604' title='bbox 1185 4290 1372 4345; x_wconf 81' lang='lat' dir='ltr'><strong>multa:</strong></span> <span class='ocrx_word' id='word_1_605' title='bbox 1395 4287 1789 4351; x_wconf 89' lang='lat' dir='ltr'><strong>miserationis,</strong></span> <span class='ocrx_word' id='word_1_606' title='bbox 1820 4301 1884 4340; x_wconf 90' lang='lat' dir='ltr'><strong>ac</strong></span> <span class='ocrx_word' id='word_1_607' title='bbox 1911 4301 2101 4352; x_wconf 82' lang='lat' dir='ltr'><strong>verax,</strong></span> <span class='ocrx_word' id='word_1_608' title='bbox 2135 4285 2229 4355; x_wconf 91' lang='lat' dir='ltr'><strong>qui</strong></span> 
     </span>
    </p>
   </div>
   <div class='ocr_carea' id='block_1_77' title="bbox 639 4377 2231 4450">
    <p class='ocr_par' dir='ltr' id='par_1_77' title="bbox 639 4377 2231 4450">
     <span class='ocr_line' id='line_1_77' title="bbox 639 4377 2231 4450; baseline -0.008 -8"><span class='ocrx_word' id='word_1_609' title='bbox 639 4386 895 4443; x_wconf 86' lang='lat' dir='ltr'><strong>custodis</strong></span> <span class='ocrx_word' id='word_1_610' title='bbox 929 4381 1366 4440; x_wconf 83' lang='lat' dir='ltr'><strong>misericordiam</strong></span> <span class='ocrx_word' id='word_1_611' title='bbox 1410 4381 1466 4441; x_wconf 87' lang='lat' dir='ltr'><strong>in</strong></span> <span class='ocrx_word' id='word_1_612' title='bbox 1510 4381 1721 4436; x_wconf 91' lang='lat' dir='ltr'><strong>millia:</strong></span> <span class='ocrx_word' id='word_1_613' title='bbox 1774 4379 1869 4450; x_wconf 91' lang='lat' dir='ltr'><strong>qui</strong></span> <span class='ocrx_word' id='word_1_614' title='bbox 1903 4379 2086 4433; x_wconf 87' lang='lat' dir='ltr'><strong>aufers</strong></span> <span class='ocrx_word' id='word_1_615' title='bbox 2126 4377 2231 4431; x_wconf 88' lang='lat' dir='ltr'><strong>ini-</strong></span> 
     </span>
    </p>
   </div>
   <div class='ocr_carea' id='block_1_78' title="bbox 642 4469 2231 4553">
    <p class='ocr_par' dir='ltr' id='par_1_78' title="bbox 642 4469 2231 4553">
     <span class='ocr_line' id='line_1_78' title="bbox 642 4469 2231 4553; baseline -0.008 -17"><span class='ocrx_word' id='word_1_616' title='bbox 642 4481 934 4553; x_wconf 88' lang='lat' dir='ltr'><strong>quitatem,</strong></span> <span class='ocrx_word' id='word_1_617' title='bbox 966 4487 1021 4533; x_wconf 91' lang='lat' dir='ltr'><strong>et</strong></span> <span class='ocrx_word' id='word_1_618' title='bbox 1041 4475 1274 4539; x_wconf 86' lang='lat' dir='ltr'><strong>scelera,</strong></span> <span class='ocrx_word' id='word_1_619' title='bbox 1303 4481 1467 4544; x_wconf 89' lang='lat' dir='ltr'><strong>atque</strong></span> <span class='ocrx_word' id='word_1_620' title='bbox 1493 4480 1741 4544; x_wconf 89' lang='lat' dir='ltr'><strong>peccata,</strong></span> <span class='ocrx_word' id='word_1_621' title='bbox 1769 4472 2065 4542; x_wconf 90' lang='lat' dir='ltr'><strong>nullusque</strong></span> <span class='ocrx_word' id='word_1_622' title='bbox 2087 4469 2231 4540; x_wconf 91' lang='lat' dir='ltr'><strong>apud</strong></span> 
     </span>
    </p>
   </div>
   <div class='ocr_carea' id='block_1_79' title="bbox 639 4565 2230 4644">
    <p class='ocr_par' dir='ltr' id='par_1_79' title="bbox 639 4565 2230 4644">
     <span class='ocr_line' id='line_1_79' title="bbox 639 4565 2230 4644; baseline -0.008 -15"><span class='ocrx_word' id='word_1_623' title='bbox 639 4581 697 4630; x_wconf 88' lang='lat' dir='ltr'><strong>te</strong></span> <span class='ocrx_word' id='word_1_624' title='bbox 729 4588 826 4644; x_wconf 89' lang='lat' dir='ltr'><strong>per</strong></span> <span class='ocrx_word' id='word_1_625' title='bbox 865 4586 925 4626; x_wconf 91' lang='lat' dir='ltr'><strong>se</strong></span> <span class='ocrx_word' id='word_1_626' title='bbox 953 4570 1222 4625; x_wconf 89' lang='lat' dir='ltr'><strong>innocens</strong></span> <span class='ocrx_word' id='word_1_627' title='bbox 1253 4575 1369 4632; x_wconf 87' lang='lat' dir='ltr'><strong>est;</strong></span> <span class='ocrx_word' id='word_1_628' title='bbox 1402 4565 1499 4636; x_wconf 88' lang='lat' dir='ltr'><strong>qui</strong></span> <span class='ocrx_word' id='word_1_629' title='bbox 1533 4565 1719 4620; x_wconf 90' lang='lat' dir='ltr'><strong>reddis</strong></span> <span class='ocrx_word' id='word_1_630' title='bbox 1753 4565 2098 4634; x_wconf 89' lang='lat' dir='ltr'><strong>iniquitatem</strong></span> <span class='ocrx_word' id='word_1_631' title='bbox 2131 4578 2230 4635; x_wconf 90' lang='lat' dir='ltr'><strong>pa-</strong></span> 
     </span>
    </p>
   </div>
   <div class='ocr_carea' id='block_1_80' title="bbox 642 4658 2229 4732">
    <p class='ocr_par' dir='ltr' id='par_1_80' title="bbox 642 4658 2229 4732">
     <span class='ocr_line' id='line_1_80' title="bbox 642 4658 2229 4732; baseline -0.007 -11"><span class='ocrx_word' id='word_1_632' title='bbox 642 4674 794 4721; x_wconf 89' lang='lat' dir='ltr'><strong>tr‘um</strong></span> <span class='ocrx_word' id='word_1_633' title='bbox 855 4662 983 4720; x_wconf 83' lang='lat' dir='ltr'><strong>filiis</strong></span> <span class='ocrx_word' id='word_1_634' title='bbox 1032 4669 1097 4716; x_wconf 85' lang='lat' dir='ltr'><strong>ac</strong></span> <span class='ocrx_word' id='word_1_635' title='bbox 1153 4659 1446 4732; x_wconf 86' lang='lat' dir='ltr'><strong>nepotibus</strong></span> <span class='ocrx_word' id='word_1_636' title='bbox 1493 4659 1546 4712; x_wconf 91' lang='lat' dir='ltr'><strong>in</strong></span> <span class='ocrx_word' id='word_1_637' title='bbox 1602 4658 1818 4712; x_wconf 90' lang='lat' dir='ltr'><strong>tertiam</strong></span> <span class='ocrx_word' id='word_1_638' title='bbox 1870 4663 1925 4711; x_wconf 94' lang='lat' dir='ltr'><strong>et</strong></span> <span class='ocrx_word' id='word_1_639' title='bbox 1977 4664 2229 4727; x_wconf 87' lang='lat' dir='ltr'><strong>quartam</strong></span> 
     </span>
    </p>
   </div>
   <div class='ocr_carea' id='block_1_81' title="bbox 645 4755 2234 4833">
    <p class='ocr_par' dir='ltr' id='par_1_81' title="bbox 645 4755 2234 4833">
     <span class='ocr_line' id='line_1_81' title="bbox 645 4755 2234 4833; baseline -0.003 -17"><span class='ocrx_word' id='word_1_640' title='bbox 645 4760 987 4833; x_wconf 80' lang='lat' dir='ltr'><strong>progeniem.</strong></span> <span class='ocrx_word' id='word_1_641' title='bbox 1016 4757 1386 4828; x_wconf 83' lang='lat' dir='ltr'><strong>Festinusque</strong></span> <span class='ocrx_word' id='word_1_642' title='bbox 1414 4755 1629 4829; x_wconf 81' lang='lat' dir='ltr'><strong>Moyses</strong></span> <span class='ocrx_word' id='word_1_643' title='bbox 1670 4763 1934 4813; x_wconf 87' lang='lat' dir='ltr'><strong>curvatus</strong></span> <span class='ocrx_word' id='word_1_644' title='bbox 1966 4764 2050 4812; x_wconf 89' lang='lat' dir='ltr'><strong>est</strong></span> <span class='ocrx_word' id='word_1_645' title='bbox 2107 4771 2234 4826; x_wconf 87' lang='lat' dir='ltr'><strong>pro-</strong></span> 
     </span>
    </p>
   </div>
   <div class='ocr_carea' id='block_1_82' title="bbox 645 4847 2232 4920">
    <p class='ocr_par' dir='ltr' id='par_1_82' title="bbox 645 4847 2232 4920">
     <span class='ocr_line' id='line_1_82' title="bbox 645 4847 2232 4920; baseline -0.003 -11"><span class='ocrx_word' id='word_1_646' title='bbox 645 4869 753 4909; x_wconf 90' lang='lat' dir='ltr'><strong>nus</strong></span> <span class='ocrx_word' id='word_1_647' title='bbox 776 4854 831 4907; x_wconf 91' lang='lat' dir='ltr'><strong>in</strong></span> <span class='ocrx_word' id='word_1_648' title='bbox 863 4859 1090 4915; x_wconf 82' lang='lat' dir='ltr'><strong>terram,</strong></span> <span class='ocrx_word' id='word_1_649' title='bbox 1143 4858 1197 4906; x_wconf 89' lang='lat' dir='ltr'><strong>et</strong></span> <span class='ocrx_word' id='word_1_650' title='bbox 1231 4851 1469 4905; x_wconf 85' lang='lat' dir='ltr'><strong>adorans</strong></span> <span class='ocrx_word' id='word_1_651' title='bbox 1521 4850 1638 4905; x_wconf 90' lang='lat' dir='ltr'><strong>ait:</strong></span> <span class='ocrx_word' id='word_1_652' title='bbox 1679 4847 1735 4904; x_wconf 91' lang='lat' dir='ltr'><strong>Si</strong></span> <span class='ocrx_word' id='word_1_653' title='bbox 1776 4850 1962 4904; x_wconf 84' lang='lat' dir='ltr'><strong>inveni</strong></span> <span class='ocrx_word' id='word_1_654' title='bbox 2001 4850 2232 4920; x_wconf 80' lang='lat' dir='ltr'><strong>gratiam</strong></span> 
     </span>
    </p>
   </div>
   <div class='ocr_carea' id='block_1_83' title="bbox 647 4943 2239 5016">
    <p class='ocr_par' dir='ltr' id='par_1_83' title="bbox 647 4943 2239 5016">
     <span class='ocr_line' id='line_1_83' title="bbox 647 4943 2239 5016; baseline -0.004 -14"><span class='ocrx_word' id='word_1_655' title='bbox 647 4947 706 5002; x_wconf 90' lang='lat' dir='ltr'><strong>in</strong></span> <span class='ocrx_word' id='word_1_656' title='bbox 753 4954 1058 5016; x_wconf 88' lang='lat' dir='ltr'><strong>conspectu</strong></span> <span class='ocrx_word' id='word_1_657' title='bbox 1109 4953 1228 5009; x_wconf 93' lang='lat' dir='ltr'><strong>tuo,</strong></span> <span class='ocrx_word' id='word_1_658' title='bbox 1284 4943 1534 5009; x_wconf 86' lang='lat' dir='ltr'><strong>Domine,</strong></span> <span class='ocrx_word' id='word_1_659' title='bbox 1586 4944 1818 4999; x_wconf 89' lang='lat' dir='ltr'><strong>obsecro</strong></span> <span class='ocrx_word' id='word_1_660' title='bbox 1866 4954 1926 4997; x_wconf 92' lang='lat' dir='ltr'><strong>ut</strong></span> <span class='ocrx_word' id='word_1_661' title='bbox 1968 4943 2239 5014; x_wconf 88' lang='lat' dir='ltr'><strong>gradiaris</strong></span> 
     </span>
    </p>
   </div>
   <div class='ocr_carea' id='block_1_84' title="bbox 646 5033 2237 5106">
    <p class='ocr_par' dir='ltr' id='par_1_84' title="bbox 646 5033 2237 5106">
     <span class='ocr_line' id='line_1_84' title="bbox 646 5033 2237 5106; baseline -0.004 -12"><span class='ocrx_word' id='word_1_662' title='bbox 646 5037 943 5096; x_wconf 87' lang='lat' dir='ltr'><strong>nobiscum</strong></span> <span class='ocrx_word' id='word_1_663' title='bbox 1001 5035 1141 5091; x_wconf 89' lang='lat' dir='ltr'><strong>facie</strong></span> <span class='ocrx_word' id='word_1_664' title='bbox 1194 5035 1261 5089; x_wconf 91' lang='lat' dir='ltr'><strong>ad</strong></span> <span class='ocrx_word' id='word_1_665' title='bbox 1299 5033 1492 5090; x_wconf 84' lang='lat' dir='ltr'><strong>faciem</strong></span> <span class='ocrx_word' id='word_1_666' title='bbox 1520 5035 1585 5089; x_wconf 77' lang='lat'><strong>&quot;.</strong></span> <span class='ocrx_word' id='word_1_667' title='bbox 1626 5053 1643 5084; x_wconf 75' lang='grc' dir='ltr'><strong>ι</strong></span> <span class='ocrx_word' id='word_1_668' title='bbox 1699 5033 1914 5106; x_wconf 86' lang='lat' dir='ltr'><strong>Moyses</strong></span> <span class='ocrx_word' id='word_1_669' title='bbox 1959 5048 2084 5088; x_wconf 91' lang='lat' dir='ltr'><strong>cum</strong></span> <span class='ocrx_word' id='word_1_670' title='bbox 2129 5033 2237 5088; x_wconf 85' lang='lat' dir='ltr'><strong>Deo</strong></span> 
     </span>
    </p>
   </div>
   <div class='ocr_carea' id='block_1_85' title="bbox 650 5128 2239 5198">
    <p class='ocr_par' dir='ltr' id='par_1_85' title="bbox 650 5128 2239 5198">
     <span class='ocr_line' id='line_1_85' title="bbox 650 5128 2239 5198; baseline -0.001 -13"><span class='ocrx_word' id='word_1_671' title='bbox 650 5131 957 5186; x_wconf 91' lang='lat' dir='ltr'><strong>collocutus</strong></span> <span class='ocrx_word' id='word_1_672' title='bbox 1015 5129 1294 5184; x_wconf 90' lang='lat' dir='ltr'><strong>inducitur</strong></span> <span class='ocrx_word' id='word_1_673' title='bbox 1343 5145 1404 5184; x_wconf 89' lang='lat' dir='ltr'><strong>ea</strong></span> <span class='ocrx_word' id='word_1_674' title='bbox 1461 5128 1658 5184; x_wconf 84' lang='lat' dir='ltr'><strong>fiducia</strong></span> <span class='ocrx_word' id='word_1_675' title='bbox 1692 5136 1745 5183; x_wconf 89' lang='lat' dir='ltr'><strong>et</strong></span> <span class='ocrx_word' id='word_1_676' title='bbox 1800 5128 2072 5189; x_wconf 86' lang='lat' dir='ltr'><strong>libertate.</strong></span> <span class='ocrx_word' id='word_1_677' title='bbox 2132 5145 2239 5198; x_wconf 89' lang='lat' dir='ltr'><strong>qua</strong></span> 
     </span>
    </p>
   </div>
   <div class='ocr_carea' id='block_1_86' title="bbox 652 5219 2240 5289">
    <p class='ocr_par' dir='ltr' id='par_1_86' title="bbox 652 5219 2240 5289">
     <span class='ocr_line' id='line_1_86' title="bbox 652 5219 2240 5289; baseline -0.003 -11"><span class='ocrx_word' id='word_1_678' title='bbox 652 5229 903 5278; x_wconf 89' lang='lat' dir='ltr'><strong>uteretur</strong></span> <span class='ocrx_word' id='word_1_679' title='bbox 932 5221 1144 5276; x_wconf 90' lang='lat' dir='ltr'><strong>amicus</strong></span> <span class='ocrx_word' id='word_1_680' title='bbox 1179 5236 1303 5274; x_wconf 91' lang='lat' dir='ltr'><strong>cum</strong></span> <span class='ocrx_word' id='word_1_681' title='bbox 1345 5221 1525 5274; x_wconf 89' lang='lat' dir='ltr'><strong>amico</strong></span> <span class='ocrx_word' id='word_1_682' title='bbox 1558 5219 1943 5274; x_wconf 87' lang='lat' dir='ltr'><strong>confabulans.</strong></span> <span class='ocrx_word' id='word_1_683' title='bbox 2001 5221 2240 5289; x_wconf 85' lang='lat' dir='ltr'><strong>Apparet</strong></span> 
     </span>
    </p>
   </div>
   <div class='ocr_carea' id='block_1_87' title="bbox 655 5311 2244 5383">
    <p class='ocr_par' dir='ltr' id='par_1_87' title="bbox 655 5311 2244 5383">
     <span class='ocr_line' id='line_1_87' title="bbox 655 5311 2244 5383; baseline 0.001 -15"><span class='ocrx_word' id='word_1_684' title='bbox 655 5325 839 5371; x_wconf 90' lang='lat' dir='ltr'><strong>autem</strong></span> <span class='ocrx_word' id='word_1_685' title='bbox 868 5329 936 5369; x_wconf 84' lang='lat' dir='ltr'><strong>ex</strong></span> <span class='ocrx_word' id='word_1_686' title='bbox 966 5313 1091 5369; x_wconf 90' lang='lat' dir='ltr'><strong>istis</strong></span> <span class='ocrx_word' id='word_1_687' title='bbox 1118 5329 1227 5368; x_wconf 87' lang='lat' dir='ltr'><strong>non</strong></span> <span class='ocrx_word' id='word_1_688' title='bbox 1255 5311 1544 5382; x_wconf 72' lang='lat' dir='ltr'><strong>Propheta:</strong></span> <span class='ocrx_word' id='word_1_689' title='bbox 1577 5327 1943 5382; x_wconf 86' lang='lat' dir='ltr'><strong>progressus;</strong></span> <span class='ocrx_word' id='word_1_690' title='bbox 1973 5313 2068 5367; x_wconf 91' lang='lat' dir='ltr'><strong>sed</strong></span> <span class='ocrx_word' id='word_1_691' title='bbox 2101 5324 2244 5383; x_wconf 84' lang='lat' dir='ltr'><strong>post-</strong></span> 
     </span>
    </p>
   </div>
   <div class='ocr_carea' id='block_1_88' title="bbox 656 5411 2243 5486">
    <p class='ocr_par' dir='ltr' id='par_1_88' title="bbox 656 5411 2243 5486">
     <span class='ocr_line' id='line_1_88' title="bbox 656 5411 2243 5486; baseline 0.001 -17"><span class='ocrx_word' id='word_1_692' title='bbox 656 5431 822 5486; x_wconf 90' lang='lat' dir='ltr'><strong>quam</strong></span> <span class='ocrx_word' id='word_1_693' title='bbox 854 5415 1179 5485; x_wconf 92' lang='lat' dir='ltr'><strong>loquebatur</strong></span> <span class='ocrx_word' id='word_1_694' title='bbox 1205 5413 1256 5468; x_wconf 93' lang='lat' dir='ltr'><strong>ei</strong></span> <span class='ocrx_word' id='word_1_695' title='bbox 1286 5412 1549 5468; x_wconf 90' lang='lat' dir='ltr'><strong>Dominus</strong></span> <span class='ocrx_word' id='word_1_696' title='bbox 1590 5412 1731 5468; x_wconf 88' lang='lat' dir='ltr'><strong>facie</strong></span> <span class='ocrx_word' id='word_1_697' title='bbox 1757 5411 1825 5467; x_wconf 86' lang='lat' dir='ltr'><strong>ad</strong></span> <span class='ocrx_word' id='word_1_698' title='bbox 1881 5411 2100 5477; x_wconf 89' lang='lat' dir='ltr'><strong>faciem,</strong></span> <span class='ocrx_word' id='word_1_699' title='bbox 2132 5430 2243 5470; x_wconf 88' lang='lat' dir='ltr'><strong>non</strong></span> 
     </span>
    </p>
   </div>
   <div class='ocr_carea' id='block_1_89' title="bbox 656 5505 2246 5578">
    <p class='ocr_par' dir='ltr' id='par_1_89' title="bbox 656 5505 2246 5578">
     <span class='ocr_line' id='line_1_89' title="bbox 656 5505 2246 5578; baseline -0.001 -15"><span class='ocrx_word' id='word_1_700' title='bbox 656 5519 841 5564; x_wconf 89' lang='lat' dir='ltr'><strong>tamen</strong></span> <span class='ocrx_word' id='word_1_701' title='bbox 876 5521 1118 5578; x_wconf 89' lang='lat' dir='ltr'><strong>unquam</strong></span> <span class='ocrx_word' id='word_1_702' title='bbox 1164 5506 1319 5562; x_wconf 83' lang='lat' dir='ltr'><strong>visus</strong></span> <span class='ocrx_word' id='word_1_703' title='bbox 1370 5513 1455 5560; x_wconf 89' lang='lat' dir='ltr'><strong>est</strong></span> <span class='ocrx_word' id='word_1_704' title='bbox 1502 5506 1553 5561; x_wconf 91' lang='lat' dir='ltr'><strong>ei</strong></span> <span class='ocrx_word' id='word_1_705' title='bbox 1602 5506 1749 5560; x_wconf 88' lang='lat' dir='ltr'><strong>sicut</strong></span> <span class='ocrx_word' id='word_1_706' title='bbox 1797 5505 2132 5572; x_wconf 83' lang='lat' dir='ltr'><strong>Abrahamo,</strong></span> <span class='ocrx_word' id='word_1_707' title='bbox 2191 5518 2246 5562; x_wconf 87' lang='lat' dir='ltr'><strong>et</strong></span> 
     </span>
    </p>
   </div>
   <div class='ocr_carea' id='block_1_90' title="bbox 658 5605 2241 5677">
    <p class='ocr_par' dir='ltr' id='par_1_90' title="bbox 658 5605 2241 5677">
     <span class='ocr_line' id='line_1_90' title="bbox 658 5605 2241 5677; baseline -0.003 -12"><span class='ocrx_word' id='word_1_708' title='bbox 658 5610 850 5665; x_wconf 87' lang='lat' dir='ltr'><strong>lsaaco</strong></span> <span class='ocrx_word' id='word_1_709' title='bbox 878 5616 934 5664; x_wconf 90' lang='lat' dir='ltr'><strong>et</strong></span> <span class='ocrx_word' id='word_1_710' title='bbox 963 5607 1192 5663; x_wconf 68' lang='lat' dir='ltr'><strong>Iacobo.</strong></span> <span class='ocrx_word' id='word_1_711' title='bbox 1226 5606 1400 5677; x_wconf 86' lang='lat' dir='ltr'><strong>Cujus</strong></span> <span class='ocrx_word' id='word_1_712' title='bbox 1449 5605 1618 5677; x_wconf 79' lang='lat' dir='ltr'><strong>igitur</strong></span> <span class='ocrx_word' id='word_1_713' title='bbox 1648 5605 1880 5677; x_wconf 91' lang='lat' dir='ltr'><strong>gratiam</strong></span> <span class='ocrx_word' id='word_1_714' title='bbox 1918 5607 2123 5675; x_wconf 81' lang='lat' dir='ltr'><strong>expetit</strong></span> <span class='ocrx_word' id='word_1_715' title='bbox 2158 5607 2241 5660; x_wconf 90' lang='lat' dir='ltr'><strong>di-</strong></span> 
     </span>
    </p>
   </div>
   <div class='ocr_carea' id='block_1_91' title="bbox 655 5698 2241 5792">
    <p class='ocr_par' dir='ltr' id='par_1_91' title="bbox 655 5698 2241 5792">
     <span class='ocr_line' id='line_1_91' title="bbox 655 5698 2241 5792; baseline -0.006 -32"><span class='ocrx_word' id='word_1_716' title='bbox 655 5718 796 5792; x_wconf 34' lang='lat' dir='ltr'><strong>‘cens</strong></span> <span class='ocrx_word' id='word_1_717' title='bbox 849 5719 863 5756; x_wconf 90' lang='lat'><strong>:</strong></span> <span class='ocrx_word' id='word_1_718' title='bbox 924 5699 1063 5754; x_wconf 67' lang='lat' dir='ltr'><strong>&quot;Si</strong></span> <span class='ocrx_word' id='word_1_719' title='bbox 1125 5700 1309 5756; x_wconf 84' lang='lat' dir='ltr'><strong>inveni</strong></span> <span class='ocrx_word' id='word_1_720' title='bbox 1369 5699 1602 5772; x_wconf 86' lang='lat' dir='ltr'><strong>gratiam</strong></span> <span class='ocrx_word' id='word_1_721' title='bbox 1657 5698 1711 5752; x_wconf 92' lang='lat' dir='ltr'><strong>in</strong></span> <span class='ocrx_word' id='word_1_722' title='bbox 1766 5705 2063 5768; x_wconf 88' lang='lat' dir='ltr'><strong>conspectu</strong></span> <span class='ocrx_word' id='word_1_723' title='bbox 2128 5708 2241 5763; x_wconf 87' lang='lat' dir='ltr'><strong>tuo,</strong></span> 
     </span>
    </p>
   </div>
   <div class='ocr_carea' id='block_1_92' title="bbox 654 5810 2176 5898">
    <p class='ocr_par' dir='ltr' id='par_1_92' title="bbox 654 5810 2176 5898">
     <span class='ocr_line' id='line_1_92' title="bbox 654 5810 2176 5898; baseline -0.004 -26"><span class='ocrx_word' id='word_1_724' title='bbox 654 5877 676 5898; x_wconf 39' lang='grc' dir='ltr'><em>Α</em></span> <span class='ocrx_word' id='word_1_725' title='bbox 723 5819 782 5895; x_wconf 33' lang='grc'><strong>,³³</strong></span> <span class='ocrx_word' id='word_1_726' title='bbox 819 5815 993 5898; x_wconf 80' lang='lat' dir='ltr'><strong>Exod.</strong></span> <span class='ocrx_word' id='word_1_727' title='bbox 1028 5817 1241 5886; x_wconf 43' lang='lat' dir='ltr'><strong>xxxmz,</strong></span> <span class='ocrx_word' id='word_1_728' title='bbox 1277 5814 1433 5870; x_wconf 76' lang='lat'><strong>9-23.</strong></span> <span class='ocrx_word' id='word_1_729' title='bbox 1513 5814 1560 5846; x_wconf 80' lang='lat'>“</span> <span class='ocrx_word' id='word_1_730' title='bbox 1599 5810 1772 5868; x_wconf 88' lang='lat' dir='ltr'><strong>Exod.</strong></span> <span class='ocrx_word' id='word_1_731' title='bbox 1818 5828 2019 5872; x_wconf 75' lang='lat' dir='ltr'><strong>xxxiv.</strong></span> <span class='ocrx_word' id='word_1_732' title='bbox 2056 5811 2176 5868; x_wconf 50' lang='lat'><strong>5-9.</strong></span> 
     </span>
    </p>
   </div>
   <div class='ocr_carea' id='block_1_93' title="bbox 2322 3202 3907 3288">
    <p class='ocr_par' dir='ltr' id='par_1_93' title="bbox 2322 3202 3907 3288">
     <span class='ocr_line' id='line_1_93' title="bbox 2322 3202 3907 3288; baseline -0.017 -19"><span class='ocrx_word' id='word_1_733' title='bbox 2322 3216 2393 3288; x_wconf 84' lang='grc' dir='ltr'><strong>μὴ</strong></span> <span class='ocrx_word' id='word_1_734' title='bbox 2421 3215 2506 3287; x_wconf 80' lang='grc' dir='ltr'><strong>ἴδῃ</strong></span> <span class='ocrx_word' id='word_1_735' title='bbox 2522 3213 2583 3266; x_wconf 86' lang='grc' dir='ltr'><strong>τὸ</strong></span> <span class='ocrx_word' id='word_1_736' title='bbox 2599 3209 2889 3283; x_wconf 84' lang='grc' dir='ltr'>πρόσωπόν</span> <span class='ocrx_word' id='word_1_737' title='bbox 2915 3223 3012 3277; x_wconf 82' lang='grc' dir='ltr'>μου</span> <span class='ocrx_word' id='word_1_738' title='bbox 3031 3204 3317 3275; x_wconf 78' lang='grc' dir='ltr'>ἄνθρωπος</span> <span class='ocrx_word' id='word_1_739' title='bbox 3353 3203 3423 3273; x_wconf 89' lang='lat' dir='ltr'><strong>(f.</strong></span> <span class='ocrx_word' id='word_1_740' title='bbox 3452 3204 3517 3258; x_wconf 91' lang='grc'><strong>10</strong></span> <span class='ocrx_word' id='word_1_741' title='bbox 3537 3204 3618 3272; x_wconf 80' lang='grc' dir='ltr'><strong>νο)</strong></span> <span class='ocrx_word' id='word_1_742' title='bbox 3642 3204 3736 3256; x_wconf 73' lang='grc' dir='ltr'>καὶ</span> <span class='ocrx_word' id='word_1_743' title='bbox 3752 3202 3907 3274; x_wconf 44' lang='lat' dir='ltr'><strong>ﬂag.</strong></span> 
     </span>
    </p>
   </div>
   <div class='ocr_carea' id='block_1_94' title="bbox 2316 3295 3907 3372">
    <p class='ocr_par' dir='ltr' id='par_1_94' title="bbox 2316 3295 3907 3372">
     <span class='ocr_line' id='line_1_94' title="bbox 2316 3295 3907 3372; baseline -0.008 -13"><span class='ocrx_word' id='word_1_744' title='bbox 2316 3325 2425 3359; x_wconf 86' lang='grc' dir='ltr'>ται.</span> <span class='ocrx_word' id='word_1_745' title='bbox 2479 3304 2589 3358; x_wconf 88' lang='lat' dir='ltr'><strong>Kal</strong></span> <span class='ocrx_word' id='word_1_746' title='bbox 2627 3299 2748 3356; x_wconf 88' lang='grc' dir='ltr'>εἷπε</span> <span class='ocrx_word' id='word_1_747' title='bbox 2793 3301 3017 3372; x_wconf 81' lang='grc' dir='ltr'>Κύριος·</span> <span class='ocrx_word' id='word_1_748' title='bbox 3056 3299 3208 3362; x_wconf 82' lang='grc' dir='ltr'>Ἰδοὺ,</span> <span class='ocrx_word' id='word_1_749' title='bbox 3237 3299 3401 3360; x_wconf 85' lang='grc' dir='ltr'>τόπος</span> <span class='ocrx_word' id='word_1_750' title='bbox 3443 3295 3572 3368; x_wconf 85' lang='grc' dir='ltr'>παρ’</span> <span class='ocrx_word' id='word_1_751' title='bbox 3603 3295 3757 3365; x_wconf 73' lang='grc' dir='ltr'>ἐμοὶ,</span> <span class='ocrx_word' id='word_1_752' title='bbox 3811 3295 3907 3347; x_wconf 82' lang='grc' dir='ltr'>καὶ</span> 
     </span>
    </p>
   </div>
   <div class='ocr_carea' id='block_1_95' title="bbox 2322 3387 3909 3469">
    <p class='ocr_par' dir='ltr' id='par_1_95' title="bbox 2322 3387 3909 3469">
     <span class='ocr_line' id='line_1_95' title="bbox 2322 3387 3909 3469; baseline -0.008 -18"><span class='ocrx_word' id='word_1_753' title='bbox 2322 3401 2492 3469; x_wconf 78' lang='grc' dir='ltr'>στήσῃ</span> <span class='ocrx_word' id='word_1_754' title='bbox 2522 3396 2614 3448; x_wconf 84' lang='grc' dir='ltr'><strong>ὲπὶ</strong></span> <span class='ocrx_word' id='word_1_755' title='bbox 2637 3397 2737 3466; x_wconf 81' lang='grc' dir='ltr'>τῆς</span> <span class='ocrx_word' id='word_1_756' title='bbox 2767 3393 2990 3461; x_wconf 85' lang='grc' dir='ltr'>πέτρας·</span> <span class='ocrx_word' id='word_1_757' title='bbox 3017 3392 3108 3445; x_wconf 85' lang='lat' dir='ltr'><strong>xal</strong></span> <span class='ocrx_word' id='word_1_758' title='bbox 3129 3389 3389 3444; x_wconf 86' lang='grc' dir='ltr'>σκεπάσω</span> <span class='ocrx_word' id='word_1_759' title='bbox 3411 3392 3479 3460; x_wconf 76' lang='grc' dir='ltr'>τῇ</span> <span class='ocrx_word' id='word_1_760' title='bbox 3508 3389 3651 3459; x_wconf 91' lang='grc' dir='ltr'>χειρί</span> <span class='ocrx_word' id='word_1_761' title='bbox 3684 3405 3789 3458; x_wconf 85' lang='grc' dir='ltr'><strong>μου</strong></span> <span class='ocrx_word' id='word_1_762' title='bbox 3815 3387 3909 3439; x_wconf 77' lang='grc' dir='ltr'><strong>ἐπὶ</strong></span> 
     </span>
    </p>
   </div>
   <div class='ocr_carea' id='block_1_96' title="bbox 2323 3480 3905 3556">
    <p class='ocr_par' dir='ltr' id='par_1_96' title="bbox 2323 3480 3905 3556">
     <span class='ocr_line' id='line_1_96' title="bbox 2323 3480 3905 3556; baseline -0.006 -15"><span class='ocrx_word' id='word_1_763' title='bbox 2323 3489 2403 3552; x_wconf 83' lang='grc' dir='ltr'><strong>σὲ,</strong></span> <span class='ocrx_word' id='word_1_764' title='bbox 2453 3488 2558 3550; x_wconf 77' lang='grc' dir='ltr'>ἓως</span> <span class='ocrx_word' id='word_1_765' title='bbox 2588 3485 2654 3540; x_wconf 86' lang='grc' dir='ltr'>ἂν</span> <span class='ocrx_word' id='word_1_766' title='bbox 2696 3484 2966 3556; x_wconf 87' lang='grc' dir='ltr'>παρέλθω.</span> <span class='ocrx_word' id='word_1_767' title='bbox 3003 3483 3112 3538; x_wconf 86' lang='lat' dir='ltr'><strong>Kal</strong></span> <span class='ocrx_word' id='word_1_768' title='bbox 3166 3480 3350 3553; x_wconf 82' lang='grc' dir='ltr'>άφελῶ</span> <span class='ocrx_word' id='word_1_769' title='bbox 3399 3481 3497 3552; x_wconf 83' lang='grc' dir='ltr'>τὴν</span> <span class='ocrx_word' id='word_1_770' title='bbox 3554 3480 3714 3552; x_wconf 86' lang='grc' dir='ltr'>χεῖρά</span> <span class='ocrx_word' id='word_1_771' title='bbox 3767 3496 3905 3550; x_wconf 81' lang='grc' dir='ltr'>μου.</span> 
     </span>
    </p>
   </div>
   <div class='ocr_carea' id='block_1_97' title="bbox 2322 3573 3911 3649">
    <p class='ocr_par' dir='ltr' id='par_1_97' title="bbox 2322 3573 3911 3649">
     <span class='ocr_line' id='line_1_97' title="bbox 2322 3573 3911 3649; baseline -0.006 -15"><span class='ocrx_word' id='word_1_772' title='bbox 2322 3581 2418 3634; x_wconf 75' lang='lat' dir='ltr'><strong>xal</strong></span> <span class='ocrx_word' id='word_1_773' title='bbox 2443 3579 2562 3632; x_wconf 86' lang='grc' dir='ltr'>τότε</span> <span class='ocrx_word' id='word_1_774' title='bbox 2587 3577 2692 3649; x_wconf 68' lang='grc' dir='ltr'><strong>ὄψῃ</strong></span> <span class='ocrx_word' id='word_1_775' title='bbox 2729 3577 2798 3630; x_wconf 78' lang='grc' dir='ltr'><strong>τά</strong></span> <span class='ocrx_word' id='word_1_776' title='bbox 2827 3577 3001 3630; x_wconf 86' lang='grc' dir='ltr'>ὀπίσω</span> <span class='ocrx_word' id='word_1_777' title='bbox 3034 3593 3133 3646; x_wconf 87' lang='grc' dir='ltr'>μου</span> <span class='ocrx_word' id='word_1_778' title='bbox 3151 3593 3163 3605; x_wconf 91' lang='grc'><strong>·</strong></span> <span class='ocrx_word' id='word_1_779' title='bbox 3184 3573 3247 3628; x_wconf 80' lang='grc' dir='ltr'>τὸ</span> <span class='ocrx_word' id='word_1_780' title='bbox 3274 3574 3331 3628; x_wconf 80' lang='grc' dir='ltr'>δὲ</span> <span class='ocrx_word' id='word_1_781' title='bbox 3362 3573 3654 3646; x_wconf 78' lang='grc' dir='ltr'>πρόσωπόν</span> <span class='ocrx_word' id='word_1_782' title='bbox 3679 3588 3783 3642; x_wconf 84' lang='grc' dir='ltr'><strong>μου</strong></span> <span class='ocrx_word' id='word_1_783' title='bbox 3809 3573 3911 3624; x_wconf 77' lang='grc' dir='ltr'><strong>οὐκ</strong></span> 
     </span>
    </p>
   </div>
   <div class='ocr_carea' id='block_1_98' title="bbox 2323 3659 3912 3743">
    <p class='ocr_par' dir='ltr' id='par_1_98' title="bbox 2323 3659 3912 3743">
     <span class='ocr_line' id='line_1_98' title="bbox 2323 3659 3912 3743; baseline -0.005 -18"><span class='ocrx_word' id='word_1_784' title='bbox 2323 3670 2619 3743; x_wconf 79' lang='grc' dir='ltr'>ὀφθήσεταί</span> <span class='ocrx_word' id='word_1_785' title='bbox 2681 3687 2783 3734; x_wconf 91' lang='grc' dir='ltr'>σοι,</span> <span class='ocrx_word' id='word_1_786' title='bbox 2823 3689 2840 3720; x_wconf 77' lang='grc' dir='ltr'><strong>ι</strong></span> <span class='ocrx_word' id='word_1_787' title='bbox 2874 3669 2967 3722; x_wconf 74' lang='grc' dir='ltr'><strong>καὶ</strong></span> <span class='ocrx_word' id='word_1_788' title='bbox 3010 3668 3079 3721; x_wconf 84' lang='grc' dir='ltr'><strong>τά</strong></span> <span class='ocrx_word' id='word_1_789' title='bbox 3131 3667 3276 3738; x_wconf 78' lang='grc' dir='ltr'>ἑξῆς,</span> <span class='ocrx_word' id='word_1_790' title='bbox 3311 3659 3392 3729; x_wconf 75' lang='grc' dir='ltr'>οἷς</span> <span class='ocrx_word' id='word_1_791' title='bbox 3438 3665 3708 3734; x_wconf 74' lang='grc' dir='ltr'>ἐπιφέρει·</span> <span class='ocrx_word' id='word_1_792' title='bbox 3743 3683 3763 3714; x_wconf 88' lang='grc'><em>‹</em></span> <span class='ocrx_word' id='word_1_793' title='bbox 3801 3664 3912 3723; x_wconf 73' lang='lat' dir='ltr'><strong>Kal</strong></span> 
     </span>
    </p>
   </div>
   <div class='ocr_carea' id='block_1_99' title="bbox 2324 3755 3908 3836">
    <p class='ocr_par' dir='ltr' id='par_1_99' title="bbox 2324 3755 3908 3836">
     <span class='ocr_line' id='line_1_99' title="bbox 2324 3755 3908 3836; baseline -0.006 -19"><span class='ocrx_word' id='word_1_794' title='bbox 2324 3764 2530 3836; x_wconf 77' lang='grc' dir='ltr'>κατέϐη</span> <span class='ocrx_word' id='word_1_795' title='bbox 2577 3762 2780 3835; x_wconf 83' lang='grc' dir='ltr'>Κύριος</span> <span class='ocrx_word' id='word_1_796' title='bbox 2807 3762 2865 3814; x_wconf 83' lang='grc' dir='ltr'>ὲν</span> <span class='ocrx_word' id='word_1_797' title='bbox 2895 3759 3094 3832; x_wconf 78' lang='grc' dir='ltr'>νεφέλῃ</span> <span class='ocrx_word' id='word_1_798' title='bbox 3114 3801 3128 3826; x_wconf 89' lang='grc'><em>,</em></span> <span class='ocrx_word' id='word_1_799' title='bbox 3161 3761 3257 3813; x_wconf 79' lang='grc' dir='ltr'>καὶ</span> <span class='ocrx_word' id='word_1_800' title='bbox 3285 3758 3535 3830; x_wconf 82' lang='grc' dir='ltr'>παρέστη</span> <span class='ocrx_word' id='word_1_801' title='bbox 3564 3755 3715 3827; x_wconf 84' lang='grc' dir='ltr'>αύτῷ</span> <span class='ocrx_word' id='word_1_802' title='bbox 3753 3757 3871 3809; x_wconf 72' lang='grc' dir='ltr'>ἐκεῖ</span> <span class='ocrx_word' id='word_1_803' title='bbox 3892 3772 3908 3786; x_wconf 93' lang='grc'><strong>·</strong></span> 
     </span>
    </p>
   </div>
   <div class='ocr_carea' id='block_1_100' title="bbox 2326 3849 3912 3924">
    <p class='ocr_par' dir='ltr' id='par_1_100' title="bbox 2326 3849 3912 3924">
     <span class='ocr_line' id='line_1_100' title="bbox 2326 3849 3912 3924; baseline -0.006 -14"><span class='ocrx_word' id='word_1_804' title='bbox 2326 3858 2420 3911; x_wconf 77' lang='grc' dir='ltr'><strong>καὶ</strong></span> <span class='ocrx_word' id='word_1_805' title='bbox 2451 3856 2710 3909; x_wconf 80' lang='grc' dir='ltr'>ἐκάλεσεν</span> <span class='ocrx_word' id='word_1_806' title='bbox 2741 3857 2799 3908; x_wconf 82' lang='grc' dir='ltr'>ὲν</span> <span class='ocrx_word' id='word_1_807' title='bbox 2831 3853 3056 3924; x_wconf 83' lang='grc' dir='ltr'>ὀνόματι</span> <span class='ocrx_word' id='word_1_808' title='bbox 3088 3851 3294 3924; x_wconf 81' lang='grc' dir='ltr'>Κυρίου</span> <span class='ocrx_word' id='word_1_809' title='bbox 3315 3868 3326 3881; x_wconf 92' lang='grc'><strong>·</strong></span> <span class='ocrx_word' id='word_1_810' title='bbox 3361 3851 3456 3904; x_wconf 78' lang='grc' dir='ltr'><strong>καὶ</strong></span> <span class='ocrx_word' id='word_1_811' title='bbox 3485 3849 3764 3921; x_wconf 82' lang='grc' dir='ltr'>παρῆλθεν</span> <span class='ocrx_word' id='word_1_812' title='bbox 3796 3849 3912 3902; x_wconf 80' lang='grc' dir='ltr'><strong>Κύ-</strong></span> 
     </span>
    </p>
   </div>
   <div class='ocr_carea' id='block_1_101' title="bbox 2331 3940 3915 4021">
    <p class='ocr_par' dir='ltr' id='par_1_101' title="bbox 2331 3940 3915 4021">
     <span class='ocr_line' id='line_1_101' title="bbox 2331 3940 3915 4021; baseline -0.004 -19"><span class='ocrx_word' id='word_1_813' title='bbox 2331 3966 2443 4021; x_wconf 89' lang='grc' dir='ltr'>ριος</span> <span class='ocrx_word' id='word_1_814' title='bbox 2492 3948 2598 4020; x_wconf 81' lang='grc' dir='ltr'><strong>πρὸ</strong></span> <span class='ocrx_word' id='word_1_815' title='bbox 2649 3945 2940 4018; x_wconf 83' lang='grc' dir='ltr'>προσώπου</span> <span class='ocrx_word' id='word_1_816' title='bbox 2995 3944 3195 4011; x_wconf 81' lang='grc' dir='ltr'>αὐτοῦ,</span> <span class='ocrx_word' id='word_1_817' title='bbox 3251 3945 3345 3997; x_wconf 81' lang='grc' dir='ltr'><strong>καὶ</strong></span> <span class='ocrx_word' id='word_1_818' title='bbox 3394 3944 3652 3998; x_wconf 80' lang='grc' dir='ltr'>ἐκάλεσε·</span> <span class='ocrx_word' id='word_1_819' title='bbox 3704 3940 3915 4012; x_wconf 76' lang='grc' dir='ltr'>Κύριος</span> 
     </span>
    </p>
   </div>
   <div class='ocr_carea' id='block_1_102' title="bbox 2328 4025 3917 4110">
    <p class='ocr_par' dir='ltr' id='par_1_102' title="bbox 2328 4025 3917 4110">
     <span class='ocr_line' id='line_1_102' title="bbox 2328 4025 3917 4110; baseline -0.006 -17"><span class='ocrx_word' id='word_1_820' title='bbox 2328 4039 2530 4110; x_wconf 87' lang='grc' dir='ltr'>Κύριος</span> <span class='ocrx_word' id='word_1_821' title='bbox 2562 4039 2590 4090; x_wconf 91' lang='lat'><strong>6</strong></span> <span class='ocrx_word' id='word_1_822' title='bbox 2619 4037 2752 4100; x_wconf 82' lang='grc' dir='ltr'>Θεὸς</span> <span class='ocrx_word' id='word_1_823' title='bbox 2787 4035 3087 4107; x_wconf 81' lang='grc' dir='ltr'>οἰκτίρμων</span> <span class='ocrx_word' id='word_1_824' title='bbox 3127 4036 3220 4088; x_wconf 73' lang='grc' dir='ltr'><strong>καὶ</strong></span> <span class='ocrx_word' id='word_1_825' title='bbox 3260 4033 3525 4105; x_wconf 78' lang='grc' dir='ltr'>ἐλεήμων,</span> <span class='ocrx_word' id='word_1_826' title='bbox 3559 4025 3917 4104; x_wconf 75' lang='grc' dir='ltr'>μακροθυμος</span> 
     </span>
    </p>
   </div>
   <div class='ocr_carea' id='block_1_103' title="bbox 2329 4125 3917 4199">
    <p class='ocr_par' dir='ltr' id='par_1_103' title="bbox 2329 4125 3917 4199">
     <span class='ocr_line' id='line_1_103' title="bbox 2329 4125 3917 4199; baseline -0.004 -16"><span class='ocrx_word' id='word_1_827' title='bbox 2329 4131 2424 4183; x_wconf 71' lang='grc' dir='ltr'><strong>καὶ</strong></span> <span class='ocrx_word' id='word_1_828' title='bbox 2448 4129 2731 4191; x_wconf 86' lang='grc' dir='ltr'>πολυέλεος</span> <span class='ocrx_word' id='word_1_829' title='bbox 2755 4129 2846 4182; x_wconf 74' lang='grc' dir='ltr'><strong>καὶ</strong></span> <span class='ocrx_word' id='word_1_830' title='bbox 2869 4127 3119 4199; x_wconf 84' lang='grc' dir='ltr'>ἀληθινὸς</span> <span class='ocrx_word' id='word_1_831' title='bbox 3141 4128 3232 4180; x_wconf 74' lang='grc' dir='ltr'>καὶ</span> <span class='ocrx_word' id='word_1_832' title='bbox 3253 4125 3597 4196; x_wconf 84' lang='grc' dir='ltr'>δικαιοσύνην</span> <span class='ocrx_word' id='word_1_833' title='bbox 3617 4125 3917 4196; x_wconf 81' lang='grc' dir='ltr'>διατηρῶν,</span> 
     </span>
    </p>
   </div>
   <div class='ocr_carea' id='block_1_104' title="bbox 2330 4218 3920 4291">
    <p class='ocr_par' dir='ltr' id='par_1_104' title="bbox 2330 4218 3920 4291">
     <span class='ocr_line' id='line_1_104' title="bbox 2330 4218 3920 4291; baseline -0.004 -16"><span class='ocrx_word' id='word_1_834' title='bbox 2330 4223 2499 4275; x_wconf 82' lang='grc' dir='ltr'>ποιῶν</span> <span class='ocrx_word' id='word_1_835' title='bbox 2529 4221 2676 4284; x_wconf 75' lang='grc' dir='ltr'>ἕλεος</span> <span class='ocrx_word' id='word_1_836' title='bbox 2705 4222 2785 4284; x_wconf 86' lang='grc' dir='ltr'><strong>είς</strong></span> <span class='ocrx_word' id='word_1_837' title='bbox 2814 4220 3058 4291; x_wconf 83' lang='grc' dir='ltr'>χιλιάδας</span> <span class='ocrx_word' id='word_1_838' title='bbox 3079 4261 3093 4283; x_wconf 90' lang='grc'><em>,</em></span> <span class='ocrx_word' id='word_1_839' title='bbox 3135 4218 3384 4290; x_wconf 76' lang='grc' dir='ltr'>ἀφαιρῶν</span> <span class='ocrx_word' id='word_1_840' title='bbox 3414 4219 3644 4289; x_wconf 79' lang='grc' dir='ltr'>ἀνομίας</span> <span class='ocrx_word' id='word_1_841' title='bbox 3671 4218 3768 4271; x_wconf 70' lang='grc' dir='ltr'><strong>καὶ</strong></span> <span class='ocrx_word' id='word_1_842' title='bbox 3801 4218 3920 4272; x_wconf 83' lang='grc' dir='ltr'>ἀδι-</span> 
     </span>
    </p>
   </div>
   <div class='ocr_carea' id='block_1_105' title="bbox 2332 4309 3920 4385">
    <p class='ocr_par' dir='ltr' id='par_1_105' title="bbox 2332 4309 3920 4385">
     <span class='ocr_line' id='line_1_105' title="bbox 2332 4309 3920 4385; baseline -0.003 -17"><span class='ocrx_word' id='word_1_843' title='bbox 2332 4316 2456 4378; x_wconf 83' lang='grc' dir='ltr'>κίας</span> <span class='ocrx_word' id='word_1_844' title='bbox 2483 4315 2578 4368; x_wconf 72' lang='grc' dir='ltr'><strong>καὶ</strong></span> <span class='ocrx_word' id='word_1_845' title='bbox 2625 4313 2899 4385; x_wconf 81' lang='grc' dir='ltr'>ἁμαρτίας</span> <span class='ocrx_word' id='word_1_846' title='bbox 2923 4353 2938 4376; x_wconf 93' lang='grc'>,</span> <span class='ocrx_word' id='word_1_847' title='bbox 2980 4315 3074 4366; x_wconf 75' lang='grc' dir='ltr'>καὶ</span> <span class='ocrx_word' id='word_1_848' title='bbox 3114 4313 3205 4365; x_wconf 83' lang='grc' dir='ltr'><strong>τὸν</strong></span> <span class='ocrx_word' id='word_1_849' title='bbox 3232 4312 3412 4382; x_wconf 75' lang='grc' dir='ltr'>ἔνοχον</span> <span class='ocrx_word' id='word_1_850' title='bbox 3444 4312 3504 4364; x_wconf 88' lang='grc' dir='ltr'><strong>ού</strong></span> <span class='ocrx_word' id='word_1_851' title='bbox 3537 4309 3793 4381; x_wconf 83' lang='grc' dir='ltr'>καθαριεῖ</span> <span class='ocrx_word' id='word_1_852' title='bbox 3816 4312 3920 4363; x_wconf 75' lang='grc' dir='ltr'><strong>ἒπ-</strong></span> 
     </span>
    </p>
   </div>
   <div class='ocr_carea' id='block_1_106' title="bbox 2332 4403 3919 4478">
    <p class='ocr_par' dir='ltr' id='par_1_106' title="bbox 2332 4403 3919 4478">
     <span class='ocr_line' id='line_1_106' title="bbox 2332 4403 3919 4478; baseline -0.004 -16"><span class='ocrx_word' id='word_1_853' title='bbox 2332 4410 2482 4478; x_wconf 87' lang='grc' dir='ltr'>άγων</span> <span class='ocrx_word' id='word_1_854' title='bbox 2511 4408 2741 4478; x_wconf 82' lang='grc' dir='ltr'>ἀνομίας</span> <span class='ocrx_word' id='word_1_855' title='bbox 2761 4406 3015 4477; x_wconf 80' lang='grc' dir='ltr'>πατέρων</span> <span class='ocrx_word' id='word_1_856' title='bbox 3037 4407 3129 4459; x_wconf 74' lang='grc' dir='ltr'>ἐπὶ</span> <span class='ocrx_word' id='word_1_857' title='bbox 3156 4405 3344 4468; x_wconf 80' lang='grc' dir='ltr'>τέκνα,</span> <span class='ocrx_word' id='word_1_858' title='bbox 3372 4403 3466 4456; x_wconf 78' lang='grc' dir='ltr'>καὶ</span> <span class='ocrx_word' id='word_1_859' title='bbox 3493 4403 3586 4456; x_wconf 75' lang='grc' dir='ltr'>ἐπὶ</span> <span class='ocrx_word' id='word_1_860' title='bbox 3615 4403 3790 4457; x_wconf 82' lang='grc' dir='ltr'>τέκνα</span> <span class='ocrx_word' id='word_1_861' title='bbox 3825 4403 3919 4455; x_wconf 56' lang='grc' dir='ltr'>τές</span> 
     </span>
    </p>
   </div>
   <div class='ocr_carea' id='block_1_107' title="bbox 2263 4495 3919 4578">
    <p class='ocr_par' dir='ltr' id='par_1_107' title="bbox 2263 4495 3919 4578">
     <span class='ocr_line' id='line_1_107' title="bbox 2263 4495 3919 4578; baseline -0.002 -24"><span class='ocrx_word' id='word_1_862' title='bbox 2263 4522 2308 4578; x_wconf 68' lang='grc' dir='ltr'><strong>ι)</strong></span> <span class='ocrx_word' id='word_1_863' title='bbox 2336 4519 2499 4565; x_wconf 87' lang='grc' dir='ltr'>κνων,</span> <span class='ocrx_word' id='word_1_864' title='bbox 2531 4501 2623 4554; x_wconf 74' lang='grc' dir='ltr'>ἐπὶ</span> <span class='ocrx_word' id='word_1_865' title='bbox 2653 4501 2844 4572; x_wconf 80' lang='grc' dir='ltr'>τρίτην</span> <span class='ocrx_word' id='word_1_866' title='bbox 2863 4500 2956 4553; x_wconf 75' lang='grc' dir='ltr'><strong>καὶ</strong></span> <span class='ocrx_word' id='word_1_867' title='bbox 2979 4500 3072 4553; x_wconf 74' lang='grc' dir='ltr'>ἐπὶ</span> <span class='ocrx_word' id='word_1_868' title='bbox 3099 4498 3366 4568; x_wconf 85' lang='grc' dir='ltr'>τετάρτην</span> <span class='ocrx_word' id='word_1_869' title='bbox 3383 4497 3596 4565; x_wconf 88' lang='grc' dir='ltr'>γενεάν.</span> <span class='ocrx_word' id='word_1_870' title='bbox 3614 4498 3726 4550; x_wconf 89' lang='lat' dir='ltr'><strong>Kal</strong></span> <span class='ocrx_word' id='word_1_871' title='bbox 3750 4495 3919 4550; x_wconf 83' lang='grc' dir='ltr'>σπεύ-</span> 
     </span>
    </p>
   </div>
   <div class='ocr_carea' id='block_1_108' title="bbox 2340 4588 3922 4661">
    <p class='ocr_par' dir='ltr' id='par_1_108' title="bbox 2340 4588 3922 4661">
     <span class='ocr_line' id='line_1_108' title="bbox 2340 4588 3922 4661; baseline -0.003 -16"><span class='ocrx_word' id='word_1_872' title='bbox 2340 4609 2439 4654; x_wconf 87' lang='grc' dir='ltr'><strong>σας</strong></span> <span class='ocrx_word' id='word_1_873' title='bbox 2467 4591 2707 4661; x_wconf 85' lang='grc' dir='ltr'>Μωῦσῆς</span> <span class='ocrx_word' id='word_1_874' title='bbox 2737 4590 2916 4659; x_wconf 72' lang='grc' dir='ltr'>κύψας</span> <span class='ocrx_word' id='word_1_875' title='bbox 2941 4590 3033 4644; x_wconf 78' lang='grc' dir='ltr'><strong>ἐπὶ</strong></span> <span class='ocrx_word' id='word_1_876' title='bbox 3071 4589 3168 4660; x_wconf 77' lang='grc' dir='ltr'>τὴν</span> <span class='ocrx_word' id='word_1_877' title='bbox 3199 4589 3302 4658; x_wconf 81' lang='grc' dir='ltr'>γῆν</span> <span class='ocrx_word' id='word_1_878' title='bbox 3344 4588 3752 4661; x_wconf 88' lang='grc' dir='ltr'>προσεκύνησεν</span> <span class='ocrx_word' id='word_1_879' title='bbox 3771 4630 3786 4654; x_wconf 89' lang='grc'><em>,</em></span> <span class='ocrx_word' id='word_1_880' title='bbox 3825 4589 3922 4644; x_wconf 75' lang='grc' dir='ltr'>καὶ</span> 
     </span>
    </p>
   </div>
   <div class='ocr_carea' id='block_1_109' title="bbox 2340 4678 3924 4754">
    <p class='ocr_par' dir='ltr' id='par_1_109' title="bbox 2340 4678 3924 4754">
     <span class='ocr_line' id='line_1_109' title="bbox 2340 4678 3924 4754; baseline -0.001 -20"><span class='ocrx_word' id='word_1_881' title='bbox 2340 4678 2493 4735; x_wconf 80' lang='grc' dir='ltr'>εἶπεν</span> <span class='ocrx_word' id='word_1_882' title='bbox 2518 4700 2530 4713; x_wconf 92' lang='grc'><strong>·</strong></span> <span class='ocrx_word' id='word_1_883' title='bbox 2561 4683 2622 4735; x_wconf 79' lang='lat' dir='ltr'><strong>El</strong></span> <span class='ocrx_word' id='word_1_884' title='bbox 2650 4681 2713 4752; x_wconf 82' lang='grc' dir='ltr'>δὴ</span> <span class='ocrx_word' id='word_1_885' title='bbox 2738 4681 2951 4754; x_wconf 77' lang='grc' dir='ltr'>εὕρηκα</span> <span class='ocrx_word' id='word_1_886' title='bbox 2972 4682 3131 4753; x_wconf 89' lang='grc' dir='ltr'>χάριν</span> <span class='ocrx_word' id='word_1_887' title='bbox 3157 4680 3384 4735; x_wconf 78' lang='grc' dir='ltr'>ἐνώπιόν</span> <span class='ocrx_word' id='word_1_888' title='bbox 3417 4698 3530 4743; x_wconf 83' lang='grc' dir='ltr'>σου,</span> <span class='ocrx_word' id='word_1_889' title='bbox 3561 4681 3754 4752; x_wconf 80' lang='grc' dir='ltr'>Κύριε,</span> <span class='ocrx_word' id='word_1_890' title='bbox 3784 4697 3924 4750; x_wconf 79' lang='grc' dir='ltr'>συμ-</span> 
     </span>
    </p>
   </div>
   <div class='ocr_carea' id='block_1_110' title="bbox 2341 4772 3923 4848">
    <p class='ocr_par' dir='ltr' id='par_1_110' title="bbox 2341 4772 3923 4848">
     <span class='ocr_line' id='line_1_110' title="bbox 2341 4772 3923 4848; baseline -0.001 -20"><span class='ocrx_word' id='word_1_891' title='bbox 2341 4774 2637 4848; x_wconf 81' lang='grc' dir='ltr'>πορεύθητι</span> <span class='ocrx_word' id='word_1_892' title='bbox 2662 4775 2778 4847; x_wconf 84' lang='grc' dir='ltr'>μεθ’</span> <span class='ocrx_word' id='word_1_893' title='bbox 2810 4774 2966 4846; x_wconf 81' lang='grc' dir='ltr'><strong>ἡμῶν</strong></span> <span class='ocrx_word' id='word_1_894' title='bbox 2989 4773 3219 4837; x_wconf 79' lang='grc' dir='ltr'>ένώπιος</span> <span class='ocrx_word' id='word_1_895' title='bbox 3249 4775 3484 4845; x_wconf 81' lang='grc' dir='ltr'>ὲνωπίῳ.</span> <span class='ocrx_word' id='word_1_896' title='bbox 3516 4793 3534 4826; x_wconf 67' lang='grc' dir='ltr'><strong>ι</strong></span> <span class='ocrx_word' id='word_1_897' title='bbox 3574 4773 3816 4843; x_wconf 81' lang='grc' dir='ltr'><strong>Μωῦσῆς</strong></span> <span class='ocrx_word' id='word_1_898' title='bbox 3845 4772 3923 4842; x_wconf 84' lang='grc' dir='ltr'>τῷ</span> 
     </span>
    </p>
   </div>
   <div class='ocr_carea' id='block_1_111' title="bbox 2343 4866 3922 4942">
    <p class='ocr_par' dir='ltr' id='par_1_111' title="bbox 2343 4866 3922 4942">
     <span class='ocr_line' id='line_1_111' title="bbox 2343 4866 3922 4942; baseline -0.003 -18"><span class='ocrx_word' id='word_1_899' title='bbox 2343 4871 2462 4941; x_wconf 85' lang='grc' dir='ltr'><strong>Θεῷ</strong></span> <span class='ocrx_word' id='word_1_900' title='bbox 2494 4869 2668 4925; x_wconf 85' lang='grc' dir='ltr'>λαλῶν</span> <span class='ocrx_word' id='word_1_901' title='bbox 2697 4871 3114 4942; x_wconf 87' lang='grc' dir='ltr'>ἀναγέγραπται</span> <span class='ocrx_word' id='word_1_902' title='bbox 3150 4867 3288 4940; x_wconf 78' lang='grc' dir='ltr'>μετὰ</span> <span class='ocrx_word' id='word_1_903' title='bbox 3319 4867 3553 4939; x_wconf 88' lang='grc' dir='ltr'>θάρσους</span> <span class='ocrx_word' id='word_1_904' title='bbox 3581 4866 3676 4919; x_wconf 76' lang='grc' dir='ltr'>καὶ</span> <span class='ocrx_word' id='word_1_905' title='bbox 3707 4868 3922 4936; x_wconf 74' lang='grc' dir='ltr'>παρρη-</span> 
     </span>
    </p>
   </div>
   <div class='ocr_carea' id='block_1_112' title="bbox 2344 4956 3922 5034">
    <p class='ocr_par' dir='ltr' id='par_1_112' title="bbox 2344 4956 3922 5034">
     <span class='ocr_line' id='line_1_112' title="bbox 2344 4956 3922 5034; baseline 0.003 -18"><span class='ocrx_word' id='word_1_906' title='bbox 2344 4964 2466 5028; x_wconf 82' lang='grc' dir='ltr'>σίας</span> <span class='ocrx_word' id='word_1_907' title='bbox 2493 4963 2782 5034; x_wconf 79' lang='grc' dir='ltr'>τοσαύτης,</span> <span class='ocrx_word' id='word_1_908' title='bbox 2815 4962 3006 5016; x_wconf 86' lang='grc' dir='ltr'>ὁποίαν</span> <span class='ocrx_word' id='word_1_909' title='bbox 3033 4961 3231 5030; x_wconf 84' lang='grc' dir='ltr'>ἀγάγοι</span> <span class='ocrx_word' id='word_1_910' title='bbox 3261 4959 3326 5014; x_wconf 81' lang='grc' dir='ltr'><strong>ἂν</strong></span> <span class='ocrx_word' id='word_1_911' title='bbox 3358 4960 3450 5013; x_wconf 76' lang='grc' dir='ltr'>καὶ</span> <span class='ocrx_word' id='word_1_912' title='bbox 3485 4957 3637 5027; x_wconf 81' lang='grc' dir='ltr'>φίλος</span> <span class='ocrx_word' id='word_1_913' title='bbox 3668 4974 3753 5020; x_wconf 81' lang='grc' dir='ltr'><strong>τις</strong></span> <span class='ocrx_word' id='word_1_914' title='bbox 3785 4956 3922 5027; x_wconf 76' lang='grc' dir='ltr'>ἀνὴρ</span> 
     </span>
    </p>
   </div>
   <div class='ocr_carea' id='block_1_113' title="bbox 2340 5051 3924 5128">
    <p class='ocr_par' dir='ltr' id='par_1_113' title="bbox 2340 5051 3924 5128">
     <span class='ocr_line' id='line_1_113' title="bbox 2340 5051 3924 5128; baseline -0.005 -19"><span class='ocrx_word' id='word_1_915' title='bbox 2340 5056 2542 5127; x_wconf 84' lang='grc' dir='ltr'>ὁμιλῶν</span> <span class='ocrx_word' id='word_1_916' title='bbox 2571 5056 2765 5110; x_wconf 82' lang='grc' dir='ltr'>ἑαυτοῦ</span> <span class='ocrx_word' id='word_1_917' title='bbox 2799 5056 2958 5127; x_wconf 81' lang='grc' dir='ltr'>φίλῳ.</span> <span class='ocrx_word' id='word_1_918' title='bbox 2992 5055 3342 5128; x_wconf 80' lang='grc' dir='ltr'>Ἑμφαίνεται</span> <span class='ocrx_word' id='word_1_919' title='bbox 3380 5053 3438 5106; x_wconf 84' lang='grc' dir='ltr'>δὲ</span> <span class='ocrx_word' id='word_1_920' title='bbox 3479 5051 3566 5106; x_wconf 78' lang='grc' dir='ltr'>διὰ</span> <span class='ocrx_word' id='word_1_921' title='bbox 3598 5051 3805 5104; x_wconf 86' lang='grc' dir='ltr'>τούτων</span> <span class='ocrx_word' id='word_1_922' title='bbox 3829 5051 3924 5128; x_wconf 76' lang='grc' dir='ltr'>οὐχ</span> 
     </span>
    </p>
   </div>
   <div class='ocr_carea' id='block_1_114' title="bbox 2343 5122 3923 5220">
    <p class='ocr_par' dir='ltr' id='par_1_114' title="bbox 2343 5122 3923 5220">
     <span class='ocr_line' id='line_1_114' title="bbox 2343 5122 3923 5220; baseline -0.004 -20"><span class='ocrx_word' id='word_1_923' title='bbox 2343 5122 2387 5218; x_wconf 66' lang='grc' dir='ltr'><strong>ὴ⁷</strong></span> <span class='ocrx_word' id='word_1_924' title='bbox 2404 5147 2642 5218; x_wconf 83' lang='grc' dir='ltr'>τυχοῦσα</span> <span class='ocrx_word' id='word_1_925' title='bbox 2684 5147 2778 5202; x_wconf 81' lang='grc' dir='ltr'>τοῦ</span> <span class='ocrx_word' id='word_1_926' title='bbox 2813 5122 3117 5220; x_wconf 32' lang='grc' dir='ltr'>Προφήτου-</span> <span class='ocrx_word' id='word_1_927' title='bbox 3143 5147 3394 5218; x_wconf 87' lang='grc' dir='ltr'>προκοπή</span> <span class='ocrx_word' id='word_1_928' title='bbox 3415 5162 3430 5176; x_wconf 88' lang='grc'><strong>·</strong></span> <span class='ocrx_word' id='word_1_929' title='bbox 3456 5145 3570 5198; x_wconf 82' lang='grc' dir='ltr'>ἀλλ’</span> <span class='ocrx_word' id='word_1_930' title='bbox 3600 5145 3722 5196; x_wconf 74' lang='grc' dir='ltr'>ἐπεὶ</span> <span class='ocrx_word' id='word_1_931' title='bbox 3748 5122 3923 5195; x_wconf 68' lang='grc' dir='ltr'>ἐλάλει</span> 
     </span>
    </p>
   </div>
   <div class='ocr_carea' id='block_1_115' title="bbox 2348 5234 3921 5312">
    <p class='ocr_par' dir='ltr' id='par_1_115' title="bbox 2348 5234 3921 5312">
     <span class='ocr_line' id='line_1_115' title="bbox 2348 5234 3921 5312; baseline -0.006 -18"><span class='ocrx_word' id='word_1_932' title='bbox 2348 5241 2446 5312; x_wconf 77' lang='grc' dir='ltr'>μὲν</span> <span class='ocrx_word' id='word_1_933' title='bbox 2473 5240 2622 5312; x_wconf 87' lang='grc' dir='ltr'>αύτῷ</span> <span class='ocrx_word' id='word_1_934' title='bbox 2652 5243 2855 5312; x_wconf 82' lang='grc' dir='ltr'>Κύριος</span> <span class='ocrx_word' id='word_1_935' title='bbox 2883 5240 3112 5303; x_wconf 79' lang='grc' dir='ltr'>ὲνώπιος</span> <span class='ocrx_word' id='word_1_936' title='bbox 3135 5239 3370 5310; x_wconf 83' lang='grc' dir='ltr'>ὲνωπίῳ,</span> <span class='ocrx_word' id='word_1_937' title='bbox 3400 5238 3460 5291; x_wconf 81' lang='grc' dir='ltr'><strong>ού</strong></span> <span class='ocrx_word' id='word_1_938' title='bbox 3497 5237 3601 5308; x_wconf 83' lang='grc' dir='ltr'><strong>μὴν</strong></span> <span class='ocrx_word' id='word_1_939' title='bbox 3633 5237 3728 5289; x_wconf 78' lang='grc' dir='ltr'>καὶ</span> <span class='ocrx_word' id='word_1_940' title='bbox 3769 5234 3921 5303; x_wconf 77' lang='grc' dir='ltr'>ὤφθη</span> 
     </span>
    </p>
   </div>
   <div class='ocr_carea' id='block_1_116' title="bbox 2350 5326 3922 5405">
    <p class='ocr_par' dir='ltr' id='par_1_116' title="bbox 2350 5326 3922 5405">
     <span class='ocr_line' id='line_1_116' title="bbox 2350 5326 3922 5405; baseline -0.001 -20"><span class='ocrx_word' id='word_1_941' title='bbox 2350 5351 2437 5386; x_wconf 90' lang='grc' dir='ltr'><strong>πω</strong></span> <span class='ocrx_word' id='word_1_942' title='bbox 2459 5333 2606 5404; x_wconf 86' lang='grc' dir='ltr'>αύτῷ</span> <span class='ocrx_word' id='word_1_943' title='bbox 2637 5334 2836 5405; x_wconf 84' lang='grc' dir='ltr'>ὁμοίως</span> <span class='ocrx_word' id='word_1_944' title='bbox 2862 5333 2940 5404; x_wconf 84' lang='grc' dir='ltr'>τῷ</span> <span class='ocrx_word' id='word_1_945' title='bbox 2973 5332 3222 5404; x_wconf 76' lang='grc' dir='ltr'>Ἀϐραὰμ</span> <span class='ocrx_word' id='word_1_946' title='bbox 3247 5331 3342 5385; x_wconf 73' lang='grc' dir='ltr'><strong>καὶ</strong></span> <span class='ocrx_word' id='word_1_947' title='bbox 3374 5331 3559 5384; x_wconf 76' lang='grc' dir='ltr'>Ἰσαάκ</span> <span class='ocrx_word' id='word_1_948' title='bbox 3589 5331 3683 5383; x_wconf 79' lang='grc' dir='ltr'><strong>καί</strong></span> <span class='ocrx_word' id='word_1_949' title='bbox 3706 5326 3922 5384; x_wconf 65' lang='grc' dir='ltr'><strong>’ἰαθεόῶ-</strong></span> 
     </span>
    </p>
   </div>
   <div class='ocr_carea' id='block_1_117' title="bbox 2347 5419 3925 5498">
    <p class='ocr_par' dir='ltr' id='par_1_117' title="bbox 2347 5419 3925 5498">
     <span class='ocr_line' id='line_1_117' title="bbox 2347 5419 3925 5498; baseline -0.005 -19"><span class='ocrx_word' id='word_1_950' title='bbox 2347 5426 2536 5481; x_wconf 85' lang='grc' dir='ltr'>τούτου</span> <span class='ocrx_word' id='word_1_951' title='bbox 2565 5426 2628 5498; x_wconf 82' lang='grc' dir='ltr'>δὴ</span> <span class='ocrx_word' id='word_1_952' title='bbox 2662 5426 2821 5498; x_wconf 87' lang='grc' dir='ltr'>χάριν</span> <span class='ocrx_word' id='word_1_953' title='bbox 2866 5426 3008 5492; x_wconf 81' lang='grc' dir='ltr'>ἀξιοῖ</span> <span class='ocrx_word' id='word_1_954' title='bbox 3049 5424 3244 5494; x_wconf 77' lang='grc' dir='ltr'>λέγων·</span> <span class='ocrx_word' id='word_1_955' title='bbox 3283 5443 3301 5474; x_wconf 72' lang='grc' dir='ltr'><strong>ι</strong></span> <span class='ocrx_word' id='word_1_956' title='bbox 3332 5425 3395 5476; x_wconf 84' lang='grc' dir='ltr'>Εἰ</span> <span class='ocrx_word' id='word_1_957' title='bbox 3425 5423 3490 5494; x_wconf 79' lang='grc' dir='ltr'>δὴ</span> <span class='ocrx_word' id='word_1_958' title='bbox 3528 5421 3738 5493; x_wconf 75' lang='grc' dir='ltr'>εὕρηκα</span> <span class='ocrx_word' id='word_1_959' title='bbox 3767 5419 3925 5492; x_wconf 83' lang='grc' dir='ltr'>χάριν</span> 
     </span>
    </p>
   </div>
   <div class='ocr_carea' id='block_1_118' title="bbox 2349 5513 3926 5591">
    <p class='ocr_par' dir='ltr' id='par_1_118' title="bbox 2349 5513 3926 5591">
     <span class='ocr_line' id='line_1_118' title="bbox 2349 5513 3926 5591; baseline -0.003 -20"><span class='ocrx_word' id='word_1_960' title='bbox 2349 5519 2589 5573; x_wconf 78' lang='grc' dir='ltr'>ἐναντίον</span> <span class='ocrx_word' id='word_1_961' title='bbox 2615 5538 2743 5584; x_wconf 84' lang='grc' dir='ltr'>σου,</span> <span class='ocrx_word' id='word_1_962' title='bbox 2789 5520 3083 5591; x_wconf 74' lang='grc' dir='ltr'>ἐμφάνισόν</span> <span class='ocrx_word' id='word_1_963' title='bbox 3128 5536 3218 5590; x_wconf 85' lang='grc' dir='ltr'><strong>μοι</strong></span> <span class='ocrx_word' id='word_1_964' title='bbox 3263 5518 3508 5582; x_wconf 85' lang='grc' dir='ltr'>σεαυτὸν,</span> <span class='ocrx_word' id='word_1_965' title='bbox 3543 5514 3803 5585; x_wconf 84' lang='grc' dir='ltr'>γνωστῶς</span> <span class='ocrx_word' id='word_1_966' title='bbox 3828 5513 3926 5568; x_wconf 79' lang='grc' dir='ltr'><strong>ῐδω</strong></span> 
     </span>
    </p>
   </div>
   <div class='ocr_carea' id='block_1_119' title="bbox 2352 5606 3923 5685">
    <p class='ocr_par' dir='ltr' id='par_1_119' title="bbox 2352 5606 3923 5685">
     <span class='ocr_line' id='line_1_119' title="bbox 2352 5606 3923 5685; baseline -0.003 -23"><span class='ocrx_word' id='word_1_967' title='bbox 2352 5627 2432 5664; x_wconf 89' lang='grc' dir='ltr'>σε.</span> <span class='ocrx_word' id='word_1_968' title='bbox 2462 5631 2481 5663; x_wconf 69' lang='grc' dir='ltr'><strong>ι</strong></span> <span class='ocrx_word' id='word_1_969' title='bbox 2519 5613 2596 5664; x_wconf 84' lang='grc' dir='ltr'><strong>Δι’</strong></span> <span class='ocrx_word' id='word_1_970' title='bbox 2625 5606 2685 5667; x_wconf 78' lang='grc' dir='ltr'><strong>οὗ</strong></span> <span class='ocrx_word' id='word_1_971' title='bbox 2713 5612 3038 5685; x_wconf 85' lang='grc' dir='ltr'>παρίστησιν</span> <span class='ocrx_word' id='word_1_972' title='bbox 3067 5613 3150 5666; x_wconf 85' lang='grc' dir='ltr'>ὃτι</span> <span class='ocrx_word' id='word_1_973' title='bbox 3187 5611 3259 5682; x_wconf 82' lang='grc' dir='ltr'><strong>μὴ</strong></span> <span class='ocrx_word' id='word_1_974' title='bbox 3291 5610 3490 5681; x_wconf 80' lang='grc' dir='ltr'>ὁμοίως</span> <span class='ocrx_word' id='word_1_975' title='bbox 3518 5609 3596 5680; x_wconf 82' lang='grc' dir='ltr'><strong>τῷ</strong></span> <span class='ocrx_word' id='word_1_976' title='bbox 3619 5607 3799 5662; x_wconf 86' lang='grc' dir='ltr'>λαλεῖν</span> <span class='ocrx_word' id='word_1_977' title='bbox 3828 5606 3923 5661; x_wconf 78' lang='grc' dir='ltr'>αύ-</span> 
     </span>
    </p>
   </div>
   <div class='ocr_carea' id='block_1_120' title="bbox 2350 5701 3922 5778">
    <p class='ocr_par' dir='ltr' id='par_1_120' title="bbox 2350 5701 3922 5778">
     <span class='ocr_line' id='line_1_120' title="bbox 2350 5701 3922 5778; baseline -0.016 -4"><span class='ocrx_word' id='word_1_978' title='bbox 2350 5703 2424 5773; x_wconf 64' lang='grc' dir='ltr'><strong>τῷ</strong></span> <span class='ocrx_word' id='word_1_979' title='bbox 2459 5705 2551 5757; x_wconf 63' lang='grc' dir='ltr'><strong>καὶ</strong></span> <span class='ocrx_word' id='word_1_980' title='bbox 2594 5704 2690 5769; x_wconf 69' lang='grc' dir='ltr'><strong>τὰς</strong></span> <span class='ocrx_word' id='word_1_981' title='bbox 2737 5706 2872 5778; x_wconf 74' lang='grc' dir='ltr'>πρὸς</span> <span class='ocrx_word' id='word_1_982' title='bbox 2915 5707 3074 5760; x_wconf 69' lang='grc' dir='ltr'>αὑτὸν</span> <span class='ocrx_word' id='word_1_983' title='bbox 3106 5707 3422 5776; x_wconf 63' lang='grc' dir='ltr'>ἐπιφανείας</span> <span class='ocrx_word' id='word_1_984' title='bbox 3455 5706 3482 5756; x_wconf 79' lang='grc' dir='ltr'>ὁ</span> <span class='ocrx_word' id='word_1_985' title='bbox 3513 5701 3643 5765; x_wconf 76' lang='grc' dir='ltr'>Θεὸς</span> <span class='ocrx_word' id='word_1_986' title='bbox 3675 5701 3922 5753; x_wconf 71' lang='grc' dir='ltr'>ἐποιεῖτο.</span> 
     </span>
    </p>
   </div>
  </div>
