4114 6472
335 357 474 414 1Ο61

1400 375 1693 432 ΕΩΙιΟϐᾹί
1738 379 2215 439 ΡΒΟΡΠΕΤΙΟΑΞ.
2260 419 2327 426 -
2363 387 2495 442 LIB.
2539 391 2579 444 1.

3472 393 3612 445 1063

341 482 406 534 Et
435 482 563 556 γάρ,
594 485 670 548 ὡς
699 489 968 558 νομίσειεν
991 508 1094 555 τις,
1125 495 1318 547 ταυτόν
1347 499 1460 551 ἐστι
1489 500 1548 552 τὸ
1573 499 1900 572 λελαληκένα

2025 505 2257 562 ostende
2290 509 2423 562 mihi
2477 509 2671 565 faciem
2709 522 2878 578 tuam,
2917 520 2976 567 ut
3012 515 3182 568 sciam
3226 521 3296 568 te.
3341 532 3358 564 )
3400 513 3612 568 Exinde

337 573 492 644 αὐτῷ
515 575 605 629 τὸν
620 576 752 631 Θεὸν
775 598 792 630 ι
813 579 1041 635 ἐνώπιον
1070 584 1284 656 ἐνωπίῳ
1311 610 1329 637 ι
1364 587 1453 658 τῷ·
1469 584 1649 660 ὦφθαι
1665 593 1834 664 αύτῷ,
1851 595 1926 658 ὡς

341 665 412 720 ἂν
438 668 579 721 εἴποι
607 686 710 733 τις,
732 673 1051 742 «πρόσωπον
1083 676 1217 745 πρὸς
1235 679 1545 749 πρόσωπον,
1574 703 1592 733 ι
1611 684 1704 736 καὶ
1726 686 1854 738 ποία
1880 686 1926 739 δ’

329 757 406 811 ’ἂν
450 759 532 812 ἔτι
586 760 740 834 χώρα
784 763 1020 820 λείποιτο
1064 771 1129 840 τῇ
1177 771 1462 846 φασκούσῃ
1505 775 1669 829 αὐτοῦ
1705 776 1926 843 ἀξιώσει

331 853 421 905 τόο
463 871 482 903 ι
516 855 575 906 Εί
625 855 931 929 δὴνεῦρηκα
969 860 1128 932 χάριν
1183 863 1422 918 ἐναντίον
1468 884 1594 932 σου,
1629 871 1926 939 ἐμφάνισόν

335 960 428 1012 μοι
469 945 711 1010 σεαυτὸν,
739 948 996 1014 γνωστῶς
1027 950 1122 1004 ῐδω
1148 969 1238 1020 σε;
1284 975 1302 1008 ι
1339 955 1457 1021 πῶς
1485 958 1562 1022 δὲ,
1595 961 1643 1012 εί
1671 962 1764 1014 καὶ
1790 963 1924 1036 πρό-

329 1053 493 1108 τερον
534 1038 683 1109 αὐτῷ
729 1040 1020 1112 πρόσωπον
1071 1045 1210 1115 πρὸς
1257 1049 1548 1119 πρόσωπον
1598 1053 1674 1116 ὡς
1714 1054 1921 1127 οἰηθείη

334 1126 404 1179 ἄν
457 1145 558 1192 τις,
603 1131 844 1202 ἑωρᾶτο,
898 1135 1148 1207 ἐπιφέρει
1203 1137 1375 1207 λέγων
1420 1142 1570 1212 αὐτῷ
1615 1146 1642 1197 6
1690 1126 1920 1217 Κύριοςέ

339 1219 470 1314 «⁸ού
504 1219 710 1314 δυνήσῃ
745 1222 872 1276 ίδεῖν
913 1225 974 1278 τὸ
1012 1229 1304 1299 πρόσωπόν
1335 1249 1468 1302 μου·
1504 1236 1566 1287 ού
1588 1236 1698 1308 γάρ
1731 1237 1804 1310 μὴ
1840 1240 1924 1314 ἴδῃ

330 1308 396 1360 τὸ
423 1311 714 1382 πρόσωπόν
745 1333 844 1385 μου
868 1317 1152 1390 ἄνθρωπος
1195 1325 1288 1376 καὶ
1320 1322 1579 1396 ζήσεται;
1610 1308 1740 1382 me
1764 1308 1817 1384 τί
1841 1308 1918 1397 δὲ’,

331 1399 540 1469 λεγέτω
561 1405 589 1457 6
616 1403 954 1478 βουλόμενος,
980 1413 1089 1466 οὐδ’
1127 1413 1271 1480 ἅπαξ
1301 1417 1328 1468 6
1355 1416 1512 1486 λόγος
1538 1425 1806 1495 μαρτυρεῖ
1835 1423 1923 1475 λέ-

333 1509 469 1559 γων,
509 1495 590 1547 ὅτι
626 1495 780 1568 ὤφθη
806 1499 953 1572 αὐτῷ
975 1504 1003 1554 6
1035 1503 1257 1575 Κύριος,
1293 1505 1367 1570 ὼς
1391 1509 1481 1561 ἐπὶ
1518 1509 1626 1563 τῶν
1650 1527 1920 1585 πατριαρ-

333 1585 445 1654 χῶν
475 1587 711 1658 εἰρηκὼς
735 1593 1049 1664 τετήρηται’
1089 1596 1224 1650 ἀλλὰ
1249 1597 1357 1670 γάρ
1380 1599 1467 1654 διὰ
1494 1602 1700 1656 τούτων
1729 1605 1924 1677 πρόδη-

332 1677 448 1741 λον,
466 1679 546 1732 ὃτι
571 1683 618 1733 εἰ
645 1682 739 1736 καὶ
761 1682 936 1738 ἐλάλει
958 1687 1106 1758 αὐτῷ
1127 1689 1327 1760 Κύριος
1351 1710 1369 1742 ι
1392 1691 1623 1757 ἐνώπιος
1645 1695 1915 1766 ἐνωπίῳ,›

332 1773 484 1842 ὅμως
514 1773 602 1826 διὰ
638 1775 736 1846 τῆς
778 1778 1004 1848 νεφέλης
1035 1780 1211 1835 ἐλάλει
1251 1783 1431 1855 αὐτῷ’
1468 1785 1623 1839 τοῦτο
1646 1788 1753 1860 γὰρ
1781 1805 1918 1859 προ-

2029 597 2089 650 fit
2131 598 2483 654 manifestum
2517 601 2662 672 quod
2691 618 2799 656 non
2837 604 2980 659 idem
3010 612 3147 671 erat,
3189 620 3314 659 cum
3363 605 3616 674 loquere-

2027 696 2121 743 tur
2150 691 2198 745 ei
2241 689 2522 759 Dominus,
2555 702 2754 750 etcum
2785 696 3142 752 manifestum
3171 698 3257 752 sui
3289 698 3468 754 visum
3499 697 3614 753 eili-

2027 792 2197 839 ceret.
2217 783 2273 838 Si
2292 785 2460 850 enim,
2485 795 2541 841 ut
2571 789 2817 843 nonnulli
2840 791 3156 845 existimare
3180 789 3613 860 possent,collo-

2027 885 2212 932 cutum
2233 877 2402 935 fuisse
2417 895 2540 935 cum
2560 896 2626 935 eo
2640 881 2808 936 Deum
2827 893 3126 954 conspectu
3145 885 3210 940 ad
3230 894 3608 956 conspectum,

2025 964 2166 1020 idem
2187 976 2332 1023 esset
2363 983 2426 1023 ac
2461 972 2638 1025 visum
2662 970 2834 1028 fuisse
2853 974 2926 1038 ei,
2957 983 3014 1027 ut
3040 976 3148 1029 dici
3177 987 3380 1047 posset,
3423 997 3440 1027 ι
3470 975 3612 1031 facie

2025 1057 2092 1110 ad
2112 1055 2327 1126 faciem,
2342 1061 2495 1131 iqu-is
2516 1063 2635 1132 ejus
2664 1067 3020 1134 postulationi
3041 1067 3438 1138 relinqueretur
3455 1071 3609 1124 locus

2025 1148 2300 1206 dicentis:
2344 1169 2363 1203 ι
2417 1153 2474 1208 Si
2515 1155 2696 1210 inveni
2743 1159 2974 1228 gratiam
3027 1160 3082 1213 in
3139 1169 3438 1230 conspectu
3489 1172 3608 1225 tuo,

2023 1241 2252 1296 ostende
2289 1244 2423 1300 mihi
2469 1245 2665 1302 faciem
2709 1256 2879 1312 tuam,
2928 1257 2986 1303 ut
3037 1251 3205 1306 sciam
3259 1261 3312 1307 te
3347 1254 3370 1306 ?
3405 1273 3426 1304 ι
3462 1252 3610 1319 Quo-

2024 1332 2189 1387 modo
2216 1341 2420 1400 autem,
2448 1337 2494 1393 si
2520 1346 2572 1392 et
2604 1340 2759 1409 prius
2783 1342 2834 1407 ei
2861 1340 3001 1397 facie
3028 1344 3094 1396 ad
3125 1343 3341 1408 faciem,
3376 1353 3437 1399 ut
3471 1362 3607 1400 non-

2026 1423 2165 1476 nulli
2194 1435 2474 1494 putarent,
2504 1429 2657 1485 visus
2691 1429 2909 1496 fuisset,
2941 1433 3162 1502 subjicit
3191 1433 3381 1491 dicens
3412 1437 3459 1492 ei
3504 1436 3613 1491 Do-

2027 1513 2249 1574 minus:
2297 1535 2317 1568 ι
2357 1515 2474 1573 Non
2510 1519 2719 1588 poteris
2769 1521 2954 1577 videre
2996 1521 3192 1578 faciem
3228 1540 3441 1580 meam:
3498 1543 3610 1582 non

2023 1605 2169 1660 enim
2198 1607 2404 1663 videbit
2432 1625 2519 1665 me
2559 1610 2724 1666 homo
2755 1619 2810 1667 et
2859 1613 3038 1668 vivet?
3079 1634 3097 1668 ι
3141 1615 3415 1686 Quidquid
3443 1619 3610 1688 objici

2024 1700 2220 1767 possit,
2273 1715 2384 1756 non
2443 1704 2619 1758 semel
2680 1705 2929 1759 narratio
2983 1717 3376 1762 commemorat
3428 1709 3610 1764 visum

2026 1788 2197 1847 fuisse
2230 1793 2280 1848 ei
2312 1793 2630 1860 Dominum,
2665 1803 2723 1850 ut
2753 1797 2821 1852 de
2858 1798 3185 1867 palriarchis
3227 1815 3485 1870 eXpresse
3520 1817 3610 1857 reo

334 1864 664 1962 παρίστησιν
695 1869 727 1938 ή
752 1868 791 1918 Γ
799 1870 940 1941 ραφὴ
975 1869 1225 1940 λέγουσα’
1262 1893 1280 1926 ι
1309 1876 1643 1932 Κατέϐαινεν
1668 1882 1696 1932 ὁ
1722 1857 1907 1945 στῦλος

2022 1881 2216 1938 fertur.
2255 1883 2547 1941 Enimvero
2579 1903 2643 1941 ex
2678 1888 2747 1942 iis
2778 1896 3013 1949 :constat
3059 1890 3226 1960 quod,
3265 1893 3311 1946 si
3354 1892 3606 1962 loquere-

331 1954 433 2026 τῆς
465 1957 694 2031 νεφέλης
726 1961 818 2014 καὶ
841 1963 1032 2016 ἵστατο
1062 1964 1153 2018 ἐπὶ
1201 1966 1307 2019 τῶν
1356 1967 1534 2040 θυρῶν
1561 1971 1658 2042 τῆς
1688 1974 1914 2045 σκηνῆς,

332 2049 428 2100 καὶ
455 2049 631 2104 ἐλάλει
659 2051 737 2122 τῷ
758 2055 1000 2109 Μωῦσεῖ.
1025 2076 1040 2107 ι
1066 2056 1273 2112 Οὐκοῦν
1301 2059 1389 2114 διὰ
1424 2063 1522 2133 τῆς
1545 2064 1774 2137 νεφέλης
1797 2066 1919 2120 ἐλά-

330 2141 436 2205 λει,
461 2145 521 2197 ού
559 2146 664 2217 μήν
697 2149 789 2200 καὶ
832 2149 1032 2218 ὁμοίως
1068 2151 1146 2221 τῷ
1181 2152 1430 2225 Ἀϐραάμ
1463 2155 1496 2227 ἢ
1539 2155 1618 2227 τῷ
1663 2159 1850 2213 Ἰσαὰκ
1880 2161 1912 2232 ἢ

329 2235 410 2305 τῷ
446 2234 640 2289 Ἰακὼϐ
669 2236 823 2311 ὤφθη
858 2240 1009 2312 αὐτῷ
1029 2259 1040 2271 ·
1079 2242 1308 2306 ἐκείνοις
1329 2243 1428 2315 μὲν
1452 2247 1560 2318 γὰρ
1580 2250 1802 2320 γυμνῶς
1823 2252 1916 2305 καὶ

327 2328 544 2400 τρανῶς
572 2329 698 2383 ἄνευ
731 2331 872 2395 τινὸς
899 2333 1072 2396 εἴδους
1103 2334 1288 2403 ὀφθεὶς
1327 2337 1760 2411 ἀναγέγραπται,
1795 2343 1916 2397 τού-

326 2439 408 2491 τῳ
439 2421 494 2474 δὲ
523 2421 614 2476 διὰ
643 2422 738 2476 τοῦ
761 2423 1162 2497 ὀνομαζομένου
1189 2428 1362 2494 εἴδους
1404 2431 1497 2483 καὶ
1525 2432 1625 2504 τῆς
1658 2434 1910 2506 νεφέλης,

323 2516 397 2586 ἢν
449 2518 544 2571 καὶ
604 2516 760 2583 δόξαν
810 2519 1017 2590 Κυρίου
1071 2519 1327 2591 ὀνομάζει
1381 2523 1410 2575 6
1457 2522 1612 2592 λόγος
1666 2526 1908 2595 φάσκων

330 2611 566 2666 «Ἦνίκα
626 2611 683 2665 δὲ
732 2612 910 2667 ἐλάλει
962 2613 1202 2686 Μωῦσῆς
1240 2615 1388 2688 πάσῃ
1442 2623 1732 2692 συναγωγῇ
1781 2621 1912 2676 υίῶν

338 2703 576 2773 Ἰσραὴλ,
607 2704 700 2756 καὶ
728 2705 1150 2777 ἐπεστράφησαν
1176 2709 1256 2772 είς
1279 2710 1380 2781 τὴν
1413 2709 1638 2784 ἔρημον,
1670 2713 1765 2767 καὶ
1802 2714 1910 2769 ίδοὺ

322 2799 358 2866 ἡ
393 2796 522 2862 δόξα
548 2798 751 2869 Κυρίου
783 2795 938 2869 ὤφθη
973 2801 1030 2852 ἐν
1055 2801 1272 2874 νεφέλῃ,
1299 2805 1393 2857 καὶ
1419 2805 1682 2878 ἐλάλησεν
1708 2807 1911 2880 Κύριος

325 2888 465 2959 πρὸς
496 2890 758 2960 Μωῡσῆν.
781 2909 798 2942 ι
817 2891 934 2944 ’Καὶ
966 2891 1128 2945 πάλιν
1151 2909 1163 2921 ·
1202 2913 1220 2945 ι
1245 2895 1434 2968 Ἀνέϐη
1465 2899 1709 2969 Μωῦσῆς
1740 2902 1820 2964 είς
1850 2900 1910 2952 τὸ

325 2983 484 3054 ὅρος’
533 2983 627 3036 καὶ
673 2984 940 3054 ἐκάλυψεν
975 2987 1009 3057 ή
1038 2986 1232 3058 νεφέλη
1268 2987 1329 3040 τὸ
1360 2987 1502 3060 ὅρος.
1552 2993 1662 3045 Kal
1700 2993 1908 3064 κατέϐη

322 3077 357 3143 ή
387 3074 514 3139 δόξα
542 3075 746 3146 Κυρίου
779 3077 872 3128 ἐπὶ
904 3076 1000 3129 τοῦ
1034 3077 1191 3148 ὅρους
1223 3079 1316 3132 καὶ
1344 3080 1610 3152 ἐκάλυψεν
1642 3085 1804 3138 αὐτὸν
1833 3103 1909 3138 νε-

2019 1984 2110 2030 ῑυι·
2143 1977 2193 2032 ei
2230 1976 2496 2033 Dominus
2539 1977 2678 2034 facie
2707 1981 2774 2034 ad
2807 1979 3028 2046 faciem,
3062 1990 3240 2037 tamen
3274 1999 3368 2053 per
3401 1986 3604 2041 nubem

2019 2067 2355 2137 loquebatur
2403 2069 2474 2123 ei.
2532 2067 2646 2124 Hoc
2693 2070 2838 2124 enim
2899 2070 3240 2127 demonstrat
3292 2069 3604 2143 Scriptura,

2017 2175 2144 2213 cum
2176 2159 2347 2216 dicit:
2387 2179 2405 2209 ι
2440 2159 2814 2216 Descendebat
2843 2162 3100 2216 columna
3133 2163 3295 2217 nubis
3334 2171 3389 2218 et
3423 2165 3606 2221 stabat

2017 2253 2084 2306 ad
2115 2253 2314 2308 oetium
2346 2254 2709 2319 tabernaculi,
2739 2260 2793 2309 et
2827 2254 3157 2326 loquebatur
3189 2255 3254 2309 ad
3283 2253 3548 2326 Moysem.
3579 2277 3598 2310 ι

2017 2341 2159 2414 Ergo
2197 2358 2296 2414 per
2327 2344 2529 2400 nubem
2582 2344 2934 2415 loquebatur,
2981 2361 3094 2400 non
3121 2361 3251 2400 vero
3283 2346 3492 2416 pariter
3519 2347 3603 2402 vi-

2017 2450 2113 2491 sus
2147 2443 2232 2492 est
2263 2436 2315 2490 ei
2365 2451 2429 2491 ac
2477 2436 2815 2503 Abrahamo,
2868 2437 2953 2492 vel
2990 2437 3202 2501 lsaaco,
3252 2437 3338 2492 vel
3375 2435 3602 2492 Jacobo.

2016 2524 2127 2580 Illis
2162 2526 2310 2580 enim
2343 2525 2492 2581 nude
2521 2535 2576 2581 et
2604 2526 2897 2582 manifeste
2929 2527 3082 2580 nulla
3113 2517 3217 2581 ειη)
3247 2525 3422 2585 forma
3452 2526 3607 2582 visus

2015 2625 2291 2683 narratur,
2312 2618 2441 2672 huic
2474 2633 2605 2674 vero
2631 2618 2736 2673 sub
2759 2616 2934 2673 forma
2961 2633 3125 2688 quam
3149 2619 3461 2684 retulimus,
3485 2617 3601 2673 for-

2014 2724 2214 2780 maque
2243 2710 2427 2777 nubis,
2458 2725 2622 2780 quam
2666 2711 2903 2781 gloriam
2936 2708 3153 2765 Domini
3187 2711 3473 2782 Scriptura
3505 2725 3605 2766 vo-

2015 2810 2127 2869 cat,
2157 2802 2392 2858 dicens:
2431 2822 2450 2854 ι
2486 2802 2626 2864 Cum
2665 2811 2849 2858 autem
2900 2804 3220 2873 loqueretur
3269 2803 3483 2876 Moyses
3531 2804 3606 2859 ad

2010 2907 2230 2949 omnem
2259 2902 2462 2948 emtum
2495 2891 2732 2948 ﬁliorum
2774 2893 2964 2958 Israel,
3018 2900 3379 2963 respexerunt
3412 2894 3480 2948 ad
3511 2910 3601 2949 so-

2014 2983 2308 3040 litudinem
2334 3003 2347 3038 :
2379 2994 2434 3040 et
2461 2999 2590 3039 ecce
2615 2985 2791 3055 gloria
2812 2983 3028 3037 Domini
3051 2983 3308 3054 apparuit
3331 2983 3386 3038 in
3413 2985 3559 3041 nube
3583 3003 3598 3041 :

2010 3076 2226 3132 locutus
2258 3065 2542 3140 estautem
2572 3076 2836 3131 Dominus
2871 3076 2937 3129 ad
2965 3075 3231 3146 Moysem,
3254 3075 3444 3132 dicens
3464 3077 3539 3144 ";
3575 3097 3594 3129 ι

327 3168 462 3238 φέλη
495 3167 554 3233 ἓξ
586 3167 829 3239 ἡμέραςο
880 3171 974 3222 καὶ
1006 3169 1267 3240 ἐλάλησεν
1301 3170 1374 3241 (f.
1403 3172 1503 3244 H)
1537 3174 1752 3247 Κύριος,
1770 3177 1907 3248 πρὸς

2010 3177 2066 3224 et
2141 3184 2339 3224 rursus
2363 3183 2406 3224 σε
2468 3188 2487 3221 ι
2547 3168 2794 3239 Cumque
2856 3168 3200 3222 ascendisset
3274 3167 3489 3239 Moyses
3543 3169 3600 3224 in

322 3259 564 3328 Μωῦσῆν
595 3261 660 3330 τῇ
689 3259 874 3331 ἡμέρᾳ
901 3264 966 3332 τῇ
990 3261 1201 3334 ’ἐϐδόμῃ
1229 3266 1292 3316 ἐκ
1326 3264 1492 3334 μέσου
1518 3265 1616 3336 τῆς
1653 3266 1900 3339 νεφέλης.

323 3350 399 3404 Τὸ
425 3351 482 3404 δὲ
513 3347 651 3414 εἶδος
679 3352 778 3420 τῆς
807 3352 970 3424 δόξης
1015 3355 1242 3428 Κυρίου,
1271 3356 1400 3410 ὡσεὶ
1444 3356 1556 3429 πῦρ
1585 3357 1781 3427 φλέγον
1814 3359 1904 3412 ἐπὶ

321 3442 422 3512 τῆς
453 3441 700 3513 κορυφῆς
731 3441 825 3504 τοῦ
868 3444 1047 3514 ὅρους.
1079 3467 1097 3498 ι
1136 3447 1330 3517 Σαφῶς
1368 3442 1459 3501 οὗν
1493 3448 1581 3502 διὰ
1609 3449 1814 3502 τούτων
1844 3451 1905 3503 τὸ

323 3533 695 3606 θεωρούμενον
725 3535 804 3606 τῷ
835 3537 1059 3590 Μωῦσεῖ
1105 3536 1322 3606 λέγεται
1370 3533 1508 3592 εἶναι
1541 3539 1640 3592 οὐκ
1683 3540 1851 3604 αὐτὸς
1876 3543 1904 3594 6

321 3627 548 3698 Κύριος,
579 3627 692 3680 ἀλλ’
736 3623 874 3691 εἶδος
907 3630 1134 3702 Κυρίου,
1172 3630 1266 3683 καὶ
1307 3630 1501 3702 νεφέλη
1555 3632 1648 3685 καὶ
1697 3632 1832 3704 πῦρ,
1868 3632 1904 3686 ἃ

323 3721 419 3774 καὶ
458 3720 612 3785 δόξαν
660 3723 865 3794 Κυρίου
917 3721 1170 3792 ὀνομάζει
1203 3723 1231 3775 6
1275 3721 1458 3791 λόγος·
1488 3723 1683 3777 οὐκοῦν
1709 3725 1769 3777 τὸ
1805 3724 1903 3794 μὲν

320 3813 460 3878 εἶδος
492 3814 638 3888 ἐώρα
671 3815 876 3886 Κυρίου
902 3816 996 3868 καὶ
1023 3813 1121 3884 τὴν
1154 3813 1310 3880 δόξαν
1339 3813 1526 3877 αὑτοῦ,
1561 3814 1815 3885 οὐδαμῶς
1845 3815 1902 3868 δὲ

319 3908 482 3962 αὑτὸν
513 3907 603 3961 τὸν
635 3908 856 3980 Κύριον,
893 3907 983 3960 τόν
1037 3923 1095 3960 τε
1147 3905 1472 3977 λαλούμενον
1522 3909 1692 3977 Λόγον
1738 3907 1900 3962 αὐτοῦ

318 4000 414 4053 τοῦ
464 4000 697 4069 Κυρίου·
731 3999 843 4054 ἀλλ’
875 4001 1024 4070 ὅμως
1070 3999 1158 4052 διὰ
1201 3999 1300 4070 τῆς
1339 3999 1568 4071 νεφέλης
1615 4000 1902 4062 λαλοῦντος

318 4093 538 4164 ἤκουεν,
555 4093 636 4146 διὸ
659 4094 890 4164 εἴρηται·
922 4113 938 4143 ι
952 4094 1061 4147 Καὶ
1087 4092 1344 4164 ἐλάλησεν
1359 4092 1562 4164 Κύριος
1583 4093 1719 4164 πρὸς
1740 4095 1902 4147 Μωῡ-

321 4184 421 4254 σῆν
455 4184 682 4249 ἐνώπιος
709 4185 946 4254 ἐνωπίῳ.
974 4204 991 4236 ι
1025 4185 1098 4237 Οὐ
1128 4184 1232 4254 μὴν
1265 4185 1357 4236 καὶ
1392 4183 1546 4254 ῶφθη
1582 4183 1731 4254 αύτῷ
1765 4183 1894 4238 ἐνώ-

318 4292 442 4338 πιος
469 4276 682 4346 ἐνωπίῳ
716 4278 1038 4347 τετήρηταν
1067 4276 1224 4330 τοῦτο
1255 4275 1360 4348 γὰρ
1395 4277 1469 4340 ὡς
1501 4275 1710 4328 οὐδέπω
1739 4291 1898 4344 γεγο-

316 4368 406 4431 νὸς
434 4367 573 4432 άξιοί
603 4368 796 4434 λέγων·
835 4387 854 4419 ιι
877 4368 1202 4438 Ἐμφάνισόν
1239 4385 1328 4439 μοι
1369 4367 1614 4431 σεαυτὸν,
1642 4368 1900 4436 γνωστῶς

318 4456 413 4509 ῖδω
446 4474 525 4512 σε.
559 4479 576 4508 ι
611 4458 719 4511 Kal
766 4459 823 4510 ἐν
858 4458 1028 4530 ἑτέρῳ
1073 4457 1130 4510 δὲ
1175 4458 1325 4528 τόπῳ
1369 4457 1610 4510 διδάσκει
1661 4459 1688 4510 6
1721 4457 1895 4524 λόγος,

2007 3268 2272 3326 montem,
2305 3261 2520 3331 operuit
2551 3261 2724 3316 nubes
2754 3268 3020 3315 montem.
3056 3258 3122 3312 Et
3149 3258 3433 3316 descendit
3482 3260 3600 3330 glo-

2007 3353 2088 3406 ria
2125 3348 2342 3407 Domini
2373 3367 2540 3422 super
2594 3360 2856 3415 montem,
2891 3358 3080 3420 tegens
3130 3351 3288 3404 illum
3319 3351 3464 3406 nube
3500 3366 3600 3407 sex

2005 3447 2222 3502 diebus.
2262 3445 2329 3499 Et
2353 3445 2679 3515 loquebatur
2700 3443 2969 3498 Dominus
2996 3443 3064 3497 ad
3093 3442 3334 3514 Moysem
3364 3445 3600 3515 septimo

2005 3540 2094 3595 die
2122 3540 2190 3596 de
2220 3537 2405 3594 medio
2445 3537 2719 3607 caliginis.
2756 3535 2888 3589 Erat
2926 3542 3109 3590 autem
3154 3537 3369 3606 species
3409 3536 3598 3608 gloriae

2009 3633 2248 3696 Domini,
2281 3631 2439 3702 quasi
2476 3630 2619 3698 ignis
2671 3628 2873 3686 ardens
2911 3642 3079 3702 super
3128 3629 3391 3686 verticem
3438 3643 3596 3682 mon-

2006 3725 2076 3780 tis
2098 3726 2165 3778 ³⁸.
2210 3743 2228 3775 ι
2263 3725 2462 3792 Aperte
2491 3727 2640 3792 patet
2666 3736 2734 3774 ex
2765 3721 2834 3776 iis
2864 3721 3044 3778 visum
3081 3720 3252 3776 fuisse
3281 3719 3454 3791 Moysi
3483 3734 3594 3773 non

2005 3816 2184 3886 ipsum
2213 3813 2526 3876 Dominum,
2552 3813 2647 3868 sed
2678 3813 2918 3884 speciem
2941 3812 3176 3878 Domini,
3205 3811 3514 3880 nubemque
3540 3817 3594 3865 et

2008 3909 2212 3978 ignem,
2239 3922 2359 3976 qua}
2388 3906 2602 3958 Domini
2629 3906 2856 3975 gloriam
2887 3919 3044 3961 sacer
3075 3919 3254 3958 sermo
3283 3911 3460 3957 vocat.
3492 3899 3592 3956 Vi-

2003 3983 2166 4055 debat
2196 4001 2362 4069 igitur
2389 3999 2627 4068 speciem
2657 3997 2899 4063 Domini,
2932 3997 3162 4066 ejusque
3194 3995 3446 4064 gloriam,
3480 3994 3588 4048 mi-

2002 4090 2153 4145 nime
2199 4097 2381 4144 autem
2435 4088 2614 4158 ipsum
2672 4085 3320 4155 Dominum,'ipsiusque
3371 4081 3591 4137 Domini

2004 4184 2266 4250 Verbum,
2313 4183 2416 4238 sibi
2452 4181 2806 4236 collocutum.
2841 4179 3228 4234 Verumtamen
3264 4191 3359 4247 per
3388 4175 3587 4230 nubem

2001 4295 2126 4334 eum
2177 4278 2488 4346 loquentem
2546 4273 2823 4336 audiebat,
2875 4271 3105 4340 ideoque
3151 4269 3397 4324 dicitur:
3449 4284 3470 4319 ι
3521 4265 3589 4319 Ει

2002 4373 2220 4426 locutus
2245 4375 2330 4424 est
2363 4367 2630 4422 Dominus
2676 4365 2744 4420 ad
2773 4365 3014 4434 Moysem
3041 4361 3179 4416 facie
3210 4361 3278 4415 ad
3307 4360 3523 4416 faciem.
3562 4379 3582 4410 ι

2002 4462 2121 4517 Νοη
2154 4468 2339 4516 autem
2364 4460 2414 4513 ei
2448 4456 2773 4527 apparuisse
2804 4455 2944 4511 facie
2969 4453 3038 4508 ad
3073 4452 3268 4507 faciem
3302 4449 3540 4505 refertur
3569 4465 3582 4476 ο

315 4549 398 4601 ὅτι
429 4550 492 4622 δή
529 4550 704 4620 στόμα
741 4549 915 4604 ἐλάλει
951 4549 1098 4621 αύτῷ
1139 4553 1166 4604 6
1198 4549 1352 4614 Θεὸς,
1379 4550 1438 4602 ού
1480 4549 1584 4621 μὴν
1624 4547 1898 4619 καταλλή-

2010 4555 2134 4610 illud
2193 4553 2338 4607 enim
2390 4550 2632 4604 nondum
2697 4547 2963 4601 accidisse
3020 4550 3286 4599 memorat
3350 4540 3580 4596 dicens:

314 4642 422 4705 λως
456 4643 548 4696 καὶ
576 4644 802 4713 ἑωρᾶτο,
831 4643 945 4696 ἀλλ’
975 4645 1033 4697 ἐν
1065 4644 1194 4696 εἴδει
1222 4644 1316 4696 καὶ
1345 4643 1433 4695 διὰ
1463 4643 1563 4713 τῆς
1596 4641 1894 4714 προαποδε-

313 4736 545 4808 δομένης
577 4736 734 4808 δόξης
764 4735 925 4790 αὐτοῦ
948 4753 961 4767 ·
994 4737 1142 4805 λέγει
1175 4736 1232 4789 δέ
1263 4735 1464 4800 οὕτως·
1503 4755 1520 4787 ι
1551 4735 1662 4789 Kal
1693 4734 1893 4805 κατέϐη

314 4829 519 4900 Κύριος
569 4831 626 4882 ἐν
676 4829 851 4900 στύλῳ
887 4828 1138 4899 νεφέλης,
1167 4828 1263 4882 καὶ
1306 4827 1434 4899 ἔστη
1466 4826 1557 4881 ἐπὶ
1591 4828 1691 4897 τῆς
1730 4825 1900 4898 θύρας

310 4922 412 4992 τῆς
459 4919 663 4991 σκηνῆς
709 4921 801 4973 τοῦ
839 4921 1175 4992 μαρτυρίου·
1210 4920 1304 4973 καὶ
1335 4919 1644 4992 ἐκλήθησαν
1684 4918 1894 4989 Ἀαρὼν

311 5014 406 5066 καὶ
437 5013 687 5084 Μαριὰμ,
724 5015 819 5066 καὶ
851 5013 1070 5084 ἐξῆλθον
1101 5013 1420 5082 ἀμφότεροι.
1454 5013 1563 5064 Καὶ
1591 5007 1737 5064 εἶπεν
1759 5012 1896 5084 πρὸς

309 5106 837 5170 αύτούς-Ἀκούσατε
881 5106 944 5177 δὴ
991 5108 1097 5159 τῶν
1143 5106 1316 5174 λόγων
1356 5122 1476 5176 μουο
1521 5104 1646 5157 Ἐάν
1672 5105 1894 5175 γένηται

311 5201 599 5272 προφήτης
644 5200 796 5270 ὑμῶν
843 5199 920 5271 τῷ
961 5201 1167 5272 Κυρίῳ,
1203 5203 1260 5253 ἐν
1287 5202 1523 5270 ὁράματι
1568 5199 1716 5270 αύτῷ
1756 5216 1896 5267 γνω-

313 5291 603 5363 σθήσομαι,
640 5294 733 5347 καὶ
778 5295 834 5346 ἐν
880 5293 1032 5366 ὕπνῳ
1061 5293 1279 5364 λαλήσω
1311 5291 1482 5362 αὐτῷ.
1520 5293 1631 5362 Οὐχ
1663 5291 1835 5354 οὕτως
1864 5291 1892 5343 6

312 5384 565 5457 θεράπων
615 5403 714 5456 μου
754 5385 995 5456 Μωῦσῆς
1024 5386 1212 5448 πιστός
1240 5387 1386 5438 ἐστιν
1423 5385 1480 5438 ἐν
1511 5383 1616 5454 ὅλῳ
1647 5383 1726 5454 τῷ
1757 5384 1891 5454 οἴκῳ

315 5496 434 5548 μου.
478 5479 660 5549 Στόμα
708 5479 850 5531 κατὰ
895 5478 1066 5548 στόμα
1095 5478 1316 5548 λαλήσω
1347 5476 1496 5547 αὐτῷ
1528 5478 1588 5530 ἐν
1613 5476 1763 5540 εἴδει,
1799 5478 1892 5530 καὶ

309 5570 370 5622 ού
407 5570 473 5623 δι’
505 5571 859 5642 αίνιγμάτων,
896 5571 987 5624 καὶ
1021 5570 1120 5642 τὴν
1163 5570 1321 5636 δόξαν
1353 5572 1559 5642 Κυρίου
1603 5566 1764 5634 εἶδεν,
1797 5571 1889 5625 καὶ

307 5662 396 5716 διὰ
411 5663 463 5716 τί
493 5665 593 5716 οὐκ
625 5663 926 5734 ἐφοϐήθητε
951 5661 1320 5733 καταλαλῆσαι
1342 5661 1480 5715 κατὰ
1510 5661 1602 5716 τοῦ
1620 5661 1886 5734 θεράπον-

382 5818 428 5850 ’δ
468 5818 636 5874 Emd.
675 5835 793 5881 1m,
833 5820 918 5875 10.
999 5821 1042 5851 "
1088 5817 1254 5876 Exod.
1293 5836 1436 5884 sxw,
1485 5819 1564 5873 l3.

2005 4667 2022 4699 ι
2057 4645 2300 4702 Ostende
2332 4641 2465 4696 mihi
2496 4640 2691 4694 faciem
2719 4646 2891 4699 tuam,
2923 4643 2984 4689 ut
3009 4635 3180 4689 sciam
3217 4641 3289 4687 te.
3331 4650 3349 4684 ι
3392 4629 3454 4683 ln
3477 4629 3586 4683 aiio

2000 4743 2122 4798 loco
2150 4740 2309 4794 docet
2338 4736 2626 4806 Scriptura
2670 4732 2818 4804 quod
2863 4746 2958 4786 ore
2991 4727 3211 4800 quidem
3260 4722 3582 4794 loquebatur

2005 4835 2056 4890 ei
2113 4833 2280 4893 Deus,
2313 4844 2424 4884 non
2481 4835 2664 4881 tamen
2717 4824 2925 4896 pariter
2971 4819 3284 4880 videbatur,
3335 4813 3429 4870 sed
3478 4812 3584 4867 sub

1995 4925 2177 4994 specie
2195 4928 2268 4986 et,
2285 4927 2346 4973 ut
2364 4933 2528 4988 supra
2546 4917 2751 4970 dictum
2777 4920 2882 4975 est,
2898 4927 2995 4983 per
3020 4909 3193 4980 ipsius
3214 4906 3466 4978 gloriam.
3490 4900 3582 4956 Sic

1996 5019 2165 5088 igitur
2190 5013 2326 5070 dicit
2358 5032 2369 5067 :
2411 5029 2429 5062 ι
2464 5005 2759 5065 Descendit
2807 5004 3071 5058 Dominus
3103 5001 3160 5055 in
3193 4999 3450 5053 columna
3479 5011 3583 5049 nu-

1992 5111 2100 5172 bis,
2143 5119 2196 5163 et
2229 5106 2383 5162 stetit
2426 5104 2482 5157 in
2522 5099 2753 5156 introitu
2787 5093 3130 5153 tabernaculi
3162 5105 3364 5146 vocans
3394 5091 3580 5142 Aaron

1993 5211 2047 5258 et
2076 5199 2326 5255 Mariam.
2352 5195 2457 5263 Qui
2481 5209 2606 5249 cum
2638 5191 2926 5254 exiissem,
2959 5186 3096 5241 dixit
3128 5182 3194 5238 ad
3220 5197 3317 5236 eos
3343 5203 3356 5237 :
3378 5177 3580 5234 Audite

1996 5307 2281 5350 sermones
2325 5303 2479 5344 meos
2510 5306 2523 5342 :
2553 5284 2613 5340 Si
2652 5283 2777 5355 quis
2808 5279 2974 5334 fuerit
3005 5279 3148 5330 inter
3176 5289 3274 5329 vos
3311 5271 3578 5344 propheta

1995 5386 2233 5454 Domini,
2284 5385 2341 5439 in
2374 5382 2587 5438 visione
2632 5373 2908 5448 apparebo
2937 5371 3008 5435 ei,
3044 5367 3128 5422 vel
3177 5382 3271 5437 per
3300 5362 3576 5420 somnium

1994 5479 2189 5549 loquar
2223 5475 2289 5530 ad
2323 5473 2496 5528 illum.
2529 5469 2600 5524 At
2633 5483 2742 5522 non
2775 5463 2904 5517 talis
2922 5474 3122 5516 servus
3148 5471 3304 5512 meus
3333 5455 3572 5555 Moyses,

1994 5573 2086 5642 qui
2121 5571 2176 5624 in
2201 5566 2348 5622 omni
2380 5564 2543 5620 domo
2587 5575 2704 5616 mea
2750 5553 3102 5612 fidelissimus
3129 5558 3214 5606 est
3241 5568 3254 5605 :
3302 5562 3398 5603 ore
3424 5553 3570 5600 enim

1993 5641 2059 5718 ad
2088 5677 2148 5716 os
2181 5661 2375 5729 loquor
2405 5657 2454 5714 ei
2485 5676 2495 5710 :
2533 5663 2585 5710 et
2615 5651 2818 5724 palam,
2850 5654 2904 5703 et
2937 5660 3046 5701 non
3076 5659 3172 5716 per
3199 5641 3490 5712 aenigmata
3519 5643 3572 5690 et
