4114 6472
594 371 734 426 1063

1334 362 1603 421 EUSEBII
1644 360 2124 418 CASSARIENSIS
2163 360 2313 417 ΟΡΡ.
2355 359 2537 415 PARS
2570 359 3151 415 HL—EXEGETIGA.

3716 357 3851 410 ιοει

590 498 645 541 et
671 488 873 559 ﬁguras
900 484 1191 539 Dominum
1215 483 1385 539 videt.
1409 482 1593 550 Quare
1615 498 1747 554 ergo
1769 498 1879 538 non
1907 482 2162 538 timuistis

2272 483 2365 545 τός
2394 499 2496 552 μου
2516 482 2792 545 Μωῦσέως
2814 484 2996 554 ;ι”Αρ⁹
3016 478 3108 536 οὖν
3134 482 3230 553 τὴν
3246 480 3401 545 δόξαν
3426 480 3524 550 μὲν
3540 477 3751 549 Κυρίου
3780 472 3856 530 εἱ-

590 571 878 637 iletrabere
910 594 1070 634 servo
1100 592 1222 632 meo
1267 576 1440 648 Moysi
1459 576 1542 630 "?
1579 595 1597 628 ι
1623 575 1765 647 Ergo
1800 576 2030 647 gloriam
2050 574 2173 644 qui-

591 674 717 729 dem
750 670 967 725 Domini
992 669 1149 733 vidit,
1175 676 1235 724 et
1268 669 1371 725 sub
1402 669 1585 739 specie
1632 683 1692 722 se
1724 667 1775 722 ei
1820 665 2173 723 manifestan-

589 777 721 831 tem,
752 774 807 821 et
838 781 934 820 ore
985 765 1052 819 ad
1080 780 1143 821 os
1191 765 1505 834 loquentem
1551 762 1778 828 audivit,
1828 775 1941 815 non
1987 767 2170 814 tamen

592 859 771 926 ipsum
822 872 1066 926 unquam
1122 854 1438 920 Dominum,
1470 855 1615 910 sicut
1660 852 1911 924 patribus
1941 851 2172 907 manife-

590 957 771 1003 status
820 956 926 1012 est,
969 947 1277 1017 conspexit.
1318 944 1386 999 Et
1432 961 1542 1000 non
1574 945 1774 1005 mirum
1814 942 1961 1013 quod
1998 942 2173 1015 Moysi

586 1057 686 1095 ore
716 1040 785 1094 ad
816 1056 880 1095 os
909 1040 1233 1110 colloquens
1269 1038 1550 1094 inducitur
1578 1036 1745 1099 Deus,
1772 1052 1895 1093 cum
1926 1045 1981 1091 et
2020 1035 2170 1090 omni

592 1133 792 1201 populo
836 1131 976 1186 facie
1023 1130 1096 1185 ad
1146 1130 1343 1185 faciem
1392 1130 1573 1199 ipsum
1621 1129 1864 1185 locutum
1916 1128 2085 1183 fuisse
2114 1127 2169 1182 in

593 1222 1015 1278 Deuteronornio
1040 1220 1201 1275 docet
1231 1220 1446 1291 Moyses
1474 1219 1664 1274 dicens
1692 1238 1705 1272 :
1747 1237 1765 1270 ι
1784 1217 1904 1273 Non
1926 1233 2056 1273 cum
2083 1232 2174 1288 pa-

594 1318 768 1372 tribus
794 1318 1000 1372 nostris
1027 1316 1150 1370 iniit
1179 1325 1397 1384 pactum
1429 1313 1712 1377 Dominus,
1738 1313 1834 1369 sed
1859 1312 2167 1370 nobiscum.

584 1409 685 1478 qui
720 1409 776 1462 in
808 1407 1226 1477 przescntiarum
1274 1421 1468 1460 sumus
1497 1414 1550 1460 et
1589 1405 1845 1461 vivimus.
1896 1402 2057 1461 Facie
2102 1404 2167 1457 ad

590 1500 785 1555 faciem
808 1501 1021 1554 locutus
1041 1506 1126 1553 est
1153 1498 1313 1552 nobis
1335 1498 1390 1551 in
1410 1504 1594 1552 monte
1613 1496 1682 1552 de
1700 1496 1878 1552 medio
1901 1497 2119 1566 ignis".
2144 1514 2162 1545 ι

591 1596 657 1649 At
682 1594 728 1647 si
759 1593 863 1647 boc
893 1591 1058 1646 modo
1086 1589 1256 1660 Moysi
1289 1598 1343 1642 et
1372 1587 1525 1642 omni
1555 1587 1756 1658 populo
1786 1587 2169 1643 manifestatus

591 1693 699 1748 est,
737 1682 1109 1737 animadverte
1133 1682 1289 1743 illud,
1319 1680 1532 1736 scilicet
1555 1679 1704 1750 quod
1758 1680 1970 1734 locutus
1998 1677 2170 1734 fuisse

587 1777 669 1830 eis
690 1791 784 1830 ore
802 1775 871 1828 ad
897 1790 960 1829 os
980 1782 1034 1829 et
1065 1773 1202 1828 facie
1219 1773 1288 1827 ad
1313 1772 1507 1828 faciem
1528 1771 1750 1839 dicitur,
1765 1787 1875 1829 non
1899 1779 2078 1827 tamen
2101 1770 2168 1824 iis

2273 573 2361 626 δεν
2388 574 2482 628 καὶ
2509 575 2571 627 ὲν
2597 574 2726 628 εἴδει
2765 575 2916 645 αύτῷ
2942 574 3391 647 χρηματίζοντος,
3420 572 3599 642 στόμα
3623 587 3687 622 τε
3714 570 3856 624 κατά

2276 665 2449 737 στόμα
2472 666 2761 731 λαλοῦντος
2790 668 3043 738 ἧκουσεν,
3072 667 3134 719 ού
3164 665 3272 737 μὴν
3305 665 3398 718 καὶ
3441 665 3603 717 αὐτόν
3648 680 3737 716 πω
3770 661 3859 714 τὸν

2273 757 2477 829 Κύριον
2507 760 2709 831 ὁμοίως
2741 763 2854 824 τοῖς
2894 760 3163 831 πατράσιν
3201 758 3454 828 ἑωράκει.
3487 757 3599 810 Καὶ
3625 756 3689 808 οὐ
3722 753 3857 807 θαυ-

2276 851 2477 920 μαστόν
2509 868 2573 920 γε
2606 854 2655 905 εί
2696 852 2773 923 τῷ
2804 854 3027 907 Μωῦσεῑ
3050 852 3223 922 στόμα
3272 850 3414 904 κατὰ
3461 850 3634 919 στόμα
3681 847 3858 902 λαλῶν

2273 941 2689 1014 ἀναγέγραπται
2716 944 2745 995 6
2766 938 2917 1008 Θεὸς,
2944 944 3108 996 ὁπότε
3142 944 3237 996 καὶ
3258 942 3337 1013 τῷ
3366 942 3527 995 παντὶ
3553 940 3668 1011 λαῷ
3697 940 3860 1012 πρόσ-

2272 1046 2420 1082 ωπον
2448 1030 2585 1101 πρὸς
2616 1031 2905 1102 πρόσωπον
2935 1031 3290 1103 λελαληκέναι
3323 1031 3485 1084 αὑτὸν
3510 1033 3569 1084 ὲν
3594 1033 3859 1101 Δεύτερο-

2273 1120 2444 1190 νομίῳ
2471 1119 2711 1174 διδάσκει
2738 1122 2767 1174 6
2794 1122 3036 1192 Μωῡσῆς
3058 1121 3248 1189 λέγων·
3274 1140 3292 1171 ι
3325 1121 3459 1191 Οὐχὶ
3495 1123 3607 1182 τοῖς
3642 1120 3856 1191 πατράο

2274 1226 2357 1262 σιν
2388 1209 2540 1280 ὑμῶν
2563 1210 2769 1264 διέθετο
2796 1211 2998 1284 Κύριος
3036 1213 3135 1283 τὴν
3160 1211 3433 1283 Διαθήκην
3459 1211 3684 1284 ταύτην,
3718 1211 3857 1264 ἀλλὰ

2273 1301 2408 1371 πρὸς
2438 1302 2582 1373 ὑμᾶς
2600 1320 2612 1332 ·
2650 1304 2806 1374 ὑμεῖς
2824 1304 2979 1357 αὐτοὶ
3004 1298 3105 1358 ὧδε
3134 1306 3372 1375 σήμερον
3399 1302 3600 1366 πάντες
3630 1300 3851 1368 διντες.

2272 1394 2568 1466 Πρόσωπον
2621 1396 2763 1453 κατὰ
2810 1398 3103 1469 πρόσωπον
3152 1396 3411 1467 ἐλάλησεν
3461 1396 3665 1466 Κύριος
3717 1396 3856 1466 πρὸς

2276 1487 2418 1557 ὑμᾶς
2449 1489 2507 1540 ὲν
2536 1487 2615 1558 τῷ
2643 1489 2759 1560 ὄρει
2795 1492 2858 1543 ὲκ
2892 1490 3056 1559 μέσου
3087 1488 3180 1543 τοῦ
3211 1489 3403 1560 πυρός.
3432 1509 3452 1539 ι
3501 1486 3648 1558 Πλὴν
3681 1489 3731 1540 εί
3759 1488 3855 1539 καὶ

2270 1580 2348 1651 τῷ
2372 1582 2595 1636 Μωῦσεῖ
2624 1583 2719 1635 καὶ
2743 1581 2818 1653 τῷ
2848 1582 3007 1636 παντὶ
3031 1580 3144 1651 λαῷ
3171 1580 3359 1634 τοῦτον
3382 1579 3749 1651 ἐχρημάτιζεν
3763 1579 3856 1631 τὸν

2269 1668 2492 1743 τρόπον,
2520 1673 2634 1726 ἀλλ’
2670 1674 2774 1743 ὅρα
2802 1674 2884 1727 ὅτι
2914 1672 3264 1744 λελαληκέναι
3303 1672 3402 1743 μὲν
3449 1673 3633 1735 αὐτοῖς
3678 1672 3856 1742 στόμα

2272 1767 2413 1820 κατὰ
2457 1766 2630 1837 στόμα
2664 1766 2758 1820 καὶ
2789 1766 3080 1838 πρόσωπον
3119 1750 3255 1835 πρὸς
3286 1766 3574 1836 πρόσωπον
3614 1763 3851 1835 εἴρηται,

588 1870 741 1923 visus
758 1867 877 1921 sine
904 1868 1026 1938 igne
1052 1865 1135 1921 vel
1159 1866 1391 1929 nube,ut
1418 1864 1684 1935 patribus.
1704 1862 1746 1916 Ν
1755 1863 1857 1918 ude
1872 1862 2019 1918 enim
2051 1861 2162 1915 illis

2270 1857 2333 1910 οὑ
2389 1855 2493 1926 μὴν
2541 1856 2635 1911 καὶ
2679 1857 2807 1911 ἄνευ
2850 1856 2943 1910 τοῦ
2989 1856 3159 1927 πυρὸς
3190 1856 3223 1926 ἢ
3254 1856 3354 1925 τῆς
3384 1855 3611 1925 νεφέλης
3650 1854 3856 1924 ὁμοίως

586 1967 641 2012 et
656 1959 775 2013 sine
793 1958 955 2012 nubis
984 1957 1068 2011 vel
1086 1957 1227 2028 ignis
1241 1955 1477 2026 tegmine
1491 1954 1754 2011 Dominus
1770 1965 2026 2011 narratur
2046 1967 2169 2008 esse

587 2041 935 2097 visus.Dcum
957 2040 1123 2111 igitur
1144 2042 1331 2097 videre
1351 2039 1717 2111 perfectorum
1732 2048 1789 2096 et
1806 2048 1986 2095 mente
2002 2054 2166 2110 quam

587 2133 825 2187 maxime
864 2133 1250 2187 mundatorum
1282 2133 1563 2202 proprium
1587 2146 1710 2186 esse
1730 2131 1890 2186 docet
1917 2130 2169 2185 Salvator

580 2234 640 2279 et
666 2224 931 2280 Dominus
964 2233 1153 2280 noster
1186 2244 1199 2280 :
1243 2244 1262 2276 ι
1302 2224 1477 2289 Beati,
1508 2224 1709 2292 inquit,
1757 2222 1949 2278 mundi
1975 2224 2163 2287 corde,

585 2319 846 2388 quoniam
880 2318 986 2389 ipsi
1036 2317 1207 2372 Deum
1261 2317 1522 2372 videbunt
1557 2317 1621 2371 ⁸⁸.
1659 2337 1677 2367 ι
1726 2316 1958 2387 Ideoque
2006 2317 2165 2387 quasi

587 2412 782 2464 horum
814 2408 985 2463 Deum
1017 2425 1079 2465 se
1116 2408 1386 2464 Dominus
1441 2409 1668 2472 indicat,
1702 2407 1769 2461 ad
1812 2407 2055 2479 Moysem
2081 2408 2167 2463 di—

582 2517 717 2557 cens
754 2519 836 2556 εαι
889 2491 1016 2556 llic
1057 2502 1210 2556 dices
1260 2502 1387 2557 filiis
1452 2501 1616 2557 Israel
1652 2520 1665 2555 :
1703 2500 1964 2555 Dominus
2023 2499 2165 2554 Deus

584 2601 800 2664 patrum
841 2603 1173 2658 vestrorum,
1209 2591 1353 2649 Deus
1403 2592 1701 2657 Abraham,
1733 2591 1875 2647 Deus
1922 2591 2074 2647 Isaac
2111 2600 2165 2646 et

582 2683 733 2740 Deus
764 2684 937 2740 Jacob
969 2685 1118 2740 misit
1152 2701 1237 2740 me
1267 2683 1336 2739 ad
1364 2699 1460 2739 vos
1489 2704 1501 2738 :
1535 2685 1637 2739 hoc
1670 2699 1870 2740 nomen
1907 2684 2040 2738 mihi
2080 2690 2165 2738 est

583 2778 640 2832 in
666 2784 953 2840 aeternum,
990 2784 1045 2830 et
1070 2776 1173 2830 hoc
1196 2776 1511 2830 memoriale
1542 2792 1721 2832 meum
1760 2776 1817 2830 in
1855 2777 2163 2846 generatio-

582 2882 710 2924 nem
736 2875 790 2922 et
812 2869 1220 2938 generationem
1254 2870 1322 2925 ”.
1354 2886 1373 2922 ι
1405 2867 1718 2923 ιλΕιιιιιιιιιιιε
1740 2869 1905 2939 igitur
1929 2869 2163 2938 majores

582 2961 829 3028 gratias,
877 2958 1187 3029 similisque
1233 2961 1631 3031 cupidissimus
1679 2959 1887 3015 favoris
1949 2958 2163 3031 Moyses

583 3049 877 3104 Dominum
912 3049 1000 3104 his
1033 3058 1290 3119 precatur
1320 3051 1504 3106 verbis
1538 3068 1553 3104 :
1592 3069 1611 3102 ι
1653 3049 1893 3106 Ostende
1921 3051 2055 3105 mibi
2084 3053 2165 3106 fa-

574 3137 721 3193 ciem
754 3146 932 3204 tuam,
970 3146 1029 3193 ut
1068 3138 1238 3193 sciam
1279 3147 1352 3195 te.
1391 3158 1411 3191 ι
1450 3137 1568 3194 Sibi
1602 3140 1749 3193 enim
1781 3140 1962 3194 animo
1996 3140 2163 3211 linge-

581 3231 675 3285 bat
705 3229 1037 3284 manifestati
1071 3228 1165 3285 Dei
1201 3229 1365 3286 Verbi
1410 3231 1864 3302 magnitudinem,
1891 3239 1946 3286 et
1990 3232 2156 3286 subli-

578 3322 851 3385 mitatem,
883 3331 938 3376 et
983 3322 1311 3378 ineffabilem
1348 3324 1800 3393 inaccessamque
1847 3325 2162 3394 pracellen-

579 3413 736 3477 tiam,
768 3413 1101 3483 videbatque
1130 3414 1303 3483 ipsius
1352 3416 1418 3468 ad
1454 3430 1514 3470 se
1558 3414 2033 3472 manifestationes
2065 3432 2163 3487 per

578 3505 959 3563 ministrantes
995 3507 1219 3577 angelos
1251 3506 1369 3562 ﬁeri
1406 3526 1418 3561 :
1449 3507 1574 3562 ideo
1601 3508 1914 3577 postulabat
1951 3516 2011 3562 ut
2041 3524 2159 3563 ma-

577 3596 843 3652 nifestius
872 3606 926 3652 et
956 3598 1304 3668 splendidius
1346 3599 1529 3670 ipsum
1558 3601 1665 3656 sibi
1702 3601 2053 3657 manifestum
2081 3600 2161 3656 ef-

579 3686 791 3752 ﬁceret,
814 3704 926 3743 non
951 3689 1064 3759 jam
1092 3690 1197 3745 sub
1224 3689 1571 3758 velamentis,
1591 3708 1694 3747 nec
1725 3692 1994 3747 ministris
2012 3692 2156 3755 aliis,

579 3779 724 3835 nude
751 3786 933 3834 autem
960 3788 1016 3836 et
1047 3781 1257 3851 pariter
1287 3796 1352 3835 ac
1385 3780 1721 3847 Abrahamo,
1753 3784 1873 3838 sine
1903 3783 2046 3854 ignis
2074 3784 2160 3839 vel

579 3872 744 3927 nubis
777 3872 981 3942 specie.
1043 3872 1202 3939 Quod
1241 3874 1409 3944 igitur
1460 3874 1675 3931 videtur
1726 3876 1859 3930 mihi
1918 3876 2161 3932 indicare

580 3963 872 4035 Scriptura
906 3967 1101 4023 dicens
1129 3986 1142 4022 :
1181 3985 1201 4019 ι
1243 3964 1486 4024 Ostende
1509 3968 1643 4022 mihi
1680 3967 1877 4024 faciem
1907 3976 2078 4034 tuam,
2103 3978 2161 4023 ut

578 4063 751 4118 sciam
783 4072 838 4117 te
858 4062 925 4117 ³⁸.
950 4080 968 4115 ι
1008 4061 1147 4117 Cum
1179 4064 1483 4119 audivisset
1516 4061 1688 4118 Deum
1711 4064 1815 4118 sibi
1843 4063 2117 4119 dicentem
2143 4084 2156 4119 :

580 4171 604 4206 ι
662 4153 805 4209 Ecce
847 4155 1077 4224 angelus
1126 4169 1281 4211 meus
1330 4155 1601 4224 praecedet
1659 4162 1713 4209 te
1787 4162 1914 4209 ante
1965 4154 2159 4210 faciem

574 4252 730 4299 tuam
759 4245 826 4311 ³⁸,
867 4264 887 4297 ι
935 4244 1261 4315 ampliorem
1322 4247 1530 4316 expetit
1579 4247 1836 4317 gratiam,
1863 4247 2106 4317 dicitque
2143 4266 2156 4301 :

575 4356 603 4388 ι
628 4335 689 4391 Si
729 4353 838 4392 non
860 4344 919 4392 tu
952 4338 1071 4408 ipse
1114 4337 1413 4408 praecedas,
1451 4354 1521 4394 ne
1557 4339 1762 4394 educas
1800 4354 1900 4394 nos
1940 4339 2010 4393 de
2039 4340 2161 4394 loco

573 4428 802 4485 isto'm
835 4431 1126 4487 Annuente
1146 4430 1381 4487 Domino
1411 4433 1789 4502 postulationi,
1821 4448 1887 4488 ac
1910 4434 2158 4493 dicente;

2271 1952 2384 2011 τοῖς
2430 1949 2700 2019 πατράσιν
2749 1943 2928 2016 ὦφθαι
2973 1948 3189 2012 αὐτοῖς’
3232 1947 3457 2018 γυμνῶς
3489 1946 3595 2018 γὰρ
3621 1946 3855 2009 ἐκείνοις

2272 2040 2366 2093 καὶ
2409 2039 2536 2093 ἄνευ
2576 2040 3027 2112 ὲπικαλύμματος
3055 2039 3149 2094 τοῦ
3182 2039 3272 2094 διὰ
3303 2039 3531 2111 νεφέλης
3560 2040 3594 2109 ἢ
3624 2039 3799 2111 πυρὸς
3824 2040 3855 2091 6

2270 2130 2473 2203 Κύριος
2514 2132 2698 2201 ὀφθεὶς
2742 2133 3170 2204 ἀναγέγραπται.
3207 2131 3437 2185 Τελείων
3468 2131 3599 2200 γοῦν
3630 2133 3729 2185 καὶ
3756 2132 3855 2203 τὴν

2269 2222 2505 2277 διάνοιαν
2547 2226 2626 2288 είς
2675 2225 2842 2296 ἄκρον
2888 2224 3312 2295 κεκαθαρμένων
3350 2225 3444 2278 καὶ
3471 2226 3500 2277 6
3533 2225 3724 2296 Σωτὴρ
3759 2225 3855 2278 καὶ

2271 2315 2473 2387 Κύριος
2502 2316 2661 2386 ἡμῶν
2691 2317 2752 2370 τὸ
2780 2315 2873 2369 τὸν
2905 2316 3038 2370 Θεὸν
3069 2318 3201 2388 ὀρᾷν
3227 2312 3367 2369 εἶναι
3400 2317 3660 2371 διδάσκει’
3696 2338 3714 2369 ι
3732 2319 3855 2372 Μα-

2268 2406 2470 2477 κάριοι,
2494 2399 2762 2476 λέγων,ὀί
2815 2406 3047 2478 καθαροὶ
3095 2409 3163 2478 τῇ
3205 2406 3425 2479 καρδίᾳ,
3458 2409 3539 2461 ὅτι
3571 2409 3728 2461 αὐτοὶ
3760 2409 3853 2462 τὸν

2268 2498 2398 2551 Θεὸν
2427 2496 2670 2567 ὄψονται.
2710 2518 2727 2549 ι
2764 2497 2857 2552 Διὸ
2899 2499 2993 2550 καὶ
3040 2496 3115 2559 ὡς
3153 2497 3408 2550 τοιούτων
3434 2500 3463 2551 ὀ
3489 2498 3694 2571 Κύριος
3718 2500 3852 2552 Θεὸν

2267 2590 2457 2643 ἑαυτὸν
2506 2590 2847 2661 ἀναγορεύει,
2893 2590 3063 2659 λέγων
3102 2588 3238 2658 πρὸς
3283 2591 3555 2662 Μωῦσῆν·
3611 2611 3632 2639 ο
3664 2591 3851 2655 Οὕτως

2268 2681 2412 2752 ἐρεῖς
2440 2683 2552 2745 τοῖς
2584 2682 2719 2744 υἱοῖς
2759 2680 2995 2753 Ἰσραὴλ,
3030 2681 3233 2751 Κύριος
3258 2683 3288 2735 6
3312 2681 3444 2745 Θεὸς
3466 2681 3576 2734 τῶν
3599 2683 3851 2753 πατέρων

2269 2771 2444 2842 ὑμῶν,
2480 2771 2611 2835 Θεὸς
2642 2772 2912 2845 Ἀϐραὰμ,
2944 2776 3037 2828 καὶ
3059 2773 3191 2837 Θεὸς
3220 2773 3424 2837 Ἰσαὰκ,
3458 2775 3551 2829 καὶ
3579 2775 3715 2838 Θεὸς
3746 2777 3851 2828 Ἰα-

2266 2863 2403 2927 κὼϐ,
2437 2864 2747 2921 ἀπέσταλκέ
2804 2882 2871 2935 με
2926 2866 3062 2937 πρὸς
3105 2867 3248 2938 ὑμᾶς
3269 2884 3283 2896 ’
3311 2865 3470 2920 τοῦτό
3499 2868 3651 2920 ἐστιν
3681 2867 3852 2938 ἓνεμά

2269 2976 2368 3030 μου
2404 2959 2643 3023 αἰώνων,
2680 2960 2773 3015 καὶ
2810 2961 3150 3032 μνημόσυνον
3188 2960 3392 3029 γενεῶν
3419 2963 3653 3030 γενεαῖς.
3684 2982 3709 3013 s
3742 2964 3849 3034 Ζη-

2264 3050 2371 3103 λῶν
2398 3050 2462 3122 δὴ
2491 3047 2583 3105 οὖν
2616 3052 2683 3105 τὰ
2704 3052 3016 3124 χαρίσματα
3045 3051 3114 3107 τὰ
3146 3052 3385 3124 μείζονα,
3414 3054 3630 3124 καὶτῆς
3659 3054 3850 3124 ὁμοίας

2265 3142 2492 3207 ἐκείνοις
2520 3143 2842 3216 ὀρεγόμενος
2870 3146 2898 3197 ὀ
2926 3144 3165 3215 Μωῦσῆς
3191 3148 3496 3217 προκοπῆς,
3513 3145 3654 3210 άξιοῖ
3676 3145 3851 3215 λέγων

2264 3233 2356 3286 τὸν
2389 3233 2614 3306 Κύριον·
2642 3254 2660 3285 ι
2683 3235 3009 3305 Ἐμφάνισόν
3044 3234 3192 3306 (ιιι
3223 3236 3300 3307 v°)
3333 3253 3422 3307 μοι
3449 3236 3849 3307 σεαυτὸν,γνω-

2265 3323 2406 3386 στῶς
2437 3323 2530 3376 ἴδω
2556 3341 2615 3377 σε
2635 3340 2649 3354 ’
2679 3344 2697 3376 ι
2716 3322 3047 3393 ἐφαντάζετο
3066 3327 3163 3396 μὲν
3177 3325 3285 3397 γὰρ
3304 3326 3730 3397 χρηματίζοντος
3755 3328 3849 3381 αό-

2263 3414 2342 3485 τῷ
2392 3414 2528 3468 Θεοῦ
2573 3415 2745 3483 Λόγου
2786 3416 2846 3468 τό
2892 3433 2952 3468 τε
2999 3417 3226 3487 μέγεθος
3255 3419 3347 3471 καὶ
3383 3418 3444 3472 τὸ
3475 3417 3606 3489 ὕψος
3630 3419 3722 3471 καὶ
3749 3419 3849 3491 τὴν

2263 3506 2470 3574 ἄφατον
2504 3505 2596 3559 καὶ
2625 3504 2912 3574 ἀνέφικτον
2944 3506 3237 3579 ὑπεροχὴν,
3272 3506 3419 3579 ἑώρα
3460 3508 3517 3561 δὲ
3556 3509 3633 3572 ὠς
3661 3510 3745 3561 ὅτι
3779 3509 3846 3562 δι’

2265 3597 2613 3669 ὑπηρετικῶν
2658 3598 2908 3668 ἀγγέλων
2941 3598 3041 3663 τὰς
3068 3601 3202 3672 πρὸς
3231 3600 3392 3653 αὑτὸν
3429 3602 3664 3654 ἐποιεῖτο
3710 3600 3843 3653 θεω-

2264 3687 2418 3761 ρίαςο
2470 3686 2550 3741 διὸ
2594 3688 2902 3759 παρακαλεῖ
2947 3689 3267 3760 τρανότερον
3319 3688 3413 3743 καὶ
3463 3688 3846 3761 καθαρώτερον

2263 3778 2502 3849 ἐμφῆναι
2541 3780 2733 3832 ἑαυτὸν
2781 3780 2949 3849 αὐτῷ,
2987 3781 3180 3851 μηκέτι
3218 3781 3317 3851 μὲν
3360 3780 3424 3833 δι’
3457 3780 3846 3851 ὲπικαλυμμά-

2262 3886 2391 3934 των,
2446 3870 2580 3942 μηδὲ
2612 3871 2717 3924 ὑπὸ
2739 3871 2997 3925 διακόνων
3027 3871 3248 3943 ἑτέρων,
3278 3870 3499 3942 γυμνῶς
3526 3870 3584 3924 δὲ
3610 3873 3706 3925 καὶ
3731 3874 3845 3935 τοῖς

2262 3962 2405 4033 ἀμφὶ
2432 3962 2523 4015 τὸν
2562 3960 2809 4034 Ἀϐραὰμ
2837 3962 3255 4035 παραπλησίως,
3284 3964 3410 4019 ἄνευ
3442 3962 3535 4017 τοῦ
3562 3962 3650 4017 διὰ
3673 3964 3846 4033 πυρὸς

2263 4053 2358 4107 καὶ
2382 4053 2611 4124 νεφέλης
2656 4054 2846 4119 εἴδους.
2876 4055 3047 4108 Τοῦτο
3098 4051 3226 4124 γοῦν
3264 4054 3411 4109 δοκεῖ
3439 4072 3525 4125 μοι
3557 4055 3843 4126 σημαίνειν

2263 4148 2297 4217 ἡ
2333 4145 2616 4216 φάσκουσα
2659 4147 2825 4214 λέξις·
2865 4166 2885 4199 ι
2908 4148 3232 4219 Ἑμφάνισόν
3284 4164 3374 4218 μοι
3424 4148 3666 4213 σεαυτὸν,
3696 4164 3843 4217 γνω-

2264 4238 2406 4303 στῶς
2434 4239 2527 4292 ἴδω
2561 4255 2641 4293 σε.
2673 4259 2691 4291 ι
2736 4239 2922 4314 Ταύτῃ
2961 4240 3017 4293 δὲ
3062 4240 3155 4293 καὶ
3186 4239 3533 4312 προακούσας
3561 4240 3844 4312 εἰρηκότος

2264 4331 2413 4403 αὐτῷ
2451 4332 2546 4386 τοῦ
2577 4332 2781 4404 Κυρίου
2809 4333 2890 4385 τόν
2929 4351 2946 4383 ι
2971 4333 3101 4387 Ἰδοὺ
3135 4332 3363 4402 ἄγγελός
3397 4350 3498 4404 μου
3538 4333 3845 4404 προπορεύ-

2266 4442 2416 4479 σεται
2441 4424 2549 4495 πρὸ
2579 4423 2873 4496 προσώπου
2910 4442 3023 4488 σου,
3058 4445 3076 4476 ι
3112 4425 3564 4497 ὑποπαραιτείται
3595 4424 3689 4478 τοῦ
3726 4424 3843 4495 μεί-

584 4539 604 4572 ι
642 4519 881 4576 Verbum
912 4521 1082 4587 istud,
1112 4522 1259 4593 quod
1306 4524 1523 4580 locutus
1569 4541 1629 4581 es
1665 4524 1866 4581 faciam
1894 4527 1960 4590 ³³,
2004 4547 2021 4578 ι
2061 4527 2151 4583 Dei

2267 4520 2412 4585 ζονος
2439 4520 2779 4592 ὀρεγόμενος,
2812 4520 2904 4574 καί
2928 4537 3093 4591 φησιν
3112 4535 3125 4550 ·
3166 4539 3187 4571 ι
3215 4522 3278 4574 Εί
3304 4521 3378 4593 μὴ
3412 4520 3573 4584 αὐτὸς
3602 4520 3667 4573 σὺ
3702 4536 3843 4591 συμ-

572 4612 1043 4683 magnificentiam
1072 4614 1306 4685 benigne
1338 4614 1658 4684 dispositam
1687 4616 2151 4679 animadvertens.

570 4723 702 4769 aqua:
765 4716 822 4764 et
872 4723 1072 4779 magna
1119 4709 1470 4779 cupientibus
1532 4710 1765 4771 favebat.
1813 4713 2066 4781 quamvis
2100 4729 2159 4768 se

570 4801 761 4870 ipsum
794 4800 1124 4863 exinaniret,
1162 4800 1573 4871 majoribusque
1617 4802 1903 4872 indignum
1958 4803 2158 4860 fatere-

572 4902 690 4954 .tur,
719 4890 881 4945 aliam
927 4906 1049 4961 quae
1094 4891 1334 4962 priorem
1363 4893 1635 4961 compleat
1684 4894 2036 4967 perficiatque
2065 4912 2157 4950 ex-

574 4980 717 5051 petit
766 4981 1001 5051 gratiam
1052 4981 1243 5038 dicens
1304 5002 1318 5037 :
1374 5002 1394 5035 ι
1453 4981 1693 5039 Ostende
1727 4985 1862 5039 mihi
1918 4986 2153 5056 gloriam

578 5082 730 5128 tuam
756 5074 826 5128 “.
858 5094 879 5127 ι
930 5074 1075 5130 Deus
1132 5084 1314 5131 autem
1377 5076 1520 5132 votis
1560 5078 1684 5146 ejus
1732 5093 1982 5133 annuens
2035 5079 2153 5132 ait:

580 5183 607 5216 ι
636 5163 751 5236 Ego
788 5165 1093 5236 praecedam
1125 5174 1181 5220 te
1223 5167 1398 5236 gloria
1445 5183 1587 5230 mea,
1614 5175 1670 5223 et
1723 5167 1931 5222 vocabo
1972 5169 2025 5221 in
2061 5186 2157 5220 no-

580 5257 731 5312 mine
785 5251 1002 5314 Domini
1057 5273 1244 5313 coram
1293 5267 1348 5313 te
1376 5260 1442 5322 ³⁵,
1485 5279 1504 5311 ι
1536 5269 1594 5315 ct
1626 5267 1844 5315 caitera.
1902 5259 2157 5316 Ostendit

576 5348 751 5420 igitur
782 5349 1045 5419 majorem
1084 5364 1209 5405 esse
1230 5352 1415 5420 priore
1449 5365 1549 5405 sua
1576 5352 1625 5406 ei
1656 5350 2024 5422 apparitione,
2054 5349 2157 5404 Pa-

578 5440 699 5495 tris'
712 5438 918 5510 Deique
940 5441 1186 5496 omnium
1220 5443 1537 5507 scientiam,
1569 5457 1731 5512 quam
1757 5457 1819 5497 se
1841 5441 1889 5496 ei
1923 5444 2156 5496 traditu-

578 5547 709 5588 rum
739 5547 862 5588 esse
883 5533 1198 5603 pollicetur,
1228 5534 1297 5589 de
1333 5548 1393 5588 se
1434 5534 1553 5603 ipso
1593 5535 1781 5591 dicens
1815 5554 1828 5589 :
1874 5553 1893 5585 ι
1941 5533 2153 5589 Praece-

653 5712 701 5745 “
736 5711 897 5786 Num.
935 5716 1193 5786 xt1,_5-8.
1269 5718 1313 5749 ’τ
1356 5716 1509 5773 Deut.
1548 5735 1600 5782 ι’,
1634 5719 1686 5773 5.
1764 5721 1807 5751 ⁸⁸
1846 5720 2037 5775 Matth.
2076 5738 2128 5781 v,

2297 5722 2343 5753 ”
2386 5719 2557 5778 Exod.
2596 5739 2675 5786 ιιι,
2714 5723 2800 5778 l5.

2263 4612 2493 4684 πορεύῃ,
2529 4614 2602 4683 μή
2637 4630 2703 4684 με
2732 4613 3013 4686 ἀναγάγῃς
3041 4612 3307 4666 ἐντεῦθεν·
3342 4633 3360 4665 ι
3398 4611 3533 4684 πρὸς
3560 4612 3661 4683 τὴν
3681 4611 3840 4677 ἀξίω-

2260 4721 2345 4756 σιν
2377 4704 2759 4768 ἐπινεύσαντος
2780 4703 2872 4757 τοῦ
2902 4704 3108 4775 Κυρίου
3128 4707 3222 4759 καὶ
3240 4707 3529 4776 φήσαντος,
3565 4726 3585 4757 ι
3615 4706 3725 4761 Καὶ
3749 4708 3844 4761 τὸν

2256 4795 2411 4864 λόγον
2461 4812 2555 4849 σου
2602 4795 2811 4859 τοῦτον,
2838 4795 2897 4848 ὃν
2926 4796 3170 4867 εἴρηκας,
3207 4799 3437 4869 ποιήσω,
3465 4818 3482 4849 ι
3522 4799 3585 4852 τὸ
3626 4799 3843 4870 ἕτοιμον

2265 4883 2488 4939 συνιδὼν
2514 4888 2613 4957 τῆς
2645 4885 2794 4950 Θείας
2822 4887 3252 4958 μεγαλοδωρεᾶς,
3281 4887 3585 4959 φθανούσης
3623 4889 3726 4960 τῆς
3754 4891 3827 4943 εύ

2263 4980 2514 5051 εργεσίας
2540 4982 2666 5045 τοὺς
2700 4981 2950 5053 μεγάλων
2979 4982 3358 5054 ὀρεγομένους,
3387 4979 3505 5037 εἶτα
3536 4984 3843 5055 σμικρύνας

2263 5073 2475 5137 ἑαυτὸν,
2507 5075 2600 5129 καὶ
2624 5074 2699 5137 ὡς
2731 5076 2805 5146 μὴ
2830 5076 2980 5142 ἄξιόν
3008 5094 3093 5129 πω
3123 5077 3232 5130 τῶν
3260 5075 3518 5147 μειζόνων
3545 5078 3842 5148 λογισάμε-

2262 5182 2374 5232 νος,
2397 5166 2592 5237 ἑτέραν
2620 5166 2695 5231 ὼς
2726 5168 2785 5221 ἐν
2817 5168 3098 5240 συγκρίσει
3126 5171 3224 5241 τῆς
3256 5171 3529 5243 προτέρας
3555 5171 3843 5225 ἐνδέουσαν

2262 5258 2487 5325 ἀξίωσιν
2510 5258 2785 5331 προτείνει
2807 5259 3001 5328 λέγων,
3030 5278 3050 5311 ι
3073 5260 3252 5326 Δεῖξόν
3278 5280 3367 5333 μοι
3382 5263 3481 5335 τὴν
3501 5263 3657 5329 δόξαν
3684 5280 3837 5327 σου,»

2266 5351 2490 5423 πληρῶν
2525 5352 2583 5406 δὲ
2610 5351 2776 5406 αὐτοῦ
2813 5352 2904 5406 τὸν
2933 5351 3091 5420 λόγον
3119 5355 3148 5407 6
3178 5354 3415 5427 Κύριος,
3464 5374 3482 5407 ι
3519 5354 3660 5424 Ἐγὼ
3695 5374 3843 5430 παρ-

2261 5445 2553 5517 ελεύσομαι
2587 5446 2851 5517 πρότερός
2878 5462 2970 5499 σου
2996 5449 3062 5518 τῇ
3088 5446 3213 5519 δόξῃ
3244 5465 3344 5519 μου
3364 5466 3377 5479 ·
3410 5450 3501 5503 καὶ
3529 5450 3745 5504 καλέσω
3783 5452 3845 5503 ἐν

2260 5537 2484 5610 ὀνόματι
2512 5539 2719 5611 Κυρίου
2763 5537 3005 5591 ἐναντίον
3061 5557 3176 5604 σου,
3209 5558 3227 5591 ι
3278 5542 3372 5595 καὶ
3411 5544 3480 5597 τὰ
3511 5542 3666 5614 ἐξῆςο
3697 5544 3847 5597 διδά-

2877 5724 2921 5754 ³⁰
2965 5724 3137 5778 Exod.
3179 5742 3370 5789 XXXIII,
3415 5728 3498 5782 l5.
3576 5729 3617 5759 “
3664 5728 3835 5785 Emi.

591 5783 865 5851 $1111.23.
942 5785 986 5816 ³¹
1026 5784 1197 5840 Exod.
1233 5802 1444 5854 χχχιιι,
1482 5789 1570 5843 15.
1648 5790 1693 5820 ³³
1733 5789 1864 5844 ibid.
1906 5792 1990 5846 t7.
2069 5793 2109 5825 ³⁸
2156 5793 2162 5845 l

2270 5789 2325 5846 «Π
2365 5808 2574 5859 χχχιιι,
2618 5783 2701 5848 18.
2782 5795 2825 5825 ³⁵
2867 5795 2999 5853 ibid.
3046 5798 3128 5849 l9.
