4134 6414
376 322 518 378 10Βὸ
1108 338 1153 369 1
1236 349 1240 353 ‹

1435 322 1729 379 ECLOGA-3
1765 320 2251 379 PROPHETICAZ.
2294 354 2360 366 -
2401 323 2528 383 LIB.
2563 327 2604 385 Ι.

3490 335 3626 390 10ίῖ6

375 464 522 502 σκων
548 448 632 502 ὅτι
653 448 717 521 δὴ
753 446 1162 520 πάσηςμείζων
1207 448 1310 518 τῆς
1347 448 1613 520 πρότερον
1649 445 1796 518 αὐτῷ
1822 444 1951 501 Θεω-

2055 448 2181 502 dam
2215 462 2265 506 te
2283 451 2453 521 gloria
2476 466 2615 514 mea,
2645 472 2661 504 ι
2695 460 2750 508 et
2781 453 2847 509 de
2881 451 3058 508 Patris
3087 453 3171 508 sui
3203 452 3472 517 doctrina,
3505 475 3523 507 ι
3562 452 3628 510 Et

376 540 648 614 ρουμένης
678 542 940 605 ὀπτασίας
969 543 1001 613 ἡ
1036 540 1130 593 τοῦ
1156 541 1367 612 Πατρος
1390 542 1485 595 καὶ
1519 539 1651 593 Θεοῦ
1680 540 1789 593 τῶν
1817 540 1953 594 ὅλων

356 638 633 708 ’τυγχάνει
659 637 878 706 γνῶσις,
906 640 971 709 ἣν
994 624 1088 692 καὶ
1114 636 1460 710 παραδώσειν
1494 635 1645 708 αὐτῷ
1677 637 1951 709 ὑπισχνεῖ-

376 746 489 792 ται,
522 730 650 802 περὶ
686 730 781 801 μὲν
810 730 1001 784 ἑαυτοῦ
1026 730 1218 799 λέγων,
1261 749 1280 782 ι
1307 727 1722 803 Παρελεύσομαι
1754 728 1952 800 πρότε-

379 822 472 895 ρός
505 840 597 877 σου
633 826 698 896 τῇ
734 822 861 899 δόξῃ
899 842 1018 896 μου.
1050 844 1069 876 ι
1105 824 1238 897 Περὶ
1264 824 1318 877 δὲ
1349 824 1449 893 τῆς
1475 821 1570 877 τοῦ
1601 821 1812 894 Πατρὸς
1857 839 1954 892 μυ-

380 916 689 985 σταγωγίας
706 917 787 979 τὸ,
811 937 828 968 ι
852 917 946 971 καὶ
967 917 1179 970 καλέσω
1194 919 1251 970 ὲν
1276 917 1498 988 ὀνόματι
1516 914 1741 987 Κυρίου’
1756 934 1774 965 ι
1797 913 1952 967 ποίου

376 1006 485 1078 γάρ
502 1009 729 1079 Κυρίου,
761 1008 922 1072 αὐτὸς
946 1007 1020 1064 ὣν
1036 1012 1064 1062 6
1081 1008 1165 1063 διὰ
1194 1007 1289 1067 τοῦ
1321 1008 1744 1080 τετραγράμμου
1766 1005 1954 1079 δηλού-

376 1115 537 1170 μενος
566 1099 788 1174 Κύριος,
823 1103 871 1155 εί
906 1101 979 1173 μὴ
1010 1101 1117 1174 ἄρα
1140 1100 1232 1154 τοῦ
1253 1100 1466 1170 Πατρδις
1495 1100 1744 1155 καλέσειν
1776 1101 1951 1168 ἐπαγ-

371 1189 656 1259 γέλλεται;
693 1191 802 1244 Καὶ
832 1190 1047 1262 ἀληθῶς
1068 1207 1131 1260 γε
1153 1193 1200 1244 εί
1227 1191 1300 1263 μὴ
1325 1190 1518 1244 διέλθοι
1543 1192 1664 1245 τινά
1689 1191 1952 1264 πρότερον

369 1282 402 1335 6
424 1281 518 1337 τοῦ
545 1282 679 1337 Θεοῦ
705 1284 896 1352 Λόγος,
924 1285 1016 1336 καὶ
1056 1285 1103 1336 εί
1147 1284 1220 1355 μὴ
1253 1283 1414 1345 αὐτὸς
1446 1282 1833 1339 ἀνακαλέσοιτο
1860 1284 1953 1339 τὸν

372 1376 610 1450 Πατέρα,
644 1377 753 1431 οὐδ’
792 1376 965 1442 ἄλλως
1014 1376 1236 1431 δυνατὸν
1282 1377 1382 1449 τὴν
1444 1375 1539 1430 τοῦ
1591 1375 1801 1450 Πατρὸς
1845 1376 1952 1431 τῶν

371 1468 511 1523 ὅλων
538 1468 826 1522 ἀναλαϐεῖν
875 1468 1108 1537 γνῶσιν·
1148 1487 1167 1520 ι
1216 1469 1338 1521 ἐπεὶ
1381 1467 1503 1539 μηδ’
1552 1465 1633 1533 εἷς
1675 1468 1816 1537 ἔγνω
1858 1468 1950 1523 τὸν

370 1558 592 1630 Πατέρα
625 1561 674 1612 εί
708 1559 780 1630 μὴ
810 1563 838 1613 6
867 1559 1014 1623 Υἱὸς,
1050 1560 1143 1612 καὶ
1167 1551 1211 1627 ᾧ
1237 1557 1302 1612 ἂν
1334 1560 1363 1612 6
1397 1558 1522 1622 Υἱὸς
1548 1557 1894 1632 ἀποκαλύψῃ.
1927 1577 1946 1609 ι

369 1648 542 1713 Αὐτὸς
566 1648 698 1717 γοῦν
731 1651 876 1702 ἐστιν
909 1650 942 1720 ή
971 1647 1110 1720 θύρα
1130 1648 1224 1701 καὶ
1245 1649 1279 1717 ἠ
1306 1646 1423 1711 ὁδὸς
1452 1646 1518 1700 δι’
1539 1638 1599 1699 οὗ
1623 1646 1783 1717 μόνου
1805 1645 1951 1698 ἔστιν

374 1742 502 1796 ἰδεῖν
532 1740 624 1795 τὸν
651 1740 907 1794 ἐπέκεινα
935 1741 1029 1794 καὶ
1058 1738 1317 1793 ἀνωτάτω
1346 1738 1452 1791 τῶν
1483 1738 1619 1792 ὅλων
1642 1739 1833 1803 αἴτιον,
1854 1738 1951 1792 αὐ-

369 1835 461 1888 τὸν
488 1835 577 1888 τὸν
606 1833 827 1903 Πατέρα
844 1849 858 1863 ο
885 1833 934 1885 εί
956 1831 1064 1903 γάρ
1096 1831 1190 1886 καὶ
1216 1830 1287 1884 τὰ
1310 1831 1541 1902 μάλιστα
1567 1824 1655 1885 οἷά
1679 1848 1761 1895 τις
1787 1828 1950 1884 αὐτοῦ

372 1928 679 2001 πρόδρομος
703 1925 1065 1998 προεπιδημεῖ
1094 1927 1215 1988 ταῖς
1245 1924 1354 1977 τῶν
1380 1923 1662 1996 μακαρίων
1693 1922 1892 1995 ψυχαῖς
1923 1923 1952 1975 6

371 2019 515 2083 θεῖος
548 2017 739 2088 Λόγος,
764 2018 860 2089 τῆς
893 2016 1025 2081 ἰδίας
1050 2016 1208 2087 δόξης
1237 2015 1550 2087 μεταδιδοὺς
1596 2016 1807 2079 αὐταῖς,
1837 2015 1949 2069 ἀλλ’

367 2111 468 2182 οὐχ
497 2109 711 2164 ἵσταταί
736 2126 799 2179 γε
833 2110 913 2172 είς
938 2108 1090 2172 τέλος
1115 2107 1185 2160 τὰ
1206 2108 1306 2179 τῆς
1341 2107 1628 2174 αὐθεντίας
1656 2110 1734 2173 είς
1764 2107 1955 2162 ἑαυτὸν

370 2201 790 2274 ἀναλαμὸἀνων,
827 2201 1358 2274 προπαρασκευάσας
1386 2203 1443 2255 δὲ
1469 2201 1565 2255 καὶ⁹
1594 2200 1954 2273 προευτρεπί-

373 2308 474 2354 σας
515 2292 613 2362 τὴν
652 2290 838 2362 μονὴν,
872 2291 1148 2362 ὑποχωρεῖ
1187 2290 1280 2343 καὶ
1330 2290 1804 2363 μεταπαραδίδωσι
1852 2290 1954 2361 τὴν

368 2381 652 2453 βασιλείαν
680 2380 758 2453 τῷ
784 2381 903 2453 Θεῷ
923 2382 1016 2435 καὶ
1039 2382 1232 2454 Πατρί.
1250 2381 1422 2435 Τοῦτο
1441 2382 1496 2435 δὲ
1518 2380 1613 2434 καὶ
1640 2381 1801 2446 αὐτὸς
1821 2384 1953 2453 ὁμο-

365 2474 524 2544 λογεῖ
557 2475 802 2544 φάσκων,
844 2494 861 2525 ι
885 2473 1026 2543 Ἐγὼ
1048 2474 1452 2546 παρελεύσομαι
1479 2473 1742 2545 πρότερός
1768 2490 1861 2527 σου
1884 2475 1951 2544 τῇ

368 2563 496 2636 δόξῃ
537 2581 659 2634 μου,
695 2565 788 2616 καὶ
817 2563 1031 2618 καλέσω
1068 2567 1126 2618 ὲν
1161 2563 1385 2635 ὀνόματι
1412 2562 1638 2634 Κυρίου.
1669 2583 1687 2615 ι
1716 2562 1827 2617 Νῦν
1854 2563 1954 2636 μὲν

369 2650 464 2709 οὖν
483 2654 626 2725 λόγῳ
648 2653 806 2709 τοῦτο
827 2654 1056 2727 πράξειν
1085 2654 1481 2724 ἐπαγγέλλεται
1498 2670 1511 2684 ο
1545 2651 1670 2726 ἑξῆς
1697 2654 1755 2708 δὲ
1778 2653 1955 2709 καὶτὸ

372 2748 535 2821 ἔργον
571 2750 765 2819 έπάγει
797 2748 923 2802 ἔνθα
952 2748 1185 2821 εἴρηται,
1220 2768 1239 2801 ι
1264 2749 1374 2803 Καὶ
1415 2748 1617 2820 κατέϐη
1650 2748 1852 2820 Κύριος
1897 2751 1955 2803 ὲν

371 2841 593 2915 νεφέλῃ,
624 2842 718 2894 καὶ
743 2841 988 2911 παρέστη
1012 2838 1160 2910 αύτῷ
1188 2840 1335 2893 ἐκεῖ·
1364 2837 1459 2892 καὶ
1483 2837 1740 2891 ἐκάλεσεν
1769 2839 1827 2890 ὲν
1849 2836 1959 2890 ὀνό-

374 2951 507 3007 ματι
543 2932 766 3005 Κυρίου.
804 2932 915 2987 Καὶ
959 2930 1234 3002 παρῆλθεν
1268 2929 1469 3001 Κύριος
1507 2928 1614 3000 πρὸ
1659 2926 1954 2999 προσώπου

372 3025 541 3081 αὐτοῦ
571 3026 665 3080 καὶ
694 3024 940 3088 ἐκάλεσε,
962 3022 1404 3096 Κύριος,Κύριος
1430 3022 1459 3074 6
1480 3019 1611 3084 Θεὸς
1631 3019 1951 3090 οἰκτίρμων,

2054 544 2260 599 vocabo
2293 544 2348 598 in
2375 545 2596 599 nomine
2627 542 2839 599 Domini
2867 561 3049 600 coram
3093 555 3167 601 te.
3196 566 3213 598 ι
3241 544 3413 613 Quem
3443 556 3625 603 autem

2055 631 2366 701 Dominum,
2403 650 2527 690 cum
2586 636 2658 691 sit
2713 637 2830 709 ipse
2878 635 3140 693 Dominus
3180 645 3625 710 tetragrammato

2054 726 2394 799 designatus,
2428 728 2531 784 nisi
2566 726 2779 783 Patrem
2812 744 2973 783 suum
3016 741 3337 785 vocaturum
3365 745 3487 786 esse
3529 730 3628 786 deo

2055 818 2587 876 nuntiat?Profecto
2640 821 2744 877 nisi
2790 823 3050 891 pnevium
3094 833 3182 877 eat
3215 823 3307 879 Dei
3359 821 3621 886 Verbum,

2055 913 2164 968 nisi
2196 913 2311 983 ipse
2349 912 2568 969 Patrem
2601 914 2850 982 advocet,
2885 915 3222 986 impossibile
3254 926 3335 972 est
3375 918 3624 986 quemvis

2054 1002 2298 1056 omnium
2328 1001 2507 1057 Patris
2538 1004 2819 1058 scientiam
2838 1003 3109 1074 excipere.
3144 1023 3162 1055 ι
3198 1004 3384 1076 Neque
3406 1004 3623 1063 Patrem

2054 1093 2180 1164 quis
2215 1094 2385 1151 novit.
2418 1096 2524 1151 nisi
2555 1093 2748 1161 Filius,
2771 1105 2826 1151 et
2855 1099 2942 1151 cui
2977 1094 3153 1152 Filius
3182 1099 3420 1154 voluerit
3470 1115 3623 1156 reve-

2053 1187 2168 1242 lare
2199 1189 2263 1242 ³⁴¹.
2300 1209 2318 1242 ι
2358 1189 2478 1258 Ιρεε
2512 1190 2677 1259 igitur
2706 1198 2790 1245 est
2827 1193 2995 1261 janua
3025 1194 3219 1261 viaque
3250 1207 3355 1261 qua
3387 1193 3503 1249 sola
3531 1209 3627 1249 ex-

2052 1280 2418 1335 celsissimam
2478 1280 3066 1353 immensissimamque
3120 1298 3302 1338 rerum
3379 1284 3624 1339 omnium

2053 1386 2296 1438 causam,
2326 1371 2543 1427 Patrem
2604 1373 2805 1444 ipsum,
2835 1373 3153 1444 conspicere
3198 1389 3510 1447 possumus.
3564 1374 3624 1432 Si

2052 1464 2195 1518 enim
2234 1480 2397 1534 quam
2426 1464 2685 1532 maxime,
2725 1466 2871 1521 velut
2911 1466 3109 1536 aliquis
3141 1465 3260 1535 ejus
3294 1482 3621 1536 prascursor,

2054 1553 2337 1610 beatorum
2391 1556 2604 1614 animas
2651 1557 2894 1612 divinum
2927 1558 3079 1627 praeit
3102 1555 3362 1622 Verbum,
3396 1559 3624 1628 partici-

2055 1662 2150 1717 pes
2171 1664 2266 1703 eos
2295 1650 2527 1721 propria:
2566 1650 2752 1722 gloria:
2778 1648 3035 1713 alliciens,
3063 1652 3157 1706 sed
3192 1667 3300 1706 non
3329 1651 3530 1707 desinit
3558 1649 3627 1705 ad

2055 1740 2214 1796 ﬁnem
2247 1744 2590 1799 auctoritatis
2614 1752 2795 1814 partes
2820 1745 2876 1799 in
2899 1761 2958 1801 se
2989 1745 3289 1816 suscipere,
3323 1752 3627 1817 praeparato

2055 1839 2235 1887 autem
2284 1848 2348 1887 ac
2371 1831 2638 1903 disposito
2663 1834 2997 1899 habitaculo,
3035 1835 3268 1892 discedit
3314 1846 3367 1892 et
3398 1850 3626 1906 regnum

2055 1921 2167 1979 Deo
2201 1931 2255 1978 et
2293 1922 2442 1979 Patri
2464 1924 2746 1981 transfert.
2781 1923 2938 1991 Quod
2976 1938 3029 1981 et
3064 1926 3179 1996 ipse
3209 1928 3501 1984 conﬁtetur
3542 1929 3626 1984 di-

2054 2032 2237 2074 cens:
2291 2035 2311 2069 ι
2355 2016 2467 2088 Ego
2497 2019 2796 2088 praecedam
2826 2026 2880 2074 te
2917 2018 3089 2089 gloria
3136 2034 3277 2082 mea,
3325 2028 3378 2074 et
3422 2021 3628 2077 vocabo

2056 2109 2112 2163 in
2144 2109 2365 2164 nomine
2394 2106 2631 2164 Domini.
2678 2130 2696 2162 ι
2730 2108 2885 2164 Nunc
2921 2110 3140 2179 quidem
3183 2109 3351 2164 verbo
3380 2111 3511 2167 illud
3547 2111 3629 2167 fa-

2056 2209 2274 2255 cturum
2330 2216 2453 2256 esse
2480 2202 2778 2272 promittit;
2805 2202 2949 2272 quod
2996 2216 3055 2257 re
3099 2203 3330 2273 peragit,
3356 2211 3414 2257 ut
3442 2210 3629 2259 osten-

2058 2292 2197 2348 dunt
2233 2309 2355 2365 qua:
2378 2304 2685 2365 sequuntur
2716 2313 2729 2349 :
2769 2312 2787 2345 ι
2826 2294 3074 2366 Cumque
3114 2296 3489 2354 descendisset
3522 2297 3627 2352 Do-

2058 2385 2241 2439 minus
2279 2399 2379 2453 per
2409 2385 2630 2451 nubem,
2658 2386 2809 2440 stetit
2840 2385 3054 2458 Moyses
3084 2400 3210 2440 cum
3247 2400 3334 2454 eo,
3365 2387 3628 2446 invocans

2056 2490 2255 2531 nomen
2287 2473 2522 2531 Domini.
2565 2474 2630 2529 Et
2675 2476 2894 2531 transiit
2943 2475 3208 2531 Dominus
3258 2482 3389 2531 ante
3432 2475 3628 2532 faciem

2056 2563 2197 2633 ejus,
2231 2567 2550 2636 vocavitque
2581 2583 2594 2620 :
2639 2564 2959 2621 Dominator
2993 2564 3223 2622 Domine
3263 2565 3427 2631 Deus,
3462 2568 3627 2622 mise-

2058 2656 2233 2711 ricers
2283 2665 2337 2712 et
2367 2658 2629 2725 clemens,
2666 2666 2719 2713 et
2752 2659 2988 2729 patiens,
3015 2665 3071 2714 et
3104 2659 3290 2714 multa:
3323 2659 3629 2715 miseratio-

2057 2749 2162 2812 nis,
2194 2763 2258 2803 ac
2291 2763 2476 2812 verax,
2506 2749 2600 2818 qui
2635 2750 2882 2807 custodis
2928 2750 3362 2806 misericordiam
3400 2751 3457 2806 in
3503 2750 3628 2805 mil-

2057 2841 2149 2909 lia,
2175 2841 2267 2912 qui
2303 2840 2488 2898 aufers
2520 2841 2864 2911 iniquitatem
2903 2851 2958 2898 et
2989 2843 3218 2906 scelera,
3250 2851 3413 2913 atque
3436 2857 3630 2914 pecca-

2056 2942 2132 2997 ta,
2172 2934 2467 3004 nullusque
2496 2933 2639 3005 apud
2675 2942 2727 2991 te
2759 2950 2856 3006 per
2886 2950 2944 2989 se
2967 2934 3232 2989 innocens
3254 2943 3357 2990 est.
3377 2932 3480 3007 Qui
3506 2932 3629 2989 τεά-ι

2055 3028 2141 3083 dis
2164 3028 2504 3099 iniquitatem
2548 3036 2765 3098 patrum
2810 3028 2957 3093 ﬁliis,
2987 3043 3050 3083 ac
3109 3028 3398 3098 nepotibus
3429 3027 3482 3082 in
3518 3035 3628 3082 ter-

369 3118 468 3174 καὶ
494 3119 762 3189 ἐλεήμων,
794 3116 853 3187 (f.
886 3116 975 3183 12)
1010 3112 1379 3187 μακρόθυμος,
1416 3112 1511 3166 καὶ
1535 3108 1838 3174 πολυέλεος,
1860 3109 1951 3164 καὶ

2057 3124 2186 3176 tiam
2208 3129 2262 3176 et
2293 3128 2543 3193 quartam
2574 3121 2886 3191 progeniem
2915 3120 3005 3175 '°‘.
3040 3139 3059 3173 ι
3093 3119 3218 3175 Haec
3246 3121 3390 3174 enim
3416 3120 3531 3192 ipse
3552 3119 3630 3177 di-

368 3209 643 3282 ἀληθινὸς,
674 3210 767 3262 καὶ
797 3207 1140 3278 δικαιοσύνην
1169 3205 1462 3277 διατηρῶν,
1495 3203 1663 3259 ποιῶν
1696 3202 1842 3266 ἕλεος
1874 3203 1953 3265 είς

368 3302 638 3375 χιλιάδας,
664 3300 913 3372 ἀφαιρῶν
956 3297 1205 3369 ἀνομίας,
1242 3298 1337 3350 καὶ
1373 3295 1606 3359 ἀδικίας,
1640 3294 1735 3349 καὶ
1770 3295 1952 3364 ἀμαρ-

366 3396 512 3459 τίας,
544 3394 640 3447 καὶ
683 3394 775 3448 τὸν
810 3392 992 3463 ἔνοχον
1036 3391 1097 3443 οὗ
1142 3388 1424 3461 καθαριεῖ·
1457 3387 1678 3457 ἐπάγων
1723 3387 1954 3457 ἀνομίας

370 3486 600 3559 πατρῶν
627 3488 719 3541 ἐπὶ
742 3486 930 3547 τέκνα,
958 3484 1055 3537 καὶ
1091 3484 1185 3535 ἐπὶ
1214 3481 1380 3535 τέκνα
1408 3479 1615 3533 τέκνων
1644 3477 1737 3532 ἐπὶ
1763 3476 1953 3550 τρίτην

368 3581 468 3635 καὶ
502 3579 768 3651 τετάρτην
795 3575 1008 3648 γενεάν.
1041 3593 1059 3626 ι
1089 3573 1273 3627 Ταῦτα
1300 3572 1409 3644 γὰρ
1429 3572 1593 3635 αὐτός
1622 3587 1755 3643 φησι
1783 3585 1954 3624 κατα-

374 3672 480 3737 σάς
504 3674 563 3725 ἐν
591 3670 786 3744 νεφέλῃ
809 3670 905 3724 καὶ
920 3666 1205 3739 παραστὰς
1232 3665 1311 3737 τῷ
1324 3667 1550 3720 Μωῦσεῖ
1568 3663 1597 3717 6
1623 3662 1711 3718 διὰ
1737 3661 1831 3720 τοῦ
1862 3678 1952 3714 τε-

376 3763 746 3836 τραγράμμου
786 3760 1114 3833 δηλούμενος
1154 3759 1358 3831 Κύριος
1377 3772 1392 3788 ο
1420 3756 1481 3821 ὃς
1513 3755 1636 3810 καθ’
1662 3755 1730 3826 ἢν
1764 3753 1954 3808 πεποί-

373 3873 502 3928 ηται
538 3856 829 3927 ὑπόσχεσιν
869 3852 1153 3924 παρελθὼν
1185 3852 1292 3924 πρὸ
1323 3848 1610 3923 προσώπου
1642 3847 1831 3914 αὐτοῦ,
1860 3847 1952 3900 τὸν

369 3949 468 4004 καὶ
499 3947 692 4004 ἑαυτοῦ
728 3946 930 4019 Κύριον
953 3946 1047 4000 καὶ
1071 3944 1310 4015 Πατέρα,
1337 3942 1430 3996 τὸν
1456 3939 1673 4011 ἀληθῶς
1698 3939 1827 3993 ὅντα
1846 3937 1953 3992 Κύ-

373 4057 491 4115 ριον
520 4040 746 4114 Κύριον,
766 4039 845 4104 δὶς
868 4039 956 4093 διά
993 4038 1087 4092 τοῦ
1120 4036 1545 4107 τετραγράμμου
1582 4030 1952 4104 ἐμφερόμενον

373 4133 724 4189 ἀνακαλεῖται
747 4130 921 4200 λέγων
941 4128 1020 4193 1:6,
1051 4149 1070 4180 ι
1093 4128 1314 4200 Κύριος.
1335 4124 1536 4198 Κύριος
1555 4128 1584 4178 6
1598 4123 1730 4187 Θεὸς
1749 4121 1952 4194 οἰκτίρ-

374 4242 494 4298 μων
528 4225 620 4278 καλ⁸
650 4224 915 4295 ἐλεήμων,
950 4242 968 4274 ι
1001 4223 1095 4276 καὶ
1140 4222 1215 4277 τά
1258 4220 1405 4289 ἑξῆς.
1440 4220 1502 4271 ΕΞ
1546 4217 1603 4270 δὲ
1634 4215 1951 4286 βιαζόμενός

368 4335 455 4381 τις
480 4316 678 4385 φάσκοι
712 4315 785 4387 μὴ
811 4315 902 4368 τὸν
930 4312 1157 4386 Κύριον,
1186 4310 1321 4366 ἀλλά
1348 4309 1588 4378 Μωῡσῆν
1612 4306 1787 4363 ταῦτα
1801 4307 1952 4377 είρη-

370 4411 548 4474 κέναι,
585 4412 792 4479 πεῖσμα
825 4407 1040 4478 βέϐαιον
1075 4404 1397 4477 λαμϐανέτω
1422 4403 1478 4470 ἐξ
1509 4400 1688 4456 αὐτῶν
1717 4399 1824 4453 τῶν
1856 4396 1949 4452 τοῦ

2060 3210 2156 3277 cit,
2197 3226 2321 3266 cum
2349 3210 2633 3267 descendit
2665 3211 2721 3265 in
2756 3209 2902 3265 nube
2930 3217 2983 3265 et
3011 3225 3179 3282 prope
3199 3208 3436 3281 Moysem
3479 3209 3631 3267 stetit

2057 3308 2507 3373 tetragrammato
2547 3302 2865 3372 designatus
2905 3300 3190 3357 Dominus.
3221 3299 3375 3365 Dein,
3401 3303 3474 3356 ob
3502 3314 3629 3374 pro-

2058 3393 2376 3449 missionem
2424 3409 2589 3465 quam
2644 3395 2762 3465 ipse
2816 3392 3043 3456 fecerat,
3072 3393 3352 3449 transiens
3398 3400 3524 3447 ante
3552 3390 3632 3446 [ει-

2058 3484 2197 3540 ciem
2226 3484 2368 3553 ejus,
2400 3485 2601 3540 suimet
2629 3484 2917 3540 Dominum
2940 3493 2996 3540 et
3023 3483 3257 3550 Patrem,
3287 3498 3415 3539 vere
3448 3481 3630 3538 Domi-

2057 3590 2212 3640 num,
2239 3574 2670 3640 Dominatorem,
2694 3576 2780 3632 bis
2815 3584 3257 3646 tetragrammato
3285 3575 3629 3645 designatum

2059 3667 2276 3725 invocat
2300 3668 2491 3725 dicens
2522 3687 2535 3723 :
2563 3686 2582 3719 ι
2621 3667 2939 3723 Dominator
2972 3667 3196 3724 Domine
3218 3666 3381 3731 Deus,
3418 3665 3631 3723 miseri-

2057 3769 2251 3817 corset
2277 3762 2540 3828 clemens,
2564 3780 2586 3817 ι
2606 3771 2659 3816 et
2684 3761 2912 3832 reliqua.
2938 3758 2996 3815 Si
3024 3761 3154 3832 quis
3183 3768 3366 3817 autem
3387 3759 3492 3815 loci
3509 3773 3631 3814 sen-

2058 3866 2179 3906 sum
2210 3849 2542 3923 detorquens
2570 3850 2797 3907 minime
2824 3866 2855 3905 a
2884 3849 3117 3907 Domino
3139 3851 3453 3915 contendat,
3474 3849 3572 3910 sed
3596 3865 3630 3906 a

2059 3942 2243 4014 Moyse
2271 3942 2387 3999 base
2415 3956 2541 3998 esss
2571 3942 2713 3997 dicta
2731 3982 2748 4007 ,
2780 3941 2912 3998 illud
2958 3943 3119 4014 plane
3149 3950 3490 4014 compertum
3527 3941 3628 4003 hac

2057 4033 2208 4089 bebit
2238 4033 2374 4103 ipsis
2393 4031 2596 4105 Moysis
2618 4032 2870 4100 vocibus,
2904 4031 3022 4089 haec
3057 4048 3183 4089 esse
3210 4033 3376 4092 verba
3406 4033 3623 4092 Domini

2056 4123 2369 4182 conﬁtentis
2394 4164 2410 4188 ,
2455 4139 2579 4180 cum
2631 4125 2690 4180 in
2742 4124 2849 4179 alio
2900 4124 3022 4178 loco
3067 4132 3324 4195 precatur
3383 4124 3623 4181 dicens:

2061 4234 2081 4269 ι
2120 4215 2496 4288 Magniﬁcetur
2516 4232 2649 4289 ergo
2686 4214 2951 4273 fortitudo
2983 4214 3199 4271 Domini
3228 4216 3370 4272 sicut
3402 4214 3626 4316 jur.asti.

2056 4308 2245 4365 dicens
2277 4328 2291 4364 :
2321 4308 2583 4366 Dominus
2620 4309 2836 4380 patiens
2879 4319 2933 4364 et
2984 4309 3168 4364 multa;
3214 4306 3625 4374 misericor'dim,

2059 4401 2314 4459 auferens
2368 4403 2712 4474 iniquitatem
2765 4413 2819 4459 et
2869 4404 3123 4467 scelera,
3170 4403 3489 4472 nullumque
3545 4402 3627 4458 in-

370 4501 650 4564 Μωῡσέως
681 4499 875 4569 φωνῶν
903 4496 1287 4570 ὁμολογοῦντος
1324 4495 1418 4549 τοῦ
1458 4493 1662 4566 Κυρίου
1690 4488 1828 4545 εἶναι
1857 4489 1951 4554 τὰς

2061 4497 2282 4551 noxium
2329 4496 2736 4567 derelinquens,
2789 4498 2881 4567 qui
2933 4498 3124 4553 visitas
3154 4505 3379 4566 peccata
3407 4501 3627 4566 patrum

373 4590 795 4662 προεκτεθείσας
832 4589 1026 4654 λέξεις,
1055 4589 1123 4643 δι’
1154 4581 1228 4642 ὧν
1258 4588 1546 4659 εὐχόμενος
1575 4588 1632 4639 έν
1659 4584 1829 4655 ἑτέρῳ
1858 4582 1950 4635 τό-

374 4698 463 4752 πῳ
491 4682 648 4752 φησὶ,
683 4700 701 4732 ι
722 4682 831 4736 Καὶ
856 4681 952 4734 νῦν
986 4679 1254 4751 ύψωθήτω
1289 4679 1323 4750 ἡ
1365 4678 1488 4750 χείρ
1515 4694 1631 4741 σου,
1656 4675 1828 4747 Κύριε
1850 4690 1866 4705 ’
1891 4672 1951 4726 δν

371 4772 574 4845 τρόπον
605 4768 764 4836 εἴπας
795 4772 988 4841 λέγων,
1016 4772 1221 4843 Κύριος
1254 4771 1623 4844 μακρὸθυμος,
1660 4770 1754 4823 καὶ
1791 4768 1953 4821 πολύ-

375 4864 546 4929 ἕλεος,
582 4865 677 4919 καὶ
722 4864 994 4937 ἀληθινός’
1032 4864 1279 4936 ἀφαιρῶν
1334 4863 1562 4933 ἀνομίας
1591 4862 1686 4917 καὶ
1715 4861 1949 4923 ἀδικίας,

373 4958 469 5011 καὶ
486 4956 761 5028 ἁμαρτίας
775 4974 790 4988 ο
816 4956 909 5011 κα)⁸
930 4954 1255 5028 καθαρισμῷ
1277 4956 1338 5009 οὑ
1360 4956 1613 5027 καθαριεῖ
1636 4956 1729 5008 τὸν
1747 4956 1947 5025 ἔνοχον,

371 5048 658 5112 ἀποδιδοὺς
704 5048 980 5120 ἁμαρτίας
1025 5045 1248 5118 πατρῶν
1299 5046 1391 5100 ἐπὶ
1431 5046 1599 5100 τέκνα
1628 5046 1733 5109 ἕως
1761 5045 1951 5116 τρίτης

374 5143 470 5197 καὶ
493 5141 758 5213 τετάρτης
782 5143 994 5209 γενεᾶς.
1029 5161 1047 5190 ι
1069 5139 1470 5212 Ἐναργέστατα
1499 5139 1563 5210 δὴ
1596 5134 1688 5192 οὖν
1720 5139 1813 5193 καὶ
1848 5154 1948 5191 σα·

373 5233 618 5303 φέστατα
653 5231 741 5285 διὰ
764 5230 967 5285 τούτων
995 5233 1156 5296 αὐτὸς
1181 5233 1210 5285 6
1252 5230 1453 5302 Κύριος
1479 5228 1579 5292 τὰς
1609 5227 1951 5301 προεκτεθεί-

375 5339 477 5387 σας
521 5321 760 5395 εἰρηκὼς
798 5326 1037 5395 παριστᾷ
1067 5339 1127 5376 τε
1155 5320 1556 5395 (παρίσταται)
1591 5320 1794 5389 φωνὰς,
1829 5320 1948 5391 μεί-

376 5414 505 5479 ζονα
518 5415 721 5487 Κύριον
749 5416 839 5469 τὸν
867 5415 1080 5487 ἀληθῶς
1108 5414 1329 5488 Κύριον,
1349 5415 1509 5484 δῆλον
1537 5413 1581 5467 δ’
1608 5414 1689 5466 ὅτι
1720 5413 1811 5466 τὸν
1829 5414 1950 5465 Πα-

371 5507 508 5580 τέρα
556 5506 771 5571 ἑαυτοῦ,
813 5506 1246 5578 ἀνακαλούμενος
1268 5523 1284 5539 '
1328 5508 1360 5579 ἢ
1405 5509 1453 5561 εί
1492 5505 1794 5570 δυσπειθῶς
1838 5505 1951 5575 ἔχοι

374 5598 513 5671 πρὸς
531 5599 723 5662 ταῦτα,
759 5598 960 5666 λεγέτω
987 5598 1043 5652 εἴ
1065 5615 1185 5652 τινα
1211 5598 1376 5669 ἀλλην
1413 5592 1522 5662 οἷός
1548 5598 1608 5651 τέ
1638 5600 1784 5652 ἐστιν
1809 5595 1950 5652 κατά

2054 4586 2109 4640 in
2154 4586 2293 4641 ﬁlios
2328 4586 2383 4640 in
2416 4588 2632 4641 tertiam
2667 4594 2721 4641 et
2762 4596 3010 4656 quartam
3063 4585 3470 4656 generationem
3501 4582 3568 4638 ³⁷.
3599 4601 3620 4638 ι

2053 4676 2374 4733 Clarissime
2398 4676 2566 4747 igitur
2582 4686 2635 4733 et
2657 4675 3106 4733 manifestissime
3138 4685 3283 4746 patet
3303 4690 3367 4731 ex
3415 4675 3483 4729 iis
3509 4673 3625 4731 hac

2053 4786 2176 4842 qua:
2206 4771 2493 4827 retulimus
2534 4768 2821 4825 Dominum
2855 4768 3080 4831 dixisse,
3126 4768 3387 4837 majorem
3441 4765 3627 4832 Domi-

2054 4879 2186 4919 num
2219 4871 2275 4919 et
2307 4878 2432 4918 vere
2456 4861 2765 4925 Dominum,
2802 4862 3010 4917 scilicet
3040 4859 3260 4915 Patrem
3291 4859 3434 4930 ejus,
3469 4862 3626 4914 invo-

2054 4963 2292 5011 cantem.
2328 4953 2430 5009 Cui
2465 4955 2512 5010 si
2543 4954 2676 5010 ﬁdes
2709 4953 2927 5008 diﬁicile
2957 4953 3303 5013 adhibeatur,
3335 4951 3519 5006 videre
3541 4960 3625 5007 est

2051 5064 2121 5105 an
2143 5048 2249 5102 alia
2280 5063 2403 5103 esse
2430 5047 2606 5118 possit
2634 5046 2915 5115 hujusloci
2933 5042 3263 5115 explanatio.
3277 5041 3490 5112 Quippe
3504 5043 3628 5096 ani-

2052 5136 2497 5194 madvertendum
2513 5147 2596 5191 est
2609 5151 2718 5190 non
2737 5136 2988 5207 angelum
3003 5133 3411 5189 manifestatum
3432 5132 3622 5196 fuisse,

2053 5232 2146 5288 sed
2163 5232 2339 5302 ipsum
2364 5236 2810 5299 tetragrammato
2830 5227 3174 5298 designatum
3195 5224 3509 5292 Dominum,
3527 5225 3624 5295 qui

2052 5334 2107 5379 et
2141 5321 2277 5378 facie
2308 5321 2373 5376 ad
2411 5320 2604 5376 faciem
2632 5336 2755 5376 cum
2773 5318 2957 5392 Moyse
2980 5318 3294 5389 perhibetur
3325 5315 3625 5373 fuissecol~

2052 5417 2290 5479 locutus,
2325 5429 2488 5484 quem
2518 5422 2576 5480 et
2600 5412 2811 5485 Moyses
2846 5413 3084 5479 invocat,
3125 5410 3622 5467 manifestationem

2051 5492 2148 5577 per
2174 5506 2395 5577 angelos
2424 5504 2751 5575 deprecatus
2774 5503 2861 5558 his
2887 5502 3105 5558 verbis:
3136 5520 3155 5554 ι
3196 5500 3252 5557 Si
3282 5517 3393 5557 non
3421 5512 3478 5556 tu
3506 5500 3623 5570 ipse

2055 5594 2425 5667 prteccdasme
2441 5591 2644 5648 educas
2657 5606 2759 5647 nos
2770 5592 2837 5647 de
2851 5592 2973 5647 loco
2985 5591 3191 5648 isto’”.
3206 5612 3224 5646 ι
3247 5590 3606 5650 Verumenim-

453 5754 495 5787 ³⁸
538 5755 727 5812 Matth.
766 5772 853 5819 τι,
883 5757 971 5810 27.
1047 5755 1117 5788 ⁸⁸·
1154 5753 1326 5810 Exod.
1360 5770 1540 5821 xxxrv,
1577 5752 1697 5808 5-7.
1773 5753 1817 5785 ³⁷
1854 5750 1951 5810 Nul

2055 5766 2164 5816 κιν,
2204 5749 2302 5817 i7,
2341 5748 2429 5804 18.
2508 5747 2575 5779 ²⁷⁴
2616 5744 2789 5805 Exod.
2825 5762 3034 5814 χχχιιι,
3073 5747 3160 5804 15.

622 5855 893 5914 ΡΑἸἩΟΙ..
941 5852 1061 5913 Gn.
1110 5851 1318 5913 XXII.

3190 5842 3266 5903 35

3711 1450 3925 1551 παις,
3945 1442 4091 1511 πει

3673 1538 4051 1678 με,
