4114 6472
542 332 677 386 1067
1248 326 1517 383 EUSEBll
1546 326 2024 384 CIESARIENSIS
2062 325 2212 384 OPP.
2248 325 2426 380 PARS
2467 325 3065 394 lll.—,EXEGETIC.\.
3661 330 3809 386 £063

541 460 669 498 vero
692 458 797 496 non
818 450 1048 517 possunt
1064 443 1178 496 haec
1191 441 1257 497 de
1272 443 1378 497 alio
1398 441 1502 498 nisi
1519 443 1694 498 solum
1709 443 1775 500 de
1791 443 1899 499 Deo
1921 444 2114 512 Verbo,

2220 448 2345 510 τοὺς
2378 446 2573 509 τόπους
2601 446 2875 499 ἐπιϐαλεῖν
2898 445 3148 516 διήγησιν
3169 462 3182 474 ·
3215 445 3494 512 φυλάττων
3516 449 3576 499 τὸ
3602 447 3679 517 μὴ
3703 450 3808 515 ἄγ-

541 537 594 590 in
628 535 895 607 principio
922 534 1065 606 apud
1099 533 1289 600 Deum,
1327 535 1518 591 referri
1547 555 1561 603 ;
1593 539 1686 606 qui
1739 553 1934 608 magna
1974 555 2108 593 con-

540 636 729 683 secuto
760 626 928 698 Moysi
963 627 1230 697 majorum
1264 627 1505 683 ostendit
1546 629 1856 694 scientiam,
1907 630 2111 685 docens

539 733 662 772 eum
718 727 775 771 ut
827 719 1003 774 solum
1057 733 1245 773 verum
1295 726 1590 789 cognoscat
1624 718 1814 782 Deum,
1863 728 1916 774 et
1949 735 2110 789 quem

512 791 689 864 'misit
716 808 880 864 Deum
912 808 1176 868 Verbum.
1206 817 1258 864 et
1286 810 1464 880 ipsum
1499 819 1622 880 post
1655 808 1872 865 Patrem
1926 809 2113 866 Domi-

543 918 785 973 numque
840 902 1139 972 Deumque.
1172 902 1236 955 Et
1267 903 1497 973 primam
1533 903 1754 973 quidem
1803 903 1854 957 ei
1889 903 2029 958 hanc
2060 911 2114 959 et

541 997 777 1052 maxime
811 997 1177 1052 necessariam
1203 997 1408 1066 praebet
1433 997 1746 1060 utilitatem,
1779 1012 1847 1051 ne
1869 1013 2112 1066 unquam

540 1091 609 1145 de
642 1089 884 1144 omnium
920 1088 1026 1143 Deo
1054 1089 1341 1158 Opiniones
1372 1089 1438 1142 ad
1464 1088 1874 1145 manifestatum
1899 1090 1947 1145 ei
1979 1088 2113 1144 Ver-

544 1183 669 1236 bum
705 1198 797 1252 per
827 1183 1146 1235 immensam
1177 1196 1358 1235 rerum
1409 1181 1648 1235 visarum
1685 1182 1912 1252 gloriam
1965 1182 2114 1235 acci-

546 1275 677 1346 piat.
708 1273 870 1329 Docet
894 1275 1057 1345 igitur
1097 1274 1333 1342 seipsum
1396 1274 1631 1342 primum
1679 1274 1972 1344 solumque
2019 1290 2114 1329 ve-

541 1383 662 1422 rum
698 1366 864 1421 Deum
893 1365 1220 1437 praecedere,
1253 1380 1414 1434 quem
1443 1367 1558 1436 ipse
1582 1365 1862 1420 invocabat
1888 1366 2109 1420 dicens:

545 1476 563 1508 ί
601 1456 917 1511 Dominator
953 1456 1175 1511 Domine
1208 1455 1374 1518 Deus,
1411 1457 1728 1513 misericors
1761 1466 1816 1513 et
1844 1459 2108 1524 clemens,

539 1550 774 1618 patiens,
799 1559 853 1604 et
874 1550 1054 1603 multa:
1076 1549 1483 1614 misericordiae,
1504 1558 1557 1604 et
1585 1566 1766 1606 verus.
1806 1571 1823 1604 ι
1852 1550 2110 1607 Eamdem

540 1641 786 1712 profecto
809 1644 917 1696 vim
940 1642 1102 1696 habet
1132 1663 1149 1693 ι
1174 1659 1358 1708 verus,
1383 1662 1399 1693 .-
1426 1643 1591 1696 acilla
1614 1661 1627 1697 :
1649 1661 1666 1693 ι
1693 1641 2114 1715 Utcognoscant

538 1740 592 1787 te
610 1733 784 1786 solum
810 1731 976 1786 Deum
1000 1733 1264 1795 verum",
1293 1753 1310 1785 ι
1331 1733 1397 1787 ab
1420 1733 1538 1802 ipso
1553 1731 1833 1788 Salvatore
1868 1734 1921 1787 in
1947 1733 2114 1789 Evan-

2219 540 2374 608 γελον
2409 535 2548 591 εἷναι
2575 540 2666 591 τὸν
2695 538 3119 609 χρηματίζοντα,
3155 537 3270 590 ἀλλ’
3293 538 3453 591 αὐτὸν
3478 538 3572 590 τὸν
3596 538 3689 591 διὰ
3707 541 3808 592 τοῦ

2219 632 2643 704 τετραγράμμου
2690 630 3016 702 δηλούμενον
3065 629 3290 700 Κύριον,
3319 630 3377 693 ὃς
3425 630 3520 682 καὶ
3571 629 3812 694 ἐνώπιος

2220 725 2434 796 ἐνωπίῳ
2455 723 2531 796 τῷ
2546 725 2770 777 Μωῦσεϊ
2791 722 3202 795 ἀναγέγραπται
3227 722 3603 794 λελαληκέναι,
3625 722 3688 775 ὃν
3710 724 3812 776 καὶ

2219 815 2360 880 ἀξιοῖ
2404 815 2502 886 τὴν
2549 815 2617 868 δι’
2641 813 2888 884 ἀγγέλων
2947 812 3278 885 προστασίαν
3307 812 3742 884 παραιτούμενος
3776 815 3812 864 6

2219 906 2461 976 Μωῦσῆς
2484 905 2680 974 λέγων,
2714 924 2731 956 ί
2762 906 2822 957 El
2859 904 2932 976 μὴ
2965 904 3125 966 αὐτὸς
3154 904 3216 957 σὺ
3253 903 3592 976 συμπορεύῃ,
3621 904 3697 972 μή
3737 919 3809 971 με

2220 999 2502 1070 ἀναγάγῃς
2531 998 2800 1054 ἐντεῦθεν.
2831 1018 2849 1050 ι
2871 997 3029 1050 ’Λλλά
3051 997 3160 1067 γὰρ
3184 996 3280 1067 οὐχ
3305 989 3414 1048 οἷόν
3438 1013 3496 1048 τε
3522 994 3700 1048 ταῦτα
3721 997 3809 1062 ἐφ’

2220 1094 2404 1167 ἕτερον
2443 1093 2474 1165 ἢ
2508 1093 2598 1146 ἐπὶ
2641 1093 2798 1162 μόνον
2831 1091 2919 1145 τὸν
2949 1093 3005 1144 ἐν
3035 1092 3176 1161 ἀρχῇ
3211 1091 3346 1160 πρὸς
3376 1089 3466 1142 τὸν
3504 1087 3636 1140 Θεὸν
3669 1085 3812 1139 Θεὸν

2220 1186 2391 1254 Λόγον
2443 1185 2735 1255 ἀναφέρειν
2756 1199 2768 1211 ·
2797 1183 2854 1247 ὃς
2887 1181 3134 1254 μεγάλων
3176 1168 3444 1252 ἐφιεμένῳ
3578 1181 3813 1233 Μωῦσεί

2219 1276 2317 1347 τὴν
2363 1275 2457 1329 τοῦ
2490 1275 2733 1346 μείζονος
2773 1273 3027 1345 ἐμφαίνει
3060 1272 3280 1342 γνῶσιν,
3311 1271 3577 1324 παιδεύων
3611 1269 3812 1323 ἑαυτὸν

2219 1368 2367 1432 ὅπως
2407 1367 2476 1422 ἂν
2521 1365 2762 1438 γινώσκῃ
2812 1364 2902 1418 τὸν
2949 1366 3106 1436 μόνον
3153 1365 3401 1435 ἀληθινὸν
3443 1361 3595 1426 Θεὸν,
3621 1362 3717 1414 καὶ
3747 1361 3810 1413 ὃν

2221 1460 2505 1514 ἀπέστειλε
2536 1459 2665 1512 Θεὸν
2691 1459 2882 1527 Λόγον,
2940 1458 3207 1530 δευτέρως
3237 1458 3328 1509 καὶ
3353 1455 3514 1510 αὐτὸν
3550 1455 3680 1508 ὄντα
3711 1471 3812 1525 με·

2219 1551 2289 1604 τά
2317 1550 2409 1604 τὸν
2440 1550 2662 1622 Πατέρα
2689 1551 2782 1604 καὶ¹
2821 1549 3025 1621 Κύριον
3059 1551 3150 1602 καὶ
3177 1548 3308 1602 Θεὸν
3328 1566 3341 1578 ·
3371 1549 3466 1602 xui.
3487 1548 3712 1621 πρώτην
3741 1565 3808 1615 γε

2220 1641 2370 1714 αύτῷ
2410 1643 2615 1712 ταύτην
2653 1643 2747 1696 καὶ
2792 1641 3230 1713 ἀναγκαιοτάτην
3276 1641 3504 1713 παρέχει
3536 1640 3633 1712 τὴν
3658 1640 3812 1709 ὠφέ-

2183 1745 2186 1748 ’
2221 1735 2392 1797 λειαν,
2421 1734 2495 1798 ὡς
2523 1733 2588 1786 ἂν
2627 1735 2836 1804 μήποτε
2863 1733 2962 1797 τάξ
3001 1733 3128 1805 περὶ
3173 1732 3309 1785 Θεοῦ
3341 1733 3449 1786 τῶν
3491 1732 3628 1786 ὅλων
3667 1734 3806 1786 ὐπο-

539 1824 694 1894 geliis
716 1823 880 1877 dicta.
905 1822 1028 1876 Haec
1048 1838 1153 1876 non
1174 1823 1530 1878 intellexisset
1555 1824 1733 1878 omnis
1759 1825 2012 1894 populus,
2045 1826 2114 1880 ad

2220 1828 2364 1890 νοίας
2415 1826 2507 1879 ἐπὶ
2561 1825 2652 1878 τὸν
2696 1825 3103 1897 χρηματίζοντα
3145 1824 3296 1896 αύτῷ
3343 1826 3516 1894 Λόγον
3567 1824 3653 1878 διὰ
3706 1826 3810 1896 τὴν

538 1931 722 1984 quem,
740 1915 926 1968 rudem
950 1916 1151 1977 adhuc,
1178 1931 1206 1968 a
1225 1916 1608 1970 manifestante
1633 1931 1692 1971 se
1710 1915 1942 1971 Domino
1965 1916 2115 1970 dice-

540 2009 700 2062 batur
724 2026 736 2061 :
767 2027 784 2058 ι
805 2007 916 2077 Ego
937 2024 1080 2071 sum,
1099 2015 1152 2062 et
1184 2024 1290 2062 non
1319 2015 1403 2064 est
1418 2008 1556 2063 alius
1574 2017 1773 2078 prteter
1789 2023 1873 2062 me
1889 2008 1975 2063 ’3‘.
2005 2028 2022 2060 ι
2045 2005 2116 2061 lis

538 2099 682 2153 enim
712 2111 976 2169 opuserat
998 2101 1152 2169 quasi
1187 2101 1515 2155 rudimentis
1543 2101 1608 2155 ad
1634 2117 1859 2172 regnum
1879 2099 1997 2160 Dei.
2022 2101 2115 2171 qui

545 2191 788 2246 nondum
821 2191 999 2246 Patris
1024 2202 1075 2246 et
1095 2191 1212 2246 Filii
1239 2193 1490 2263 dogmata
1509 2194 1801 2248 conciliare
1839 2201 2114 2264 poterant,

546 2284 928 2357 Egyptiorum
973 2288 1280 2342 idololatria
1329 2288 1642 2358 nuperrime
1689 2287 1919 2356 abiecta.
1954 2307 1971 2338 ι
2002 2287 2115 2359 Ego

538 2392 681 2440 sum.
703 2386 755 2432 et
777 2394 883 2432 non
909 2389 992 2433 est
1013 2379 1154 2434 alius
1179 2387 1371 2449 praeter
1395 2395 1510 2443 me;
1539 2399 1556 2428 ν
1586 2394 1649 2432 ex
1676 2378 1768 2432 Dei
1799 2377 1961 2433 Verbi
1987 2395 2112 2449 per-

541 2485 676 2524 sona
702 2469 976 2524 diceretur
1014 2470 1265 2525 similiter
1285 2485 1349 2523 ac
1392 2487 1406 2523 τ
1445 2489 1462 2520 ι
1508 2469 1622 2539 Ego
1663 2480 1717 2524 et
1755 2469 1915 2524 Pater
1945 2485 2112 2524 unum

540 2577 732 2615 sumus
753 2561 830 2624 ’9;
865 2579 883 2612 ι
905 2568 990 2616 et:
1017 2579 1034 2612 ι
1059 2559 1217 2615 Pater
1235 2559 1289 2615 in
1309 2576 1393 2615 me
1410 2568 1514 2624 est,
1535 2568 1588 2613 et
1609 2577 1707 2632 ego
1728 2561 1781 2614 in
1801 2560 1960 2616 Patre
1973 2562 2061 2613 ’9'.
2091 2579 2108 2612 ι

541 2652 1009 2719 Quemadmodum
1044 2653 1136 2722 qui
1161 2653 1292 2707 vidit
1325 2668 1482 2718 eum,
1516 2652 1649 2706 vidit
1679 2653 1915 2716 Patrem,
1975 2653 2117 2707 sicut

541 2746 749 2800 dictum
771 2753 886 2800 est:
918 2764 936 2796 ι
975 2745 1078 2812 Qui
1123 2744 1269 2800 videt
1310 2761 1419 2808 me,
1453 2745 1600 2798 videt
1650 2751 1703 2800 et
1735 2743 1950 2798 Patrem
1971 2745 2052 2810 ⁸ος
2093 2764 2112 2796 ι

541 2835 615 2890 ita
638 2836 729 2906 qui
752 2851 876 2891 eum
921 2834 1092 2901 audit,
1127 2835 1280 2890 audit
1321 2845 1369 2890 et
1413 2834 1629 2890 Patrem
1681 2834 1774 2904 qui
1821 2843 1905 2888 est
1946 2835 1998 2888 in
2031 2849 2116 2897 eo,

542 2943 667 2982 cum
693 2928 826 2982 dicit
852 2947 864 2981 :
898 2945 916 2978 ι
951 2926 1062 2996 Ego
1093 2942 1236 2990 sum,
1266 2935 1318 2981 et
1349 2943 1455 2980 non
1478 2936 1560 2982 est
1589 2927 1728 2980 alius
1748 2933 1942 2994 prteter
1962 2941 2066 2980 me.
2100 2943 2118 2976 ι

2223 1916 2527 1988 ὑπερϐολὴν
2555 1916 2654 1986 τῆς
2679 1916 2837 1988 δόξης
2865 1917 2972 1971 τῶν
3008 1917 3396 1989 θεωρουμένων
3433 1916 3654 1971 ἐκλάϐοι
3675 1934 3688 1946 ·
3720 1917 3806 1969 δι-

2218 2009 2406 2062 δάσκει
2447 2008 2545 2081 [εἰ]
2584 2007 2628 2062 δ’
2653 2005 2747 2063 οὖν
2778 2009 2940 2063 αὑτὸν
2972 2010 3185 2081 πριῖιτον
3217 2009 3313 2064 καὶ
3347 2009 3504 2080 μόνον
3549 2009 3809 2081 ἀληθινὸν

2217 2101 2350 2155 Θεὸν
2391 2101 2641 2173 ἡγεῖσθαι
2687 2100 2894 2166 τοῦτον,
2925 2102 2984 2155 ὃν
3035 2101 3195 2165 αὐτὸς
3241 2101 3556 2154 ἐπεκαλεῖτο
3604 2101 3806 2170 λέγων,

2223 2212 2242 2244 ι
2280 2193 2503 2265 Κύριος,
2523 2193 2728 2266 Κύριος
2747 2196 2775 2248 6
2790 2193 2920 2258 Θεὸς
2941 2193 3240 2264 οἰκτίρμων
3272 2195 3364 2248 καὶ
3383 2193 3648 2265 ἐλεήμων,
3699 2208 3809 2262 μα-

2218 2284 2510 2356 κρόθυμος,
2536 2286 2629 2340 καὶ
2647 2285 2950 2349 πολυέλεος,
2967 2285 3060 2339 καὶ
3082 2285 3352 2357 ἀληθινός.
3379 2306 3398 2338 ι
3428 2285 3670 2356 Πρόσχες
3693 2283 3809 2354 γὰρ

2218 2375 2492 2447 ἐπιμελῶς
2520 2375 2596 2448 τῷ
2631 2397 2649 2428 ‹
2676 2377 2925 2450 ἀληθινὸς
2954 2398 2970 2428 ι
2999 2378 3394 2448 παραπλησίως
3421 2377 3698 2450 είρημένῳ
3725 2376 3808 2443 τῷ

2225 2467 2372 2521 «Ἵνα
2396 2466 2742 2536 γιγνώσκωσί
2779 2485 2836 2521 σε
2869 2469 2958 2522 τὸν
2992 2469 3150 2540 μόνον
3185 2467 3436 2540 ἀληθινὸν
3460 2467 3612 2532 Θεὸν,
3649 2487 3666 2518 ι
3697 2467 3806 2520 ὑπὸ

2217 2557 2312 2612 τοῦ
2359 2558 2521 2612 αὑτοῦ
2567 2559 2817 2632 Σωτῆρος
2863 2561 2920 2614 ἐν
2950 2563 3062 2621 τοῖς
3093 2559 3443 2630 Εὐαγγελίοις
3485 2560 3801 2632 εἰρημένῳο

2219 2650 2392 2706 ταῦτα
2419 2651 2464 2704 δ’
2495 2653 2594 2706 οὐκ
2623 2652 2687 2706 ἂν
2715 2652 2991 2725 ἐχώρησεν
3020 2656 3048 2707 6
3083 2655 3187 2718 πᾶς
3217 2653 3343 2718 λαὸς
3365 2653 3501 2726 πρὸς
3524 2654 3600 2718 ὃν,
3629 2647 3718 2706 οἷα
3738 2652 3806 2724 δὴ

2223 2742 2602 2812 εἰσαγόμενον,
2631 2739 2736 2796 ὑπὸ
2770 2743 2864 2796 τοῦ
2894 2744 3322 2816 χρηματίζοντος
3353 2745 3590 2814 ἐλέγετο,
3622 2764 3640 2796 ι
3663 2744 3806 2814 Ἐγώ

2226 2833 2338 2903 εἰμι
2369 2833 2461 2885 καὶ
2489 2834 2588 2886 ούκ
2612 2832 2758 2886 ἔστιν
2783 2833 2865 2887 ἔτι
2887 2834 3029 2905 πλὴν
3051 2833 3184 2906 ἐμοῦ
3202 2853 3214 2865 ·
3249 2855 3268 2888 ι
3299 2835 3507 2889 ἐδέοντο
3529 2837 3637 2908 γάρ
3657 2831 3805 2890 οὗτοι

2232 2923 2600 2994 στοιχειώδους
2625 2926 2934 2996 εἰσαγωγῆς
2960 2925 3040 2980 ἔτι
3062 2927 3160 2995 τῆς
3190 2927 3320 2999 περὶ
3343 2926 3475 2980 Θεοῦ
3505 2927 3806 2999 μοναρχίας

539 3021 638 3092 οὐχ
657 3014 757 3074 οἷοί
787 3021 845 3073 τέ
868 3037 983 3083 πως
1002 3020 1151 3082 ὄντες
1184 3020 1250 3074 τὰ
1281 3019 1410 3091 περὶ
1428 3020 1640 3092 Πατρὸς
1662 3022 1755 3074 καὶ
1771 3019 1899 3073 Υἱοῦ
1920 3019 2164 3090 δόγματα
2199 3016 2507 3089 διαρθροῦν,
2528 3017 2620 3071 ἆτε
2647 3016 2872 3088 ἔναγχος
2909 3019 3007 3089 τῆς
3044 3019 3356 3088 Λίγυπτίων
3382 3020 3643 3074 πολυθέου
3667 3020 3804 3074 πλά-

539 3134 638 3188 νης
669 3117 1055 3188 ἀφεστηκότες.
1089 3116 1162 3167 Τὸ
1185 3115 1240 3168 δέ
1273 3135 1292 3167 ι
1316 3115 1455 3185 Ἑγώ
1478 3118 1592 3187 εἰμι
1627 3116 1720 3170 καὶ
1756 3117 1856 3170 ούκ
1917 3115 2062 3168 ἔστιν
2107 3113 2188 3167 ἔτι
2228 3113 2365 3185 πλὴν
2387 3113 2522 3183 ἐμοῦ
2553 3133 2570 3164 ι
2602 3113 2797 3183 λέγοιτ’
2825 3114 2890 3168 ἂν
2921 3117 2984 3169 ἐκ
3017 3115 3309 3188 προσώπου
3343 3115 3435 3170 τοῦ
3467 3117 3602 3171 Θεοῦ
3629 3118 3801 3187 Λόγου

539 3213 740 3284 ὁμοίως
769 3196 866 3284 τῷ,
905 3232 924 3264 ι
949 3211 1089 3282 Ἐγὼ
1119 3213 1212 3267 καὶ
1240 3214 1268 3266 6
1303 3213 1362 3284 (f.
1399 3214 1465 3267 12
1495 3213 1580 3284 νο)
1618 3213 1805 3285 Πατὴρ
1833 3213 1890 3266 ἐν
1924 3213 2087 3284 ἐσμεν
2108 3229 2121 3241 ·
2163 3211 2257 3266 καὶ
2278 3209 2387 3280 ἐγὼ
2407 3213 2465 3264 ἐν
2484 3210 2561 3282 τῷ
2589 3213 2764 3284 Πατρὶ
2788 3213 2882 3266 καὶ
2902 3214 2930 3266 6
2951 3214 3140 3285 Πατὴρ
3164 3215 3222 3268 ἐν
3245 3215 3386 3287 ἐμοί.
3420 3235 3438 3266 ι
3476 3215 3561 3278 Ὠς
3586 3219 3639 3285 γ’
3655 3213 3748 3270 οὖν
3772 3220 3800 3271 6

542 3310 802 3382 ἑωρακὼς
823 3309 983 3364 αὑτὸν
1006 3308 1216 3378 ἑώρακε
1254 3308 1346 3364 τὸν
1384 3309 1626 3381 Πατέρα,
1663 3310 1802 3363 κατὰ
1824 3309 1933 3373 τὸ,‹
1956 3309 2013 3362 Ὀ
2031 3307 2293 3380 ἑωρακὼς
2317 3307 2417 3378 ἐμὲ
2443 3306 2656 3378 ἐώρακε
2693 3308 2784 3360 τὸν
2824 3308 3048 3382 Πατέρα
3078 3309 3170 3363 τὸν
3196 3310 3488 3380 πέμψαντά
3526 3328 3594 3382 με
3610 3329 3626 3343 ο
3652 3332 3672 3364 ι
3713 3314 3803 3367 τὸν

540 3408 702 3462 αὑτὸν
717 3406 916 3477 τρόπον
936 3408 963 3459 6
982 3404 1146 3459 αὐτοῦ
1165 3405 1377 3459 ἀκούων
1394 3403 1488 3458 τοῦ
1529 3405 1585 3458 ἐν
1615 3404 1764 3475 αὐτῷ
1784 3405 1995 3476 Πατρὸς
2031 3405 2195 3474 ἤκουε
2233 3403 2480 3472 λέγοντος
2497 3403 2576 3466 τὸ,
2601 3422 2618 3454 ι
2644 3402 2783 3471 Ἐγώ
2811 3407 2926 3476 εἰμι
2956 3405 3048 3458 καὶ
3067 3407 3169 3459 οὐκ
3197 3407 3342 3460 ἐστιν
3359 3406 3436 3460 ἔτι
3455 3408 3591 3480 πλὴν
3611 3409 3766 3480 ἐμοῦ.
3779 3429 3802 3462 ι

615 3503 742 3558 Hac
802 3501 1029 3558 eﬂ'usius
1076 3502 1337 3568 diximus,
1384 3501 1763 3558 demonstrare
1813 3510 2114 3573 quaerentes

2292 3500 2478 3555 Ταῦτα
2523 3500 2566 3552 δ’
2597 3503 2731 3571 ἡμῖν
2777 3500 2853 3565 ὡς
2887 3503 2944 3555 ἐν
2985 3502 3326 3573 τηλικούτοις
3368 3504 3579 3575 εἴρηται
3622 3523 3804 3576 παρα-

541 3595 686 3667 quod
714 3596 902 3666 procul
943 3595 1108 3650 dubio
1140 3610 1317 3666 neque
1341 3596 1587 3650 omnium
1618 3595 1786 3661 Deus,
1818 3611 1993 3668 neque
2017 3611 2116 3650 an-

543 3689 714 3759 gelica
772 3687 977 3758 quazvis
1034 3697 1305 3758 potestas,
1360 3686 1456 3742 sed
1506 3688 1684 3759 ipsum
1734 3688 1827 3743 Dei
1878 3688 2114 3744 Verbum

545 3780 717 3853 Moysi
771 3781 1046 3850 apparuit,
1083 3779 1229 3852 quod
1293 3779 1524 3837 ﬁrmiter
1571 3782 1931 3848 credidimus,
1992 3790 2116 3853 post

542 3875 785 3929 omnium
814 3872 1030 3929 Patrem
1064 3881 1118 3929 et
1151 3873 1462 3937 Dominum.
1487 3875 1788 3931 secundum
1821 3892 1944 3931 esse
1995 3891 2115 3930 om-

96 3947 469 4072 δείτερος
541 3971 694 4025 nium
750 3967 1036 4024 Dominum
1066 3975 1122 4022 et
1165 3967 1374 4034 Deum;
1408 3968 1548 4024 sicut
1603 3967 1845 4024 Joannes
1881 3984 2118 4039 evange-

90 4092 182 4165 θε
201 4081 280 4176 0';

542 4062 666 4118 lista
699 4060 858 4116 nobis
887 4060 1235 4131 apertissime
1259 4059 1520 4126 ostendit,
1554 4061 1745 4116 dicens
1774 4080 1786 4115 :
1823 4079 1841 4112 ‹
1880 4060 1936 4115 ιιι
1962 4062 2114 4131 prin-

540 4154 688 4225 cipio
719 4161 838 4211 erat
857 4152 1119 4214 Verbum.
1155 4162 1209 4209 et
1236 4151 1476 4208 Verbum
1515 4161 1633 4208 erat
1662 4153 1805 4224 apud
1842 4154 2030 4215 Deum,
2060 4160 2113 4208 et

548 4245 693 4332 Deqs
721 4254 838 4302 erat
863 4246 1101 4302 Verbum
1127 4246 1220 4300 δ”.
1260 4264 1278 4297 ι
1315 4244 1507 4299 Nimiae
1535 4254 1718 4300 autem
1745 4261 1922 4316 operae
1945 4260 2119 4315 neque

542 4338 808 4409 pr0positi
868 4337 1042 4394 nostri
1097 4344 1242 4392 esset
1296 4337 1586 4408 exquirere
1629 4337 1754 4408 quis
1783 4338 1957 4400 locus.
1993 4353 2116 4407 quae

543 4441 695 4500 petra
725 4429 922 4496 forent,
955 4430 1021 4484 de
1059 4430 1260 4499 quibus
1295 4429 1429 4484 dicit
1462 4430 1728 4486 Dominus
1759 4449 1773 4486 :
1816 4450 1834 4482 ‹
1870 4430 2010 4484 Ecce
2033 4439 2118 4485 est

540 4521 695 4575 locus
749 4519 888 4590 apud
938 4535 1023 4572 me.
1071 4526 1126 4574 et
1183 4520 1354 4574 stabis
1391 4535 1560 4590 super
1606 4529 1815 4589 petram
1845 4523 1912 4575 "‘.
1953 4540 1971 4571 ι
2010 4519 2117 4576 Sed

538 4612 680 4668 hanc
716 4620 922 4683 petram
978 4611 1272 4680 Apostolus
1309 4611 1569 4665 indicavit
1608 4613 1796 4668 dicens
1835 4632 1848 4666 :
1891 4631 1908 4662 ι
1947 4610 2108 4666 Petra

541 4712 722 4759 autem
752 4712 869 4760 erat
895 4703 1150 4759 Christus
1171 4703 1263 4756 δι’.
1301 4723 1318 4755 ι
1347 4701 1507 4757 Petra
1545 4703 1809 4773 locusque
1839 4711 1996 4758 erant
2025 4719 2119 4758 ea-

539 4796 686 4859 dem,
716 4795 988 4865 suspicor,
1018 4810 1139 4864 qua:
1161 4794 1323 4849 obvia
1361 4792 1580 4848 fuerunt
1599 4791 1807 4847 Jacolio
1827 4833 1841 4856 ,
1873 4808 1998 4847 cum
2033 4791 2118 4845 die

2221 3591 2414 3662 στῆσαι
2445 3591 2806 3663 βουλομένοις,
2831 3595 2912 3646 ὅτι
2941 3593 3006 3666 δὴ
3040 3595 3456 3665 ἀναμφιλέκτως
3485 3597 3609 3650 οὕτε
3640 3601 3667 3651 6
3695 3599 3806 3652 τῶν

2217 3686 2353 3738 ὅλων
2383 3685 2535 3750 Θεὸς,
2565 3684 2690 3738 οὔτε
2728 3687 2990 3759 άγγελική
3035 3705 3117 3751 τις
3149 3687 3380 3758 δύναμις
3424 3685 3490 3760 ἦν
3522 3692 3553 3761 ἠ
3589 3708 3809 3762 χρημα-

2217 3776 2439 3840 τίζουσα
2470 3776 2549 3848 τῷ
2571 3779 2816 3843 Μωῦσεῖ,
2855 3779 3015 3843 αὐτὸς
3036 3779 3093 3832 δέ
3124 3782 3153 3833 6
3182 3779 3325 3845 θεῖος
3357 3783 3546 3850 Λόγος,
3569 3783 3626 3836 ὃν
3643 3785 3802 3855 ἀκρι-

2219 3869 2330 3935 ϐῶς
2359 3869 2805 3941 πεπιστεύκαμεν
2838 3872 2986 3953 μετά
3025 3871 3117 3924 τὸν
3145 3873 3252 3926 τῶν
3285 3873 3420 3928 ὅλων
3455 3875 3676 3945 Πατέρα
3709 3877 3805 3930 καὶ

2220 3966 2422 4037 Κύριον
2453 3959 2879 4045 δεύτερον-εἷναι
2901 3963 3020 4034 τῷν
3047 3965 3464 4040 άπάντῳνώΘεόν
3489 3984 3564 4040 τε⁷
3583 3968 3677 4020 καὶ
3695 3969 3804 4040 Κύ-

2223 4075 2368 4136 3th
2397 4058 2586 4129 ὥσπερ
2639 4057 2703 4128 δὴ
2735 4057 2830 4109 καὶ
2861 4059 2890 4110 ὁ
2920 4057 3310 4129 εὐαγγελιστὴς
3354 4058 3605 4129 Ἰωάννης
3640 4060 3804 4128 σαφέ-

2222 4167 2409 4222 στερον
2439 4152 2588 4221 ἡμᾶς
2610 4148 2859 4202 παιδεύει
2879 4148 3071 4216 λέγων’
3105 4169 3122 4199 ι
3170 4149 3257 4202 Ἑν
3279 4150 3419 4221 ἀρχῇ
3449 4145 3515 4221 ἦν
3543 4153 3570 4203 6
3609 4151 3801 4221 Λόγος·

2220 4243 2314 4296 καὶ
2337 4245 2365 4295 6
2394 4242 2564 4310 Λόγος
2584 4237 2650 4313 ἦν
2673 4240 2809 4312 πρὸς
2832 4238 2922 4293 τὸν
2944 4239 3075 4292 Θεόν
3097 4256 3111 4269 ·
3140 4240 3234 4293 καὶ
3264 4240 3397 4305 Θεὸς
3416 4236 3486 4311 ἦν
3506 4245 3535 4294 6
3564 4244 3764 4314 Λόγος·
3781 4264 3797 4294 ι

2220 4333 2423 4404 πολλῆς
2453 4333 2496 4386 δ’
2529 4333 2595 4387 ἂν
2623 4333 2830 4401 γένοιτο
2863 4332 2957 4384 καὶ
2994 4331 3114 4401 οὐχ).
3151 4331 3253 4402 τῆς
3278 4334 3561 4405 παρούσης
3606 4336 3801 4407 σχολῆς

2221 4426 2536 4499 σαφηνίζειν
2586 4427 2670 4490 τίς
2707 4425 2792 4497 ἄρ’
2816 4426 2900 4498 εἴη
2937 4427 2965 4478 6
3001 4426 3162 4489 τόπος
3196 4427 3347 4497 καὶὴ
3378 4427 3550 4499 πέτρα
3572 4429 3700 4500 περὶ
3730 4423 3802 4483 ὧν

2219 4513 2371 4570 εἶπεν
2403 4519 2431 4570 6
2462 4515 2685 4588 Κύριος,
2727 4535 2746 4568 ι
2789 4517 2918 4571 Ἰδοὺ
2951 4517 3114 4582 τόπος
3169 4521 3300 4589 παρ’
3330 4520 3453 4590 ἐμοὶ
3491 4521 3585 4574 xui.
3634 4524 3803 4596 στήσῃ

2219 4607 2311 4660 ἐπὶ
2340 4608 2437 4678 τῆς
2469 4607 2672 4677 πέτρας
2692 4624 2704 4637 ο
2736 4626 2754 4658 ι
2794 4608 2907 4661 ἀλλ’
2941 4611 2969 4661 6
2990 4609 3089 4679 μὲν
3135 4609 3457 4673 Ἀπόστολος
3476 4611 3574 4681 τὴν
3601 4613 3804 4683 πέτραν

2221 4698 2486 4770 ἐδήλωσεν
2515 4699 2703 4762 εἰπὼν,
2745 4718 2764 4750 ι
2809 4699 2873 4752 Ἢ
2904 4700 3078 4772 πέτρα
3105 4701 3162 4754 δὲ
3202 4697 3270 4773 ἦν
3292 4705 3321 4756 6
3356 4702 3609 4775 Χριστός.
3638 4726 3656 4758 ι
3693 4709 3803 4762 Ούκ

2221 4791 2378 4846 ἄλλον
2405 4791 2461 4844 δέ
2489 4792 2588 4861 τῆς
2612 4792 2820 4863 πέτρας
2850 4792 2980 4848 ὄντα
3009 4795 3104 4848 xui.
3136 4796 3229 4849 τὸν
3244 4796 3407 4850 τόπον
3434 4798 3803 4870 ὑπολαμϐάνω

540 4858 731 4940 citur:
770 4858 1094 4955 «Egressus
1156 4883 1324 4953 igitur
1368 4879 1538 4938 Jacob
1601 4882 1670 4937 de
1734 4891 1898 4953 puteo
1957 4882 2112 4952 iura-

2224 4883 2316 4938 τὸν
2345 4884 2506 4939 αὐτὸν
2545 4858 2900 4955 τυγχάνοντα
2953 4886 3031 4957 τῷ
3080 4887 3454 4960 ἀπαντήσαντι
3488 4889 3567 4960 τῷ
3612 4858 3801 4946 ξΙακὼϐ

541 4977 753 5044 menti,
817 4977 1073 5048 pergebat
1128 4975 1369 5043 Harrah;
1409 4984 1462 5031 et
1506 4975 1726 5030 obvium
1779 4975 1972 5031 habuit
2033 4975 2119 5030 lo-

541 5084 666 5124 cum
686 5071 756 5133 δ’,
798 5089 815 5122 ι
857 5083 942 5132 ac,
979 5069 1070 5123 ubi
1109 5068 1166 5123 in
1198 5068 1406 5124 somnis
1434 5065 1626 5122 videns
1658 5068 1860 5122 scalam
1882 5107 1896 5130 ,
1929 5067 2117 5138 illique

542 5161 791 5216 innixum
867 5160 1195 5220 Dominum,
1288 5174 1414 5213 cum
1491 5159 1854 5228 evigilasset,
1916 5159 2114 5215 dixit:

547 5271 568 5305 ι
606 5252 740 5308 Vere
763 5251 1027 5306 Dominus
1053 5258 1136 5306 est
1187 5251 1241 5304 in
1272 5251 1392 5306 loco
1434 5250 1541 5305 isto
1563 5251 1656 5313 ⁸³⁸,
1697 5269 1716 5301 ι
1753 5264 1817 5304 ac
1869 5265 2063 5306 rursus
2101 5270 2114 5304 :

547 5361 567 5397 ι
598 5341 773 5410 Quam
803 5345 1066 5400 terribilis
1095 5353 1179 5400 est
1219 5345 1372 5399 locus
1402 5343 1540 5398 iste!
1579 5341 1698 5397 Non
1728 5349 1810 5396 est
1837 5342 1924 5397 hic
1964 5342 2112 5397 aliud

544 5438 652 5493 nisi
681 5437 878 5492 domus
912 5436 1005 5490 Dei
1057 5445 1110 5492 et
1159 5447 1311 5508 porta
1367 5437 1491 5491 coali
1517 5435 1588 5490 ⁸³.
1626 5455 1644 5486 ι
1681 5435 1939 5500 Quaenam
1987 5452 2117 5490 vero

545 5530 617 5584 sit
636 5530 802 5585 facies
830 5528 924 5584 Dei
952 5527 1133 5591 Verbi.
1167 5544 1330 5600 quam
1349 5531 1536 5600 nequit
1565 5528 1798 5600 Moyses,
1821 5529 1874 5584 id
1899 5537 1984 5585 est
2011 5529 2118 5593 lex,

2227 4977 2354 5031 ἔνθα
2404 4977 2734 5049 γέγραπται,
2775 4998 2793 5031 ι
2858 4979 3110 5050 Ἐξῆλθεν
3155 4981 3213 5034 δὲ
3259 4983 3288 5034 6
3335 4981 3527 5035 Ἰακὼϐ
3561 4985 3670 5038 ἀπὸ
3710 4985 3801 5040 τοῦ

2228 5070 2461 5141 φρέατος
2510 5068 2602 5123 τοῦ
2631 5070 2816 5142 ὅρκου,
2866 5072 2960 5124 καὶ
2991 5070 3262 5145 ἐπορεύθη
3297 5075 3377 5138 εἰς
3407 5076 3653 5148 Χαρράν.
3701 5078 3804 5132 Καὶ

2226 5162 2505 5233 ἀπήντησε
2533 5160 2686 5233 τόπῳ
2720 5180 2738 5213 ι
2777 5161 2905 5216 ἔνθα
2931 5163 3028 5216 καὶ
3058 5161 3181 5218 ἰδὼν
3211 5167 3269 5217 ἐν
3289 5166 3527 5237 ὁράματι
3552 5168 3652 5238 τὴν
3685 5168 3803 5222 κλί-

2230 5271 2378 5325 μακα
2409 5256 2502 5308 καὶ
2518 5253 2608 5310 τὸν
2627 5255 2714 5307 ἐπ’
2743 5255 2912 5326 αὐτῆς
2940 5257 3333 5327 ἐστηριγμένον
3362 5259 3802 5330 Κύριον,διυπνι-

2227 5346 2373 5411 σθείς
2402 5365 2586 5419 φησιν,
2622 5365 2641 5398 ι
2673 5347 2795 5400 Ὅτι
2822 5346 2934 5400 ἐστι
2966 5345 3170 5418 Κύριος
3201 5351 3259 5403 ἐν
3285 5351 3362 5421 τῷ
3387 5352 3538 5422 τόπῳ
3569 5352 3762 5421 τούτῳ·
3781 5373 3797 5403 ι

2227 5440 2320 5493 xui.
2379 5439 2540 5493 πάλιν
2583 5435 2753 5493 εἶπενο
2787 5460 2805 5490 ι
2859 5441 2944 5503 Ὠς
2989 5440 3218 5512 φοϐερὸς
3258 5444 3286 5495 6
3326 5442 3488 5507 τόπος
3511 5436 3685 5507 οὗτος,
3708 5447 3800 5498 οὐκ

2230 5531 2344 5585 ἐστι
2381 5532 2539 5586 τοῦτο
2589 5531 2700 5586 ἀλλ’
2731 5532 2764 5604 ἢ
2801 5528 2945 5595 οἶκος
2976 5531 3070 5584 τοῦ
3105 5531 3270 5586 Θεοῦ*
3304 5537 3398 5589 καὶ
3437 5537 3573 5606 αὐτὴ
3599 5538 3630 5607 ἡ
3661 5535 3797 5610 πύλη

613 5712 669 5787 ³1
695 5710 854 5787 Joan.
887 5727 1033 5776 xvn,
1067 5712 1142 5787 3_._
1196 5710 1462 5787 "f_Dettt.
1496 5726 1681 5787 χχχιι,
1718 5711 1823 5787 59)⁸
1879 5711 1929 5787 ξ’
1970 5712 2107 5768 Joan

2220 5755 2226 5774 ,
2524 5713 2654 5787 ibid.
2691 5714 2778 5768 58.
2856 5715 2902 5787 δέ
2928 5713 3085 5787 Joan.
3125 5733 3234 5779 xw,
3273 5717 3305 5772 9
3407 5716 3657 5774 “'Joau.
3683 5719 3795 5787 I,L

542 5781 589 5868 ξι
630 5781 801 5838 Exod.
841 5798 1046 5851 xxxm,
1082 5781 1172 5838 21.
1249 5783 1316 5816 δι’
1359 5781 1523 5839 lCor.
1558 5799 1613 5852 x,
1646 5784 1701 5841 4.
1783 5783 1826 5815 ⁵³
1868 5782 2004 5842 Gen.
2042 5801 2110 5840 xx

2220 5825 2235 5852 ,
2273 5785 2357 5841 10.
2435 5785 2504 5816 ⁸¹⁹
2543 5784 2674 5840 ibid.
2713 5787 2801 5842 16.
2878 5786 2923 5819 ⁸³
2964 5785 3094 5842 ibid.
3135 5787 3218 5843 l7.
