4134 6414
404 328 542 386 1069

1456 287 1753 393 ἐσιοολε
1787 331 2261 392 ΡΒΟΡΗΕΤΙΟΙΕ.
2299 365 2370 375 —
2406 324 2532 390 LIB.
2573 326 2615 390 1.

3516 338 3540 393 1
3550 336 3655 395 070

401 450 494 503 τοῦ
529 447 779 523 οὐρανοῦ.
832 471 850 503 ι
897 449 1055 507 Ἀλλὰ
1088 453 1182 508 καὶ
1209 453 1259 507 τί
1306 453 1365 507 τὺ
1399 455 1689 528 πρόσωπον
1719 457 1812 511 τοῦ
1839 456 1968 511 Θεοῦ

2086 463 2144 508 ιιι
2172 455 2409 510 humana
2470 455 2635 511 nimis
2684 455 3113 528 corporalisque,
3146 451 3654 528 igntueri;qu:enam

401 541 644 610 Λόγου,ὃ
671 543 744 614 μὴ
759 541 980 597 δύναται
998 545 1234 617 Μωῦσῆς
1257 547 1285 598 6
1311 547 1492 617 νόμος,
1525 548 1618 601 ἇτε
1645 547 1980 620 ἀνθρώπινος

401 632 496 685 καὶ
527 631 979 705 σωματικώτερος
996 634 1091 700 ὢν,
1123 635 1346 708 θεωρεῖν
1360 655 1379 703 1·
1414 639 1538 692 τίνα
1565 656 1622 691 τε
1656 639 1724 694 τὰ
1755 642 1977 696 ὀπίσθια

400 723 588 787 αὐτοῦ,
621 722 656 777 ἃ
691 725 850 795 μόνον
881 729 1078 798 χωρεῖν
1107 723 1215 792 οἷός
1242 745 1300 782 τε
1339 724 1406 801 ἦν
1437 731 1465 782 6
1493 732 1720 796 τυπικος
1749 733 1842 786 καὶ
1871 733 1979 788 τῶν

401 815 606 886 νοητῶν
640 815 980 887 συμϐολικῶς
1007 818 1142 889 (κὸς)
1171 820 1362 891 νόμος·
1405 821 1522 886 πῶς
1558 839 1616 876 τε
1654 824 1865 897 εἴρηται
1893 826 1974 892 τὸ,

409 924 427 956 ι
463 906 732 960 Σκεπάσω
775 911 840 978 τῇ
877 909 1019 980 χειρί
1055 926 1158 980 μου
1201 912 1292 965 ἐπὶ
1325 912 1402 977 σὲ,
1447 933 1464 965 ι
1501 912 1851 986 καλύμματος
1881 919 1976 972 καὶ

403 998 611 1070 σκέπης
663 999 1034 1071 ἐπιτιθεμένου
1081 1001 1158 1073 τῷ
1199 1003 1377 1073 νόμῳ,
1439 1002 1516 1068 ὼς
1569 1006 1657 1060 διὰ
1716 1007 1873 1062 τοῦτο
1918 1009 1977 1062 τὸ

401 1089 664 1161 κάλυμμα
693 1091 762 1143 τὰ
795 1093 890 1162 μὲν
919 1093 1091 1146 ὀπίσω
1119 1094 1375 1150 δύνασθαι
1403 1097 1556 1168 ὁρᾷν,
1593 1099 1772 1153 οὐκέτι
1816 1101 1872 1156 δέ
1910 1086 1978 1157 τά

401 1182 788 1256 προηγούμενα
828 1185 920 1238 καὶ
971 1184 1328 1260 διαφέρονταο
1366 1190 1474 1262 ἰδία
1517 1192 1658 1246 κατὰ
1691 1193 1900 1266 καιρὸν,
1932 1189 1977 1264 ᾧ

404 1274 554 1347 μέλει
579 1276 676 1348 τῆς
690 1274 894 1330 τούτων
926 1277 1173 1350 ἐρεύνης,
1209 1282 1509 1353 ἐπιστήσας
1535 1283 1762 1341 εἵσεται.

928 1388 1320 1446 ΚΕΦΛΛΑΙΟΝ
1355 1395 1452 1448 1Γ’.

415 1476 508 1530 Ἐκ
525 1474 645 1531 τῶν
685 1476 957 1550 Ἀριθμῶν
986 1480 1096 1550 τῆς
1116 1484 1283 1552 γ’τοῦ
1315 1488 1562 1556 Βαλαὰμ
1589 1489 1970 1558 προφητείαςι

477 1588 496 1620 ι
545 1568 909 1634 Ἐξελεύσεται
929 1573 1213 1646 ἄνθρωπος
1235 1579 1297 1630 ἐκ
1326 1578 1418 1631 τοῦ
1442 1580 1754 1651 σπέρματος
1785 1582 1972 1648 αὐτοῦ,

401 1660 494 1712 καὶ
523 1660 799 1733 κυριεύσει
838 1665 1005 1718 ἐθνῶν
1031 1667 1238 1722 πολλῶν
1256 1686 1270 1698 ·
1299 1669 1391 1722 καλ⁹
1426 1669 1767 1744 ὑψωθήσεται
1793 1668 1824 1746 ή
1853 1675 1975 1744 Γὼγ

2079 551 2133 599 et
2159 552 2309 616 terga
2352 544 2500 615 ejus,
2545 561 2670 616 quae
2707 554 2920 603 tantum
2950 547 3269 618 conspicere
3312 547 3526 603 valebat
3564 557 3654 620 ty-

2080 639 2202 711 pica
2233 646 2288 694 et
2313 639 2656 710 spiritalium
2685 641 2983 711 symliolica
3021 641 3142 706 lex;
3174 641 3448 710 quomodo
3499 639 3652 695 dicaa

2078 738 2207 785 tur:
2239 750 2258 782 ι
2287 727 2576 802 Protegam
2623 737 2678 786 te
2724 732 2944 787 dextera
2983 745 3124 795 mea,
3157 751 3176 784 ι
3209 731 3368 802 quasi
3427 731 3550 788 velo
3597 741 3654 788 et

2081 823 2321 892 tegmine
2351 823 2450 892 legi
2483 821 2743 886 obducto,
2775 832 2834 879 ut
2855 839 2951 895 per
2974 825 3106 880 illud
3132 827 3309 880 velum
3341 825 3651 894 posteriora

2077 913 2255 984 possit
2290 916 2560 985 aspicere,
2612 931 2723 970 non
2769 925 2951 972 autem
2998 918 3272 974 anteriora
3320 927 3376 974 et
3411 918 3644 988 poliam,

2081 1007 2400 1078 singulatim
2437 1009 2491 1062 in
2523 1016 2768 1078 tempore
2800 1021 3112 1080 opportuno
3154 1010 3320 1082 hujus
3351 1011 3649 1084 investiga:-

2077 1095 2243 1154 tionis
2277 1097 2540 1156 studiosis
2581 1098 2978 1171 explanabitur.

2659 1378 2886 1441 CAPUT
2921 1381 3060 1441 Xlll.

2234 1472 2316 1535 Ex
2349 1475 2707 1537 Numerorum
2737 1483 3146 1537 tertia'Bnlaam
3180 1484 3466 1553 prophetia.

2154 1591 2174 1626 ‹
2212 1572 2533 1645 Egredietur
2563 1576 2725 1630 homo
2751 1575 2817 1630 de
2842 1577 3048 1632 semine
3081 1577 3219 1646 ejus,
3263 1585 3316 1632 et
3340 1575 3648 1633 dominabid

2077 1673 2164 1720 tur
2198 1667 2250 1720 in
2291 1668 2543 1738 gentibus
2580 1669 2791 1723 multis.
2823 1667 3068 1722 Tollctur
3116 1669 3265 1740 Agag
3292 1680 3387 1724 rex
3419 1671 3562 1739 ejus,
3593 1671 3650 1725 et

403 1746 668 1856 ξασιλεία,
716 1753 809 1808 καὶ
851 1755 1212 1828 αὐξηθήσεται
1255 1759 1288 1830 ή
1340 1760 1583 1831 βασιλεία
1612 1761 1805 1818 αὐτοῦ·
1842 1766 1968 1831 Θεὸς

2077 1756 2358 1814 auferetur
2387 1771 2611 1829 regnum
2642 1760 2808 1814 illius.
2857 1758 2999 1815 Deus
3040 1758 3226 1814 eduxit
3260 1760 3410 1814 illum
3452 1761 3519 1815 de
3549 1756 3649 1816 ΔΕΑ

398 1838 682 1914 ὡδήγησεν
718 1844 880 1899 αὐτὸν
905 1847 964 1912 ἐξ
987 1847 1280 1918 Αἰγύπτου,
1315 1851 1389 1917 ὡς
1420 1853 1577 1918 δόξαν
1604 1857 1973 1929 μονοκέρωτος

400 1933 550 2005 αὐτῷ
568 1951 580 1964 ·
611 1936 784 1990 ἔδεται
808 1937 933 2010 ἔθνη
962 1937 1171 2012 ἐχθρῶν
1198 1940 1382 2008 αὐτοῦ,
1408 1945 1585 1998 καὶτὰ
1613 1948 1760 2019 πάχη
1797 1949 1974 2002 αὐτῶν

403 2025 699 2098 ἐκμυελιεῖ,
721 2033 814 2083 καὶ
830 2033 947 2096 ταῖς
966 2031 1168 2102 βολίσιν
1183 2037 1345 2090 αὐτοῦ
1375 2039 1724 2104 κατατοξεύει
1757 2041 1970 2113 ἐχθρόν.

401 2116 764 2183 Κατακλιθεὶς
802 2121 1145 2176 ἀνεπαύσατο
1179 2123 1253 2188 ὡς
1283 2122 1438 2191 λέων,
1470 2128 1563 2180 καὶ
1595 2127 1670 2193 ὼς
1697 2130 1936 2200 σκύμνος
1955 2148 1968 2161 ·

400 2215 480 2278 τίς
502 2217 794 2288 ἀναστήσει
826 2214 1026 2284 αὐτόν;
1061 2221 1109 2273 ot
1135 2217 1479 2289 εὐλογοῦντες
1514 2241 1593 2288 σε,
1625 2223 1968 2298 ηὑλόγηνται’

399 2308 493 2360 καὶ
546 2309 596 2360 οἱ
650 2307 1026 2381 καταρώμενοί
1084 2328 1162 2376 σε,
1209 2315 1629 2386 κεκατήρανται.
1676 2337 1695 2370 ι
1742 2315 1974 2390 Χριστός

400 2399 547 2450 ἐστιν
577 2399 605 2451 6
637 2400 702 2453 ἐκ
728 2398 1037 2474 σπέρματος
1082 2404 1296 2475 Ἰσραὴλ
1319 2402 1378 2458 τὸ
1401 2408 1539 2460 κατὰ
1574 2406 1752 2481 σάρκα
1781 2429 1973 2485 γεννη-

400 2489 530 2554 θεὶς,
566 2491 658 2544 καὶ
692 2491 982 2564 κυριεύσας
1022 2493 1188 2550 ἐθνῶν
1210 2497 1417 2552 πολλῶν
1438 2517 1452 2530 ·
1487 2496 1634 2554 ποῖον
1665 2503 1772 2575 γάρ
1801 2501 1975 2580 ὑπῆρ-

401 2580 488 2644 ξεν
518 2580 665 2646 ἔθνος
692 2584 966 2655 ἀγνοῆσαν
1004 2587 1104 2658 τὴν
1138 2587 1227 2642 ὑπ’
1266 2587 1425 2644 αὐτὸν
1454 2591 1717 2659 δουλείαν,
1755 2599 1833 2661 εἰς
1871 2601 1974 2653 πᾶ-

401 2683 500 2722 σαν
522 2671 619 2742 τὴν
635 2670 738 2744 γῆν
754 2673 1058 2741 ἐξελθόντος
1078 2677 1170 2731 τοῦ
1190 2679 1347 2749 λόγου
1376 2681 1483 2734 τῶν
1506 2684 1760 2756 μαθητῶν
1784 2689 1968 2754 αὐτοῦ,

327 2791 332 2794 -
399 2764 494 2817 καὶ
516 2765 596 2828 εἰς
628 2765 696 2818 τὰ
725 2768 1014 2840 σπέρματα
1060 2773 1156 2843 τῆς
1181 2775 1505 2848 οἰκουμένης
1555 2779 1664 2831 τῶν
1714 2784 1972 2853 ῥημάτων

397 2854 612 2922 αὑτῶνς
648 2859 806 2929 Παρά
834 2863 883 2929 γ’
934 2857 1026 2916 οὖν
1069 2864 1338 2930 πλείστοις
1369 2869 1462 2921 καὶ
1492 2871 1669 2924 αὐτῶν
1699 2874 1808 2927 τῶν
1839 2875 1973 2948 βαρ-

398 2938 582 3018 ϐάρων
606 2949 832 3015 πολλοὺς
858 2952 1002 3006 ἔστιν
1046 2956 1171 3008 ἰδεῖν
1196 2957 1283 3011 διὰ
1314 2961 1411 3030 τῆς
1450 2963 1529 3026 εἰς
1552 2965 1713 3018 αὐτὸν
1738 2938 1970 3034 πίστεως

397 3038 493 3091 ἐπὶ
526 3041 624 3110 τὴν
649 3040 743 3094 τοῦ
768 3044 884 3107 ἑνὸς
908 3045 1040 3099 Θεοῦ
1071 3046 1132 3117 (1³.
1158 3049 1244 3118 15)
1275 3051 1474 3117 γνῶσιν
1508 3053 1849 3126 ἐληλυθότας,
1877 3062 1970 3114 καὶ

2077 1857 2264 1920 gypto,
2297 1849 2458 1918 cujus
2491 1848 2755 1904 fortitudo
2784 1848 2978 1903 similis
3009 1855 3094 1903 est
3127 1848 3509 1904 rhinocemtis.
3543 1846 3649 1903 Dea

2078 1939 2349 1994 vorabunt
2380 1949 2564 2009 gentes
2590 1939 2777 1994 hostes
2806 1938 2976 2003 illius,
3013 1954 3247 2008 ossaque
3269 1955 3460 1994 eorum
3509 1952 3648 1994 com

2077 2031 2316 2100 fringent
2342 2039 2396 2084 et
2426 2030 2781 2101 perforabant
2811 2031 3047 2101 sagittis.
3080 2029 3370 2085 Aceubans
3389 2030 3647 2085 dormivit

2076 2131 2136 2178 ut
2169 2124 2250 2178 leo
2279 2131 2333 2178 et
2375 2123 2530 2192 quasi
2559 2124 2732 2178 leonis
2765 2124 3001 2178 catulus.
3035 2121 3168 2188 Quis
3211 2137 3334 2177 eum
3377 2123 3649 2178 suscitare

2076 2217 2339 2272 audebit?
2365 2215 2466 2281 Qui
2501 2214 2876 2270 benedixerint
2905 2215 3025 2279 tibi,
3055 2221 3214 2270 erunt
3243 2222 3297 2269 et
3349 2214 3450 2284 ipsi
3483 2214 3648 2270 bene.

2075 2306 2229 2371 dicti;
2264 2306 2356 2377 qui
2381 2306 2781 2370 malediXei-iut,
2813 2307 2867 2361 in
2898 2307 3277 2362 maledictione
3309 2306 3647 2376 reputabun‘

2073 2402 2164 2448 tur
2181 2395 2270 2448 ⁸³⁸.
2295 2414 2312 2446 ι
2333 2394 2588 2450 Christus
2611 2397 2800 2465 estqui
2828 2412 2893 2452 ex
2919 2397 3083 2451 lsrael
3114 2397 3322 2451 semine
3345 2396 3646 2451 secundum

2075 2501 2294 2541 carnem
2349 2495 2514 2542 natus
2537 2527 2551 2552 ,
2590 2488 2885 2558 multisque
2915 2489 3167 2558 gentibus
3193 2489 3507 2544 dominatus
3540 2499 3645 2547 est.

2073 2577 2333 2644 Quaenam
2381 2580 2523 2633 enim
2563 2595 2696 2650 gens
2747 2595 2854 2633 non
2903 2581 3162 2633 ditionem
3190 2580 3310 2650 ejus
3340 2580 3642 2650 agnoverit,

2076 2669 2132 2722 in
2162 2685 2378 2724 omnem
2409 2677 2611 2725 terram
2641 2669 2840 2725 diffuso
2872 2671 3266 2741 discipulorbm
3294 2666 3415 2742 ejus
3454 2672 3644 2737 Verbo,

2075 2759 2665 2830 pmdicationibusque
2717 2776 2906 2814 eorum
2935 2761 3089 2830 quasi
3115 2761 3416 2817 seminibus
3446 2763 3498 2815 in
3525 2765 3646 2818 uni-

2074 2867 2235 2907 versa
2284 2861 2427 2908 terra
2472 2851 2910 2924 sparsis?lgitur
2938 2853 3081 2922 apud
3138 2855 3430 2925 plerosque
3478 2857 3644 2910 etiam

2073 2941 2432 2998 barbarorum
2467 2943 2668 2997 multos
2701 2941 2884 2998 videre
2917 2953 3001 2996 est
3051 2943 3146 3013 qui
3181 2958 3279 2998 sua
3310 2945 3365 2998 in
3391 2961 3514 2999 eum
3541 2945 3645 3001 ﬁde

2073 3035 2140 3090 ad
2185 3034 2280 3090 Dei
2331 3035 2495 3090 unius
2542 3035 2827 3090 scientiam
2886 3045 3284 3104 pervenerunt,
3337 3052 3545 3108 suaque
3587 3038 3644 3092 in

398 3129 539 3202 ὑπερ
582 3133 679 3204 τῆς
737 3135 816 3198 είς
856 3135 1016 3188 αὑτὸν
1058 3137 1339 3204 εὐσεϐείας
1373 3145 1632 3209 παντοίας
1671 3147 1830 3220 μέχρι
1875 3151 1968 3203 καὶ

2072 3129 2322 3184 eumdem
2346 3131 2545 3199 pietate
2576 3143 2738 3182 omne
2755 3136 3150 3184 tormentorum
3171 3145 3343 3200 genus
3394 3137 3647 3186 mortem-

396 3221 626 3278 θανάτου
670 3225 918 3292 κολάσεις
960 3230 1376 3300 ὑπομείναντας.
1412 3232 1594 3307 Πέρας
1634 3238 1829 3309 ἔχουσα
1863 3240 1971 3295 τοί-

395 3330 490 3368 νυν
526 3315 621 3368 καὶ
653 3315 790 3386 αὐτη
821 3317 1004 3386 σαφῶς
1036 3321 1068 3390 ή
1099 3324 1403 3394 προφητεία
1437 3326 1528 3380 ἐπὶ
1567 3329 1659 3380 τοῦ
1702 3332 1968 3403 ἡμετέρου

396 3403 649 3476 Σωτῆρος
680 3407 1092 3463 ἀποδείκνυται·
1121 3411 1153 3482 ἢ
1198 3417 1526 3488 παραστήτω
1551 3436 1634 3484 τις
1662 3421 1818 3486 ἄλλος
1847 3425 1970 3478 ἐπι.

395 3496 610 3561 δεικνὺς
637 3500 730 3552 ἐπὶ
759 3499 880 3552 τίνα
930 3501 996 3554 ἂν
1020 3502 1190 3556 ταῦτα
1217 3506 1539 3579 ἀναφέροιτο
1557 3527 1568 3540 ο
1603 3512 1724 3564 καθ’
1748 3513 1894 3584 ἡμᾶς
1915 3516 1969 3568 δὲ

395 3587 680 3658 πρόδηλον,
728 3589 804 3653 ῶς
858 3591 952 3643 καὶ
994 3590 1214 3656 αὐξεται
1258 3593 1528 3668 ὁσημέραι
1571 3599 1663 3651 τοῦ
1716 3601 1968 3672 Σωτῆρος

391 3679 424 3748 ἡ
435 3675 550 3747 μῶν
584 3680 617 3748 ή
660 3680 823 3752 νοητὴ
855 3681 1098 3751 βασιλεία
1128 3702 1187 3737 τε
1215 3687 1309 3738 καὶ
1348 3688 1633 3744 δεσποτεία
1665 3693 1814 3763 παρὰ
1846 3697 1966 3758 ταῖς

393 3769 816 3841 ὑποδεξαμέναις
863 3773 952 3826 τὸν
999 3776 1152 3846 λόγον
1201 3779 1363 3833 αὐτοῦ
1407 3781 1636 3851 ψυχαῖς·
1671 3782 1858 3854 ὑψώθη
1911 3785 1968 3838 δέ

391 3860 537 3915 κατὰ
578 3863 676 3932 τὴν
715 3866 1016 3935 παρουσίαν
1061 3869 1223 3924 αὐτοῦ
1258 3873 1351 3926 καὶ
1385 3874 1416 3943 ἡ
1448 3872 1570 3942 Γὼγ
1603 3873 1865 3943 βασιλεία,
1898 3877 1966 3947 ἣν

391 3952 722 4024 ὑπειλήφασί
766 3975 909 4021 τινες
962 3955 1100 4013 εἶναι
1154 3963 1252 4033 τὴν
1307 3965 1592 4033 Ῥωμαίων
1631 3967 1961 4037 ἠγεμονίαν,

389 4043 536 4098 ἄλλοι
562 4045 619 4100 δὲ
644 4049 918 4118 τροπικῶς
970 4051 1067 4123 τὴν
1107 4054 1247 4106 κατὰ
1274 4055 1334 4107 τὸ
1365 4057 1695 4125 Εὐαγγέλιον
1728 4059 1966 4131 ἐπουρά-

388 4153 497 4190 νιον
541 4139 833 4199 πολιτείαν,
876 4143 970 4196 καὶ
1016 4143 1111 4215 τὴν
1151 4145 1258 4199 τῶν
1289 4147 1493 4219 νοητῶν
1516 4149 1800 4219 δογμάτων
1833 4151 1966 4205 θεω-

389 4224 530 4298 ρίαν,
582 4227 670 4282 διά
723 4230 881 4284 τοῦτο
926 4231 1068 4301 Γὼγ,
1088 4235 1224 4307 ὅπερ
1273 4235 1631 4308 ἑρμηνεύεται
1677 4238 1960 4310 δόγματα,

387 4317 742 4388 σημαίνεσθαι
774 4321 1119 4394 ἐξειλήφασιν
1141 4341 1154 4356 ⁸
1181 4327 1314 4380 ἀλλὰ
1340 4331 1436 4382 καὶ
1464 4333 1492 4382 6
1517 4329 1648 4395 Θεὸς
1683 4331 1964 4403 ὡδήγησεν

385 4409 546 4463 αὑτὸν
595 4411 654 4476 ἐξ
711 4413 1007 4481 Αἰγύπτου,
1050 4415 1229 4488 ῥητῶς
1273 4420 1369 4489 μὲν
1398 4421 1487 4474 ὅτε
1515 4419 1905 4493 χρηματισθεὶς
1932 4427 1961 4478 6

2073 3235 2178 3289 que
2237 3220 2412 3290 ipsam
2468 3220 2872 3275 sustinuerunt.
2943 3220 3304 3290 Apertissime
3361 3221 3528 3291 igitur
3574 3220 3644 3276 ad

2073 3311 2410 3368 Salvatorem
2452 3323 2701 3368 nostrum
2735 3312 2850 3367 haec
2881 3321 3094 3382 spectat
3126 3313 3430 3383 prophetia.
3465 3312 3522 3367 Si
3553 3312 3643 3369 cui

2069 3405 2296 3461 dubium
2337 3406 2605 3470 videatur,
2642 3405 2766 3467 alia,
2803 3406 2962 3468 libet,
2999 3416 3337 3476 proponatur
3375 3406 3646 3476 interpre-

2071 3495 2225 3551 talio.
2257 3495 2424 3551 Nobis
2454 3505 2633 3550 autem
2650 3495 2996 3565 perspicuum
3029 3505 3114 3552 est
3145 3512 3394 3553 crescere
3421 3497 3474 3551 in
3499 3497 3641 3552 diem

2071 3589 2315 3658 spiritale
2349 3587 2654 3643 Salvatoris
2686 3589 2860 3643 nostri
2897 3603 3123 3658 regnum
3177 3588 3231 3642 in
3285 3589 3484 3643 animis
3515 3604 3640 3659 quae

2068 3681 2294 3736 verbum
2328 3681 2448 3750 ejus
2479 3687 2830 3750 acceperunt.
2857 3678 3066 3734 Elatum
3097 3689 3182 3735 est
3204 3681 3324 3750 ejus
3350 3681 3640 3752 praesentia

2067 3773 2217 3844 Agag
2265 3788 2510 3842 regnum,
2539 3773 2684 3841 quod
2729 3772 2950 3842 quidam
2991 3773 3293 3826 Romanum
3351 3773 3638 3844 imperium

2069 3866 2408 3936 interpretati
2435 3876 2581 3928 sunt,
2605 3865 2697 3919 alii
2715 3880 2843 3919 vero
2861 3863 3148 3934 allegorice
3169 3865 3446 3919 caelestem
3461 3865 3642 3920 Evan-

2068 3958 2190 4028 gelii
2222 3957 2614 4027 rempublicam
2654 3966 2707 4010 et
2741 3956 3068 4025 spiritalium
3093 3956 3408 4027 dogmatum
3443 3971 3640 4026 specu-

2067 4048 2322 4101 lationem
2345 4087 2360 4111 ,
2403 4046 2519 4118 Gog
2551 4048 2703 4118 (sive
2731 4047 2911 4117 Agag)
2957 4047 3204 4117 dogmata
3270 4046 3634 4116 signiﬁcante.

2067 4138 2174 4194 Sed
2201 4147 2255 4193 et
2279 4138 2420 4194 Deus
2457 4139 2645 4193 eduxit
2675 4153 2796 4194 cum
2834 4138 2902 4192 de
2934 4122 3190 4209 Egypto,
3228 4139 3481 4194 videlicet
3509 4153 3636 4194 cum

2065 4229 2306 4301 Josepli,
2371 4230 2556 4284 divina
2618 4231 2959 4301 apparitione
3013 4230 3364 4295 admonitus,
3409 4229 3634 4286 Mariam

2064 4340 2187 4380 cum
2219 4339 2388 4393 puero
2418 4324 2635 4379 reduxit
2666 4325 2721 4378 in
2758 4331 2960 4379 terram
2991 4324 3182 4388 Israel,
3213 4329 3275 4376 ut
3317 4323 3432 4377 huic
3485 4338 3638 4380 com-

2065 4417 2306 4487 pleretur
2348 4432 2561 4471 necnon
2623 4415 2782 4480 Osee,
2843 4414 3142 4470 secundum
3195 4413 3522 4469 Hebraicum
3583 4421 3636 4469 et

396 4507 592 4578 Ἰωσὴφ
649 4508 708 4573 ἐξ
750 4510 1024 4580 Αἰγύπτου
1061 4513 1386 4584 παραλαϐὼν
1429 4516 1527 4587 τὴν
1561 4518 1794 4589 Μαριὰμ
1840 4519 1956 4589 ἅμα

2072 4510 2268 4580 Aquilae
2313 4508 2852 4578 interpretationem,
2897 4505 3182 4578 praphetia
3217 4505 3408 4560 dicens
3442 4521 3456 4556 :
3496 4521 3516 4556 ς
3551 4503 3638 4561 Ab

381 4597 460 4668 τῷ
486 4599 636 4652 παιδὶ
678 4601 851 4672 Ἰησοῦ
887 4604 1221 4674 ὑπέστρεψεν
1244 4607 1322 4669 εἰς
1341 4608 1442 4677 γῆν
1479 4609 1693 4681 Ἰσραὴλ
1716 4610 1956 4682 πληρου-

385 4689 551 4759 μένης
584 4692 684 4760 τῆς
715 4707 774 4743 τε
803 4692 896 4745 νῦν
923 4695 1016 4746 καὶ
1048 4695 1150 4764 τῆς
1185 4699 1243 4749 ἐν
1286 4699 1444 4771 Ὠσηέ
1464 4699 1602 4752 κατὰ
1637 4699 1697 4753 τδ
1740 4699 1956 4773 Ἐϐραῖ-

381 4779 480 4832 κὸν
509 4781 603 4833 καὶ
632 4782 732 4854 τὴν
774 4782 996 4838 ’Δκύλου
1023 4787 1316 4858 ἑρμηνείαν
1350 4791 1686 4862 προφητείας
1713 4794 1952 4862 φασκού-

381 4888 502 4942 σης,
545 4894 562 4926 ι
612 4875 701 4942 Ἐξ
749 4876 1023 4944 Αἰγύπτου
1060 4878 1291 4932 ἐκάλεσα
1331 4880 1421 4933 τὸν
1470 4883 1583 4935 υἰόν
1627 4900 1760 4954 μου·
1804 4905 1822 4935 ι
1860 4885 1955 4937 καὶ

377 4963 522 5018 κατὰ
555 4964 790 5020 διάνοιαν
822 4967 900 5030 δέ,
951 4968 1186 5039 ὁπηνίκα
1227 4971 1290 5023 ἐκ
1327 4972 1428 5040 τῆς
1457 4973 1653 5044 νοητῆς
1680 4974 1953 5043 Αἰγύπτου

2062 4599 2298 4672 A‘Sgypto
2354 4599 2541 4654 vocavi
2596 4599 2764 4653 lilium
2816 4596 3084 4663 meum“;
3121 4615 3140 4647 ι
3174 4603 3228 4649 at
3279 4611 3309 4650 e
3365 4597 3632 4652 sententia
3732 4603 3737 4610 '

2064 4702 2270 4758 nostra,
2297 4708 2421 4747 cum
2457 4691 2526 4746 ab
2557 4689 2793 4763 Egypto
2824 4687 3058 4760 spiritali
3091 4696 3145 4743 ct
3175 4688 3312 4743 locis
3355 4687 3636 4744 terrestria

2068 4787 2172 4842 bus
2205 4786 2272 4841 ad
2301 4786 2471 4840 caelos
2485 4783 2648 4840 Pater
2663 4797 2786 4838 eum
2801 4781 3006 4837 eduxit.
3041 4779 3366 4836 «Fortitudo
3391 4793 3411 4833 ι
3449 4790 3632 4836 autem

2067 4899 2085 4932 ι
2110 4877 2474 4934 rhinocerotis
2496 4897 2513 4930 ι
2538 4877 2591 4931 ἱη
2622 4874 2908 4930 Salvatore
2933 4873 3112 4928 innuit
3131 4872 3388 4928 deitatem
3420 4875 3630 4950 paterni

2061 4973 2214 5044 regni
2241 4985 2362 5041 qum
2383 4980 2466 5025 est
2501 4970 2553 5022 in
2577 4984 2662 5025 eo.

378 5057 599 5110 καὶτῶν
635 5059 759 5130 τῇδε
811 5061 992 5115 τόπων
1023 5062 1117 5114 ἐπὶ
1139 5064 1266 5126 τοὺς
1299 5065 1561 5135 οὐρανοὺς
1591 5066 1704 5136 ἅμα
1736 5068 2026 5138 λαμῦάνων
2057 5068 2216 5122 αὐτὸν
2237 5069 2264 5120 ὁ
2325 5064 2513 5136 Πατὴρ
2551 5063 2862 5134 ὡδήγησεν·
2901 5065 2936 5134 ή
2999 5062 3056 5115 δέ
3089 5059 3352 5133 λεγομένη
3417 5075 3436 5113 ι
3503 5053 3629 5127 δόξα

380 5153 765 5225 μονοκερώτων
804 5174 822 5206 ι
859 5158 916 5209 ἐν
940 5157 1018 5228 τῷ
1040 5159 1250 5231 Σωτῆρι
1292 5159 1391 5231 τὴν
1430 5162 1486 5213 ἐν
1535 5161 1683 5233 αὐτῷ
1718 5163 1945 5234 θεότητα
1980 5167 2079 5237 τῆς
2101 5155 2372 5234 πατρικῆς
2398 5160 2690 5214 αἰνίττεται
2721 5157 3036 5229 μοναρχίας-

448 5245 603 5300 Μετὰ
628 5246 798 5301 ταῦτα
825 5248 1060 5319 εἴρηται,
1081 5273 1098 5301 ο
1131 5250 1304 5306 ἔδεται
1332 5252 1456 5326 ἔθνη
1487 5253 1695 5325 ἐχθρῶν
1719 5255 1882 5308 αὑτοῦ
1903 5273 1950 5310 ἰ

2121 5255 2256 5311 Post
2289 5255 2402 5308 haec
2424 5252 2649 5317 dicitur,
2685 5270 2703 5303 ι
2736 5250 3087 5306 Devorabunt
3108 5256 3299 5320 gentes
3341 5249 3531 5304 hostes
3563 5239 3631 5302 il.-

373 5338 474 5391 ὅσα
506 5339 615 5411 γὰρ
640 5340 744 5392 ὑπὸ
773 5340 870 5412 τὴν
902 5341 1123 5415 διδαχὴν
1155 5345 1320 5397 αὐτοῦ
1350 5345 1570 5414 γέγονεν
1604 5346 1752 5417 ἔθνη,
1784 5348 1954 5403 ταῦτα

2075 5349 2178 5403 ius.
2221 5367 2238 5399 ι
2274 5345 2626 5414 Quaecunque
2652 5344 2756 5400 sub
2785 5343 2904 5412 ers
2932 5343 3221 5413 disciplina
3252 5341 3476 5409 fuerunt
3503 5357 3630 5411 gen-

376 5431 640 5502 πρότερον
671 5434 827 5503 μερὶς
855 5435 1191 5503 τυγχάνοντα
1223 5437 1332 5489 τῶν
1355 5436 1562 5514 ἐχθρῶν
1599 5438 1783 5500 αὐτοῦ,
1817 5441 1952 5510 μετὰ

2074 5456 2154 5501 es.
2189 5455 2312 5493 cum
2346 5437 2501 5508 prius
2535 5437 2716 5507 praeda
2738 5436 2991 5492 hostibus
3025 5435 3220 5491 devota
3241 5443 3450 5495 essent.
3479 5447 3627 5488 nis-ac

372 5522 472 5592 τὴν
519 5527 598 5586 είς
650 5523 812 5577 αὑτὸν
868 5526 1048 5579 πίστιν
1103 5528 1380 5598 ἐπιτήδεια
1416 5528 1605 5601 ὥσπερ
1641 5535 1722 5596 είς
1749 5532 1950 5603 βρῶσιν

2072 5533 2154 5587 lde
2178 5531 2232 5586 in
2261 5547 2385 5586 eum
2419 5538 2662 5600 accepta,
2696 5530 2800 5599 ipsi
2835 5528 2992 5585 facta
3018 5537 3148 5584 sunt
3190 5529 3348 5600 quasi
3379 5541 3502 5582 esca
3531 5541 3624 5595 pa-

373 5613 550 5685 ἑαυτῷ
594 5617 994 5672 κατεσκεύασε·
1038 5619 1105 5672 τὰ
1152 5619 1247 5691 μὲν
1277 5621 1447 5691 πάχη,
1489 5622 1632 5675 τοῦτ’
1676 5623 1792 5679 ἔστι
1842 5627 1951 5680 πᾶν

2072 5632 2187 5680 ὀιιι.
2222 5623 2359 5681 Ossa
2383 5639 2534 5689 vero,
2568 5623 2622 5681 id
2667 5631 2752 5679 est
2808 5621 3192 5693 quodcumque
3226 5621 3282 5676 in
3315 5621 3396 5675 eis
3428 5631 3615 5673 carna-

555 5772 719 5829 Num.
756 5790 904 5843 xxxv,
942 5774 1057 5832 7-9.
1134 5777 1179 5810 “
1217 5775 1342 5834 Ose.
1381 5795 1457 5846 xu,
1492 5779 1542 5836 l.
