4134 6414
572 352 721 410 107i

1300 353 1568 410 EUSEBII
1606 352 2089 443 CESARIENSlS
2124 354 2274 412 OPP.
2315 354 2497 412 PARS
2519 346 3095 415 "lc—:EXEGETICA.

3667 360 3786 417 1072

577 471 629 528 le
658 476 715 526 et
745 477 1031 537 terrestre,
1089 469 1420 528 imminueris
1445 479 1499 527 ct
1550 473 1815 530 attentius
1841 475 2147 544 explorans1

2264 473 2619 545 συμπεφυκὸς
2642 474 2823 537 αὐτοῖς
2853 473 3036 528 ὑλικὸν
3082 472 3175 528 καὶ
3205 472 3407 544 γήϊνον,
3432 470 3682 526 λεπτύνων
3704 475 3787 528 καὶ

574 565 890 623 esouientos
924 566 1145 637 propr-ia
1175 567 1391 623 cultura
1440 567 1653 624 fructus
1685 569 1769 625 eis
1799 567 1998 624 elfecit.
2031 567 2147 625 Hau

2262 564 2570 635 ἐξιχνεύων,
2626 565 2872 637 καρποὺς
2916 564 2973 618 δέ
3017 563 3315 637 τροφίμους
3353 561 3436 616 διὰ
3481 565 3573 634 τῆς
3618 562 3788 619 ἐαυτοῦ

574 668 757 717 autem
813 659 1157 730 spiritalibus
1207 669 1265 715 et
1307 660 1726 717 rationabilibus
1751 670 2046 718 exsecutus
2075 671 2159 717 est

575 751 810 823 ugittis,
847 763 1080 809 veterem
1112 753 1358 824 gentium
1391 755 1610 818 ducem,
1643 756 1842 826 suique
1872 755 2157 811 inimicum

575 843 907 915 perfodiens,
939 846 1151 902 scilicet
1182 847 1483 905 diabolum.
1510 846 1665 914 Quod
1693 847 1783 911 ad,
1820 867 1839 900 ι
1868 847 2156 903 Accu'bans

574 936 836 993 dormivit
866 946 923 992 ut
953 938 1059 1001 leo,
1092 957 1111 990 ι
1150 936 1253 993 hoc
1287 938 1397 993 fere
1452 937 1648 994 iisdem
1683 940 1865 995 verbis
1895 954 1925 993 a
1949 937 2157 993 Jacobo

576 1029 631 1084 in
656 1029 774 1086 suis
803 1029 871 1085 de
903 1028 1043 1086 Juda
1071 1031 1371 1101 prophetiis
1418 1032 1625 1086 dictum
1674 1041 1797 1099 est;
1842 1033 2004 1102 cujus
2030 1047 2156 1088 scn-

576 1135 697 1174 sum
728 1119 842 1189 jam
876 1121 930 1175 in
983 1136 1084 1176 suo
1118 1121 1238 1176 loco
1291 1122 1604 1193 expositqu
1639 1136 1747 1176 non
1809 1123 2151 1179 iterabimus.

574 1205 924 1265 Manifestum
954 1219 1034 1264 est
1060 1217 1242 1265 autem
1278 1211 1423 1281 quod
1458 1210 1678 1268 Christo
1705 1212 2153 1269 benedicentibus

575 1298 721 1355 Deus
745 1299 1045 1355 benedicct.
1068 1300 1146 1353 Ac
1177 1300 1224 1355 si
1255 1316 1355 1356 nos
1391 1311 1815 1357 exsecrarentur
1851 1314 1908 1358 ut
1933 1312 1986 1360 et
2009 1311 2155 1360 vete-

573 1406 689 1446 rem
726 1390 820 1445 Dei
851 1392 1109 1461 populum
1144 1391 1408 1465 Egyptii,
1448 1393 1503 1447 in
1550 1396 1709 1451 nobis
1741 1403 1922 1450 tamen
1957 1396 2151 1466 imple-

573 1490 767 1538 rentur
821 1491 876 1539 et
934 1484 1026 1539 illa
1077 1504 1089 1539 :
1142 1502 1160 1536 ι
1199 1484 1530 1557 Quantaque
1574 1488 1961 1558 opprimebant
2009 1504 2106 1543 eos
2135 1529 2150 1552 ,

571 1581 727 1631 tanto
750 1576 925 1643 magis
954 1575 1460 1646 multiplicabantur
1489 1585 1543 1634 et
1572 1578 1895 1634 crescebant
1918 1579 2007 1635 δι’.
2030 1598 2049 1631 ι
2089 1578 2155 1633 Et

494 1696 505 1709 ε
574 1681 708 1723 sane
739 1667 976 1739 quodam
1010 1668 1171 1723 modo
1213 1669 1659 1726 maledictioncm
1697 1679 2030 1743 acceperunt
2059 1672 2152 1744 qui

571 1761 703 1816 olim
742 1761 791 1816 ei
842 1760 1266 1827 maledixerunt,
1328 1766 1704 1822 exclamantes
1739 1781 1753 1819 :
1796 1784 1815 1818 ‹
1849 1765 2150 1839 Crucilige,

2258 656 2533 729 γεωργίας
2567 656 2751 721 αὐτοῖς
2801 656 3064 728 ἐμποιῶν.
3100 656 3283 711 Ταῦτα
3318 656 3374 709 δὲ
3400 657 3667 728 εἰργάσατο
3694 661 3791 724 τοῖς

2258 752 2468 821 νοητοῖς
2491 749 2583 802 καὶ
2607 748 2844 817 λογικοῖς
2870 749 3068 820 βέλεσι,
3101 749 3195 803 τὸν
3219 748 3383 803 πάλαι
3403 750 3505 802 τῶν
3529 749 3680 803 ἐθνῶν
3709 752 3793 822 ἄρ-

2256 858 2420 912 χοντα
2443 840 2633 912 ἐχθρὸν
2657 841 2786 895 ὄντα
2819 841 3013 895 ἐαυτοῦ
3029 840 3443 908 κατατοξεύσας,
3470 842 3692 895 τουτέστι
3715 843 3794 897 τὸν

2255 933 2521 989 διάὸολον.
2579 934 2659 988 Τὰ
2701 932 2745 986 δ’
2789 933 2896 987 ἀπὸ
2924 932 3018 986 τοῦ
3060 953 3077 983 ι
3110 932 3468 994 Κατακλιθεὶς
3488 933 3795 989 ἀνεπαύσατο

2254 1025 2329 1089 ὼς
2358 1026 2514 1090 λέων,
2545 1045 2562 1078 ι
2600 1025 2785 1096 σχεδὸν
2817 1026 2998 1090 αὐτοῖς
3020 1026 3227 1097 ῥήμασι
3256 1025 3351 1078 κα)⁵
3376 1024 3476 1078 ὑπὸ
3495 1024 3582 1078 τοῦ
3625 1026 3795 1080 Ἰακὼό

2256 1121 2314 1174 ἐν
2338 1120 2459 1181 ταῖς
2489 1117 2616 1189 περὶ
2648 1116 2744 1171 τοῦ
2787 1117 2959 1172 ’Ῐούδα
3005 1116 3367 1189 προφητείαις
3402 1116 3633 1187 εἴρηται·
3659 1116 3798 1171 ἅτινα

2254 1212 2436 1266 ὁποῖον
2461 1209 2574 1281 ἔχει
2605 1209 2727 1263 νοῦν
2753 1209 2895 1264 κατὰ
2930 1209 3000 1263 τὰ
3030 1209 3369 1265 ὑποπεσόντα
3397 1209 3521 1279 ἡμῖν
3544 1207 3796 1279 ἐκθέμενοι

2253 1303 2314 1356 ού
2336 1302 2770 1375 παλιλογήσομεν
2789 1320 2802 1333 ·
2833 1301 2992 1373 δῆλον
3019 1302 3076 1355 δὲ
3119 1301 3372 1373 τυηάνει
3410 1302 3549 1364 ὅπως
3591 1302 3732 1371 ἡμεῖς
3754 1303 3796 1354 oi

2252 1394 2345 1448 τὸν
2390 1395 2627 1467 Χριστὸν
2655 1394 3003 1464 εὐλογοῦντες
3042 1393 3137 1448 τοῦ
3168 1393 3299 1448 Θεοῦ
3315 1393 3676 1465 ηὐλογήμεθα·
3709 1392 3797 1447 κᾶν

2254 1484 2363 1557 γὰρ
2408 1485 2780 1556 βδελύσσοιντο
2819 1487 2965 1558 ἡμᾶς
3007 1484 3082 1549 ώς
3112 1484 3204 1538 καὶ
3252 1486 3345 1538 τὸν
3385 1484 3543 1538 πάλαι
3573 1483 3658 1537 τοῦ
3679 1481 3794 1539 Θεοῦ

2253 1574 2380 1631 λαὸν
2410 1579 2456 1631 οί
2488 1577 2795 1648 Αἰγύπτιοι,
2844 1578 2994 1649 ὅμως
3024 1576 3323 1649 πληροῦταί
3352 1595 3416 1647 γε
3447 1578 3537 1631 καὶ
3572 1579 3651 1647 ἐφ’
3686 1577 3797 1649 ἡμίν

2253 1668 2335 1732 τὸ,
2359 1687 2375 1720 ι
2400 1668 2521 1723 καθ’
2552 1670 2673 1724 ὅσον
2697 1669 2752 1723 δὲ
2775 1669 3094 1725 ἐταπείνουν
3116 1671 3332 1733 αὐτοὺς,
3365 1670 3593 1740 τοσούτῳ
3610 1668 3798 1733 πλείους

2255 1759 2511 1829 ἐγίνοντο,
2532 1761 2626 1815 καὶ
2661 1760 2841 1831 ἴσχυον
2872 1760 3075 1833 σφόδρα
3099 1760 3299 1834 σφόδρα
3319 1777 3331 1790 ·
3363 1781 3381 1811 ι
3413 1761 3504 1814 καὶ
3528 1759 3682 1829 σαφὲς
3700 1759 3799 1814 τίνα

571 1850 833 1921 crncilige
859 1867 984 1906 eum
1020 1852 1090 1905 ⁸⁵.
1127 1872 1145 1905 ι
1182 1851 1492 1909 Maledictiu
1512 1856 1670 1927 enim
1707 1871 1843 1912 crux
1866 1865 2006 1922 erat,
2037 1857 2147 1913 sic-

2252 1853 2456 1926 τρόπον
2504 1852 2602 1925 τὴν
2655 1851 2902 1923 κατάραν
2948 1853 3231 1924 εἰλήφασιν
3283 1853 3332 1906 οί
3383 1849 3610 1924 ἐξαρχῆς
3658 1850 3800 1904 αύτδν

512 1982 523 1989 .
571 1948 633 1995 ιιι
660 1941 865 2009 dictum
905 1949 990 1998 est
1024 1962 1038 1997 :
1071 1961 1089 1994 ι
1130 1942 1454 2001 Malcdictus
1486 1947 1669 2001 omnis
1712 1949 1808 2018 qui
1860 1948 2060 2019 pendet
2092 1949 2149 2004 in

572 2033 723 2107 ligno
752 2035 842 2091 δ”.
884 2054 904 2088 ι
938 2034 1040 2102 Qui
1065 2048 1247 2092 autem
1279 2036 1494 2091 illorum
1527 2038 1780 2109 injuriam
1814 2055 2011 2110 passus
2043 2047 2148 2108 est,

570 2141 602 2180 a
629 2125 789 2182 Patre
817 2128 1131 2195 extollitur;
1155 2127 1208 2181 bi
1230 2144 1378 2193 vero,
1402 2130 1543 2200 quia
1571 2129 1682 2185 Deo
1704 2130 1977 2186 maledicti
1998 2143 2147 2199 sunt,

482 2244 492 2255 ·
572 2227 895 2289 perpetuum
930 2222 985 2274 in
1013 2221 1212 2276 saecula
1247 2230 1580 2292 acceperunt
1628 2223 1978 2293 supplicium.
2012 2224 2150 2281 Illud

568 2310 716 2367 enim
747 2314 1009 2369 attentius
1029 2314 1427 2379 consideranti,
1472 2314 1564 2372 Dei
1592 2318 1883 2387 potestatis
1913 2333 2150 2391 appare-

570 2405 652 2463 bit
675 2407 1017 2478 magnitudo,
1044 2424 1141 2465 eos
1170 2410 1373 2479 quibus
1398 2410 1568 2464 semel
1604 2410 1907 2475 maledixit,
1941 2411 1997 2466 in
2026 2427 2153 2483 per-

570 2506 792 2568 petuum
847 2501 1250 2571 persequentis.
1313 2498 1426 2556 Hoc
1460 2500 1774 2572 signiﬁcant
1822 2517 1886 2559 ea
1940 2504 2146 2559 verba:

575 2609 593 2642 ι
628 2589 735 2656 Qui
769 2590 1151 2648 benedixeriut
1186 2592 1311 2659 tibi,
1334 2601 1495 2649 erunt
1524 2601 1579 2649 ct
1600 2594 1702 2664 ipsi
1722 2594 1995 2650 benedicti
2017 2613 2033 2662 ;
2055 2597 2150 2667 qui

570 2682 970 2751 maledixerlut,
999 2683 1053 2739 in
1081 2684 1464 2742 maledictione
1492 2687 1912 2757 reputabuntur.
1950 2708 1970 2741 ι

1154 2882 1387 2939 CAPUT
1414 2883 1556 2939 XIV.

921 2974 1007 3029 Ex
1028 2985 1223 3046 quarta
1244 2975 1473 3030 Baiaam
1503 2977 1794 3047 prophetia.

644 3085 664 3118 ι
699 3064 919 3123 Orietur
949 3069 1107 3124 stella
1156 3082 1221 3123 ex
1257 3066 1449 3136 Jacob,
1498 3078 1554 3124 et
1593 3076 1889 3141 consurget
1942 3070 2027 3125 vir
2083 3069 2152 3126 de

569 3154 760 3221 Israel,
796 3166 851 3213 et
881 3159 1152 3231 percutiet
1171 3158 1341 3215 duces
1377 3158 1557 3225 Moab,
1585 3161 1933 3232 vastabitque
1959 3170 2153 3219 omnes

2250 1948 2684 2020 καταρασάμενοι
2709 1946 2796 2001 διά
2834 1945 2954 2010 τοῦ,
2979 1966 2996 1998 ι
3018 1946 3281 2019 Σταύρου,
3322 1943 3551 2018 σταύρου
3579 1944 3750 1998 αὐτόν·
3783 1963 3799 1993 ι

2248 2040 2490 2112 κατάρας
2518 2039 2627 2111 γὰρ
2655 2034 2722 2111 ἦν
2744 2042 2773 2094 ὁ
2806 2039 3054 2111 σταυρὸς,
3069 2039 3210 2093 κατὰ
3238 2038 3319 2103 τὸ,
3341 2056 3361 2089 ‹
3408 2037 3802 2107 Ἐπικατάρατος

2249 2132 2358 2196 πᾶς
2381 2133 2408 2185 ὁ
2438 2133 2786 2203 κρεμάμενος
2813 2131 2903 2184 ἐπὶ
2926 2130 3103 2196 ξύλου.
3144 2150 3161 2182 ι
3204 2129 3344 2186 Ἀλλ’
3370 2130 3401 2183 ὁ
3424 2131 3518 2200 μὲν
3537 2129 3630 2199 τὴν
3648 2126 3804 2180 αὐτῶν

2248 2221 2545 2293 ὑπομείνας
2582 2221 2826 2293 κατάραν
2863 2222 2968 2275 ὑπὸ
2990 2222 3084 2276 τοῦ
3124 2220 3339 2295 Πατρὸς
3363 2219 3732 2293 ύπερύψωταισ
3761 2216 3803 2269 οί

2250 2312 2305 2366 δέ
2339 2314 2475 2385 πρὸς
2510 2311 2679 2367 αὑτοῦ
2732 2312 2827 2367 τοῦ
2860 2312 2995 2366 Θεοῦ
3024 2312 3428 2385 καταραθέντες
3458 2312 3697 2383 ἐπίμονον
3738 2310 3805 2372 είς

2250 2404 2423 2458 αἰῶνα
2460 2406 2742 2478 εἰλήφασιν
2784 2405 3002 2479 όλεθρον
3026 2424 3039 2436 ·
3068 2407 3127 2461 δν
3157 2408 3205 2460 εί
3245 2407 3333 2460 ἐπ’
3366 2405 3588 2478 ἀκριϐές
3616 2422 3690 2467 τις
3723 2404 3805 2455 ἐπ-

2250 2495 2406 2564 εξίοι,
2444 2497 2724 2570 δυνάμεως
2751 2498 2886 2552 Θεοῦ
2929 2499 3223 2570 κατόψεται
3258 2499 3508 2572 μέγεθος,
3536 2498 3611 2562 είς
3638 2498 3707 2551 ἔτι
3725 2495 3805 2551 νῦν

2254 2588 2543 2662 μετιούσης
2602 2592 2728 2654 τοὺς
2794 2589 2943 2656 ἅπαξ
3002 2592 3139 2664 πρὸς
3186 2591 3354 2646 αὑτοῦ
3406 2589 3802 2662 κατηραμένους.

2251 2680 2433 2734 Ταῦτα
2468 2679 2529 2751 (Ι.
2554 2680 2621 2735 i3
2648 2686 2724 2750 νου)
2756 2681 2835 2744 είς
2863 2680 2925 2733 τὸ
2963 2698 2983 2733 ι
3019 2681 3128 2734 Καὶ
3151 2681 3198 2733 οἱ
3220 2678 3572 2748 εὐλογοῦντες
3598 2694 3653 2731 σε
3675 2672 3804 2729 εὐλό-

2254 2790 2474 2845 γηνται,
2504 2772 2597 2826 καὶ
2618 2775 2670 2825 oi
2700 2771 3081 2845 καταρώμενοι
3113 2789 3170 2826 σε
3192 2773 3286 2826 καὶ
3306 2774 3655 2844 κατάρανται.
3693 2787 3712 2821 ι

2784 2886 3179 2941 ΚΕΦΔΛΑΙΟΝ
3204 2888 3299 2940 IA'.

2461 2983 2555 3035 Ἐκ
2573 2978 2758 3049 τῆςδ⁴
2791 2978 2899 3035 τοῦ
2943 2979 3194 3049 Βαλαὰμ
3244 2978 3633 3049 προφητείας.

2330 3095 2348 3127 ι
2398 3074 2670 3130 Ἀνατελεῖ
2704 3074 2904 3145 άστρον
2964 3072 3024 3139 ἐξ
3067 3070 3282 3137 Ἰακὼ6,
3324 3072 3424 3127 καὶ
3472 3070 3805 3141 ἀναστήσεται

2254 3165 2537 3237 ἄνθρωπος
2564 3161 2625 3229 ἐξ
2657 3162 2894 3236 Ἰσραὴλ,
2926 3163 3020 3217 καὶ
3053 3161 3277 3235 θραύσει
3325 3161 3600 3233 ἡγεμόνας
3636 3156 3803 3218 Μωὰϐ,

564 3246 711 3305 ﬁlios
755 3248 885 3306 Seth
920 3250 988 3307 “.
1029 3270 1048 3304 ι
1110 3249 1204 3306 Dei
1226 3249 1487 3312 Verbum,
1526 3269 1547 3303 ι
1577 3267 1700 3305 cum
1735 3253 2036 3308 oxinaui’vit
2068 3269 2147 3310 se-

2258 3261 2350 3314 καὶ
2375 3257 2736 3332 προνομεύσει
2795 3257 3006 3322 πάντας
3060 3256 3210 3321 υἱοὺς
3258 3254 3395 3328 Σήθ.
3431 3275 3449 3307 ι
3490 3256 3547 3309 '0
3579 3253 3667 3307 τοῦ
3692 3250 3805 3306 Θεοῦ

569 3341 883 3409 metipsum,
920 3338 1152 3396 formam
1203 3340 1347 3395 servi
1400 3341 1700 3411 accipiens,
1734 3348 1787 3395 et
1840 3341 2026 3397 habitu
2060 3343 2145 3397 in-

566 3441 763 3488 ventus
787 3442 871 3488 est
907 3440 967 3486 ut
995 3432 1159 3487 homo
1191 3433 1258 3499 ’⁷,
1298 3450 1319 3485 ι
1359 3433 1515 3488 stella
1546 3448 1656 3487 non
1681 3448 1849 3504 parva
1880 3435 2141 3501 surrexit,

567 3537 678 3576 non
705 3519 834 3578 vero
862 3521 1056 3586 Iacob,
1086 3526 1181 3578 sed
1215 3538 1283 3578 ex
1340 3521 1529 3580 Jacob.
1588 3524 1875 3595 (ἴοι-ροηιί
1910 3528 2142 3596 primum

567 3615 770 3685 popqu
786 3614 1251 3678 circumcisionis.
1276 3615 1474 3672 deinde
1491 3618 1708 3672 cunctis
1731 3619 1987 3687 gentibus
2018 3620 2145 3676 illu-

565 3708 667 3761 xit.
697 3705 989 3778 Digressus
1022 3707 1094 3762 ab
1124 3707 1216 3771 iis,
1268 3723 1377 3764 non
1435 3723 1601 3779 parva
1658 3710 1924 3764 sustinuit
1977 3711 2141 3776 bella,

564 3799 863 3869 purliicans
900 3817 918 3851 ι
959 3799 1226 3856 adversus
1260 3804 1562 3871 potestates
1588 3809 1643 3857 et
1700 3802 2009 3873 spiritualia
2042 3818 2143 3860 ne-

565 3888 815 3959 quitiae”
830 3908 845 3957 ;
860 3905 879 3942 ι
896 3890 1099 3960 quibus
1117 3890 1369 3954 devictis,
1386 3890 1644 3961 pabulum
1667 3894 1878 3962 paravit
1896 3893 1952 3948 in
1974 3893 2147 3949 haere-

563 3982 788 4039 ditatem
816 3995 996 4045 suam,
1041 3991 1232 4054 gentes
1254 3984 1588 4054 suscipiens,
1620 3998 1965 4056 qutecunque
1989 3987 2143 4056 prius

564 4074 669 4129 sub
699 4088 890 4131 eorum
921 4073 1130 4132 ditione
1157 4082 1336 4131 erant.
1386 4076 1463 4131 De
1496 4078 1698 4146 quibus
1746 4076 1909 4133 Pater
1936 4078 1985 4133 ei
2042 4094 2143 4134 ex-

564 4178 755 4235 presse
811 4167 1088 4238 pollicitus
1133 4178 1221 4224 est
1265 4169 1501 4226 dicens:
1536 4189 1554 4221 ‹
1599 4169 1822 4226 Postula
1864 4186 1895 4226 a
1939 4187 2048 4237 me,
2088 4181 2143 4227 et

562 4256 709 4313 dabo
738 4256 837 4313 tibi
896 4265 1086 4330 gentes
1116 4258 1490 4315 hereditatem
1521 4268 1694 4323 tuam,
1725 4272 1777 4316 et
1828 4264 2141 4332 possessio-

564 4362 687 4403 nem
715 4356 863 4404 tuam
894 4350 1163 4405 terminos
1191 4359 1350 4406 terrae
1374 4353 1439 4408 δ’.
1481 4371 1499 4405 ι

1168 4547 1397 4603 CAPUT
1435 4550 1549 4605 XV.

805 4640 884 4694 Ex
916 4641 1346 4697 Deuteronomio.
1383 4642 1591 4714 Moyses
1616 4653 1694 4699 est
1715 4643 1929 4700 dicens:

639 4748 659 4784 ι
695 4730 1023 4802 Prophetam
1058 4730 1125 4788 de
1150 4733 1415 4790 fratribus
1460 4737 1593 4801 tuis,
1626 4735 1771 4791 sicut
1826 4752 1932 4804 me,
1962 4736 2143 4792 susci~

560 4824 700 4882 tabit
721 4822 983 4881 Dominus
1013 4824 1159 4882 Deus
1206 4834 1334 4881 tuus
1364 4842 1378 4880 :
1414 4828 1592 4899 ipsum
1625 4828 1836 4893 audies,
1868 4836 1927 4883 ut
1958 4830 2140 4900 petisti

560 4935 593 4976 a
614 4914 847 4975 Domino
879 4914 990 4974 Deo
1023 4925 1119 4972 tuo
1151 4919 1204 4973 in
1237 4917 1439 4985 Horeb,
1464 4921 1688 4990 quando
1709 4921 1902 4975 concio
1917 4935 2143 4991 congre-

560 5018 685 5085 gata
716 5019 820 5073 est,
852 5020 1013 5081 atque
1044 5009 1230 5064 dixisti
1270 5026 1283 5061 :
1320 5009 1475 5065 Ultra
1533 5026 1643 5066 non
1693 5011 1912 5066 audiam
1948 5025 2137 5066 vocem

558 5100 779 5160 Domini
801 5103 897 5159 Dei
925 5102 1053 5167 mei,
1086 5108 1141 5157 et
1169 5102 1349 5172 ignem
1375 5104 1522 5159 hunc
1570 5104 1869 5157 maximum
1896 5103 2137 5173 amplius

562 5210 674 5253 non
707 5196 923 5262 videbo,
954 5210 1023 5250 ne
1058 5196 1287 5250 moriar.
1310 5195 1377 5249 Et
1394 5197 1469 5250 ait
1491 5196 1756 5251 Dominus
1782 5194 1915 5247 mihi
1948 5214 1960 5247 :
1992 5194 2137 5251 Bene

562 5290 747 5345 omnia
776 5296 906 5344 sunt
938 5288 1125 5343 locuti.
1158 5287 1487 5360 Prophetam
1505 5287 1789 5343 suscitabo
1817 5287 1898 5341 ris
1927 5288 1996 5342 de
2022 5300 2138 5341 me-

563 5380 657 5434 dio
687 5378 917 5434 l'l-atrum
950 5394 1174 5436 suorum
1207 5380 1440 5435 similem
1468 5380 1548 5433 tui
1579 5396 1593 5434 :
1619 5384 1674 5434 et
1723 5391 1922 5450 ponam
1972 5378 2140 5434 verba

563 5479 685 5527 tinea
718 5471 775 5526 in
796 5484 894 5527 ore
922 5474 1065 5541 ejus,
1130 5473 1490 5543 loqueturque
1536 5472 1607 5526 ad
1659 5486 1754 5528 eos
1787 5470 1970 5526 omnia
2018 5486 2140 5540 quae

560 5575 873 5634 [impero
900 5565 971 5620 ei.
996 5548 1312 5630 Quiau‘tc‘m
1332 5564 1499 5620 verba
1551 5563 1697 5634 ejus,
1731 5578 1855 5633 quae
1886 5562 2140 5633 loquetur

2250 3351 2424 3421 Λόγος
2450 3370 2468 3401 ι
2499 3348 2744 3414 κενώσας
2793 3348 2985 3404 ἑαυτὸν
3041 3348 3135 3403 καλ⁵
3167 3347 3387 3420 μορφὴν
3427 3347 3607 3401 δούλου
3635 3342 3804 3406 λαδὼν,

2252 3447 2348 3499 καὶ
2375 3446 2615 3516 σχήματι
2637 3441 2883 3515 εὑρεθεὶς
2922 3441 2998 3505 ῶς
3028 3438 3336 3512 ἄνθρωπος,
3383 3459 3403 3491 ι
3430 3441 3622 3510 ἄστρον
3649 3436 3703 3489 ού
3733 3450 3807 3504 μι-

2249 3537 2382 3609 κρὸν
2412 3535 2536 3607 οὐχὶ
2569 3533 2645 3605 τῷ
2691 3532 2885 3587 Ἰακὼϐ
2916 3530 3208 3595 ἀνέτειλεν,
3239 3530 3356 3585 ἀλλ’
3389 3533 3455 3584 ἐκ
3474 3529 3566 3584 τοῦ
3606 3523 3803 3583 Ἰακώϐ⁹

2251 3627 2360 3683 άπὸ
2386 3628 2496 3699 γὰρ
2515 3625 2609 3681 τοῦ
2657 3624 2972 3697 σωματικοῦ
3006 3624 3135 3678 λαοῦ
3167 3622 3277 3676 τῶν
3317 3623 3387 3676 ἐκ
3418 3623 3703 3695 ’περιτομῆς
3724 3619 3806 3689 ἀρ·

2252 3720 2501 3791 ξάμενος,
2560 3718 2726 3772 πᾶσιν
2770 3716 3052 3787 ἐπέλαμψε
3084 3718 3197 3778 τοῖς
3245 3713 3464 3767 ἔθνεσιο
3502 3707 3806 3783 μεταναστάς

2249 3829 2309 3865 τε
2367 3811 2462 3865 ἀπ’
2500 3809 2745 3869 ἐκείνων,
2792 3809 2854 3862 ού
2891 3807 3125 3879 μικροὺς
3164 3804 3441 3876 πολέμους
3460 3801 3803 3874 διεχειρίσατο,

2251 3904 2531 3974 καθαίρων
2559 3920 2579 3954 ι
2610 3900 2710 3966 τὰς
2730 3900 3111 3971 ἀντικειμένας
3139 3897 3425 3969 δυνάμεις,
3450 3898 3543 3950 καὶ
3578 3894 3643 3948 τὰ
3670 3907 3807 3946 πνευ-

2254 3995 2458 4068 ματικὰ
2490 3997 2588 4065 τῆς
2624 3992 2907 4063 πονηρίας,
2945 4010 2965 4043 ι
2993 3990 3092 4055 οὓς
3138 3987 3651 4059 καταγωνισάμενος
3696 3998 3806 4052 προ-

2250 4087 2421 4159 νομὴν
2467 4086 2760 4156 ἐποιήσατο
2802 4084 2882 4147 είς
2927 4082 3021 4136 τὸν
3078 4081 3242 4135 αὐτοῦ
3288 4079 3518 4153 κλῆρον,
3548 4070 3806 4159 ἀπολαϐών

2250 4156 2351 4235 ὅσα
2377 4156 2642 4250 πρότερον
2671 4175 2765 4229 ὑπ’
2790 4175 3034 4238 ἐκείνους
3080 4171 3380 4244 ἐτύγχανεν
3416 4171 3545 4243 ἔθνη
3566 4187 3578 4201 ·
3600 4165 3717 4239 περὶ
3741 4156 3804 4217 ὧν

2249 4271 2277 4323 ὀ
2324 4270 2514 4341 Πατὴρ
2574 4266 2724 4339 αύτῷ
2777 4265 3251 4339 κατεπηγγείλατο
3295 4263 3505 4319 είπώνο
3550 4282 3569 4313 ι
3606 4259 3804 4328 Αἰτησαι

2251 4363 2380 4435 παρ’
2408 4360 2565 4433 ἐμοῦ,
2598 4361 2692 4413 καὶ
2714 4358 2870 4413 δώσω
2898 4373 2981 4410 σοι
3019 4355 3145 4427 ἔθνη
3178 4354 3276 4427 τὴν
3305 4351 3669 4425 κληρονομίαν
3705 4362 3805 4403 σου.

2251 4452 2346 4505 καὶ
2371 4450 2468 4521 τὴν
2499 4447 2825 4519 κατάσχεσιν
2850 4464 2943 4501 σου
2973 4445 3045 4500 τὰ
3078 4445 3292 4517 πέρατα
3320 4445 3425 4516 τῆς
3454 4445 3576 4513 γῆς.
3616 4461 3633 4493 ι

2774 4559 3172 4614 ΚΕΦΑΛΑΙΟΝ
3198 4558 3301 4612 lE’.

2175 4616 2221 4671 Β
2262 4657 2356 4709 Ἐκ
2382 4655 2488 4709 τοῦ
2527 4654 3009 4722 ΔευτεροιὋμίου.
3050 4648 3314 4718 Μωυσῆς
3351 4650 3582 4703 ἐστινό
3617 4643 3805 4712 λέγων

2326 4764 2343 4795 ι
2379 4745 2671 4816 Προφήτην
2692 4746 2758 4797 ἐκ
2784 4743 2894 4796 τῶν
2928 4740 3168 4810 ἀδελφῶν
3196 4756 3313 4803 σου,
3339 4738 3419 4802 ώς
3454 4738 3575 4808 ἐμὲ,
3600 4730 3809 4798 ἀναστή-

2250 4854 2332 4890 σει
2384 4854 2466 4889 σοι
2508 4836 2713 4910 Κύριος
2751 4837 2780 4888 ὁ
2826 4835 2959 4900 Θεός
2987 4849 3115 4888 σου’
3143 4832 3310 4887 αὑτοῦ
3342 4826 3639 4885 ἀκούσεσθε
3685 4820 3807 4877 κατά

2250 4931 2446 4992 πάντα,
2500 4930 2601 4983 ὅσα
2646 4930 2835 5001 ῂτήσω
2880 4927 3029 5000 παρὰ
3073 4926 3281 4997 Κυρίου
3303 4922 3399 4977 τοῦ
3443 4919 3578 4976 Θεοῦ
3631 4934 3717 4971 σου
3758 4915 3808 4966 ἐν

2245 5020 2447 5094 Χωρὴϐ
2495 5023 2563 5093 τῇ
2594 5020 2777 5092 ἡμέρᾳ
2801 5017 3224 5090 τῆςέκκλησίας,
3258 5016 3531 5085 λέγοντες,
3565 5011 3636 5065 Οὐ
3664 5020 3810 5079 προσ·

2246 5114 2481 5185 θήσομεν
2529 5111 2763 5166 ἀκοῦσαι
2793 5110 2893 5180 τῆς
2924 5108 3110 5179 φωνῆς
3140 5105 3348 5178 Κυρίου
3369 5104 3467 5159 τοῦ
3494 5100 3628 5155 Θεοῦ
3648 5094 3807 5185 ἡμῶν)

2243 5182 2339 5257 καὶ
2370 5182 2434 5257 τὸ
2462 5201 2573 5276 πῦρ
2598 5202 2659 5256 τὸ
2688 5202 2830 5273 μέγα
2867 5199 3028 5253 τοῦτο
3068 5198 3168 5253 ούκ
3195 5195 3442 5285 ὀψόμεθα
3474 5194 3576 5256 ἔτι,
3607 5182 3809 5285 οῦδὲΑξῆ

2242 5274 2601 5365 ἁμάρτοιμεν.
2657 5294 2766 5345 Καὶ
2818 5286 2971 5343 εἶπεν
3021 5288 3224 5360 Κύριος
3278 5284 3418 5356 πρὸς
3465 5284 3567 5354 με’
3623 5274 3808 5349 Ὀρθῶς

2247 5379 2447 5443 πάντα,
2466 5381 2566 5434 ὅσα
2598 5379 2865 5450 ἐλάλησαν
2880 5395 2893 5408 ·
2930 5378 3215 5449 προφήτην
3245 5376 3539 5445 ἀναστήσω
3561 5369 3731 5429 αὐτοῖς
3753 5365 3811 5415 ἐκ

2246 5472 2414 5544 μέσου
2442 5472 2553 5527 τῶν
2594 5470 2838 5542 ἀδελφῶν
2883 5469 3086 5534 αὐτῶν,
3120 5468 3310 5539 ὥσπερ
3331 5467 3395 5520 σέ
3414 5484 3428 5497 ·
3454 5464 3550 5520 καὶ
3590 5461 3735 5515 δώσω
3756 5453 3809 5509 τὸ

2243 5564 2394 5636 ῥῆμά
2419 5581 2522 5633 μου
2552 5564 2613 5619 ἐν
2648 5564 2727 5636 τῷ
2767 5563 2996 5636 στόματι
3026 5560 3215 5626 αὐτοῦ,
3244 5560 3339 5614 καὶ
3382 5557 3607 5630 λαλήσει
3643 5550 3809 5609 αὐτοῖς

636 5718 705 5751 ιι·
726 5718 895 5775 Exod.
921 5736 960 5781 ι,
984 5720 1067 5775 te.
1144 5720 1614 5784 "Joun.x.'x,15.
1692 5718 1898 5775 "‘Gal.
1920 5734 2005 5785 In.
2034 5720 2119 5776 15-

2258 5718 2420 5775 Num.
2456 5736 2603 5787 xxiv,
2631 5720 2715 5775 i7.
2792 5720 2834 5753 "’
2857 5718 3055 5789 Philip.
3096 5733 3159 5784 ιι,
3196 5716 3245 5773 7.
3322 5716 3365 5748 ”
3408 5713 3607 5786 Epiros.
3634 5699 3805 5772 mli.

563 5790 609 5822 ”
647 5790 792 5847 Psal.
831 5808 897 5856 ιι,
934 5792 987 5845 8.
