4114 6472
319 392 462 450 1073

1346 367 1637 444 ECLOGA:
1679 380 2168 438 PROPllETlCE.
2209 409 2283 426 .-
2327 381 2454 440 LIB.
2489 380 2510 436 ι
2548 408 2555 415 -

3423 368 3572 447 im

317 508 440 562 καθ’
472 509 553 563 ὅτι
580 507 645 561 ἀν
680 506 1005 579 ὲντείλωμαι
1030 505 1197 578 αὐτῷ.
1230 504 1342 560 Καὶ
1367 507 1395 559 6
1431 504 1717 578 ἄνθρωπος
1742 503 1801 567 ὃς
1825 501 1884 557 ἀν

1996 503 2049 556 in
2073 500 2293 557 nomine
2328 516 2474 563 meo,
2509 498 2701 555 audire
2754 496 3015 561 mduerit,
3071 509 3171 566 ego
3231 492 3377 551 ultor
3417 488 3565 543 exsi-

319 603 397 675 μή
424 597 631 673 ἀκούσῃ
657 598 835 653 πάντα
857 599 957 652 ὅσα
992 597 1057 652 ἀν
1097 598 1302 670 λαλήσῃ
1331 597 1361 651 6
1400 598 1687 668 προφήτης
1705 596 1797 649 ἐπὶ
1816 594 1894 666 τῷ

314 690 538 763 ὀνόματί
564 688 809 763 μου,ὲγὼ
827 689 1097 761 ἐκδικήσω
1120 689 1179 755 ἐξ
1205 689 1403 743 αὐτῶν.
1438 709 1458 742 ι
1482 689 1594 742 Καὶ
1612 687 1663 740 τί
1692 687 1893 757 μᾶλλον

312 779 428 851 ἔχοι
451 796 537 844 τις
551 781 615 834 ὲκ
630 778 724 834 τοῦ
750 778 967 851 Ἰσραὴλ
982 777 1124 833 κατά
1143 779 1380 833 Μωῡσέα
1413 777 1718 851 προφήτην,
1744 774 1888 829 τοῦτ’

312 871 432 925 ἔστι
482 870 801 943 νομοθέτην,
860 869 954 925 τοῦ
995 870 1104 925 τῶν
1148 869 1450 942 ἀνθρώπων
1482 869 1672 938 γένους
1692 866 1883 920 ἀναδε-

312 962 596 1033 δειγμένον
622 961 907 1030 ἐπιδεῖξαι,
932 963 967 1035 ἢ
1002 964 1160 1035 μόνον
1206 961 1414 1033 Ἰησοῦν
1437 961 1527 1014 τὸν
1559 961 1783 1030 Σωτῆρα
1798 959 1892 1012 καὶ

313 1053 519 1127 Κύριον
549 1053 725 1126 ήμῶν,
761 1054 820 1118 6;
855 1055 955 1125 τῆς
997 1055 1204 1125 Καινῆς
1240 1052 1515 1123 Διαθήκης
1532 1050 1630 1105 τοῦ
1663 1050 1804 1104 κατά
1833 1048 1892 1103 :6

310 1146 648 1217 Εύαηέλιον
682 1146 798 1219 βίου
824 1147 1121 1219 νομοθέτης
1147 1147 1349 1202 ἀπασιν
1380 1145 1756 1214 ἀναπέφανται
1778 1146 1892 1208 τοῖς

310 1240 530 1306 ἔθνεσι,
586 1240 728 1296 κατά
766 1240 867 1311 τὴν
908 1241 967 1294 ἐν
1013 1238 1214 1311 ψαλμῷ
1259 1241 1507 1310 φήσασαν
1548 1235 1891 1309 προφητικὴν

311 1331 512 1404 εὐχήν·
558 1351 577 1384 ι
622 1332 1004 1403 Κατάστησον,
1064 1332 1259 1402 Κύριε,
1318 1329 1616 1402 νομοθέτην
1672 1329 1886 1392 αὐτοῖς·

308 1422 604 1491 γνώτωσαν
657 1422 784 1494 ἔθνη
813 1423 895 1477 ὅτι
933 1421 1209 1495 ἄνθρωποί
1246 1422 1422 1488 εισιν;
1461 1440 1479 1472 ι
1514 1414 1679 1483 06:0;
1704 1419 1761 1473 δὲ
1798 1419 1892 1472 καὶ

308 1511 654 1583 ὲλυτρώσατο
701 1516 802 1585 τῆς
834 1514 1030 1584 νοητῆς
1078 1510 1375 1580 Αἰγύπτου,
1418 1511 1512 1565 καὶ
1539 1511 1638 1582 τῆς
1669 1512 1726 1564 ὲν
1751 1511 1886 1581 αὐτῇ

310 1603 703 1669 πλινθοποιίας,
734 1605 834 1676 τῆς
881 1621 941 1657 τε
983 1604 1185 1674 πικρᾶς
1213 1602 1320 1657 ὑπὸ
1345 1601 1437 1656 τὸν
1468 1601 1653 1673 νοητὸν
1692 1600 1890 1672 Φαραῶ

306 1693 551 1760 δουλείας
603 1697 731 1760 τοὺς
775 1696 844 1750 δι’
900 1694 1066 1750 αὐτοῦ
1109 1693 1623 1767 προ(σ)εληλυθότας
1670 1693 1749 1763 τῷ
1780 1692 1889 1745 τῶν

305 1786 446 1841 ὅλων
476 1788 595 1859 Θεῷ
614 1804 627 1818 ο
659 1789 753 1842 καὶ
797 1788 975 1841 πάντα
1013 1786 1071 1842 δὲ
1104 1785 1293 1850 ἀπλῶς
1321 1785 1392 1840 τὰ
1424 1785 1750 1858 σωματικῶς
1781 1784 1887 1838 ὑπὸ

304 1879 586 1944 Μωῦσέως
610 1880 891 1950 γεγονέναι
924 1879 1278 1952 ἱστορούμενα
1293 1878 1434 1934 κατά
1463 1878 1555 1932 τὸν
1582 1894 1881 1948 πνευματι-

305 1970 402 2025 κδν
443 1972 607 2043 νόμον
655 1974 684 2027 6
737 1972 926 2045 Σωτὴρ
959 1974 1055 2027 καὶ
1105 1972 1308 2045 Κύριος
1344 1971 1504 2042 ήμῶν
1537 1969 1884 2042 διεπράξατο.

316 2061 606 2134 Ἐλήλυθεν
634 2063 741 2136 ἄρα
776 2065 873 2119 καὶ
903 2067 932 2121 6
970 2064 1251 2133 διαϐόητος
1275 2062 1355 2117 ἔτι
1398 2062 1493 2116 καὶ⁸
1524 2061 1620 2115 νῦν
1653 2062 1804 2133 παρά
1827 2077 1886 2114 τε

303 2153 616 2226 Σαμαρεῦσι
640 2157 731 2209 καὶ
744 2156 1037 2220 Ἰουδαίοις,
1053 2156 1112 2210 ιν
1138 2157 1233 2209 καὶ
1256 2156 1498 2226 Μωῦσῆς
1521 2152 1887 2225 προεθέσπισε

302 2248 611 2317 προφήτης,
640 2248 769 2319 περὶ
820 2241 884 2303 οῦ
935 2245 1491 2320 προδιεμαρτύρατοό
1514 2245 1653 2311 Θεὸς
1683 2246 1880 2316 λέγων⁸

306 2354 326 2385 ε
360 2335 470 2390 Καὶ
505 2338 534 2390 6
560 2337 844 2409 ἄνθρωπος
869 2338 928 2403 6;
952 2338 1050 2391 ἐὰν
1082 2339 1155 2410 μὴ
1194 2336 1404 2411 ἀκούσῃ
1428 2336 1605 2391 πάντα
1660 2337 1760 2391 ὅσα
1793 2336 1888 2390 ὲὰν

299 2425 511 2500 λαλήσῃ
548 2426 578 2480 6
604 2431 888 2501 προφήτης
917 2432 974 2484 ὲν
1001 2429 1079 2500 τῷ
1115 2430 1340 2501 ὀνόματί
1371 2446 1495 2500 μου,
1527 2430 1798 2502 ἐκδικήσω
1826 2430 1888 2497 ἐξ

299 2520 487 2575 αὐτοῦ.
522 2539 541 2572 ι
582 2520 952 2592 Ἐκδεδίκηταί
983 2523 1035 2591 γ’
1087 2517 1182 2576 οὖν
1227 2520 1289 2575 τὸ
1329 2512 1471 2593 αἷμα
1512 2522 1728 2576 πάντων
1777 2522 1887 2577 τῶν

298 2612 411 2666 ἀπὸ
441 2610 608 2666 Ἀσελ
628 2612 792 2685 μέχρι
831 2615 1102 2686 Ζαχαρίου
1154 2612 1247 2667 τοῦ
1297 2614 1648 2683 φονευθέντος
1682 2614 1885 2684 μεταξὺ

298 2704 395 2761 τοῦ
421 2705 550 2761 ναοῦ
588 2708 683 2762 καὶ
727 2707 824 2762 τοῦ
850 2707 917 2780 (ι.
947 2707 1033 2774 l6)
1063 2706 1448 2781 θυσιαστηρίου
1472 2748 1488 2772 ,
1523 2708 1633 2762 ἀπὸ
1670 2708 1771 2779 τῆς
1794 2724 1888 2777 γε-

297 2798 428 2861 νεᾶς
459 2798 560 2869 τῆς
604 2799 744 2854 κατά
787 2798 1040 2871 Σωτῆρος
1086 2799 1474 2870 ὲπισυστάσης,
1525 2801 1618 2854 καὶ
1653 2800 1886 2870 μάλιστα

295 2888 409 2942 τῶν
436 2889 822 2962 τολμησάντων
856 2893 1074 2960 ἀφεῖναι
1107 2892 1228 2945 κατ’
1259 2892 1425 2946 αὐτοῦ
1449 2892 1547 2963 τὴν
1568 2910 1586 2943 ι
1616 2890 1882 2964 Σταύρου,

300 2979 538 3051 σταύρου
566 2980 758 3035 αὑτὸν»
786 2982 990 3053 φωνὴν,
1010 2999 1029 3033 ι
1051 2976 1185 3052 Αἶρε
1207 2981 1317 3035 ἀπὸ
1339 2982 1439 3052 τῆς
1457 2981 1565 3051 γῆς
1588 2981 1683 3035 τὸν
1703 2981 1882 3036 τοιοῦ-

297 3086 410 3125 τον·
435 3070 497 3125 τὸ
519 3066 659 3141 αἷμα
681 3071 847 3127 αὐτοῦ
864 3073 949 3143 ἐφ’
969 3075 1117 3145 ἡμᾶς
1146 3074 1238 3129 καὶ
1253 3074 1345 3128 ἐπὶ
1369 3075 1437 3129 τὰ
1462 3076 1627 3130 τέκνα
1652 3075 1810 3148 ἡμῶν
1828 3093 1876 3128 ἰ

1995 597 2136 644 stam
2162 589 2234 644 '°.
2266 608 2285 641 ι
2312 587 2485 655 Quem
2503 603 2631 642 vero
2662 586 2925 656 majorem
2947 601 3015 641 ex
3045 583 3235 643 Israel.
3269 586 3389 650 post
3419 578 3566 649 alcy-

1994 696 2107 735 sem
2127 680 2467 751 prophetam,
2495 678 2550 733 id
2564 686 2652 745 est
2672 679 3064 749 legislatorem,
3090 673 3370 733 hominum
3403 685 3567 741 gener,-

1990 787 2054 827 re
2081 782 2284 835 ortum,
2315 770 2532 827 ostendi
2560 780 2764 842 potest,
2794 770 2903 825 nisi
2925 768 3104 825 solum
3153 764 3339 820 Jesum
3375 762 3569 818 Salva.

1992 877 2163 921 torem
2196 865 2593 937 Dominumque
2622 873 2893 931 nostrum,
2926 864 3020 936 qui
3045 861 3179 919 Novi
3209 859 3566 922 Testamentl,

1991 959 2116 1013 vita:
2164 958 2467 1016 secundum
2525 956 2924 1028 Evangelium,‘
2978 954 3261 1025 legislator
3311 950 3567 1009 omnibus

1992 1050 2372 1107 manifestatus
2399 1058 2486 1109 est
2509 1050 2786 1121 gentibus,
2824 1048 3123 1104 secundum
3176 1047 3323 1101 illam
3369 1043 3566 1115 psalmi

1990 1144 2293 1199 orationem
2324 1159 2338 1194 :
2374 1162 2394 1194 ι
2425 1141 2736 1205 Constitue,
2787 1140 3038 1206 Domine,
3071 1139 3436 1210 legislatorem
3465 1149 3566 1191 su-

1990 1249 2087 1303 per
2101 1250 2198 1290 eos
2217 1250 2230 1286 :
2249 1243 2309 1289 ut
2336 1234 2513 1290 sciant
2537 1243 2727 1305 gentes
2754 1233 3017 1304 quoniam
3039 1231 3291 1287 homines
3314 1235 3443 1287 sunt
3459 1228 3525 1282 ⁸¹.
3540 1245 3561 1281 ι

1990 1325 2090 1381 Hic
2120 1337 2300 1382 autem
2350 1326 2601 1382 liberavit
2660 1325 2895 1398 spiritali
2939 1322 3195 1395 Egypto,
3224 1320 3568 1391 ejusquelae

1990 1420 2227 1483 terariis,
2253 1430 2308 1474 et
2336 1418 2533 1475 acerba
2563 1418 2670 1475 sub
2702 1416 2935 1488 spiritali
2991 1414 3278 1471 Pharaone
3300 1413 3567 1475 servitute

1988 1518 2259 1581 quotquot
2279 1510 2400 1582 ipso
2427 1511 2568 1566 duce
2598 1509 2668 1565 ad
2696 1510 2945 1564 omnium
2976 1508 3145 1563 Deum
3177 1512 3563 1577 pervenerunt.

1990 1601 2055 1656 Et
2072 1603 2255 1657 omnia
2287 1619 2409 1674 quae
2429 1603 2785 1673 corporaliter
2803 1617 2832 1655 a
2864 1601 3049 1673 Moyse
3080 1600 3221 1655 facta
3249 1605 3564 1660 narrantur.

1989 1694 2222 1764 apiritali
2288 1695 2405 1766 lege
2441 1694 2694 1749 Salvator
2733 1693 3107 1764 Dominusque
3161 1698 3350 1746 noster
3390 1689 3569 1761 perfe-

1988 1790 2083 1840 cit.
2121 1785 2282 1842 Venit
2310 1802 2442 1858 ergo
2468 1796 2523 1842 et
2554 1802 2703 1843 nunc
2732 1786 2912 1842 adhuc
2937 1784 3291 1856 pervulgatus
3312 1790 3398 1837 est
3424 1779 3567 1851 apud

1989 1876 2362 1935 Samaritanos
2390 1885 2444 1933 et
2466 1876 2705 1944 Judaeos,
2725 1894 2886 1948 quem
2914 1885 2969 1934 et
2989 1876 3202 1948 Moyses
3230 1875 3568 1946 praenuntia-

1988 1973 2067 2026 vit
2101 1973 2383 2043 prOpheta,
2408 1974 2478 2030 de
2507 1988 2616 2043 quo
2673 1970 2818 2027 Deus
2874 1969 3251 2029 testimonium
3305 1967 3565 2031 reddidit,

1987 2063 2179 2121 dicens
2212 2080 2224 2115 :
2263 2082 2282 2115 ι
2323 2062 2429 2130 Qui
2473 2071 2653 2119 autem
2690 2063 2852 2119 verba
2905 2060 3049 2132 ejus,
3082 2074 3203 2131 quae
3227 2060 3479 2130 loquetur
3509 2058 3565 2112 in

1988 2157 2211 2212 nomine
2236 2171 2378 2220 meo,
2412 2156 2606 2211 audire
2631 2155 2893 2218 noluerit,
2923 2169 3023 2224 ego
3051 2154 3195 2213 ultor
3217 2152 3497 2215 exsistam.
3541 2169 3561 2201 ι

1989 2246 2148 2306 Ultus
2179 2257 2266 2308 est
2286 2264 2419 2319 ergo
2442 2249 2767 2320 sanguinem
2826 2247 3071 2302 omnium
3106 2245 3177 2300 ab
3203 2243 3371 2299 Abele
3394 2258 3567 2312 usque

1987 2340 2054 2394 ad
2074 2339 2395 2397 Zachariam
2412 2342 2555 2396 inter
2572 2341 2830 2410 templum
2853 2349 2905 2397 et
2925 2339 3098 2401 altare
3120 2335 3469 2391 interfectum
3485 2335 3564 2404 ";

1989 2432 2137 2489 ultus
2161 2439 2246 2487 est
2271 2430 2575 2488 Salvatoris
2638 2432 2949 2503 passionem
2994 2430 3298 2501 praesertim
3352 2428 3406 2483 in
3442 2427 3567 2491 illos

1986 2522 2081 2593 qui
2135 2522 2401 2579 adversus
2455 2538 2581 2583 eum
2615 2522 2924 2577 exclamare
2955 2519 3230 2575 audebant
3262 2532 3276 2569 :
3313 2537 3333 2571 ι
3373 2516 3568 2571 Cruci-

1987 2616 2111 2687 tige,
2148 2615 2410 2686 cruciﬁge
2454 2630 2621 2682 eum;
2670 2614 2803 2670 tolle
2854 2627 2979 2670 eum
3036 2627 3068 2667 a
3121 2618 3268 2667 terra
3301 2607 3393 2664 ⁵³;
3432 2623 3565 2663 san-

1984 2710 2108 2781 guis
2149 2716 2271 2780 ejus
2316 2725 2484 2780 super
2544 2724 2647 2765 nos
2681 2714 2737 2763 et
2790 2721 2957 2777 super
2991 2706 3131 2760 ﬁlios
3165 2710 3387 2761 nostros
3438 2700 3503 2756 “.
3541 2720 3560 2753 ι

1986 2800 2141 2867 Quod
2167 2809 2222 2857 et
2251 2802 2504 2872 protinus
2530 2801 2732 2865 evenit,
2755 2798 3087 2863 vindicante,
3131 2805 3192 2853 ut
3218 2796 3566 2867 praedixerat,

1989 2892 2101 2953 Deo
2131 2894 2458 2965 sanguinem
2486 2892 2691 2948 Christi
2728 2892 2783 2947 in
2824 2891 2947 2947 illos
2977 2891 3303 2960 illorumque
3340 2900 3561 2959 pueros.

1986 2983 2079 3040 Sic
2104 2985 2249 3039 enim
2274 2999 2371 3040 eos
2399 2983 2708 3053 insequitur
2728 2995 2913 3053 poena,
2945 2989 3005 3035 ut
3053 2980 3256 3036 abhinc
3283 2991 3457 3049 usque
3494 2973 3565 3035 ad

1984 3092 2228 3148 praesens
2243 3083 2461 3147 tempus
2491 3091 2626 3147 gens
2654 3076 2837 3132 omnis
2864 3080 3030 3145 caput
3049 3072 3310 3129 extollere
3336 3069 3565 3127 minimo

297 3161 436 3235 ὅπερ
461 3163 555 3217 καὶ
583 3165 898 3235 παραυτίκα
936 3165 1149 3234 γέγονε,
1184 3162 1279 3220 τοῦ
1305 3165 1461 3229 Θεοῦ,
1489 3165 1673 3232 καθὼς
1702 3169 1884 3239 προεῖ-

1987 3168 2249 3240 potuerit,
2289 3167 2512 3237 impleta
2545 3172 2600 3221 et
2634 3167 2742 3221 alia
2787 3166 2956 3221 Amos
2986 3163 3274 3236 prophetia
3302 3160 3559 3221 dicente:

299 3269 425 3318 πεν,
456 3254 845 3326 ὲκδικήσαντος
870 3255 933 3310 :6
962 3250 1102 3328 αἷμα
1132 3258 1224 3311 τοῦ
1254 3256 1493 3329 Χριστοῦ
1518 3258 1583 3312 ἐκ
1612 3276 1673 3312 τε
1702 3258 1882 3313 αὐτῶν

1987 3217 2247 3319 :Domus
2296 3257 2465 3319 lsrael
2513 3258 2735 3322 cecidit,
2772 3267 2827 3313 et
2872 3272 2981 3319 non
3012 3255 3232 3324 adjiciet
3259 3260 3320 3309 ut
3374 3267 3563 3309 resur-

298 3346 522 3400 ἐκείνων
553 3347 778 3401 καὶτῶν
800 3347 1007 3404 τέκνων
1041 3348 1240 3416 αὐτῶν,
1272 3350 1388 3421 ἅμα
1418 3367 1480 3405 τε
1516 3351 1884 3423 μετελθούσης

296 3436 497 3501 αὐτοὺς
516 3438 618 3509 τῆς
647 3438 822 3511 δίκης,
853 3439 930 3503 ὡς
959 3439 1018 3507 ἐξ
1047 3441 1256 3496 ἐκείνου
1283 3444 1364 3507 είς
1387 3442 1548 3515 δεῦρο
1593 3444 1716 3516 μηδ’
1748 3444 1886 3510 ὅλως

297 3522 430 3597 ἆραι
459 3527 700 3601 κεφαλὴν
735 3528 798 3582 :6
823 3530 932 3583 πᾶν
974 3529 1126 3594 ἔθνος
1154 3529 1469 3603 δυνηθῆναι,
1501 3529 1887 3603 πληρωθείσης

1984 3360 2077 3423 gat
2102 3352 2170 3406 ".
2208 3370 2227 3404 ι
2254 3350 2387 3418 Quae
2414 3359 2467 3405 et
2499 3350 2796 3420 Apostolus
2836 3350 3033 3420 spiritu
3066 3344 3392 3418 praevidens,
3426 3356 3566 3419 prte-

1988 3443 2195 3503 dicavit
2223 3444 2311 3500 bis
2354 3444 2578 3499 verbis:
2610 3461 2627 3494 ι
2664 3441 2919 3499 Pervenit
2960 3441 3107 3498 enim
3140 3440 3223 3494 ira
3253 3438 3348 3494 Dei
3400 3449 3565 3508 super

1989 3534 2115 3591 illos
2148 3550 2325 3605 usque
2356 3535 2411 3590 in
2443 3535 2605 3590 tinem
2636 3536 2704 3590 ⁵⁸.
2745 3552 2763 3585 ι

295 3619 394 3673 καὶ
444 3620 635 3693 ἑτέρας
679 3621 1015 3693 προφητείας
1056 3621 1240 3693 Ἀμῶς
1281 3622 1617 3694 φασκούσης,
1655 3642 1674 3674 ι
1710 3618 1874 3687 Οἶκος
1924 3626 2139 3699 Ἰσραὴλ
2161 3627 2467 3688 πέπτωκεν,
2492 3626 2676 3682 οὐκέτι
2726 3625 3024 3698 προσθήσει
3049 3624 3142 3681 :06
3172 3623 3491 3696 ἀναστῆναιθ
3539 3641 3560 3676 ι

297 3711 441 3785 ἅπερ
471 3716 566 3769 καὶ
598 3716 627 3769 6
664 3715 983 3781 Ἀπόστολος
1024 3716 1103 3788 τῷ
1127 3716 1396 3789 πνεύματι
1440 3717 1699 3790 προϊδὼν,
1751 3719 2098 3794 ἀνεφώνησεν
2147 3723 2340 3787 εἰπὼν,
2390 3741 2407 3774 ι
2441 3723 2681 3794 Ἔφθασε
2734 3723 2789 3777 δὲ
2826 3725 2913 3776 ἐπ’
2981 3722 3179 3787 αὐτοὺς
3216 3724 3251 3793 ή
3285 3720 3423 3793 ὀργὴ
3484 3720 3566 3787 εἰς

294 3804 469 3871 τέλος.
510 3825 530 3859 ι

815 3922 1213 3977 ΚΕΦΑΛΑΙΟΝ
1253 3926 1368 3992 ις’.

908 4033 1021 4103 Τῆς
1068 4034 1262 4105 ᾮδῆςσ

374 4166 395 4201 ι
418 4146 796 4221 Εὐφράνθητε,
827 4148 1065 4219 οὐρανοὶ,
1092 4150 1207 4220 ἅμα
1236 4148 1386 4221 αύτῷ
1418 4151 1880 4223 προσκυνησάτω-

295 4256 399 4297 σαν
438 4238 586 4310 αὐτῷ
640 4239 840 4304 πάντες
887 4238 1105 4307 ἄγγελοι
1127 4238 1262 4293 Θεοῦ
1286 4258 1300 4271 ·
1333 4240 1693 4313 εύφράνθητε,
1725 4240 1877 4314 ἔθνη,

300 4333 440 4405 μετὰ
470 4330 563 4387 τοῦ
602 4332 732 4385 λαοῦ
762 4331 950 4394 αὐτοῦ,
975 4332 1069 4386 καὶ
1097 4332 1538 4405 ὲνισχυσάτωσαν
1567 4332 1718 4404 αὐτῷ
1738 4334 1877 4388 πάν-

296 4442 389 4491 τες
420 4423 526 4478 υίοὶ
572 4422 729 4477 Θεοῦ.
773 4442 792 4473 ι
826 4424 935 4476 Καὶ
980 4423 1085 4478 τίνι
1129 4424 1274 4496 ἀλλῳ
1315 4426 1714 4496 προσκυνήσειν
1765 4427 1879 4489 τοῖς

2571 3922 2800 3979 CAPUT
2831 3923 2973 3980 XVI.

2613 4037 2660 4091 E
2689 4037 2931 4093 Cantica.

2059 4168 2078 4201 ι
2116 4147 2420 4215 ιωιειιιιὶιιί,
2455 4150 2604 4218 cteli,
2640 4152 2803 4206 simul
2836 4158 2963 4207 ante
2991 4166 3114 4206 eum
3139 4159 3560 4221 prosternamur

1982 4240 2272 4299 adorantes
2294 4256 2485 4299 omnes
2518 4242 2695 4313 angeli
2724 4241 2856 4309 Dei;
2877 4243 3160 4307 laetamini,
3193 4254 3403 4312 gentes,
3430 4261 3557 4300 cum

1988 4336 2188 4409 populo
2240 4334 2384 4406 ejus,
2446 4345 2502 4393 et
2559 4336 2958 4392 conﬁrmentur
3013 4336 3068 4391 in
3119 4353 3184 4393 eo
3230 4350 3423 4396 omnes
3468 4340 3564 4395 lilii

1988 4424 2096 4483 Dei.
2114 4429 2181 4481 ⁸⁷.
2215 4447 2233 4479 ι
2275 4426 2445 4495 Quem
2477 4428 2643 4482 alium
2695 4428 2926 4484 adorare
2953 4430 3163 4499 angelis
3195 4430 3317 4500 ejus
3371 4432 3565 4502 pracci-

298 4516 549 4587 ἀγγέλοις
573 4513 736 4570 αὑτοῦ
773 4515 1100 4586 προστάττοι
1127 4515 1193 4570 ἂν
1223 4517 1282 4569 :6
1312 4516 1455 4571 θεῖον
1486 4516 1712 4589 Πνεῦμα
1740 4517 1773 4593 ἦ
1801 4516 1878 4588 τῷ

1987 4529 2136 4592 peret
2167 4521 2406 4593 Spiritus
2429 4521 2672 4586 divinus,
2709 4521 2818 4577 nisi
2851 4520 3155 4589 Christum,
3215 4521 3375 4593 cujus
3432 4538 3565 4578 sane

299 4605 538 4681 Χριστῷ,
565 4599 627 4659 06
656 4604 843 4674 σαφῶς
879 4606 972 4659 ἐπὶ
1003 4607 1069 4677 τῇ
1107 4606 1380 4680 παρουσία
1418 4607 1708 4680 ηὐφράνθη
1746 4607 1885 4678 μετά

295 4698 392 4753 τοῦ
428 4697 555 4750 λαοῦ
580 4695 743 4750 αὑτοῦ
769 4695 837 4749 τὰ
862 4695 989 4766 ἔθνη
1017 4695 1112 4749 τοῦ
1145 4696 1252 4750 τῶν
1276 4696 1498 4752 δικαίων
1529 4700 1884 4772 πατριαρχῶν

298 4792 394 4847 καὶ
424 4790 718 4866 προφητῶν
749 4789 944 4862 χοροῦ·
993 4791 1122 4862 περὶ
1164 4785 1239 4844 ὧν
1270 4791 1438 4846 ὲθνῶν
1485 4786 1639 4856 αὖθις
1672 4793 1764 4847 ὲπὶ
1784 4796 1883 4865 τῆς

297 4887 469 4958 αὐτῆς
524 4886 668 4958 ᾠδῆς
719 4885 795 4949 ὡς
846 4886 981 4957 πρὸς
1026 4886 1213 4957 ἕτερον
1249 4885 1375 4940 λαὸν
1410 4888 1826 4960 ἀποτεινόμενος
1853 4889 1882 4941 6

298 4978 431 5044 Θεός
484 4995 669 5050 φησιν,
706 4995 726 5029 ι
764 4978 926 5031 Αὐτοὶ
983 4977 1373 5050 παρεζήλωσάν
1431 4996 1497 5049 με
1531 4981 1618 5032 ἐπ’
1648 4981 1709 5033 o6
1744 4979 1870 5050 θεῷ,

298 5071 658 5146 παρώργισάν
703 5088 769 5143 με
799 5074 856 5126 ὲν
882 5075 993 5139 τοῖς
1012 5072 1249 5139 εἰδώλοις
1268 5072 1446 5128 αὐτῶν
1469 5091 1485 5106 ο
1515 5073 1671 5144 κάγὼ
1700 5091 1875 5146 παρα-

301 5161 530 5237 ζηλώσω
584 5166 779 5228 αὐτοὺς
810 5167 908 5219 06x
958 5167 1044 5219 ἐπ’
1090 5163 1267 5226 ἔθνει,
1321 5167 1407 5220 ἐπ’
1447 5165 1589 5220 ἔθνει
1631 5168 1877 5238 ἀσυνέτῳ

301 5255 585 5328 παροργιῶ
631 5255 848 5322 αύτούς.
894 5275 912 5308 ι
943 5257 1054 5310 Καὶ
1089 5257 1353 5331 πρόδηλόν
1391 5274 1454 5328 γε
1490 5258 1572 5311 ὅτι
1616 5258 1751 5330 μετά
1781 5261 1881 5332 τὴν

299 5348 523 5403 ἐκείνων
555 5346 825 5419 ἀποῦολὴν
860 5366 878 5400 ι
919 5348 989 5402 τὰ
1014 5349 1172 5421 μωρὰ
1202 5348 1295 5403 τοῦ
1319 5350 1523 5420 κόσμου
1551 5348 1833 5415 ἐξελέξατο
1852 5352 1881 5403 6

299 5436 451 5501 Θεὸς,
480 5437 567 5490 ἵνα
588 5437 923 5511 καταισχύνῃ
951 5440 1077 5500 τοὺς
1104 5442 1233 5513 παρ’
1265 5440 1493 5505 ἐκείνοις
1529 5441 1725 5512 σοφούς
1744 5459 1758 5472 ’
1784 5440 1879 5495 καὶ

298 5528 366 5582 τὰ
396 5529 595 5600 ἀσθενῆ
637 5528 731 5584 τοῦ
780 5529 983 5601 κόσμου
1010 5530 1314 5598 ἐξελέξατο,
1347 5531 1442 5595 καὶ
1462 5532 1529 5585 τὰ
1557 5533 1748 5606 ἀγενῆ,
1784 5535 1879 5588 καὶ

298 5618 366 5672 τὰ
395 5618 811 5691 ἐξουθενημένα,
861 5623 955 5675 καὶ
1004 5622 1070 5676 τὰ
1101 5623 1173 5696 μὴ
1207 5624 1356 5689 ὄντα,
1398 5625 1486 5679 ἵνα
1513 5625 1583 5679 τὰ
1614 5626 1878 5698 πρότερον

373 5772 419 5805 ³⁸
460 5776 617 5832 Deut.
655 5794 820 5838 xvm.
856 5779 1040 5834 15-19.

1983 4614 2277 4686 praesentia
2311 4613 2505 4669 laetata:
2529 4623 2659 4669 sunt
2689 4628 2814 4668 cum
2860 4614 3065 4684 populo
3091 4613 3213 4683 ejus
3234 4621 3446 4683 gentes,
3474 4611 3566 4685 ju-

1982 4716 2194 4762 storum
2253 4708 2509 4764 videlicet
2559 4706 2999 4776 patriarcharum
3059 4707 3565 4778 prophetarumque

1980 4800 2205 4859 chorus.
2237 4798 2314 4855 De
2334 4800 2537 4871 quibus
2560 4799 2815 4871 gentibus
2847 4814 3067 4869 quoque
3126 4799 3182 4853 in
3215 4798 3406 4854 eodem
3433 4814 3564 4854 can-

1980 4896 2094 4951 tico
2132 4896 2292 4969 quasi
2337 4896 2504 4950 alium
2528 4894 2788 4965 populum
2839 4893 3154 4965 increpans,
3188 4891 3334 4949 Deus
3375 4893 3510 4949 dicit
3545 4908 3565 4947 ;

1990 5009 2007 5042 ι
2042 4989 2148 5061 Ipsi
2179 5004 2267 5045 me
2291 4994 2733 5059 provocaverunt
2780 4985 2833 5039 in
2863 5001 2928 5040 eo
2958 4987 3053 5061 qui
3106 5002 3213 5041 non
3244 4993 3362 5041 erat
3404 4987 3562 5052 deus,

1983 5088 2038 5137 et
2072 5082 2433 5136 irritaverant
2467 5081 2521 5136 in
2556 5079 2893 5134 vanitatibus
2946 5079 3063 5134 suis
3108 5096 3119 5131 :
3160 5086 3215 5133 et
3233 5094 3335 5150 ego
3366 5094 3567 5150 provo-

1983 5174 2121 5229 cabo
2148 5189 2244 5228 eos
2301 5173 2355 5227 in
2387 5188 2452 5228 eo
2497 5173 2590 5244 qui
2626 5188 2737 5226 non
2766 5179 2850 5227 est
2908 5170 3165 5243 populus,
3208 5176 3263 5225 et
3316 5170 3370 5224 in
3404 5178 3568 5241 gente

1983 5266 2146 5319 stulta
2196 5264 2425 5319 irritabo
2470 5279 2566 5320 eos
2611 5264 2676 5317 ⁸⁸.
2731 5283 2749 5315 ι
2820 5261 2882 5318 Et
2928 5261 3283 5318 manifestum
3346 5261 3566 5332 quidem

1989 5354 2135 5425 quod
2167 5362 2289 5424 post
2342 5353 2559 5409 illorum
2606 5352 2983 5422 rejectionem,
3024 5370 3041 5404 ι
3081 5368 3202 5423 quae
3233 5352 3401 5407 stulta
3440 5362 3570 5407 sunt

1989 5443 2175 5498 mundi
2199 5442 2362 5513 elegit
2392 5441 2557 5506 Deus,
2609 5449 2670 5496 ut
2699 5440 3001 5496 confundat
3047 5441 3362 5512 sapientes;
3396 5449 3452 5495 et
3487 5440 3570 5492 in-

1988 5534 2143 5590 ﬁrma
2178 5533 2369 5589 mundi
2422 5532 2587 5607 elegit
2627 5532 2791 5599 Deus,
2829 5542 2885 5586 ut
2930 5533 3235 5588 confundat
3266 5533 3427 5588 fortia
3461 5549 3476 5597 ;
3511 5544 3567 5586 ct

1988 5626 2252 5698 ignobilia
2286 5624 2476 5681 mundi
2497 5633 2553 5680 et
2579 5624 3015 5696 contemptibilia
3038 5626 3200 5698 elegit
3230 5625 3395 5691 Deus,
3426 5631 3481 5680 et
3503 5639 3566 5679 ea

1119 5782 1161 5811 “
1203 5778 1346 5851 Psal.
1385 5796 1474 5834 ix.
1506 5780 1596 5851 ἓξ.
1675 5782 1721 5813 "
1766 5780 1884 5834 Matt

1994 5795 2164 5841 χχιιι.
2199 5780 2301 5851 55,
2363 5778 2413 5812 ⁸⁸
2450 5778 2611 5835 Joan.
2647 5796 2774 5848 xxx,
2814 5778 2867 5837 6.
2943 5783 2990 5815 ³³
3029 5782 3221 5839 Matth.
3265 5796 3434 5851 xxvii,
3470 5778 3562 5838 25.

296 5842 346 5879 ⁸⁸
379 5846 546 5903 Amos
580 5863 635 5914 ν.
676 5848 725 5905 1.
801 5851 848 5882 ⁵⁸⁸
888 5848 907 5903 ι
942 5847 1138 5908 Thess.
1177 5867 1248 5918 ιι,
1286 5850 1373 5908 16.
1450 5852 1493 5884 ³⁷
1536 5850 1695 5909 Deut.
1731 5868 1879 5908 »χιιι

1987 5853 2033 5907 5.
2110 5852 2155 5884 ⁸⁸
2194 5850 2329 5908 ibid.
2361 5851 2453 5907 21.
