4114 6472
576 350 718 413 1073

1284 343 1555 406 EUSEBII
1592 343 2074 403 CJESABIENSIS
2103 340 2255 401 OPP.
2284 339 2462 398 PARS
2492 338 2578 395 III.
2620 369 2693 383 --
2730 335 3155 394 EXEGETICA.’

3698 331 3852 390 {0'6

572 482 698 541 quae
723 481 835 522 non
867 471 1016 528 sunt,
1043 470 1179 518 utea
1203 475 1328 534 qum
1346 470 1498 526 sunt,
1517 461 1827 519 destrueret
1845 462 1916 515 ⁸³.
1947 481 1967 515 ι
1991 459 2141 516 Prius

2254 457 2383 527 παρ’
2412 455 2639 520 ἐκείνοις
2665 454 2797 509 ὄντα
2817 454 3167 529 καταργήσῃ·
3207 472 3225 505 ι
3265 453 3349 507 ὅτι
3378 451 3444 524 δὴ
3474 452 3741 525 πρότερον
3772 455 3857 507 ὲκ

573 563 761 636 igitur,
797 560 854 614 in
887 556 1090 631 Moysis
1121 556 1296 628 ipsius
1324 554 1687 626 temporibus,
1719 553 1883 610 idolis
1913 554 2154 610 servieno

572 664 680 718 tes,
710 651 807 708 Dei
844 651 983 706 iram
1021 647 1402 709 excitaverunt
1447 654 1502 704 et
1550 655 2008 719 provocaveruut,
2058 660 2152 701 ve-

571 747 924 815 nientemque
951 741 1233 799 Christum
1267 742 1390 811 ejus
1428 756 1541 795 non
1568 747 1933 811 acceperunt;
1961 746 2150 809 gentes

574 847 755 894 autem
784 836 853 891 ab
879 851 946 890 eo
983 834 1049 889 ad
1081 832 1262 889 Patris
1313 830 1518 901 Deique
1562 832 1807 886 omnium
1856 829 2148 886 scientiam

573 928 841 990 adductae,
892 926 1194 983 secundum
1220 927 1568 996 praesentem
1602 926 1967 996 prophetiam,
2022 941 2148 981 cum

575 1028 890 1079 sanctorum
918 1019 1039 1088 ejus
1096 1020 1297 1090 populo
1329 1020 1695 1085 latabuntur;
1724 1018 2005 1074 Christum
2049 1032 2152 1073 au-

575 1121 683 1171 tem
716 1112 1073 1166 ﬁrmaverunt
1103 1126 1295 1167 omnes
1323 1111 1418 1165 lilii
1470 1111 1599 1176 Dei,-
1621 1121 1675 1166 et
1706 1112 1799 1182 qui
1830 1112 1960 1166 olim
1987 1111 2055 1166 de
2083 1125 2151 1166 eo

572 1205 1059 1277 prophetaveruut,
1085 1211 1140 1258 et
1162 1204 1255 1273 qui
1274 1211 1398 1274 post
1415 1203 1535 1273 ejus
1557 1204 1870 1267 adventum,
1903 1202 2151 1273 adoptio-

572 1296 659 1352 nis
692 1294 947 1365 spiritum
968 1294 1274 1357 consecuti,
1311 1309 1435 1348 emn
1476 1309 1575 1363 per
1610 1294 1922 1349 universam
1945 1301 2149 1347 terram

571 1387 987 1442 nuntiaverunt.
1016 1386 1142 1441 Hac
1174 1386 1394 1457 quidem
1437 1384 1505 1440 de
1535 1383 1945 1451 Pentateucho;
2001 1398 2149 1439 nunc

571 1488 701 1539 vero
730 1482 1025 1554 sequentes
1054 1475 1353 1555 Scriptura:
1376 1476 1546 1535 libros
1571 1475 1973 1551 aggrediamur.

1126 1677 1372 1749 ,CAPUT
1404 1676 1569 1734 xvu.

1131 1764 1217 1824 Ea:
1234 1769 1400 1825 Iosue
1420 1770 1576 1824 libro.

646 1878 667 1914 ι
700 1862 837 1917 Cum
866 1872 1047 1918 autem
1078 1871 1225 1918 esset
1256 1861 1426 1918 Josue
1455 1864 1513 1918 in
1541 1876 1674 1933 agro
1720 1862 1875 1918 urbis
1900 1861 2140 1924 Iericho.

571 1954 1012 2021 levavit’oculos,
1057 1961 1112 2011 et
1146 1956 1281 2011 vidit
1324 1957 1505 2011 virum
1542 1962 1780 2010 stantem
1812 1964 2002 2009 contra
2062 1968 2141 2019 se,

566 2047 912 2117 evaginatum
950 2054 1219 2102 tenentem
1244 2046 1507 2118 gladium,
1545 2046 1893 2117 perrexitque
1921 2046 1989 2101 ad
2018 2061 2143 2101 eum

565 2143 621 2191 et
649 2137 759 2190 ait:
786 2135 985 2192 Noster
1014 2152 1097 2202 es,
1131 2152 1201 2191 an
1259 2136 1740 2193 adversariorum?
1770 2135 1875 2203 Qui
1913 2152 2144 2207 respon-

566 2224 687 2282 dit:
715 2226 1071 2299 Nequaquam
1101 2248 1113 2283 :
1149 2228 1246 2285 sed
1281 2245 1402 2285 sum
1446 2229 1705 2301 princeps
1733 2231 2011 2286 exercitus
2037 2230 2144 2287 Do-

566 2321 719 2388 mini,
755 2329 810 2377 et
843 2337 991 2376 nunc
1015 2323 1198 2378 venio.
1232 2322 1442 2378 Cecidit
1484 2321 1651 2379 Iosue
1701 2338 1908 2393 pronus
1939 2324 1995 2379 in
2038 2332 2147 2378 ter-

565 2424 705 2469 ram.
739 2413 805 2466 Et
834 2414 1074 2470 adorans
1103 2415 1177 2485 ait
1208 2434 1222 2467 :
1250 2414 1392 2481 Quid
1430 2413 1687 2470 dominus
1712 2404 1868 2470 meus
1903 2415 2147 2485 loquitur

564 2504 632 2563 ad
693 2522 910 2561 servum
966 2507 1167 2562 suum?
1222 2504 1404 2571 Solve,
1456 2507 1670 2577 inquit,
1717 2507 2143 2563 calceamentum

566 2603 718 2651 tuum
778 2597 846 2653 de
908 2598 1140 2667 pedibus
1210 2598 1321 2654 tuis
1373 2617 1387 2652 :
1455 2598 1609 2653 locus
1664 2597 1808 2651 enim
1843 2638 1859 2661 ,
1921 2596 1975 2650 in
2031 2611 2143 2666 quo

564 2697 721 2753 Stas.
771 2696 998 2749 sanctus
1046 2697 1132 2746 est
1179 2690 1249 2746 ".
1300 2710 1319 2745 ι
1385 2689 1521 2758 Quis
1585 2692 1726 2748 alius
1775 2708 1899 2749 esse
1958 2701 2146 2764 posset

567 2778 821 2851 princeps
885 2783 1166 2853 copiarum
1223 2782 1487 2848 Domini,
1544 2785 1652 2840 nisi
1711 2784 1966 2839 Christus
2028 2782 2141 2847 Dei,

568 2873 809 2930 universi
857 2874 970 2930 dux
1000 2876 1203 2932 sancti
1255 2877 1637 2949 spiritalisque
1695 2876 1791 2932 Dei
1828 2876 2146 2933 exercitus?

567 2961 701 3019 I‘lud
750 2966 913 3020 etiam
962 2968 1201 3029 attende,
1258 2983 1441 3023 annon
1479 2968 1621 3023 idem
1678 2969 1773 3039 qui
1828 2968 1998 3040 Moysi
2045 2982 2144 3038 per

569 3057 819 3127 angelum
875 3060 1261 3117 manifestatus
1312 3062 1367 3116 in
1413 3069 1598 3117 monte
1626 3076 1692 3117 ex
1754 3062 1888 3132 ipsis
1945 3062 2012 3116 ad
2045 3060 2141 3117 Jo-

564 3163 662 3203 sue
708 3150 889 3205 verbis
934 3151 1359 3209 demonstratur.
1408 3152 1541 3220 Quae
1586 3154 1731 3207 enim
1789 3154 1918 3209 huic
1968 3168 2138 3220 nunc,
2170 3176 2210 3233 ε

564 3240 679 3296 ιιωο
704 3247 758 3297 et
780 3241 951 3315 Moysi
979 3244 1229 3300 similiter
1254 3246 1310 3299 in
1340 3246 1518 3316 prima
1542 3243 1612 3299 ad
1639 3259 1764 3299 eum
1788 3244 2002 3300 Domini
2024 3260 2142 3299 ma-

561 3332 917 3392 nifestatione
944 3352 1042 3407 per
1074 3338 1326 3407 angelum
1357 3338 1505 3393 dicta
1559 3348 1710 3399 sunt,
1758 3357 1777 3390 ι
1821 3336 1983 3395 Solve
2029 3341 2144 3395 cal-

562 3435 908 3482 ceamentum
938 3435 1091 3482 tuum
1109 3428 1178 3484 de
1205 3430 1435 3500 pedibus
1457 3431 1589 3494 tuis,
1616 3451 1635 3483 ι
1655 3438 1709 3487 et
1731 3438 1945 3488 caetera.
1971 3432 2139 3488 Multa

558 3527 689 3579 sunt
714 3518 938 3575 Christo
970 3520 1062 3576 Dei
1087 3522 1311 3577 nomina
1343 3539 1356 3574 :
1386 3539 1534 3579 nunc
1588 3526 1831 3595 seipsum
1868 3544 1887 3578 ι
1924 3526 2140 3582 Domini

556 3610 834 3666 exercitus
875 3611 1182 3683 principem
1214 3633 1233 3665 ι
1269 3613 1550 3683 declarat;
1613 3624 1779 3685 atque
1838 3616 1891 3669 in
1944 3615 2085 3670 Isaia
2119 3658 2135 3683 ,

562 3718 583 3751 ι
623 3700 804 3771 magni
837 3702 1056 3757 consilii
1100 3702 1387 3771 Angelum,
1433 3724 1451 3756 ι
1501 3704 1606 3760 hoc
1644 3705 1702 3760 in
1746 3707 1868 3760 loco
1904 3725 1917 3761 ι
1955 3724 1974 3758 ι
2007 3705 2140 3762 Οιιιο

554 3792 643 3853 nis
674 3793 909 3849 violenta
939 3792 1201 3864 praedatio
1243 3796 1346 3850 erit
1387 3798 1443 3851 in
1485 3797 1922 3853 combustionem
1951 3806 2005 3853 et
2060 3798 2135 3852 ci-

554 3884 663 3947 bus
702 3885 862 3956 ignis.
898 3883 1169 3945 Parvulus
1194 3888 1338 3943 enim
1375 3897 1537 3946 natus
1586 3898 1671 3945 est
1700 3889 1881 3955 nobis,
1909 3898 1964 3947 et
1993 3889 2137 3945 [ilius

553 3975 717 4037 datus
745 3988 828 4034 est
851 3978 1033 4046 nobis,
1066 3986 1121 4034 et
1150 3978 1330 4035 factus
1355 3990 1440 4038 est
1476 3982 1820 4057 principatus
1846 3997 2010 4053 super
2033 3983 2137 4037 hu-

554 4084 765 4133 merum
810 4071 931 4144 ejus
975 4089 989 4128 :
1031 4081 1086 4128 et
1128 4073 1412 4129 vocabitur
1460 4089 1657 4129 nomen
1702 4075 1894 4144 ejus...
1950 4075 2134 4146 magni

551 4164 769 4220 consilii
786 4163 1029 4237 Angelus
1046 4165 1185 4220 ⁶⁸”⁶¹.
1202 4187 1220 4219 ι
1240 4164 1490 4222 Invenies
1505 4176 1560 4222 et
1578 4167 1633 4222 in
1655 4165 1923 4223 Malachia
1952 4167 2131 4237 ipsum

556 4271 576 4312 ι
614 4253 882 4326 Angelum
913 4256 1225 4312 testamenti
1261 4257 1307 4288 “
1342 4276 1360 4309 ι
1411 4264 1689 4321 vocatum,
1731 4258 1824 4312 ubi
1885 4257 2083 4328 legitur
2114 4270 2128 4306 :

557 4361 579 4399 ι
616 4343 683 4400 Et
729 4347 913 4400 statim
957 4346 1137 4402 veniet
1180 4347 1249 4402 ad
1292 4348 1555 4418 templum
1596 4363 1757 4403 suum
1788 4346 2129 4413 Dominator,

550 4453 713 4510 quem
757 4455 857 4494 vos
891 4439 1159 4509 quaeritis.
1215 4448 1271 4506 et
1297 4440 1540 4525 Angelus
1587 4440 1925 4511 testamenti,
1966 4455 2129 4512 quem

549 4543 649 4596 vos
678 4530 846 4599 vultis
872 4529 939 4585 “.
978 4549 998 4590 ι

1116 4642 1350 4703 CAPUT
1373 4643 1559 4702 XVIII.

693 4730 741 4787 Ε
759 4734 932 4802 primo
955 4733 1152 4807 Regum
1181 4734 1339 4802 libro,
1373 4751 1441 4791 ex
1464 4741 1633 4797 Annae
1662 4739 1983 4807 precatione.

623 4838 644 4882 ι
680 4821 947 4890 Dominus
987 4824 1239 4881 ascendit
1266 4825 1325 4885 in
1353 4825 1527 4883 ccelos
1560 4832 1616 4882 et
1656 4827 1856 4883 tonuit.
1889 4826 2013 4899 Ipse
2037 4828 2131 4900 jug-

544 4914 753 4980 dicabit
782 4915 919 4978 lines
958 4922 1137 4984 terre,
1160 4924 1214 4977 et
1242 4915 1395 4980 dabit
1429 4916 1717 4989 imperium
1772 4919 1887 4990 regi
1918 4904 2040 4987 Suo,
2073 4929 2130 4975 et

546 5006 865 5073 sublimabit.
917 5023 1091 5071 cornu
1134 5008 1341 5073 Christi
1386 5010 1473 5065 sui
1518 5010 1586 5067 “.
1627 5030 1647 5063 ι
1699 5010 1806 5080 Qui
1847 5010 1918 5074 de
1969 5010 2128 5075 caelis

543 5102 909 5165 descenderat
937 5099 1205 5166 Dominus
1254 5100 1350 5161 Dei
1384 5099 1648 5170 Verbum,
1680 5102 1799 5178 ipse
1842 5119 2040 5160 rursus
2069 5102 2127 5158 in

542 5195 717 5255 caelos
735 5194 1017 5261 ascendit;
1040 5200 1092 5254 et
1113 5207 1240 5253 cum
1259 5193 1623 5265 ascendisset,
1647 5194 1830 5253 divina
1853 5202 2128 5277 potestate

541 5300 643 5347 sua
690 5287 1065 5357 evangelicum
1118 5287 1373 5347 nuntium
1420 5287 1622 5355 tonuit,
1676 5295 1737 5342 ut
1765 5289 1821 5343 in
1869 5290 2125 5353 universa

539 5388 692 5441 terra
721 5379 968 5445 auditum
1002 5380 1155 5444 illum
1206 5379 1465 5445 eiﬁceret.
1503 5380 1623 5452 Ipse
1650 5394 1829 5442 autem
1857 5382 2128 5451 judicabit

539 5472 679 5530 ﬁnes
713 5484 873 5530 terra:
901 5481 956 5530 et
998 5480 1268 5550 quotquot
1323 5474 1469 5530 intra
1521 5491 1619 5533 eos
1670 5475 1940 5540 habitant,
1973 5478 2124 5538 omni

534 5561 749 5643 judicio
796 5577 829 5627 a
875 5562 1039 5621 Patre
1088 5571 1333 5635 accepto.
1392 5561 1498 5619 Sed
1548 5563 1712 5625 etiam
1749 5564 1920 5621 robur
1969 5564 2122 5628 dedit

610 5723 655 5754 ”
697 5719 715 5774 I
748 5720 875 5779 Cor.
934 5735 972 5785 ι,
1009 5718 1097 5779 27.

537 5807 575 5857 ιι
599 5833 612 5858 ,
652 5793 738 5847 10.

1214 5721 1256 5751 ⁶⁰
1296 5715 1410 5776 Jos.
1463 5735 1515 5787 ν,
1568 5720 1756 5784 1546.

1863 5720 1981 5755 ⁶¹·⁶²
2020 5719 2124 5783 lsa.
2183 5737 2271 5794 Ix,
2335 5727 2385 5785 5.

2253 548 2362 602 τῶν
2412 547 2578 601 αὑτοῦ
2603 546 2886 611 Μωῦσέως
2917 546 3124 618 χρόνων
3168 543 3409 609 εἰδώλοις
3458 543 3849 617 λατρεύοντες,

2254 641 2349 697 καὶ
2389 640 2483 694 τὸν
2533 639 2665 694 Θεὸν
2724 636 3151 712 παροργίζοντες
3210 637 3307 692 καὶ
3357 634 3808 707 παρὰζηλοῦντες
3828 674 3850 700 ,

2255 733 2478 787 ὲλθόντα
2536 731 2700 786 αὑτοῦ
2747 731 2839 784 τὸν
2878 730 3112 801 Χριστὸν
3154 730 3253 784 οὑκ
3283 729 3532 796 ἐδέξαντο
3553 746 3567 759 °
3601 728 3739 787 ἀλλὰ
3767 729 3853 782 τὰ

2256 826 2384 898 ἔθνη
2437 842 2503 895 γε
2543 825 2609 879 δι’
2649 824 2814 878 αὑτοῦ
2853 825 2944 880 τὸν
2988 822 3206 895 Πατέρα
3245 822 3339 876 καὶ
3379 821 3511 875 Θεὸν
3543 820 3654 875 τῶν
3701 820 3853 876 ὅλων

2256 914 2543 982 ἐπιγνόντα
2597 912 2738 967 κατὰ
2774 912 2870 985 τήν
2897 914 2954 967 ἐν
2977 914 3134 984 χερσὶ⁸
3166 911 3502 984 προφητείαν
3528 911 3853 983 εὐφρανθήο

2257 1021 2407 1057 σεται
2433 1002 2571 1075 μετὰ
2590 1002 2686 1056 τοῦ
2721 1001 2829 1057 τῶν
2864 1002 3035 1072 ἁγίων
3067 1000 3196 1055 λαοῦ
3244 999 3409 1054 αὐτοῦ
3434 1017 3448 1030 ο
3479 1000 3572 1054 τὸν
3602 999 3851 1072 Χριστὸν

2251 1093 2307 1147 δὲ
2342 1095 2437 1147 καὶ
2458 1094 2747 1164 ὲνίσχυσαν
2785 1093 2985 1158 πάντες
3020 1094 3068 1146 οἱ
3100 1092 3207 1146 υἱοὶ
3233 1089 3326 1144 τοῦ
3354 1090 3513 1155 Θεοῦ¹
3541 1090 3673 1144 οἵτε
3706 1090 3851 1163 πρό.

2250 1204 2407 1259 τερον
2437 1186 2507 1241 τὰ
2541 1187 2671 1259 περὶ
2710 1186 2874 1243 αὐτοῦ
2919 1184 3409 1267 προφητεύσαντες,
3443 1184 3538 1239 καὶ
3558 1184 3674 1238 ὅσοι
3698 1183 3851 1255 μετὰ

2249 1277 2347 1348 τὴν
2370 1277 2673 1352 παρουσίαν
2714 1275 2878 1331 αὑτοῦ
2905 1275 2965 1329 τὸ
3008 1275 3225 1346 πνεῦμα
3247 1274 3345 1346 τῆς
3365 1273 3635 1339 υἱοθεσίας
3657 1276 3854 1347 χωρή-

2252 1385 2465 1433 σαντες,
2501 1370 2595 1423 ἐπὶ
2627 1371 2807 1422 πᾶσαν
2848 1368 3011 1423 αὑτὸν
3060 1365 3333 1440 ἐκήρυξαν
3364 1368 3461 1440 τὴν
3484 1368 3844 1439 οἰκουμένην.

2251 1463 2331 1516 Τὰ
2370 1461 2468 1534 μὲν
2497 1461 2563 1533 δὴ
2595 1461 2701 1515 ἀπὸ
2735 1462 2833 1533 τῆς
2854 1459 3222 1531 ιΙεντατεύχου
3255 1460 3492 1514 τοσαῦτα
3514 1477 3527 1490 ·
3560 1460 3849 1532 μετίωμεν

2250 1556 2309 1613 δὲ
2331 1555 2545 1615 καὶέπὶ
2576 1554 2675 1619 τὰς
2709 1554 2835 1626 ἑξῆς
2868 1554 3112 1625 Γραφάς.

2780 1665 3175 1720 ΚΕΦΔΛΑΙΟΝ
3208 1667 3307 1719 ῐΖ’.

2578 1759 2712 1814 Ἀπὸ
2743 1757 2857 1826 τῆς
2891 1758 2998 1812 τοῦ
3043 1758 3236 1826 Ἰησοῦ
3261 1756 3513 1828 γραφῆς.

2328 1868 2346 1900 ι
2383 1851 2493 1904 Kal
2521 1850 2753 1921 ὲγενήθη
2784 1849 2858 1914 ὡς
2884 1845 2953 1921 ἦν
2993 1848 3198 1921 Ἰησοῦς
3230 1851 3288 1903 ὲν
3332 1847 3558 1921 Ἰεριχὼ,
3582 1850 3676 1902 καὶ
3700 1850 3844 1903 ava-

2250 1940 2455 2012 ϐλέψας
2485 1943 2587 2014 ὁρᾷ
2616 1941 2902 2014 ἄνθρωπον
2931 1940 3199 2012 ἑστηκότα
3221 1940 3503 1996 κατέναντι
3528 1940 3712 2005 αὑτοῦ,
3740 1946 3843 1996 καὶ

2246 2039 2279 2107 ή
2309 2039 2554 2107 ῥομφαία
2583 2034 2904 2105 ὲσπασμένη
2938 2036 2996 2089 ὲν
3026 2036 3092 2104 τῇ
3124 2033 3269 2105 χειρὶ
3298 2033 3481 2088 αὑτοῦ.
3521 2035 3630 2087 Καὶ
3661 2051 3842 2104 προσ-

2248 2128 2418 2182 ελθὼν
2462 2126 2691 2200 Ἰησοῦς,
2732 2122 2907 2191 εἶπεν,
2949 2126 3247 2198 Ἦμέτερος
3288 2120 3358 2191 εἶ,
3391 2126 3425 2196 ἢ
3468 2126 3578 2180 τῶν
3603 2128 3843 2180 ὑπεναν-

2246 2222 2414 2286 τίων;
2452 2221 2563 2275 Kal
2592 2216 2744 2273 εἶπεν
2792 2217 2962 2290 αὐτῷ,
3007 2217 3148 2287 Ἐγὼ
3199 2218 3635 2290 ἀρχιστράτηγος
3674 2218 3842 2272 δυνά-

2251 2331 2397 2385 μεως
2430 2314 2639 2387 Κυρίου
2693 2313 2809 2366 νυνὶ
2856 2312 3228 2384 παραγέγονα.
3258 2311 3369 2365 Kal
3405 2312 3611 2382 Ἰησοῦς
3636 2313 3839 2366 ἔπεσεν

2247 2407 2340 2459 ἐπὶ
2364 2406 2654 2479 πρόσωπον
2678 2406 2771 2459 ἐπὶ
2800 2404 2899 2475 τὴν
2920 2404 3043 2476 γῆν,
3076 2403 3172 2458 καὶ
3193 2398 3345 2459 εἶπεν
3365 2403 3533 2474 αὐτῷ,
3562 2404 3837 2467 Δέσποτα,

2244 2500 2297 2553 τί
2322 2499 2686 2572 προστάσσεις
2713 2497 2794 2569 τῷ
2827 2496 2907 2568 σῷ
2928 2497 3114 2571 οίκὲτῃ
3133 2514 3148 2563 ;
3170 2497 3280 2550 Kal
3300 2497 3448 2565 λέγει
3476 2498 3505 2550 6
3531 2494 3837 2567 ἀρχιστρά-

2245 2609 2413 2663 τηγος
2439 2592 2644 2661 Κυρίου
2675 2590 2813 2663 πρὸς
2845 2586 3074 2661 Ἰησοῦν,
3096 2587 3271 2644 Λύσαι
3297 2587 3359 2643 τὸ
3379 2587 3631 2659 ὑπόδημα
3662 2587 3725 2656 (l‘.
3756 2585 3831 2640 14

2245 2688 2321 2749 νο)
2352 2682 2417 2735 ὲκ
2439 2680 2548 2733 τῶν
2580 2680 2754 2733 ποδῶν
2781 2696 2897 2745 σου,
2924 2681 2954 2732 6
2980 2676 3088 2750 γὰρ
3104 2677 3287 2741 τόπος,
3310 2677 3368 2730 ὲν
3397 2669 3442 2745 ᾧ
3470 2677 3535 2730 σὺ
3564 2677 3830 2748 ἕστηκας.

2242 2774 2408 2837 τόπος
2434 2773 2590 2842 ἅγιός
2616 2775 2754 2827 ἐστι.
2797 2791 2815 2824 ι
2850 2771 2959 2824 Kal
2987 2770 3072 2834 τίς
3091 2768 3156 2823 ἂν
3184 2768 3342 2832 ἄλλος
3365 2767 3453 2838 εἴη
3477 2770 3507 2822 6
3529 2768 3835 2847 ἀρχιστρά-

2243 2880 2411 2932 τηγος
2465 2862 2748 2933 δυνάμεως
2797 2860 3024 2933 Κυρίου,
3058 2858 3093 2931 ἢ
3132 2861 3162 2912 6
3186 2858 3421 2931 Χριστὸς
3477 2856 3571 2912 τοῦ
3610 2857 3767 2922 Θεοῦ,
3796 2858 3832 2912 ὀ

2245 2951 2427 3023 πάσης
2455 2950 2641 3023 ἄρχων
2670 2950 2831 3021 ἁγίας
2854 2952 2949 3005 καὶ
2974 2950 3349 3021 πνευματικῆς
3368 2948 3463 3003 τοῦ
3494 2949 3629 3002 Θεοῦ
3664 2964 3831 3020 στρα-

2243 3043 2364 3105 τιᾶς
2387 3060 2400 3107 ;
2428 3043 2569 3114 Ὅρα
2590 3042 2648 3097 δὲ
2681 3042 2756 3113 μὴ
2784 3043 2833 3094 εἰ
2855 3041 2945 3099 καὶ
2970 3041 2998 3093 6
3024 3040 3187 3104 αὐτὸς
3208 3043 3236 3094 6
3265 3040 3359 3093 καὶ
3381 3040 3459 3111 τῷ
3486 3041 3711 3094 Μωῦσεῖ
3735 3039 3828 3094 διὰ

2245 3135 2338 3189 τοῦ
2399 3136 2633 3206 ἀγγέλου
2685 3136 3029 3208 χρηματίσας
3064 3137 3121 3189 ὲν
3156 3133 3233 3206 τῷ
3268 3134 3383 3207 ὄρει
3415 3134 3524 3188 ἀπὸ
3550 3134 3662 3187 τῶν
3690 3134 3829 3206 πρὸς

2245 3230 2335 3281 τὸν
2393 3227 2603 3298 Ἰησοῦν
2654 3227 2827 3296 λόγων
2874 3226 3269 3297 ὑποφαίνεται·
3310 3227 3454 3300 άπερ
3493 3228 3603 3299 γὰρ
3648 3228 3826 3300 τούτῳ

2245 3317 2361 3381 νῦν,
2384 3320 2558 3377 ταῦτα
2588 3320 2684 3375 καὶ
2712 3320 3148 3390 Μωῦσεῖὁμοίως
3162 3319 3449 3391 ἀρχομένῳ
3474 3320 3573 3390 τῆς
3590 3320 3825 3392 θεωρίας

2245 3413 2381 3484 πρὸς
2411 3412 2503 3469 τοῦ
2548 3412 2755 3484 Κυρίου
2800 3413 2886 3469 διὰ
2927 3412 3021 3467 τοῦ
3056 3413 3285 3482 ἀγγέλου
3320 3413 3534 3485 εἴρηται
3568 3414 3709 3467 κατὰ
3735 3414 3818 3479 τὸ,

2249 3524 2268 3557 ι
2296 3503 2471 3559 Λύσαι
2494 3505 2557 3559 τὸ
2574 3505 2826 3575 ὑπόδημα
2855 3506 2920 3558 ἐκ
2945 3503 3054 3557 τῶν
3070 3504 3245 3558 ποδῶν
3274 3521 3389 3569 σου,
3421 3523 3441 3556 ι
3462 3504 3556 3558 καὶ
3580 3505 3649 3557 τὰ
3670 3504 3816 3575 ἑξῆς.

2243 3597 2604 3670 Πολυώνυμος
2654 3597 2713 3651 δέ
2765 3615 2851 3662 τις
2880 3597 3140 3669 ὑπάρχων
3179 3600 3208 3651 6
3252 3598 3486 3669 Χριστὸς
3528 3597 3625 3651 τοῦ
3660 3597 3822 3663 Θεοῦ,

2244 3690 2336 3745 νῦν
2355 3710 2373 3743 ι
2404 3692 2863 3763 Ἀρχιστράτηγος
2888 3691 3168 3762 δυνάμεως
3184 3690 3390 3762 Κυρίου
3410 3710 3427 3743 ι
3458 3691 3821 3762 χρηματίζει·

2239 3783 2315 3847 ὡς
2333 3784 2427 3837 xal
2452 3785 2509 3838 ὲν
2524 3784 2736 3857 Ἡσαΐᾳ.
2761 3803 2778 3834 ι
2795 3783 3035 3856 μεγάλης
3067 3782 3259 3854 βουλῆς
3278 3783 3541 3852 Ἀγγελος
3560 3800 3573 3814 ’
3601 3803 3621 3836 ι
3639 3786 3697 3839 ὲν
3720 3782 3819 3855 τῷ.

2247 3892 2265 3924 ι
2289 3875 2399 3928 Kal
2432 3873 2745 3946 θελήσουσιν
2766 3876 2812 3929 εί
2846 3874 3090 3943 ἐγένοντο
3121 3875 3498 3944 πυρίκαυστοι.
3531 3875 3651 3928 Ὀτι
3685 3891 3816 3927 παι-

2239 3964 2349 4019 δίον
2387 3964 2649 4036 ἐγεννήθη
2687 3967 2840 4036 ἡμῖν,
2867 3965 2981 4028 υίὸς
3018 3964 3111 4019 καὶ
3143 3963 3297 4036 ἐδόθη
3330 3967 3483 4036 ἡμῖν,
3516 3956 3576 4017 οὗ
3608 3965 3643 4035 ή
3673 3962 3815 4037 ἀρχὴ

2241 4058 2335 4113 ἐπὶ
2364 4056 2458 4110 τοῦ
2509 4056 2659 4128 ὤμου
2709 4056 2895 4120 αὐτοῦ,
2932 4057 3024 4111 καὶ
3056 4058 3298 4112 καλεῖται
3321 4057 3379 4110 τὸ
3406 4056 3577 4127 ὄνομα
3622 4055 3812 4120 αὑτοῦ,

2244 4146 2486 4219 μεγάλης
2519 4145 2716 4218 βουλῆς
2751 4147 3034 4217 Ἄγγελος.
3075 4168 3093 4200 ι
3120 4149 3313 4220 Εὖροις
3362 4148 3405 4200 δ’
3433 4147 3498 4201 ἂν
3534 4145 3628 4200 καὶ
3660 4147 3718 4199 ὲν
3736 4146 3817 4217 τῷ

2238 4238 2495 4310 Μαλαχίᾳ
2522 4258 2540 4289 ι
2571 4238 2833 4308 ’Ἄγγελον
2858 4239 3121 4312 διαθήκης
3159 4259 3176 4291 ι
3208 4240 3367 4293 αὑτὸν
3394 4235 3813 4310 ὀνομαζόμενον,

2238 4329 2367 4383 ἔνθα
2390 4330 2626 4400 λέγεται,
2665 4348 2682 4381 ι
2721 4330 2829 4382 Kal
2858 4330 3115 4402 ἐξαίφνης
3134 4329 3253 4401 ἣξει
3272 4331 3352 4394 είς
3380 4330 3471 4383 τὸν
3494 4329 3620 4382 ναδν
3647 4327 3816 4382 αὑτοῦ

2239 4421 2462 4495 Κύριος,
2507 4423 2565 4476 ὃν
2594 4423 2752 4494 ὑμεῖς
2790 4422 3023 4494 ζητεῖτε,
3050 4424 3144 4478 καὶ
3172 4425 3200 4477 6
3229 4423 3493 4492 Ἀγγελος
3511 4423 3607 4495 τῆς
3629 4421 3817 4495 διαθήσ-

2162 4531 2208 4596 ι)
2239 4530 2362 4586 κης,
2389 4514 2449 4569 ὃν
2480 4516 2639 4593 ὑμεῖς
2670 4514 2872 4571 θέλετε.
2912 4535 2931 4567 ι

2749 4652 3143 4707 ΚΕΦΑΛΑΙΟΝ
3172 4653 3280 4706 ιιιη.

2286 4742 2380 4795 Ἐκ
2411 4739 2519 4809 τῆς
2548 4748 2600 4795 α’
2632 4739 2754 4795 τῶν
2785 4741 3140 4797 Βασιλειίὶψ.
3178 4741 3293 4810 Τῆς
3320 4740 3509 4811 εὐχῆς
3539 4742 3773 4808 Ἅννας.

2310 4852 2330 4885 ι
2369 4834 2574 4907 Κύριος
2609 4834 2777 4905 ἀνέϐη
2826 4835 2907 4898 είς
2945 4834 3208 4906 οὐρανοὺς
3231 4874 3247 4900 ,
3304 4835 3400 4889 καὶ
3451 4826 3808 4906 ἐϐρόντησεν

2236 4924 2401 4990 αὐτὸς
2429 4928 2609 4998 κρινεί
2632 4926 2778 5000 ἄκρα
2808 4910 2955 4998 γῆς’,
2984 4928 3078 4982 καὶ
3114 4925 3275 4980 δώσει
3315 4926 3469 4997 ίσχὺν
3508 4929 3618 4989 τοῖς
3652 4925 3809 4996 βασι-

2233 5015 2420 5081 λεῦσιν
2461 5018 2640 5090 ήμῶν,
2690 5019 2785 5075 καὶ
2813 5019 3021 5090 ὑψώσει
3066 5018 3233 5091 κέρας
3262 5017 3501 5091 Χριστοῦ
3557 5017 3739 5072 αὑτοῦ.
3784 5037 3802 5072 ι

2243 5108 2301 5164 '0
2335 5111 2586 5176 καταϐάς
2612 5114 2675 5167 ὲκ
2698 5113 2808 5167 τῶν
2843 5111 3086 5185 οὐρανῶν
3118 5112 3323 5182 Κύριος
3347 5114 3376 5165 6
3400 5111 3494 5165 τοῦ
3542 5110 3678 5165 Θεοῦ
3709 5110 3808 5164 Λό-

2230 5219 2348 5273 γος,
2381 5204 2546 5267 αὐτὸς
2573 5205 2736 5266 πάλιν
2764 5204 3103 5277 ἀναϐέϐηκεν
3126 5207 3204 5268 είς
3224 5203 3489 5274 οὐρανούς
3508 5218 3523 5234 ο
3558 5203 3655 5257 καὶ
3673 5203 3805 5257 ἀναι-

2234 5294 2335 5358 ea;
2363 5294 2688 5369 ἐϐρόντησεν
2713 5299 2780 5369 τῇ
2800 5296 2940 5365 ,θείῳ
2967 5294 3161 5353 ἑαυτοῦ
3183 5295 3409 5367 δυνάμει
3441 5295 3502 5348 τὸ
3525 5294 3806 5363 εὐαγγελι-

2236 5386 2330 5443 κὺν
2365 5387 2645 5459 κήρυγμα,
2679 5388 2755 5451 ὡς
2780 5386 3102 5453 ἐξάκουστον
3136 5387 3271 5444 αὐτὸ
3307 5384 3558 5455 γενέσθαι
3603 5386 3663 5438 ὲν
3700 5382 3806 5454 ὅλῳ

2227 5475 2312 5548 ’τῷ
2346 5477 2537 5548 κόσμῳ
2556 5495 2570 5510 ·
2601 5478 2763 5543 αὐτὸς
2791 5479 2847 5533 δὲ
2881 5483 3057 5553 κρινεῖ
3085 5480 3232 5554 ἄκρα
3261 5480 3365 5554 γῆς
3406 5481 3503 5537 καὶ
3530 5478 3657 5542 τοὺς
3703 5475 3805 5547 μέ·-

2230 5584 2323 5643 χρι
2354 5569 2558 5627 τούτων
2594 5571 2897 5637 οἰκοῦντας,
2934 5572 3009 5638 ὡς
3032 5574 3212 5628 πᾶσαν
3240 5569 3477 5643 εἰληφὼς
3504 5570 3603 5642 τὴν
3625 5568 3806 5641 κρίσιν

2496 5727 2538 5759 ⁸³
2579 5726 2806 5785 Malach.
2862 5744 2951 5793 ιιι,
3011 5728 3059 5783 I.
3165 5728 3210 5762 “
3264 5728 3397 5789 ibid.
3498 5729 3543 5761 "
3593 5728 3614 5782 I
3668 5722 3798 5797 Reg.
