4114 6472
338 361 483 417 ιοπ

1360 355 1656 413 ΕΟΕΟϐτΕ
1700 349 2187 411 ΡΒΟΡΗΕΤΙΕᾹΞ.
2226 375 2272 390 -·
2335 347 2446 403 LIB
2506 346 2552 402 1.

3453 304 3626 384 1078‘

344 471 495 543 παρά
521 469 615 525 τοῦ
654 469 897 540 Πατρόςο
921 468 1055 522 ἀλλά
1098 468 1192 523 καὶ
1218 467 1418 523 ἔδωκεν
1452 471 1603 542 ἰσχὺν
1643 473 1756 534 τοῖς
1789 471 1913 523 ἐαυ-

2015 463 2298 533 discipulis
2317 460 2457 522 suis,
2487 455 2752 528 apostolis
2784 460 2839 508 et
2885 446 3188 522 prophetis,
3218 444 3315 517 qui
3344 458 3445 499 nos
3499 457 3587 543 re:

339 563 437 618 τοῦ
486 563 584 635 μὲν
640 561 929 633 μαθηταῖς,
964 560 1281 627 ἀποστόλοις
1336 579 1398 615 τε
1448 562 1545 616 καὶ
1591 561 1916 634 προφήταις,

340 654 504 727 ἡμῶν
531 646 918 725 δέοβᾶσιλεῦσι,
949 654 1045 707 καὶ⁸
1073 653 1256 725 ὑψωσε
1287 655 1348 709 τὸ
1368 655 1540 727 κέρας
1558 653 1654 707 τοῦ
1684 653 1917 726 Χριστοῦ

339 745 529 807 αὑτοῦ.
563 746 683 816 ἦτοι
729 743 826 799 τοῦ
856 742 1014 809 λαοῦ,
1069 747 1272 817 μετοχῇ
1313 744 1409 798 τοῦ
1465 742 1703 818 Χριστοῦ
1746 743 1919 808 οὕτως

340 836 766 909 ὀνομαζομένου,
814 836 848 908 ἢ
872 831 932 892 οῦ
965 836 1253 908 ἀνείληφεν
1275 835 1634 908 ἀνθρωπίνου,
1663 828 1724 890 οὗ
1750 835 1918 908 κέρας

339 925 411 1001 ἦν
440 930 474 1001 ἡ
501 929 690 1000 θεότης
708 927 982 1000 ὑψωθείσα
1008 928 1151 983 κατά
1175 928 1267 982 τὸν
1296 927 1794 1000 ίερδνἈπόστολον·
1822 927 1917 981 καλ⁸

339 1025 402 1077 ἐν
428 1021 770 1094 ὀγδοηκοστῷ
799 1021 857 1075 δὲ
886 1021 1056 1093 ὀγδόῳ
1087 1020 1288 1093 ψαλμῷ
1313 1020 1501 1089 σαφῶς
1525 1020 1587 1074 τὸ
1626 1019 1913 1091 παραπλή-

341 1131 455 1168 σιον
480 1112 559 1186 τῷ
591 1114 775 1169 ἐνθάδε
802 1112 1045 1186 περὶτοῦ
1070 1112 1307 1185 Χριστοῦ
1335 1116 1364 1168 ό
1382 1113 1514 1173 Θεός
1542 1129 1726 1184 φησιν,
1758 1130 1777 1163 ι
1805 1113 1916 1166 Καὶ

339 1207 401 1260 ἐν
427 1205 505 1278 τῷ
532 1205 890 1277 ὀνόματίομου
916 1204 1258 1277 ὑψωθήσεται
1287 1204 1349 1258 τὸ
1373 1205 1544 1277 κέρας
1569 1205 1757 1262 αὑτοῦ.
1802 1227 1822 1261 ι

860 1295 1255 1348 ΚΕΦΑΛΑΙΟΝ
1292 1293 1391 1347 ΙΘ’.

414 1403 434 1435 ι
470 1383 583 1438 Καὶ
612 1379 773 1455 ἦλθεν
802 1384 1087 1455 ἄνθρωπος
1112 1383 1249 1438 Θεοῦ
1279 1384 1414 1456 πρὸς
1440 1384 1607 1449 Ἡλεί,
1626 1386 1720 1438 καὶ
1736 1380 1912 1450 εἶπεν,

339 1476 480 1532 Τάδε
513 1477 662 1547 λέγει
691 1477 894 1549 Κύριος
914 1476 1116 1547 Κύριος
1135 1493 1148 1505 ·
1180 1495 1199 1527 ι
1227 1478 1320 1530 καὶ
1342 1478 1400 1531 ἐν
1425 1480 1538 1540 τοῖς
1559 1477 1684 1548 ἑξῆς
1709 1495 1721 1507 ·
1760 1496 1778 1527 ι
1806 1478 1913 1532 Καὶ

337 1571 630 1643 ἀναστήσω
671 1568 895 1642 ἐμαυτῷ
932 1569 1083 1641 ἱερέα
1121 1570 1329 1633 πιστὸν,
1363 1568 1423 1633 ὃς
1453 1568 1631 1622 πάντα
1663 1568 1730 1622 τά
1758 1571 1817 1623 ἐν
1844 1571 1910 1641 τῇ

339 1664 539 1737 καρδίᾳ
578 1681 679 1735 μου
700 1664 794 1717 καὶ
818 1664 887 1717 τὰ
919 1665 977 1716 ἐν
997 1664 1062 1733 τῇ
1095 1661 1241 1732 ψυχῆ
1275 1678 1377 1733 μου
1415 1662 1668 1733 ποιήσει·
1704 1663 1797 1715 καὶ
1829 1663 1912 1714 0i-

340 1756 625 1828 κοδομήσω
652 1754 802 1827 αὑτῷ
838 1750 985 1808 οἷκον
1020 1753 1231 1815 πιστὸν,
1277 1753 1370 1806 καὶ
1396 1752 1725 1807 διελεύσεται
1777 1753 1911 1807 ἑνώ-

2018 531 2175 627 gunt,
2226 562 2280 609 et
2318 550 2637 609 sublimavit
2675 561 2851 601 cornu
2886 540 3089 598 Christi
3135 538 3240 601 sui,
3278 552 3372 591 seu
3405 531 3587 627 populi

2020 622 2128 714 sui,
2164 643 2370 702 Christi
2409 642 2481 699 ob
2520 637 2960 696 communionem
3021 630 3102 685 sic
3132 625 3418 687 nominati,
3474 622 3589 679 sive

2018 753 2182 809 quam
2212 735 2426 805 accepit
2454 727 2836 788 humanitatis,
2874 722 3034 792 cujus
3065 735 3235 774 cornu
3260 722 3377 772 erat
3412 713 3587 769 deitus

2019 807 2310 889 sublimata
2326 824 2628 883 secundum
2647 828 2899 876 sanctum
2920 813 3257 885 Apostolum.
3281 807 3346 861 Et
3366 810 3419 861 iu
3437 811 3588 859 octa-

2016 939 2086 978 vo
2111 930 2166 977 et
2190 918 2526 990 octogesimo
2549 912 2758 985 psalmo
2790 904 3079 962 manifeste
3109 902 3224 956 haec
3249 898 3440 954 eadem
3472 894 3585 990 fere

2016 1012 2084 1067 de
2109 983 2495 1067 Christo'Deus
2520 983 2655 1059 dicit
2691 1021 2704 1055 :
2744 1016 2763 1049 ι
2802 994 2869 1049 Et
2891 994 2947 1049 in
2991 993 3211 1048 nomine
3237 1003 3359 1045 meo
3378 983 3585 1042 exalta-

2016 1104 2166 1161 bitur
2189 1116 2364 1158 cornu
2392 1098 2514 1170 ejus
2538 1096 2603 1148 ⁸⁸.
2638 1113 2658 1146 ι

2595 1284 2822 1343 CAPUT
2853 1282 2997 1339 XIX.

2088 1424 2106 1457 ι
2131 1403 2291 1460 Venit
2315 1408 2494 1457 autem
2525 1400 2610 1453 vir
2638 1397 2735 1453 Dei
2762 1395 2830 1450 ad
2859 1393 2976 1449 Heli
3008 1398 3062 1447 et
3093 1390 3168 1445 ait
3188 1386 3254 1442 ad
3270 1401 3425 1443 eum:
3456 1383 3585 1439 Haec

2014 1498 2145 1553 dicit
2200 1495 2465 1551 Dominus
2508 1488 2830 1561 :Numquid
2847 1489 2921 1539 ⁸⁷»
2961 1526 2975 1541 .
3022 1527 3036 1540 .
3081 1523 3095 1538 .
3144 1490 3199 1537 et
3250 1481 3307 1535 in
3353 1480 3420 1535 iis
3461 1493 3583 1548 qua:

2014 1592 2345 1657 sequuntur:
2397 1601 2416 1634 ι
2446 1582 2511 1637 Et
2555 1581 2840 1637 suscitabo
2885 1575 3017 1631 mihi
3059 1572 3401 1629 sacerdotem
3446 1569 3581 1623 fide-

2013 1680 2149 1745 lem,‘
2180 1677 2273 1749 qui
2315 1676 2471 1746 juxta
2498 1690 2595 1730 cor
2622 1689 2802 1730 meum
2836 1679 2886 1726 et
2916 1668 3154 1723 animam
3186 1679 3361 1720 meam
3384 1662 3581 1716 faciet:

2013 1780 2066 1826 et
2085 1768 2365 1826 aediﬁcabo
2395 1768 2445 1823 ei
2474 1767 2696 1822 domum
2729 1764 2960 1829 ﬁdelem,
2982 1768 3036 1816 et
3075 1756 3375 1813 ambulabit
3398 1767 3582 1809 coram

340 1866 463 1903 πιον
488 1849 722 1922 Χριστοῦ
748 1866 848 1921 μου
882 1848 1061 1911 πάσας
1088 1846 1187 1912 τάς
1212 1847 1428 1919 ἡμέρας
1452 1862 1467 1875 ·
1500 1846 1596 1900 καὶ
1624 1846 1778 1901 ἔσται
1807 1848 1913 1911 πᾶς

2015 1863 2233 1919 Christo
2281 1876 2403 1916 meo
2447 1858 2663 1914 cunctis
2713 1856 2943 1911 diebus:
2980 1853 3224 1907 futurum
3263 1856 3347 1905 est
3379 1857 3581 1907 autem.

336 1942 366 1993 ὀ
393 1940 733 2014 περισσεύων
762 1942 821 1993 ἐν
850 1940 984 2011 οἴκῳ
1015 1939 1134 2011 ἥξει
1179 1937 1498 2010 προσκυνῶν
1544 1937 1692 2009 αὑτῷ
1726 1938 1913 1993 ὀδολοῦ

337 2033 627 2106 ἀργυρίου,
662 2032 754 2087 καὶ
789 2034 846 2085 ἐν
871 2030 1022 2104 ἄρτῳ
1046 2031 1145 2093 ἐνὶ,
1174 2029 1367 2099 λέγων,
1389 2029 1707 2102 Παράριψόν
1734 2047 1801 2100 με
1824 2031 1915 2083 ἐπὶ

341 2123 472 2195 μίαν
499 2123 610 2177 τῶν
636 2122 915 2195 ίερατείων
941 2137 1035 2174 σου
1061 2123 1255 2189 φαγεῖν
1278 2121 1463 2191 ἄρτον.
1501 2139 1519 2171 ι
1546 2119 1733 2184 υὺδεὶς
1759 2119 1917 2185 ἄλλος

336 2216 371 2288 ἢ
406 2215 565 2286 μόνος
611 2217 640 2268 ὁ
701 2214 842 2268 κατά
871 2213 968 2286 τὴν
998 2212 1152 2277 τάξιν
1202 2211 1533 2282 Μελχισεδὲκ
1588 2213 1765 2283 ἱερεὺς
1820 2211 1915 2265 τοῦ

337 2307 475 2361 Θεοῦ
506 2307 600 2361 τοῦ
627 2306 851 2377 ὑψίστου
899 2305 1106 2376 Ἰησοῦς
1136 2304 1367 2377 Χριστὸς
1410 2305 1440 2360 ὀ
1487 2303 1677 2375 Σωτὴρ
1722 2302 1911 2375 ἡμῶν,

336 2400 396 2453 ὃν
429 2418 449 2451 ι
469 2398 665 2470 ἔχομεν
689 2399 948 2470 ἀρχιερέα
980 2400 1173 2471 μέγαν,
1213 2418 1231 2451 ι
1263 2397 1406 2452 κατὰ
1441 2396 1533 2451 τὸν
1568 2397 1912 2462 Ἀπόστολον,

342 2511 363 2543 ι
403 2490 746 2563 διεληλυθότα
770 2491 893 2555 τοὺς
918 2492 1203 2563 οὐρανοὺς,
1244 2510 1262 2543 ι
1302 2490 1477 2544 πάντα
1499 2490 1569 2543 τὰ
1598 2492 1655 2544 ἐν
1677 2492 1742 2562 τῇ
1781 2507 1915 2560 καρ-

335 2580 427 2653 δία
453 2580 547 2634 τοῦ
574 2580 787 2651 Πατρὸς
813 2580 1114 2651 πεποίηκεν
1147 2598 1166 2630 ι
1200 2580 1440 2651 ὑπήκοος
1473 2578 1622 2650 αὑτῷ
1662 2578 1913 2648 γενέσθαι

339 2672 507 2744 μέχρι
551 2671 646 2724 καὶ
680 2670 914 2725 Θανάτου
934 2689 948 2701 ·
980 2689 999 2722 ι
1038 2669 1161 2725 ὅθεν
1198 2670 1292 2724 καὶ
1321 2670 1635 2741 ἀναστήσας
1669 2670 1831 2724 αὐτὸν
1884 2672 1914 2725 ὀ

337 2762 550 2836 Πατὴρ,
584 2763 936 2834 οἰκοδόμησεν
973 2760 1121 2834 αὐτῷ
1151 2758 1298 2815 οἷκον
1326 2762 1537 2827 πιστὸν,
1562 2762 1661 2834 τὴν
1681 2764 1746 2816 ἐκ
1770 2763 1916 2832 λογι-

336 2855 449 2909 κῶν
474 2856 569 2911 καὶ
608 2854 825 2921 ζώντων
861 2856 955 2910 καὶ
981 2855 1186 2909 πιστῶν
1215 2855 1291 2921 ὡς
1329 2855 1543 2927 ἀληθῶς
1588 2853 1751 2908 λίθων
1787 2872 1913 2910 συν-

335 2949 581 3004 εστῶσαν
613 2949 935 3020 Ἐκκλησίαν
955 2967 969 2981 °
998 2949 1171 3021 τούτῳ
1197 2949 1254 3004 δὲ
1286 2951 1379 3004 καὶ
1404 2948 1652 3020 ἔρχονται
1675 2966 1915 3021 προσκυ-

334 3043 447 3095 νεῖν
478 3042 528 3094 οἶ
568 3040 953 3104 πιστεύσαντες
992 3042 1072 3105 είς
1107 3041 1288 3105 αὑτὸν,
1321 3040 1506 3094 ὀϐολοῦ
1543 3040 1804 3112 ἀργυρίου
1839 3039 1914 3111 μὴ

336 3131 416 3203 (Γ.
445 3132 546 3203 15)
579 3132 1058 3206 ἀποστρεφομένου
1087 3133 1296 3205 (όμενοι
1317 3133 1334 3203 )
1358 3172 1374 3197 ,
1411 3134 1549 3204 μήτε
1588 3132 1913 3204 σωματικῶς

333 3223 433 3296 τὴν
462 3223 554 3277 τὸν
585 3223 885 3295 κοδράντην
916 3225 995 3287 είς
1023 3224 1122 3296 τὴν
1148 3223 1256 3277 τῶν
1283 3223 1553 3295 δεομένων
1594 3223 1913 3298 ἐπικουρίαν

336 3314 796 3385 συνεισφέρουσαν
818 3315 1016 3389 χῄραν,
1048 3314 1186 3385 μήτε
1217 3313 1323 3386 μὴν
1362 3315 1504 3369 κατά
1550 3314 1787 3369 διάνοιαν
1816 3315 1915 3386 τὴν

334 3404 432 3458 ἐπὶ
457 3405 624 3476 μόνην
649 3405 747 3477 (ῃ)
779 3409 845 3477 τῇ
881 3406 1061 3468 πίστει
1087 3406 1483 3479 ἐρηρεισμένην
1509 3406 1686 3477 ψυχὴν
1704 3446 1720 3471 ,
1744 3406 1777 3478 ἢ
1815 3407 1915 3479 τὴν

334 3495 480 3551 κατά
510 3495 736 3568 δύναμιν
760 3497 869 3550 τῶν
906 3496 1110 3568 νοητῶν
1141 3498 1311 3567 αὑτῆς
1331 3498 1685 3570 ὑπαρχόντων
1704 3516 1915 3553 συνεισ-

333 3588 605 3657 φέρουσαν
636 3587 704 3641 τά
731 3589 811 3653 είς
863 3588 961 3659 τὴν
988 3587 1096 3642 τῶν
1124 3588 1326 3643 λοιπῶν
1372 3590 1659 3662 οἱκώομήν
1704 3606 1765 3643 τε
1821 3591 1914 3644 καὶ

333 3678 602 3749 ὠφέλειαν
636 3679 1049 3751 συμδαλλόμενα
1074 3696 1087 3709 °
1127 3681 1198 3736 τά
1237 3681 1288 3750 γ’
1323 3677 1416 3735 οὖν
1453 3700 1470 3733 ι
1514 3681 1671 3754 μωρά
1685 3680 1781 3735 τοῦ
1822 3682 1915 3735 κὸ-

337 3787 477 3841 σμου
511 3767 791 3837 ἐξελέξατο
828 3790 847 3823 ι
879 3770 973 3825 καὶ
1005 3771 1072 3825 τά
1102 3771 1303 3842 ἀσθενῆ
1329 3772 1424 3825 καὶ
1441 3772 1651 3842 πτωχὰ,
1676 3771 1771 3825 καὶ
1797 3790 1815 3823 ι
1844 3771 1915 3825 τὰ

332 3864 746 3936 ἐξουθενημένα,
775 3866 868 3919 καὶ
886 3863 957 3918 τὰ
985 3864 1059 3937 μὴ
1080 3865 1209 3919 δντα
1242 3884 1261 3918 ι
1302 3864 1377 3937 μὴ
1397 3865 1772 3937 ὑπερφρονῶν,
1810 3882 1915 3937 μη.-

331 3954 392 4008 δὲ
438 3953 537 4018 τάς
569 3953 780 4007 τοιάσδε
810 3953 986 4025 ψυχάς
1010 3972 1024 3986 ’
1057 3954 1173 4008 ἀλλ’
1217 3949 1303 4009 οἷα
1347 3955 1723 4026 φιλάνθρωπος
1776 3955 1912 4010 Θεοῦ

334 4046 507 4115 Δόγος
528 4046 622 4100 καὶ
645 4046 848 4110 ταύτας
891 4046 1285 4119 ἀποδεχόμενος
1339 4049 1439 4119 τῆς
1480 4047 1807 4120 προθυμίας,
1846 4047 1913 4112 ἂς

335 4139 431 4193 καὶ
462 4139 642 4211 κρίσει
669 4138 789 4210 θείᾳ
820 4139 958 4194 κατά
999 4140 1097 4210 τὴν
1129 4139 1286 4204 ἀξίαν
1336 4141 1395 4195 ἐν
1422 4141 1696 4213 διαφόροις
1727 4144 1913 4213 μοναῖς

335 4230 443 4284 τῶν
477 4231 757 4303 ίερατείων
789 4230 954 4285 αὑτοῦ
1002 4231 1367 4297 κατατάσσει,
1403 4233 1497 4286 τοῦ
1542 4235 1668 4305 παρ’
1716 4232 1912 4287 ἐαυτοῦ

334 4323 500 4396 ἄρτου
533 4323 632 4394 τῆς
661 4324 830 4378 ἀϊδίου
859 4324 1003 4396 ζωῆς
1034 4324 1306 4390 καταξιῶν
1331 4327 1520 4390 αὑτάς.
1554 4327 1628 4380 Τὸ
1654 4326 1711 4380 δέ
1750 4346 1769 4378 ι
1803 4327 1913 4380 Καὶ

332 4415 664 4469 διελεύσεται
684 4414 911 4469 ἐνώπιον
932 4416 1169 4490 Χριστοῦ
1198 4434 1299 4488 μου
1320 4417 1498 4482 πάσας
1520 4417 1618 4484 τάς
1643 4419 1874 4491 ἡμέρας,
1888 4439 1907 4471 ι

2015 1953 2417 2024 utquicunque
2464 1949 2794 2005 remanserit
2841 1947 2897 2000 in
2947 1944 3111 2001 domo
3158 1955 3279 2005 sua,
3323 1939 3499 1994 veniat
3528 1945 3586 1991 ut

2014 2053 2203 2101 oretur
2240 2056 2342 2114 pro
2387 2056 2474 2104 eo,
2506 2047 2560 2095 et
2611 2038 2806 2093 oﬁ'erat
2850 2050 3132 2091 nummum
3167 2040 3503 2102 argenteum,
3532 2034 3586 2082 et

2013 2143 2214 2190 tortam
2262 2131 2444 2204 panis,
2471 2129 2763 2199 dicatque:
2817 2124 3039 2179 Dimitte
3078 2138 3184 2187 me,
3219 2121 3467 2184 obsecro,
3518 2117 3583 2171 ad

2013 2242 2179 2282 unam
2209 2233 2421 2297 partem
2450 2220 2864 2282 sacerdotalem,
2898 2224 2956 2271 ut
2971 2213 3251 2271 comedam
3283 2210 3584 2266 buccellam

2015 2319 2175 2389 panis
2189 2318 2289 2372 ⁸⁸.»
2322 2315 2496 2373 Nemo
2529 2314 2671 2368 alius
2700 2311 2808 2366 nisi
2845 2309 2995 2365 solus
3019 2304 3317 2363 secundum
3337 2301 3583 2357 ordinem

2018 2407 2420 2466 Melchisedech
2453 2402 2714 2462 sacerdos
2743 2400 2835 2456 Dei
2867 2397 3124 2454 aitissimi
3155 2394 3314 2450 Jesus
3334 2391 3586 2447 Christus

2017 2500 2268 2557 Salvator
2296 2506 2507 2561 noster,
2548 2510 2710 2567 quem
2768 2491 3075 2547 «habemus
3115 2485 3432 2542 Pontiﬁcem
3477 2499 3587 2537 ma-

2016 2608 2237 2666 guum,»
2281 2589 2581 2647 secundum
2605 2585 2949 2658 Apostolum,
2988 2600 3007 2633 ι
3034 2580 3127 2652 qui
3152 2577 3452 2649 penetravit
3473 2589 3589 2630 cm-

2016 2665 2099 2738 los
2122 2683 2223 2747 ",t
2258 2680 2497 2751 fecitque
2525 2676 2709 2734 omnia
2740 2690 2862 2746 qua:
2901 2671 3049 2727 Patri
3087 2668 3239 2725 cordi
3264 2675 3441 2730 erant,
3469 2684 3487 2717 ι
3513 2665 3589 2721 fa-

2016 2783 2141 2830 ctus
2192 2772 2454 2830 obediens
2486 2786 2660 2840 usque
2703 2766 2772 2821 ad
2822 2763 3188 2827 mortem";t
3223 2761 3368 2815 unde
3400 2758 3585 2820 Pater.

2015 2881 2139 2922 eum
2184 2879 2309 2919 cun
2346 2862 2631 2925 erexisset,
2663 2858 2953 2913 aediﬁcavit
3003 2855 3053 2910 ei
3100 2852 3319 2930 domum
3352 2849 3584 2917 ﬁdelem,

2016 2954 2370 3010 constitutam
2424 2949 2675 3006 videlicet
2743 2945 3107 3003 rationalibus
3161 2941 3585 3010 viventibusque

2016 3064 2081 3104 ac
2137 3064 2265 3104 vere
2313 3046 2566 3103 ﬁdelibus
2626 3043 2902 3114 lapidibus
2973 3040 3275 3096 Ecclesiam
3307 3039 3375 3091 "‘.
3430 3037 3586 3090 Hunc

2018 3142 2303 3197 adoratum
2333 3140 2554 3196 venient
2581 3137 2674 3208 qui
2707 3138 2763 3192 in
2795 3151 2921 3192 eum
2955 3132 3324 3197 crediderunt,
3362 3128 3572 3184 nummi

2019 3233 2266 3305 argentei
2309 3248 2420 3287 non
2476 3231 2858 3297 immemores;
2916 3244 3092 3298 neque
3130 3224 3279 3282 enim
3320 3237 3584 3293 corpora-

2017 3322 2142 3383 liter
2173 3326 2534 3398 quadrantem
2584 3325 2639 3379 in
2695 3319 3132 3379 necessariorum
3158 3316 3423 3373 auxilium
3455 3330 3587 3369 con-

2018 3416 2285 3474 ferentem
2336 3416 2581 3480 viduam,
2604 3415 2673 3478 ",
2721 3402 2899 3484 neque
2934 3402 3266 3481 Aspiritaliter
3313 3406 3415 3463 soli
3463 3404 3588 3462 ﬁdei
3691 3484 3700 3496 ‘

2015 3508 2263 3562 innixam
2295 3508 2558 3572 animam,
2586 3504 2673 3561 vel
2704 3496 3008 3559 semiudum
3040 3499 3366 3572 spiritalium
3411 3496 3586 3553 bono-

2016 3616 2137 3656 rum
2172 3599 2487 3655 facultatem
2517 3607 2845 3653 caeterorum
2880 3593 3229 3650 :ediﬁcationi
3270 3600 3323 3648 et
3365 3591 3585 3646 utili'ati

2014 3695 2422 3758 consulentem;
2475 3693 2685 3747 «stulta
2731 3709 2750 3741 ι
2800 3690 2983 3760 igitur,
3031 3705 3051 3738 ι
3108 3684 3299 3740 mundi
3337 3685 3500 3755 elegit
3532 3694 3588 3739 et

2015 3782 2231 3837 inﬁrma
2259 3802 2277 3834 ι
2306 3789 2361 3837 et
2391 3774 2595 3851 inepia,
2623 3784 2678 3834 et
2704 3778 2831 3831 vilia
2862 3795 2880 3827 ι
2908 3783 2962 3831 et
2991 3790 3112 3847 quae
3159 3789 3268 3829 non
3296 3780 3454 3828 erant
3469 3772 3534 3838 ⁷³,
3561 3792 3579 3823 ι

2014 3886 2361 3944 nequaquam
2392 3879 2776 3934 contemnens,
2810 3883 2989 3937 neque
3021 3867 3159 3922 tales
3197 3865 3442 3931 animas;
3491 3862 3587 3920 sed

2017 3972 2075 4020 ut
2113 3962 2572 4019 humanissimum
2621 3961 2712 4019 Dei
2759 3957 3000 4014 Verbum
3026 3959 3106 4013 eis
3141 3956 3444 4013 studiosam
3490 3970 3586 4009 vo-

2015 4056 2280 4111 luntatem
2309 4054 2632 4126 gratulans;
2662 4067 2801 4123 quas
2831 4064 2882 4106 et
2928 4049 3115 4104 divino
3156 4047 3368 4118 judicio
3418 4046 3582 4118 digne

2014 4151 2073 4206 in
2126 4149 2363 4206 diversis
2381 4146 2676 4202 sacerdotii
2733 4145 2819 4202 sui
2874 4143 3099 4198 sedi-bus
3138 4141 3392 4206 collocat,
3451 4154 3584 4195 suos

2013 4253 2231 4302 aeterna:
2275 4242 2403 4297 vita:
2436 4255 2604 4312 panes
2655 4238 2737 4294 eis
2791 4235 3131 4307 impertiens.
3204 4250 3223 4284 ι
3275 4230 3588 4287 Ambulabit

2015 4350 2204 4391 coram
2233 4331 2453 4387 Christo
2487 4344 2610 4384 meo
2637 4327 2852 4382 cunctis
2894 4324 3188 4388 diebus";
3215 4343 3232 4375 ι
3276 4324 3344 4378 de
3377 4323 3584 4378 sanctis

2015 4426 2109 4496 qui
2138 4424 2193 4478 in
2228 4422 2477 4478 Ecclesia
2515 4426 2664 4482 sunt,
2700 4418 2922 4480 dicitur,
2951 4416 3177 4472 christis
3212 4424 3265 4471 et
3312 4414 3447 4483 ipsis
3492 4428 3586 4468 eo-

336 4506 464 4578 περὶ
490 4505 599 4560 τῶν
630 4506 802 4575 ἁγίων
825 4506 932 4559 τῶν
962 4509 1020 4560 ἐν
1042 4510 1108 4579 τῇ
1155 4507 1451 4581 Ἐκκλησία
1489 4508 1703 4581 εἴρηται
1722 4549 1737 4574 ,
1790 4528 1913 4585 χρι-

2016 4514 2370 4588 gnominatis,
2397 4511 2699 4567 secundum
2728 4509 2890 4564 illud:
2930 4526 2949 4559 ι
2973 4507 3148 4561 Nolite
3178 4514 3405 4576 tangere
3449 4503 3591 4558 chri-

337 4597 477 4651 στῶν
500 4597 595 4650 καὶ
620 4595 798 4650 αὐτῶν
827 4600 1382 4671 προσαγορευομένων
1406 4640 1422 4665 ,
1457 4599 1599 4654 κατά
1641 4600 1734 4665 τὸ,
1766 4620 1784 4653 ι
1818 4600 1908 4673 Μὴ

335 4688 545 4760 ὄψησθε
578 4688 685 4743 τῶν
733 4689 969 4761 χριστῶν
1005 4691 1106 4761 μοῦ
1131 4708 1144 4720 ·
1185 4711 1203 4742 ι
1244 4691 1455 4757 τούτοις
1489 4691 1597 4765 γὰρ
1631 4692 1768 4765 πρὸς
1814 4692 1907 4746 τοῦ

335 4782 585 4854 Σωτῆρος
615 4780 831 4850 ἐλέγετο
856 4781 950 4835 καὶ
978 4784 1035 4835 ἐν
1065 4782 1142 4854 τῷ
1178 4784 1514 4857 Εὑαγγελίῳ,
1545 4804 1564 4836 ι
1612 4785 1762 4850 Ἰδοὺ,
1797 4784 1908 4854 ἐγὼ

336 4873 455 4944 μεθ’
477 4873 630 4945 ὑμῶν
662 4874 779 4944 εἰμι
808 4873 987 4939 πάσας
1007 4873 1103 4939 τάς
1150 4876 1386 4948 ἡμέρας,
1417 4877 1522 4940 ἓως
1572 4876 1674 4947 τῆς
1719 4894 1907 4930 συντε-

331 4962 478 5027 λείας
497 4963 589 5017 τοῦ
611 4964 828 5029 αἰῶνος.
864 4984 881 5015 ι
917 4965 1165 5030 Πλείονος
1192 4966 1251 5020 δὲ
1303 4968 1601 5036 σαφηνείας
1639 4969 1909 5038 δεομένων

2017 4614 2133 4663 stos
2188 4621 2337 4659 meos
2368 4605 2467 4658 ⁷⁸.»
2532 4602 2629 4656 His
2667 4601 2814 4656 enim
2856 4615 2886 4653 a
2929 4596 3210 4662 Salvatnre
3256 4597 3460 4652 dictum
3496 4607 3581 4651 est

2017 4698 2071 4750 iu
2128 4693 2456 4765 Evangelio:
2496 4690 2679 4748 «Ecce
2726 4706 2826 4762 ego
2872 4688 3155 4744 vobiscum
3206 4703 3329 4743 sum
3371 4687 3588 4742 cunctis

2017 4788 2216 4843 diebus
2264 4802 2439 4857 usque
2474 4786 2528 4841 in
2558 4781 3088 4840 consummationem
3121 4781 3304 4837 saeculi
3323 4780 3389 4835 ⁷⁸.
3422 4800 3440 4831 ›
3493 4778 3595 4835 His

2016 4894 2146 4934 vero
2178 4879 2314 4934 locis
2358 4894 2484 4933 cum
2516 4877 2781 4947 ampliore
2824 4888 2963 4945 opus
2992 4880 3138 4929 esset
3183 4873 3590 4945 explanatione,

2018 4970 2137 5024 haec
2167 4981 2347 5024 tamen
2383 4985 2547 5039 quam
2571 4965 2897 5023 brevissime
2939 4963 3086 5019 dicta
3121 4963 3410 5021 suﬁicient.

331 5056 440 5110 τῶν
463 5055 665 5121 τόπων,
694 5055 902 5120 τούτοις
930 5055 1005 5120 ὡς
1036 5049 1146 5109 οἶόν
1183 5074 1245 5110 τε
1294 5052 1363 5128 ἦν
1390 5056 1481 5111 διὰ
1532 5057 1779 5129 βραχέων
1830 5061 2141 5133 εἰρημένοις
2170 5058 2640 5133 ἀρκεσθησόμεθα.

871 5172 1267 5228 ΚΕΦΔΛΑΙΟΝ
1294 5176 1377 5229 Κ’.

336 5260 755 5329 Βασιλειῶνβ.
781 5263 1083 5348 ᾯΑῌύριρς
1100 5265 1197 5348 διεὶς
1216 5267 1420 5348 [γάθαν
1443 5267 1524 5334 τῷ
1550 5268 1731 5324 Δαυίδ
1752 5270 1905 5339 μετὰ

711 5334 913 5389 πολλὰ
938 5335 1036 5391 καὶ
1073 5336 1261 5392 ταῦτά
1291 5353 1480 5408 φησιν
1496 5355 1512 5370 ο

407 5531 427 5565 ι
460 5509 571 5565 Καὶ
608 5508 763 5565 ἔσται
819 5512 913 5567 ἐὰν
951 5514 1312 5589 πληρωθῶσιν
1344 5520 1400 5574 αἱ
1429 5519 1633 5591 ἡμέραι
1663 5536 1779 5586 σου,
1816 5486 1908 5573 xui

400 5672 450 5745 ’ξ
476 5669 633 5745 Ρεει.
671 5687 953 5745 ιιιγχνιιι,
985 5673 1079 5745 εδ,
1155 5674 1199 5707 ⁸⁷
1238 5673 1260 5729 ι
1298 5673 1431 5745 Reg.

331 5741 376 5773 "
418 5741 439 5796 l
474 5740 620 5798 Petr.
659 5758 725 5807 ll,
768 5744 823 5801 5.

341 5827 516 5867 xxvur
539 5852 554 5879 .
589 5811 679 5868 20.

1504 5692 1579 5738 II,
1637 5674 1727 5731 27.
1805 5676 1850 5707 ⁸⁸
1889 5675 2021 5730 ibid.
2062 5676 2161 5735 53,
2221 5672 2309 5728 36.

938 5748 994 5782 ⁷³.
1023 5744 1187 5801 Marc.
1235 5762 1345 5814 xu,
1379 5744 1467 5803 42.
1545 5749 1593 5780 ⁷³
1632 5746 1651 5800 l
1687 5746 1813 5802 Cor.
1848 5763 1901 5812 ι,
1936 5746 2026 5800 27.

2401 5253 2406 5258 ν
2594 5169 2825 5229 CAPUT
2870 5166 2989 5227 xx.

2011 5267 2061 5322 E
2085 5268 2310 5324 secundo
2343 5266 2538 5338 Regum
2566 5264 2722 5320 libro.
2775 5261 3034 5319 Dominus
3079 5275 3171 5329 per
3215 5259 3436 5317 Nathan
3474 5262 3588 5317 Da-

2290 5359 2398 5415 vidi
2434 5368 2550 5426 post
2580 5357 2750 5415 multa
2777 5355 2887 5412 lucc
2921 5369 3123 5425 quoque
3151 5351 3312 5409 dicit:

2089 5538 2107 5572 ι
2140 5518 2389 5590 Cumque
2431 5514 2684 5587 completi
2719 5512 2922 5569 fuerint
2953 5508 3073 5566 dies
3122 5512 3222 5578 tui,
3254 5522 3309 5568 et
3342 5515 3584 5570 dormie-

2419 5672 2464 5704 ν
2504 5670 2662 5744 Hebn
2727 5674 2947 5744 ιν,ίιι.
3054 5671 3471 5744 τοῐηηηρ.ῆμ.
3524 5672 3582 5744 ἃ·

2129 5733 2176 5776 τι
2214 5744 2233 5797 l
2267 5742 2398 5814 Reg.
2437 5758 2507 5809 ιι,
2542 5743 2630 5799 35.
2733 5733 2796 5775 ⁷⁸⁷
2820 5743 2965 5801 Psal.
3003 5761 3110 5813 CIV,
3147 5745 3232 5801 l5.
3289 5733 3353 5779 ’³³
3390 5733 3589 5797 Matth;
