4134 6414
632 350 772 412 1079

1334 357 1601 414 EUSEBII
1637 357 2115 417 cmsaamxsm
2150 360 2302 418 opp.
2342 356 2523 418 PARS
2557 364 2728 419 ιιι...
2768 328 3193 418 exscs'ncax

3681 368 3815 422 ἱθκθι

628 472 710 527 ris
742 486 864 527 cum
902 471 1148 544 patribus
1183 472 1314 536 tuis,
1359 471 1638 526 suscitabo
1668 486 1851 528 semen
1883 481 2035 528 tuum
2067 484 2188 545 post
2216 478 2259 534 Α

2170 484 2188 527 ι
2216 478 2259 534 Α
2289 474 2596 545 κοιμηθήσῃ
2629 473 2764 545 μετὰ
2786 474 2893 528 τῶν
2914 473 3162 545 πατέρων
3191 490 3302 536 σου,
3337 490 3427 527 και
3460 474 3725 544 ἀναστήσω
3747 480 3802 534 τὸ

627 573 700 623 te.
734 561 878 635 quod
929 563 1236 635 egredietur
1262 565 1330 619 de
1361 575 1517 618 utero
1559 574 1676 627 tuo,
1716 575 1769 619 et
1821 564 2048 620 ﬁrmabo
2099 581 2190 621 re-

2170 592 2190 608 -
2287 568 2505 637 σπέρμα
2537 584 2629 620 σου
2666 566 2800 637 μετά
2847 567 2934 631 σὲ,
2969 566 3029 628 ὃς
3074 565 3223 619 ἔσται
3260 569 3323 619 ἐκ
3347 566 3441 636 τῆς
3482 567 3670 633 κοιλίας
3699 587 3802 637 σου,

622 670 791 727 gnum
845 653 986 724 ejus.
1040 653 1160 725 ipse
1195 655 1484 711 aediﬁcabit
1513 655 1732 711 domum
1777 656 1985 711 nomini
2039 672 2183 721 meo,

623 757 678 802 et
708 747 978 803 stabiliam
1021 749 1274 802 thronum
1317 750 1467 818 regni
1500 749 1620 818 ejus
1655 765 1829 819 usque
1880 750 1933 803 in
1985 750 2185 818 sempi-

623 842 859 892 ternum.
918 836 1031 908 Ego
1075 853 1170 892 ero
1209 840 1257 893 ei
1293 838 1348 891 in
1378 848 1608 908 patrem,
1672 849 1726 894 et
1757 842 1873 910 ipse
1904 841 2008 894 erit
2050 839 2183 894 mihi

632 921 690 978 in
732 924 925 981 ﬁlium.
985 925 1086 994 Qui
1122 928 1166 982 si
1218 928 1404 997 inique
1437 928 1640 997 aliquid
1671 929 1922 999 gesserit,
1955 942 2183 999 arguam

625 1027 748 1090 eum
781 1015 834 1068 in
871 1016 1022 1086 virga
1055 1016 1318 1080 virorum,
1348 1016 1477 1069 etin
1526 1017 1698 1086 plagis
1739 1016 1971 1071 ﬁliorum
2005 1017 2181 1071 homi-

622 1121 770 1159 num.
828 1106 1251 1162 Misericordiam
1299 1115 1478 1161 autem
1540 1123 1712 1162 meam
1775 1124 1882 1163 non
1937 1109 2179 1164 auferam

618 1196 688 1251 ab
729 1197 830 1257 eis.
857 1198 999 1252 sicut
1041 1199 1236 1253 abstuli
1274 1213 1304 1253 a
1333 1199 1487 1263 Saul,
1547 1214 1704 1269 quem
1752 1200 1928 1253 amovi
1971 1215 2001 1253 a
2041 1199 2179 1255 facie

617 1301 758 1340 mea.
813 1286 877 1340 Et
919 1287 1093 1344 fidelis
1137 1289 1241 1344 erit
1270 1290 1464 1346 domus
1498 1306 1617 1354 sua,
1648 1299 1702 1345 et
1736 1306 1960 1361 regnum
2014 1307 2173 1347 suum

616 1392 793 1446 usque
822 1377 876 1430 iu
903 1385 1162 1432 aeternum
1205 1388 1328 1434 ante
1357 1379 1546 1435 faciem
1596 1396 1789 1435 meam.
1847 1380 1911 1434 Et
1948 1382 2177 1438 thronus

616 1482 750 1524 suus
781 1469 884 1523 erit
917 1469 1104 1525 ﬁrmus
1128 1471 1451 1542 jugiter".»
1508 1472 1604 1526 llis
1635 1472 1747 1528 fere
1787 1473 1984 1529 similia
2035 1484 2088 1530 et
2120 1476 2176 1530 in

614 1561 952 1631 octogesimo
985 1568 1181 1615 octavo
1231 1563 1489 1618 dicuntur
1521 1566 1750 1633 psalmo.
1808 1564 1963 1631 Quod
1996 1567 2040 1621 si
2076 1563 2177 1619 Ju-

613 1648 745 1705 daeis
792 1652 1105 1722 ambiguum
1140 1653 1357 1708 videtur
1387 1655 1442 1708 in
1472 1655 1557 1709 his
1586 1656 1742 1722 locis,
1787 1659 1911 1727 quis
1951 1658 2054 1714 sibi
2091 1658 2174 1713 iu-

615 1744 940 1814 telligendus
989 1746 1080 1812 sit,
1118 1745 1332 1802 Deusne
1385 1763 1454 1802 an
1480 1747 1669 1815 David,
1694 1750 1775 1804 vel
1800 1751 1921 1818 ejus
1954 1764 2172 1805 succes-

2285 660 2381 713 καί
2407 658 2679 729 ἑτοιμάσω
2704 658 2802 729 τὴν
2820 656 3095 728 βασιλείαν
3113 656 3298 710 αὐτοῦ.
3320 657 3483 721 Αὐτὸς
3501 659 3807 732 οἰκοδομήσει

2287 767 2374 821 μοι
2403 746 2547 803 οἷκον
2570 748 2647 820 τῷ
2670 749 2890 819 ὀνόματί
2932 765 3054 819 μου,
3090 749 3183 803 καὶ
3207 747 3493 820 ἀνορθώσω
3518 750 3604 803 τὸν
3642 750 3807 824 θρόνον

2283 839 2446 893 αὐτοῦ
2471 839 2575 903 ἕως
2606 842 2684 903 είς
2713 839 2802 892 τὸν
2833 839 3027 894 αίῶνα.
3072 838 3212 907 Ἐγὼ
3233 839 3424 910 ἔσομαι
3455 840 3594 911 αὐτῷ
3614 844 3685 906 εἰς
3716 861 3809 897 πα-

2281 929 2434 1001 τέρα,
2465 932 2556 982 καὶ
2584 930 2745 994 αὐτὸς
2774 930 2923 984 ἔσται
2963 946 3053 1000 μοι
3074 932 3152 994 είς
3190 930 3324 982 υἱόν.
3355 928 3462 983 Καὶ
3486 929 3548 983 ἂν
3570 930 3689 1004 ἔλθῃ
3708 933 3808 985 ἀδι-

2281 1021 2374 1074 κία
2401 1020 2587 1085 αὐτοῦ,
2614 1021 2704 1074 καί¹
2741 1020 2945 1089 ἐλέγξω
2977 1020 3137 1075 αὑτὸν
3166 1023 3221 1074 ἐν
3253 1020 3430 1093 ῥάϐδῳ
3465 1022 3690 1095 ἀνδρῶν,
3726 1025 3809 1076 καί⁵

2284 1113 2341 1164 ὲν
2376 1112 2539 1179 ἁφαῖς
2572 1111 2700 1164 υίῶν
2751 1110 3050 1182 ἀνθρώπιον
3073 1128 3087 1142 ⁸
3148 1111 3207 1164 τὸ
3254 1112 3311 1164 δὲ
3356 1111 3500 1175 ἔλεός
3544 1130 3637 1182 μου
3661 1114 3716 1165 οὐ
3742 1113 3811 1185 μὴ

2279 1200 2571 1270 ἀποστήσω
2604 1201 2699 1253 ἀπ’
2726 1201 2923 1265 αὐτῶν,
2971 1199 3153 1264 καθὼς
3192 1200 3472 1271 ἀπέστησα
3507 1202 3596 1271 ἀφ’
3618 1195 3687 1254 ὧν
3721 1204 3813 1256 ἀπ-

2278 1291 2480 1364 έστησα
2505 1294 2568 1346 ἐκ
2593 1291 2881 1364 προσώπου
2913 1310 3032 1364 μου.
3074 1295 3182 1346 Καὶ
3214 1292 3606 1363 πιστωθήσεται
3632 1295 3658 1346 ό
3682 1288 3811 1358 οἶκος

2277 1381 2462 1447 αὐτοῦ,
2493 1384 2583 1437 καὶ
2605 1385 2637 1454 ἡ
2665 1383 2909 1454 βασιλεία
2936 1383 3099 1438 αὐτοῦ
3118 1384 3222 1448 ἕως
3246 1384 3440 1446 αἰῶνος
3462 1383 3680 1437 ἐνώπιόν
3700 1402 3809 1452 μουυ

2276 1472 2369 1526 καὶ
2396 1475 2424 1526 ό
2450 1473 2637 1544 θρόνος
2668 1475 2829 1528 αὐτοῦ
2854 1475 3002 1529 ἔσται
3035 1474 3423 1547 ἀνωρθωμένος
3473 1476 3550 1537 είς
3590 1474 3676 1528 τὸν
3696 1475 3812 1527 αἰῶ-

2275 1579 2360 1617 να.
2413 1583 2432 1615 »
2467 1563 2685 1628 Τούτοις
2743 1564 2813 1618 τὰ
2861 1564 3213 1637 παραπλήσια
3260 1565 3353 1619 καὶ
3394 1566 3453 1617 ὲν
3502 1562 3813 1636 ὀγδοηκοστῷ

2274 1654 2441 1726 ὀγδόῳ
2472 1656 2683 1727 εἴρηται
2708 1656 2906 1727 ψαλμῷ
2929 1673 2943 1686 ·
2966 1652 3034 1726 ἦν
3062 1655 3105 1708 δ’
3140 1655 3205 1709 ἂν
3244 1654 3517 1720 Ἰουδαίοις
3534 1655 3671 1720 ἄξιον
3691 1657 3810 1708 ἀπο-

2278 1745 2435 1818 ρῆσαι
2458 1747 2599 1800 κατὰ
2620 1747 2745 1809 τοὺς
2770 1746 2985 1809 τόπους,
3011 1745 3098 1800 διὰ
3122 1744 3243 1799 τίνα
3285 1742 3396 1817 ἄρα
3420 1747 3594 1799 αἰτίαν
3633 1747 3810 1817 φήσου-

612 1848 705 1889 sor
728 1831 1021 1903 Salomon;
1050 1838 1114 1891 ad
1148 1837 1338 1904 Deum,
1372 1848 1429 1893 ut
1456 1839 1748 1895 verisimile
1787 1849 1892 1905 est,
1927 1840 2172 1896 fatebun-
2205 1826 2244 1879 Β

2205 1826 2245 1879 Β
2275 1852 2358 1890 σιν
2382 1836 2473 1891 τὸν
2504 1837 2655 1900 Θεὸν,
2687 1837 2804 1909 ἦτοι
2840 1835 2930 1889 τὸν
2962 1836 3142 1900 Δαυὶδ,
3185 1837 3217 1907 ἢ
3259 1837 3351 1890 τὸν
3392 1834 3452 1902 ἐξ
3494 1836 3648 1889 αὑτοῦ
3679 1837 3809 1907 βασι-

610 1933 700 1980 tur
728 1927 1000 1995 pertinere
1041 1929 1382 2000 prophetiam
1425 1945 1532 2001 qua
1578 1932 1721 1986 (ilius
1772 1933 2169 2003 primogenitus

610 2020 937 2074 statuendus
975 2021 1334 2090 promittitur,
1364 2020 1449 2078 his
1486 2024 1697 2077 verbis:
1740 2042 1757 2074 ι
1791 2021 1911 2094 Ipse
1940 2025 2166 2079 invoca-

609 2108 686 2163 bit
717 2126 835 2165 me:
865 2109 1024 2167 Pater
1065 2127 1220 2169 meus
1248 2129 1307 2168 es
1333 2120 1420 2168 tu:
1481 2113 1621 2171 Deus
1669 2131 1821 2170 meus
1883 2123 1936 2172 et
1974 2133 2167 2172 susce-

608 2201 730 2265 ptor
761 2197 955 2253 salutis
1004 2214 1158 2254 meae.
1217 2199 1283 2254 Et
1328 2217 1429 2270 ego
1479 2202 1899 2274 primogenitum
1966 2222 2165 2277 ponam

606 2282 758 2339 illtlu
805 2286 1080 2341 excelsum
1127 2304 1238 2360 pra:
1270 2292 1491 2361 regibus
1534 2295 1787 2361 terrae";
1823 2315 1841 2348 »
1888 2305 1941 2352 et
1972 2299 2027 2353 in
2076 2315 2165 2365 eo,

604 2376 692 2429 cui
743 2392 887 2431 nunc
932 2393 1153 2449 operam
1186 2380 1401 2448 damus,
1458 2384 1616 2440 loco:
1681 2405 1698 2437 ι
1727 2385 1832 2442 Ero
1880 2390 1927 2444 ei
1987 2390 2043 2446 in
2071 2407 2168 2461 pa-

606 2472 767 2528 lrem,
799 2475 853 2521 et
879 2468 994 2538 ipse
1027 2469 1131 2524 erit
1165 2471 1297 2525 mihi
1349 2473 1403 2527 in
1452 2473 1677 2531 ﬁlium.»
1734 2476 1988 2533 Attamen
2030 2482 2167 2537 nihil

603 2556 821 2613 diﬁ'erre
852 2575 884 2615 a
911 2562 1122 2617 caeteris
1148 2563 1425 2633 prophetis
1465 2566 1608 2621 dicet
1654 2569 1852 2639 aliquis
1889 2569 2164 2637 Davidem,

604 2650 697 2720 qui
728 2651 942 2720 culpam
973 2650 1040 2706 de
1070 2650 1216 2708 Uria;
1244 2656 1469 2711 muliere
1511 2658 1893 2724 conﬁtebatur,
1935 2662 2162 2720 dicens:

609 2755 628 2789 ι
658 2734 775 2791 Tibi
809 2740 909 2794 soli
945 2742 1186 2809 peccavi,
1222 2733 1276 2798 et
1324 2747 1527 2801 malum
1573 2763 1755 2803 coram
1808 2760 1861 2806 te
1914 2751 2116 2820 feci";
2141 2773 2161 2806 »

604 2829 687 2885 vel
718 2827 1087 2898 Salomonem,
1140 2850 1299 2904 quem
1345 2851 1376 2890 a
1413 2836 1522 2893 Deo
1552 2841 1847 2898 recessisse
1892 2849 1950 2897 et
2005 2843 2167 2899 idolis

605 2929 826 2990 propter
854 2920 1177 2978 feminarum
1212 2929 1712 2997 concupiscentiam
1748 2933 2004 2988 serviisse
2040 2933 2168 2987 sim-

603 3010 721 3078 plex
779 3011 938 3067 docet
997 3012 1294 3085 Scriptura:
1353 3017 1601 3073 historia.
1662 3020 1945 3086 Quomodo
1980 3031 2166 3079 autem

603 3100 822 3160 Davidis
876 3113 971 3159 aut
1008 3105 1313 3161 Salomonis
1364 3125 1634 3179 «regnum
1679 3128 1856 3183 usque
1911 3115 1963 3168 in
1998 3123 2163 3169 teter-

2270 1929 2532 1983 λεύσαντα
2562 1928 2869 1999 Σολομῶναο
2906 1930 3031 2000 περὶ
3061 1922 3142 1993 οὗ,
3175 1929 3251 1993 ὡς
3278 1929 3447 1994 εἰκὸς,
3475 1928 3809 2000 ὑπολήψονται

2269 2014 2445 2084 λέγειν
2465 2015 2559 2087 τὴν
2589 2016 2919 2087 προφητείαν
2948 2017 3058 2069 υίὸν
3087 2015 3427 2086 πρωτότοκον
3452 2016 3631 2087 θήσειν
3661 2019 3810 2084 ὲπαγ-

2269 2106 2571 2176 γέλλεσθαι,
2606 2108 2663 2159 ὲν
2703 2106 2801 2177 μὲν
2822 2106 2898 2178 τῷ
2924 2105 3122 2176 ψαλμῷ
3160 2106 3439 2177 εἰρηκότα,
3472 2126 3489 2157 ι
3523 2108 3685 2169 Αὐτὸς
3708 2110 3810 2159 ἐπι-

2269 2199 2551 2255 καλέσεταί
2584 2217 2672 2270 με,
2708 2200 2895 2273 Πατήρ
2923 2215 3023 2271 μου
3047 2196 3098 2251 εί
3122 2200 3206 2261 σὺ,
3241 2199 3377 2262 Θεός
3424 2217 3526 2270 μου
3564 2200 3650 2252 καί
3679 2200 3803 2252 ἀντι-

2266 2291 2489 2364 λήπτωρ
2515 2291 2614 2362 τῆς
2641 2291 2910 2363 σωτηρίας
2940 2306 3061 2360 μου.
3102 2288 3271 2360 Κάγὼ
3306 2291 3639 2362 πρωτότοκον
3671 2289 3810 2360 θήσο-

2270 2400 2367 2455 μαι
2399 2383 2580 2445 αὑτὸν,
2600 2381 2798 2452 ὑψηλὸν
2837 2381 2985 2453 παρὰ
3003 2384 3114 2444 τοῖς
3144 2380 3421 2451 βασιλεῦσι
3445 2366 3544 2451 τῆς
3574 2382 3687 2450 γῆς·
3713 2399 3730 2431 »
3760 2382 3810 2432 ὲν

2264 2474 2323 2527 δὲ
2355 2474 2432 2545 τῷ
2459 2475 2595 2545 μετὰ
2621 2476 2805 2546 χεῖρας
2838 2472 3134 2544 κεφαλαίῳ,
3157 2494 3174 2525 ι
3198 2472 3335 2541 Ἐγὼ
3361 2475 3553 2544 ἔσομαι
3580 2472 3715 2544 αὐτῷ
3742 2472 3810 2535 είς

2265 2565 2498 2637 πατέρα,
2525 2566 2618 2620 καὶ
2636 2565 2797 2629 αὐτὸς
2830 2565 2978 2618 ἔσται
3005 2582 3094 2635 μοι
3124 2566 3201 2629 εἰς
3223 2566 3355 2621 υἱόν.
3389 2586 3408 2618 »
3436 2566 3545 2620 Kal
3572 2567 3670 2636 μὴν
3698 2562 3802 2618 κατ’

2266 2657 2416 2711 οὐδὲν
2445 2657 2806 2729 διενηνοχέναι
2828 2658 2935 2711 τῶν
2960 2658 3160 2711 λοιπῶν
3191 2657 3487 2730 προφητῶν
3522 2656 3698 2726 φήσειέ
3736 2671 3806 2717 τις

2265 2750 2355 2802 τὸν
2379 2748 2560 2814 Δαυίδ,
2595 2750 2653 2813 ὃς
2683 2749 2777 2802 καὶ
2806 2748 3237 2819 ἐξομολογεῖσθαι
3267 2749 3357 2802 διὰ
3382 2749 3482 2821 τὴν
3511 2748 3603 2802 τοῦ
3632 2748 3804 2818 οὐρίου

2266 2839 2436 2894 ἐδεῖτο
2475 2840 2645 2908 λέγων
2668 2880 2683 2904 ,
2725 2860 2744 2891 ι
2781 2840 2870 2893 Σοὶ
2900 2839 3043 2910 μόνῳ
3070 2841 3312 2913 ἥμαρτον
3360 2840 3458 2894 καὶ
3500 2840 3560 2892 τὸ
3601 2836 3804 2907 πονηρὸν

2266 2930 2497 2984 ἐνώπιόν
2524 2949 2615 2985 σου
2641 2932 2868 3004 ἐποίησα
2888 2950 2901 2964 ·
2938 2953 2957 2984 »
2987 2932 3134 3005 ἢτὸν
3164 2931 3476 3003 Σολομῶνα,
3510 2933 3567 2984 ὃν
3607 2931 3692 2983 καὶ
3730 2932 3807 2981 ὲκ-

2266 3017 2439 3071 κλῖναι
2462 3018 2570 3071 ἀπὸ
2590 3018 2685 3071 τοῦ
2714 3018 2847 3072 Θεοῦ
2865 3020 2954 3073 καί⁵
2979 3011 3214 3087 εἰδώλοις
3243 3021 3331 3074 διὰ
3351 3018 3623 3090 γυναικῶν
3647 3018 3806 3071 ἐπιθυ-

2270 3109 2398 3179 μίας
2438 3110 2917 3182 προσκεκινηκέναι
2955 3113 2988 3182 ἡ
3021 3111 3429 3183 ψιλὴδιδασκει
3480 3112 3576 3183 τῆς
3614 3108 3805 3181 Γραφῖπ

603 3208 775 3250 ama»
839 3198 1005 3253 stabit
1065 3207 1234 3254 «ante
1295 3199 1536 3257 faciem»
1605 3203 1729 3271 Dei,
1766 3168 1827 3260 et
1891 3168 2234 3264 «thronusc

2193 3168 2234 3224 ϐ
2270 3168 2508 3270 ίστόρίαί
2540 3198 2655 3263 πῶς
2690 3168 2867 3253 δὲ’τοῦ
2896 3168 3061 3254 Δαυὶδ
3096 3168 3243 3273 ῆιτοῦ
3267 3168 3579 3273 Σολομῶνος
3609 3168 3804 3270 ἰι-βασιζ

600 3284 704 3338 erit
741 3284 929 3340 ﬁrmus
992 3286 1250 3358 jugiter,»
1310 3297 1370 3343 ut
1424 3293 1669 3360 subjecta
1728 3295 1803 3347 ait
1855 3296 2161 3365 prophetia,

602 3389 815 3432 necnon
890 3380 1086 3448 psalmi
1155 3380 1270 3435 haec
1327 3381 1431 3436 alia
1489 3383 1599 3439 fere
1651 3384 1885 3442 similis:
1935 3387 2164 3446 duravi

600 3463 772 3521 David
834 3484 992 3525 servo
1043 3486 1192 3525 meo:
1220 3472 1408 3542 Usque
1450 3473 1504 3527 in
1548 3481 1808 3529 reternum
1840 3480 2164 3548 praeparabo

600 3574 782 3615 semen
817 3568 992 3626 tuum,
1038 3570 1092 3617 et
1122 3564 1402 3620 aedificabo
1446 3567 1498 3620 in
1529 3570 1934 3638 generationem
1981 3583 2034 3628 et
2061 3591 2157 3644 ge-

600 3654 935 3707 nerationem
965 3652 1146 3709 sedem
1181 3662 1332 3709 tuam
1350 3655 1418 3721 '°,
1447 3676 1465 3707 »
1519 3666 1576 3712 et
1620 3660 1782 3728 paulo
1816 3668 1936 3730 post
1969 3662 2159 3719 addit:

602 3762 621 3796 ι
646 3742 824 3800 Semel
849 3744 1030 3813 juravi
1072 3746 1128 3800 in
1176 3755 1370 3802 sancto
1405 3765 1548 3812 meo,
1597 3751 1643 3805 si
1699 3750 1870 3807 David
1900 3753 2156 3808 mentiar.

599 3835 795 3891 Semen
841 3837 961 3906 ejus
995 3838 1049 3892 in
1080 3846 1349 3895 aeternum
1403 3842 1666 3908 manebit,
1698 3854 1754 3898 et
1780 3844 2012 3902 thronus
2041 3847 2161 3916 ejus

596 3928 740 3982 sicut
774 3929 855 3983 sol
913 3929 965 3982 in
999 3939 1298 4001 conspectu
1356 3933 1600 3988 meo°‘.»
1653 3934 1720 3989 Et
1764 3952 1999 3993 rursus:
2052 3937 2163 3991 «Et

596 4034 794 4090 ponam
828 4021 884 4074 in
916 4023 1174 4103 saeculum
1211 4026 1396 4080 saeculi
1427 4042 1612 4083 semen
1648 4028 1785 4095 ejus.
1818 4039 1871 4085 et
1901 4032 2159 4085 thronum

593 4111 716 4180 ejus
768 4112 911 4166 sicut
939 4114 1056 4169 dies
1088 4117 1329 4170 (:mli9'.»
1381 4116 1515 4174 Fere
1576 4118 1776 4174 similia
1807 4121 2058 4179 invenias
2101 4123 2159 4177 in

591 4199 846 4266 Ieremia,
886 4203 975 4258 ubi
1010 4204 1230 4272 dicitur,
1279 4227 1298 4259 ι
1331 4207 1471 4274 Quia
1512 4208 1627 4263 haec
1677 4210 1817 4264 dicit
1848 4209 2153 4266 Dominus:

593 4292 713 4348 Non
763 4294 1008 4351 interibit
1037 4297 1104 4352 de
1160 4297 1328 4355 David
1363 4301 1449 4355 vir
1476 4302 1569 4371 qui
1595 4302 1778 4358 sedeat
1812 4319 1978 4374 super
2007 4304 2160 4359 thro-

590 4398 718 4439 num
748 4386 944 4442 domus
976 4386 1158 4444 Israel.
1189 4389 1255 4444 Et
1282 4392 1350 4447 de
1375 4394 1750 4449 sacerdotibus
1776 4405 1827 4463 et
1860 4395 1928 4451 de
1949 4394 2158 4454 Levitis

2266 3288 2385 3343 λεία
2408 3290 2511 3353 ἓως
2535 3289 2728 3353 αἰῶνος
2754 3308 2771 3341 ι
2813 3290 3039 3345 ἐνώπιον
3062 3294 3190 3364 ἕστη
3225 3291 3318 3344 τοῦ
3352 3289 3513 3355 Θεοῦ,
3544 3291 3632 3344 καὶ
3653 3291 3679 3342 ὁ
3698 3287 3805 3359 Θρό-

2264 3396 2353 3443 νος
2386 3380 2777 3451 ἀνωρθωμένος
2812 3383 2891 3447 εἰς
2920 3382 3009 3436 τὸν
3040 3383 3229 3449 αἰῶνα,
3260 3404 3279 3436 »
3313 3384 3460 3438 κατὰ
3480 3383 3575 3455 τὴν
3596 3383 3803 3451 φάσκου-

2266 3488 2364 3525 σαν
2391 3470 2408 3542 (
2430 3470 2467 3525 f.
2503 3471 2569 3525 15
2594 3474 2685 3543 νο)
2707 3472 2938 3529 ἐνταῦθα
2963 3476 3312 3546 προφητείαν,
3341 3476 3441 3530 καὶ
3480 3475 3615 3529 κατὰ
3633 3472 3721 3544 τὴν
3756 3474 3804 3524 ὲν

2262 3558 2340 3631 τῷ
2367 3559 2564 3632 ψαλμῷ
2584 3553 2687 3613 ὧδὲ
2707 3580 2827 3631 ,πως
2865 3567 3238 3637 περιέχουσαν,
3277 3583 3294 3615 ι
3329 3566 3545 3636 ’Ὠμοσα
3571 3562 3721 3616 Δανὶδ
3737 3559 3802 3630 τῷ

2262 3651 2433 3723 δούλῳ
2455 3670 2575 3722 μου.
2604 3653 2748 3718 Ἕως
2763 3653 2857 3706 τοῦ
2879 3656 3071 3718 αἰῶνος
3091 3654 3365 3726 ἑτοιμάσω
3388 3656 3450 3709 τὸ
3475 3653 3683 3726 σπέρμα
3703 3668 3801 3712 σου.

2262 3744 2356 3796 καὶ
2370 3742 2703 3815 οἰκοδομήσω
2718 3746 2795 3808 εἰς
2814 3744 3005 3813 γενεὰν
3025 3746 3117 3797 καὶ
3137 3744 3325 3812 γενεάν
3352 3746 3446 3797 τὸν
3469 3743 3651 3817 θρόνον
3673 3756 3797 3795 σουσι

2262 3834 2357 3886 καὶ
2389 3833 2506 3903 μεθ’
2528 3834 2689 3906 ἕτερα
2712 3833 3044 3904 φάσκουσαν,
3064 3833 3275 3899 ι”Απαξ
3296 3833 3493 3906 ὤμοσα
3514 3836 3570 3887 ὲν
3589 3832 3660 3905 τῷ
3685 3830 3802 3900 ἁγίῳ

2268 3940 2391 3996 μου,
2426 3928 2475 3978 εἰ
2500 3924 2577 3997 τῷ
2598 3926 2759 3978 Δαυὶδ
2782 3926 3069 3997 ψεύσομαι.
3091 3926 3164 3979 Τὸ
3188 3927 3411 3999 σπέρμα
3439 3925 3600 3981 αύτοῦ
3632 3927 3703 3986 εἰς
3727 3922 3803 3974 τὸν

2263 4014 2433 4070 αἰῶνα
2462 4020 2629 4087 μενεῖ,
2666 4017 2759 4071 καὶ
2781 4017 2809 4069 ὁ
2833 4016 3017 4089 θρόνος
3043 4017 3205 4072 αὐτοῦ
3235 4017 3309 4082 ὡς
3332 4019 3364 4070 ὁ
3399 4016 3550 4089 ἥλιος
3592 4011 3803 4070 ἐναντίον

2264 4126 2386 4179 μου.
2430 4129 2449 4161 »
2481 4109 2590 4162 Kal
2615 4107 2774 4162 πάλιν
2795 4125 2808 4138 ·
2843 4128 2861 4160 ι
2899 4110 3008 4162 Καὶ
3036 4108 3271 4180 θήσομαι
3295 4111 3376 4174 είς
3408 4108 3499 4161 τὸν
3536 4107 3695 4161 αἰῶνα
3722 4100 3801 4156 τοῦ

2259 4200 2453 4267 αἰῶνος
2475 4201 2534 4255 τὸ
2560 4203 2779 4274 σπέρμα
2802 4200 2987 4266 αὐτοῦ,
3015 4202 3213 4256 καὶτὸν
3236 4201 3428 4274 θρόνον
3452 4202 3612 4256 αὑτοῦ
3634 4200 3702 4262 ὡς
3720 4196 3801 4259 τὰς

2260 4292 2471 4364 ἡμέρας
2501 4294 2594 4347 τοῦ
2619 4292 2866 4365 ούρανοῦ.
2904 4313 2922 4345 »
2958 4294 3037 4347 Τὰ
3078 4293 3433 4366 παραπλήσια
3464 4293 3507 4347 δ’
3535 4292 3598 4346 ἂν
3647 4289 3804 4361 εὕροις

2262 4380 2354 4434 καὶ
2376 4380 2434 4434 ἐν
2462 4380 2538 4451 τῷ
2577 4381 2833 4454 Ἱερεμίᾳ,
2868 4381 2994 4436 ἔνθα
3020 4382 3271 4454 εἴρηται,
3315 4401 3332 4433 ι
3375 4383 3499 4436 Ὅτι
3533 4380 3655 4434 τάδε
3676 4379 3805 4447 λέγει

593 4491 699 4531 ιιοη
728 4477 973 4533 interibit
1008 4480 1093 4532 vir
1122 4495 1152 4533 a
1183 4480 1321 4536 facie
1362 4499 1502 4549 mea,
1534 4484 1626 4555 qui
1666 4485 1856 4541 oﬁ‘erat
1889 4485 2155 4542 holocau-
2185 4517 2225 4574 Β

2185 4517 2230 4574 D
2262 4472 2466 4544 Κύριος
2489 4488 2502 4502 ·
2538 4472 2649 4525 Οὐκ
2669 4472 3170 4547 ὲξολοθρευθήσεται
3188 4472 3265 4545 τῷ
3295 4474 3465 4527 Δαυὶδ
3496 4472 3630 4543 ἀνὴρ

591 4574 816 4633 tomata,
848 4575 902 4623 et
931 4568 1185 4624 incendat
1217 4573 1567 4637 sacriﬁcium,
1605 4581 1660 4629 et
1689 4576 1862 4630 caedat
1895 4575 2150 4634 victimas

591 4659 847 4714 omnibus
899 4659 1203 4716 diebus”.i
1282 4661 1413 4729 Qua:
1471 4665 1516 4719 si
1566 4663 1691 4732 quis
1743 4664 1988 4720 conferat
2026 4680 2151 4720 cum

589 4761 856 4820 praesente
882 4749 1193 4807 Iudaeorum
1240 4755 1419 4817 ruina,
1454 4770 1752 4825 eorumque
1802 4756 2046 4814 historiis
2086 4759 2155 4813 ab

591 4840 820 4898 Ezechia
848 4851 902 4898 et
929 4842 1194 4898 Jechonia
1235 4846 1480 4914 regibus,
1511 4862 1742 4917 quorum
1778 4847 1881 4903 sub
1923 4849 2152 4920 imperio

594 4928 769 4988 deleta
799 4944 883 4989 est
908 4929 1218 4990 Iudaeorum
1262 4937 1431 5008 regia,
1476 4938 1543 4992 de
1581 4936 1780 4993 Davidc
1814 4947 1956 5005 orta,
1993 4948 2151 5010 pote-

588 5034 724 5088 stas,
744 5027 796 5080 in
823 5026 1147 5098 Babylonem
1177 5029 1508 5098 captivitatis
1534 5042 1794 5101 tempore,
1819 5047 1883 5087 ex
1908 5048 2018 5102 quo
2043 5048 2151 5087 non

582 5118 695 5187 jam
722 5116 1129 5187 imperaverunt
1170 5126 1263 5172 aut
1291 5129 1654 5190 regnaverunt
1692 5118 1912 5177 Davidis
1946 5124 2149 5193 posteri

588 5222 737 5261 nunc
776 5223 986 5278 usque;
1035 5209 1300 5280 intelliget
1332 5226 1394 5264 ea
1434 5212 1581 5265 dicta
1625 5213 1849 5268 minime
1886 5213 1952 5268 ad
1995 5214 2154 5270 Davi-

588 5294 734 5363 dem,
766 5316 943 5369 neque
990 5300 1055 5355 ad
1098 5299 1448 5357 Salomonem
1504 5302 1698 5358 referri
1744 5320 1925 5376 posse.
1990 5306 2150 5376 Atqui

590 5389 746 5445 nefas
774 5398 857 5446 est
890 5390 980 5446 Dei
1000 5391 1405 5460 praedictionem
1423 5394 1783 5464 jurejurando
1812 5396 2151 5469 obsignatam

590 5481 875 5537 mendacio
929 5498 1178 5557 arguere.
1246 5482 1304 5539 Si
1353 5492 1534 5540 autem
1574 5500 1757 5541 semen
1810 5484 2050 5551 Davidis,
2085 5486 2154 5541 de

2268 4581 2425 4634 μενος
2446 4565 2537 4618 ἐπὶ
2559 4564 2748 4636 θρόνου
2778 4568 2924 4620 οἴκου
2954 4567 3170 4639 Ἰσραήλ
3189 4582 3203 4596 ⁸
3230 4568 3322 4621 καὶ
3345 4571 3460 4631 τοῖς
3499 4564 3695 4638 ίερεῦσι
3721 4561 3803 4615 καὶ

2258 4662 2371 4725 τοῖς
2394 4661 2642 4725 Λευίταις
2658 4660 2754 4714 οὐκ
2776 4660 2954 4725 ὲξολοθ
2964 4660 3277 4733 ρευθήσεται
3296 4661 3439 4733 ἀνὴρ
3452 4664 3518 4714 ὲκ
3537 4655 3803 4730 προσώπου

2264 4767 2391 4820 μου,
2428 4749 2713 4821 ἀναφέρων
2740 4750 3182 4823 ὁλοκαυτώματα,
3209 4739 3303 4807 καὶ
3331 4752 3477 4807 θύων
3507 4751 3686 4806 Θυσίαν
3722 4746 3803 4801 καὶ

2262 4838 2430 4894 ποιῶν
2465 4841 2712 4914 θυμίαμα
2760 4844 2939 4907 πάσας
2974 4842 3071 4906 τὰς
3095 4843 3325 4915 ἡμέρας.
3361 4863 3382 4895 »
3411 4842 3597 4898 Ταῦτα
3631 4842 3730 4912 γὰρ
3761 4839 3803 4891 εἰ

2262 4934 2599 5001 συνεξετάζοι
2627 4954 2708 5002 τις
2744 4939 2810 5008 τῇ
2837 4955 2894 4991 τε
2926 4936 3171 5009 παρούσῃ
3196 4936 3305 4990 τῶν
3347 4936 3616 4991 Ἰουδαίων
3653 4948 3797 4988 καται

2261 5028 2447 5081 στάσει
2470 5029 2562 5081 καὶ
2585 5031 2703 5091 ταῖς
2725 5031 2844 5083 κατ’
2878 5030 3072 5093 αὐτοὺς
3109 5028 3370 5099 ἱστορίαις
3393 5030 3502 5083 ἀπὸ
3526 5028 3626 5096 τῆς
3674 5024 3803 5089 Ἐζᾶ·

2260 5118 2379 5173 κίου
2400 5119 2494 5172 καὶ
2525 5119 2772 5190 Ἰεχονίου
2800 5119 3092 5189 βασιλείας,
3128 5120 3246 5173 καθ’
3276 5118 3369 5183 οὓς
3393 5121 3427 5190 ἡ
3454 5121 3519 5172 ὲκ
3545 5115 3697 5173 Δαυὶδ
3724 5130 3804 5165 πε·

2263 5213 2528 5284 ριεγράφη
2554 5211 2660 5266 τῶν
2694 5212 2959 5266 Ἰουδαίων
2986 5212 3226 5281 βασιλεία
3254 5214 3311 5265 ὲν
3331 5211 3409 5280 τῷ
3429 5213 3528 5284 τῆς
3550 5214 3626 5273 εἰς
3654 5202 3805 5260 Βαὸυ·

2258 5305 2401 5359 λῶνα
2426 5303 2797 5376 αἰχμαλωσίας
2823 5305 3021 5376 καιρῷ,
3068 5302 3184 5374 μεθ’
3215 5303 3274 5357 ὃν
3321 5302 3572 5375 οὐδαμῶς
3614 5296 3799 5371 ἥρχθη·

2261 5412 2359 5449 σαν
2387 5395 2419 5466 ἥ
2449 5393 2872 5465 ὲὸασιλεύθησαν
2895 5395 2998 5447 ὑπὸ
3021 5393 3129 5447 τῶν
3153 5395 3217 5448 ὲκ
3266 5395 3431 5448 Δαυὶδ
3476 5391 3802 5460 καταγόντων

2256 5488 2317 5541 τὸ
2345 5488 2501 5556 γένος
2526 5489 2603 5551 είς
2626 5486 2728 5549 ἔτι,
2760 5486 2841 5539 ὅτι
2871 5484 3133 5557 μηδαμῶς
3152 5485 3377 5557 ἁρμόζει
3404 5486 3528 5556 ἦτοι
3554 5482 3629 5553 τῷ
3656 5475 3803 5532 Δαυὶδ

656 5634 782 5717 ⁷⁷⁸11
829 5657 960 5733 Reg.
998 5674 1104 5725 vn,
1167 5659 1351 5733 12-416.
1426 5660 1471 5693 ⁷⁸
1510 5657 1671 5733 PsalL
1698 5677 1970 5728 Lxxxvm,
2028 5662 2117 5729 27,
2155 5663 2244 5719 28.
2321 5662 2368 5695 π
2405 5660 2548 5717 Psal.
2594 5676 2656 5726 L,
2693 5662 2743 5715 6.
2821 5661 2868 5692 "°
2907 5659 3045 5716 Psal.
3114 5673 3396 5724 Lxxxvut,
3463 5659 3519 5713 5.
3594 5656 3636 5687 ’ί
3676 5652 3796 5707 ibid.

587 5731 677 5787 36.
752 5735 797 5766 ⁸·
838 5730 971 5788 ibid.
1009 5733 1100 5788 50.
1177 5730 1223 5761 ”
1248 5730 1571 5795 Jer.xx1tu,
1609 5731 1692 5786 l7.
