4114 6472
412 291 545 347 1081

1434 288 1731 347 ECLOGE
1767 286 2247 347 PROPHETICE.
2286 319 2358 331 —
2394 286 2523 347 LIB.
2565 287 2606 343 l.

3529 285 3670 359 toea

405 410 442 483 ἦ
471 410 565 472 αἱ
598 406 677 478 τῷ
716 406 986 478 Σολομῶνι
1023 405 1092 460 τά
1119 406 1443 478 λελεγμένα,
1472 408 1547 472 ὡς
1565 406 1624 474 ἐξ
1663 407 1905 477 ἀνάγκης
1949 434 1951 453 ι

2054 420 2199 475 .quo
2229 404 2318 460 hic
2360 405 2566 459 mentio
2602 404 2857 469 habetur,
2910 402 2979 458 ad
3040 401 3317 459 Christum
3359 404 3662 459 secundum

407 501 484 574 μὴ
536 500 691 571 Θέμις
731 499 901 570 ψευδῆ
939 497 1308 570 διελέγχεσθαι
1353 498 1670 571 συμϐαίνειν
1716 498 1815 567 τὴν
1858 496 1977 568 μεθ’

402 594 579 667 ὅρκων
607 590 700 646 τοῦ
735 591 871 645 Θεοῦ
896 592 1231 666 πρόρῥησιν·
1271 591 1325 645 ετ
1357 607 1420 660 γε
1466 591 1574 663 μὴν
1613 589 1979 661 ἀναφέροιμεν

399 684 463 739 τὸ
507 684 798 755 λεγόμενον
836 682 932 736 τοῦ
967 684 1132 737 Δαυὶδ
1167 682 1386 755 σπέρμα
1421 683 1514 736 ἐπὶ
1561 681 1654 735 τὸν
1712 681 1771 748 ἐξ
1812 679 1975 734 αὐτοῦ

401 777 541 831 κατά
571 777 750 848 σάρκα
776 776 1069 846 γενόμενον
1105 775 1359 849 Χριστὸν,
1409 775 1576 846 σαφὲς
1605 775 1721 839 πῶς
1747 778 1826 840 είς
1884 773 1977 828 τὸν

397 870 570 923 αίῶνα
593 867 752 922 τοῦτο
780 868 841 921 τὸ
874 868 1116 942 σπέρμα,
1142 867 1283 922 τοῦτ’
1326 866 1471 921 ἐστιν
1496 867 1525 920 6
1558 866 1821 939 Χριστὸς,
1860 866 1976 919 δια-

398 966 572 1035 μενεῖ,
611 960 843 1025 καὶπῶς
878 964 907 1016 6
928 961 1115 1034 θρόνος
1139 960 1302 1015 αὑτοῦ
1326 961 1418 1015 καὶ
1447 963 1479 1032 ή
1510 960 1852 1033 πνευματικὴ
1881 959 1976 1031 βα-

395 1055 570 1109 σιλεία
596 1055 700 1119 ἕως
719 1054 913 1117 αἰῶνος
931 1051 1160 1107 ἐνώπιον
1183 1053 1415 1125 ὑπάρχει
1439 1050 1534 1106 τοῦ
1565 1051 1797 1123 Πατρδς,
1823 1052 1975 1123 ἀνορ-

391 1147 652 1219 θούμενος
682 1144 956 1201 ὑπἀὐτοῦ
990 1147 1083 1199 καὶ⁵
1130 1143 1645 1216 ἀνοικοδομούμενος
1693 1142 1833 1196 κατά
1877 1159 1971 1212 γε-

391 1238 520 1292 νεάν
543 1241 635 1292 καὶ
658 1236 850 1306 γενεάν
887 1239 945 1291 ὲν
971 1240 1091 1300 ταῖς
1135 1236 1244 1290 τῶν
1296 1234 1659 1289 πιστευόντων
1693 1235 1779 1288 ἐπ’
1809 1234 1971 1288 αὐτὸν

392 1335 610 1406 ψυχαῖς.
636 1334 837 1387 Τούτου
870 1330 925 1384 δὲ
948 1330 1039 1384 τοῦ
1069 1329 1462 1400 ἀποδεδομένου
1490 1331 1620 1400 ημῖν
1656 1327 1971 1400 σπέρματος

391 1428 555 1483 Δαυὶδ
574 1425 818 1497 διαμενεῖ
855 1426 884 1478 6
912 1423 1118 1495 θρόνος,
1154 1422 1229 1486 ὡς
1260 1424 1288 1475 6
1312 1421 1412 1493 τῆς
1450 1420 1795 1493 δικαιοσύνης
1820 1420 1969 1492 ἥλιος

389 1521 630 1575 ἐναντίον
652 1519 747 1573 τοῦ
779 1517 1013 1590 Πατρός,
1045 1517 1137 1569 καὶ¹
1157 1515 1233 1578 ὠς
1255 1516 1310 1567 αί
1336 1516 1542 1585 ἡμέραι
1575 1498 1667 1567 ’τοῦ
1699 1512 1929 1586 ούρανοῦ
1952 1528 1967 1543 ⁸

386 1612 467 1666 διδ
489 1612 625 1683 πρὸς
662 1611 824 1666 αὑτὸν
850 1610 954 1663 ὑπὸ
981 1610 1075 1663 τοῦ
1122 1608 1280 1676 ἁγίου
1314 1607 1633 1676 Πνεύματος
1684 1609 1741 1660 ὲν
1791 1606 1964 1679 ἑτέρῳ

2085 513 2307 553 carnem
2363 513 2431 553 ex
2478 513 2546 554 eo
2596 506 2785 552 natum
2855 495 3231 560 attribuimus,
3272 503 3458 567 aperte
3514 504 3662 567 patet

2085 593 2361 664 quomodo
2395 574 2471 649 ὶιῖ
2506 594 2707 651 saecula
2740 606 2925 667 semen
2969 590 3128 658 illud,
3164 593 3219 648 id
3252 601 3336 648 est
3380 591 3659 659 Christus,

2084 693 2424 755 permaneat,
2481 690 2536 742 et
2590 687 2864 758 quomodo
2898 688 3134 742 thronus
3172 686 3292 755 ejus
3319 699 3384 739 ac
3414 685 3661 755 spiritale

2082 793 2309 850 regnum
2346 790 2451 834 stet
2483 794 2659 849 usque
2689 779 2742 834 in
2774 786 3042 833 aaternum
3078 785 3204 833 ante
3238 777 3431 833 faciem
3455 774 3657 843 Patris,

2077 870 2148 925 ab
2194 886 2260 925 eo
2312 870 2581 925 firmatum
2641 870 3083 942 aedilicatumque
3131 872 3187 926 in
3251 870 3657 942 generationem

2077 970 2130 1015 et
2157 964 2567 1034 generationem
2606 963 2661 1018 in
2707 979 2895 1019 eorum
2949 966 3149 1020 animis
3189 966 3281 1036 qui
3333 965 3563 1019 credunt
3599 964 3654 1018 in

2074 1070 2222 1110 eum.
2268 1053 2406 1110 Dato
2461 1056 2608 1111 enim
2646 1056 2805 1113 nobis
2839 1056 2944 1113 hoc
2980 1057 3203 1114 Davidis
3253 1059 3481 1121 semine,
3530 1073 3657 1130 per-

2076 1154 2258 1200 manet
2294 1146 2549 1211 thronus,
2585 1154 2645 1200 nt
2669 1147 2906 1217 justitite
2951 1150 3043 1205 sol
3074 1158 3200 1205 ante
3235 1150 3426 1204 [aciem
3449 1149 3651 1217 Patris,

2074 1244 2127 1291 et
2164 1244 2221 1291 ut
2268 1237 2390 1293 ραιιί
2443 1238 2581 1294 dies.
2635 1236 2761 1294 ldeo
2820 1239 2889 1294 ad
2929 1255 3053 1295 eum
3104 1255 3134 1293 a
3196 1249 3390 1296 sancto
3443 1238 3652 1313 Spiritu

2073 1330 2126 1382 in
2156 1328 2263 1384 alio
2305 1331 2516 1401 psalmo
2550 1330 2758 1403 dictum
2802 1338 2923 1387 est:
2982 1330 3194 1390 «Sedes
3236 1340 3353 1396 tua,
3398 1332 3561 1399 Deus,
3595 1335 3652 1390 in

2078 1422 2337 1477 saeculum
2367 1423 2551 1477 saeculi
2578 1441 2591 1477 :
2620 1424 2773 1492 virga
2806 1424 3153 1489 directionis,
3187 1425 3338 1496 virga
3367 1428 3516 1498 regni
3549 1428 3648 1484 tui.

2071 1511 2319 1568 Dilexisti
2339 1512 2635 1582 justitiam,
2665 1524 2720 1569 et
2753 1502 2918 1569 odisti
2947 1515 3321 1586 iniquitatem:
3364 1527 3650 1589 propterea

2070 1607 2227 1660 unxit
2272 1614 2325 1661 te
2364 1605 2534 1674 Dens,
2586 1605 2730 1663 Deus
2774 1615 2924 1674 tuus,
2971 1609 3094 1663 oleo
3133 1610 3334 1666 laetitiae
3375 1627 3487 1681 prae
3517 1626 3650 1666 con-

383 1703 584 1777 ψαλμῷ
604 1705 848 1759 λέλεκται
863 1718 878 1733 ’
908 1723 927 1755 ι
950 1704 1008 1756 '0
1030 1702 1217 1776 θρόνος
1236 1720 1347 1766 σου,
1368 1704 1396 1755 6
1419 1701 1570 1765 Θεὸς,
1589 1703 1669 1765 είς
1685 1699 1776 1754 τὸν
1792 1700 1951 1753 αἰῶνα

2074 1698 2318 1753 sortibus
2350 1700 2579 1755 tuis'h
2631 1698 2890 1755 Christus
2936 1716 3065 1756 vero
3094 1701 3315 1756 domum
3343 1701 3644 1760 Ecclesiam

383 1795 478 1849 τοῦ
526 1794 719 1859 αἰῶνος
743 1836 759 1861 ,
789 1794 982 1865 ῥάϐδος
1011 1793 1309 1865 εὐθύτητος
1360 1794 1393 1864 ὴ
1452 1791 1646 1864 ῥάϐδος
1674 1790 1773 1862 τῆς
1813 1791 1965 1861 βασι-

380 1889 533 1952 λείας
587 1905 701 1941 σου.
768 1886 1092 1957 Ἠγάπησας
1152 1884 1495 1957 δικαιοσύνην
1543 1884 1636 1939 καὶ
1694 1884 1962 1956 ἐμίσησας

377 1980 634 2051 ἀνομίαν,
651 1980 737 2034 διὰ
759 1979 917 2033 τοῦτο
939 1978 1124 2052 ἑχρισέ
1159 1995 1216 2031 σε
1239 1980 1267 2031 ὁ
1287 1977 1417 2041 Θεὸς
1437 1980 1465 2032 6
1497 1977 1629 2040 Θεὸς
1654 1994 1745 2031 σου
1786 1976 1961 2030 ἔλαιον

378 2072 756 2141 ἀγαλλιάσεως
799 2072 951 2143 παρά
1011 2073 1138 2135 τοὺς
1193 2071 1451 2142 μετόχους
1492 2088 1606 2126 σου.
1670 2091 1688 2123 ›
1735 2070 1791 2125 '0
1828 2071 1962 2141 Χρι-

377 2161 505 2224 στὸς
531 2162 587 2216 δὲ
610 2163 703 2215 καὶ
735 2161 882 2217 οἷκον
910 2164 1008 2232 τὴν
1048 2161 1372 2232 Ἐκκλησίαν
1401 2162 1722 2233 οἰκοδόμησε
1742 2162 1821 2233 τῷ
1845 2163 1959 2216 Πα-

372 2250 467 2322 τρὶ
492 2252 555 2303 ἐκ
581 2250 741 2304 λίθων
764 2250 980 2316 ζώντων
1014 2252 1106 2307 καὶ
1125 2254 1347 2323 νοερῶν,
1375 2253 1546 2322 ἀγίων
1569 2254 1664 2306 καὶ
1684 2253 1958 2324 ὲναρέτων

372 2342 586 2414 ψυχῶν,
618 2344 743 2397 ναὸν
778 2347 997 2417 ἐγείρας
1025 2347 1161 2403 πολὺ
1194 2347 1479 2420 κρείττονα
1513 2349 1608 2401 καὶ
1632 2346 1959 2417 διαφέροντα

373 2436 473 2507 τῆς
496 2436 602 2490 ὑπὸ
627 2437 935 2509 Σολομῶνος
965 2441 1301 2513 προσκαίρου
1325 2442 1421 2495 καὶ⁵
1451 2439 1644 2512 μηκέθ’
1681 2436 1957 2509 ὑπαρχού-

375 2545 476 2599 σης
489 2529 796 2602 οἰκοδομῆς.
824 2532 1010 2604 Τούτῳ
1044 2534 1100 2588 δὲ
1141 2536 1234 2588 καὶ
1258 2534 1286 2586 6
1328 2532 1648 2598 Ἀπόστολος
1689 2532 1957 2604 μαρτυρεῖ

372 2623 671 2696 προσήκειν
704 2625 821 2696 τὴν,
856 2645 874 2677 ι
918 2626 1059 2695 Ἐγὼ
1090 2628 1285 2699 ἔσομαι
1318 2626 1466 2697 αύτῷ
1495 2630 1574 2691 είς
1610 2626 1821 2698 πατέρα
1860 2629 1954 2682 καὶ⁵

371 2714 534 2779 αὐτὸς
563 2715 715 2769 ἔσται
743 2735 833 2789 μοι
853 2719 933 2782 είς
959 2719 1093 2785 υἱὸν,
1120 2739 1140 2772 ι
1168 2720 1372 2791 φωνὴν,
1400 2717 1647 2773 ἐντεῦθεν
1671 2718 1843 2791 αὐτὴν
1873 2722 1952 2773 είμ

368 2802 555 2877 ληφὼς
581 2808 640 2860 ἑν
662 2811 726 2879 τῇ
770 2809 905 2881 πρὸς
945 2810 1224 2881 Ἐϐραίους
1260 2811 1529 2879 συντάξει,
1575 2811 1703 2867 ἔνθα
1747 2813 1908 2883 φησίν
1933 2827 1948 2844 ο

374 2917 393 2949 ι
436 2898 554 2952 Τίνι
588 2901 696 2973 γάρ
731 2898 881 2955 εἶπέν
929 2920 1059 2957 ποτε
1099 2903 1209 2957 τῶν
1254 2904 1535 2973 ἀγγέλων,
1572 2906 1701 2969 Υἱός
1748 2925 1849 2979 μου
1901 2903 1955 2961 εἷ

368 2993 458 3054 σὺ,
493 2991 604 3060 ἐγὼ
632 2996 870 3065 σήμερον
897 2995 1202 3069 γεγέννηκά
1228 3014 1286 3050 σε
1313 3014 1326 3027 ·
1370 3017 1389 3049 ι
1422 2998 1516 3051 καὶ
1536 2998 1718 3064 πάλιν,
1752 3018 1771 3052 ς
1808 2998 1948 3069 Ἐγὼ

2069 1790 2357 1845 aedificavit
2384 1789 2533 1845 Patri
2583 1793 2859 1862 lapidibus
2914 1794 3228 1851 viventibus
3286 1796 3649 1867 spiritalibus-

2066 1898 2194 1954 que,
2228 1885 2438 1940 sanctis
2469 1883 2796 1956 eximiisque
2827 1887 3050 1951 animis,
3097 1896 3283 1943 erecto
3333 1889 3505 1942 multo
3549 1904 3647 1958 po-

2066 1976 2225 2044 tiore,
2246 1975 2587 2047 multumque
2617 1993 2648 2031 a
2682 1979 2892 2033 caduco
2914 1995 3172 2050 nuncque
3208 1980 3426 2050 penitus
3453 1995 3647 2036 everso

2066 2066 2375 2126 Salomonis
2420 2071 2675 2129 dissimili
2705 2073 2928 2143 templo.
2971 2074 3051 2128 Ad
3086 2088 3246 2144 quem
3280 2089 3342 2128 ea
3395 2081 3645 2144 spectare

2062 2163 2266 2216 verba:
2325 2178 2344 2213 (
2370 2160 2482 2233 Ego
2524 2177 2619 2217 ero
2650 2163 2725 2217 illi
2769 2164 2821 2217 in
2865 2174 3098 2233 patrem,
3132 2174 3185 2219 et
3225 2166 3343 2235 ipse
3369 2165 3473 2219 erit
3503 2164 3639 2219 mihi

2061 2254 2115 2309 in
2154 2254 2344 2319 filium,
2376 2274 2395 2309 ι
2443 2263 2677 2311 testatur
2726 2266 2780 2311 et
2835 2257 3135 2328 Apostolus
3177 2260 3231 2313 in
3280 2274 3379 2314 sua
3423 2258 3490 2313 ad
3537 2257 3643 2314 He—

2062 2349 2240 2404 braros
2273 2349 2690 2406 admonitione:
2743 2368 2762 2401 ι
2794 2350 2897 2407 Cui
2947 2353 3094 2407 enim
3146 2353 3284 2408 dixit
3336 2352 3632 2423 aliquando
3694 2371 3704 2381 ε

2058 2442 2410 2511 angelorum:
2436 2441 2608 2498 Filius
2639 2460 2793 2498 meus
2814 2462 2875 2500 es
2896 2455 2974 2511 tu,
3001 2461 3103 2516 ego
3132 2445 3293 2501 hodie
3318 2446 3478 2517 genui
3501 2452 3577 2504 te.
3612 2463 3634 2500 ι

2061 2532 2124 2586 Et
2157 2547 2418 2588 rursum:
2488 2551 2507 2583 ι
2544 2532 2656 2604 Ego
2687 2549 2783 2589 ero
2811 2535 2886 2589 illi
2938 2536 2993 2589 in
3041 2544 3276 2606 patrem,
3306 2544 3361 2591 et
3388 2537 3505 2609 ipse
3534 2536 3641 2592 erit

2056 2623 2189 2677 mihi
2224 2625 2279 2678 in
2333 2622 2633 2679 ﬁlium”?i
2692 2624 2825 2691 Quae
2880 2634 3062 2681 autem
3096 2627 3336 2683 abillis:
3390 2646 3407 2678 ι
3436 2626 3541 2695 Qui
3590 2628 3639 2685 si

2058 2711 2245 2782 inique
2298 2713 2506 2784 aliquid
2555 2716 2810 2784 gesserit,
2844 2731 3073 2786 arguam
3114 2732 3239 2770 eum
3274 2718 3330 2770 in
3369 2716 3520 2788 virga
3555 2716 3639 2772 vi-

2055 2819 2242 2858 rorum
2273 2824 2293 2857 ι
2327 2803 2393 2859 de
2416 2807 2618 2876 populo
2643 2807 2699 2860 in
2720 2805 2999 2861 Christum
3025 2808 3284 2864 credente
3306 2808 3453 2864 dicta
3473 2821 3636 2881 sunt;

2053 2912 2254 2969 corpus
2287 2898 2430 2953 enim
2456 2897 2662 2954 Christi
2687 2897 2932 2955 Ecclesia
2975 2910 3059 2955 est
3079 2901 3148 2965 ⁸⁸,
3172 2902 3472 2958 secundum
3498 2904 3637 2973 Apo-

2052 2990 2271 3047 Stolnm.
2314 2989 2471 3057 Quod
2496 3000 2677 3045 autem
2701 2991 2770 3047 ad
2799 2991 3085 3047 credentes
3116 2992 3170 3047 in
3195 3009 3319 3048 eum
3350 3009 3414 3048 ea
3445 2994 3632 3059 verba,

366 3083 560 3156 ἔσομαι
603 3086 750 3156 αὐτῷ
783 3090 862 3151 εἰς
918 3088 1148 3162 πατέρα,
1191 3092 1284 3143 καὶ
1319 3092 1479 3154 αὐτὸς
1529 3091 1682 3145 ἔσται
1742 3110 1832 3164 μοι
1866 3095 1946 3158 είς

2054 3086 2122 3140 de
2172 3086 2373 3156 quibus
2429 3085 2853 3155 investigamus,
2915 3094 3192 3156 spectant,
3258 3086 3634 3141 animadverte

363 3177 498 3230 υἱόν.
544 3196 560 3226 ο
601 3177 683 3230 Τά
711 3178 754 3231 δ’
796 3178 903 3232 ἀπὸ
934 3180 1050 3244 τοῦ,
1091 3200 1109 3231 ι
1147 3184 1239 3235 καὶ
1273 3181 1338 3236 ἀν
1371 3181 1499 3257 ἔλθῃ
1532 3183 1714 3238 ἀδικία
1754 3182 1942 3249 αὐτοῦ,

365 3270 461 3323 καὶ
494 3268 697 3339 ἐλέγξω
726 3272 888 3327 αὐτὸν
927 3276 985 3326 ὲν
1008 3273 1189 3345 ῥάϐδῳ
1243 3274 1473 3347 ἀνδρῶν,
1512 3296 1530 3329 ι
1564 3277 1694 3349 περὶ
1740 3277 1835 3331 τοῦ
1869 3280 1951 3343 είς

363 3362 599 3434 Χριστὸν
630 3364 1017 3430 πιστεύσαντος
1040 3366 1170 3421 λαοῦ
1205 3369 1450 3440 εἴρηται-
1486 3370 1608 3423 ἐπεὶ
1649 3370 1744 3425 καὶ
1789 3371 1949 3442 σῶμα

360 3454 600 3525 Χριστοῦ
661 3458 693 3527 ἡ
728 3456 1023 3529 Ἐκκλησία
1076 3459 1241 3513 αὐτοῦ
1286 3460 1634 3531 χρηματίζει,
1669 3463 1810 3519 κατά
1856 3463 1948 3518 τὸν

359 3544 702 3601 ’Δπόστολον.
738 3549 860 3602 Ὅτι
892 3548 950 3604 δὲ
980 3550 1110 3622 περὶ
1130 3550 1238 3604 τῶν
1270 3553 1715 3608 πεπιστευκότων
1736 3556 1817 3619 είς
1847 3556 1971 3610 αύοι

357 3640 452 3691 τὸν
489 3638 558 3693 τά
583 3640 683 3711 τῆς
723 3641 1028 3713 ἐπισκοπῆς
1072 3644 1307 3715 εἴρηται,
1342 3645 1634 3716 ἐπίστησον
1669 3648 1944 3718 ἐπιμελῶς

357 3728 669 3803 λελεγμένῳ
710 3731 1092 3803 πληθυντικῶς
1121 3732 1218 3805 τῷ,
1257 3753 1274 3786 ι
1300 3736 1373 3788 Τὸ
1401 3735 1458 3790 δὲ
1509 3736 1659 3801 ἔλεός
1689 3756 1793 3809 μου
1839 3739 1944 3793 ούκ

356 3821 651 3893 ἀποστήσω
680 3824 776 3877 ἀπ’
804 3825 1013 3879 αὑτῶψ
1046 3846 1064 3878 ι
1104 3826 1290 3895 σαφῶς
1322 3828 1415 3881 καὶ
1446 3830 1503 3882 ὲν
1536 3828 1614 3900 τῷ
1642 3829 1842 3902 ψαλμῷ
1874 3830 1945 3884 τὰ

358 3914 714 3986 παραπλήσια
738 3920 851 3981 τοῖς
868 3916 931 3988 (f.
954 3918 1040 3989 16)
1059 3918 1243 3974 ἐνθάδε
1271 3922 1399 3994 περὶ
1425 3922 1532 3975 τῶν
1556 3921 1686 3975 υἱῶν
1726 3922 1941 3995 εἴρηται

354 4004 449 4059 τοῦ
481 4006 978 4078 προφητευομένου,
998 4008 1148 4079 ὲντῷ
1174 4028 1191 4060 ι
1217 4011 1326 4063 Καὶ
1352 4009 1447 4063 ἐὰν
1472 4011 1939 4080 ὲγκαταλείπωσιν

352 4100 403 4153 οἱ
430 4100 535 4153 υἱοὶ
561 4099 723 4154 αὐτοῦ
757 4100 847 4155 τὸν
873 4101 1035 4173 νόμον
1058 4120 1180 4173 μου,
1212 4105 1305 4158 καὶ
1332 4106 1443 4168 τοῖς
1466 4106 1697 4176 κρίμασι
1726 4123 1827 4176 μου
1863 4106 1938 4180 μὴ

354 4193 709 4264 πορευθῶσιν,
738 4195 833 4249 ὲάν
856 4197 924 4250 τά
943 4195 1289 4267 δικαιώματά
1324 4215 1427 4269 μου
1452 4197 1824 4270 βεϐηλώσωσι,
1844 4201 1939 4254 καὶ

352 4284 451 4349 τὰς
468 4286 687 4350 ἐντολάς
708 4305 810 4358 μου
839 4290 913 4362 μὴ
934 4290 1261 4359 φυλάξωσιν,
1282 4292 1650 4363 ἐπισκέψομαι
1671 4295 1731 4346 ὲν
1757 4294 1939 4366 ῥάϐδῳ

350 4374 450 4439 τὰς
493 4376 719 4447 ἀνομίας
752 4377 950 4443 αὐτῶν,
985 4382 1079 4434 καὶ
1118 4383 1176 4435 ὲν
1218 4381 1438 4452 μάστιξι
1471 4382 1569 4446 τὰς
1594 4382 1809 4448 ἀδικίας
1835 4386 1933 4439 αὐ-

351 4465 457 4520 τῶν
476 4484 489 4497 '
519 4468 581 4519 τὸ
611 4467 666 4520 δὲ
692 4468 840 4532 ἔλεός
876 4488 976 4541 μου
997 4471 1057 4524 ού
1104 4471 1178 4544 μὴ
1207 4472 1545 4527 διασκεδάσω
1570 4475 1667 4528 ἀπ’
1693 4476 1925 4529 αὐτῶν.»

351 4556 491 4629 Ὅρα
529 4557 585 4611 δὲ
613 4558 728 4624 πῶς
759 4561 986 4632 ῥάϐδους
1023 4563 1229 4635 ἀνδρῶν
1260 4565 1353 4619 καὶ
1388 4565 1531 4636 ἀφάς
1560 4566 1690 4620 υἱῶν
1718 4567 1931 4641 ἀνθρώ-

350 4665 466 4703 πων
499 4649 625 4713 τοὺς
667 4649 809 4704 κατά
858 4652 1046 4723 καιρὸν
1068 4653 1346 4725 ὠνόμασεν
1374 4658 1402 4709 6
1437 4655 1593 4726 λόγος
1625 4657 1926 4730 διωγμούςο

349 4740 485 4811 πλὴν
513 4742 703 4796 πολλαὶ
730 4742 822 4796 τοῦ
850 4744 984 4797 Θεοῦ
1009 4746 1066 4798 αἱ
1088 4746 1480 4819 παρακλήσεις,
1508 4753 1601 4804 καὶ
1632 4753 1687 4805 αἱ
1712 4750 1802 4804 διὰ
1822 4752 1930 4805 τῶν

350 4831 578 4900 Γραφῶν
608 4834 976 4904 παραμυθίαι,
1005 4836 1078 4906 μὴ
1103 4836 1347 4909 ἀπαυδᾷν
1373 4842 1505 4911 ἡμῖν
1534 4842 1926 4914 ἐπιτρέπουσαι

346 4925 439 4976 ἐπὶ
455 4928 566 4989 τοῖς
601 4927 722 4979 καθ’
750 4927 904 4999 ἡμῶν
934 4930 1347 5001 ἐνεργουμένοις
1373 4934 1513 4987 κατὰ
1555 4939 1777 5009 καιροὺς
1801 4938 1927 4992 διω⁶

343 5019 502 5087 γμοῖς
519 5034 532 5047 ·
561 5018 637 5082 ὡς
665 5018 772 5090 γὰρ
801 5021 1192 5092 ἐπισκέψεσθαι
1216 5023 1304 5077 διά
1337 5025 1531 5097 ῥάϐδου
1560 5028 1652 5083 τὸν
1679 5030 1773 5084 τοῦ
1798 5030 1926 5103 Χρι-

344 5107 470 5163 στοῦ
516 5114 745 5183 προεῖπε
772 5113 897 5168 λαὸν
925 5115 1261 5188 ἁμαρτόντα,
1291 5118 1433 5172 οὕτω
1463 5122 1558 5174 καὶ
1585 5121 1646 5174 τὸ
1679 5122 1751 5193 μὴ
1783 5125 1921 5177 ἀπο-

344 5207 561 5278 στήσειν
580 5207 745 5262 αὐτοῦ
769 5209 829 5262 τὸ
858 5210 1006 5275 ἔλεος
1038 5213 1454 5284 προῦπέσχηται
1487 5216 1677 5282 εἰπὼν,
1711 5237 1729 5268 ‹
1768 5220 1841 5272 Τὸ
1863 5220 1920 5274 δὲ

343 5298 485 5365 ἔλεός
533 5319 632 5372 μου
671 5302 732 5356 οὐ
775 5302 849 5375 μὴ
878 5304 1172 5375 ἀποστήσω
1209 5308 1302 5360 ἀπ’
1349 5308 1550 5373 αὐτῶν,
1590 5310 1773 5376 καθὼς
1816 5314 1921 5366 ἀπ-

2053 3178 2246 3234 sedulo
2295 3179 2501 3235 dictum
2563 3194 2687 3234 esse
2736 3178 3063 3250 pluraliter:
3151 3198 3169 3231 ι
3201 3177 3631 3235 Misericordiam

2054 3279 2237 3326 autem
2269 3286 2447 3326 meam
2495 3285 2607 3325 non
2664 3271 2914 3325 auferam
2947 3271 3016 3325 ab
3047 3271 3169 3327 iis.»
3226 3269 3515 3327 Manifeste
3572 3276 3629 3326 et

2052 3362 2107 3417 in
2151 3362 2367 3433 psalmo
2412 3378 2521 3417 non
2580 3362 2861 3418 ahsimilia
2914 3362 2984 3418 iis
3034 3364 3102 3418 de
3161 3364 3289 3418 ﬁliis
3333 3362 3481 3442 illius
3535 3363 3631 3433 qui

2052 3454 2408 3528 prophetatus
2446 3462 2554 3521 est,
2588 3456 2887 3511 dicuntur:
2949 3474 2967 3507 ι
3001 3455 3056 3511 Si
3105 3466 3289 3513 autem
3320 3456 3631 3525 derelique-

2048 3547 2159 3601 rint
2201 3545 2294 3601 filii
2334 3547 2454 3617 ejus
2514 3548 2685 3619 legem
2748 3563 2951 3612 meam,
3006 3556 3061 3602 et
3114 3548 3169 3602 in
3221 3548 3448 3618 judiciis
3493 3546 3629 3604 meis

2047 3654 2155 3693 non
2180 3638 2612 3706 ambulaverint;
2646 3640 2692 3694 si
2724 3639 2973 3710 justitias
3025 3654 3176 3695 meas
3217 3637 3630 3710 profanaverint

2045 3739 2100 3786 et
2129 3729 2385 3785 mandata
2412 3745 2531 3785 mea
2561 3747 2671 3784 non
2695 3730 3091 3785 eustodierint:
3144 3731 3383 3786 visitabo
3422 3730 3479 3785 in
3510 3729 3625 3783 vir-

2044 3836 2109 3891 ga
2141 3821 2457 3891 iniquitates
2481 3836 2695 3886 eorum,
2741 3832 2795 3877 et
2832 3821 2887 3875 in
2921 3821 3247 3876 verberibus
3282 3831 3506 3891 peccata
3533 3837 3618 3877 eo-

2043 3927 2189 3967 rum.
2247 3911 2684 3968 Misericordiam
2713 3923 2896 3968 autem
2937 3929 3114 3970 meam
3154 3929 3264 3969 non
3306 3913 3624 3986 dispergam

2043 4006 2113 4060 ah
2165 4005 2247 4059 eis
2270 4005 2373 4060 ⁸⁷.»
2437 4005 2674 4061 Attende
2726 4007 3005 4077 quomodo
3056 4026 3074 4057 ι
3106 4007 3288 4077 virgas
3336 4007 3620 4062 hominum

2039 4107 2095 4154 et
2125 4099 2313 4170 plagas
2346 4098 2580 4154 tiliorum
2627 4100 2937 4163 hominum,
2966 4119 2984 4150 ι
3027 4100 3393 4169 temporarias
3435 4114 3623 4171 perse-

2043 4192 2292 4246 cutiones
2327 4206 2485 4246 sacra
2534 4199 2694 4245 vocat
2720 4190 2972 4246 historia.
3016 4189 3403 4245 Verumtamen
3437 4192 3622 4247 multa

2040 4292 2168 4340 sunt
2208 4282 2301 4338 Dei
2335 4283 2746 4346 advocationes,
2781 4290 2835 4338 et
2885 4298 2982 4353 per
3014 4280 3330 4352 Scripturas
3356 4282 3617 4339 exhorta-

2040 4378 2240 4441 tiones,
2275 4391 2399 4447 qua:
2432 4390 2534 4430 nos
2568 4374 2867 4429 admonent
2897 4390 2964 4430 ne
3019 4375 3306 4430 suscitatis
3351 4374 3617 4432 adversus

1964 4450 2009 4506 D
2038 4485 2138 4524 nos
2193 4467 2671 4538 persecutionihns
2724 4466 3086 4536 temporariis
3149 4467 3490 4522 cederemus.
3551 4466 3619 4523 Ut

2038 4562 2182 4617 enim
2215 4561 2365 4631 virga
2395 4576 2456 4616 se
2489 4561 2890 4631 castigaturum
2926 4575 3050 4615 esse
3075 4561 3327 4630 praedixit
3352 4559 3615 4631 populum

2040 4655 2133 4708 Dei
2169 4660 2514 4724 peccantem,
2548 4652 2630 4707 sic
2671 4659 2726 4707 et
2754 4667 2864 4707 non
2900 4653 2969 4706 ab
3010 4670 3077 4708 eo
3111 4652 3446 4707 defecturam
3490 4667 3616 4723 esse

2034 4747 2313 4819 pollicitus
2339 4756 2424 4800 est
2471 4746 2941 4809 misericordiam,
2991 4744 3214 4801 dicens:
3267 4743 3616 4800 «Misericor-

2033 4838 2179 4893 diam
2206 4844 2388 4892 autem
2422 4852 2595 4891 meam
2624 4851 2735 4890 non
2785 4834 3033 4890 auferam,
3065 4834 3134 4888 ab
3164 4834 3253 4898 iis,
3300 4834 3444 4888 sicut
3487 4830 3617 4887 abs-

2030 4932 2128 4986 tuli
2158 4933 2226 4986 ab
2286 4930 2372 4996 iis,
2407 4947 2548 5001 quos
2588 4930 2770 4985 amovi
2806 4944 2836 4983 a
2867 4927 3014 4983 facie
3047 4943 3220 4982 mea.»
3265 4926 3481 4992 Quaeret
3516 4940 3615 4979 ουν

2031 5038 2141 5086 tem
2179 5028 2320 5100 apud
2365 5044 2505 5099 quos
2557 5034 2706 5084 esset
2753 5033 2882 5082 ante
2944 5026 3185 5097 gentium
3223 5024 3484 5095 populum
3519 5021 3612 5077 Dei

2030 5123 2433 5186 misericordia,
2466 5136 2631 5192 quam
2661 5119 2889 5175 omnino
2921 5118 2992 5173 ab
3044 5117 3126 5173 eis
3158 5116 3498 5172 abstulerat:
3535 5114 3612 5169 si-

2028 5217 2229 5272 militer
2257 5216 2404 5270 enim
2444 5230 2503 5272 se
2536 5212 2811 5269 facturum
2838 5228 2964 5271 esse
3010 5210 3293 5284 promittit
3318 5210 3375 5264 in
3401 5206 3609 5263 Christi

2031 5313 2312 5385 populum.

343 5395 542 5466 ἐπησα
572 5395 665 5466 ἀφ’
699 5390 775 5451 ὧν
818 5398 1126 5471 ἀπέστησα·
1169 5423 1187 5455 ι
1223 5402 1449 5475 ζητήσει
1490 5405 1535 5457 δ’
1563 5407 1655 5459 ἐπὶ
1692 5409 1843 5475 τίνας
1877 5408 1946 5481 ἦν
1985 5413 2092 5483 πρὸ
2148 5412 2241 5466 τοῦ
2274 5409 2334 5476 te
2373 5408 2544 5463 ἐθνῶν
2568 5407 2698 5461 λαοῦ
2726 5406 2786 5461 τδ
2822 5405 2915 5459 τοῦ
2943 5403 3079 5460 Θεοῦ
3108 5403 3275 5471 ἔλεος,
3309 5404 3445 5477 ὅπερ
3472 5418 3607 5459 παν-

340 5491 506 5555 τελῶς
538 5492 632 5547 ἀπ’
658 5490 838 5546 αὐτῶν
871 5493 1218 5568 ἀπέστησας·
1255 5497 1317 5555 οὗ
1345 5501 1406 5554 τὸ
1432 5501 1629 5572 ιόμοιον
1659 5507 1904 5576 ποιήσειν
1942 5510 2282 5580 ὑπισχνεῖται
2312 5507 2451 5561 κατά
2482 5505 2571 5559 τὸν
2596 5503 2689 5558 τοῦ
2718 5502 2954 5576 Χριστοῦ
2995 5503 3138 5557 λαόν.

406 5739 451 5772 ⁸⁸
487 5738 632 5797 Psal.
668 5757 824 5809 xuv,
858 5740 919 5808 7,
955 5741 1008 5799 8.
1089 5744 1134 5778 "
1174 5744 1338 5804 Hebr.
1380 5763 1435 5817 ι,
1471 5748 1523 5807 5.
1600 5749 1646 5784 ⁸⁸
1683 5749 1896 5810 Coloss.
1934 5768 1949 5809 ι

2056 5737 2107 5808 ί.
2186 5752 2228 5785 ⁸⁷
2270 5749 2417 5811 Psal.
2448 5768 2722 5821 cxxxvm,
2762 5752 2852 5810 31.
