4134 6414
560 315 702 373 1083
1287 305 1559 365 EUSEBII
1595 303 2073 362 CrESARlENSIS
2112 302 2192 361 ΟΡ

2143 302 2261 360 lPP.
2305 303 2486 361 PARS
2514 301 2692 360 ιιι-ι-
2723 302 3136 360 EXEGETICA.
3655 309 3775 364 1084

1141 449 1371 507 CAPUT
1412 450 1555 505 XXI.
2159 461 2205 516 Α
2737 449 2773 501 κ

2159 461 2205 516 Α
2737 447 3129 501 ΚΕΦΑΛᾹΙΟΝ
3168 448 3298 502 KA'.

635 588 654 621 ι
684 568 926 624 Locutus
967 575 1053 623 est
1094 573 1277 621 autem
1308 564 1476 620 David
1506 566 1736 621 Domino
1766 564 1933 620 verba
1962 563 2128 632 hujus

2309 582 2326 613 ι
2369 561 2481 616 Καὶ
2528 559 2753 633 ὲλάλησε
2794 557 2956 612 Δαυὶδ
2988 557 3067 629 τῷ
3095 558 3287 629 Κυρίιῳ
3324 560 3445 623 τοὺς
3484 557 3662 627 λόγους
3690 559 3779 629 τῆς

557 659 822 715 carminis
845 699 860 724 ,
894 658 949 712 in
984 657 1072 713 die
1102 671 1211 729 qua
1256 656 1507 712 liberavit
1544 671 1670 712 eum
1712 654 1976 711 Dominus
2004 655 2071 711 ⁸⁸.
2106 674 2124 707 ι

2230 654 2372 726 ᾠδῆς
2419 655 2640 723 ταύτης.
2713 671 2732 704 ι
2791 647 2926 706 Εἶτα
2964 653 3022 705 ὲν
3077 654 3189 715 τοῖς
3221 650 3365 722 ὲξῆςο
3409 669 3427 703 ι
3467 652 3573 706 Kal
3596 651 3783 705 ἔκλινεν

558 750 696 805 Dein
724 750 780 804 in
809 748 1168 820 sequentibus
1198 767 1212 803 :
1242 765 1261 800 ι
1298 746 1582 802 inclinavit
1616 747 1791 801 caelos
1821 753 1876 801 et
1903 746 2132 801 descen-

2239 746 2504 820 οὐρανοὺς
2534 745 2628 799 καί
2648 744 2877 815 κατέϐη,
2897 744 2990 796 καὶ
3011 742 3209 812 γνόφος
3233 742 3483 797 ὑποκάτω
3506 742 3606 796 τῶν
3628 744 3784 799 ποδῶν

506 896 509 897 ν
560 840 640 893 dit
666 858 678 892 :
710 847 762 894 et
789 840 965 909 caligo
992 838 1096 893 sub
1122 836 1353 908 pedibus
1383 836 1506 904 ejus
1531 835 1598 891 ⁸⁸.
1634 855 1653 888 ι
1683 835 1749 888 Et
1778 850 1976 890 rursus
2007 840 2132 906 post

2232 838 2415 894 αὑτοῦ.
2443 858 2461 891 ι
2481 838 2592 891 Καὶ
2622 836 2779 890 πάλιν
2804 835 2939 907 μετὰ
2960 834 3152 901 ταῦτα,
3187 854 3206 886 ι
3229 833 3392 905 Ῥύσῃ
3427 851 3491 905 με
3521 833 3578 899 ἐξ
3608 835 3785 889 ἀντιλο-

561 930 678 985 haec
720 947 734 984 :
786 947 804 979 ‹
845 928 1094 983 Salvabis
1143 943 1230 982 me
1282 942 1311 981 a
1364 925 1894 981 contradictionibus
1946 923 2132 995 populi

2232 929 2366 1001 γιῶν
2398 928 2547 994 λαοῦ,
2576 929 2935 999 καταστήσεις
2967 944 3034 998 με
3075 928 3156 990 εἰς
3182 925 3421 996 κεφαλὴν
3453 924 3643 979 ἐθνῶν·
3672 924 3786 991 λαὸς

561 1021 699 1075 mei:
726 1020 1003 1076 cuSIodies
1029 1034 1115 1073 me
1135 1019 1189 1072 in
1217 1027 1382 1087 caput
1410 1016 1672 1087 gentium.
1700 1015 1942 1086 Populus
1972 1031 2133 1085 quem

2232 1024 2291 1078 δν
2326 1022 2427 1075 οὑκ
2464 1020 2635 1090 ἔγνων
2684 1019 2962 1073 ὲδούλευσέ
3009 1035 3132 1089 μοι’
3164 1019 3243 1081 εἰς
3288 1015 3454 1088 ἀκοὴν
3495 1017 3646 1070 ὠτίου
3695 1018 3784 1070 ὑπ-

564 1111 757 1182 ignoro
802 1112 1003 1165 serviet
1046 1109 1201 1163 mihi.
1227 1106 1351 1163 Filii
1379 1108 1539 1162 alieni
1563 1107 1821 1162 resistent
1845 1106 2010 1172 mihi,
2038 1121 2131 1161 au-

2236 1113 2435 1184 ἡκουσέ
2474 1129 2603 1184 μουο
2637 1115 2685 1165 οι
2708 1112 2814 1165 υἱοὶ
2853 1111 3118 1182 ἀλλότριοι
3151 1109 3447 1181 ὲψεύσαντό
3470 1125 3591 1185 μοι’
3620 1111 3666 1163 οἱ
3695 1110 3810 1173 υἱοὶ⁴

563 1202 682 1256 ditu
717 1202 868 1256 auris
899 1200 1153 1255 obedient
1184 1198 1315 1252 mihi
1343 1217 1357 1253 :
1383 1198 1477 1251 lilii
1512 1198 1673 1250 alieni
1717 1195 2058 1252 deﬂuxerunt
2083 1204 2140 1251 et

2237 1204 2500 1275 ἀλλότριοι
2554 1204 3055 1275 ἀπορῤιιρήσονται’
3102 1202 3195 1255 καὶ
3254 1200 3542 1271 σφαλοὶσιν
3594 1202 3656 1254 ὲκ
3696 1201 3787 1253 τῶν

564 1295 960 1351 contrahentur
989 1294 1043 1347 in
1106 1292 1376 1363 angustiis
1409 1290 1527 1346 suis
1556 1290 1623 1345 9°.
1653 1311 1672 1341 ι
1726 1289 1852 1345 Hmc
1880 1290 2139 1345 dicuntur

2241 1295 2615 1367 συγκλεισμῶν
2662 1295 2862 1349 αὐτῶν.
2903 1315 2920 1345 ι
2954 1291 3139 1347 Ταῦτα
3185 1293 3397 1366 εἴρηται
3428 1293 3606 1364 σχεδὸν
3632 1294 3790 1356 αὐτοῖς

567 1386 678 1442 fere
705 1386 910 1442 eisdem
942 1384 1124 1439 verbis
1154 1384 1208 1437 in
1239 1384 1453 1438 decimo
1481 1383 1712 1453 septimo
1744 1382 1957 1453 psalmo
1986 1399 2000 1448 ;
2034 1396 2135 1451 op-

2244 1391 2453 1461 ρήμασι
2503 1389 2597 1444 καὶ
2654 1391 2711 1442 ὲν
2757 1388 3199 1458 ἑπτακαιδεκάτῳ
3246 1386 3465 1457 ιζναλμῷ,
3510 1386 3793 1455 εὐκαιρότε-

566 1480 856 1550 portunius
896 1478 1336 1547 explicabuntur,
1369 1490 1493 1529 cum
1532 1473 1878 1530 Psalmorum
1919 1474 2140 1545 eclogas

2249 1498 2340 1553 ρον
2372 1480 2414 1533 δ’
2447 1480 2515 1534 ἂν
2548 1479 2880 1545 ἐξετάζοιτο,
2904 1478 3124 1531 ἐπειδὰν
3170 1478 3277 1531 ἀπὸ
3317 1476 3424 1530 τῶν
3449 1474 3678 1546 Ψαλμῶν
3712 1475 3802 1537 τὰς

568 1571 899 1627 notabimus.
947 1567 1103 1622 Nunc
1156 1582 1283 1622 vero
1333 1567 1437 1621 hoc
1480 1573 1692 1619 tantum
1734 1564 2140 1620 animadverte-

2243 1573 2477 1643 ἐκλογὰς
2521 1571 2935 1642 ἀναλεγώμεθα’
2977 1571 3072 1624 νῦν
3122 1556 3365 1641 μέντοιγε
3413 1568 3791 1640 παρασημειού-

568 1675 730 1722 mus,
781 1658 926 1729 quod
976 1657 1140 1712 verba
1189 1657 1303 1711 hac
1332 1675 1345 1711 :
1386 1676 1404 1707 ι
1436 1656 1723 1711 lnclinavit
1767 1656 1939 1711 cmlos
1967 1665 2019 1710 et
2048 1657 2144 1712 de-

2248 1664 2387 1736 μεθα
2419 1663 2548 1717 αὑτὸ
2581 1663 2758 1735 μόνον,
2784 1663 2859 1726 ὡς
2882 1663 2961 1715 ὅτι
2990 1661 3049 1714 τὸ
3082 1660 3200 1731 μὲν,
3230 1679 3249 1710 ‹
3286 1660 3393 1713 Kal
3434 1658 3631 1712 ἔκλινεν
3654 1658 3794 1729 οὑρα-

569 1750 780 1806 scendit
811 1768 830 1801 ι
856 1748 923 1804 de
964 1748 1171 1804 Christi
1202 1764 1232 1803 e
1275 1748 1432 1804 cmlis
1483 1747 1750 1803 descensu
1794 1746 2142 1819 intelligenda
2180 1802 2201 1826 ι

2180 1758 2368 1826 Ι,ινοὺς
2419 1755 2516 1809 καὶ
2561 1755 2766 1826 κατέϐη
2811 1773 2829 1806 ι
2866 1753 3021 1806 νοοῖτ⁸
3070 1752 3136 1806 ἂν
3189 1753 3317 1823 περὶ
3354 1752 3454 1822 τῆς
3486 1751 3542 1818 ἐξ
3579 1751 3792 1822 οὐρανῶν

569 1850 730 1907 sunt;
761 1843 875 1897 haec
902 1850 1082 1896 autem
1105 1859 1118 1895 :
1140 1860 1157 1891 ι
1181 1839 1429 1894 Salvabis
1453 1854 1538 1894 me
1562 1854 1591 1892 a
1614 1838 2143 1895 contradictionibus
2178 1838 2201 1856 ‘

2178 1838 2218 1856 ’³
2244 1847 2595 1911 καταϐάσεως
2620 1845 2713 1898 τοῦ
2734 1844 2988 1917 Χριστοῦ·
3022 1842 3082 1897 τὸ
3105 1843 3183 1908 δὲ,
3209 1861 3226 1893 ι
3251 1842 3419 1914 Ῥύσῃ
3444 1859 3508 1913 με
3540 1841 3596 1906 ἐξ
3616 1843 3794 1895 ἀντιλο-

570 1935 754 2009 populi
774 1974 789 1998 ,
825 1953 845 1987 ι
869 1933 937 1989 de
961 1932 1306 1988 circumcisis
1337 1932 1615 1993 dicuntur,
1651 1932 1743 2001 qui
1775 1946 1885 1985 non
1929 1930 1985 1984 in
2016 1947 2142 1985 eum

2252 1940 2378 2009 γίας
2410 1939 2561 2004 λαοῦ,
2595 1957 2613 1989 ι
2648 1939 2713 1990 ὲκ
2748 1934 3039 2009 προσώπου
3071 1933 3233 1988 αὑτοῦ
3272 1934 3520 1988 λέλεκται
3560 1934 3796 2006 περὶτῶν

570 2024 953 2087 crediderunt,
987 2023 1055 2078 de
1081 2023 1279 2092 quibus
1307 2037 1524 2092 quoque
1549 2021 1601 2074 in
1630 2018 1769 2074 Isaia
1793 2020 1960 2075 dicit:
1987 2037 2005 2070 ι
2036 2019 2146 2073 Ex-

2244 2034 2309 2086 ὲκ
2358 2032 2660 2104 περιτομῆς
2708 2030 2783 2101 μὴ
2812 2028 3249 2082 πεπιστευκότων
3283 2028 3364 2091 εἰς
3391 2027 3566 2090 αὑτὸν,
3591 2026 3707 2097 περὶ
3733 2018 3796 2080 ὧν

571 2115 735 2185 pandi
772 2129 969 2169 manus
994 2128 1143 2169 meas
1172 2120 1282 2168 tota
1308 2114 1396 2169 die
1419 2115 1485 2169 ad
1513 2114 1772 2184 pepulum
1797 2113 2140 2169 incredulum

2245 2126 2338 2179 καὶ¹
2369 2127 2428 2178 ὲν
2467 2124 2665 2194 Ἡσαΐᾳ
2696 2122 2879 2194 φησὶν,
2910 2141 2928 2171 ι
2960 2120 3124 2191 Ὅλην
3154 2120 3251 2191 τὴν
3287 2120 3499 2191 ἡμέραν
3530 2118 3795 2183 ἐξεπέτασα

571 2217 626 2262 et
646 2206 1108 2261 contradicentem
1138 2205 1216 2273 ’1;
1240 2224 1258 2257 ι
1287 2214 1341 2260 et
1383 2206 1528 2276 quod
1548 2247 1563 2272 ,
1598 2224 1616 2257 ι
1645 2204 1937 2261 Custodies
1969 2220 2055 2261 me
2084 2206 2140 2260 in

2242 2218 2342 2280 τὰς
2390 2219 2605 2289 χεῖράς.
2642 2232 2742 2287 μου
2784 2216 2920 2287 πρὸς
2964 2214 3092 2267 λαὸν
3121 2212 3451 2266 ἀπειθοῦντα
3495 2211 3587 2265 καὶ⁵
3617 2210 3797 2264 ἀντιλέ-

523 2367 531 2376 ,
572 2307 737 2370 039‘"-
793 2299 1036 2369 Εθηίίυῐη
1060 2337 1074 2358 ν
1105 2318 1126 2349 ν
1154 2306 1317 2367 αιιιιιθ
1341 2337 1355 2358 ν
1387 2314 1405 2347 ί
1438 2296 1679 2367 Populus
1724 2312 1886 2366 quem
1947 2298 2140 2368 ίέηοτο
2246 2326 2431 2379 γοντα.
2464 2329 2482 2361 ι
2521 2309 2630 2362 Ka‘t
2654 2308 2736 2360 ὅτι
2760 2306 2821 2360 τὸ
2859 2307 2978 2378 μὲν,
3007 2325 3026 2357 ι
3055 2307 3436 2377 Καταστήσεις
3471 2322 3535 2376 με
3560 2306 3635 2368 εἰς
3654 2320 3799 2371 κεφα-

573 2389 773 2443 serviet
787 2388 941 2453 mihi,
957 2388 1144 2442 auditu
1161 2387 1311 2442 auris
1323 2387 1577 2443 obedient
1594 2387 1724 2441 mihi
1743 2406 1761 2439 ι
1779 2388 1845 2442 de
1861 2389 2142 2459 gentilium

2248 2400 2348 2471 λὴν
2363 2397 2552 2462 ἐθνῶν,
2581 2418 2600 2450 ι
2620 2398 2807 2465 καὶτὸ,
2829 2415 2849 2449 ι
2871 2398 3011 2461 Λαὸς
3028 2397 3087 2451 ὃν
3105 2398 3205 2451 οὑκ
3227 2398 3399 2468 ἔγνων
3421 2395 3685 2450 ἐδούλευσέ
3706 2411 3796 2465 μοι·

574 2482 817 2537 Ecclesia
845 2480 1160 2552 praedicitur
1179 2498 1194 2546 ;
1216 2481 1345 2536 illud
1364 2496 1514 2541 vero,
1538 2498 1556 2531 ι
1574 2478 1695 2534 Filii
1711 2481 1872 2535 alieni
1889 2483 2148 2538 resistent

2252 2492 2331 2554 εἰς
2356 2490 2524 2562 ἀκοὴν
2552 2490 2710 2544 ὠτίου
2740 2490 3017 2562 ὑπήκουσέ
3062 2507 3184 2561 μου,
3224 2509 3243 2541 ι
3286 2492 3417 2560 περὶ
3449 2492 3544 2560 τῆς
3575 2488 3631 2552 ἐξ
3658 2485 3797 2542 ἐθνῶν

573 2575 732 2640 ιῐιίιὶ,
754 2592 774 2627 ι
797 2574 1085 2645 impiarum
1107 2574 1382 2629 luereseon
1397 2589 1611 2629 errores
1629 2574 1696 2630 de
1727 2575 2007 2629 Salvatore
2030 2590 2151 2629 om-

2268 2582 2591 2651 Ἐκκλησίας
2606 2583 3028 2654 προφητεύεται’
3050 2584 3110 2637 τὸ
3126 2584 3202 2647 δὲ,
3224 2601 3242 2634 ι
3260 2582 3384 2635 Υἱοὶ
3400 2580 3653 2651 ἀλλότριοι
3667 2578 3797 2648 ἐψεύ-

575 2667 631 2722 ni
655 2681 835 2736 umque
864 2665 972 2721 Deo
1004 2665 1229 2729 indicat,
1260 2681 1398 2736 quos
1420 2664 1708 2722 defluxisse
1735 2665 1837 2722 fert
1870 2666 2153 2736 Scriptura

2260 2674 2420 2727 σαντό
2482 2692 2593 2744 μοι,
2633 2694 2651 2727 ι
2695 2676 2824 2746 περὶ
2870 2675 2979 2729 τῶν
3030 2675 3208 2728 ἀθέων
3251 2674 3519 2745 αἱρέσεων
3559 2670 3625 2724 τὰ
3655 2667 3797 2740 ψευδῆ

579 2775 599 2808 ι
619 2764 929 2811 contractos
942 2756 997 2810 in
1017 2756 1284 2826 angustiis
1302 2756 1437 2822 suis,
1466 2775 1483 2807 ι
1506 2757 1712 2812 scilicet
1734 2757 1789 2811 in
1802 2772 2044 2813 errorem
2067 2757 2153 2811 in-

2258 2764 2388 2835 περ)⁸
2409 2763 2573 2817 αὑτοῦ
2601 2763 2695 2817 τοῦ
2728 2751 2981 2838 Σωτῆρος
3006 2764 3213 2819 καὶτοῦ
3238 2762 3390 2817 Θεοῦ
3406 2763 3513 2817 τῶν
3541 2762 3665 2816 ὅλων
3692 2759 3798 2812 ἀνα-

576 2848 774 2904 ductos
803 2847 1087 2903 fallacibus
1103 2863 1292 2902 eorum
1308 2847 1752 2919 absconditisque
1777 2849 2148 2920 opinionibus.

2258 2852 2634 2918 πεπλακότων,
2683 2852 2777 2918 οὒς
2807 2856 2918 2908 ικαὶ
2954 2873 2973 2906 ι
3028 2853 3503 2927 ἀπορῤιφήσεσθαὶ
3551 2874 3568 2904 ι
3599 2866 3742 2923 φησιν
3773 2849 3798 2901 ό

576 2942 734 3011 λόγος
769 2962 788 2993 ι
830 2942 1244 3010 ἀποσφαλέντας
1280 2942 1389 2995 τῶν
1441 2942 1821 3015 συγκλεισμῶν
1878 2943 2105 3012 ἑαυτῶν,
2151 2964 2171 2999 ι
2211 2947 2488 3002 τουτέστιν
2531 2949 2995 3015 ἀποπεπτωκότας
3034 2949 3143 3004 τῶν
3185 2950 3435 3005 ὑπούλων
3494 2949 3585 3004 καὶ
3633 2948 3800 3001 ἀποκι-

578 3033 909 3108 κρυμμένων
950 3035 1129 3087 αὐτῶν
1167 3033 1718 3105 ψευ(δο)δοξημάτων.

1140 3168 1375 3225 CAPUT
1414 3168 1580 3227 xxu.
2182 3157 2228 3216 ο
2768 3174 2772 3226 τ

2182 3157 2228 3216 C
2768 3173 3163 3227 ΚΕΦΑΛΑΙΟΝ
3202 3170 3333 3227 KB’.

1022 3279 1071 3335 E
1109 3281 1263 3335 tertio
1304 3279 1501 3351 Regum
1544 3281 1705 3336 libro.
2630 3288 2654 3339 1

2630 3288 2718 3339 Εκ
2750 3284 2861 3354 τῆς
2890 3292 2938 3355 7’
2980 3284 3100 3338 τῶν
3133 3285 3489 3341 Βασιλειῶν.

660 3412 680 3448 ι
709 3395 775 3450 Et
805 3407 982 3456 nunc,
1012 3392 1243 3449 Domine
1273 3392 1417 3451 Deus
1445 3393 1611 3449 Israel
1633 3437 1647 3457 ,
1679 3394 1966 3450 firmentur
1991 3396 2156 3451 verba

2333 3416 2352 3449 ι
2372 3397 2484 3450 Kal.
2499 3396 2614 3461 νῦν,
2633 3395 2806 3467 Κύριε
2820 3397 2849 3449 ό
2861 3394 2991 3458 Θεὸς
3004 3395 3242 3467 Ἰσραὴλ,
3257 3395 3581 3467 πιστωθήτω
3594 3392 3717 3465 δήτὸ
3729 3392 3802 3466 ῥῆ-

582 3495 709 3553 ιυιι,
755 3503 876 3558 quas
904 3489 1119 3543 locutus
1159 3502 1220 3543 es
1271 3504 1431 3543 servo
1477 3496 1573 3544 tuo
1615 3488 1784 3543 David
1827 3488 1971 3560 patri
2014 3503 2153 3543 meo.

2262 3489 2340 3561 μά
2366 3505 2481 3550 σου,
2510 3488 2539 3540 ὃ
2566 3487 2834 3558 ὲλάλησας
2868 3486 2945 3558 τῷ
2972 3486 3122 3541 παιδί
3151 3502 3243 3539 σου
3271 3486 3351 3558 τῷ
3382 3487 3541 3541 Δαυὶδ
3566 3486 3637 3557 τῷ
3664 3483 3799 3558 πατρί

585 3579 800 3650 Ergone
826 3579 1126 3650 putandum
1154 3584 1239 3633 est
1263 3579 1410 3649 quod
1440 3594 1563 3634 vere
1588 3578 1731 3635 Deus
1757 3579 1963 3634 habitet
1992 3594 2160 3649 super

2261 3596 2363 3650 μου
2384 3596 2396 3609 ·
2421 3579 2503 3632 ὅτι
2536 3580 2585 3631 εἰ
2610 3576 2825 3649 ἀληθῶς
2850 3578 3206 3649 κατοικήσειὸ
3225 3577 3360 3641 Θεὸς
3383 3578 3518 3651 μετὰ
3540 3576 3797 3648 ἀνθρώπων

586 3681 809 3735 terram,
863 3670 909 3725 si
940 3670 1086 3725 enim
1114 3671 1313 3725 caelum
1343 3677 1398 3726 et
1424 3672 1549 3726 coeli
1577 3654 1842 3726 caelorum
1882 3680 1936 3726 te
1963 3686 2158 3741 capere

2259 3672 2459 3742 ὲπὶτῆς
2474 3672 2596 3742 γῆς,
2609 3672 2656 3724 εἰ
2674 3673 2703 3724 ό
2716 3669 2940 3740 οὐρανὸς
2954 3668 3049 3721 τοῦ
3067 3668 3298 3740 οὐρανοῦ
3313 3670 3418 3723 οὐκ
3433 3670 3644 3741 ἀρκέσει
3658 3684 3727 3720 σοι
3743 3682 3755 3729 ;
3778 3682 3795 3716 ι

586 3776 697 3817 non
723 3772 952 3831 possunt
978 3760 1061 3814 "‘l
1091 3781 1109 3814 ι
1141 3759 1276 3816 Fere
1304 3762 1373 3817 iis
1401 3762 1602 3816 similia
1632 3762 1690 3816 in
1721 3762 1964 3817 secundo
1990 3761 2157 3816 Para-

2259 3766 2340 3820 Τὰ
2380 3765 2738 3837 παραπλήσια
2772 3762 2983 3827 τούτοις
3002 3762 3095 3816 καὶ
3117 3766 3175 3817 ὲν
3196 3765 3265 3834 τῇ
3292 3762 3522 3834 δευτέρα
3540 3761 3639 3815 τῶν
3653 3760 3800 3830 Παρα-

585 3853 897 3922 lipomenon
927 3851 1072 3906 libro
1101 3866 1133 3906 a
1166 3849 1462 3907 Salomone
1492 3852 1637 3907 dicta
1666 3860 1796 3906 sunt
1844 3853 1899 3907 in
1943 3868 2043 3907 sua
2090 3853 2156 3907 ad

2260 3858 2587 3928 λειπομένων
2614 3856 2718 3909 ὑπὸ
2737 3855 2831 3909 τοῦ
2851 3854 3158 3926 Σολομῶνος
3176 3854 3390 3925 εἴρηται
3417 3857 3473 3907 ὲν
3494 3856 3555 3924 τῇ
3579 3851 3700 3925 πρὸς
3725 3848 3799 3902 τὸν

588 3941 759 3997 Deum
788 3942 1036 3998 oratione
1060 3943 1129 3998 ”.
1162 3941 1447 3998 Manifeste
1477 3943 1641 4014 igitur
1666 3943 1754 3997 hic
1781 3958 1998 4013 quoque
2018 3959 2157 4014 prae-

2263 3950 2326 4021 (f.
2360 3950 2425 4004 16
2459 3949 2532 4020 νο)
2573 3948 2704 4001 Θεὸν
2754 3948 2909 4019 εὐχῇ.
2937 3947 3128 4016 Σαφῶς
3154 3942 3247 4000 οὖν
3283 3947 3381 3999 καλ⁵
3411 3945 3590 3999 ἐνθάδε
3621 3955 3798 4014 προφη-

590 4030 725 4086 dicit
755 4029 901 4088 Deus
930 4048 989 4087 se
1019 4048 1144 4087 cum
1175 4033 1488 4088 hominibus
1523 4047 1704 4102 .super
1750 4040 1951 4088 terram
2002 4032 2158 4087 babi-

2261 4041 2472 4096 τεύεται
2511 4043 2540 4093 ὁ
2583 4039 2714 4103 Θεὸς
2745 4040 3090 4110 κατοικήσειν
3125 4037 3261 4108 μετὰ
3290 4035 3589 4109 ἀνθρώπων
3614 4032 3797 4101 ent—.1];

588 4130 832 4179 taturum
889 4140 1032 4180 esse.
1077 4123 1233 4191 Quod
1292 4126 1507 4195 quidem
1552 4125 1713 4180 nobis
1753 4125 2026 4195 expletum
2074 4131 2160 4179 est
2200 4132 2207 4140 '

2200 4132 2207 4140 ’
2262 4132 2396 4205 γῆς·
2441 4132 2472 4185 ὃ
2522 4133 2617 4186 καὶ
2648 4132 2779 4185 αὑτὸ
2830 4132 3003 4204 πέρας
3049 4130 3238 4203 εἴληφε
3296 4129 3422 4183 καθ’
3459 4129 3601 4200 ἡμᾶς
3631 4125 3714 4179 ἐπὶ
3744 4125 3795 4193 τῇ

586 4213 793 4271 Christi
822 4215 1057 4272 adventu
1075 4254 1090 4280 ,
1113 4231 1224 4286 quo
1248 4215 1392 4271 Deus
1412 4214 1649 4271 Verbum
1683 4215 2005 4271 incarnatus
2033 4228 2158 4268 cum

2260 4224 2496 4297 Χριστοῦ
2532 4224 2795 4295 γενομένῃ
2836 4224 3128 4295 παρουσίᾳ,
3170 4221 3289 4275 καθ’
3323 4224 3392 4292 ἢν
3434 4223 3464 4273 ὁ
3509 4221 3632 4282 Θεὸς
3658 4217 3798 4284 Λόγος

589 4302 871 4361 hominum
901 4321 1099 4377 genere
1128 4314 1505 4362 commoratus
1535 4313 1641 4360 est.

2263 4316 2690 4388 ὲνανθρωπήσας
2723 4315 3059 4387 συνδιέτριψε
3085 4313 3162 4385 τῷ
3193 4315 3341 4383 γένει
3371 4313 3479 4367 τῶν
3519 4309 3810 4383 ἀνθρώπων.’

1141 4436 1370 4491 CAPUT
1408 4435 1603 4491 XXIII.

2775 4450 3170 4504 ΚΕΦΑΛΑῙΟΝ
3205 4449 3329 4502 Kl".

592 4550 641 4605 E
660 4552 831 4621 primo
855 4549 1300 4623 Paralipomenon
1328 4548 1484 4623 libro.
1541 4548 1762 4623 Notium
1801 4549 1871 4604 ad
1909 4548 2164 4604 Davidem
2199 4534 2224 4588 ῖ

2199 4534 2240 4588 ο
2277 4543 2392 4623 Ἐκ.
2413 4540 2536 4623 ⁹ιξῆς
2570 4548 2620 4594 α’
2648 4538 2768 4623 τῶν
2799 4539 3355 4623 ῌαριιλεισξομέζωνδ
3398 4540 3461 4592 '0
3486 4538 3686 4623 Κύριος
3719 4529 3798 4623 διιξ

708 4659 713 4664 .
1040 4608 1156 4691 post
1188 4620 1299 4673 alia
1326 4630 1374 4674 et
1404 4620 1514 4674 haec
1545 4619 1700 4673 dicit.

2339 4611 2543 4735 ἕεᾴθαν
2582 4611 2730 4680 πρὸς
2773 4608 2895 4664 τὸν
2924 4610 3107 4666 Δαυὶδ
3142 4611 3270 4678 μεθ’
3322 4609 3493 4679 ἕτερα
3534 4608 3624 4661 καὶ
3648 4608 3802 4658 ταῦτα

2415 4699 2524 4750 γει.

669 4816 687 4848 ι
714 4796 962 4866 Cumque
994 4793 1303 4865 impleveris
1331 4794 1451 4851 dies
1492 4804 1615 4850 tuos
1637 4834 1651 4860 ,
1686 4802 1744 4849 ut
1772 4795 1941 4850 vadas
1969 4795 2036 4849 ad
2068 4811 2163 4865 pa—

2346 4813 2366 4845 (
2399 4794 2509 4846 Kal.
2558 4793 2710 4848 ἔσται
2733 4794 2861 4847 ὅταν
2892 4789 3249 4863 πληρωθῶσιν
3287 4794 3344 4845 αἱ
3372 4792 3572 4862 ἡμέραι
3602 4806 3705 4851 σου,
3726 4785 3801 4838 καὶ

592 4898 706 4944 tres
735 4899 889 4951 tuos,
918 4886 1202 4941 suscitabo
1230 4900 1419 4941 semen
1445 4892 1597 4939 tuum
1622 4892 1748 4955 post
1779 4894 1860 4952 te,
1888 4884 2036 4954 quod
2062 4885 2168 4939 erit

2270 4882 2580 4956 κοιμήθήσῃ
2615 4881 2750 4953 μετὰ
2778 4881 2888 4935 τῶν
2919 4882 3169 4953 πατέρων
3199 4898 3315 4947 σου,
3346 4884 3441 4935 καὶ
3467 4880 3727 4949 ἀναστήσω
3750 4873 3801 4927 τὸ

593 4979 662 5034 de
692 4979 819 5033 liliis
849 4977 961 5033 tuis
987 4996 1002 5032 :
1045 4986 1098 5031 et
1128 4976 1402 5031 stabiliam
1433 4992 1662 5046 regnum
1689 4976 1810 5046 ejus
1837 4994 1852 5042 ;
1887 4977 2004 5047 ipse
2032 4976 2166 5032 aedi-

2165 5010 2166 5013 η
2274 4975 2498 5047 σπέρμα
2543 4991 2638 5027 σου
2691 4973 2827 5044 μετὰ
2862 4972 2943 5036 σὲ,
2971 4972 3030 5036 ὃς
3055 4971 3207 5027 ἔσται
3248 4973 3313 5025 ὲκ
3348 4973 3447 5043 τῆς
3475 4970 3666 5032 κοιλίας
3694 4976 3797 5021 σοιν

596 5068 778 5125 ﬁcabit
808 5069 942 5125 mihi
971 5069 1191 5123 domum
1217 5107 1234 5133 ,
1270 5076 1324 5123 et
1353 5067 1582 5123 firmabo
1612 5069 1810 5124 solium
1837 5069 1958 5138 ejus
1992 5084 2169 5139 usque

2168 5112 2169 5115 η
2271 5067 2366 5120 καὶ
2410 5065 2682 5137 ἑτοιμάσω
2709 5066 2806 5138 τὴν
2842 5063 3114 5135 βασιλείαν
3151 5080 3279 5117 σου·
3315 5064 3476 5128 αὐτὸς
3498 5061 3800 5130 οἰκοδομήσει

596 5160 652 5216 in
679 5168 962 5217 aeternum.
990 5159 1099 5232 Ego
1125 5175 1222 5216 ero
1249 5159 1325 5214 illi
1350 5161 1405 5215 in
1432 5170 1663 5232 patrem,
1691 5170 1746 5216 et
1771 5162 1885 5231 ipse
1910 5162 2017 5216 erit
2040 5161 2172 5216 mihi

2170 5208 2172 5215 ,
2277 5177 2367 5230 μοι
2414 5154 2594 5214 οἷκον*
2629 5159 2724 5213 καὶ
2771 5154 3064 5230 ἀνορθώσω
3115 5156 3207 5209 τὸν
3249 5154 3437 5227 θρόνον
3480 5154 3634 5209 αὐτοῦ
3657 5170 3670 5183 ’
3711 5147 3802 5218 ἐγὼ

596 5251 654 5308 in
687 5253 857 5308 lilium
884 5270 900 5319 ;
930 5260 985 5308 et
1026 5251 1461 5308 misericordiam
1489 5267 1659 5307 meam
1692 5267 1801 5307 non
1833 5251 2073 5306 auferam
2101 5251 2170 5305 ab

2167 5275 2170 5297 ι
2275 5252 2467 5323 ἔσομαι
2487 5250 2635 5321 αὑτῷ
2656 5252 2734 5314 εἰς
2751 5249 2981 5320 πατέρα,
3005 5250 3099 5302 καὶ
3120 5250 3281 5313 αὐτὸς
3306 5248 3456 5303 ἔσται
3480 5264 3566 5320 μοι
3590 5249 3663 5309 εἰς
3680 5242 3799 5296 υἱόν⁸

595 5355 665 5399 eo
685 5382 700 5402 .
736 5344 880 5397 sicut
907 5343 1109 5398 abstuli
1142 5343 1211 5397 ab
1233 5357 1299 5398 eo
1321 5344 1414 5413 qui
1443 5354 1568 5399 ante
1596 5352 1650 5399 te
1679 5342 1803 5399 fuit.
1840 5342 1903 5398 Et
1933 5350 2169 5398 statuam

2168 5390 2169 5396 η
2276 5341 2369 5395 καὶ
2399 5340 2460 5393 τὸ
2490 5339 2636 5404 ἔλεός
2673 5355 2773 5410 μου
2804 5339 2903 5392 οὐκ
2934 5340 3226 5409 ἀποστήσω
3269 5338 3364 5390 ἀπ’
3391 5336 3574 5400 αὑτοῦ,
3609 5336 3678 5397 ὠς
3712 5333 3800 5384 ἀπ-

597 5449 723 5491 eum
754 5435 811 5489 in
842 5434 1009 5489 domo
1035 5450 1154 5491 mea
1174 5475 1190 5502 ,
1222 5442 1277 5492 et
1304 5435 1358 5490 in
1399 5450 1568 5509 regno
1596 5451 1719 5491 meo
1743 5450 1920 5506 usque
1947 5434 2003 5489 in
2035 5450 2171 5489 sem-

2169 5465 2171 5473 ι
2278 5427 2617 5504 έστησαάπὸ
2648 5430 2757 5484 τῶν
2779 5429 3086 5503 ἔμπροσθέν
3116 5446 3208 5483 σου
3229 5447 3243 5461 ·
3271 5432 3363 5485 καὶ
3396 5427 3640 5484 πιστὼσω
3663 5420 3801 5478 αὑτὸν

668 5609 715 5640 ⁸⁸
751 5609 795 5663 ll
831 5607 966 5681 Reg.
1002 5627 1147 5678 xxn,
1185 5614 1235 5668 1.
1311 5615 1356 5649 θ’
1415 5613 1545 5672 ibid.
1587 5615 1675 5673 10.
1749 5615 1796 5648 ⁹⁰
1835 5614 1969 5672 ibid.
2032 5613 2219 5671 “46.

598 5679 787 5737 Paral.
825 5696 910 5745 v1,
949 5681 1037 5736 l7.

2165 5613 2219 5670 6.
2297 5615 2339 5647 "
2383 5612 2487 5671 lsa.
2546 5630 2670 5682 va,
2709 5614 2762 5670 2.
2841 5614 2885 5647 "
2922 5610 2988 5668 ΙΙΙ
3019 5610 3155 5685 Reg.
3192 5629 3325 5681 vm,
3390 5613 3487 5681 26',
3537 5611 3623 5668 27.
3688 5604 3728 5640 ’³
3761 5596 3796 5655 η
