4134 6414
377 287 514 345 1085

1395 303 1690 360 ECLOGIE
1731 305 2211 362 PROPHETICIE.
2254 333 2319 347 -
2347 307 2475 365 LIB.
2517 313 2559 365 1.

3481 274 3628 373 ,1086

373 414 431 507 εν
463 412 600 486 οἴκῳ
631 431 731 485 μου
762 417 857 471 καὶ
878 418 936 471 ὲν
968 418 1214 494 βασιλείᾳ
1244 422 1408 476 αὑτοῦ
1436 424 1541 488 ἕως
1562 423 1777 490 αἰῶνος,
1809 427 1902 479 καὶ
1923 429 1950 480 ό

2063 427 2334 498 piternum
2363 448 2375 483 :
2407 436 2462 482 et
2488 429 2724 488 thronus
2752 433 2876 503 ejus
2904 432 3010 488 erit
3042 433 3394 492 ﬁrmissimus
3420 436 3474 491 in
3509 455 3629 507 per-

374 505 559 577 θρόνος
588 509 752 562 αὐτοῦ
787 510 1175 583 ἀνωρθωμένος
1201 514 1305 579 ἕως
1332 517 1545 581 αἰῶνος.
1579 538 1598 569 ι
1630 519 1738 572 Καὶ
1758 518 1947 584 ταῦτα,

374 601 534 669 ὃμοια
565 597 697 654 ὄντα
722 604 834 664 τοίς
856 603 920 654 ὲκ
947 604 1047 675 τῆς
1076 602 1332 676 δευτέρας
1362 607 1469 661 τῶν
1504 607 1796 662 Βασιλειῶν
1826 625 1953 681 προσ

374 689 709 762 εκτεθείσης,
747 696 1206 767 σημιωσάμενοι,
1235 697 1324 750 διά
1363 698 1424 751 τὸ
1457 701 1531 771 μὴ
1576 700 1772 774 πολλὴν
1811 697 1951 756 εἷναι

374 785 470 856 τὴν
498 783 702 839 τούτων
741 786 878 857 πρὸς
903 789 1088 844 ἐκεῖνα
1117 789 1468 864 παραλλαγὴν
1501 793 1952 867 ἀρκεσθησόμεθα

374 881 485 941 τοῖς
518 880 597 943 εἰς
629 880 809 934 ἐκεῖνα
845 883 1174 954 εἰρημένοις.

877 1022 1273 1075 ΚΕΦΑΛΑΙΟΝ
1319 1023 1443 1076 ΚΔ¹.
1511 981 1514 986 Ι

655 1133 756 1187 Ἐκ
786 1132 896 1203 τῆς
927 1135 973 1186 6"
1006 1133 1125 1188 τῶν
1161 1134 1715 1206 Παραλειπομένων.

449 1263 468 1294 ι
517 1242 627 1296 Καὶ
665 1242 781 1306 νῦν,
831 1243 1000 1315 Κύριε
1038 1247 1066 1298 ό
1095 1245 1226 1308 Θεὸς
1272 1245 1506 1318 Ἰσραὴλ,
1533 1249 1855 1320 πιστωθήτω
1885 1249 1948 1322 δὴ

374 1335 434 1389 τὸ
462 1336 612 1408 ῥῆμά
638 1352 752 1400 σου,
783 1336 810 1388 ὃ
844 1336 1110 1408 ἐλάλησας
1138 1338 1215 1408 τῷ
1248 1339 1397 1392 παιδί
1426 1356 1520 1391 σου
1552 1339 1630 1410 τῷ
1659 1340 1840 1404 Δαυίδ,
1868 1341 1949 1392 ὅτι

374 1424 586 1494 ἀληθῶς
601 1425 918 1494 κατοικήσει
938 1427 964 1476 6
977 1425 1108 1488 Θεὸς
1133 1426 1271 1496 μετὰ
1286 1426 1586 1500 ἀνθρώπων
1607 1429 1697 1481 ἐπὶ
1712 1429 1810 1498 τῆς
1824 1429 1949 1498 γῆς,

374 1521 422 1570 εἰ
454 1520 481 1570 6
502 1519 728 1589 οὐρανὸς
754 1518 890 1571 καίό
913 1518 1138 1590 οὐρανὸς
1167 1518 1258 1572 τοῦ
1275 1519 1500 1590 οὐρανοῦ
1527 1520 1625 1572 οὐκ
1663 1520 1952 1590 ἀρκέσουσί

377 1628 478 1664 σοι.
516 1631 533 1662 ι
575 1612 682 1664 Καὶ
716 1613 794 1674 εἰς
831 1611 1001 1664 ταῦτα
1042 1612 1320 1683 εἰρηκότες
1352 1611 1498 1677 ἅπαξ
1541 1613 1627 1665 ὅτε
1660 1613 1727 1664 τὰ
1759 1613 1820 1666 ὲκ
1852 1613 1952 1682 τῆς

372 1710 422 1771 γ’
456 1703 564 1757 τῶν
596 1702 893 1758 Βασιλειῶν
931 1703 1245 1774 ὲξεθέμεθα,
1281 1702 1374 1757 νῦν
1425 1704 1483 1755 οὐ
1523 1703 1943 1777 δευτερὼσομεν.

875 1839 1269 1890 ΚΕΦΑΛΑΙΟΝ
1315 1837 1444 1892 KE'.

387 1950 488 2003 Ἐκ
531 1949 638 2004 τοῦ
675 1948 864 2018 Ἔζοα.
915 1949 976 2002 '0
1020 1948 1350 2030 ζοροϐάϐελ
1397 1950 1466 2003 ἐν
1516 1948 1590 2019 τῇ
1627 1950 1954 2022 δημηγορίᾳ

952 2018 1136 2074 ταῦτά
1170 2035 1380 2089 φησιν.

451 2155 468 2186 ι
495 2134 877 2206 ’Ἄνδρεςβύχί
913 2135 1127 2205 ἰσχυραὶ
1159 2136 1213 2188 αἱ
1247 2138 1535 2203 γυναῖκες;
1565 2136 1772 2207 μεγάλη
1808 2138 1840 2208 ὴ
1882 2137 1951 2208 γῆ

373 2225 467 2278 xui.
501 2226 704 2295 ὑψηλὸς
734 2228 762 2279 6
791 2225 1041 2296 οὐρανόςο
1073 2226 1167 2278 xui
1206 2228 1375 2296 ταχὺς
1398 2226 1473 2296 τῷ
1507 2226 1692 2298 δρόμῳ
1716 2229 1744 2281 6
1773 2227 1948 2296 ἥλιος·

373 2316 455 2370 ὃτι
503 2317 795 2388 στρέφεται
837 2317 895 2368 ὲν
923 2314 999 2386 τῷ
1040 2315 1224 2387 κύκλῳ
1252 2315 1347 2369 τοῦ
1383 2316 1635 2388 οὐρανοῦ,
1668 2317 1761 2370 xui
1792 2317 1953 2370 πάλιν

373 2410 666 2480 ἀποτρέχει
711 2411 791 2470 εἰς
831 2411 921 2463 τὸν
955 2407 1146 2462 ἑαυτοῦ
1169 2407 1336 2462 τόπον
1361 2410 1418 2461 ὲν
1446 2409 1630 2480 ἡμέρᾳ
1667 2409 1798 2479 μιᾷ·
1833 2409 1954 2478 οὐχὶ

377 2505 551 2576 μέγας
588 2504 649 2567 ὃς
689 2502 862 2557 ταῦτα
920 2505 1095 2566 ποιεῖ,
1128 2503 1222 2556 xui.
1252 2505 1284 2574 ἡ
1319 2503 1547 2574 ἀλήθεια
1596 2503 1828 2575 μεγάλη,
1860 2504 1952 2557 xui

377 2598 575 2670 ἰσχυρά
602 2597 750 2671 παρά
777 2597 986 2663 πάντας
1020 2599 1168 2651 πᾶσα
1199 2598 1232 2668 ἠ
1264 2597 1336 2667 γῆ
1379 2597 1476 2668 τὴν
1510 2597 1768 2668 ἀλήθειαν
1798 2597 1955 2651 καλεῖ

375 2688 474 2741 xui.
523 2690 552 2742 6
593 2687 819 2759 οὐρανὸς
859 2687 1029 2758 αὐτὴν
1083 2687 1322 2755 εὐλογεῖ·
1357 2689 1452 2740 καὶ
1477 2687 1658 2740 πάντα
1700 2687 1766 2741 τὰ
1816 2687 1954 2760 ἔργα

377 2781 580 2835 σείεται
611 2781 704 2834 καὶ
735 2781 960 2854 τρέμει·
993 2781 1086 2834 xui
1111 2781 1212 2834 οὐκ
1242 2779 1357 2832 ἐστι
1396 2781 1509 2849 μετ’
1547 2780 1712 2833 αὐτοῦ
1757 2781 1865 2832 οὐδ’
1896 2779 1954 2832 ἓν

373 2872 587 2926 ἄδικοψ
634 2871 816 2934 ἄδικος
836 2873 864 2924 6
891 2868 1032 2934 οἶνος
1052 2887 1065 2900 ·
1096 2871 1277 2934 ἄδικος
1315 2871 1342 2921 6
1380 2869 1663 2941 βασιλεύς·
1696 2870 1866 2924 ἄδικοι
1896 2871 1952 2923 αἰ

375 2967 658 3032 γυναῖκες’
686 2963 858 3018 ἄδικοι
883 2964 931 3016 οἰ
963 2965 1066 3016 υἱοὶ
1093 2963 1202 3015 τῶν
1231 2961 1530 3035 ἀνθρώπων
1547 2979 1560 2992 ⁸
1587 2962 1680 3016 xui.
1703 2962 1860 3016 ἄδικα
1884 2962 1953 3016 τὰ

375 3057 513 3128 ἔργα
569 3056 746 3108 αὐτῶν
810 3055 986 3109 πάντα
1030 3054 1098 3107 τά
1139 3054 1393 3107 τοιαῦτα·
1430 3055 1524 3106 xui
1560 3053 1660 3106 οὐκ
1707 3053 1853 3106 ἔστιν
1896 3055 1953 3106 ὲν

2059 531 2283 589 petuum
2313 520 2381 575 “.
2410 541 2428 573 ι
2446 519 2572 577 Haec
2599 523 2800 578 similia
2831 525 2900 581 iis
2925 541 3046 596 qua:
3071 526 3126 580 in
3154 528 3394 582 secundo
3419 526 3624 598 Regum

2056 612 2198 667 libro
2223 613 2535 669 notavimus
2565 614 3086 688 explanavimusque
3109 658 3124 682 ,
3153 634 3263 674 non
3295 620 3523 674 multum
3558 621 3626 676 ab

2053 705 2262 761 eisdem
2305 704 2602 763 dilferunt:
2647 723 2821 778 quare
2863 708 2929 763 ad
2975 709 3231 780 praedicta
3271 709 3374 767 hoc
3415 711 3468 765 in
3507 711 3627 768 loco

2059 798 2415 856 remittimus.

2609 979 2836 1036 CAPUT
2877 980 3062 1036 XXIV.

2342 1089 2390 1144 Ε
2420 1091 2648 1145 secundo
2690 1091 3140 1161 Paralipomenon
3180 1095 3338 1150 libro.

2130 1264 2148 1298 ι
2182 1245 2248 1300 Et
2280 1261 2461 1311 nunc,
2507 1245 2733 1303 Domine
2764 1248 2906 1304 Deus
2934 1247 3135 1315 Israel,
3167 1250 3412 1305 firmetur
3445 1267 3626 1308 sermo

2056 1345 2220 1402 tuus,
2268 1353 2430 1407 quem
2489 1339 2702 1396 locutus
2742 1358 2800 1396 es
2847 1358 3004 1396 servo
3047 1351 3142 1396 tuo
3176 1342 3364 1398 David.
3413 1343 3627 1414 Ergone

2056 1431 2318 1486 credibile
2346 1439 2433 1486 est
2469 1441 2525 1485 ut
2554 1431 2764 1488 habitet
2795 1433 2936 1488 Deus
2968 1451 3090 1488 cum
3123 1435 3434 1490 hominibus
3463 1453 3628 1506 super

2056 1531 2294 1586 terram,
2342 1527 2389 1579 si
2439 1525 2639 1578 coelum
2685 1533 2738 1580 et
2784 1525 2908 1579 ρωιί
2960 1527 3223 1581 ρωιοτιιῐη
3275 1544 3381 1581 non
3439 1539 3489 1582 te
3535 1545 3626 1583 ca-

2057 1615 2213 1686 piunt
2243 1617 2331 1670 ’5?
2361 1637 2378 1669 ι
2416 1615 2534 1671 Jam
2566 1633 2742 1688 nuper
2771 1634 2832 1672 ea
2870 1620 2923 1671 in
2956 1617 3163 1689 Regum
3199 1621 3337 1675 libro
3367 1621 3626 1691 explana-

2055 1708 2232 1762 vimus
2252 1749 2268 1773 ,
2301 1723 2402 1762 nec
2432 1723 2553 1779 quas
2588 1709 2832 1763 diximus
2863 1710 3111 1764 iteranda
3140 1725 3446 1766 censemus.

2605 1843 2836 1900 CAPUT
2900 1844 3064 1901 XXV.

2058 1956 2140 2011 Ea:
2174 1956 2362 2012 Esdra:
2390 1957 2544 2013 libro.
2590 1957 2718 2011 Haec
2751 1956 3047 2029 Zorobgabel
3073 1973 3252 2010 coram
3279 1960 3469 2029 populo
3509 1975 3628 2014 cou-

2622 2029 2867 2082 cionatus
2897 2027 3046 2083 dicit.

2130 2160 2147 2192 ι
2179 2139 2224 2197 Ο
2257 2141 2380 2206 viri,
2413 2155 2595 2196 nonne
2645 2141 2814 2197 fortes
2845 2150 2973 2196 sunt
2994 2142 3297 2197 mulieres?
3329 2142 3516 2213 Magna
3542 2151 3626 2199 est

2053 2242 2232 2296 terra.
2284 2244 2338 2290 et
2385 2235 2662 2290 excelsum
2708 2242 2792 2289 est
2835 2234 3075 2288 cmlum:
3124 2242 3176 2288 et
3222 2235 3376 2288 velox
3427 2251 3624 2293 cursus

2057 2326 2192 2380 solis
2233 2327 2507 2381 convertit
2544 2329 2598 2381 in
2645 2340 2779 2396 gyro
2823 2326 3024 2378 cmlum
3069 2325 3121 2378 in
3161 2325 3338 2378 locum
3385 2343 3541 2381 suum
3569 2328 3625 2379 i:

2056 2431 2165 2471 una
2213 2417 2323 2472 die.
2378 2416 2572 2473 Nonne
2615 2417 2938 2487 magniﬁcus
2982 2425 3065 2471 est
3109 2419 3200 2487 qui
3234 2419 3346 2471 haec
3376 2416 3540 2480 facit,
3572 2425 3628 2471 et

2057 2507 2263 2562 veritas
2310 2521 2541 2579 magna,
2589 2515 2642 2563 et
2694 2507 2886 2564 fortior
2932 2524 3044 2579 pra:
3091 2506 3390 2563 omnibus?
3433 2506 3628 2562 Omnis

2056 2605 2204 2651 terra
2237 2598 2521 2651 veritatem
2556 2597 2806 2662 invocat,
2838 2600 3037 2652 ccelum
3067 2598 3230 2651 etiam
3263 2597 3438 2667 ipsam
3467 2597 3628 2651 bene-

2055 2688 2223 2750 dicit,
2254 2695 2308 2742 et
2338 2688 2524 2741 omnia
2555 2702 2719 2758 opera
2751 2697 3060 2749 moventur,
3092 2693 3145 2742 et
3187 2695 3426 2740 tremunt
3467 2701 3586 2740 eam
3610 2724 3625 2750 ,

2059 2789 2114 2835 et
2142 2795 2250 2834 non
2283 2789 2368 2836 est
2396 2796 2518 2834 cum
2550 2796 2613 2836 ea
2644 2780 2941 2852 quidquam
2975 2781 3244 2850 iniquum.
3286 2777 3487 2832 Vinum
3525 2779 3630 2831 ini-

2058 2889 2226 2943 quum
2250 2913 2264 2936 ,
2297 2873 2520 2943 iniquus
2546 2890 2641 2928 rex
2663 2915 2677 2938 ,
2709 2874 2908 2943 iniqua:
2934 2875 3218 2938 mulieres,
3247 2874 3418 2943 iniqui
3439 2885 3628 2926 omnes

2059 2963 2155 3017 filii
2186 2964 2470 3018 hominum
2491 3005 2506 3030 ,
2538 2973 2591 3019 et
2637 2967 2820 3035 iniqua
2856 2966 3071 3020 illorum
3117 2966 3299 3020 omnia
3340 2980 3541 3035 opera,
3571 2972 3628 3020 et

2060 3069 2169 3108 non
2203 3063 2286 3109 est
2315 3054 2370 3108 in
2400 3056 2535 3123 ipsis
2569 3056 2776 3110 veritas
2800 3097 2814 3121 ,
2851 3063 2905 3110 et
2940 3057 2994 3109 in
3043 3071 3139 3109 sua
3176 3055 3466 3124 iniquitate
3505 3070 3629 3124 per-

372 3113 559 3209 αῦτοῖς
588 3145 812 3215 ἀλήθεια
831 3162 843 3174 ·
877 3146 970 3197 xui
1002 3145 1059 3196 ὲν
1091 3147 1156 3214 τῇ
1185 3143 1367 3213 ἀδικίᾳ
1387 3142 1564 3195 αὐτῶν
1596 3143 1950 3196 ἀπολοῦνται·

2059 3147 2216 3201 ibunt
2242 3167 2256 3198 :
2284 3157 2338 3201 et
2367 3148 2572 3202 veritas
2602 3156 2821 3211 manet,
2849 3155 2901 3201 et
2933 3147 3213 3201 invalescit
3244 3148 3296 3199 in
3323 3155 3584 3200 aeternum
3610 3185 3627 3210 ,

375 3236 472 3290 καὶ
509 3238 543 3307 ἡ
593 3235 820 3306 ἀλήθεια
875 3234 1022 3306 μένει
1070 3235 1149 3296 εἰς
1190 3233 1283 3286 τὸν
1321 3232 1512 3295 αἰῶνα,
1544 3233 1640 3286 xui
1676 3232 1847 3302 ἰσχύει
1874 3235 1953 3296 εἰς

371 3328 466 3382 τὸν
518 3328 711 3390 αἰῶνα,
757 3327 851 3379 xui
905 3325 969 3396 ζῇ
1021 3325 1116 3379 καὶ
1156 3328 1346 3397 κρατεῖ
1379 3327 1459 3388 εἰς
1517 3325 1606 3377 τὸν
1651 3325 1822 3377 αἰῶνα
1857 3323 1951 3377 τοῦ

375 3419 600 3483 αἰῶνος⁹
658 3420 752 3472 xui
807 3419 904 3470 οὐκ
952 3417 1068 3470 ἔστι
1123 3419 1253 3488 παρ’
1280 3417 1415 3487 αὐτῇ
1462 3415 1644 3469 λαϐεῖν
1687 3417 1953 3487 πρόσωπα

374 3511 497 3564 οὐδὲ
527 3511 784 3582 διαφορά’
820 3510 954 3565 ἀλλὰ
989 3509 1057 3562 τὰ
1085 3509 1268 3563 δίκαια
1296 3512 1436 3564 ποιεῖ
1465 3508 1572 3562 ἀπὸ
1606 3508 1822 3562 πάντων
1845 3507 1952 3560 τῶν

373 3604 575 3656 ἀδίκων
631 3603 722 3654 καὶ
773 3599 1050 3672 πονηρῶΨ
1095 3600 1355 3668 ἀπέχεται
1407 3599 1644 3662 καὶτοῖς
1675 3597 1955 3652 εῦδοκοῦσι

372 3697 487 3758 τοῖς
513 3693 694 3765 ἔργοις
728 3692 896 3762 αὐτῆς
915 3708 930 3724 ’
961 3691 1054 3745 xui.
1079 3691 1178 3744 οὑκ
1208 3690 1351 3742 ἔστιν
1381 3691 1436 3742 ὲν
1473 3692 1538 3760 τῇ
1573 3690 1751 3761 κρίσει
1782 3688 1954 3759 αὐτῆς

373 3785 530 3838 οὐθὲν
584 3785 799 3838 ἄδικον·
836 3783 930 3836 xui.
977 3783 1147 3853 αὐτῆς
1180 3783 1212 3852 ἡ
1246 3782 1396 3850 ἰσχὺς
1433 3780 1612 3834 καὶτὸ
1644 3779 1911 3851 βασίλειον
1937 3793 1950 3808 ο

375 3878 471 3930 xui.
504 3880 537 3946 ὴ
579 3875 796 3942 ἐξουσία
826 3875 920 3928 xui.
945 3876 977 3945 ἡ
1008 3873 1362 3945 μεγαλειότης
1393 3872 1609 3926 πάντων
1637 3871 1746 3925 τῶν
1773 3870 1836 3936 (f.
1864 3868 1952 3942 17)

375 3966 620 4021 αἰώνων·
651 3967 942 4036 εὐλογητὸς
969 3969 996 4019 6
1023 3965 1153 4029 Θεὸς
1201 3965 1300 4036 τῆς
1356 3961 1633 4035 ἀληθείας.
1673 3982 1692 4015 ι
1751 3964 1903 4016 Ἐπεὶ
1924 3961 1952 4015 6
1988 3981 1992 3984 ·

375 4061 566 4132 Σωτὴρ
599 4061 692 4114 xui
737 4059 941 4131 Κύριος
965 4058 1141 4131 ἡμῶν,
1170 4056 1342 4125 Λόγος
1371 4056 1447 4108 ὣν
1478 4055 1572 4109 τοῦ
1605 4055 1760 4117 Θεοῦ,
1795 4055 1949 4126 φησὶ,

375 4153 600 4223 φέρεται
632 4149 889 4222 εἰρηκὼς,
933 4168 952 4200 t
1010 4146 1150 4217 Ἐγώ
1183 4148 1298 4218 εἰμι
1329 4148 1363 4217 ή
1390 4145 1637 4217 ἀλήθεια,
1675 4165 1694 4196 ι
1729 4144 1954 4208 εἰκότως

373 4245 442 4298 τὰ
493 4243 830 4315 προκείμενα
889 4237 1328 4312 παρατεθείμεθα
1389 4237 1516 4309 περί
1560 4236 1661 4307 τῆς
1697 4233 1954 4305 ἀληθείας

373 4336 655 4407 δηλοῦντα,
688 4335 762 4400 ὡς
809 4335 917 4406 ἄρα
963 4332 1257 4386 ῦπόστασίν
1288 4348 1409 4385 τινα
1435 4329 1584 4401 παρά
1609 4329 1699 4382 τὸν
1735 4326 1953 4398 Πατέρα

373 4429 498 4483 καθ’
533 4429 732 4498 ἑαυτὴν
780 4427 925 4497 ἔχει·
966 4445 983 4476 t
1031 4425 1196 4478 Μένει
1228 4422 1358 4494 γὰρ,
1407 4421 1657 4492 φησὶν,ή
1702 4417 1949 4488 ἀλήθεια,

373 4521 468 4574 xui
496 4518 667 4590 ἰσχύει
697 4520 775 4580 εἰς
805 4517 893 4568 τὸν
923 4513 1115 4578 αἰῶνα,
1148 4514 1242 4566 καὶ
1261 4513 1326 4583 ζῇ
1359 4511 1454 4565 xui
1480 4511 1698 4580 κρατεῖν
1731 4509 1822 4560 xui.
1852 4508 1951 4561 οῦκ

373 4613 490 4665 ἔστι
529 4611 659 4682 παρ’
699 4609 834 4678 αὐτῇ
875 4606 1056 4659 λαϐεῖν
1099 4604 1383 4674 πρόσωπα,
1421 4621 1437 4652 ι
1474 4600 1568 4654 xui
1600 4599 1668 4653 τὰ
1695 4597 1840 4669 ἑξῆς,
1869 4597 1950 4662 οἷς

372 4705 622 4773 ἐπιφέρει
673 4700 801 4772 περὶ
849 4697 945 4750 τοῦ
994 4697 1203 4768 [ἰατρὸς
1254 4694 1387 4747 Θεοῦ
1448 4692 1801 4763 τυγχάνοντος
1855 4690 1949 4744 xui.

2055 3247 2107 3292 et
2137 3239 2307 3300 vivit,
2338 3246 2392 3292 et
2423 3239 2638 3293 obtinet
2670 3239 2723 3292 in
2758 3239 2957 3293 saacula
3000 3239 3348 3292 saeculorum.
3392 3235 3500 3291 Nec
3543 3243 3628 3292 est

2055 3327 2197 3399 apud
2233 3342 2351 3380 eam
2390 3329 2641 3398 accipere
2681 3344 2978 3400 personas,
3023 3344 3201 3398 neque
3249 3327 3622 3382 differentias:

2055 3419 2146 3474 sed
2180 3435 2301 3489 qua).
2327 3419 2477 3488 justa
2535 3427 2663 3474 sunt
2694 3419 2826 3473 facit
2857 3420 3144 3482 omnibus,
3180 3418 3401 3488 injustis
3424 3433 3487 3471 ac
3515 3433 3629 3471 ma-

2053 3510 2249 3579 lignis,
2281 3516 2334 3564 et
2365 3524 2556 3566 omnes
2585 3511 2950 3582 benignantur
2982 3511 3038 3565 in
3089 3511 3348 3580 operibus
3385 3509 3525 3578 ejus.
3564 3508 3629 3562 Et

2054 3615 2165 3653 non
2192 3607 2277 3655 est
2307 3600 2362 3653 in
2392 3600 2603 3669 judicio
2629 3599 2751 3669 ejus
2784 3600 3065 3670 iniquum,
3107 3599 3200 3654 sed
3245 3597 3542 3659 fortitudo,
3575 3601 3629 3648 et

2054 3704 2305 3759 regnum,
2331 3699 2382 3744 et
2400 3697 2665 3759 potestas,
2690 3697 2744 3742 et
2777 3689 3036 3756 majestas
3077 3687 3320 3741 onmium
3361 3699 3624 3740 aevorum.

2058 3779 2386 3837 Benedictus
2423 3779 2566 3835 Deus
2609 3780 2854 3834 veritatis
2879 3781 2944 3833 π.
2977 3799 2996 3832 ι
3044 3777 3342 3848 Postquam
3379 3776 3628 3831 Salvator

2057 3880 2111 3927 et
2140 3869 2403 3926 Dominus
2447 3879 2660 3936 noster,
2714 3871 2805 3940 qui
2857 3869 2951 3925 Dei
2982 3869 3220 3925 Verbum
3260 3877 3378 3931 est,
3420 3867 3629 3922 dixisse

2054 3963 2272 4019 fertur:
2317 3980 2336 4014 ι
2371 3961 2486 4034 Ego
2534 3978 2655 4016 sum
2708 3963 2914 4017 veritas
2939 3962 3017 4026 ",
3056 3980 3074 4011 ι
3105 3964 3302 4015 merito
3349 3959 3628 4029 prwcitata

2053 4057 2422 4127 intelligemus
2450 4055 2608 4126 quasi
2634 4053 2702 4109 de
2731 4056 2961 4110 veritate
2986 4052 3420 4108 demonstrantia
3440 4090 3455 4116 ,
3479 4048 3627 4120 quod

2054 4147 2420 4204 substantiam
2453 4147 2596 4216 apud
2620 4146 2837 4201 Patrem
2869 4161 2964 4215 per
2995 4146 3228 4214 seipsain
3253 4143 3436 4197 habet.
3466 4163 3484 4192 ι
3516 4138 3628 4194 Ma-

2055 4248 2148 4293 net
2176 4240 2321 4293 enim
2343 4281 2358 4306 ,
2386 4240 2496 4303 ait,
2522 4239 2745 4304 veritas,
2773 4247 2827 4292 et
2858 4236 3145 4292 invalescit
3167 4237 3222 4290 in
3249 4244 3512 4289 aeternum
3534 4271 3550 4296 ,
3573 4237 3627 4284 et

2056 4330 2226 4392 vivit,
2271 4336 2324 4382 et
2355 4329 2566 4383 obtinet
2599 4368 2612 4380 .
2651 4366 2666 4382 .
2701 4370 2714 4382 .
2749 4343 2849 4381 nec
2891 4335 2974 4382 est
3025 4324 3166 4394 apud
3213 4339 3333 4378 eam
3383 4321 3626 4389 accipere

2059 4431 2323 4486 personas
2343 4455 2357 4478 ,
2383 4436 2400 4468 ι
2435 4425 2490 4470 ct
2520 4426 2712 4470 caetera
2734 4457 2750 4483 ,
2783 4417 2982 4485 quibus
3015 4415 3165 4468 addit
3193 4413 3260 4467 de
3292 4411 3451 4465 Patre
3484 4410 3590 4463 Deo
3611 4449 3627 4475 ,

2059 4511 2284 4578 ipsoque
2316 4509 2423 4564 Deo
2452 4509 2630 4564 Verbo
2652 4549 2667 4572 ,
2697 4518 2751 4565 et
2783 4509 3009 4564 veritate
3035 4528 3046 4563 :
3080 4528 3096 4558 ι
3130 4506 3456 4561 Benedictus
3486 4501 3626 4558 Deus

2057 4601 2331 4666 veritatis,
2368 4621 2386 4654 ι
2415 4603 2613 4671 quibus
2646 4611 2700 4657 et
2730 4601 2833 4672 ipsi
2869 4601 3171 4656 addemus:
3207 4597 3402 4654 Amen.

371 4798 539 4852 αὑτοῦ
573 4796 668 4852 τοῦ
701 4795 836 4850 Θεοῦ
859 4795 1031 4862 Λόγου
1057 4793 1148 4848 xui
1177 4792 1274 4862 τῆς
1299 4788 1572 4860 ἀληθείας,
1605 4808 1622 4840 ι
1670 4785 1959 4858 εὐλογητὸς
1994 4788 2024 4840 6
2078 4785 2210 4850 Θεὸς
2239 4786 2338 4856 τῆς
2368 4784 2644 4857 ἀληθείας,
2681 4804 2699 4837 ι
2737 4777 2782 4852 ᾧ
2817 4785 2912 4837 xui.
2943 4785 3098 4837 αὐτοὶ
3136 4782 3514 4855 προσθήσομεν
3546 4781 3625 4848 τὸ,

390 4894 584 4964 Ἀμήν.

457 4989 618 5042 Ἀλλά
650 4988 757 5060 γὰρ
785 4985 958 5040 ταῦτα
992 4982 1086 5036 xui.
1114 4980 1222 5034 ἀπὸ
1252 4980 1349 5052 τῆς
1380 4978 1474 5032 τοῦ
1505 4976 1680 5050 Ἔζρα
1712 4976 1953 5049 Γραφῆς’

371 5087 482 5137 αλό
531 5097 595 5150 γε
642 5081 748 5152 μὴν
791 5079 889 5150 τῆς
929 5073 1128 5146 Ἐσθὴρ
1177 5072 1284 5127 οὐδ’
1325 5071 1383 5124 ἒν
1428 5069 1662 5141 εὕρομεν
1697 5069 1824 5140 περὶ
1855 5067 1951 5121 τοῦ

373 5171 756 5246 προκειμένου·
799 5170 935 5241 μετὰ
976 5169 1040 5239 δή
1087 5185 1168 5221 τοι
1199 5166 1298 5229 τὰς
1349 5163 1459 5219 ἀπὸ
1506 5162 1613 5216 τῶν
1669 5160 1953 5234 ἱστορικῶν

370 5265 606 5339 Γραφῶν
660 5263 889 5331 ὲκλογάξ
947 5262 1218 5334 μετίωμεν
1263 5259 1353 5313 ἐπὶ
1387 5256 1454 5311 τά
1489 5255 1738 5327 στιχήρη,
1773 5253 1949 5323 ὁτιδὴ

367 5354 541 5411 ταῦτα
573 5356 686 5416 τοῖς
727 5353 934 5426 χρόνοις
964 5351 1068 5405 τῶν
1099 5349 1299 5404 λοιπῶν
1333 5345 1674 5419 προφητειῶν
1705 5347 1947 5415 ἡγεῖται·

369 5446 576 5500 τούτων
611 5445 667 5499 δὲ
703 5446 895 5516 πρῶτα
922 5444 1122 5516 ἴδωμεν
1146 5441 1215 5496 τά
1238 5441 1345 5495 ἀπὸ
1368 5439 1475 5493 τῶν
1504 5437 1771 5510 Ψαλμῶν.

2132 4975 2258 5035 Haec
2299 4982 2426 5032 sunt
2473 4973 2540 5028 de
2583 4973 2768 5028 Esdraz
2811 4971 2991 5038 libro;
3021 4971 3076 5025 in
3101 4971 3241 5025 libro
3273 4969 3466 5025 Esther
3493 4969 3625 5024 nihil

2065 5069 2210 5138 quod
2244 5067 2310 5122 ad
2347 5065 2686 5138 propositum
2720 5071 2946 5133 spectet,
2981 5062 3309 5116 invenimus.
3349 5061 3625 5116 Absolutis

2064 5157 2232 5227 igitur
2278 5156 2668 5212 historicarum
2716 5152 3122 5221 Seripturarum
3166 5151 3388 5218 eclogis,
3434 5149 3502 5202 ad
3565 5166 3625 5204 ea

2061 5264 2182 5318 quae
2237 5247 2488 5302 versibus
2543 5246 2746 5315 scripta
2792 5251 2922 5299 sunt
2977 5250 3345 5305 transeamus,
3395 5257 3536 5310 quae,
3581 5242 3624 5296 si

2060 5351 2362 5413 temporum
2407 5347 2654 5395 servetur
2700 5339 2837 5393 ordo
2857 5378 2871 5402 ,
2905 5337 3114 5392 caeteris
3146 5337 3447 5408 prophetiis
3476 5345 3623 5392 antc-

2056 5442 2206 5490 eunt.
2241 5432 2286 5486 A
2307 5431 2540 5487 Psalmis
2563 5430 2728 5502 igitur
2758 5429 3126 5485 exordiantur.

444 5611 490 5642 ’⁵
530 5609 545 5664 Ι
584 5607 764 5666 Paral.
801 5623 947 5671 xvu,
989 5606 1161 5662 11-14.
1238 5606 1283 5638 ⁸⁵
1323 5602 1368 5658 ιι
1399 5603 1576 5658 Paral.
1614 5619 1699 5667 v1,
1737 5601 1820 5656 Π.
1897 5601 1944 5631 ’⁸

2087 5597 2244 5654 Esdr.
2273 5612 2346 5656 iv.
2386 5594 2574 5653 34-40.
2652 5595 2696 5627 ’⁷
2737 5591 2893 5650 Joan.
2930 5608 3040 5658 nv,
3074 5591 3130 5649 6.
