4114 6472
566 344 698 400 1091

1284 339 1555 396 EUSEBII
1595 332 2079 395 CESARIENSIS
2116 333 2265 392 OPP.
2307 333 2490 390 PARS
2529 331 2614 389 111.
2655 365 2722 373 -
2753 331 3142 389 EXECETICA

3692 334 3856 390 109?.

564 456 642 537 sit
667 463 720 510 et
751 453 1134 510 rarissimum?
1180 450 1358 508 Mente
1405 453 1569 507 etiam
1618 448 2139 521 amplificatur-laus

2254 444 2388 516 μηδὲ
2426 444 2531 516 μὴν
2563 444 2698 508 ὅλως
2730 445 2986 516 ἐπιϐῆναι
3020 444 3118 515 τὴν
3149 446 3344 517 ἀρχὴν,
3387 445 3520 518 μηδέ
3545 447 3742 519 στῆναι
3785 451 3859 501 ιν

568 549 672 603 viri
699 547 766 601 de
792 561 901 616 quo
933 545 1023 600 hic
1049 544 1255 599 mentio
1286 544 1536 599 habetur.
1586 541 1771 612 Neque
1815 541 1959 596 enim
1996 540 2150 603 abiit,

569 643 666 704 ait,
698 654 875 710 neque
906 639 1080 702 stetit,
1117 652 1293 706 neque
1334 636 1475 692 sedit
1519 635 1573 689 iu
1607 634 1804 689 talibus
1836 632 2153 704 improbita-

564 731 638 784 tis
668 729 957 799 speciebus
987 746 999 782 :
1028 742 1200 798 quare
1216 726 1378 781 nobis
1397 725 1618 780 videtur
1643 725 1728 778 hic
1752 731 1953 779 aeterne
1989 729 2154 792 atque

565 822 621 876 in
650 821 908 876 omnibus
939 820 1256 890 przecellens
1287 819 1380 874 illo
1415 818 1572 873 beato
1606 817 1906 886 designari.
1952 814 2150 871 Multos

562 911 784 983 quidem
842 911 1029 966 videre
1081 918 1166 965 est
1219 909 1503 980 diligentia
1561 917 1724 977 atque
1761 906 2152 961 exercitatione

562 1005 912 1074 conspicuos.
961 1002 1056 1058 sed
1103 1000 1413 1057 istiusmodi
1460 999 1736 1053 neminem
1769 999 2013 1066 psalmus
2055 997 2150 1051 de—

565 1099 778 1153 scribit.
861 1096 918 1151 Si
965 1098 1090 1168 quis
1139 1098 1285 1151 enim
1348 1095 1593 1150 attendat
1654 1101 1921 1162 quantum
1974 1090 2045 1144 sit
2093 1091 2147 1142 in

563 1189 820 1244 omnibus
851 1204 1113 1259 prospere
1158 1188 1374 1253 cedere,
1418 1193 1566 1241 recte
1608 1200 1792 1240 coram
1822 1181 1930 1237 Deo
1957 1179 2149 1234 ambu-

564 1280 698 1344 lare,
744 1280 798 1334 in
829 1280 974 1333 nulla
1010 1295 1067 1334 re
1097 1292 1305 1342 errare,
1343 1293 1520 1348 neque
1549 1293 1579 1331 a
1625 1275 1842 1330 virtutis
1869 1272 2148 1343 proposito

562 1371 860 1433 declinare,
906 1371 1049 1426 sicut
1094 1370 1148 1423 in
1196 1370 1300 1423 hoc
1351 1370 1563 1438 psalmo
1607 1367 1850 1422 dicitur:
1895 1385 1913 1418 ι
1953 1364 2146 1420 Omnia

564 1477 902 1533 quacunque
931 1461 1114 1524 faciet,
1147 1462 1621 1531 prosperabuntur
1644 1463 1726 1518 ’9:
1768 1479 1786 1512 ι
1827 1459 1874 1515 si
1898 1459 2023 1530 quis
2053 1473 2145 1514 re-

564 1560 717 1623 putet
741 1553 900 1622 quale
925 1552 1016 1615 sit,
1041 1552 1495 1623 praedicariquasi
1513 1552 1566 1606 in
1590 1551 1844 1607 omnibus
1867 1550 2143 1620 propriam

561 1646 894 1700 voluntatem
927 1661 1050 1700 cum
1078 1645 1292 1700 Domini
1325 1647 1441 1716 lege
1481 1653 1908 1700 consentaneam
1941 1644 2144 1698 haben.

561 1744 694 1802 tem,
712 1745 875 1808 atque
897 1753 1119 1808 operam
1147 1738 1460 1808 impendere
1487 1739 1634 1794 illius
1662 1736 2005 1793 meditationi
2033 1751 2142 1791 non

2255 537 2470 601 αὐτοῖς,
2528 536 2645 601 πῶς
2690 538 2750 590 οὐ
2784 537 3096 609 θαυμαστόν
3142 555 3194 592 τι
3234 539 3421 610 χρῆμα
3467 542 3561 593 καὶ
3605 542 3857 595 σπάνιον

2251 630 2546 700 τυγχάνεις
2596 630 2932 701 Παρίσταται
2969 629 3025 683 δὲ
3056 630 3255 701 μᾶλλον
3300 635 3364 703 τῇ
3409 633 3616 704 διανοίᾳ
3655 651 3884 705 παραο⁸

2251 721 2488 784 τατικῶς
2527 721 2792 793 εἰρημένα
2827 723 2895 774 τὰ
2929 721 3024 775 τοῦ
3056 723 3385 794 δηλουμένου
3428 725 3619 797 ἀνδρὸς
3657 725 3858 793 ἐγκώ-

2253 831 2353 884 μια
2373 831 2384 843 ·
2422 812 2544 866 οὔτε
2573 813 2680 885 γάρ
2712 813 3001 886 ἐπορεύθη,
3033 816 3218 886 φησὶν,
3245 815 3356 868 οὔτ’
3381 816 3537 888 ἔστη,
3559 817 3674 879 οὔτ’
3702 818 3858 870 ἐκά-

2251 906 2399 959 θισεν
2453 909 2510 959 ἐν
2561 909 2674 970 τοῖς
2736 908 2963 961 τοιοῖσδε
3012 909 3112 980 τῆς
3159 907 3358 972 κακίας
3419 909 3603 975 εἴδεσι,
3667 903 3862 962 δι’ὦν

2249 995 2575 1066 ἐμφαίνεται
2602 997 2635 1066 ἡ
2665 997 2728 1049 ἐκ
2757 996 2850 1050 τοῦ
2882 997 2971 1050 ἀεὶ
3001 998 3094 1052 καὶ
3117 998 3202 1050 διὰ
3230 999 3431 1062 παντὸς
3460 1001 3718 1073 ἐνάρετος
3741 998 3860 1052 τοῦ

2252 1088 2692 1160 μακαριζομένου
2744 1089 3092 1154 κατάστασις.
3152 1090 3386 1154 Πολλοὺς
3445 1092 3541 1162 μὲν
3577 1089 3674 1146 οὖν
3707 1093 3862 1154 τοὺς

2247 1181 2312 1232 ἐκ
2338 1180 2610 1251 προσοχῆς
2630 1181 2724 1233 καὶ
2747 1181 3032 1252 ἀσκήσεως
3056 1182 3488 1254 κατωρθωκότας
3515 1184 3612 1237 ῐδοι
3637 1185 3704 1238 ἄν
3725 1201 3860 1246 τις,

2245 1271 2435 1324 οὐδένα
2465 1289 2527 1351 γε
2561 1271 2664 1342 μὴν
2699 1271 2938 1325 τοιοῦτον
2981 1273 3163 1327 ὁποῖον
3194 1274 3222 1325 ὁ
3250 1274 3463 1345 ψαλμδς
3499 1273 3812 1351 διαγράφει
3837 1291 3858 1303 ο

2247 1365 2295 1416 εί
2327 1363 2383 1416 δὲ
2427 1350 2720 1435 θεωρήσειέ
2764 1382 2848 1428 τις
2887 1359 3146 1436 ὁπηλίκον
3189 1366 3336 1419 ἐστὶν
3375 1365 3435 1420 rb
3479 1366 3613 1439 πρὸς
3648 1350 3860 1421 πᾶντα

2247 1456 2454 1527 εὐροεῖν
2490 1457 2584 1509 καὶ
2615 1455 2759 1509 κατά
2784 1456 2914 1510 Θεὸν
2944 1457 3256 1512 εὐοδοῦσθαι
3291 1461 3349 1512 ἐν
3381 1458 3568 1530 μηδενὶ
3597 1459 3860 1528 σφαλλό-

2248 1565 2442 1618 μενον,
2490 1549 2612 1620 μηδ*
2639 1549 3018 1604 ἀποπίπτοντα
3071 1550 3164 1604 τοῦ
3210 1552 3330 1604 κατ’
3359 1551 3560 1623 ἀρετὴν
3596 1550 3851 1615 σκοποῦ.

2245 1639 2321 1703 ὡς
2359 1640 2500 1694 κατά
2543 1640 2702 1694 τοῦτο
2749 1640 3001 1709 λέγεσθαι
3052 1642 3110 1694 ἐν
3153 1640 3232 1714 τῷ
3285 1642 3486 1714 ψαλμῷ
3533 1643 3612 1708 τὸ,
3659 1664 3680 1694 ι
3711 1643 3852 1696 Καὶ

2245 1731 2424 1786 πάντα
2465 1733 2566 1786 ὅσα
2607 1733 2674 1787 ἂν
2711 1735 2859 1804 ποιῇ,
2905 1733 3442 1805 κατευοδωθήσεται⁸
3480 1754 3498 1787 ι
3559 1735 3636 1790 ἔτι
3684 1735 3740 1788 δὲ
3788 1737 3853 1787 εἰ

564 1838 775 1885 tantum
801 1838 912 1885 tota
937 1830 1044 1896 die,
1072 1831 1166 1887 sed
1193 1839 1247 1886 et
1275 1841 1459 1894 nocte,
1489 1831 1748 1902 vigilibus
1783 1830 1983 1886 mentis
2010 1843 2139 1883 ocu-

2245 1823 2633 1894 κατανοήσειεν
2698 1824 2880 1876 ὁποῖόν
2934 1825 3049 1876 ἐστι
3113 1824 3174 1878 rb
3238 1825 3644 1897 ἀνακεκράσθαι
3701 1825 3856 1878 τινὰ

563 1923 631 1977 lis
661 1939 876 1994 semper
906 1925 960 1978 in
984 1939 1104 1978 eam
1136 1925 1438 1988 conversis,
1475 1933 1528 1979 et
1556 1939 1663 1978 non
1694 1931 1903 1977 tantum
1931 1921 2142 1976 diurnis

561 2017 818 2086 operibus
847 2018 930 2072 vel
964 2017 1334 2081 sermonibus,
1386 2017 1481 2073 sed
1510 2027 1564 2072 et
1593 2033 1688 2088 per
1725 2031 1975 2073 somnum
1999 2015 2146 2085 cogi-

559 2108 862 2163 tationibus
909 2117 1072 2179 atque
1115 2110 1595 2180 imaginationibus
1649 2110 1703 2163 in
1751 2109 1855 2162 hac
1908 2107 2140 2163 medita-

560 2202 708 2256 tione
753 2210 1052 2265 versatum,
1104 2210 1438 2272 compertam
1470 2201 1694 2256 habebit
1747 2199 2140 2255 sublimitatem

561 2294 707 2348 illius
752 2310 913 2364 quem
964 2294 1098 2348 adeo
1131 2293 1434 2364 perfectum
1481 2293 1574 2347 Dei
1613 2291 1854 2362 Spiritus
1886 2299 2137 2346 testatur.

559 2384 628 2438 At
672 2386 716 2440 si
765 2385 1009 2438 omnium
1058 2401 1332 2440 consensu
1373 2384 1490 2439 hanc
1527 2383 1820 2437 humanam
1883 2390 2142 2451 superant

561 2486 839 2542 naturam,
865 2476 958 2530 uni
984 2475 1150 2545 igitur
1180 2477 1294 2529 viro
1326 2489 1567 2542 congrua
1595 2489 1717 2528 esse
1742 2480 1993 2543 possunt,
2013 2481 2142 2526 nato

560 2569 810 2623 videlicet
838 2583 869 2622 e
900 2566 1119 2622 Davidis
1167 2567 1374 2622 semine
1419 2566 1720 2621 secundum
1759 2580 1981 2620 carnem
2009 2563 2140 2620 Jesu

558 2659 800 2725 Christo,
838 2659 1067 2711 Domino
1093 2667 1145 2711 et
1167 2655 1437 2712 Salvatori
1469 2662 1682 2719 nostro,
1709 2655 1774 2710 de
1803 2669 1912 2726 quo
1933 2654 2053 2710 solo
2085 2653 2139 2707 in

558 2745 696 2802 Isaia
725 2764 754 2802 a
788 2746 992 2818 Spiritu
1023 2747 1210 2802 divino
1241 2754 1611 2811 memoratur,
1654 2765 1673 2797 ι
1703 2747 1848 2817 quod
1881 2746 2141 2817 iniquita-

562 2843 668 2890 tem
700 2851 807 2890 non
836 2835 1046 2899 fecerit,
1077 2851 1255 2906 neque
1285 2837 1444 2891 dolus
1489 2835 1652 2892 fuerit
1677 2838 1732 2891 in
1760 2852 1856 2892 ore
1886 2837 2006 2907 ejus
2037 2839 2076 2892 ί.
2116 2857 2134 2890 ι

559 2931 696 2983 Cum
727 2942 790 2982 ea
822 2927 1273 2998 interpretatione
1299 2927 1459 2997 plane
1489 2929 1743 2998 congruit
1769 2927 2036 2984 Hebraica
2066 2929 2142 2984 le-

557 3021 691 3085 ctio,
719 3021 948 3075 articulo
975 3035 1233 3091 expresse
1259 3019 1506 3075 adhibito
1538 3039 1553 3075 :
1589 3040 1608 3072 ι
1649 3020 1847 3076 Beatus
1876 3022 1964 3077 ille
1997 3021 2134 3078 vir.»

551 3113 796 3196 :Decebat
825 3112 1045 3184 quidem
1078 3119 1285 3183 patrem
1311 3113 1612 3168 secundum
1639 3129 1860 3174 carnem
1891 3113 2142 3168 Salvato-

552 3199 639 3284 rris
673 3206 845 3261 nostri
885 3203 1141 3260 Davidem
1164 3247 1179 3271 ,
1208 3204 1294 3259 cui
1324 3207 1652 3274 promissum
1679 3206 1858 3261 fuerat
1895 3207 2139 3262 nascitu-

2249 3229 2269 3262 ι
2302 3212 2382 3264 δτι
2437 3211 2511 3282 μὴ
2555 3213 2829 3284 ἁμαρτίαν
2897 3212 3154 3282 ἐποίησε,

551 3276 680 3374 frum
713 3297 782 3351 ab
811 3296 984 3366 ipsius
1014 3296 1222 3351 semine
1235 3295 1534 3362 Christum,
1558 3297 1663 3351 hoc
1695 3297 1996 3368 praphetiis
2023 3298 2138 3356 suis

558 3387 839 3458 imponere
879 3389 1225 3457 prooemium.
1287 3389 1384 3443 Cui
1417 3397 1596 3444 autem
1629 3406 1738 3445 non
1764 3390 2035 3460 ingratum
2060 3391 2138 3445 vi-

2245 1914 2532 1986 ὀμοδοξοῦν
2593 1915 2785 1986 ἔχοντα
2835 1915 2898 1968 τὸ
2960 1914 3090 1968 [διον
3135 1915 3302 1970 αὑτοῦ
3368 1916 3578 1988 θέλημα
3621 1916 3682 1969 rb
3727 1915 3849 1968 τοῦ

2245 2008 2450 2080 Κυρίου
2499 2008 2687 2080 νόμῳ,
2731 2008 2792 2061 τό
2834 2025 2893 2061 τε
2951 2008 3179 2080 μελετᾷν
3230 2011 3291 2062 ἐν
3337 2009 3486 2080 αὐτῷ
3535 2011 3608 2081 μὴ
3663 2009 3852 2080 μόνον

2243 2099 2308 2152 δι’
2336 2099 2463 2170 ὅλης
2491 2101 2705 2172 ἡμέρας
2743 2101 2879 2155 ἀλλά
2908 2104 3000 2155 καὶ
3031 2101 3117 2155 διὰ
3143 2099 3244 2172 τῆς
3270 2102 3463 2166 νυκτὸς
3499 2101 3850 2172 ἐγρηγορόσι

2243 2194 2354 2256 τοῖς
2400 2193 2499 2262 τῆς
2543 2193 2782 2258 διανοίας
2829 2194 3127 2268 ὀφθαλμοῖς
3181 2197 3262 2259 είς
3318 2195 3480 2249 αὑτὸν
3529 2194 3848 2267 ἐνορῶντα,

2244 2285 2337 2336 καὶ
2379 2286 2499 2336 κατ’
2536 2286 2697 2339 αὐτὸν
2739 2285 2799 2338 οὑ
2850 2286 3007 2356 μόνον
3057 2288 3167 2350 τοῖς
3211 2286 3332 2358 μεθ’
3377 2287 3585 2358 ἡμέραν
3639 2285 3850 2357 ἔργοις

2241 2393 2302 2429 τε
2336 2377 2428 2430 xai.
2467 2378 2664 2447 λόγοις,
2691 2379 2823 2432 ἀλλά
2861 2380 2953 2432 καὶ
2993 2381 3113 2444 ταῖς
3156 2381 3294 2433 κατά
3337 2380 3427 2433 τὸν
3456 2379 3617 2432 ὖπνον
3665 2379 3848 2432 ἐνθυ-

2247 2470 2441 2540 μήσεσι
2491 2471 2584 2523 καὶ
2627 2471 2949 2540 φαντασίαις
2991 2471 3332 2542 ἐνεργοῦντα,
3368 2473 3566 2525 εἵσεται
3614 2471 3675 2524 τὸ
3723 2471 3846 2540 μὲι

2191 2579 2195 2582 λ
2242 2560 2400 2630 γεθος
2460 2561 2554 2615 τοῦ
2603 2562 2773 2616 ταῦτα
2841 2564 3262 2635 κατωρθωκέναι
3329 2563 3464 2635 πρὸς
3521 2561 3612 2616 τοῦ
3674 2563 3843 2615 θείου

2244 2651 2563 2722 Πνεύματος
2627 2654 3093 2724 μαρτυρουμένου.
3175 2653 3314 2706 Ἀλλ’
3375 2656 3425 2706 εί
3487 2653 3578 2706 καὶ
3640 2655 3846 2706 πᾶσαν

2241 2742 2686 2813 ὁμολογουμένως
2719 2744 2815 2816 τὴν
2839 2745 3179 2815 ἀνθρωπείαν
3213 2744 3623 2816 ὑπερακοντίζει
3657 2744 3843 2814 φύσιν

2241 2833 2310 2886 τὰ
2344 2833 2661 2907 λελεγμένα,
2707 2836 2786 2889 ἐνί
2823 2835 2866 2887 δ’
2896 2833 2988 2889 οὖν
3030 2836 3186 2908 ἀνδρὶ
3230 2835 3378 2908 μόνῳ
3418 2836 3717 2908 ἐφαρμόζοι
3753 2835 3839 2888 ἂν

2241 2927 2320 2999 τῷ
2361 2931 2636 3002 γενομένῳ
2678 2933 2740 2983 ἐκ
2783 2930 3095 3003 σπέρματος
3140 2931 3304 2984 Δαυὶδ
3349 2931 3409 2984 rb
3449 2929 3586 2983 κατά
3635 2930 3837 3000 σάρκα

2255 3021 2427 3091 Ἰησοῦ
2456 3023 2675 3094 Χριστῷ
2699 3022 2777 3094 τῷ
2809 3023 2998 3096 Κυρίῳ
3031 3024 3124 3078 καὶ
3149 3023 3360 3095 Σωτῆρι
3387 3023 3563 3096 ἡμῶν,
3600 3015 3643 3090 ᾧ
3675 3023 3839 3094 μόνῳ

2242 3121 2378 3192 πρὸς
2409 3120 2503 3174 τοῦ
2534 3123 2592 3175 ἐν
2618 3101 2816 3193 Ἠσαίᾳ
2847 3122 2994 3176 θείου
3021 3122 3337 3194 Πνεύματος
3372 3121 3830 3194 μεμαρτύρηται,

3217 3213 3353 3285 μηδὲ
3398 3212 3597 3285 εὑρέθη
3664 3212 3831 3278 δόλος

2243 3305 2302 3358 ἐν
2345 3302 2424 3374 τῷ
2474 3303 2701 3375 στόματι
2755 3305 2941 3359 αὑτοῦ.
2976 3324 2994 3356 ι
3054 3304 3128 3357 Τὸ
3175 3304 3219 3358 δ’
3258 3304 3668 3375 ἐπιδεδεγμένον
3717 3303 3830 3373 τῆς

2243 3393 2470 3464 ἐκδοχῆς
2513 3395 2840 3467 παρίστησιν
2879 3397 2911 3466 ἡ
2957 3397 3098 3450 κατά
3147 3395 3210 3448 rb
3243 3395 3531 3468 Ἐὁραῖκδν
3579 3394 3831 3459 ἔντευξις

559 3480 780 3534 dcbitur
803 3496 866 3536 ea
896 3481 1111 3551 quaede
1133 3481 1415 3537 Salvatore
1445 3482 1499 3536 in
1529 3483 1738 3552 psalmo
1764 3492 2138 3538 memorantur

2242 3485 2719 3557 ἐπιτετηρημένως
2749 3486 2922 3552 οὕτως
2953 3489 3148 3559 ἔχουσα
3165 3505 3179 3518 ·
3205 3507 3223 3539 ι
3248 3489 3528 3560 Μακάριος
3559 3490 3588 3541 ό
3613 3486 3774 3558 ἀνὴρ,
3802 3507 3825 3538 ι

557 3571 848 3626 manifeste
877 3573 1206 3642 perspicere,
1253 3574 1307 3627 in
1355 3589 1480 3628 eum
1523 3572 1946 3629 commentarios
1970 3574 2135 3630 altius

2245 3577 2383 3646 μετά
2427 3577 2526 3647 τῆς
2551 3576 2754 3649 ἄρθρου
2806 3577 3155 3649 προσθήκης·
3212 3577 3305 3630 καὶ
3338 3575 3576 3646 ἔπρεπέν
3621 3593 3685 3644 γε
3729 3578 3828 3628 τὸν

525 3678 534 3691 ⁸
558 3665 892 3735 perscrutari
922 3666 1069 3719 libet.

2242 3668 2382 3722 κατὰ
2435 3670 2614 3741 σάρκα
2653 3670 2746 3724 τοῦ
2795 3671 3045 3743 Σωτῆρος
3086 3670 3242 3741 ἡμῶν
3301 3670 3455 3740 (1218
3488 3669 3566 3740 νυ)
3599 3686 3827 3741 χρημα-

558 3755 782 3810 τίσαντα
827 3757 1038 3828 πατέρα
1075 3757 1268 3820 Δαυὶδ,
1319 3756 1648 3825 ἐπαγγελίαν
1689 3755 1946 3826 εἰληφότα
1996 3757 2125 3827 περὶ
2161 3759 2254 3812 τοῦ
2305 3762 2369 3814 ἐκ
2441 3762 2752 3833 σπέρματος
2793 3763 2957 3816 αὐτοῦ
3006 3762 3366 3834 τεχθήσεσθαι
3434 3764 3524 3815 rbv
3564 3762 3824 3834 Χριστὸν.

557 3848 731 3919 τούτῳ
779 3849 877 3920 τὴν
917 3849 1166 3920 ἀπαρχὴν
1244 3849 1343 3918 τῆς
1388 3848 1580 3901 ἐαυτοῦ
1634 3849 1968 3920 προφητείας
2028 3850 2323 3904 ἀναθεῖναι.
2383 3853 2529 3924 Ὅτῳ
2587 3854 2642 3906 δὲ
2723 3853 2876 3924 φίλον
2954 3853 3244 3922 διαγνῶναι
3308 3854 3370 3906 rb
3417 3851 3643 3924 ἀκριϐὲς
3717 3851 3825 3920 τῆς

559 3947 653 4002 ἐπὶ
713 3944 805 3997 τὸν
860 3944 1086 4016 Σωτῆρα
1137 3943 1244 3996 τῶν
1305 3945 1361 3996 ἐν
1420 3943 1498 4015 τῷ
1554 3943 1755 4018 ψαλμῷ
1818 3944 2125 4017 λεγομένων
2161 3949 2474 4018 ἀναφορᾶς,
2519 3952 2631 4013 τοῖς
2670 3951 2750 4014 είς
2788 3949 2948 4003 αὑτὸν
2997 3949 3608 4022 ὑπομνηματισαμένοις
3661 3948 3825 4000 Evr-a-

559 4038 669 4113 χὼν
697 4039 919 4094 εἵσεται.

1167 4159 1395 4216 CAPUT
1456 4158 1518 4214 ll.

1050 4250 1097 4304 E
1139 4253 1344 4321 psalmo
1389 4252 1634 4309 secundo.

635 4361 654 4396 ι
686 4342 866 4410 Quare
910 4344 1248 4400 fremuerunt
1297 4353 1508 4416 gentes,
1554 4355 1608 4401 et
1657 4348 1842 4418 populi
1885 4348 2133 4404 meditati

557 4445 684 4489 sunt
727 4435 947 4488 inania?
1006 4436 1310 4491 Astiterunt
1360 4453 1518 4507 reges
1549 4446 1741 4502 terrre,
1777 4449 1830 4494 et
1855 4441 2132 4512 principes

555 4535 930 4582 convenerunt
955 4527 1006 4580 in
1035 4545 1202 4582 untun
1236 4529 1498 4584 adversus
1542 4529 1830 4586 Dominum
1861 4542 1914 4586 et
1938 4533 2132 4587 adver-

2767 4159 3165 4216 ΚΕΦΑΛΑΙΟΝ
3211 4161 3286 4215 B'.

2734 4255 2984 4324 Ψαλμοῦ
3023 4254 3324 4324 δευτέρου.

2315 4367 2334 4400 ι
2358 4348 2517 4402 ἰνατί
2545 4346 2820 4419 ἐφρύαξαν
2855 4347 3003 4420 ἔθνη,
3032 4348 3126 4400 καὶ
3154 4347 3272 4399 λαοὶ
3300 4346 3633 4418 ἐμελέτησαν
3659 4346 3820 4412 κενάς

2239 4443 2597 4513 Παρέστησαν
2645 4441 2694 4493 oi
2739 4440 2978 4510 βασιλεῖς
3018 4440 3116 4512 τῆς
3150 4441 3282 4511 γῆς,
3329 4439 3424 4492 καὶ
3472 4440 3521 4492 oi
3553 4440 3820 4511 ἄρχοντες

2240 4538 2580 4608 συνήχθησαν
2613 4535 2705 4586 ἐπὶ
2747 4532 2807 4585 rb
2833 4532 2965 4585 αὐτὸ
3002 4531 3144 4585 κατά
3172 4531 3266 4584 τοῦ
3291 4532 3517 4602 Κυρίου,
3555 4532 3648 4585 καὶ
3673 4534 3822 4586 κατὰ

555 4634 652 4674 sus
675 4618 952 4674 Christum
989 4622 1106 4688 ejus
1129 4625 1201 4674 ’.ι
1237 4620 1292 4675 In
1325 4624 1694 4691 apostolorum
1726 4625 1957 4681 Actibus
1991 4627 2132 4681 hanc

2242 4629 2328 4683 τοῦ
2353 4627 2586 4700 Χριστοῦ
2621 4625 2805 4680 αὑτοῦ.
2841 4645 2859 4676 ο
2908 4627 2994 4680 Ἐν
3024 4628 3142 4688 ταῖς
3173 4625 3281 4678 τῶν
3313 4623 3627 4678 ἀποστόλων
3667 4624 3821 4692 Πρά-

556 4711 833 4782 impletam
859 4713 1026 4768 fuisse
1051 4715 1388 4783 prophetiam
1419 4717 1600 4770 testati
1633 4724 1762 4771 sunt
1785 4718 1877 4788 qui
1906 4717 2130 4774 Petrum

554 4812 608 4858 et
630 4801 892 4858 Joannem
930 4803 1202 4859 mirabilia
1237 4821 1357 4874 quae
1402 4805 1505 4875 ipsi
1556 4805 1802 4862 viderant
1843 4817 2131 4865 narrantes

555 4898 832 4953 audivere.
861 4896 1212 4951 Gratulantes
1244 4897 1412 4968 igitur
1445 4897 1588 4966 quod
1618 4905 1700 4953 tot
1729 4899 1994 4954 miracula
2024 4901 2130 4955 sibi

558 4988 899 5054 acciderant,
933 4989 1020 5044 his
1048 4998 1405 5060 perrexerunt
1438 4990 1620 5046 verbis
1647 5009 1660 5046 :
1695 5008 1713 5043 ι
1744 4991 2132 5048 Convenerunt

555 5083 698 5136 enim
730 5098 855 5138 vere
879 5082 932 5136 in
959 5081 1181 5136 civitate
1207 5081 1308 5136 ista
1339 5082 1602 5138 adversus
1627 5093 1875 5138 sanctum
1900 5099 2129 5154 puerum

556 5183 706 5229 tuum
731 5173 938 5236 Iesum,
973 5189 1134 5244 quem
1169 5174 1396 5235 tinxisti.
1431 5173 1672 5232 Herodes
1697 5187 1750 5231 et
1779 5175 2008 5232 Pontius
2039 5176 2131 5230 Pi-

557 5273 718 5330 latus,
761 5283 885 5322 cum
912 5269 1162 5339 gentibus
1205 5276 1259 5323 et
1297 5269 1511 5338 p0pulis
1540 5267 1706 5324 lsrael
1738 5270 1779 5324 ³.
1814 5289 1832 5321 ι
1875 5268 1991 5324 Non
2027 5270 2127 5326 soli

556 5360 698 5417 enim
748 5363 840 5430 qui
886 5361 988 5415 hoc
1030 5368 1273 5430 tempore
1321 5360 1587 5415 Salvatori
1639 5371 1834 5416 nostro
1883 5363 2127 5418 insidiati

556 5461 705 5516 sunt,
741 5451 1000 5507 adversus
1031 5469 1154 5508 eum
1185 5461 1579 5511 convenerunt.
1635 5455 1730 5508 sed
1779 5462 1831 5508 et
1869 5454 2127 5526 deinceps

558 5562 701 5599 nunc
738 5560 911 5615 psque
945 5561 1100 5616 reges
1140 5554 1196 5600 et
1226 5545 1536 5616 principes,
1587 5548 1964 5618 universeque
1996 5564 2129 5618 gen-

558 5647 640 5695 tes
668 5646 722 5694 et
755 5639 974 5709 populi,
1021 5640 1114 5708 qui
1157 5640 1677 5708 blasphemavcrunt
1721 5655 1846 5695 eum
1898 5641 2129 5711 ejusque

2239 4719 2353 4783 ξεσι
2397 4718 2492 4772 καὶ
2535 4717 2738 4787 ταύτην
2803 4715 3194 4788 πεπληρῶσθαι
3244 4715 3342 4787 τὴν
3386 4714 3725 4786 προφητείαν
3766 4716 3819 4767 οἱ

2235 4811 2329 4864 τοῦ
2361 4813 2566 4882 Πέτρου
2610 4810 2705 4864 καὶ
2755 4809 3002 4863 Ἰωάννου
3041 4808 3108 4861 τά
3139 4807 3259 4861 κατ’
3291 4809 3486 4871 αὐτοὺς
3537 4805 3820 4882 παράδοξα

2236 4905 2605 4978 διηγουμένων
2641 4903 2972 4967 ἀκούσαντες
3013 4901 3420 4974 ἐμαρτύρησαν.
3474 4903 3821 4974 Εὐχαριστή-

2237 5012 2424 5060 σαντες
2473 4993 2585 5066 γὰρ
2638 4997 2753 5058 τοῖς
2795 4994 2879 5065 ἐφ’
2930 4988 3012 5057 οἷς
3064 4994 3260 5064 ῆκουον
3322 4992 3644 5064 θαυμασίοις
3699 4995 3820 5056 τοῖς

2237 5088 2610 5163 προεκτεθεῖσι
2647 5090 2831 5160 ῥητοῖς
2861 5087 3144 5158 ἐπήγαγον
3169 5087 3418 5156 λέγοντες
3437 5103 3453 5118 ο
3489 5103 3508 5138 ι
3543 5085 3820 5156 Συνήχθη-

2239 5201 2337 5237 σαν
2384 5182 2494 5254 γὰρ
2540 5183 2628 5234 ἐπ’
2679 5180 2937 5252 ἀληθείας
2991 5182 3084 5234 ἐπὶ
3133 5179 3195 5232 rb
3246 5180 3377 5234 αὐτὸ
3429 5181 3488 5232 ἐν
3541 5183 3606 5250 τῇ
3661 5180 3816 5233 πόλει

2234 5273 2404 5347 ταύτῃ
2431 5275 2522 5328 ἐπὶ
2551 5275 2641 5326 τὸν
2673 5274 2824 5342 ἆγιον
2848 5272 3013 5326 παῖδά
3043 5289 3156 5336 σου,
3198 5274 3257 5326 ὃν
3291 5273 3530 5345 ἔχρισας,
3569 5271 3816 5342 Ἡρώδης

2233 5384 2293 5419 τε
2343 5368 2437 5420 καὶ
2487 5367 2710 5430 Πόντιος
2774 5366 3038 5430 Πιλᾶτος,
3111 5365 3207 5418 σὺν
3275 5365 3453 5418 ἔθνεσι
3525 5367 3618 5419 καὶ
3665 5365 3817 5429 λαοῖς

2247 5458 2486 5529 Ἰσραήλ.
2530 5477 2547 5509 ι
2583 5458 2656 5509 Οὐ
2705 5457 2854 5527 μόνοι
2885 5455 2943 5509 δὲ
2981 5456 3090 5527 ἄρα
3129 5458 3178 5509 οἱ
3215 5457 3336 5511 κατ’
3379 5458 3558 5510 ἐκεῖνο
3613 5456 3810 5528 καιροῦ

2235 5548 2721 5612 ἐπιϐουλεύσαντες
2759 5548 2838 5620 τῷ
2874 5549 3086 5621 Σωτῆρι
3125 5552 3158 5622 ἡ
3170 5549 3284 5620 μῶν
3313 5549 3654 5621 συνήχθησαν
3687 5551 3815 5604 κατ’

2237 5641 2424 5704 αὑτοῦ,
2470 5641 2610 5694 ἀλλὰ
2657 5642 2751 5696 καὶ
2793 5644 2840 5695 οί
2889 5641 3123 5712 καθεξῆς
3165 5643 3225 5712 ἐξ
3261 5643 3471 5697 ἐκείνου
3515 5644 3610 5697 καὶ
3647 5640 3814 5718 δεῦρο

624 5795 669 5827 ”
708 5793 852 5852 Psal.
879 5812 918 5862 r,
951 5795 1007 5852 3.
1084 5781 1246 5850 'llsu.
1285 5810 1414 5861 uu,
1447 5794 1500 5851 9.
1577 5798 1597 5828 ¹
1645 5795 1790 5853 Psal.
1829 5811 1899 5863 ιι,
1938 5797 1986 5868 1,
2016 5795 2071 5851 2.

2242 5806 2326 5854 .ct.
2360 5813 2434 5864 Iv,
2468 5795 2559 5853 27.
