4134 6414
324 374 469 432 1093

1355 371 1648 428 ECLOGIE
1679 370 2171 428 PROPIIETlC/E.
2198 404 2265 414 —
2293 372 2423 429 LIB.
2467 373 2530 428 ll.

3461 373 3596 429 1093

323 497 559 568 βασιλεῖς
591 497 682 549 καὶ
711 495 990 566 άρχοντες,
1031 495 1129 548 ὅλα
1151 511 1209 547 τε
1242 493 1370 567 ἔθνη
1405 497 1500 548 καλ
1530 495 1670 560 λαοὶ,
1697 494 1786 548 διὰ
1811 493 1895 547 τοῐ

2011 494 2274 548 doctrinae
2322 493 2566 548 insidiati
2615 501 2763 549 sunt.
2820 493 3145 548 Persuasum
3180 499 3359 547 autem
3392 491 3596 548 habere

324 589 664 660 βλασφημεῖν
716 588 880 641 αὐτὸν
925 589 1018 642 καὶ⁹
1069 587 1440 642 ἐπιϐουλεύειν
1489 587 1657 641 αὐτοῦ
1703 591 1769 659 τῇ
1821 588 1901 642 δι-

319 681 608 752 δασκαλίᾳ.
643 679 943 734 Πεπεῖσθαι
989 681 1046 734 δὲ
1088 681 1193 752 χρὴ
1231 681 1305 752 μὴ
1343 681 1502 751 μόνον
1546 682 1670 744 τοὺς
1711 682 1768 734 ὲν
1807 682 1906 734 ὰν-·

323 774 562 848 θρώποις
618 774 847 844 όρατοὺς
891 772 1126 844 βασιλεῖς
1170 775 1263 827 καὶ
1298 774 1566 845 ἄρχοντας
1614 772 1901 826 ἐπιϐεϐου-

323 869 574 921 λευκέναι
616 866 792 937 αὐτῷ,
834 865 967 919 πολὺ
1011 867 1067 919 δὲ
1116 866 1317 937 μᾶλλον
1365 867 1491 929 τοὺς
1536 866 1760 937 νοητοὺς
1808 867 1903 920 καὶ

323 960 590 1030 ἀοράτους
625 960 890 1030 ἄρχοντας
933 958 1027 1011 τοῦ
1061 957 1256 1022 αίῶνος
1286 957 1509 1023 τούτου,
1555 958 1603 1012 οἳ
1647 959 1741 1010 καὶ
1777 959 1898 1011 τότε

322 1053 632 1122 ὲνήργησαν
674 1051 766 1103 xai
818 1052 898 1114 εἰς
946 1049 1026 1104 ἔτι
1069 1049 1164 1103 νῦν
1210 1048 1525 1121 ἐνεργοῦσι,
1570 1049 1640 1102 τά
1680 1067 1739 1102 τε
1772 1049 1901 1120 ἔθνη

321 1148 418 1201 καὶ
454 1147 581 1209 τοὺς
627 1145 760 1198 κενά
805 1146 898 1199 καὶ
949 1147 1030 1209 είς
1071 1145 1246 1216 μάτην
1288 1143 1380 1196 τὸν
1423 1141 1517 1196 τοῦ
1556 1141 1692 1195 Θεοῦ
1738 1141 1903 1212 νόμον

326 1235 724 1306 μελετήσαντας
770 1234 934 1298 λαοὺς
988 1235 1114 1297 τοὺς
1155 1236 1220 1286 ὲκ
1266 1234 1586 1306 περιτομῆς,
1631 1233 1692 1286 οὐ
1745 1233 1902 1304 μόνον

321 1327 461 1382 κατὰ
497 1327 590 1380 τοῦ
617 1326 853 1398 Χριστοῦ
895 1326 989 1379 τοῦ
1035 1325 1169 1379 Θεοῦ
1224 1325 1718 1396 βουλευσαμένους,
1766 1325 1901 1379 ἀλλὰ

320 1419 387 1472 δι’
421 1417 584 1472 αὑτοῦ
634 1419 728 1471 καὶ
772 1418 915 1471 κατὰ
963 1416 1058 1471 τοῦ
1094 1417 1409 1488 πέμψαντος
1456 1418 1620 1471 αὐτὸν
1664 1419 1898 1490 Πατρός·

321 1512 451 1582 περὶ
495 1504 569 1564 ὧν
614 1511 868 1564 ἁπάντων
900 1512 957 1563 ὲν
981 1509 1060 1580 τῷ
1086 1509 1286 1581 ψαλμῷ
1319 1509 1636 1582 ἐπιφέρεται
1679 1509 1760 1572 τὸ,
1802 1529 1818 1560 ι
1840 1510 1902 1562 '0

321 1602 592 1657 κατοικῶν
619 1604 676 1655 ὲν
702 1603 948 1673 οὐρανοῖς
981 1600 1337 1670 ὲκγελάσεται
1371 1602 1589 1664 αὐτοὺς,
1615 1602 1710 1654 καὶ
1737 1601 1764 1652 ὁ
1787 1599 1902 1653 Κύ-

325 1711 438 1766 ριος
463 1696 824 1765 ὲκμυκτηριεῖ
862 1691 1076 1756 αύτούς.
1117 1691 1248 1746 Τότε
1279 1691 1501 1764 λαλήσει
1536 1692 1672 1763 πρὸς
1705 1691 1902 1755 αὐτοὺς

322 1786 382 1838 ὲν
411 1786 548 1856 ὀργῇ
577 1783 765 1846 αὐτοῦ,
804 1783 897 1836 καὶ
930 1783 988 1835 ὲν
1015 1782 1094 1854 τῷ
1128 1781 1285 1853 θυμῷ
1325 1779 1492 1835 αὐτοῦ
1541 1781 1767 1854 ταράξει
1799 1781 1899 1835 αὐ-

2004 592 2218 654 oportet
2269 599 2377 637 non
2426 590 2637 638 tantum
2683 584 2929 639 visibiles
2980 583 3032 638 in
3069 583 3387 638 hominibus
3439 598 3595 653 reges

2003 676 2388 747 principesque
2435 675 2484 729 ei
2531 673 2705 730 fuisse
2733 675 3021 730 insidiatos
3043 716 3058 738 ,
3087 675 3182 730 sed
3213 676 3386 728 multo
3419 675 3595 745 magis

2009 768 2288 838 spiritales
2320 767 2735 837 invisibilesque
2768 767 2932 835 hujus
2967 768 3151 822 saeculi
3180 767 3476 837 principes,
3501 755 3618 836 qui.

2009 867 2140 913 tunc
2171 859 2606 929 exagitaverunt,
2626 859 2770 913 sicut
2803 867 2856 913 et
2883 875 3029 913 nunc
3052 862 3352 929 exagitant,
3378 867 3597 929 gentes-

2003 966 2110 1020 que
2163 958 2217 1005 et
2265 951 2705 1006 circumcisionis
2751 951 2983 1020 pepulos
3035 951 3240 1006 frustra
3272 959 3325 1006 et
3359 950 3594 1021 nequid-

2001 1059 2164 1113 quam
2197 1043 2396 1097 divina:
2430 1043 2531 1113 legi
2568 1043 2877 1110 studentes,
2925 1059 3035 1098 non
3070 1051 3277 1096 tantum
3328 1043 3594 1098 adversus

2002 1133 2283 1190 Christum
2319 1133 2546 1199 Dei,sed
2576 1150 2670 1205 per
2701 1151 2848 1200 eum,
2884 1141 2937 1189 et
2970 1134 3233 1188 adversus
3261 1133 3474 1188 Patrem
3499 1133 3595 1204 qui

2003 1226 2155 1280 misit
2204 1225 2380 1290 illum,
2433 1226 2743 1281 insidiatos.
2822 1225 2900 1281 De
2952 1226 3040 1281 his
3072 1225 3332 1281 omnibus
3387 1226 3489 1280 hoc
3537 1227 3594 1280 in

2002 1317 2216 1387 psalmo
2261 1317 2482 1372 additur
2521 1337 2535 1372 :
2577 1335 2594 1368 ι
2633 1317 2735 1383 Qui
2785 1317 2992 1370 habitat
3040 1317 3095 1371 in
3139 1318 3296 1373 caelis
3347 1316 3596 1371 irridebit

1999 1424 2120 1474 eos,
2148 1417 2200 1463 et
2228 1409 2493 1464 Dominus
2516 1409 2878 1465 subsannabit
2907 1426 3023 1464 eos.
3053 1408 3208 1463 Tunc
3239 1410 3490 1478 loquetur
3524 1407 3592 1462 ad

2009 1517 2107 1557 eos
2137 1503 2189 1556 in
2221 1503 2297 1556 ira
2333 1517 2452 1566 sua,
2484 1512 2537 1556 et
2568 1503 2620 1555 in
2655 1501 2841 1557 furore
2873 1517 2974 1556 suo
3007 1501 3356 1555 conturbabit
3383 1517 3476 1555 eos
3512 1500 3588 1553 ⁸.»

2002 1589 2212 1657 Quibus
2245 1591 2441 1646 deinde
2487 1591 2744 1646 Christus
2779 1591 2895 1660 ipse
2938 1591 3107 1655 dicit,
3161 1590 3590 1644 dominationem

2005 1699 2160 1740 suam
2211 1695 2336 1754 post
2387 1685 2699 1754 passionem
2743 1685 3099 1738 constitutam
3147 1698 3248 1740 nos
3299 1684 3589 1738 edocens:

2010 1793 2029 1826 ι
2060 1773 2174 1844 Ego
2200 1783 2382 1829 autem
2417 1776 2754 1830 constitutus
2799 1791 2920 1831 sum
2952 1790 3044 1828 rex
3073 1775 3142 1829 ab
3173 1789 3238 1829 eo
3269 1790 3433 1844 super
3458 1772 3591 1828 Sion

319 1877 468 1940 τούς.
504 1896 521 1928 ι
579 1870 674 1939 Οἷς
727 1875 855 1944 ἑξῆς
913 1875 1076 1939 αὐτὸς
1129 1877 1158 1928 ό
1205 1874 1440 1946 Χριστὸς
1493 1873 1593 1946 τὴν
1653 1873 1790 1944 μετὰ
1839 1873 1895 1926 τὸ

2002 1868 2239 1916 montem
2275 1872 2524 1916 sanctum
2560 1863 2703 1931 ejus,
2756 1861 3062 1933 praedicans
3123 1871 3451 1933 praeceptum
3482 1863 3591 1918 Do-

321 1969 496 2032 πάθος
531 1968 902 2039 γεγενημένην
929 1969 1056 2040 περὶ
1093 1968 1254 2022 αὐτὸν
1288 1967 1598 2038 οἰκονομίαν
1632 1965 1902 2021 παιδεύων

321 2060 473 2131 ἡμᾶς
519 2076 720 2130 φησιν,
775 2077 793 2109 ι
827 2055 968 2126 Ἐγὼ
1016 2057 1074 2111 δὲ
1126 2055 1468 2128 κατεστάθην
1511 2055 1762 2127 βασιλεὺς
1810 2056 1902 2110 ὑπ’

319 2152 486 2206 αὑτοῦ
537 2152 630 2205 ἐπὶ
667 2150 802 2204 Σιὼν
841 2150 966 2220 ὅρος
1011 2150 1072 2204 τὸ
1123 2149 1276 2219 ἅγιον
1319 2149 1484 2204 αὑτοῦ
1507 2189 1522 2212 ,
1573 2148 1900 2217 διαγγέλλων

321 2247 384 2300 τὸ
412 2246 736 2318 πρόσταγμα
766 2242 993 2316 Κυρίου.
1038 2264 1055 2295 ι
1082 2244 1154 2298 Οὐ
1188 2242 1294 2315 χρὴ
1342 2243 1588 2314 μέντοιγε
1628 2241 1768 2296 κατὰ
1799 2241 1901 2306 τὰς

334 2339 605 2393 Ἰουδαίων
651 2341 1009 2410 χαμαιπετεῖς
1061 2337 1355 2408 ὑπολήψεις
1396 2335 1494 2408 τὴν
1539 2328 1635 2388 τοῦ
1661 2332 1898 2406 Χριστοῦ

324 2433 598 2504 βασιλείαν
626 2431 815 2502 ὁμοίαν
839 2434 959 2495 ταῖς
985 2430 1094 2484 τῶν
1127 2428 1429 2502 ἀνθρώπων
1455 2428 1706 2500 ήγεῖσθαι
1727 2428 1820 2481 ἐπὶ
1840 2427 1902 2481 τὸ

319 2525 460 2579 Σιὼν
481 2525 604 2596 ὅρος
629 2523 940 2594 σωματικὸν
971 2521 1404 2592 συστησομένην·
1440 2521 1576 2592 πρός
1609 2521 1659 2589 γ’
1687 2517 1780 2573 οὖν
1806 2519 1900 2572 τὸν

319 2618 670 2688 ἐρωτήσαντα
700 2615 861 2668 αὑτὸν
894 2616 942 2668 εί
973 2613 1222 2685 βασιλεὺς
1259 2613 1536 2683 τυγχάνει,
1567 2611 1899 2682 ἀπεκρίνατο

317 2712 514 2780 λέγων,
553 2731 571 2764 ι
591 2711 656 2763 Ἦ
688 2709 932 2781 βασιλεία
965 2711 998 2780 ἡ
1034 2706 1141 2778 ἐμὴ
1170 2707 1271 2759 οὐκ
1299 2705 1443 2758 ἐστιν
1476 2707 1540 2758 ἐκ
1567 2703 1660 2758 τοῦ
1692 2703 1896 2773 κόσμου

317 2804 510 2859 τούτου
529 2820 543 2834 ⁸
582 2824 600 2854 ι
643 2803 763 2857 ὅθεν
794 2803 858 2872 δὴ
889 2801 982 2855 καὶ
1015 2799 1290 2870 βασιλείαν
1315 2798 1560 2868 οὐρανῶν
1594 2797 1898 2868 έπήγγελτο

315 2900 431 2961 τοῖς
474 2895 891 2949 πεπιστευκόσιν
934 2895 1012 2957 είς
1051 2893 1233 2955 αὑτὸν,
1279 2891 1375 2943 καὶ
1417 2891 1478 2943 τὸ
1511 2889 1648 2942 Σιὼν
1679 2887 1736 2942 δὲ
1774 2888 1898 2959 ὅρος

317 2992 639 3062 ἐπουράνιον
666 2988 928 3058 ὑπάρχειν
952 2984 1187 3048 ἐδίδαξεν
1221 2985 1280 3037 οὐ
1313 2983 1472 3054 μόνος
1498 2985 1526 3036 ό
1553 2982 1894 3044 ’Δπόστολος,

316 3083 452 3136 ἀλλὰ
492 3083 584 3134 καὶ
625 3080 873 3133 πλεῖσται
913 3077 1068 3131 ἄλλαι
1105 3077 1454 3146 προφητεῖαι.
1503 3073 1560 3126 '0
1591 3074 1642 3141 γ’
1674 3067 1765 3126 οὖν
1793 3073 1898 3126 Μισ-

317 3175 478 3246 χαίας
519 3169 796 3244 προειπὼν
835 3171 910 3234 ὼς
940 3171 1048 3240 ἄρα
1085 3168 1172 3222 διὰ
1200 3167 1300 3230 τὰς
1344 3165 1598 3228 ἀσεϐείας
1626 3163 1722 3218 τοῦ
1760 3181 1895 3234 προ-

316 3264 476 3336 τέρου
510 3261 662 3326 λαοῦ,
701 3281 717 3311 ι

324 3354 683 3429 Ἰερουσαλὴμ
701 3353 777 3416 ὡς
801 3350 1242 3422 όπωροφυλάκιον
1259 3346 1433 3412 ἔσται,
1454 3347 1549 3401 καὶ
1577 3345 1638 3399 τὸ
1657 3344 1780 3417 ὅρος
1801 3343 1893 3397 τοῦ

315 3449 466 3501 οἰκου
512 3446 593 3508 εἰς
636 3443 798 3505 ἄλσος
841 3439 1083 3512 δρυμοῦ,
1120 3457 1138 3488 ι
1182 3436 1307 3505 ἑξῆς
1347 3436 1475 3506 περὶ⁵
1512 3434 1702 3505 ἑτέρας
1756 3431 1894 3485 Σιὼν

316 3542 414 3595 καὶ
472 3536 826 3610 Ἰερουσαλὴμ
875 3533 1075 3604 ὁμοίως
1126 3530 1414 3600 ἐπιφέρει,
1467 3528 1671 3596 λέγων⁹
1738 3545 1756 3577 ι
1787 3526 1895 3580 Καὶ

315 3634 467 3686 ἔσται
494 3633 552 3685 ὲν
577 3633 696 3692 ταῖς
716 3627 970 3698 ἐσχάταις
997 3626 1230 3697 ἡμέραις
1255 3622 1495 3693 ἐμφανὲς
1533 3621 1594 3673 τὸ
1621 3621 1744 3689 ὅρος
1778 3621 1894 3672 Κυ-

319 3725 469 3796 ρίου,
511 3723 605 3776 καὶ
644 3721 863 3792 ἥξουσιν
909 3719 992 3768 ἐπ’
1024 3715 1171 3786 αὐτῷ
1201 3714 1354 3776 λαοὶ,
1405 3713 1499 3766 καὶ
1539 3709 1894 3784 πορεύσονται

316 3815 444 3884 ἔθνη
480 3813 668 3875 πολλά,
689 3812 772 3864 ὅτι
806 3813 869 3863 ὲκ
895 3808 1030 3861 Σιὼν
1056 3805 1393 3870 ἐξελεύσεται
1421 3802 1583 3873 νόμος
1615 3801 1708 3854 καὶ
1737 3799 1894 3866 λόγος

318 3908 527 3980 Κυρίου
560 3905 618 3971 ἐξ
655 3901 1029 3973 Ἰερουσαλήμ.
1063 3919 1080 3949 ι
1125 3899 1260 3969 Περὶ
1305 3895 1493 3948 τούτου
1529 3894 1636 3964 ἄρα
1678 3892 1892 3964 εἴρηται

319 4001 412 4056 καὶ
441 3999 624 4052 ἐνθάδε
654 3997 758 4049 ὑπὸ
787 3995 847 4064 (f.
879 3992 963 4059 19)
992 3987 1084 4044 τοῦ
1115 3990 1272 4061 ὅρους
1295 3986 1388 4040 τοῦ
1413 3984 1671 4058 Χριστοῦ,
1709 4003 1726 4034 ι
1751 3982 1892 4050 Ἐγὼ

313 4093 372 4146 δὲ
412 4088 748 4158 κατεστάθην
803 4085 1052 4158 βασιλεὺς
1107 4082 1198 4134 ὑπ’
1242 4079 1406 4133 αὐτοῦ
1454 4078 1546 4131 ἐπὶ
1588 4075 1726 4129 Σιὼν
1767 4077 1892 4147 ὅρος

315 4187 376 4239 τὸ
411 4185 562 4251 ἅγιον
601 4179 796 4234 αὐτοῦ’
834 4197 852 4228 ι
911 4176 1017 4229 ὑπὸ
1057 4175 1204 4237 τίνος
1247 4173 1304 4226 δὲ
1339 4169 1686 4238 κατεστάθη;
1732 4169 1889 4239 δῆλον

314 4280 397 4332 ὃτι
424 4277 530 4330 imi
553 4274 646 4328 τοῦ
687 4275 956 4343 φήσαντος
995 4268 1130 4341 πρὸς
1161 4266 1319 4320 αὑτὸν
1351 4265 1564 4334 Πατρός
1603 4263 1694 4316 τό’
1732 4263 1890 4328 «Υἱός

318 4387 419 4442 μου
465 4365 515 4422 εί
561 4369 647 4432 σὺ,
675 4364 785 4434 ἐγὼ
812 4365 1049 4433 σήμερον
1097 4356 1402 4430 γεγέννηκά
1449 4373 1538 4410 σε·
1573 4375 1593 4409 ι
1646 4356 1741 4409 καὶ
1790 4355 1880 4408 τό·

321 4463 580 4532 ιΑῖτησαι
619 4475 733 4529 παρ

312 4556 508 4627 νομίαν
551 4570 667 4611 σου,
699 4550 794 4604 καὶ
834 4549 934 4618 τὴν
964 4543 1291 4614 κατάσχεσίν
1331 4561 1424 4596 σου
1453 4542 1520 4596 τὰ
1552 4541 1765 4612 πέρατα
1792 4541 1890 4611 τῆς
1923 4563 1964 4616 ι)

312 4647 436 4718 γῆς,
474 4665 490 4696 ι
525 4645 634 4698 Καὶ
664 4644 745 4696 ὃτι
784 4657 846 4708 γε
881 4637 1085 4708 ἀληθὴς
1129 4637 1162 4706 ή
1193 4634 1497 4707 προφητεία
1525 4634 1619 4687 καὶ
1651 4631 1885 4701 ἀψευδὴς

313 4743 346 4812 ἡ
384 4740 704 4809 ὑπόσχεσις,
752 4735 981 4802 πάρεστι
1031 4727 1323 4798 διαγνῶναι
1356 4727 1478 4783 ,ἀπὸ
1511 4726 1620 4779 τῶν
1653 4726 1710 4778 ἐν
1743 4723 1886 4778 οὕτω

315 4831 507 4900 βραχεῖ
535 4825 711 4897 χρόνῳ
757 4817 1229 4892 προσεληλυθότων
1264 4819 1328 4870 ὲκ
1354 4816 1550 4879 παντὸς
1598 4814 1781 4876 ἔθνους
1814 4817 1884 4885 τῇ

310 4921 402 4975 διὰ
442 4919 536 4972 τοῦ
567 4917 815 4988 Σωτῆρος
850 4912 1013 4986 ήμῶν
1054 4909 1366 4980 θεοσεϐείᾳ·
1415 4908 1448 4979 ἢ
1486 4907 1793 4977 λεγέτωσαν
1835 4907 1884 4958 οἱ

312 5013 449 5086 πρὸς
479 5012 578 5080 τὴν
607 5009 885 5081 ἐνέργειαν
913 5001 1252 5059 ἀντιϐλέπειν
1282 4999 1512 5063 ἀναιδῶς
1552 4997 1881 5070 τολμῶντες,

309 5107 418 5161 τίνι
462 5105 526 5159 ἂν
571 5103 742 5174 ἔχοιεν
775 5096 1107 5171 ἐφαρμόζειν
1156 5093 1230 5165 μὴ
1270 5091 1696 5165 παραδεχόμενοι
1729 5087 1880 5143 ταῦθ’

311 5197 486 5260 οὕτως
535 5195 676 5266 ἔχειν
718 5192 816 5264 τὴν
859 5186 1234 5262 προφητείανς
1291 5184 1454 5238 Δαυὶδ
1509 5183 1606 5254 μὲν
1643 5181 1752 5252 γὰρ
1794 5180 1888 5268 τὸν.

315 5284 555 5359 βασιλέα,
585 5283 713 5352 περὶ
746 5273 806 5334 οὗ
833 5278 1006 5332 ταῦτά
1031 5292 1176 5338 τινες
1196 5273 1455 5345 ᾠήθησαν
1481 5269 1754 5339 λέγεσθαι,
1786 5269 1883 5338 οὐχ

310 5375 412 5432 οἷοί
445 5393 504 5428 τε
535 5373 600 5428 ἂν
633 5369 740 5426 εἷεν
783 5368 1130 5442 παραστῆσαι
1170 5363 1347 5419 τοιάδε
1389 5361 1511 5416 τινὰ
1549 5359 1880 5420 πεπονθότα,

311 5473 386 5534 ῶς
422 5467 698 5539 ἀρχόντων
726 5465 820 5518 καὶ
853 5462 1137 5533 βασιλέων,
1166 5459 1336 5514 ἐθνῶν
1366 5475 1425 5510 τε
1452 5456 1548 5510 καὶ
1586 5452 1730 5507 λαῶν
1761 5454 1881 5505 ὲπι-

314 5558 744 5615 δεδουλευκότων
792 5556 971 5627 αὐτῷ·
1007 5554 1135 5607 πότε
1182 5551 1238 5604 δὲ
1271 5550 1304 5621 ἢ
1347 5549 1443 5602 καὶ
1496 5547 1589 5600 ἐπὶ
1632 5543 1883 5616 πηλίκοις

314 5653 760 5727 ἀνδραγαθήμασι
795 5645 947 5702 εἶπεν
985 5647 1014 5699 ό
1037 5646 1242 5716 Κύριος
1270 5640 1349 5712 τῷ
1373 5639 1554 5702 Δαυῖδ,
1588 5636 1744 5698 ιΥἱός
1780 5650 1881 5706 μου

381 5779 404 5810 δ
433 5775 587 5900 ἔδει.
623 5790 698 5839 ιι,
731 5773 796 5836 4,
829 5772 880 5826 5.
990 5770 1011 5802 ⁵
1051 5767 1183 5824 ibid.
1218 5766 1270 5822 6.

319 5851 372 5916 7,
433 5851 489 5900 8.

1382 5765 1402 5796 ⁸
1436 5761 1594 5818 Joan.
1626 5774 1757 5815 ινιιι
1780 5802 1794 5826 ,
1831 5757 1922 5813 36.

2005 1951 2161 2006 mini.
2193 1953 2235 2007 ⁸.
2270 1972 2289 2006 ι
2314 1951 2468 2008 Haud
2523 1971 2653 2010 vero
2683 1955 2981 2009 secundum
3025 1963 3335 2010 terrestrem
3372 1954 3590 2010 Judazo-

2004 2058 2126 2098 rum
2161 2045 2666 2116 interpretationem
2713 2045 3124 2117 intelligendum
3159 2055 3244 2101 est
3268 2046 3472 2104 Christi
3505 2065 3590 2104 re-

2000 2150 2167 2206 gnum
2189 2176 2204 2199 ,
2247 2137 2396 2191 velut
2430 2137 2709 2191 hominum
2743 2153 2948 2208 regna,
2987 2152 3154 2209 super
3183 2145 3424 2193 montem
3455 2138 3588 2196 Sion

2001 2228 2365 2298 corporaliter
2398 2229 2802 2294 constitutum;
2838 2230 3195 2301 interroganti
3226 2230 3372 2284 enim
3423 2246 3590 2286 rexne

2000 2327 2184 2384 esset,
2229 2321 2514 2390 respondit
2541 2320 2732 2377 dicens
2767 2340 2780 2376 :
2818 2341 2835 2372 ι
2871 2319 3115 2393 Regnum
3150 2338 3330 2377 meum
3363 2339 3474 2378 non
3505 2331 3592 2379 est

1999 2409 2069 2467 de
2106 2412 2210 2466 hoc
2238 2413 2512 2468 mundo‘.
2545 2432 2564 2464 ›
2620 2411 2829 2467 Exinde
2879 2429 3105 2483 regnum
3151 2415 3414 2470 caelorum
3462 2431 3592 2485 pro-

1999 2503 2150 2558 misit
2179 2503 2261 2559 eis
2291 2505 2384 2574 qui
2417 2504 2769 2561 crediderunt
2795 2505 2849 2558 in
2879 2520 3026 2572 eum,
3065 2514 3417 2574 montemque
3454 2505 3589 2562 Sion

1998 2607 2121 2649 esse
2153 2593 2432 2665 cmlestem
2459 2593 2648 2650 docuit
2681 2609 2790 2648 non
2826 2604 3036 2648 tantum
3067 2593 3385 2665 Apostolus,
3406 2595 3500 2650 sed
3536 2604 3591 2650 et

2001 2683 2272 2755 pleraeque
2323 2683 2443 2740 alia:
2487 2685 2807 2756 prophetiae.
2852 2686 3109 2742 Michaeas
3139 2686 3305 2757 igitur
3330 2687 3590 2758 praefatus

1999 2775 2145 2846 quod
2169 2785 2393 2846 propter
2422 2777 2636 2847 priores
2661 2778 2843 2847 populi
2869 2778 3212 2848 iniquitates,
3240 2776 3403 2832 «Sion
3429 2779 3590 2850 quasi

1999 2881 2130 2938 ager
2162 2868 2430 2934 arabitur,
2461 2876 2516 2922 et
2545 2866 2850 2922 Jerusalem
2880 2869 3038 2939 quasi
3072 2883 3302 2923 acervus
3345 2869 3588 2939 lapidum

1997 2959 2135 3022 erit,
2166 2965 2221 3013 et
2251 2974 2411 3013 mons
2446 2960 2632 3028 templi
2665 2960 2720 3013 in
2753 2960 2975 3014 excelsa
3012 2960 3274 3016 silvarum
3303 2961 3322 2991 "
3347 2999 3362 3023 ,
3404 2979 3421 3011 ι
3460 2959 3588 3016 dein

1997 3048 2064 3104 de
2094 3049 2202 3103 alia
2228 3046 2359 3103 Sion
2387 3058 2440 3103 et
2465 3047 2768 3105 Jerusalem
2817 3050 3065 3104 similiter
3091 3059 3277 3104 narrat
3301 3093 3316 3117 ,
3345 3051 3537 3108 dicens
3568 3071 3582 3108 :

2004 3160 2023 3192 ι
2060 3139 2126 3194 Et
2157 3141 2262 3195 erit
2297 3141 2350 3194 in
2382 3141 2686 3198 novissimo
2711 3142 2924 3197 dierum
2961 3159 3118 3200 mons
3151 3145 3345 3200 domus
3367 3143 3586 3200 Domini

754 3224 907 3312 Σιὼν.
939 3224 1016 3323 ὡς
1065 3258 1232 3329 ἀγρὸς
1280 3224 1771 3328 άροτριαθήσεται,
1801 3224 1895 3310 καὶ

1999 3241 2338 3304 praeparatus
2363 3233 2418 3287 in
2443 3233 2652 3288 vertice
2676 3236 2898 3299 montis,
2926 3275 2939 3288 .
2969 3275 2982 3286 .
3011 3277 3023 3288 .
3045 3273 3061 3288 .
3090 3243 3145 3290 et
3168 3234 3336 3290 fluent
3366 3235 3434 3289 ad
3459 3251 3585 3290 eum

1998 3326 2205 3395 populi,
2239 3333 2292 3380 et
2324 3327 2693 3396 properahunt
2716 3335 2906 3396 gentes
2938 3327 3120 3381 multa:
3145 3367 3159 3380 .
3188 3369 3203 3382 .
3232 3367 3248 3382 .
3274 3366 3289 3381 .
3317 3370 3332 3395 ,
3355 3327 3484 3398 quia
3516 3327 3586 3383 de

1999 3415 2132 3470 Sion
2179 3415 2491 3487 egredietur
2522 3417 2630 3480 lex,
2662 3425 2716 3471 et
2751 3418 2977 3471 verbum
3010 3416 3225 3471 Domini
3265 3417 3333 3472 de
3360 3417 3585 3474 Jerusa-

1996 3515 2102 3569 lem
2133 3516 2176 3570 ⁸.
2215 3535 2235 3568 ›
2287 3515 2388 3570 Hic
2419 3530 2579 3570 mons
2609 3514 2814 3570 Christi
2862 3529 3081 3584 quoque
3113 3513 3215 3568 hoc
3250 3514 3305 3567 in
3340 3513 3462 3568 loco
3497 3513 3585 3567 in-

1997 3607 2185 3662 nuitur
2214 3627 2227 3661 :
2272 3627 2290 3658 ι
2327 3607 2438 3679 Ego
2464 3616 2642 3664 autem
2679 3623 2772 3662 rex
2799 3607 3133 3661 constitutus
3159 3621 3280 3660 sum
3309 3605 3378 3660 ab
3399 3621 3465 3661 eo
3488 3622 3584 3660 su-

1993 3713 2091 3766 per
2139 3695 2272 3751 Sion
2318 3706 2560 3752 montem
2615 3704 2866 3751 sanctum
2919 3695 3060 3764 ejus.
3102 3714 3121 3745 ι
3187 3695 3231 3747 Α
3258 3708 3369 3764 quo
3399 3702 3582 3749 autem

1993 3789 2330 3843 constitutus
2377 3795 2482 3853 est,
2530 3788 2637 3843 nisi
2678 3787 2967 3843 manifeste
3012 3787 3083 3842 ab
3139 3786 3233 3840 illo
3291 3784 3452 3841 Patre
3485 3786 3582 3856 qui

1994 3883 2061 3936 ad
2095 3897 2219 3936 eum
2256 3881 2389 3935 dicit
2424 3897 2439 3934 :
2479 3878 2684 3934 «Filius
2713 3893 2868 3934 meus
2890 3893 2952 3933 es
2985 3886 3066 3943 tu,
3094 3885 3148 3931 et
3170 3892 3270 3948 ego
3302 3876 3464 3931 hodie
3496 3892 3582 3948 ge-

1992 3971 2088 4027 nui
2126 3981 2214 4038 te;
2251 3971 2468 4041 postula
2505 3986 2535 4024 a
2559 3985 2669 4034 me,
2707 3977 2760 4026 et
2784 3969 2926 4024 dabo
2963 3969 3060 4023 tibi
3082 3975 3269 4037 gentes
3293 3967 3581 4022 hzeredita-

1991 4074 2098 4119 tem
2125 4071 2296 4128 tuam,
2329 4073 2382 4118 et
2412 4063 2817 4133 possessionem
2849 4069 2997 4116 tuam
3025 4061 3286 4115 terminos
3319 4061 3573 4115 νει-ταν.»

1991 4157 2145 4223 Quod
2179 4155 2399 4226 quidem
2427 4169 2556 4208 vera
2583 4154 2656 4209 sit
2693 4153 3001 4225 prophetia,
3024 4168 3126 4207 nec
3154 4151 3316 4206 fallax
3345 4154 3579 4223 promis-

1991 4249 2096 4312 sio,
2147 4247 2463 4302 noverimus
2514 4247 2580 4301 iis
2634 4247 2725 4315 qui
2774 4247 2828 4299 in
2864 4255 2974 4299 tam
3028 4245 3180 4300 brevi
3222 4253 3465 4316 tempore
3509 4258 3576 4300 ex

1989 4338 2139 4392 omni
2186 4345 2347 4408 gente
2389 4335 2457 4390 ad
2496 4351 2677 4390 veram
2713 4333 2807 4389 Dei
2841 4335 3157 4406 religionem
3202 4349 3300 4404 per
3330 4331 3578 4387 Salvato-

736 4459 749 4475 ’
788 4423 1075 4526 ὲμόῦίκαὶ
1098 4423 1252 4505 δώσω
1284 4423 1364 4503 σοι
1399 4448 1527 4519 ἔθνη
1564 4447 1661 4519 τὴν
1693 4447 1888 4518 κληρο-

1997 4444 2106 4484 rem
2157 4437 2409 4484 nostrum
2459 4436 2844 4497 pervenerunt.
2896 4423 3092 4480 Dicant
3124 4426 3412 4481 evidentia:
3439 4427 3577 4480 resi~

1993 4532 2137 4579 stere
2167 4521 2510 4592 impudenter
2539 4520 2826 4582 audentes,
2853 4523 2941 4572 cui
2972 4518 3374 4572 accommodari
3402 4518 3577 4587 possit

1994 4617 2110 4672 haec
2141 4615 2424 4685 prophetia
2448 4654 2463 4678 ,
2500 4619 2744 4667 nostram
2781 4611 2825 4666 si
2859 4610 3364 4680 interpretationem
3396 4608 3571 4662 detre-

1995 4715 2166 4763 ctant.
2233 4706 2491 4760 Davidem
2522 4704 2666 4759 enim
2703 4718 2905 4772 regem,
2937 4700 3004 4756 de
3033 4715 3143 4771 quo
3169 4699 3284 4754 haec
3316 4699 3423 4753 dici
3453 4699 3573 4767 opi-

1991 4807 2216 4862 nantur,
2272 4797 2548 4868 quomodo
2596 4795 2726 4849 talia
2777 4809 2998 4865 passum
3046 4791 3216 4847 fuisse
3260 4790 3570 4853 ostendent,

1989 4889 2079 4944 cui
2109 4889 2242 4943 nulli
2277 4886 2553 4958 principes
2604 4900 2826 4955 regesve
2857 4897 3094 4952 unquam
3128 4879 3370 4935 insidiati
3403 4879 3575 4932 sunt?

1988 4981 2218 5048 Quando
2247 4986 2426 5034 autem
2460 4985 2516 5032 et
2540 4991 2665 5048 qua:
2689 4976 2760 5030 ob
2789 4974 3021 5030 viriliter
3053 4978 3204 5042 gesta
3231 4969 3368 5025 dixit
3396 4967 3576 5023 Domi-

1990 5091 2094 5132 nus
2129 5073 2311 5130 Davidi
2351 5092 2364 5127 :
2401 5069 2610 5126 «Filius
2655 5083 2810 5124 meus
2856 5083 2918 5122 es
2965 5075 3042 5132 tu,
3086 5078 3186 5133 ego
3217 5062 3377 5117 hodie
3408 5061 3570 5132 genui

1989 5165 2087 5220 te?
2114 5183 2133 5216 ι
2168 5161 2452 5230 Quomodo
2481 5167 2536 5216 et
2571 5159 2683 5221 illa,
2724 5177 2743 5210 ι
2771 5155 2990 5212 Postula
3017 5170 3046 5208 a
3078 5169 3185 5217 me,
3219 5158 3273 5207 et
3301 5151 3441 5206 dabo
3470 5150 3569 5205 tibi

1986 5265 2173 5329 gentes
2224 5255 2591 5310 haereditatem
2635 5259 2808 5314 tuam,
2864 5256 2919 5302 et
2964 5243 3365 5317 possessionem
3417 5254 3566 5297 tuam

1985 5351 2250 5406 terminos
2284 5355 2462 5409 terrae,
2502 5365 2520 5396 ι
2549 5344 2598 5400 ei
2631 5343 2963 5404 dicerentur,
2998 5338 3086 5394 cui
3117 5335 3402 5391 manifeste
3432 5333 3566 5389 solis

1986 5446 2153 5501 Israel
2201 5452 2255 5498 et
2298 5441 2450 5496 ,ιυίιεθ
2497 5437 2747 5492 terminis
2803 5449 3029 5505 regnum
3086 5428 3565 5496 circumscriptum

1985 5538 2136 5593 erat?
2193 5535 2384 5590 Dicant
2412 5546 2630 5602 quoque
2655 5543 2754 5583 cur
2783 5542 2895 5581 non
2921 5525 3135 5580 venisse
3157 5520 3434 5576 Christum
3463 5515 3564 5570 ad-

1984 5630 2226 5686 mittant.
2279 5626 2498 5687 Annon,
2550 5637 2674 5678 cum
2706 5635 2902 5692 passus
2949 5625 3055 5682 est,
3083 5615 3246 5670 alium
3279 5613 3442 5683 igitur
3466 5623 3565 5664 ex-

2039 5756 2058 5786 "
2103 5751 2268 5809 Mich.
2336 5767 2436 5814 ιη,
2471 5748 2558 5804 12.
2635 5749 2657 5779 ⁸
2705 5745 2865 5801 Mich.
2901 5759 2975 5809 tv,
3015 5740 3127 5796 {-2.
3238 5739 3258 5770 ⁹
3299 5733 3444 5790 Psal.
3479 5744 3562 5799 tt,
