4114 6472
600 297 738 352 ἰθθῦ

1301 293 1572 350 EUSEBII
1612 292 2090 349 CESARIENSIS
2129 292 2279 350 OPP.
2324 291 2500 348 PARS
2540 292 2626 350 111.
2667 325 2737 337 --
2766 292 3182 350 EXEGETICA.

3708 292 3851 348 1096

598 421 844 483 spectare
874 427 968 466 eos
1011 425 1238 465 necesse
1278 418 1362 465 est
1387 411 1523 464 nihil
1551 411 1677 472 tale,
1712 411 1869 480 quale
1898 411 2006 473 hic,
2045 426 2154 480 pas

2277 407 2326 464 εἷ
2354 412 2440 472 σὺ,
2470 409 2580 479 ἐγὼ
2619 413 2856 481 σήμερον
2902 410 3205 481 γεγέννηκά
3240 425 3332 473 es;
3363 429 3381 462 ι
3407 408 3530 473 Πῶς
3556 408 3611 462 δὲ
3639 409 3738 461 καὶ
3767 407 3848 471 τὸ,

599 504 826 560 Surum?
873 503 938 556 Et
968 503 1239 573 quomodo
1290 503 1641 572 implerentur
1685 505 1976 572 prophetia
2009 506 2176 558 multa

596 613 718 668 quae
748 610 1012 666 passurus
1038 605 1153 650 erat
1181 593 1270 649 Dei
1290 593 1541 650 Christus
1563 636 1578 660 ,
1602 597 1730 651 etin
1761 596 2010 666 pluribus
2034 596 2174 658 aliis,

597 703 704 742 non
755 690 934 741 minus
980 703 1142 757 quam
1195 687 1248 740 in
1293 688 1395 740 hoc
1429 687 1660 756 psalmo,
1713 687 2178 757 praenuntiantes?

594 779 868 848 Numquid
911 778 1331 833 existimandum
1377 789 1458 832 est
1509 780 1643 832 adeo
1681 793 1778 848 per
1824 779 2006 832 orbem
2057 779 2176 834 sine

597 870 690 925 Dei
721 871 922 924 auxilio
957 871 1324 939 pervulgatam
1362 869 1527 924 fuisse
1572 870 1638 923 de
1667 870 1907 924 omnium
1936 869 2045 925 Deo
2077 871 2175 925 do-

595 963 863 1028 ctrinam;
902 962 1285 1032 hominumque
1318 962 1459 1023 vim,
1511 959 1770 1015 adversus
1815 977 1994 1015 rerum
2026 963 2174 1016 vices

593 1058 706 1105 tam
765 1051 1044 1114 inermem,
1102 1051 1236 1105 adeo
1301 1052 1595 1106 invaluisse
1654 1059 1708 1105 et
1763 1053 2172 1106 corroboratam

596 1142 766 1197 fuisse
811 1151 870 1196 ut
909 1142 1125 1212 propria
1168 1141 1543 1196 tantummodo
1574 1140 1821 1194 doctrina
1846 1184 1860 1207 ,
1901 1143 2016 1196 sine
2061 1142 2172 1195 ullo

594 1232 810 1288 deitatis
829 1235 1045 1295 auxilio,
1073 1235 1125 1286 in
1145 1233 1396 1288 omnibus
1414 1234 1726 1303 regionibus
1761 1233 1832 1286 ita
1861 1234 2169 1286 auditorum

594 1326 804 1379 animas
852 1324 1182 1387 instituerit,
1229 1322 1430 1392 Deique
1469 1325 1708 1376 omnium
1742 1324 1968 1377 scientia
2020 1323 2170 1391 prius

593 1414 720 1468 olim
746 1414 1016 1478 imbuerit,
1046 1424 1098 1469 et
1131 1430 1302 1484 usque
1327 1429 1472 1467 nunc
1502 1414 1568 1467 iis
1600 1415 1951 1484 persuaserit,
1989 1423 2045 1467 ut
2075 1429 2171 1482 pa-

592 1507 751 1559 triam
785 1516 1018 1577 gentem,
1075 1511 1351 1576 vitamque
1379 1507 1656 1576 injustam,
1694 1507 1861 1561 feram
1901 1523 1963 1561 ac
1992 1507 2170 1562 disso-

594 1599 760 1653 lutam
791 1598 1103 1668 abjicerent,
1150 1598 1351 1669 Deique
1375 1600 1560 1668 pietati
1589 1600 1932 1653 solummodo
1979 1599 2168 1654 stude-

591 1699 733 1753 rent,
770 1690 1020 1758 illamquc
1061 1705 1168 1742 non
1231 1689 1407 1743 solum
1453 1689 1670 1758 opibus,
1703 1688 1796 1744 sed
1824 1696 1876 1742 et
1913 1689 2013 1758 ipsi
2045 1689 2168 1743 vita:

2285 521 2302 552 ι
2331 503 2554 572 Αἴτησαι
2601 504 2727 572 παρ’
2768 501 2924 571 ἐμοῦ,
2965 502 3058 554 καὶ
3083 499 3238 554 δώσω
3283 517 3362 553 σοι
3403 499 3530 570 ἔθνη
3568 499 3665 569 τὴν
3714 499 3852 568 κληο

2282 594 2536 666 ρονομίαν
2580 611 2692 656 σου,
2735 593 2830 646 καὶ
2873 595 2971 666 τὴν
3013 593 3336 663 κατάσχεσίν
3383 610 3476 646 σου
3522 593 3591 646 τὰ
3633 593 3858 663 πέρατα

2274 686 2375 756 τῆς
2409 686 2529 754 γῆς,
2568 706 2584 736 ι
2627 685 2819 754 λέγοιτ’
2855 686 2920 739 ἂν
2969 685 3043 748 ὡς
3081 684 3216 756 πρὸς
3263 685 3421 738 αὐτὸν
3464 684 3649 753 σαφῶς
3694 700 3857 752 περι-

2277 775 2583 848 ορισθείσης
2608 776 2771 830 αὐτοῦ
2794 777 2892 848 τῆς
2919 776 3190 846 βασιλείας
3220 779 3309 830 ἐπὶ
3340 777 3498 842 μόνον
3525 773 3858 845 τὸνἹσραὴλ

2278 869 2372 921 καὶ
2418 870 2542 932 τοὺς
2581 869 2683 935 τῆς
2729 869 2985 932 ἰουδαίας
3034 869 3224 940 ὅρους;
3283 869 3380 921 Διά
3429 869 3480 921 τί
3530 868 3588 920 δὲ
3638 869 3734 920 καὶ
3785 868 3854 920 οὗ

2277 961 2588 1028 προσίενται
2619 960 2708 1013 τὸν
2739 960 3031 1030 ἐληλυθότα
3046 960 3300 1025 Χριστὸν,
3334 960 3852 1029 ἀσιτοκρινέσθωσαειι⁹

2273 1048 2384 1123 ἇρά
2423 1069 2484 1120 γε
2535 1053 2719 1123 ἐπειδὴ
2773 1052 3058 1116 πέπονθεν,
3087 1053 3271 1122 ἕτερον
3317 1053 3495 1105 τοίνυν
3539 1051 3857 1123 προσδοκᾷν

2273 1147 2469 1208 αὐτοὺς
2507 1146 2718 1215 ἀνάγκη
2763 1145 2926 1216 μηδὲν
2969 1144 3203 1198 τοιοῦτον
3241 1147 3423 1198 ὁποῖον
3467 1137 3620 1207 οὗτος
3662 1144 3857 1196 πεισό-

2275 1254 2474 1308 μενον;
2541 1239 2650 1290 Καὶ
2707 1237 2823 1301 πῶς
2883 1237 2949 1291 ἂν
3004 1237 3336 1308 πληρωθεῖεν
3396 1239 3451 1290 αἰ
3513 1239 3857 1307 προφητεῖαι

2271 1326 2496 1378 πλεῖστα
2543 1327 2646 1380 ὅσα
2696 1325 2888 1380 παθεῖν
2913 1326 3004 1378 τὸν
3037 1325 3270 1396 Χριστὸν
3303 1324 3396 1377 τοῦ
3448 1323 3606 1388 Θεοῦ,
3657 1324 3750 1376 καί
3790 1324 3857 1373 ἐν

2271 1418 2473 1488 ἑτέροις
2503 1418 2600 1488 μὲν
2633 1418 2894 1481 πλείοσιν,
2927 1419 3023 1488 οὐχ
3049 1419 3246 1488 ἥκιστα
3279 1416 3334 1470 δὲ
3371 1418 3464 1470 καὶ
3501 1417 3558 1468 ἐν
3595 1415 3672 1486 τῷ
3705 1414 3858 1485 μετὰ

2271 1512 2457 1580 χεῖρας
2503 1509 2864 1581 προλέγουσαι
2903 1508 3136 1578 ψαλμῷ;
3168 1505 3312 1579 Ἀρα
3351 1507 3407 1560 δὲ
3449 1508 3553 1578 χρὴ
3599 1506 3857 1576 νομίζειν

2267 1599 2420 1653 ἀθεεὶ
2468 1601 2566 1671 τὴν
2617 1601 2743 1673 περὶ
2799 1599 2893 1652 τοῦ
2959 1600 3068 1653 τῶν
3128 1599 3262 1652 ὅλων
3309 1598 3441 1652 Θεοῦ
3493 1598 3857 1651 διδασκαλίαν

2268 1692 2659 1764 ἐνεσπαρκέναι
2709 1690 2897 1745 τοῦτον
2942 1695 3008 1763 τῇ
3066 1691 3390 1762 οἰκουμένῃ’
3457 1690 3570 1743 ἔστι
3622 1690 3681 1742 δὲ
3735 1687 3854 1742 κᾶν

591 1780 726 1834 adeo
770 1780 1022 1834 omnibus
1069 1779 1282 1834 dilectae
1326 1781 1753 1850 anteponerent?
1806 1778 2005 1835 Verum
2055 1796 2154 1833 non

2269 1783 2547 1853 ἐπινοῆσαι
2577 1783 2921 1854 ἀνθρωπίνην
2951 1781 3127 1854 ὁρμὴν
3156 1782 3248 1835 καὶ
3273 1781 3431 1852 ψιλὴν
3461 1780 3554 1834 τοῦ
3585 1781 3855 1850 τυχόντος

589 1871 784 1940 opinor
841 1886 1163 1940 quemquam
1228 1887 1450 1934 eorum,
1505 1873 1596 1941 qui
1657 1879 1804 1926 recte
1865 1873 1931 1928 de
2003 1873 2165 1929 rebus

590 1964 792 2017 sentire
857 1965 1064 2025 volunt,
1135 1974 1456 2033 negaturum
1527 1979 1650 2019 esse
1695 1965 1808 2018 haec
1851 1972 1998 2018 tanta
2066 1964 2158 2020 Dei

588 2068 690 2124 cpe
721 2062 773 2108 et
813 2054 948 2108 ultra
985 2055 1263 2108 hominum
1321 2053 1629 2110 facultatem
1679 2071 1775 2125 per
1822 2054 2161 2110 Salvatorem

589 2155 832 2201 nostrum
873 2147 1142 2202 evenisse.
1199 2146 1409 2212 Quibus
1451 2149 1610 2204 simul
1644 2147 1948 2202 ostenditur
1981 2148 2162 2201 incar-

587 2236 699 2289 nati
730 2235 942 2290 Domini
976 2236 1252 2301 divinitas,
1277 2237 1437 2291 simul
1464 2243 1516 2290 et
1548 2244 1730 2305 aperte
1755 2235 2158 2289 demonstratur

586 2343 708 2382 eum
733 2329 1007 2399 accepisse
1033 2342 1062 2381 a
1092 2327 1250 2382 Patre
1289 2335 1506 2398 «gentes
1531 2327 1920 2391 hereditatem,
1946 2333 1999 2380 et
2030 2341 2158 2394 pos-

585 2419 886 2474 sessionem
911 2419 1029 2487 ejus
1075 2419 1337 2473 terminos
1379 2426 1558 2483 terrae,
1590 2437 1608 2469 ι
1637 2424 1998 2487 congruenter
2029 2432 2152 2471 cum

513 2570 519 2577 ,
586 2515 863 2580 βιοωοίιεια
919 2510 1220 2581 prophetia.
1286 2508 1653 2580 Quacumque
1699 2510 1766 2564 de
1813 2509 1915 2563 hoc
1947 2511 2155 2579 psalmo

584 2600 810 2656 dicenda
857 2609 985 2655 sunt
1017 2601 1295 2655 absolvere
1339 2608 1551 2670 tempus
1593 2609 1770 2663 vetat,
1807 2614 1932 2653 cum
1957 2600 2068 2669 jam
2100 2611 2155 2654 et

583 2690 833 2746 diﬂusius
862 2691 928 2745 de
955 2692 1047 2746 illo
1075 2691 1451 2746 disseruimus.

2270 1872 2524 1944 ἐπιϐολὴν
2557 1872 2806 1926 τοσοῦτον
2847 1873 3060 1942 ἰσχῦσαι
3090 1891 3148 1925 τε
3181 1876 3275 1927 καὶ
3317 1872 3624 1944 δυνηθῆναι,
3651 1871 3729 1934 ὡς
3749 1870 3853 1923 διὰ

2272 1967 2437 2036 μόνης
2472 1966 2569 2036 τῆς
2608 1965 2772 2019 αὑτοῦ
2815 1965 3157 2028 διδασκαλίας
3189 1965 3316 2018 ἄνευ
3361 1963 3609 2034 θεότητος
3645 1979 3852 2032 συνερ-

2264 2055 2467 2126 γούσης
2512 2056 2856 2120 παντοδαπὰς
2897 2056 3176 2128 ἀκροατῶν
3205 2054 3466 2109 διαθεῖναι
3493 2054 3668 2124 ψυχὰς
3704 2053 3851 2124 περὶ

2261 2144 2352 2196 τὸν
2394 2143 2500 2196 τῶν
2550 2143 2688 2196 ὅλων
2719 2144 2848 2197 Θεὸν
2885 2144 3056 2198 ταῦτα
3102 2148 3283 2197 πεῖσαι
3332 2143 3496 2197 πάλαι
3545 2143 3846 2213 πρότερον,

2263 2239 2355 2291 καὶ
2387 2236 2554 2291 εἰσέτι
2585 2238 2680 2292 νῦν
2729 2237 2936 2290 πείθειν
2983 2235 3297 2290 καταλιπεῖν
3335 2235 3431 2306 μὲν
3465 2234 3558 2306 ἔθη
3604 2234 3845 2304 πάτρια,

2262 2327 2375 2398 βίον
2411 2346 2470 2381 τε
2500 2328 2754 2399 ἄθεσμον,
2792 2329 2884 2382 καὶ
2919 2330 3210 2400 ἀνήμερον,
3245 2330 3337 2382 καὶ
3363 2329 3678 2394 ἀκόλαστον,
3709 2327 3846 2379 θεο-

2262 2417 2446 2490 σεϐείᾳ
2480 2418 2536 2471 δὲ
2581 2419 2714 2489 μόνῃ
2749 2419 3050 2490 προσέχειν,
3092 2421 3184 2472 καὶ
3225 2418 3424 2489 ταύτην
3451 2418 3510 2471 οὐ
3543 2419 3699 2488 μόνον
3732 2417 3846 2485 τῆς

2260 2509 2606 2580 ὑπαρχούσης
2647 2510 2866 2574 οὐσίας,
2913 2510 3047 2564 ἀλλά
3093 2512 3185 2564 καὶ
3222 2511 3288 2564 δι’
3344 2510 3507 2564 αὑτοῦ
3554 2510 3644 2562 τοῦ
3693 2511 3842 2562 πᾶσι

2260 2600 2628 2672 περιποθήτου
2668 2601 2767 2672 ζῇν
2809 2605 3114 2674 προτιμᾷνς
3162 2603 3304 2655 Ἀλλ’
3340 2604 3440 2656 ούκ
3487 2601 3664 2672 οἴομαί
3703 2617 3840 2652 τινα

2256 2692 2366 2745 τῶν
2408 2691 2509 2745 κᾶν
2557 2691 2791 2762 μετρίως
2843 2694 3203 2764 εὐγνωμονεῖν
3252 2692 3542 2747 ἐθελόντων
3585 2692 3658 2762 μὴ
3701 2690 3842 2760 οὐχὶ

587 2783 960 2854 συνομολογεῖν
991 2784 1058 2836 τά
1122 2783 1420 2852 τηλικαῦτα
1492 2786 1628 2856 μετά
1664 2785 2031 2858 συνεργούσης
2075 2785 2225 2850 θείας
2263 2786 2356 2840 καὶ
2409 2786 2549 2858 ὑπὲρ
2599 2787 2902 2860 ἀνθρώπων
2959 2788 3236 2861 δυνάμεως
3287 2789 3372 2842 διὰ
3428 2787 3522 2841 τοῦ
3569 2787 3837 2856 Σωτῆρος

584 2878 740 2951 ἡμῶν
786 2880 1097 2949 γεγονέναιο
1152 2880 1211 2944 ἐξ
1256 2874 1330 2933 ὧν
1384 2880 1517 2950 ὁμοῦ
1575 2882 1671 2950 μέν
1730 2882 1822 2933 καὶ
1877 2882 1910 2948 ἡ
1955 2881 2142 2951 θεότης
2179 2881 2564 2935 ἀποδείκνυται
2616 2881 2712 2935 τοῦ
2759 2882 3278 2954 ἐνανθρωπησαντος
3319 2881 3543 2955 Κυρίου,
3581 2879 3714 2952 ὁμοῦ
3767 2878 3835 2933 δὲ

584 2974 676 3028 καὶ
715 2973 782 3026 τά
822 2975 1091 3045 τεκμήρια
1130 2974 1317 3042 σαφῶς
1354 2974 1682 3045 παρίσταται
1725 2973 1822 3026 τοῦ
1872 2973 2148 3043 εἰληφέναι
2187 2975 2348 3029 αὑτὸν
2381 2975 2486 3030 ὑπὸ
2521 2975 2614 3029 τοῦ
2679 2975 2888 3046 Πατρὸς
2939 2996 2956 3026 ι
2989 2976 3056 3028 τὰ
3107 2976 3234 3045 ἔθνη
3284 2974 3662 3046 κληρονομίαν,
3726 2971 3833 3024 καὶ

582 3066 683 3138 τὴν
717 3066 1041 3134 κατάσχεσιν
1083 3065 1246 3118 αὐτοῦ
1299 3065 1366 3118 τά
1410 3067 1630 3138 πέρατα
1668 3066 1767 3135 τῆς
1808 3067 1930 3138 γῆς,
2001 3086 2020 3117 ι
2068 3066 2375 3132 ἀκολούθως
2440 3071 2504 3139 τῇ
2544 3069 2682 3140 μετά
2717 3071 2903 3140 χεῖρας
2944 3069 3267 3141 προφητείᾳ.
3301 3067 3436 3122 Ὀλα
3463 3067 3520 3120 δὲ
3552 3065 3619 3120 τά
3677 3065 3829 3118 κατά

581 3155 672 3208 τὸν
745 3154 957 3226 ψαλμὸν
1007 3155 1306 3226 διηγεῖσθαι
1351 3157 1410 3210 οὐ
1477 3157 1571 3210 τοῦ
1625 3157 1891 3228 παρόντος
1947 3159 2202 3228 τυγχάνει
2254 3159 2479 3231 καιροῦ,
2555 3152 2785 3231 μάλιστα
2829 3161 2917 3213 ὅτε
2980 3160 3355 3232 πληρεστάτης
3407 3159 3507 3230 ἢδη
3554 3157 3828 3227 τετύχηκε

563 3249 900 3322 διηγήσεως.

1187 3368 1413 3424 CAPUT
1449 3367 1536 3424 lll.

1108 3458 1155 3512 Ε
1185 3461 1386 3528 psalmo
1427 3463 1599 3517 tertio.

651 3547 894 3606 Tertium
942 3566 1158 3620 quoque
1207 3555 1473 3622 psalmum
1526 3553 1681 3608 facile
1719 3561 1802 3609 est
1831 3553 1898 3609 de
1930 3552 2148 3608 Christo

581 3640 961 3712 interpretari,
1011 3652 1376 3712 congruenter
1417 3660 1539 3698 cum
1590 3646 1802 3700 insidiis
1855 3660 1975 3714 quae
2023 3654 2148 3700 ante

579 3749 702 3787 eum
729 3732 966 3799 fuerunt,
1000 3733 1227 3789 insidias
1251 3734 1514 3790 adversus
1538 3752 1660 3790 eum
1681 3745 1900 3807 paratas
1925 3737 2148 3792 demon-

579 3832 760 3880 strans
783 3824 885 3878 hoc
912 3824 1070 3879 modo
1099 3844 1111 3878 :
1152 3843 1170 3876 ι
1207 3824 1454 3886 Domine,
1482 3827 1611 3897 quid
1642 3829 1982 3899 multiplicati
2019 3837 2146 3883 sunt

576 3915 670 3986 qui
701 3915 962 3968 tribulant
992 3932 1077 3970 me
1106 3917 1186 3970 ‘°?
1214 3936 1233 3969 ι
1299 3917 1362 3971 Et
1396 3934 1516 3987 qua:
1546 3921 1997 3974 resurrectionem
2025 3922 2144 3991 ejus

575 4003 829 4068 innuunt,
880 4004 964 4059 his
1013 4006 1191 4062 verbis
1225 4027 1236 4060 :
1275 4026 1294 4059 ι
1335 4007 1444 4078 Ego
1475 4009 1727 4077 dormivi,
1773 4019 1826 4065 et
1855 4021 2142 4081 soporatus

575 4109 729 4161 sum;
764 4103 817 4148 et
849 4097 1154 4163 exsurrexi,
1187 4099 1310 4167 quia
1340 4099 1599 4157 Dominus
1625 4101 1863 4171 suscepit
1896 4118 1981 4157 me
2015 4103 2077 4154 ¹¹.
2117 4120 2135 4153 ι

572 4183 897 4240 Conveniret
925 4186 1142 4241 Christo
1171 4195 1223 4242 et
1255 4189 1486 4259 quisque
1518 4191 1678 4260 hujus
1711 4191 1905 4262 psalmi
1927 4207 2136 4256 versus,

572 4278 664 4344 qui
697 4275 853 4330 nobis
885 4278 1323 4346 interpretandus
1368 4288 1468 4334 est.
1530 4280 1648 4334 Non
1689 4281 1997 4336 inconsulto
2027 4291 2137 4338 ter-

571 4367 680 4420 tius
724 4365 810 4420 ille
843 4369 1084 4436 psalmus
1125 4368 1329 4425 Christi
1377 4373 1830 4428 resurrectionem
1879 4390 2136 4444 praenun-

570 4458 692 4522 tiat,
742 4458 1117 4529 congruenter
1147 4477 1269 4515 cum
1314 4468 1607 4534 praecitatis
1641 4468 1959 4536 prophetiis.
2021 4466 2137 4521 Pri-

567 4564 690 4605 mus
716 4551 881 4612 euim,
929 4552 1072 4608 sicut
1099 4554 1404 4618 retulimus,
1453 4555 1857 4627 integerrimam
1903 4560 2022 4628 ejus
2055 4562 2131 4615 vi-

563 4645 718 4704 tam,
774 4641 1186 4714 iniquitatisque
1241 4644 1534 4701 immunem
1591 4648 1801 4702 vivendi
1866 4652 2130 4707 rationem

2769 3371 3167 3423 ΚΕΦΑΛΑῘΟΝ
3206 3371 3282 3424 Γ.

2858 3460 3107 3530 Ψαλμοῦ
3143 3467 3211 3530 γ.

2317 3553 2428 3606 Καὶ
2448 3553 2538 3606 τὸν
2573 3553 2755 3624 τρίτον
2787 3551 2998 3623 ψαλμὸν
3049 3552 3142 3604 ἐπὶ
3189 3552 3279 3605 τὸν
3334 3553 3566 3622 Χριστὸν
3609 3553 3818 3623 ἐκλαμ-

2249 3643 2429 3697 ϐάνειν
2455 3645 2694 3715 εὐχερὲς,
2717 3643 3024 3707 ἀκολούθως
3052 3647 3164 3707 τοῖς
3187 3644 3294 3714 πρὸ
3312 3643 3476 3697 αὑτοῦ
3499 3644 3819 3698 διδάσκοντα

2242 3735 2314 3788 τά
2345 3736 2592 3806 περὶτῆς
2613 3735 2732 3788 κατ’
2756 3734 2919 3788 αὑτοῦ
2951 3734 3238 3804 ἐπιϐουλῆς
3298 3734 3385 3788 διά
3413 3734 3528 3797 τοῦ,
3559 3753 3578 3786 ι
3616 3736 3812 3807 Κύριε,

2242 3826 2294 3878 τί
2324 3825 2737 3897 ἐπληθύνθησαν
2759 3827 2808 3878 οἰ
2833 3825 3102 3889 θλίϐοντες
3130 3843 3229 3896 με;
3289 3845 3309 3878 ›
3351 3829 3446 3881 καὶ
3471 3827 3541 3882 τά
3563 3830 3816 3900 περὶτῆς

2241 3917 2586 3982 ἀναστάσεως
2651 3917 2713 3988 (ί.
2751 3919 2818 3973 19
2843 3922 2919 3987 νο)
2961 3918 3146 3977 αὐτοῦ,
3177 3919 3214 3974 ἃ
3277 3922 3371 3974 καὶ
3423 3920 3678 3992 δηλοῦται
3720 3923 3812 3975 διὰ

2239 4005 2355 4068 τοῦ,
2389 4025 2406 4055 ι
2430 4005 2570 4074 Ἐγὼ
2599 4006 2896 4076 ἐκοιμήθην
2955 4007 3048 4060 καὶ
3081 4006 3325 4072 ῦπνωσα,
3373 4006 3693 4083 ἐξηγέρθην,
3726 4012 3812 4065 ὅτι

2240 4097 2442 4168 Κύριος
2479 4097 2824 4169 ἀντιλήψεταί
2856 4116 3007 4168 μου.»
3049 4099 3330 4171 Ἀρμόσειε
3387 4101 3432 4154 δ’
3467 4102 3532 4156 ἂν
3557 4103 3634 4173 τῷ
3671 4101 3778 4172 Χρι

2241 4184 2350 4255 στῷ
2379 4187 2472 4239 καί
2503 4185 2732 4250 ἕκαστος
2752 4187 2844 4240 τοῦ
2860 4187 3072 4258 ψαλμοῦ
3098 4189 3277 4259 στίχος
3302 4192 3399 4261 τῆς
3427 4192 3813 4262 προσηκούσης

2236 4275 2415 4346 τυχὼν
2460 4276 2788 4348 ἐξηγήσεως
2825 4278 2934 4349 ἔχει
2969 4279 3026 4331 δὲ
3055 4279 3210 4348 λόγον
3249 4282 3426 4335 καὶτὸ
3446 4283 3624 4355 τρίτον
3646 4285 3813 4336 αὐτὸν

2235 4367 2563 4437 τεταγμένον
2616 4369 2687 4421 τὰ
2739 4370 2866 4441 περὶ
2913 4373 3010 4441 τῆς
3063 4373 3409 4438 ἀναστάσεως
3448 4373 3541 4427 τοῦ
3599 4376 3809 4445 Κυρίου

2237 4457 2514 4521 θεσπίζειν
2539 4459 2846 4524 ἀκολούθως
2875 4467 2992 4526 ταῖς
3019 4465 3126 4535 πρὸ
3179 4463 3341 4518 αὐτοῦ
3373 4467 3746 4537 προφητείαις·
3780 4471 3812 4521 ὁ

2239 4549 2336 4618 μὲν
2364 4549 2472 4620 γὰρ
2502 4551 2733 4621 πρῶτος,
2768 4552 2949 4617 καθὼς
2977 4555 3422 4627 ἀποδεδώκαμεν,
3453 4559 3541 4610 τὸν
3566 4558 3808 4629 ἄληπτον

2236 4641 2346 4712 βίον
2368 4645 2460 4696 καὶ
2492 4645 2592 4715 τὴν
2618 4643 2744 4698 ἄνευ
2765 4647 3040 4717 ἁμαρτίας
3061 4647 3224 4701 αὑτοῦ
3244 4649 3511 4702 πολιτείαν
3538 4649 3805 4704 διδάσκειο

565 4733 831 4799 ostendit;
868 4735 1248 4806 secundusque
1291 4737 1636 4806 passionem;
1667 4748 1790 4810 apte
1817 4741 1982 4811 igitur
2027 4751 2134 4798 ter-

2256 4733 2533 4806 ιδεύτερος
2554 4736 2620 4788 τὰ
2653 4737 2793 4789 κατὰ
2824 4737 2884 4790 τὸ
2932 4738 3120 4802 πάθοςο
3153 4739 3360 4803 τούτοις
3394 4741 3678 4812 τοιγαροῦν
3710 4743 3808 4795 xal.

564 4821 674 4878 tius
700 4826 1152 4881 resurrectionem
1181 4827 1301 4897 ejus
1324 4829 1668 4897 praenuntiat.

1167 4999 1396 5058 CAPUT
1437 5001 1526 5059 IV.

1077 5089 1125 5144 E
1150 5092 1353 5159 psalmo
1393 5103 1594 5148 octavo.

629 5181 816 5237 Octavi
852 5183 1044 5254 psalmi
1086 5183 1259 5252 prima
1299 5185 1463 5238 verba
1495 5205 1508 5240 :
1537 5204 1556 5238 ι
1588 5184 1814 5243 Domine
1849 5187 1987 5246 Deus
2032 5207 2125 5247 no-

561 5285 691 5337 ster,
715 5289 875 5344 quam
907 5274 1224 5330 admirabile
1265 5284 1348 5330 est
1396 5291 1588 5332 nomen
1622 5286 1774 5334 tuum
1807 5281 1860 5334 in
1910 5283 2120 5338 univer-

2235 4829 2264 4879 ὁ
2311 4826 2491 4896 τρίτος
2545 4827 2672 4898 ἑξῆς
2738 4829 2807 4883 τά
2863 4832 2991 4902 περὶ
3067 4831 3163 4902 τῆς
3225 4832 3569 4896 ἀναστάσεως
3635 4834 3804 4887 αὐτοῦ

2231 4914 2491 4980 θεσπίζει.

2756 5011 3148 5066 ΚΕΦΑΑΑΙΟΝ
3194 5015 3266 5067 Δ’.

2830 5103 3079 5172 Ψιιλμοῦ
3116 5111 3188 5171 η’.

2298 5186 2404 5240 Τοῦ
2430 5186 2613 5256 ὀγδόου
2640 5188 2852 5260 ψαλμοῦ
2891 5191 2961 5244 τά
2987 5193 3083 5261 μὲν
3114 5193 3304 5262 πρῶτα
3328 5195 3435 5248 ἀπὸ
3461 5195 3575 5263 τοῦ⁹
3596 5196 3799 5269 ιΚύριε

2222 5279 2252 5329 ὁ
2276 5277 2478 5349 Κύριος
2511 5279 2685 5350 ἡμῶν,
2714 5279 2788 5343 ὡς
2826 5280 3130 5350 θαυμαστὸν
3157 5285 3216 5338 τὸ
3241 5286 3414 5356 δνομά
3449 5305 3540 5340 σου
3569 5289 3626 5341 ἐν
3647 5289 3800 5361 πάσῃ

561 5376 621 5417 sa
655 5369 798 5416 terra
832 5363 905 5416 “l
948 5383 965 5414 ι
1011 5363 1077 5417 de
1119 5364 1355 5434 gentium
1400 5368 1686 5422 vocatione
1742 5369 2120 5439 prophetizare

2257 5375 2289 5443 ᾖ
2321 5377 2446 5444 ﬂ,»
2484 5377 2738 5446 περὶτῆς
2770 5376 2825 5443 ἐξ
2863 5377 3028 5431 ἐθνῶν
3086 5380 3328 5452 κλήσεως
3381 5383 3522 5438 ἔοικε
3582 5404 3800 5458 προφη-

560 5452 774 5506 videtur
809 5470 1016 5523 :quare
1065 5456 1424 5513 inscribitur:
1463 5477 1480 5510 ι
1529 5474 1627 5528 pro
1674 5463 2060 5519 torcularibus.
2094 5483 2113 5515 ι

560 5543 658 5600 llic
688 5554 1020 5614 usurpantur
1047 5549 1338 5602 toreularia
1391 5565 1489 5619 pro
1526 5549 1786 5606 Ecclesiis
1827 5568 1947 5622 quae
1989 5561 2120 5609 sunt

627 5703 671 5734 '°
703 5699 848 5757 Psal.
883 5714 980 5764 ιιι.
1010 5699 1068 5758 2.
1141 5703 1181 5735 “
1219 5702 1350 5759 ibid.
1383 5703 1434 5758 6.
1514 5707 1554 5736 "
1594 5703 1736 5760 Psal.
1773 5721 1904 5773 vui,
1941 5707 1993 5764 1.

2223 5463 2496 5518 τεύεσθαιο
2520 5465 2600 5519 διὸ
2632 5468 2725 5520 καὶ
2751 5469 3153 5542 ἐπιγέγραπται
3201 5492 3220 5524 ι
3240 5474 3380 5546 ὑπὲρ
3427 5477 3536 5530 τῶν
3557 5477 3752 5548 ληνῶν·
3770 5499 3791 5530 ι

2225 5553 2400 5625 ληνῶν
2431 5557 2731 5614 νοουμένων
2759 5560 2864 5614 τῶν
2896 5562 2998 5615 ἀνά
3047 5564 3144 5638 τὴν
3198 5568 3521 5641 οἰκουμένην
3565 5570 3794 5644 Ἐκκλη-
