4134 6414
327 305 469 365 {097

1346 305 1643 365 ECLOBE.
1680 302 2159 363 PROPHETICE.
2201 331 2273 343 -——
2312 300 2442 355 LIB.
2479 297 2549 356 ιι.

3442 298 3580 356 1098

331 438 485 483 σιων.
521 424 579 477 ἐν
606 418 694 486 αἷς
726 421 825 495 τῆς
862 421 1117 493 ἀληθινῆς
1142 421 1388 493 ἀμπέλου
1408 421 1504 477 τοῦ
1530 420 1790 494 Χριστοῦ,
1813 422 1907 474 καὶ

2022 432 2171 487 super
2202 425 2425 479 terram,
2460 414 2517 471 in
2549 413 2751 485 quibus
2772 427 2914 468 verae
2938 413 3063 470 vitis
3084 410 3313 474 Christi,
3341 418 3396 467 et
3418 407 3577 483 quasi

329 510 437 565 τῶν
469 511 710 582 ὡσπερεὶ
741 510 1032 583 κλημάτων
1056 510 1221 565 αὐτοῦ
1249 511 1357 566 τῶν
1390 512 1550 585 ἱερῶν
1574 512 1904 575 ἀποστόλων,

330 603 379 658 οξ
404 602 611 673 λογικοὶ
640 602 861 674 βότρυες
892 602 1200 673 πιεζόμενοι
1227 602 1319 657 τὸν
1352 604 1461 658 ἀπὸ
1506 604 1615 658 τῶν
1648 603 1907 676 μαθημά-

332 711 438 747 των
466 691 644 748 αὐτῶν
673 692 857 766 νοερὸν
889 694 983 746 καὶ
1006 693 1187 763 πάσης
1235 692 1573 766 εὐφροσύνης
1629 694 1908 764 ποιητικὸν

332 787 473 841 οἶνον
496 786 842 858 παρέχουσιψ
878 786 1054 850 ἄλλως
1083 786 1194 857 γάρ
1233 788 1294 841 οὐ
1315 786 1537 841 δυνατὸν
1572 790 1908 858 σωματικαῖς

332 877 511 950 ληνοῖς
547 878 854 950 ἐφαρμόσαι
880 877 951 931 τὰ
980 879 1038 931 ἐν
1099 879 1176 950 τῷ
1204 878 1403 951 ψαλμῷ
1444 880 1731 950 λεγόμεναι
1787 880 1909 933 ἐπεὶ

335 972 459 1044 μηδ’
482 971 619 1035 ὅλως
638 971 712 1033 ὡς
752 971 1036 1052 ἐνέτέροις
1072 973 1190 1044 ἢτοι
1246 975 1376 1046 περὶ
1418 974 1663 1046 ἀμπέλου
1703 991 1907 1047 μεταροι

334 1063 516 1134 θείσης
541 1063 601 1129 ἐξ
628 1061 924 1132 Αἰγύπτου,
959 1062 992 1134 ἢ
1023 1064 1152 1135 περὶ
1186 1063 1510 1136 ἀμπελῶνος
1567 1065 1772 1136 Κυρίου
1806 1065 1909 1118 Σα-

333 1153 507 1219 ϐαὼθ,
539 1156 574 1227 ἡ
600 1172 759 1209 τινων
782 1153 1056 1220 τοιούτων,
1077 1154 1314 1208 διάνοιάν
1342 1173 1462 1211 τινα
1491 1156 1562 1210 τὰ
1594 1156 1691 1228 τῆς
1712 1154 1910 1223 λέξεως

334 1244 599 1318 περιέχει.
630 1245 709 1298 Τά
742 1244 787 1298 δ’
816 1244 923 1297 ἀπὸ
957 1244 1075 1308 τοῦ,
1132 1265 1150 1296 ι
1182 1246 1247 1299 Τί
1279 1247 1425 1301 ἐστιν
1476 1230 1778 1318 ἄνθρωπος,
1828 1244 1909 1298 ὅτι

338 1337 618 1408 μιμνήσκῃ
647 1335 832 1400 αὐτοῦ,
887 1335 1069 1407 ἢυὶδς
1123 1336 1431 1409 ἀνθρώπου,
1487 1338 1567 1392 ὅτι
1607 1336 1910 1408 ἐπισκέπτῃ

334 1426 534 1491 αύτόν;
580 1425 922 1491 Ἢλάττωσας
951 1428 1112 1481 αὐτὸν
1145 1427 1318 1499 βραχύ
1350 1447 1401 1482 τι
1460 1430 1588 1502 παρ’
1623 1428 1908 1497 ἀγγέλους,

333 1517 461 1592 δόξῃ
488 1517 583 1572 καὶ
606 1521 738 1590 τιμῇ
768 1519 1152 1589 ἐστεφάνωσας
1173 1521 1390 1585 absim,»
1425 1520 1521 1575 καὶ
1549 1520 1616 1575 τὰ
1646 1520 1794 1590 ἑξῆς,
1819 1519 1913 1572 ἐπὶ

333 1610 427 1663 τὸν
458 1610 688 1682 Σωτῆρα
715 1611 810 1665 καὶ
858 1611 1063 1684 Κύριον
1116 1611 1276 1685 ἡμῶν
1328 1611 1534 1684 Ἰησοῦν
1568 1612 1626 1664 ἐν
1672 1614 1739 1684 τῇ
1778 1611 1912 1684 πρὸς

346 1703 630 1775 Ἐϐραίους
672 1705 926 1776 ἐπιστολῇ
960 1704 1333 1776 μετείληπται,
1370 1704 1497 1759 ἔνθα
1524 1701 1620 1776 τῷ·
1662 1722 1680 1756 ι
1730 1704 1914 1757 Πάντα

2006 523 2340 582 gemmarum
2376 507 2497 577 ejus
2526 514 2841 561 sanctorum
2880 505 3279 577 apostolorum,
3305 506 3581 577 spiritales

2007 600 2208 658 racemi
2256 600 2433 672 pressi
2474 598 2744 654 doctrinis
2803 598 2919 657 suis
2962 599 3206 671 spiritale
3256 614 3582 668 omnemque

2008 693 2333 751 suavitatem
2383 690 2623 748 eﬁiciens
2662 691 2848 746 vinum
2897 691 3162 764 praebent.
3208 688 3384 747 Aliter
3435 691 3579 747 enim

2007 784 2349 856 impossibile
2384 790 2533 839 esset
2555 783 2934 855 corporalibus
2967 782 3339 838 torcularibus
3373 798 3587 839 accom-

2007 877 2230 933 modare
2256 891 2378 948 quae
2408 876 2462 931 in
2490 875 2593 931 hoc
2617 876 2829 946 psalmo
2850 874 3148 942 dicuntur;
3180 891 3305 931 cum
3335 875 3579 939 minime.

2008 977 2069 1026 ut
2110 969 2165 1023 in
2211 967 2446 1033 caeteris,
2496 968 2612 1024 sive
2653 967 2723 1023 de
2752 968 2863 1023 vite
2904 982 3025 1038 quae
3070 984 3136 1023 ex
3182 965 3417 1040 Egypto
3459 982 3583 1024 sur-

2007 1062 2169 1127 rexit,
2211 1062 2327 1118 sive
2365 1061 2433 1117 de
2466 1059 2679 1115 Domini
2726 1057 2964 1114 Sabaoth
2993 1060 3124 1126 vite,
3169 1059 3285 1117 sive
3326 1061 3394 1116 de
3436 1060 3587 1130 ejus-

2010 1156 2157 1211 modi
2192 1155 2316 1211 aliis
2352 1155 2516 1210 verba
2554 1154 2722 1224 hujus
2765 1153 2871 1209 loci
2921 1168 3089 1209 sensu
3132 1154 3326 1225 quovis
3356 1154 3586 1225 intelligi

2010 1248 2248 1321 possint.
2288 1247 2420 1316 Qum
2452 1263 2578 1304 vero
2618 1247 2687 1302 ab
2721 1246 2828 1301 iis:
2863 1266 2881 1297 ι
2911 1246 3052 1312 Quid
3101 1254 3187 1301 est
3213 1230 3407 1313 homo,
3440 1247 3585 1318 quod

2010 1355 2219 1395 memor
2245 1356 2305 1395 es
2343 1339 2502 1409 ejus?
2530 1347 2625 1393 aut
2647 1336 2793 1393 ﬁlius
2823 1336 3085 1400 hominis,
3104 1337 3363 1407 quoniam
3392 1337 3587 1393 visitas

2010 1433 2170 1488 eum?
2204 1431 2450 1488 Minuisti
2485 1447 2608 1488 eum
2644 1429 2810 1501 paulo
2844 1428 3027 1485 minus
3056 1428 3125 1484 ab
3150 1430 3380 1500 angelis,
3414 1429 3588 1500 gloria

2011 1531 2066 1580 et
2090 1523 2301 1579 honore
2339 1522 2761 1578 coronastieum
2791 1519 2857 1588 ³³,
2892 1540 2910 1574 ι
2947 1531 3002 1576 et
3032 1520 3262 1591 reliqua,
3293 1520 3359 1575 ad
3401 1518 3590 1576 Salva—

2013 1624 2185 1671 torem
2214 1623 2269 1670 et
2310 1614 2598 1671 Dominum
2644 1619 2893 1669 nostrum
2917 1610 3102 1667 Jesum
3148 1614 3203 1667 in
3237 1610 3479 1683 Epistola
3520 1611 3589 1666 ad

2013 1707 2271 1764 Hebraeos
2307 1706 2644 1770 referuntur,
2689 1706 2781 1761 ubi
2808 1715 2934 1776 post
2962 1706 3076 1772 illa,
3107 1724 3126 1757 ι
3160 1706 3356 1761 Omnia
3404 1706 3589 1777 subje-

336 1791 608 1860 ὕπέταξας
637 1794 895 1849 ὑποκάτω
943 1794 1049 1847 τῶν
1095 1793 1268 1847 ποδῶν
1295 1794 1483 1859 αὐτοῦ,
1526 1813 1545 1871 ρ
1597 1793 1915 1865 ἐπιφέρεται

2022 1800 2139 1856 cisti
2173 1800 2277 1855 sub
2312 1798 2543 1870 pedibus
2571 1796 2693 1867 ejus
2722 1796 2788 1861 “,
2823 1815 2842 1849 ι
2880 1797 3212 1868 adjiciuntur
3240 1813 3304 1853 ea
3335 1817 3348 1852 :
3384 1817 3402 1850 ι
3431 1797 3588 1854 Nunc

333 1885 415 1941 τό·
448 1905 468 1938 ι
497 1886 611 1940 Νῦν
643 1887 700 1941 δέ
745 1886 958 1941 οὐδέπω
994 1885 1208 1958 ὁρῶμεν
1235 1885 1382 1957 αὐτῷ
1407 1884 1477 1940 τὰ
1523 1886 1700 1940 πάντα
1727 1887 1917 1941 ὑποτε-

333 1981 600 2052 ταγμένα.
628 1979 733 2034 Τὸν
760 1979 816 2034 δὲ
851 1979 1022 2052 βραχύ
1071 1998 1123 2034 τι
1179 1980 1309 2051 παρ’
1350 1978 1616 2049 ἀγγέλους
1671 1978 1916 2049 ἠλαττω-

339 2072 498 2146 μένον
521 2072 789 2145 βλέπομεν
820 2072 1050 2145 Ἰησοῦν,
1075 2072 1161 2126 διὰ
1187 2072 1247 2127 τὸ
1278 2072 1508 2142 πάθημα
1539 2069 1633 2124 τοῦ
1662 2069 1913 2136 Θανάτου,

333 2163 462 2240 δόξῃ
497 2165 591 2218 καὶ
621 2167 754 2237 τιμῇ
784 2164 1281 2235 ὲστεφανωμένον.›
1319 2162 1480 2215 Εἴποι
1519 2162 1563 2215 δ’
1610 2162 1674 2217 ἄν
1716 2179 1798 2227 τις
1842 2161 1917 2232 μὴ

339 2256 501 2326 μόνον
523 2253 611 2308 διὰ
641 2254 702 2307 τὸ
731 2252 960 2326 πάθημα
982 2253 1073 2307 τοῦ
1098 2253 1352 2312 θανάτου.
1380 2251 1515 2307 ἀλλά
1541 2252 1635 2306 καὶ
1665 2252 1733 2306 δι’
1750 2252 1917 2323 αὐτὴν

336 2345 437 2418 τὴν
465 2344 877 2418 ἐνανθρὼπησιν
905 2345 1072 2400 αὑτοῦ
1108 2343 1451 2416 ⁴Ιγλαττῶσθαι
1475 2344 1638 2399 αὐτὸν
1664 2342 1836 2416 βραχύ
1864 2361 1918 2397 τι

338 2439 470 2513 παρ’
497 2439 780 2508 ἀγγέλους·
840 2458 859 2490 ι
886 2440 1035 2504 Ὅτε,
1073 2438 1131 2492 ἐν
1192 2440 1371 2510 μορφῇ
1422 2437 1556 2491 Θεοῦ
1625 2437 1916 2509 ὑπάρχων,

335 2530 438 2601 οὐχ
465 2529 761 2601 ἁρπαγμὸν
788 2530 1133 2601 ἡγησάμενος
1155 2529 1213 2583 τὸ
1254 2532 1343 2585 ίσα
1369 2528 1487 2599 Θεῷ
1536 2524 1693 2592 εἶναι,
1725 2527 1921 2581 ἐκένω-

340 2639 434 2675 σεν
462 2622 654 2675 ἑαυτὸν
679 2623 893 2695 μορφὴν
923 2620 1108 2674 δούλου
1145 2619 1346 2687 λαϐὼν,
1387 2639 1405 2672 ι
1460 2621 1555 2674 καὶ
1606 2620 1700 2673 ἐπὶ
1728 2617 1917 2673 τοσοῦ-

336 2732 432 2769 τον
453 2714 783 2785 ἠλάττωσεν,
809 2714 885 2777 ὡς
931 2714 1052 2768 ἀντὶ
1106 2712 1201 2784 τῆς
1253 2715 1310 2766 ἐν
1365 2715 1543 2785 μορφῇ
1578 2711 1712 2765 Θεοῦ
1764 2710 1922 2783 δόξης

338 2804 597 2878 λεχθῆναι
628 2805 758 2878 περὶ
789 2804 951 2859 αὐτοῦ
1003 2805 1083 2859 τό·
1127 2824 1144 2856 ι
1188 2805 1414 2877 Είδομεν
1454 2804 1636 2868 αὑτὸν,
1690 2804 1783 2857 καὶ
1822 2805 1923 2858 οὐκ

340 2894 487 2970 εἶχεν
506 2893 645 2962 εἶδος
676 2898 797 2951 ούδέ
826 2896 1041 2962 κάλλος.
1083 2897 1197 2951 ἀλλ’
1218 2892 1286 2969 ἦν
1337 2897 1398 2951 τὸ
1435 2891 1573 2961 εἶδος
1612 2896 1775 2950 αὐτοῦ
1807 2895 1923 2950 ἀτι-

343 3010 468 3064 μον,
500 2993 596 3046 καὶ
617 2990 864 3045 ἐκλεῖπον
893 2992 1043 3063 παρὰ
1089 2992 1214 3054 τοὺς
1244 2992 1393 3055 υίοὺς
1426 2989 1534 3044 τῶν
1563 2988 1916 3062 ἀνθρώπωνη

341 3078 460 3135 ἀνθ’
492 3073 567 3134 ὧν
588 3080 947 3152 ἀμειϐόμενος
974 3082 1003 3133 ό
1037 3080 1245 3153 Πατὴρ,
1286 3100 1303 3133 ι
1332 3080 1458 3152 δόξῃ
1489 3081 1584 3134 καὶ
1609 3083 1741 3153 τιμῇ
1775 3083 1925 3135 ἐστε-

2017 1899 2197 1948 autem
2244 1891 2475 1947 necdum
2516 1891 2766 1947 videmus
2817 1890 3001 1946 omnia
3044 1890 3290 1961 subjecta
3337 1891 3408 1947 ei.
3446 1889 3586 1946 Eum

2017 1991 2221 2050 autem,
2246 1983 2341 2054 qui
2370 1982 2586 2038 modico
2612 1997 2776 2053 quam
2817 1982 2995 2053 angeli
3031 1982 3336 2037 minoratus
3370 1991 3477 2048 est,
3508 1984 3590 2040 vi-

2017 2074 2209 2131 demus
2232 2072 2440 2136 Jesum,
2479 2080 2703 2144 propter
2736 2072 3047 2144 passionem
3082 2072 3298 2136 mortis,
3331 2072 3504 2144 gloria
3535 2080 3591 2129 et

2017 2166 2227 2223 honore
2255 2176 2577 2223 coronatum
2603 2167 2668 2221 ⁸⁸.
2704 2185 2723 2219 ι
2761 2164 2877 2220 Dici
2902 2164 3102 2234 poterit
3134 2178 3243 2219 non
3277 2171 3487 2220 tantum
3519 2166 3592 2222 ob

2018 2258 2214 2314 mortis
2266 2258 2624 2328 passionem,
2670 2256 2766 2313 sed
2820 2259 2982 2311 etiam
3035 2254 3106 2310 ob
3154 2255 3588 2310 incarnationem

2019 2364 2173 2405 suam
2198 2364 2322 2405 eum
2358 2349 2689 2405 minoratum
2722 2348 2893 2405 fuisse
2922 2347 3085 2419 paulo
3121 2347 3300 2403 minus
3328 2348 3397 2403 ab
3427 2362 3592 2419 ange-

2018 2444 2124 2500 lis:
2165 2462 2185 2497 ι
2215 2443 2350 2498 Cum
2379 2443 2434 2498 in
2468 2441 2642 2499 forma
2674 2441 2768 2499 Dei
2810 2450 2975 2506 esset,
3022 2456 3131 2496 non
3164 2441 3409 2511 rapinam
3443 2439 3594 2496 arbi-

2019 2543 2196 2591 tratus
2237 2544 2474 2593 estesse
2522 2552 2582 2593 se
2620 2536 2881 2607 aequalem
2914 2534 3046 2601 Deo,
3091 2535 3186 2591 sed
3237 2535 3588 2605 semetipsum

2020 2628 2321 2684 exinanivit
2365 2626 2771 2684 formam'servi
2805 2627 3080 2697 accipiens
3104 2628 3169 2690 ¹⁶,
3203 2647 3220 2679 ι
3254 2634 3418 2697 atque
3455 2627 3592 2683 adeo

2021 2718 2295 2775 imminuit
2330 2734 2410 2784 se,
2451 2726 2512 2774 ut
2537 2734 2648 2774 non
2667 2719 2780 2789 jam
2818 2719 2875 2773 in
2919 2718 3093 2774 forma
3134 2719 3224 2775 Dei
3254 2719 3440 2790 gloria:
3468 2734 3593 2775 esse

2022 2808 2321 2875 diceretur,
2366 2809 2462 2866 sed
2490 2829 2503 2864 :
2536 2828 2553 2861 ι
2587 2808 2840 2866 Vidimus
2870 2824 3019 2874 eum,
3051 2816 3106 2864 et
3131 2824 3240 2863 non
3275 2815 3393 2863 erat
3433 2822 3591 2879 aspe-

2024 2911 2148 2959 ctus
2198 2919 2378 2974 neque
2419 2903 2607 2969 decor,
2642 2910 2697 2958 et
2738 2902 3170 2957 desideravimus
3207 2916 3355 2966 eum,
3402 2900 3596 2973 despe-

2024 2999 2196 3058 ctum,
2238 3001 2292 3049 et
2348 2993 2710 3049 novissimum
2761 2993 3004 3047 virorum
3033 2992 3096 3048 '7.
3130 3011 3149 3045 ι
3183 2990 3386 3046 Contra
3416 3000 3597 3046 autem

2026 3085 2363 3157 respondens
2410 3083 2615 3151 Pater,
2672 3103 2691 3136 ι
2723 3085 2894 3157 gloria
2949 3094 3003 3141 et
3050 3084 3261 3141 honore
3315 3084 3601 3141 coronavit

342 3173 594 3244 φάνωσεν
621 3173 803 3226 αὐτόν’
838 3174 937 3226 ὑπε
949 3172 1201 3245 ρυψώσας
1230 3173 1324 3226 καὶ
1382 3172 1746 3245 χαρισάμενος
1775 3173 1919 3245 αὐτῷ

2025 3192 2148 3232 eum
2175 3177 2240 3241 ³⁸,
2273 3176 2531 3232 exaltavit
2565 3175 2719 3230 illum
2750 3182 2804 3232 et
2832 3174 3055 3231 donavit
3081 3174 3158 3228 illi
3187 3190 3409 3240 nomen,
3452 3173 3598 3244 quod

342 3266 405 3319 τὸ
430 3264 602 3337 ὄνομα
632 3263 692 3319 τὸ
720 3265 858 3338 ὑπὲρ
888 3267 995 3319 πᾶν
1017 3265 1204 3336 ὄνομα·
1256 3265 1322 3320 ἵν’
1354 3267 1411 3320 ἐν
1439 3264 1516 3336 τῷ
1552 3265 1775 3336 ὀνόματι
1822 3267 1925 3338 ’1η-

346 3356 443 3411 σοῦ
476 3359 583 3411 πᾶν
606 3358 736 3427 γόνυ
767 3357 959 3429 κάμψῃ
1004 3356 1363 3429 ἐπουρανίων,
1391 3359 1484 3411 καὶ
1517 3358 1794 3427 ἐπιγείων,
1830 3359 1924 3412 καὶ

345 3449 736 3521 καταχθονίων,
776 3452 869 3505 καὶ
895 3452 1043 3505 πᾶσα
1082 3450 1303 3520 γλῶσσα
1348 3450 1804 3525 ἐξομολογήσηται
1843 3454 1924 3506 ὅτι

346 3545 551 3616 Κύριος
581 3543 786 3617 Ἰησοῦς
810 3544 1040 3616 Χριστὸς
1058 3547 1137 3608 εἰς
1163 3543 1320 3609 δόξαν
1343 3542 1476 3599 Θεοῦ
1506 3545 1734 3618 Πατρός.
1752 3567 1769 3597 ι
1793 3546 1921 3600 Καί’

353 3657 373 3688 ι
407 3636 724 3709 Κατέστησε
774 3636 821 3690 δ’
869 3636 1030 3690 αὑτὸν
1062 3635 1154 3689 ἐπὶ
1195 3635 1263 3689 τὰ
1289 3635 1427 3708 ἔργα
1465 3637 1573 3690 τῶν
1601 3636 1799 3709 χειρῶν
1831 3638 1926 3691 αὑ-

348 3730 497 3784 τοῦ·›
532 3730 670 3801 ὅπερ
705 3730 812 3784 ,καὶ
860 3728 990 3782 αύτδ
1018 3728 1096 3801 τῷ
1131 3730 1226 3799 μὲν
1259 3729 1352 3782 τοῦ
1374 3729 1626 3800 Σωτῆρος
1646 3728 1804 3801 ἡμῶν
1834 3731 1927 3801 ἁρ-

353 3822 588 3892 μόζοντα
614 3820 799 3892 (ζοιτο)
834 3818 1109 3892 προσώπῳ
1138 3818 1228 3873 διὰ
1259 3820 1351 3874 τὸν
1380 3822 1438 3874 ἐν
1482 3819 1629 3891 αύτῷ
1671 3821 1761 3875 τὸν
1793 3820 1926 3875 Θεὸν

348 3912 541 3982 Δόγον,
573 3911 754 3973 ούκέτι
792 3910 847 3964 δὲ
885 3912 978 3965 καὶ
1024 3910 1103 3982 τῷ
1134 3911 1368 3982 τυχόντι,
1397 3910 1452 3964 ετ
1504 3929 1569 3982 γε
1597 3914 1655 3965 ἐν
1695 3915 1805 3976 τοῖς
1832 3912 1925 3966 τοῦ

349 4003 487 4059 Θεοῦ
516 4004 697 4076 ἔργοις
730 4003 966 4067 καὶτοὺς
991 4003 1252 4075 οὐρανοὺς
1283 4004 1639 4076 καταριθμεῖν
1670 4003 1788 4069 ἔθος
1816 4008 1927 4070 τοῖς

354 4097 520 4169 ίεροίς
549 4092 747 4165 λόγοις,
777 4095 918 4149 κατά
948 4095 1026 4160 τὸ,
1069 4112 1088 4145 ι
1111 4094 1222 4149 Καὶ
1274 4094 1411 4167 ἔργα
1445 4095 1552 4149 τῶν
1579 4096 1777 4168 χειρῶν
1834 4114 1926 4151 σου

353 4187 493 4243 εἰσὶν
511 4190 560 4241 οί
588 4187 859 4259 οὐρανοί.»
891 4186 1035 4258 Πρὸς
1058 4186 1289 4252 τούτοιςο
1327 4206 1344 4238 ι
1379 4186 1489 4241 Καὶ
1520 4188 1694 4242 πάντα
1725 4188 1928 4242 ὑπέτα-

354 4278 445 4344 ξεν
476 4279 581 4333 ύπδ
613 4280 739 4344 τοὺς
765 4279 925 4343 πόδας
948 4277 1133 4341 αὑτοῦ,
1182 4278 1430 4351 πρόϐατα
1471 4280 1566 4333 καὶ
1602 4278 1730 4351 βόας
1784 4280 1928 4334 άπάο

356 4389 477 4436 σας,
513 4371 594 4425 ἐτι
615 4371 671 4424 δὲ
704 4372 797 4425 καὶ
825 4371 894 4425 τὰ
943 4372 1113 4442 κτήνη
1143 4370 1237 4424 τοῦ
1271 4369 1473 4435 πεδίου,
1513 4372 1581 4426 τὰ
1625 4370 1685 4441 (f.
1712 4370 1802 4441 20)
1834 4388 1929 4425 πε-

354 4463 509 4519 τεινὰ
538 4462 632 4517 τοῦ
666 4462 917 4534 ούρανοῦ,
948 4463 1041 4517 καὶ
1066 4463 1191 4526 τοὺς
1223 4461 1409 4533 ἰχθύας
1440 4465 1538 4535 τῆς
1567 4461 1862 4536 θαλάσσης·
1904 4481 1923 4514 ι

2030 3275 2114 3324 est
2145 3282 2310 3339 super
2361 3282 2522 3339 omne
2561 3282 2785 3332 nomen,
2816 3277 2878 3322 ut
2922 3266 2978 3321 in
3024 3266 3242 3322 nomine
3264 3262 3394 3321 Iesu
3436 3280 3600 3321 omne

2030 3376 2172 3433 genu
2205 3359 2460 3416 ﬂectatur
2486 3359 2819 3424 caelestium,
2845 3358 3212 3426 terrestrium,
3260 3368 3314 3415 et
3355 3358 3597 3416 inferno.

2031 3468 2192 3521 rum;
2234 3462 2288 3509 et
2334 3452 2517 3508 omnis
2554 3452 2739 3524 lingua
2786 3451 3133 3515 conﬁteatur,
3177 3451 3304 3523 quia
3333 3450 3599 3507 Dominus

2030 3542 2191 3601 Jesus
2236 3544 2489 3601 Christus
2530 3545 2585 3599 in
2630 3543 2803 3614 gloria
2849 3550 2935 3601 est
2983 3543 3080 3598 Dei
3125 3540 3307 3597 Patris
3333 3545 3396 3598 ¹⁹.
3436 3562 3453 3596 ι
3488 3540 3599 3599 lt);

2037 3654 2059 3687 ι
2086 3633 2388 3690 Constituit
2412 3650 2537 3691 eum
2559 3649 2723 3704 super
2748 3648 2915 3704 opera
2937 3649 3200 3689 manuum
3234 3649 3457 3689 suarum
3478 3634 3545 3688 ”.
3575 3651 3596 3687 ι

2032 3726 2164 3794 Qua:
2204 3726 2425 3797 quidem
2480 3726 2782 3783 Salvatoris
2830 3727 3005 3782 nostri
3054 3741 3302 3797 personae
3340 3733 3486 3796 apta,
3532 3725 3603 3780 ob

2035 3818 2203 3875 Deum
2235 3816 2475 3874 Verbum
2508 3819 2655 3890 quod
2685 3820 2828 3875 inest
2856 3819 2910 3874 in
2942 3833 3028 3883 ea,
3060 3834 3172 3873 non
3209 3824 3388 3873 autem
3420 3817 3605 3872 huma-

2034 3927 2118 3967 nae
2147 3926 2417 3982 personae,
2467 3911 2514 3966 si
2550 3910 2771 3981 quidem
2817 3910 2872 3965 in
2908 3908 3003 3965 Dei
3047 3910 3305 3980 operibus
3347 3924 3605 3965 annume-

2034 4012 2227 4056 rantur
2262 4001 2412 4068 coeli,
2442 4010 2504 4056 ut
2548 4001 2605 4056 in
2655 4000 2829 4057 sacris
2880 3998 3183 4070 Scripturis
3223 4000 3381 4063 solet,
3415 4015 3606 4056 secun-

2034 4097 2163 4152 dum
2206 4094 2340 4150 illud
2376 4115 2389 4150 :
2427 4114 2446 4148 ‹
2470 4095 2646 4166 Opera
2696 4108 2957 4149 manuum
2998 4092 3120 4161 ejus
3154 4101 3285 4147 sunt
3331 4092 3454 4147 (εωιί
3478 4093 3544 4145 ¹¹.
3579 4110 3598 4144 ι

2033 4187 2165 4245 Post
2210 4188 2326 4243 haec
2360 4186 2585 4257 adjicit:
2623 4205 2641 4237 ι
2672 4182 2866 4240 Omnia
2918 4180 3201 4252 'subjecisti
3248 4181 3351 4237 sub
3376 4179 3606 4253 pedibus

2035 4280 2177 4353 ejus,
2222 4293 2351 4334 oves
2396 4286 2451 4332 et
2499 4277 2669 4332 boves
2704 4274 3012 4338 universas,
3056 4272 3282 4341 insuper
3324 4277 3379 4325 et
3409 4283 3608 4341 pecora

2036 4370 2247 4441 campi;
2276 4370 2528 4425 volucres
2561 4368 2686 4423 coeli
2715 4376 2768 4422 et
2799 4365 2980 4437 pisces
3012 4365 3203 4429 maris,
3252 4364 3346 4434 qui
3389 4378 3606 4435 peram—

2037 4463 2229 4518 bulant
2264 4461 2491 4517 semitas
2521 4460 2690 4515 maris
2712 4459 2781 4514 ".
2813 4477 2831 4509 ι
2864 4455 2964 4513 His
2989 4454 3245 4512 videntur
3275 4455 3451 4526 magis
3480 4456 3610 4511 alle-

353 4556 424 4611 δι⁹
450 4548 525 4609 ὧν
552 4554 725 4608 ἔοικεν
758 4552 1259 4626 ἀλληγορικώτερον
1292 4543 1601 4625 δηλοῦσθαι
1649 4554 1758 4608 τῶν
1818 4555 1919 4610 άλο

2037 4555 2220 4628 gorice
2273 4552 2483 4610 ostendi
2529 4552 2725 4607 anima:
2766 4550 2967 4616 stultae,
3023 4556 3078 4605 ct
3100 4548 3609 4620 quodammodope.

356 4646 617 4719 γωτέρων
637 4645 732 4699 καὶ¹
750 4649 841 4699 τὸν
871 4645 1068 4718 τρόπον
1099 4644 1311 4716 κτηνῶν
1332 4646 1597 4719 δευτέρων
1645 4645 1851 4719 ψυχῶν,
1898 4646 1932 4719 ἢ

358 4738 457 4795 καὶ
484 4737 766 4810 δυνάμεων
797 4738 1206 4809 ἀντικειμένων,
1230 4738 1264 4806 ἠ
1288 4739 1393 4793 ὑπὸ
1412 4739 1501 4793 τὸν
1525 4738 1688 4808 ζυγὸν
1717 4738 1810 4793 καί
1836 4736 1934 4809 τὴν

358 4829 455 4885 τοῦ
484 4830 644 4884 λόγου
670 4829 910 4885 δουλείαν
931 4832 1197 4903 ύποταγή.

892 4942 1285 4996 ΚΕΦᾹΛΑῙΟΝ
1328 4943 1404 4999 Ε’.

977 5057 1228 5128 Ψαλμοῦ
1256 5060 1324 5112 θ’.

446 5150 514 5206 Ἦ
544 5148 640 5206 τοῦ
669 5150 859 5205 ἐνάτου
879 5149 1094 5222 ψαλμοῦ
1116 5149 1396 5221 ἐπιγραφὴ
1415 5146 1636 5218 τοιαύτη
1658 5147 1743 5211 τίς
1763 5148 1929 5201 ἐστιν·

370 5263 391 5298 ε
419 5244 514 5308 El;
534 5242 597 5296 τὸ
614 5242 767 5307 τέλος
783 5242 923 5315 ὑπὲρ
947 5241 1054 5296 τῶν
1076 5240 1340 5314 κρυφίων.
1356 5229 1586 5311 Ψαλμὸς
1600 5239 1678 5311 τῷ
1718 5237 1896 5292 Δαυῖδ.
1910 5256 1930 5289 ι

2039 4647 2259 4703 cor-ibus
2289 4645 2520 4713 similes,
2551 4644 2636 4700 vel
2664 4642 2908 4699 adversa:
2935 4645 3255 4712 potestates,
3285 4639 3387 4694 sub
3414 4638 3608 4709 jugum
3720 4680 3731 4697 ,

2037 4739 2123 4795 vel
2154 4738 2384 4794 rationis
2411 4737 2672 4793 ditionem
2703 4734 2958 4792 redactae.

2652 4932 2884 4991 CAPUT
2924 4932 2992 4989 ν.

2590 5049 2635 5103 Ε
2663 5050 2867 5119 psalmo
2902 5065 3063 5103 nono.
3112 5095 3127 5098 ν

2114 5140 2242 5198 Haec
2271 5150 2357 5197 est
2384 5142 2516 5197 noni
2552 5141 2749 5212 psalmi
2797 5140 3125 5211 inscriptio:
3159 5157 3179 5192 ι
3219 5139 3279 5193 ln
3310 5137 3474 5193 ﬁnem
3513 5154 3614 5210 pro

2042 5230 2292 5287 occultis.
2321 5228 2574 5286 Psalmus
2610 5229 2781 5286 David
2799 5230 2864 5284 ".
2903 5250 2922 5283 ι
2964 5228 3327 5301 Symmachus
3354 5245 3484 5287 vero
3533 5230 3615 5285 sic

379 5336 520 5393 ’Δνθ’
553 5331 630 5391 ὧν
655 5336 685 5388 ό
710 5334 1003 5406 Σύμμαχος
1059 5333 1372 5399 ἐκδέδωκεν,
1412 5349 1431 5383 ι
1467 5330 1760 5384 Ἑπινίκιον
1809 5329 1919 5400 περ

2042 5323 2251 5380 edidit:
2285 5342 2305 5375 ι
2339 5321 2595 5378 Victoria:
2626 5338 2847 5378 carmen
2871 5323 2939 5379 de
2972 5331 3148 5378 morte
3176 5321 3293 5377 ﬁlii.
3321 5320 3610 5377 Canticum

367 5428 464 5486 τοῦ
488 5429 719 5485 θανάτου
744 5428 840 5485 τοῦ
869 5428 1010 5483 υἱοῦ.
1045 5423 1237 5498 ’ᾼσμα
1268 5425 1360 5480 τοῦ
1391 5424 1603 5480 Δαυΐδ.»
1650 5422 1864 5492 Ὠσπερ
1890 5418 1935 5474 δ’

2045 5416 2236 5473 David.
2271 5437 2289 5470 ι
2316 5415 2486 5472 Nobis
2528 5417 2708 5486 potior
2748 5416 2962 5472 videtur
3001 5413 3265 5470 Hebraica
3309 5415 3474 5472 lectio
3511 5415 3617 5470 hoc

370 5518 463 5577 οὖν
487 5522 583 5578 καὶ
616 5521 815 5593 μῶλον
862 5520 1036 5576 ἔοικεν
1088 5518 1231 5591 ἔχειν
1290 5519 1352 5573 τὸ
1412 5516 1695 5590 Ἐϐραῖκδν
1752 5513 1940 5567 τοῦτον
2046 5510 2241 5566 modo:
2276 5508 2614 5583 Δαμανασσὴ
2641 5508 2881 5581 Ἀλμαὺθ
2929 5509 3021 5580 βέν
3063 5509 3340 5582 μασμωρά
3362 5508 3544 5564 Δαυῖδ.

436 5704 485 5768 ίε
523 5704 883 5768 Psal.vm,6.
919 5705 976 5758 7.
1053 5704 1096 5736 “
1133 5703 1267 5759 ibid.
1301 5703 1355 5759 8.
1435 5702 1476 5735 ⁸⁸
1497 5701 1659 5759 Hebr.
1698 5700 1833 5767 n.8,
1865 5700 1920 5756 9.
2000 5695 2241 5768 “Philip

377 5777 422 5810 ι’
457 5767 693 5847 Philipp.
727 5791 797 5842 ιι,
833 5774 987 5831 9-ιι.

654 5870 925 5932 Ρλτιιοι..
958 5871 1075 5934 Gn.
1120 5870 1323 5933 XXII.

2248 5710 2299 5766 p.
2339 5694 2473 5761 n.6,
2509 5695 2559 5750 7.
2630 5694 2681 5766 ,⁸⁷
2716 5695 2822 5753 Isa.
2859 5710 2989 5766 ιιιι,
3021 5693 3154 5761 2,3.
3218 5694 3460 5766 “Hebr.
3479 5708 3541 5759 ιι,
3565 5692 3616 5748 7.

1095 5776 1140 5807 ὀ
1180 5773 1344 5830 Hebr.
1379 5789 1451 5838 ιι,
1491 5773 1543 5830 7.
1617 5774 1673 5845 f'
1717 5764 1860 5828 Psal.
1899 5785 1919 5827 c

2022 5767 2096 5823 ιϐ.
2134 5764 2426 5858 ἴςξλΡειειί.
2456 5781 2559 5852 vni
2615 5765 2648 5822 8
2694 5766 2749 5823 9.
2825 5767 2871 5799 ³³
2907 5764 3052 5824 Psal.
3090 5782 3167 5833 ιιι,
3208 5765 3259 5820 l.

3180 5860 3305 5928 ,35
