4114 6472
601 323 622 375 l
632 322 735 380 099

1299 323 1571 382 EUSEBII
1609 321 2086 383 CESARIENSIS
2118 320 2269 378 OPP.
2305 316 2487 374 PARS
2523 315 2611 373 ill.
2649 347 2722 359 —
2760 314 3176 374 EXEGETICA.

3716 319 3858 376 non

598 444 662 497 Et
691 439 979 514 pulchrum
1011 440 1215 501 Iudaeis
1238 444 1330 516 qui
1359 443 1464 499 hoc
1506 451 1736 500 utuntur
1772 452 1948 511 textu,
2001 444 2149 499 incer

2278 437 2602 510 περιέχοντα
2650 436 2742 492 τὸν
2790 435 3011 508 τρόπον·
3073 433 3445 506 «Δαμανασση
3499 433 3718 506 ἀλμαῦθ
3766 434 3857 505 βὲν

595 543 709 589 ῑιιιη
741 534 940 590 habere
965 534 1033 590 de
1061 552 1168 606 qua
1205 545 1378 592 morte
1414 545 1509 592 aut
1542 537 1609 593 de
1642 553 1753 610 quo
1784 537 1896 592 tilio
1926 536 2171 608 psalmus

2278 528 2553 602 μασμωρὰ
2580 528 2794 584 Δαυΐδ.»
2832 528 2943 583 Καὶ
2997 527 3160 581 καλόν
3213 543 3277 595 γε
3305 529 3416 590 τοῖς
3445 527 3510 580 ὲκ
3550 526 3855 598 περιτομῆς

595 624 776 682 dictus
810 630 882 682 sit
915 627 1125 684 Davidi.
1173 628 1345 686 Nobis
1375 631 1596 701 quidem
1630 631 1920 703 perspicue
1947 644 2146 701 appare

2272 621 2420 692 αὐτῷ
2452 621 2751 693 χρωμένοις
2792 621 3066 693 ἀπορῆσαι
3128 620 3256 691 περὶ
3309 619 3463 672 ποίου
3511 618 3771 685 θανάτου,
3823 619 3857 690 ἢ

595 719 663 775 αθ
692 717 995 777 Salvatoris
1034 722 1289 792 passione
1331 724 1734 794 prophetizare.
1777 722 1891 779 Hoc
1940 732 1994 777 et
2022 737 2172 778 arca-

596 825 724 866 num
758 812 1049 869 obscurius
1097 812 1371 886 designari
1416 814 1768 887 Septuaginta
1813 820 2162 885 putaverunt.

593 902 714 975 Ipse
744 903 962 975 quidem
1008 905 1204 976 Aquila
1233 906 1623 964 demonstrans
1655 923 1909 980 magnum
1959 907 2166 978 aliquid

598 997 808 1054 fortiter
833 1005 1067 1070 gestum,
1120 998 1188 1054 ad
1216 1001 1525 1071 passionem
1572 1000 1874 1055 Salvatoris
1914 999 2166 1055 attribuit

591 1086 785 1144 dicens
823 1106 837 1143 :
892 1107 912 1139 ι
941 1088 1163 1143 Auctori
1213 1090 1457 1146 victorias
1503 1089 1618 1145 lilii.
1690 1089 1860 1146 Meles
1915 1088 2110 1149 David.
2139 1107 2158 1140 ι

590 1179 790 1236 Omnia
820 1190 998 1237 autem
1022 1182 1217 1253 psalmi
1250 1183 1419 1246 dicta.
1446 1184 1491 1240 si
1524 1184 1647 1255 quis
1676 1190 1880 1239 attente
1908 1198 2166 1254 perscru-

590 1281 756 1340 tetur,
793 1285 918 1345 apta
946 1283 1074 1331 sunt
1101 1273 1326 1330 Christo
1356 1292 1371 1342 ;
1405 1274 1737 1346 indigentem
1766 1283 1821 1330 et
1851 1274 2161 1329 mendicum

587 1373 715 1415 eum
753 1368 912 1414 vocat
943 1367 998 1414 et
1031 1358 1099 1413 de
1125 1358 1247 1428 ejus
1270 1361 1680 1416 resurrectione
1710 1374 1740 1413 a
1774 1360 2009 1415 mortuis
2034 1374 2164 1430 pro-

587 1450 828 1520 phetizat
858 1450 944 1506 his
973 1449 1194 1505 verbis:
1225 1468 1242 1501 ι
1273 1448 1534 1506 Miserere
1568 1451 1695 1515 mei,
1748 1450 1995 1514 Domine,
2037 1450 2161 1506 vide

585 1541 952 1597 humilitatem
990 1556 1168 1597 meam
1208 1541 1276 1597 de
1309 1541 1550 1599 inimicis
1602 1542 1772 1609 meis;
1818 1543 1912 1614 qui
1948 1542 2160 1600 exultas

584 1649 671 1689 me
701 1633 770 1689 d‘e
799 1635 974 1705 portis
1004 1636 1217 1699 mortis.
1269 1643 1329 1691 ut
1369 1638 1690 1691 annuntiem
1727 1652 1920 1693 omnes
1971 1637 2161 1691 lauda-

582 1726 762 1781 tiones
780 1734 901 1781 tuas
922 1727 975 1781 in
1006 1727 1177 1797 portis
1206 1725 1481 1783 tiliaa'Sion
1511 1726 1577 1783 ³⁸.
1611 1726 1828 1797 rCujus
1843 1742 1974 1784 vero
1997 1725 2153 1794 Sion,

2271 713 2511 786 περὶτοῦ
2540 714 2684 778 τινος
2714 713 2831 767 υἱοῦ
2865 712 3121 784 ὀψαλμὸς
3153 712 3367 784 εἴρηται
3401 711 3477 783 τῷ
3495 712 3678 765 Δαυΐδο
3723 714 3859 782 ἡμῖν

2273 806 2371 876 μὲν
2404 805 2512 878 γάρ
2538 806 2721 874 σαφῶς
2749 806 2997 876 φαίνεται
3031 804 3160 876 περὶ
3185 805 3279 857 τοῦ
3307 804 3510 867 πάθους
3532 804 3626 857 τοῦ
3675 802 3859 873 θυτῆ-

2270 915 2360 971 ρος
2388 898 2844 972 προφητεύεσθαι·
2881 898 3038 953 τοῦτο
3065 897 3120 951 δὲ
3150 899 3242 951 καὶ
3278 900 3404 960 τοὺς
3441 899 3496 951 Ο¹
3529 895 3857 966 νενοηκότος

2266 990 2702 1062 ἁπορρητότερον
2729 988 2963 1061 ᾑνίχθαι’
2996 993 3025 1043 ὁ
3053 989 3235 1058 μέντοι
3264 1005 3327 1057 γε
3370 988 3600 1053 ’Δκύλας
3629 990 3726 1042 καὶ
3753 988 3855 1041 αῦ-

2264 1081 2356 1146 τδς
2379 1082 2656 1153 ἐμφαίνων
2683 1083 2825 1153 μέγα
2872 1099 2925 1135 τι
2974 1083 3366 1154 ἀνδραγάθημα
3397 1082 3538 1136 κατὰ
3591 1081 3653 1135 τὸ
3680 1082 3857 1145 πάθος

2264 1174 2486 1244 γεγονὸς
2541 1174 2635 1228 τοῦ
2692 1175 2941 1246 Σωτῆρος
3008 1174 3269 1239 ἐξέδωκεν
3321 1173 3512 1239 εἰπὼν,
3569 1194 3587 1225 ι
3630 1175 3726 1245 Τῷ
3777 1193 3858 1228 νι-

2264 1265 2469 1338 κοποιῷ
2506 1266 2849 1339 νεανιότητος
2874 1267 2967 1321 τοῦ
2994 1267 3134 1321 υἱοῦ.
3164 1267 3473 1338 Μελὼδημα
3501 1267 3596 1321 τοῦ
3625 1268 3848 1322 Annia.»

2263 1359 2374 1412 Kal.
2398 1360 2494 1413 ὅλα
2526 1359 2582 1413 δὲ
2614 1358 2683 1412 τὰ
2705 1344 2844 1431 ῥητά
2861 1358 2956 1412 τοῦ
2979 1358 3194 1430 ψαλμοῦ
3216 1376 3297 1421 τις
3323 1360 3662 1430 ἐπιτηρήσας
3687 1361 3856 1431 ἐφαρ-

2264 1450 2480 1521 μόσειεν
2508 1452 2573 1506 ἂν
2595 1451 2673 1522 τῷ
2703 1451 2941 1523 Χριστῷ,
2986 1452 3195 1523 πένητα
3245 1453 3339 1505 καὶ
3402 1452 3617 1522 πτωχὸν
3657 1452 3853 1505 ἑαυτὸν

2259 1543 2636 1615 ὀνομάζοντος,
2689 1544 2783 1598 καὶ
2836 1544 3091 1616 περὶτῆς
3142 1545 3206 1598 ὲκ
3256 1545 3466 1615 νεκρῶν
3494 1544 3853 1608 ἀναστάσεως

2258 1635 2421 1689 αὑτοῦ
2454 1635 2906 1708 προφητεύοντος,
2962 1637 3019 1689 ἐν
3045 1635 3145 1707 τῷ,
3177 1656 3193 1686 ι
3240 1636 3491 1707 Ἐλέησόν
3530 1654 3620 1707 με,
3650 1636 3850 1708 Κύριε,

2261 1728 2335 1781 ἴδε
2363 1727 2462 1801 τὴν
2489 1728 2819 1782 ταπείνωσίν
2868 1745 2968 1799 μου
2995 1730 3057 1781 ὲκ
3084 1727 3191 1780 τῶν
3219 1727 3432 1799 ἐχθρῶν
3480 1744 3605 1798 μονο
3642 1731 3673 1781 6
3695 1728 3851 1798 ὑψῶν

582 1815 726 1871 infra
756 1817 916 1872 nobis
937 1817 1268 1873 ostenditur.
1299 1818 1366 1872 Et
1387 1818 1455 1874 de
1476 1819 1732 1890 gentibus
1760 1820 1830 1875 ab
1852 1834 1917 1874 eo
1941 1818 2149 1874 salvam

2259 1822 2412 1892 μεὲκ
2439 1822 2548 1874 τῶν
2578 1821 2759 1875 πυλῶν
2793 1820 2882 1874 τοῦ
2932 1821 3183 1886 θανάτου,
3234 1821 3381 1884 ὅπως
3425 1820 3490 1873 ἂν
3543 1819 3852 1889 ἐξαγγείλαι»

580 1907 688 1970 dis,
721 1909 881 1979 quasi
913 1908 979 1964 de
1008 1910 1279 1966 mendicis
1306 1918 1359 1966 et
1392 1910 1683 1982 egentibus
1726 1908 1975 1981 quaedam
2014 1925 2157 1981 pra:-

581 2001 822 2067 nuntiat,
864 2001 1008 2056 inter
1041 2018 1163 2073 qua:
1208 2009 1262 2057 et
1313 2001 1447 2055 illa:
1486 2021 1504 2053 ι
1536 2001 1848 2065 Constitue,
1902 1999 2153 2066 Domine,

578 2094 943 2167 legislatorem
986 2109 1153 2164 super
1183 2110 1300 2158 eos,
1345 2101 1405 2148 ut
1450 2094 1628 2149 sciant
1672 2103 1861 2164 gentes
1895 2093 2155 2163 quoniam

577 2189 828 2254 homines
861 2196 988 2244 sunt
1010 2190 1078 2242 ”.
1119 2207 1137 2240 ι
1177 2187 1276 2241 ilic
1298 2194 1352 2243 et
1385 2187 1675 2244 ostendere
1706 2203 1885 2257 operae
1919 2187 2154 2257 pretium

574 2290 685 2351 est,
719 2283 995 2354 quomodo
1031 2297 1139 2337 non
1172 2281 1284 2337 sint
1309 2288 1496 2352 gentes
1521 2280 1726 2351 Moysis
1763 2280 1867 2351 legi
1900 2279 2151 2335 subditas.

575 2374 710 2431 Illud
738 2374 1125 2447 proferendum
1170 2382 1255 2429 est
1286 2373 1494 2429 dictum
1540 2373 1886 2428 circumcisis
1923 2374 2152 2444 gentiles

573 2467 1002 2526 criminantibus
1048 2467 1196 2538 quod
1234 2465 1535 2521 secundum
1587 2465 1791 2537 Moysis
1828 2465 2000 2536 legem
2041 2480 2151 2521 non

572 2564 791 2628 vivunt,
823 2563 1016 2634 eisque
1049 2562 1539 2618 demonstrandum
1571 2560 1718 2631 quod
1751 2559 1995 2615 futurum
2029 2576 2152 2616 esse

573 2655 743 2710 alium
792 2669 823 2709 a
883 2653 1069 2725 Moyse
1115 2653 1486 2724 legislatorem
1542 2652 1786 2722 gentium
1832 2652 2150 2722 prophetica

573 2745 816 2801 ostendit
853 2742 1167 2816 Scriptura;
1197 2760 1322 2799 cum
1356 2743 1489 2798 dicit
1528 2744 1582 2797 in
1634 2744 1924 2798 oratione:
1953 2761 1971 2794 ι
2006 2742 2152 2799 Con-

571 2839 764 2905 stitue,
799 2836 1049 2903 Domine,
1094 2837 1463 2909 legislatorem
1495 2851 1662 2906 super
1702 2851 1827 2901 eos,
1861 2854 1881 2889 ι
1930 2836 2153 2891 manife-

569 2939 653 2987 ste
700 2940 899 3003 gentes
948 2929 1276 2991 innuuntur.
1326 2928 1532 2999 Adjicit
1566 2929 1771 3001 igitur:
1804 2948 1822 2981 ι
1856 2928 1926 2984 Ut
1971 2930 2150 2987 sciant

569 3030 758 3094 gentes
790 3022 1047 3094 quoniam
1083 3021 1335 3077 homines
1364 3028 1531 3088 sunt;
1566 3040 1583 3072 ι
1612 3021 1773 3091 quasi
1800 3021 2030 3084 diceret,
2063 3036 2149 3075 ac-

568 3114 776 3187 cipiant
829 3121 1020 3186 gentes
1077 3114 1358 3170 notionem
1392 3119 1472 3168 'et
1533 3114 1819 3169 scientiam
1880 3114 2145 3183 spiritalis

2262 1914 2441 1979 πάσας
2461 1914 2561 1979 τὰς
2589 1915 2825 1979 αἱνέσεις
2854 1932 2945 1967 σου
2971 1916 3028 1968 ἐν
3074 1917 3192 1978 ταῖς
3219 1914 3415 1978 πύλαις
3454 1913 3549 1983 τῆς
3572 1913 3848 1981 θυγατρὸς

2258 2004 2449 2059 Σιώνί
2489 2006 2647 2070 ποίας
2674 2007 2729 2060 δὲ
2762 2006 2921 2071 Σιὼν,
2956 2005 3136 2078 μικρῷ
3172 2005 3407 2077 πρόσθεν
3432 2007 3562 2075 ἡμῖν
3617 2004 3849 2076 δεδήλως

2256 2115 2365 2153 ταιο
2404 2098 2499 2153 καὶ
2547 2100 2674 2170 περὶ
2704 2099 2812 2154 τῶν
2844 2098 3014 2153 ἐθνῶν
3048 2099 3105 2152 δὲ
3142 2098 3250 2151 τῶν
3298 2098 3366 2151 δι’
3391 2095 3556 2151 αὐτοῦ
3600 2096 3848 2167 σωθησο-

2260 2190 2457 2262 μένων,
2489 2192 2565 2255 ὡς
2590 2193 2718 2263 περὶ
2744 2191 2974 2263 πτωχῶν
3022 2192 3117 2245 καὶ
3158 2191 3402 2260 πενήτων
3436 2190 3495 2241 ὲν
3523 2187 3676 2259 αύτῷ
3721 2205 3849 2241 τινα

2259 2283 2681 2356 προφητεύεται,
2734 2286 2793 2336 ἐν
2842 2280 2923 2347 οἷς
2974 2284 3215 2337 ἐστικαὶ
3271 2282 3353 2346 τὸ,
3401 2300 3419 2333 ι
3456 2282 3845 2351 Κατάστησον,

2256 2376 2449 2447 Κύριε,
2477 2375 2775 2447 νομοθέτην
2800 2375 3001 2438 αὐτοῖς’
3031 2373 3325 2444 γνώτωσαν
3347 2372 3474 2444 ἔθνη
3523 2374 3607 2426 ὃτι
3638 2373 3849 2443 ἄνθρω-

2256 2467 2347 2521 ποί
2381 2469 2572 2523 εἰσιν.»
2615 2467 2784 2521 ’Ἐνθα
2810 2469 2903 2522 xal.
2931 2469 3223 2539 ἐπιστῆσαι
3246 2466 3413 2531 ἄξιον,
3453 2466 3529 2528 ῶς
3568 2466 3669 2535 οὐχ
3707 2463 3848 2516 6:6-

2255 2578 2467 2614 κεινται
2495 2562 2563 2615 τὰ
2595 2561 2722 2632 ἔθνη
2752 2560 2828 2632 τῷ
2848 2560 3129 2622 Μωῦσέως
3157 2560 3326 2630 νόμιμ’
3384 2559 3478 2611 καὶ
3502 2555 3846 2630 προσακτέον

2254 2670 2316 2724 γε
2345 2656 2455 2715 τοῖς
2489 2654 2556 2707 ὲκ
2584 2654 2885 2725 περιτομῆς
2932 2652 2994 2705 τὸ
3043 2650 3209 2724 ῥητὸν
3260 2649 3550 2718 ἐγκαλοῦσι
3604 2651 3719 2711 τοῖς
3779 2647 3841 2713 ἐξ

2253 2745 2422 2799 ἐθνῶν
2445 2746 2532 2801 διὰ
2564 2746 2624 2799 τὸ
2679 2747 2753 2818 μὴ
2808 2744 2958 2816 βιοῦν
3006 2743 3147 2798 κατὰ
3207 2744 3298 2797 τὸν
3326 2742 3605 2806 Μωῦσέως
3648 2741 3839 2811 νόμον,

2252 2838 2491 2912 δεικτέον
2516 2856 2573 2891 τε
2602 2837 2677 2902 ὡς
2706 2837 2815 2910 ἄρα
2873 2837 3060 2909 ἔτερόν
3087 2854 3207 2891 τινα
3233 2834 3385 2907 παρὰ
3414 2834 3655 2889 Μωῦσέα
3671 2849 3838 2903 νομο-

2252 2929 2413 3002 θέτην
2444 2929 2661 2983 ἔσεσθαι
2724 2929 2834 2983 τῶν
2865 2928 3034 2983 ἐθνῶν
3090 2929 3119 2980 ὁ
3165 2926 3499 2999 προφητικὺς
3546 2926 3838 2978 ἐπίσταται

2251 3021 2426 3093 λόγος,
2451 3022 2527 3087 ὼς
2548 3023 2605 3075 ὲν
2632 3023 2763 3095 εὐχῇ
2799 3023 3024 3091 φάσκων
3050 3020 3131 3086 τὸ,
3164 3041 3181 3071 ι
3220 3022 3597 3090 Κατάστησον,
3638 3018 3837 3089 Κύριε,

2250 3114 2544 3185 νομοθέτην
2565 3116 2799 3181 αῦτοῖςρ
2829 3115 2988 3186 δῆλον
3015 3115 3061 3169 δ’
3076 3116 3156 3168 ὅτι
3184 3118 3294 3177 τοῖς
3326 3113 3553 3166 ἔθνεσιν·
3582 3111 3837 3182 ἐπιφέρει

565 3208 887 3265 substantias
907 3222 1040 3274 sure,
1062 3222 1165 3278 per
1196 3207 1563 3278 legislatorem
1587 3206 1679 3276 qui
1706 3220 1871 3275 super
1885 3222 1981 3261 eos
2008 3221 2142 3260 con-

2251 3208 2295 3276 γ’
2320 3203 2413 3260 οῦν
2434 3206 2607 3278 τούτῳ
2635 3206 2715 3268 τὸ,
2771 3225 2789 3257 ι
2814 3206 3113 3261 Γνώτωσαν
3142 3206 3265 3277 ἔθνη
3319 3206 3400 3259 ὅτι
3444 3204 3723 3276 ἄνθρωποί
3753 3206 3837 3256 εἰ-

566 3300 879 3356 stituendus
910 3307 1016 3355 est.
1048 3298 1151 3354 Hie
1179 3308 1360 3355 autem
1393 3307 1540 3353 esset
1577 3297 1851 3361 Christus,
1884 3298 1977 3368 qui
2001 3312 2144 3352 com-

562 3407 735 3446 mune
778 3390 937 3447 nobis
987 3398 1378 3445 testamentum
1430 3386 1603 3442 edixit
1661 3388 1894 3442 dicens:
1936 3406 1955 3439 ι
1986 3386 2142 3440 Dicta

563 3491 693 3538 sunt
717 3481 961 3551 antiquis
985 3482 1099 3535 inec
1130 3488 1184 3535 et
1207 3480 1334 3547 illa;
1359 3494 1461 3549 ego
1485 3486 1665 3534 autem
1688 3478 1813 3533 dico
1835 3478 1991 3535 vobis
2019 3480 2097 3547 ¹⁶;
2119 3499 2137 3530 ι

562 3572 657 3641 qui
686 3571 877 3627 divina
907 3580 960 3625 et
989 3585 1191 3626 arcana
1230 3576 1499 3640 potestate
1541 3569 1804 3624 stabilivit
1835 3570 1982 3642 leges
2010 3584 2142 3625 suas

562 3678 673 3718 non
706 3664 762 3718 in
801 3677 906 3717 una
936 3662 1023 3717 vel
1054 3662 1223 3717 altera
1262 3668 1442 3732 gente,
1476 3676 1583 3715 non
1610 3662 1663 3715 in
1699 3661 1934 3732 quadam
1970 3665 2142 3719 totius

560 3756 714 3813 orbis
753 3761 925 3827 parte.
961 3770 1070 3809 non
1097 3755 1334 3809 breviter
1358 3755 1729 3819 obsoleturas,
1755 3754 1851 3811 sed
1878 3766 1934 3810 ut
1955 3771 2143 3827 exspe-

559 3847 820 3904 ctandum
863 3855 948 3904 est
993 3847 1063 3902 de
1106 3846 1290 3902 divina
1335 3848 1535 3902 virtute
1582 3864 1679 3903 sua
1713 3848 1768 3902 in
1818 3856 2141 3919 perpetuum

560 3950 724 4012 atque
750 3940 893 4011 apud
927 3942 1215 3997 universas
1246 3947 1458 4012 gentes.
1495 3939 1626 4008 Quae
1650 3940 1726 3995 ita
1756 3957 1816 3997 se
1860 3941 2064 3997 habere
2092 3943 2141 3998 si

560 4033 689 4104 quis
714 4048 824 4089 non
854 4032 1129 4098 admittat,
1164 4031 1416 4089 ostendat
1454 4034 1703 4102 quemvis
1728 4034 1920 4099 alium,
1944 4043 2141 4104 praeter

564 4125 903 4182 Salvatorem
936 4124 1335 4196 Dominumque
1356 4133 1606 4181 nostrum
1625 4123 1812 4181 Jesum
1834 4125 2136 4192 Christum,

558 4230 927 4291 congruenter
988 4233 1113 4273 cum
1159 4218 1263 4272 hac
1311 4219 1599 4290 prophetia
1646 4219 2018 4289 legislatorem
2070 4220 2140 4274 ah

551 4310 805 4365 omnium
832 4309 942 4365 Deo
970 4311 1333 4365 constitutum
1367 4312 1642 4381 gentibus,
1677 4310 1888 4366 factum
1921 4313 2138 4369 cunctis

554 4402 873 4459 hominibus
900 4403 1120 4475 pietatis
1154 4404 1477 4475 magistrum
1516 4419 1645 4476 erga
1680 4418 1861 4459 rerum
1890 4404 2135 4459 omnium

555 4496 892 4553 Creatorem.

2250 3315 2387 3363 σιν,›
2414 3299 2546 3355 ὡσεὶ
2602 3298 2809 3369 ἔλεγεν,
2844 3297 3271 3370 ἀναλαμϐανέτω
3324 3295 3393 3350 τὰ
3442 3296 3571 3367 ἔθνη
3632 3296 3838 3366 γνῶσιν

2247 3393 2341 3444 καὶ
2362 3392 2670 3463 ἐπιστήμην
2698 3391 2796 3461 τῆς
2825 3392 3045 3463 λογικῆς
3070 3390 3250 3445 αὐτῶν
3274 3391 3458 3453 οὐσίας
3479 3389 3567 3443 διὰ
3592 3388 3687 3443 τοῦ
3707 3389 3837 3460 μέλ·

2245 3482 2426 3547 λοντος
2452 3485 2636 3547 αὐτοῖς
2660 3483 3018 3538 καθίστασθαι
3049 3482 3358 3554 νομοθέτου·
3395 3478 3549 3545 οὗτος
3575 3481 3620 3534 δ’
3646 3483 3712 3536 ἂν
3745 3484 3835 3553 εἴη

2244 3578 2273 3629 ὁ
2305 3576 2560 3648 Χριστὸς,
2593 3578 2621 3630 6
2650 3578 2749 3649 τὴν
2775 3576 2958 3648 κοινὴν
2983 3576 3349 3647 νομοθετήσας
3404 3577 3536 3645 ἡμῖν
3569 3574 3834 3647 διαθήκην

2243 3668 2322 3739 τῷ
2345 3667 2559 3738 λέγειν’
2593 3688 2610 3720 ι
2652 3669 2882 3741 Ἐρρέθη
2929 3673 3041 3734 τοῖς
3080 3669 3331 3741 ἀρχαίοις
3363 3668 3489 3722 τάδε
3539 3667 3680 3731 τινὰ,
3719 3665 3834 3736 ἐγὼ

2242 3756 2463 3831 δὲλέγω
2484 3762 2664 3815 τάδε’»
2694 3761 2752 3825 ὃς
2776 3762 2871 3815 καὶ
2903 3759 3024 3833 θείᾳ
3054 3761 3148 3814 καὶ
3183 3761 3407 3833 ἀρρήτῳ
3434 3758 3661 3829 δυνάμει
3695 3776 3833 3830 κρα-

2242 3853 2397 3908 τῦναι
2446 3857 2571 3919 τοὺς
2632 3853 2826 3907 ἑαυτοῦ
2888 3854 3086 3926 νόμους
3141 3853 3242 3906 οὐκ
3280 3852 3370 3906 ἐπὶ
3408 3851 3467 3905 ἓν
3507 3868 3561 3904 τι
3602 3849 3754 3913 ἔθνος
3794 3850 3828 3920 ἦ

2240 3947 2511 4019 δεύτερον,
2542 3946 2651 4000 οὐδ’
2672 3947 2766 3999 ἐπὶ
2796 3945 2959 4019 μέρος
2982 3964 3036 3999 τι
3068 3945 3167 4018 τῆς
3195 3945 3322 4016 ὅλης
3347 3944 3690 4015 οἰκουμένης,
3708 3943 3828 3998 ἀλλ’

2241 4039 2360 4093 οὐδὲ
2390 4041 2475 4092 ἐπ’
2491 4039 2670 4108 ὀλίγον
2692 4038 2814 4093 τινὰ
2850 4037 3133 4109 δεδύνηται
3178 4037 3390 4109 χρόνον,
3417 4036 3530 4090 ἀλλ’
3564 4037 3639 4099 ὼς
3679 4036 3830 4089 ἔστιν

2241 4132 2299 4197 ἐξ
2321 4132 2489 4203 αὐτῆς
2514 4132 2847 4204 παραλαῦεῖν
2898 4132 2999 4202 τῆς
3051 4131 3328 4203 ἐνεργείας
3358 4131 3439 4194 εἰς
3480 4129 3539 4182 τὸ
3579 4128 3829 4200 διηνεκὲς

2240 4225 2334 4278 καὶ
2356 4224 2449 4277 ἐπὶ
2481 4225 2660 4279 πάντα
2683 4223 2753 4278 τὰ
2778 4223 2928 4297 ἔθνη.
2955 4225 3015 4277 Εἰ
3045 4223 3101 4276 δὲ
3133 4222 3208 4296 μὴ
3252 4222 3531 4295 προσίοιτό
3558 4239 3641 4285 τις
3667 4219 3826 4273 ταῦθ’

2239 4316 2411 4381 οῦτως
2438 4316 2599 4389 ἔχειν,
2630 4316 2891 4372 δεικνύτω
2919 4317 3040 4371 τίνα
3064 4315 3130 4370 ἂν
3149 4316 3306 4371 ἄλλον
3338 4315 3451 4387 ἔχοι
3480 4314 3655 4383 λέγειν
3673 4313 3828 4385 παρὰ

2238 4408 2330 4463 τὸν
2360 4410 2589 4483 Σωτῆρα
2606 4411 2705 4465 καὶ
2738 4410 2941 4483 Κύριον
2968 4409 3125 4481 ήμῶν
3164 4408 3372 4481 Ἰησοῦν
3402 4407 3658 4480 Χριστόν,
3693 4407 3826 4460 ἀκο-

2238 4500 2441 4568 λούθως
2464 4506 2530 4576 τῇ
2567 4502 2705 4575 μετὰ
2734 4507 2922 4576 χεῖρας
2950 4502 3257 4576 προφητεία
3284 4502 3582 4573 νομοθέτην
3602 4498 3709 4553 ὑπὸ
3726 4498 3824 4552 τοῦ

552 4589 662 4645 τῶν
689 4590 826 4646 ὅλων
851 4591 986 4646 Θεοῦ
1022 4592 1427 4648 κατασταθέντα
1450 4597 1560 4658 τοῖς
1582 4593 1778 4659 ἔθνεσι,
1817 4592 2135 4648 διδάσκαλον
2172 4597 2536 4670 γεγενημένον
2571 4599 2774 4654 ἆπασιν
2796 4595 3107 4669 ἀνθρώποις
3163 4598 3261 4669 τῆς
3323 4598 3403 4662 είς
3427 4596 3516 4650 τὸν
3546 4594 3654 4648 τῶν
3683 4591 3822 4646 ὅλων

548 4685 893 4759 Δημιουργδν
930 4686 1227 4751 εὐσεϐείας.

1166 4804 1399 4861 CAPUT
1437 4804 1526 4860 Vl.

1027 4896 1076 4951 E
1108 4898 1314 4965 psalmo
1367 4898 1663 4955 undecimo.

624 4988 683 5043 ιη
717 4987 1008 5045 undecimo
1056 4989 1268 5059 psalmo
1317 4989 1581 5047 Dominus
1619 4990 1752 5045 dicit
1786 5010 1798 5045 :
1841 5009 1860 5041 ι
1905 4989 2133 5061 Propter
2164 4987 2209 5043 D

551 5080 831 5136 miseriam
865 5080 1109 5153 inopum,
1143 5087 1197 5134 et
1225 5080 1483 5150 gemitum
1510 5096 1831 5153 pauperum,
1858 5096 2006 5136 nunc
2034 5096 2133 5136 ex-

550 5188 795 5243 surgam,
820 5171 954 5227 dicit
984 5170 1270 5229 Dominus.
1301 5171 1504 5228 Ponam
1538 5175 1591 5228 in
1619 5174 1873 5239 salutari,
1907 5171 2131 5227 ﬁducia-

552 5265 673 5319 liter
705 5279 861 5338 agam
894 5266 951 5320 in
990 5281 1057 5321 eo
1091 5266 1157 5319 ’⁷.
1193 5283 1211 5318 ι
1275 5265 1641 5337 Exquiramus
1693 5282 1876 5323 annon
1923 5263 2127 5321 Christi

546 5372 798 5427 persona:
823 5373 977 5413 suam
1007 5373 1037 5412 a
1080 5358 1311 5414 mortuis
1355 5360 1816 5416 resurrectionem
1859 5373 2121 5429 praznuno

547 5450 706 5505 tianti
739 5450 854 5506 haec
875 5453 1512 5522 convenirent,quorum
1562 5453 1647 5506 hic
1697 5467 1894 5507 sensus
1941 5459 2124 5505 esset:

544 5556 766 5617 propter
797 5553 994 5616 gentes
1026 5547 1081 5600 in
1106 5546 1419 5616 iniquitatis
1440 5546 1659 5599 miseria
1693 5552 1875 5608 natas,
1907 5543 2119 5612 inopes-

543 5656 652 5711 que
692 5639 961 5710 probrose
984 5647 1228 5702 vocatas,
1255 5654 1321 5694 eo
1352 5639 1496 5709 quod
1536 5637 1629 5692 Dei
1659 5637 1875 5694 divitiis
1901 5638 2125 5709 privata:

2776 4800 3175 4854 ΚΕΦΑΛΑΙΟΝ
3204 4801 3294 4867 ς’.

2833 4893 3083 4963 Ψαειμοῦ
3120 4899 3211 4946 ια’.

2327 4987 2480 5040 Ἐπεὶ
2512 4986 2570 5039 ὲν
2618 4985 2697 5057 τῷ
2756 4985 3028 5056 ἑνδεκάτῳ
3076 4982 3276 5055 ψαλμῷ
3310 4985 3339 5036 ὁ
3381 4982 3584 5055 Κύριός
3617 4999 3815 5055 φησιν’

2243 5102 2261 5133 ι
2294 5081 2518 5135 Ἕνεκεν
2549 5080 2649 5151 τῆς
2693 5079 3071 5151 ταλαιπωρίας
3129 5077 3237 5130 τῶν
3270 5075 3526 5148 πτωχῶν,
3580 5077 3672 5128 καὶ
3721 5075 3818 5129 τοῦ

2238 5171 2539 5243 στεναγμοῦ
2575 5169 2722 5242 (L20
2745 5171 2819 5239 v°)
2847 5170 2957 5223 τῶν
2982 5170 3233 5239 πενήτων
3273 5167 3368 5220 νῦν
3415 5166 3816 5236 ἀναστήσομαι,

2234 5262 2379 5331 λέγει
2438 5261 2659 5333 Κύριος
2694 5260 2927 5331 θήσομαι
2966 5262 3023 5313 ἐν
3058 5257 3331 5329 σωτηρίῳ,
3365 5254 3817 5327 παρρησιάσομαι

2235 5358 2293 5410 ἐν
2319 5354 2520 5426 αύτῷ-ι
2561 5354 2882 5423 ἐξετάζομεν
2907 5351 2980 5423 μὴ
3010 5350 3137 5422 περὶ
3175 5347 3411 5422 Χριστοῦ
3442 5348 3719 5420 προσώπῳ
3749 5348 3819 5401 τά

2237 5449 2492 5521 περὶτῆς
2545 5448 2609 5500 ἐκ
2640 5445 2848 5517 νεκρῶν
2882 5443 3229 5505 ἀναστάσεως
3291 5440 3458 5494 αὐτοῦ
3512 5440 3815 5494 διδάσκοντι

2235 5545 2327 5596 καὶ
2346 5543 2519 5596 ταῦτα
2544 5542 2609 5595 ἂν
2635 5537 2884 5613 ἁρμόζοι,
2908 5536 3114 5611 τοιάνδε
3140 5536 3381 5591 διάνοιαν
3418 5535 3628 5605 ἔχοντα’
3652 5533 3820 5587 ἕνεκα

2232 5633 2341 5685 τῶν
2383 5635 2441 5685 ἐν
2468 5630 2813 5703 ταλαιπωρίᾳ
2838 5629 3032 5693 κακίας
3070 5626 3373 5698 γεγονότων
3423 5625 3613 5691 ἐθνῶν,
3666 5641 3819 5681 πτωσ-

616 5798 662 5832 "
701 5794 827 5853 Psal
883 5813 957 5868 rx,
998 5794 1093 5863 η,
1134 5796 1220 5851 ts.
1296 5797 1343 5828 τε
1382 5796 1512 5851 ibid.
1546 5795 1635 5852 at.
1712 5798 1757 5828 η
1800 5752 1968 5850 Manu
2020 5811 2073 5862 v,
2104 5791 2293 5848 seu.
2370 5790 2415 5823 ετ
2453 5788 2599 5848 Psal.
2637 5804 2728 5856 χι,
2762 5788 2814 5845 6.
