4114 6472
334 255 465 310 ΗΜ

1348 252 1640 311 ECLOGA)
1682 253 2158 312 PROPHETICAS.
2194 286 2265 297 —
2302 254 2431 311 LIB.
2474 258 2537 312 li.

3444 262 3579 318 1102

332 375 447 448 χῶν
482 373 893 445 ὀνομαζομένων
935 371 1152 443 ψεκτῶς
1199 372 1287 427 διὰ
1341 375 1401 429 τὸ
1456 376 1782 448 ἐστερῆσθαι
1812 374 1901 429 τοῦ

2010 384 2158 440 sunt,
2194 374 2519 430 exinaniens
2557 375 2932 447 semetipsum,
2962 380 3260 433 certamine
3282 393 3457 449 usque
3506 382 3577 437 ad

332 468 477 523 κατά
500 466 631 520 Θεὸν
655 466 904 531 πλούτου,
964 468 1207 529 κενώσας
1254 468 1442 521 ἐαυτὸν
1461 507 1475 530 ,
1512 465 1905 537 ἀναδεξάμενός

327 573 391 611 τε
430 558 589 629 μέχρι
628 558 723 611 καὶ
759 556 986 610 θανάτου
1042 557 1132 610 τὸν
1181 558 1321 629 ὑπὲρ
1345 558 1523 611 αὐτῶν
1573 557 1779 625 ἀγῶνα,
1809 555 1903 609 νῦν

329 649 724 721 ἀναστησομαι,
763 650 856 703 καὶ
880 650 943 721 δὴ
972 649 1149 704 λαϐὼν
1187 650 1285 721 τὴν
1315 649 1455 704 κατὰ
1514 649 1730 704 πάντων
1754 648 1902 716 ἐξου-

333 743 455 796 σίαν
482 741 631 814 παρὰ
666 741 759 796 τοῦ
793 742 1022 813 Πατρὸς,
1050 744 1255 806 πάντας
1286 743 1412 805 τοὺς
1457 744 1536 804 είς
1568 742 1666 813 ἐμὲ
1689 740 1902 794 πιστεύ-

332 852 532 899 σαντας
568 836 802 907 θήσομαι
850 837 931 900 εἰς
981 835 1271 908 σωτηρίαν,
1320 837 1414 888 καὶ
1455 833 1901 907 παρρησιάσομαι

332 927 391 980 ἐν
420 924 588 998 αὐτῷ,
610 927 728 998 ἦτοι
753 925 830 997 τῷ
860 927 1054 998 Πατρὶ,
1087 926 1118 997 ἢ
1152 926 1228 997 τῷ
1272 927 1644 999 πεπραγμένῳ
1680 942 1769 996 μοι
1812 926 1905 978 ἐπὶ

332 1018 577 1091 σωτηρίᾳ
599 1018 708 1072 τῶν
740 1020 1005 1074 τοσούτων
1040 1019 1560 1090 ἀνδραγαθημάτων.
1602 1020 1768 1090 Καὶή
1807 1021 1904 1090 μὲν

329 1110 425 1163 τοῦ
459 1109 624 1181 ῥητοῦ
654 1111 873 1183 τοιαύτη
906 1128 992 1175 τις
1022 1110 1087 1165 ἂν
1117 1112 1200 1182 εἴη
1230 1109 1455 1163 διάνοια·
1499 1110 1566 1162 τά
1609 1110 1788 1180 μέντοι
1842 1128 1904 1179 γε

330 1199 525 1272 πρῶτα
539 1199 632 1254 τοῦ
660 1200 894 1273 ψαλμοῦ,
930 1222 947 1252 ι
977 1199 1154 1253 Σῶσόν
1187 1216 1274 1271 με,
1313 1200 1341 1252 ὁ
1369 1198 1521 1262 Θεὸς,
1546 1218 1564 1250 ι
1588 1199 1907 1270 περιέχοντα

334 1312 356 1344 ε
386 1294 468 1346 ὅτι
488 1292 796 1347 ἐκλέλοιπεν
821 1293 987 1356 ὅσιος,
1002 1311 1019 1343 ι
1041 1292 1135 1346 καὶ
1147 1292 1215 1346 τὰ
1230 1292 1378 1363 ὲξῆς,
1403 1292 1492 1346 τὸν
1507 1292 1695 1364 καιρὸν
1712 1291 1832 1345 καθ’
1848 1290 1907 1346 δν

330 1386 594 1441 πέπονθεν
626 1385 805 1449 ὁποῖός
830 1402 914 1450 τις
944 1384 1157 1457 ὑπῆρχε
1193 1384 1359 1456 δηλοῖ·
1394 1403 1413 1435 ι
1438 1384 1767 1438 Ἐκλελοίπει
1794 1384 1906 1455 γὰρ

328 1477 476 1540 ὅσιος
516 1497 536 1531 ι
571 1477 712 1543 τότε,
732 1477 823 1531 καὶ
862 1496 881 1529 ι
923 1474 1284 1547 Ὦλιγώθησαν
1313 1478 1366 1529 αί
1395 1476 1641 1547 ἀλήθειαι
1664 1475 1772 1529 ἀπὸ
1803 1473 1909 1527 τῶν

2012 474 2241 522 mortem
2286 482 2385 536 pro
2416 466 2524 523 illis
2574 475 2830 539 suscepto
2863 468 2931 533 ⁸⁸,
2963 483 3109 523 nunc
3141 484 3432 541 exsurgam
3484 488 3579 529 ac-

2010 559 2330 630 cipiensque
2360 574 2390 613 a
2421 557 2583 614 Patre
2614 560 2669 613 in
2693 561 2950 615 omnibus
2980 561 3430 627 dominationem,
3459 578 3578 619 om-

2008 666 2108 707 nes
2142 653 2233 721 qui
2267 653 2322 708 in
2346 666 2431 707 me
2461 652 2703 715 credent.
2726 672 2744 703 ι
2773 668 2968 723 ponam
3002 655 3057 710 in
3078 657 3327 724 salutari,
3353 664 3407 712 et
3440 656 3577 712 ﬁdu-

2008 744 2221 805 cialiter
2253 756 2407 813 agam
2442 743 2495 797 in
2518 758 2606 809 eo,
2640 763 2659 796 ι
2682 745 2798 800 sive
2825 746 2879 799 in
2917 744 3098 811 Patre,
3124 747 3239 801 sive
3262 748 3314 801 in
3344 762 3411 803 eo
3432 748 3577 819 quod

2009 835 2112 888 feci
2144 833 2463 904 praeclarum
2496 831 2557 887 in
2595 849 2785 888 eorum
2818 836 3071 891 salutem.
3105 834 3202 891 iiic
3231 836 3395 907 igitur
3419 838 3579 894 nobis

2008 924 2226 980 videtur
2261 924 2454 995 psalmi
2492 940 2706 981 sensus.
2752 925 2931 980 Prima
2959 934 3137 982 autem
3172 928 3336 998 hujus
3366 929 3532 985 verba
3560 949 3573 983 :

2016 1033 2036 1066 ι
2078 1014 2299 1071 Salvum
2351 1032 2437 1071 me
2481 1016 2587 1082 fac,
2618 1016 2866 1084 Domine,
2895 1019 3153 1088 quoniam
3201 1021 3401 1076 defecit
3450 1036 3579 1076 san-

2011 1114 2135 1163 ctus
2163 1108 2231 1172 ”,
2264 1127 2282 1160 ι
2307 1115 2360 1163 et
2390 1108 2619 1179 reliqua,
2642 1123 2751 1179 quo
2787 1119 3032 1180 tempore
3068 1124 3265 1181 passus
3294 1113 3367 1170 sit
3395 1121 3580 1169 osten-

2011 1199 2169 1273 dunt.
2217 1199 2371 1255 Tunc
2411 1200 2556 1255 enim
2595 1219 2610 1255 :
2648 1219 2669 1252 ι
2702 1200 2908 1257 Deiecit
2965 1211 3210 1269 sanctus,
3245 1214 3300 1262 et
3340 1207 3578 1264 diminu-

2014 1299 2083 1347 ta:
2106 1301 2235 1348 sunt
2260 1292 2517 1348 veritates
2539 1308 2570 1347 a
2588 1278 2716 1350 ﬁliis
2737 1293 3018 1350 hominum
3041 1313 3057 1362 ;
3092 1312 3230 1352 vana
3252 1299 3416 1355 locuti
3448 1313 3577 1360 sunt

2014 1385 2391 1455 unusquisque
2433 1384 2500 1440 ad
2541 1385 2847 1457 proximum
2903 1403 3063 1444 suum
3090 1391 3156 1445 '°.
3200 1410 3219 1444 ι
3266 1392 3394 1449 Haec
3429 1396 3575 1451 enim

2014 1475 2220 1538 omnia,
2243 1482 2296 1530 et
2317 1490 2437 1546 quae
2458 1483 2784 1545 sequuntur,
2806 1476 2898 1534 illo
2921 1486 3161 1551 tempore
3187 1481 3405 1553 impleta
3426 1494 3573 1541 sunt.

328 1571 460 1624 υἱῶν
486 1570 594 1651 τῶν
619 1570 939 1643 ἀνθρώπων
966 1570 1171 1642 μάταια
1202 1570 1459 1643 ἐλάλησεν
1488 1571 1717 1634 ἕκαστος
1769 1568 1905 1641 πρὸς
1939 1569 2031 1625 τὸν
2056 1569 2279 1642 πλησίον
2340 1569 2525 1624 αὐτοῦ’
2574 1591 2593 1624 ι
2628 1573 2722 1626 καὶ
2758 1572 2825 1629 τά
2848 1573 3055 1639 τούτοις
3090 1576 3147 1631 δὲ
3193 1559 3319 1651 ἑξῆς
3361 1578 3576 1636 ἅπαντα

329 1664 449 1718 κατ’
473 1646 675 1719 ἐκεῖνον
698 1664 1019 1737 πεπλήρωτο
1047 1663 1137 1718 τὸν
1170 1664 1379 1735 χρόνον.

855 1782 1248 1837 ΚΕΦΑΛΔΙΟΝ
1296 1783 1370 1835 Z'.

930 1871 1180 1940 Ψαλμοῦ
1229 1877 1314 1926 ιε’.

406 1984 426 2019 ε
462 1963 813 2038 Προωρώμην
842 1964 931 2020 τὸν
962 1965 1165 2036 Κύριον
1192 1965 1422 2021 ἐνώπιόν
1451 1983 1549 2036 μου
1591 1965 1902 2032 διαπαντὸς,

327 2060 411 2115 ὅτι
444 2060 509 2113 ἐκ
535 2058 722 2126 δεξιῶν
759 2075 860 2130 μου
883 2058 1038 2113 ἐστὶν
1084 2060 1169 2113 ἵνα
1221 2059 1294 2131 μὴ
1334 2058 1593 2113 σαλευθῶ.
1621 2058 1719 2113 Διά
1749 2057 1907 2112 τοῦτο

329 2150 615 2223 ηὐφράνθη
640 2152 673 2222 ἡ
704 2150 902 2221 καρδία
937 2167 1059 2221 μου,
1089 2151 1183 2204 καὶ
1207 2150 1576 2221 ἠγαλλιάσατο
1606 2153 1640 2222 ή
1686 2149 1907 2219 γλῶσσά

332 2258 462 2311 μου,
497 2240 577 2294 ἔτι
604 2240 660 2294 δὲ
687 2240 781 2294 καὶ
805 2242 839 2312 ἡ
878 2240 1013 2313 σάρξ
1044 2258 1145 2311 μου
1174 2240 1581 2313 κατασκηνώσει
1612 2241 1696 2294 ἐπ’
1709 2240 1901 2294 ἐλπίδι.

330 2335 458 2389 Ὅτι
491 2335 591 2389 οὐκ
623 2335 1033 2406 ἐγκαταλείψεις
1058 2335 1153 2408 τὴν
1175 2336 1353 2407 ψυχήν
1382 2353 1483 2408 μου
1516 2338 1594 2399 εἰς
1616 2334 1905 2407 ᾆδην,ούδὲ

327 2425 523 2490 δώσεις
553 2427 642 2481 τὸν
666 2426 811 2480 ὅσιόν
837 2444 927 2481 σου
956 2427 1082 2481 ἰδεῖν
1106 2426 1423 2499 διαφθοράν.
1460 2426 1790 2499 Ἑγνώρισάς
1816 2444 1904 2497 μοι

327 2517 482 2581 ὁδοὺς
541 2517 707 2588 ζωῆς,
765 2517 1071 2591 πληρώσεις
1121 2536 1187 2589 με
1214 2519 1553 2591 εὐφροσύνης
1617 2519 1755 2589 μετά
1809 2519 1902 2573 τοῦ

330 2608 624 2683 προσώπου
649 2627 762 2664 σου.
790 2629 809 2661 ›
832 2610 956 2664 Ὅτι
982 2610 1038 2664 δὲ
1060 2611 1338 2665 καὶταῦτα
1358 2615 1438 2676 εἰς
1470 2613 1757 2687 πρόσωπον
1772 2613 1904 2668 άνα-

331 2703 561 2772 φέρεται
610 2702 849 2773 Χριστοῦ
886 2706 1153 2775 μαρτυρεῖ
1198 2705 1227 2757 ὁ
1285 2706 1493 2777 Πέτρος
1537 2707 1594 2759 ἐν
1622 2706 1740 2769 ταῖς
1795 2703 1904 2759 τῶν

328 2792 640 2847 ἀποστόλων
685 2792 946 2865 Πράξεσι,
981 2794 1045 2849 δι’
1070 2788 1145 2849 ὧν
1183 2794 1355 2849 ταῦτά
1399 2812 1581 2866 φησιν·
1622 2812 1640 2846 ι
1698 2794 1905 2867 Ἰησοῦν

328 2884 421 2937 τὸν
448 2883 783 2957 Ναζωραῖον,
807 2885 975 2959 ἄνδρα
1025 2886 1475 2958 ἀποδεδειγμένον
1508 2888 1589 2950 είς
1607 2887 1751 2958 ὑμᾶς
1793 2886 1903 2940 ἀπὸ

328 2973 466 3027 Θεοῦ
487 2974 745 3045 δυνάμεσι
770 2976 863 3029 καὶ
894 2977 1084 3047 τέρασι
1120 2978 1215 3030 καὶ
1243 2976 1506 3049 σημείοις,
1536 2972 1619 3040 οἷς
1681 2976 1903 3046 ἐποίησε

326 3065 397 3118 δι’
429 3064 592 3120 αὐτοῦ
618 3068 646 3119 ό
675 3065 806 3130 Θεὸς
834 3069 891 3120 ἐν
928 3068 1077 3139 μέσῳ
1110 3067 1284 3139 ὑμῶν,
1312 3067 1492 3132 καθὼς
1520 3068 1673 3121 αὐτοὶ
1704 3067 1900 3132 οἴδατε,

2594 1774 2822 1831 CAPUT
2875 1775 2987 1834 νη.

2422 1863 2471 1918 Ε
2495 1868 2701 1935 psalmo
2735 1870 2918 1939 quinto
2951 1871 3177 1930 decimo.

2083 1973 2102 2007 ι
2138 1954 2496 2011 Provideham
2537 1955 2827 2013 Dominum
2874 1960 2927 2014 in
2954 1973 3253 2033 conspectu
3285 1981 3406 2024 meo
3425 1986 3572 2026 sem-

2006 2062 2136 2119 per;
2168 2048 2425 2118 quoniam
2475 2064 2507 2104 a
2554 2048 2763 2105 dextris
2792 2060 2874 2107 est
2906 2053 3057 2120 mihi,
3095 2070 3163 2110 ne
3205 2071 3568 2121 commovear.

2005 2138 2234 2211 Propter
2262 2139 2365 2195 hoc
2394 2140 2631 2195 laetatum
2663 2150 2748 2197 est
2768 2156 2864 2197 cor
2880 2158 3059 2199 meum
3075 2153 3129 2199 et
3151 2148 3447 2205 exsultavit
3469 2153 3573 2208 lin-

2006 2247 2113 2305 gua
2141 2247 2260 2287 mea
2287 2248 2300 2283 :
2340 2232 2565 2302 insuper
2597 2239 2651 2287 et
2697 2247 2827 2289 caro
2876 2250 2996 2290 mea
3028 2238 3335 2308 requiescet
3372 2242 3428 2297 in
3452 2260 3569 2314 spe.

2006 2322 2275 2391 Quoniam
2319 2337 2430 2378 non
2460 2322 2808 2394 derelinques
2837 2325 3073 2380 animam
3108 2342 3284 2384 meam
3314 2330 3371 2386 in
3404 2332 3573 2390 inier—

2006 2429 2098 2482 no,
2126 2429 2226 2471 nec
2256 2411 2414 2469 dabis
2449 2423 2705 2470 sanctum
2741 2421 2896 2471 tuum
2924 2416 3110 2474 videre
3142 2423 3569 2493 corruptionem.

2005 2506 2175 2563 Notas
2208 2506 2341 2561 mihi
2388 2507 2565 2563 fecisti
2611 2507 2730 2563 vias
2757 2507 2905 2573 vitae,
2929 2509 3251 2582 adimplebis
3280 2530 3366 2572 me
3385 2518 3572 2576 latitia

2005 2612 2129 2651 cum
2159 2597 2313 2652 vultu
2355 2603 2450 2652 tuo
2476 2597 2544 2651 ἰ.
2585 2616 2604 2651 ι
2633 2596 2759 2653 Haec
2784 2613 3004 2671 quoque
3036 2602 3104 2656 ad
3141 2601 3347 2662 Christi
3386 2623 3576 2679 perso-

2006 2703 2131 2743 nam
2166 2696 2414 2759 spectare
2449 2695 2687 2746 testatur
2724 2688 2922 2748 Petrus
2951 2693 3006 2747 in
3037 2693 3267 2754 Actibus
3294 2702 3572 2770 apostolo-

2004 2795 2149 2844 rum,
2180 2779 2266 2835 his
2296 2781 2481 2839 verbis
2514 2801 2527 2837 :
2576 2801 2596 2833 ι
2632 2781 2820 2837 Jesum
2854 2782 3202 2843 Nazarenum
3224 2827 3241 2853 ,
3271 2791 3448 2847 virum
3476 2809 3573 2865 ap-

2004 2872 2291 2943 probatum
2321 2887 2351 2926 a
2389 2872 2503 2929 Deo
2534 2874 2591 2929 in
2624 2874 2803 2941 vobis,
2840 2877 3158 2946 virtutibus,
3189 2890 3244 2936 et
3286 2885 3570 2956 prodigiis,

2004 2973 2059 3019 et
2105 2964 2297 3036 signis,
2333 2981 2455 3037 qua:
2502 2966 2630 3022 fecit
2685 2966 2826 3025 Deus
2853 2983 2951 3039 per
2983 2970 3137 3026 illum
3181 2974 3235 3027 in
3268 2977 3447 3033 medio
3477 2995 3571 3035 ve-

2006 3057 2129 3124 stri,
2156 3057 2302 3112 sicut
2331 3068 2378 3114 et
2414 3074 2511 3115 vos
2542 3060 2698 3117 scitis
2728 3079 2743 3117 :
2780 3061 2927 3118 hunc
2958 3062 3183 3121 detinito
3231 3070 3484 3138 consilio,
3518 3078 3573 3127 et

327 3155 516 3212 τοῦτον
552 3161 618 3230 τῇ
642 3159 920 3232 ὡρισμένῃ
954 3160 1115 3233 βουλῇ
1144 3161 1238 3215 καὶ
1267 3160 1573 3232 προγνώσει
1623 3162 1717 3216 τοῦ
1763 3161 1898 3216 Θεοῦ

2005 3147 2347 3217 prmscientia
2373 3148 2469 3206 Dei
2525 3152 2810 3219 traditum,
2865 3168 2964 3225 per
3025 3171 3220 3213 manus
3256 3159 3571 3231 iniquorum

328 3246 541 3301 ἔκδοτον
571 3247 843 3311 λαὸόντες,
886 3249 975 3303 διὰ
1023 3249 1204 3320 χειρὸς
1239 3249 1455 3320 ἀνόμων
1488 3248 1899 3321 προσπήξαντες

325 3342 594 3396 ἀνείλατε*
629 3342 687 3395 ὃν
717 3344 746 3396 ὁ
772 3342 907 3406 Θεὸς
960 3344 1243 3415 ἀνέστησε,
1266 3341 1435 3406 λύσας
1455 3343 1556 3406 τὰς
1581 3342 1775 3406 ὠδῖνας
1803 3340 1897 3396 τοῦ

329 3431 581 3498 θανάτου,
622 3432 740 3486 καθ’
771 3436 854 3487 ὃτι
878 3434 977 3487 οὐκ
1016 3429 1083 3505 ἦν
1121 3433 1340 3487 δυνατὸν
1371 3434 1684 3507 κρατεῖσθαι
1739 3432 1900 3487 αὑτὸν

328 3525 423 3578 ὑπ’
448 3524 633 3578 αὐτοῦ.
663 3524 823 3579 Δαυῖδ
871 3525 979 3597 γάρ
1002 3525 1171 3594 λέγει,
1208 3524 1561 3598 Προωρώμην
1587 3526 1677 3579 τὸν
1697 3524 1900 3595 Κύριον

328 3614 557 3671 ἐνώπιόν
591 3633 693 3689 μου
747 3618 1059 3682 διαπαντός.
1104 3637 1122 3670 ι
1177 3614 1311 3672 Εἶτά
1329 3635 1449 3671 τινα
1483 3616 1686 3688 μεταξὺ
1708 3616 1896 3681 εἰπὼν,

324 3709 582 3781 ἐπιφέρει
607 3709 776 3763 ταῦτα
816 3710 955 3764 κατὰ
998 3710 1163 3777 λέξιν·
1206 3728 1225 3761 ‹
1272 3708 1496 3781 ’Ἄνδρες
1522 3708 1757 3777 ἀδελφοὶ,
1782 3707 1900 3772 ἐξὸν

326 3803 504 3856 σῐπείν
564 3802 702 3873 μετά
758 3803 1070 3875 παρρησίας
1104 3802 1242 3875 πρὸς
1290 3803 1434 3873 ὑμᾶς
1498 3802 1624 3873 περὶ
1666 3800 1758 3855 τοῦ
1792 3818 1898 3854 πα-

325 3895 589 3968 τριάρχου
607 3894 790 3958 Δαυῒδ,
830 3897 913 3949 ὅτι
947 3896 1041 3949 καὶ
1064 3894 1379 3965 ἐτελεύτησε
1433 3894 1527 3947 καὶ
1571 3894 1765 3964 ἐτάφη,
1805 3894 1900 3947 καὶ

325 3987 389 4042 τὸ
429 3990 616 4060 μνῆμα
635 3988 799 4042 αὑτοῦ
828 3992 975 4042 ἐστιν
998 3989 1055 4041 ἐν
1086 3984 1217 4060 ἡμῖν
1245 3987 1350 4051 ἓως
1387 3988 1484 4058 τῆς
1524 3987 1735 4059 ἡμέρας
1766 3985 1898 4039 ταύ-

324 4097 446 4153 τηςο
471 4083 755 4155 προφήτης
806 4077 898 4136 οῦν
930 4081 1209 4153 ὑπάρχων,
1270 4080 1365 4134 καὶ⁵
1420 4078 1577 4145 είδὼς
1619 4080 1701 4133 ὅτι
1751 4080 1899 4151 ὅρκῳ

326 4170 538 4243 ὤμοσεν
561 4172 709 4243 αὐτῷ
741 4176 771 4227 ό
797 4172 949 4237 Θεὸς,
981 4175 1045 4226 ἐκ
1096 4171 1311 4243 καρποῦ
1354 4172 1454 4241 τῆς
1484 4170 1682 4241 ὀσφύος
1735 4170 1897 4225 αὑτοῦ

328 4264 546 4319 καθίσαι
569 4265 663 4318 ἐπὶ
686 4265 776 4319 τὸν
800 4265 988 4337 θρόνον
1012 4262 1199 4327 αὑτοῦ,
1247 4262 1483 4336 προϊδὼν
1513 4262 1740 4333 ἐλάλησε
1772 4262 1899 4333 περὶ

325 4356 798 4428 τῆςοάναστάσεως
830 4355 922 4410 τοῦ
945 4355 1204 4428 Χριστοῦ,
1236 4357 1317 4410 ὅτι
1343 4354 1466 4409 οὔτε
1506 4352 1895 4425 ἐγκατελείφθη

326 4446 407 4509 είς
442 4445 595 4517 ᾅδην,
626 4444 748 4499 οὔτε
775 4447 808 4517 ἡ
836 4446 972 4517 σάρξ
1015 4446 1178 4500 αὐτοῦ
1237 4446 1313 4499 ῐδε
1373 4444 1689 4518 διαφθοράν.
1731 4464 1750 4495 ι
1785 4443 1891 4496 Τοῦ

2001 3242 2280 3316 adigentes
2308 3244 2660 3302 interemistis
2690 3264 2704 3299 :
2727 3245 3050 3318 quem'Deus
3071 3250 3354 3307 suscitavit
3376 3253 3572 3312 solutis

2001 3335 2283 3391 doloribus
2332 3334 2553 3402 inferni,
2585 3340 2744 3405 juxta
2790 3337 2939 3409 quod
2972 3339 3307 3411 impossibile
3338 3349 3458 3397 erat
3491 3351 3572 3399 te-

2001 3428 2118 3483 neri
2150 3428 2303 3483 illum
2349 3428 2418 3482 ab
2450 3443 2535 3484 eo.
2575 3427 2744 3486 David
2771 3431 2917 3486 enim
2939 3431 3069 3487 dicit
3100 3433 3156 3487 in
3178 3448 3301 3488 eum
3330 3451 3344 3488 :
3381 3432 3574 3490 Provi-

2004 3520 2199 3577 debam
2258 3521 2547 3579 Dominum
2598 3522 2657 3579 in
2701 3533 2998 3595 conspectu
3044 3539 3165 3580 meo
3206 3540 3421 3595 semper
3445 3527 3509 3582 ³³.
3546 3544 3567 3579 ι

2004 3609 2223 3681 Aliquot
2248 3627 2378 3667 vero
2422 3612 2785 3683 interpositis,
2812 3614 2929 3675 haec
2970 3614 3194 3684 subjicit
3234 3614 3516 3686 Scriptura
3555 3635 3568 3670 :

2007 3722 2025 3754 ι
2079 3700 2189 3756 Viri
2238 3701 2459 3766 fratres,
2489 3702 2654 3759 liceat
2706 3703 2972 3759 a'udenter
3022 3704 3204 3759 dicere
3260 3704 3326 3757 ad
3362 3720 3458 3760 vos
3504 3704 3574 3759 de

2000 3794 2311 3864 patriarcha
2344 3793 2533 3859 David,
2564 3796 2853 3866 quoniam}
2877 3795 3166 3851 defunctus
3194 3803 3279 3850 est
3306 3803 3359 3849 et
3390 3796 3567 3866 sepul-

2003 3893 2130 3943 tus:
2155 3893 2211 3941 et
2250 3886 2560 3955 sepulcrum
2598 3885 2720 3956 ejus
2745 3892 2831 3942 est
2864 3886 3007 3957 apud
3048 3900 3149 3940 nos
3179 3901 3353 3956 usque
3383 3886 3439 3940 in
3475 3887 3573 3940 ho-

2000 3976 2248 4031 diernum
2288 3977 2452 4033 diem.
2486 3975 2754 4047 Propheta
2788 3976 2954 4048 igitur
2979 3991 3103 4030 cum
3136 3983 3375 4040 esset,ct
3404 3978 3571 4033 sciret

2000 4070 2127 4139 quia
2161 4068 2524 4138 jurejurando
2547 4068 2793 4138 jurasset
2820 4068 2895 4122 illi
2926 4066 3068 4123 Deus
3094 4067 3161 4122 de
3192 4067 3374 4122 fructu
3398 4068 3570 4123 lumbi

1999 4163 2121 4235 ejus
2166 4161 2361 4219 sedere
2399 4178 2564 4233 super
2604 4160 2785 4217 sedem
2816 4161 2979 4231 ejus;
3008 4160 3300 4232 providens
3355 4162 3571 4220 locutus

1999 4256 2174 4312 estde
2202 4256 2608 4312 resurrectione
2635 4253 2860 4318 Christi,
2894 4253 3024 4324 quia
3060 4270 3234 4324 neque
3277 4254 3571 4311 derelictus

1998 4359 2085 4405 est
2138 4349 2194 4403 in
2250 4348 2488 4413 inferno,
2537 4362 2716 4416 neque
2752 4361 2883 4401 caro
2928 4344 3049 4415 ejus
3093 4346 3225 4399 vidit
3257 4347 3570 4417 corruptio-

1998 4453 2124 4494 nem
2152 4437 2215 4494 ³³.
2253 4457 2273 4491 ι
2312 4435 2475 4492 Petro
2499 4437 2661 4508 igitur
2692 4437 2829 4490 hanc
2874 4435 2943 4492 de
2981 4434 3201 4491 Christo
3230 4437 3570 4507 prophetiam

324 4537 390 4609 δὴ
418 4508 624 4610 Ιίέτρου
651 4508 832 4592 τοίνυν
882 4508 1281 4602 ἀποδεδωκότος
1311 4542 1390 4603 είς
1416 4508 1507 4594 τὸν
1537 4508 1766 4611 έωτῆρα
1794 4539 1893 4609 τὴν

2005 4529 2117 4598 ipso
2140 4526 2555 4595 interpretante,
2578 4525 2853 4595 reliquum.
2869 4532 2953 4579 est
2982 4538 3440 4595 supervacaneam
3472 4526 3573 4579 ho-

325 4627 427 4697 τῆς
475 4629 806 4700 προφητείας
833 4630 1148 4702 ἑρμηνείαν,
1190 4631 1457 4703 παρέσται
1481 4631 1560 4703 τῷ
1592 4632 1666 4702 μὴ
1688 4631 1895 4702 πάρερ-

325 4738 422 4791 γον
443 4722 540 4793 τὴν
562 4722 765 4775 τούτων
812 4722 1035 4794 ἔρευναν
1076 4725 1402 4796 ποιουμένῳ,
1455 4726 1575 4796 ητοι
1625 4726 1711 4778 ἐπ’
1748 4723 1897 4794 αὐτῷ

325 4816 506 4868 πᾶσαν
529 4815 629 4886 τὴν
677 4816 735 4869 ὲν
768 4814 844 4886 τῷ
883 4814 1081 4885 ψαλμῷ
1126 4815 1271 4881 λέξιν
1311 4815 1619 4879 ἀκολούθως
1665 4814 1907 4887 ἐφαρμό-

326 4906 437 4972 ζειν
465 4901 546 4971 οἷς
576 4908 671 4961 καὶ
703 4909 733 4960 ό
787 4908 989 4979 Πέτρος
1031 4907 1330 4979 ἐξείληφεν,
1358 4908 1390 4979 ἢ
1436 4911 1547 4971 τοῖς
1588 4908 1676 4977 ὑφ’
1703 4909 1903 4979 ἐτέρων

322 4998 405 5062 είς
446 4996 538 5051 τὸν
594 4996 805 5069 ψαλμὸν
854 4997 1412 5068 ὑπομνημάτισθείσιν
1456 4999 1718 5067 ἐντυχεῖν·
1773 4998 1903 5066 ἡμῖν

322 5088 434 5161 γὰρ
464 5091 493 5144 ό
534 5090 733 5154 σκοπὸς
752 5089 901 5145 οὐδὲν
928 5089 1107 5145 πλεῖον
1135 5088 1241 5141 τῶν
1272 5089 1575 5160 εἰρημένων
1614 5087 1793 5155 λέγειν
1823 5089 1903 5150 είς

322 5184 449 5248 τοὺς
474 5183 670 5247 τόπους
703 5184 1011 5256 ἐπιτρέπει.

848 5276 1245 5331 ΚΕΦΛΛΑΙΟΝ
1285 5274 1366 5328 H’.

910 5368 1158 5436 Ψαλμοῦ
1197 5367 1297 5432 ις’.

389 5459 500 5513 Καὶ
530 5460 591 5514 τὸ
622 5461 914 5533 λεγόμενον
948 5464 1005 5514 ἐν
1040 5461 1413 5531 ἑκκαιδεκάτῳ
1437 5456 1655 5531 ψαλμῷ,
1695 5476 1713 5509 ι
1749 5456 1895 5509 Ἐδο-

322 5548 560 5622 κίμασας
587 5553 686 5625 τὴν
713 5553 939 5626 καρδίαν
969 5572 1091 5625 μου,
1118 5553 1398 5625 ἐπισκέψω
1442 5551 1656 5615 νυκτὸς,
1685 5548 1898 5620 ἐπύρω-

2000 4635 2124 4675 rum
2144 4618 2547 4689 indagationem
2578 4632 2687 4671 non
2714 4616 2954 4681 facienti;
2980 4617 3064 4671 vel
3093 4615 3141 4669 ei
3172 4630 3387 4670 omnem
3422 4618 3572 4685 psal-

2004 4712 2081 4768 mi
2118 4717 2433 4767 contextum
2482 4715 2851 4779 congruenter
2892 4706 3308 4764 accommodare
3333 4724 3457 4762 cum
3505 4708 3573 4762 iis

2006 4820 2129 4876 qua:
2164 4803 2361 4860 Petrus
2398 4801 2637 4866 censuit,
2661 4801 2746 4858 vel
2781 4800 3011 4871 prolatis
3048 4801 3103 4853 in
3128 4800 3274 4854 hunc
3302 4801 3572 4870 psalmum

2006 4895 2416 4952 commentariis
2460 4894 2583 4950 aliis
2628 4892 2969 4951 incumbere.
3002 4888 3169 4946 Nobis
3196 4891 3340 4946 enim
3374 4906 3575 4962 [πορθ-

2006 4990 2172 5043 situm
2203 4989 2313 5059 jam
2352 4987 2420 5044 de
2463 4987 2565 5042 hac
2597 4985 2824 5042 materia
2873 4980 3040 5038 dictis
3085 4981 3383 5058 quidquam
3433 4991 3577 5039 vetat

2007 5080 2259 5149 adjicere.

2596 5262 2823 5320 CAPUT
2862 5263 2992 5322 Vlll.

2427 5352 2478 5407 Ε
2505 5355 2712 5424 psalmo
2740 5359 2940 5413 decimo
2985 5366 3153 5414 sexto.

2076 5451 2191 5506 Hoc
2218 5450 2273 5505 in
2296 5448 2513 5508 decimo
2552 5462 2707 5509 sexto
2728 5452 2938 5523 psalmo
2970 5450 3175 5506 dictum
3211 5468 3224 5504 :
3273 5466 3293 5500 ι
3331 5447 3581 5504 Probasti

2006 5559 2103 5600 cor
2144 5558 2325 5599 meum
2365 5551 2422 5602 et
2453 5546 2687 5603 visitasti
2725 5553 2922 5601 nocte:
2957 5543 3082 5614 igne
3111 5557 3200 5597 me
3226 5542 3582 5605 examinast‘,

392 5668 708 5747 "mphilipp.
748 5692 810 5745 ιι,
848 5673 984 5744 7,3.
1060 5677 1105 5709 ὀ
1147 5676 1291 5735 Psal.
1330 5675 1505 5743 “,2.
1581 5674 1625 5708 ³ο
1666 5673 1799 5731 ibid.
1862 5670 2020 5736 2,5.
2096 5667 2137 5699 δι
2179 5664 2329 5727 Psal.
2390 5686 2481 5737 xv,
2515 5669 2667 5726 s-n.
2746 5670 2789 5704 ιι
2827 5668 2949 5725 Act.
2988 5682 3060 5735 ιι,
3096 5662 3284 5721 22-25.
3363 5661 3408 5693 ιι
3450 5660 3584 5719 ibid.

322 5736 506 5797 29-31.
