4134 6414
314 343 458 402 1105

866 455 1258 509 ΚΕΦΑΛΑΙΟΝ
1299 455 1356 512 I'.

909 567 1154 638 Ψαλμοῦ
1200 567 1292 633 ιη’.

391 704 412 740 ι
445 688 558 741 Οὐκ
583 687 688 738 εἰσὶ
713 684 894 739 λαλιαὶ
917 684 1038 738 οὐδὲ
1071 684 1240 752 λόγοι,
1271 677 1344 738 ὧν
1369 684 1490 754 οὐχὶ
1518 685 1803 738 ἀκούονται
1839 684 1894 736 σαί

319 781 491 852 φωναὶ
523 778 721 833 αὐτῶν.
749 779 844 841 Εἰς
873 779 1052 830 πᾶσαν
1075 776 1170 848 τὴν
1201 777 1304 846 γῆν
1339 775 1560 847 ἐξῆλθεν
1595 778 1622 830 ὁ
1661 776 1893 846 φθόγγος

320 871 514 936 αὐτῶν,
552 871 644 925 καλ⁸
671 872 750 934 είς
782 870 850 923 τὰ
882 870 1094 940 πέρατα
1121 869 1220 938 τῆς
1241 869 1566 940 οἰκουμένης
1596 869 1662 922 τὰ
1681 871 1895 940 ῥήματα

321 964 516 1019 αὐτῶν.
566 984 584 1013 ι
618 961 895 1032 Ζητοῦμεν
924 961 1082 1014 τίνων
1110 962 1189 1024 είς
1215 963 1392 1014 πᾶσαν
1415 961 1511 1032 τὴν
1544 962 1646 1031 γῆν
1676 960 1894 1031 ἐξῆλθεν

317 1058 345 1109 6
377 1054 630 1125 φθόγγος,
662 1053 756 1106 καὶ
787 1051 852 1105 vi
883 1053 1102 1125 ῥήματα
1139 1051 1243 1115 ἕως
1274 1051 1383 1104 τῶν
1417 1053 1667 1124 περάτων
1697 1051 1890 1122 τῆςξσ.

326 1149 416 1210 21,
436 1148 511 1217 νο)
537 1145 878 1217 οἰκουμένης,
904 1145 979 1208 ὼς
1007 1146 1080 1216 μὴ
1106 1146 1521 1215 καταλελεῖφθαι
1537 1145 1725 1214 λόγους
1748 1146 1896 1217 παρά

317 1256 426 1292 τισι
452 1239 544 1291 καὶ
573 1237 762 1300 λαλιὰς
793 1237 921 1306 παρ’
951 1231 1032 1300 οἷς
1064 1239 1164 1290 οὐκ
1199 1236 1546 1308 ήκούσθησαν
1569 1237 1662 1290 καὶ
1691 1239 1747 1290 αί
1776 1236 1895 1290 τού-

317 1347 425 1382 των
454 1329 645 1398 φωναί·
699 1327 812 1381 ἀλλ’
858 1328 957 1380 οὐκ
1010 1327 1075 1382 ἂν
1115 1327 1226 1397 ἔχοι
1265 1345 1346 1390 τις
1378 1328 1596 1398 ἑτέρους
1634 1328 1896 1400 ἐπιδεῖξαι

319 1421 424 1474 τῶν
453 1421 611 1493 ἱερῶν
635 1421 963 1487 ἀποστόλων,
997 1422 1075 1484 είς
1097 1419 1248 1490 οῦςή
1277 1420 1579 1492 προφητεία
1608 1421 1896 1493 πεπλήρω-

318 1531 407 1566 ται
433 1512 715 1583 διαϐοήτου
746 1512 843 1582 τῆς
873 1511 1000 1582 περ)⁵
1033 1510 1126 1563 τοῦ
1162 1509 1397 1580 Χριστοῦ
1427 1509 1770 1573 διδασκαλίας
1798 1511 1894 1563 αὑ-

318 1607 428 1660 τῶν
463 1609 540 1670 είς
574 1606 752 1659 πᾶσαν
776 1604 872 1675 τήν
901 1605 990 1658 ὑπ’
1017 1603 1242 1676 οὐρανὸν
1262 1603 1576 1674 γενομένης,
1604 1604 1691 1656 ὅτε
1718 1607 1897 1657 ἐνεπι-

319 1702 381 1772 δη
392 1700 614 1771 μοῦντες
637 1699 715 1770 τῷ
740 1699 837 1770 βίῳ
862 1698 998 1769 μετὰ
1017 1699 1118 1767 τῆς
1144 1691 1509 1769 συνεργούσης
1529 1698 1711 1761 αὐτοῖς
1735 1698 1894 1752 δυνάα

325 1810 468 1863 μεως
496 1791 644 1854 Θείας
679 1790 782 1845 ἀνὰ
810 1792 986 1844 πᾶσαν
1016 1789 1112 1860 τὴν
1133 1791 1454 1861 οἰκουμένην
1484 1791 1784 1860 ἐκήρυσσον
1799 1789 1896 1860 τὴν
1932 1829 1972 1883 Β

321 1886 400 1948 είς
428 1885 518 1937 τὸν
552 1883 780 1956 Χριστὸν
824 1881 918 1936 τοῦ
957 1881 1090 1936 Θεοῦ
1126 1883 1336 1936 πίστιν⁹
1385 1883 1511 1953 περὶ
1542 1874 1603 1934 οῦ
1639 1881 1773 1952 μετά
1798 1883 1897 1954 τὴν

322 1978 624 2049 πρόρρησιν
670 1977 762 2030 τοῦ
808 1977 914 2031 τῶν
969 1976 1278 2030 ἀποστόλων
1333 1975 1494 2028 αὑτοῦ
1546 1974 1922 2046 κηρύγματος’

319 2069 448 2141 ἑξῆς
480 2073 508 2123 6
540 2070 694 2137 λόγος
726 2069 984 2132 διδάσκει,
1011 2069 1084 2132 ὡς
1113 2070 1220 2140 ἄρα
1256 2087 1273 2118 ι
1309 2070 1366 2120 ὲν
1392 2067 1469 2137 τῷ
1495 2066 1628 2139 ἡλίῳ
1657 2068 1808 2122 ἔθετο
1838 2070 1898 2122 τὸ

324 2166 585 2233 σκήνωμα
621 2159 786 2214 αὑτοῦ
809 2177 820 2188 ·
863 2181 880 2212 ι
915 2161 1066 2230 ἡλίου
1091 2160 1377 2230 νοουμένου
1403 2159 1501 2229 τῆς
1523 2159 1795 2230 θεότητος,
1818 2160 1899 2224 είς

322 2256 388 2324 ἣν
417 2254 512 2326 τὴν
545 2252 734 2307 ἑαυτοῦ
773 2253 937 2323 μονὴν
978 2252 1073 2305 καὶ
1129 2251 1226 2322 τὴν
1273 2251 1434 2302 οἱονεὶ
1485 2252 1897 2319 κατασκήνωσιν

322 2340 492 2404 ἔθετο,
544 2342 705 2411 ἢκαὶ
751 2342 887 2413 ὅπερ
935 2343 998 2394 ἐκ
1039 2340 1139 2410 τῆς
1186 2339 1463 2412 Παρθένου
1513 2339 1668 2392 ἔλαϐε
1720 2339 1897 2410 σῶμα,

324 2434 461 2504 ὅπερ
487 2430 554 2503 ἦν
586 2434 826 2506 ὡσπερεὶ
858 2433 1122 2504 σκήνωμα
1150 2432 1248 2503 τῆς
1294 2433 1352 2484 ἐν
1383 2431 1532 2503 αὐτῷ
1565 2431 1900 2501 καταμενού-

323 2543 426 2596 σης
449 2525 595 2588 θείας
618 2525 916 2596 δυνάμεως
951 2517 1101 2586 οὗτος
1125 2523 1181 2576 δὲ
1212 2524 1305 2576 καὶ
1332 2523 1547 2594 «ῶσπερ
1563 2523 1792 2593 νυμφίος
1816 2525 1901 2576 ὲκ-

322 2619 682 2691 πορευόμενος
703 2620 766 2672 ὲκ
791 2617 992 2671 παστοῦ
1028 2617 1214 2679 αὐτοῦ,
1252 2616 1612 2686 ἠγαλλιάσατο
1634 2615 1707 2680 ὡς
1739 2615 1898 2684 γίγας

321 2713 548 2785 δραμεῖν
571 2714 708 2768 δδὸψ
737 2707 847 2767 »οἷα
862 2715 968 2785 γάρ
991 2731 1070 2777 τις
1098 2713 1330 2783 νυμφίος
1350 2712 1438 2764 διὰ
1461 2713 1557 2783 τὴν
1584 2712 1746 2766 αὑτοῦ
1763 2711 1896 2782 νύμ-

327 2824 433 2877 φην
465 2807 564 2876 τὴν
602 2807 924 2877 Ἐκκλησίαν
956 2805 1138 2858 ἐκτῶν
1165 2804 1444 2877 πατρικῶν
1459 2805 1748 2868 διαναστὰς
1778 2805 1898 2858 κόλ-

324 2917 462 2964 πων,
499 2899 590 2954 καὶ
629 2901 786 2954 ὁποῖά
830 2917 913 2962 τις
958 2899 1116 2967 γίγας
1151 2897 1388 2967 ἀνδρεῖος
1426 2898 1519 2949 καὶ
1567 2895 1780 2966 ἰσχυρὸς
1806 2894 1897 2948 τὸν

325 2994 511 3062 ἀγῶνα
533 2994 624 3048 τὸν
655 2993 1006 3065 προκείμενον
1046 2991 1192 3062 αὑτῷ
1237 2991 1525 3062 διαθλήσας
1543 3031 1557 3054 ,
1587 2992 1812 3062 νικήσας
1837 3007 1896 3041 τε

328 3087 421 3140 καὶ
444 3087 953 3157 καταγωνισάμενος
994 3085 1117 3148 τους
1150 3084 1474 3146 ἀντιπάλους
1493 3124 1505 3146 ,
1534 3083 1897 3153 ἠγαλλιάσατο

1345 343 1650 401 ειειοοΕ
1693 342 2177 401 PROPHETICE.
2220 373 2288 384 -—
2326 342 2455 400 LIB.
2494 343 2576 411 Il.[

3435 339 3569 396 “06

2637 452 2866 511 CAPUT
2905 453 2947 508 Χ

2414 569 2462 624 Ε
2494 571 2702 639 psalmo
2739 581 2920 625 octavo
2952 569 3171 625 decimo.

2073 705 2091 736 ι
2132 685 2246 740 Non
2272 695 2394 740 sunt
2420 686 2683 756 loquelae,
2735 700 2910 754 neque
2959 699 3237 740 sermones
3264 722 3278 744 ,
3337 697 3568 752 quorum

1998 796 2104 834 non
2168 779 2461 833 audiantur
2510 794 2669 834 voces
2718 793 2926 833 eorum.
2982 779 3042 831 In
3103 791 3319 831 omnem
3370 783 3568 830 terram

1996 871 2163 927 exivit
2195 887 2365 926 sonus
2413 885 2624 931 eorum,
2651 877 2705 926 et
2756 870 2811 924 in
2841 869 2975 924 ﬁnes
3017 868 3167 924 orbis
3195 877 3351 923 terra:
3405 865 3568 921 verba

1996 979 2184 1020 eorum
2221 963 2285 1015 δ’.
2325 982 2343 1015 ι
2373 961 2678 1028 ρυῖει·ἰιηιιε
2719 976 2950 1032 quorum
3001 962 3054 1015 in
3098 975 3312 1014 omnem
3367 967 3568 1014 terram

1997 1055 2162 1110 exivit
2189 1071 2379 1119 sonus,
2408 1056 2681 1124 verbaque
2719 1055 2774 1108 in
2806 1054 2939 1108 ﬁnes
2985 1053 3134 1108 orbis
3161 1061 3318 1107 terra:
3341 1092 3357 1116 ,
3391 1067 3459 1107 ne
3487 1067 3568 1106 re-

1998 1148 2316 1218 linquantur
2345 1145 2674 1218 quibusdam
2730 1147 2956 1217 loquelzr
2988 1153 3041 1201 et
3083 1160 3363 1200 sermones
3391 1185 3406 1208 ,
3450 1143 3542 1212 qui

1999 1243 2101 1296 bus
2148 1257 2257 1296 non
2299 1240 2498 1294 auditae
2553 1241 2663 1294 sint
2711 1241 2941 1294 istorum
2985 1254 3167 1293 voces.
3215 1237 3396 1308 Neque
3431 1237 3570 1290 ullos

1999 1333 2133 1388 alios
2165 1333 2472 1386 invenimus
2521 1347 2585 1386 ac
2619 1338 2839 1386 sanctos
2883 1331 3193 1401 apostolos,
3236 1329 3434 1400 quibus
3470 1329 3569 1383 imo

1998 1424 2175 1494 pletur
2231 1422 2514 1493 prophetia
2549 1463 2562 1487 ,
2631 1422 2944 1491 pervulgata
3007 1421 3062 1474 in
3108 1435 3324 1474 omnem
3369 1427 3571 1473 terram

1997 1531 2184 1571 eorum
2220 1515 2287 1570 de
2321 1515 2545 1570 Christo
2571 1514 2853 1574 doctrina,
2901 1529 3026 1567 cum
3056 1513 3205 1568 omni
3234 1513 3344 1566 vita
3393 1527 3552 1582 perer

1999 1617 2203 1674 rantes,
2229 1607 2520 1678 adjuvante
2547 1623 2641 1663 eos
2697 1615 2961 1676 potestate
3001 1606 3208 1668 divina,
3238 1621 3335 1676 per
3357 1604 3572 1659 univer-

1999 1718 2119 1758 sum
2143 1703 2328 1758 orbem
2360 1710 2628 1757 terrarum
2657 1699 2814 1755 fidem
2849 1701 2904 1753 in
2939 1697 3217 1753 Christum
3257 1695 3352 1752 Dei
3381 1694 3573 1767 pradi-

1998 1803 2280 1850 caverunt.
2334 1793 2408 1850 De
2442 1811 2551 1864 quo
2603 1801 2724 1864 post
2777 1791 3153 1862 praevisionem
3205 1789 3574 1860 apostolorum

2000 1887 2119 1956 ejus
2153 1885 2573 1955 praedicationis,
2603 1884 2866 1938 continuo
2901 1881 3184 1952 Scriptura
3232 1881 3410 1945 docet,
3430 1879 3574 1949 quod

2004 1998 2023 2031 ‹
2064 1979 2118 2033 in
2151 1979 2265 2034 sole
2303 1978 2486 2049 posuit
2523 1977 2938 2032 tabernaculum
2972 1989 3128 2031 suum
3156 1973 3242 2040 “;
3281 1992 3298 2025 ι
3333 1972 3414 2027 sol
3461 1970 3575 2026 dei-

1998 2081 2161 2128 tatem
2194 2072 2393 2134 innuit,
2420 2072 2475 2124 in
2502 2085 2607 2140 qua
2639 2069 2820 2124 sedem
2853 2082 3015 2124 suam
3053 2074 3104 2122 et
3130 2065 3289 2137 quasi
3324 2066 3576 2120 taberna-

1997 2165 2180 2220 culum
2215 2164 2417 2234 posuit,
2449 2164 2534 2218 vel
2561 2161 2706 2232 quod
2737 2177 2799 2217 ex
2834 2160 3059 2230 Virgine
3083 2157 3317 2228 sumpsit
3355 2172 3574 2227 corpus.

1998 2257 2142 2327 quod
2177 2257 2335 2327 quasi
2367 2241 2778 2310 tabernaculum
2809 2260 2927 2309 erat
2973 2252 3171 2307 divina:
3204 2252 3490 2321 potestatis
3521 2251 3576 2305 in

1997 2363 2064 2404 eo
2098 2351 2488 2418 permanentis.
2536 2345 2636 2402 Hic
2668 2354 2721 2402 et
2758 2364 2777 2396 ‹
2817 2354 3072 2415 tanquam
3101 2359 3338 2415 sponsus
3387 2356 3570 2412 proce-

1997 2440 2134 2496 dens
2162 2441 2230 2496 de
2259 2441 2501 2494 thalamo
2549 2455 2682 2504 suo;
2723 2438 3016 2494 exsultavit
3061 2447 3121 2492 ut
3155 2437 3308 2507 gigas
3351 2435 3419 2490 ad
3451 2449 3578 2488 cur-

1999 2533 2224 2588 rendam
2251 2533 2391 2587 viam
2423 2531 2488 2586 ⁸⁸.
2527 2551 2545 2583 ι
2585 2531 2656 2587 Ut
2702 2531 2848 2586 enim
2903 2544 3141 2601 sponsus
3195 2528 3265 2582 ob
3315 2541 3575 2597 sponsam

1999 2627 2171 2697 ipsius
2203 2624 2499 2680 Ecclesiam
2531 2639 2561 2678 e
2588 2624 2766 2694 patrio
2789 2637 3093 2692 exsurgens
3128 2621 3248 2675 sinu
3274 2660 3289 2683 ,
3334 2629 3387 2674 et
3418 2618 3574 2688 quasi

1998 2719 2174 2774 virilis
2209 2719 2578 2788 robustusque
2611 2717 2763 2786 gigas
2803 2723 3082 2771 certamen
3108 2714 3211 2770 sibi
3240 2713 3576 2783 propositum

1997 2812 2269 2874 certavit,
2303 2813 2618 2881 victorque,
2671 2818 2726 2865 et
2758 2810 3049 2879 prostratis
3084 2807 3441 2868 adversariis,
3481 2821 3578 2862 ex-

1997 2904 2220 2961 sultavit
2263 2904 2367 2956 tori
2404 2903 2607 2959 sociam
2655 2917 3020 2973 sponsamque
3064 2899 3362 2969 excipiens.
3414 2896 3578 2952 Facta

1997 3007 2081 3053 est
2109 3005 2289 3052 autem
2322 3016 2340 3049 ι
2390 3013 2420 3050 a
2453 3014 2670 3052 summo
2699 2999 2840 3054 caelo
2879 2996 3123 3068 egressio
3165 2994 3286 3063 ejus
3327 2992 3410 3054 “;
3469 3011 3487 3043 ι
3523 2998 3578 3046 et

1997 3106 2232 3145 rursus:
2270 3109 2287 3141 ι
2351 3089 2417 3143 Et
2458 3104 2725 3146 occursus
2778 3090 2898 3161 ejus
2952 3103 3124 3158 usque
3176 3087 3242 3142 ad
3303 3098 3575 3140 summum

324 3177 423 3248 τὴν
449 3176 612 3229 αὑτοῦ
653 3176 882 3244 σύζυγον
921 3193 978 3228 τε
1015 3176 1106 3228 καὶ
1138 3175 1354 3246 νύμφην
1390 3174 1695 3229 ἀπολαϐών·
1735 3177 1892 3245 γεγέ-

1999 3182 2113 3252 ejus
2142 3183 2188 3215 ⁵⁸
2213 3201 2227 3248 ;
2269 3202 2288 3235 ι
2319 3191 2373 3238 et
2412 3203 2424 3236 :
2461 3202 2478 3234 ι
2508 3183 2676 3239 Nemo
2701 3183 2841 3238 alius
2875 3181 3117 3237 ascendit
3146 3179 3199 3233 in
3229 3177 3448 3240 caelum,
3468 3173 3574 3229 nisi

327 3289 484 3342 νηται
503 3271 559 3324 δὲ
578 3271 741 3325 αὑτοῦ
769 3272 862 3324 καὶ
890 3290 908 3322 ι
930 3273 962 3344 η
985 3270 1158 3338 ἔξοδος
1180 3273 1274 3324 ἀπ’
1289 3273 1455 3342 ἄκρου
1483 3269 1576 3323 τοῦ
1601 3271 1850 3342 οὐρανοῦο
1866 3291 1883 3324 ι

327 3367 420 3418 καὶ
435 3365 612 3419 πάλινο
649 3364 752 3418 (Τὸ
777 3365 1012 3435 κατάντη
1022 3382 1095 3435 μα
1121 3363 1284 3418 αὑτοῦ
1317 3363 1419 3428 ἕως
1444 3363 1612 3436 ἄκρου
1643 3365 1805 3419 αὐτοῦ
1825 3382 1839 3397 ·
1867 3385 1886 3418 ι

328 3457 446 3509 ἐπεὶ
484 3475 502 3508 ι
539 3456 613 3527 μὴ
643 3456 686 3508 δ’
718 3450 796 3520 εἷς
819 3455 972 3520 ἄλλος
997 3456 1330 3526 ἀναϐέϐηκεν
1357 3458 1434 3520 είς
1466 3456 1554 3510 τδν
1575 3457 1824 3528 οὐρανὸν,
1845 3460 1892 3513 εί

331 3549 406 3620 μή
435 3550 463 3601 6
483 3550 544 3602 ὲκ
571 3547 664 3603 τοῦ
686 3549 913 3620 οὐρανοῦ
945 3548 1206 3613 καταϐὰς,
1224 3549 1252 3602 6
1282 3548 1409 3611 Υἱὸς
1430 3547 1522 3602 τοῦ
1546 3549 1853 3622 ἀνθρώπου·
1870 3571 1888 3602 ι

329 3641 423 3695 καὶ
440 3640 620 3694 πάλινο
645 3660 662 3692 ι
685 3642 742 3695 '0
765 3641 1026 3705 καταϐὰς.
1040 3640 1199 3704 αὑτός
1221 3643 1335 3693 ἐστι
1353 3641 1444 3694 καὶ
1462 3643 1490 3694 6
1511 3642 1714 3707 ἀναϐὰς
1731 3645 1897 3716 ὑπερ-

329 3735 440 3788 ἀνω
471 3733 684 3786 πάντων
702 3734 809 3787 τῶν
857 3733 1155 3805 οὐρανῶν,ι
1178 3733 1318 3786 κατὰ
1345 3733 1436 3786 τὸν
1459 3733 1600 3805 ἱερὸν
1641 3735 1895 3789 Ἀπόστο-

327 3827 434 3880 λον·
473 3825 607 3878 ἀλλά
633 3844 651 3876 ι
674 3825 782 3878 Καὶ
803 3827 902 3879 οὐκ
932 3825 1076 3878 ἔστιν
1096 3825 1154 3888 ὃς
1187 3824 1626 3896 ἀπκρυὸήσεται
1655 3826 1752 3896 τὴν
1775 3825 1896 3898 θέρ-

334 3933 439 3986 μην
473 3914 658 3969 αὐτοῦ’
686 3935 704 3966 ι
749 3916 876 3986 περὶ
900 3911 966 3988 ἦς
999 3915 1094 3968 κα)⁵
1122 3915 1283 3978 αὐτὸς
1311 3911 1460 3968 εἶπεν
1493 3915 1573 3979 τὸ,
1620 3935 1637 3964 ι
1662 3915 1780 3988 Πῦρ
1801 3913 1896 3985 ἦλ-

1997 3275 2091 3346 qui
2121 3275 2405 3331 descendit
2454 3276 2522 3330 de
2543 3276 2715 3340 coelo,
2750 3273 2918 3329 Filius
2958 3271 3196 3326 hominis
3227 3269 3303 3336 ⁸⁷;
3343 3287 3361 3320 ο
3413 3274 3577 3336 atquo

1999 3368 2194 3423 iterum
2225 3386 2236 3422 :
2280 3387 2298 3419 ε
2348 3366 2452 3434 Qui
2488 3367 2811 3429 descendit,
2859 3367 2974 3436 ipse
3010 3371 3090 3420 est
3119 3372 3174 3417 et
3196 3362 3286 3432 qui
3327 3355 3577 3415 ascendit

1999 3474 2164 3529 super
2189 3474 2378 3515 omnes
2399 3460 2592 3525 cmlos,
2621 3467 2680 3514 ut
2708 3459 2953 3528 impleret
2992 3455 3197 3516 omnia,
3231 3473 3250 3507 ι
3276 3450 3573 3509 secundum

1999 3561 2252 3607 sanctum
2299 3550 2621 3622 Apostolum
2654 3552 2718 3605 ⁸⁸.
2758 3550 2863 3606 Sed
2898 3560 2951 3606 et
3005 3568 3024 3600 ‹
3075 3547 3193 3602 Non
3241 3555 3327 3600 est
3373 3543 3467 3614 qui
3516 3558 3576 3598 se

1999 3643 2302 3700 abscondat
2333 3660 2363 3699 a
2399 3647 2582 3701 calore
2619 3645 2740 3714 ejus
2769 3645 2844 3711 “;
2883 3663 2900 3695 ι
2937 3642 3004 3697 de
3025 3656 3134 3712 quo
3169 3647 3222 3694 et
3255 3640 3372 3710 ipse
3398 3636 3535 3691 dixit
3567 3651 3573 3671 τ

2003 3754 2020 3787 ι
2062 3736 2240 3807 Ignem
2269 3740 2391 3794 veni
2426 3740 2642 3794 mittere
2674 3739 2728 3792 in
2767 3747 2986 3800 terram,
3022 3743 3076 3790 et
3109 3733 3240 3804 quid
3280 3731 3423 3796 volo,
3467 3729 3572 3788 nisi

1999 3837 2057 3882 ut
2089 3831 2421 3886 accendatur
2449 3832 2494 3863 ⁵⁰
2518 3832 2541 3884 ?
2569 3851 2586 3884 ι
2627 3828 2809 3886 Facile
2839 3827 3012 3883 cuivis
3043 3827 3144 3881 erit
3172 3824 3378 3894 reliqua
3413 3820 3575 3890 hujus

1999 3925 2192 3995 psalmi
2219 3926 2285 3980 ad
2315 3925 2594 3981 Christum
2625 3922 2877 3978 similiter
2906 3917 3130 3974 referre.

330 4009 420 4063 θον
451 4009 630 4080 βαλεῖν
652 4011 742 4064 ἐπὶ
771 4011 868 4081 τὴν
897 4011 1018 4081 γῆν,
1039 4011 1133 4064 καὶ
1159 4011 1210 4063 τι
1264 4010 1404 4064 θέλω
1433 4013 1480 4064 εί
1507 4011 1606 4082 ήδη
1642 4012 1887 4086 ἀνήφθη;
1935 4036 1954 4071 δ
1999 4021 2252 4094 Εὐχερῶς
2290 4022 2334 4075 δ’
2360 4023 2425 4077 ἄν
2445 4039 2528 4086 τις
2544 4018 2718 4090 ἑαυτῷ
2747 4016 2955 4080 τούτοις
2987 4005 3260 4081 ἀναλόγως
3289 4007 3576 4082 ἐξεργάσεο

330 4123 418 4161 ται
451 4106 518 4160 τὰ
547 4105 688 4160 κατὰ
717 4107 809 4160 τὸν
824 4107 1005 4161 τόπον.

852 4217 1246 4275 ΚΕΦΑΛΑῘΟΝ
1264 4219 1364 4271 IA'.

924 4333 1174 4403 Ψαλμοῦ
1207 4333 1296 4388 ιϐ’.

397 4445 469 4499 Τὸ
495 4447 552 4498 ὲν
579 4446 656 4518 τῷ
685 4446 1141 4500 ὲννεακαιδεκάτω
1172 4446 1371 4518 ψαλμῷ
1399 4447 1708 4520 λεγόμενον,
1742 4469 1760 4501 ι
1783 4450 1896 4505 Νῦν

2615 4218 2840 4277 CAPUT
2881 4215 2970 4273 XI.

2423 4337 2472 4390 E
2509 4336 2712 4407 psalmo
2757 4333 2957 4388 decimo
2996 4347 3152 4386 nono.

2073 4429 2203 4496 Quae
2229 4430 2283 4484 in
2314 4429 2528 4484 decimo
2569 4442 2715 4482 nono
2766 4425 2977 4497 psalmo
3013 4421 3308 4477 dicuntur:
3349 4440 3367 4474 ι
3420 4421 3574 4477 Nunc

327 4539 497 4608 ἔγνων
519 4540 598 4593 ὅτι
628 4513 801 4593 ⁷ἔσωσε
826 4539 1026 4611 Κύριος
1057 4540 1146 4593 τὸν
1434 4513 1620 4605 αῦτοῦ,
1642 4562 1658 4594 ι
1698 4542 1897 4613 ἐμφαί-

2002 4513 2228 4593 cognovi
2262 4521 2517 4592 quoniam
2563 4520 2770 4576 salvum
2825 4518 2954 4574 fecit
2993 4515 3256 4572 Dominus
3298 4513 3574 4571 Christum

325 4636 545 4694 νει“πω;
571 4631 661 4684 τοῦ
685 4633 933 4703 Σωτῆρος
955 4635 986 4702 ἡ
996 4631 1108 4702 μῶν
1145 4631 1318 4704 Ἰησοῦ
1337 4633 1571 4705 Χριστοῦ
1595 4633 1691 4705 τὴν
1717 4635 1781 4688 ὲκ
1802 4633 1895 4688 τοῦ

329 4723 558 4778 θανάτου
591 4725 878 4797 σωτηρίαν·
915 4725 1060 4795 αὐτῷ
1089 4725 1195 4796 γὰρ
1213 4725 1423 4797 εἴρηται
1448 4727 1638 4788 καὶτὸ,
1667 4745 1684 4777 ι
1710 4726 1899 4794 Ἀγαλ-

325 4816 637 4890 λιασώμεθα
667 4819 722 4870 ἐν
753 4817 828 4888 τῷ
862 4816 1110 4888 σωτηρίῳ
1145 4835 1255 4870 σου’
1291 4839 1308 4870 ι
1343 4818 1431 4871 καὶ
1453 4818 1546 4871 ὅλα
1578 4818 1634 4871 δὲ
1665 4818 1730 4871 τὰ
1764 4819 1899 4871 κατὰ

323 4907 415 4961 τὸν
446 4909 607 4962 τόπον
635 4907 1000 4980 ἐφαρμοσϐείη
1029 4907 1092 4962 ἂν
1119 4907 1264 4978 αὑτῷ
1289 4909 1386 4979 τῆς
1411 4908 1786 4980 προσηκούσης
1809 4925 1900 4960 τυ-

326 4999 490 5072 χόντα
525 4999 853 5070 ἐξηγήσεως.

857 5111 1247 5165 ΚΕΦΑᾹΑΙΟΝ
1272 5110 1371 5165 IB'.

934 5224 1183 5294 Ψαλμοῦ
1211 5225 1284 5278 κ’.

394 5319 468 5372 Τὸ
503 5320 627 5389 μέν·
662 5337 680 5371 ι
706 5318 898 5389 Κύριε,
922 5319 979 5369 ὲν
998 5320 1064 5387 τῇ
1091 5317 1318 5388 δυνάμει
1351 5333 1443 5369 σου
1466 5313 1898 5386 εὐφρανθήσεται

326 5411 356 5462 6
392 5408 660 5479 βασιλεὺς,
689 5429 706 5460 ι
735 5410 829 5462 καὶ
848 5409 915 5460 τὰ
942 5409 1086 5478 ἑξῆς,
1121 5407 1264 5461 είποι
1293 5408 1357 5462 ἀν
1378 5424 1464 5470 τις
1495 5405 1586 5458 ἐπὶ
1613 5405 1704 5458 τὸν
1735 5403 1898 5456 Δαυῒδ

328 5503 692 5575 ἀναφέρεσθαι
708 5502 982 5557 δύνασθαι·
1011 5503 1072 5555 τό
1098 5518 1160 5569 γε
1191 5500 1310 5570 μὲν,
1333 5515 1352 5550 ι
1377 5499 1530 5568 Ζωὴν
1551 5495 1788 5568 ᾐτήσατο
1816 5511 1895 5558 σε,

323 5597 419 5650 καὶ
454 5596 660 5660 ἔδωκας
690 5595 839 5667 αὐτῷ
887 5595 1200 5666 μακρότητα
1234 5590 1452 5662 ἡμερῶν
1477 5592 1555 5652 είς
1583 5589 1754 5643 αἰῶνα
1801 5587 1898 5639 καὶ

402 5773 446 5804 δ’
487 5769 629 5826 Psal.
660 5787 826 5826 xvm.
887 5772 951 5831 ι,
988 5770 1040 5824 5.

331 5843 373 5875 ⁸³
414 5841 555 5898 Psal.
595 5857 760 5900 xvnt.
797 5842 844 5896 7.
919 5841 968 5872 ”
1005 5839 1136 5896 Luc.
1170 5855 1280 5904 xu,
1314 5837 1401 5893 69.
1480 5838 1527 5870 "
1564 5835 1706 5893 Psal.
1744 5852 1868 5917 ξιτ,
1917 5836 1966 5890 7.

1119 5769 1164 5834 "’_
1201 5768 1333 5823 ibid.
1366 5767 1420 5820 6.
1496 5766 1540 5797 “
1581 5765 1712 5821 ibid.
1787 5766 1832 5796 “
1870 5765 1998 5822 ibid.
2056 5763 2106 5816 '7.

2003 4625 2160 4664 suum
2195 4610 2262 4672 “,
2301 4629 2319 4662 ι
2357 4610 2650 4665 ostendunt
2689 4607 2964 4680 quomodo
2999 4605 3250 4660 Salvator
3278 4611 3462 4659 noster
3486 4601 3577 4661 Je-

2005 4716 2099 4757 sus
2161 4700 2412 4756 Christus
2475 4717 2505 4755 a
2567 4710 2742 4756 morte
2795 4701 2868 4757 sit
2923 4710 3194 4756 servatus.
3246 4695 3382 4751 Huic
3431 4697 3576 4753 enim

2006 4793 2266 4848 dicuntur
2295 4803 2349 4849 et
2385 4794 2510 4849 illa:
2552 4812 2570 4844 ι
2609 4793 2939 4850 Laztabimur
2969 4794 3024 4848 in
3057 4794 3282 4849 salu‘tari
3312 4800 3407 4846 tuo
3431 4790 3510 4858 “;
3553 4807 3571 4842 ι

2009 4889 2298 4958 carterique
2318 4887 2480 4956 hujus
2513 4887 2707 4957 psalmi
2734 4886 2988 4942 versiculi
3025 4901 3148 4940 cum
3177 4885 3278 4940 hac
3311 4884 3577 4953 interpre-

1995 4982 2208 5052 tatione
2236 4982 2438 5052 optime
2473 4987 2806 5053 congruunt.

2601 5090 2830 5147 CAPUT
2865 5090 2974 5146 XII.

2504 5206 2547 5260 E
2573 5206 2779 5275 psalmo
2818 5178 3080 5260 vicesimo:

2076 5302 2210 5357 Illud
2236 5300 2452 5371 quidem
2482 5319 2494 5354 :
2532 5317 2550 5349 ι
2589 5295 2835 5359 Domine,
2875 5297 2927 5350 in
2956 5297 3157 5349 virtute
3192 5299 3284 5346 tua
3309 5289 3578 5346 laetabitur

2008 5412 2101 5452 rex
2131 5395 2200 5460 ⁸⁸,
2241 5414 2258 5446 ι
2293 5403 2346 5449 et
2367 5399 2561 5448 caetera
2583 5429 2596 5456 ,
2647 5397 2895 5460 spectare
2924 5387 2993 5441 ad
3029 5385 3281 5440 Davidem
3305 5389 3576 5454 possunt;

2009 5489 2123 5543 haec
2153 5503 2323 5544 vero:
2369 5505 2387 5537 ι
2429 5482 2604 5538 Vitam
2637 5483 2789 5554 petiit
2820 5496 2851 5535 a
2895 5488 2970 5545 te,
3006 5487 3060 5534 et
3095 5476 3332 5533 tribuisti
3363 5474 3412 5531 ei
3462 5474 3581 5527 Ion-

2005 5580 2301 5653 gitudinem
2329 5579 2538 5633 dierum
2567 5577 2621 5630 in
2651 5573 2932 5636 smculum,
2957 5577 3008 5627 et
3060 5570 3114 5625 in
3167 5567 3425 5627 saxulum
3476 5578 3578 5620 sae-

2183 5761 2227 5792 "
2268 5759 2398 5814 ihid.
2477 5757 2519 5788 ⁸⁷
2557 5753 2715 5810 Joan.
2755 5767 2850 5817 Ill,
2892 5752 2973 5808 15.
3047 5750 3096 5783 ⁸⁸
3131 5749 3330 5820 Ephes.
3364 5760 3436 5810 tv,
3488 5741 3576 5800 10.

2043 5835 2086 5865 ⁸¹
2128 5832 2257 5890 ibid.
2291 5832 2342 5884 6.
2419 5830 2465 5861 ⁸⁸
2500 5826 2642 5882 Psal.
2680 5842 2777 5893 xx,
2812 5822 2868 5878 2.
