4134 6414
547 403 683 458 1107

1247 396 1519 454 EUSEBII
1558 390 2039 452 CESARIENSIS
2078 388 2231 448 OPP.
2264 388 2447 443 PARS
2484 387 2571 443 111.
2600 384 3101 444 —EXEGETICA.

3676 382 3813 435 L108

543 518 651 573 culi
680 515 749 582 ⁸⁸,
785 534 804 567 ι
845 530 953 570 non
984 514 1095 583 jam
1130 511 1321 566 Davidi
1370 513 1735 576 conveniunt,
1787 511 1946 580 cujus
1977 525 2126 564 mors

2232 506 2308 570 εἰς
2337 505 2505 558 αἰῶνα
2547 503 2767 567 αἰῶνος,
2796 522 2815 554 ›
2851 502 3032 556 οὐκέτι
3066 499 3143 571 τῷ
3170 498 3329 553 Δαυῒδ
3359 497 3585 569 ἁρμόζει
3625 498 3715 551 διὰ
3750 497 3811 552 τδ

543 615 820 680 comperta
849 615 952 670 est,
988 607 1218 676 vita-que
1247 612 1463 676 tempus
1492 620 1600 659 non
1656 604 1827 658 multo
1855 618 2124 657 annorum

544 715 772 757 numero
817 699 1319 768 circumscriptum.
1378 696 1520 768 Ergo
1556 697 1737 768 agitur
1770 695 1837 752 de
1870 694 2123 760 Christo,

542 789 633 861 qui
666 806 759 844 rex
815 806 843 843 a
893 788 1054 844 Patre
1110 789 1177 843 ad
1223 778 1569 860 regnandum
1623 802 1789 858 super
1845 787 2124 842 cmlestem

544 890 782 937 montem
809 881 939 936 Sion
967 883 1300 941 constitutus
1328 888 1441 947 est;
1472 880 1567 950 qui
1614 889 1669 935 et
1693 881 1861 933 vitam
1891 878 2045 948 petiit
2092 893 2124 933 a

542 974 702 1028 Patre
729 1015 743 1039 ,
778 989 887 1027 non
939 973 1158 1028 sibimet
1187 972 1310 1042 ipsi,
1344 972 1460 1041 ipse
1506 972 1651 1027 enim
1683 971 1792 1025 vita
1821 980 1976 1035 erat,
2027 972 2121 1027 sed

542 1067 798 1120 omnibus
830 1066 884 1118 i-n
924 1080 1047 1119 eum
1093 1065 1442 1120 credentibus
1465 1065 1547 1133 ⁸⁸;
1576 1065 1836 1136 deditque
1867 1066 1915 1122 ei
1962 1083 2125 1138 posse

542 1176 734 1215 omnes
786 1160 838 1213 in
888 1174 947 1215 se
976 1159 1262 1215 credentes
1293 1159 1527 1215 educere
1569 1174 1599 1213 e
1654 1167 1832 1215 morte
1865 1159 1920 1214 in
1956 1161 2123 1215 vitam

542 1262 797 1317 aeternam
829 1254 896 1317 ⁵⁸,
927 1262 980 1307 et
1013 1254 1064 1306 in
1092 1253 1485 1322 longitudinem
1516 1252 1661 1322 apud
1683 1251 1852 1307 Deum
1885 1253 2120 1319 dierum,

543 1364 663 1419 qua:
693 1356 822 1402 sunt
843 1348 895 1400 in
927 1345 1184 1401 saeculum
1214 1353 1266 1401 et
1295 1347 1347 1399 in
1391 1347 1649 1401 saeculum
1681 1347 1886 1401 saeculi.
1915 1345 2121 1403 Caetera

544 1456 672 1496 vero
697 1440 860 1508 hujus
894 1437 1089 1509 psalmi
1120 1439 1276 1509 quasi
1309 1438 1378 1494 de
1414 1454 1539 1510 rege
1572 1439 1757 1509 gloriae
1779 1439 1955 1505 dicta,
1997 1455 2121 1494 cum

546 1546 718 1599 pauca
741 1545 848 1585 non
883 1531 994 1585 sint
1019 1572 1033 1596 ,
1073 1530 1267 1585 melius
1291 1529 1533 1595 Christo,
1559 1530 1605 1585 si
1641 1529 1937 1602 prudenter
1958 1531 2123 1586 intel-

546 1624 809 1696 liguntur,
839 1639 1002 1695 quam
1035 1621 1222 1678 Davidi
1247 1623 1625 1679 convenirent.

1126 1906 1359 1963 CAPUT
1402 1906 1542 1964 Xlll.

932 2019 982 2073 Ε
1015 2021 1221 2091 psalmo
1258 2023 1501 2077 vicesimo
1536 2022 1728 2097 primo.

621 2111 877 2170 Omnium
907 2128 1179 2171 consensu
1210 2115 1439 2171 lideliter
1465 2115 1521 2170 in
1563 2114 1845 2170 Christum
1887 2111 2118 2168 creden-

552 2207 688 2262 tium
718 2214 934 2263 constat
960 2207 1191 2277 hujusce
1223 2207 1417 2277 psalmi
1464 2207 1642 2272 initia,
1673 2206 1730 2261 in
1760 2205 1962 2277 quibus
2005 2206 2119 2261 haec

546 2307 708 2354 sunt:
740 2318 758 2351 ι
799 2299 959 2364 Deus,
985 2298 1127 2356 Deus
1150 2314 1325 2356 meus.
1356 2298 1565 2369 respice
1587 2299 1643 2354 in
1667 2314 1791 2368 me;
1824 2316 1996 2371 quare
2036 2315 2122 2355 me

547 2391 887 2461 dereliquisti
942 2391 1023 2444 ‘7?
1062 2410 1080 2442 ›
1140 2391 1208 2444 ab
1267 2406 1332 2446 eo
1361 2390 1634 2461 passionis
1689 2400 1933 2462 tempore
1975 2391 2121 2445 dicta

547 2484 734 2540 fuisse.
790 2482 906 2538 Hoc
958 2482 1103 2537 enim
1157 2482 1396 2538 ostendit
1439 2490 1494 2538 et
1546 2482 1604 2536 in
1653 2498 1816 2539 cruce
1869 2484 2117 2538 clamor:

550 2596 569 2629 ‹
611 2576 753 2640 Eloi,
789 2575 928 2641 Elei,
960 2576 1101 2629 lama
1153 2576 1510 2632 sabachthani
1541 2577 1632 2631 "‘l
1667 2594 1710 2634 »κ
1731 2575 1931 2633 Verum
1965 2585 2120 2633 ante»

549 2683 712 2739 quam
733 2668 923 2739 psalmi
941 2668 1276 2738 prophetiam
1289 2669 1356 2725 de
1368 2685 1434 2725 eo
1449 2671 1886 2741 interpretemur,
1907 2669 1936 2725 Ι
1943 2671 2122 2727 udaeos

549 2761 868 2831 rogabimus
884 2762 1007 2832 quis
1031 2760 1195 2829 hujus
1220 2761 1413 2832 psalmi
1429 2762 1594 2818 verba
1609 2762 1827 2818 dixerit.
1842 2761 1960 2816 Non
1978 2763 2123 2817 enim

547 2855 776 2924 quilibet
815 2864 1032 2919 caetera,
1063 2863 1226 2924 atque
1270 2854 1385 2911 haec
1408 2855 1613 2911 dixisse
1645 2855 1891 2911 videtur:
1923 2875 1942 2906 ι
1973 2854 2123 2922 Quo-

550 2948 692 3002 niam
714 2955 774 3001 tu
788 2962 871 3013 es,
896 2948 987 3016 qui
1017 2947 1299 3004 extraxisti
1318 2963 1404 3002 me
1428 2947 1496 3001 de
1522 2955 1739 3003 ventre:
1766 2963 1890 3019 spes
1913 2962 2030 3004 mea
2057 2946 2125 3003 ab

552 3038 812 3096 uberibus
837 3039 1032 3094 matris
1067 3055 1218 3095 mere.
1244 3037 1300 3093 In
1323 3046 1376 3094 te
1397 3040 1677 3111 projectus
1708 3055 1829 3095 sum
1859 3056 1925 3095 ex
1947 3046 2122 3105 utero,

550 3135 617 3188 de
640 3141 828 3188 ventre
860 3132 1053 3187 matris
1085 3142 1220 3187 meae
1252 3130 1519 3188 Dominus
1550 3130 1694 3188 Deus
1718 3147 1874 3188 meus
1900 3149 1960 3189 es
1994 3142 2123 3188 tu...

2233 599 2328 653 xui.
2358 598 2456 669 τὴν
2486 597 2741 669 τελευτήν
2773 596 2938 651 αὐτοῦ
2973 593 3332 666 ἐμφαίνεσθαι
3374 594 3467 647 καὶ
3493 592 3586 646 τὸν
3617 594 3812 664 χρόνον

2227 691 2328 759 τῆς
2354 689 2501 759 ζωῆς
2523 688 2709 751 αὐτοῦ,
2773 683 2841 759 ἧς
2872 688 2932 741 ού
2966 687 3130 740 πολὺν
3160 686 3348 758 χρόνον
3383 683 3518 738 ἐτῶν
3546 684 3812 756 περιωρὶ-

2230 781 2375 837 σοαι.
2403 784 2500 854 Εῖη
2518 782 2583 836 ἂν
2610 778 2702 836 οὖν
2728 783 2756 835 6
2782 780 3012 853 Χριστὸς
3035 781 3063 831 ὁ
3093 778 3345 850 βασιλεὺς
3357 777 3463 831 ὑπὸ
3487 775 3580 831 τοῦ
3596 776 3813 847 Ηατρδς

2230 874 2532 945 βασιλεύειν
2558 876 2650 928 ἐπὶ
2698 872 2834 927 Σιὼν
2866 873 2990 945 ὄρος
3030 871 3090 925 τὸ
3124 871 3446 941 ἐπουράνιον
3490 867 3769 931 καταστάς
3793 884 3809 899 ⁸

2226 970 2285 1036 ὃς
2307 972 2402 1024 καὶ
2418 970 2561 1041 ζωὴν
2592 970 2832 1042 ᾐτήσατο
2868 967 2960 1021 τὸν
2988 965 3209 1037 Πατέρα
3236 963 3357 1034 ούχὶ
3400 962 3605 1034 ἐαυτῷ,
3646 961 3815 1026 αὐτὸς

2227 1064 2334 1137 γὰρ
2365 1060 2433 1135 ἦν
2464 1066 2497 1134 ἡ
2532 1062 2665 1134 ζωὴ,
2701 1060 2835 1115 ἀλλὰ
2866 1062 3001 1114 πᾶσι
3035 1060 3144 1122 τοῖς
3184 1060 3264 1121 εἰς
3298 1057 3461 1112 αὐτὸν
3494 1054 3817 1110 πιστεύσου-

2228 1172 2298 1208 σι·
2332 1155 2427 1208 καὶ
2467 1153 2666 1206 ἔδωκεν
2707 1149 2855 1220 αὐτῷ
2918 1150 2994 1212 ὡς
3036 1146 3245 1209 πάντας
3283 1143 3541 1199 δύνασθαι
3569 1144 3697 1206 τοὺς
3729 1143 3814 1205 εἰς

2226 1246 2385 1300 αὑτὸν
2425 1245 2825 1307 πιστεύσαντας
2863 1241 3207 1314 μεταϐαίνειν
3238 1242 3301 1293 ἐκ
3343 1238 3437 1292 τοῦ
3465 1237 3695 1291 θανάτου
3731 1237 3814 1314 εἰς

2223 1339 2323 1411 τὴν
2357 1337 2503 1409 ζωὴν
2535 1336 2632 1408 τὴν
2663 1310 2896 1400 αἰώνιον,
2927 1334 3020 1388 καὶ
3049 1336 3127 1397 εἰς
3165 1333 3481 1406 μακρότητα
3510 1330 3617 1383 τῶν
3652 1310 3815 1399 ποιρᾶ

2224 1431 2342 1502 Θεῷ
2366 1429 2429 1500 (1⁵.
2457 1430 2548 1501 22)
2574 1429 2813 1501 ἡμερῶν,
2846 1428 2911 1482 αῖ
2932 1428 3070 1480 εἰσιν
3091 1427 3170 1490 εἰς
3196 1425 3367 1479 αἰῶνα
3395 1423 3489 1476 καὶ
3522 1424 3604 1485 εἰς
3635 1420 3813 1475 αἰῶνα

2224 1525 2438 1589 αἰῶνος·
2465 1524 2557 1578 καὶ
2588 1523 2656 1576 τὰ
2684 1522 2845 1576 λοιπὰ
2870 1521 2925 1574 δὲ
2952 1520 3018 1574 τὰ
3049 1522 3105 1574 ἐν
3129 1517 3208 1590 τῷ
3228 1515 3427 1589 ψαλμῷ
3453 1516 3528 1579 ὡς
3553 1514 3683 1587 περὶ
3708 1512 3812 1583 τῆς

2221 1614 2316 1669 τοῦ
2356 1613 2624 1686 βασιλέως
2651 1612 2810 1684 δόξης
2858 1611 3160 1681 λεγόμενα,
3200 1610 3260 1662 οὐ
3310 1607 3484 1679 μικρὰ
3511 1606 3674 1669 ὄντα,
3712 1605 3814 1676 ἁρ-

2230 1708 2416 1779 μόττοι
2446 1706 2512 1761 ἂν
2536 1705 2612 1785 τῷ
2645 1704 2865 1777 Χριστῷ
2906 1703 3105 1775 μᾶλλον
3135 1702 3169 1772 ἦ
3202 1700 3279 1771 τῷ
3306 1699 3489 1764 Δαυῖδ,
3525 1699 3626 1770 τῆς
3653 1696 3811 1762 ἀξίας

2226 1800 2455 1871 τυχόντα
2480 1798 2797 1869 σαφηνείας.

2755 1906 3149 1968 ΚΕΦΑΛΑΙΟΝ
3181 1914 3283 1967 ll".

2819 2029 3069 2099 Ψαλμοῦ
3107 2029 3218 2085 κα’.

2297 2121 2492 2193 Σαφῶς
2538 2120 2951 2193 ἀνωμολόγηται
2998 2120 3152 2192 παρὰ
3191 2121 3324 2174 πᾶσι
3353 2120 3465 2181 τοῖς
3515 2117 3686 2188 ὑγιῶς
3732 2118 3815 2182 εἰς

2227 2214 2456 2289 Χριστὸν
2482 2212 2921 2277 πεπιστευκόσιν,
2953 2212 3029 2275 ὡς
3050 2214 3083 2282 ἡ
3110 2209 3357 2282 καταρχὴ
3398 2208 3492 2262 τοῦ
3534 2207 3670 2280 μετὰ
3700 2211 3816 2279 χεῖ-

2230 2324 2326 2380 ρας
2357 2306 2571 2377 ψαλμοῦ
2598 2304 2786 2359 τοῦτον
2803 2304 3001 2375 ἔχουσα
3023 2303 3114 2356 τὸν
3142 2304 3364 2375 τρόπον,
3394 2321 3412 2353 ι
3453 2302 3510 2354 Ὀ
3534 2300 3668 2364 Θεός
3686 2316 3815 2371 μου,

2227 2400 2256 2451 6
2285 2398 2415 2461 Θεός
2439 2416 2560 2468 μου,
2585 2398 2821 2470 πρόσχες
2848 2414 2959 2468 μοι,
2984 2397 3071 2450 ἴνα
3090 2394 3143 2449 τί
3167 2393 3523 2464 ἐγκατέλιπές
3546 2409 3645 2463 με;
3679 2413 3698 2444 ι
3719 2391 3817 2446 ὑπ’

2229 2492 2393 2548 αὑτοῦ
2414 2494 2555 2546 κατὰ
2583 2493 2675 2546 τὸν
2704 2491 2892 2563 καιρὸν
2913 2491 3005 2545 τοῦ
3031 2489 3235 2553 πάθους
3263 2487 3498 2559 εἴρηται’
3522 2486 3682 2539 τοῦτο
3702 2484 3817 2558 γὰρ

2229 2587 2416 2658 ἐδήλου
2443 2586 2537 2640 καὶ
2553 2589 2585 2658 ἡ
2604 2587 2696 2639 ἐπὶ
2721 2585 2812 2639 τοῦ
2831 2582 3062 2656 σταυροῦ
3087 2582 3235 2654 φωνὴ
3251 2585 3306 2653 ἡ,
3328 2600 3346 2632 ι
3371 2579 3576 2644 Ἐλωεὶ,
3605 2579 3814 2639 Ἐλωεὶ,

2229 2678 2378 2747 λαμὰ
2402 2678 2747 2749 σαϐαχθανεῖς
2785 2697 2802 2728 ι
2844 2676 3005 2729 Ἀλλὰ
3038 2676 3148 2748 γὰρ
3177 2675 3305 2747 πρὶν
3334 2671 3633 2745 ἀρξώμεθα
3657 2673 3717 2724 ὲν
3738 2670 3814 2742 τῷ

2228 2770 2428 2843 ψαλμῷ
2450 2771 2783 2841 προφητείαν
2799 2770 2875 2833 ὡς
2900 2771 2987 2822 ἐπ’
3014 2768 3175 2821 αὑτὸν
3205 2766 3668 2839 μεταλαμϐάνειν,
3684 2781 3817 2816 πευ-

2232 2862 2436 2933 σόμεθα
2474 2862 2583 2917 τῶν
2614 2861 2714 2934 τὴν
2752 2860 3051 2932 περιτομὴν
3081 2860 3389 2931 αὐχούντων
3412 2901 3427 2922 ,
3461 2858 3547 2922 τίς
3579 2855 3647 2910 ἂν
3676 2858 3761 2935 εἴη
3783 2856 3815 2908 6

2233 2954 2455 3024 φάσκων
2492 2953 2560 3006 τὰ
2594 2953 2652 3005 ὲν
2683 2951 2764 3022 τῷ
2786 2950 3006 3022 ψαλμῷ·
3036 2951 3134 3021 οὐχ
3170 2953 3199 3003 ὁ
3228 2949 3404 3019 τυχὼν
3430 2948 3539 3020 γάρ
3562 2964 3650 3011 τις
3675 2942 3815 2999 εἶναι

2234 3048 2482 3117 φαίνεται
2506 3046 2577 3100 τά
2614 3063 2673 3099 τε
2703 3044 2837 3099 ἀλλὰ
2867 3044 2960 3097 καὶ
2991 3041 3165 3096 ταῦτα
3202 3041 3406 3110 λέγων,
3448 3058 3465 3091 ι
3501 3041 3626 3092 Ὅτι
3657 3037 3722 3092 σὺ
3765 3032 3815 3089 εἷ

2232 3144 2261 3195 ὁ
2292 3140 2571 3203 ὲκσπάσας
2611 3156 2677 3209 με
2702 3139 2766 3191 ὲκ
2790 3137 3044 3206 γαστρός·
3076 3137 3109 3206 ἡ
3140 3133 3292 3197 ἐλπίς
3322 3150 3422 3204 μου
3457 3131 3566 3185 ἀπὸ
3593 3128 3815 3201 μαστῶν

551 3224 797 3281 Narrabo
825 3240 1026 3280 nomen
1061 3233 1214 3279 tuum
1250 3223 1514 3279 fratribus
1542 3225 1701 3289 meis,
1736 3224 1791 3278 in
1822 3224 2001 3280 medio
2025 3223 2125 3280 Ec-

2232 3233 2324 3304 τῆς
2357 3231 2561 3304 μητρός
2603 3246 2725 3299 porr
2761 3228 2853 3281 ἐπὶ
2883 3227 2942 3279 σὲ
2990 3225 3292 3298 ὲπερῤίφην
3343 3226 3408 3276 ὲκ
3455 3223 3666 3294 μήτρας
3692 3239 3707 3252 ·
3744 3222 3815 3273 ἐκ

551 3317 735 3372 etesiae
764 3315 999 3372 laudabo
1020 3322 1075 3371 te
1095 3316 1160 3371 ⁵⁸.
1202 3334 1222 3367 ι
1265 3314 1333 3369 Ει
1356 3330 1549 3371 rursus
1583 3332 1598 3369 :
1635 3333 1655 3366 ι
1682 3312 1795 3369 Nec
1815 3314 2012 3371 avertit
2041 3315 2122 3369 la-

552 3409 690 3462 eiem
717 3422 872 3463 suam
890 3421 922 3460 a
949 3421 1054 3469 me,
1076 3413 1265 3462 etcum
1280 3406 1574 3462 clamarem
1592 3406 1662 3461 ad
1683 3422 1830 3472 eum,
1850 3406 2124 3464 exaudivit

553 3515 662 3554 me.
694 3499 848 3567 Apud
896 3506 950 3553 te
988 3499 1108 3554 laus
1145 3512 1296 3566 mea;
1336 3498 1635 3554 conﬁtebor
1671 3498 1771 3554 tibi
1799 3500 1854 3554 in
1880 3499 2126 3557 Ecclesia

557 3606 748 3659 magna
794 3608 808 3643 :
844 3599 970 3644 vota
1007 3604 1127 3645 mea
1154 3589 1377 3647 reddam
1404 3590 1460 3645 in
1493 3598 1791 3661 conspectu
1821 3591 2123 3647 timentium

556 3682 678 3739 eum
697 3682 761 3738 “.
786 3701 804 3735 ι
820 3679 952 3736 Post
979 3681 1115 3746 haec,
1132 3693 1435 3753 caeteraque
1454 3682 1618 3752 hujus
1642 3684 1856 3754 psalmi,
1875 3684 2060 3739 dicant
2080 3685 2127 3741 si

556 3775 804 3845 quemvis
826 3782 1138 3830 sanctorum
1157 3775 1399 3832 virorum
1423 3776 1659 3832 habeant
1675 3777 1764 3832 cui
1780 3777 1893 3833 haec
1911 3792 2129 3833 accom-

557 3864 797 3919 modent.
815 3862 951 3930 Quis
964 3864 1109 3920 enim
1127 3865 1251 3921 talis
1267 3867 1370 3922 erit
1382 3866 1596 3937 qualem
1614 3865 1899 3937 Scriptura
1915 3868 2128 3925 descri-

556 3957 635 4011 bit
662 3976 675 4012 :
709 3976 727 4008 ‹
767 3955 971 4013 Omnes
991 3957 1241 4015 videntes
1265 3974 1351 4014 me
1372 4003 1387 4026 ,
1420 3960 1733 4015 deriserunt
1760 3976 1847 4016 me
1871 3961 1947 4027 “;
1982 3979 2001 4012 ι
2045 3961 2130 4015 vel

556 4049 624 4104 de
651 4063 781 4119 quo,
819 4065 840 4101 σ
868 4047 1058 4103 Locuti
1108 4057 1235 4103 sunt
1286 4050 1468 4117 labiis,
1497 4057 1553 4105 et
1603 4057 1891 4105 moverunt
1944 4058 2128 4121 caput,

461 4151 464 4155 ‘
558 4139 822 4202 dicentes,
853 4138 1101 4209 Speravit
1124 4140 1179 4193 in
1213 4139 1463 4205 Domino,
1492 4140 1691 4211 eripiat
1728 4156 1876 4205 eum,
1919 4141 2129 4197 salvum

561 4232 723 4287 faciat
772 4247 921 4296 eum,
980 4232 1237 4301 quoniam
1294 4233 1410 4287 vult
1450 4233 1717 4287 eum“?i
1777 4232 1949 4300 Quem
2003 4251 2134 4292 vero

562 4345 583 4377 ‹
621 4324 775 4379 vituli
804 4324 979 4388 multi,
1026 4345 1045 4377 ι
1092 4332 1146 4380 et
1170 4325 1327 4395 cujus
1363 4334 1593 4394 naturae,
1630 4347 1649 4379 ι
1679 4342 1844 4384 canes
1886 4337 1940 4385 et
1988 4329 2132 4385 tauri

559 4418 791 4488 pingues
818 4417 1327 4487 circumdederunt;
1352 4428 1685 4489 aperuerunt
1717 4437 1883 4491 super
1917 4438 2043 4478 eum
2070 4439 2134 4480 os

560 4522 742 4572 suum,
758 4507 900 4563 sicut
929 4508 1013 4562 leo
1042 4509 1257 4578 rapiens
1278 4524 1331 4563 et
1358 4511 1579 4581 rugiens
1602 4511 1683 4566 “?
1710 4532 1729 4565 ›
1751 4515 1829 4567 Ae
1850 4526 2131 4585 prasterea,

2225 3325 2432 3388 κοιλίας
2459 3323 2664 3395 μητρός
2688 3340 2788 3394 μου
2812 3319 2946 3384 Θεός
2974 3336 3074 3390 μου
3091 3313 3144 3372 εἷ
3170 3318 3257 3371 σύ·
3283 3317 3377 3371 καὶ
3398 3316 3678 3386 ἐπιφέρων
3700 3313 3817 3384 διη-

2225 3412 2463 3489 γήσομαι
2489 3417 2549 3470 τὸ
2575 3415 2744 3485 ὄνομά
2762 3430 2855 3467 σου
2880 3416 2992 3477 τοῖς
3024 3410 3269 3480 ἀδελφοῖς
3295 3426 3418 3480 μου,
3447 3409 3504 3460 ὲν
3536 3407 3687 3478 μέσῳ
3702 3406 3820 3459 Ἐκ·

2226 3510 2454 3581 κλησιας
2483 3508 2706 3579 ὑμνήσω
2725 3523 2805 3559 σεο
2841 3526 2860 3558 ι
2893 3506 2987 3560 καὶ
3008 3504 3190 3558 πάλιν·
3228 3522 3248 3555 ι
3278 3502 3391 3557 Οὐκ
3426 3498 3736 3572 ἀπέστρεψε
3758 3497 3821 3552 τὸ

2227 3602 2512 3675 πρόσωπον
2541 3598 2704 3654 αὑτοῦ
2736 3597 2829 3651 ἀπ’
2862 3594 2995 3667 ἐμοῦ
3018 3635 3033 3662 ,
3065 3595 3158 3648 καὶ
3183 3595 3241 3646 ὲν
3267 3592 3346 3664 τῷ
3378 3591 3717 3662 κεκραγέναι
3750 3605 3818 3659 με

2229 3694 2365 3765 πρὸς
2395 3691 2557 3747 αὑτὸν
2589 3686 2875 3761 εἰσήκουσὲ
2908 3702 3029 3758 μου·
3062 3684 3214 3755 παρὰ
3241 3683 3334 3737 σοῦ
3361 3684 3390 3736 6
3418 3681 3640 3745 ἔπαινός
3683 3697 3812 3752 μουο

2229 3788 2286 3839 ὲν
2313 3784 2580 3855 ἐκκλησίᾳ
2616 3781 2827 3854 μεγάλῃ
2863 3775 3331 3850 ἐξομολογησομαί
3365 3792 3446 3828 σοι
3467 3791 3480 3804 -
3513 3773 3615 3837 τὰς
3651 3774 3816 3843 εὐχάς

2234 3897 2335 3951 μου
2361 3874 2624 3930 ἀποδώσω
2648 3873 2876 3928 ἐνώπιον
2906 3870 3016 3926 τῶν
3033 3870 3196 3941 φόϐου
3204 3867 3378 3940 μένων
3403 3866 3587 3920 αὐτόν.
3630 3884 3649 3916 ι
3692 3865 3829 3918 Ἐπὶ

2229 3967 2440 4031 τούτοις
2461 3966 2517 4020 δὲ
2546 3966 2641 4019 καὶ
2670 3963 2741 4017 τὰ
2770 3958 2905 4018 ἄλλα
2941 3960 3011 4015 τὰ
3038 3962 3095 4015 ὲν
3133 3959 3211 4031 τῷ
3243 3957 3440 4029 ψαλμῷ
3480 3956 3816 4025 λεγέτωσαν,

2231 4062 2282 4113 εἰ
2304 4059 2477 4130 ἒχοιέν
2508 4038 2613 4111 τινί
2640 4056 2749 4110 τῶν
2767 4054 2936 4123 ἁγίων
2958 4052 3166 4124 ἀνδρῶν
3192 4049 3540 4122 ἐφαρμόζειν*
3569 4048 3693 4101 τίνα
3710 4046 3820 4118 γὰρ

2231 4149 2477 4205 τοιοῦτον
2502 4146 2794 4217 γενόμενον
2819 4138 2929 4196 οἷον
2954 4140 3351 4213 προδιέγραψεν
3378 4141 3406 4193 6
3430 4138 3611 4207 λόγος,
3646 4137 3821 4189 «Πάν-

2233 4261 2324 4308 τες
2348 4244 2395 4296 οἱ
2428 4240 2758 4311 θεωρούντές
2785 4256 2850 4310 με
2877 4237 3344 4308 ὲξεμυκτήρισαν;
3374 4252 3390 4286 ι
3427 4232 3460 4305 ἦ
3487 4234 3619 4305 περὶ
3649 4230 3816 4296 τίνος-

2241 4356 2260 4389 ι
2281 4335 2577 4406 Ἐλὰλησαν
2604 4335 2662 4387 ὲν
2685 4331 2937 4403 χείλεσιν,
2956 4329 3212 4400 ἐκίνησαν
3244 4326 3507 4399 κεφαλὴν,
3543 4326 3822 4395 λέγοντες,

2239 4428 2500 4481 Ἦλπισεν
2534 4424 2626 4478 ἐπὶ
2654 4422 2877 4494 Κύριον,
2903 4420 3155 4493 ῥυσάσθω
3183 4420 3362 4482 αὐτὸν,
3392 4417 3622 4472 σωσάτω
3636 4417 3823 4479 αὑτὸν,

2239 4523 2322 4577 ὅτι
2350 4520 2491 4574 θέλει
2514 4518 2711 4583 αύτόν;
2748 4536 2768 4570 ι
2795 4517 2917 4571 τίνα
2944 4513 2999 4570 δὲ
3029 4515 3217 4587 μόσχοι
3252 4512 3434 4567 πολλοὶ
3460 4510 3555 4564 καὶ
3585 4510 3823 4564 ποταποὶ

565 4614 727 4668 quem
764 4618 781 4649 ι
818 4600 1110 4653 concilium
1149 4601 1560 4671 malignantium
1591 4603 1827 4670 obsedit,
1851 4583 1933 4660 ita
1960 4616 2021 4661 ut
2059 4606 2127 4662 fo-

2240 4613 2338 4685 τὴν
2372 4612 2554 4680 φύσιν,
2590 4629 2608 4660 ι
2638 4611 2815 4671 Κύνες
2834 4625 2892 4660 τε
2926 4607 3019 4661 καὶ
3042 4607 3233 4677 ταῦροι
3254 4604 3433 4666 πίονες
3452 4601 3822 4675 περιεκύκλω-

560 4689 753 4744 derent
804 4705 998 4745 manus
1055 4698 1110 4745 et
1164 4691 1330 4762 pedes
1389 4693 1549 4763 ejus,
1602 4702 1671 4749 et'
1728 4696 2139 4760 dinumerarent

560 4781 744 4838 omnia
775 4796 901 4836 ossa
942 4782 1098 4863 ejus;
1130 4784 1435 4841 diviserunt
1483 4787 1587 4842 sibi
1633 4790 1960 4846 vestimenta
1992 4795 2134 4863 ejus,

561 4883 615 4930 et
645 4891 813 4948 super
842 4884 1048 4931 vestem
1087 4876 1208 4948 ejus
1254 4879 1522 4934 miserunt
1576 4892 1777 4937 sortem
1804 4883 1899 4939 5“?
1930 4906 1948 4938 ι
1984 4886 2137 4942 Talia

562 4969 708 5024 enim
754 4967 902 5023 fatur
949 4969 996 5025 is
1040 4985 1200 5040 quem
1250 4971 1496 5042 psalmus
1527 4972 1758 5041 inducit,
1789 4986 1976 5050 totque
2022 4996 2140 5051 per-

562 5064 761 5132 pessis,
806 5062 993 5132 adjicit
1023 5064 1187 5118 etiam
1219 5083 1231 5119 :
1264 5084 1281 5115 ι
1309 5063 1558 5122 Narrabo
1587 5084 1786 5125 nomen
1831 5080 1983 5128 tuum
2026 5075 2137 5131 fra-

564 5157 740 5211 tribus
795 5157 955 5217 meis,
1010 5156 1065 5211 in
1112 5157 1292 5213 medio
1352 5158 1614 5217 Ecclesia!
1662 5163 1895 5221 laudabo
1932 5175 1984 5222 te
2005 5168 2071 5220 ⁸⁸.
2112 5189 2130 5221 ι

563 5245 999 5317 lnterprctentur
1046 5227 1227 5303 alitem
1286 5249 1400 5305 haec
1448 5252 1537 5306 isti
1591 5255 1756 5309 simul
1809 5264 1863 5312 et
1922 5259 2135 5330 reliqua

563 5342 779 5411 psalmi,
813 5343 1113 5411 praesertim
1141 5343 1210 5397 ab
1236 5343 1338 5399 hoc
1360 5345 1483 5401 loco
1517 5367 1530 5401 :
1567 5366 1586 5399 ι
1614 5346 2057 5407 Reminiscentur
2081 5362 2137 5409 et

560 5441 949 5490 convertentur
981 5434 1049 5489 ad
1077 5433 1371 5491 Dominum
1410 5439 1653 5497 universi
1703 5442 1840 5499 lines
1874 5454 2058 5511 teme,
2084 5454 2139 5501 et

560 5526 870 5580 adorabunt
903 5525 957 5579 in
983 5535 1283 5599 conSpectu
1307 5528 1428 5598 ejus
1458 5531 1730 5589 universae
1759 5533 1977 5590 familiae
2003 5552 2137 5608 gen-

561 5620 697 5671 tium
721 5617 785 5680 °“,
827 5637 845 5670 ι
903 5633 1080 5689 usque
1126 5619 1197 5674 ad
1249 5621 1449 5678 illum:
1490 5644 1510 5676 ι
1559 5624 1991 5684 Annuntiabitur
2034 5629 2141 5686 Do-

2244 4723 2359 4761 σαν’
2397 4704 2614 4777 ήνοιξάν
2645 4719 2705 4755 τε
2746 4701 2919 4772 στόμα
2960 4700 3047 4752 ἐπ’
3079 4699 3261 4761 αὑτὸν,
3290 4698 3364 4761 ὡς
3391 4696 3529 4750 λέων
3558 4695 3823 4768 ἁρπάζων

2241 4800 2334 4855 καὶ
2358 4797 2703 4867 ὠρυόμενος;
2730 4812 2748 4845 ι
2784 4794 2879 4846 καὶ
2899 4794 2991 4845 ἐπὶ
3020 4791 3251 4854 τούτοις·
3282 4809 3299 4841 ι
3320 4789 3501 4859 Τίναή
3529 4787 3822 4856 συναγωγὴ

2239 4892 2347 4947 τῶν
2375 4889 2818 4960 πονηρευομένων
2852 4883 3160 4955 περιέσχεν·
3191 4883 3285 4935 καὶ
3318 4880 3605 4952 περιέσχεν
3623 4878 3827 4941 οὕτως,

2240 4987 2317 5050 ὡς
2352 4985 2446 5038 καὶ
2471 4981 2661 5054 ὀρύξαι
2705 4978 2872 5034 αὐτοῦ
2905 4979 3090 5049 χεῖρας
3134 4977 3227 5029 καὶ
3256 4974 3443 5038 πόδας,
3496 4973 3590 5027 καὶ
3644 4971 3823 5024 πάντα

2245 5077 2409 5133 αὑτοῦ
2479 5073 2838 5148 ἐξαριθμῆσαι
2905 5069 2974 5123 τὰ
3047 5068 3220 5130 ὀστᾶ,
3282 5063 3705 5137 διαμερίσασθαί
3763 5079 3822 5116 τε

2245 5175 2457 5235 ἑαυτοῖς
2482 5169 2646 5223 αὐτοῦ
2688 5167 2755 5221 τὰ
2785 5165 2995 5237 ἱμάτια,
3032 5160 3319 5233 βάλλοντας
3352 5158 3553 5230 κλῆρον
3600 5157 3693 5210 ἐπὶ
3733 5155 3824 5209 τὸν
3875 5221 3882 5227 ἡ

2245 5262 2534 5336 ἱματισμὸν
2567 5257 2767 5325 αύτοῦ;
2790 5279 2808 5310 ι
2851 5254 3087 5313 Τοιαῦτα
3124 5252 3231 5325 γάρ
3263 5250 3384 5303 τινά
3412 5266 3544 5322 φησι
3573 5249 3636 5301 τὸ
3657 5248 3718 5303 ἐν
3748 5247 3822 5319 τὰς

2243 5352 2442 5426 ψαλμῴ
2466 5351 2752 5422 πρόσωπον
2770 5388 2785 5413 ,
2814 5347 2843 5400 ὃ
2870 5347 2964 5401 καὶ
2987 5343 3123 5417 μετὰ
3149 5344 3210 5397 τὸ
3236 5341 3472 5397 τοσαῦτα
3497 5339 3690 5395 παθεῖν
3716 5342 3815 5392 ἐπι

2247 5447 2401 5520 φέρει
2426 5444 2597 5513 λέγων
2616 5482 2631 5506 ,
2662 5461 2681 5492 ε
2709 5439 3045 5510 Διηγήσομαι
3064 5438 3125 5491 τὸ
3146 5435 3317 5508 ὄνομά
3338 5451 3431 5489 σου
3449 5436 3562 5496 τοῖς
3578 5430 3825 5501 ἀδελοοίς

2251 5557 2382 5611 μου,
2417 5540 2475 5590 ὲν
2504 5534 2652 5604 μέσῳ
2691 5529 3014 5603 Ἑκκλησίας
3043 5530 3271 5599 ὑμνήσω
3296 5544 3356 5579 σε
3375 5543 3388 5555 ·
3418 5545 3436 5577 ι
3468 5525 3744 5578 λυέτωσαν
3771 5523 3824 5578 δῖ

2247 5629 2400 5684 ταῦθ’
2431 5629 2547 5698 ἅμα
2567 5625 2658 5679 καὶ
2687 5623 2755 5676 τὰ
2783 5621 2944 5677 λοιπὰ
2963 5620 3054 5674 τοῦ
3075 5618 3290 5691 ψαλμοῦ
3314 5618 3695 5690 διηγούμενοι,
3724 5617 3823 5687 μά-

632 5734 677 5765 “
703 5733 1118 5816 ,Ῑξεῖιξ-Σκηξση
1233 5738 1409 5816 ἔρξω,-
1428 5760 1504 5816 at,
1526 5744 1617 5801 25.
1696 5748 1741 5779 "
1775 5746 1934 5805 Joan.
1969 5767 2022 5816 v,
2058 5749 2127 5805 24

2232 5750 2266 5781 "’
2305 5749 2448 5806 Psal.
2488 5762 2613 5804 xxi,
2642 5742 2722 5816 2._
2776 5734 3374 5816 δέ’,Μειιιιιτ-ξξνιιε-ιίξᾏ
3431 5733 3673 5816 "Isaia
3694 5747 3823 5816 12L.

566 5806 660 5877 10,
701 5807 759 5877 ll
784 5844 799 5868 ,
1002 5806 1044 5836 ⁶⁰
1084 5808 1213 5865 ibid.
1250 5812 1350 5877 25,
1382 5805 1500 5867 26.7
1552 5818 1593 5848 ⁵⁸
1639 5817 1769 5873 ibid.
1807 5819 1859 5875 8.

564 5876 610 5932 ’δῖ
651 5875 782 5932 ibid:
820 5874 911 5930 28.

1938 5801 1988 5851 ηί
2008 5801 2127 5901 ’ίῡίᾲ

2232 5861 2238 5882 .
2274 5801 2449 5876 97's
2489 5801 2617 5875 ibid.
2659 5813 2755 5880 ιδ,
2796 5813 2880 5868 ιι.
2958 5813 3002 5843 ενι
3039 5809 3173 5866 ibid.
3215 5804 3397 5863 τωο.
3478 5806 3523 5838 ει
3562 5803 3697 5862 ibid.
3734 5801 3824 5856 as-
