4134 6414
366 336 506 393 “09

1391 336 1689 395 ECLOGA:
1728 336 2212 396 PROPHETICE.
2253 367 2322 380 -ο
2357 335 2489 394 LIB.
2531 335 2597 394 ll.

3490 334 3627 391 mo

362 453 521 508 λιστα
550 454 660 508 ἀπὸ
686 451 779 507 τοῦ
797 493 811 517 ,
846 472 865 505 t
886 454 1301 527 Μνησθήσονται
1326 456 1420 510 καὶ
1444 457 1926 530 ὲπιστραφήσονται

2044 457 2196 512 mino
2260 455 2541 530 generatio
2620 462 2850 513 ventura
2881 475 2894 512 ;
2930 463 2986 513 et
3032 452 3439 511 anuuntiabunt
3492 450 3637 506 cceli.

363 546 499 619 πρὸς
523 546 726 618 Κύριον
749 546 925 600 πάντα
950 547 1017 601 τὰ
1052 548 1264 621 πέρατα
1296 549 1395 620 τῆς
1421 550 1548 619 γῆς·
1581 551 1675 605 καὶ
1708 569 1947 624 προσκυ-

360 641 612 714 νήσουσιν
632 642 860 696 ἐνώπιον
887 644 1048 697 αὑτοῦ
1072 646 1240 698 πᾶσαι
1262 646 1319 699 αἱ
1346 646 1572 718 πατριαὶ
1591 645 1698 701 τῶν
1719 648 1906 715 ἐθνῶν,
1920 669 1938 702 ι

364 734 528 807 μέχρι
552 735 666 800 τοῦ,
708 755 725 788 ι
751 735 1203 807 Ἀναγγελήσεται
1226 737 1304 808 τῷ
1334 740 1524 812 Κυρίῳ
1544 740 1706 810 γενεὰ
1734 743 1766 812 ἡ
1792 744 1947 813 ἐρχο-

364 826 498 900 μένη
515 869 532 893 ,
554 830 648 882 καὶ
667 829 1025 898 ἁναγγελοῦσι
1053 831 1149 902 τὴν
1171 830 1515 904 δικαιοσύνην
1541 834 1704 888 αὑτοῦ
1728 834 1843 906 λαῷ
1865 836 1944 908 τῷ

360 918 767 991 τεχθησομένῳ,
797 920 855 973 ὃν
888 920 1141 992 ἐποίησεν
1173 923 1200 973 ό
1230 923 1453 995 Κύριος.
1478 943 1495 975 ι
1519 925 1942 997 Παριστάτωσαν

359 1010 468 1081 γὶρ
502 1010 598 1082 τὴν
631 1011 751 1065 τότε
786 1011 883 1083 μὲν
920 1011 995 1083 μὴ
1032 1013 1379 1085 ὑπάρχουσάν
1415 1035 1500 1070 πω
1534 1017 1725 1086 γενεὰν
1747 1058 1761 1081 ,
1792 1018 1943 1090 ἥξειν

357 1099 415 1154 δὲ
438 1102 518 1164 εἰς
546 1101 807 1172 μέλλοντα
836 1104 1026 1173 χρόνον
1053 1106 1564 1179 προφητευομένην·
1591 1108 1686 1162 καὶ
1708 1109 1797 1161 τὸν
1821 1109 1944 1181 πρό-

355 1210 510 1265 τερον
547 1195 646 1265 μὲν
679 1195 902 1267 μηδέπω
934 1195 1065 1249 ὅντα
1094 1196 1242 1261 λαὸν,
1273 1199 1629 1271 τεχθήσεσθαι
1661 1200 1718 1254 δὲ
1747 1202 1803 1254 ὲν
1828 1204 1942 1266 τοῖς

359 1286 650 1358 μετέπειτα
684 1288 895 1359 χρόνοις
921 1287 1302 1362 προορώμενον
1319 1307 1335 1322 ο
1373 1289 1680 1360 λεγέτωσάν
1705 1311 1764 1347 τε
1791 1294 1844 1347 τί
1874 1293 1941 1348 ἂν

355 1378 558 1431 εἴποιεν
575 1379 813 1450 περὶτῆς
832 1379 921 1433 διὰ
968 1379 1125 1451 Ιησοῦ
1142 1379 1378 1451 Χριστοῦ
1401 1380 1495 1435 τοῦ
1513 1383 1761 1454 Σωτῆρος
1783 1385 1815 1455 ή
1824 1383 1939 1456 μῶν

356 1470 630 1540 συστάσης
655 1472 718 1524 ὲκ
742 1471 961 1525 πάντων
980 1471 1087 1524 τῶν
1110 1472 1279 1526 ἐθνῶν
1314 1473 1667 1544 Ἐκκλησίας·
1696 1470 1804 1546 ἆρα
1831 1476 1940 1547 γὰρ

355 1565 448 1618 ἐπὶ
479 1568 591 1630 τοῖς
628 1566 903 1628 τοσούτοις
938 1563 1167 1636 πλήθεσι
1198 1565 1305 1620 τῶν
1338 1566 1424 1620 διὰ
1456 1566 1547 1620 τοῦ
1582 1567 1819 1638 Χριστοῦ
1848 1568 1939 1622 τὸν

352 1658 459 1713 τῶν
483 1658 618 1713 ὅλων
647 1657 778 1711 Θεὸν
805 1657 1197 1723 ἐπεγνωκότων
1224 1656 1287 1727 (f.
1317 1658 1389 1712 22
1412 1675 1439 1712 v
1457 1659 1499 1730 °)
1527 1660 1629 1713 οὐκ
1656 1659 1721 1713 ἂν
1746 1660 1937 1732 ὁμολο-

352 1749 579 1820 γήσαιεν
610 1748 1000 1819 πεπληρῶσθαι
1034 1748 1128 1815 τὸ,
1184 1768 1200 1800 ι
1225 1749 1640 1821 Μνησθήσονται
1683 1752 1776 1805 καὶ
1816 1755 1938 1806 ἐπι-

2044 548 2318 621 justitiam
2347 548 2469 618 ejus
2499 549 2699 620 populo
2729 550 2826 621 qui
2855 557 3135 615 nascetur,
3168 561 3333 618 quem
3358 543 3485 600 fecit
3517 541 3626 598 Do-

2046 642 2230 697 minus
2250 641 2316 696 ".
2350 659 2369 693 ι
2423 638 2732 697 Ostendant
2786 641 2933 697 enim
3001 640 3447 713 generationem,
3502 650 3625 707 qua

2046 735 2292 793 nondum
2343 735 2655 799 exstiterat,
2710 734 2872 805 quasi
2934 740 3221 789 venturam
3273 734 3331 787 in
3380 730 3624 802 futurum

2047 829 2434 900 propbetizari,
2452 837 2798 899 veteremque
2819 827 2913 898 qui
2937 827 3176 883 nondum
3200 833 3319 883 erat
3339 823 3621 896 populum,

2045 923 2391 978 nasciturum
2418 922 2472 977 in
2505 921 2908 993 posterioribus
2931 922 3061 976 aevis
3096 917 3405 990 pmvideri.
3431 914 3625 970 Dicant

2043 1014 2175 1085 quid
2194 1014 2390 1070 afferre
2415 1014 2630 1085 possint
2654 1013 2722 1070 de
2751 1013 2996 1070 Ecclesia
3017 1028 3115 1083 per
3134 1011 3319 1068 Jesum
3343 1008 3625 1065 Christum

2047 1105 2388 1162 Salvatorem
2438 1112 2690 1161 nostrum
2731 1105 2990 1161 omnibus
3054 1103 3311 1175 gentibus
3365 1099 3620 1157 conﬂata.

2043 1194 2296 1251 Profecto
2332 1195 2476 1252 enim
2502 1196 2558 1250 in
2589 1203 2739 1251 tanta
2778 1212 2970 1253 eorum
2993 1194 3349 1251 multitudine
3378 1194 3492 1263 qui,
3526 1205 3622 1261 per

2041 1285 2342 1351 Christum,
2382 1292 2662 1340 auctorem
2716 1287 2960 1340 omnium
3011 1285 3181 1342 Deum
3226 1290 3633 1357 cognoverunt,

2042 1394 2151 1433 non
2203 1386 2431 1449 possent
2468 1394 2577 1434 non
2628 1378 2876 1434 confiteri
2920 1379 3053 1434 illud
3105 1378 3386 1449 impletum
3432 1376 3628 1442 fuisse,

2042 1469 2271 1534 scilicet,
2313 1487 2332 1520 ι
2358 1467 2807 1524 Reminiscenlur
2835 1476 2890 1522 et
2923 1473 3319 1521 convertentur
3347 1463 3413 1519 ad
3440 1462 3623 1517 Domi—

2040 1577 2172 1615 num
2213 1576 2405 1618 omnes
2439 1560 2577 1616 fines
2600 1569 2796 1628 terrae;
2839 1578 2858 1612 ι
2920 1574 3023 1614 nec
3072 1574 3207 1623 non,
3247 1575 3266 1610 ι
3298 1555 3621 1612 Adorabunt

2040 1653 2095 1707 in
2126 1661 2428 1724 conspectu
2456 1653 2577 1723 ejus
2609 1652 2878 1708 universae
2920 1650 3142 1706 familiae
3170 1649 3436 1721 gentium.
3473 1666 3491 1699 ι
3526 1645 3622 1702 Ve-

2044 1746 2447 1800 rumenimvero
2504 1745 2637 1801 hora
2700 1752 2784 1800 est
2830 1744 2919 1809 iis,
2946 1744 3040 1815 qui
3075 1753 3221 1798 recte
3277 1756 3472 1813 sapere
3526 1754 3623 1793 νοτ

353 1841 752 1912 στραφήσονται
773 1839 909 1911 πρὸς
927 1840 1128 1911 Κύριον
1145 1840 1321 1893 πάντα
1339 1839 1405 1894 τὰ
1427 1841 1637 1913 πέρατα
1657 1843 1755 1913 τῆς
1775 1846 1926 1914 ﬁt?"

2040 1837 2179 1904 lunt,
2225 1837 2567 1908 prophetiam
2635 1836 2794 1892 fateri
2844 1838 2911 1890 al)
2962 1836 3070 1890 alio
3119 1834 3272 1889 nullo
3316 1832 3617 1903 impletam,

351 1928 447 1983 καὶ
495 1929 587 1993 τὸ,
630 1928 1146 2000 ιΠροσκυνήσουσιν
1192 1928 1422 1983 ἐνώπιον
1464 1931 1630 1985 αὑτοῦ
1673 1935 1845 1987 πᾶσαι
1878 1937 1934 1988 αἱ

352 2022 578 2094 πατριαὶ
608 2022 716 2076 τῶν
750 2022 936 2076 ἐθνῶν.
961 2041 979 2074 ι
1029 2022 1187 2078 Ἀλλὰ
1227 2023 1335 2097 γὰρ
1361 2024 1478 2097 ὥρα
1514 2029 1627 2090 τοῖς
1656 2028 1936 2099 εύγνωμο-

351 2116 462 2167 νεῖν
492 2114 764 2168 εθέλουσιν
784 2156 798 2179 ,
841 2115 940 2168 οὐκ
973 2115 1059 2167 ἐπ’
1094 2116 1252 2171 ἄλλου
1284 2117 1427 2181 τινὸς
1455 2118 1487 2190 ἦ
1522 2119 1617 2171 ἐπὶ
1649 2119 1810 2191 μόνου
1840 2120 1933 2174 τοῦ

345 2207 552 2279 Κυρίου
583 2208 678 2261 καὶ
706 2208 954 2278 Σωτῆρος
985 2208 1141 2280 ἡμῶν
1178 2210 1352 2279 Ἰησοῦ
1383 2211 1620 2283 Χριστοῦ
1651 2214 1935 2285 ὁμολογεῖν

344 2298 738 2369 πεπληρῶσθαι
790 2300 889 2371 τὴν
924 2300 1289 2371 προφητείαν,
1337 2296 1399 2356 οῦ
1429 2303 1568 2357 κατὰ
1597 2303 1698 2375 τὴν
1731 2320 1935 2376 παρου-

346 2390 468 2443 σίαν
499 2389 662 2444 αὐτοῦ
692 2390 835 2462 καὶὴ
864 2391 973 2446 τῶν
997 2391 1168 2446 ἐθνῶν
1197 2394 1499 2466 ἐπιστροφὴ
1525 2395 1807 2464 γίγνεσθαι
1837 2396 1935 2467 ἦρ-

344 2473 472 2547 ξατο
488 2523 501 2541 ,
526 2483 973 2555 παραγενομένης
990 2484 1090 2555 τῆς
1110 2484 1580 2557 προφητευθείσης
1600 2489 1813 2555 γενεᾶς,
1838 2488 1931 2541 καὶ

340 2574 436 2628 τοῦ
469 2574 599 2629 λαοῦ
637 2576 731 2629 τοῦ
775 2576 1133 2648 τεχθήσεσθαι
1167 2578 1226 2630 ού
1266 2579 1426 2653 μόνον
1461 2577 1694 2633 ἐνταῦθα
1727 2581 1928 2651 προδη-

341 2666 603 2737 λουμένου
623 2708 638 2733 ,
664 2665 800 2721 ἀλλὰ
832 2668 924 2740 καξι
950 2669 1007 2720 ἐν
1038 2668 1313 2739 ἑκατόστῳ
1347 2668 1547 2740 πρώτῳ
1579 2669 1780 2741 ψαλμῷ
1799 2711 1816 2735 ,
1842 2670 1929 2724 διὰ

340 2756 470 2820 τοῦ,
509 2776 529 2810 ι
558 2758 824 2829 Γραφήτω
857 2757 995 2830 αῦτη
1025 2760 1105 2822 εἰς
1135 2759 1328 2829 γενεὰν
1366 2760 1582 2832 ἑτέρανσ
1624 2762 1719 2814 ’καὶ
1749 2762 1875 2825 λαὸς
1902 2763 1930 2813 ό

342 2849 657 2920 κτιζόμενος
674 2850 874 2903 αἰνέσει
902 2850 994 2903 τὸν
1024 2851 1280 2922 Κύριον.»
1314 2844 1482 2915 Οὗτος
1505 2852 1562 2905 δέ
1591 2845 1928 2924 ὲστιπερὶοῦ

341 2942 436 3001 καὶ
459 2943 516 2995 ὲν
549 2941 618 3007 ιζ’
642 2941 828 3014 εἴρητο
847 2982 861 3006 ,
893 2962 911 2993 ι
938 2943 1077 3006 Aab;
1103 2942 1162 2996 ὃν
1186 2943 1286 2996 οὐκ
1302 2943 1472 3012 ἔγνων
1495 2944 1773 2998 ἐδούλευσε
1803 2963 1892 3017 μοι
1909 2961 1925 2977 ⁶

341 3036 424 3109 εἰς
450 3033 621 3105 ἀκοὴν
646 3034 808 3088 ὠτίου
838 3035 1116 3105 ύτέήκουσὲ
1147 3052 1267 3106 μου.
1296 3056 1315 3087 ι
1347 3035 1544 3090 Τοῦτον
1570 3032 1661 3090 οὖν
1690 3036 1780 3090 τὸν
1814 3038 1927 3090 Σω-

336 3127 482 3200 τῆρα
511 3132 604 3183 καὶ
628 3129 830 3201 Κύριον
853 3129 1030 3201 ἡμῶν,
1052 3131 1229 3201 σάρκα
1256 3130 1591 3186 ἀναλαϐόντα
1621 3132 1715 3185 καὶ
1736 3131 1802 3185 δι’
1827 3132 1923 3185 αύ-

338 3220 439 3292 τὴν
488 3239 506 3271 ι
535 3219 792 3292 σκώληκα
813 3240 832 3273 ι
888 3221 1336 3292 χρηματίσαντα,
1380 3243 1396 3273 ι
1427 3223 1667 3287 Ὄνειδός
1730 3241 1790 3276 τε
1823 3226 1920 3279 ἀνι·

337 3312 575 3385 θρώπων
612 3313 899 3384 γενόμενον
941 3314 1035 3372 καὶ
1073 3313 1411 3386 ἐξουδένωμα
1438 3313 1569 3368 λαοῦ
1591 3354 1605 3380 ,
1641 3315 1842 3379 πάντες
1872 3315 1923 3368 οἱ

336 3404 667 3477 θεωροῦντες
704 3423 771 3476 με
812 3405 1278 3479 ἐξεμυκτήρισαν,
1301 3428 1320 3462 ι
1380 3408 1612 3480 μάλιστα
1663 3408 1802 3462 κατὰ
1830 3408 1923 3463 τὸν

336 3498 526 3570 καιρὸν
558 3495 651 3551 τοῦ
686 3497 922 3563 πάθους,
956 3500 1044 3553 ὅτε
1090 3500 1198 3554 τῶν
1239 3501 1297 3553 ὲν
1335 3503 1400 3572 τῇ
1434 3499 1739 3573 προφητείᾳ
1772 3501 1925 3567 τέλος

339 3590 596 3660 ἰσχόντων
619 3592 667 3644 οἱ
699 3591 1204 3663 παραπορευόμενοι
1226 3590 1611 3663 ἐϐλασφήμουν
1640 3592 1802 3646 αὑτὸν
1828 3594 1924 3646 καὶ

335 3685 546 3755 ὲμυκτή
557 3682 700 3754 ριζον
719 3683 965 3752 λέγοντες
990 3724 1004 3747 ,
1033 3704 1050 3736 ι
1066 3684 1291 3747 ’Ἄλλους
1315 3683 1506 3749 ἔσωσε,
1545 3684 1775 3738 σωσάτω
1794 3686 1922 3738 ἐαυ-

333 3776 453 3829 τόν·
481 3795 500 3826 ι
530 3777 651 3829 τότε
673 3776 728 3829 δὲ
754 3776 850 3830 καὶ
875 3796 893 3828 ι
918 3777 1215 3850 Ἐλάλησαν
1239 3779 1295 3831 ὲν
1320 3777 1522 3848 χείλεσι
1548 3780 1643 3833 καὶ
1663 3779 1922 3850 ἐκίνησαν

337 3867 577 3939 κεφαλὴν
600 3887 618 3919 ›
651 3869 859 3921 ἑαυτῶν
886 3871 1006 3925 κατ’
1035 3869 1229 3924 αὐτοῦ’
1261 3870 1445 3934 αὐτοῖς
1479 3872 1716 3944 ῥήμασιν
1742 3874 1923 3927 εἰπόν-

333 3975 425 4023 τες
444 3959 525 4020 τὸ,
563 3977 581 4010 ι
610 3959 874 4029 Ἥλπισεν
890 3962 983 4015 ἐπὶ
1004 3960 1229 4034 Κύριον,
1259 3963 1513 4033 ῥυσάσθω
1536 3964 1718 4029 αὐτὸν,
1748 3966 1923 4019 σωσά-

332 4067 412 4103 τω
438 4052 619 4119 αύτὸν,
650 4050 892 4106 ὃτιθέλει
920 4053 1112 4107 αὐτόν·
1138 4074 1156 4105 ι
1188 4053 1328 4107 αὐτὰ
1356 4054 1465 4126 γὰρ
1492 4055 1555 4127 δὴ
1583 4056 1757 4111 ταῦτα
1780 4055 1923 4111 κατὰ

332 4144 393 4197 τὸ
418 4143 591 4207 πάθος
615 4144 863 4216 εἰρῆσθαι
892 4146 979 4198 ἐπ’
998 4145 1147 4216 αὐτῷ
1180 4147 1237 4200 ὲν
1263 4148 1376 4210 τοῖς
1410 4146 1762 4216 Εὐαγγελίοις
1790 4151 1921 4202 ἁνα-

333 4227 659 4307 γέγραπται.
723 4236 908 4307 Τούῖῳ
940 4232 1033 4289 οὖν
1071 4236 1165 4290 καὶ
1214 4236 1359 4307 μόνῳ
1402 4236 1538 4307 πρὸς
1579 4238 1671 4291 τὸν
1702 4238 1921 4310 Πατέρα

333 4326 513 4397 λέγειν
535 4329 763 4401 ἁρμόζει
791 4348 809 4380 ι
824 4329 943 4382 Ὅτι
972 4319 1035 4382 σὺ
1059 4326 1106 4381 εἷ
1121 4330 1150 4381 ό
1172 4327 1455 4393 ὲκσπάσας
1484 4347 1549 4400 με
1567 4331 1631 4384 ὲκ
1651 4332 1884 4403 γαστρός
1900 4350 1915 4364 ·

332 4422 365 4491 ἠ
389 4420 544 4486 ἐλπίς
566 4438 666 4491 μου
685 4422 792 4476 ἀπὸ
816 4422 1035 4493 μαστῶν
1055 4422 1154 4492 τῆς
1183 4422 1387 4494 μητρός
1405 4439 1505 4493 μου
1527 4440 1540 4453 ’
1562 4424 1656 4476 ἐπὶ
1678 4424 1737 4476 σὲ
1760 4426 1926 4496 smp—

334 4513 498 4585 ρεφην
540 4514 604 4568 ἐκ
652 4517 893 4587 μήτρας·
934 4516 997 4568 ἐκ
1027 4514 1233 4578 κοιλίας
1270 4515 1474 4587 μητρός
1509 4532 1610 4585 μου
1644 4516 1776 4581 Θεός
1810 4535 1913 4589 μου

2039 1930 2146 1985 nisi
2177 1946 2207 1983 a
2239 1931 2357 1986 solo
2391 1928 2623 1984 Domino
2655 1936 2709 1985 et
2738 1928 3023 1983 Salvatore
3068 1936 3260 1982 nostro
3290 1924 3420 1981 Jesu
3455 1922 3621 1980 Chri-

2038 2030 2149 2087 sto,
2178 2023 2337 2093 cujus
2365 2038 2462 2092 per
2488 2022 2923 2077 incarnationem
2958 2019 3165 2090 incepit
3211 2018 3452 2090 gentium
3483 2032 3619 2072 cou-

2039 2116 2239 2178 vcrsio,
2309 2114 2733 2186 superveniente
2793 2113 3159 2186 praznuntiata
3226 2111 3615 2183 generatione.

2036 2223 2137 2263 nec
2190 2223 2301 2263 non
2367 2208 2569 2279 pepulo
2624 2209 2719 2279 qui
2771 2207 3087 2263 nasciturus
3133 2219 3242 2258 non
3286 2205 3462 2258 solum
3526 2203 3617 2259 hic

2035 2301 2335 2373 praedictus
2362 2308 2468 2365 est,
2504 2300 2601 2356 sed
2635 2307 2690 2355 et
2736 2300 2792 2353 in
2822 2297 3124 2353 centesimo
3164 2297 3342 2368 primo
3380 2296 3613 2367 psalmo,

2035 2394 2123 2450 his
2142 2392 2325 2448 verbis
2357 2410 2371 2448 ι
2410 2411 2429 2445 ι
2469 2390 2933 2448 Scribanturhtec
2959 2390 3015 2444 in
3043 2389 3396 2461 generatione
3417 2389 3612 2455 altera,

2033 2493 2087 2541 et
2118 2485 2373 2557 p0pulus,
2407 2484 2503 2556 qui
2537 2484 2837 2546 creabitur,
2884 2481 3131 2536 laudabit
3167 2479 3457 2537 Dominum
3479 2482 3544 2538 ⁸⁸.
3586 2501 3607 2535 ι

2033 2577 2134 2632 llic
2195 2584 2281 2634 est
2336 2576 2404 2632 de
2466 2591 2577 2647 quo
2622 2585 2679 2632 et
2721 2578 2777 2633 in
2817 2578 3031 2635 decimo
3078 2577 3311 2647 septimo
3361 2574 3609 2630 dicitur:

2037 2688 2058 2722 ι
2097 2668 2366 2740 Populus,
2398 2684 2563 2741 quem
2615 2686 2726 2724 non
2759 2671 3032 2745 cognovi,
3082 2669 3309 2726 servivit
3340 2667 3472 2722 mihi
3508 2687 3522 2723 :
3553 2668 3618 2721 in

2032 2761 2223 2817 auditu
2268 2762 2419 2817 auris
2471 2762 2713 2818 obedivit
2764 2764 2895 2817 mihi
2919 2765 2984 2819 δν.
3018 2782 3037 2815 ι
3085 2761 3243 2817 Hunc
3295 2761 3460 2833 igitur
3492 2758 3614 2815 Sal-

2030 2865 2270 2911 vatorem
2288 2861 2343 2911 et
2370 2853 2659 2909 Dominum
2689 2865 2963 2919 nostrum,
2981 2869 3147 2910 carne
3162 2860 3441 2924 suscepta,
3467 2851 3612 2910 ideo-

2030 2965 2137 3019 que
2168 2965 2393 3004 cermem
2429 2947 3100 3018 vocatum,topprubrium
3126 2947 3410 3002 hominum
3440 2955 3494 3003 et
3521 2947 3627 3002 al».

2025 3042 2320 3113 jectionem
2351 3041 2527 3111 plebis
2560 3059 2573 3094 :
2605 3055 2798 3096 omnes
2850 3040 3100 3095 videntes
3140 3054 3248 3104 me,
3299 3038 3612 3095 deriserunt

2031 3151 2115 3190 me
2136 3135 2205 3199 7°,
2241 3156 2262 3187 ι
2297 3133 2604 3204 praesertim
2650 3132 2704 3186 in
2736 3133 3014 3202 passionis
3056 3142 3320 3201 tempore,
3344 3146 3470 3187 cum
3492 3131 3606 3193 isti,

2027 3228 2121 3297 qui
2149 3227 2290 3291 hanc
2311 3227 2671 3297 impleverunt
2693 3227 3056 3297 prophetiam,
3083 3232 3433 3280 transeuntes
3457 3223 3605 3279 blas-

2032 3317 2363 3388 pbemabant
2415 3332 2539 3372 eum
2581 3328 2636 3372 et
2690 3315 3010 3372 deridebant
3052 3314 3341 3370 dicentes:
3393 3331 3410 3363 ι
3456 3312 3609 3369 Alios

2027 3412 2206 3467 salvos
2241 3410 2387 3475 fecit,
2434 3426 2492 3467 se
2537 3410 2748 3465 salvum
2783 3408 3030 3473 faciat“,
3067 3426 3086 3461 ι
3135 3416 3265 3462 tunc.
3298 3414 3354 3463 et
3385 3426 3404 3458 ι
3436 3407 3607 3490 locuti

2027 3515 2155 3559 sunt
2180 3503 2341 3559 labiis
2376 3510 2430 3559 et
2477 3507 2771 3557 moverunt
2805 3501 3037 3570 caput“I
3072 3519 3091 3552 ι
3130 3514 3292 3555 suum
3341 3499 3608 3556 adversus

2024 3613 2189 3663 eum;
2223 3596 2403 3653 verbis
2464 3594 2658 3651 iisdem
2699 3594 2986 3650 dicentes:
3015 3611 3033 3645 ι
3071 3591 3323 3664 Speravit
3379 3591 3434 3646 in
3496 3591 3606 3646 Do-

2026 3689 2197 3754 mino,
2234 3688 2431 3759 eripiat
2451 3702 2576 3743 eum
2608 3706 2620 3742 :
2652 3688 2864 3742 salvum
2921 3685 3088 3741 faciat
3136 3700 3261 3741 eum
3289 3724 3304 3751 ,
3343 3682 3603 3755 quoniam

2023 3780 2138 3832 vult
2168 3778 2385 3854 eum".
2418 3797 2436 3830 ι
2473 3776 2611 3831 Huic
2660 3776 2827 3847 igitur
2894 3776 2996 3832 soli
3043 3775 3109 3831 ad
3163 3775 3379 3831 Patrem
3421 3776 3604 3830 dicere

2025 3871 2303 3933 convenit,
2337 3888 2355 3922 ι
2392 3868 2660 3937 Quoniam
2693 3878 2750 3923 tu
2777 3884 2839 3924 es
2860 3909 2874 3932 ,
2903 3869 2997 3939 qui
3035 3867 3327 3925 extraxisti
3394 3883 3481 3922 me
3535 3865 3606 3924 de

2022 3971 2251 4018 ventre:
2289 3976 2414 4032 spes
2442 3978 2561 4016 mea
2611 3961 2680 4016 ab
2724 3960 2990 4017 uberibus
3032 3960 3227 4016 matris
3266 3974 3418 4015 meae.
3457 3958 3517 4013 In
3548 3965 3603 4014 te

2023 4054 2299 4124 projectus
2321 4068 2442 4108 sum
2464 4068 2530 4108 ex
2553 4060 2711 4107 utero
2734 4072 2750 4107 ι
2774 4050 2841 4108 de
2862 4060 3051 4108 ventre
3079 4052 3271 4109 matris
3301 4067 3434 4108 mea:
3460 4051 3603 4108 Deus

2024 4160 2178 4200 meus
2216 4160 2283 4199 es
2307 4151 2364 4198 tu
2382 4143 2448 4199 ⁷⁵.
2491 4163 2510 4196 ι
2552 4142 2827 4200 Praeterea
2850 4143 3011 4200 docet
3054 4157 3156 4198 nos
3184 4142 3430 4213 psalmus
3453 4141 3600 4211 quod

2020 4237 2269 4309 quaedam
2318 4238 2671 4309 nequissimae
2696 4246 2751 4293 et
2779 4237 2906 4293 ferae
2931 4244 3232 4308 potestates
3270 4234 3501 4291 insidias
3548 4234 3602 4290 ei

2021 4339 2361 4395 struxerunt,
2386 4331 2454 4387 de
2483 4331 2685 4401 quibus
2713 4331 2849 4387 dicit
2879 4351 2892 4388 :
2927 4349 2945 4382 ι
2975 4328 3471 4386 Circumdederunt
3512 4342 3602 4383 me

2020 4423 2174 4478 vituli
2208 4423 2388 4488 multi,
2417 4424 2564 4479 tauri
2596 4425 2830 4495 pingues
2875 4421 3211 4479 obsederunt
3232 4436 3318 4475 me
3340 4420 3417 4485 ἠς
3462 4438 3482 4471 ι
3516 4418 3602 4474 di-

2020 4516 2096 4572 cit
2155 4515 2319 4571 etiam
2370 4513 2439 4571 de
2482 4514 2935 4571 circumcisorum
2996 4510 3283 4584 Synagoga
3336 4509 3602 4565 adversus

332 4602 382 4660 εἷ
408 4607 493 4660 σύ.
523 4627 542 4658 )
577 4605 720 4677 Πλὴν
750 4607 841 4659 ἐπὶ
872 4606 1081 4670 τούτοις
1107 4610 1136 4660 ό
1167 4606 1324 4676 λόγος
1351 4609 1499 4679 ἡμᾶς
1533 4608 1800 4674 παιδεύει,
1835 4610 1911 4675 ὡς

2030 4626 2140 4666 eum
2167 4610 2441 4665 concitata
2473 4624 2485 4660 :
2518 4629 2535 4660 ι
2574 4606 3068 4664 Circumdederunt
3091 4622 3176 4662 me
3199 4619 3366 4660 canes
3389 4603 3549 4658 multi
3582 4620 3596 4657 :

331 4696 438 4766 ἄρα
468 4696 561 4749 και)⁸
602 4694 858 4767 δυνάμεις
887 4698 1119 4769 πονηραί
1144 4714 1289 4761 τινες
1317 4699 1410 4752 καὶ
1436 4698 1720 4773 θηριώδεις
1749 4702 1911 4773 ἐνηρ-

335 4807 504 4861 γησαν
527 4789 626 4860 τὴν
665 4792 783 4844 κατ’
809 4790 972 4844 αὐτοῦ
1007 4790 1296 4863 ἐπιϐουλὴν
1316 4833 1330 4856 ,
1374 4793 1441 4846 δι’
1466 4793 1531 4858 ἃς
1559 4795 1653 4849 καὶ
1680 4794 1908 4865 ἔφασκε,

334 4882 829 4955 «Περιεκύκλωσάν
871 4902 936 4955 με
985 4883 1173 4956 μόσχοι
1221 4887 1442 4942 πολλοί·
1489 4887 1680 4959 ταῦροι
1727 4889 1911 4952 πίονες

330 4976 618 5048 περιέσχον
669 4993 765 5046 με’
792 4995 810 5027 ι
863 4978 958 5030 καὶ
991 4980 1118 5049 περὶ
1153 4979 1252 5050 τῆς
1294 4980 1664 5051 ὲπισυστάσης
1697 4980 1755 5034 δὲ
1789 4981 1908 5034 κατ’

328 5068 492 5124 αὐτοῦ
516 5072 578 5123 ὲκ
599 5072 897 5143 περιτομῆς
919 5072 1250 5143 Συναγωγῆς
1271 5090 1434 5145 φησιν
1455 5113 1468 5135 ,
1496 5074 1575 5127 ὅτι
1604 5093 1622 5124 ι
1646 5072 1912 5127 Ἑκύκλω-

328 5163 428 5217 σάν
462 5180 529 5234 με
556 5163 717 5227 κύνες
749 5164 964 5218 πολλοί·
1002 5164 1292 5236 συναγωγὴ
1325 5165 1776 5236 πονηρευομένων
1810 5182 1910 5218 πε-

328 5254 543 5327 ριέσχον
584 5271 672 5325 με·
700 5250 846 5311 οὗτοι
871 5256 927 5310 δὲ
946 5259 1038 5310 καὶ
1066 5256 1279 5330 ὣρυξαν
1306 5257 1367 5310 ού
1399 5256 1585 5329 μόνονι
1608 5256 1706 5320 τὰς
1722 5260 1909 5328 χεῖρας

328 5346 512 5411 αὑτοῦ,
534 5347 680 5417 ἀλλὰ
728 5350 974 5411 καὶτοὺς
1004 5350 1189 5415 πόδαςο
1227 5371 1246 5402 ι
1276 5351 1332 5422 ἢ,
1374 5350 1514 5405 κατὰ
1529 5350 1620 5404 τὸν
1653 5350 1905 5415 Ἀκύλαν,

333 5438 610 5511 «ᾔσχυναν
630 5481 644 5504 ,
672 5460 689 5492 ι
720 5442 968 5511 φήσαντα
988 5482 1002 5505 ,
1041 5462 1058 5494 ι
1083 5444 1321 5514 ᾔσχυναν
1346 5445 1533 5517 χεῖράς
1565 5461 1664 5516 μου
1688 5445 1784 5498 καὶ
1811 5444 1908 5497 πό-

329 5532 425 5596 δας
455 5549 586 5603 μου·
615 5552 634 5585 ι
665 5532 693 5585 ὃ
716 5534 809 5587 καὶ
846 5534 1063 5606 ἀληθῶς
1085 5536 1338 5608 ἐτελέσθη
1365 5577 1379 5602 ,
1417 5538 1507 5591 ὅτε
1532 5537 1908 5609 κρεμάσαντες

2019 4703 2311 4758 concilium
2367 4701 2782 4772 malignantium
2838 4699 3055 4756 obsedit
3098 4714 3226 4753 me:
3268 4695 3522 4752 foderunt
3576 4716 3594 4747 ι

2019 4812 2129 4852 nou
2195 4803 2407 4850 tantum
2464 4813 2481 4847 ι
2540 4810 2737 4849 manus
2806 4808 2999 4857 meas,
3036 4812 3055 4844 ι
3110 4792 3204 4847 sed
3259 4810 3276 4842 ι
3315 4797 3370 4846 et
3432 4790 3602 4860 pedes

2018 4906 2169 4946 meos
2189 4890 2263 4955 ἠς
2300 4907 2319 4940 ι
2354 4889 2460 4952 vel,
2508 4887 2808 4943 secundum
2836 4886 3088 4957 Aquilam
3116 4924 3132 4948 ,
3173 4903 3191 4935 ι
3233 4882 3600 4939 dedecorave-

2017 4989 2166 5045 runt,
2200 5001 2219 5034 ι
2256 4981 2354 5045 ait,
2400 5000 2418 5033 t
2449 4980 2919 5036 dedecoraverunt
2969 4992 3166 5032 manus
3181 4991 3332 5032 meas
3354 4981 3408 5030 et
3431 4973 3598 5044 pedes

2017 5091 2208 5133 meos:
2240 5095 2261 5130 ι
2302 5073 2447 5146 quod
2475 5082 2529 5128 et
2559 5087 2686 5127 vere
2716 5070 2970 5126 elfectum
3004 5077 3111 5136 est,
3151 5083 3277 5123 cum
3310 5066 3459 5138 ligno
3491 5063 3599 5120 alii-

2014 5178 2206 5240 gcntes
2229 5183 2351 5224 eum
2397 5167 2567 5221 clavis
2596 5166 2717 5235 ejus
2748 5176 3055 5232 manusque
3094 5160 3371 5231 pedesque
3418 5157 3597 5230 perfo-

2015 5268 2296 5328 raverunt,
2346 5266 2400 5315 et
2435 5258 2725 5328 pulchrum
2763 5254 3011 5327 quidem,
3053 5251 3102 5308 si
3140 5251 3267 5321 quis
3314 5257 3596 5320 expeteret

2015 5359 2077 5407 ut
2107 5351 2390 5422 Scriptura
2431 5348 2759 5418 probaretur
2796 5342 2945 5415 quod
2979 5340 3233 5396 Christus
3275 5343 3430 5395 cruci
3463 5355 3612 5425 ευρ-δ

2016 5444 2236 5516 plicium
2286 5456 2554 5513 passurus
2601 5438 2897 5509 praedictus
2932 5442 3040 5504 est,
3082 5434 3226 5489 inter
3271 5432 3377 5488 alia
3423 5432 3594 5489 docuo

2016 5542 2197 5590 menta
2218 5540 2272 5589 et
2299 5532 2431 5587 illud
2454 5530 2648 5587 aﬂ‘erre
2674 5550 2688 5586 :
2722 5549 2740 5583 ι
2782 5528 3227 5591 Perforaverunt,
3261 5546 3279 5578 ›
3308 5532 3364 5581 et
3388 5526 3592 5596 potius.

402 5715 447 5747 "
487 5715 769 5784 Psal.:xt,
795 5717 882 5772 32.
962 5718 1006 5751 ⁸⁸
1047 5717 1191 5774 Psal.
1226 5732 1311 5781 et,
1349 5717 1437 5773 19.
1513 5715 1559 5745 ⁵³
1595 5711 1910 5784 Ρξξιιηιῖυξ,

2030 5755 2037 5768 .
2114 5715 2158 5745 ⁷⁸
2198 5712 2342 5769 Psal.
2381 5730 2508 5781 ut,
2546 5713 2596 5781 7,
2627 5713 2679 5770 8.
2757 5712 2800 5745 ⁷¹
2842 5709 2976 5768 Luc.
3014 5724 3185 5775 χχιιι,
3223 5704 3294 5765 55
3338 5745 3352 5762 .
3392 5703 3592 5764 "Psal.

330 5801 457 5853 ut,
492 5789 545 5845 8.
622 5787 671 5824 ⁷⁸
711 5778 841 5845 ibid.
872 5789 924 5846 9.
1003 5789 1048 5822 7“
1088 5788 1222 5845 ibid.
1260 5778 1359 5849 10,
1400 5786 1489 5843 11.
1567 5784 1625 5853 ⁷⁸,
1653 5778 1791 5839 ibid.
1828 5782 1917 5840 15.

2030 5785 2041 5818 ³
2079 5783 2212 5841 ibid.
2255 5784 2343 5841 18.
2494 5778 2501 5781 ν
2584 5778 2593 5781 γ
3608 5823 3613 5855 i
