4114 6472
550 364 683 426 Illi
1254 367 1520 423 EL'SEBII
1556 368 2029 434 C£SARIENSIS
2066 367 2217 426 OPP.
2257 368 2439 425 PARS
2475 369 2563 424 ιιι.
2604 402 2675 411 -
2712 367 3121 425 EXEGETICA.

553 507 573 543 ι
606 487 1077 544 dedecoroverunt
1133 502 1330 544 manus
1374 503 1525 544 meas
1569 494 1626 545 et
1667 490 1834 562 pedes
1864 505 2051 547 meos:
2094 509 2112 542 ι

2230 490 2381 544 αὐτὸν
2422 490 2514 543 ἐπὶ
2558 489 2652 543 τοῦ
2694 488 2866 561 ἰκρίον
2906 488 3054 560 ἥλοις
3093 484 3256 540 αὐτοῦ
3281 488 3379 551 τάς
3404 503 3462 540 τε
3488 488 3683 558 χεῖρας
3716 486 3825 538 καὶ

547 580 746 652 quibus
792 582 1046 650 protinus
1095 580 1362 636 additur:
1397 599 1416 633 ι
1448 581 1761 638 Diviserunt
1810 582 1913 639 sibi
1962 581 2121 637 vesti-

2230 586 2348 649 τοὺς
2369 584 2534 647 πόδας
2558 583 2915 655 περιέπειραν
2930 598 2945 613 ο
2973 582 3065 635 καὶ
3090 580 3253 635 καλόν
3272 597 3336 649 γε
3357 581 3405 634 εί
3434 578 3699 650 άπαιτοίη
3730 595 3825 640 τις

548 681 729 728 menta
759 686 903 736 mea,
931 680 986 726 et
1008 687 1175 743 super
1198 681 1406 729 vestem
1458 688 1634 729 meam
1691 675 1961 729 miserunt
1999 689 2119 728 501‘-

2230 679 2332 732 άπὺ
2362 679 2585 751 Γραφῆς
2615 677 2966 750 παραστῆσαι
2985 719 2999 743 ,
3042 676 3117 740 ὡς
3148 677 3256 749 ἄρα
3289 676 3380 730 καὶ
3410 692 3644 747 σταυρον
3670 675 3825 727 ὑπο-

547 760 758 829 tem";
799 780 818 814 ι
862 761 1010 833 quod
1057 763 1277 833 quidem
1306 763 1504 835 Aquila
1556 764 1637 821 sic
1678 764 1889 820 edidit:
1918 785 1936 817 ι
1974 764 2119 819 Divi-

2230 774 2406 843 μεῖναι
2429 772 2457 823 6
2485 769 2716 843 Χριστὸς
2742 770 3050 843 προείρητο,
3078 770 3213 841 μετὰ
3239 769 3334 823 καὶ
3357 767 3528 822 ἄλλων
3548 765 3660 820 τῶν
3682 765 3825 819 τού-

3662 375 3823 423 III!

547 857 803 917 dent-sibi
825 860 1211 917 vestimentum
1243 877 1447 925 meum,
1464 870 1519 918 et
1539 878 1703 932 super
1724 869 1929 918 vestem
1943 875 2118 916 meam

548 949 764 1006 mittent
796 957 1041 1019 sortem;
1084 971 1103 1004 ι
1140 951 1503 1024 Symmachus
1530 968 1681 1017 vero,
1718 971 1738 1005 ι
1775 951 1969 1007 Partiti
1991 960 2121 1009 sunt

549 1041 871 1097 vestimenta
892 1057 1013 1099 mea
1040 1044 1182 1100 inter
1211 1060 1291 1109 se,
1332 1052 1387 1101 et
1409 1045 1478 1101 de
1503 1053 1652 1101 veste
1700 1060 1821 1100 mea
1862 1045 2119 1115 conjece-

550 1143 678 1188 runt
704 1140 930 1189 sortem.
960 1154 979 1187 ι
1005 1132 1142 1189 111υά
1166 1151 1385 1206 quoque
1406 1136 1463 1191 in
1490 1136 1746 1207 passione
1765 1135 2118 1206 adimpletum

549 1230 652 1288 est,
683 1237 808 1277 cum
836 1224 930 1294 qui
952 1223 1339 1279 cruciﬂxeraut
1367 1240 1515 1289 eum,
1545 1245 1564 1277 ι
1597 1232 1927 1296 acceperunt
1963 1224 2123 1281 vesti-

549 1322 731 1368 menta
767 1316 908 1384 ejus,
937 1322 992 1371 et
1015 1313 1264 1371 fecerunt
1292 1325 1527 1387 quatuor
1559 1325 1779 1389 partes,
1826 1318 2123 1388 unicuique

550 1406 707 1462 militi
734 1416 969 1478 partem,
994 1416 1048 1463 et
1072 1407 1334 1464 tunicam.
1360 1408 1489 1464 Erat
1515 1419 1695 1466 autem
1723 1409 1908 1465 tunica
1937 1410 2122 1465 incon-

548 1500 755 1565 sutilis,
797 1500 1033 1571 desuper
1067 1509 1324 1558 contexta
1347 1517 1445 1572 per
1472 1510 1668 1559 totum.
1701 1502 1964 1559 Dixerunt
1990 1520 2121 1576 ergo

549 1590 617 1644 ad
644 1590 875 1646 invicem
913 1607 926 1642 :
961 1589 1078 1647 Non
1106 1591 1423 1648 scindamus
1450 1607 1591 1655 eam.
1616 1592 1709 1647 sed
1740 1594 2034 1648 sortiamur
2055 1594 2123 1649 de

551 1681 641 1735 illa
662 1682 824 1751 cujus
858 1682 929 1737 sit
946 1683 1013 1738 τ’.
1058 1703 1077 1736 ι
1114 1681 1327 1749 Quibus
1362 1683 1553 1753 adjicit
1585 1685 1915 1755 evangelista
1947 1705 1960 1741 :
1996 1704 2014 1737 ι
2050 1684 2123 1741 Ut

551 1770 837 1842 Scriptura
896 1773 1215 1843 impleretur
1266 1770 1453 1829 dicens
1486 1793 1500 1829 :
1531 1772 1726 1828 Partiti
1773 1782 1902 1829 sunt
1954 1777 2123 1831 vesti«

2222 879 2317 916 του
2348 863 2768 934 παραπατικῶν
2791 863 2885 916 καὶ
2912 862 2971 915 τὺ
3005 882 3021 913 ι
3046 860 3302 931 Ὠρυξαν,
3329 880 3347 911 ι
3367 860 3460 914 καὶ
3489 857 3697 931 μᾶλλον
3725 857 3821 918 τὸ,

2230 974 2248 1005 ι
2276 954 2513 1026 ᾔσχυναν
2538 955 2727 1027 χεῖράς
2754 972 2854 1026 μου
2886 955 2977 1009 καὶ
3012 953 3179 1017 πόδας
3208 971 3309 1024 μου
3329 992 3342 1012 .
3360 958 3390 1004 1‘
3426 950 3819 1022 παραθέσθαιο

2223 1041 2305 1108 οἷς
2332 1045 2456 1115 ἐξῆς
2478 1044 2794 1117 ἐπιφέρεται
2815 1044 2893 1107 τὸ,
2931 1062 2949 1095 ι
2973 1043 3359 1116 Διεμερίσαντο
3385 1042 3453 1095 τὰ
3476 1039 3668 1112 ἱμάτιά
3703 1054 3821 1110 μου

2227 1138 2458 1201 ἑαυτοῖς,
2491 1138 2582 1190 καὶ
2616 1137 2710 1190 ἐπὶ
2736 1136 2828 1189 τὸν
2859 1135 3152 1207 ἱματισμόν
3181 1152 3281 1205 μου
3307 1133 3497 1187 ἔϐαλον
3518 1132 3730 1202 κλῆρον
3749 1147 3769 1161 ο
3794 1149 3817 1182 ι

2224 1228 2361 1300 ὅπερ
2379 1230 2408 1281 6
2432 1228 2530 1298 μὲν
2548 1226 2773 1289 Ἀκύλας
2795 1226 2964 1289 οὓτως
2987 1224 3267 1290 ἐξέδωκεν,
3296 1242 3315 1274 ι
3332 1221 3655 1295 Μερίσουσιν
3675 1219 3823 1289 ἱμά-

2226 1320 2335 1373 τιόν
2354 1336 2454 1389 μου
2473 1320 2706 1383 ἑαυτοῖς,
2726 1318 2818 1371 καὶ
2833 1319 2924 1370 ἐπὶ
2940 1316 3149 1370 ἔνδυσιν
3174 1333 3274 1387 μου
3296 1314 3515 1386 βαλοῦσι
3531 1313 3745 1384 κλῆρον
3760 1329 3778 1341 ·
3793 1330 3815 1363 ι

2225 1415 2253 1466 6
2283 1412 2339 1466 δὲ
2368 1412 2684 1483 Σύμμαχος,
2725 1430 2744 1463 ι
2768 1410 3084 1481 Διενέμοντο
3114 1409 3182 1462 τὰ
3213 1408 3404 1480 ἱμάτιά
3437 1425 3537 1479 μου
3566 1407 3816 1468 ἑαυτοῖς,

2226 1505 2320 1560 καὶ
2349 1506 2474 1576 περὶ
2500 1504 2725 1574 ἐσθῆτος
2752 1520 2853 1574 μου
2876 1502 3170 1572 ἐλάγχανον
3190 1519 3202 1531 ο
3230 1522 3247 1553 ι
3274 1502 3303 1554 ὃ
3331 1500 3423 1555 καὶ
3452 1498 3584 1554 αὐτὸ
3607 1497 3731 1569 ἅμα
3752 1514 3818 1551 τε

2226 1595 2303 1666 τῷ
2344 1595 2502 1650 πάθει
2546 1595 2929 1665 πεπλήρωται,
2967 1596 3055 1648 ὅτε
3098 1595 3147 1646 οί
3196 1590 3606 1663 σταυρώσαντες
3639 1588 3819 1643 αὐτὸν

2233 1706 2251 1737 ι
2274 1687 2527 1749 λαϐόντες
2558 1688 2623 1741 τά
2653 1688 2842 1757 ἱμάτια
2866 1682 3028 1739 αὐτοῦ
3058 1684 3319 1754 ἐποίησαν
3350 1682 3588 1753 τέσσαρα
3623 1680 3773 1752 μέρη
3796 1720 3813 1742 ,

2228 1777 2440 1847 ἑκάστῳ
2466 1775 2769 1851 στρατιώτῃ
2800 1775 2962 1848 μέρος
2986 1817 3000 1840 ,
3029 1777 3125 1827 καὶ
3152 1773 3244 1827 τὸν
3264 1773 3465 1843 χιτῶνα
3481 1788 3494 1802 ·
3526 1768 3595 1842 ἦν
3621 1771 3679 1824 δὲ
3708 1772 3817 1842 ἄῤ-

551 1851 731 1917 m'enta
767 1877 888 1917 mea
913 1863 1042 1931 sibi,
1071 1871 1125 1918 et
1148 1864 1204 1918 in
1232 1870 1440 1919 vestem
1478 1878 1653 1918 meam
1702 1863 1973 1918 miserunt
2002 1878 2122 1918 sor-

2230 1870 2393 1939 ραφος
2411 1909 2426 1932 ,
2456 1869 2520 1921 ἐκ
2542 1867 2649 1920 τῶν
2671 1867 2874 1921 ἄνωθεν
2901 1866 3133 1935 ύςοαντὸς
3156 1864 3221 1918 δι’
3247 1865 3368 1918 ὅλου
3388 1904 3406 1927 ,
3427 1862 3506 1917 διδ
3527 1863 3623 1917 καὶ
3642 1858 3815 1917 εἶπαν

551 1963 657 2010 teni
681 1956 750 2011 "'.
790 1975 808 2007 ι
842 1954 967 2010 Haec
1011 1955 1234 2026 quidem
1277 1955 1561 2026 prophetia
1599 1955 1668 2010 de
1713 1970 1779 2011 eo
1820 1956 2119 2012 secundum
2147 1994 2161 2007 .

554 2046 879 2103 Hebraicum
905 2048 1047 2104 sicut
1090 2050 1219 2102 ἐννᾶ
1246 2048 1525 2114 continet;
1553 2055 1887 2118 quapropter
1932 2047 2125 2117 adjici-

551 2145 639 2193 tur
668 2147 722 2194 et
758 2139 814 2193 in
846 2140 1059 2210 psalmo
1092 2138 1554 2210 quemadmodum
1588 2145 1642 2193 et
1684 2138 1740 2192 in
1771 2137 2080 2207 Evangeliis
2105 2176 2121 2202 ,

554 2250 573 2283 ι
610 2228 938 2286 Benedictus
967 2232 1059 2300 qui
1085 2230 1233 2285 venit
1260 2231 1315 2284 in
1350 2231 1571 2285 nomine
1598 2228 1813 2285 Domini
1838 2229 1906 2296 ⁸ο,
1931 2248 1950 2281 ›
1976 2229 2123 2299 quod

551 2322 771 2394 quidem
828 2322 961 2376 mihi
1011 2322 1324 2393 signiﬁcare
1363 2322 1582 2379 videtur
1612 2340 1625 2374 :
1657 2320 1819 2377 Salva
1845 2364 1860 2389 ,
1896 2321 2123 2378 benedi-

551 2423 693 2479 ctus,
735 2415 831 2486 qui
862 2415 1017 2471 venis
1066 2415 1121 2469 in
1161 2415 1382 2471 nomine
1415 2414 1649 2479 Domini,
1695 2414 1876 2471 Patris
1922 2422 1977 2471 et
2026 2414 2117 2470 Dei

550 2524 814 2565 omnium.

2224 1961 2359 2033 πρὸς
2399 1960 2687 2031 ἀλλήλους’
2733 1960 2824 2032 Μὴ
2852 1959 3125 2030 σχίσωμεν
3162 1957 3324 2011 αὐτὸν
3344 1999 3359 2023 ,
3390 1954 3526 2010 ἀλλὰ
3549 1955 3815 2026 λάχωμεν

2224 2053 2350 2123 περὶ
2380 2052 2543 2105 αὐτοῦ
2565 2094 2579 2113 ,
2602 2051 2745 2115 τίνος
2766 2052 2947 2105 ἔσται’
2975 2072 2993 2103 ι
3022 2045 3104 2114 οἷς
3126 2049 3378 2121 ἐπιφέρει
3397 2048 3569 2117 λέγων
3594 2049 3624 2101 6
3645 2048 3815 2115 εὐαγ-

2222 2144 2501 2216 γελιστὴς,
2541 2163 2561 2196 ε
2587 2146 2703 2198 Ἵνα
2732 2147 2765 2215 ἡ
2794 2143 2984 2215 Γραφὴ
3015 2141 3302 2214 πληρωθῇ,
3330 2140 3391 2194 τό
3420 2139 3814 2211 Διεμερίσαντο

2225 2235 2293 2289 τά
2318 2236 2505 2307 ἱμάτιά
2531 2254 2631 2307 μου
2653 2237 2882 2298 ἑαυτοῖς,
2906 2236 2998 2289 καὶ
3019 2234 3110 2288 ἐπὶ
3130 2233 3220 2287 τὸν
3243 2233 3533 2305 ἱματισμόν
3560 2250 3663 2303 μου
3686 2231 3812 2284 ἔϐα-

2225 2327 2316 2381 λον
2349 2327 2569 2399 κλῆρον.
2592 2348 2609 2379 ι
2640 2328 2748 2381 Καὶ
2768 2326 2937 2381 ταῦτα
2962 2326 3025 2397 (Γ.
3051 2322 3141 2396 23)
3168 2326 3265 2397 μὲν
3289 2327 3322 2395 ἡ
3354 2324 3657 2396 προφητεία
3679 2324 3813 2394 περὶ

2229 2418 2392 2473 αὐτοῦ
2412 2419 2472 2473 τὸ
2507 2420 2789 2493 Έϐραῖκδν
2818 2421 2948 2474 ὡσεὶ
2972 2416 3118 2474 ἐν’νᾶ
3145 2417 3405 2490 περιέχει·
3430 2409 3474 2484 ᾧ
3499 2414 3812 2479 ἀκολούθως

2229 2510 2546 2582 ἐπιφέρεται
2587 2512 2679 2566 καὶ
2716 2514 2772 2566 ἐν
2813 2512 2891 2585 τῷ
2931 2510 3129 2582 ψαλμῷ
3161 2508 3350 2582 ὥσπερ
3381 2509 3443 2580 δὴ
3481 2509 3575 2561 καὶ
3605 2508 3664 2561 ἐν
3693 2510 3811 2571 τοῖς

552 2598 923 2671 Εὐαγγελίοις,
956 2603 1018 2656 τὸ
1052 2622 1071 2654 ι
1108 2603 1485 2675 Εὐλογημένος
1541 2607 1570 2658 6
1610 2603 1902 2676 ἐρχόμενος
1940 2603 1997 2656 ἐν
2060 2600 2283 2673 ὀνόματι
2317 2603 2523 2675 Κυρίου
2546 2622 2558 2634 ·
2596 2624 2614 2656 ι
2657 2606 2795 2676 ὅπερ
2824 2604 3074 2660 ,τοιοῦτόν
3114 2605 3166 2658 τί
3203 2621 3292 2676 μοι
3348 2603 3539 2675 δηλοῦν
3599 2603 3808 2657 ἔοικεν’

552 2692 730 2749 Σῶσον
751 2696 836 2767 δὴ,
862 2695 1241 2769 εὐλογημένος,
1265 2699 1293 2751 6
1312 2695 1601 2769 ἐρχόμενος
1621 2699 1677 2751 ἐν
1695 2698 1917 2769 ὀνόματι
1942 2695 2166 2768 Κυρίου,
2206 2695 2298 2751 τοῦ
2331 2697 2543 2768 Πατρὸς
2570 2700 2663 2752 καὶ
2682 2697 2815 2751 Θεοῦ
2849 2697 2955 2752 τῶν
2981 2698 3136 2753 ὅλων.

1133 2787 1363 2845 CAPUT
1396 2789 1536 2846 XIV.

798 2878 846 2932 Ε
862 2880 1068 2949 psalmo
1100 2880 1380 2935 centesimo
1411 2882 1676 2936 tricesimo
1705 2884 1895 2952 primo.

630 2984 648 3011 σ
688 2965 901 3022 Juravit
930 2967 1192 3026 Dominus
1224 2969 1391 3026 David
1435 2972 1738 3039 veritatem,
1764 2982 1818 3029 et
1855 2990 1965 3030 non
2003 2976 2090 3033 fru

553 3057 823 3113 strabitur
855 3074 978 3114 eum
1012 3079 1023 3114 :
1058 3060 1126 3116 de
1161 3061 1341 3117 fructu
1370 3064 1577 3119 ventris
1604 3065 1683 3119 tui
1728 3081 1925 3136 ponam
1962 3086 2131 3143 super

2754 2792 3146 2846 ΚΕΦΑΛΑῘΟΝ
3180 2792 3287 2845 IA'.

2800 2883 3049 2955 Ψαλμοῦ
3079 2888 3241 2952 ρλα¹.

2309 2995 2326 3026 ι
2351 2976 2551 3047 Ὠμοσε
2573 2976 2776 3050 Κύριος
2798 2976 2874 3047 τῷ
2893 2975 3054 3028 Δαυῒδ
3078 2974 3355 3045 ἀλήθειαν,
3381 2973 3473 3027 καὶ
3500 2972 3562 3026 οὐ
3587 2972 3662 3044 μὴ
3683 2971 3808 3025 άθε-

2228 3069 2384 3139 τήσει
2404 3068 2586 3134 αὐτὸν,
2621 3069 2715 3122 Ἐκ
2744 3068 2960 3140 καρποῦ
2981 3068 3079 3138 τῆς
3101 3065 3309 3129 κοιλίας
3337 3082 3431 3119 σου
3455 3063 3691 3137 θήσομαι
3714 3064 3809 3116 ἐπὶ

556 3150 743 3206 sedem
801 3161 949 3207 tuam
968 3153 1035 3209 “.
1076 3174 1094 3207 ι
1148 3154 1213 3209 Et
1266 3170 1515 3212 rursus:
1561 3177 1579 3210 ι
1636 3156 1771 3216 illuc
1821 3164 2122 3232 producam

2230 3160 2319 3212 τὸν
2348 3158 2535 3231 θρόνον
2564 3178 2709 3214 σου.»
2742 3161 2850 3214 Kal
2880 3159 3060 3223 πάλιν,
3093 3179 3111 3212 ι
3135 3158 3284 3212 Ἐκεῖ
3310 3156 3612 3222 ἐξανατελῶ
3640 3156 3809 3228 κέρας

555 3254 729 3295 cornu
781 3239 974 3308 David,
1017 3245 1205 3314 paravi
1259 3246 1536 3302 lucernam
1570 3248 1794 3307 Christo
1830 3270 1970 3313 meo.
2015 3257 2127 3313 lni-

2230 3248 2309 3321 τῷ
2334 3224 2518 3313 Δαυῒδ,
2551 3248 2818 3321 ἡτοίμασα
2840 3249 3030 3320 λύχνον
3056 3248 3133 3321 τῷ
3159 3247 3379 3320 Χριστῷ
3411 3264 3531 3319 μου.
3560 3224 3809 3317 Τοὺς-ἐχο

556 3335 730 3390 micos
757 3334 876 3405 ejus
906 3337 1128 3392 induam
1160 3337 1480 3396 confusione
1506 3360 1518 3396 :
1552 3357 1716 3413 super
1740 3345 1919 3416 ipsum
1946 3357 2126 3406 autem

557 3423 822 3481 elliorebit
853 3427 1214 3483 sanctiﬁcatio
1246 3444 1367 3485 mea
1386 3430 1594 3486 ".illic
1619 3434 1907 3491 manifeste
1937 3437 2127 3495 Davidi

559 3531 683 3570 cum
713 3516 1073 3587 jurejurando
1102 3535 1131 3573 a
1160 3518 1270 3575 Deo
1290 3521 1581 3589 promissio
1603 3522 1670 3577 de
1697 3522 1917 3580 Christo
1944 3527 2127 3596 datur,

559 3610 717 3679 quasi
756 3626 787 3665 e
814 3611 1024 3667 semine
1065 3612 1186 3681 ejus
1235 3613 1541 3681 nascituro,
1585 3616 1816 3688 ejusque
1868 3619 2126 3675 thronum

558 3713 949 3757 conscensuro.
978 3703 1201 3757 Multam
1253 3703 1341 3758 hic
1373 3705 1528 3761 locus
1566 3708 2000 3777 explanationem
2034 3712 2130 3769 de-

561 3788 847 3853 sideraret,
889 3806 1013 3844 cum
1064 3807 1173 3846 non
1205 3792 1454 3848 videatur
1480 3797 1844 3866 corporaliter
1873 3798 2129 3858 Christus

562 3894 727 3949 super
756 3878 980 3936 Davidis
1010 3882 1208 3937 solium
1241 3883 1473 3953 ejusque
1499 3900 1726 3956 regnum
1760 3888 2078 3946 consedisse
2112 3908 2127 3957 ;

560 3971 709 4041 quod
739 3986 868 4027 vero
913 3973 1334 4043 praeteribimus,
1375 3990 1499 4030 cum
1548 3992 1577 4030 a
1617 3979 1899 4049 proposito
1940 3991 2131 4037 nostro

565 4064 800 4119 alienum
840 4064 913 4120 sit
970 4064 1134 4135 hujus
1181 4066 1377 4136 psalmi
1431 4067 1868 4140 interpretationi
1913 4087 2128 4129 vacare.

562 4159 866 4218 Prudenter
906 4162 1051 4217 enim
1110 4177 1333 4219 necesse
1378 4172 1463 4219 est
1503 4180 1614 4220 non
1674 4181 1786 4221 uno
1837 4164 2132 4238 Scriptura:

560 4254 706 4317 loco,
751 4252 798 4306 si
830 4266 937 4307 non
963 4252 1138 4322 possit
1166 4254 1437 4323 corporali
1467 4269 1633 4310 sensu
1661 4254 1880 4311 Christo
1915 4272 2133 4313 accom-

562 4345 795 4409 modari,
845 4360 968 4415 quae
1032 4345 1220 4402 multis
1254 4346 1390 4401 locis
1450 4348 1735 4404 manifeste
1767 4348 1835 4404 de
1873 4365 1940 4405 eo
1985 4350 2131 4405 dicta

563 4446 695 4494 sunt
735 4440 983 4509 rejicere.
1023 4436 1311 4493 Sincerum
1352 4439 1517 4510 igitur
1562 4440 1788 4496 verbum
1817 4450 2128 4513 sequentes,

561 4538 617 4587 et
648 4531 753 4600 ipsi
794 4532 991 4587 divina:
1025 4532 1243 4587 innixos
1298 4530 1616 4603 Scriptura,
1647 4535 1929 4591 attendere
1955 4536 2128 4597 decet,

562 4621 710 4693 quod
728 4620 929 4676 alicubi
948 4622 1126 4692 ipsum
1151 4621 1461 4677 mendicum
1476 4623 1786 4693 quemdam,
1806 4632 1860 4678 et
1880 4624 2062 4690 vilem,
2082 4635 2136 4680 et

562 4714 876 4785 ignobilem,
896 4730 1072 4786 neque
1095 4716 1329 4785 speciem
1353 4716 1644 4771 habentem
1667 4732 1841 4787 neque
1855 4717 2131 4782 decorem,

562 4815 854 4863 venturum
880 4824 1004 4864 esse
1028 4810 1381 4879 prmnuntiat,
1397 4809 1535 4864 alias
1555 4825 1687 4866 vero
1711 4825 1891 4881 regem
1914 4811 2134 4881 conspi-

563 4916 727 4955 cuum
753 4899 1033 4971 praedicat.
1070 4900 1313 4967 Quorum
1342 4901 1587 4972 quaedam
1611 4902 1829 4971 quidem
1860 4910 1913 4958 et
1940 4917 2136 4974 corpo-

562 4994 752 5049 raliter
768 4993 988 5064 impleta
1005 5007 1127 5050 esse
1140 4992 1645 5063 possunt,quzedam
1667 5007 1819 5058 vero,
1836 4993 2141 5047 solummo-

562 5085 631 5140 do
657 5084 961 5141 secundum
983 5082 1325 5152 spiritualem
1347 5079 1645 5152 Scriptura:
1680 5098 1924 5147 sensum,
1958 5083 2015 5137 in
2047 5098 2133 5138 se-

562 5178 743 5234 cundo
774 5178 895 5248 ejus
930 5176 1166 5231 adventu
1196 5174 1472 5245 implenda
1496 5174 1942 5230 existimandum.
1988 5177 2139 5228 Atta-

562 5288 689 5327 men
720 5287 814 5328 rex
851 5269 1169 5326 Iudaeorum
1202 5277 1430 5323 vocatus
1465 5275 1549 5323 est
1579 5265 1844 5324 Dominus
1869 5279 2055 5325 noster
2079 5268 2135 5322 in

564 5366 741 5435 primo
777 5364 897 5434 ejus
936 5363 1195 5426 adventu,
1232 5376 1344 5415 non
1374 5368 1434 5415 ut
1477 5360 1679 5415 factum
1727 5369 1821 5416 est
1844 5360 2019 5416 Pilato
2042 5361 2134 5435 ju-_-

561 5459 726 5514 bente
754 5457 907 5512 cruci
936 5455 1059 5526 ejus
1090 5453 1319 5516 Graecis.
1351 5452 1617 5509 Romanis
1648 5461 1701 5509 et
1729 5452 2014 5509 Hebraicis
2047 5453 2137 5509 lito

562 5550 698 5604 teris
724 5548 949 5603 inscribi
975 5564 988 5600 :
1024 5545 1124 5601 Hic
1162 5555 1241 5601 est
1270 5561 1363 5600 rex
1384 5544 1695 5600 Judworum
1714 5546 1776 5597 ⁸³.

2233 3337 2395 3412 θρούς
2427 3357 2520 3393 σου
2554 3338 2757 3393 ἐνδύσω
2788 3339 3083 3411 αἰσχύνην,
3119 3340 3212 3392 ἐπὶ
3237 3338 3293 3392 δὲ
3322 3338 3484 3393 αὐτὸν
3521 3336 3808 3409 ἐξανθήσει

2231 3430 2292 3484 τὸ
2321 3432 2567 3503 ἁγίασμά
2598 3449 2720 3504 μου.
2748 3451 2766 3483 ι
2794 3432 2903 3486 Καὶ
2922 3430 3152 3485 ἐνταῦθα
3182 3429 3366 3501 σαφῶς
3392 3428 3469 3502 τῷ
3496 3427 3661 3482 Δαυῒδ
3686 3428 3807 3500 μεθ’

2233 3523 2396 3592 ὅρκου
2428 3522 2533 3576 ὑπὸ
2560 3521 2653 3576 τοῦ
2683 3521 2817 3576 Θεοῦ
2848 3520 3147 3591 ἐπαγγελία
3186 3522 3315 3593 περὶ
3344 3519 3439 3573 τοῦ
3465 3517 3701 3591 Χριστοῦ
3731 3517 3809 3571 δίο

2233 3612 2414 3676 δοται,
2444 3612 2520 3677 ὡς
2553 3613 2618 3667 ἂν
2651 3614 2715 3666 ὲκ
2739 3611 3050 3683 σπέρματος
3073 3607 3233 3663 αὐτοῦ
3258 3605 3648 3679 γενηθήσεσθαι
3682 3603 3808 3674 μέλ-

2232 3704 2413 3769 λοντος
2433 3745 2447 3768 ,
2483 3706 2578 3760 καὶ
2606 3704 2925 3770 καθέξοντος
2952 3702 3114 3757 αὐτοῦ
3148 3702 3238 3756 τὸν
3265 3700 3469 3772 θρόνον.
3524 3696 3730 3770 Πολλῆς
3762 3696 3807 3751 δ’

2234 3797 2531 3863 ἐξετάσεως
2570 3798 2758 3870 χρῄζοι
2798 3797 2863 3852 ἂν
2891 3798 2958 3851 τὰ
2990 3796 3127 3850 κατὰ
3162 3795 3287 3857 τοὺς
3318 3794 3514 3856 τόπους
3533 3833 3548 3856 ,
3579 3791 3701 3846 ἐπεὶ
3730 3791 3808 3863 μὴ

2231 3889 2362 3961 δοκῇ
2397 3888 2723 3960 σωματικῶς
2753 3889 2782 3941 6
2808 3887 3040 3960 Χριστὸς
3071 3885 3162 3939 ἐπὶ
3189 3884 3279 3938 τὸν
3314 3883 3500 3955 θρόνον
3522 3882 3614 3937 τοῦ
3643 3880 3807 3935 Δαυῒδ

2235 3983 2328 4035 καὶ
2357 3982 2457 4053 τὴν
2484 3979 2759 4052 βασιλείαν
2780 3977 2943 4033 αὐτοῦ
2970 3976 3317 4032 κεκαθικέναι
3338 4017 3353 4040 ,
3387 3975 3423 4030 δ.
3452 3972 3546 4030 καὶ
3571 3975 3807 4047 ὑπερθη-

2236 4073 2439 4144 σόμεθα
2477 4073 2565 4127 διὰ
2601 4071 2663 4126 τὸ
2702 4072 2777 4143 μὴ
2815 4070 2916 4141 τῆς
2953 4068 3235 4143 παρούσης
3263 4066 3402 4123 εἶναι
3430 4066 3805 4140 πραγματείας

2236 4166 2386 4239 παρὰ
2417 4167 2508 4220 τὸν
2553 4165 2912 4237 προκείμενον
2944 4162 3144 4217 σκοπὸν
3177 4160 3523 4234 κατατρίϐειν
3552 4160 3652 4219 τὴν
3682 4175 3806 4229 σχο-

2235 4255 2333 4327 λὴν
2366 4256 2458 4308 ἐπὶ
2481 4248 2579 4326 τῆν
2603 4252 2699 4307 τοῦ
2724 4251 2938 4323 ψαλμοῦ
2964 4251 3213 4329 διήγησιν
3231 4269 3245 4284 ·
3272 4250 3626 4321 εὐγνωμόνως
3645 4248 3705 4303 δέ
3724 4266 3805 4304 τοι

2235 4348 2340 4421 χρὴ
2378 4348 2450 4419 μὴ
2480 4347 2589 4402 ἀπὸ
2619 4348 2746 4418 μιᾶς
2771 4346 3024 4418 Γραφῆς,
3053 4346 3101 4399 εί
3129 4344 3203 4417 μὴ
3235 4343 3322 4415 εἴη
3355 4343 3551 4415 δυνατὴ
3577 4342 3717 4396 κατὰ
3744 4343 3805 4396 τὸ

2238 4439 2545 4511 σωματικὸν
2565 4438 2893 4511 ἐφαρμόζειν
2907 4436 2985 4508 τῷ
3008 4435 3224 4509 Χριστῷ
3241 4479 3255 4501 ,
3273 4436 3340 4490 τὰ
3361 4434 3598 4507 πολλαχῆ
3621 4434 3804 4504 σαφῶς

2168 4568 2210 4623 D
2239 4533 2367 4605 περὶ
2409 4532 2571 4586 αὐτοῦ
2609 4530 2891 4623 εἰρημένα,
2911 4527 3348 4623 παρακρούεσθαι
3368 4544 3383 4560 ·
3417 4527 3714 4623 ἑπομένους
3742 4542 3805 4595 γε

2242 4626 2347 4696 μὴν
2388 4623 2579 4694 ἀληθεῖ
2610 4623 2781 4693 λόγῳ,
2817 4622 2908 4676 καὶ
2941 4623 3077 4693 αὐτῇ
3118 4624 3184 4693 τῇ
3220 4620 3340 4693 θείᾳ
3377 4618 3803 4693 παρισταμένους

2239 4719 2426 4790 Γραφῇ
2448 4756 2462 4779 ,
2486 4715 2765 4786 ἐφίσταναι
2789 4714 3054 4785 προσήκει
3078 4754 3092 4777 ,
3114 4712 3172 4777 ὃς
3201 4712 3331 4766 ποτὲ
3356 4714 3453 4784 μὲν
3471 4711 3631 4764 αὐτὸν
3658 4728 3802 4765 πτω-

2240 4809 2333 4880 χόν
2364 4825 2486 4862 τινα
2513 4808 2606 4861 καὶ
2632 4806 2823 4878 εὐτελῆ
2852 4807 2945 4860 καὶ
2975 4805 3187 4876 ἄτιμον,
3209 4805 3283 4878 μὴ
3310 4804 3502 4875 ἔχοντα
3526 4799 3665 4868 εἶδος
3696 4820 3796 4875 μη-

2239 4902 2296 4955 δὲ
2324 4901 2516 4964 κάλλος
2535 4940 2549 4962 ,
2573 4898 2887 4953 ἐλεύσεσθαι
2917 4897 3264 4971 προξρητεύει,
3295 4896 3479 4952 ἄλλοτε
3504 4896 3561 4950 δὲ
3587 4895 3803 4966 βασιλέα

2242 4993 2456 5065 ἔντιμον
2482 4992 2643 5047 αὐτόν
2672 5008 2863 5061 φησιν’
2891 4985 2965 5045 ὧν
2987 4990 3058 5043 τὰ
3089 4991 3187 5060 μὲν
3213 4990 3306 5044 καὶ
3330 4987 3654 5060 σωματικῶς
3676 4988 3801 5041 ἀπο-

2244 5083 2631 5157 πεπληρῶσθαι
2658 5081 2899 5145 δύναται,
2931 5081 3000 5136 τὰ
3016 5081 3071 5135 δὲ
3100 5080 3240 5135 κατὰ
3266 5079 3425 5151 μόνον
3451 5078 3543 5132 τὸν
3568 5095 3794 5149 πνευμα-

2242 5177 2392 5231 τικὸν
2436 5176 2534 5247 τῆς
2571 5174 2791 5245 Γραφῆς
2833 5172 2990 5237 νοῦν,
3041 5172 3142 5242 ῆδη
3183 5170 3240 5225 δέ
3268 5187 3387 5224 τινα
3420 5170 3513 5224 καὶ
3542 5168 3681 5223 κατὰ
3709 5171 3802 5240 τὴν

2240 5268 2497 5339 δευτέραν
2545 5263 2707 5320 αὐτοῦ
2755 5262 3054 5334 παρουσίαν
3098 5257 3546 5332 πληρωθήσεσθαι
3582 5258 3799 5329 προσδο-

2244 5356 2455 5427 κητέον.
2496 5354 2640 5424 Πλὴν
2672 5354 2767 5406 καὶ
2797 5350 3047 5423 βασιλεὺς
3090 5350 3360 5403 Ἰουδαίων
3388 5349 3752 5420 ἐχρημάτισεν
3775 5351 3803 5401 6

2241 5450 2445 5521 Κύριος
2464 5449 2620 5520 ἡμῶν
2651 5446 2792 5501 κατὰ
2813 5446 2912 5517 τὴν
2939 5445 3159 5517 πρώτην
3182 5442 3344 5498 αὐτοῦ
3373 5441 3691 5514 παρουσίαν,
3713 5442 3801 5510 οὐχ

2240 5541 2315 5604 ὡς
2338 5540 2492 5610 ἔτυχε
2512 5557 2606 5593 του
2629 5538 2860 5593 Πιλάτου
2883 5535 3237 5599 κελεύσαντος
3259 5533 3629 5606 ἐπιγραφῆναι
3646 5532 3802 5587 αὐτοῦ

559 5643 640 5715 τῷ
661 5640 878 5713 σταυρῷ
899 5639 1221 5710 γράμμασιν
1250 5637 1576 5709 Ἑλληνικοῖς
1591 5637 1685 5693 καὶ
1713 5638 2040 5709 Ῥωμαϊκοῖς
2061 5637 2153 5692 καὶ
2168 5634 2473 5707 Ἑϐραϊκοῖς
2495 5633 2574 5696 τὸ,
2588 5628 2775 5698 Οὗτός
2792 5632 2962 5685 ἐστιν
2984 5628 3324 5695 όβασιλεὺς
3337 5626 3469 5702 τῶν,
3483 5624 3799 5682 Ἰουδαίων-

531 5752 537 5773 ²
632 5762 676 5794 ⁷⁷
718 5760 861 5817 Psal.
894 5774 1007 5828 xxi,
1034 5757 1121 5812 19.
1197 5757 1242 5787 ⁷⁸
1279 5754 1436 5828 Joan,
1476 5774 1589 5825 xix,
1625 5757 1716 5828 9.3,
1746 5758 1839 5816 24.
1914 5760 1957 5793 ⁷⁸
2001 5756 2133 5812 ibid.
2161 5754 2250 5811 24.

566 5832 649 5898 l7,
692 5832 778 5889 18.
853 5830 897 5863 ⁸³
938 5827 1127 5883 Matth.
1165 5842 1348 5890 nm,
1384 5826 1473 5883 57.

2330 5755 2375 5787 ⁸ο
2409 5753 2597 5809 Matth.
2631 5769 2720 5807 χχι
2777 5752 2830 5807 9.
2942 5752 2982 5783 ⁸⁸
3023 5748 3165 5806 Psal.
3203 5763 3388 5816 cxxxl,
3430 5747 3514 5803 ll.
3592 5748 3636 5777 ⁸⁸
3678 5744 3800 5799 ibid.
