4114 6472
398 342 536 399 1113

919 465 1312 521 ΚΕΦΔΛΔΙΟΝ
1350 467 1452 525 ΙΕ’.

965 577 1216 649 Ψαλμοῦ
1242 576 1400 650 ρμιί.

466 665 576 720 Καὶ
607 665 667 720 τὸ
700 665 886 721 ἐνθάδε
936 668 1227 740 λεγόμενον
1249 709 1264 732 ,
1297 690 1316 723 ι
1365 672 1495 743 Ἐμέ
1534 671 1859 745 ὑπομενοῦσι
1907 676 1975 729 δί-

398 775 540 827 καιοι
565 758 669 823 ἕως
708 754 769 814 οὗ
808 760 1123 846 ἀνταποδῷς
1153 778 1264 832 μοι,
1306 781 1324 814 ι
1360 762 1534 816 ἔοικεν
1574 764 1637 817 ἐκ
1681 763 1972 835 προσώπου

398 847 644 916 λέγεσθαι
684 849 778 904 τοῦ
810 850 1078 923 Σωτῆρος
1126 850 1247 905 τίνα
1297 850 1405 924 γὰρ
1443 852 1599 907 ἄλλον
1647 855 1973 926 ὑπομενοῦσι

397 941 591 996 δίκαιοι
635 942 739 1006 ἕως
787 934 847 996 οῦ
889 942 1168 1014 ἀνταποδῷ
1213 943 1362 1016 αὐτῷ
1405 944 1434 996 ὁ
1478 944 1627 1010 Θεὸς,
1664 945 1696 1016 ἢ
1747 946 1970 1015 τοῦτον;

404 1027 561 1086 Ἐπεὶ
593 1033 775 1098 καθὼς
805 1035 1022 1106 εἴρηταί
1072 1052 1174 1089 που
1215 1036 1341 1108 περὶ
1383 1036 1490 1090 τῶν
1524 1037 1689 1091 πάλαι
1727 1037 1971 1104 δικαίων,

396 1125 470 1189 ὡς
500 1126 608 1198 ἄρα
645 1145 663 1177 t
703 1126 1156 1199 Μαρτυρηθέντες
1186 1128 1285 1181 οὐκ
1328 1128 1651 1199 ἐκομίσαντο
1678 1130 1776 1193 τὰς
1805 1134 1975 1203 ἐπαγ-

401 1218 601 1288 γελίας,
627 1216 722 1271 τοῦ
749 1216 884 1271 Θεοῦ
917 1217 1163 1290 κρεῖττόν
1182 1236 1234 1272 τι
1270 1219 1395 1290 περὶ
1422 1219 1578 1291 ἡμῶν
1602 1220 1977 1293 προϐλεψαμέ-

397 1325 485 1362 νου
512 1309 598 1362 ἵνα
633 1309 707 1379 μὴ
750 1309 917 1380 χωρὶς
955 1308 1112 1380 ἡμῶν
1154 1309 1531 1365 τελειωθῶσιν.
1574 1332 1593 1363 ι
1621 1312 1791 1383 Δῆλον
1820 1313 1863 1367 δ’
1891 1314 1973 1367 ὅτι

396 1401 557 1454 αὐτὸν
584 1402 684 1471 ὁρᾷ
719 1400 780 1454 τὸ
825 1400 986 1474 ῥητὸν
1011 1401 1119 1455 ἀπὸ
1143 1400 1236 1455 τοῦ
1282 1403 1375 1455 καὶ
1415 1403 1485 1455 τὰ
1518 1404 1658 1457 κατά
1698 1404 1761 1457 τὸ
1803 1404 1974 1469 πάθος

395 1491 559 1545 αὑτοῦ
594 1493 652 1545 ἐν
686 1490 763 1563 τῷ
790 1491 992 1564 ψαλμῷ
1044 1492 1354 1558 ἀκολούθως
1378 1495 1495 1557 ταῖς
1539 1494 1727 1559 ἄλλαις
1759 1512 1971 1567 προφη-

397 1586 563 1648 τείαις
614 1584 1115 1659 προσημαίνεσθαι’
1178 1587 1486 1658 γέγραπται
1510 1586 1662 1656 γοῦν,
1700 1607 1719 1639 σ
1770 1589 1972 1659 Ἐκχεῶ

396 1675 625 1732 ἐνώπιον
664 1676 826 1731 αὑτοῦ
860 1677 956 1750 τὴν
1008 1677 1189 1750 δέησίν
1225 1696 1345 1750 μου,
1381 1679 1479 1750 τὴν
1517 1678 1694 1749 θλίψιν
1739 1696 1839 1751 μου
1888 1682 1971 1733 ἐν-

395 1767 565 1823 ώπιον
590 1767 752 1822 αὑτοῦ
774 1769 1088 1838 ἀπαγγελῶ.
1123 1770 1210 1823 Ἐν
1237 1769 1313 1841 τῷ
1339 1770 1608 1823 ἐκλείπειν
1651 1769 1709 1836 ἐξ
1749 1771 1883 1842 ἐμοῦ
1907 1772 1970 1825 τὸ

395 1861 613 1933 πνεῦμά
646 1880 768 1933 μου,
801 1862 894 1915 καὶ
935 1862 999 1914 σὺ
1030 1861 1201 1931 ἔγνως
1232 1863 1329 1928 τὰς
1359 1862 1578 1935 τρίϐους
1612 1881 1711 1934 μου
1733 1881 1746 1894 ·
1773 1866 1828 1917 ἐν
1868 1864 1972 1935 ὁδῷ

400 1952 589 2025 ταύτῃ,
632 1946 666 2027 ᾖ
711 1953 1074 2025 ἐπορευόμην,
1122 1951 1364 2025 ἔκρυψαν
1410 1954 1612 2023 παγίδα
1664 1970 1788 2025 μοι·
1822 1975 1839 2007 ι
1879 1955 1972 2008 καὶ

400 2049 576 2114 πάλιν,
601 2069 619 2101 ι
649 2050 837 2104 Ῥῦσαί
857 2068 922 2123 με
939 2052 1003 2104 ἐκ
1023 2051 1130 2104 τῶν
1150 2052 1590 2106 καταδιιηκόντων
1614 2071 1700 2123 με.
1722 2053 1781 2117 (1⁵.
1807 2054 1878 2108 2'5
1896 2058 1969 2124 v°)

393 2144 474 2196 ὅτι
527 2143 974 2216 ἐκραταιὼθησαν
1028 2144 1167 2217 ὑπὲρ
1224 2146 1344 2217 ἐμέ.
1388 2165 1406 2197 ι
1440 2146 1663 2210 Τούτοις
1708 2148 1835 2219 ἑξῆς
1876 2148 1972 2201 καὶ

393 2230 524 2306 περὶ
564 2234 664 2305 τῆς
714 2237 777 2289 ἐκ
819 2237 1027 2310 νεκρῶν
1072 2238 1419 2303 ἀναστάσεως
1469 2240 1633 2292 αὐτοῦ
1682 2241 1973 2311 εὐχόμενός

393 2342 579 2397 φησιν’
610 2344 628 2377 ι
673 2324 933 2395 Ἐξάγαγε
966 2328 1029 2379 ἐκ
1072 2327 1317 2398 φυλακῆς
1366 2327 1464 2398 τὴν
1497 2326 1674 2398 ψυχήν
1723 2345 1842 2399 μου,
1877 2327 1969 2381 τοῦ

394 2416 885 2489 ἐξομολογήσασθαι
915 2416 993 2489 τῷ
1021 2418 1243 2489 ὀνόματί
1278 2435 1370 2472 σου
1396 2435 1410 2448 ·
1452 2438 1471 2470 ι
1507 2414 1589 2482 οἷς
1621 2419 1869 2491 ἐπιφέρει
1888 2420 1967 2485 τὸ,

397 2526 421 2562 ι
466 2508 602 2578 Ἐμὲ
660 2507 988 2579 ὑπομένουσι
1029 2507 1224 2561 δίκαιοι
1270 2507 1373 2572 ἕως
1427 2507 1740 2579 ἀνταποδῷς
1798 2526 1907 2580 μοι.
1946 2527 1964 2560 ι

404 2600 735 2672 ’Υπέμειναν
784 2595 876 2653 οῦν
908 2599 999 2653 τὸν
1043 2599 1274 2670 Χριστὸν
1325 2599 1521 2664 πάντες
1566 2602 1761 2655 ἐκεῖνοι
1799 2603 1846 2655 οί
1889 2600 1965 2654 δί-

395 2710 540 2746 ⁴ιιαιοι
600 2692 705 2757 ἓως
756 2686 817 2746 οῦ
870 2690 1151 2763 ἀνταποδῷ
1210 2691 1359 2762 αὐτῴ
1400 2693 1429 2745 ό
1473 2693 1694 2764 Πατὴρ,
1739 2692 1854 2746 ἀνθ’
1896 2686 1970 2749 ὧν

399 2806 417 2837 ι
452 2787 715 2840 ἐκένωσεν
765 2785 975 2848 ἐαυτὸν,
1005 2786 1245 2858 ὑπήκοος
1287 2784 1434 2855 αὑτῷ
1479 2786 1768 2857 γενόμενος
1812 2787 1970 2859 μέχρι

394 2879 645 2933 θανάτου.
690 2898 710 2931 ι
735 2879 868 2931 Τίνα
900 2877 955 2930 δὲ
976 2877 1257 2949 ἀνταποδῷ
1288 2876 1495 2949 αὐτῷἢ
1536 2897 1554 2929 ι
1585 2878 1652 2931 τά
1683 2878 1809 2950 ἔθνη
1842 2878 1971 2950 κλη-

396 2969 669 3041 ρονομίαν,
712 2969 803 3022 καὶ
833 2970 933 3039 τὴν
964 2970 1288 3041 κατάσχεσιν
1321 2968 1484 3024 αὑτοῦ
1528 2967 1597 3023 τὰ
1625 2969 1837 3041 πέρατα
1869 2972 1970 3043 τῆς

394 3064 523 3134 γῆς·
567 3079 586 3113 ι
617 3062 684 3116 ἵν’
712 3063 839 3117 ὅταν
865 3061 926 3115 τὸ
953 3061 1225 3152 πλήρωμα
1250 3060 1358 3116 τῶν
1386 3061 1555 3115 ἐθνῶν
1578 3060 1813 3136 εἰσέλθῃ,
1846 3063 1969 3116 τότε

1411 342 1703 402 Εοιοοᾱι
1743 344 2225 405 ΡΒΟΡΗΕΤΙΟΕ.
2269 381 2340 391 —-
2376 349 2507 408 LIB.
2543 351 2611 407 ll.

3506 356 3646 408 HM

2669 432 2898 526 CAPUT
2927 468 3042 526 xv.

2238 584 2286 639 Ε
2316 584 2523 656 psalmo
2552 585 2833 640 centesimo
2861 582 3269 655 quadragesimo
3297 581 3489 651 primo.

2144 675 2277 744 Quae
2311 676 2399 731 hic
2427 676 2685 731 dicuntur
2715 691 2729 728 :
2770 694 2789 727 ι
2826 674 2911 731 Me
2943 682 3261 745 exspectant
3284 673 3443 744 justi,
3473 671 3646 728 donec

2073 767 2348 823 retribuas
2383 767 2617 822 mihi":
2654 787 2671 818 ι
2708 767 2774 822 de
2809 765 3109 823 Salvatoris
3156 778 3391 837 persona
3428 763 3538 818 dici
3563 763 3649 818 vi-

2074 860 2290 915 dentur.
2322 857 2493 926 Quem
2529 860 2672 914 enim
2716 859 2884 913 alium
2920 859 3315 930 exspectabunt
3358 855 3518 927 justi,
3547 854 3648 910 do-

2072 970 2174 1010 nec
2204 953 2347 1010 Deus
2376 953 2642 1008 retribuat
2669 951 2742 1016 ei,
2771 951 2877 1007 nisi
2904 952 3050 1006 hunc
3087 950 3305 1022 ipsum?
3330 947 3484 1003 Sicut
3500 947 3645 1003 enim

2072 1045 2279 1100 dictum
2311 1054 2397 1100 est
2424 1044 2492 1099 de
2525 1044 2804 1114 prioribus
2848 1043 3043 1113 justis,
3083 1060 3102 1093 ‹
3142 1039 3208 1095 Et
3241 1041 3297 1095 lii
3329 1054 3519 1098 omnes
3566 1044 3649 1094 te-

2074 1139 2332 1196 stimonio
2360 1136 2483 1192 ﬁdei
2506 1136 2740 1208 probati,
2775 1150 2885 1189 non
2910 1143 3241 1204 acceperunt
3258 1129 3648 1203 repromissio-

2074 1248 2221 1295 nem,
2264 1230 2374 1286 Deo
2403 1245 2502 1301 pro
2546 1229 2705 1285 nobis
2738 1221 2934 1283 melius
2965 1225 3170 1297 aliquid
3218 1226 3554 1296 providente,
3586 1230 3646 1277 ut

2073 1340 2184 1380 non
2223 1324 2342 1380 sine
2383 1323 2543 1379 nobis
2593 1329 3114 1377 consummarentur
3136 1320 3205 1384 ⁸⁸,
3251 1338 3272 1371 r
3307 1326 3454 1389 patet
3498 1317 3642 1388 quod

2070 1432 2198 1472 eum
2232 1416 2437 1471 indicat
2469 1414 2715 1485 psalmus
2744 1427 2841 1483 per
2866 1411 3141 1482 passionis
3170 1417 3388 1481 tempus
3405 1417 3460 1466 et
3486 1410 3553 1464 ab
3579 1424 3645 1464 eo

2073 1517 2316 1579 tempore
2366 1507 2581 1563 ostendi
2636 1506 2891 1562 similiter
2948 1520 3012 1558 ac
3061 1503 3117 1557 in
3166 1502 3289 1556 aliis
3322 1500 3644 1572 prephetiis.

2076 1598 2355 1669 Scriptum
2402 1604 2487 1653 est
2516 1596 2724 1668 igitur:
2766 1612 2785 1645 ι
2822 1590 3056 1646 Eﬂ‘undo
3091 1590 3148 1644 in
3193 1596 3492 1658 conspectu
3528 1587 3647 1657 ejus

2073 1691 2378 1747 orationem
2426 1703 2628 1751 meam,
2660 1694 2710 1742 et
2745 1685 3151 1740 tribulationem
3197 1693 3373 1735 meam
3418 1685 3546 1732 ante
3574 1678 3648 1749 ip-

2074 1801 2194 1841 sum
2252 1783 2570 1856 pronuntio.
2637 1780 2695 1835 ln
2754 1776 3056 1834 deiicienda
3113 1790 3181 1829 ex
3244 1788 3332 1828 me
3392 1772 3647 1842 spiritum

2076 1892 2279 1945 meum,
2314 1884 2368 1931 et
2401 1885 2457 1930 tu
2508 1872 2813 1944 cognovisti
2857 1869 3080 1925 semitas
3126 1880 3296 1922 meas.
3332 1862 3389 1919 ln
3421 1863 3506 1919 via
3548 1864 3648 1918 hac

2075 1986 2181 2040 qua
2207 1967 2578 2029 ambulabam,
2624 1962 3035 2025 absconderant
3071 1961 3323 2029 laqueum
3366 1955 3590 2024 mihi“;
3622 1974 3642 2009 ι

2073 2070 2128 2117 et
2172 2076 2367 2116 rursus
2411 2080 2423 2114 :
2481 2078 2498 2109 ι
2545 2057 2737 2112 Libera
2785 2070 2872 2110 me
2922 2068 2952 2108 a
2995 2049 3453 2122 persequentibus
3497 2061 3585 2104 me
3618 2056 3643 2100 τ

2072 2152 2200 2222 quia
2230 2148 2523 2205 confer-tati
2556 2154 2684 2203 sunt
2714 2160 2881 2216 super
2913 2159 2999 2198 me
3014 2142 3079 2197 ⁸⁷.
3117 2162 3135 2194 ι
3162 2140 3293 2195 Post
3321 2140 3438 2195 haec
3466 2138 3646 2194 conti-
3730 2154 3735 2161 ί

2075 2258 2184 2298 nuo
2221 2242 2290 2298 de
2329 2256 2427 2296 sua
2458 2256 2488 2294 a
2536 2238 2767 2293 mortuis
2816 2234 3223 2291 resurrectione
3259 2246 3427 2287 orans
3455 2230 3587 2287 dicit
3628 2251 3643 2288 :

2078 2357 2097 2391 ‹
2143 2336 2294 2391 Educ
2324 2336 2392 2390 de
2421 2333 2671 2390 custodia
2705 2332 2941 2386 animam
2968 2343 3143 2384 meam
3175 2327 3244 2382 ad
3273 2326 3646 2382 confitendum

2072 2426 2282 2482 nomini
2312 2433 2409 2480 tuo
2442 2440 2456 2478 :
2483 2438 2569 2478 me
2617 2426 2938 2492 exspectant
2966 2418 3125 2489 justi,
3157 2417 3334 2473 donec
3368 2417 3651 2473 retribuas

2073 2517 2288 2572 mihi".
2317 2536 2335 2568 ι
2372 2514 2844 2585 Exspectaverunt
2873 2511 3040 2582 igitur
3065 2525 3259 2566 omnes
3299 2510 3352 2564 hi
3379 2508 3517 2579 justi
3546 2506 3647 2564 do-

2072 2622 2173 2663 nec
2200 2607 2250 2663 ei
2276 2606 2542 2664 retribuat
2568 2605 2748 2672 Pater,
2780 2620 2847 2661 eo
2865 2602 3011 2673 quod
3034 2620 3054 2655 ι
3094 2601 3415 2658 exinaniens
3448 2609 3641 2657 semet-

2072 2700 2272 2772 ipsum,
2343 2701 2606 2757 obediens
2668 2699 2719 2755 ei
2777 2697 2955 2753 factus
3008 2705 3093 2753 est
3151 2709 3326 2765 usque
3370 2692 3440 2749 ad
3495 2706 3646 2747 mor-

2072 2802 2180 2850 tem
2196 2794 2264 2852 ".
2304 2813 2323 2846 ι
2355 2792 2489 2862 Qum
2536 2809 2671 2851 vero
2708 2793 2974 2850 retribuet
3011 2791 3082 2857 ei,
3128 2790 3238 2845 nisi
3270 2807 3288 2841 ι
3320 2794 3513 2860 gentes
3536 2787 3644 2844 h2-

2071 2887 2378 2953 reditatem,
2410 2896 2464 2943 et
2488 2886 2870 2957 possessiones
2903 2884 3025 2954 ejus
3049 2882 3315 2938 terminos
3346 2888 3506 2936 terra:
3520 2879 3588 2947 ὀς
3622 2898 3640 2931 ι

2074 2985 2152 3043 ut,
2184 2992 2310 3033 cum
2339 2978 2740 3034 consummatio
2773 2976 3013 3049 gentium
3043 2975 3276 3039 eveniet,
3299 2980 3430 3027 tunc
3455 2979 3509 3028 et
3531 2986 3645 3026 om-

2072 3068 2158 3123 nis
2186 3068 2351 3124 Israel
2379 3070 2640 3133 salvetur,
2677 3068 2971 3139 omniaque
3000 3081 3123 3137 quae
3151 3066 3204 3120 in
3259 3066 3468 3136 psalmo
3498 3063 3644 3118 dicta

392 3156 485 3211 καὶ
514 3159 544 3210 ό
567 3158 675 3218 πᾶς
712 3153 924 3228 Ἰσραὴλ
958 3154 1123 3227 σωθῇ,
1154 3155 1248 3209 καὶ
1278 3155 1373 3209 ὅλα
1398 3154 1454 3208 δὲ
1488 3154 1554 3209 τὰ
1584 3156 1641 3209 ἐν
1672 3154 1750 3224 τῷ
1771 3153 1968 3225 ψαλμῷ

2074 3166 2222 3224 sunt,
2255 3157 2324 3215 ad
2356 3160 2478 3230 ejus
2522 3159 2958 3216 incarnationem
2989 3158 3043 3213 in
3087 3172 3196 3229 qua
3239 3155 3479 3213 insidiati
3517 3161 3644 3211 sunt

390 3249 700 3322 ἐφαρμόσαι
729 3248 794 3303 ἂν
831 3247 908 3319 τῷ
943 3245 1184 3320 Χριστῷ,
1218 3245 1287 3299 τὰ
1315 3245 1455 3299 κατὰ
1486 3245 1583 3318 τὴν
1623 3243 1970 3317 ἐνανθρὼπη-

392 3357 477 3396 σιν
510 3338 695 3403 αὐτοῦ,
730 3338 848 3392 καθ’
882 3338 949 3410 ἣν
978 3337 1365 3408 ἐπεϐουλεύθη,
1399 3338 1737 3409 περιέχοντα.

908 3452 1303 3508 ΚΕΦΑΛΑΙΟΝ
1345 3453 1425 3520 iq
1441 3451 1477 3506 '.

971 3543 1221 3614 Ψαλμοῦ
1238 3550 1389 3614 ρμγδ.

473 3638 563 3690 Ἐν
599 3638 696 3708 μὲν
728 3635 806 3708 τῷ
837 3635 976 3709 μετὰ
1007 3632 1429 3709 χεῖραςηψαλμῷ
1460 3635 1696 3706 λέγεται,
1726 3655 1743 3687 ι
1772 3634 1968 3707 Κύριε,

393 3732 567 3786 κλῖνον
598 3732 859 3802 οὐρανοὺς
896 3730 990 3783 καὶ
1010 3728 1297 3801 κατάϐηθι,
1335 3748 1353 3779 ι
1397 3718 1529 3782 ἐν”δὲ
1560 3726 1639 3799 τῷ
1673 3725 1757 3791 ιζ’,
1798 3745 1815 3777 ι
1860 3727 1972 3781 Καὶ

392 3806 596 3877 ἔκλινεν
617 3824 880 3895 οὐρανοὺς
908 3822 1001 3876 καὶ
1027 3820 1252 3891 κατέϐη.
1284 3840 1303 3872 ›
1347 3819 1834 3892 Ἐσημειωσάμεθα
1863 3819 1963 3890 μὲν

393 3910 484 3969 σῦν
514 3916 673 3969 κάκεῖ
705 3916 797 3969 καὶ
824 3914 884 3968 τὸ
921 3914 1102 3986 ῥητὸν,
1137 3913 1230 3966 καὶ
1262 3912 1494 3967 ἐνταῦθα
1526 3913 1584 3967 δέ
1615 3913 1808 3967 ταυτὸν
1850 3930 1969 3966 ποι-

393 4002 576 4066 οῦντες
597 4004 723 4075 περὶ
746 4002 839 4056 τοῦ
866 4003 1041 4072 Λόγου
1076 4001 1171 4055 τοῦ
1199 4001 1335 4055 Θεοῦ
1356 4002 1528 4057 ταῦτα
1549 4002 1801 4073 λέγεσθαι
1826 4004 1972 4056 ὑπει-

392 4097 661 4167 λήφαμεν.
707 4096 906 4161 Κλίνας
943 4096 1050 4168 γὰρ
1102 4096 1364 4168 οὐρανοὺς
1394 4094 1473 4167 τῷ
1509 4096 1744 4149 κενῶσαι
1780 4096 1970 4149 ἐαυτὸν

393 4189 490 4260 τῆς
518 4190 838 4261 ἐπουρανίου
869 4191 962 4244 καὶ
994 4193 1051 4244 ἐν
1079 4191 1260 4260 μορφῇ
1283 4186 1419 4242 Θεοῦ
1451 4187 1630 4260 δόξης,
1664 4190 1742 4252 εἰς
1767 4187 1835 4241 τὰ
1871 4206 1970 4242 κα-

397 4280 601 4353 τώτερα
636 4280 737 4352 τῆς
786 4281 890 4351 γῆς
926 4280 1255 4352 κατελήλυθε
1297 4279 1362 4333 δι’
1392 4279 1461 4349 ἣν
1502 4278 1785 4344 ἀνεδέξατο
1828 4279 1969 4353 ὑπὲρ

2071 3251 2145 3316 ei,
2184 3250 2513 3307 referantur.

2666 3446 2894 3503 CAPUT
2931 3445 3069 3502 XVI.
3146 3500 3153 3509 ,

2247 3541 2297 3597 E
2322 3542 2528 3612 psalmo
2552 3543 2833 3597 centesimo
2858 3539 3267 3612 quadragesimo
3300 3535 3472 3592 tertio.

2143 3635 2203 3691 In
2237 3635 2341 3692 hoc
2367 3635 2577 3706 psalmo
2607 3633 2849 3688 dicitur:
2891 3651 2910 3683 ‹
2953 3630 3197 3696 Domine,
3225 3626 3438 3683 inclina
3475 3622 3644 3681 caelos

2073 3737 2198 3785 tuos
2235 3737 2291 3783 et
2324 3727 2697 3793 descende";
2739 3746 2758 3778 ι
2791 3734 2842 3781 et
2882 3726 2936 3779 in
2966 3724 3180 3780 decimo
3208 3721 3446 3793 septimo
3473 3734 3487 3772 :
3521 3736 3541 3769 ι
3565 3715 3628 3773 In

2070 3824 2295 3880 clinavit
2323 3824 2494 3878 cmlos
2520 3829 2576 3877 et
2605 3820 2974 3877 descendit".
3006 3838 3024 3870 ι
3053 3815 3407 3873 Ostendimus
3436 3812 3571 3883 jam,
3592 3817 3641 3867 et

2070 3933 2218 3973 nunc
2260 3916 2458 3970 iterum
2496 3914 2613 3967 haec
2644 3912 2712 3967 de
2736 3909 2914 3966 Verbo
2948 3908 3042 3963 Dei
3100 3903 3518 3962 commemorari
3548 3900 3642 3957 de-

2072 4014 2462 4064 monstremus.
2485 4003 2764 4059 lnclinans
2786 4000 2934 4057 enim
2965 3999 3156 4062 cmlos,
3188 4012 3313 4053 cum
3344 3995 3642 4058 caelestem,

2069 4109 2125 4157 et
2160 4100 2253 4155 Dei
2289 4098 2476 4171 gloriae
2521 4096 2754 4151 formam
2801 4101 3045 4156 exueret,
3086 4092 3141 4146 in
3202 4086 3634 4161 proinndissima

2071 4202 2232 4248 terra:
2262 4187 2548 4246 descendit
2594 4201 2657 4241 ea
2692 4183 2873 4255 specie
2912 4196 3076 4253 quam
3117 4195 3217 4252 pro
3242 4178 3527 4233 hominum
3558 4188 3639 4229 εσυ

2071 4285 2184 4339 lute
2213 4281 2440 4352 accepit.
2471 4277 2625 4335 Unde
2650 4288 2775 4331 ante
2804 4276 2920 4330 haec
2975 4287 3098 4344 quae
3143 4270 3432 4326 retulimus
3458 4264 3640 4323 verba.

393 4371 488 4442 τῆς
521 4370 822 4443 ἀνθρώπων
864 4370 1133 4443 σωτηρίας
1180 4370 1517 4441 οἰκονομίαν
1558 4369 1681 4423 ὅθεν
1725 4369 1831 4442 πρὸ
1875 4368 1969 4423 τοῦ

2072 4377 2323 4450 psalmus
2353 4374 2631 4429 admirans
2661 4370 2793 4425 dicit
2824 4387 2839 4424 :
2881 4386 2900 4419 ι
2940 4365 3187 4429 Domine,
3213 4361 3343 4434 quid
3371 4367 3455 4416 est
3483 4358 3641 4414 homo

393 4464 700 4528 ἐκτεθέντος
739 4463 902 4535 ῥητοῦ
935 4462 1330 4534 ἀποθαυμάσας
1364 4464 1393 4516 ό
1418 4461 1572 4531 λόγος
1606 4462 1737 4532 φησί
1761 4479 1774 4491 ο
1809 4480 1827 4512 ι
1858 4460 1971 4515 Κύ-

2075 4469 2204 4540 quia
2235 4467 2524 4523 innotuisti
2565 4464 2637 4529 ei,
2670 4470 2766 4519 aut
2791 4462 2936 4517 ﬁlius
2976 4456 3235 4523 hominis,
3261 4456 3392 4526 quia
3424 4460 3640 4524 reputas

394 4576 498 4629 ριε,
538 4558 589 4612 τί
625 4529 771 4611 ἐστιν
795 4529 1083 4628 ἀνθρωπος
1125 4529 1206 4611 ὅτι
1250 4529 1527 4626 ἐγνώσθης
1576 4529 1744 4623 aia-Eo,
1786 4553 1818 4626 ἢ
1858 4554 1970 4617 υἱὸς

2074 4529 2198 4621 eum
2216 4562 2263 4596 ⁸³
2290 4562 2315 4617 ?
2351 4582 2370 4615 ο
2395 4559 2678 4615 Inclinatis
2706 4571 2856 4628 ergo,
2885 4555 3027 4611 sicut
3050 4552 3313 4613 diximus,
3340 4546 3515 4613 caelis,
3535 4545 3633 4601 de-

392 4648 676 4722 ἀνθρώπου
702 4649 783 4702 ὅτι
811 4647 1002 4721 λογίζῃ
1042 4646 1234 4715 αὐτόν;
1270 4665 1290 4699 ι
1321 4647 1415 4710 Εἰς
1450 4645 1605 4699 τοῦτο
1635 4643 1763 4718 γὰρ.
1785 4643 1967 4708 κλίνας

392 4744 516 4806 τοὺς
548 4740 873 4810 λεγομένους
921 4740 1180 4810 οὐρανοὺς
1217 4737 1579 4810 κατελήλυθεν
1623 4737 1652 4788 ό
1698 4736 1789 4789 τοῦ
1831 4734 1966 4788 Θεοῦ

395 4835 584 4903 Λόγος,
606 4833 681 4897 ὡς
709 4833 776 4887 ἂν
802 4830 1068 4902 γνωσθείη
1100 4830 1522 4903 ἐνανθρωπήσας
1540 4829 1616 4901 τῷ
1636 4828 1744 4882 τῶν
1765 4827 1968 4900 ἀνθρὼ-

394 4932 510 4979 πων
539 4926 684 4995 γένει
721 4924 980 4995 πρότερον
1017 4921 1377 4993 ἀγνοούμενος
1397 4921 1545 4992 αὐτῷ
1569 4937 1581 4950 ·
1618 4923 1713 4975 καὶ
1726 4922 1787 4974 οὐ
1809 4936 1968 4992 περι-

393 5020 687 5090 εφρόνησεν
736 5017 862 5089 παρ’
920 5015 1073 5069 οὐδὲν
1137 5014 1479 5086 ἡγησάμενος
1531 5014 1622 5067 τὸν
1680 5015 1968 5085 γενόμενον

393 5110 507 5163 υἱὸν
548 5106 856 5179 ἀνθρώπου,
901 5104 1188 5160 τοῦτ’ἔστι
1238 5105 1417 5157 πᾶσαν
1454 5102 1552 5174 τὴν
1600 5101 1825 5175 λογικὴν
1877 5104 1970 5157 καὶ

395 5201 511 5254 κατ’
546 5199 731 5253 εἰκόνα
767 5196 900 5250 Θεοῦ
933 5196 1229 5267 γενομένην
1260 5194 1456 5265 ψυχήψ
1496 5194 1589 5248 καὶ
1624 5194 1693 5247 τὰ
1727 5194 1887 5248 λοιπά
1913 5194 1970 5248 δὲ

394 5290 487 5345 τοῦ
519 5289 734 5361 ψαλμοῦ
770 5288 1154 5360 πνευματικῶς
1174 5288 1529 5358 ἐκλαμϐάνων
1555 5287 1827 5358 νοήσειας.

915 5402 1311 5457 ΚΕΦΑΛΑΙΟΝ
1351 5403 1444 5456 IZ'.

977 5495 1223 5565 Ψαλμοῦ
1245 5493 1389 5565 pili".

467 5594 574 5646 Kal.
599 5593 679 5658 τὸ,
708 5610 726 5643 ς
780 5594 836 5644 'U
877 5589 1220 5644 ἀποστέλλων
1252 5589 1312 5642 τὸ
1353 5588 1530 5656 λόγιον
1569 5584 1732 5640 αὐτοῦ
1777 5588 1843 5657 τῇ
1876 5589 1968 5658 γῇ,

2075 4654 2296 4711 scendit
2332 4651 2426 4709 Dei
2468 4650 2732 4714 Verbum,
2776 4655 2834 4702 ut
2877 4645 3127 4717 cognitus
3154 4639 3645 4699 ﬁeretinear-natus

2075 4746 2355 4802 hominum
2397 4743 2605 4816 generi,
2628 4740 2774 4814 quod
2800 4739 2954 4807 prius
2975 4735 3264 4808 ignorabat
3288 4746 3442 4799 eum;
3470 4742 3638 4799 nequt

2070 4838 2399 4910 contempsit
2441 4836 2704 4908 parvique
2767 4832 2923 4888 duxit
2953 4831 3121 4885 lilium
3164 4825 3435 4887 hominis,
3471 4820 3526 4876 id
3563 4829 3640 4875 est

2074 4946 2289 4987 omnem
2330 4928 2628 5000 spiritalem
2660 4933 2714 4981 et
2742 4927 2807 4980 ad
2840 4922 3129 4993 imaginem
3167 4916 3261 4973 Dei
3301 4915 3497 4970 factam
3524 4912 3634 4966 ani-

2076 5038 2241 5078 mam.
2273 5006 2503 5090 Reliqua
2539 5034 2670 5074 vero
2705 5014 2902 5087 psalmi
2943 5010 3264 5084 spiritaliter
3296 5002 3631 5075 intelligenti—

2077 5117 2180 5173 bus
2206 5114 2493 5187 perspicua
2516 5117 2697 5168 erunt.

2640 5395 2869 5455 CAPUT
2900 5392 3063 5451 XVII.

2211 5492 2255 5547 Ε
2290 5492 2493 5562 psalmo
2523 5490 2804 5546 centesimo
2831 5485 3240 5561 quadragesimo
3273 5483 3516 5554 septimo.

2156 5603 2174 5637 ι
2214 5583 2319 5650 Qui
2366 5582 2566 5638 emittit
2618 5582 2892 5654 eloquium
2936 5594 3096 5635 suum
3151 5586 3335 5643 terrm,
3386 5571 3637 5630 velociter

472 5748 518 5781 ⁸³
550 5749 690 5806 Psal.
726 5766 873 5813 CXLI,
908 5751 962 5806 8.
1036 5749 1083 5782 ⁸⁸
1122 5746 1285 5803 Hebr.
1324 5762 1400 5807 xu.
1437 5746 1527 5811 '59,
1556 5746 1646 5800 ιο.
1722 5744 1766 5775 ⁸⁸
1802 5743 1948 5799 Psal.

2072 5740 2333 5813 ,με-4,
2374 5740 2571 5795 "ibid.
2610 5740 2663 5813 7_.
2738 5740 2783 5772 οε
2820 5737 2952 5796 ibid.
2987 5740 3040 5794 8.
3120 5732 3429 5807 "Philipp.
3489 5728 3636 5793 ωε.

395 5820 441 5854 ⁸⁸
479 5820 623 5878 Psal.
665 5837 736 5889 ιι,
767 5821 818 5877 8.

898 5822 939 5853 τί
980 5818 1122 5876 Psal.
1153 5834 1351 5881 cum.
1389 5818 1441 5873 5.
1516 5809 1561 5850 θ’
1604 5816 1744 5872 Psal.
1783 5831 1930 5879 xvu,
1970 5813 2057 5868 10.
2132 5812 2177 5843 ’⁸
2216 5809 2362 5869 Psal.
2396 5825 2600 5875 cuni,
2633 5811 2687 5865 3.
