4134 6414
539 349 676 406 1115

1242 344 1513 402 EUSEBII
1552 344 2032 402 CESARIENSIS
2069 344 2220 403 OPP.
2255 344 2435 400 PARS
2472 344 2560 400 lll.
2596 375 2667 386 —
2702 344 3118 404 EXEGETICA.

3658 349 3795 405 1116

536 460 710 519 currit
739 474 919 515 sermo
947 458 1150 530 ejus".
1191 477 1210 511 ι
1245 432 1359 515 Hoc
1400 460 1810 532 intelligendum
1843 461 2059 516 videtur
2088 504 2090 513 λ

2209 463 2311 525 ἕως
2344 460 2542 532 τάχους
2586 461 2871 533 δραμεῖται
2919 464 2949 516 6
2976 461 3133 532 λόγος
3170 460 3356 526 αὑτοῦ,
3397 481 3416 514 ι
3448 478 3797 536 παρασημει-

535 552 692 624 quasi
728 551 959 606 docente
984 550 1087 604 hoc
1117 550 1238 605 loco
1275 549 1561 621 Scriptura
1607 552 1811 623 aliquid
1850 554 2110 607 substan-

534 645 738 699 tialiter
768 658 891 699 esse
917 642 1011 698 Dei
1043 641 1306 706 Verbum,
1327 660 1450 699 cum
1476 645 1546 700 sit
1575 646 1716 706 alius
1738 660 1801 699 ac
1822 645 1986 700 Pater
2015 646 2111 715 qui

535 736 682 792 misit
716 751 863 790 eum.
901 734 1133 791 Attende
1171 738 1446 805 quomodo
1476 746 1848 807 congruenter
1878 738 2109 807 adjicia-

534 836 663 882 tur:
702 848 721 880 ι
760 827 940 883 Donec
1006 827 1264 883 velociter
1332 829 1505 882 currit
1544 845 1725 883 sermo
1756 830 1893 899 ejus.
1946 849 1963 881 ι
1999 829 2112 885 lioc

534 920 887 991 adimpletum
921 922 1107 975 videre
1133 928 1217 975 est
1249 930 1372 991 post
1399 922 1831 977 incarnationem
1862 922 2067 977 Christi
2093 964 2107 987 ,

532 1010 669 1067 adeo
710 1012 1038 1068 brevissimo
1070 1013 1334 1084 temporis
1376 1012 1572 1081 spatio,
1608 1023 1771 1082 atque
1808 1011 1862 1065 in
1894 1028 2108 1067 omnem

531 1108 733 1159 terram
765 1107 954 1174 paucis
984 1106 1143 1160 annis
1171 1121 1345 1176 usque
1392 1104 1456 1158 ad
1511 1104 1776 1159 terminos
1815 1110 1972 1159 teme
2005 1102 2112 1158 dif—

534 1191 655 1250 fusa
686 1195 805 1265 ejus
826 1196 1133 1268 disciplina.

1095 1458 1324 1514 CAPUT
1358 1458 1541 1513 XVIII.

674 1571 722 1625 E
753 1571 960 1643 psalmo
991 1573 1269 1627 centesimo
1303 1572 1705 1643 quadragesimo
1742 1580 1943 1626 octavo.

601 1668 734 1734 Quae
774 1669 865 1723 hic
907 1668 1166 1722 dicuntur
1198 1687 1212 1723 :
1249 1688 1265 1720 ι
1302 1668 1550 1723 Laudent
1605 1682 1803 1722 nomen
1854 1664 2103 1731 Domini,

528 1760 657 1829 quia
675 1760 790 1829 ipse
804 1759 962 1825 dixit,
984 1768 1036 1814 et
1054 1760 1193 1814 facta
1214 1769 1361 1820 sunt,
1388 1761 1503 1829 ipse
1521 1759 1815 1824 mandavit,
1847 1768 1900 1813 et
1923 1764 2104 1812 creata

2214 551 2455 605 ὤσασθαι
2480 552 2677 619 ἔδοξεν,
2701 553 2775 617 ὡς
2796 552 3151 625 διδασκούσης
3173 555 3268 607 καὶ
3286 553 3518 608 ἐνταῦθα
3540 555 3639 625 τῆς
3659 555 3799 628 Γρα-

2214 646 2321 714 φῆς
2351 643 2427 707 ὡς
2458 643 2566 715 ἄρα
2600 644 2900 698 ὑπόστατόν
2932 663 2986 698 τι
3022 647 3254 717 πρᾶγμα
3282 648 3311 700 ὁ
3336 646 3429 699 τοῦ
3454 646 3590 699 Θεοῦ
3625 647 3800 716 Λόγος

2213 736 2488 805 τυγχάνει,
2525 735 2711 805 ἕτερος
2743 736 2819 789 ὢν
2864 736 3015 809 παρὰ
3071 736 3160 790 τὸν
3211 737 3606 792 ἀποστέλλοντα
3651 739 3803 809 αὐτῷ

2214 827 2463 895 Πατέραο
2494 828 2594 900 ὅρα
2623 828 2678 880 δὲ
2706 828 2823 893 πῶς
2854 830 2979 903 ἑξῆς
3006 830 3327 902 ἐπιφέρεται
3361 830 3439 895 τὸ,
3479 850 3497 882 ι
3539 831 3682 895 Ἕως
3705 832 3803 885 τά·

2213 935 2342 989 χους
2383 920 2669 991 δραμεῖται
2697 923 2725 974 ὁ
2767 920 2923 990 λόγος
2955 921 3150 974 αὐτοῦ’
3188 941 3204 973 ι
3236 922 3264 974 ὃ
3292 922 3385 974 καὶ
3422 922 3553 975 αὐτὸ
3590 922 3804 994 πεπλη-

2215 1010 2456 1081 ρωμένον
2492 1010 2639 1065 ἔστιν
2687 1011 2812 1065 ἰδεῖν
2856 1012 2992 1083 μετὰ
3040 1013 3140 1085 τὴν
3184 1012 3420 1085 Χριστοῦ
3473 1013 3802 1084 παρουσίαν,

2211 1099 2352 1154 οὕτω
2392 1103 2449 1154 ἐν
2485 1102 2688 1173 σφόδρα
2725 1102 2914 1175 βραχεῖ
2946 1104 3121 1175 χρόνῳ
3147 1103 3569 1176 διαδραμούσης,
3597 1105 3693 1159 καὶ
3717 1106 3803 1169 είς

2213 1195 2392 1247 πᾶσαν
2423 1194 2520 1265 τὴν
2574 1195 2676 1265 γῆν
2703 1196 2760 1247 ὲν
2800 1196 2858 1248 ού
2896 1194 3109 1259 πολλοῖς
3148 1194 3291 1248 ἔτεσι
3349 1196 3510 1269 μέχρι
3547 1195 3641 1248 καὶ
3689 1196 3802 1250 τῶν

2213 1286 2460 1357 περάτων
2510 1286 2607 1357 τῆς
2655 1285 2978 1358 οἰκουμένης
3025 1287 3431 1359 κεκρατηκυίας
3485 1286 3652 1340 αὐτοῦ
3703 1288 3807 1358 τῆς

2210 1376 2447 1448 διδαχῆς.

2732 1490 3126 1545 ΚΕΦΛΛΛῙΟΝ
3158 1489 3262 1543 IH'.

2778 1582 3028 1651 Ψαλμοῦ
3059 1580 3218 1652 ρμη’.

2279 1673 2389 1727 Καὶ
2421 1673 2481 1726 τὸ
2514 1672 2698 1726 ἐνθάδε
2729 1673 3040 1744 λεγόμενον,
3071 1693 3090 1725 ι
3123 1674 3502 1729 Αίνεσάτωσαν
3534 1672 3595 1727 τὸ
3625 1672 3803 1745 ὄνομα

2208 1764 2436 1836 Κυρίου,
2468 1765 2549 1818 ὅτι
2584 1764 2743 1828 αὐτὸς
2787 1760 2938 1820 εἶπεν
2978 1766 3072 1819 καὶ
3117 1764 3471 1838 ἐγενήθησαν,
3512 1765 3676 1829 αὐτὸς
3710 1768 3802 1819 ἐν·

529 1853 741 1914 sunt”,
784 1871 803 1903 ι
837 1852 891 1905 in
919 1853 1249 1908 testimoniis
1278 1853 1345 1911 de
1375 1850 1664 1906 Dechrbo
1695 1852 1747 1905 in
1780 1850 1938 1904 initio
1962 1852 2090 1921 apud

2207 1856 2446 1909 ετείλατο
2472 1856 2566 1909 καὶ
2602 1855 2946 1927 ἐκτίσθησαν,
2987 1876 3005 1908 ι
3043 1858 3099 1910 ἐν
3131 1859 3241 1920 τοῖς
3275 1857 3400 1927 περὶ
3430 1856 3526 1910 τοῦ
3560 1858 3618 1910 ἐν
3649 1857 3801 1928 ἀρχῇ

531 1942 698 1998 Deum
729 1943 840 2013 jam
864 1945 1171 2003 retulimus.
1209 1943 1302 1999 Dei
1334 1943 1595 2007 Verbum,
1630 1959 1937 2013 nomenque
1985 1944 2103 2013 ejus

524 2036 764 2107 quadam
814 2036 1261 2091 denominatione
1314 2035 1382 2091 de
1433 2052 1498 2090 eo
1546 2034 1901 2105 cogitationes
1959 2035 2104 2090 desi-

527 2144 696 2199 gnare
716 2136 1053 2198 compertum
1084 2128 1366 2185 habentes.
1399 2130 1535 2182 Cum
1562 2128 1725 2197 igitur
1748 2126 1953 2182 dictum
1980 2137 2097 2183 est:

532 2239 551 2270 ι
592 2218 837 2274 ιοιιτιίιῑο
868 2218 1156 2274 Dominum
1174 2222 1242 2285 9‘,
1285 2242 1302 2272 ι
1336 2221 1539 2291 passim
1562 2220 2101 2291 congruenterjubet

524 2309 765 2382 Spiritus
799 2310 1015 2366 Patrem
1061 2310 1301 2376 laudare,
1337 2312 1557 2366 nomine
1594 2311 1714 2381 ejus
1767 2327 2100 2367 commemo-

524 2410 665 2466 rato,
700 2420 718 2452 ι
757 2405 1015 2472 quoniam
1048 2403 1165 2472 ipse
1191 2402 1329 2456 dixit
1360 2410 1414 2457 et
1449 2401 1593 2456 facta
1624 2410 1773 2468 sunt,
1799 2404 1915 2475 ipse
1949 2419 2098 2458 man-

518 2493 673 2548 davit
701 2505 754 2548 et
777 2504 959 2549 creata
994 2504 1142 2551 sunt.
1187 2515 1205 2548 ι
1248 2496 1418 2565 Igitur
1450 2495 1770 2565 praacipiens
1798 2505 1961 2566 atque
1995 2496 2097 2550 im-

522 2600 724 2655 perans
754 2598 901 2644 esset
929 2589 1174 2642 omnium
1202 2588 1345 2643 Deus
1365 2596 1418 2643 et
1445 2588 1630 2655 Pater,
1663 2589 2094 2645 snbministrans

519 2692 650 2733 vero
679 2679 773 2734 Dei
807 2680 1066 2745 Verbum,
1096 2689 1150 2736 et
1180 2682 1371 2751 patria:
1416 2680 1682 2735 voluntati
1735 2680 1996 2737 obediens
2039 2682 2094 2735 in

518 2788 702 2827 rerum
758 2774 1000 2826 omnium
1046 2775 1342 2828 creatione.
1393 2772 1951 2828 Animadvertendum
2009 2781 2094 2829 est

518 2862 634 2917 haec
668 2861 856 2919 eadem
895 2863 947 2918 in
991 2863 1273 2918 tricesimo
1295 2853 1539 2919 secundo
1578 2864 1789 2934 psalmo
1835 2880 2093 2935 expresse

515 2952 620 3008 dici
654 2972 667 3008 :
701 2972 719 3005 ι
760 2954 879 3025 lpse
907 2955 1063 3020 dixit,
1106 2966 1159 3010 et
1192 2955 1333 3009 facta
1370 2964 1521 3021 sunt,
1561 2956 1677 3025 ipse
1705 2956 2003 3022 mandavit,
2038 2964 2092 3012 et

510 3051 698 3099 creata
736 3048 945 3099 sunt".
978 3067 997 3099 ι
1040 3045 1147 3102 Sed
1196 3047 1269 3102 ibi
1316 3046 1535 3117 quidem
1582 3054 1727 3102 terra
1782 3057 2091 3117 terramque

2206 1947 2343 2018 πρὸς
2373 1948 2461 2000 τὸν
2502 1946 2635 2000 Θεὸν
2669 1946 2801 1999 Θεοῦ
2834 1948 3006 2017 Λόγου
3043 1949 3361 2020 μαρτυρίοις
3394 1946 3797 2017 ἀνελεξάμεθα,

2203 2037 2294 2090 τὸν
2327 2037 2420 2090 τοῦ
2468 2037 2602 2091 Θεοῦ
2637 2038 2831 2106 Λόγον,
2868 2039 2961 2092 καὶ
3004 2038 3175 2110 ὄνομα
3223 2039 3386 2093 αὐτοῦ
3430 2037 3799 2111 χρηματίζειν

2207 2130 2583 2201 μεμαθηκότες
2620 2131 2763 2187 κατά
2796 2149 2918 2186 τινα
2968 2132 3337 2203 προσηγορίαν
3381 2130 3491 2187 τῶν
3528 2132 3659 2203 περί
3690 2131 3797 2184 αύ-

2202 2218 2292 2274 τοῦ
2318 2219 2568 2273 ἐπινοιῶν
2588 2237 2603 2251 ο
2635 2220 2770 2291 μετὰ
2804 2221 2932 2289 γοῦν
2965 2220 3025 2274 τὸ
3067 2223 3369 2293 προειπεῖν,
3406 2240 3425 2273 ι
3462 2206 3675 2274 Αἰνεῖτέ
3697 2223 3797 2277 τὸν

2200 2314 2424 2386 Κύριον,
2468 2335 2486 2367 ι
2524 2313 2649 2367 τάδε
2695 2315 2790 2367 καὶ⁵
2829 2313 2952 2367 τάδε
2995 2313 3304 2377 ἀκολούθως
3351 2312 3795 2384 παρακελεύεται

2196 2406 2258 2459 τὸ
2290 2405 2514 2477 Πνεῦμα
2543 2407 2711 2459 αίνεῖν
2744 2406 2807 2475 (ι’.
2842 2404 2932 2476 24)
2963 2404 3099 2476 μετὰ
3126 2405 3216 2459 τὸν
3248 2405 3490 2477 Πατέρα,
3525 2404 3587 2458 τὸ
3614 2404 3795 2476 ὄνομα

2198 2495 2360 2550 αὑτοῦ
2387 2496 2670 2565 ἐπιλέγων,
2707 2515 2725 2546 ι
2749 2497 2837 2560 Ὠς
2870 2497 2976 2568 ἄρα
3005 2496 3167 2560 αὐτὸς
3196 2492 3370 2561 εἶπεν,
3408 2498 3501 2551 καὶ
3527 2486 3792 2569 ἐγενήθη-

2198 2605 2316 2649 σαν,
2358 2588 2517 2652 αὐτὸς
2540 2582 2859 2651 ἐνετείλατο,
2894 2589 2990 2642 καὶ
3030 2586 3377 2659 ἐκτίσθησαν.
3413 2609 3430 2640 ι
3475 2589 3532 2642 Ὀ
3562 2589 3661 2660 μὲν
3693 2586 3792 2643 οὖν

2196 2681 2545 2753 προστάττων
2570 2681 2662 2734 καὶ
2687 2679 3061 2751 ἐντελλόμενος
3090 2679 3175 2751 εἴη
3204 2681 3269 2735 ἂν
3292 2684 3320 2735 6
3357 2682 3466 2735 τῶν
3495 2682 3635 2736 ὃλων
3654 2681 3791 2746 Θεὸς

2195 2771 2287 2824 καὶ
2316 2770 2522 2842 Πατὴρ,
2555 2774 2583 2824 6
2614 2771 2658 2823 δ’
2686 2772 3017 2844 ὑπουργῶνό
3043 2772 3134 2826 τοῦ
3162 2772 3296 2826 Θεοῦ
3325 2774 3495 2843 Λόγος
3515 2774 3789 2846 ἐξυπηρε-

2191 2860 2449 2930 τούμενος
2471 2859 2549 2930 τῷ
2597 2860 2849 2932 πατρικῷ
2894 2860 3155 2933 θελήματι
3184 2862 3318 2933 πρὸς
3344 2861 3441 2933 τὴν
3480 2861 3590 2914 τῶν
3622 2877 3787 2930 γενη-

2190 2951 2296 3004 τῶν
2318 2951 2697 3022 δημιουργίαν.
2740 2950 3016 3022 Τηρητέον
3056 2952 3101 3004 δ’
3134 2954 3216 3006 ὅτι
3255 2954 3349 3006 καὶ
3383 2955 3439 3007 ἐν
3468 2951 3547 3006 λϐ⁹
3579 2952 3786 3024 ψαλμῷ

2190 3041 2330 3095 κατὰ
2358 3041 2497 3105 λέξιν
2520 3041 2817 3113 ἐμφέρεται
2845 3044 2923 3107 τὸ,
2949 3061 2967 3093 ι
3004 3043 3172 3107 Αὐτὸς
3201 3040 3373 3108 εἶπεν,
3402 3043 3497 3097 καὶ
3519 3044 3785 3117 ἐγενήθη-

511 3132 884 3191 inhabitantes
925 3136 1319 3207 designantur;
1349 3137 1439 3209 hic
1488 3151 1617 3192 vero
1667 3152 1788 3206 qua:
1828 3137 1880 3190 in
1933 3137 2087 3204 rgelis

2193 3150 2310 3197 σαν,
2343 3133 2507 3196 αὐτὸς
2550 3133 2871 3197 ἐνετείλατο,
2904 3134 2996 3185 καὶ
3045 3133 3399 3205 ἐκτίσθησαν·
3444 3155 3463 3186 ι
3498 3134 3616 3187 ἀλλ’
3664 3136 3783 3188 ἐκεῖ

511 3233 661 3293 sunt,
694 3229 1056 3283 excelsissimi
1091 3229 1270 3298 angeli
1295 3238 1350 3283 et
1380 3236 1697 3300 potestates,
1726 3229 1828 3289 sol,
1854 3236 1906 3281 et
1934 3228 2082 3295 luna,

507 3322 563 3366 et
597 3316 797 3383 sidera,
828 3328 881 3373 et
916 3321 1098 3373 omnia
1128 3336 1249 3390 quae
1279 3336 1437 3376 sacra
1468 3329 1754 3376 enumerat
1781 3320 2081 3390 Scriptura,

391 3404 409 3413 ”
507 3401 707 3460 docent
739 3423 839 3461 nos
875 3409 1019 3479 quod
1051 3425 1145 3478 per
1173 3408 1435 3473 Verbum,
1461 3419 1520 3463 ut
1565 3410 1641 3463 ait
1684 3417 1909 3464 sanctus
1937 3412 2083 3480 Apo-

508 3497 704 3562 stolus,
746 3516 765 3550 ι
795 3500 1013 3554 condita
1044 3508 1173 3554 sunt
1204 3503 1459 3555 universa
1483 3501 1535 3554 in
1556 3500 1804 3565 coelis,et
1830 3501 1886 3555 in
1912 3511 2078 3568 terra,

507 3586 740 3642 visibilia
773 3597 826 3645 et
859 3591 1175 3655 invisibilia,
1238 3593 1351 3647 sive
1374 3593 1577 3654 throni,
1610 3592 1724 3646 sive
1754 3590 2081 3647 dominatio-

506 3687 626 3736 nes,
662 3675 775 3729 sive
816 3678 1179 3747 principatus,
1223 3681 1339 3735 sive
1366 3687 1667 3750 potestates
1709 3698 1721 3733 :
1765 3678 1946 3733 omnia
1979 3696 2075 3751 per

505 3758 684 3829 ipsum
729 3771 784 3819 et
826 3765 880 3819 in
916 3766 1035 3836 ipso
1074 3779 1254 3823 creata
1282 3768 1509 3840 suntj":
1543 3778 1597 3825 et
1641 3771 1760 3825 sine
1786 3771 1902 3840 ipso
1935 3770 2072 3825 nihil

504 3852 708 3908 factum
750 3866 833 3912 est
856 3860 945 3914 π’,
992 3880 1010 3912 ι

2192 3227 2288 3297 μὲν
2321 3226 2448 3298 περὶ
2474 3227 2572 3296 τῆς
2595 3229 2696 3297 γῆς
2726 3226 2821 3278 καὶ
2847 3224 2953 3278 τῶν
2977 3226 3371 3283 κατοικούντων
3403 3226 3503 3295 τὴν
3529 3227 3788 3298 οἱκουμό-’

2184 3336 2281 3387 νην
2312 3318 2544 3388 εἴρηται,
2569 3316 2754 3369 ἐνθάδε
2784 3316 2841 3368 δὲ
2871 3317 2997 3389 περὶ
3022 3317 3129 3369 τῶν
3169 3319 3227 3371 ὲν
3263 3319 3510 3390 οὐρανοῖς
3541 3318 3635 3371 καὶ
3668 3320 3780 3371 τῶν

2184 3410 2488 3480 λεγομένων
2522 3414 2578 3464 ὲν
2604 3410 2844 3479 ὑψίστοις
2875 3409 3117 3478 ἀγγέλων
3143 3428 3199 3464 τε
3228 3414 3320 3464 καὶ
3346 3412 3653 3482 δυνάμεων,
3693 3412 3777 3466 ἔτι

2182 3518 2241 3554 τε
2258 3502 2408 3573 ἡλίου
2432 3502 2523 3554 καὶ
2546 3502 2772 3573 σελήνης
2794 3501 2888 3554 καὶ
2905 3502 3140 3572 ἄστρων,
3158 3506 3253 3557 καὶ
3272 3504 3488 3558 πάντων
3508 3504 3620 3557 τῶν
3643 3502 3775 3573 ἑξῆς

2184 3592 2743 3664 συγκατειλεγμένων,
2788 3591 3145 3664 διδασκούσης
3187 3597 3336 3667 ἡμᾶς
3390 3597 3491 3667 τῆς
3516 3595 3673 3658 θείας
3712 3597 3773 3648 ὲν

2183 3682 2385 3748 τούτοις
2414 3685 2656 3755 Γραφῆς,
2682 3684 2756 3746 ὡς
2776 3682 2882 3754 ἄρα
2904 3683 2991 3736 διὰ
3014 3684 3107 3737 τοῦ
3130 3686 3303 3755 Λόγου
3334 3687 3477 3740 κατὰ
3504 3686 3597 3738 τὸν
3623 3684 3772 3755 ἱερὸν

2191 3776 2508 3830 Ἀπόστολον
2543 3796 2561 3828 ι
2615 3776 2866 3846 Ἐκτίσθη
2915 3775 2982 3828 τὰ
3016 3778 3191 3832 πάντα
3222 3779 3290 3831 τά
3318 3796 3377 3832 τε
3421 3781 3479 3831 ἐν
3510 3780 3627 3840 τοῖς
3671 3776 3768 3828 ού-

2179 3871 2356 3938 ρανοῖς
2391 3869 2484 3923 καὶ
2511 3869 2578 3922 τὰ
2615 3870 2705 3921 ἐπὶ
2731 3868 2827 3938 τῆς
2862 3867 2984 3937 γῆς,
3024 3868 3137 3921 εἴτε
3165 3870 3353 3941 ὁρατὰ,
3393 3870 3502 3924 εἴτε
3532 3871 3767 3941 ἀόρατα,

499 3944 608 3996 εἴτε
638 3945 835 4016 θρόνοι,
884 3951 995 4005 εἴτε
1034 3954 1373 4025 κυριότητες,
1415 3954 1522 4008 εἴτε
1554 3956 1741 4026 ἀρχαὶ,
1785 3957 1892 4010 εἴτε
1936 3955 2209 4022 ἐξουσίαι·
2270 3961 2340 4016 τὰ
2378 3963 2554 4018 πάντα
2585 3964 2652 4018 δι’
2691 3967 2853 4021 αὐτοῦ
2889 3968 2982 4022 καὶ
3016 3968 3073 4022 ὲν
3119 3968 3266 4040 αύτῷ
3341 3969 3605 4021 ἔκτισται·
3667 3970 3764 4022 καὶ

498 4040 667 4111 χωρὶς
692 4042 854 4096 αὑτοῦ
894 4044 1110 4114 ἐγένετο
1142 4047 1261 4100 οὐδὲ
1287 4047 1365 4100 ἐν.
1406 4066 1424 4100 ι

560 4130 694 4191 Haec
739 4143 926 4188 nostra
956 4137 1008 4190 in
1032 4135 1281 4193 Psalmos
1311 4136 1643 4206 explanatio.
1674 4134 1803 4190 Post
1842 4136 2060 4191 brevius

418 4286 419 4289 η
495 4232 551 4279 et
584 4228 861 4296 proposito
883 4228 1134 4283 idoneum
1163 4231 1553 4292 summarium,
1585 4237 1809 4284 cwteras
1836 4231 1889 4283 in
1931 4245 2062 4299 poc-

494 4314 635 4371 ticos
673 4315 865 4382 libros,
896 4319 1178 4390 primoque
1206 4321 1261 4374 in
1292 4319 1583 4391 prophetas
1611 4320 1828 4391 eclogas
1863 4335 2057 4391 aggre-

494 4407 727 4465 diemur.

2240 4134 2488 4190 Τοσαῦτα
2533 4137 2631 4209 μὲν
2652 4138 2714 4210 δὴ
2745 4138 2815 4192 τὰ
2847 4141 2956 4196 ἀπὸ
2983 4119 3092 4196 τῶν
3120 4143 3398 4215 Ψαλμῶν
3438 4148 3669 4220 μετρίαν
3700 4149 3761 4204 δὲ

2168 4227 2262 4279 καὶ
2281 4227 2524 4300 αὐτάρκη
2552 4228 2646 4282 τοῦ
2670 4230 2824 4298 λόγου
2858 4235 3204 4306 περιγραφὴν
3226 4235 3531 4306 εἰληφότος,
3565 4237 3625 4302 ἐξ
3644 4240 3757 4292 ἐτέ-

2169 4334 2268 4389 ρας
2301 4319 2474 4389 ἀρχῆς
2506 4319 2604 4383 τὰς
2650 4320 2757 4373 ἀπὸ
2786 4321 2893 4375 τῶν
2925 4322 3125 4376 λοιπῶν
3169 4327 3441 4396 στιχηρῶν
3482 4329 3580 4380 καὶ
3625 4329 3755 4400 ἑξῆς

2074 4409 2090 4427 ⁹
2164 4408 2262 4474 τὰς
2292 4411 2399 4463 ἀπὸ
2420 4410 2527 4464 τῶν
2559 4414 2851 4484 προφητῶν
2884 4415 3111 4485 ἐκλογὰς
3147 4419 3505 4489 ποιησόμεθα.

490 4708 665 4788 ".459
684 4708 2044 4788 ιιιῖειξπῖιιρξβριμ-ετι,σ;ι,βιυιριξριιδι-
2084 4719 2090 4772 ι

2193 4715 2349 4788 ᾺΔΕγ
2374 4715 2577 4788 eam
2587 4717 2709 4767 rm
2756 4719 2859 4769 EN
2914 4719 2996 4786 Τῼ
3036 4719 3099 4769 r'
3141 4720 3326 4788 ἸῸΜῼ
3380 4722 3520 4773 mN
3559 4724 3748 4779 Περι

520 4778 660 4835 8Το
701 4778 1140 4836 ECLOGARUM
1179 4782 1400 4838 LIBRO
1441 4783 2008 4841 CONTINENTUR.

1077 4898 1120 4951 E
1151 4898 1474 4954 Proverbiis.

485 5006 564 5061 De
601 5007 697 5063 Dei
744 5007 908 5063 Verbo
940 5012 1094 5071 quasi
1121 5011 1184 5063 de
1208 5011 1477 5080 Sapientia
1498 5009 1924 5065 substantialiler
1955 5028 2052 5066 ea:-

552 5080 764 5132 sistente
785 5090 831 5132 et
867 5090 987 5134 ante
1009 5081 1205 5154 uacula
1234 5099 1267 5133 a
1300 5082 1404 5154 Deo
1423 5097 1623 5154 creata,
1654 5082 1962 5154 diversaque
1982 5083 2045 5137 ab

548 5164 628 5215 eo,
664 5158 713 5204 et
745 5166 863 5203 cum
887 5168 946 5205 eo
974 5152 1228 5205 universis
1258 5152 1409 5205 rebus
1443 5153 1763 5206 consulente.

545 5302 623 5358 De
655 5306 865 5361 Christo
896 5310 1049 5379 quasi
1066 5308 1216 5381 Regis
1244 5309 1384 5364 Filio
1406 5323 1454 5365 et
1479 5313 1542 5366 de
1561 5314 1674 5380 eius
1705 5314 1980 5381 apostolis.

474 5456 550 5512 De
579 5456 790 5533 Christo
823 5464 975 5529 quasi
1002 5465 1132 5528 viro,
1158 5476 1209 5519 et
1254 5468 1317 5521 de
1357 5468 1469 5533 eius
1495 5470 1548 5523 in
1574 5471 1727 5525 cwlos
1762 5470 2034 5525 ascensio-

540 5543 605 5582 ne
633 5543 651 5581 :
676 5528 740 5582 de
777 5528 1007 5599 gentium
1034 5528 1419 5595 dominatione.

545 5742 1046 5822 “Psal.cxt.vn,4.
1121 5753 1327 5813 "Psal.
1363 5762 1665 5829 canunt,
1704 5761 1755 5817 5.
1833 5764 1878 5797 ⁵⁸
1911 5761 2040 5818 ibi-J.
2065 5763 2113 5819 1.

2246 4788 2328 4838 T0
2343 4786 2387 4836 Υ
2421 4786 2552 4837 ΧΡΙ
2554 4788 2597 4837 Σ
2608 4789 2690 4838 T0
2705 4788 2750 4838 Υ
2782 4788 3262 4842 ΠΡΟΦΗΤΙΚΩΝ
3292 4786 3444 4844 ἘΚΛ
3455 4793 3669 4845 ΟΓΩΝ.

2609 4898 2752 4952 Ἀπὸ
2786 4896 2903 4953 τῶν
2939 4899 3291 4969 Παροιμιῶν.

2146 5009 2285 5078 Περὶ
2318 5010 2445 5083 τοῦ-
2477 5008 2623 5063 Θεοῦ
2654 5010 2848 5083 Λόγου
2880 5011 2965 5083 ὡς
2999 5011 3132 5083 περὶ
3168 5014 3394 5081 Σορίας
3426 5015 3739 5083 0130:6136);-

2217 5079 2578 5147 opsoni)ch
2611 5080 2711 5132 καὶ
2744 5080 2854 5149 πρὸ
2898 5080 3016 5134 τῶν
3040 5079 3268 5135 dabnt»;
3294 5084 3405 5136 ὑπὸ
3440 5085 3548 5138 τοῦ
3582 5079 3734 5142 Θεοῦ

2215 5151 2566 5221 κτισθείσῃς
2606 5148 2812 5221 ᾇτέριιρ
2853 5168 2915 5203 τε
2960 5151 3094 5220 παρ’
3137 5152 3324 5205 αὑτὸν
3362 5155 3587 5221 οὔσης,
3632 5158 3734 5212 καὶ

2217 5220 2340 5273 σὺν
2367 5218 2527 5284 αὐτῷ
2556 5219 2675 5271 τῶν
2706 5218 2862 5273 ὅλων
2888 5218 3318 5290 ἐπιμέλόμενος
3349 5224 3489 5294 (sic).

2146 5309 2285 5378 Περὶ
2331 5310 2458 5380 τοῦ-Α
2484 5310 2739 5377 Χριστοῦ
2784 5311 2865 5375 ὡς
2904 5311 3033 5380 περὶ
3087 5313 3226 5366 Υἱοῦ
3274 5315 3583 5380 Βασιλέως
3627 5316 3729 5370 καὶ

2215 5380 2343 5448 περὶ
2386 5378 2505 5432 τῶν
2547 5379 2904 5433 ἀποστόλων
2948 5378 3166 5457 ama.

2142 5468 2282 5537 Περὶ
2309 5468 2415 5521 τοῦ
2443 5468 2713 5539 -Χριστοῦ
2741 5468 2822 5532 ὡς
2874 5469 3007 5537 περὶ
3053 5470 3291 5539 ἀνδρὸς,
3333 5473 3432 5527 καὶ
3476 5474 3588 5539 τῆς
3635 5478 3724 5539 εὶς

2210 5536 2504 5607 οὐρανοὺς
2527 5536 2872 5622 ᾴναϐάσεως
2892 5536 3077 5594 αὑτοῦ
3094 5557 3106 5570 ·
3134 5536 3229 5595 καὶ
3253 5541 3365 5612 τῆς
3388 5543 3507 5598 τῶν
3529 5536 3719 5599 ἐιθηῦιὲ

2210 5623 2717 5677 κίιτακρατησεως.

2193 5762 2395 5821 οτρεειι.
2431 5781 2613 5830 xxx",
2654 5767 2705 5821 9.
2782 5767 3243 5835 "Coloss.t,16.
3331 5768 3708 5838 "'Joan.l.3-
