4134 6414
358 326 492 382 ΗΠ

754 439 885 496 Ἀπὸ
910 440 1018 495 τοῦ
1045 440 1539 510 Ἐκκλησιαστοῦ.

357 532 491 602 Περὶ
535 532 643 607 τοῦ
681 532 939 607 Χριστοῦ
969 533 1051 598 ὡς
1088 533 1217 607 περὶ
1265 536 1524 604 πένητος
1561 537 1783 607 σοφοῦ·
1830 534 1928 590 καὶ

429 603 563 673 περὶ
604 602 1033 657 τοῦδιαϐόλου
1077 604 1176 658 καὶ
1213 607 1319 660 τοῦ
1358 602 1784 677 Ἀπιχρίοῖτου.

358 696 491 765 Περὶ
539 695 647 749 τοῦ
674 694 930 763 Χριστοῦ
969 696 1049 760 ὡς
1096 696 1228 766 περὶ
1266 696 1527 764 πένητος
1558 699 1754 766 σοφοῦ
1778 715 1791 728 ’
1830 696 1928 751 καὶ

422 766 555 836 περὶ
579 766 685 820 τοῦ
714 766 1014 832 διαϐόλου,
1045 767 1143 821 καὶ
1170 767 1301 835 περὶ
1326 767 1437 836 τῆς
1479 770 1855 837 Ἐκκλησίας.

385 858 390 869 ’
832 879 964 933 Ἀπὸ
996 880 1101 935 τοῦ
1134 882 1454 951 ’ᾼσματοᾳ

359 972 493 1041 Περὶ
515 971 621 1026 τοῦ
659 971 914 1041 Χριστοῦ
938 972 1034 1043 ,ὡς
1059 973 1189 1041 περὶ
1224 974 1508 1043 νυμφίου,
1548 973 1779 1041 καὶτῆς
1810 971 1931 1043 τῷν

423 1043 607 1113 ἀγίων
654 1042 1017 1109 Ἐκκλησίας
1064 1043 1144 1109 ὡς
1182 1042 1439 1113 νύμφης,
1489 1045 1584 1098 καὶ
1631 1044 1763 1113 περὶ
1811 1042 1931 1098 τῶν

425 1114 495 1166 έν
525 1112 649 1179 τοῖς
672 1115 873 1177 τόποις
917 1112 1435 1184 ἐπικεκρυμμένων
1454 1112 1819 1185 μυστηρίων.

707 1190 709 1193 Ι
915 1222 1048 1276 Ἀπὸ
1077 1222 1185 1277 τοῦ
1231 1220 1367 1276 Ἰὼϐ.

361 1313 496 1383 Περὶ
528 1313 634 1368 τοῦ
660 1313 915 1382 Χριστοῦ
942 1314 1023 1377 ὠς
1046 1312 1563 1383 περιπατήσαντος
1591 1313 1690 1367 ἐπὶ
1716 1312 1932 1368 θαλάτ-

426 1382 557 1454 της,
587 1384 684 1438 καὶ
718 1384 780 1437 τὸ
817 1382 964 1453 μέγα
996 1382 1178 1452 κῆτος
1199 1384 1660 1454 χειρωσαμένου.

362 1475 494 1545 Περὶ
539 1472 649 1541 τῆς
691 1475 778 1537 εἰς
816 1471 923 1526 τὸν
975 1473 1168 1544 ’ᾍδην
1204 1474 1309 1528 τοῦ
1346 1475 1604 1543 Χριστοῦ
1649 1475 1926 1530 καθόδου.

361 1567 441 1641 (F.
459 1567 622 1692 γε’)
643 1566 781 1635 Περὶ
806 1565 917 1635 τῆς
938 1566 1044 1622 τοῦ
1069 1567 1348 1621 διαϐόλου
1376 1568 1526 1636 πρὸς
1551 1568 1658 1623 τὸν
1675 1567 1933 1638 Χριστὸν

429 1652 473 1691 π
558 1657 651 1706 ης.
786 1685 794 1695 ,

893 1750 1026 1804 Ἀπὸ
1058 1749 1163 1804 τοῦ
1201 1750 1395 1818 Ὠσηέ.

534 1843 671 1912 Περὶ
709 1842 813 1897 τοῦ
847 1842 1103 1912 Χριστοῦ
1135 1842 1215 1907 ὡς
1250 1843 1383 1912 περὶ
1426 1842 1753 1913 πανθῆρος.

363 1934 499 2004 Περὶ
529 1933 642 2002 τῆς
665 1933 771 1988 τοῦ
812 1933 1050 2002 Ἰσραὴλ
1076 1933 1401 2002 ἀποϐολῆς,
1428 1935 1521 1988 καὶ
1550 1934 1661 2003 τῆς
1689 1934 1796 1988 τοῦ
1818 1935 1933 1999 ,ϐα-

429 2007 663 2060 σιλείου
698 2004 896 2059 αὐτῶν
926 2005 1376 2075 καταπαύσεως,
1408 2004 1519 2073 τῆς
1558 2022 1623 2059 τε
1662 2005 1770 2060 τοῦ
1801 2009 1933 2075 Χρι-

431 2076 582 2131 στοῦ
619 2075 689 2140 ἐξ
722 2077 1021 2145 Αἰγύπτου
1043 2074 1490 2145 μετακλήσεως.

374 2168 467 2236 Ὡς
510 2172 542 2222 ὀ
585 2166 727 2234 Θεὸς
768 2168 959 2239 Λόγος
1015 2169 1159 2236 Θεὸς
1214 2168 1662 2239 ὀνομαζόμενος,
1717 2170 1935 2238 Κύριον

441 2240 724 2309 ὀμολογεῐ
745 2238 853 2293 τὸν
866 2238 1124 2308 Πατέρα.

896 2352 1030 2407 Ἀπὸ
1064 2354 1168 2408 τοῦ
1206 2352 1402 2424 Ὰμῶς.

377 2442 472 2509 Ὠς
502 2446 535 2496 ὀ
560 2442 727 2515 Θεὸς
762 2445 962 2515 ίΛότρς
1002 2445 1220 2514 Κύριος
1261 2441 1691 2515 ὀνομαζόμενος
1732 2443 1937 2515 ἕτερον

435 2514 571 2583 παρ’
601 2514 819 2567 ἑαυτὸν
857 2511 1009 2568 εἶναι
1035 2511 1142 2569 τὸν
1169 2511 1402 2584 Πατέρα
1430 2511 1722 2570 διδάσκει.

362 2605 503 2675 Περὶ
521 2603 640 2672 ’τῆς
675 2606 763 2669 εὶς
789 2603 1139 2673 ἀνθρώπους
1164 2603 1480 2673 ἐπιδημίας
1508 2604 1614 2658 τοῦ
1653 2602 1933 2672 Χριστοῦ.

858 2719 992 2774 Ἀπὸ
1025 2720 1133 2774 τοῦ
1169 2718 1442 2774 Ἀϐδειοῦ.

373 2811 471 2877 Ὠς
497 2814 529 2865 ὀ
563 2808 708 2876 Θεὸς
737 2811 925 2878 Λόγος
961 2810 1175 2877 Κύριος
1203 2809 1299 2864 καὶ
1341 2807 1484 2875 Θεὸς
1511 2805 1938 2877 ὀνομαζόμενος

433 2881 752 2951 ἀκηκοέναι
782 2882 914 2934 τινὰ
950 2881 1111 2949 παρὰ
1155 2880 1372 2950 Κυρίου
1426 2878 1721 2950 ὁμολογεῖ.

904 2994 1037 3049 Ἀπὸ
1085 2994 1190 3049 τοῦ
1232 2993 1409 3051 Ἰωνᾶ.

1371 322 1665 386 ECLOGA?
1699 326 2182 386 PROPHETICE.
2219 359 2292 369 —
2319 327 2449 385 LIB.
2490 316 2575 385 Ill.

1958 452 2006 509 A

3459 326 3596 387 1118

2560 442 2644 497 Ea:
2670 441 3064 499 Ecclesiastico.

2030 533 2345 659 De‘C’hristto
2373 536 2528 606 quasi
2558 536 2704 604 inopi
2730 538 2965 606 sapiente
3006 553 3025 591 :
3058 534 3123 590 de
3157 533 3369 590 diabolo
3394 541 3446 591 et
3482 533 3598 588 An-

2123 621 2171 659 ic
2210 622 2282 659 ris
2310 623 2362 659 ο.

2123 621 2362 660 πτητιδιο.

2030 695 2107 752 De
2133 695 2351 822 (Christo
2372 696 2525 767 quasi
2551 697 2691 766 inopi
2728 699 2963 768 sapiente
2994 715 3014 754 :
3041 697 3106 752 de
3150 697 3362 753 diabolo
3388 704 3441 752 et
3494 694 3598 749 Ec-

2103 784 2128 821 c
2152 784 2283 822 esui.

2103 784 2283 823 τιεηιι.

2657 879 2703 934 Ε
2727 880 2968 936 Cantica.

2030 969 2108 1025 De
2139 970 2351 1028 Christo
2379 972 2532 1041 quasi
2575 989 2785 1041 sponso,
2815 982 2866 1027 et
2914 971 2977 1026 de
3018 982 3321 1027 sanctorum
3357 969 3596 1025 Ecclesia

2100 1044 2254 1125 qttasi
2300 1059 2515 1113 sponsu,
2546 1043 2610 1098 de
2638 1043 2961 1098 absconditis
2991 1044 3047 1097 in
3076 1045 3173 1098 hoc
3228 1043 3363 1097 libro
3404 1051 3596 1113 myste-

2102 1129 2219 1167 7188.

2703 1223 2784 1277 Ex
2836 1223 2960 1279 Job.

2032 1314 2109 1369 De
2134 1314 2344 1371 Christo
2383 1315 2537 1387 quasi
2565 1331 2720 1385 super
2748 1332 2894 1370 mare
2916 1315 3220 1370 ambulante
3262 1322 3312 1369 et
3351 1328 3595 1386 magnum

2101 1398 2207 1441 cete
2239 1387 2554 1443 devincente.

2031 1477 2111 1531 De
2145 1476 2345 1531 Christi
2370 1479 2421 1530 in
2452 1477 2715 1546 infernum
2744 1475 3015 1532 descensu.

2033 1568 2109 1622 De
2136 1567 2339 1622 diaboli
2374 1568 2432 1621 in
2463 1567 2734 1624 Christum
2764 1569 3069 1625 certamine.

2675 1750 2760 1805 Ea:
2799 1750 2952 1807 Osee.

1964 1808 2004 1863 Β
2034 1843 2112 1899 De
2140 1844 2350 1899 Christo
2374 1846 2528 1917 quasi
2548 1845 2825 1915 panthera.

2032 1934 2327 2006 DerIsrael
2371 1937 2610 2006 repudio.
2643 1936 2706 1991 de
2728 1936 2876 2006 regni
2914 1952 3094 1991 eorum
3136 1937 3419 2002 eversione,
3450 1943 3503 1992 et
3537 1935 3602 1992 de

2104 2005 2305 2062 Christi
2328 2023 2394 2061 ex
2424 2005 2656 2079 As’gypto
2687 2008 3035 2062 revocatione.

2035 2163 2310 2231 Quomodo
2344 2163 2482 2218 Deus
2538 2162 2764 2219 Verbum
2795 2164 2932 2220 Deus
2963 2164 3268 2219 nominatus
3315 2162 3602 2217 Dominum

2103 2246 2250 2293 vocat
2278 2235 2512 2291 Patrem.

2669 2348 2753 2403 Ea:
2782 2349 2966 2405 Amos.

2037 2441 2313 2511 Quomodo
2342 2442 2481 2497 Deus
2524 2442 2750 2498 Verbum
2777 2443 3037 2497 Dominus
3087 2443 3391 2497 nominatus
3437 2441 3604 2499 alium

2106 2531 2168 2568 ac
2197 2531 2251 2568 se
2276 2531 2387 2568 esse
2424 2516 2635 2569 Patrem
2666 2518 2832 2568 docet.

2037 2606 2115 2662 De
2140 2604 2341 2662 Christi
2372 2605 2515 2675 apud
2546 2605 2779 2661 homines
2803 2606 3233 2660 commoratione.

2669 2719 2755 2773 Ea:
2790 2720 2983 2775 Abdia.

2040 2813 2315 2882 Quomodo
2352 2811 2487 2866 Deus
2526 2810 2749 2865 Verbum
2789 2810 3041 2882 Dominus
3083 2819 3131 2863 et
3183 2808 3322 2863 Deus
3358 2809 3608 2882 nomina-

2111 2897 2214 2953 tus,
2238 2883 2423 2937 audita
2452 2882 2617 2952 fuisse
2640 2883 2883 2950 qua’dam
2912 2899 2943 2935 a
2977 2881 3205 2935 Domino
3238 2880 3534 2951 conﬁtetur.

2706 2994 2756 3048 E
2776 2995 2937 3050 Iona.

376 3089 473 3155 Ὧς
510 3088 549 3155 ἡ
583 3087 715 3160 περὶ
756 3087 865 3160 τὸν
905 3085 1103 3160 Ἰωνᾶν
1143 3089 1449 3160 οἰκονομία
1486 3086 1552 3160 τὸ
1600 3083 1789 3152 πάθος
1830 3086 1937 3141 τοῦ

2042 3091 2317 3160 Quomodo
2346 3089 2499 3146 Jonae
2525 3090 2749 3143 historia
2782 3086 2981 3160 Christi
3002 3088 3300 3156 passionem
3331 3087 3546 3158 ejusque
3574 3104 3607 3141 α

436 3150 716 3228 Χριστοῦ,
761 3156 861 3212 καὶ
900 3157 1015 3225 τὴν
1050 3159 1118 3211 ἐκ
1162 3150 1390 3227 νεκρῶν
1436 3150 1779 3215 ἀνάστασιν
1826 3174 1939 3227 ση-

2046 3150 2083 3160 “
2112 3164 2333 3217 mortuis
2363 3161 2795 3217 resurrectionem
2825 3150 3044 3213 indicat.

432 3229 653 3300 μαίνει.

886 3337 1020 3393 Ἀπὸ
1047 3339 1153 3393 τοῦ
1186 3339 1429 3408 Μιχαία.

366 3428 508 3498 Περὶ
548 3428 659 3501 τῆς
697 3428 980 3498 δευτέρας
1015 3431 1121 3486 τοῦ
1160 3430 1416 3499 Χριστοῦ
1458 3432 1814 3501 παρουσίας,
1860 3431 1942 3498 ὡς

438 3500 570 3570 περὶ
598 3502 840 3575 Κυρίου.

366 3590 644 3674 Περὶ-τῆς
666 3592 1093 3674 ποῦ’,προτέρου
1120 3593 1273 3674 λαοῦ
1301 3593 1397 3674 καὶ
1431 3593 1541 3674 τῆς
1575 3593 1809 3674 Ἰσραὴλ
1842 3593 1941 3648 καὶ

440 3611 644 3675 ξρι-της
675 3611 783 3646 του
807 3611 1093 3715 προτεὲου
1120 3611 1273 3647 λαου
1301 3611 1397 3647 και
1431 3611 1541 3662 της
1579 3611 1809 3674 ἰσρατμ
1842 3611 1941 3648 και

440 3680 549 3735 του
766 3662 941 3731 ὅρους
997 3663 1235 3735 ρημίαςν
1270 3664 1367 3735 καὶ
1408 3665 1539 3732 περὶ
1580 3681 1692 3731 της
1733 3666 1944 3735 ἐπιφα-

443 3734 607 3804 νείας
634 3734 741 3804 τοῦ
771 3732 1028 3801 Χριστοῦ
1055 3732 1142 3804 ὡς
1163 3734 1295 3803 περὶ
1327 3734 1524 3804 ὄρους,
1555 3735 1651 3789 καὶ
1676 3734 1808 3804 περὶ
1834 3732 1944 3804 τῆς

442 3801 561 3875 τῶν
584 3802 773 3875 ἐθνῶν
797 3802 1191 3875 προσαγωγῆς
1207 3822 1220 3834 ·
1236 3801 1368 3858 ’καί
1382 3805 1489 3859 τοῦ
1521 3804 1731 3860 καινοῦ
1748 3801 1942 3875 νόμου

442 3874 548 3929 τοῦ
581 3873 732 3928 κατὰ
768 3874 883 3942 τὴν
906 3872 1124 3943 καινὴν
1152 3874 1467 3943 Διαθήκην.

371 3964 829 4054 Romam
1162 4036 1173 4054 .
1197 3967 1286 4054 έν.
1317 3965 1469 4054 non
1684 3968 1944 4054 ξριστρῦ

441 4035 765 4108 γενέσεωςο
814 4035 909 4089 καὶ
947 4036 1027 4102 ὡς
1067 4036 1179 4104 πρὸ
1213 4035 1331 4091 τῶν
1369 4035 1598 4093 αἰώνων
1623 4042 1656 4094 ὀ
1691 4035 1946 4108 Χριστὸς

443 4104 734 4176 ὑπῆρχεν.

841 4216 977 4271 Ἇπὸ
1020 4216 1126 4272 τοῦ
1169 4217 1421 4286 Σοςρονίο
1433 4237 1486 4273 ι’.

373 4307 514 4377 Περὶ
535 4306 646 4375 τῆς
681 4305 1073 4377 ἀναστάσεως
1102 4305 1207 4359 τοῦ
1241 4305 1522 4375 Χριστοῦ,
1553 4305 1650 4361 καὶ
1686 4304 1816 4375 περὶ
1837 4304 1948 4375 τῆς

447 4375 565 4431 τῶν
594 4375 785 4434 ἐθνῶν
828 4376 1120 4444 κλήσεως.

876 4487 1008 4542 Ἀπὸ
1044 4488 1147 4542 τοῦ
1172 4487 1455 4558 Ζαχαρία.
1540 4496 1541 4503 ‘

386 4580 479 4648 ’.ος
509 4583 541 4636 δ
567 4580 709 4659 θεὸς
745 4580 1184 4659 ᾼίῖἶυςᾙύριος
1220 4577 1642 4659 πανῖοκράτωρ
1660 4576 1961 4659 ένέμαζᾷί

440 4667 625 4722 μενος
654 4650 774 4722 ὑπὸ
807 4648 1031 4722 Κυρίου
1075 4649 1551 4719 παντοκράτορος
1581 4648 1691 4703 τοῦ
1718 4648 1950 4717 Πατρός

444 4719 815 4777 ἀπεστάλθαι
844 4721 1027 4791 λέγει.

386 4816 479 4881 Ὦς
503 4817 536 4869 ὀ
563 4812 707 4880 Θεὸς
739 4815 930 4884 Λόγος
952 4815 1164 4883 Κύριος
1189 4812 1616 4884 ὀνομαζόμενος
1651 4813 1823 4881 ῆξειν
1851 4811 1951 4866 ἐπὶ

445 4884 561 4953 τὴν
603 4883 988 4953 Ἰερουσαλὴμ
1022 4883 1295 4954 προλέγει
1335 4885 1407 4937 τὰ
1441 4884 1586 4950 ἔθνη
1627 4885 1720 4939 ἐπ’
1763 4884 1951 4939 αὑτὸν

445 4955 919 5024 καταφεύξεσθαι
944 4955 1401 5025 ἀπεσταλμένον
1422 4954 1542 5010 ὑπὸ
1553 4955 1774 5023 Κυρίου
1803 4970 1951 5008 παν-

448 5025 821 5096 τοκράτορος.

377 5119 655 5192 Περὶτοῦ
688 5118 949 5192 Χριστοῦ
983 5119 1063 5192 ᾡς
1108 5118 1241 5192 περὶ
1277 5117 1470 5192 Ἰησοῦ
1503 5118 1624 5182 τοῦ,
1648 5116 1946 5192 Ἰωσεδέκς

449 5186 548 5246 καὶ
593 5189 681 5245 ὅτι
713 5186 894 5256 ἀύτὸς
921 5189 1077 5258 ἀνὴρ
1121 5187 1401 5258 Ἀνατολὴ
1430 5189 1618 5258 ὄνομα
1647 5186 1825 5252 αὐτῷ,
1852 5187 1948 5241 καὶ

358 5300 366 5333 ε
449 5263 583 5331 περὶ
619 5263 731 5333 τῆς
760 5257 1077 5331 οἰκοδομῆς
1103 5257 1216 5327 τῆς
1261 5257 1637 5327 Ἐκκλησίας.

360 5323 651 5427 Ξηερὶντοῦ
676 5323 931 5426 Χριστοῦ
1055 5323 1208 5427 inept
1234 5323 1541 5427 Βασιλέως
1572 5351 1829 5427 ἥξοντος
1853 5350 1952 5427 ἐπὶ

360 5404 1215 5498 ι’·ᾎῖέιᾱξιῑτῐᾷῖξαὶῖσὶφῖωᾎι
1234 5404 1819 5498 manasseas
1844 5420 1955 5498 πά-

447 5500 551 5551 λαι
584 5490 793 5552 οἰκοῦν
816 5499 888 5551 ἐν
929 5494 1318 5564 Ἰερουσαλὴμ
1364 5490 1481 5548 τῶν
1533 5493 1818 5564 ιουδαζων
1856 5495 1952 5564 ἱπ-

448 5568 630 5621 πικόν
688 5585 752 5621 τε
798 5566 896 5621 καὶ
947 5561 1291 5620 ὀάτλιτικόνῖ
1350 5564 1447 5619 καὶ
1496 5564 1628 5631 περὶ
1670 5562 1779 5633 τῆς
1836 5561 1955 5617 τῶν

449 5637 641 5692 ἐθνῶν
677 5637 938 5711 εἰρήνης.

391 5728 487 5793 Ὧς
519 5732 552 5798 ό
600 5726 745 5795 Θεὸς
775 5730 963 5798 Λόγος
999 5727 1212 5796 Κύριος
1244 5726 1690 5797 ὀνομαζόμενος,
1734 5726 1954 5794 Kvpt'ov

452 5797 561 5857 τοῦ
608 5799 836 5866 Πατρὸς
870 5797 1176 5866 μέμνηται.
1829 5819 1836 5829 -

2665 3336 2714 3391 Ε
2741 3336 3005 3392 llic/ima.-

2039 3431 2118 3488 De
2144 3431 2370 3488 secundo
2394 3431 2594 3488 Christi
2616 3429 2862 3492 adventu.
2892 3429 3047 3500 quasi
3084 3426 3325 3483 Domino.

2042 3596 2120 3651 De
2157 3604 2322 3651 vetere
2349 3594 2561 3664 populo.
2602 3593 2665 3647 de
2711 3590 2919 3664 lsrael,_
2937 3589 3229 3664 montisque
3261 3588 3389 3664 Sion
3422 3585 3612 3664 solitu-

2112 3668 2254 3728 dine.
2287 3658 2359 3720 de'
2393 3658 2824 3734 manifestatione
2881 3662 3081 3734 Christi
3130 3658 3283 3734 quasi
3315 3658 3529 3734 montis,
3558 3664 3609 3710 et

2112 3738 2177 3792 de
2204 3737 2436 3807 gentium
2464 3729 2834 3799 institutione;
2869 3732 2933 3788 de
2972 3749 3105 3787 nova
3143 3729 3255 3803 lege
3285 3739 3334 3784 et
3373 3729 3439 3785 de
3479 3743 3610 3783 nouo

2117 3809 2471 3863 Testamento.
3230 3822 3243 3853 :

2048 3960 2124 4018 De
2156 3962 2455 4017 Bethlehem
2472 3973 2523 4017 et
2557 3966 2620 4017 de
2642 3961 2842 4018 Christi
2872 3962 2926 4014 in
2950 3977 3013 4014 ea
3045 3959 3361 4022 nativitate;
3403 3966 3453 4011 et
3478 3969 3612 4027 quo-

2116 4033 2273 4088 modo
2304 4044 2425 4088 ante
2453 4034 2650 4088 stecula
2681 4031 2925 4089 Christus
2952 4030 3261 4085 exsistebat.

2658 4207 2707 4262 E
2735 4205 3027 4276 Sophonia.

2056 4304 2134 4360 De
2162 4303 2363 4360 Christi
2390 4302 2769 4358 resurrectione
2798 4309 2846 4353 et
2868 4298 2931 4351 de
2963 4296 3193 4368 gentium
3218 4294 3508 4349 vocatione.

2580 4496 2589 4505 '
2657 4477 2700 4531 E
2724 4476 2767 4530 Ζ
2771 4478 3012 4532 acharia.

2053 4574 2326 4643 Quomodo
2347 4575 2513 4629 Deum
2548 4574 2769 4629 Verbum
2792 4573 3074 4626 Dominum
3101 4570 3500 4643 omnipotentem
3525 4583 3616 4621 no-

2116 4650 2403 4788 ’minuttzm.
2442 4664 2475 4700 α
2511 4647 2735 4701 Domino
2788 4643 3136 4711 omnipotente
3187 4639 3353 4694 Patre
3400 4639 3616 4693 missum

2140 4720 2280 4775 uisse
2346 4718 2456 4773 icit.

2140 4735 2280 4775 ιιιιεε
2308 4735 2456 4773 arcu.

2053 4810 2329 4877 Quomodo
2360 4811 2499 4865 Deus
2538 4810 2760 4864 Verbum
2788 4808 3040 4862 Dominus
3067 4807 3397 4877 nominatus_
3440 4809 3616 4877 uentu-

2122 4899 2239 4936 rum
2262 4899 2374 4936 esse
2403 4882 2470 4935 ad
2499 4880 2799 4937 Jerusalem
2830 4878 3087 4949 praedicit,
3114 4884 3287 4949 gentes
3328 4872 3397 4928 ad
3444 4874 3617 4943 ipsum

2123 4970 2178 5008 se
2202 4970 2537 5007 concessuras
2576 4957 2795 5006 missum
2829 4947 2859 5004 α
2896 4947 3125 5002 Domino
3147 4947 3516 5015 omnipotente.

2054 5111 2131 5167 De
2160 5113 2370 5169 Christo
2399 5114 2553 5184 quasi
2579 5100 2851 5234 Jesuflio
2874 5109 3127 5174 Josedec;
3156 5117 3205 5161 et
3225 5106 3365 5178 quod
3392 5107 3502 5175 ipse
3543 5104 3618 5161 vir

2127 5184 2316 5234 Oriens
2342 5201 2525 5234 nomen
2553 5185 2621 5234 ei.
2647 5198 2694 5234 et
2754 5202 2780 5234 σι
2813 5181 3061 5234 Ecclesia:
3092 5178 3460 5234 aedificatione.

2127 5184 2316 5242 Oriens
2342 5178 2525 5239 nomen
2553 5185 2621 5249 ei,
2647 5198 2694 5237 et
2717 5178 2780 5235 ιΙσι
2813 5181 3061 5235 Ecclesia:
3092 5178 3460 5248 aediﬁcatione.

2055 5348 2133 5404 De
2159 5349 2371 5405 Christo
2417 5347 2571 5418 quasi
2598 5344 2733 5416 Rege
2782 5354 2996 5399 venturo
3045 5343 3193 5418 inea
3227 5358 3346 5413 quae
3376 5338 3471 5395 sub
3497 5340 3620 5418 jugc

2124 5432 2203 5475 est
2233 5430 2281 5474 et
2314 5422 2366 5473 in
2394 5412 2540 5486 pullo
2567 5412 2705 5487 ejus,
2740 5427 2789 5470 et
2813 5432 3054 5487 eversuro
3082 5413 3413 5487 Iudaeorum
3432 5412 3621 5487 equites

2124 5502 2173 5546 et
2203 5479 2437 5545 armatos
2464 5490 2552 5558 qui
2581 5479 2707 5542 olim
2754 5486 3064 5542 habitabant
3105 5486 3161 5538 in
3193 5482 3535 5547 Jerusalem;
3563 5479 3619 5535 de

2125 5578 2252 5631 pace
2273 5561 2525 5633 gentium.

2060 5720 2334 5790 Quomodo
2363 5719 2500 5774 Deus
2551 5717 2773 5790 Verbum
2804 5716 3059 5772 Dominus
3092 5714 3420 5780 nominatus,
3445 5708 3616 5764 Domi-

2130 5809 2255 5848 num
2287 5791 2505 5847 Patrem
2531 5789 2787 5844 meminit.
