4114 6472
304 312 433 371 "Si

1276 313 1568 375 ΕοιοοΔε
1606 316 2086 376 ΡΒΟΡΒΕΤΙΕΑΞ.
2126 351 2195 361 -
2232 320 2360 378 LIB.
2399 320 2489 380 ill.

3414 324 3553 380 “‘22

304 425 408 480 τῶν
445 425 716 483 ἀνέκαθεν
746 428 1040 501 προφητῶν
1083 428 1180 493 τάς
1226 432 1354 503 περὶ
1379 432 1544 488 αὐτοῦ
1579 437 1875 506 πιστουμέ-

1981 436 2105 493 iude
2125 452 2235 493 non
2265 437 2537 493 immerito
2561 437 2990 509 exprobraretur
3018 435 3241 501 Iudaeis.
3268 439 3363 511 qui
3394 440 3553 496 Chri-

303 533 406 572 νων
452 516 781 582 ἀποδείξεις.
830 517 992 572 Ὅθεν
1041 519 1264 584 εἰκότως
1292 523 1357 577 ἀν
1388 541 1472 586 τις
1519 524 1792 592 Ἰουδαίοις
1823 544 1883 582 τε

302 605 378 679 μὴ
406 604 499 660 τὸν
533 606 769 678 Χριστὸν
791 608 1273 681 παραδεξαμένοις,
1297 612 1522 677 καὶτοῖς
1545 615 1646 684 τᾲς
1672 632 1884 689 προφη-

301 699 450 762 τείας
499 698 758 753 ἀθετοῦσι
786 698 1132 772 αἰρεσιώταις
1158 703 1571 775 καταμέμψοιτο
1617 708 1696 770 είς
1750 709 1883 763 ἀσύ-

301 806 472 845 στατα
504 791 990 863 περιτρεπομένοις
1010 809 1023 823 ’
1046 795 1097 847 oi
1127 794 1225 864 μὲν
1244 795 1353 866 γὰρ
1370 796 1445 860 ὡς
1465 796 1600 851 Θεοῦ
1623 798 1721 863 τὰς
1752 817 1884 873 προ-

301 881 531 955 φητείας
563 884 971 956 ἀποδεχόμενοι.
1001 885 1199 951 ταύτας
1236 886 1451 957 ψευδεῖς
1492 890 1883 961 ἀπελέγχουσιν

299 972 514 1036 ἀτελεῖς
542 973 711 1039 αύτάς
734 974 1170 1040 καταλείποντες,
1198 978 1282 1031 ὅτι
1311 977 1385 1049 μὴ
1408 978 1507 1043 τάς
1534 982 1616 1043 είς
1641 981 1730 1033 τὸν
1752 982 1884 1053 Χρι-

304 1064 426 1118 στὸν
454 1065 950 1137 ἀποπληρωθείσας
971 1067 1079 1122 τῶν
1110 1070 1452 1141 προφητειῶν
1498 1071 1751 1137 ὲκὸάσεις
1779 1067 1882 1127 οἷοί

299 1156 362 1210 τέ
390 1157 499 1210 εἰσι
531 1157 936 1230 παραδέξασθαι
956 1176 969 1190 ·
1005 1163 1053 1214 ot
1084 1161 1140 1215 δὲ
1165 1162 1255 1215 τὸν
1280 1163 1511 1234 Χριστὸν
1556 1164 1880 1236 ὁμολογοῦν-

301 1265 392 1314 τες
423 1248 733 1305 ἀσύστατον
763 1253 856 1305 καὶ
886 1253 1268 1309 ἀναπόδεικτον
1289 1257 1387 1328 τὴν
1408 1259 1485 1320 είς
1517 1258 1679 1313 αὐτὸν
1702 1259 1881 1314 πίστιν

302 1343 650 1415 περιέπουσι,
686 1345 760 1418 μὴ
793 1348 905 1411 τοῖς
936 1346 1260 1418 θαυμασίοις
1289 1349 1383 1404 τοῦ
1412 1348 1546 1404 Θεοῦ
1578 1353 1881 1423 προφήταις

300 1434 371 1489 τὰ
390 1452 458 1488 πε
468 1437 522 1507 pi
544 1436 710 1491 αὐτοῦ
739 1441 1274 1513 προμαρτυρομένοις
1294 1442 1666 1515 συγχρώμενοι
1690 1446 1881 1516 ’ἡμεῖς

302 1526 367 1595 γέ
388 1543 492 1580 τοι·
524 1528 627 1592 τὰς
670 1528 849 1599 μέντοι
879 1531 1211 1602 προφητείας
1249 1533 1337 1587 διὰ
1369 1535 1467 1605 τῆς
1501 1534 1595 1588 τοῦ
1645 1537 1881 1609 Χριστοῦ

302 1619 634 1691 παρουσίας,
668 1621 874 1693 ταύτην
890 1622 946 1676 δὲ
971 1623 1060 1678 διὰ
1089 1623 1199 1678 τῶν
1222 1626 1561 1698 προφητειῶν
1588 1629 1884 1701 πιστούμεο

296 1727 405 1778 ανοι,
444 1711 509 1766 τὸ
538 1712 707 1781 φανὸν
754 1714 848 1767 καὶ
880 1716 1104 1788 στερρὸν
1152 1716 1253 1786 τῆς
1297 1717 1554 1790 ἀληθείας
1601 1720 1883 1794 ἀνεξελέγ-

302 1821 454 1870 κτοις
512 1806 819 1871 ἀποδείξεσι
872 1808 1244 1881 παριστῶμεν.
1304 1810 1488 1865 Ταῦτα
1542 1813 1641 1885 μὲν
1689 1814 1766 1879 ὡς
1817 1817 1876 1871 ὲν

302 1898 581 1971 προοιμίῳ
600 1916 613 1929 ο
646 1898 812 1970 ἴωμεν
833 1898 889 1953 δὲ
913 1900 1006 1954 ἐπὶ
1031 1900 1090 1954 τὸ
1121 1902 1500 1975 προκείμενον.

712 2016 717 2023 ’
836 2014 1231 2069 ΚΕΦΑΛΔῙΟΝ
1282 2017 1364 2071 A’.

779 2129 909 2184 Ἀπὸ
943 2128 1063 2184 τῶν
1085 2131 1436 2202 Παροιμιῶν.

373 2242 533 2296 Πᾶσα
582 2242 679 2315 μὲν
712 2244 744 2313 ἡ
779 2242 958 2314 βίϐλος
986 2243 1095 2297 τῶν
1131 2244 1447 2317 Παροιμιῶν
1478 2247 1541 2299 ὲκ
1592 2247 1881 2320 προσώπου

302 2333 561 2404 λέγεσθαι
584 2334 683 2405 τῆς
715 2334 913 2405 Σοφίας
935 2335 1098 2403 ἔοικε,
1123 2337 1198 2408 πῆ
1231 2337 1329 2409 μὲν
1361 2339 1453 2392 τὸν
1488 2340 1674 2409 ἠθικὸν
1701 2341 1884 2396 ὑποτι-

304 2426 541 2499 θεμένης
597 2426 728 2498 βίον,
775 2428 852 2499 πῆ
884 2429 939 2482 δὲ
980 2431 1499 2503 προσωποποιούσης
1549 2433 1752 2506 ἐτέρων
1797 2433 1885 2487 λό-

302 2536 433 2590 γους
454 2535 468 2550 ·
504 2519 604 2574 καὶ
638 2520 765 2573 ποτὲ
802 2520 897 2591 μὲν
930 2521 1223 2591 αἰνίγματα
1257 2521 1719 2596 προὸαλλομένης,
1752 2525 1883 2579 ποτὲ

301 2612 349 2667 δ’
382 2608 450 2668 αὖ
486 2613 622 2686 περὶ¹
650 2612 817 2686 αὐτῆς
845 2630 965 2668 τινα
996 2612 1367 2685 διδασκούσης,
1398 2616 1493 2669 καὶ
1532 2616 1601 2671 τὰ
1635 2619 1762 2690 περί
1788 2617 1883 2671 τοῦ

304 2704 505 2776 ἑαυτῆς
561 2704 744 2760 ἐνθέου
794 2704 1101 2777 ἀξιώματος
1161 2706 1539 2779 παιδευούσης.
1595 2708 1812 2763 Τούτων
1837 2710 1881 2763 δ’

302 2796 680 2869 ἁναλεξόμεθα
710 2797 775 2851 δι’
807 2790 883 2851 ὧν
939 2796 1277 2870 μανθάνομεν
1324 2800 1405 2852 ὅτι
1461 2800 1525 2872 δὴ
1574 2798 1708 2864 ζῶον
1741 2801 1882 2857 θεῖον

303 2891 399 2945 καὶ
428 2891 608 2962 πάντη
638 2890 736 2963 τὴν
767 2890 925 2960 φύσιν
960 2891 1212 2963 ἐνάρετον
1256 2892 1289 2963 ή
1322 2891 1492 2961 Σοφία
1538 2894 1816 2964 τυγχάνει,
1846 2898 1879 2967 ή

302 2984 440 3057 αὐτὴ
481 2980 619 3038 οὖσα
673 2983 751 3056 τῷ
781 2983 916 3055 μετά
962 2982 1053 3037 τὸν
1082 2982 1295 3056 πρῶτον
1346 2982 1478 3037 Θεὸν
1508 2983 1744 3057 δευτέρῳ
1774 2985 1882 3039 τῶν

300 3076 438 3132 δλων
495 3075 656 3147 αἰτίῳ
680 3113 695 3139 ,
744 3075 822 3147 τῷ
870 3092 931 3129 τε
965 3093 984 3126 ι
1023 3077 1081 3129 ὲν
1113 3077 1255 3148 ἀρχῇ
1284 3074 1421 3148 πρὸς
1459 3075 1549 3130 τὸν
1586 3076 1717 3131 Θεὸν
1764 3076 1883 3148 Θεῷ

301 3167 481 3240 Λόγῳ,
518 3187 540 3220 ι
572 3169 665 3224 καὶ
688 3170 754 3239 τῇ
782 3166 1057 3239 διοικούσῃ
1097 3167 1193 3220 καὶ
1242 3167 1599 3240 οίκονομούσῃ
1629 3167 1696 3221 τὰ
1745 3167 1881 3241 σύμ-

303 3266 506 3326 παντα,
538 3259 632 3313 καὶ
662 3259 822 3332 μέχρι
846 3258 953 3313 τῶν
980 3259 1071 3313 ἐπὶ
1092 3259 1196 3331 γῆς
1238 3259 1577 3329 πραγμάτων
1608 3258 1880 3346 φθανούσῃ
1909 3272 1950 3329 c

303 3352 536 3425 προνοίᾳ
560 3350 655 3406 τοῦ
693 3351 850 3418 Θεοῦ,
883 3353 918 3425 ἡ
966 3353 1061 3407 καὶ
1090 3352 1196 3425 πρὸ
1225 3353 1409 3423 πάσης
1438 3352 1625 3418 οὐσίας
1680 3371 1739 3408 τε
1788 3356 1881 3409 καὶ

303 3445 657 3509 ὑποστάσεως
681 3444 949 3512 ἔκτισται,
979 3443 1119 3517 ἀρχὴ
1159 3444 1294 3499 ὁδῶν
1322 3440 1455 3500 οὖσα
1488 3446 1587 3517 τῆς
1619 3446 1745 3519 ὅλης
1785 3447 1880 3519 δη-

306 3536 621 3609 μιουργίας.
657 3535 737 3589 Td.
759 3535 816 3589 δὲ
852 3535 991 3607 ῥητά
1015 3536 1091 3598 ὼς
1120 3533 1181 3599 ἐξ
1205 3535 1375 3605 αὐτῆς
1396 3534 1498 3605 τῆς
1531 3536 1731 3605 Σοφίας
1758 3535 1882 3590 τοῦ·

302 3647 393 3685 τον
415 3616 669 3684 λέλεκται
708 3617 799 3683 τδν
826 3628 1023 3701 τρόπον
1046 3642 1059 3656 ·
1100 3645 1118 3680 ι
1155 3626 1296 3697 Ἐγὼ
1342 3627 1571 3700 ήΣοφία
1611 3630 1880 3701 κατεσκή-

303 3737 452 3775 νωσα
486 3719 684 3791 βουλὴν
717 3720 811 3774 καὶ
837 3718 1058 3788 γνῶσιν,
1096 3716 1189 3773 καὶ
1216 3716 1423 3771 ἔννοιαν
1461 3716 1574 3787 ἐγὼ
1627 3719 1882 3773 ἐπεκαλε-

304 3813 512 3885 σάμην.
567 3810 733 3878 Φόϐος
785 3811 988 3883 Κυρίου
1041 3812 1190 3882 μισεί
1231 3810 1447 3876 κακίαν,
1501 3810 1658 3883 ὓϐριν
1689 3830 1748 3865 τε
1786 3812 1881 3867 καὶ

303 3905 687 3979 ὑπερηφανίαν
722 3904 815 3958 καὶ
864 3903 1015 3968 ὁδοὺς
1050 3904 1335 3976 πονηρῶν,
1394 3903 1631 3975 ἐμίσησα
1673 3904 1729 3958 δὲ
1770 3905 1881 3975 ἐγὼ

301 3994 741 4068 διεστραμμένας
773 3994 924 4059 ὁδοὺς
952 3994 1159 4049 κακῶν.
1192 3996 1329 4066 Ἐμὴ
1368 3992 1528 4066 βουλὴ
1569 3996 1664 4049 καὶ
1701 3996 1878 4067 ἀσφά-

301 4087 455 4145 λειαν
492 4088 604 4159 ἐγὼ
634 4089 877 4153 σύνεσις,
918 4088 1025 4160 ὲμὴ
1059 4089 1115 4143 δὲ
1142 4089 1312 4160 ἰσχύς.
1353 4091 1432 4143 Δι’
1466 4088 1601 4160 ἐμοῦ
1643 4089 1879 4160 βασιλεῖς

305 4182 685 4253 βασιλεύουσι,
759 4182 852 4235 καὶ
921 4183 969 4235 oi
1019 4182 1275 4236 δυνάσται
1343 4183 1614 4255 γράφουσι
1671 4184 1877 4238 δικαιο-

306 4276 498 4348 σύνην.
521 4276 598 4329 Δι’
638 4274 772 4346 ἐμοῦ
819 4276 1140 4347 μεγιστᾶνες
1197 4275 1607 4346 μεγαλύνονται,
1653 4275 1747 4329 καὶ
1782 4274 1878 4329 τύ-

308 4385 490 4440 ραννοι
528 4367 596 4422 δι’
650 4368 783 4439 ἐμοῦ
821 4367 1083 4439 κρατοῦσι
1112 4368 1231 4439 γῆς·
1278 4368 1418 4437 Ἐγὼ
1465 4369 1591 4432 τοὺς
1633 4369 1733 4438 ἐμὲ
1792 4386 1878 4438 φι-

303 4458 530 4524 λοῦντας
604 4457 822 4527 ἀγαπῶ,
874 4459 924 4512 οἱ
966 4458 1023 4512 δὲ
1072 4459 1171 4529 ἐμὲ
1232 4457 1525 4529 ζητοῦντες
1590 4458 1876 4530 εὑρήσουσι

303 4558 483 4627 χάριν.
517 4552 751 4615 Πλοῦτος
778 4553 871 4607 καὶ
918 4552 1043 4619 δόξα
1089 4553 1212 4624 ἐμοὶ
1264 4553 1495 4624 ὑπάρχει
1515 4592 1529 4617 ,
1563 4552 1657 4606 καὶ
1686 4554 1875 4623 κτῆσις

306 4645 516 4701 πολλῶν
568 4645 661 4700 καὶ
698 4644 1032 4715 δικαιοσύνη.
1084 4645 1302 4700 Βέλτιον
1360 4646 1460 4716 ἐμὲ
1514 4644 1875 4717 καρπίζεσθαι

304 4739 449 4811 ὑπὲρ
481 4737 703 4811 χρυσίον
759 4737 856 4792 καὶ
910 4736 1055 4790 λίθον
1111 4737 1288 4810 τίμιον
1323 4738 1520 4792 πολύν*
1548 4738 1618 4792 τὰ
1666 4739 1721 4792 δὲ
1768 4739 1876 4810 ὲμά

304 4832 617 4904 γεννήματα
647 4830 884 4903 κρείσσω
911 4830 1172 4902 ἀργυηίου
1200 4830 1476 4886 ὲκλεκτοῦ.
1547 4832 1634 4885 Ἐν
1659 4829 1739 4902 (F.
1770 4831 1876 4901 26)

303 4924 441 4990 ὁδοῖς
491 4923 835 4994 δικαιοσύνης
889 4923 1201 4994 περιπατῶ,
1238 4922 1331 4976 καὶ
1355 4923 1625 4995 ἀναμέσον
1674 4925 1874 4995 τρίϐων

303 5014 668 5085 δικαιώματος
730 5012 1172 5086 ἀναστρέφομαι·
1226 5013 1312 5067 ἵνα
1366 5014 1577 5085 μερίσω
1618 5017 1730 5079 τοῖς
1775 5013 1874 5086 ἐμὲ

304 5107 591 5177 ἀγαπῶσιν
625 5104 878 5179 ὓπαρξιν,
910 5105 1154 5169 καὶτοὺς
1195 5103 1499 5178 θησαυροὺς
1545 5104 1724 5158 αὐτῶν
1772 5107 1873 5176 ἐμ-

307 5200 500 5272 πλήσω
530 5197 777 5267 ἀγαθῶν*
814 5197 908 5251 ὲάν
936 5198 1242 5267 ἀναγγείλω
1264 5199 1390 5269 ὑμῖν
1417 5197 1485 5251 τὰ
1514 5197 1635 5252 καθ’
1661 5197 1872 5270 ἡμέραν

306 5292 585 5366 γινόμενα,
612 5293 966 5365 μνημονεύσω
987 5293 1055 5346 τά
1096 5291 1155 5360 ἐξ
1181 5291 1376 5354 αἰῶνος
1410 5289 1729 5361 ἀριθμῆσαι.
1769 5288 1875 5342 Κύ-

311 5401 421 5456 ριος
443 5383 622 5438 ἔκτισέ
647 5402 711 5456 με
732 5385 904 5457 ἀρχὴν
928 5383 1061 5438 ὁδῶν
1092 5382 1255 5438 αὑτοῦ
1286 5385 1364 5446 είς
1389 5382 1527 5454 ἔργα
1558 5380 1745 5447 αὑτοῦ,
1769 5382 1874 5455 πρὸ

306 5474 398 5529 τοῦ
422 5475 614 5541 αἰῶνος
634 5475 956 5547 ὲθεμελίωσέ
983 5493 1069 5546 με,
1097 5478 1153 5530 ὲν
1181 5477 1321 5547 ἀρχῇ
1370 5475 1475 5546 πρὸ
1510 5472 1604 5526 τοῦ
1643 5472 1741 5543 τὴν
1773 5476 1875 5545 γῆν

308 5568 548 5639 ποιῆσαι,
574 5569 668 5622 καί¹
700 5567 806 5642 πρὸ
828 5568 923 5621 τοῦ
951 5568 1048 5631 τὰς
1068 5566 1335 5631 ἀϐύσσους
1367 5567 1609 5637 ποιῆσαι,
1645 5566 1752 5637 πρὸ
1778 5564 1871 5618 τοῦ

308 5659 479 5715 ἐλθεῖν
511 5661 609 5727 τάς
641 5662 821 5733 πηγὰς
868 5659 975 5715 τῶν
1025 5661 1262 5715 ὑδάτωνο
1306 5660 1410 5731 πρὸ
1454 5657 1547 5713 τοῦ
1580 5658 1681 5731 ὅρη
1712 5659 1872 5731 ἐδρα-

310 5750 521 5824 σθῆναι,
572 5752 677 5826 πρὸ
700 5752 757 5807 δὲ
806 5752 1023 5807 πάντων
1056 5751 1278 5824 βουνῶν,
1308 5751 1471 5823 γεννᾷ
1534 5766 1621 5822 με.
1669 5748 1871 5821 Κύριος

377 5871 423 5905 ⁹⁹
459 5869 616 5928 Joan.
654 5885 709 5927 ι.
746 5869 799 5927 ί.

1988 537 2135 586 stum
2162 546 2273 584 non
2304 528 2618 595 admittunt,
2650 546 2750 587 nec
2776 546 2887 587 non
2935 531 3206 589 bereticis
3241 528 3555 603 proplietias

1988 622 2386 692 rejicieutibus,
2437 623 2582 695 quod
2640 624 2694 678 in
2742 624 3231 681 contradictionem
3281 626 3550 681 incidunt.

1988 716 2068 771 Illi
2089 716 2234 771 enim
2263 716 2411 772 velut
2440 731 2471 771 a
2499 714 2609 772 Deo
2634 717 2951 787 preplietias
2994 717 3293 789 accipiunt,
3326 718 3553 774 menda-

1987 809 2058 864 cii
2080 819 2258 866 auteni
2281 825 2375 866 eas
2395 819 2652 880 arguunt,
2680 811 2808 865 dum
2832 810 3176 881 imperfectas
3198 825 3323 866 esse
3343 811 3549 874 sinunt,

1987 899 2043 955 in
2064 901 2286 956 Christo
2307 910 2743 958 consummatum
2773 901 2945 958 fuisse
2964 902 3366 972 prophetiarum
3384 917 3551 957 even-

1987 999 2103 1046 tum
2150 1007 2446 1064 agnoscere
2463 1002 2835 1067 nequeuntes;
2863 992 2919 1047 bi
2967 1009 3116 1057 vero,
3145 994 3238 1063 qui
3273 992 3550 1049 Christum

1986 1084 2336 1148 conﬁtentur,
2366 1085 2658 1141 absurdam
2686 1092 2866 1139 tamen
2901 1101 3078 1156 neque
3107 1088 3271 1142 certis
3305 1085 3549 1141 fulcitam

1985 1176 2334 1233 documentis
2374 1177 2534 1236 [idem
2571 1178 2694 1248 ejus
2747 1178 3109 1241 contendunt,
3156 1176 3550 1235 admirabiliter

1985 1267 2082 1325 Dei
2115 1270 2432 1340 prophetas,
2463 1271 2559 1341 qui
2592 1271 2967 1328 testimonium
3014 1271 3143 1327 olim
3191 1270 3260 1325 de
3307 1285 3374 1325 eo
3423 1266 3551 1327 red-

1986 1362 2264 1431 diderunt,
2284 1377 2397 1418 non
2424 1372 2804 1435 agnoscentes.
2834 1362 2975 1430 Quid
3003 1378 3132 1419 vero
3160 1362 3295 1417 nos?
3319 1360 3553 1431 Prophe-

1985 1454 2093 1511 tias
2126 1455 2346 1526 quidem
2385 1464 2607 1528 propter
2658 1456 2863 1512 christi
2918 1455 3231 1519 adventum,
3263 1456 3407 1509 hunc
3452 1469 3549 1509 au—

1984 1552 2095 1603 tem
2131 1560 2352 1621 propter
2394 1551 2707 1621 prophetias
2753 1550 3047 1614 credimus,
3089 1565 3156 1605 ac
3220 1548 3551 1605 evidentiam

1993 1645 2280 1717 roburque
2304 1647 2548 1702 veritatis
2581 1645 2908 1701 arctissimis
2941 1645 3291 1701 ostendemus
3326 1642 3550 1698 demon-

1987 1736 2369 1793 strationibus.
2395 1736 2500 1794 S‘ed
2531 1738 2664 1794 satis
2690 1737 2757 1794 de
2784 1735 3079 1808 prooemio;
3098 1735 3212 1805 jam
3251 1733 3318 1788 ad
3353 1747 3550 1804 prapo-

1981 1828 2144 1887 situm
2184 1837 2547 1889 transeamus.

2615 2033 2845 2090 CAPUT
2881 2033 2921 2089 Ι.

2576 2144 2626 2200 E
2652 2144 2974 2203 Proverbiis.

2054 2259 2225 2316 Totus
2247 2258 2665 2317 Proverbiorum
2688 2262 2826 2318 liber
2847 2260 2917 2319 de
2935 2260 3237 2335 Sapientia,
3259 2262 3304 2320 si
3327 2262 3392 2319 ad
3415 2262 3550 2325 titu-

1983 2352 2095 2415 lum
2145 2353 2433 2424 respicias,
2460 2361 2701 2409 tractare
2741 2353 2985 2421 videtur;
3017 2371 3162 2410 nunc
3195 2354 3442 2411 moribus
3471 2356 3552 2410 vi-

1981 2453 2093 2501 tam
2127 2447 2370 2513 instruit,
2414 2462 2559 2502 nunc
2600 2446 2738 2503 alios
2781 2446 3064 2518 loquentes
3111 2447 3363 2503 inducit:
3408 2463 3550 2503 non-

1983 2554 2261 2609 nunquam
2296 2538 2552 2609 proponit
2597 2540 2919 2610 aenigmata;
2953 2538 3127 2608 ipsam
3180 2539 3452 2596 interdum
3483 2538 3552 2595 de

1982 2661 2042 2702 se
2070 2645 2316 2717 quaedam
2344 2645 2685 2709 edocentem,
2714 2646 2991 2715 multaque
3015 2644 3082 2699 de
3111 2644 3294 2699 divina
3327 2646 3549 2700 suimet-

1983 2738 2158 2809 ipsius
2215 2737 2483 2807 dignitate
2531 2736 2929 2792 ostendentem.
2979 2736 3223 2803 Quorum
3272 2752 3335 2792 ea
3399 2738 3552 2807 prius

1981 2828 2301 2899 colligemus
2325 2826 2525 2897 quibus
2556 2838 2892 2897 compertum
2936 2827 3199 2883 habemus
3229 2828 3435 2899 aliquid
3467 2827 3553 2883 di-

1981 2921 2166 2975 vinum
2195 2935 2317 2975 esse
2341 2919 2661 2990 sapientiam
2689 2928 2741 2975 et
2766 2928 2961 2974 natura
2981 2921 3203 2975 omnino
3233 2922 3551 2992 praecellen-

1982 3020 2115 3076 tem,
2148 3012 2433 3082 ipsamque
2462 3010 2781 3078 secundam,
2818 3020 2943 3083 post
2972 3013 3209 3084 priorem
3243 3013 3433 3078 Deum,
3466 3030 3553 3071 re-

1982 3135 2103 3174 rum
2160 3118 2540 3175 universarum
2593 3133 2841 3188 causam,
2871 3136 2992 3192 qua:
3035 3122 3254 3192 quidem
3299 3138 3423 3178 cum
3479 3124 3553 3179 sit

1991 3232 2010 3265 ι
2047 3214 2102 3268 in
2142 3215 2414 3286 principio
2436 3217 2577 3287 apud
2601 3215 2768 3271 Deum
2802 3214 2945 3272 Deus
2968 3213 3292 3280 Verbum”.
3315 3235 3335 3270 ι
3370 3216 3550 3271 omnia

1986 3321 2181 3377 regens
2227 3314 2390 3378 atque
2416 3308 2701 3372 ordinans,
2730 3316 2783 3363 ct
2805 3307 2899 3363 Dei
2930 3308 3270 3379 providentia
3295 3308 3552 3364 omnibus

1983 3415 2104 3468 qua:
2153 3407 2282 3456 sunt
2335 3414 2501 3470 super
2539 3408 2739 3455 terram
2787 3400 3103 3463 consulens,
3151 3408 3278 3475 ante
3335 3414 3549 3455 omnem

1982 3492 2276 3546 essentiam
2341 3500 2395 3546 et
2449 3490 2814 3547 substantiam
2885 3502 3199 3564 procreata,
3263 3492 3551 3563 omnisque

1983 3585 2278 3637 creationis
2299 3583 2513 3638 viarum
2539 3583 2889 3655 principium.
2918 3582 3043 3639 Ilaec
3080 3598 3207 3639 vero
3240 3598 3361 3654 qua:
3393 3582 3548 3654 quasi

1981 3686 2047 3743 de
2078 3703 2137 3743 se
2170 3688 2285 3758 ipsa
2312 3686 2588 3759 Sapientia
2618 3689 2750 3745 dicit
2782 3704 2795 3742 :
2834 3708 2852 3740 ι
2894 3686 3007 3759 Ego
3053 3686 3329 3759 Sapientia
3364 3687 3551 3743 habito

1981 3780 2037 3835 in
2093 3780 2347 3844 consilio,
2384 3788 2439 3835 et
2494 3780 2725 3838 eruditis
2788 3783 3051 3837 intersum
3103 3780 3545 3851 cogitationibus.

1980 3871 2168 3929 Timor
2189 3874 2399 3929 Domini
2424 3875 2540 3931 odit
2569 3876 2772 3930 malum
2804 3894 2818 3928 :
2851 3874 3244 3943 arrogantiam,
3275 3881 3330 3929 et
3360 3887 3547 3944 super-

1980 3965 2147 4031 biam,
2193 3974 2247 4021 et
2299 3967 2443 4023 viam
2489 3981 2737 4037 pravam,
2784 3975 2834 4022 et
2881 3981 2944 4021 os
2989 3966 3229 4037 bilingue
3283 3965 3543 4022 detestor.

1980 4057 2157 4114 Meum
2190 4067 2276 4115 est
2302 4058 2612 4121 consilium,
2644 4066 2697 4113 et
2726 4057 2995 4128 mquitas;
3031 4072 3149 4112 mea
3199 4066 3282 4113 est
3308 4056 3548 4126 pruden-

1979 4152 2096 4218 tia;
2133 4166 2251 4205 mea
2284 4157 2369 4205 est
2410 4148 2689 4204 fortitudo.
2721 4147 2826 4204 Per
2865 4164 2951 4204 me
3003 4163 3160 4219 reges
3210 4153 3459 4219 regnant,
3490 4151 3546 4201 et

1980 4244 2161 4313 legum
2205 4241 2517 4296 conditores
2558 4239 2709 4309 justa
2766 4238 3101 4304 decernunt;
3144 4253 3241 4308 per
3274 4253 3360 4292 me
3389 4236 3542 4306 prin-

1980 4335 2130 4405 cipes
2199 4334 2607 4404 imper-anget
2666 4331 2880 4403 tyranni
2947 4337 3105 4387 terra!
3162 4330 3540 4386 dominantur.

1979 4425 2093 4497 Ego
2113 4427 2401 4497 diligentes
2438 4442 2524 4482 me
2558 4425 2726 4497 diligo
2786 4443 2799 4479 :
2835 4432 2889 4480 et
2916 4424 3007 4495 qui
3039 4438 3199 4479 mane
3223 4423 3449 4494 vigilant
3474 4424 3543 4478 ad

1980 4547 2086 4594 me.
2121 4530 2397 4585 invenient
2424 4546 2540 4586 me.
2574 4530 2781 4587 Mecum
2834 4536 2962 4585 sunt
3004 4527 3224 4588 divitiae,
3251 4534 3306 4581 et
3350 4525 3540 4595 gloria,

1910 4630 1951 4683 Ι)
1980 4639 2113 4694 opes
2149 4623 2417 4694 superbae.
2450 4631 2502 4679 et
2540 4624 2775 4695 justitia.
2805 4622 2997 4677 Melior
3027 4629 3111 4676 est
3143 4620 3286 4675 enim
3333 4617 3545 4672 fructus

1980 4733 2135 4772 meus
2186 4732 2340 4781 auro,
2378 4724 2432 4771 et
2481 4716 2659 4788 lapide
2701 4715 2959 4788 pretioso,
2992 4720 3045 4769 et
3103 4710 3376 4783 genimina
3424 4723 3543 4766 mea

1978 4816 2207 4879 argento
2245 4810 2438 4865 electo.
2492 4810 2547 4863 In
2603 4809 2707 4865 viis
2748 4807 2975 4878 iustitiae
2999 4804 3240 4868 ambulo,
3281 4804 3335 4857 in
3362 4799 3545 4855 medio

1978 4901 2295 4958 semitarum
2324 4902 2537 4973 judicii,
2582 4908 2640 4955 ut
2676 4899 2842 4956 ditem
2877 4898 3164 4968 diligentes
3204 4910 3322 4961 mer
3345 4902 3398 4948 et
3427 4892 3545 4947 the-

1979 5009 2171 5050 sauros
2221 5010 2408 5050 eorum
2467 4995 2724 5066 repleam.
2764 4991 3027 5045 Dominus
3071 4986 3312 5058 possedit
3355 5001 3440 5040 me
3486 4985 3543 5040 in

1978 5088 2136 5143 initio
2164 5088 2373 5143 viarum
2415 5102 2660 5153 suarum,
2695 5092 2985 5156 antequam
3017 5078 3311 5153 quidquam
3342 5077 3547 5133 faceret

1979 5208 2010 5248 a
2034 5194 2322 5266 principio.
2375 5194 2460 5249 Ab
2488 5203 2693 5248 aeterno
2724 5190 2971 5245 ordinata
3012 5202 3132 5243 sum
3154 5225 3168 5249 ,
3202 5193 3258 5241 et
3298 5199 3366 5239 ex
3401 5182 3543 5236 anti-

1978 5286 2102 5356 quis
2132 5296 2420 5357 antequam
2461 5296 2604 5342 terra
2629 5284 2800 5339 lierct.
2847 5279 3096 5336 Nondum
3147 5283 3303 5331 erant
3337 5273 3538 5345 abyssi,

1979 5392 2034 5439 et
2054 5398 2155 5454 ego
2182 5383 2295 5452 jam
2345 5391 2607 5451 concepta
2652 5394 2838 5442 eram;
2881 5374 3109 5430 necdum
3162 5370 3342 5424 fontes
3374 5381 3543 5437 aqua-

1980 5489 2101 5531 rum
2132 5482 2455 5544 eruperant;
2500 5470 2730 5527 necdum
2778 5475 2991 5523 montes
3021 5462 3170 5534 gravi
3244 5460 3384 5515 mole
3410 5472 3543 5514 con-

1982 5569 2233 5624 stiterant
2261 5583 2273 5617 :
2302 5573 2427 5620 ante
2452 5565 2620 5620 colles
2668 5577 2769 5633 ego
2821 5557 3182 5632 parturiebar.
3214 5552 3406 5607 Adhuc
3433 5556 3544 5603 ter—

1977 5674 2097 5714 ram
2148 5674 2257 5714 non
2316 5657 2541 5723 fecerat,
2580 5664 2634 5711 et
2695 5653 2940 5716 ﬂumina,
2984 5658 3039 5706 et
3087 5646 3338 5703 cardines
3392 5639 3542 5697 orbis

1977 5758 2157 5808 terrae.
2191 5750 2423 5816 Quando
2451 5747 2789 5822 praaparabat
2816 5744 3009 5811 caelos,
3042 5741 3293 5805 aderam;
3322 5731 3546 5806 quando
