4114 6472
612 339 752 396 1125

1291 330 1557 390 EUSEBII
1595 324 2071 388 CESARIENS‘S
2107 322 2258 380 OPP.
2297 321 2480 379 PARS
2519 320 2608 379 111.
2647 350 2719 362 -·
2753 318 3162 377 EXEGETICA.

3698 319 3836 375 “21

606 470 756 515 certa
787 456 924 525 lege,
953 460 1008 511 et
1035 468 1166 526 gyro
1195 452 1428 508 vallabat
1457 451 1704 523 abyssos,
1731 447 1949 520 quando
1972 446 2168 502 aethera

2273 442 2492 512 ἐποίησε
2522 440 2705 512 χώρας
2754 441 2848 494 καὶ
2888 441 3191 512 ἀοικήτους,
3235 441 3330 494 καὶ⁵
3361 442 3504 510 ἄκρα
3540 440 3838 511 οἰκούμενα

609 549 867 606 ﬁrmabat
928 563 1172 607 sursum.
1224 551 1277 600 et
1339 545 1572 599 librabat
1630 543 1809 598 fontes
1872 555 2169 612 aquarum;

610 642 830 714 quando
852 638 1227 695 circumdabat
1258 637 1395 692 mari
1425 637 1715 692 terminum
1741 651 1897 689 suum
1917 643 1971 689 et
2001 635 2169 703 legem

609 737 846 805 ponebat
887 733 1065 803 aquis.
1114 748 1184 787 ne
1239 733 1537 794 transirent
1585 730 1719 785 ﬁnes
1744 744 1912 785 suos:
1951 727 2171 798 quando

610 827 949 898 appendehat
996 825 1349 880 fundamenta
1397 832 1590 890 terrae;
1621 838 1743 879 cum
1774 838 1840 877 eo
1859 836 2006 876 eram
2035 835 2171 873 cun-

609 928 696 973 cta
738 932 1072 987 componens
1105 935 1118 971 :
1155 923 1209 969 et
1248 916 1559 970 delectabar
1611 930 1707 984 per
1760 914 2007 983 singulos
2029 913 2167 975 dies,

608 1011 803 1065 ludens
848 1024 1032 1063 coram
1088 1016 1154 1062 eo
1201 1007 1347 1062 omni
1396 1015 1667 1076 tempore;
1718 1004 1909 1059 ludens
1952 1005 2007 1057 in
2040 1004 2170 1058 orbe

608 1108 921 1155 terrarum:
954 1105 1008 1152 et
1056 1098 1265 1152 deliciae
1310 1112 1463 1160 meas,
1498 1111 1619 1151 esse
1660 1110 1783 1149 cum
1827 1095 1951 1149 tiliis
1996 1094 2170 1148 homi-

609 1209 738 1247 num
764 1194 803 1245 ι.
843 1210 862 1243 ι
896 1189 1022 1244 llaec
1046 1189 1263 1259 quidem
1313 1188 1379 1242 de
1413 1203 1471 1244 se
1516 1190 1632 1257 ipsa
1662 1185 1941 1256 Sapientia
1974 1200 1986 1234 :
2022 1199 2169 1254 quaa-

609 1300 733 1341 nam
761 1297 889 1338 vero
913 1283 1030 1352 ipsa
1079 1282 1169 1344 sit,
1212 1286 1437 1334 sanctus
1461 1277 1755 1348 Apostolus
1799 1276 2040 1331 ostendit
2085 1274 2169 1329 di-

614 1391 747 1430 cens
778 1394 791 1427 :
830 1392 849 1425 ι
877 1372 1133 1427 Christus
1162 1370 1256 1425 Dei
1285 1371 1460 1424 virtus
1488 1376 1543 1423 et
1572 1367 1663 1423 Dei
1696 1367 2025 1437 Sapientia’;
2057 1387 2074 1419 ι
2112 1373 2168 1421 et

609 1482 801 1522 rursus
833 1485 845 1520 :
885 1484 903 1517 ι
937 1464 1041 1531 Qui
1075 1465 1250 1518 factus
1278 1470 1362 1517 est
1401 1461 1558 1515 nobis
1583 1461 1861 1530 Sapientia
1893 1475 1922 1512 a
1946 1458 2055 1513 Deo
2075 1459 2115 1512 ³.
2141 1477 2160 1510 ι

609 1556 752 1628 Ergo
768 1556 1021 1611 Christus
1042 1565 1126 1609 est
1154 1554 1245 1625 qui
1274 1553 1497 1624 praefata
1522 1553 1769 1607 elocutus
1795 1559 1913 1617 est;
1939 1549 2167 1621 Sapien-

609 1649 683 1701 tia
716 1657 770 1703 et
801 1645 1038 1702 Verbum
1078 1654 1163 1701 est
1218 1644 1330 1709 Dei,
1358 1659 1388 1698 a
1437 1657 1546 1713 quo
1592 1643 1775 1697 omnia
1822 1642 1963 1696 facta
2014 1648 2161 1695 sunt.

2270 533 2370 603 τῆς
2403 532 2495 586 ὑπ’
2522 532 2766 604 οὐρανόν.
2805 532 2996 585 Ἦνίκα
3022 529 3280 603 ἡτοίμαζε
3302 531 3393 584 τὸν
3420 532 3671 603 οὐρανὸν,
3698 548 3839 603 συμ-

2270 625 2533 695 παρήμην
2554 624 2720 695 αύτῷ,
2745 615 2908 695 ἡνίκα
2936 624 3175 696 ἀφώριζε
3202 622 3292 676 τὸν
3316 624 3508 677 ἑαυτοῦ
3534 623 3727 696 θρόνον
3750 625 3838 677 ἐπ’

2271 715 2503 785 ἀνέμων.
2546 714 2737 769 Ἡνίκα
2759 712 2954 786 ἰσχυρά
2979 714 3149 766 ἐποίει
3171 714 3237 767 τὰ
3266 714 3377 768 ἄνω
3422 712 3552 785 νέφη
3579 756 3595 779 ,
3637 714 3735 766 καὶ
3762 712 3841 777 ὡς

2270 805 2532 875 ἀσφαλεῖς
2557 807 2721 859 ἐτίθει
2763 807 2943 876 πηγὰς
2976 804 3074 875 τῆς
3098 806 3188 859 ὑπ’
3226 805 3471 878 οὐρανὸν,
3508 808 3566 858 ὲν
3591 805 3672 875 τῷ
3696 804 3843 859 τιθὲι

2270 915 2356 950 ναι
2386 897 2547 951 αὐτὸν
2574 900 2640 969 τῇ
2664 898 2902 971 Θαλάσσῃ
2925 896 3262 969 ἁκριόασμὺν
3311 896 3475 950 αὑτοῦ
3500 936 3514 959 ,
3551 899 3642 950 καὶ
3668 896 3845 951 ὕδατα

2269 991 2329 1043 οὐ
2356 988 2776 1061 παρελεύσονται
2803 990 2978 1059 στόμα
3007 989 3167 1043 αὐτοῦ
3191 1004 3204 1019 ⁸
3236 990 3399 1060 ἡνίκα
3425 990 3620 1059 ἰσχυρά
3662 990 3843 1043 ἐποίει

2267 1080 2336 1134 τά
2369 1081 2590 1152 Θεμὲλια
2633 1081 2733 1151 τῆς
2770 1083 2872 1152 γῆς
2894 1123 2909 1145 ,
2944 1083 3091 1153 ήμην
3132 1082 3261 1153 παρ’
3291 1080 3438 1152 αὐτῷ
3485 1081 3839 1152 άρμόζουσασ

2269 1171 2379 1241 ἐγὼ
2413 1173 2589 1244 ἤμην,
2702 1172 3026 1245 προσέχαιρε
3059 1171 3179 1226 καθ’
3202 1172 3432 1244 ἡμέραν,
3467 1173 3843 1244 εὐφραινόμην

2267 1262 2322 1316 δὲ
2351 1266 2409 1317 ὲν
2432 1262 2705 1335 προσώπῳ
2732 1263 2898 1317 αὑτοῦ
2933 1266 2991 1316 ὲν
3032 1264 3193 1316 παντὶ
3232 1262 3409 1334 καιρῷ
3429 1278 3443 1293 ⁶
3486 1264 3575 1316 ὅτε
3605 1264 3842 1335 εὐφραί-

2268 1372 2385 1409 νετο
2405 1355 2501 1428 τὴν
2534 1356 2858 1427 οἰκουμένην
2884 1355 3227 1419 συντελέσας,
3270 1355 3364 1408 καὶ⁸
3413 1356 3734 1427 εὐφραίνετο
3780 1359 3843 1411 ἐν

2268 1451 2401 1512 υίοῖς
2424 1448 2529 1501 τῶν
2559 1446 2877 1518 ἀνθρώπων.
2908 1464 2927 1499 ι
2966 1447 3147 1500 Ταῦτα
3176 1447 3272 1518 μὲν
3301 1442 3393 1501 οὖν
3434 1448 3675 1502 διδάσκει
3691 1452 3843 1524 ’περὶ

2266 1541 2463 1611 ὲαυτῆς
2493 1542 2525 1611 ἡ
2554 1538 2719 1609 Σοφία
2740 1557 2752 1569 ·
2784 1539 2867 1602 τίς
2891 1538 2947 1592 δέ
2975 1539 3121 1593 ἐστιν
3151 1538 3310 1610 αὓτη,
3332 1541 3361 1592 ὁ
3393 1540 3535 1610 ἱερὸς
3582 1542 3845 1596 Ἀπόστο-

2265 1631 2354 1696 λος
2382 1631 2626 1685 παιδεύει
2647 1630 2840 1700 λέγων,
2868 1648 2887 1682 ι
2911 1630 3144 1701 Χριστὸς
3168 1630 3302 1684 Θεοῦ
3331 1631 3560 1701 δύναμις
3581 1634 3675 1687 καὶ
3699 1633 3841 1687 Θεοῦ

611 1726 639 1791 ι’
672 1738 731 1793 ln
762 1739 1029 1810 principio
1072 1747 1190 1794 erat
1232 1737 1493 1801 Verbum,
1524 1746 1578 1794 et
1607 1736 1842 1792 Verbum
1875 1742 1992 1791 erat
2020 1733 2161 1804 apud

2269 1723 2427 1792 σοφία
2451 1740 2464 1754 ’
2501 1742 2520 1775 ι
2553 1722 2648 1777 καὶ
2679 1723 2839 1777 πάλιν
2859 1762 2875 1787 ,
2929 1740 2949 1773 ι
2989 1723 3082 1786 ’ος
3105 1722 3331 1794 ἐγενήθη
3362 1724 3530 1791 Σοφία
3571 1726 3700 1795 ἡμῖν
3728 1727 3844 1779 ἀπὸ

607 1803 797 1895 Deum,
832 1839 885 1886 et
918 1803 1060 1886 Deus
1116 1838 1235 1885 erat
1294 1827 1553 1885 Verbum.
1595 1827 1789 1883 Omnia
1839 1842 1935 1897 per
1987 1803 2163 1895 ipsum

2269 1813 2422 1869 Θεοῦ.
2461 1834 2479 1866 ι
2513 1814 2745 1886 Χριστὸς
2770 1811 2861 1867 οὖν
2889 1814 3037 1867 ἐστιν
3053 1816 3082 1867 ό
3106 1812 3174 1866 τά
3194 1814 3565 1885 προειρημένα
3585 1816 3835 1885 φάσκωνο

608 1923 748 1977 facta
778 1923 992 1990 sunt";
1033 1941 1052 1974 ι
1083 1931 1137 1975 et
1164 1938 1176 1972 :
1216 1941 1231 1973 ι
1268 1922 1469 1991 ln'ipso
1491 1922 1707 1975 condita
1733 1928 1860 1973 sunt
1894 1919 2168 1983 universa,

604 2013 695 2068 inc
712 2015 833 2069 mlis
862 2020 916 2069 et
945 2013 997 2066 in
1026 2010 1825 2081 terra,visibiliafetinvisibilia
1846 2009 1890 2072 ‘,
1919 2028 1938 2060 ι
1976 2025 2165 2065 secun-

605 2106 732 2160 dum
782 2106 1123 2175 Apostolum.
1178 2103 1347 2170 Quem
1411 2105 1555 2159 enim
1610 2103 1676 2156 ad
1741 2100 1960 2155 modum
2028 2114 2165 2169 quo-

602 2195 725 2251 dam
740 2212 902 2251 sensu
916 2194 1150 2251 Verbum
1174 2193 1265 2248 Dei
1292 2192 1549 2262 loquitur,
1568 2191 1673 2244 alio
1690 2196 1866 2243 autem
1893 2205 1911 2238 ι
1935 2186 2043 2240 vita
2060 2186 2124 2249 θ’,
2140 2205 2158 2237 ι

602 2295 656 2341 et
672 2302 915 2349 rursus,«
942 2284 1163 2342 veritas’
1177 2304 1194 2337 ι
1212 2291 1265 2338 et
1281 2302 1298 2333 ι
1322 2285 1414 2338 lux
1427 2296 1550 2336 vera
1564 2281 1631 2344 ",
1645 2286 1723 2333 iet
1745 2279 1949 2347 reliqua
1965 2275 2164 2346 quibus

602 2393 725 2432 eum
751 2378 1157 2433 vocantdivina:
1186 2376 1503 2446 Scriptura,
1533 2373 1614 2428 sic
1638 2385 1857 2442 quoque
1883 2368 2161 2439 Sapientia

569 2458 578 2539 ξ
602 2468 770 2534 fatur,
800 2468 947 2523 Patri
977 2468 1401 2524 subministrans
1430 2465 1483 2518 in
1512 2463 1753 2518 omnium
1774 2475 1955 2516 rerum
1989 2458 2167 2529 provi-

602 2556 788 2612 dentia
814 2564 868 2611 et
898 2556 1392 2611 administratione.

2265 1908 2299 1976 ὴ
2326 1906 2617 1975 Σοφία-καὶ
2649 1905 2818 1973 Λόγος
2847 1905 2965 1958 ἐστὶ
2987 1905 3121 1958 Θεοῦ
3141 1945 3156 1971 ,
3184 1905 3250 1957 δι’
3281 1900 3342 1958 οὗ
3367 1905 3433 1959 τά
3470 1908 3645 1961 πάντα
3676 1910 3843 1976 γεγέ-

2266 2014 2459 2069 νηται·¹
2488 2015 2506 2047 ι
2560 1999 2648 2050 Ἐν
2676 1999 2815 2069 ἀρχῇ
2851 1998 2960 2069 γὰρ
2992 1994 3058 2069 ἦν
3078 2000 3107 2052 ὁ
3137 1998 3308 2067 Λόγος
3327 2041 3343 2064 ,
3376 2001 3469 2052 καὶ
3501 2003 3529 2055 ό
3556 2002 3727 2070 Λόγος
3765 1998 3841 2073 ἦν

2252 2090 2404 2158 ⁶πρὸς
2427 2088 2520 2142 τὸν
2539 2089 2689 2155 Θεὸν,
2721 2093 2815 2143 καὶ
2847 2091 2979 2154 Θεὸς
2996 2086 3064 2166 ἦν
3081 2093 3108 2129 ὃ
3140 2091 3339 2170 Λόγος.⁸
3361 2092 3544 2145 Πάντα
3573 2093 3641 2146 δι’
3662 2090 3843 2151 αὐτοῦ

2269 2180 2483 2247 ἐγένετο
2502 2196 2515 2210 ο
2558 2200 2575 2231 ι
2615 2182 2728 2246 καὶ,
2759 2202 2776 2232 ι
2814 2181 2906 2236 Ἐν
2926 2182 3073 2252 αὐτῷ
3096 2182 3321 2253 ἐκτίσθη
3342 2182 3411 2236 τὰ
3442 2184 3640 2246 πάντα,
3678 2183 3747 2237 τὰ
3777 2185 3844 2237 ἐν

2268 2274 2380 2334 τοῖς
2409 2272 2654 2342 οὐρανοῖς
2703 2273 2796 2326 καὶ
2828 2273 2898 2326 τὰ
2929 2274 3019 2326 ἐπὶ
3046 2274 3142 2344 τῆς
3168 2274 3268 2345 γῆς
3289 2315 3303 2338 ,
3339 2273 3446 2327 εἴτε
3476 2274 3667 2346 ὁρατά,
3723 2275 3841 2328 εἴτε

2268 2363 2523 2434 ἀόρατα,›
2550 2365 2689 2418 κατὰ
2714 2365 2802 2418 τὸν
2838 2365 3153 2419 Ἀπόστολον
3171 2383 3185 2398 ο
3214 2367 3378 2438 ὅνπερ
3404 2367 3460 2419 δὲ
3482 2368 3679 2437 τρόπον
3696 2368 3846 2421 κατά

2266 2471 2385 2510 τινα
2410 2454 2654 2509 ἐπίνοιαν
2682 2455 2853 2524 Λόγος
2874 2456 3007 2510 Θεοῦ
3039 2457 3395 2529 χρηματίζει,
3438 2458 3533 2512 καὶ
3563 2457 3687 2512 καθ’
3719 2458 3843 2511 ἐτέ-

2270 2564 2370 2618 ραν
2402 2565 2419 2597 ι
2463 2547 2594 2619 ζωὴ,
2632 2566 2651 2599 ι
2678 2549 2771 2602 καὶ
2802 2548 2983 2614 πάλιν,
3022 2568 3041 2600 ι
3069 2550 3291 2620 ἀλήθεια
3325 2568 3344 2601 ι
3383 2552 3477 2603 καὶ
3515 2569 3533 2601 ι
3562 2551 3676 2613 φῶς
3705 2550 3845 2620 ἀληο

602 2648 768 2716 θινὺν,
818 2666 840 2702 ι
880 2649 973 2705 καὶ
1028 2648 1093 2702 τὰ
1121 2646 1283 2700 λοιπὰ
1325 2632 1501 2700 όπόσα
1564 2646 1728 2713 φασιν
1759 2643 1918 2698 αὐτὸν
1956 2642 2013 2697 αἱ
2057 2641 2197 2694 θεῖαι
2233 2639 2463 2712 Γραφαὶ,
2510 2641 2601 2694 τὸν
2636 2641 2795 2695 αὐτὸν
2825 2642 2888 2714 δὴ
2907 2644 3102 2714 τρόπον
3133 2645 3227 2697 καὶ⁸
3274 2644 3439 2714 Σοφία
3467 2646 3843 2717 προσηγόρευ’

599 2756 710 2807 ται,
737 2741 1014 2814 ὑπηρέτης
1058 2745 1398 2811 τυγχάνουσα
1427 2738 1520 2792 τοῦ
1550 2736 1763 2810 Πατρδς
1790 2738 1869 2800 εἰς
1903 2735 2001 2805 τὴν
2029 2734 2164 2787 ὅλων
2202 2730 2457 2803 πρόνοιάν
2483 2750 2539 2785 τε
2561 2734 2653 2786 καὶ
2678 2735 3005 2805 οἰκονομίαν.
3786 2750 3799 2761 θ

1206 2854 1438 2913 CAPUT
1477 2853 1548 2912 ll.

1177 2968 1227 3023 E
1266 2968 1584 3025 Proverbiis.

2787 2851 3182 2905 ΚΕΦΑΛᾹῘΟΝ
3234 2853 3307 2906 Β’.

2799 2960 2919 3014 Τῶν
2961 2961 3307 3032 Παροιμιῶν.

677 3102 696 3136 ι
731 3082 792 3137 1η
843 3083 965 3139 luce
1007 3082 1101 3137 lilii
1147 3082 1290 3153 regis
1308 3081 1434 3136 vita:
1472 3101 1485 3137 :
1520 3079 1815 3135 familiares
1867 3085 2047 3133 autem
2116 3075 2166 3132 ei

2346 3093 2365 3125 ι
2434 3075 2506 3129 Εν
2539 3074 2677 3144 φωτὶ
2717 3075 2835 3128 υἱοῦ
2877 3074 3134 3145 βασιλέως
3161 3076 3270 3148 ζωή
3295 3094 3307 3106 ·
3335 3078 3385 3129 οἱ
3417 3077 3473 3130 δὲ
3519 3079 3844 3150 προσδεκτοὶ

600 3176 756 3246 (ιιιοεί
779 3173 952 3228 imber
990 3172 1263 3227 serotinus
1281 3173 1324 3230 '.
1358 3190 1377 3223 ι
1412 3170 1583 3239 Cujus
1631 3169 1771 3225 alius
1806 3168 1947 3238 regis
1991 3166 2084 3221 ﬁlii
2109 3167 2165 3221 in

599 3268 722 3323 iuce
744 3268 853 3322 vita
882 3273 987 3332 est,
1022 3266 1125 3320 nisi
1152 3265 1206 3320 in
1240 3263 1332 3318 Dei
1366 3262 1567 3331 Verbo,
1602 3263 1692 3332 qui
1732 3261 1893 3332 Regis
1922 3259 2166 3315 omnium

600 3358 695 3415 Dei
729 3357 897 3413 Filius
924 3358 1046 3412 est?
1069 3356 1190 3427 Ipse
1232 3356 1376 3412 enim
1404 3363 1488 3410 est
1541 3374 1559 3405 ι
1598 3355 1713 3408 Lux
1742 3369 1869 3408 vera
1898 3367 2018 3423 qua:
2043 3352 2168 3405 illu~

599 3453 777 3505 ininat
821 3464 1036 3504 omnem
1087 3448 1361 3503 hominem
1408 3447 1715 3501 venientem
1751 3445 1806 3499 in
1834 3446 1978 3499 hunc
2008 3459 2167 3497 mun-

602 3543 731 3602 dum
755 3543 809 3607 7;
842 3560 861 3593 ι
892 3542 946 3595 in
979 3556 1087 3610 quo
1117 3540 1321 3595 lumine
1366 3540 1478 3593 vita
1539 3547 1644 3603 est,
1679 3538 1979 3594 secundum
2032 3536 2167 3591 illud

600 3633 880 3704 Evangelii
912 3633 1136 3688 verbum
1173 3652 1187 3688 :
1221 3652 1239 3684 ι
1275 3634 1330 3688 ln
1369 3633 1487 3704 ipso
1518 3635 1627 3686 vita
1664 3641 1802 3695 erat,
1830 3642 1883 3686 et
1912 3631 2020 3686 vita
2051 3638 2168 3685 erat

600 3725 695 3779 lux
726 3724 1013 3779 hominum
1036 3725 1080 3779 ⁸.
1122 3744 1141 3777 ι
1178 3723 1354 3794 Ilnjus
1381 3739 1510 3779 vero
1548 3724 1865 3787 familiares,
1890 3738 2028 3792 quos
2057 3723 2171 3777 exi-

601 3814 891 3869 stimamus
930 3828 1055 3867 esse
1104 3812 1226 3881 ejus
1277 3813 1557 3882 apostolos
1589 3818 1643 3866 et
1676 3806 1999 3882 discipulos,
2036 3809 2169 3864 facti

600 3911 729 3959 sunt
755 3922 773 3955 ι
793 3904 950 3974 quasi
968 3903 1141 3958 imber
1173 3905 1447 3958 serotinus
1475 3922 1493 3955 ι
1531 3904 1585 3957 in
1604 3902 1916 3958 novissimis
1933 3901 2165 3967 dierum,

599 4003 654 4052 et
678 3995 735 4051 in
762 3996 1237 4051 consummatione
1269 3994 1475 4058 saeculi,
1503 3996 1775 4067 desertam
1808 3994 1939 4048 olim
1971 3993 2170 4049 sitien-

600 4100 818 4160 temque
862 4100 1086 4154 terram,
1120 4088 1173 4143 id
1225 4096 1309 4144 est
1357 4091 1597 4159 gentium
1655 4087 1975 4151 Ecclesiam,
2004 4085 2170 4158 spiri-

601 4182 694 4236 tali
722 4183 823 4255 piaa
848 4181 1110 4238 doctrinae
1140 4197 1263 4237 rore
1297 4184 1601 4253 irrigantes.
1680 4238 1689 4249 ,

1209 4464 1437 4521 CAPUT
1470 4464 1560 4523 Ill.

1182 4584 1230 4639 E
1266 4584 1583 4640 Proverbiis.

675 4697 694 4732 ι
730 4677 857 4735 Haec
890 4679 1023 4735 dicit
1052 4678 1137 4733 vir
1158 4680 1213 4733 in
1247 4678 1414 4733 Deum
1440 4677 1811 4743 credentibus,
1836 4685 1889 4731 et
1917 4675 2163 4746 quiesco.

602 4772 975 4829 Stultissimus
1008 4774 1154 4827 enim
1206 4787 1326 4827 sum
1386 4772 1649 4834 virorum,
1683 4780 1735 4823 et
1768 4769 2037 4840 sapientia
2068 4769 2166 4824 ho-

602 4867 811 4920 minum
839 4880 948 4920 non
979 4872 1063 4918 cst
1096 4878 1329 4919 mecum.
1350 4861 1495 4918 Deus
1524 4870 1705 4916 autem
1729 4861 1914 4917 docuit
1947 4877 2036 4917 me
2074 4876 2165 4915 sa-

604 4959 863 5029 pientiam
889 4998 905 5022 ,
944 4964 998 5013 et
1028 4956 1312 5011 scientiam
1365 4965 1681 5012 sanctorum
1734 4970 1836 5024 ego
1858 4955 2006 5010 novi.
2038 4953 2169 5020 Quis

602 5050 848 5107 ascendit
873 5050 928 5103 in
961 5049 1159 5103 caelum
1189 5056 1351 5117 atque
1375 5047 1702 5103 descendit?
1734 5046 1869 5113 Quis
1902 5045 2172 5101 continuit

604 5152 794 5198 ventos
817 5143 872 5197 in
903 5141 1067 5207 sinu?
1092 5139 1228 5206 Quis
1277 5142 1555 5212 colligavit
1598 5156 1768 5209 aquas
1796 5140 1952 5210 quasi
1987 5141 2042 5193 in
2074 5155 2169 5194 ve-

602 5237 907 5291 stimento?
942 5235 1078 5303 Quis
1109 5237 1394 5292 suscitavit
1454 5252 1645 5292 omnes
1687 5236 1947 5291 terminos
1977 5236 2172 5291 teme?

601 5324 755 5391 Quod
790 5342 988 5382 nomen
1013 5335 1097 5383 est
1124 5327 1281 5398 ejus?
1307 5328 1518 5398 etquod
1548 5344 1745 5384 nomen
1780 5328 1903 5384 [iliis
1930 5328 2049 5397 ejus
2074 5328 2164 5380 9?»

602 5417 738 5484 Quis
761 5418 903 5474 alius
921 5419 1003 5475 vir
1028 5420 1142 5475 haec
1170 5420 1393 5483 diceret,
1418 5422 1525 5477 nisi
1556 5422 1874 5476 incarnatus
1907 5419 2168 5475 Dominus
2204 5430 2207 5433 '

601 5517 811 5578 noster,
849 5511 964 5568 sive
1020 5522 1243 5586 pmpter
1291 5517 1583 5570 amentiam
1610 5523 1880 5581 nostram,
1907 5529 2069 5585 quam
2109 5514 2166 5568 in

2268 3167 2416 3238 αὐτῷ
2450 3167 2639 3238 ὥσπερ
2670 3167 2829 3237 νέφος
2860 3168 3074 3239 ὄψιμον.
3116 3187 3135 3220 ι
3172 3169 3282 3221 Καὶ
3321 3170 3463 3233 τίνος
3494 3170 3658 3225 ἄλλου
3691 3171 3845 3242 βασι-

2266 3258 2399 3322 λέως
2428 3256 2545 3311 υἱοῦ
2594 3259 2652 3311 ὲν
2687 3259 2827 3327 φωτὶ
2871 3259 2983 3330 ζωὴ
3014 3262 3290 3328 τυγχάνει,
3325 3261 3361 3332 ἢ
3391 3264 3448 3314 ὲν
3467 3262 3547 3332 τῷ
3583 3263 3680 3316 τοῦ
3707 3264 3843 3318 Θεοῦ

2268 3338 2445 3421 Λόγῳ,
2469 3349 2586 3403 υίοῦ
2625 3351 2982 3420 τυγχάνοντος
3006 3349 3098 3403 τοῦ
3128 3351 3343 3405 πάντων
3368 3352 3642 3418 Βασιλέως
3666 3353 3805 3407 Θεοῦ
3826 3375 3843 3387 ο

2267 3442 2428 3505 αὐτὸς
2447 3441 2554 3513 γάρ
2572 3444 2718 3495 ἐστιν
2739 3441 2800 3494 τὸ
2822 3460 2843 3492 ι
2865 3440 2984 3503 Φῶς
3002 3441 3063 3493 τὸ
3088 3441 3339 3513 ἀληθινὸν
3362 3443 3391 3495 ὃ
3417 3443 3640 3512 φωτίζει
3665 3446 3844 3499 πάντα

2267 3535 2550 3606 ἄνθρωπον
2572 3533 2863 3605 ἐρχόμενον
2886 3535 2965 3596 εἰς
2990 3534 3079 3589 τὸν
3109 3535 3313 3605 κόσμον
3333 3550 3346 3564 ⁸
3380 3556 3397 3587 ι
3424 3538 3479 3588 ἐν
3501 3531 3544 3604 ᾧ
3565 3538 3708 3605 φωτὶ
3734 3536 3847 3608 ζωὴ

2267 3627 2523 3697 τυγχάνει
2571 3626 2712 3679 κατὰ
2745 3626 2835 3679 τὸν
2878 3627 3127 3697 φήσαντα
3163 3627 3258 3680 τοῦ
3297 3628 3629 3697 Εὐαγγελίου
3663 3629 3843 3697 λόγον,

2276 3739 2293 3771 ι
2330 3720 2418 3772 Ἐν
2434 3718 2581 3789 αὐτῷ
2603 3718 2715 3790 ζωὴ
2746 3714 2835 3789 ἦν,
2854 3720 2951 3772 καὶ
2983 3721 3016 3791 ἡ
3053 3719 3164 3791 ζωὴ
3197 3715 3265 3789 ἦν
3286 3721 3345 3772 τὸ
3380 3721 3492 3789 φῶς
3510 3722 3619 3774 τῶν
3634 3722 3847 3793 ἀνθρώ-

2269 3827 2414 3864 πων
2454 3831 2472 3863 ι
2510 3810 2701 3864 τούτου
2734 3810 2791 3865 δὲ
2835 3812 2929 3864 καὶ
2967 3813 3016 3865 οἱ
3058 3812 3397 3884 προσδεκτοί,
3423 3812 3516 3876 οὒς
3558 3814 3848 3883 ἡγούμεθα

2268 3900 2405 3981 εἶναι
2425 3904 2552 3966 τοὺς
2578 3902 2907 3966 ἀποστόλους
2936 3902 3101 3955 αὐτοῦ
3129 3903 3223 3957 καὶ
3258 3902 3522 3974 μαθητὰς,
3556 3905 3844 3973 γεγόνασιν

2267 3993 2455 4066 ὥσπερ
2493 4014 2511 4047 ι
2543 3995 2703 4064 νέφος
2729 3994 2923 4065 ὄψιμον
2957 4013 2978 4046 ι
3000 3994 3087 4048 ἐπ’
3110 3995 3341 4066 ὲσχάτου
3370 3995 3477 4048 τῶν
3501 3996 3725 4067 ἡμερῶν
3754 3996 3848 4050 καὶ

2270 4087 2363 4139 ἐπὶ
2392 4085 2669 4158 συντελείᾳ
2701 4085 2795 4141 τοῦ
2828 4088 3041 4152 αἰῶνος.
3082 4087 3179 4159 τὴν
3213 4088 3418 4160 ἔρημόν
3460 4105 3589 4141 ποτε
3621 4089 3726 4157 γῆν
3753 4090 3849 4142 καὶ

2269 4179 2516 4252 ἄνυδρον,
2544 4179 2790 4233 τουτέστι
2817 4180 2915 4251 τὴν
2943 4180 3049 4233 τῶν
3081 4179 3249 4233 ἐθνῶν
3281 4179 3624 4250 Ἐκκλησίαν,
3649 4178 3847 4251 ἀρδεύ-

2272 4289 2462 4335 σαντες
2515 4271 2593 4341 τῷ
2643 4271 2997 4345 πνευματικῷ
3051 4271 3151 4343 τῆς
3192 4271 3449 4336 εύσεὸοὖς
3496 4272 3847 4336 διδασκαλίας

2269 4364 2417 4435 αὐτῷ
2443 4362 2599 4435 ὑετῷ.
3108 4404 3113 4407 -

2798 4478 3189 4533 ΚΕΦΑΛΑΙΟΝ
3234 4479 3310 4533 Γ’.

2810 4590 2930 4647 Τῶν
2960 4592 3316 4662 Παροιμιῶν.

2350 4704 2369 4736 ι
2409 4685 2547 4739 Τάδε
2576 4683 2724 4753 λέγει
2746 4684 2884 4756 ἀνὴρ
2913 4687 3025 4747 τοῖς
3056 4683 3367 4737 πιστεύουσι
3394 4683 3532 4754 Θεῷ,
3552 4685 3644 4738 καὶ
3676 4682 3851 4739 παύο-

2277 4794 2392 4848 μαι.
2444 4774 2864 4846 Ἀφρονέστατος
2892 4775 3000 4846 γάρ
3021 4777 3134 4845 ειμι
3162 4775 3375 4829 πάντων
3400 4774 3723 4847 ἀνθρώπων,
3756 4777 3851 4830 καὶ

2276 4868 2537 4940 φρόνησις
2568 4867 2870 4940 ἀνθρώπων
2895 4867 2995 4919 οὐκ
3027 4866 3172 4919 ἔστιν
3211 4869 3268 4919 ὲν
3296 4867 3435 4937 ἐμοί.
3486 4866 3618 4931 Θεὸς
3662 4868 3707 4920 δ’
3737 4868 3849 4921 ἐδί-

2276 4960 2432 5025 δαξέν
2480 4972 2551 5031 με
2581 4959 2793 5028 σοφίαν,
2847 4960 2941 5012 καὶ
2992 4956 3191 5025 γνῶσιν
3244 4959 3412 5026 ἁγίων
3452 4956 3562 5025 ἐγὼ
3610 4956 3848 5026 ἔγνωκα.

2278 5054 2374 5118 Τίς
2396 5054 2559 5127 άνέϐη
2594 5056 2671 5126 είς
2696 5054 2786 5108 τὸν
2807 5054 3031 5124 οὐρανὸν
3055 5052 3073 5122 (
3097 5051 3135 5105 f.
3170 5050 3239 5104 26
3269 5052 3351 5121 v°)
3388 5052 3481 5104 καὶ
3503 5051 3708 5122 κατέϐη
3728 5068 3743 5115 ;
3766 5050 3851 5116 τίς

2279 5147 2581 5215 συνήγαγεν
2610 5145 2843 5215 ἀνέμους
2867 5146 2924 5197 ὲν
2955 5144 3171 5213 κόλπῳς
3200 5142 3279 5207 τίς
3311 5143 3667 5214 συνέστρεψεν
3706 5143 3853 5215 ὕδωρ

2280 5236 2337 5289 ἐν
2366 5236 2595 5307 ἱματίῳ;
2629 5237 2712 5299 τίς
2743 5237 3011 5308 ἐκράτησε
3042 5236 3151 5291 τῶν
3202 5236 3385 5307 ἄκρων
3444 5236 3541 5307 τῆς
3586 5235 3690 5305 γῆς
3721 5253 3737 5302 ;
3798 5236 3853 5289 τί

2278 5327 2446 5398 ὄνομα
2480 5327 2662 5398 αύτῷ;
2700 5327 2732 5399 ἢ
2780 5329 2834 5380 τί
2866 5327 3035 5399 ὄνομα
3070 5331 3180 5391 τοῖς
3220 5328 3429 5392 τέκνοις
3469 5329 3659 5395 αὐτοῦς
3689 5348 3709 5379 ι
3740 5330 3855 5382 Καὶ

2276 5420 2359 5483 τίς
2386 5420 2452 5474 ἂν
2474 5419 2558 5491 εἴη
2588 5420 2744 5484 ἄλλος
2772 5421 2911 5492 ἀνὴρ
2931 5423 2959 5473 ὁ
2986 5420 3159 5474 ταῦτα
3186 5421 3430 5489 φάσκων,
3460 5421 3492 5491 ἢ
3528 5423 3556 5474 ό
3586 5420 3852 5493 ὲνανθρω-

2276 5515 2454 5585 πήσας
2494 5513 2698 5586 Κύριος
2729 5513 2909 5586 ήμῶν,
2938 5514 3054 5585 ἦτοι
3082 5513 3171 5568 διὰ
3204 5514 3299 5579 τὰς
3327 5515 3483 5587 ἡμῶν
3514 5515 3849 5587 ἀφροσύνας,

677 5700 694 5730 ¹
731 5696 895 5755 Prov.
931 5714 1058 5761 vm,
1094 5699 1276 5755 12-51.
1351 5703 1371 5733 ²
1411 5699 1424 5753 1
1458 5700 1586 5755 Cor.
1625 5716 1671 5763 ι,
1706 5698 1795 5753 24.
1875 5698 1896 5729 ³
1932 5696 2064 5751 ibid.
2104 5696 2168 5749 50

2270 5697 2311 5727 ³⁵
2351 5695 2507 5751 Joan.
2546 5712 2598 5759 ι,
2635 5697 2695 5766 l,
2730 5697 2786 5752 2.
2862 5697 2884 5728 ⁸
2921 5694 3130 5753 Coloss.
3169 5714 3207 5762 ι,
3245 5698 3329 5754 l6.
3408 5696 3602 5754 "Joan
3655 5714 3770 5763 xw,
3790 5696 3848 5753 6.

604 5770 626 5802 ⁸
654 5769 785 5827 ibid.
858 5768 1080 5826 "Joan.
1113 5785 1151 5837 ι,
1179 5769 1231 5825 9.
1311 5772 1331 5802 ⁶
1366 5769 1527 5827 Prov.
1566 5787 1676 5838 xvi,
1715 5770 1802 5826 15.
1879 5770 1899 5802 ⁷
1935 5766 2090 5823 Joan.
2129 5783 2168 5833 ι,

2344 5768 2365 5798 ⁸
2402 5768 2533 5823 ibid.
2569 5768 2623 5823 4.
2682 5764 2721 5801 ’³
2760 5768 2921 5826 Prov.
2960 5785 3095 5830 xxx.
3125 5767 3247 5827 1.4.
