4134 6414
363 336 502 393 “25

1407 335 1728 431 Εειοοᾱῑτ
1743 337 2225 431 PROPHETICE.
2248 372 2318 383 —
2330 340 2457 400 LIB.
2498 342 2586 405 Ill.

3484 353 3624 408 “26

363 454 426 519 ἃς
471 455 557 519 είς
598 456 790 510 ἑαυτὸν
839 455 1145 524 ἀνεδέξατο,
1194 456 1227 531 ἢ
1270 456 1360 513 διὰ
1390 459 1489 530 τὴν
1529 478 1549 511 ι
1590 427 1804 533 μωρίαν
1854 460 1944 515 τοῦ

2053 461 2234 533 seipso
2265 464 2518 535 sumpsit,
2550 464 2666 521 sive
2713 473 2936 538 pmpter
2976 485 2996 519 ι
3031 467 3318 525 stultitiam
3353 472 3623 543 pradica-

365 549 738 623 κηρύγματος,
769 570 788 604 ι
811 554 1123 625 σοφωτέραν
1156 553 1250 606 καὶ
1280 552 1634 626 ἰσχυροτέραν
1664 549 1828 607 οὖσαν
1847 554 1948 624 τῆς

363 642 471 698 τῶν
497 642 802 715 ἀνθρώπων
831 646 1052 716 σοφίας;
1088 645 1273 700 ἐνθάδε
1301 646 1401 717 μὲν
1435 645 1680 714 φάσκων,
1722 665 1741 697 ι
1775 647 1946 719 ἀφρο-

364 736 616 800 νέστατος
663 736 772 807 γάρ
820 740 935 810 είμι
987 739 1203 792 πάντων
1252 737 1586 811 ἀνθρώπων
1629 757 1647 790 I
1683 741 1740 793 ἐν
1779 738 1836 791 δὲ
1869 737 1946 809 ξη’

363 824 581 897 ψαλμῷ,
620 844 639 876 ι
679 827 749 879 Σὺ
783 826 953 896 ἔγνως
989 828 1087 898 τὴν
1116 826 1426 899 ἀφροσύνην
1470 843 1590 896 μου·
1636 845 1654 878 I
1692 825 1856 898 φησὶν
1891 826 1949 878 δὲ

364 919 465 981 ὅτι,
504 936 523 968 I
560 918 670 971 Kal.
700 917 961 990 φρόνησις
985 917 1285 991 ἀνθρώπων
1321 918 1420 972 οὑκ
1460 917 1607 972 ἐστιν
1639 921 1696 971 ἐν
1742 919 1886 990 ἐμοὶ,
1919 937 1939 970 ι

364 1009 553 1082 ὥσπερ
599 1011 685 1064 ἐπ’
726 1008 1178 1082 ἀνδραγαθήματι
1217 1010 1680 1083 λαμπρυνάμενος
1725 1012 1819 1066 ἐπὶ
1869 1012 1948 1084 τῷ

367 1102 638 1174 μηδεμίαν
659 1103 946 1174 ἐσχηκέναι
971 1104 1231 1175 φρόνησιν
1247 1103 1355 1158 τῶν
1377 1103 1948 1176 παρασυμϐληθέντων

362 1197 475 1259 τοῖς
514 1196 734 1267 κτήνεσι
778 1198 891 1260 τοῖς
917 1197 1185 1269 ἀνοήτοις,
1232 1196 1325 1251 καὶ
1357 1197 1731 1268 ὁμοιωθέντων
1764 1198 1947 1263 αὑτοῖς

363 1287 683 1361 ἀνθρώπων·
715 1289 747 1359 ἢ
783 1281 859 1342 ὧν
890 1289 988 1361 τὴν
1018 1291 1207 1360 σοφίαν
1249 1289 1529 1361 ἐμώρανεν
1559 1290 1587 1342 ό
1613 1289 1742 1354 Θεὸς
1781 1290 1948 1361 μηδὲν

276 1441 286 1448 ,
362 1381 526 1435 πλέον
552 1381 890 1454 φρονούντων
912 1382 981 1436 τά
1020 1383 1112 1437 ἐπὶ
1143 1383 1241 1455 τῆς
1262 1383 1385 1454 γῆς,
1426 1383 1528 1437 ὅσα
1573 1383 1782 1452 πέφυκε
1815 1399 1949 1454 σαρ-

362 1474 476 1528 κῶν
498 1491 554 1527 τε
593 1475 687 1529 καὶ
724 1473 856 1545 ὕλης
894 1477 1098 1529 οἰκεῖαι
1136 1475 1257 1530 ὅθεν
1288 1474 1352 1547 δὴ
1376 1476 1470 1530 καὶ
1500 1475 1947 1548 μεμαρτύρηνται

360 1569 421 1621 ἐν
445 1570 510 1639 τῇ
540 1570 703 1639 γενεᾷ
747 1568 928 1622 αὑτῶν
976 1570 1224 1641 φρόνιμοι
1269 1565 1431 1636 εἶναι,
1454 1569 1658 1642 τὸ(τῷ)
1692 1572 1828 1643 μόνα
1877 1570 1947 1624 τὰ

361 1657 454 1711 ἐπὶ
483 1658 584 1728 γῆς
612 1656 793 1729 ζητεῖν
832 1661 927 1713 καὶ
961 1659 1289 1713 διανοεῖσθαι
1320 1660 1385 1713 ἐκ
1413 1660 1664 1733 νεότητος
1693 1662 1784 1715 ἐπὶ
1820 1660 1944 1733 (ἔτι)

357 1749 429 1803 τὰ
456 1752 690 1824 πονηρά·
714 1751 1026 1824 ἀνθρωπεία
1061 1753 1156 1823 μὲν
1187 1752 1440 1825 οὐδαμῶς
1465 1750 1534 1825 ἦν
1563 1756 1620 1807 ἐν
1650 1753 1730 1825 τῷ
1760 1772 1947 1827 προει-

362 1820 779 1916 ρημένω-ἀνδρλ⁸
812 1820 1093 1917 έρρόνησις,
1126 1844 1284 1916 δῆλον
1400 1820 1603 1901 ὄτι-καὶ
1630 1820 1749 1901 θεία
1777 1820 1947 1919 ὑπερ·
1978 1820 2018 1875 Β

358 1933 676 2007 ἀνθρωπος-
712 1936 777 1989 δι’
812 1936 841 1988 δ
881 1938 974 1990 καὶ
1013 1936 1262 2007 ἐπιφέρει
1300 1936 1494 2005 λέγων,
1533 1957 1551 1988 ι
1579 1937 1716 2002 Θεὸς
1755 1937 1799 1990 δ’
1835 1938 1944 1990 ἐδί-

328 2027 485 2095 ,δαξέ
525 2044 593 2098 με
636 2028 851 2098 σοφίαν,
892 2030 986 2082 καὶ
1014 2028 1216 2098 γνῶσιν
1250 2029 1425 2099 ἁγίων
1466 2028 1577 2098 ἐγὼ
1624 2028 1867 2098 ἔγνωκα·
1922 2047 1942 2081 ι

357 2116 477 2175 εἷτα
498 2121 927 2193 ἐρωτηματικῶς
982 2139 1136 2193 φησι,
1172 2142 1190 2173 ι
1229 2121 1323 2184 Τίς
1355 2121 1521 2192 ἀνέϐη
1555 2123 1633 2185 είς
1664 2121 1759 2174 τὸν
1782 2121 1948 2193 οὐρα-

358 2213 449 2267 νὺν
486 2213 581 2267 καὶ
606 2213 842 2284 κατέϐη;
873 2233 892 2266 ι
926 2214 1088 2267 οἱονεὶ
1118 2214 1398 2284 διεγείρων
1421 2214 1568 2284 ἡμᾶς
1596 2213 1689 2266 ἐπὶ
1715 2212 1945 2285 ζήτησιν

356 2305 451 2360 τοῦ
479 2306 550 2360 τά
575 2306 878 2376 τηλικαῦτα
924 2308 1048 2379 περὶ
1086 2305 1277 2361 ἐαυτοῦ
1325 2306 1689 2371 διδάσκοντος,
1717 2307 1844 2378 περὶ
1886 2300 1946 2361 οὗ

358 2398 453 2451 καὶ
496 2397 569 2451 τὰ
615 2397 743 2469 ἑξῆς
787 2397 1002 2470 εἴρηται
1041 2398 1178 2462 ἰδίας
1223 2398 1453 2469 δεόμενα
1502 2399 1714 2470 σχολῆς.
1755 2399 1813 2452 'U
1849 2399 1948 2470 μὲν

355 2485 604 2554 οὗνίθεῖος
619 2489 943 2554 Ἀπόστολος
964 2507 1029 2543 πε
1037 2491 1091 2562 pl
1115 2489 1278 2542 αὑτοῦ
1305 2489 1569 2544 διδάσκων
1591 2491 1737 2561 ἡμᾶς
1762 2507 1945 2560 φησιν,

361 2602 383 2634 ι
431 2584 489 2636 Ὀ
517 2582 764 2646 καταϐὰς
792 2585 870 2646 εἰς
900 2582 969 2636 τὰ
1008 2582 1293 2656 κατώτερα
1327 2582 1468 2655 μέρη
1505 2582 1603 2652 τῆς
1629 2583 1751 2654 γῆς,
1785 2582 1949 2647 αὑτός

355 2676 505 2729 ἐστιν
531 2674 625 2729 καὶ
651 2678 679 2728 ὁ
701 2674 908 2740 ἀναϐὰς
944 2676 1198 2748 ὑπεράνω
1232 2674 1341 2729 τῶν
1367 2674 1640 2748 οὐρανῶν·
1683 2695 1702 2727 ι
1747 2678 1949 2748 προτά-

358 2764 454 2831 ξας
474 2766 536 2819 τὸ
576 2765 994 2837 κατεληλυθέναι
1013 2765 1193 2831 αὑτὸν,
1218 2760 1315 2819 εἶτ’
1350 2767 1715 2834 ἐπαναγαγὼν
1747 2766 1807 2818 τὸ
1854 2766 1947 2818 ἀν-

357 2856 677 2930 εληλυθέναι
697 2860 878 2930 φησὶν,
898 2858 1084 2913 ἔπειτα
1105 2858 1543 2931 κατεληλυθέναι·
1562 2857 1792 2929 ἐπείπερ
1812 2856 1948 2927 μετά

353 2950 453 3023 τὴν
489 2953 553 3004 ἐκ
598 2951 805 3023 νεκρῶν
848 2951 1144 3005 ἀνάστασιν
1192 2951 1362 3006 εἰπὼν
1409 2954 1475 3024 τῇ
1513 2950 1765 3023 Μαριὰμ,
1799 2970 1817 3003 ι
1853 2952 1943 3023 Μή

359 3060 460 3114 μου
506 3042 697 3107 ἅπτου,
739 3043 892 3096 οὔπω
923 3043 1033 3115 γὰρ
1061 3043 1377 3117 ἀναϐέϐηκα
1414 3043 1550 3116 πρὸς
1591 3042 1684 3095 τὸν
1717 3041 1941 3113 Πατέρα

359 3150 492 3208 μου⁸
530 3155 551 3186 ι
590 3135 727 3206 μετά
749 3135 921 3189 ταῦτα
951 3134 1104 3208 ὤφθη
1139 3139 1250 3199 τοῖς
1286 3135 1552 3207 μαθηταῖς
1584 3135 1677 3188 ἐπὶ
1705 3134 1939 3206 ἡμέραις

354 3226 763 3299 τεσσαράκοντα
782 3227 1232 3300 συναυλιζόμενος
1252 3228 1434 3291 αὑτοῖς
1451 3246 1464 3259 ·
1493 3224 1833 3298 ἀνεληλυθώς
1855 3226 1946 3297 δη-

350 3318 487 3390 λαδὴ
517 3317 653 3391 πρός
682 3322 772 3371 τὸν
792 3319 1029 3389 Πατέρα,
1065 3319 1157 3372 καὶ
1179 3314 1335 3381 αὖθις
1361 3318 1427 3371 δι’
1449 3317 1514 3388 ῆν
1544 3314 1784 3369 ἐπετέλει
1809 3316 1948 3369 οἰκο-

349 3409 546 3480 νομίαν
571 3408 969 3478 κατεληλυθώς.
1020 3409 1109 3463 Διὸ
1138 3410 1232 3463 καὶ
1257 3408 1469 3482 εἴρηται
1499 3425 1512 3439 ·
1542 3426 1561 3459 ι
1607 3406 1839 3471 Ἀναϐὰς
1866 3407 1945 3471 εἰς

354 3501 490 3572 ὕψος
537 3501 956 3573 ᾐχμαλώτευσεν
990 3502 1386 3574 αἰχμαλωσίαν,
1435 3501 1601 3555 ἔδωκε
1645 3501 1855 3572 δόματα
1886 3502 1943 3554 ἐν

353 3591 683 3664 ἀνθρώποις.
717 3611 735 3643 ι
773 3592 906 3645 Τίνα
937 3591 992 3644 δὲ
1015 3591 1188 3645 ταῦτα
1217 3592 1250 3662 ἦ
1272 3590 1339 3644 τά
1359 3590 1447 3644 διὰ
1466 3590 1560 3643 τοῦ
1597 3590 1750 3661 ἁγίου
1776 3588 1945 3642 Πνεὺ-

357 3700 525 3754 ματος
568 3683 902 3754 χαρίσματα,
932 3684 1076 3753 ειπερ
1120 3681 1179 3746 ἐξ
1208 3681 1439 3753 οὑρανοῦ
1460 3680 1823 3746 κατεϐίϐασε;
1854 3680 1944 3733 Διὸ

353 3775 450 3828 καὶ
477 3774 712 3827 ἐνταῦθα
740 3774 891 3845 παρά
940 3773 1019 3843 τῷ
1056 3772 1257 3844 ’Λκύλᾳ
1297 3772 1532 3843 εἴρηταν
1574 3791 1592 3822 ι
1653 3771 1749 3834 Τίς
1775 3771 1942 3841 ἀνέϐη

352 3869 435 3930 εἰς
459 3867 551 3920 τδν
576 3867 802 3937 οὐρανὸν
830 3868 924 3920 καὶ
950 3865 1304 3919 κατεϐίϐασεν
1329 3882 1342 3931 ;
1365 3864 1536 3920 Αὐτὸς
1565 3862 1621 3916 δὲ
1656 3864 1749 3917 καὶ
1776 3862 1945 3934 ἐκρά-

350 3976 487 4030 τησε
528 3959 637 4012 τῶν
666 3959 849 4029 ἄκρων
881 3958 983 4029 τῆς
1020 3959 1145 4028 γῆς,
1178 3957 1318 4011 ὥστε
1368 3959 1448 4020 εἰς
1484 3958 1664 4011 πᾶσαν
1695 3957 1794 4028 τὴν
1836 3956 1942 4026 γῆν

351 4049 587 4118 ἐξελθεῖν
627 4050 718 4104 τὸν
748 4049 901 4119 λόγον
929 4049 1116 4113 αὑτοῦ,
1162 4050 1255 4103 καὶ
1295 4050 1377 4112 εἰς
1403 4048 1470 4103 τὰ
1502 4048 1713 4120 πέρατα
1735 4047 1835 4117 τῆς
1861 4049 1940 4101 ol-

353 4144 625 4216 κουμένης
673 4143 741 4197 τὰ
794 4146 1014 4215 ῥήματα
1063 4143 1247 4197 αὑτοῦ.
1284 4136 1409 4213 ι-τῼ
1448 4141 1507 4195 δὲ
1539 4141 1743 4194 δέδοται
1786 4139 1942 4210 λόγος

352 4236 626 4306 γνώσεως,
659 4229 812 4299 οὗτος
846 4236 1050 4291 εἴσεται
1071 4237 1217 4300 ὅπως
1238 4236 1303 4289 ἂν
1326 4234 1546 4306 νοηθείη
1576 4234 1670 4286 καὶ
1687 4233 1755 4286 τὰ
1777 4231 1940 4287 λοιπό⁴

321 4311 461 4383 ’τῶν
498 4329 642 4385 κατά
680 4330 773 4400 τὸν
813 4329 1007 4383 τόπον·
1046 4328 1344 4399 προτρέπει
1371 4326 1427 4379 δὲ
1465 4326 1613 4397 ἡμᾶς
1638 4324 1730 4378 ἐπὶ
1757 4323 1818 4376 τὸ
1843 4323 1940 4395 ζη-

348 4424 515 4495 τῆσαι
539 4424 592 4478 τί
612 4424 782 4496 ὄνομα
808 4423 957 4495 αὑτῷ
989 4440 1049 4476 τε
1079 4423 1173 4476 καὶ
1201 4424 1314 4485 τοῖς
1350 4420 1561 4482 τέκνοις
1593 4418 1779 4471 αὐτοῦ’
1803 4417 1938 4490 πρὸς

2050 548 2225 605 tionis
2250 550 2327 615 ‘°,
2373 570 2390 603 ο
2442 552 2829 623 sapientiorem
2890 555 3285 629 fortioremque
3336 560 3619 615 hominum

2052 641 2360 711 sapientia?
2393 643 2491 699 Hic
2522 646 2666 700 enim
2685 647 2897 712 dicens,
2925 667 2944 699 ι
2970 651 3328 707 stultissimus
3353 668 3475 707 sum
3505 667 3625 706 om-

2051 735 2205 788 nium
2235 735 2498 801 virorum,
2542 756 2563 788 ι
2614 747 2668 793 et
2697 740 2753 794 in
2793 745 3136 813 sexagesimo
3167 755 3360 800 octavo
3386 746 3621 817 psalmo,

2056 845 2075 878 ι
2105 826 2185 881 Tu
2208 827 2320 883 scis
2348 827 2714 900 insipientiam
2747 848 2919 887 meam
2941 835 3005 899 υ,
3032 855 3049 887 ι
3087 839 3241 907 quasi
3264 840 3334 893 ob
3364 855 3624 910 generose

2051 917 2255 975 factum
2306 921 2644 991 gloriﬁcatur
2689 926 2833 995 quod
2885 928 3088 982 nullam
3118 946 3345 999 prorsus
3388 932 3614 1002 prudeno

2050 1013 2181 1067 tiam
2209 1014 2407 1068 habeat
2433 1030 2622 1071 eorum
2686 1018 2779 1089 qui
2832 1022 3127 1088 pecoribus
3156 1032 3210 1078 et
3240 1025 3626 1095 insipientibus

2049 1107 2372 1178 aequiparati
2404 1116 2553 1172 sunt,
2587 1111 2667 1164 vel
2695 1111 3008 1169 istiusmodi
3073 1115 3374 1182 hominum,
3405 1126 3457 1172 et
3477 1118 3626 1188 quod

2051 1195 2312 1251 insanivit
2370 1199 2673 1254 secundum
2729 1202 3054 1271 sapientiam
3113 1219 3302 1258 eorum
3353 1204 3444 1273 qui
3486 1205 3627 1259 nihil

2050 1289 2161 1346 nisi
2186 1293 2491 1357 terrestria,
2525 1293 2764 1347 carnalia
2788 1301 2843 1349 et
2874 1295 3178 1350 materialia
3211 1297 3452 1367 sapiunt.
3492 1294 3622 1353 lnde

2049 1384 2353 1455 prudentia:
2375 1385 2636 1441 indicium
2664 1394 2747 1441 est
2794 1387 2850 1441 in
2881 1388 3229 1459 generatione
3253 1404 3374 1453 sua,
3414 1390 3461 1445 si
3499 1398 3623 1445 tan-

2048 1478 2333 1535 tummodo
2363 1495 2484 1550 quaa
2510 1486 2639 1535 sunt
2684 1494 2848 1542 super
2878 1490 3078 1534 terram
3104 1482 3405 1551 requirant,
3434 1489 3488 1537 et
3505 1497 3629 1554 quae

2048 1583 2216 1639 prava
2247 1579 2378 1625 sunt
2403 1570 2635 1640 juvenili
2670 1570 2882 1639 sapiant
2916 1569 3205 1641 imperitia.
3228 1570 3476 1626 Humana
3504 1572 3597 1642 qui

2049 1659 2172 1714 dem
2205 1675 2330 1714 cum
2354 1661 2581 1716 minime
2624 1660 2678 1713 in
2728 1660 3008 1729 praecitato
3057 1661 3281 1717 homine
3313 1661 3623 1716 inveniatur

2048 1752 2364 1822 prudentia,
2394 1752 2613 1809 divinus
2653 1753 2724 1807 sit
2754 1762 2807 1808 et
2835 1752 3053 1808 homine
3080 1755 3255 1823 major
3278 1771 3503 1811 necesse
3519 1761 3627 1811 est.

2049 1844 2232 1913 Quare
2265 1846 2457 1917 adjicit
2489 1846 2809 1917 Scriptura:
2845 1866 2863 1898 ι
2898 1845 3039 1902 Deus
3071 1847 3258 1903 docuit
3279 1864 3365 1904 me
3407 1850 3623 1920 sapien-

2047 1940 2231 2002 tiam,
2274 1944 2329 1993 et
2389 1938 2673 1993 scientiam
2725 1945 3039 1996 sanctorum
3104 1956 3204 2010 ego
3248 1941 3397 1995 novi.
3436 1961 3454 1993 ι
3491 1939 3623 1996 Dein

2050 2028 2472 2099 interrogatorie
2500 2029 2662 2084 dicit:
2691 2049 2710 2080 ι
2738 2030 2873 2097 Quis
2895 2030 3141 2087 ascendit
3159 2032 3212 2086 in
3244 2032 3439 2087 coelum
3463 2043 3625 2104 atque

2052 2116 2390 2173 descendit?
2425 2137 2444 2169 ι
2499 2117 2611 2174 Nos
2663 2119 2912 2175 videlicet
2974 2121 3298 2178 adhortatus
3347 2122 3415 2177 ad
3476 2125 3625 2179 illius

2050 2206 2525 2278 investigationem
2580 2210 2673 2280 qui
2718 2211 2846 2264 talia
2879 2209 2946 2265 de
2980 2227 3038 2267 se
3091 2213 3212 2282 ipso
3262 2214 3441 2271 docet.
3497 2215 3625 2283 Quae

2050 2311 2383 2371 sequuntur,
2444 2303 2718 2372 peculiare
2774 2306 3229 2360 commentarium
3289 2304 3623 2366 desiderant.

2050 2393 2279 2448 Divinus
2304 2395 2467 2465 igitur
2481 2396 2777 2467 Apostolus
2803 2396 2869 2451 de
2893 2412 2955 2452 eo
2986 2413 3086 2452 nos
3122 2397 3326 2455 docens
3361 2404 3497 2457 aitzc
3524 2401 3627 2470 Qui

2053 2481 2359 2546 descendit,
2388 2483 2504 2553 ipse
2536 2493 2620 2539 est
2640 2491 2693 2539 et
2718 2485 2811 2554 qui
2837 2485 3082 2541 ascendit
3110 2503 3275 2557 super
3302 2504 3495 2545 omnes
3516 2506 3626 2545 cm-

2049 2573 2131 2629 los
2161 2575 2224 2629 ¹².
2258 2593 2276 2624 ι
2310 2572 2466 2629 llunc
2500 2574 2643 2629 enim
2677 2575 2921 2631 vicissim
2966 2576 3320 2635 descendisse
3347 2589 3402 2636 et
3429 2597 3626 2638 ascen-

2048 2664 2200 2720 disse
2223 2680 2527 2735 rursusque
2553 2664 2942 2733 descendisse;
2969 2671 3165 2723 etenim
3182 2685 3308 2726 cum
3339 2686 3369 2725 a
3400 2676 3627 2731 mortuis

2048 2754 2401 2817 surrexisset,
2436 2754 2619 2808 Maria:
2648 2754 2818 2810 dixit:
2841 2756 2998 2813 «Noli
3030 2764 3627 2831 metangere,nondum

2047 2847 2193 2902 enim
2244 2847 2470 2902 ascendi
2503 2848 2567 2901 ad
2598 2846 2811 2903 Patrem
2848 2865 3030 2905 meum
3067 2851 3131 2906 ³³.
3171 2871 3190 2904 ι
3221 2852 3421 2910 Postea
3460 2856 3621 2914 disci-

2046 2937 2193 3008 pulis
2227 2938 2343 2994 suis
2375 2938 2526 2994 visus
2551 2946 2635 2993 est
2662 2955 2762 3009 per
2793 2940 2911 2995 dies
2957 2941 3341 3015 quadraginta,
3396 2948 3452 3002 in
3511 2966 3627 3006 me-

2046 3029 2139 3086 dio
2188 3045 2376 3087 eorum
2432 3045 2761 3101 congressus
2782 3033 2845 3086 ⁸⁸⁸.
2887 3030 3139 3089 Profecto
3175 3035 3242 3089 ad
3269 3035 3485 3094 Patrem
3513 3040 3626 3111 jam

2049 3138 2325 3189 reversus,
2358 3123 2557 3178 iterum
2588 3124 2658 3178 ad
2689 3140 2784 3180 eos
2833 3124 3201 3184 instituendos
3235 3129 3627 3194 descendebat.

2048 3211 2207 3269 Unde
2236 3222 2291 3268 et
2322 3212 2528 3267 dictum
2560 3220 2645 3267 est
2682 3231 2696 3268 :
2739 3232 2758 3265 ι
2796 3213 3113 3271 Ascendens
3137 3216 3190 3270 in
3216 3218 3384 3271 altum
3405 3258 3421 3283 ,
3455 3222 3627 3290 capti-

2045 3322 2166 3360 vam
2198 3305 2352 3361 duxit
2381 3306 2751 3376 captivitatem
2790 3326 2804 3361 :
2838 3307 2986 3362 dedit
3006 3308 3145 3363 dona
3171 3310 3487 3368 hominibus
3521 3312 3622 3367 η.»

2046 3396 2177 3464 Quae
2204 3406 2406 3461 autem,
2434 3397 2538 3452 nisi
2564 3395 2801 3469 Spiritus
2835 3389 3019 3453 sancti
3044 3414 3290 3465 munera,
3321 3416 3442 3472 quae
3464 3417 3495 3457 e
3513 3417 3633 3461 cm:

2044 3491 2114 3545 lis
2139 3490 2358 3546 demisit
2381 3489 2545 3545 ?Ideo
2601 3498 2657 3545 et
2702 3492 2845 3561 apud
2878 3491 3131 3562 Aquilam
3165 3492 3407 3549 dicitur:
3440 3511 3458 3544 ι
3490 3493 3626 3562 Quis

2044 3578 2288 3636 ascendit
2310 3580 2365 3635 in
2398 3581 2598 3635 cmlum
2632 3587 2686 3636 et
2716 3580 2986 3637 demisit?
3032 3580 3178 3638 ldem
3211 3584 3303 3655 qui
3353 3584 3623 3641 altissima

2043 3678 2203 3726 terra:
2248 3673 2548 3743 superavit,
2591 3673 2667 3727 ita
2711 3683 2772 3728 ut
2822 3674 2877 3729 in
2917 3689 3133 3729 omnem
3193 3683 3396 3731 terram
3453 3679 3625 3735 exiret

2044 3780 2214 3820 sonus
2257 3764 2399 3835 ejus,
2423 3773 2479 3820 et
2525 3766 2580 3819 in
2616 3765 2753 3821 lines
2777 3766 2927 3821 orbis
2972 3774 3132 3821 terrae
3156 3768 3316 3822 verba
3349 3769 3470 3840 ejus
3500 3770 3564 3824 ¹⁶.
3597 3789 3617 3824 ι

2043 3857 2143 3911 Cui
2174 3872 2303 3912 vero
2331 3856 2519 3912 datum
2588 3866 2674 3914 est
2710 3858 2936 3914 verbum
2989 3860 3255 3923 scientiae,
3299 3860 3389 3916 hic
3410 3863 3623 3918 noverit

2042 3938 2318 4019 quomodo
2358 3950 2708 4021 intelligenda
2752 3951 2862 4007 sint
2918 3959 3116 4007 caetera
3141 3953 3307 4023 hujus
3328 3954 3455 4011 loci.
3507 3955 3620 4012 Nos

2042 4042 2206 4112 igitur
2238 4040 2501 4097 admonet
2521 4051 2580 4097 ut
2612 4057 2924 4113 quaeramus
2954 4043 3102 4113 quod
3144 4045 3218 4099 sit
3267 4044 3339 4111 ei,
3390 4044 3619 4115 ejusque

2043 4134 2168 4191 [iliis
2214 4151 2433 4192 nomen.
2488 4135 2603 4191 Hac
2632 4135 2777 4191 enim
2810 4134 3231 4205 investigatione
3273 4135 3434 4191 nobis
3465 4151 3617 4192 com-

2040 4239 2254 4303 pertum
2288 4231 2397 4295 fiet,
2431 4230 2560 4286 huic
2589 4245 2783 4285 nomen
2809 4245 2933 4285 esse
2948 4228 3161 4296 Jesum,
3185 4230 3331 4300 quod
3351 4229 3444 4284 Dei
3465 4230 3615 4285 salus

2041 4324 2453 4394 interpretatur,
2518 4322 2667 4393 quod.
2700 4330 2754 4378 et
2783 4328 3040 4392 parentes
3069 4321 3210 4389 ejus,
3266 4336 3298 4375 a
3357 4323 3613 4378 tlahriele

2041 4417 2327 4481 admoniti,
2356 4417 2739 4486 imposuerunt
2797 4415 2869 4483 ei,
2912 4414 3074 4470 istius
3102 4430 3324 4471 causam
3368 4416 3619 4471 denomi-

348 4516 509 4571 τοῡτο
533 4517 575 4569 δ’
607 4514 1025 4586 ὑπακουσόμεθα
1065 4515 1129 4567 ἐκ
1158 4515 1255 4586 τῆς
1281 4511 1561 4585 ἐνεργείας
1605 4511 1940 4581 παρειληφό-

2046 4508 2285 4564 nationis
2316 4508 2509 4579 angelo
2546 4507 2668 4578 ipso
2711 4507 3073 4577 signiﬁcante.
3110 4524 3129 4558 ι
3153 4507 3274 4578 Ipse
3306 4508 3474 4571 enim,
3532 4508 3620 4563 in-

347 4626 465 4673 τες,
507 4608 654 4681 αὑτῷ
691 4610 787 4680 μέν
826 4609 1089 4679 ὑπάρχειν
1117 4607 1287 4677 ὄνομα
1334 4603 1561 4677 Ἰησοῦς,
1588 4605 1725 4676 ὅπερ
1764 4605 1935 4675 ἑρμη-

346 4703 568 4757 νεύεται
604 4701 753 4757 Θεοῦ
778 4700 1058 4769 σωτηρία·
1089 4699 1117 4752 ὃ
1142 4699 1234 4753 καὶ
1265 4699 1314 4751 οἱ
1349 4697 1489 4751 κατὰ
1524 4696 1707 4768 σάρκα
1763 4710 1934 4766 προσ-

347 4800 577 4866 ήκοντες
610 4794 753 4848 κατά
777 4793 867 4847 τὸν
900 4792 994 4847 τοῦ
1032 4791 1270 4864 Γαϐριὴλ
1319 4789 1702 4861 χρηματισμὸν
1753 4787 1934 4840 ἐπιτε-

346 4888 595 4942 θείκασιν
623 4886 791 4957 αὐτῷ,
818 4885 1153 4957 ὑποθεμένου
1182 4885 1277 4938 καὶ⁹
1307 4884 1404 4954 τὴν
1432 4882 1612 4936 αἰτίαν
1645 4880 1739 4934 τοῦ
1771 4879 1937 4950 ἀγγέ-

344 4981 442 5034 λου
480 4980 582 5051 τῆς
616 4979 869 5049 τοιαύτης
901 4976 1291 5049 προσηγορίας,
1331 4995 1349 5025 ι
1392 4973 1562 5038 Αὑτδς
1604 4974 1714 5046 γὰρ
1747 4973 1930 5037 σώσει,

348 5073 506 5145 φησι,
540 5073 631 5126 τὸν
666 5070 791 5125 λαὸν
847 5069 1008 5124 αὑτοῦ
1044 5070 1154 5122 ἀπὸ
1187 5068 1296 5122 τῶν
1345 5067 1633 5140 ἁμαρτιῶν
1667 5066 1867 5121 αὐτῶν.
1908 5084 1926 5116 ι

2042 4602 2182 4672 quit,
2238 4602 2450 4656 salvum
2500 4600 2665 4656 faciet
2689 4599 2949 4670 populum
2982 4616 3143 4655 suum
3193 4614 3223 4652 a
3253 4602 3496 4671 peccatis
3523 4616 3618 4657 eo-

2041 4707 2161 4748 rum
2201 4693 2263 4747 ".
2307 4712 2325 4745 ι
2380 4690 2589 4747 Nomen
2642 4706 2771 4747 vero
2832 4690 3066 4746 ﬁliorum
3107 4705 3355 4755 suorum,
3415 4692 3621 4762 quibus

2042 4785 2220 4839 dixit:
2247 4801 2265 4834 ι
2293 4781 2498 4847 Filioli,
2525 4782 2706 4838 adhuc
2740 4781 3014 4836 modicum
3050 4782 3332 4839 vobiscum
3374 4798 3495 4838 sum
3514 4783 3611 4845 ",I

2041 4891 2342 4947 eorumque
2395 4876 2488 4946 qui
2517 4882 2641 4946 post
2668 4890 2763 4930 eos
2795 4875 2851 4928 in
2884 4874 3142 4930 omnibus
3197 4874 3459 4930 Eeclesiis
3512 4889 3615 4929 na~

2042 4978 2262 5025 scentur
2287 4967 2547 5031 ﬁliorum,
2574 4974 2626 5021 et
2652 4974 3011 5037 pronepotum
3028 4982 3219 5021 eorum
3242 5007 3257 5031 ,
3294 4967 3437 5037 quod
3467 4967 3615 5021 aliud

2038 5073 2204 5126 esset,
2234 5062 2342 5118 nisi
2378 5060 2724 5117 benedictum
2754 5059 2886 5113 illud
2911 5060 3271 5114 christianum
3306 5057 3547 5113 nomen?

344 5169 424 5223 Τὸ
454 5169 511 5222 δὲ
542 5169 650 5223 τῶν
695 5169 899 5223 τέκνων
956 5166 1121 5222 αὑτοῦ
1157 5165 1347 5238 ὄνομα,
1382 5160 1462 5229 οἷς
1497 5163 1670 5233 ἔλεγε,
1704 5182 1722 5215 ι
1757 5162 1986 5226 Τεκνία,
2012 5160 2089 5214 ἔτι
2127 5159 2321 5231 μικρὸν
2355 5156 2416 5228 (f.
2459 5156 2551 5227 27)
2579 5155 2769 5228 χρόνον
2814 5154 2932 5226 μεθ’
2962 5154 3115 5225 ὑμῶν
3144 5155 3279 5223 εἰμι,
3318 5170 3338 5203 ι
3365 5154 3461 5207 καὶ
3506 5153 3615 5209 τῶν

348 5268 469 5339 μετ’
498 5266 737 5329 ἐκείνους
761 5267 819 5320 ἐν
839 5264 1074 5329 ἀπάσαις
1100 5264 1215 5327 ταῖς
1255 5262 1601 5333 Ἐκκλησίαις
1637 5260 1769 5314 υἱῶν
1810 5276 1869 5313 τε
1920 5256 2083 5312 αὑτοῦ
2126 5256 2220 5310 καὶ
2262 5254 2469 5308 υίωνῶν
2511 5254 2605 5306 καὶ
2643 5250 2956 5320 ἀπογόνων,
2993 5249 3048 5302 τί
3082 5247 3148 5301 ἂν
3179 5246 3305 5302 ἄλλο
3354 5246 3437 5319 εἵη
3476 5246 3532 5318 ἢ.
3552 5248 3617 5301 τὸ

344 5361 543 5433 εὐλογη
552 5360 709 5432 μένον
730 5360 1041 5433 χριστιανὸν
1070 5360 1240 5431 ὄνομα
1261 5375 1276 5425 ;

891 5452 1286 5527 ΚΕΦΑΛΑΙΟΝ
1323 5452 1397 5507 A'.

727 5544 869 5600 Ἀπὸ
898 5543 1003 5598 τοῦ
1051 5541 1553 5613 Ἐκκλησισστοῦ.

496 5637 720 5708 Ἀγαθὸς
768 5637 1116 5716 παῖςῇπένης
1163 5636 1256 5691 καὶ
1300 5635 1460 5706 σοφὸς
1509 5632 1650 5704 ὑπὲρ
1707 5630 1929 5703 βασιλέα

2645 5434 2874 5491 CAPUT
2906 5430 2995 5486 IV.

2590 5528 2673 5582 E1“.
2712 5527 3051 5582 Ecclesiaste.

2111 5645 2130 5678 ι
2168 5625 2355 5681 Melior
2404 5630 2488 5679 est
2520 5638 2652 5693 puer
2681 5635 2889 5693 pauper
2913 5629 2965 5674 et
2988 5618 3210 5689 sapiens
3243 5632 3369 5688 rege
3405 5632 3535 5673 sene
3555 5624 3611 5673 et

426 5771 471 5803 ¹⁴
505 5773 521 5825 1
557 5773 682 5829 Cor.
718 5770 892 5837 I,.21.
967 5771 1008 5802 “
1049 5768 1192 5825 Psal.
1229 5779 1431 5831 LXVIII,
1468 5767 1520 5822 6.
1604 5768 1647 5799 "
1686 5765 1882 5838 Ephcs.
1919 5781 1944 5820 ι⁴

2048 5762 2133 5818 10.
2213 5760 2256 5793 ¹³
2290 5758 2451 5838 .I_o_an.
2488 5729 2591 5826 xx,
2617 5756 2746 5831 {'17.
2823 5755 2867 5789 “
2902 5755 3023 5811 Act.
3089 5770 3141 5820 ι,
3175 5753 3229 5809 3.
3323 5752 3366 5786 “
3404 5750 3604 5823 Ephes.

349 5855 439 5909 Iv,
486 5841 540 5899 8.
639 5843 685 5876 “
722 5841 867 5900 Psal.
904 5857 1069 5908 vaII,
1103 5840 1156 5897 4.
1253 5841 1295 5918 ‘_'
1337 5839 1524 5897 Matth.
1574 5856 1624 5905 ι,
1659 5839 1750 5894 2|.

1865 5837 1909 5871 ¹³
1940 5834 2097 5891 Joan.
2135 5848 2269 5894 χιιι.
2305 5832 2392 5886 55.
