4114 6472
577 353 714 410 “27

1293 349 1561 406 EUSEBII
1599 349 2072 406 CIESARIENSIS
2107 347 2257 406 OPP.
2297 346 2478 401 PARS
2505 345 2592 399 lli.
2631 377 2703 389 —-
2736 342 3145 399 EXEGETICA.

3685 337 3821 389 ιιειι

576 468 764 530 stulto,
802 465 896 537 qui
930 465 1110 522 nescit
1135 467 1434 536 praevidere
1483 468 1535 521 in
1565 474 1866 536 posterum.
1895 466 2050 533 Quod
2075 465 2140 520 de

2261 463 2613 536 πρεσϐύτερον
2644 465 2736 516 καὶ
2765 463 2993 532 ἄφρονα,
3024 460 3081 523 ὃς
3109 459 3209 512 οὐκ
3248 457 3387 525 ἐγνω
3410 456 3502 510 τοῦ
3534 454 3821 526 προσέχειν

576 572 796 612 carcere
851 558 1167 627 catenisque
1214 557 1487 613 interdum
1535 559 1660 628 quis
1713 559 2027 628 egrediatur
2073 559 2142 613 ad

577 663 805 719 regnum
834 667 846 702 :
874 656 928 704 et
961 649 1102 704 alius
1134 657 1295 704 natus
1326 650 1380 702 in
1413 664 1602 718 regno,
1636 649 1818 718 inopia
1852 663 2143 704 consuma-

577 751 683 797 tur.
725 740 848 795 Vidi
875 749 1104 797 cunctos
1141 742 1404 802 viventes.
1446 742 1540 812 qui
1573 742 1851 796 ambulant
1898 742 2001 796 sub
2031 743 2144 798 sole

577 849 701 889 cum
747 833 1095 890 adolescente
1146 835 1410 901 secundo,
1442 836 1535 906 qui
1575 843 1870 907 consurget
1912 851 2011 906 pro
2057 853 2143 892 eo.

578 925 827 981 lnﬁnitus
858 943 1118 982 numerus
1164 933 1247 982 est
1277 927 1460 998 pepuli
1491 927 1734 981 omnium
1759 966 1774 991 ,
1799 927 1889 998 qui
1928 927 2146 983 fuerunt

579 1026 707 1073 ante
743 1033 867 1073 eum
901 1037 916 1074 :
949 1020 1111 1089 etqui
1152 1026 1340 1090 postea
1370 1019 1539 1073 futuri
1571 1028 1720 1084 sunt,
1749 1034 1855 1074 non
1884 1020 2147 1074 lagtabun-

582 1115 668 1160 tur
720 1107 774 1161 in
836 1122 921 1160 eo.
967 1105 1072 1161 Sed
1131 1108 1185 1160 in
1238 1108 1360 1172 hoc,
1392 1109 1608 1164 vanitas
1651 1115 1706 1162 et
1735 1108 1954 1163 afﬂictio
1985 1109 2148 1179 spiri-

579 1207 670 1253 tus
699 1200 762 1254 η.
805 1197 976 1253 »Ουηι
1008 1197 1279 1261 Christus,
1312 1201 1403 1267 qui
1441 1218 1459 1250 ι
1497 1200 1762 1270 sapientia
1793 1200 1887 1256 Dei
1919 1201 1963 1232 ¹⁰
1997 1220 2017 1252 ι
2042 1209 2146 1268 est,

141 1287 329 1348 σείοκ
361 1277 680 1398 viii-7mm
711 1288 866 1343 nobis
900 1287 1252 1351 mendicavit,
1285 1289 1438 1344 dives
1488 1289 1634 1353 licet,
1664 1291 1796 1344 mihi
1831 1292 2044 1346 videtur
2082 1293 2149 1347 de

581 1396 647 1436 eo
670 1380 776 1434 dici
806 1399 818 1434 :
863 1399 881 1430 ι
928 1379 1116 1434 Melior
1155 1389 1238 1435 est
1275 1395 1411 1450 puer
1444 1397 1649 1450 pauper
1686 1391 1738 1435 et
1776 1383 1995 1453 sapiens
2026 1399 2152 1454 rege

585 1489 715 1530 sene
753 1482 805 1527 et
855 1474 1046 1535 stulto,
1083 1492 1100 1524 ι
1135 1488 1296 1542 quem
1330 1487 1529 1527 censeo
1561 1473 1999 1544 antiquissimum
2039 1490 2153 1528 ma-

585 1564 760 1618 lorum
790 1563 1000 1616 dierum
1031 1578 1152 1618 esse
1167 1562 1464 1617 diabolum.
1495 1561 1592 1616 Hic
1613 1579 1805 1633 nempe
1829 1565 1896 1618 iis
1924 1580 2016 1618 rex
2044 1573 2149 1629 est,

584 1656 678 1726 qui
707 1664 931 1726 peccato
962 1669 1056 1724 per
1078 1670 1200 1710 eum
1234 1655 1288 1708 in
1311 1655 1442 1710 orbe
1475 1655 1672 1710 diﬂ'uso
1705 1665 1991 1726 reguntur;
2023 1660 2156 1714 stul-

584 1755 676 1803 tus
711 1763 840 1802 vero
870 1787 884 1812 ,
926 1757 983 1800 ut
1015 1747 1105 1816 qui
1139 1747 1345 1816 optima
1376 1751 1676 1801 secundum
1717 1746 1886 1804 Deum
1918 1752 2156 1821 pruden-

585 1841 659 1894 tia
709 1848 911 1895 careat.
952 1839 1046 1895 Ille
1084 1847 1263 1893 autem
1300 1839 1613 1909 praecitatus
1650 1858 1668 1891 ι
1717 1856 1850 1910 puer
1876 1858 2080 1913 pauper
2101 1851 2155 1898 et
2184 1832 2228 1888 Β

586 1934 806 2004 sapiens
831 1933 897 1988 de
925 1947 1165 1996 carcere,
1200 1951 1217 1984 ι
1248 1933 1364 1987 sive
1395 1932 1461 1989 de
1487 1935 1589 1989 hoc
1621 1935 1875 1991 terrestri
1901 1935 2046 1999 loco,
2079 1936 2154 1990 si-

585 2043 651 2082 ve
675 2026 741 2080 de
762 2025 994 2092 inferno,
1025 2040 1055 2078 a
1084 2027 1315 2082 mortuis
1336 2042 1624 2098 resurgens
1653 2041 1906 2098 egressus
1933 2035 2016 2083 est
2041 2025 2151 2082 Rex

586 2134 618 2176 a
640 2118 801 2174 Patre
830 2134 995 2188 super
1029 2119 1305 2174 etelestem
1329 2119 1461 2174 Sion
1488 2128 1726 2175 montem
1761 2119 1856 2175 Dei
1886 2122 2156 2176 constitu-

587 2220 677 2268 tus
700 2213 765 2275 “,
807 2220 860 2267 et
911 2212 966 2266 in
1018 2213 1137 2281 ipso
1196 2228 1364 2282 regno
1406 2213 1527 2284 ejus
1567 2213 1746 2269 factus
1793 2223 1877 2269 est
1927 2229 2151 2284 pauper,

594 2325 614 2359 ι
654 2322 762 2361 non
787 2305 1029 2375 rapinam
1061 2305 1358 2360 arbitratus
1377 2322 1499 2361 esse
1536 2322 1595 2362 se
1619 2307 1882 2377 aequalem
1910 2305 2104 2370 Deo",
2130 2325 2148 2358 ι

587 2398 683 2454 sed
713 2398 953 2468 seipsum
990 2397 1309 2460 humilians,
1343 2406 1397 2453 et
1427 2398 1494 2453 de
1523 2399 1788 2454 altissima
1819 2398 2156 2455 descendens

588 2488 783 2558 gloria,
815 2497 1036 2559 propter
1079 2502 1174 2543 eos
1209 2489 1300 2558 qui
1353 2489 1635 2558 sapientiae
1677 2489 1799 2558 ejus
1842 2490 2152 2546 divitiarum

587 2580 884 2651 participes
907 2596 1015 2635 non
1043 2588 1219 2636 erant.
1241 2579 1344 2647 Qui
1377 2589 1557 2635 autem
1589 2580 1853 2636 adversus
1875 2597 1999 2636 eum
2032 2597 2157 2636 sur-

588 2663 798 2729 rexisse
838 2673 1038 2728 dicitur
1087 2675 1361 2729 secundus
1402 2673 1742 2737 adolescens,
1784 2673 2156 2729 Antichristus

590 2779 712 2822 esse
752 2767 882 2820 inihi
929 2765 1166 2830 videtur,
1198 2781 1435 2836 quocum
1469 2780 1658 2820 omnes
1687 2766 1790 2821 sub
1831 2767 1944 2822 sole
1970 2767 2157 2821 viven-

593 2865 677 2912 tes
703 2864 756 2912 et
787 2857 1128 2912 ambulantes
1174 2856 1380 2911 vidisse
1411 2856 1546 2910 dicit
1587 2855 1890 2926 Scriptura.
1924 2855 2154 2922 Quinam

591 2951 723 3004 vero
752 2949 842 3004 isti
871 2954 1020 3011 sunt,
1048 2947 1156 3002 nisi
1185 2955 1556 3017 quotcunque,
1606 2962 1727 3016 quae
1761 2949 1864 3003 sub
1895 2947 2009 3002 sole
2036 2962 2158 3003 esse

593 3031 817 3101 dicitur,
854 3053 873 3086 ι
913 3034 1212 3088 vanitatem
1249 3033 1551 3087 vanitatum
1579 3051 1596 3084 ι
1632 3033 1864 3104 amplexi
1893 3034 2066 3089 sunt?

1220 3306 1446 3364 CAPUT
1491 3306 1555 3363 ν.

1159 3400 1242 3454 Ex
1263 3401 1601 3457 Ecclesiaste.

673 3514 696 3551 ι
725 3493 876 3550 Hane
904 3510 1121 3566 quoque
1161 3494 1262 3549 sub
1302 3494 1418 3548 sole
1442 3493 1554 3547 vidi
1585 3493 1928 3562 sapientiam,
1956 3500 2011 3548 et
2038 3509 2165 3563 pro-

598 3588 723 3646 bavi
749 3587 1061 3642 maximam.
1099 3583 1307 3639 Civitas
1333 3599 1518 3654 parva,
1549 3592 1602 3638 et
1639 3587 1796 3653 pauci
1828 3585 1882 3638 in
1914 3600 1978 3639 ea
2016 3586 2117 3641 viri
2148 3603 2159 3638 :

599 3679 749 3735 venit
779 3685 970 3733 contra
1002 3691 1121 3731 eam
1166 3691 1257 3730 rex
1293 3690 1546 3746 magnus,
1578 3684 1631 3732 et
1660 3677 1879 3731 vallavit
1901 3693 2041 3741 eam,
2069 3693 2166 3733 ex~

601 3770 908 3840 struxitque
958 3769 1292 3823 munitiones
1336 3784 1432 3839 per
1479 3783 1692 3840 gyrum,
1720 3777 1773 3823 et
1819 3768 2057 3838 perfecta
2085 3777 2166 3825 est

599 3865 834 3922 obsidio.
859 3863 1224 3932 lnventusque
1240 3872 1323 3918 est
1349 3863 1402 3916 in
1422 3878 1482 3917 ea
1507 3863 1588 3916 vir
1610 3879 1814 3933 pauper
1841 3871 1895 3918 et
1920 3864 2162 3933 sapiens,

599 3966 655 4013 et
685 3957 934 4012 liberavit
977 3955 1164 4009 urbem
1197 3969 1294 4024 per
1322 3954 1644 4024 sapientiam
1676 3969 1852 4019 suam,
1889 3964 1942 4010 et
1987 3957 2166 4014 nullus

602 4049 860 4119 deinceps
888 4046 1209 4102 recordatus
1234 4052 1318 4100 est
1363 4045 1598 4100 hominis
1630 4045 1777 4100 illius
1800 4048 2073 4117 pauperis.
2104 4049 2169 4102 Et

601 4142 848 4198 dicebam
877 4156 978 4210 ego
1005 4139 1282 4193 meliorem
1311 4153 1431 4194 esse
1457 4138 1774 4208 sapientiam
1809 4138 2124 4194 fortitudine
2151 4161 2163 4196 :

604 4234 880 4305 quomodo
901 4249 1032 4304 ergo
1059 4233 1327 4304 sapientia
1361 4234 1618 4304 pauperis
1655 4243 1968 4304 contempta
1988 4245 2091 4299 est,
2115 4245 2169 4291 et

605 4331 770 4386 verba
800 4328 918 4400 ejus
949 4342 1054 4381 non
1077 4336 1206 4382 sunt
1236 4326 1419 4381 audita
1443 4328 1512 4380 ’3?
1549 4347 1566 4378 ι
1601 4325 1702 4392 Qui
1734 4327 1820 4381 hic
1850 4327 1986 4381 bella
2009 4328 2168 4396 gerit,

606 4437 702 4477 rex
732 4419 967 4488 dicitur;
994 4427 1047 4474 et
1066 4419 1157 4488 qui
1182 4418 1252 4473 ab
1295 4434 1360 4473 eo
1397 4429 1756 4488 expugnatam
1798 4418 1999 4472 salvam
2043 4418 2170 4472 fecit

606 4515 819 4578 urbem,
843 4512 926 4566 vir
954 4527 1160 4582 pauper
1197 4519 1252 4565 et
1279 4512 1528 4580 sapiens;
1555 4511 1609 4564 in
1631 4508 1955 4578 praecedenti
1989 4517 2166 4564 autem

609 4604 787 4674 capite
814 4620 859 4657 ιι
884 4602 1068 4656 Melior
1090 4610 1174 4656 est
1193 4616 1326 4672 puer
1353 4616 1558 4672 pauper
1580 4608 1634 4655 et
1658 4600 1874 4671 sapiens
1891 4617 2015 4672 rege
2043 4617 2173 4658 sene

611 4704 667 4752 et
688 4696 879 4760 stulto,
913 4714 931 4747 ι
973 4693 1118 4765 quod
1139 4693 1483 4764 interpretati
1508 4709 1698 4748 sumus
1724 4694 1949 4747 stultum
1990 4709 2170 4764 regem

607 4805 733 4846 esse
771 4787 1063 4850 diabolum,
1090 4801 1380 4856 pauperem
1431 4800 1581 4849 vero,
1631 4786 2042 4856 sapientemque
2088 4803 2174 4842 se-

613 4884 792 4953 ipsum
850 4881 1167 4936 exinaniens
1203 4879 1618 4949 mendicnmque
1674 4889 1895 4949 propter
1957 4895 2058 4936 nos
2094 4880 2175 4932 fa-

611 4989 762 5034 ctum
814 4976 908 5032 Dei
950 4976 1210 5032 Verbum.
1262 4972 1472 5029 Idcirco
1524 4972 1689 5042 priori
1740 4973 2174 5042 interpretationi

615 5078 816 5127 nostra:
839 5076 1226 5140 congruenter,
1253 5082 1364 5121 non
1403 5065 1566 5119 alium
1592 5080 1713 5119 esse
1737 5063 2025 5133 Opinamur
2055 5064 2172 5118 bel-

618 5162 780 5215 licum
820 5160 914 5230 qui
965 5159 1054 5213 hic
1079 5155 1408 5214 describitur
1439 5171 1641 5228 regem,
1672 5170 1736 5208 ac
1791 5155 1941 5208 illum
1995 5169 2174 5225 regem

618 5253 866 5308 stultum.
921 5249 1181 5306 Similiter
1209 5249 1302 5320 qui
1347 5249 1564 5321 propria
1595 5247 1858 5317 sapientia
1902 5261 2177 5318 expugna-

615 5355 725 5398 tam
751 5354 935 5401 servat
955 5344 1168 5406 urbem,
1184 5343 1324 5397 idem
1342 5353 1424 5397 est
1448 5357 1509 5395 ac
1531 5341 1620 5396 ille
1638 5355 1842 5409 pauper
1863 5347 1916 5394 et
1932 5343 2172 5409 sapiens,

616 5451 778 5506 quem
810 5435 1046 5490 diximus
1093 5450 1213 5491 esse
1269 5434 1571 5490 Christum.
1618 5431 1722 5500 Qui
1765 5435 1908 5486 enim
1953 5447 2173 5502 parvam

618 5530 832 5598 urbem,
865 5530 1009 5584 hunc
1031 5529 1242 5584 scilicet
1271 5535 1586 5582 terrestrem
1618 5528 1820 5590 locum,
1859 5526 1904 5580 si
1930 5540 2052 5578 cum
2085 5540 2176 5578 or-

616 5621 685 5678 be
710 5621 964 5677 universo
993 5620 1268 5689 conicias.
1287 5619 1693 5684 brevissimum,
1725 5632 2026 5687 omnesque
2055 5631 2173 5670 eam

688 5779 736 5813 κ
772 5781 952 5836 Eeele.
990 5793 1065 5837 tv.
1104 5776 1288 5832 13-16.
1367 5779 1411 5810 ὀ
1449 5775 1470 5831 1
1502 5775 1629 5833 Cor.
1669 5773 1848 5845 1,3“.
1924 5775 1969 5807 ’ί
1994 5771 2138 5829 Psal.

2273 5770 2329 5828 6.
2407 5760 2708 5840 “Philipp.
2747 5788 2820 5840 ιι,
2855 5781 2907 5827 υ.

2243 556 2343 610 ἔτι.
2383 557 2502 609 Ὅτι
2537 555 2594 621 ἐξ
2619 553 2767 606 οἴκου
2799 551 3031 622 δεσμίων
3067 548 3404 615 ἐξελεύσεται
3439 546 3533 600 τοῦ
3570 544 3807 618 βασιλεῦ

2246 665 2354 710 σαι,
2386 649 2469 701 ὅτι
2502 646 2594 699 καί
2636 661 2698 714 γε
2742 647 2798 697 ὲν
2843 643 3088 714 βασιλείᾳ
3129 641 3294 695 αὑτοῦ
3343 638 3575 710 ἐγενήθη
3631 637 3825 708 πένης.

2245 737 2396 793 Εἶδον
2433 738 2748 809 σύμπαντας
2788 737 2913 799 τοὺς
2962 735 3169 799 ζῶντας
3216 733 3341 797 τοὺς
3391 730 3828 814 περιπατοῦντας

2245 829 2350 882 ὑπὸ
2376 829 2466 881 τὸν
2495 828 2644 898 ἥλιον
2687 825 2823 896 μετά
2866 824 2963 877 τοῦ
3007 824 3286 877 νεανίσκου
3321 822 3413 875 τοῦ
3462 821 3741 892 δευτέρου,
3770 818 3830 880 ὃς

2245 923 2608 992 ἀναστήσεται
2629 921 2744 974 ἀντ’
2769 918 2952 972 αὑτοῦ.
2980 919 3093 971 Οὐκ
3120 917 3232 970 ἐστι
3259 915 3535 988 περασμὸς
3561 915 3638 984 τῷ
3666 915 3828 967 παντὶ

2247 1015 2360 1086 λαῷ
2391 1018 2501 1078 τοῖς
2535 1015 2719 1076 πᾶσιν,
2754 1014 2866 1066 ὅσοι
2889 1012 3136 1081 ἐγένοντο
3167 1010 3472 1082 ἔμπροσθεν
3501 1009 3702 1062 αὐτῶν·
3737 1011 3831 1062 καί

2247 1125 2310 1176 γε
2337 1109 2384 1160 οἱ
2419 1107 2633 1177 ἔσχατοι
2673 1106 2774 1160 οὐκ
2819 1103 3284 1175 εὐφρανθήσονται
3321 1103 3379 1154 ὲν
3409 1101 3576 1171 αύτῷ,
3611 1103 3694 1154 ὅτι
3740 1101 3831 1154 καί

2249 1219 2312 1270 γε
2367 1201 2525 1254 τοῦτο
2582 1199 2882 1270 ματαιότης
2921 1198 3014 1250 καὶ⁹
3067 1196 3385 1269 προαίρεσις
3434 1194 3758 1264 πνεύματος.
3811 1214 3829 1244 ι

2263 1293 2411 1345 Ἐπεὶ
2440 1291 2670 1363 Χριστὸς
2701 1309 2719 1375 ε
2755 1289 2914 1358 σοφία
2938 1288 3072 1342 Θεοῦ
3104 1309 3122 1341 ›
3141 1287 3236 1352 ὢν,
3257 1287 3323 1340 δι’
3350 1289 3495 1358 ἡμᾶς
3517 1285 3833 1356 ἐπτώχευσε

2253 1385 2504 1448 πλούσιος
2533 1383 2629 1448 ὢν,
2659 1379 2811 1453 οἶμαι
2844 1383 2970 1454 περὶ
2999 1381 3162 1435 αὐτοῦ
3193 1381 3448 1449 λέγεσθαι
3478 1379 3556 1442 τὸ,
3597 1397 3613 1428 ι
3666 1380 3834 1446 Ἀγα-

2253 1477 2344 1540 θὸς
2369 1480 2496 1540 παῖς
2529 1475 2697 1546 ¹πένης
2731 1476 2823 1528 καὶ
2848 1474 3008 1545 σοφὸς
3026 1474 3168 1545 ὑπὲρ
3207 1472 3426 1543 βασιλέα
3459 1471 3834 1545 πρεσϐύτερον

2253 1570 2347 1622 καὶ
2393 1569 2621 1640 ἄφρονα·
2671 1587 2689 1618 ι
2725 1566 2783 1618 ὃν
2816 1566 3018 1638 νομίζω
3064 1560 3203 1619 εἶναι
3253 1565 3344 1618 τὸν
3383 1564 3835 1635 πεπαλαιωμένον

2254 1659 2474 1730 ἡμερῶν
2506 1658 2687 1713 κακῶν
2728 1658 3004 1712 διάϐολον·
3038 1658 3097 1721 ὃς
3133 1657 3377 1728 βασιλεὺς
3423 1657 3520 1727 μέν
3563 1658 3678 1710 ἐστι
3724 1655 3834 1709 τῶν

2259 1751 2685 1823 βασιλευομένων
2700 1751 2804 1805 ὑπὸ
2824 1751 2924 1819 τῆς
2941 1749 3338 1820 ἐνεργουμένης
3363 1749 3452 1801 ὑπ’
3471 1747 3637 1801 αὑτοῦ
3658 1749 3838 1820 ἁμαρ

2254 1845 2394 1910 τίας,
2422 1845 2610 1917 ἄφρων
2642 1863 2705 1914 γε
2739 1844 2843 1915 μὴν
2876 1843 2962 1896 διά
2998 1843 3058 1896 τὸ
3086 1842 3410 1914 ἐστερῆσθαι
3437 1841 3537 1911 τῆς
3574 1841 3835 1912 ἐναρέτου

2256 1940 2347 1992 καὶ
2379 1937 2520 1992 κατά
2547 1938 2678 1992 Θεὸν
2711 1939 3043 2009 φρονήσεως
3077 1938 3106 1990 6
3137 1936 3193 1989 δὲ
3216 1935 3609 2007 προειρημένος
3633 1953 3652 1985 ι
3694 1935 3836 2001 ἀγα-

2257 2029 2347 2094 θὸς
2391 2030 2484 2084 καὶ
2533 2029 2692 2098 σοφὸς
2729 2033 2874 2093 παῖς,
2919 2029 2976 2096 ἐξ
3011 2029 3166 2083 -οἴκου
3220 2028 3478 2098 δεσμίων,
3518 2046 3536 2079 ι
3574 2028 3691 2096 ἦτοι
3739 2025 3837 2080 τοῦ

2257 2123 2532 2196 περιγείου
2562 2125 2748 2190 τόπου,
2775 2125 2892 2194 ἦτοι
2912 2121 3018 2177 τῶν
3067 2125 3123 2176 ὲν
3149 2122 3287 2194 νᾼδῃ
3317 2120 3544 2192 χωρίων,
3571 2119 3712 2173 κατὰ
3736 2119 3838 2190 τὴν

2256 2218 2320 2271 ὲκ
2348 2216 2554 2288 νεκρῶν
2574 2218 2866 2270 ἀνάστασιν
2894 2214 3168 2286 προελθὼν
3193 2213 3450 2274 Βασιλεὺς
3478 2212 3583 2264 ὑπὸ
3609 2209 3702 2263 τοῦ
3725 2212 3838 2263 Πα-

2255 2308 2382 2379 τρὸς
2407 2308 2499 2360 ἐπὶ
2527 2307 2664 2360 Σιὼν
2691 2307 2750 2360 τὸ
2779 2307 3099 2379 ἐπουράνιον
3125 2306 3250 2377 ὅρος
3287 2304 3380 2358 τοῦ
3409 2303 3542 2356 Θεοῦ
3567 2304 3838 2372 κατέστη,

2259 2401 2351 2454 καὶ
2377 2403 2432 2454 ὲν
2459 2401 2595 2471 αὐτῇ
2616 2403 2682 2470 τῇ
2726 2399 2971 2470 βασιλείᾳ
3003 2398 3166 2452 αὑτοῦ
3200 2396 3428 2468 ἐγενήθη
3455 2396 3644 2465 πένης,
3678 2414 3696 2444 ι
3738 2395 3840 2464 οὐχ

2259 2493 2549 2564 ἁρπαγμὸν
2575 2492 2875 2562 ἡγούμενος
2903 2493 2962 2545 τὸ
2995 2486 3130 2544 εἶναι
3163 2489 3250 2543 ἴσα
3279 2488 3418 2559 Θεῷ,
3449 2508 3467 2540 ι
3503 2489 3615 2542 ἀλλ’
3643 2487 3842 2542 ἑαυτὸν

2256 2584 2524 2639 ταπεινῶν
2553 2583 2766 2652 καὶτῆς
2795 2584 3052 2637 ἀνωτάτω
3077 2582 3236 2652 δόξης
3281 2580 3728 2636 ὑποκαταϐαίνων
3748 2581 3840 2633 διὰ

2256 2677 2382 2739 τοὺς
2409 2677 2481 2747 μὴ
2505 2674 2809 2748 χωροῦντας
2839 2668 3002 2728 αὑτοῦ
3028 2677 3118 2729 τὸν
3145 2674 3244 2744 τῆς
3268 2674 3456 2744 σοφίας
3477 2672 3722 2726 πλοῦτοψ
3747 2672 3842 2725 τὸν

2257 2769 2300 2821 δ’
2333 2769 2453 2821 ἀντὶ
2482 2768 2669 2821 τούτου
2696 2768 2985 2838 λεγόμενον
3019 2766 3413 2838 ἀναστήσεσθαι
3447 2765 3697 2837 δεύτερον
3717 2781 3842 2818 νεα-

2258 2859 2458 2924 νίσκον,
2493 2860 2583 2913 τὸν
2622 2860 2984 2931 Ἀντίχριστον
3027 2855 3166 2914 εῖναι
3206 2859 3589 2931 ὑπολαμϐάνω,
3621 2857 3740 2928 μεθ’
3776 2849 3840 2908 οὗ

2262 2950 2582 3022 σύμπαντας
2631 2953 2756 3015 τοὺς
2784 2952 2888 3005 ὑπὸ
2927 2952 3017 3004 τὸν
3048 2952 3196 3022 ἥλιον
3230 2951 3438 3017 ζῶντας
3481 2952 3575 3004 καὶ
3607 2966 3840 3020 περιπα-

2259 3044 2482 3108 τοῦντας
2506 3045 2804 3114 ἑωρακέναι
2834 3045 2997 3115 φησὶν
3020 3046 3047 3098 ὁ
3075 3044 3250 3112 λόγος’
3279 3045 3425 3108 τίνες
3453 3045 3498 3098 δ’
3522 3045 3588 3098 ἂν
3616 3041 3725 3098 εἷεν
3753 3041 3839 3100 οὗ·

2191 3137 2232 3196 C
2266 3137 2422 3207 τοι,ἢ
2452 3135 2650 3199 πάντες
2675 3136 2726 3187 οἱ
2752 3136 3102 3206 περιέποντες
3130 3135 3227 3207 τὴν
3257 3137 3361 3189 ὑπὸ
3387 3137 3478 3189 τὸν
3514 3136 3665 3206 ἣλιον
3695 3137 3835 3206 λεγο-

2267 3226 2431 3298 μένην
2469 3247 2486 3279 ι
2528 3229 2879 3298 Ματαιότητα
2914 3229 3316 3299 ματαιοτήτωνς
3367 3248 3386 3280 ι

2788 3323 3180 3377 ΚΕΦΑΛΑΙΟΝ
3232 3322 3308 3375 Ε’.

2657 3415 2760 3468 Ἐκ
2801 3415 2906 3468 τοῦ
2953 3414 3453 3481 Ἐκκλησιαστοῦ.

2341 3525 2358 3557 ι
2408 3506 2515 3559 Καί
2559 3523 2621 3574 γε
2669 3505 2826 3559 τοῦτο
2856 3501 2994 3558 εἶδον
3039 3505 3228 3575 σοφίαν
3262 3505 3366 3558 ὑπὸ
3411 3505 3502 3558 τὸν
3539 3507 3710 3577 ἥλιον,
3753 3508 3844 3561 καὶ

2269 3596 2473 3668 μεγάλη
2531 3597 2647 3649 ἐστὶ
2686 3596 2824 3668 πρὸς
2875 3597 2960 3668 μέ.
2994 3598 3153 3660 Πόλις
3205 3599 3375 3669 μικρά
3431 3599 3526 3653 καὶ
3564 3600 3756 3672 ἄνδρες
3790 3604 3844 3653 ὲν

2265 3690 2400 3760 αὐτῇ
2431 3689 2622 3757 ὀλίγοι,
2659 3690 2750 3741 καὶ
2785 3687 2913 3762 ἔλθῃ
2938 3691 3016 3753 είς
3046 3689 3212 3760 αὐτὴν
3238 3690 3486 3759 βασιλεὺς
3516 3692 3711 3761 μέγας,
3754 3694 3844 3745 καὶ

2267 3780 2535 3835 κυκλώσει
2563 3782 2754 3850 αὐτὴν,
2789 3781 2884 3834 καὶ
2918 3781 3256 3852 οἰκοδομήσει
3283 3782 3369 3834 ἐπ’
3408 3783 3575 3854 αὐτὴν
3600 3785 3844 3854 χάρακας

2271 3876 2574 3946 μεγάλους·
2615 3876 2710 3927 καὶ
2748 3874 2882 3945 εὕρῃ
2919 3877 2976 3926 ὲν
3003 3875 3140 3945 αὐτῇ
3175 3875 3342 3945 ἄνδρα
3386 3874 3592 3947 πένητα
3636 3877 3731 3928 καὶ
3761 3893 3844 3929 cre-

2267 3971 2386 4038 φὺν,
2416 3971 2508 4022 καὶ
2549 3967 2802 4022 διασώσει
2837 3967 3000 4031 αὐτὸς
3041 3968 3136 4038 τὴν
3165 3968 3318 4021 πόλιν
3357 3970 3414 4022 ὲν
3442 3972 3506 4039 τῇ
3545 3969 3708 4041 σοφίᾳ
3750 3971 3843 4022 αύ-

2266 4059 2382 4123 τοῦ,
2425 4061 2517 4112 καὶ
2543 4058 2828 4132 ἅνθρωπος
2868 4059 2968 4111 οὐκ
2989 4057 3230 4129 ἐμνήσθη
3273 4058 3366 4111 τοῦ
3396 4059 3587 4131 ἀνδρὸς
3617 4059 3710 4112 τοῦ
3749 4060 3844 4114 πέ-

2267 4168 2426 4222 νητος
2467 4152 2698 4204 ἐκείνου.
2750 4151 2858 4204 Καὶ
2891 4146 3020 4204 εἶπα
3057 4149 3186 4218 ἐγὼ,
3245 4150 3447 4222 Ἀγαθὴ
3494 4152 3653 4221 σοφία
3707 4152 3846 4223 ὑπὲρ

2268 4243 2512 4314 δύναμιν·
2547 4244 2640 4296 καὶ
2683 4243 2844 4311 σοφία
2884 4242 2977 4294 τοῦ
3029 4243 3256 4312 πένητος
3295 4227 3717 4314 ὲξουδενωμένη,
3755 4247 3846 4298 καὶ

2269 4335 2414 4404 λόγοι
2460 4334 2622 4387 αὐτοῦ
2668 4334 2767 4387 οὐκ
2811 4335 2948 4388 εἰσὶν
2975 4335 3310 4404 ἀκουόμενοι.
3352 4355 3371 4387 ι
3418 4335 3568 4388 Ἐπεὶ
3614 4337 3710 4390 καὶ
3761 4339 3847 4389 ἐν·

2271 4424 2442 4478 ταῦθα
2480 4427 2508 4477 6
2541 4424 2636 4495 μὲν
2663 4425 2732 4478 τὰ
2757 4425 2850 4478 τοῦ
2885 4424 3120 4495 πολέμου
3154 4425 3391 4496 ἐνεργῶν
3426 4424 3676 4495 βασιλεὺς
3706 4422 3849 4481 εἶναι

2273 4520 2506 4589 λέγεται,
2535 4520 2563 4571 ὁ
2589 4519 2644 4571 δὲ
2689 4517 2963 4582 διασώζων
2997 4519 3094 4586 τὴν
3137 4518 3242 4570 ὑπὸ
3288 4518 3479 4570 τούτου
3529 4519 3847 4589 πολιορκου-

2278 4613 2444 4683 μένην
2470 4611 2622 4664 πόλιν
2650 4609 2789 4681 ἀνὴρ
2813 4610 2979 4681 πένης
3017 4611 3110 4663 καὶ
3138 4610 3320 4680 σοφός’
3354 4610 3641 4681 λεγομένου
3671 4611 3728 4665 δὲ
3753 4612 3849 4665 καὶ

2275 4705 2333 4754 ὲν
2366 4702 2445 4771 τῷ
2475 4702 2581 4772 πρὸ
2609 4701 2796 4755 τούτου
2829 4699 3106 4770 κεφαλαίῳ
3141 4700 3257 4765 τοῦ,
3302 4701 3526 4769 Ἀγαθὸς
3553 4701 3722 4771 πένης
3754 4701 3849 4755 καὶ

2279 4793 2435 4861 σοφὸς
2447 4792 2822 4863 ύπὲρβασιλέα
2848 4791 3213 4863 πρεσϐύτερον
3239 4793 3330 4845 καὶ
3352 4793 3578 4863 ἄφρονα,
3601 4813 3616 4843 ι
3634 4793 3726 4844 τὸν
3750 4792 3850 4862 μὲν

2276 4886 2484 4956 ἄφρονα
2537 4884 2760 4955 βασιλέα
2799 4885 2889 4937 τὸν
2926 4885 3169 4938 διάϐολον
3218 4884 3597 4956 ὲξειλήφαμεν,
3648 4885 3740 4938 τὸν
3791 4884 3848 4938 δὲ

2277 4979 2481 5048 πένητα
2511 4979 2604 5031 καὶ
2639 4977 2798 5045 σοφὸν
2822 4976 2912 5030 τὸν
2936 4977 3000 5030 δι’
3023 4978 3168 5048 ἡμᾶς
3197 4977 3386 5030 ἑαυτὸν
3416 4977 3729 5032 κενώσαντα
3755 4978 3849 5032 rei

2279 5069 2670 5139 πτωχεύσαντα
2713 5068 2806 5123 τοῦ
2841 5069 2973 5124 Θεοῦ
3018 5070 3215 5138 Λόγον’
3248 5069 3438 5123 τούτου
3463 5069 3526 5140 δὴ
3557 5070 3715 5142 χάριν
3752 5071 3849 5126 καὶ

2278 5163 2346 5216 τά
2381 5163 2714 5234 προκείμενα
2752 5159 3225 5233 ὲσημειωσάμεθα,
3257 5161 3358 5215 οὐκ
3394 5160 3552 5214 ἄλλον
3593 5157 3734 5215 εἶναι
3770 5179 3849 5215 νο-

2283 5253 2525 5324 μίζοντες
2557 5253 2646 5306 τὸν
2684 5251 2868 5306 ἐνθάδε
2900 5251 3325 5322 διαγραφόμενον
3377 5251 3666 5322 πολεμικὸν
3698 5251 3848 5322 βασι·

2281 5344 2373 5398 λέα
2407 5347 2466 5414 (l.
2500 5345 2566 5398 27
2603 5346 2677 5414 v°)
2710 5344 2802 5397 τοῦ
2833 5347 2949 5397 ἐκεῖ
2975 5345 3262 5415 λεγομένου
3293 5343 3554 5415 βασιλέως
3593 5344 3848 5415 ἄφρονοςο

2279 5435 2536 5499 ὡσαύτως
2558 5435 2615 5489 δὲ
2645 5435 2732 5488 τὸν
2763 5434 2993 5488 ἐνταῦθα
3022 5433 3351 5498 διασώζοντα
3379 5438 3443 5506 τῇ
3475 5435 3665 5488 ἑαυτοῦ
3688 5435 3847 5506 σοφίᾳ

2279 5526 2375 5597 τὴν
2405 5527 2866 5599 πολιορκουμένην
2895 5527 3047 5581 πόλιν
3079 5527 3171 5581 τοῦ
3207 5531 3321 5581 ἐκεῖ
3356 5529 3584 5598 πένητος
3621 5528 3715 5581 καὶ
3756 5541 3847 5578 σο-

2281 5615 2403 5686 φοῦ,
2431 5616 2490 5669 ὃν
2521 5616 2774 5688 ἒλέγομεν
2819 5613 2955 5671 εἶναι
2997 5619 3088 5670 τὸν
3126 5619 3383 5695 Χριστόνο
3418 5618 3476 5683 ὃς
3502 5620 3601 5692 τὴν
3648 5615 3847 5691 μικρὰν

3019 5773 3063 5806 ³³
3093 5772 3270 5831 Eccle.
3305 5789 3379 5832 ιι.
3410 5775 3593 5830 13-16.
