4134 6414
364 273 507 328 ιηθ

1386 275 1681 332 ECLOGA}
1723 275 2206 333 PROPHETICJE.
2248 306 2318 317 ——
2355 275 2481 330 LIB.
2526 275 2614 331 IIl.

3493 284 3628 338 “30

363 388 541 451 πόλιν,
588 387 834 442 τουτέστι
873 385 963 441 τὸν
1005 388 1276 459 περίγειον
1318 389 1481 442 τόπον
1536 390 1816 460 συγκρίσει
1855 391 1941 443 τοῦ

2055 387 2381 452 incolentes,
2429 405 2540 458 prae
2583 390 2828 445 omnium
2865 391 3224 447 animantium
3256 395 3605 450 multitudine

362 480 569 541 παντὸς
611 480 817 551 κόσμου
853 480 1185 552 βραχύτατον
1226 482 1373 545 ὄντα,
1407 484 1499 536 καὶ
1539 485 1666 547 τοὺς
1700 485 1758 536 ἐν
1789 485 1950 556 αὐτῇ,

366 571 443 635 ὡς
466 573 523 626 ἐν
572 573 871 642 παραθέσει
903 577 1000 646 τῆς
1032 575 1139 629 τῶν
1171 575 1403 644 λογικῶν
1430 575 1685 629 ἁπάντων
1712 575 1951 644 πληθύος

366 663 582 732 ὀλίγους
622 663 780 729 ὄντας
813 667 906 719 ἐπὶ
943 667 1119 722 πάντα
1150 667 1217 721 τὰ
1256 667 1403 737 έθνη,
1434 669 1508 730 ώς
1551 667 1764 736 σταγών
1804 671 1952 721 ἐστιν

367 756 474 809 ἀπὸ
503 756 688 820 κάδου,
713 756 1056 830 ἐλυτρώσατο
1082 759 1567 832 πολιορκουμένους
1594 761 1702 814 ἀπὸ
1734 763 1834 831 τῆς
1855 761 1949 814 τοῦ

366 845 611 900 διαϐόλου
637 848 930 918 βασιλείας,
961 850 1222 904 πάντοθεν
1243 851 1334 904 τὸν
1359 851 1634 922 περίγειτον
1656 850 1833 922 χῶρον
1858 852 1952 904 καὶ

365 939 494 1002 τοὺς
525 940 582 992 ἐν
615 938 762 1009 αὐτῷ
785 939 1132 1005 κυκλοῦντος,
1154 939 1560 1010 οἰκοδομοῦντος
1591 956 1648 991 τε
1681 939 1766 991 ἐπ’
1789 939 1949 992 αὐτὸν

366 1029 616 1101 χάρα-κας
642 1030 927 1101 μεγάλους,
954 1049 972 1081 ι
991 1030 1088 1094 τὰς
1108 1031 1306 1102 ἀρχὰς,
1325 1031 1419 1084 καὶ
1439 1031 1539 1093 τὰς
1566 1029 1834 1097 ἐξουσίας,
1853 1032 1948 1085 καὶ

362 1123 491 1186 τοὺς
512 1122 958 1194 κοσμοκράτορας
980 1123 1072 1176 τοῦ
1100 1123 1324 1186 σκότους
1347 1122 1558 1185 τούτου,
1587 1125 1678 1176 κα)⁸
1697 1123 1764 1176 τὰ
1788 1141 1952 1177 πνευ-

369 1211 573 1282 ματικά
597 1215 697 1283 τῆς
728 1212 1011 1284 πονηρίας.
1053 1231 1070 1262 ι
1106 1211 1306 1265 Τοῦτον
1349 1206 1440 1264 οὖν
1469 1212 1569 1264 οὐκ
1607 1210 1764 1274 ἄλλος
1801 1227 1884 1273 τις
1915 1210 1947 1280 ἢ

369 1303 528 1373 μόνος
551 1303 800 1357 καθεῖλεν
823 1305 851 1357 ό
884 1303 1052 1374 πένης
1079 1303 1174 1357 καὶ
1204 1303 1366 1372 σοφὸς
1396 1303 1556 1374 ἀνὴρ,
1584 1304 1612 1355 ὁ
1634 1300 1826 1372 Σωτὴρ
1857 1301 1948 1355 καὶ

366 1393 569 1465 Κύριος
592 1395 768 1464 ἡμῶν,
801 1393 1044 1458 κενώσας
1075 1394 1268 1448 ἑαυτὸν
1299 1395 1392 1448 καὶ
1423 1395 1488 1448 δι’
1519 1397 1668 1466 ἡμᾶς
1696 1393 1945 1464 πτωχεύ-

365 1503 465 1549 σας
497 1488 554 1540 ἐν
586 1485 664 1556 τῷ
709 1486 924 1556 πλούτῳ
968 1485 1061 1538 τοῦ
1107 1485 1300 1538 ἑαυτοῦ
1341 1484 1543 1548 ἐλέους,
1581 1483 1676 1537 καὶ
1705 1481 1948 1536 καθελὼν

363 1577 618 1632 διέσωσεν
661 1581 718 1633 ἐν
764 1581 830 1648 τῇ
885 1578 1045 1650 σοφίᾳ
1074 1577 1236 1632 αὐτοῦ
1272 1577 1369 1647 τὴν
1419 1575 1620 1648 μικρὰν
1655 1575 1826 1638 πόλιν,
1871 1573 1945 1638 ώς

364 1671 513 1734 εἰκὸς
541 1669 637 1741 τὴν
681 1670 1002 1740 Ἐκκλησίαν
1035 1668 1154 1723 καθ’
1190 1669 1381 1740 ἑτέραν
1419 1668 1665 1738 ἐκδοχὴν,
1699 1666 1792 1720 καὶ
1821 1666 1949 1729 τοὺς

2053 495 2358 550 perpaucos
2390 489 2556 552 atque
2579 482 2724 538 inter
2757 498 2952 540 omnes
2977 495 3166 554 gentes
3192 487 3350 556 quasi
3381 497 3533 558 gutta
3557 490 3624 543 .in

2052 587 2249 642 magna
2281 574 2567 644 amphora,
2592 586 2934 646 expugnatas
2967 577 3218 632 liberavit
3260 594 3291 632 a
3320 578 3522 633 diaboli
3547 583 3631 634 dl-

2053 663 2221 728 tione,
2247 665 2340 734 qui
2374 665 2521 719 hunc
2549 673 2866 722 terrestrem
2909 669 3091 723 locum
3141 669 3373 739 ejusque
3421 671 3630 726 incolas

2051 756 2202 810 omni
2249 771 2316 811 ex
2368 764 2522 826 parte
2568 758 2890 822 vallaverat,
2924 760 3370 832 munitionesque
3404 778 3629 834 magnas

2052 863 2150 918 per
2190 863 2384 919 gyrum
2427 857 2798 912 exstruxerat,
2841 868 2858 900 ι
2897 852 3175 921 principes
3216 872 3235 904 ι
3279 855 3490 910 scilicet
3515 875 3534 907 ι
3575 865 3628 910 et

2051 947 2371 1010 potestates,
2407 939 2596 994 mundi
2651 952 2894 996 rectores
2941 945 3293 998 tenebrarum
3325 945 3541 1011 barum,
3575 958 3630 1001 et

2052 1032 2362 1102 spiritualia
2379 1033 2638 1103 nequitiae
2668 1033 2732 1090 ἰ,
2773 1053 2791 1085 ι
2829 1033 2987 1088 Hunc
3021 1034 3187 1102 igitur
3211 1051 3318 1091 non
3341 1039 3480 1094 alius
3509 1041 3630 1109 qui-

2051 1123 2133 1177 vis
2168 1122 2274 1177 nisi
2331 1123 2485 1177 solus
2515 1124 2742 1179 sustulit
2773 1140 2980 1195 pauper
3007 1132 3061 1179 ct
3110 1127 3328 1195 sapiens
3369 1127 3473 1189 vir,
3508 1127 3629 1182 Sal-

2049 1219 2226 1276 vator,
2269 1211 2636 1281 Dominusque
2663 1223 2874 1278 noster,
2895 1216 3220 1272 exinaniens
3249 1218 3624 1288 semetipsum.

2049 1311 2108 1357 et
2146 1311 2371 1372 prepter
2399 1317 2502 1359 nos
2536 1303 2697 1374 inops
2743 1303 2923 1361 factus
2969 1305 3025 1359 in
3080 1306 3473 1364 misericordiae
3516 1325 3629 1365 suae

2049 1393 2280 1457 divitiis,
2317 1403 2372 1448 et
2415 1395 2508 1449 illo
2545 1395 2783 1460 sublato,
2821 1397 3087 1467 sapientia
3123 1415 3221 1454 sua
3243 1415 3466 1471 parvam
3494 1403 3629 1456 civi-

2051 1493 2215 1539 tatem
2251 1484 2458 1539 salvam
2495 1485 2647 1553 fecit,
2673 1486 2790 1541 sive
2826 1486 3127 1542 Ecclesiam
3163 1489 3270 1542 alia
3302 1490 3626 1561 interpreta-

2050 1578 2223 1640 tione,
2258 1591 2575 1646 paucosque
2605 1578 2699 1646 qui
2722 1586 2851 1632 sunt
2899 1579 2953 1632 in
2989 1594 3072 1632 ea.
3103 1579 3317 1634 Etenim
3346 1598 3364 1631 ι
3397 1591 3626 1652 angusta

2055 1674 2209 1735 porta
2237 1674 2291 1720 et
2322 1674 2474 1720 arcta
2506 1667 2592 1721 via
2620 1676 2703 1723 est
2740 1685 2862 1739 qua:
2889 1669 3039 1723 ducit
3073 1670 3138 1724 ad
3191 1671 3382 1737 vitam,
3412 1680 3466 1726 et
3495 1689 3630 1743 pau-

365 1762 423 1814 ἐν
441 1762 578 1834 αὐτῇ
609 1761 822 1830 ὀλίγους
837 1762 994 1826 ὄντας
1012 1779 1026 1792 ο
1053 1762 1238 1834 ἐπειδὴ
1263 1782 1279 1812 ι
1317 1763 1474 1833 στενὴ
1498 1764 1590 1814 καὶ
1610 1761 1941 1833 τεθλιμμένη

2051 1759 2100 1813 ci
2157 1768 2304 1823 sunt,
2335 1761 2427 1831 qui
2479 1762 2768 1816 inveniunt
2801 1777 2917 1816 eam
2946 1763 3014 1818 ³⁵.
3051 1782 3069 1815 ι
3126 1761 3250 1818 Haec
3303 1765 3628 1821 mirabiliter

361 1854 396 1920 ὴ
425 1853 542 1917 ὁδὸς
589 1853 622 1924 ἠ
651 1853 939 1921 ἀπάγουσα
970 1855 1049 1916 είς
1075 1853 1175 1924 τὴν
1199 1852 1364 1924 ζωὴν,
1390 1853 1485 1906 καὶ
1517 1852 1687 1921 ὀλίγοι
1733 1854 1870 1906 εἰσὶν
1895 1855 1944 1905 οἱ

359 1945 586 2008 διιόντες
613 1946 805 2016 αὐτήν.
844 1965 862 1998 ›
884 1947 1020 1998 Φασὶ
1051 1945 1094 1997 δ’
1129 1947 1176 1998 οἱ
1215 1946 1316 2016 τὴν
1356 1945 1687 2017 τηλικαύτην
1713 1945 1947 2017 ὁρῶντες

356 2037 674 2108 οἰκονομίαν
690 2038 772 2100 τὸ,
797 2057 814 2088 ι
839 2038 1040 2108 Ἀγαθὴ
1077 2037 1238 2105 σοφία
1254 2037 1394 2107 ὑπὲρ
1407 2036 1656 2108 δύναμιν
1679 2058 1696 2089 ι
1720 2037 1946 2107 δύναμιν

355 2127 415 2181 δὲ
435 2127 592 2197 δῆλον
615 2128 696 2181 ὅτι
715 2128 814 2199 τὴν
830 2127 935 2180 τῶν
963 2126 1235 2196 πολεμίων
1251 2143 1264 2156 ο
1284 2125 1418 2179 ἀλλά
1434 2126 1548 2188 καὶ,
1572 2147 1588 2175 ι
1606 2125 1944 2196 Ἀνθρωπος,

359 2220 545 2291 φησὶν,
571 2221 672 2273 οὐκ
699 2217 942 2291 ἐμνήσθη
961 2217 1054 2272 τοῦ
1070 2217 1262 2289 ἀνδρὸς
1287 2217 1381 2270 τοῦ
1407 2218 1632 2288 πένητος
1654 2218 1862 2270 ἐκείνου
1881 2235 1895 2248 ·
1922 2237 1940 2268 ι

359 2311 494 2377 Θεὸς
534 2313 633 2383 μὲν
673 2313 781 2383 γὰρ
807 2311 876 2383 ἦν
915 2313 944 2364 ὁ
984 2310 1072 2365 διὰ
1101 2310 1209 2364 τῶν
1248 2309 1546 2385 προφητῶν
1594 2307 1946 2380 μνημονεύων

361 2404 550 2468 αὐτοῦ,
584 2407 678 2458 καὶ
703 2403 1097 2477 προκηρύττων
1122 2402 1190 2456 τά
1224 2404 1352 2474 περὶ
1387 2401 1488 2472 τῆς
1519 2404 1596 2464 είς
1626 2399 1945 2472 ἀνθρώπους

284 2533 288 2538 ι
357 2495 655 2567 ἐπιδημίας
684 2496 872 2550 αὐτοῦ·
899 2495 1007 2548 τῶν
1039 2495 1082 2549 δ’
1118 2494 1223 2546 ὑπὸ
1250 2494 1348 2564 τῆς
1381 2493 1572 2562 σοφίας
1613 2491 1720 2544 τῶν
1746 2493 1945 2564 ἀρχόν-

359 2605 470 2642 των
489 2588 679 2641 τούτου
701 2587 795 2641 τοῦ
821 2586 1016 2650 αἰῶνος
1044 2585 1446 2658 ἐνεργηθέντων
1479 2585 1598 2638 ούδέ
1621 2580 1701 2648 εἷς
1724 2583 1944 2637 πώποτε

356 2681 629 2752 ἐμνήσθη,
661 2680 782 2734 ἐπεὶ
815 2680 934 2752 μηδ’
955 2675 1058 2733 οἶοί
1096 2696 1157 2732 τε
1179 2675 1319 2751 ἦσαν
1341 2677 1539 2731 εἰδέναι
1563 2677 1623 2730 τὸ
1645 2679 1944 2748 μυστήριον

355 2770 419 2825 τὸ
449 2771 937 2842 ἀποκεκρυμμένον
967 2770 1073 2840 πρὸ
1117 2769 1226 2823 τῶν
1273 2769 1482 2823 αἰώνων
1534 2770 1632 2840 τῆς
1674 2768 1816 2821 κατὰ
1845 2770 1944 2840 τὴν

356 2862 769 2935 ἐνανθρώπησιν
813 2863 1121 2934 οἰκονομίας
1156 2861 1250 2915 τοῦ
1279 2863 1453 2931 Λόγου
1485 2862 1578 2914 τοῦ
1613 2861 1768 2914 Θεοῦ.
1801 2861 1943 2933 Πρὸς

353 2956 567 3022 τούτοις
588 2956 806 3026 λέγεται
835 2957 916 3010 ὅτι
949 2974 966 3006 ι
1007 2956 1101 3009 καὶ
1146 2957 1304 3024 σοφία
1345 2954 1441 3008 τοῦ
1473 2954 1702 3024 πένητος
1729 2954 1941 3019 ἐξουδε-

354 3046 597 3118 νωμένη’
636 3066 655 3098 ι
691 3047 784 3100 καὶ
826 3046 934 3119 γὰρ
969 3046 1257 3116 εὐδόκησεν
1282 3048 1310 3099 ὁ
1354 3045 1484 3109 Θεὸς
1523 3063 1541 3095 ι
1579 3044 1666 3097 διὰ
1698 3045 1799 3115 τῆς
1830 3063 1943 3115 μωο

2052 1851 2192 1906 facta
2238 1853 2484 1932 videntes
2520 1854 2830 1907 exclamant
2866 1872 2879 1908 :
2920 1872 2938 1905 ι
2989 1853 3181 1908 Melior
3225 1863 3309 1909 est
3363 1857 3628 1926 sapientia

2053 1942 2395 2007 fortitudine,
2437 1964 2455 1996 ι
2494 1943 2816 2000 fortitudine
2867 1945 3080 2001 scilicet
3132 1945 3390 2000 hostium.
3433 1943 3540 2002 Sed
3574 1958 3628 2001 ct

2054 2055 2072 2087 ι
2103 2036 2312 2101 nullus,
2346 2038 2441 2100 ait,
2481 2038 2802 2093 recordatus
2850 2047 2934 2095 est
2982 2038 3222 2094 hominis
3257 2039 3404 2094 illius
3426 2056 3630 2111 paupe-

2051 2128 2150 2183 ris.
2192 2147 2210 2178 ι
2246 2126 2392 2183 Deus
2421 2128 2567 2183 enim
2596 2137 2715 2183 erat
2744 2129 2836 2200 qui
2879 2133 2966 2186 sui
2991 2145 3087 2200 per
3115 2131 3407 2200 pr0phetas
3439 2131 3629 2186 admo-

2050 2219 2236 2281 uebat,
2273 2233 2545 2287 suumque
2581 2217 2724 2272 inter
2771 2218 3020 2273 homines
3051 2218 3342 2272 adventum
3373 2218 3630 2288 praedica-

2049 2310 2162 2363 bat.
2190 2309 2285 2364 lsti
2314 2326 2468 2375 vero,
2499 2311 2664 2380 hujus
2688 2310 2875 2365 saeculi
2903 2309 3212 2380 principum
3252 2311 3521 2380 sapientia
3548 2312 3629 2362 af-

2048 2402 2181 2468 flati,
2209 2418 2558 2474 nequaquam
2606 2404 2726 2473 ejus
2765 2404 3036 2458 recordati
3091 2411 3242 2466 sunt,
3275 2403 3368 2472 qui
3420 2413 3623 2473 myste-

2048 2496 2191 2550 rium
2223 2507 2347 2551 ante
2379 2497 2574 2551 szecula
2610 2496 2996 2550 absconditum
3045 2494 3139 2550 Dei
3172 2494 3337 2551 Verbi
3380 2496 3629 2549 incarna-

2049 2587 2216 2641 tionis
2249 2587 2474 2642 minimc
2500 2587 2812 2657 perspicere
2845 2587 3117 2640 valebant.
3146 2584 3223 2641 De
3259 2586 3460 2656 quibus
3489 2585 3627 2639 dici-

2047 2687 2188 2733 tur:
2247 2697 2265 2729 ι
2311 2678 2590 2748 Sapientia
2652 2679 2907 2748 pauperis
2945 2685 3278 2744 contempta.
3342 2696 3360 2729 ι
3411 2676 3623 2731 Etenim

2051 2791 2071 2824 ι
2114 2771 2223 2826 Deo
2249 2772 2455 2842 placuit
2488 2770 2898 2842 praedicationis
2936 2770 3168 2824 stultitia
3197 2769 3485 2824 credentes
3516 2769 3627 2824 sal-

2046 2878 2145 2920 vos
2178 2863 2363 2918 facere
2397 2865 2466 2894 ⁸⁸⁸
2491 2883 2506 2926 ;
2547 2884 2564 2915 ι
2595 2863 2689 2917 sed
2717 2881 2734 2913 ι
2768 2864 2931 2916 verba
2960 2861 3103 2931 ejus,
3127 2861 3223 2924 ait,
3250 2877 3358 2914 non
3386 2868 3505 2915 sunt
3534 2875 3628 2914 au-

2045 2956 2176 3010 dita.
2223 2975 2242 3008 ι
2278 2955 2387 3010 Nec
2411 2956 2554 3008 enim
2588 2954 2832 3010 omnium
2871 2965 2955 3008 est
2989 2952 3291 3008 Salvatoris
3325 2953 3490 3007 verba
3527 2969 3627 3005 au-

2045 3047 2186 3111 dire,
2223 3048 2331 3101 nisi
2358 3045 2706 3102 solummodo
2731 3061 2920 3100 eorum
2947 3045 3041 3116 qui
3064 3060 3225 3100 aures
3251 3043 3507 3098 audiendi
3535 3043 3626 3096 ha-

354 3102 480 3211 ρίας
504 3102 599 3190 τοῦ
629 3102 984 3209 κηρύγματος
1008 3102 1178 3190 σῶσαί
1203 3139 1326 3200 τοὺς
1347 3136 1720 3200 πιστεύοντας·
1803 3102 1938 3190 ἀλλά

2045 3141 2194 3195 bent.
2218 3138 2464 3210 Namque
2493 3138 2698 3194 Christi
2727 3136 3077 3206 Evangelium
3105 3136 3488 3190 absconditum
3515 3147 3624 3200 est,

356 3245 379 3279 ‹
415 3228 510 3282 καὶ
530 3231 576 3282 οἱ
607 3228 754 3297 λόγοι
783 3228 968 3292 αὐτοῦ,
1001 3228 1186 3299 φησὶν,
1221 3229 1320 3282 οὐκ
1363 3228 1502 3281 εἰσὶν
1533 3227 1873 3299 ἀκουόμενοι’
1914 3249 1932 3280 ι

349 3323 412 3377 οὗ
452 3323 670 3377 πάντων
707 3324 814 3394 γάρ
839 3326 992 3376 ἐστιν
1029 3323 1261 3376 ἀκοῦσαι
1295 3321 1402 3375 τῶν
1431 3320 1525 3374 τοῦ
1569 3322 1820 3392 Σωτῆρος
1851 3320 1938 3374 λό-

2047 3231 2117 3285 iis
2147 3232 2360 3286 scilicet
2390 3230 2482 3301 qui
2513 3246 2622 3285 non
2657 3238 2786 3285 sunt
2818 3229 2939 3298 ejus
2965 3228 3255 3299 discipuli;
3289 3247 3306 3279 ε
3336 3229 3391 3282 in
3430 3228 3499 3284 iis
3532 3229 3623 3299 qui

2046 3333 2276 3391 pereunt
2309 3329 2394 3376 est
2422 3330 2672 3390 opertum
2695 3321 2760 3374 ³⁵.
2791 3341 2811 3372 ι

347 3435 487 3488 γων,
534 3418 687 3490 εἰμὴ
720 3421 879 3490 μόνον
917 3419 1024 3472 τῶν
1065 3419 1294 3489 ἐχόντων
1325 3412 1440 3471 ὦτα
1479 3419 1559 3481 είς
1605 3417 1666 3470 τὸ
1722 3418 1959 3470 ἀκούειν’
2013 3417 2106 3470 καὶ
2165 3416 2274 3488 γὰρ
2320 3416 2383 3468 τὸ
2426 3414 2754 3484 Εὐαγγέλιον
2791 3414 2885 3467 106
2931 3409 3169 3485 Χριστοῦ
3215 3410 3624 3483 κεκαλυμμένον

347 3517 522 3582 ἐστὶν,
550 3516 687 3588 πλὴν
715 3516 774 3568 ού
795 3519 909 3579 τοῖς
937 3515 1101 3569 αὑτοῦ
1128 3515 1413 3587 μαθηταῖς,
1450 3532 1468 3565 ι
1497 3515 1607 3576 τοῖς
1631 3513 1738 3584 γὰρ
1764 3512 2162 3583 ἀπολλυμένοις
2191 3514 2339 3566 ἐστὶν
2368 3510 2801 3582 κεκαλυμμένον.
2841 3530 2860 3562 ι

880 3637 1275 3691 ΚΕΦΑΛΑΙΟΝ
1320 3637 1408 3702 (ζ’.

670 3731 786 3784 ’Τοῦ
819 3731 1124 3801 ’ᾼσματος
1159 3728 1280 3784 τῶν
1311 3729 1613 3799 ᾀσμάτων.

421 3823 584 3879 Ὀλον
609 3826 670 3878 τὸ
700 3824 899 3894 βιϐλίον
927 3823 1179 3876 ὑπόθεσιν
1208 3822 1321 3894 ἔχει
1353 3823 1570 3894 νύμφης
1592 3823 1769 3894 ἔρωτα
1803 3821 1938 3894 πρὸς

333 3921 604 3991 νυμφίον,
622 3919 987 3991 ὁμολογούσης
1018 3918 1321 3990 τετρῶσθαι
1352 3921 1417 3989 τῇ
1447 3919 1583 3989 πρὸς
1599 3918 1761 3972 αὐτὸν
1799 3918 1936 3985 ἀγά-

345 4030 451 4087 πῃ,
485 4014 580 4068 καὶ
609 4012 770 4067 αὐτοῦ
795 4013 958 4066 πάλιν
986 4011 1374 4082 ὁμολογοῦντος
1416 4010 1585 4082 αὐτὴν
1631 4012 1799 4082 μόνην
1827 4013 1936 4063 ἀπὸ

351 4107 618 4161 ⁸πλειόνων
654 4106 919 4177 ὑπάρχειν
968 4103 1115 4174 αὐτῷ
1151 4103 1364 4156 τελείαν
1416 4104 1744 4174 περιστερὰν
1790 4104 1941 4175 παρά

341 4199 448 4262 τὰς
470 4198 766 4268 λεγομένας
789 4196 1064 4267 βασιλίδας
1079 4197 1173 4249 καὶ
1194 4195 1526 4259 παλλακίδας
1549 4197 1642 4249 καὶ
1669 4195 1935 4257 νεάνιδας.

343 4294 414 4346 Οἱ
449 4292 546 4362 μὲν
575 4286 668 4344 οὖν
704 4291 767 4343 ἐκ
815 4288 1118 4360 περιτομῆς
1149 4289 1276 4359 μίαν
1305 4284 1442 4342 εἶναι
1488 4287 1595 4340 τῶν
1645 4305 1932 4340 πεπιστευο

348 4383 534 4455 μένων
565 4381 695 4451 παρ’
729 4380 912 4444 αὐτοῖς
939 4377 1034 4432 δύο
1061 4377 1156 4432 καὶ
1186 4377 1360 4431 εἴκοσι
1401 4375 1771 4430 θεοπνεύστων
1800 4393 1936 4449 γρα-

344 4472 470 4542 φῶν
502 4470 854 4541 πεπεισμένοι
887 4469 981 4523 καὶ
1006 4467 1209 4540 ταύτην
1243 4467 1339 4538 τὴν
1365 4466 1607 4540 Γραφὴν,
1638 4467 1737 4520 οὐκ
1764 4460 1856 4518 οἶδ’
1885 4468 1933 4518 εξ
1966 4506 2010 4561 D

339 4566 521 4637 εχοιεν
557 4563 705 4631 ἄξιόν
749 4579 802 4617 τι
831 4562 980 4625 θείας
1025 4559 1311 4622 ἐπιπνοίας
1353 4558 1642 4630 λεγόμενον
1692 4560 1748 4611 ὲν
1795 4560 1927 4629 αὐτῇ

339 4656 718 4730 παραστῆσαι,
742 4654 817 4727 μὴ
845 4653 1004 4707 πλέον
1032 4671 1083 4706 τι
1103 4653 1198 4724 τῆς
1229 4652 1520 4724 προχείρου
1543 4651 1769 4723 ἐκῶχῆς
1788 4653 1930 4706 κατά

336 4752 472 4815 τοὺς
518 4750 714 4814 τόπους
767 4745 1190 4818 φανταζόμενον
1233 4745 1262 4798 ὁ
1298 4745 1355 4798 δὲ
1396 4743 1616 4807 δυνατὸς
1662 4741 1723 4814 (f.
1749 4743 1840 4812 98)
1870 4745 1932 4795 τὸ

339 4845 452 4917 μὲν
485 4841 830 4912 ἐπικείμενον
874 4839 968 4892 καὶ
1003 4837 1177 4912 ταύτῃ
1203 4840 1269 4909 τῇ
1302 4839 1494 4908 Γραφῇ
1537 4835 1796 4906 κάλυμμα
1831 4853 1929 4890 πε-

335 4936 567 5010 ριελεῖν,
619 4932 942 5005 ἐπιστρέψαι
997 4930 1053 4985 δὲ
1095 4932 1230 5003 πρὸς
1273 4929 1479 5001 Κύριον
1527 4931 1663 5000 ὅπερ
1712 4929 1827 4981 ἐστὶ
1870 4927 1932 4981 τὸ

330 5029 587 5101 πνεῦμα,
629 5029 724 5082 καὶ
757 5022 1259 5095 ἀνακεκαλυμμένῳ
1305 5022 1581 5095 προσώπῳ
1613 5023 1712 5092 τὴν
1747 5022 1840 5074 κα)⁵
1872 5022 1930 5073 ἐν

327 5121 556 5184 τούτοις
584 5120 738 5185 δόξαν
780 5118 873 5174 τοῦ
903 5117 1109 5190 Κυρίου
1141 5114 1613 5188 κατοπτρίζεσθαι,
1660 5113 1928 5184 θεωρήσει

319 5219 405 5268 -ὲν
436 5213 576 5284 αὐτῇ
606 5211 677 5265 τὰ
707 5211 848 5265 κατὰ
869 5210 966 5282 τὴν
1007 5205 1382 5277 πνευματικὴν
1421 5204 1660 5274 νύμφην,
1696 5203 1850 5274 δῆλον
1879 5203 1925 5256 δ’

322 5307 428 5360 ὅτι
468 5305 570 5375 τὴν
607 5302 928 5372 Ἐκκλησίαν
971 5301 1065 5354 τοῦ
1102 5297 1359 5371 Χριστοῦ,
1411 5297 1702 5368 μυστήρια,
1739 5295 1831 5347 καὶ
1859 5293 1926 5346 τὰ

321 5397 615 5467 λεγόμενα
642 5395 770 5466 περὶ
809 5395 902 5447 τοῦ
943 5393 1147 5446 τελείου
1173 5393 1268 5462 τῆς
1295 5389 1502 5443 τοιασδὶ
1540 5388 1758 5458 νύμφης
1790 5404 1925 5455 νυμσ

319 5491 472 5563 φίου
527 5488 621 5541 καὶ
667 5487 770 5557 τῆς
820 5483 929 5538 τῶν
984 5483 1264 5555 βασιλίδων
1305 5481 1466 5535 αὐτοῦ
1529 5480 1623 5534 καὶ
1664 5477 1924 5531 παλλακί-

418 5651 464 5681 ²⁸
504 5648 703 5720 Ephes.
766 5665 861 5720 vt,
889 5646 974 5700 I2.
1055 5646 1098 5676 "
1126 5645 1314 5700 Matth.
1353 5663 1460 5710 vn,
1501 5645 1588 5700 IL

320 5722 392 5755 ⁸⁸
437 5719 594 5775 Cant.
633 5737 718 5788 γι,
757 5720 809 5784 7,
843 5719 874 5773 8

794 5840 1060 5898 Ριτιιοι.
1105 5837 1219 5896 Gn.
1269 5834 1474 5895 XXII.

1668 5642 1772 5696 ἐἰ
1815 5641 1939 5698 Cor.
1976 5641 2146 5708 1,21.

2654 3629 2884 3688 CAPUT
2914 3628 3002 3684 Vl.

2481 3723 2528 3777 E
2557 3722 2779 3779 Cantica
2811 3724 3159 3777 canticorum.

2115 3817 2420 3888 Exponitur
2477 3817 2532 3870 in
2585 3823 2702 3870 toto
2746 3814 2888 3868 libro
2920 3828 3133 3884 sponsae
3181 3827 3309 3883 erga
3358 3827 3620 3882 sponsum

2044 3929 2217 3978 amor,
2250 3925 2371 3982 quae
2399 3911 2750 3978 semetipsam
2793 3921 2979 3961 amore
3021 3906 3166 3959 illius
3215 3905 3456 3960 sauciam
3489 3903 3621 3959 fate-

2042 4017 2154 4072 tur,
2196 4007 2326 4061 dum
2375 4004 2468 4058 ille
2521 4000 2764 4056 vicissim
2811 4013 2931 4053 eam
2972 4013 3002 4052 e
3055 3997 3243 4052 multis
3277 4001 3450 4054 solam
3497 4012 3620 4052 esse

2046 4098 2150 4154 sibi
2198 4093 2491 4168 perfectam
2533 4091 2840 4146 columbam
2889 4090 2959 4153 ³⁷,
3011 4089 3154 4141 inter
3205 4088 3442 4159 reginas,
3481 4102 3617 4142 con-

2043 4191 2276 4246 cubinas
2307 4195 2362 4242 et
2411 4182 2848 4239 adolescentulas
2874 4181 2921 4213 ³⁸
2966 4179 3244 4251 praedicat.
3293 4179 3464 4235 Judaei
3494 4181 3619 4249 qui-

2041 4284 2166 4339 dem
2190 4295 2354 4337 unam
2386 4291 2511 4332 esse
2539 4291 2606 4330 ex
2635 4273 2851 4328 duabus
2881 4280 2934 4328 et
2965 4271 3156 4342 viginti
3189 4287 3328 4342 quas
3355 4270 3615 4326 divinitus

2038 4377 2334 4446 inspiratas
2393 4369 2664 4432 credunt,
2712 4367 2854 4421 hanc
2905 4365 3248 4435 Scripturam
3313 4372 3611 4434 reputant;

2040 4467 2228 4522 nescio
2292 4480 2363 4519 an
2414 4460 2713 4532 quidquam
2783 4456 2838 4510 in
2892 4456 2975 4511 eis
3022 4454 3207 4509 divina
3258 4454 3614 4523 inspiratione

2039 4560 2264 4630 dignum
2311 4552 2598 4610 ostendere
2641 4556 2866 4620 queant,
2902 4547 2948 4602 si
2996 4546 3133 4600 nihil
3181 4546 3405 4601 litterali
3451 4561 3614 4601 acce-

2039 4650 2228 4721 ptione
2251 4645 2431 4715 majus
2462 4642 2554 4696 hic
2586 4640 2915 4709 excogitent.
2949 4637 3051 4703 Qui
3101 4645 3284 4692 autem
3315 4637 3613 4692 obductum

2038 4743 2180 4798 valet
2223 4740 2352 4794 huic
2404 4735 2704 4805 Scriptura:
2750 4732 2930 4788 velum
2977 4736 3242 4801 retegere,
3296 4738 3614 4784 convertere

2037 4834 2105 4887 ad
2157 4832 2447 4886 Dominum
2506 4830 2650 4902 quod
2691 4839 2774 4886 est
2823 4827 3074 4898 spiritus,
3114 4835 3169 4882 et
3225 4837 3412 4898 aperto
3461 4828 3613 4883 vultu

2041 4924 2259 4980 Domini
2299 4924 2537 4995 gloriam
2577 4923 2680 4979 sub
2725 4921 2813 4976 his
2853 4919 3042 4991 figuris
3091 4921 3346 4974 latentem
3399 4921 3613 4991 perspi-

2040 5032 2186 5082 cere,
2219 5014 2508 5070 manifeste
2537 5013 2792 5084 dispiciet
2825 5014 2880 5065 in
2913 5026 2976 5065 ea
3007 5011 3212 5064 Christi
3243 5009 3542 5066 Ecclesiam
3579 5027 3611 5065 a

2038 5107 2311 5178 Spirituali
2367 5121 2565 5176 sponsa
2601 5105 2832 5174 mystice
2882 5099 3181 5171 designari,
3215 5109 3270 5157 et
3302 5117 3424 5171 quae
3467 5101 3613 5156 dicta

2035 5209 2164 5257 sunt
2202 5200 2268 5255 de
2307 5200 2548 5271 perfecto
2588 5198 2713 5252 talis
2759 5211 2976 5265 sponsa:
3008 5209 3236 5266 sponso,
3272 5204 3329 5250 et
3375 5195 3445 5250 de
3471 5209 3611 5266 reg:-

2036 5309 2231 5348 narum
2287 5294 2430 5362 ejus,
2483 5289 2916 5346 concubinarum
2971 5294 3030 5342 et
3082 5287 3609 5342 adolescentularum

2035 5386 2372 5450 discrimine,
2403 5401 2505 5440 nec
2551 5400 2660 5439 non
2690 5395 3028 5452 quacunque
3065 5395 3264 5433 arcana
3299 5380 3352 5434 in
3387 5380 3493 5435 hoc
3539 5381 3610 5434 li-

2035 5477 2137 5532 bro
2180 5478 2499 5533 abscondita
2538 5484 2668 5531 sunt
2719 5475 3066 5538 documenta,
3106 5480 3254 5528 recte
3300 5472 3606 5544 intelliget;

2225 5641 2272 5673 “
2313 5639 2356 5695 ll
2383 5638 2512 5696 Cor.
2549 5653 2622 5708 tv,
2660 5639 2715 5692 5.
2793 5638 2834 5669 ³⁷
2876 5634 3034 5690 Cant.
3077 5650 3151 5700 ιι,
3195 5635 3289 5700 l0,
3328 5636 3432 5698 M;
3464 5651 3516 5705 ν,
3549 5634 3604 5692 ξ’..

3259 5819 3337 5877 36
