4134 6414
562 389 694 443 1151

565 519 688 577 qua:
714 511 767 558 et
815 500 1016 554 multas
1058 497 1169 569 jam
1219 490 1616 577 elucidatinnes
1656 492 1973 542 consecuta-
1999 489 2149 545 sunt,
2182 487 2227 543 Α

565 586 620 653 et
652 594 722 651 ab
749 588 1123 663 impigerrimo
1163 571 1474 641 divinarum
1532 576 1947 651 Scripturarum
1979 575 2143 630 inter-

566 698 718 761 prete
754 682 1166 742 commentariis
1192 679 1464 734 illustrata
1493 681 1641 729 sunt.

1164 945 1393 1003 CAPUT
1428 941 1537 998 Vll.

1255 1061 1300 1115 Ε
1328 1059 1452 1114 Job.

642 1181 792 1236 inter
823 1180 927 1233 alia
957 1178 1060 1234 Job
1089 1178 1206 1233 haec
1250 1176 1315 1230 de
1348 1174 1580 1229 Domino
1609 1169 1742 1225 dicit
1774 1187 1787 1223 :
1827 1187 1845 1218 ι
1882 1165 1985 1232 Qui
2017 1178 2155 1236 pra:-

573 1278 706 1348 cipit
738 1275 866 1339 soli,
899 1280 954 1328 et
994 1286 1105 1326 non
1138 1269 1359 1324 oritur:
1410 1275 1465 1322 et
1508 1264 1696 1320 stellas
1741 1258 1946 1314 claudit
1996 1254 2155 1327 quasi

575 1371 677 1426 sub
708 1366 990 1440 signaculo
1017 1383 1030 1418 :
1063 1362 1154 1434 qui
1187 1359 1435 1417 extendit
1480 1356 1672 1417 cmlos,
1704 1362 1761 1408 et
1786 1350 2034 1423 graditur
2062 1364 2157 1407 su-

575 1476 673 1531 per
692 1474 843 1513 mare
859 1465 1117 1526 tanquam
1141 1467 1305 1522 super
1324 1448 1692 1521 pavimentum
1707 1446 1773 1498 '9.
1799 1463 1817 1495 )
1838 1442 1903 1497 Ει
1919 1455 2113 1496 rursus
2139 1458 2152 1493 :

581 1530 601 1602 ὲ
628 1549 733 1615 Qui
768 1560 1027 1617 magnum
1060 1550 1179 1599 cete
1208 1540 1583 1596 debellaturus
1610 1535 1772 1591 est”.
1796 1553 1813 1585 )
1835 1533 1970 1587 Cum
1992 1530 2159 1602 igitur

581 1642 673 1698 Dei
693 1640 933 1696 omnium
956 1633 1407 1708 magnanimitate
1424 1629 1702 1701 indignum
1721 1628 1812 1691 sit,
1831 1640 1954 1681 eum
1980 1622 2159 1693 suspi-

582 1734 696 1790 cari
719 1773 735 1798 ,
767 1731 1132 1802 complentem
1169 1725 1383 1789 omnia,
1408 1722 1771 1777 ambulavisse
1816 1733 1981 1789 super
2010 1729 2160 1770 mare

583 1833 751 1880 tanta:
769 1836 939 1893 capax
955 1815 1367 1889 magnitudinis,
1385 1821 1635 1885 superest
1671 1820 1732 1866 ut
1759 1810 1826 1865 de
1841 1807 2021 1863 Verbo
2045 1806 2161 1860 haze

582 1918 904 1987 cogitemus.
922 1910 1096 1980 Cujus
1113 1910 1313 1963 virtute
1331 1905 1520 1969 Josuo,
1538 1903 1684 1958 filius
1698 1899 1868 1962 Nave,
1884 1899 1975 1968 qui
1993 1896 2159 1967 hujus

586 2015 705 2064 erat
740 2007 932 2076 ﬁgura,
975 2002 1077 2059 soli
1112 1999 1403 2072 imperavit
1449 2003 1503 2052 et
1546 1994 1695 2052 stetit
1730 1993 1783 2046 in
1823 1990 2047 2046 Gahaon
2073 1989 2115 2020 ³¹
2144 2005 2159 2053 ;

579 2114 644 2152 ac
694 2097 813 2165 ejus
856 2090 1133 2165 passionis
1171 2097 1438 2159 tempore,
1481 2084 1669 2140 divino
1727 2082 1877 2136 velut
1926 2076 2162 2165 quodam

582 2192 759 2263 iussu,
791 2189 874 2244 sol
912 2186 1226 2241 universam
1259 2187 1463 2234 terram
1497 2173 1791 2245 complevit
1829 2172 2073 2227 tenebris
2094 2156 2159 2221 3".

584 2285 684 2339 llic
720 2289 807 2337 est
859 2298 877 2330 ι
938 2276 1030 2348 qui
1080 2271 1328 2329 extendit
1383 2270 1554 2324 cmlos
1595 2276 1650 2323 et
1700 2265 1950 2337 graditur
2002 2275 2167 2333 super

584 2388 733 2430 mare
759 2372 803 2403 ³³
848 2368 1008 2441 quasi
1062 2380 1226 2435 super
1269 2363 1664 2435 pavimentum,
1728 2377 1747 2410 ι
1809 2370 1933 2411 cum
1989 2354 2166 2409 factus

585 2467 751 2522 homo
780 2441 1044 2517 miracula
1070 2463 1250 2529 patrat
1271 2470 1394 2523 qua:
1424 2454 1480 2508 in
1509 2448 1820 2522 Evangeliis
1845 2452 2165 2502 narrantur.

586 2556 743 2626 Quod
765 2543 819 2611 si
851 2554 1075 2609 omnino
1110 2551 1178 2606 ad
1207 2548 1305 2604 Dei
1352 2545 1585 2602 Verbum
1619 2549 1831 2614 spectat
1871 2541 1963 2595 hic
1991 2540 2166 2603 locus,

587 2649 655 2705 de
682 2663 749 2704 eo
782 2643 1137 2716 intelligenda
1174 2650 1303 2699 sunt
1342 2655 1451 2695 non
1483 2646 1694 2692 tantum
1724 2650 1847 2706 qua:
1869 2633 1981 2703 jam
2022 2636 2172 2686 retu-

586 2740 776 2802 limus,
812 2735 909 2792 sed
938 2744 993 2791 et
1020 2733 1205 2789 omnia
1243 2732 1297 2787 in
1328 2730 1433 2785 hoc
1458 2728 1763 2800 fragmento
1792 2740 1822 2779 a
1851 2723 1956 2780 Job
2000 2722 2170 2777 dicta.

1271 372 1542 431 EUSEBII
1584 364 2065 426 CESABIENSIS
2102 360 2254 419 OPP.
2293 356 2477 413 PARS
2512 354 2605 411 111.
2650 385 2718 396 -
2749 351 3159 408 EXECETICA.
3190 396 3197 403 ι

3694 346 3832 402 11ῧὲ

2256 477 2360 531 δων
2397 475 2490 530 καὶ
2532 473 2784 528 νεανίδων
2822 471 3119 541 διαφορᾶς,
3165 466 3258 520 καὶ
3304 466 3405 519 ὅσα
3454 460 3590 519 ἄλλα
3638 465 3833 517 ἐναπο-

2248 566 2654 636 κέκρυπταιάτῇ
2692 560 2859 632 βίϐλῳ
2887 558 3305 630 ἀπορρητότερα
3333 556 3649 627 μαθήματα,
3676 553 3712 608 ἃ.
3745 555 3836 606 καὶ

2248 653 2625 726 πληρεστάτης
2649 651 2750 722 ἤδη
2784 649 3082 721 σαφηνείας
3118 646 3327 716 ἔτυχεν,
3357 647 3412 698 ἐν
3451 639 3532 708 οἷς
3559 647 3588 697 6
3615 642 3835 713 φιλοπο-

2249 745 2487 809 νώτατος
2538 743 2646 797 τῶν
2697 743 2855 797 θείων
2904 738 3137 812 Γραφῶν
3185 739 3452 810 ἐξηγητὴς
3506 737 3839 807 ὑπεμνημά-

2249 853 2456 889 τισατο.

2782 940 3178 996 ΚΕΦΛΛΜΟΝ
3220 940 3292 992 Z'.

2817 1053 2957 1108 Ἀπὸ
2991 1055 3097 1108 τοῦ
3142 1052 3277 1106 Ἰὼϐ.

2334 1175 2394 1228 ’0
2437 1171 2555 1226 ’ῐώϐ
2582 1171 2786 1247 ἐστινό
2810 1167 3035 1238 φάσκων
3069 1163 3196 1234 περί
3217 1161 3312 1216 τοῦ
3343 1159 3545 1232 Κυρίου
3582 1157 3722 1229 μετὰ
3748 1156 3845 1211 καὶ

2255 1266 2476 1337 ἐτέρων,
2506 1284 2526 1318 ι
2568 1264 2627 1318 '0
2650 1262 2824 1331 λέγων
2847 1258 2925 1330 τῷ
2951 1256 3086 1331 ἡλίῳ
3118 1254 3213 1308 κα.)⁸
3243 1255 3344 1307 οὐκ
3374 1251 3675 1313 ἀνατέλλει,
3702 1250 3846 1303 κατὰ

2254 1360 2312 1413 δὲ
2344 1358 2559 1431 ἄστρων
2614 1349 3077 1424 κατασφραγίζειο
3115 1351 3144 1402 6
3194 1346 3431 1409 τανύσας
3475 1344 3569 1399 τὸν
3616 1342 3847 1415 οὐρανὸν

2259 1451 2437 1523 μόνος,
2462 1450 2557 1503 καὶ
2582 1446 2895 1519 περιπατῶν
2915 1442 3105 1507 ὼς-ὲπὶ
3128 1441 3355 1509 ἐδάφους
3378 1438 3472 1491 ἐπὶ
3498 1436 3799 1504 θαλάσσηςο
3823 1452 3843 1486 ι

2258 1544 2352 1598 καὶ
2379 1541 2560 1609 πάλιν,
2591 1559 2608 1590 ι
2651 1541 2709 1593 '0
2734 1538 2941 1610 μέλλων
2962 1536 3024 1589 τὸ
3058 1534 3199 1606 μέγα
3222 1533 3386 1603 κῆτος
3412 1526 3801 1602 χειρώσασθαι.
3822 1543 3843 1579 ι

2271 1634 2426 1689 Ἐπεὶ
2451 1633 2631 1687 τοίνυν
2661 1632 2763 1685 οὐκ
2784 1629 2968 1700 ἔχεται
2999 1629 3099 1699 τῆς
3131 1626 3261 1698 περὶ
3283 1624 3376 1678 τοῦ
3405 1621 3514 1676 τῶν
3541 1622 3679 1679 ὅλων
3712 1617 3851 1679 θεοῦ

2264 1724 2612 1799 μεγαλονοίας
2661 1722 2721 1776 τὸ
2772 1719 3173 1792 ὑπολαμϐάνειν
3220 1715 3386 1770 αὑτὸν
3435 1714 3503 1767 τά
3561 1711 3856 1782 σύμπαντα

2190 1858 2233 1913 Β
2262 1816 2569 1891 πληροῦντα
2616 1814 2709 1869 ἐπὶ
2753 1812 2997 1886 θαλάσσῃ
3047 1810 3156 1881 (ης)
3190 1809 3511 1880 περιπατεῖν
3565 1804 3855 1878 χωρούσης

2263 1909 2427 1963 αὐτοῦ
2461 1909 2521 1962 τὸ
2548 1906 2705 1961 τοσοῦ
2728 1904 2794 1977 (ἳ)
2830 1903 3077 1976 μέγεθος,
3114 1901 3359 1956 λείπεται
3398 1898 3527 1971 περ1⁵
3548 1897 3646 1951 τοῦ
3678 1897 3855 1964 Λόγου

2261 2000 2434 2054 ταῦτα
2454 2001 2593 2054 νοεῖν
2613 2015 2627 2029 σ
2655 1992 2717 2051 οὗ
2744 1998 2812 2067 τῇ
2847 1994 3096 2066 δυνάμει,
3131 1990 3301 2055 τύπος
3340 1988 3506 2044 αὑτοῦ
3542 1988 3855 2058 τυγχάνων,

2254 2096 2290 2147 ηὸ
2324 2093 2416 2147 τοῦ
2463 2091 2617 2161 Ναυὴ
2655 2086 2862 2160 Ἰησοῦς
2913 2082 3062 2140 εἶπεν
3103 2084 3181 2155 τῷ
3223 2082 3361 2156 ἡλίῳ
3411 2081 3508 2136 καὶ
3540 2079 3672 2150 ἔστη
3718 2077 3859 2131 κατὰ

2264 2185 2512 2249 Γαϐαὼν,
2547 2182 2682 2238 ἀλλὰ
2703 2184 2795 2237 καὶ
2815 2179 2960 2236 κατὰ
2980 2179 3072 2233 τὸν
3097 2177 3285 2250 καιρὸν
3306 2176 3401 2230 τοῦ
3432 2173 3643 2235 πάθους
3666 2169 3859 2230 αὐτοῦ,

2264 2277 2505 2348 ὡσπερεὶ
2526 2274 2647 2346 θείᾳ
2670 2274 2775 2327 τινὶ
2804 2270 3117 2343 προστάξει,
3139 2270 3168 2322 6
3189 2268 3339 2339 ἥλιος
3364 2266 3457 2319 ἐπὶ
3494 2265 3678 2317 πᾶσαν
3710 2261 3864 2315 ἐσκό-

2266 2385 2439 2437 τασενη
2474 2366 2574 2438 τὴν
2606 2366 2732 2435 γῆν.
2777 2362 2947 2427 Αὐτὸς
2982 2360 3040 2415 δέ
3079 2361 3227 2413 ἐστιν
3260 2378 3279 2410 ι
3316 2361 3345 2411 6
3372 2355 3612 2418 τανύσας
3652 2352 3746 2407 τὸν
3776 2352 3869 2405 οὖα

2270 2456 2452 2530 ρανδν,
2481 2458 2510 2509 ὁ
2542 2457 2636 2509 καὶ
2663 2454 3040 2526 περιπατήσας
3060 2452 3136 2516 ὡς
3167 2452 3252 2503 ἐπ’
3282 2449 3515 2518 ἐδάφους
3542 2446 3639 2500 ἐπὶ
3664 2443 3866 2498 θαλάσ-

2270 2568 2390 2621 σης,
2422 2569 2440 2601 ι
2470 2547 2707 2618 ὁπηνίκα
2728 2545 3158 2619 ἐνανθρωπήσας
3187 2541 3437 2596 ἀπετέλει
3468 2538 3539 2592 τά
3559 2534 3863 2607 παράδοξα,

2270 2639 2456 2705 καθὼς
2484 2642 2542 2694 ὲν
2564 2642 2678 2702 τοῖς
2701 2637 3052 2707 Εύαγγελίοις
3095 2635 3396 2707 ἱστόρηται.
3433 2633 3496 2686 Εἰ
3523 2631 3569 2685 δ’
3597 2630 3742 2693 ὅλως
3775 2630 3869 2681 ἐπι

2270 2734 2360 2786 τὸν
2392 2732 2485 2785 τοῦ
2524 2730 2660 2785 Θεοῦ
2694 2731 2867 2799 Λόγον
2908 2728 2978 2782 τὰ
3006 2726 3149 2782 κατὰ
3175 2728 3302 2790 τοὺς
3339 2726 3537 2787 τόπους
3578 2720 3865 2791 ἀναφέροι,

590 2828 804 2883 Etenim
857 2840 1114 2896 magnum
1166 2831 1349 2878 cetum
1401 2820 1553 2876 solus
1618 2816 1918 2887 superavit,
1977 2812 2174 2869 solutis

2277 2825 2334 2878 τὸ
2382 2823 2512 2894 ἑξῆς
2541 2822 2606 2877 ἂν
2636 2822 2721 2894 εἴη
2757 2822 2832 2893 μὴ
2880 2820 3017 2891 μόνα
3065 2819 3208 2890 άπερ
3253 2816 3552 2887 ὲξεθέμεθα
3604 2813 3748 2886 ῥητὰ
3789 2812 3869 2876 εἰς

593 2920 790 2974 mortis
840 2918 1098 2981 vinculis,
1146 2925 1200 2970 et
1250 2928 1448 2983 magno
1497 2926 1623 2966 vere
1670 2909 1911 2964 dracone
1957 2906 2176 2962 diabolo

2277 2915 2438 2970 αὐτὸν
2473 2914 2855 2986 ἐκλαμϐάνειν,
2888 2911 3023 2965 ἀλλὰ
3061 2911 3157 2964 καὶ
3194 2908 3371 2964 πάντα
3403 2906 3470 2961 τὰ
3502 2908 3561 2959 ἐν
3597 2908 3667 2977 τῇ
3710 2918 3869 2975 περι.-

593 3016 894 3080 prostrato,
938 3007 1030 3078 qui
1080 3004 1355 3076 quondam
1408 3002 1687 3057 hominum
1735 2999 1946 3053 animas
1987 2997 2179 3052 absor-

2280 3010 2421 3080 κοπῇ
2453 3007 2559 3060 ὑπὸ
2586 3006 2681 3059 τοῦ
2725 3004 2845 3059 Ἰὼϐ
2876 3004 3176 3075 λεγόμεναο
3241 3000 3335 3053 καὶ
3364 2998 3476 3070 γάρ
3503 2997 3598 3051 καὶ
3636 2996 3702 3049 τὸ
3722 2995 3872 3066 ,μέγα

598 3104 792 3159 buerat
828 3101 1043 3162 fortior,
1103 3098 1208 3153 ceti
1256 3096 1433 3151 instar
1468 3093 1665 3148 Jonam
1701 3090 1950 3147 vorantis
1979 3089 2045 3155 ³⁸,
2075 3105 2180 3144 nu-

2281 3100 2445 3172 κῆτος
2477 3099 2632 3171 μόνος
2664 3098 2829 3161 αὐτὸς
2857 3094 3208 3168 ἐχειρώσατο,
3235 3091 3405 3154 λύσας
3431 3088 3531 3153 τὰς
3551 3087 3752 3150 ὠδῖνας
3776 3083 3870 3139 τοῦ

599 3193 837 3264 perrim‘e
882 3206 1014 3246 vero
1063 3189 1132 3243 ab
1179 3184 1500 3243 adversario
1551 3198 1653 3239 suo
1702 3181 1952 3239 devictus
1979 3220 1993 3243 ,
2040 3194 2179 3250 quos

2281 3192 2534 3257 θανάτου,
2563 3192 2656 3245 καὶ
2680 3191 2770 3245 τὸν
2796 3189 2967 3262 μέγαν
2996 3189 3071 3252 ὼς
3103 3184 3319 3256 ἀληθῶς
3345 3182 3615 3255 δράκοντα
3646 3180 3739 3233 τὸν
3762 3179 3875 3232 διά-

600 3285 731 3338 olim
761 3282 1053 3338 sorbuerat
1099 3278 1306 3340 emisit.
1336 3272 1799 3348 quemadmodum
1835 3271 2174 3328 incolumem

2278 3282 2433 3338 ϐολον
2467 3283 2840 3355 καταργήσας,
2874 3279 2935 3344 ὃς
2965 3279 3133 3334 πάλαι
3168 3278 3266 3348 μὲν
3296 3275 3398 3344 τὰς
3433 3272 3545 3326 τῶν
3569 3269 3875 3342 ἀνθρώπων

603 3382 911 3430 monstrum
949 3371 1143 3426 Jonam
1180 3368 1457 3434 reddidit;
1491 3366 1572 3421 sic
1613 3364 1834 3434 impleta
1872 3363 2177 3433 prophetia,

2277 3374 2455 3445 ψυχάς
2479 3372 2767 3428 κατέπινεν
2795 3372 3039 3443 ἰσχύσας,
3064 3371 3220 3442 δίκην
3239 3366 3332 3422 τοῦ
3356 3367 3450 3422 τὸν
3484 3366 3673 3420 Ἰωνᾶν
3702 3379 3874 3417 κατα-

602 3466 662 3522 in
691 3482 800 3537 qua
832 3465 1041 3520 dictum
1072 3468 1195 3517 est:
1234 3479 1255 3512 ι
1309 3456 1631 3527 Absuinpsit
1678 3468 1828 3510 mors
1862 3453 2076 3520 fortior,
2127 3462 2180 3509 et

2281 3466 2599 3530 πεπωκότος
2652 3468 2870 3537 κήτους,
2931 3461 3215 3536 χειρωθεὶς
3245 3461 3292 3515 δ’
3342 3459 3570 3529 ὕστερον
3620 3455 3733 3511 ὑπὸ
3785 3450 3875 3508 τοῦ

601 3559 812 3615 auferet
836 3556 1101 3612 Dominus
1139 3553 1283 3609 Deus
1311 3553 1609 3622 lacrymam
1638 3548 1706 3602 ab
1737 3547 1884 3602 omni
1907 3546 2125 3603 facie".
2158 3567 2177 3600 )

2282 3575 2423 3613 κατα
2445 3557 2809 3621 παλαίσαντος
2835 3555 3018 3620 αὑτὸν,
3055 3554 3369 3626 προήγαγεν
3398 3546 3555 3613 αὖθις
3582 3546 3682 3611 οὓς
3713 3546 3877 3599 πάλαι

602 3651 761 3719 ρυοά
787 3663 840 3708 εὶ
868 3650 1105 3706 ἀίυῖῐηιιε
1133 3654 1355 3717 [ποριεῖ
1400 3658 1547 3706 eum,
1579 3644 1673 3712 (ιυῑ
1708 3656 1962 3712 ῐηθῧηιιηὶ
2002 3647 2182 3695 celum
2286 3650 2700 3716 καταπεπὼκει,
2742 3648 2943 3721 ὁμοίως
2976 3647 3054 3718 τῷ
3082 3646 3172 3699 τὸν
3208 3646 3392 3699 ἰωνᾶν
3439 3642 3577 3697 σῶον
3606 3638 3878 3693 ἀποδεδω-

603 3742 694 3798 hic
734 3742 1080 3813 designatum
1112 3735 1432 3809 prostravit,
1489 3731 1828 3788 Salvatorem
1865 3729 2184 3785 Dominum-

606 3849 711 3903 que
745 3841 1012 3889 nostrum.
2054 3845 2058 3848 ·

2289 3743 2406 3797 κότι
2432 3744 2607 3817 θηρίῳ
2626 3762 2639 3774 ·
2696 3740 3075 3814 πληρουμένης
3116 3741 3174 3793 ἐν
3206 3735 3378 3808 τούτῳ
3406 3733 3747 3807 προφητείας
3780 3746 3880 3798 φα·

2290 3836 2548 3908 σκούσης,
2588 3856 2605 3887 ι
2644 3833 2919 3889 Κατέπιεν
2958 3835 2987 3886 6
3017 3831 3242 3893 θάνατος
3292 3828 3540 3901 ἰσχύσας,
3589 3826 3687 3879 καὶ
3721 3823 3880 3889 πάλιν

607 3930 823 4001 ἀφεῖλεν
849 3932 878 3984 6
909 3929 1041 3992 Θεὸς
1063 3928 1170 3981 πᾶν
1194 3926 1427 3997 δάκρυον
1455 3921 1562 3977 ἀπὸ
1593 3920 1792 3983 παντὸς
1818 3918 2129 3990 προσώπου⁸
2159 3941 2177 3972 ι
2221 3926 2248 3978 ὃ
2282 3932 2374 3984 καὶ
2438 3931 2667 4003 λέγομεν
2693 3931 2779 3984 διὰ
2802 3930 2891 3982 τὸν
2915 3927 2973 3981 τδ
3011 3926 3300 3997 λεγόμενον
3346 3920 3580 3976 ἐνταῦθα
3613 3921 3763 3992 μέγα
3785 3916 3884 3987 χῆ.

608 4040 699 4087 τος
730 4019 1133 4095 χειρωσάμενον
1162 4017 1392 4088 Σωτῆρα
1425 4015 1520 4069 καὶ
1548 4014 1754 4085 Κύριον
1782 4012 1956 4083 ἡμῶν.

1203 4126 1432 4183 CAPUT
1459 4125 1594 4182 Vill.

1312 4238 1358 4293 E
1382 4238 1508 4294 Job.

688 4359 952 4417 Dominus
977 4359 1034 4413 in
1084 4370 1185 4413 sua
1232 4353 1301 4409 ad
1345 4351 1450 4408 Job
1502 4350 1866 4421 apparitione,
1916 4349 2199 4421 sapientiae

615 4463 670 4509 et
696 4449 1051 4524 providentia:
1073 4462 1187 4504 suae
1214 4458 1380 4516 opera
1409 4456 1762 4506 enumerans,
1785 4440 1952 4495 dicit:
1992 4458 2011 4491 ‹
2048 4437 2203 4495 Νυιι-

2825 4124 3123 4181 ΚΕΦΑΛΑΙ
3134 4124 3227 4178 ΟΝ
3266 4125 3348 4179 H’.

2860 4244 2993 4299 Ἀπὸ
3025 4242 3133 4298 τοῦ
3173 4240 3322 4296 Ἰώϐ.
3343 4267 3347 4270 ν

2380 4360 2437 4413 Ὀ
2459 4360 2663 4432 Κύριος
2702 4361 2760 4413 ἐν
2792 4358 2872 4430 τῷ
2916 4356 3055 4430 πρὸς
3096 4356 3189 4411 τὸν
3232 4352 3354 4409 Ἰὼϐ
3400 4350 3777 4424 χρηματισμῷ
3822 4352 3893 4404 τὰ

2297 4448 2398 4519 τῆς
2422 4448 2616 4504 ἑαυτοῦ
2651 4447 2906 4521 προνοίας
2929 4447 3024 4501 καὶ
3044 4444 3361 4515 οἰκονομίας
3390 4442 3528 4513 ἔργα
3552 4439 3771 4505 διεξιὼν
3791 4457 3898 4509 φη-

617 4545 770 4616 quitl,
799 4548 1018 4611 sumpto
1044 4547 1206 4594 terra:
1228 4537 1365 4599 luto,
1384 4533 1589 4589 animal
1617 4531 1921 4597 fabricasti,
1947 4532 2180 4603 loquens

2317 4559 2398 4605 σι,
2436 4561 2456 4595 ι
2499 4542 2610 4595 Καὶ
2663 4539 2941 4594 συλλαϐὼν
2980 4539 3085 4609 γῆν
3116 4535 3304 4608 manv,
3341 4531 3580 4594 ἔπλασας
3608 4529 3773 4594 ζῶον,
3800 4528 3898 4581 καὶ

621 4652 728 4708 que
760 4635 892 4689 illud
936 4631 1170 4705 posuisti
1223 4630 1280 4685 in
1312 4626 1504 4682 terra?
1558 4625 1849 4682 Abstulisti
1900 4626 1969 4681 ab
2015 4626 2199 4697 impiis

500 4782 515 4791 _
622 4732 893 4794 lucem,et
915 4723 1140 4782 brachia
1164 4722 1528 4792 superborum
1552 4717 1917 4788 confregisti?
1946 4718 2201 4790 Nunquid

622 4824 904 4894 ingressus
926 4834 987 4875 es
1033 4816 1210 4872 fontes
1236 4813 1426 4879 maris,
1473 4819 1528 4869 et
1577 4812 1632 4866 in
1660 4811 1976 4868 novissimis
2021 4811 2205 4882 abyssi

624 4915 983 4973 deambulasti
1003 4916 1027 4966 ’ί
1047 4909 1308 4983 Nunquid
1334 4916 1539 4980 apertae
1565 4915 1694 4963 sunt
1725 4907 1825 4962 tibi
1853 4920 1977 4961 cum
2010 4908 2205 4960 timore

627 5017 803 5083 portae
825 5007 1040 5070 mortis,
1062 5015 1116 5060 et
1131 5004 1270 5061 ostia
1285 5001 1578 5058 tenebrosa
1604 4998 1786 5057 vidisti
1799 4997 1884 5052 ⁸⁸2
1908 5016 1927 5050 ι
1952 4996 2078 5053 Haec
2107 5012 2207 5052 au-

627 5114 736 5159 tem
755 5102 833 5157 ait
849 5100 1112 5155 Dominus
1130 5097 1196 5152 ad
1214 5095 1319 5151 Job
1332 5094 1400 5150 de
1422 5094 1657 5165 se'ipso,
1673 5091 1818 5164 quod
1846 5107 1876 5146 a
1906 5090 2058 5146 nullo
2076 5090 2204 5155 alio,

550 5202 553 5203 ⁷
631 5195 741 5251 nisi
769 5209 800 5248 a
827 5192 1123 5263 semetipso
1164 5189 1296 5242 talia
1348 5186 1464 5243 ﬁeri
1497 5186 1842 5257 potuissentJ
1870 5182 2008 5249 Quis
2036 5183 2205 5245 enim,

631 5293 851 5357 sumpta
873 5292 1042 5347 terra,
1060 5280 1458 5344 animalﬁnxit,
1480 5278 1589 5333 nisi
1608 5276 1752 5332 Deus
1767 5275 1861 5347 qui
1878 5274 2115 5344 sumpsit
2143 5273 2209 5328 de

632 5379 766 5433 limo
798 5386 961 5433 terra:
992 5376 1258 5445 ﬁnxitque
1305 5369 1628 5427 hominem?
1666 5367 1796 5424 Inde
1838 5366 2002 5422 simul
2050 5366 2212 5422 doce-

632 5486 779 5535 mur,
811 5470 1048 5526 hominis
1076 5468 1392 5524 Creatorem
1422 5462 1675 5518 eumdem
1710 5476 1833 5516 esse
1866 5474 1931 5514 ac
1966 5458 2060 5528 qui
2091 5473 2216 5529 pro-

638 5561 961 5635 fuudissima
988 5567 1151 5616 terra:
1182 5559 1464 5628 ingressus
1493 5561 1600 5619 est,
1651 5561 1814 5623 atque
1839 5552 1896 5606 in
1923 5550 2045 5621 ejus
2073 5564 2211 5620 pne-

2304 4631 2532 4703 λαλητδν
2580 4633 2742 4686 αὐτὸν
2775 4632 2898 4685 έθου
2927 4630 3020 4684 ἐπὶ
3065 4630 3163 4700 τῆς
3204 4628 3341 4698 γῆς;
3380 4622 3636 4695 Ἀφείλας
3678 4622 3739 4676 δὲ
3789 4621 3901 4674 ἀπὸ

2307 4723 2519 4778 ἀσεϐῶν
2562 4724 2623 4776 τὸ
2652 4722 2786 4794 φῶς,
2816 4721 3109 4795 βραχίονας
3144 4719 3203 4773 δὲ
3231 4716 3596 4789 ὑπερηφάνων
3646 4712 3901 4781 συνέτριο

2307 4816 2452 4885 ψαςς
2493 4811 2695 4880 Ἧλθες
2726 4816 2785 4869 δὲ
2820 4817 2912 4869 ἐπὶ
2941 4814 3126 4886 πηγὴν
3158 4809 3453 4879 θαλάσσης,
3498 4808 3557 4859 ἐν
3596 4804 3656 4857 δὲ
3692 4804 3903 4875 ἴχνεσιν

2312 4907 2549 4961 ἀϐύσσου
2577 4907 3020 4980 περιεπάτησας;
3063 4903 3394 4971 Ἀνοίγονται
3419 4898 3478 4952 δέ
3506 4915 3592 4951 σοι
3619 4896 3775 4966 φόϐῳ
3798 4894 3908 4947 πύ-

2312 4998 2402 5053 λαι
2440 4999 2691 5062 θανάτου,
2725 4996 2789 5069 (f.
2824 4995 2894 5051 28
2922 4998 2996 5064 νος
3061 4990 3301 5063 πυλωρο1⁸
3333 4989 3390 5044 δὲ
3433 4987 3560 5060 ᾅδου
3605 4985 3812 5046 ἰδόντες
3838 4998 3903 5036 σε

2315 5090 2588 5164 ἕπτηξανς
2621 5110 2639 5142 ι
2674 5087 2859 5143 Ταῦτα
2897 5087 2956 5141 δέ
2981 5102 3145 5157 φησιν
3171 5085 3201 5137 6
3233 5082 3435 5154 Κύριος
3475 5078 3615 5151 πρὸς
3651 5076 3745 5131 τον
3780 5073 3910 5164 'Jt‘uﬁ

2315 5162 2449 5255 περι
2474 5179 2693 5245 ἐαυτοῦ,
2723 5178 2798 5243 ὡς
2850 5175 3077 5249 μηδενὸς
3113 5172 3303 5244 ἐτέρου
3348 5170 3489 5242 πλὴν
3518 5165 3685 5221 αὑτοῦ
3738 5162 3909 5235 μόνον

2314 5273 2616 5345 δυναμένου
2648 5271 2716 5325 τά
2757 5267 3058 5340 τηλικαῦτα
3096 5264 3341 5337 ἐνεργεῖν
3362 5279 3375 5292 ο
3413 5261 3498 5325 τίς
3538 5257 3648 5329 γάρ
3686 5257 3846 5309 ἐστιν
3883 5255 3915 5306 6

2314 5365 2498 5420 λαϐὼν
2525 5364 2629 5435 γῆν
2656 5364 2752 5418 καὶ
2783 5361 2994 5424 πλάσας
3027 5357 3187 5425 ζῶον,
3227 5358 3262 5429 ἢ
3297 5358 3327 5410 ὁ
3349 5353 3481 5417 Θεὸς
3508 5354 3539 5405 6
3565 5346 3755 5403 λαϐὼν
3775 5345 3915 5417 χοῦν

2317 5461 2426 5514 ἀπὸ
2455 5459 2556 5529 τῆς
2587 5457 2690 5528 γῆς
2728 5457 2819 5509 καὶ
2844 5453 3054 5517 πλάσας
3089 5451 3182 5505 τὸν
3208 5448 3306 5504 ἄνθ
3314 5463 3524 5520 ρωπονς
3553 5445 3704 5512 Ἅμα
3736 5439 3802 5493 δὲ
3834 5438 3920 5495 δι-

2316 5547 2627 5621 δασκόμεθα
2651 5546 2920 5611 ἐντεῦθεν,
2956 5545 3031 5608 ὼς
3063 5544 3171 5615 ἄρα
3203 5543 3232 5595 6
3261 5539 3472 5603 πλάσας
3496 5536 3588 5590 τὸν
3616 5532 3920 5603 ἄνθρωπον

705 5744 753 5780 "
787 5745 892 5801 Joh
923 5759 1012 5807 ιχ,
1048 5744 1100 5809 7,
1135 5741 1181 5794 8.
1264 5741 1309 5771 ⁸ο
1346 5737 1448 5793 Joh
1487 5754 1576 5801 ιιι,
1616 5737 1690 5809 8.Δ
1738 5736 1796 5809 ﬂ
1831 5733 1945 5793 Jos.
1984 5752 2051 5802 ι,
2088 5737 2174 5790 12.

2279 5736 2297 5766 ¹
2343 5730 2529 5786 Matth.
2571 5745 2751 5796 ιιινιι,
2790 5729 2877 5783 ιὸ.
2958 5726 3000 5759 ³⁸
3041 5724 3138 5780 Joh
3188 5739 3274 5792 ix,
3311 5721 3365 5778 8.
3445 5716 3490 5752 “
3530 5714 3696 5773 Jonas
3735 5732 3810 5781 ιι,
3864 5718 3914 5771 ι.

641 5819 682 5850 ³⁵
724 5819 825 5872 lsa.
864 5806 1095 5874 xxv,8.v
1161 5813 1205 5842 "
1239 5810 1340 5865 Job
1379 5824 1611 5872 XXXVIII,
1638 5806 1816 5863 16-17,
