4134 6414
328 349 476 403 1155

1345 345 1652 401 ‘ECLOGE
1690 344 2166 402 PROPHETICA‘I.
2210 377 2279 386 —
2303 345 2431 402 UB.
2466 345 2553 403 m.

3449 350 3592 405 Ηῦι

327 469 502 533 αὑτός
535 471 682 522 ἐστιν
709 471 738 521 6
766 468 856 522 καί
889 470 969 532 είς
991 467 1061 523 τὰ
1085 469 1365 541 κατώτερα
1391 469 1490 541 τῆς
1515 469 1616 539 γῆς
1651 468 1913 532 καταϐάς,

2023 466 2229 531 cordia,
2256 482 2380 537 quae
2404 468 2575 524 maris
2605 467 2876 538 profunda
2901 467 3033 523 milii
3068 468 3378 540 significare
3406 467 3596 522 viden-

337 569 433 616 καὶ
483 563 563 626 είς
608 562 705 632 τὴν
735 561 1029 632 λεγομένην
1080 560 1305 632 καρδίαν
1354 562 1542 631 αὐτῆς,
1578 563 1768 632 ῆντινα
1816 560 1912 615 νῦν

332 650 707 723 ὑπολαμϐάνω
734 650 913 722 πηγὴν
950 649 1227 721 θαλάσσης
1254 650 1596 721 ὠνομάσθαι·
1631 650 1712 705 ἔτι
1741 650 1797 704 δὲ
1820 652 1914 704 καὶ

332 747 368 799 6
409 747 468 799 έν
499 744 700 815 ἴχνεσιν
746 743 1020 816 θαλάσσης
1067 744 1466 815 περιπατήσας,
1507 737 1552 812 ᾧ
1596 744 1744 815 μόνῳ
1775 745 1915 816 μετά

341 836 505 906 φόϐου
525 835 874 907 ἠνεῴχθησαν
898 837 953 890 αί
978 834 1072 889 τοῦ
1093 834 1325 891 θανάτου
1358 834 1543 899 πύλαι,
1572 835 1693 890 καθ’
1718 837 1799 889 ὅτι
1817 837 1915 889 οὐκ

339 924 409 999 ῆν
426 928 649 982 δυνατὸν
678 925 995 998 κρατεῖσθαι
1019 925 1181 980 αὐτὸν
1206 926 1297 980 ὑπ’
1325 925 1510 990 αὐτοῦ,
1533 925 1592 980 ὃν
1616 928 1710 980 καὶ
1741 928 1790 980 οἱ
1813 945 1915 980 πυ-

339 1020 503 1091 λωροὶ
542 1020 635 1074 τοῦ
680 1018 840 1091 ’ᾼδου
883 1017 1079 1081 ἰδόντες
1110 1017 1369 1088 ἔπτηξαν,
1401 1017 1634 1090 ὁρῶντες
1678 1019 1738 1072 τὸ
1768 1022 1916 1083 νῖκος

338 1110 435 1164 καὶ
464 1109 525 1163 τὸ
547 1110 789 1181 κέντρον,
814 1109 908 1162 καὶ
929 1107 1029 1172 τὰς
1057 1108 1251 1172 ὠδῖνας
1274 1107 1367 1161 τοῦ
1396 1107 1626 1162 θανάτου
1644 1109 1712 1161 δι’
1750 1110 1915 1164 αὑτοῦ

336 1199 797 1272 καθαιρουμένας·
829 1199 968 1269 τάχα
1014 1198 1071 1253 δὲ
1100 1199 1309 1262 τούτοις
1346 1201 1457 1263 τοῖς
1503 1198 1773 1273 πυλωροῖς
1806 1201 1916 1254 τῶν

338 1292 522 1346 ἐνθάδε
547 1291 853 1364 λεγομένων
875 1290 1055 1344 πυλῶν
1080 1290 1173 1345 τοῦ
1190 1290 1420 1345 θανάτου
1443 1292 1549 1345 ὑπό
1569 1309 1730 1346 τινων
1753 1292 1914 1348 θείων

335 1385 615 1461 δυνάμεων
653 1384 872 1453 ἐλέγετο
910 1383 1053 1438 κατὰ
1091 1384 1182 1437 τὸν
1228 1383 1419 1455 καιρὸν
1456 1383 1551 1437 τοῦ
1584 1384 1789 1449 πάθους
1825 1387 1917 1440 καὶ⁵

336 1477 437 1548 τῆς
466 1477 546 1539 είς
589 1475 681 1529 τὸν
728 1474 900 1547 ᾊδην
938 1473 1031 1529 τοῦ
1067 1475 1317 1546 Σωτῆρος
1356 1473 1513 1547 ἡμῶν
1564 1475 1917 1541 καταϐάσεως

336 1566 418 1630 τὸ,
457 1583 476 1617 ι
517 1565 721 1636 ’Δρατε
773 1563 965 1636 πύλας,
1006 1566 1054 1618 οί
1096 1564 1374 1636 ἄρχοντες,
1405 1564 1558 1636 ὑμῶν
1601 1566 1693 1619 καὶ
1742 1565 1915 1637 ἐπάρ-

338 1654 488 1725 θητε,
523 1655 688 1710 πύλαι
718 1654 946 1719 αἱώνιοι,
977 1656 1071 1709 καὶ
1095 1655 1455 1709 εἰσελεύσεται
1479 1659 1507 1710 6
1541 1655 1793 1727 βασιλεὺς
1819 1658 1915 1729 τῆς

336 1747 521 1819 δόξης·
565 1768 584 1800 ι
620 1747 825 1801 αἱώνιοι
845 1748 901 1803 δὲ
921 1746 1165 1822 εἴρηνται
1195 1749 1380 1813 πύλαι,
1411 1749 1485 1813 ὡς
1526 1735 1911 1820 ὑπολαμϐάνω,

2019 570 2130 623 tur,
2176 558 2503 630 penetravit.
2550 558 2609 614 1n
2639 561 2959 618 novissimis
2998 577 3215 633 quoque
3270 562 3452 631 abyssi
3500 561 3596 615 de-

2020 650 2341 715 ambulavit,
2388 651 2477 706 cui
2535 652 2636 706 soli
2690 664 2889 723 apertae
2952 661 3081 710 sunt
3129 662 3301 724 porta:
3355 653 3593 717 mortis;

2021 740 2177 798 nefas
2203 744 2404 813 quippe
2440 750 2558 798 erat
2592 758 2716 798 eum
2756 760 2787 798 a
2834 755 3011 801 morte
3044 745 3284 810 devinci,
3313 760 3475 815 quem
3511 747 3598 799 in-

2023 834 2160 889 ferni
2196 834 2409 890 ostiarii
2434 835 2684 891 videntes
2719 838 3137 906 pertimuerunt,
3172 835 3456 890 victoriam
3489 835 3599 889 sci-

1994 927 2171 991 -licet,
2202 935 2255 982 et
2288 926 2593 992 stimulum,
2628 935 2683 983 et
2717 928 2935 983 vincula
2967 929 3161 984 mortis
3195 930 3264 984 ab
3290 944 3356 984 eo
3387 929 3597 983 sublata

2022 1034 2149 1072 cum
2182 1019 2623 1089 conspexissent.
2657 1019 2755 1076 His
2784 1030 2963 1076 autem
3001 1022 3245 1077 ostiariis
3276 1019 3475 1075 inferni
3509 1020 3591 1090 ja-

2023 1124 2255 1164 nuarum
2285 1124 2317 1162 a
2365 1110 2692 1180 quibusdam
2736 1111 2939 1168 divinis
2980 1112 3341 1184 potestatibus
3392 1111 3599 1167 dictum

2023 1210 2108 1257 est
2140 1209 2387 1272 tempore
2420 1203 2693 1274 passionis
2723 1212 2777 1258 et
2805 1203 3114 1259 Salvatoris
3147 1204 3320 1259 nostri
3363 1203 3430 1258 ad
3461 1202 3600 1257 infe-

2025 1306 2117 1347 ros
2145 1292 2475 1349 descensus:
2505 1312 2525 1345 ι
2558 1293 2805 1350 Attollite
2829 1302 3038 1365 portas.
3062 1294 3362 1366 principes,
3388 1304 3600 1349 vestras

2022 1393 2076 1439 et
2100 1385 2413 1451 elevamini,
2450 1392 2621 1456 portae
2648 1385 2955 1454 teter-nales,
2983 1393 3037 1442 et
3065 1386 3313 1440 introibit
3342 1386 3453 1440 Rex
3483 1386 3601 1455 glo-

2024 1477 2118 1532 riae
2141 1477 2239 1533 ³⁷.»
2272 1475 2584 1534 Eternales
2611 1487 2781 1548 porta:
2815 1477 3094 1541 dicuntur,
3128 1486 3187 1532 ut
3215 1476 3432 1546 Opinor,
3469 1492 3602 1542 quo-

2024 1571 2170 1625 niam
2212 1570 2281 1625 ab
2307 1578 2513 1626 aeterno
2543 1570 2681 1624 nulli
2714 1585 2950 1641 unquam
2988 1576 3213 1640 patuere
3239 1568 3345 1622 nisi
3400 1567 3473 1621 illi
3506 1567 3599 1637 qui
3659 1563 3672 1577 ⁸

2024 1671 2198 1717 morte
2226 1663 2501 1734 quondam
2541 1664 2789 1719 sublatos
2819 1662 3074 1717 liberavit
3111 1668 3166 1715 et
3197 1659 3265 1714 ad
3308 1660 3474 1714 vitam
3510 1675 3599 1713 re-

2025 1754 2277 1820 vocavit;
2331 1753 2398 1810 de
2429 1770 2539 1825 quo
2587 1754 2674 1809 hic
2722 1752 2967 1809 dicitur:
3014 1771 3032 1803 ι
3073 1751 3285 1821 Λιιρτιω
3331 1758 3460 1807 sunt
3503 1750 3597 1804 tibi

334 1840 423 1895 διὰ
450 1841 512 1895 τὸ
539 1840 598 1908 ἐξ
618 1840 811 1905 αίῶνος
846 1841 1036 1913 μηδενὶ
1073 1841 1217 1913 άλλῳ
1250 1840 1420 1905 αύτὰς
1453 1841 1698 1895 ἀνεῖσθαι
1730 1842 1763 1914 ἦ
1801 1843 1918 1896 τού-

2025 1860 2149 1899 CIIII
2179 1846 2376 1901 timore
2403 1853 2571 1916 portae
2598 1847 2811 1910 mortis,
2844 1852 2899 1900 et
2932 1844 3131 1898 inferni
3170 1843 3380 1898 ostiarii
3405 1842 3598 1896 viden-

335 1948 413 2003 τῳ
441 1932 587 2003 μόνῳ
616 1930 696 2003 τῷ
724 1932 818 1986 καὶ
844 1931 971 1995 τοὺς
1002 1931 1169 1986 πάλαι
1210 1932 1341 1985 ποτε
1377 1930 1785 1996 καταποθέντας
1814 1931 1919 1985 ὑπὸ

333 2024 429 2078 τοῦ
470 2023 699 2078 θανάτου
741 2024 1030 2097 ῥυσαμένῳ
1062 2025 1155 2078 καὶ
1207 2022 1632 2095 ζωοποιήειάντι⁸
1680 2025 1810 2096 περὶ
1859 2017 1919 2077 οὗ

336 2115 520 2172 ὶνθάδε
550 2116 648 2188 μὲν
675 2117 888 2189 εἴρηται
920 2117 999 2181 τὸ,
1023 2136 1041 2168 ι
1082 2117 1412 2186 Ἀνοίγονται
1443 2116 1500 2169 δέ
1538 2134 1618 2172 σοι
1645 2116 1793 2187 φόϐῳ
1821 2117 1921 2171 πύ·

334 2207 423 2261 λαι
455 2207 707 2275 θανάτου,
730 2207 968 2282 πυλωροὶ
992 2208 1047 2262 δὲ
1080 2206 1243 2279 ’ᾍδου
1300 2207 1499 2272 ἰδόντες
1521 2225 1579 2261 σε
1606 2207 1862 2280 ἔπτηξαν·
1897 2228 1914 2259 ι

292 2298 295 2309 ’
335 2302 393 2354 ἐν
420 2300 478 2355 δὲ
504 2299 581 2373 τῷ
614 2299 704 2372 pg’
724 2299 924 2372 ψαλμῷ
944 2300 1023 2365 τὸ,
1060 2319 1078 2351 ι
1120 2300 1245 2353 Ὀτι
1267 2300 1552 2373 συνέτριψε
1588 2300 1761 2365 πύλας
1789 2301 1918 2371 χαλ-

336 2394 459 2457 κᾶς,
502 2412 522 2447 ›
556 2392 656 2446 οὐκ
680 2393 845 2457 ἄλλας
884 2392 1070 2458 οὔσας,
1110 2395 1185 2460 ὡς
1217 2391 1391 2465 οἶμαι,
1435 2395 1469 2466 ἢ
1504 2393 1603 2459 τὰς
1632 2414 1650 2446 ι
1688 2395 1783 2448 τοῦ
1820 2395 1919 2450 θα-

335 2487 519 2551 νάτου,
548 2485 644 2540 καὶ
693 2485 921 2557 μοχλοὺς
954 2486 1208 2558 σιδηροῦς
1242 2487 1580 2560 συνέτριψεν,
1627 2508 1645 2538 ι
1676 2488 1832 2560 δῆλον
1872 2490 1918 2543 δ’

334 2580 416 2632 ὅτι
453 2580 579 2643 τοὺς
621 2578 729 2631 τῶν
758 2578 1171 2651 προειρημένων
1213 2579 1415 2634 πυλῶν.
1458 2579 1645 2635 Ταῦτα
1686 2581 1784 2652 μὲν
1825 2577 1919 2635 οὖν

335 2674 466 2742 ἡμῖν
494 2671 570 2733 ὡς
595 2670 662 2724 ἂν
689 2670 876 2742 μηδενὶ
901 2671 1073 2742 ἑτέρῳ
1102 2669 1232 2742 ῆτῷ
1259 2672 1478 2744 Χριστῷ
1509 2671 1817 2744 ἁρμόζοντα
1839 2675 1917 2740 εἰς

333 2762 497 2816 αὑτὸν
522 2761 833 2833 ὲξείληπται
856 2779 871 2793 ο
897 2762 1058 2826 αύτος
1080 2762 1190 2834 γάρ
1220 2763 1366 2817 ἐστιν
1400 2757 1445 2829 ᾧ
1474 2765 1650 2818 πᾶσαν
1679 2763 1776 2836 τὴν
1791 2766 1919 2836 κρί-

334 2870 420 2908 σιν
466 2853 664 2907 ἔδωκεν
691 2855 720 2906 6
752 2854 961 2925 Πατὴρ,
997 2852 1136 2907 ὥστε
1170 2854 1331 2907 αὑτὸν
1375 2857 1628 2927 ἀφαιρεῖν
1671 2856 1769 2927 μὲν
1811 2857 1919 2910 άπὸ

330 2945 546 2999 ἀσεϐῶν
576 2947 638 2999 τὸ
684 2944 817 3016 φῶς,
861 2944 1150 3017 βραχίονας
1187 2945 1243 2999 δὲ
1287 2947 1648 3018 ὑπερηφάνων
1698 2949 1914 3020 συντρί-

335 3038 451 3091 ϐειν
470 3055 485 3068 ο
510 3039 557 3090 εί
584 3036 641 3090 δέ
671 3054 754 3101 τις
782 3038 909 3106 περὶ
934 3034 1031 3090 τοῦ
1052 3036 1159 3089 τῶν
1185 3036 1323 3091 ὅλων
1347 3035 1481 3089 Θεοῦ
1512 3036 1718 3108 οἰηθείη
1742 3036 1916 3091 ταῦτα

333 3128 606 3196 λέγεσθαι,
628 3126 977 3197 ἐπιστησάτω
995 3127 1042 3178 εί
1071 3125 1291 3189 εὐσεϐές
1314 3125 1461 3177 ἐστιν
1490 3125 1581 3179 τὸν
1614 3126 1911 3194 φάσκοντα,

2025 1947 2106 1993 tes
2139 1944 2191 1993 te
2218 1940 2641 2010 pertimuerunt.
2692 1958 2710 1990 ι
2738 1936 2804 1993 Et
2844 1937 2899 1991 in
2934 1937 3235 1993 centesimo
3265 1946 3421 1990 sexto
3455 1937 3604 2005 psal-

2025 2044 2149 2084 mo:
2192 2048 2209 2079 ι
2251 2029 2527 2084 Contrivit
2560 2037 2746 2101 portas
2792 2043 2962 2084 aereas
2988 2029 3055 2090 ³³,
3095 2047 3113 2079 ι
3148 2027 3338 2081 mortis
3372 2027 3602 2087 scitius,

2022 2128 2082 2173 ut
2108 2120 2241 2174 mihi
2275 2120 2510 2185 videtur,
2543 2140 2560 2171 ι
2589 2129 2643 2176 et
2677 2128 2858 2175 vectes
2894 2120 3100 2175 ferreos
3136 2117 3421 2187 confregit,
3459 2135 3479 2168 ι
3508 2117 3604 2171 ba-

2024 2227 2142 2265 rum
2182 2227 2378 2282 nempe
2406 2220 2708 2283 portarum.
2746 2211 2877 2278 Quae
2910 2210 3129 2282 quidem
3164 2209 3325 2265 nobis
3352 2210 3421 2264 de
3452 2209 3605 2263 null)

2023 2299 2151 2366 alio,
2199 2300 2304 2355 nisi
2364 2302 2430 2356 de
2490 2299 2713 2356 Christo
2742 2300 3093 2372 intelligenda
3152 2300 3430 2355 videntur.
3486 2296 3605 2369 Ipse

2021 2392 2165 2446 enim
2201 2400 2305 2459 est,
2336 2393 2427 2446 cui
2470 2407 2633 2448 omne
2663 2389 2935 2461 judicium
2974 2391 3124 2447 dedit
3148 2390 3336 2455 Pater,
3377 2388 3447 2443 ad
3502 2405 3602 2443 au-

2023 2482 2301 2538 ferendam
2338 2484 2406 2538 ab
2438 2484 2621 2555 impiis
2654 2485 2851 2549 lucem,
2874 2493 2936 2538 'et
2985 2482 3213 2539 brachia
3261 2482 3603 2538 excelsorum

2022 2576 2440 2647 confringenda.
2479 2576 2611 2644 Qua:
2640 2578 2685 2633 si
2724 2578 2848 2649 quis
2886 2576 3226 2633 existimaret
3254 2576 3321 2630 de
3361 2576 3603 2631 omnium

2024 2668 2136 2725 Deo
2162 2668 2294 2736 diei,
2324 2678 2541 2740 reputet
2576 2686 2643 2724 an
2670 2672 2819 2741 pium
2848 2678 2994 2726 esset
3024 2670 3178 2735 illud,
3222 2689 3239 2720 ι
3263 2656 3381 2724 Non
3403 2669 3601 2724 cmluin

2022 2770 2076 2815 et
2128 2770 2332 2815 terram
2383 2776 2485 2832 ego
2540 2763 2749 2832 repleo,
2811 2761 2941 2816 dicit
2996 2761 3258 2818 Dominus
3287 2761 3355 2828 ³⁹,
3388 2781 3405 2813 ι
3444 2761 3604 2828 cujus

2027 2872 2045 2904 ι
2074 2855 2273 2909 emtum
2314 2855 2567 2919 thronus,
2605 2856 3166 2926 terraquescabellum
3199 2855 3393 2926 pedum
3410 2855 3453 2886 ‘°
3483 2874 3501 2907 ο
3537 2856 3605 2906 ab

2023 2946 2115 3000 illo
2147 2946 2256 3001 Deo
2302 2945 2410 3002 dici
2461 2948 2553 3017 qui
2592 2947 2776 3003 omnia
2822 2948 3219 3017 complectitur,
3256 2948 3341 3004 vel
3384 2948 3601 3018 opinari

2021 3053 2144 3091 eum
2193 3054 2358 3107 super
2405 3053 2556 3095 mare
2606 3039 2998 3095 ambulavisse.
3047 3038 3257 3106 Quidve
3309 3039 3511 3093 mirum
3546 3048 3603 3096 et

2024 3128 2269 3184 increata
2328 3137 2526 3184 natura
2580 3130 2840 3201 dignum,
2891 3130 3048 3202 quasi
3101 3130 3333 3187 sublime
3385 3129 3603 3187 facinus

341 3239 359 3271 ι
386 3221 518 3291 Οὐχὶ
539 3219 627 3273 τὸν
641 3218 868 3289 οὐρανὸν
896 3219 990 3272 καὶ
1009 3217 1105 3288 τὴν
1135 3218 1238 3289 γῆν
1268 3215 1378 3286 ἐγὼ
1402 3215 1620 3287 πληρῶ,
1640 3216 1789 3286 λέγει
1807 3217 1918 3269 Κύ-

2028 3221 2211 3275 dicere
2237 3222 2479 3290 patuisse
2507 3223 2556 3277 ei
2588 3222 2780 3278 mortis
2820 3223 3056 3293 portas?
3096 3221 3353 3294 Nunquid
3382 3223 3604 3280 deceret

331 3329 473 3385 ριος,
510 3331 528 3362 ι
557 3305 618 3366 οὗ
652 3330 669 3361 ι
705 3312 735 3363 6
758 3309 985 3381 ούρανὸς
1008 3308 1213 3379 θρόνος,
1250 3309 1284 3377 ἡ
1316 3307 1372 3360 δὲ
1403 3306 1473 3378 γῆ
1496 3306 1784 3360 ὑποπόδιον
1806 3306 1914 3360 τῶν

334 3403 531 3468 ποδῶν,
576 3422 595 3455 ι
625 3403 714 3457 τὸν
760 3402 1154 3475 ἐμπεριέχοντα
1200 3400 1270 3453 τά
1319 3401 1495 3453 πάντα
1545 3399 1679 3452 Θεὸν
1730 3399 1917 3453 τοῦτον

336 3498 586 3567 φάσκειν,
613 3496 648 3568 ἢ
679 3496 783 3549 κᾶν
807 3496 1005 3550 ἐννοεῖν
1028 3495 1086 3547 ὲν
1116 3492 1283 3563 ἴχνεσι
1312 3491 1587 3563 θαλάσσης
1613 3508 1920 3563 περιπεπα-

334 3591 593 3664 τηκέναι·
625 3590 678 3643 τί
722 3590 780 3643 δὲ
811 3590 905 3643 καὶ
946 3586 1277 3658 θαυμαστὸν,
1312 3585 1345 3656 ἢ
1394 3584 1541 3649 ἄξιον
1572 3586 1671 3655 τῆς
1722 3585 1920 3655 ἀγενή-

332 3703 429 3739 του
464 3683 697 3755 φύσεως,
732 3682 920 3754 ῶσπερ
957 3681 1100 3752 μέγα
1131 3696 1184 3732 τι
1214 3677 1443 3749 φάσκειν
1475 3675 1745 3747 ὴνεῷχθαι
1774 3676 1921 3748 αὐτῷ

333 3777 436 3841 τὰς
460 3775 556 3829 τοῦ
600 3775 830 3830 θανάτου
873 3772 1077 3836 πύλας;
1122 3766 1231 3842 ἆρα
1263 3768 1321 3822 δὲ
1364 3767 1565 3840 πρέποι
1610 3767 1676 3821 ἂν
1700 3767 1777 3839 τῷ
1811 3768 1919 3821 τῶν

336 3868 472 3921 ὅλων
499 3866 618 3937 Θεῷ
643 3867 718 3930 ὡς
750 3865 894 3938 μέγα
922 3882 972 3918 τι
1000 3862 1094 3916 καὶ
1129 3859 1429 3933 παράδοξον
1464 3859 1591 3925 περὶ
1622 3859 1814 3913 ἑαυτοῦ
1837 3859 1917 3912 δι-

336 3957 653 4030 εξέρχεσθαι
677 3958 740 4010 τὺ
754 3956 881 4019 τοὺς
908 3955 1194 4026 πυλωροὺς
1213 3954 1306 4009 τοῦ
1324 3954 1492 4006 ’Ἃδου
1523 3951 1729 4014 ἰδόντας
1755 3950 1915 4003 αὑτὸν

2025 3313 2272 3367 omnium
2307 3312 2500 3377 Deum,
2533 3314 2692 3384 quasi
2724 3330 2980 3385 magnum
3012 3315 3285 3385 quoddam
3316 3322 3481 3387 atque
3513 3316 3601 3369 vix

2025 3403 2358 3459 credendum
2402 3404 2470 3459 de
2510 3421 2568 3460 se
2603 3404 2723 3475 ipso
2762 3405 3059 3474 praedicare
3110 3403 3311 3459 inferni
3346 3405 3603 3459 ostiarios

2026 3496 2147 3566 ipso
2181 3497 2297 3552 viso
2336 3497 2740 3552 contremuisse
2768 3498 2791 3550 ?
2820 3496 3082 3566 Equidem
3115 3511 3224 3550 non
3262 3495 3460 3566 opinor
3489 3497 3603 3551 haec

2028 3587 2096 3640 de
2128 3602 2194 3642 eo
2222 3586 2354 3652 dici,
2389 3588 2485 3643 sed
2516 3588 2604 3657 pie
2630 3602 2694 3641 ac
2719 3588 2770 3640 vi
2801 3588 2950 3641 nulla
2968 3588 3222 3658 adoptari
3245 3597 3476 3658 possunt
3508 3587 3603 3642 Dei

2033 3673 2231 3742 Verbo,
2268 3675 2539 3731 Salvatori
2572 3674 2915 3745 Dominoque
2962 3685 3153 3731 nostro
3193 3675 3325 3732 Jesu
3361 3675 3602 3739 Christo,

2027 3768 2121 3837 qui
2155 3768 2318 3821 homo
2366 3767 2542 3822 factus
2587 3777 2692 3831 est,
2728 3776 2961 3822 mortem
3009 3767 3153 3831 tulit,
3194 3770 3544 3838 surrexitque
3575 3786 3603 3821 a

2026 3862 2258 3915 mortuis
2319 3858 2501 3913 divina
2570 3868 2844 3929 potestate
2876 3898 2892 3923 ,
2956 3868 3290 3929 acceptaque
3354 3875 3382 3913 ει
3446 3859 3604 3915 Patre

2023 3952 2249 4008 virtute.

338 4049 668 4121 ἐπτηκέναι;
708 4047 846 4101 Ἀλλ’
875 4046 1019 4119 (οὐκ)
1048 4042 1201 4119 οἶμαι
1256 4045 1428 4100 ταῦτα
1456 4045 1587 4117 περὶ
1620 4042 1786 4097 αὑτοῦ
1847 4043 2124 4114 λέγεσθαι,
2156 4044 2378 4099 δύναταί
2410 4062 2473 4113 γε
2545 4044 2653 4116 μὴν
2688 4043 3020 4115 ἐφαρμόζειν
3053 4043 3289 4108 εὐσεϐῶς
3314 4044 3406 4097 καὶ
3443 4043 3602 4100 ἀϐιά-

339 4159 479 4206 στως
501 4140 594 4193 ἐπὶ
620 4141 711 4194 τὸν
756 4139 851 4195 τοῦ
880 4139 1016 4194 Θεοῦ
1050 4139 1242 4207 Λόγον,
1275 4139 1366 4193 τὸν
1406 4139 1635 4209 Σωτῆρα
1683 4137 1776 4189 καὶ
1807 4135 2011 4209 Κύριον
2032 4136 2191 4209 ἡμῶν
2225 4135 2433 4208 Ἰησοῦν
2495 4136 2749 4209 Χριστὸν,
2800 4135 2892 4190 τὸν
2940 4135 3456 4208 ένανθρωπήσαντα,
3510 4139 3604 4190 καὶ

339 4234 566 4290 θάνατον
602 4236 989 4308 ὑπομείναντα,
1021 4234 1328 4289 ἀναστάντα
1361 4250 1419 4287 τε
1453 4234 1517 4286 ὲκ
1550 4231 1756 4302 νεκρῶν
1785 4231 1921 4302 μετά
1961 4232 2110 4298 θείας
2137 4233 2416 4305 δυνάμεως
2446 4233 2539 4287 καὶ
2580 4230 2681 4303 τῆς
2708 4230 2953 4301 δοθείσης
2982 4229 3129 4302 αύτῷ
3171 4227 3321 4300 παρά
3356 4227 3449 4280 τοῦ
3498 4227 3605 4278 Ila-

336 4328 466 4401 τρδς
494 4327 759 4393 ἐξουσίας.

881 4443 1273 4497 ΚΕΦΛΛΔΙΟΝ
1300 4443 1375 4494 6'.

984 4558 1095 4613 Τοῦ
1137 4559 1281 4614 Ἰὼϐ.

412 4670 581 4725 Πάλιν
614 4673 643 4726 δ
673 4669 877 4744 Κύριος
907 4674 963 4725 ὲν
1001 4670 1080 4742 τῷ
1113 4670 1249 4742 πρὸς
1275 4670 1368 4723 τὸν
1408 4668 1525 4723 ’1ὼὸ
1556 4668 1925 4739 χρηματισμῷ

334 4763 406 4835 (1⁵.
427 4762 519 4834 29)
555 4763 683 4836 περὶ
716 4762 811 4817 τοῦ
841 4763 1132 4835 δράκοντος
1178 4763 1556 4833 διαλεγόμενός
1583 4776 1766 4832 φησιν,
1796 4779 1814 4810 ι
1850 4760 1923 4813 Ού

342 4854 609 4920 δέδοικας,
638 4857 720 4910 ὅτι
757 4855 1080 4928 ἡτοίμασται
1115 4872 1238 4927 μοις
1278 4876 1294 4907 ι
1329 4856 1492 4925 φησὶν
1534 4854 1614 4907 ὃτι
1651 4855 1680 4906 6
1713 4852 1927 4924 δράκων

341 4947 445 4999 οὐκ
470 4945 627 5010 ἄλλος
661 4946 736 5001 ὢν
759 4946 853 4999 τοῦ
885 4946 1153 5000 διαϐόλου.
1170 4947 1312 5018 Ὅρα
1326 4942 1418 4998 οὖν
1443 4947 1491 4997 εί
1508 4944 1655 5011 ἄξιον
1679 4945 1923 5015 ύπολαμυ

344 5040 529 5094 ϐάνειν
551 5039 642 5093 τὸν
657 5040 765 5095 τῶν
788 5041 925 5094 ὅλων
950 5040 1083 5093 Θεὸν
1102 5040 1257 5093 τοῦτο
1283 5040 1533 5109 φάσκεινο
1550 5036 1833 5111 ἁρμόζοιδ⁸
1857 5037 1922 5091 ἂν

346 5131 549 5203 μᾶλλον
585 5132 662 5205 τῷ
694 5132 884 5205 Κυρίῳ
917 5132 1012 5186 καὶ
1043 5132 1254 5202 Σωτῆρι
1297 5130 1476 5201 ἡμῶν,
1509 5125 1554 5199 ᾧ
1599 5130 1742 5201 μόνῳ
1778 5128 1925 5200 ⁴ἡτοί-

347 5241 552 5295 μασται
577 5227 606 5279 ό
635 5225 738 5279 ύπὺ
768 5225 994 5297 μηδενὸς
1026 5225 1211 5296 ἑτέρου
1233 5222 1493 5294 νικηθεὶς,
1519 5218 1700 5293 σχεδὸν
1725 5220 1781 5274 δὲ
1814 5219 1923 5273 τῶν

347 5317 564 5371 πάντων
616 5315 985 5388 ύπερισχύσας
1020 5314 1281 5378 διάϐολος,
1324 5316 1506 5368 ὅντινα
1560 5312 1718 5383 μόνος
1763 5310 1926 5383 αὐτὸς

344 5410 377 5463 6
408 5408 624 5477 πάντων
682 5408 1024 5480 ἰσχυρότερος
1062 5406 1155 5460 τοῦ
1189 5405 1324 5459 Θεοῦ
1378 5406 1547 5474 Λόγος
1594 5401 1927 5475 ἐχειρώσατο

349 5500 492 5555 κατὰ
524 5501 604 5566 τὸ,
638 5520 657 5551 ι
705 5502 763 5555 Ὀ
798 5500 1003 5572 μέλλων
1030 5499 1091 5553 τὸ
1127 5498 1267 5571 μέγα
1300 5497 1464 5568 κῆτος
1488 5492 1875 5567 χειρώσασθαι⁸
1903 5513 1921 5544 ι

347 5592 378 5647 δ
412 5594 507 5647 καὶ
542 5594 942 5665 χειρωσάμενος
996 5590 1216 5662 θαρσεῖν
1262 5592 1375 5653 τοῖς
1415 5586 1608 5643 ἑαυτοῦ
1660 5585 1928 5657 μαθηταῖς

1051 5750 1093 5783 ³⁸
1129 5748 1275 5804 Psal.
1312 5761 1396 5803 cvi
1420 5787 1435 5813 ,
1470 5746 1555 5801 16.

1668 5746 1711 5779 ³⁸
1751 5741 1861 5799 Jer.
1898 5753 2069 5805 χχιιι,
2098 5735 2190 5791 24.

2649 4430 2878 4487 CAPUT
2922 4430 3008 4485 IX.

2710 4544 2761 4600 Ε
2801 4543 2924 4599 Job.

2095 4663 2333 4720 Rursum
2360 4660 2626 4716 Dominus
2672 4661 2726 4715 in
2758 4674 2857 4717 sua
2899 4657 2967 4713 ad
3008 4655 3111 4713 Job
3152 4657 3491 4728 apparitione
3532 4660 3600 4715 de

2025 4759 2261 4813 dracone
2300 4755 2605 4810 collocutus
2634 4752 2775 4809 dixit
2808 4767 2822 4803 ε
2861 4769 2880 4801 ι
2915 4748 3107 4805 Nonne
3137 4749 3297 4803 times
3326 4750 3471 4820 quod
3502 4766 3593 4820 pa-

2027 4858 2206 4904 ratum
2226 4856 2309 4904 est
2332 4846 2464 4901 mihi
2483 4844 2528 4878 “
2551 4845 2577 4898 ?
2607 4864 2627 4899 ι
2653 4843 2948 4900 ostendens
2972 4843 3263 4898 draconem
3285 4858 3394 4896 non
3432 4842 3597 4896 alium

2021 4959 2144 5001 esse
2172 4958 2235 4998 ac
2261 4930 2562 4998 diabolum:
2595 4938 2733 4995 Vide
2763 4938 2927 5009 igitur
2955 4954 3025 4993 an
3056 4937 3279 5008 dignum
3304 4944 3451 4991 esset
3481 4935 3600 4989 exi-

2023 5037 2248 5091 stimare
2301 5035 2546 5089 omnium
2579 5032 2750 5088 Deum
2782 5031 2888 5085 hoc
2918 5029 3134 5096 dicere;
3163 5027 3362 5083 melius
3395 5040 3596 5081 conve-

2024 5128 2169 5182 niret
2198 5125 2329 5181 illud
2363 5124 2595 5181 Domino
2621 5131 2676 5179 et
2707 5121 2976 5177 Salvatori
3006 5127 3218 5184 nostro,
3247 5118 3335 5174 cui
3362 5117 3465 5175 soli
3495 5134 3595 5190 pa-

2024 5225 2177 5271 ratus
2205 5223 2289 5271 est
2312 5215 2403 5271 ille
2446 5227 2606 5284 quem
2657 5224 2819 5266 nemo
2860 5222 3101 5279 unquam
3131 5206 3358 5272 vicerat,
3396 5203 3601 5276 quique

2026 5308 2271 5363 omnium
2292 5307 2409 5362 fere
2436 5303 2722 5360 exstiterat
2739 5301 2937 5365 victor,
2962 5299 3233 5364 diabolus,
3259 5313 3419 5367 quem
3446 5299 3599 5356 solus

2028 5401 2146 5473 ipse
2178 5400 2418 5455 omnium
2452 5394 2806 5471 fortissimus,
2841 5391 2937 5449 Dei
2971 5389 3206 5448 Verbum
3251 5390 3473 5456 devicit,
3510 5405 3598 5447 se-

2027 5494 2263 5547 cundum
2302 5488 2435 5543 illud
2483 5506 2498 5541 :
2567 5503 2587 5539 ι
2638 5484 2746 5552 Qui
2793 5497 3050 5558 magnum
3110 5491 3231 5540 cete
3282 5483 3597 5541 devictnrus

2028 5589 2115 5635 est
2141 5579 2207 5634 δ’.
2251 5597 2268 5631 ι
2296 5575 2416 5644 Quo
2452 5574 2596 5630 enim
2637 5574 2936 5639 substrata,
2978 5573 3278 5646 discipulos
3306 5588 3436 5630 suos
3465 5590 3595 5631 con-

2302 5732 2348 5765 “
2387 5730 2491 5789 lsa.
2528 5744 2654 5786 uri
2679 5773 2696 5800 ,
2730 5729 2782 5784 l.
2896 5729 2939 5762 δ’
2980 5726 3081 5785 Job
3114 5743 3225 5796 xu,
3261 5728 3314 5785 l.
3409 5729 3453 5759 δ’
3487 5724 3595 5784 Job
