4070 6464
528 318 670 376 H53

1235 313 1506 373 EUSEBII
1542 310 2018 370 CESARIENSlS
2059 307 2208 367 OPP.
2253 306 2436 362 PARS
2470 306 2553 361 Ill.
2599 337 2667 347 -—
2705 302 3119 361 EXEGETICA.

3664 302 3805 357 “38

526 437 697 494 ﬁdere
743 436 922 508 jubet,
944 426 1136 492 dicens
1174 456 1186 491 :
1227 456 1247 490 ι
1294 437 1585 508 Conﬁdite,
1639 453 1739 511 ego
1790 438 1899 494 vici
1945 451 2108 490 mun-

2223 430 2646 502 παρακελεύεται
2684 428 2877 497 λέγων,
2916 446 2935 479 ι
2964 427 3247 499 Θαρσεῖτε,
3283 424 3395 495 ἐγὼ
3421 427 3685 499 νενίκηκα
3714 428 3803 479 τὸν

528 532 661 588 dum
692 532 757 586 “.
797 553 815 585 ι

599 626 727 683 "me
774 634 907 685 sunt
956 628 1025 685 de
1069 628 1298 699 poeticis
1344 641 1466 698 quae
1518 625 1768 682 Psalmos
1803 630 2112 694 sequuntur

528 720 716 787 libris;
761 728 1014 792 superest
1041 732 1101 776 ut
1133 722 1188 776 in
1233 720 1583 792 propheticas
1622 718 1961 789 Scripturas.
2005 718 2113 787 pri-

528 828 789 885 tuumque
824 817 879 868 in
909 813 1200 869 duodecim
1229 812 1656 868 commentarios
1688 811 2035 884 colligamus.

1142 925 1375 982 CAPUT
1414 925 1482 980 X.

1166 1042 1252 1096 Ex
1290 1040 1443 1096 Osee.

605 1155 624 1188 ι
653 1135 841 1206 itaque
870 1151 970 1206 ego
999 1152 1119 1192 sum
1150 1136 1308 1206 quasi
1342 1135 1547 1206 pardus
1572 1134 1833 1205 Ephraim
1870 1139 1926 1190 et
1953 1131 2108 1204 quasi

527 1224 614 1281 leo
641 1225 823 1280 domui
856 1224 994 1279 Juda
1025 1225 1093 1279 δ’.
1132 1244 1151 1277 ι
1187 1224 1254 1278 Ει
1293 1226 1349 1279 in
1390 1225 1498 1279 alio
1542 1225 1667 1280 loco
1699 1225 1944 1295 ejusdem
1985 1238 2115 1293 pro—

528 1318 704 1389 phetae
736 1317 1002 1374 Dominus
1030 1317 1097 1372 de
1120 1333 1180 1374 se
1206 1316 1329 1388 ipso
1347 1316 1480 1372 dicit
1509 1334 1522 1371 ε
1552 1335 1570 1368 ι
1606 1315 1673 1370 Ει
1698 1332 1793 1373 ero
1814 1317 1958 1371 sicut
1980 1330 2113 1385 par-

527 1411 631 1466 dus
662 1413 727 1466 “.
762 1430 780 1463 ι
808 1409 1045 1466 Necesse
1070 1416 1155 1464 est
1183 1408 1350 1478 igitur
1377 1423 1501 1478 quae
1528 1408 1596 1465 de
1618 1408 1719 1463 hac
1751 1407 1865 1463 fera
1892 1414 2115 1461 narrata

529 1512 660 1559 sunt
686 1503 903 1568 videre;
945 1502 1293 1573 primumque
1340 1501 1456 1555 haec
1496 1502 1551 1555 in
1594 1499 1809 1572 Didymi
1865 1496 2113 1571 Pbysicis

529 1595 866 1650 invenimus.

596 1687 810 1743 Pardus
834 1686 1038 1741 animal
1077 1700 1185 1740 non
1218 1685 1396 1741 solum
1433 1691 1522 1740 est
1553 1682 1840 1753 pulchrum
1883 1697 2115 1753 corpore

2213 540 2437 578 κοσυον.
2471 542 2488 574 ι

2282 576 2467 668 Tunica
2496 613 2592 668 καὶ
2620 613 2688 667 τὰ
2716 614 2826 667 ἀπὸ
2854 615 2966 666 τῶν
3004 611 3141 683 μετὰ
3174 612 3301 676 τοὺς
3326 611 3576 683 ψαλμοὺς
3610 628 3802 682 ατιχη-

2216 707 2342 780 ρῶν·
2369 705 2545 758 λείπει
2587 703 2655 757 τά
2679 704 2787 757 ἀπὸ
2824 702 2933 756 τῶν
2971 701 3326 774 προφητικῶν
3353 701 3588 774 Γραφῶν
3619 701 3805 756 ἀναλέ-

2213 798 2426 864 ξασθαι,
2464 799 2557 851 καὶ
2588 796 2780 869 πρῶτά
2809 813 2873 866 γε
2902 796 2971 850 τά
2993 794 3234 850 ἁπὺντῶν
3267 794 3495 851 δώδεκα.

2744 909 3148 964 ΚΕΦΑΛἈΙΟΝ
3208 910 3267 962 I'.

2752 1021 2886 1076 Ἀπύ
2920 1019 3029 1075 τοῦ
3071 1018 3268 1087 Ὠσηὲ.

2292 1135 2312 1167 c
2348 1116 2494 1170 Διότι
2528 1113 2640 1184 ἐγώ
2667 1116 2783 1184 εἰμι
2817 1111 2893 1176 ὡς
2931 1108 3150 1181 πάνθηρ
3195 1098 3273 1180 τῷ
3314 1106 3574 1180 Ἐφραῒμ,
3606 1108 3704 1161 καὶ
3730 1108 3809 1170 ὡς

2214 1212 2350 1266 λέων
2378 1210 2457 1281 τῷ
2484 1208 2620 1280 οἴκῳ
2662 1206 2852 1261 Ἰούδα.
2894 1224 2912 1256 ι
2955 1204 3108 1258 Ἐπεὶ
3137 1204 3232 1258 καὶ
3260 1204 3318 1257 ὲν
3341 1187 3512 1273 έτέρῴ
3536 1201 3693 1270 τόπῳ
3712 1197 3810 1252 τοῦ

2216 1303 2381 1358 αὐτοῦ
2405 1302 2687 1375 προφήτου
2704 1300 2733 1351 ὁ
2758 1296 2963 1367 Κύριος
2992 1295 3122 1365 περὶ
3137 1290 3331 1347 ἑαυτοῦ
3359 1308 3523 1363 φησιν
3542 1289 3624 1353 τὸ,
3656 1307 3675 1339 ι
3697 1288 3813 1342 Καὶ

2216 1396 2408 1466 ἔσομαι
2432 1394 2507 1457 ὡς
2538 1389 2775 1462 πάνθηρ,
2807 1408 2825 1441 ι
2858 1387 3153 1456 ἀναγκαῖον
3194 1385 3322 1438 ίδείν
3349 1383 3416 1436 τὰ
3449 1379 3811 1452 ἱστορούμενα

2218 1486 2300 1560 [ἃ]
2332 1486 2463 1559 περὶ
2490 1482 2583 1537 τοῦ
2615 1482 2776 1548 ζώου·
2800 1480 2895 1534 καὶ
2927 1479 2992 1551 δὴ
3018 1476 3126 1532 άπὸ
3143 1476 3237 1531 τοῦ
3269 1474 3487 1549 πρώτου
3517 1473 3629 1528 τῶν
3659 1471 3815 1525 Διδύ-

2221 1596 2322 1651 μου
2351 1574 2600 1629 Φυσικῶν
2628 1570 2801 1626 ταῦτα
2832 1569 3187 1642 παραθετέον.

2291 1668 2516 1739 Πάνθηρ
2542 1665 2603 1719 τὸ
2626 1663 2765 1729 ζῶον
2808 1663 2869 1715 οὐ
2914 1661 3074 1734 μόνον
3104 1660 3223 1714 ἐστὶ
3259 1657 3401 1714 κατὰ
3431 1658 3492 1710 τὸ
3532 1655 3695 1727 σῶμα
3720 1654 3814 1708 εὖ·

529 1780 767 1845 stellato,
794 1779 891 1835 sed
918 1787 1113 1833 natura
1144 1792 1311 1834 suave
1333 1776 1509 1841 olens,
1532 1775 1734 1831 Indicis
1768 1774 2112 1829 aromatibus

2224 1776 2449 1836 μορφον,
2485 1756 2738 1827 καθάπερ
2771 1753 3110 1826 ἀστερωπὸς,
3142 1752 3255 1806 ἀλλ’
3286 1750 3410 1804 ἐπεὶ
3439 1750 3686 1818 πέφυκεν
3718 1746 3813 1801 εὖ·

530 1873 801 1929 suavitate
830 1872 1107 1942 praecellit.
1139 1870 1197 1926 In
1220 1879 1401 1934 antro,
1434 1867 1544 1937 nisi
1578 1882 1702 1922 cum
1737 1864 1881 1922 fame
1908 1866 2111 1935 premi-

529 1977 641 2030 tur,
671 1971 857 2018 manet
898 1962 1258 2018 umbraticus.
1290 1959 1521 2027 Quando
1569 1968 1749 2013 autem
1787 1956 1982 2028 praedae
2026 1973 2116 2011 ue-

528 2056 789 2112 cessitate
811 2057 1105 2120 excitatur,
1135 2055 1288 2111 solus
1318 2060 1583 2123 pererrat.
1617 2051 1752 2106 Alia:
1782 2049 1928 2116 fera},
1958 2049 2112 2104 suavi

526 2150 777 2222 corporis
802 2150 923 2219 ejus
950 2148 1248 2219 fragrantia
1280 2155 1472 2216 captaa,
1501 2150 1695 2214 sponte
1722 2158 1846 2197 eum
1871 2158 2117 2212 sequun-

529 2248 641 2296 tur.
677 2239 775 2294 Hic
810 2254 940 2294 vero
974 2238 1214 2307 obliquis
1246 2236 1422 2290 oculis
1455 2243 1703 2305 paratam
1734 2233 1840 2289 sibi
1873 2234 2113 2304 praedam

529 2333 867 2404 Speculatur,
898 2339 1061 2400 atque
1094 2328 1354 2398 ingruens
1376 2325 1576 2382 aufert.

600 2592 728 2650 llaec
759 2592 979 2665 quidem
1004 2592 1071 2647 de
1102 2590 1266 2662 hujus
1296 2589 1424 2646 ferae
1456 2599 1676 2647 natura.
1706 2591 1992 2659 Quomodo
2021 2606 2115 2645 au-

531 2694 638 2739 tem
671 2684 739 2740 ad
778 2684 953 2739 divini
998 2682 1162 2739 Verbi
1214 2682 1496 2750 virtutem,
1549 2699 1885 2755 suavemque
1935 2682 2006 2738 ab
2051 2698 2117 2738 eo

529 2776 842 2832 exbalatum
892 2777 1114 2832 odorem
1143 2775 1258 2831 haec
1316 2773 1604 2830 referenda
1638 2776 1770 2839 sint,
1827 2774 2119 2832 ostendere

533 2886 681 2925 nunc
712 2870 999 2941 prolixius.
1038 2869 1153 2924 lloc
1199 2869 1571 2940 objiciendum
1604 2879 1751 2924 esset
1792 2867 1994 2924 Judzeis
2025 2869 2119 2939 qui

531 2961 769 3031 maligne
821 2974 885 3014 ac
924 2959 1191 3032 probrose
1219 2975 1249 3014 e
1294 2957 1465 3030 pardo
1516 2966 1710 3012 natum
1761 2974 1884 3014 esse
1929 2958 2121 3014 dicunt

535 3049 873 3107 Salvatorem
902 3050 1303 3123 Dominumque
1338 3059 1587 3107 nostrum
1605 3049 1793 3107 Iesum
1815 3050 2118 3108 Christum.

533 3144 692 3212 Quod
716 3152 863 3210 vero;
886 3145 933 3201 si
950 3146 1124 3217 magis
1141 3146 1372 3218 mystico
1387 3159 1552 3200 sensu
1576 3144 1906 3214 acciperent,
1925 3159 2034 3199 non
2053 3143 2121 3199 de

2218 1871 2381 1917 πνους
2407 1847 2735 1921 ὑπερϐάλλει
2764 1847 2858 1903 καὶ
2885 1844 2992 1899 τῶν
3030 1845 3162 1916 παρ’
3200 1842 3382 1905 Ἰνδοῖς
3412 1839 3724 1913 ἀρωμάτων
3755 1840 3815 1892 ἐν

2216 1941 2433 2012 εὐωδίᾳ*
2467 1932 2620 2004 οὗτος
2649 1937 2753 2002 ἓως
2781 1930 2842 1990 οὗ
2883 1936 2944 1990 ού
2969 1933 3301 2004 πεπείνηκεν
3331 1932 3391 1984 ἐν
3420 1931 3488 2000 τῇ
3516 1926 3815 1996 καταδύσει

2220 2032 2390 2104 μένει,
2438 2031 2607 2084 θέλων
2663 2029 2911 2099 οἰκουρός
2963 2043 3049 2090 τις
3088 2020 3248 2078 εἶναι·
3311 2020 3454 2076 ἐπὰν
3500 2020 3558 2074 δὲ
3602 2019 3816 2089 τροφῆς

2216 2122 2530 2193 ἐπιθυμήσῃ
2573 2116 2922 2191 μεταλαϐεῖν,
2962 2113 3240 2187 προελθὼν
3280 2112 3482 2184 βαδίζει
3523 2111 3708 2182 μόνον’
3742 2108 3816 2161 τὰ

2215 2214 2259 2266 δ’
2287 2212 2423 2267 ἄλλα
2454 2211 2619 2283 θηρία
2649 2208 2983 2279 ἁλισκόμενα
3005 2205 3110 2259 ὑπὸ
3133 2205 3231 2275 τῆς
3258 2203 3487 2265 εὐωδίας
3518 2198 3689 2254 αύτοῦ
3714 2199 3816 2268 τῆς

2218 2305 2347 2376 περὶ
2374 2303 2435 2357 τὸ
2474 2302 2631 2372 σῶμα
2661 2299 2945 2354 ἀκολουθεῖ
2966 2296 3277 2368 κηλούμενα
3296 2313 3307 2326 ·
3324 2297 3352 2348 ὁ
3373 2294 3429 2347 δὲ
3450 2293 3681 2361 πλάγιος
3702 2295 3815 2353 τοῖς

2219 2395 2518 2466 ὀφθαλμοῖς
2555 2393 2616 2446 τὸ
2649 2392 2952 2463 ἐπιτήδειον
2985 2388 3134 2461 αὐτῷ
3173 2387 3361 2460 θηρίον
3392 2386 3677 2458 αἱρεθῆναι
3714 2401 3815 2437 πε·

2220 2485 2463 2557 ριϐλέπει
2495 2485 2589 2537 καὶ
2617 2481 2965 2552 ἐπιπηδήσας
2996 2478 3131 2549 ἔχει.

2290 2576 2372 2629 T'z
2420 2576 2517 2647 μὲν
2561 2573 2626 2645 δή
2662 2573 2792 2645 περὶ
2832 2572 2933 2641 τῆς
2986 2569 3201 2640 φύσεως
3248 2567 3343 2621 τοῦ
3392 2566 3531 2632 ζώου
3562 2564 3812 2618 τοιαῦταο

2219 2669 2367 2731 ὅπως
2403 2666 2448 2720 δ’
2478 2664 2571 2720 ἐπὶ
2598 2664 2695 2736 τὴν
2726 2661 2819 2716 τοῦ
2856 2662 3000 2715 θείου
3030 2660 3207 2728 Λόγου
3238 2656 3467 2727 δύναμιν
3497 2655 3590 2708 καὶ
3622 2652 3723 2724 τὴν
3755 2652 3817 2717 ἐξ

2220 2761 2390 2832 αὐτῆς
2419 2758 2797 2813 ἀποπνέουσαν
2825 2754 3052 2809 εὐωδίαν
3079 2752 3252 2805 ταῦτα
3279 2750 3659 2821 μεταφέροιτο,
3704 2764 3813 2816 μα-

2222 2852 2354 2926 κρὸν
2398 2850 2464 2905 ἂν
2510 2848 2594 2921 εἴη
2645 2848 2740 2903 νῦν
2781 2845 3109 2919 διηγεῖσθαι.
3151 2841 3495 2916 Παραθετέον
3540 2839 3601 2892 τὸ
3651 2839 3817 2913 ῥητὸν

2198 2982 2201 2985 -
2222 2942 2358 3016 πρὸς
2378 2942 2503 3006 τοὺς
2534 2945 2597 2996 ἐκ
2620 2942 2921 3012 περιτομῆς
2937 2938 3080 2991 κατά
3100 2954 3220 2990 τινα
3239 2934 3305 3005 δὴ
3321 2930 3572 3003 διαϐολὴν
3588 2932 3679 2983 καὶ
3702 2930 3819 2982 ‘9'.-

2221 3035 2408 3109 δορίαν
2444 3035 2754 3104 φάσκοντας
2799 3034 2863 3086 ὲκ
2908 3030 3184 3103 πάνθηρος
3223 3025 3550 3096 γεγενῆσθαι
3581 3023 3676 3077 θεὲ-ι
3703 3024 3822 3077 Σω-

2222 3128 2366 3201 τῆρα
2404 3128 2500 3183 καὶ
2524 3126 2729 3199 Κύριον
2755 3124 2915 3197 ήμῶν
2963 3122 3168 3195 Ἰησοῦν
3201 3120 3454 3193 Χριστόψ
3491 3119 3519 3172 ὃ
3551 3118 3647 3172 καὶ
3674 3117 3819 3187 τάχα

532 3255 700 3295 sensu
750 3238 1110 3309 ambigerem,
1165 3253 1232 3293 eo
1284 3238 1429 3309 quod
1485 3252 1598 3293 non
1650 3244 1840 3307 aptum
1872 3237 2119 3292 videatur

2224 3222 2365 3276 κατὰ
2391 3236 2514 3273 τινα
2537 3218 2833 3290 παράδοσιν
2861 3214 3262 3287 μυστικώτερόν
3297 3229 3349 3266 τι
3380 3210 3647 3283 δηλοῦσαν
3678 3226 3821 3277 παρ-

536 3334 834 3407 prophetia:
854 3334 1057 3401 verbis,
1088 3335 1144 3389 in
1167 3349 1276 3404 qua
1305 3350 1365 3390 se
1394 3333 1574 3404 ipsum
1596 3331 1863 3387 Dominus
1887 3331 2118 3403 pardum

538 3428 808 3483 nominat.

1143 3603 1376 3660 CAPUT
1428 3603 1518 3662 XI.

1160 3738 1244 3793 Ex
1275 3740 1476 3795 eodem.

620 3873 637 3907 ι
673 3853 978 3926 Consurget
1012 3856 1280 3911 tumultus
1326 3855 1382 3910 in
1431 3856 1634 3927 populo
1665 3863 1799 3925 tuo;
1830 3863 1887 3913 et
1930 3872 2122 3913 omnes

536 3950 872 4005 munitiones
904 3957 1010 4005 ture
1038 3950 1432 4014 vastabuutur;
1470 3951 1615 4006 sicut
1664 3951 1919 4022 princeps
1962 3948 2125 4005 Sala-

536 4055 665 4095 mon
695 4057 727 4096 e
752 4040 915 4097 domo
938 4037 1253 4106 Jeroboam,
1279 4043 1334 4096 in
1373 4042 1460 4097 die
1489 4042 1685 4112 praelii,
1733 4051 1909 4097 matre
1955 4058 2123 4113 super

537 4132 680 4190 ﬁlios
709 4134 886 4195 allisa,
928 4134 1009 4189 sic
1040 4131 1212 4202 faciet
1242 4133 1395 4188 vobis
1425 4132 1623 4189 domus
1676 4134 1863 4198 lsrael,
1909 4150 1939 4188 a
1988 4134 2125 4188 facie

536 4226 758 4282 malitiae
789 4226 1157 4297 nequitiarum
1183 4233 1506 4291 vestrarum,
1537 4227 1665 4297 quia
1696 4243 1830 4296 puer
1855 4226 2045 4289 Israel,
2072 4234 2125 4279 et

537 4318 706 4373 dilexi
736 4333 862 4397 eum
892 4334 905 4369 :
940 4325 993 4373 et
1022 4332 1089 4373 ex
1115 4315 1351 4388 Egypto
1380 4317 1571 4371 vocavi
1612 4316 1754 4371 ﬁlios
1790 4316 1930 4385 ejus.
1971 4314 2125 4369 Sicut

537 4410 732 4466 vocavi
756 4426 872 4477 eos,
905 4410 986 4466 sic
1012 4411 1265 4466 abierunt
1314 4426 1346 4465 a
1396 4409 1534 4466 facie
1566 4424 1684 4464 mea
1715 4410 1780 4464 “.
1818 4427 1837 4460 ι
1892 4406 1998 4461 Pro
2038 4406 2124 4460 bis

538 4502 755 4558 verbis:
783 4518 804 4553 ι
837 4498 903 4554 Et
924 4515 990 4555 ex
1020 4497 1257 4571 Egypto
1285 4500 1474 4555 vocavi
1506 4498 1647 4554 ﬁlios
1667 4498 1809 4568 ejus,
1842 4515 1862 4548 ι
1890 4496 2122 4552 Hebrai-

2224 3311 2506 3383 ειληφότες
2554 3309 2655 3362 οὐκ
2699 3305 3045 3361 ὲπιὸάλλουσι
3094 3307 3161 3376 τῇ
3206 3303 3449 3373 διανοίᾳ,
3494 3300 3586 3353 διὰ
3628 3300 3692 3351 τὸ
3740 3297 3821 3369 νὴ

2225 3403 2511 3472 ἐφιστάναι
2539 3403 2607 3472 τῇ
2633 3398 2975 3473 προκειμένῃ
2999 3397 3099 3467 τῆς
3129 3394 3469 3467 προφητείας
3496 3393 3665 3457 λέξει,
3690 3392 3748 3444 ἐν
3784 3385 3816 3463 ᾖ

2225 3494 2388 3558 αὐτὸς
2411 3496 2441 3547 ὁ
2475 3491 2677 3563 Κύριος
2706 3491 2961 3562 πάνθηρα
2990 3487 3180 3541 ἑαυτὸν
3201 3486 3456 3557 ὀνομάζει

2737 3601 3132 3658 ΚΕΦΑΛΑΙΟΝ
3188 3600 3297 3654 IA'.

2767 3738 2899 3795 Ἀπὸ
2934 3738 3042 3793 τοῦ
3072 3737 3283 3792 αὐτοῦ.

2303 3879 2321 3911 ι
2357 3860 2466 3915 Καὶ
2506 3856 2932 3927 ἑξαναστήσεται
2968 3850 3216 3906 ἀπώλεια
3245 3851 3304 3903 ὲν
3334 3848 3410 3919 τῷ
3432 3842 3545 3917 λαῷ
3573 3863 3688 3908 σου,
3722 3845 3816 3899 καὶ

2227 3954 2406 4008 πάντα
2433 3950 2504 4004 τὰ
2532 3945 3043 4020 ¹τεεριτετειχισμένα
3070 3942 3204 3996 ναοῦ
3233 3957 3326 3994 σου
3350 3941 3651 4011 οἰχήσεται·
3687 3937 3765 3999 ὡς
3788 3937 3816 3991 5

2227 4047 2409 4118 ἄρχων
2434 4039 2703 4112 Σαλαμὼν
2723 4042 2789 4092 ἐκ
2814 4037 2911 4091 τοῦ
2944 4037 3092 4090 οἴκου
3126 4034 3220 4088 τοῦ
3260 4032 3563 4103 Ἱεροϐοὰμ,
3590 4032 3648 4083 ὲν
3677 4031 3814 4101 ήμὲ-

2229 4155 2350 4208 ραις
2396 4134 2631 4204 πολέμου
2679 4132 2892 4203 μητέρα
2938 4129 3031 4183 ἐπὶ
3070 4129 3283 4190 τέκνοις
3314 4124 3604 4196 ἡδάφισαν,
3644 4122 3819 4186 οὓτως

2228 4229 2542 4298 ποιήσουσιν
2595 4224 2724 4296 ὑμῖν
2760 4217 2905 4285 οἶκος
2948 4219 3043 4273 τοῦ
3108 4217 3327 4289 Ἰσραὴλ
3369 4215 3477 4270 ἀπὸ
3521 4213 3816 4286 προσώπου

2226 4318 2435 4374 κακιῶν
2463 4317 2635 4389 ὑμῶν.
2677 4316 2819 4370 Διότι
2864 4316 3057 4385 νήπιος
3110 4309 3345 4382 Ἰσραὴλ,
3390 4308 3485 4363 καὶ
3523 4305 3635 4376 ἐγὼ
3674 4306 3813 4374 ἠγά-

2228 4427 2378 4481 πησα
2416 4408 2598 4471 αὑτὸν,
2639 4409 2734 4461 καὶ
2773 4405 2833 4471 ἐξ
2868 4403 3148 4473 Αἰγύπτου
3193 4399 3529 4473 μετεκάλει-ια
3559 4397 3627 4451 τὰ
3650 4398 3823 4450 τέκνα

2228 4502 2414 4557 αὑτοῦ.
2451 4501 2654 4563 Καθὼς
2687 4497 3029 4570 μετεκάλεσα
3068 4494 3289 4557 αὐτοὺς,
3331 4491 3504 4555 οὕτως
3536 4488 3822 4561 άπιξιχοντο

539 4610 667 4652 cum
697 4603 924 4652 secutus
944 4569 1142 4666 Aquila
1170 4569 1467 4650 transtulit
1489 4611 1502 4647 :
1528 4612 1546 4645 ι
1570 4590 1649 4647 Ex
1666 4591 1903 4665 .‘Egypto
1931 4592 2119 4648 vocavi

2229 4596 2294 4649 ὲκ
2320 4591 2612 4665 προσώπου
2636 4569 2757 4663 μου.
2782 4608 2800 4641 ι
2822 4587 2969 4641 Ἀντὶ
2994 4585 3142 4652 τοῦ,‹
3166 4584 3259 4638 καὶ
3288 4580 3348 4648 ἐξ
3376 4581 3651 4651 Αἰγύπτου
3693 4598 3823 4652 μετ-

541 4687 714 4742 tilium
748 4701 949 4742 meum.
979 4706 998 4738 ι
1030 4683 1353 4741 Necessario
1385 4683 1520 4739 illud
1546 4683 1754 4739 dictum
1787 4683 2119 4747 notavimus,

541 4792 668 4833 cum
695 4776 915 4848 quidem
942 4773 1230 4831 Mattbreus
1256 4773 1326 4830 ad
1353 4775 1591 4830 litteram
1618 4772 1859 4829 ostendit
1883 4774 2123 4845 prophe-

540 4867 678 4923 tiam
717 4866 1134 4924 accuratissime
1190 4865 1469 4936 impletam
1521 4863 1695 4921 fuisse
1754 4880 1787 4921 a
1842 4863 2125 4922 Salvatore

541 4969 736 5020 nostro
767 4979 780 5016 :
805 4978 825 5014 ι
864 4960 1214 5033 Consurgens
1246 4950 1450 5032 Ioseph
1478 4959 1690 5030 accepit
1720 4957 1949 5015 Mariam
1978 4968 2033 5015 et
2066 4964 2124 5014 li-

544 5054 680 5133 lium
707 5053 850 5125 ejus,
871 5059 925 5110 et
941 5051 1157 5110 reduxit
1175 5068 1242 5109 ex
1261 5050 1496 5124 Egypto
1516 5053 1570 5107 in
1593 5061 1795 5107 terram
1816 5049 1988 5107 Israel
2008 5052 2073 5107 ⁸⁷.
2099 5071 2116 5102 ι

544 5143 684 5201 Vide
721 5144 887 5217 igitur
924 5158 1109 5200 annon
1157 5144 1460 5201 secundum
1498 5144 1755 5215 Aquilam
1796 5145 2069 5201 dicentem
2107 5163 2120 5199 :

550 5258 572 5293 ι
608 5238 764 5296 Mane
796 5238 1117 5311 pertransiit
1159 5253 1258 5294 rex
1298 5237 1488 5305 Israel,
1513 5239 1641 5309 quia
1676 5254 1815 5311 puer
1850 5238 2039 5303 Israel,
2071 5247 2124 5295 ct

545 5329 712 5387 dilexi
734 5345 881 5397 eum,
905 5340 959 5386 et
985 5344 1050 5409 ex
1079 5327 1314 5407 Egypto
1340 5330 1532 5385 vocavi
1583 5328 1780 5385 Filium
1849 5344 2051 5386 meum.
2102 5349 2119 5379 ι

547 5421 835 5479 Μειηίΐεειο
885 5423 1031 5479 enim
1079 5422 1392 5479 ostenditur
1446 5424 1600 5494 regni
1652 5422 1819 5479 Israel
1871 5421 2121 5493 rejectio,

546 5515 694 5588 quod
727 5531 853 5573 cum
874 5531 1050 5588 usque
1078 5517 1146 5572 ad
1180 5515 1483 5574 Salvatoris
1514 5517 1692 5573 nostri
1717 5514 2121 5573 manifestatio-

550 5625 675 5668 nem
706 5612 1118 5682 permansisset,
1142 5621 1272 5667 tunc
1296 5611 1643 5684 reprobatum
1663 5618 1746 5668 est
1766 5618 1819 5668 et
1842 5621 2143 5682 pertransy

2231 4686 2389 4740 εκάλε
2397 4702 2465 4739 σα
2479 4684 2545 4738 τὰ
2561 4683 2727 4736 τέκνα
2744 4678 2930 4743 αὑτοῦ,
2944 4699 2963 4731 ι
2976 4678 3266 4742 δουλεύσας
3282 4675 3357 4747 τῷ
3372 4675 3661 4748 Ἐὁραῖκῷ,
3690 4696 3707 4727 ι
3733 4675 3822 4741 Ἐξ

2231 4774 2506 4845 Αἰγύπτου
2532 4771 2869 4844 μετεκάλεσα
2883 4769 2972 4823 τὸν
2991 4769 3106 4821 υἱόν
3121 4785 3244 4840 μου,
3267 4786 3286 4819 ι
3309 4764 3571 4834 ἐξέδωκεν
3596 4765 3625 4817 ὁ
3660 4764 3821 4818 Ἀκύ-

2233 4868 2351 4931 λας.
2385 4863 2723 4933 Ἀναγκαίως
2746 4862 2803 4916 δὲ
2826 4861 2886 4914 τὸ
2910 4860 3070 4933 ῥητὸν
3092 4862 3190 4931 ὲση
3200 4854 3572 4931 μειωσάμεθα,
3603 4855 3827 4926 ἐπειδή-

2230 4980 2335 5034 περ
2351 4964 2380 5015 ὀ
2404 4959 2680 5022 Ματθαῖος
2703 4957 2847 5012 κατὰ
2873 4956 3018 5021 λέξιν
3049 4951 3325 5006 ἐκτίθεται
3354 4950 3452 5022 τὴν
3480 4950 3823 5023 προφητείαν

2233 5054 2435 5126 σφόδρα
2454 5052 2516 5124 (ς.
2534 5052 2605 5106 9.9
2626 5051 2700 5121 νο)
2725 5047 3202 5122 ἀπηκριϐωμένως
3229 5041 3619 5115 πεπληρῶσθαι
3642 5042 3824 5112 φήσας

2235 5144 2400 5216 αὐτὴν
2426 5144 2518 5197 ἐπὶ
2546 5142 2640 5195 τοῦ
2666 5141 2914 5210 Σωτῆρος
2937 5138 3112 5209 ήμῶνο
3144 5156 3162 5188 ι
3195 5131 3602 5207 Χρηματισθεὶς
3627 5132 3658 5183 ὁ
3704 5131 3822 5183 Ἰωο

2237 5238 2345 5313 σηφ
2378 5236 2654 5310 παρέλαϐε
2695 5235 2792 5306 τὴν
2829 5232 3065 5304 Μαριὰμ
3109 5231 3204 5285 καὶ
3246 5229 3334 5282 τὸν
3366 5228 3483 5281 υἱὸν
3506 5224 3697 5296 αὐτῆς·
3725 5225 3825 5277 καὶ

2231 5331 2573 5406 ὑπέστρεψεν
2623 5329 2683 5393 εξ
2729 5327 3005 5394 Αἰγύπτου
3059 5327 3138 5388 εἰς
3187 5323 3293 5393 γῆν
3348 5319 3564 5393 Ἰσραήλ
3616 5339 3638 5370 ι
3678 5318 3825 5388 Ὅρα

2230 5425 2362 5496 γοῦν
2408 5426 2457 5477 εἰ
2503 5422 2576 5494 μὴ
2611 5421 2705 5475 καὶ
2750 5418 2893 5473 κατὰ
2930 5416 3022 5470 τὸν
3081 5414 3313 5469 Ἀκύλαν
3346 5413 3615 5484 φήσαντα,
3669 5429 3689 5458 ι
3730 5409 3824 5461 Ἐν

2228 5517 2410 5589 ὄρθρῳ
2459 5513 2847 5583 κατεσιωπήθη
2902 5508 3157 5582 βασιλεὺς
3228 5505 3478 5579 Ἰσραήλ,
3541 5505 3622 5557 ὅτι
3689 5505 3823 5564 παῖς

2241 5606 2477 5679 Ἰσραὴλ,
2498 5607 2590 5660 καὶ
2619 5606 2882 5676 ἠγάπησα
2910 5602 3094 5667 αὐτὸν,
3126 5601 3223 5655 καὶ
3251 5600 3358 5655 ἀπὸ
3380 5597 3657 5668 Αἰγύπτου
3688 5596 3827 5650 ἐκά-

622 5795 670 5829 ⁸³
705 5791 864 5852 Joan.
898 5807 1022 5861 va,
1062 5792 1151 5848 '53.
1227 5791 1273 5825 “
1312 5791 1436 5848 Ose.
1472 5808 1525 5861 v,
1568 5792 1651 5849 l4.
1732 5789 1943 5848 ".Ose.
1977 5804 2113 5856 xm,

2282 5786 2326 5819 “
2365 5784 2491 5842 Ose.
2533 5800 2601 5850 ι,
2650 5782 2749 5850 ll,
2784 5781 2887 5851 l3;
2926 5798 3022 5852 xl,
3054 5780 3119 5849 1,
3172 5780 3231 5837 2.
3296 5778 3351 5837 ,⁸⁵⁷
3392 5775 3586 5833 Matth.
3622 5789 3683 5839 ll,
3721 5771 3826 5832 ﬁl.
