4096 6412
369 415 509 471 1157

1297 411 1303 418 ’
1391 411 1694 471 ECLOGE
1733 404 2220 470 PROPHETICE.
2254 445 2323 457 —-
2363 412 2494 469 LIB.
2535 412 2625 472 III.
2696 428 2699 433 '

3481 413 3629 471 1138

368 531 499 584 λεσα
526 529 616 583 τὸν
644 529 756 583 υἱόν
784 546 905 600 μου⁸
945 549 964 582 ι
1005 529 1189 600 σαφῶς
1210 530 1320 602 γάρ
1350 531 1605 601 δηλοῦται
1642 533 1676 603 ἡ
1709 532 1950 605 ἀποϐολὴ

2055 531 2147 600 iit;
2171 532 2244 587 ita
2267 539 2326 587 ut
2346 500 2655 587 diceretur:
2683 551 2701 583 ι
2726 530 2884 587 Mane
2918 533 3235 603 pertransiit
3261 540 3351 590 rex
3382 531 3571 590 Israel.
3599 554 3619 587 ο

368 619 469 689 τῆς
494 617 592 671 τοῦ
641 617 856 690 Ἰσραὴλ
885 617 1179 689 βασιλείας,
1214 621 1338 691 ῆτις
1369 621 1531 693 μέχρι
1574 623 1672 692 τῆς
1706 622 1803 675 τοῦ
1834 624 1949 676 Σω-

367 710 535 780 τῆρος
560 707 719 780 ἡμῶν
749 710 1070 781 ἐπιφανείας
1099 714 1341 765 συστᾶσα
1370 713 1429 779 ἐξ
1457 714 1626 785 αὐτῆς
1644 716 1948 785 ἀπερρίφη,

368 801 463 855 καὶ
489 800 896 873 κατεσιωπήθψ
926 803 1001 867 ὡς
1024 801 1115 857 διηά
1144 802 1305 857 τοῦτο
1325 805 1573 876 εἰρῆσθαι
1593 805 1673 868 τὸ,
1699 825 1717 856 ι
1742 807 1831 858 Ἐν
1857 806 1950 879 δρ-

372 893 486 964 θρῳ
509 894 897 965 κατεσιωπήθη
924 894 1174 965 βασιλεὺς
1199 896 1435 968 Ἰσραῆλθ
1460 916 1478 948 ι
1501 897 1697 969 ὄρθρον
1717 899 1815 969 τὴν
1832 900 1952 953 ἐπι-

373 988 600 1055 φάνειαν
628 986 722 1039 καὶ
752 988 851 1057 τὴν
878 988 999 1040 τότε
1030 988 1253 1060 πρώτην
1279 992 1359 1053 εἱς
1398 990 1604 1055 πάντας
1634 990 1953 1062 ἀνθρώπους

372 1078 633 1151 ἀνατολὴν
659 1078 753 1131 τοῦ
782 1078 927 1133 θείου
949 1080 1123 1148 Λόγου
1156 1081 1255 1152 τῆς
1295 1082 1954 1153 προφητείαςιόνομαζού-

373 1186 474 1240 σης
526 1188 545 1220 ι
588 1172 646 1222 ἐν
685 1168 886 1241 ὄρθρῳ*
937 1188 956 1221 ι
1014 1169 1235 1224 δύναται
1289 1172 1382 1224 καὶ
1429 1172 1559 1241 περὶ
1611 1170 1707 1224 τοῦ
1775 1170 1952 1243 ’11ρώ-

367 1259 459 1313 δου
518 1258 976 1330 προθεσπίζεσθαι
1028 1260 1119 1323 τὸ,
1174 1277 1191 1309 ι
1253 1260 1641 1332 κατεσιωπήθη
1698 1260 1951 1331 βασιλεὺς

383 1351 621 1422 Ἰσραήλ·
658 1369 677 1402 ι
723 1349 799 1414 ὡς
839 1349 927 1404 διά
967 1349 1060 1404 τὸν
1109 1351 1544 1423 παραλογισμδν,
1586 1352 1644 1405 ὃν
1683 1350 1951 1405 πέπονθεν

372 1443 478 1497 ὑπὸ
509 1443 616 1496 τῶν
645 1442 834 1515 μάγων
859 1444 951 1496 ἐπὶ
976 1445 1041 1515 τῇ
1071 1442 1165 1497 τοῦ
1194 1444 1446 1516 Σωτῆρος
1476 1444 1632 1516 ἡμῶν
1661 1444 1893 1512 γενέσει,
1916 1443 1951 1498 ἀ

368 1535 466 1588 καὶ
494 1534 841 1607 συμϐέϐηκεν
880 1534 969 1589 διὰ
1005 1536 1106 1607 τὴν
1136 1535 1232 1590 τοῦ
1274 1536 1490 1608 Πατρὸς
1526 1535 1657 1608 περὶ
1692 1536 1782 1589 τὸν
1821 1535 1950 1589 ἴδιον

370 1626 539 1680 παῖδα
556 1626 647 1679 τὸν
672 1625 876 1697 Κύριον
909 1625 1065 1696 ἡμῶν
1104 1626 1308 1699 Ἰησοῦν
1339 1627 1573 1700 Χριστὸν
1601 1626 1844 1698 ἀγάπην.
1874 1627 1950 1691 ὡς

369 1721 464 1774 καὶ
489 1722 547 1774 ἐν
567 1719 754 1781 ἄλλαις
770 1718 1130 1790 προφητείαις
1158 1720 1375 1792 Ἰσραὴλ
1400 1721 1495 1774 καὶ
1522 1719 1759 1775 ἐνταῦθα
1782 1737 1951 1791 προσ-

368 1810 783 1883 αγορευόμενον’
827 1810 889 1865 δν
928 1810 1070 1865 κατά
1094 1810 1284 1882 καιρὸν
1313 1812 1409 1882 μὲν
1436 1810 1826 1881 ᾡκονομήσατο
1854 1810 1947 1862 ἐπὶ

2058 624 2213 680 Mane
2242 623 2738 679 manifestationem
2769 624 3061 695 significat,
3094 626 3434 695 primamque
3453 625 3624 681 divini

2054 713 2220 769 Verbi
2249 713 2315 767 ad
2347 713 2601 769 homines
2658 714 3064 769 revelationem.
3096 712 3400 770 Possumus
3450 725 3503 770 et
3556 714 3627 771 de

2054 802 2269 858 Herode
2298 802 2412 857 Iizec
2438 802 2785 872 interpretari
2809 821 2822 858 :
2849 821 2868 854 ι
2896 800 3221 858 Pertransiit
3254 819 3347 860 rex
3383 802 3578 869 Israel;
3598 819 3620 854 ο

2053 893 2212 963 quasi
2242 896 2469 964 prepter
2497 904 2739 948 errorem
2772 907 2932 961 quem
2964 907 3161 963 passus
3191 902 3275 949 est
3307 908 3338 949 a
3367 893 3541 963 magis
3568 892 3625 947 in

2062 981 2362 1038 Salvatoris
2412 982 2584 1038 nostri
2634 982 2944 1049 nativitate;
3000 983 3143 1053 quod
3191 985 3389 1042 accidit
3444 984 3627 1041 Patris

2055 1092 2241 1130 amore
2269 1076 2321 1129 in
2358 1075 2635 1146 proprium
2661 1091 2890 1147 puerum
2930 1074 3217 1132 Dominum
3263 1087 3511 1133 nostrum
3541 1078 3627 1134 Je-

2053 1184 2173 1223 sum
2202 1168 2505 1230 Christum,
2534 1167 2677 1222 sicut
2707 1167 2761 1221 in
2786 1166 2908 1223 aliis
2939 1168 3236 1238 prophetiis
3257 1168 3424 1227 Israel
3456 1179 3505 1227 et
3536 1159 3624 1227 hic

2055 1259 2394 1314 nominatum
2421 1277 2436 1325 ;
2472 1273 2581 1329 quo
2608 1258 2825 1328 quidem
2857 1266 3102 1328 tempore
3128 1259 3270 1329 jussi
3300 1271 3428 1317 sunt
3458 1260 3624 1317 simul

2053 1349 2256 1421 Joseph
2280 1362 2333 1405 et
2356 1360 2526 1406 mater
2548 1350 2605 1405 in
2625 1349 2918 1422 Egyptum
2943 1351 3239 1422 proficisci,
3276 1338 3405 1408 cum,
3429 1368 3625 1410 neces-

2054 1444 2188 1498 sitas
2219 1444 2541 1513 requireret,
2571 1442 2888 1498 insidiatum
2927 1444 2975 1498 ei
3008 1458 3212 1515 regem.
3246 1442 3513 1500 Herodem
3542 1446 3626 1500 vi-

2052 1532 2269 1600 delicet,
2294 1542 2505 1589 constat
2529 1535 2957 1604 praetermissum
2989 1533 3180 1591 fuisse.
3210 1533 3425 1590 Rursus
3445 1534 3625 1606 ipsum

2053 1624 2269 1680 Ilerode
2298 1632 2516 1680 mortuo
2569 1632 2788 1681 revocat
2839 1636 3204 1697 congruenter
3251 1642 3375 1683 cum
3404 1640 3469 1683 ea
3504 1639 3628 1698 qua

2052 1721 2213 1776 nobis
2247 1720 2301 1775 in
2333 1719 2585 1774 manibus
2612 1727 2697 1774 est
2726 1718 3027 1789 prophetia.
3068 1718 3123 1774 Si
3154 1719 3278 1789 quis
3308 1719 3376 1776 ad
3407 1718 3626 1775 Iudaeo-

2051 1826 2172 1866 rum
2204 1811 2462 1881 populum
2494 1808 2610 1864 haec
2636 1808 2837 1864 referat
2868 1808 3058 1864 dicens
3088 1808 3157 1865 de
3204 1809 3406 1881 pupqu
3435 1809 3624 1875 Israel,

369 1902 468 1973 τὴν
499 1903 771 1971 Αἴγυπτον
802 1903 919 1974 ἅμα
947 1901 1024 1974 τῷ
1071 1902 1267 1973 Ἰωσὴφ
1293 1902 1387 1957 καὶ
1415 1905 1483 1974 τῇ
1523 1903 1691 1974 μητρὶ
1717 1902 1949 1974 ἀπᾶραι,

2058 1905 2260 1976 popqu
2313 1902 2753 1959 circumcisionis
2790 1902 2907 1957 bzec
2956 1903 3189 1966 narrari,
3239 1901 3482 1958 atlendat
3514 1918 3627 1959 ser-

367 1998 458 2049 ὅτε
476 1996 569 2049 καὶ
590 1996 747 2067 χρεία
769 1995 955 2049 ἐκάλει
975 1995 1069 2049 τὸν
1094 1994 1513 2049 ἐπιϐουλεύοντα
1532 1995 1682 2066 αὐτῷ
1703 1995 1946 2065 βασιλέα,

368 2087 525 2158 δῆλον
564 2087 647 2141 ὅτι
690 2087 782 2141 τὸν
840 2086 1110 2160 Ἡρώδην,
1163 2088 1667 2159 κατασιωπηθῆναυ
1712 2084 1868 2152 αὖθις
1904 2088 1950 2142 δ’

371 2179 532 2232 αὐτὸν
577 2177 770 2232 τούτου
803 2178 1228 2251 τελευτήσαντος
1259 2179 1611 2233 ἀνακαλεῖται
1645 2179 1950 2244 ἀκολούθως

374 2273 439 2341 τῇ
476 2269 614 2341 μετὰ
660 2273 849 2343 χεῖρας
890 2271 1219 2343 προφητεία.
1258 2271 1322 2324 EI
1357 2271 1403 2325 δ’
1433 2271 1526 2325 ἐπὶ⁵
1559 2270 1652 2323 τὸν
1688 2269 1952 2324 Ἰουδαίων

369 2363 496 2416 λαὸν
548 2362 725 2416 ταῦτά
771 2380 856 2427 τις
907 2363 1170 2436 ἀναφέροι
1225 2363 1448 2434 φάσκων
1496 2364 1624 2433 περὶ
1673 2362 1767 2415 τοῦ
1820 2361 1950 2415 λαοῦ

387 2454 601 2528 Ἰσραὴλ
627 2456 721 2508 τοῦ
765 2457 829 2508 ἐκ
874 2457 1177 2527 περιτομῆς
1215 2454 1389 2509 ταῦτα
1425 2454 1696 2526 εἰρῆσθαι,
1729 2456 1954 2525 ἐπιστη-

375 2548 524 2602 σάτω
555 2551 623 2619 τῇ
650 2547 745 2601 τοῦ
772 2546 933 2615 λόγου
966 2546 1275 2618 ἀκολουθίᾳ·
1300 2546 1473 2600 ταῦτα
1498 2545 1608 2618 γὰρ
1639 2546 1785 2615 λέγει
1815 2564 1951 2619 προ-

371 2637 564 2703 ειπὼν,
583 2638 660 2702 ὼς
687 2638 781 2691 καὶ
808 2635 945 2710 πρὸς
979 2636 1147 2708 αὐτὴν
1169 2636 1267 2708 τὴν
1302 2636 1652 2709 Ἰερουσαλὴμ
1684 2637 1764 2701 τὸ,
1795 2655 1813 2688 ι
1843 2637 1953 2690 Καὶ⁹

371 2732 798 2802 ἐξαναστήσεται
824 2728 1068 2784 ἀπώλεια
1092 2730 1151 2781 ἐν
1175 2728 1253 2799 τῷ
1272 2727 1387 2799 λαῷ
1418 2745 1533 2781 σου’
1568 2728 1663 2783 καὶ
1686 2729 1862 2783 πάντα
1884 2729 1953 2783 τὰ

371 2822 886 2898 περιτετειχισμὲνα
932 2837 1025 2873 σου
1066 2821 1366 2892 οἰχήσεται·
1410 2841 1428 2873 ι
1478 2820 1573 2874 καὶ⁸
1614 2820 1758 2892 ἅπερ
1788 2821 1951 2891 φησὶν

367 2917 400 2970 6
429 2915 634 2970 τοιόσδε
663 2914 847 2986 ἄρχων
876 2911 1114 2966 πέπονθε
1160 2911 1305 2966 κατὰ
1348 2911 1442 2965 τὸν
1474 2911 1771 2967 ἐπελθόντα
1802 2912 1952 2984 αύτῷ

372 3010 631 3082 πόλεμον,
672 3010 730 3062 ἐν
756 3001 801 3076 ᾧ
836 3007 1046 3080 μητέρα
1081 3007 1174 3061 ιπι
1200 3007 1413 3071 τέκνοις
1438 3006 1726 3076 ῆδάφισαν,
1754 3005 1824 3058 τά
1843 3022 1949 3058 πα-

376 3104 652 3177 ραπλήσια
694 3101 789 3155 καὶ
831 3101 960 3171 ὑμῖν
1003 3099 1191 3163 αὐτοῖς
1239 3100 1450 3170 ποιήσω
1491 3099 1579 3153 διά
1624 3097 1726 3162 τάς
1757 3096 1951 3162 κακίας

372 3197 550 3270 ὑμῶν,
583 3190 630 3250 ὦ
661 3188 806 3258 οἶκος
836 3192 930 3247 τοῦ
968 3190 1204 3264 Ἰσραὴλ,
1234 3191 1284 3245 οἳ
1310 3191 1405 3245 καὶ
1437 3192 1817 3263 ἀπερρίφησαν
1854 3191 1950 3244 σὺν

2053 1999 2233 2054 monis
2265 1996 2689 2051 concordantiae.
2726 1995 2850 2051 Haec
2882 1995 3028 2051 enim
3064 1995 3199 2050 dicit
3227 1995 3625 2064 prrenuntians.

2050 2090 2209 2160 quasi
2245 2088 2310 2143 ad
2340 2090 2514 2159 ipsam
2542 2103 2761 2160 quoque
2787 2086 3091 2144 Jerusalem
3120 2105 3134 2142 :
3163 2105 3183 2139 ι
3215 2084 3519 2159 Consurget
3543 2093 3632 2143 tu-

2052 2182 2257 2237 multus
2299 2180 2355 2235 in
2384 2180 2584 2251 populo
2612 2188 2727 2245 tuo,
2756 2188 2811 2236 et
2836 2196 3026 2236 omnes
3046 2178 3381 2237 munitiones
3404 2187 3511 2235 tuae
3525 2194 3625 2234 va-

2052 2274 2363 2328 stabuntur.
2407 2293 2425 2326 »
2456 2272 2589 2339 Quae
2615 2272 2835 2341 quidem
2868 2271 3023 2337 dicit,
3071 2270 3328 2342 princeps
3380 2272 3471 2327 ille
3507 2286 3625 2342 per.

2052 2380 2248 2435 pessus
2299 2371 2384 2420 est
2438 2364 2495 2419 in
2539 2364 2682 2419 bello
2730 2364 2995 2420 adversus
3041 2379 3166 2419 eum
3198 2363 3484 2428 suscitato,
3517 2380 3629 2435 quo

2051 2463 2280 2510 matrem
2312 2470 2476 2526 super
2502 2454 2644 2511 filios
2676 2456 2979 2523 alliserunt,
3012 2463 3065 2511 et
3093 2456 3291 2512 similia
3308 2456 3463 2512 vobis
3492 2457 3626 2526 ipsis

2052 2547 2246 2603 faciam
2276 2555 2496 2617 propter
2517 2547 2786 2618 nequitias
2800 2554 3033 2611 vestras.
3050 2564 3084 2604 ο
3109 2549 3302 2606 domus
3318 2548 3503 2614 Israel,
3532 2550 3625 2619 qui

2049 2648 2105 2695 et
2134 2639 2320 2709 rejecti
2346 2649 2476 2695 sunt
2501 2654 2627 2695 cum
2657 2656 2787 2710 rege
2820 2655 2941 2707 suo,
2980 2650 3035 2696 et
3088 2642 3203 2697 limo
3251 2643 3434 2698 omnia
3476 2642 3628 2712 passi

2051 2740 2219 2789 sunt:
2255 2753 2273 2786 ι
2314 2733 2453 2801 Quia
2491 2750 2648 2805 puer,
2705 2735 2901 2807 inquit,
2959 2734 3147 2800 Israel,
3216 2745 3268 2794 et
3308 2753 3410 2808 ego
3458 2736 3626 2793 dilexi

2049 2840 2198 2891 eum,
2231 2832 2284 2880 et
2312 2841 2378 2881 ex
2406 2825 2645 2901 IEgypto
2665 2828 2857 2882 vocavi
2884 2827 3081 2883 Filium
3109 2844 3312 2884 meum.
3347 2850 3366 2883 ι
3399 2829 3627 2896 Qualem

2050 2917 2197 2970 enim
2239 2916 2437 2973 habeat
2465 2918 2916 2975 concordantiam
2955 2937 3158 2985 sermo,
3188 2923 3370 2993 quivis
3398 2924 3622 2977 demon-

2050 3008 2268 3063 strabit.
2313 3008 2422 3065 Sed
2457 3010 2601 3065 sicut
2652 3010 2709 3065 in
2747 3012 3024 3068 sexcentis
3059 3012 3182 3068 aliis
3214 3012 3518 3083 pr0phetiis
3542 3008 3628 3066 Ja-

2050 3098 2156 3154 cob
2190 3108 2245 3155 et
2296 3101 2464 3156 Israel
2510 3102 2765 3158 Christus
2802 3104 3137 3167 nominatur,
3176 3104 3343 3160 simili
3383 3111 3438 3159 et
3479 3118 3627 3158 nunc

2052 3190 2286 3246 ratione.
2320 3191 2457 3246 Cum
2494 3191 2682 3263 igitur,
2717 3194 2815 3256 ait,
2850 3193 2941 3248 ille
2974 3193 3104 3248 mihi
3138 3192 3401 3250 obediens
3448 3192 3626 3250 factus

375 3288 574 3360 καὶτῷ
603 3287 811 3359 βασιλεῖ
836 3284 1035 3351 αὐτῶν,
1074 3284 1171 3339 καὶ
1208 3282 1383 3338 ταῦτά
1420 3299 1484 3353 γε
1530 3283 1708 3337 πάντα
1750 3282 1949 3335 πεπόν-

2053 3279 2279 3336 formam
2311 3283 2455 3337 servi
2493 3286 2724 3355 accepit,
2754 3292 2809 3341 et
2844 3300 2979 3355 puer
3006 3284 3186 3341 factus
3222 3294 3308 3342 est
3337 3286 3470 3341 mihi
3496 3285 3630 3341 dile-

374 3382 517 3436 θασι·
543 3399 563 3432 ι
592 3380 734 3433 Διότι
764 3380 914 3443 παῖς.
946 3376 1133 3449 φησὶν,
1178 3375 1396 3449 Ἰσραὴλ
1424 3375 1517 3429 καὶ
1543 3373 1653 3443 ἐγὼ
1681 3375 1946 3445 ἠγάπησα

374 3473 554 3528 αὐτόν’
603 3472 698 3526 καὶ
740 3472 836 3525 ἀπ’
875 3468 1152 3539 Αἰγύπτου
1196 3468 1433 3523 ἐκάλεσα
1471 3468 1564 3521 τὸν
1601 3467 1730 3521 Υἱόν
1760 3484 1883 3538 μου.
1924 3485 1943 3518 ι

372 3564 539 3620 Ποίαν
577 3563 686 3636 γὰρ
716 3562 827 3633 ἔχει
858 3559 1177 3615 ἀκολουθίαν
1206 3562 1240 3631 ἡ
1271 3558 1417 3624 λέξις
1440 3562 1469 3613 ὁ
1500 3557 1821 3630 βουλόμενος
1846 3574 1951 3610 πα-

377 3655 720 3730 ραπησάτω·
765 3651 878 3707 ἀλλ’
901 3650 1090 3724 ὥσπερ
1122 3649 1263 3703 κατά
1296 3648 1494 3721 μυρίας
1532 3647 1695 3711 ἄλλας
1734 3664 1948 3719 προφη-

371 3748 522 3812 τείας
555 3743 749 3799 Ἰακὼϐ
781 3743 876 3797 καὶ
910 3740 1164 3814 Ἰσραὴλό
1194 3738 1426 3812 Χριστὸς
1460 3736 1946 3810 προσαγορεύεται,

375 3840 468 3894 τὸν
502 3837 664 3892 αὐτὸν
696 3836 760 3907 δὴ
788 3834 988 3909 τρόπον
1028 3832 1124 3887 καὶ
1156 3830 1271 3886 νῦν·
1309 3831 1430 3884 ἐπεὶ
1448 3826 1560 3896 οὖν,
1586 3831 1769 3901 φησὶν,
1795 3822 1949 3894 οὗτος

377 3931 614 4006 ὑπήκοός
642 3947 734 4002 μοι
767 3925 1129 3997 γεγενημένος
1162 3923 1376 3997 μορφὴν
1403 3921 1588 3975 δούλου
1612 3921 1831 3992 εἴληφεν
1855 3920 1951 3973 καὶ

373 4026 596 4095 γέγονεν
646 4020 858 4075 παιδίον
913 4016 1196 4088 ἀγαπητὸν
1250 4014 1393 4086 ἐμοὶ,
1447 4014 1625 4067 πᾶσαν
1671 4012 1768 4083 τὴν
1812 4011 1950 4083 ἐμὴν

373 4115 662 4180 ἐκτελέσας
696 4113 910 4186 βουλὴν,
942 4109 1033 4165 διὰ
1060 4107 1219 4162 τοῦτο
1243 4105 1405 4160 αὑτὸν
1444 4105 1542 4177 μὲν
1568 4103 1678 4158 ἀπὸ
1706 4105 1802 4175 τῆς
1828 4120 1951 4175 νοη-

371 4211 470 4281 τῆς
519 4207 816 4277 Αἰγύπτου,
862 4206 942 4268 είς
987 4204 1053 4275 ἢν
1101 4199 1525 4273 ἐνανθρωπήσας
1568 4195 1947 4268 κατελήλυθεν,

2051 3382 2194 3439 ctus,
2223 3389 2440 3430 omnem
2466 3375 2800 3432 voluntatem
2821 3392 2995 3432 meam
3028 3377 3336 3448 perficiens,
3361 3378 3482 3433 ideo
3500 3392 3626 3435 eum

2051 3461 2271 3530 quidem
2303 3464 2371 3518 ab
2393 3462 2631 3537 (Ἐπριο
2660 3467 2956 3538 spirituali,
2983 3484 3034 3521 ιη
3059 3482 3218 3538 quam
3245 3467 3426 3524 factus
3463 3468 3628 3525 homo

2051 3551 2354 3619 descendit,
2384 3562 2443 3609 ut
2473 3571 2659 3611 verum
2701 3557 3070 3629 dilectumque
3102 3557 3298 3614 Filium
3352 3560 3625 3628 revocavi,

2051 3658 2150 3698 vos
2184 3652 2385 3709 autem,
2412 3645 2480 3700 ad
2511 3662 2651 3718 quos
2678 3664 2860 3706 sermo
2895 3656 3125 3721 spectat,
3158 3665 3283 3705 cum
3331 3666 3497 3722 regno
3532 3666 3629 3707 ve-

2056 3742 2172 3789 stro
2192 3736 2364 3791 ruinae
2378 3745 2431 3792 et
2453 3739 2665 3795 excidio
2681 3739 2913 3797 tradant.
2935 3741 3059 3797 Ilaec
3082 3743 3298 3814 quidem
3322 3743 3627 3815 prophetia.

2057 3826 2405 3883 Manifestum
2435 3840 2520 3886 est
2549 3841 2729 3887 autem
2761 3830 2907 3902 quod
2938 3834 3073 3903 ipsis
3106 3833 3407 3890 Salvatoris
3453 3837 3630 3891 nostri

2056 3922 2416 3991 temporibus,
2446 3920 2749 3980 Jerusalem
2774 3934 3084 3995 oppugnata
3118 3934 3172 3983 et
3198 3935 3355 3998 capta
3390 3927 3510 3993 fuit,
3545 3938 3629 3983 ato

2058 4028 2166 4083 que
2197 4013 2416 4082 penitus
2446 4014 2709 4077 deletum,
2741 4016 2886 4086 quod
2915 4034 3090 4088 usque
3132 4020 3199 4073 ad
3235 4021 3337 4075 hoc
3370 4022 3631 4091 temporis

2058 4110 2283 4158 steterat
2330 4102 2639 4159 Judmorum
2676 4120 2929 4176 regnum,
2968 4115 3031 4162 ut
3081 4110 3286 4179 pariter
3326 4126 3391 4166 ac
3428 4112 3548 4167 alia:
3575 4118 3631 4168 et

2056 4196 2148 4250 illa
2184 4198 2503 4268 impleretur
2527 4198 2834 4268 prophetia.

371 4297 461 4354 οἷα
488 4302 707 4372 γνήσιον
744 4298 840 4352 καὶ
863 4293 1145 4367 ἀγαπητὸν
1174 4292 1301 4347 Υἱὸν
1333 4289 1770 4361 ἀνεκαλεσάμην,
1801 4289 1946 4360 ὑμᾶς
1973 4290 2031 4344 δὲ
2063 4292 2191 4355 τοὺς
2221 4291 2357 4362 πρὸς
2381 4290 2473 4356 οὓς
2509 4292 2539 4345 6
2573 4291 2730 4361 λόγος
2770 4294 2867 4347 σὺν
2931 4294 3025 4349 καὶ
3084 4298 3150 4367 τῇ
3190 4295 3437 4370 βασιλείᾳ
3474 4297 3631 4368 ὑμῶν

372 4394 578 4467 ὀλέθρῳ
605 4393 699 4447 καὶ
728 4388 973 4461 ἀπωλείᾳ
1013 4384 1340 4460 παραδώσω.
1381 4383 1569 4439 Ταῦτα
1608 4383 1707 4455 μὲν
1736 4385 1770 4454 ἡ
1812 4384 2134 4455 προφητεία·
2165 4384 2426 4457 πρόδηλον
2464 4384 2508 4438 δ’
2539 4385 2688 4449 ὅπως
2711 4385 2819 4439 ἀπὸ
2856 4385 2964 4439 τῶν
3021 4387 3114 4441 τοῦ
3171 4389 3423 4461 Σωτῆρος
3476 4388 3631 4461 ημῶν

374 4488 580 4561 χρόνων
604 4483 1056 4557 πολιορκηθείσης
1091 4482 1188 4554 τῆς
1234 4478 1586 4554 Ἰερουσαλὴμ
1614 4478 1890 4550 καθῃρέθη
1929 4496 1990 4532 τε
2029 4480 2124 4533 καὶ
2148 4482 2230 4544 εἰς
2274 4479 2336 4533 τὸ
2376 4481 2633 4546 παντελὲς
2672 4482 3009 4555 ἀπερῤίφηὴ
3049 4483 3209 4555 μέχρι
3228 4483 3348 4539 τότε
3392 4486 3634 4541 συστᾶσα

376 4584 485 4639 τῶν
527 4582 793 4637 Ἰουδαίων
817 4579 1082 4652 βασιλεία,
1113 4577 1189 4642 ὡς
1217 4576 1354 4649 μετά
1374 4574 1484 4629 τῶν
1508 4574 1684 4631 ἀλλων
1716 4575 1810 4628 καὶ
1830 4574 2032 4646 ταύτην
2065 4575 2458 4648 πεπληρῶσθαι
2484 4575 2580 4651 τὴν
2613 4577 2970 4649 προφητείαν.

2657 4694 2887 4751 CAPUT
2916 4693 3032 4750 XII.

915 4698 1316 4755 ΚΕΦΑΔΔΙΟΝ
1348 4697 1451 4752 IB'.
1979 4698 2024 4753 l)

685 4815 748 4888 (f.
783 4814 873 4885 30)
916 4812 1050 4869 Ἀπὸ
1084 4810 1190 4865 τοῦ
1220 4809 1406 4864 αὐτοῦ
1445 4807 1639 4877 Ὼσηέ.

452 4949 473 4984 ι
523 4930 597 4984 Οὐ
658 4927 731 5001 μὴ
799 4924 1177 4996 ἐγκαταλείπω
1242 4920 1336 4975 τοῦ
1407 4918 1788 4990 ἐξαλειφθῆναι
1860 4917 1951 4973 τὸν

390 5026 660 5099 Ἐφραῖμ·
704 5024 840 5079 διότι
880 5021 1011 5085 Θεὸς
1052 5016 1162 5088 ἐγώ
1205 5019 1340 5088 εἰμι,
1379 5016 1474 5070 καὶ
1515 5016 1615 5069 οὐκ
1646 5013 1949 5086 ἄνθρωπος,

377 5120 438 5183 ἐν
471 5119 556 5173 σοὶ
580 5118 752 5188 ἀγιος,
777 5115 870 5170 καὶ
892 5114 993 5168 οὐκ
1022 5108 1398 5179 εἰσελεύσομαι
1422 5109 1500 5171 είς
1528 5102 1701 5160 πόλιν.
1748 5106 1951 5160 Ὀπίσω

377 5208 586 5283 Κυρίου
629 5206 987 5280 πορεύσομαι.
1018 5222 1036 5256 ι
1080 5203 1141 5256 Ὀ
1167 5202 1329 5265 αὐτὸς
1358 5197 1547 5263 εἰπὼν,
1594 5217 1614 5249 ι
1644 5197 1784 5252 Διό-τι
1816 5198 1947 5261 Θεὸς

378 5300 492 5372 ἐγώ
520 5301 655 5373 είμι,
688 5320 706 5352 ›
740 5298 991 5370 ἐπιφέρει
1018 5295 1213 5365 λέγων,
1245 5311 1276 5345 ι.
1308 5292 1510 5347 Ὀπίσω
1527 5292 1735 5363 Κυρίου
1758 5288 1952 5361 πορεύ-

381 5408 569 5464 σομαι.
600 5411 620 5445 ι
650 5392 748 5454 Τίς
774 5390 818 5443 δ’
846 5390 912 5444 ἂν
940 5387 1100 5452 ἄλλος
1138 5385 1223 5458 εἴη
1249 5385 1381 5446 Θεὸς
1402 5384 1580 5437 ὀπίσω
1610 5382 1814 5452 Κυρίου
1852 5397 1952 5434 πο-

384 5482 693 5555 ρευόμενος,
720 5480 755 5552 ἢ
776 5482 805 5535 6
829 5479 925 5534 τοῦ
946 5478 1082 5533 Θεοῦ
1103 5476 1273 5546 Λόγος
1301 5474 1381 5547 τῷ
1399 5474 1494 5529 τοῦ
1520 5473 1731 5545 Πατρός
1754 5471 1952 5544 ἐπόμε-

381 5591 472 5638 νος
502 5572 829 5645 βουλήματις
867 5573 963 5638 Ὃς
993 5571 1089 5626 καὶ
1113 5570 1355 5624 διδάσκει
1384 5568 1457 5640 μὴ
1483 5568 1659 5621 δοκεῖν
1687 5564 1844 5620 αὐτὸν
1866 5565 1953 5620 διὰ

380 5665 482 5737 τὴν
519 5663 931 5737 ἐνανθρὼπησιν
965 5663 1118 5734 ψιλόν
1158 5681 1279 5720 τινα
1318 5662 1483 5731 ἄνδρα
1527 5659 1632 5714 τῶν
1670 5660 1835 5713 πάλαι
1878 5658 1954 5711 δι-

459 5848 505 5881 “
542 5848 668 5905 Ose.
704 5864 788 5916 xi,
818 5851 870 5906 9.

2606 4808 2692 4863 Ea:
2711 4809 2890 4865 eodem
2922 4809 3074 4864 Osee.

2133 4942 2152 4975 ι
2180 4921 2297 4978 Non
2328 4928 2622 4977 convertar
2670 4930 2730 4976 ut
2774 4919 2999 4991 perdam
3031 4902 3292 4991 Epliraim
3326 4934 3341 4972 :
3369 4918 3630 4990 quoniam

2055 5014 2200 5071 Deus
2245 5030 2346 5086 ego
2373 5022 2429 5070 et
2478 5030 2586 5070 non
2619 5012 2783 5069 homo
2820 5029 2833 5065 :
2878 5011 2932 5067 in
2963 5012 3145 5067 medio
3181 5012 3261 5067 tui
3291 5019 3538 5076 sanctus,
3576 5021 3633 5067 et

2053 5123 2165 5163 non
2216 5107 2493 5178 ingrediar
2548 5107 2850 5161 civitatem.
2911 5103 3045 5159 Post
3104 5104 3393 5161 Dominum
3439 5104 3634 5159 ambu-

2053 5199 2178 5254 Iabo
2210 5198 2278 5254 ⁸⁸.
2338 5217 2357 5250 ι
2423 5196 2567 5253 Idem
2619 5212 2742 5251 cum
2792 5194 3075 5251 dixisset:
3115 5214 3133 5248 ι
3186 5193 3452 5261 Quoniam
3486 5193 3631 5251 Deus

2054 5306 2177 5363 ego,
2200 5312 2219 5345 ι
2274 5291 2483 5360 adjicit,
2538 5309 2559 5341 ‹
2596 5296 2721 5359 post
2759 5287 3044 5345 Dominum
3080 5288 3391 5369 ambulabo.
3429 5308 3449 5342 ι
3496 5286 3631 5356 Quis

2058 5393 2239 5440 autem
2273 5384 2413 5438 alius
2441 5389 2589 5438 esset
2652 5381 2798 5438 Deus
2851 5390 2977 5452 post
2998 5380 3288 5436 Dominum
3322 5381 3629 5447 ambulans,

2057 5493 2124 5532 ae
2154 5475 2249 5533 Dei
2274 5474 2529 5540 Verbum,
2566 5474 2746 5531 Patris
2796 5474 3128 5530 voluntatem
3170 5474 3501 5533 obsecutus?
3526 5474 3630 5542 Qui

2058 5574 2114 5621 et
2163 5566 2326 5623 docet
2367 5583 2479 5621 non
2527 5566 2704 5624 videri
2724 5582 2848 5623 cum
2915 5573 3150 5638 propter
3197 5567 3630 5624 incarnationem

2063 5657 2368 5729 simplicem
2390 5657 2680 5726 quemdam
2722 5656 2900 5713 virum
2948 5657 3193 5729 antiquis
3208 5658 3377 5728 justis
3394 5655 3629 5717 sanctil-
