4070 6464
540 354 681 416 ηπ
1219 369 1488 428 EUSEBII
1522 371 2001 431 ϐᾹίὃΑΚΊΕΝΒΙΞ
2038 375 2147 432 ΟΡΙ

2226 377 2409 435 PARS
2441 380 2526 439 III.
2563 414 2634 423 ——
2671 383 3084 441 EXEGETICA.
3656 381 3804 437 me

537 491 645 546 que
670 492 777 533 non
806 477 1109 537 absimilem
1142 497 1266 541 esse
1291 493 1503 542 natum.
1542 487 1682 545 Dicit
1714 500 1896 547 autem
1929 509 1988 549 se
2004 508 2110 548 non
2142 544 2144 553 .

2215 496 2386 552 καίων
2420 499 2515 553 καὶ
2554 501 2725 570 άγὶων
2765 505 2871 557 τινὶ
2910 504 3287 577 παραπλήσιον
3325 500 3621 572 γεγονέναι.
3654 503 3799 573 Φησὶ

538 568 594 621 in
622 568 897 624 civitatem
926 573 1324 645 ingressurum,
1353 582 1654 639 ostendens
1686 598 1796 639 non
1833 587 2112 641 communi

2214 590 2269 645 δὲ
2297 592 2371 663 μή
2397 568 2797 648 εἰσελεύσεσθαι
2825 597 2906 659 εἰς
2937 568 3112 660 πάλιν,
3141 568 3316 668 δηλῶν
3336 568 3412 649 '16-
3426 594 3499 667 μὴ
3518 597 3676 665 κοινῇ
3699 568 3798 647 καὶ

533 663 590 711 et
625 657 861 713 humana
889 662 1099 720 ratione
1147 681 1208 722 se
1238 684 1399 725 usum
1432 686 1577 734 esse.
1596 675 1741 744 quod
1775 675 1994 747 quidem
2032 676 2115 731 fa-

2213 657 2527 757 άνθρωπίνῃ
2553 687 2849 758 κεχρῆσθαι
2875 657 3138 760 πολιτεία,
3167 657 3305 759 δ’περ
3331 657 3503 742 ποιεῖν
3538 657 3798 749 καὶτοὺς

534 763 664 804 cere
694 761 748 805 et
770 751 1072 825 discipulos
1114 775 1247 816 suos
1289 761 1564 831 admonet,
1591 765 1817 824 dicens:
1850 787 1869 820 ‹
1892 768 1949 824 lu
1970 770 2113 825 viam

2215 751 2466 847 μαθητάς
2499 751 2669 832 ἆῠτόό
2696 751 2941 833 παιδεύει
2968 751 3166 848 λέγων.
3200 798 3221 830 ο
3248 751 3342 844 Fit;
3362 780 3483 834 ὄδδν
3510 779 3684 833 ἒθνιῖιν
3717 778 3794 847 μὴ

532 841 772 908 gentium
804 861 872 900 ne
888 847 1153 916 abieritis,
1184 859 1240 907 et
1277 854 1331 908 in
1356 854 1608 915 civitates
1640 846 2110 919 Samaritanorum

533 934 961 989 neintraveritis
993 941 1056 989 δ’-
1097 961 1121 989 ι

2212 841 2505 939 ἀπέλθητε,
2538 870 2633 923 καῖ
2658 872 2738 934 εἰς
2772 871 2924 925 πόλιν
2954 841 3410 944 Σαμαρειτῶν-μὴ
3433 841 3736 940 εἰσέλθητεξ

533 946 604 989 ne
623 940 961 997 intraveritis
993 941 1056 995 ι’.
1097 961 1121 994 ι

852 1052 949 1123 (De
964 1054 1078 1112 .l‘oel
1097 1058 1231 1113 nihil
1260 1061 1395 1117 satis
1421 1067 1812 1140 compertum.)

1751 1067 1812 1140 I.)
2636 1073 2766 1145 (Τοῦ
2809 1073 2961 1145 Ἰωὴλ
2980 1075 3143 1143 σαφὲς
3162 1070 3358 1141 οὐδέν.)

1124 1170 1353 1229 CAPUT
1386 1174 1523 1231 XIII.
2728 1186 2731 1235 Τ

2728 1184 3121 1239 ΚΕΦΑΛΑῙΟΝ
3158 1182 3255 1238 II".

1165 1286 1251 1342 Ea:
1295 1291 1476 1347 Amos.
2747 1295 2772 1348 ἴ

2747 1295 2880 1350 Ἀπὸ
2909 1296 3015 1351 τοῦ
3060 1293 3250 1367 Ἀμώς.

606 1415 624 1446 r
660 1395 917 1454 Subverti
937 1415 1057 1468 vos,
1085 1402 1228 1457 sicut
1254 1405 1529 1462 subvertit
1565 1406 1709 1466 Deus
1733 1409 2026 1468 Sodomant
2052 1421 2106 1469 et

2283 1430 2300 1463 ι
2325 1411 2682 1483 Κατέστρεψα
2709 1412 2873 1483 ὑμᾶς,
2891 1410 3073 1475 καθὼς
3098 1411 3464 1484 κατέστρεψεν
3485 1412 3513 1465 6
3534 1410 3671 1476 Θεὸς
3687 1412 3787 1466 ,Λ-

526 1488 909 1558 Gomorrham,
953 1502 1009 1548 et
1053 1495 1181 1550 facti
1238 1498 1376 1554 estis
1427 1502 1586 1570 quasi
1618 1504 1785 1560 torris
1810 1514 1998 1575 raptus
2036 1508 2105 1562 ab

2206 1487 2355 1574 δομα
2370 1504 2465 1558 καὶ
2486 1504 2760 1576 Γόμορῤἀ,
2787 1505 2884 1558 καὶ
2905 1502 3154 1572 ἐγένεσθε
3177 1503 3253 1566 ὼς
3271 1502 3427 1566 δαλὸς
3449 1503 3788 1575 ἐξέσπασμέυ

525 1580 799 1649 incendio,
834 1590 891 1638 et
916 1600 1026 1639 non
1053 1585 1276 1644 redistis
1303 1590 1371 1646 ad
1408 1607 1516 1656 me,
1540 1593 1676 1650 dicit
1709 1595 2051 1657 Dominus".
2080 1622 2098 1655 ι

2206 1613 2296 1660 νος
2316 1598 2380 1649 ἐκ
2402 1595 2592 1666 πυρὸς,
2616 1594 2711 1648 καὶ
2739 1594 2847 1648 οὐδ’
2869 1595 2944 1659 ὣς
2965 1592 3335 1665 ἐπεστρέψατε
3358 1594 3495 1666 πρὸς
3519 1594 3609 1665 μὲ,
3634 1593 3788 1663 λέγει

522 1671 589 1726 Et
616 1673 705 1728 hic
736 1675 853 1746 ipse
894 1675 1160 1736 Dominus
1185 1681 1319 1737 dicit
1378 1686 1538 1754 quasi
1581 1687 1650 1743 de
1692 1690 1839 1746 alio:
1890 1712 1907 1744 ι
1950 1693 2104 1749 Sicut

2207 1685 2430 1757 Κύριος.
2469 1705 2488 1737 ι
2513 1687 2622 1739 Καὶ
2660 1685 2847 1741 ἐνθάδε
2878 1686 3037 1750 αὐτὸς
3061 1687 3090 1737 6
3125 1685 3331 1758 Κύριός
3357 1702 3520 1758 φησιν
3549 1685 3624 1749 ὠς
3652 1685 3789 1756 περὶ

521 1764 790 1820 subvertit
839 1766 983 1827 Deus
1039 1770 1336 1829 Sodomam
1369 1784 1423 1832 et
1452 1776 1839 1836 Gomorrham.
1869 1803 1887 1836 ι
1938 1783 2005 1841 Et
2044 1787 2099 1842 in

2206 1780 2397 1851 ἐτέρου
2442 1779 2521 1842 τὸ,
2555 1799 2574 1831 ι
2602 1777 2801 1844 Καθὼς
2830 1778 3197 1852 κατέστρεψεν
3220 1780 3248 1833 6
3276 1777 3408 1842 Θεὸς
3444 1778 3655 1849 Σόδομα
3686 1778 3784 1831 καὶ

518 1854 717 1913 Genesi
753 1860 965 1915 notavit
1010 1862 1195 1918 divina
1246 1864 1535 1939 Scriptura
1570 1879 1863 1944 utramque
1910 1892 2100 1947 perso~

2205 1869 2475 1942 Γόμορῤα”
2508 1888 2527 1923 ι
2555 1870 2647 1925 καὶ
2692 1872 2839 1942 ἐντῇ
2884 1870 3102 1924 Γενέσει
3129 1870 3184 1924 δέ
3234 1870 3534 1942 τετήρηκεν
3579 1872 3613 1940 ἡ
3659 1868 3782 1922 θεία

517 1963 645 2002 nam
670 1951 755 2006 his
803 1953 1024 2010 verbis:
1068 1975 1087 2009 ι
1128 1956 1193 2011 Et
1242 1961 1381 2029 pluit
1423 1960 1689 2022 Dominus
1718 1982 1884 2038 super
1925 1968 2099 2026 Sodo-

2206 1961 2396 2033 Γραφὴ
2429 1961 2497 2016 τὰ
2536 1963 2631 2017 δύο
2663 1963 2930 2035 πρόσωπα
2959 1963 3199 2034 φήσασα,
3238 1980 3256 2012 ι
3292 1962 3404 2015 Καὶ
3439 1961 3627 2035 ἔϐρεξε
3663 1960 3784 2015 Κύ-

516 2054 660 2094 tnam
684 2049 738 2096 et
765 2040 1127 2102 Gomorrham
1174 2052 1407 2121 sulphur
1447 2061 1502 2110 et
1527 2057 1705 2126 ignem
1729 2072 1759 2111 a
1781 2057 2015 2116 Domino
2030 2061 2099 2117 de

2206 2070 2322 2124 ριος
2371 2055 2463 2107 ἐπὶ
2503 2053 2712 2125 Σόδομα
2756 2054 2853 2109 καὶ
2891 2054 3144 2126 Γόμορρα
3186 2052 3327 2107 θεῖον
3370 2054 3463 2106 καὶ
3490 2052 3601 2125 πῦρ
3624 2052 3784 2124 παρὰ

516 2134 658 2188 caelo
692 2136 758 2191 ⁸⁸.
792 2157 810 2189 ι
848 2138 927 2195 Ex
972 2141 1058 2198 his
1085 2144 1377 2201 manifesta
1434 2149 1492 2201 ht
1521 2148 1591 2205 de
1648 2149 1812 2208 Patre
1861 2162 1917 2211 et
1956 2153 2097 2212 Filio

2203 2148 2428 2221 Κυρίου·
2464 2168 2482 2200 ι
2521 2147 2581 2212 ἐξ
2604 2141 2680 2202 ὧν
2707 2146 3021 2219 καταφανὴς
3045 2148 3080 2218 ἡ
3120 2147 3249 2216 περὶ
3285 2146 3497 2219 Πατρὸς
3527 2146 3622 2199 καὶ
3644 2144 3790 2199 Tim}

515 2228 903 2287 ecclesiasuca:
938 2232 1058 2288 fidei
1089 2235 1436 2293 orthodoxia.
1902 2286 1910 2295 .

2201 2241 2456 2313 τυγχάνει
2487 2241 2586 2311 τῆς
2616 2240 3073 2313 ἐκκλησιαπικῆς
3099 2240 3333 2304 πίστεως
3360 2237 3655 2311 ὀρθοδοξία.

1100 2346 1329 2404 CAPUT
1356 2349 1497 2407 XIV.

2720 2354 3115 2407 ΚΕΦΑΛΑῘΟΝ
3156 2351 3250 2405 ΙΔ’.

1150 2461 1233 2517 Ex
1260 2464 1460 2520 eodem.

2798 2465 2906 2520 Τοῦ
2956 2466 3161 2520 αὑτοῦ.

585 2589 602 2618 ι
641 2570 956 2643 Prmpurare
1007 2577 1061 2631 in
1116 2592 1408 2636 occursum
1470 2579 1565 2637 Dei
1622 2564 1700 2637 tui
1734 2583 1921 2639 Israel.
1953 2583 2092 2653 Quia

2278 2599 2296 2630 ‹
2352 2578 2668 2652 Ἑτοιμάζου
2713 2579 3090 2635 ἐπικαλεῖσθαι
3122 2580 3214 2633 τὸν
3236 2580 3369 2633 Θεόν
3405 2598 3496 2634 σου
3533 2581 3774 2653 Ἰσραήλ.

508 2677 636 2718 ecce
670 2663 914 2723 formans
963 2679 1201 2736 montes,
1237 2679 1292 2728 et
1341 2687 1541 2730 creans
1598 2686 1856 2740 ventum,
1906 2685 1962 2733 et
1994 2692 2092 2732 an-

2194 2673 2360 2738 Διότι,
2415 2672 2547 2736 ἰδοὺ,
2591 2673 2824 2744 στερεῶν
2862 2670 3121 2743 βροντὴν,
3160 2672 3256 2727 καὶ
3294 2673 3489 2739 κτίζων
3533 2672 3776 2743 πνεῦμα.

507 2758 770 2815 nuntians
791 2761 1295 2821 hominiChristum
1324 2783 1508 2832 suum,
1537 2766 1746 2826 faciens
1766 2771 2090 2827 matutinam

2195 2767 2291 2820 καὶ
2320 2766 2679 2836 ἀπαγγέλλων
2719 2768 2798 2830 εἰς
2840 2764 3160 2838 ἀνθρώπους
3199 2766 3291 2820 τὸν
3324 2768 3557 2836 Χριστὸν
3582 2767 3775 2829 αὑτοῦ.

508 2849 781 2919 nebulam,
810 2862 867 2909 et
893 2856 1147 2926 gradiens
1169 2874 1336 2930 super
1358 2860 1575 2917 excelsa
1603 2868 1792 2928 terrae;
1824 2860 2091 2921 Dominus

2196 2855 2364 2911 ποιῶν
2404 2856 2599 2929 ὄρθρον
2643 2856 2737 2910 καὶ
2783 2855 3036 2926 ὁμίχλην.
3086 2856 3181 2911 καὶ
3222 2856 3515 2910 ἐπιϐαίνων
3565 2858 3661 2910 ἐπὶ
3705 2857 3778 2911 τὰ

510 2942 654 2998 Deus
680 2947 1030 3017 omnipotens
1060 2966 1260 3007 nomen
1285 2953 1406 3022 ejus
1443 2955 1512 3010 ⁸⁸.
1541 2973 1563 3008 ι
1598 2953 1696 3011 Ilis
1727 2972 1945 3029 quoque
1970 2974 2091 3015 ver-

2196 2948 2373 3021 ὑψηλὰ
2397 2950 2497 3021 τῆς
2529 2950 2652 3021 γῆς,
2688 2950 2891 3022 Κύριος
2920 2953 2949 3005 6
2972 2950 3105 3014 Θεές
3127 2951 3157 3002 6
3181 2950 3574 3023 παντοκράτωρ
3599 2951 3775 3021 ὄνομα

508 3036 593 3091 his
619 3045 804 3107 aperte
830 3040 1034 3098 Christi
1053 3044 1120 3099 ad
1143 3044 1394 3102 homines
1416 3047 1707 3103 adventum
1728 3050 2087 3121 prophetizat.

2192 3040 2360 3112 αὐτῷ.
2392 3060 2410 3092 ι
2442 3042 2553 3095 Καὶ
2578 3041 2667 3096 διὰ
2693 3041 2897 3097 τούτων
2925 3041 3109 3113 σαφῶς
3133 3044 3211 3097 τά
3231 3042 3331 3113 τῆς
3353 3044 3432 3107 εἰς
3452 3042 3771 3113 ἀνθρώπους

511 3127 740 3201 Singula
775 3149 906 3191 vero
943 3134 1122 3193 fusius
1166 3145 1333 3210 atque
1390 3141 1704 3198 accuratius
1748 3153 1878 3200 sunt
1906 3145 2091 3216 expla-

2192 3134 2485 3205 ἐπιδημίας
2509 3134 2603 3189 τοῦ
2639 3135 2874 3207 Χριστοῦ
2914 3134 3332 3207 προφητεύεται·
3376 3136 3468 3188 ἐπὶ
3503 3136 3699 3207 σχολῆς
3725 3137 3774 3189 δ’

506 3223 682 3279 nanda
706 3240 807 3281 suo
847 3235 1113 3300 tempore.

2115 3218 2157 3276 C
2191 3226 2256 3280 ἂν
2290 3228 2492 3298 ἑκάστη
2522 3228 2666 3293 λέξις
2694 3227 3087 3300 ἀκριϐεστέρας
3115 3227 3268 3300 τύχοι
3298 3229 3615 3299 σαφηνείας.

1108 3342 1337 3401 CAPUT
1370 3345 1482 3403 XV.
2704 3345 2715 3397 Ῑ

2704 3344 3097 3398 ΚΕΦΑΛΑΙΟΝ
3147 3343 3247 3398 IE’.

1138 3457 1222 3511 Ea:
1258 3460 1452 3515 Λιταῖς.

2808 3459 2917 3514 Τοῦ
2953 3459 3198 3514 Ὰϐδίου.

579 3583 598 3616 ι
630 3564 1005 3623 VisioAbdim.
1029 3568 1155 3627 Haec
1167 3571 1302 3628 dicit
1334 3572 1601 3633 Dominus
1621 3576 1765 3634 Deus
1791 3577 1857 3633 ad
1883 3576 2081 3635 Edam:

2264 3593 2283 3625 ι
2317 3575 2548 3646 Ὄρασις
2604 3573 2834 3628 Ἀϐδίου-
2887 3572 3024 3627 Τάδε
3073 3572 3221 3642 λέγει
3252 3573 3455 3645 Κύριος
3480 3575 3508 3627 6
3546 3573 3682 3637 Θεὸς
3698 3576 3765 3644 τῇ

501 3654 763 3712 Auditum
821 3658 1132 3718 audivimus
1181 3678 1213 3717 a
1271 3662 1505 3721 Domino
1543 3708 1558 3731 ,
1617 3679 1673 3724 et
1726 3669 1963 3739 legatum
2016 3669 2085 3723 ad

2201 3666 2494 3738 Ἰδουμαίᾳ·
2546 3665 2740 3738 Ἀκοήν
2772 3665 2983 3737 ἤκουσα
3026 3663 3179 3735 παρὰ
3214 3664 3441 3736 Κυρίου,
3487 3664 3579 3717 καὶ
3612 3680 3767 3733 περι-

499 3756 688 3817 gentes
703 3749 852 3804 misit
866 3750 930 3803 ³³.
955 3770 973 3803 ι
1000 3751 1138 3807 Cum
1157 3752 1246 3809 hic
1258 3770 1476 3826 quoque
1497 3755 1757 3814 Dominus
1776 3757 1916 3815 Deus
1930 3759 2086 3814 audi-

2186 3764 2317 3833 οχὴν
2354 3762 2433 3824 εἰς
2461 3760 2528 3814 τά
2568 3758 2692 3830 ἔθνη
2734 3757 3129 3825 ἐξαπέστειλεν.
3161 3777 3179 3810 ι
3236 3757 3388 3811 Ἐπεὶ
3411 3758 3506 3811 καὶ
3533 3758 3765 3812 ἐνταῦθα

501 3849 614 3895 tum
640 3840 897 3896 audivita
925 3843 1178 3912 Domino,
1236 3846 1384 3903 hunc
1415 3848 1595 3905 locum
1631 3850 1745 3921 jam
1771 3852 1908 3908 satis
1944 3868 2084 3908 enu-

2186 3852 2391 3924 Κύριος
2425 3853 2454 3905 6
2490 3852 2623 3915 Θεὸς
2656 3849 2828 3922 ἀκοὴν
2856 3852 3054 3921 ήκουσε
3089 3848 3241 3922 παρὰ
3277 3850 3506 3921 Κυρίου,
3534 3850 3764 3915 εἰκότως

497 3932 810 3990 cleavimus.

2185 3945 2645 4017 ἐσημειωσάμεθα
2665 3943 2757 3998 τὸν
2778 3944 2960 4000 τόπον.

1085 4049 1315 4107 CAPUT
1347 4024 1490 4109 xvi.

2692 4058 3090 4113 κεφΑΑΑιοΝ
3134 4059 3250 4126 ις’.

1157 4167 1242 4222 Ea:
1262 4167 1425 4227 lana.
2730 4176 2764 4229 Ἄ

2730 4171 2863 4229 Ἀπὸ
2902 4171 3010 4227 τοῦ
3051 4170 3227 4229 Ἰωνᾶ.

562 4271 818 4332 Partilem
873 4279 1091 4350 proprie
1142 4281 1211 4337 de
1281 4281 1501 4339 Christo
1563 4285 1900 4355 prophetiam
1969 4304 2078 4345 non

2253 4290 2497 4363 Μερικὴν
2540 4290 2641 4361 μὲν
2684 4289 2828 4353 ἰδίως
2858 4289 2986 4361 περὶ
3026 4286 3119 4342 τοῦ
3154 4284 3392 4359 Χριστοῦ
3422 4284 3760 4356 προφητείαν

492 4366 802 4426 invenimus
836 4371 889 4425 in
919 4372 1022 4429 hoc
1042 4374 1185 4433 loco.
1237 4373 1373 4432 Cum
1406 4385 1585 4432 autem
1615 4377 1682 4431 ad
1710 4380 2076 4449 postulantem

2181 4386 2279 4456 οὐχ
2311 4385 2547 4458 εὕρομεν
2570 4387 2628 4438 ἐν
2655 4382 2733 4454 τῷ
2763 4381 3125 4453 προκειμένῳ·
3160 4378 3284 4432 ἐπεὶ
3308 4378 3366 4433 δέ
3394 4377 3529 4450 πρὸς
3552 4378 3655 4449 τὴν
3684 4379 3760 4430 αῖ-

492 4471 523 4513 a
575 4456 809 4515 Domino
869 4463 1082 4533 signum
1138 4466 1569 4535 generationem,
1602 4466 1739 4522 nihil
1769 4469 1921 4526 aliud
1955 4472 2078 4528 dix-

2178 4456 2492 4526 τοῦσαν-τδν
2523 4471 2754 4542 Σωτῆρα
2796 4473 3021 4542 σημεῖον
3061 4467 3254 4538 γενεὰν
3279 4468 3380 4521 οὐκ
3404 4466 3531 4521 ἄλλο
3555 4466 3762 4538 ἔφησεν

494 4551 536 4604 it
572 4550 812 4607 dandum
861 4568 1004 4617 esse,
1054 4553 1159 4609 nisi
1218 4553 1370 4610 Iona:
1413 4556 1691 4627 prophetae
1713 4558 1952 4631 signum,
1982 4563 2076 4619 ad—

2150 4562 2316 4633 παύτῇ
2356 4559 2674 4631 δοθήσεσθαι
2714 4559 2749 4630 ἣ
2787 4558 2845 4612 τὸ
2885 4561 3107 4630 σημεῖον
3150 4558 3304 4612 Ἰωνᾶ
3331 4556 3425 4611 τοῦ
3453 4557 3757 4629 προφήτου,

487 4643 685 4713 jiciens
709 4663 720 4697 :
740 4664 774 4715 ,ρ
803 4643 955 4700 Sicut
976 4646 1119 4701 enim
1140 4645 1427 4707 fuitJonas
1480 4650 1536 4707 in
1551 4665 1739 4711 ventre
1763 4657 1869 4712 ceti
1896 4657 2072 4714 tribus

2181 4653 2476 4723 ἐπαγαγὼν
2512 4652 2591 4717 τὸ,
2630 4671 2649 4703 ι
2686 4652 2899 4722 Ὥσπερ
2924 4650 3034 4722 γὰρ
3057 4646 3129 4723 ἦν
3170 4650 3352 4713 Ἰωνᾶς
3389 4651 3446 4703 ἐν
3479 4652 3545 4721 τῇ
3579 4649 3760 4721 κοιλία

489 4734 688 4791 diebus
734 4745 789 4791 et
820 4737 996 4792 tribus
1051 4740 1328 4806 noctibus,
1369 4742 1451 4799 sic
1494 4744 1598 4799 erit
1630 4743 1803 4803 Filius
1834 4749 2070 4807 hominis

2178 4746 2272 4800 τοῦ
2306 4747 2505 4818 κήτους
2542 4748 2692 4817 τρεῖς
2725 4743 2941 4816 ἡμέρας
2986 4744 3080 4798 καὶ
3119 4745 3269 4816 τρεῖς
3317 4743 3536 4805 νύκτας,
3584 4741 3757 4804 οὕτως

491 4827 543 4880 in
568 4827 733 4883 corde
765 4835 928 4884 terra:
959 4830 1135 4887 tribus
1157 4831 1350 4889 diebus
1377 4843 1431 4890 et
1464 4835 1642 4892 tribus
1667 4839 1920 4896 noctibus
1937 4840 2018 4907 “;
2046 4861 2069 4894 ι

2178 4838 2331 4895 ἔσται
2366 4839 2460 4892 καὶ
2485 4840 2514 4892 6
2540 4837 2669 4902 Υἱὸς
2686 4835 2781 4890 τοῦ
2815 4835 3104 4907 ἀνθρώπου
3139 4839 3196 4889 ἐν
3216 4837 3282 4907 τῇ
3311 4834 3504 4907 καρδίᾳ
3530 4834 3630 4905 τῆς
3647 4834 3754 4904 γῆς

490 4919 571 4972 sic
613 4926 669 4974 et
706 4934 806 4975 nos
840 4936 939 4990 pro
988 4923 1316 4979 necessitate
1368 4925 1510 4981 hanc
1549 4943 1768 4999 quoque
1802 4930 1858 4987 in
1912 4932 2067 4990 testi-

2174 4934 2327 5004 τρεῖς
2362 4930 2580 5003 ἡμέρας
2629 4929 2723 4984 καὶ
2750 4931 2900 5002 τρεῖς
2933 4928 3151 4993 νύκτας·
3185 4950 3205 4982 ι
3249 4928 3439 4982 τούτου
3484 4927 3548 4999 δὴ
3594 4927 3752 4997 χάριν

491 5013 691 5069 moniis
719 5014 786 5069 de
810 5014 1029 5071 Christo
1062 5018 1403 5087 prophetiam
1429 5020 1814 5079 indicavimus.

2174 5024 2487 5094 ἀναγκαίως
2519 5023 2614 5078 καὶ
2642 5022 2847 5095 ταύτην
2879 5024 2936 5076 ἐν
2969 5025 3083 5087 ταῖς
3114 5023 3244 5094 περὶ
3276 5019 3509 5078 Χριστοῦ
3540 5036 3750 5090 μαρτυ-

2185 5118 2324 5189 ρίαις
2349 5115 2803 5189 ὲσημειωσάμεθα
2845 5114 2941 5187 τὴν
2975 5115 3217 5187 Γραφήν.

1056 5212 1287 5270 CAPUT
1312 5215 1476 5274 XVII.

2686 5227 3083 5284 ΚΕΦΑΛΑΙΟΝ
3132 5227 3229 5281 IZ’.

1084 5328 1167 5384 Ex
1215 5329 1459 5389 Niciam.
2440 5317 2449 5325 ’
2502 5342 2563 5414 (τ.
2596 5342 2666 5399 30

2440 5317 2449 5325 ’
2502 5342 2563 5414 (f.
2596 5342 2666 5399 σο
2693 5342 2779 5413 νο)
2823 5340 2959 5396 Ἀπὸ
3004 5338 3111 5395 τοῦ
3143 5340 3414 5409 Μειχαία.

566 5458 587 5492 ι
617 5441 756 5506 Quia
787 5455 917 5496 ecce
955 5442 1221 5501 Dominus
1252 5449 1563 5520 egredietur
1589 5454 1804 5509 deloco
1838 5471 1967 5512 suo:
2010 5464 2065 5513 et

2250 5479 2267 5510 ι
2311 5460 2475 5521 Διότι,
2524 5458 2654 5520 ἰδοὺ,
2695 5454 2902 5526 Κύριος
2921 5456 3127 5527 Κύριος
3160 5454 3519 5527 ἐκπορεύεται
3552 5455 3616 5506 ὲκ
3648 5451 3743 5504 τοῦ

483 5532 799 5599 descendet,
816 5546 865 5589 et
889 5536 1124 5593 calcabit
1146 5556 1312 5611 super
1331 5545 1547 5602 excelsa
1576 5554 1754 5615 teme,
1788 5556 1844 5605 et
1867 5564 2067 5605 consu-

2169 5554 2340 5607 τόπου
2384 5551 2572 5616 αὑτοῦ,
2616 5552 2710 5605 καὶ
2740 5550 3129 5622 καταϐήσεται,
3161 5548 3255 5604 καὶ
3289 5548 3608 5619 ἐπιϐήσεται
3652 5546 3747 5597 ἐπὶ

489 5633 708 5681 meutur
736 5636 951 5684 montes
1007 5632 1203 5690 subtus
1236 5650 1360 5689 eum
1395 5657 1405 5694 ς
1457 5648 1507 5695 ct
1541 5642 1711 5698 valles
1747 5642 2066 5700 scindentur

2170 5644 2237 5698 τὰ
2267 5643 2374 5715 ὕψη
2413 5644 2512 5714 τῆς
2546 5645 2666 5715 γῆς,
2699 5644 2792 5697 καὶ
2820 5641 3211 5713 σαλευθήσεται
3234 5640 3302 5695 τὰ
3328 5640 3429 5712 ὅρη
3462 5638 3748 5694 ὑποκάτω-

551 5804 595 5837 ⁴⁹
626 5805 814 5863 Matth.
856 5824 924 5875 χ,
957 5808 1008 5863 5.
1088 5808 1315 5872 "Amos
1352 5830 1422 5882 tv,
1463 5815 1545 5873 ll.
1626 5818 1666 5851 “
1697 5818 1826 5876 Gen.
1867 5837 1977 5887 vix,
2010 5821 2099 5878 24.
2179 5820 2408 5881 "Amos
2455 5837 2527 5888 tv,
2567 5821 2747 5893 l2,l5.
2827 5823 3022 5881 “Altd.
3060 5841 3097 5894 ι,
3137 5825 3182 5883 I.
3262 5823 3743 5881 "MalleHJO-
