4070 6464
379 297 514 354 Nil

1406 297 1704 355 εειοοΕ
1743 295 2460 354 PROPHETICE.—LIB.
2503 298 2592 354 lll‘.

3516 302 3650 366 “ﬂ

378 415 474 467 θεν
507 413 693 480 αὑτοῦ,
727 416 821 471 καὶ
852 419 908 472 αἱ
934 416 1175 482 κοιλάδες
1199 419 1528 491 τακήσονται
1558 420 1635 485 ὼς
1660 423 1832 495 κηρὸς
1862 424 1965 478 ἀπὸ

2073 424 2218 479 sicut
2259 438 2447 479 cera‘a
2483 422 2624 479 facie
2678 422 2822 494 ignis
2852 425 2919 480 ³⁸.
2954 443 2973 476 ι
3031 421 3106 479 De
3149 421 3393 479 secunda
3443 421 3650 478 Christi

379 507 674 580 προσώπου
715 511 906 579 πυρός.
944 530 963 563 ι
1001 511 1137 583 Περὶ
1168 511 1267 582 τῆς
1310 510 1570 584 δευτέρας
1609 513 1703 568 τοῦ
1735 514 1969 587 Χριστοῦ

379 598 684 672 παρουσίας
718 600 892 655 ταῦτα
916 600 1169 671 λέγεσθαι
1196 601 1594 674 ὑπειλήφαμεν.

901 715 1301 771 ΚΕΦΑΛΑΙΟΝ
1343 716 1453 772 IH'.

999 829 1109 884 Τοῦ
1143 830 1352 885 αὑτοῦ.
1694 906 1697 907 ν

460 962 479 995 ι
527 942 823 997 Ἀκούσατε
845 943 909 1017 δὴ
938 945 1132 1016 ταῦτα,
1153 947 1204 999 οί
1232 946 1547 1018 ἡγούμενοι,
1567 950 1715 1003 οίκου
1750 949 1967 1013 Ἰακὼϐ,

379 1037 478 1091 καὶ
518 1038 566 1090 oi
607 1035 927 1091 κατάλοιποι
967 1037 1116 1092 οίκου
1168 1038 1416 1112 Ἰσραὴλ,
1458 1041 1507 1093 oi
1556 1039 1970 1112 βδελυσσόμενοι

379 1131 580 1201 κρῖμα,
613 1128 708 1182 καὶ
743 1128 923 1184 πάντα
949 1130 1019 1185 τά
1056 1128 1193 1203 ὀρθὰ
1217 1130 1655 1204 διαστρέφοντες,
1685 1135 1735 1187 οί
1768 1133 1971 1188 οἰκοδο-

382 1219 614 1291 μοῦντες
633 1219 772 1275 Σιὼν
794 1223 853 1275 ὲν
868 1222 1115 1294 αἴμασιν,
1133 1223 1222 1277 καὶ
1255 1223 1609 1297 Ἰερουσαλὴμ
1620 1228 1679 1280 ἐν
1707 1225 1964 1293 ἀδικίαις,

387 1315 436 1368 oi
454 1313 744 1385 ἡγούμενοι
777 1314 947 1384 αὐτῆς
983 1314 1120 1385 μετά
1147 1312 1334 1387 δώρων
1352 1313 1583 1387 ἔκρινον,
1602 1317 1697 1371 καὶ
1722 1318 1770 1370 οί
1804 1320 1968 1391 ἱερεῖς

379 1405 553 1476 αὐτῆς
593 1403 732 1476 μετά
789 1405 982 1478 μισθοῦ
1037 1407 1415 1479 ἀπεκρίνοντο,
1454 1410 1550 1463 καὶ
1598 1410 1655 1462 oi,
1696 1413 1975 1482 προφῆται

377 1499 552 1570 αὐτῆς
582 1498 722 1570 μετὰ
751 1498 1015 1572 ἀργυρίου
1041 1499 1424 1570 ἐμαντεύοντο,
1461 1503 1557 1556 καὶ
1600 1502 1693 1556 ἐπὶ
1731 1503 1822 1557 τὸν
1854 1505 1969 1559 Κύ-

382 1607 498 1664 ριον
538 1590 963 1658 ἔπανεπαύοντο,
1005 1590 1273 1661 λέγοντεςο
1317 1593 1452 1664 υύχὶ
1499 1593 1706 1664 Κύριος
1741 1596 1801 1649 ὲν
1835 1597 1967 1667 ἡμῖν

379 1682 562 1749 tactv;
604 1683 667 1737 οὐ
714 1684 789 1755 μὴ
836 1681 1038 1757 ἐπέλθῃ
1080 1684 1168 1754 ἐφ’
1212 1686 1360 1755 ἡμᾶς
1402 1685 1568 1739 κακά·
1602 1685 1687 1740 διὰ
1719 1686 1877 1741 τοῦτο
1898 1688 1965 1741 δι’

2077 513 2526 571 manifestatione
2550 514 2665 571 haec
2706 514 2816 571 dici
2845 514 3295 571 existimavimus.

2627 714 3095 773 CAPUTXVHL

2706 826 2789 881 Ea:
2820 832 3021 884 eodem.

2149 960 2167 993 ι
2190 941 2390 997 Audite
2423 942 2550 1006 hoc,
2583 942 2858 1012 principes
2904 941 3100 998 domus
3126 940 3326 1006 Jacob,
3359 952 3412 997 et
3435 940 3651 1012 judice:

2070 1034 2266 1088 domus
2318 1031 2505 1096 Israel,
2538 1032 2631 1103 qui
2681 1032 3068 1089 abominamini
3094 1032 3449 1103 judicium,et
3468 1032 3650 1087 omnia

2072 1134 2221 1182 recta
2263 1126 2604 1196 pervertitis.
2634 1125 2739 1193 Qui
2770 1125 3053 1197 aedificatis
3109 1124 3241 1181 Sion
3281 1126 3337 1179 in
3370 1123 3653 1196 sanguini-

2070 1222 2195 1285 bus,
2236 1227 2291 1275 et
2311 1217 2617 1276 Jerusalem
2673 1220 2731 1274 in
2784 1219 3096 1291 iniquitate.
3134 1219 3419 1291 Principes
3447 1220 3566 1291 ejus
3593 1219 3651 1275 in

2071 1310 2395 1368 muneribus
2412 1311 2761 1383 judicabant,
2810 1321 2866 1368 et
2912 1311 3226 1369 sacerdotes
3258 1314 3380 1384 ejus
3417 1313 3471 1369 in
3504 1328 3648 1369 mer-

2069 1402 2203 1460 cede
2230 1403 2521 1469 docebant,
2546 1413 2599 1460 et
2628 1405 2907 1474 propheta:
2929 1404 3050 1475 ejus
3082 1406 3137 1460 in
3171 1406 3404 1476 pecunia
3433 1405 3649 1461 divina-

2070 1497 2203 1552 bant
2236 1515 2250 1552 :
2277 1504 2332 1552 et
2362 1512 2531 1568 super
2560 1497 2854 1554 Dominum
2905 1498 3343 1569 requiescebant,
3374 1499 3645 1554 dicentes:

2068 1584 2324 1658 Nunquid
2350 1603 2460 1643 non
2486 1585 2755 1643 Dominus
2790 1586 2847 1641 in
2871 1587 3051 1643 medio
3091 1587 3381 1643 nostrum?
3412 1585 3531 1642 Non
3557 1600 3650 1641 ve-

2067 1677 2222 1733 nient
2271 1692 2438 1748 super
2487 1693 2589 1733 nos
2620 1679 2783 1737 mala.
2819 1677 3053 1750 Propter
3095 1679 3221 1743 hoc,
3254 1693 3423 1735 causa
3458 1677 3646 1743 vestri,

380 1772 526 1845 ὑμᾶς
561 1773 702 1829 Σιὼν
737 1775 813 1838 ὼς
852 1774 1019 1847 ἀγρὸς
1047 1776 1528 1850 ἀροτριαθήσεται,
1562 1777 1657 1832 καὶ
1687 1779 1964 1851 Ἰερουσα-

2068 1768 2200 1826 Sion
2218 1772 2376 1842 quasi
2406 1787 2536 1843 ager
2562 1772 2826 1842 arabitur,
2842 1779 2895 1828 et
2917 1770 3218 1831 Jerusalem
3236 1772 3395 1845 quasi
3418 1786 3651 1828 acervus

379 1866 493 1938 λὴμ
526 1867 602 1932 ὡς
628 1865 1080 1940 όπωροφυλάκιον
1109 1867 1286 1935 ἔσται,
1317 1869 1413 1923 κα)⁵
1443 1869 1505 1923 τὸ
1534 1868 1658 1941 ὅρος
1690 1869 1784 1923 τοῦ
1818 1872 1965 1926 οίκου

381 1962 462 2026 εἰς
485 1959 644 2025 ἄλσος
666 1960 893 2033 δρυμοῦ.
921 1961 1031 2015 Καὶ
1057 1961 1208 2016 ἔσται
1239 1965 1326 2016 ἐπ’
1354 1963 1584 2034 ἐσχάτου
1613 1962 1723 2017 τῶν
1747 1964 1967 2036 ἡμερῶν

380 2054 619 2124 ἐμφανὲς
657 2054 717 2108 τὸ
747 2054 873 2127 ὅρος
920 2054 1150 2127 Κυρίου,
1192 2055 1410 2128 ἕτοιμον
1449 2056 1540 2109 ἐπὶ
1582 2056 1682 2121 τὰς
1721 2058 1966 2128 κορυφὰς

380 2144 488 2196 τῶν
519 2145 711 2217 ὁρέων,
744 2146 838 2199 καὶ
871 2144 1377 2217 μετεωρισθήσεται
1407 2147 1662 2219 ὑπεράνω
1699 2147 1807 2201 τῶν
1845 2146 1969 2219 βου-

380 2235 507 2289 νῶν·
536 2237 629 2290 καὶ
657 2236 877 2309 ἥξουσιν
904 2240 991 2291 ἐπ’
1023 2238 1156 2293 αὐτὸ
1188 2239 1328 2304 λαοὶ,
1361 2239 1456 2292 καὶ
1488 2239 1845 2312 πορεύσονται
1878 2240 1969 2292 ἐπ’

380 2326 511 2380 αὐτὸ
537 2326 663 2398 ἔθνη
687 2328 855 2382 πολλά
885 2329 979 2383 καὶ
1009 2326 1247 2400 ἐροῦσιν·
1284 2328 1451 2382 Δεῦτε
1478 2329 1771 2401 ἀναδῶμεν
1803 2331 1882 2395 εἰς
1905 2330 1981 2385 τὸ.

380 2415 505 2489 δρος
540 2418 768 2489 Κυρίου,
804 2418 897 2472 καὶ
935 2420 1014 2482 είς
1052 2417 1142 2472 τὸν
1165 2412 1311 2472 οἷκον
1333 2417 1427 2471 τοῦ
1450 2417 1585 2472 Θεοῦ
1626 2417 1839 2473 Ἰακώὸο
1873 2420 1966 2474 καὶ

380 2507 646 2576 δείξουσιν
674 2512 806 2581 ἡμῖν
848 2510 948 2585 τὴν
980 2510 1099 2565 ὁδὸν
1130 2509 1321 2575 αὐτοῦ,
1366 2509 1462 2564 καὶ
1502 2510 1881 2583 πορευσόμεθα
1906 2514 1964 2565 ἐν

381 2604 496 2666 satis
536 2600 742 2673 τρίϐοις
783 2603 966 2658 αὐτοῦ·
1002 2606 1083 2659 ὅτι
1127 2607 1192 2660 ἐκ
1226 2605 1364 2661 Σιὼν
1396 2607 1738 2676 ἐξελεύσεται
1778 2609 1962 2680 νόμος,

382 2694 475 2746 καὶ
507 2693 663 2763 λόγος
697 2695 905 2766 Κυρίου
939 2697 997 2764 ἐξ
1040 2699 1415 2771 Ἰερουσαλὴμ,
1452 2699 1546 2754 καὶ
1568 2704 1745 2775 κρινεῖ
1762 2702 1966 2773 ἀναμέ-

383 2803 473 2840 σον
502 2786 649 2841 λαῶν
685 2786 916 2854 πολλῶν,
963 2791 1058 2843 καὶ
1088 2791 1297 2862 ἐλέγξει
1337 2793 1465 2847 λαὸν
1501 2794 1717 2865 ἰσχυρὸν
1746 2795 1852 2860 ἓως
1884 2797 1964 2860 είς

383 2877 619 2951 μακράνο
656 2880 747 2933 καὶ
788 2881 1190 2951 κατακόψουσιν
1220 2884 1320 2948 τάς
1362 2885 1637 2958 μαχαίρας
1668 2885 1849 2940 αὐτῶν
1883 2887 1964 2951 εἰς

380 2970 604 3043 ἄροτρα,
652 2971 747 3025 καὶ
786 2972 884 3037 τὰς
935 2972 1156 3038 ζιϐύνας
1202 2976 1383 3031 αὐτῶν
1417 2979 1497 3042 είς
1543 2978 1821 3051 δρέπανα·
1868 2976 1967 3032 καί⁸

380 3061 562 3116 οὐκέτι
593 3062 704 3137 ἄρῃ
735 3062 886 3129 ἔθνος
918 3066 1004 3118 ἐπ’
1032 3066 1186 3132 ἔθνος
1219 3069 1516 3142 μάχαιραν,
1548 3070 1642 3123 καὶ
1669 3070 1855 3124 οὐκέτι
1884 3071 1973 3145 μὴ.

2067 1862 2310 1931 lapidum
2339 1863 2466 1932 erit,
2500 1872 2554 1919 et
2577 1879 2737 1920 mons
2768 1864 2956 1935 templi
3010 1866 3065 1921 in
3112 1867 3329 1922 excelsa
3362 1866 3643 1923 silvarum.

2067 1952 2134 2009 Et
2161 1953 2309 2010 erit:
2350 1956 2412 2008 In
2477 1954 2779 2012 novissimo
2824 1955 3038 2011 dierum
3091 1957 3195 2012 erit
3244 1972 3405 2012 mons
3450 1955 3646 2011 domus

2067 2042 2281 2099 Domini
2335 2052 2674 2114 praeparatus
2720 2045 2777 2099 in
2811 2046 3014 2102 vertice
3068 2046 3360 2112 montium,
3389 2056 3443 2102 et
3472 2046 3648 2103 subli-

2067 2137 2173 2192 mis
2203 2150 2369 2206 super
2390 2137 2561 2192 colles
2587 2153 2600 2188 :
2629 2146 2684 2193 et
2710 2135 2878 2192 fluent
2919 2137 2987 2193 ad
3019 2153 3142 2193 eum
3167 2139 3375 2209 populi.
3400 2136 3467 2193 Et
3515 2152 3644 2209 pro-

2068 2230 2339 2301 perabunt
2366 2238 2557 2300 gentes
2583 2230 2787 2293 multae,
2828 2237 2884 2285 et
2927 2229 3113 2285 dicent
3145 2245 3159 2284 :
3214 2230 3427 2297 Venite,
3457 2245 3650 2287 ascen-

2068 2320 2266 2376 damus
2296 2319 2365 2375 ad
2395 2328 2635 2375 montem
2668 2320 2883 2377 Domini
2914 2361 2930 2387 ,
2963 2331 3017 2377 et
3042 2322 3109 2377 ad
3138 2321 3359 2377 domum
3414 2321 3508 2379 Dei
3554 2320 3648 2377 Ja-

2068 2413 2212 2481 cob;
2245 2421 2302 2469 et
2328 2414 2547 2470 docebit
2598 2429 2701 2469 nos
2751 2414 2819 2470 de
2854 2414 2960 2470 viis
2988 2416 3125 2479 suis,
3158 2423 3213 2470 et
3244 2415 3446 2472 ibimus
3478 2416 3532 2470 in
3559 2430 3651 2472 se-

2077 2507 2229 2563 mitis
2253 2507 2399 2577 ejus,
2426 2507 2556 2577 quia
2584 2506 2651 2564 de
2676 2504 2806 2561 Sion
2851 2507 3165 2578 egredietur
3188 2509 3297 2574 lex,
3334 2517 3388 2564 et
3419 2510 3646 2566 verbum

2068 2602 2283 2659 Domini
2324 2601 2392 2658 de
2442 2600 2774 2661 Jerusalem.
2831 2601 2899 2657 Et
2945 2602 3215 2673 judicabit
3249 2604 3389 2659 inter
3416 2606 3648 2675 populos

2068 2694 2291 2759 multos,
2315 2701 2372 2750 et
2410 2693 2675 2764 corripiet
2709 2702 2901 2766 gentes
2953 2693 3125 2751 fortes
3159 2711 3335 2768 usque
3356 2697 3409 2752 in
3440 2698 3657 2769 longin-

2066 2802 2234 2857 quum
2268 2805 2282 2841 :
2317 2792 2373 2841 et
2403 2786 2697 2843 concident
2755 2786 2966 2858 gladios
3015 2803 3147 2843 suos
3182 2788 3237 2842 in
3267 2803 3539 2855 vomeres,
3593 2798 3648 2844 et

2068 2875 2264 2933 hastas
2320 2892 2454 2933 suas
2486 2876 2540 2932 in
2590 2877 2805 2949 ligones
2832 2897 2845 2932 :
2880 2894 2991 2934 non
3022 2888 3203 2935 sumet
3225 2894 3359 2950 gens
3384 2878 3648 2935 adversus

2065 2977 2280 3041 gentem
2299 2969 2541 3041 gladium
2564 2985 2580 3021 :
2604 2978 2657 3025 et
2674 2986 2784 3026 non
2801 2970 3016 3028 discent
3039 2972 3181 3027 ultra
3203 2971 3526 3043 belligerare
3541 2972 3606 3027 “.
3622 2992 3642 3026 υ

2064 3058 2363 3132 Postquam
2389 3076 2545 3118 sacer
2567 3076 2749 3117 sermo
2776 3062 2911 3118 dixit
2930 3063 3076 3134 quod
3098 3072 3322 3134 propter
3335 3061 3363 3117 J
3371 3062 3646 3119 udzeorum

382 3150 593 3224 μάθωσι
627 3154 902 3225 πολεμεῖν.
941 3175 959 3207 ι
1012 3157 1196 3212 Εἰπὼν
1240 3162 1269 3213 ὁ
1310 3160 1465 3230 λόγος
1498 3162 1575 3227 ὡς
1607 3161 1717 3234 ἄρα
1747 3161 1833 3216 διὰ
1864 3163 1964 3228 τὰς

2067 3152 2253 3224 populi
2280 3152 2603 3225 iniquitates
2640 3172 2659 3207 ι
2689 3169 2849 3210 mons
2874 3153 3007 3211 Sion
3034 3155 3194 3226 quasi
3220 3170 3349 3227 ager
3376 3155 3645 3223 arabitur,

380 3244 691 3312 δυσσεϐείας
714 3248 807 3302 τοῦ
851 3249 1119 3304 Ἰουδαίων
1143 3251 1272 3307 λαοῦ
1304 3253 1365 3307 τὸ
1400 3254 1499 3326 μὲν
1527 3273 1546 3305 ι
1579 3252 1718 3309 Σιὼν
1738 3253 1864 3326 ὅρος
1888 3254 1965 3319 ὼς

380 3338 549 3408 ἀγρὸς
589 3340 1068 3414 ἀροτριαθήσεται,
1114 3364 1132 3396 ι
1158 3347 1191 3417 ἡ
1220 3345 1276 3399 δὲ
1309 3346 1574 3419 πρότερον
1600 3346 1964 3418 νενομισμένη

382 3431 536 3496 πόλις
560 3433 689 3503 ἁγία
718 3451 738 3485 ι
782 3434 1140 3508 Ἰερουσαλὴμ
1169 3437 1245 3502 ὼς
1266 3439 1713 3510 όπωροφυλὰκιον
1736 3438 1910 3506 ἔσται,
1940 3458 1959 3491 ι

382 3522 506 3596 ἑξῆς
538 3526 870 3598 προφητεύει
895 3531 1025 3601 περ)⁸
1051 3530 1240 3602 ἑτέρου
1265 3531 1426 3602 ὅρους
1453 3533 1681 3603 Κυρίου,
1709 3534 1848 3604 ὅπερ
1873 3532 1966 3586 ἐπὶ

380 3617 474 3672 τοῦ
507 3619 604 3691 τῆς
644 3621 980 3692 προφητείας
1011 3622 1202 3695 καιροῦ
1243 3624 1563 3695 ύφειστήκει
1606 3627 1724 3698 μὲν,
1764 3628 1826 3681 ού
1859 3628 1964 3699 μὴν

381 3713 473 3769 καὶ
500 3713 741 3784 ἐμφανὲς
768 3716 879 3779 τοῖς
918 3713 1168 3785 τυχοῦσιν
1208 3716 1477 3789 ὑπῆρχεν,
1516 3718 1592 3782 ὼς
1630 3720 1717 3773 ἐπ’
1751 3720 1965 3791 ἐσχάτῳ

379 3804 487 3858 τῶν
527 3806 753 3878 ἡμερῶν
801 3807 1285 3880 ἀναφανησομένου
1328 3809 1583 3882 ὑπεράνω
1611 3827 1671 3863 τε
1702 3811 1810 3866 τῶν
1846 3811 1967 3882 βου-

380 3896 487 3949 νῶν
521 3898 615 3951 καὶ
640 3898 749 3951 τῶν
776 3898 950 3971 ὀρέων
981 3898 1577 3972 μετεωρισθησομένουο
1604 3903 1697 3956 ἐπὶ
1725 3902 1884 3956 τοῦτο
1907 3904 1964 3957 δὲ

379 3987 447 4046 τὸ,
464 3990 646 4045 καινὸν
672 3990 797 4061 ὅρος
830 3990 989 4061 ἥξειν.
1015 3992 1044 4043 ὁ
1071 3990 1227 4061 λόγος
1256 3993 1638 4064 προαγορεύει,
1666 3994 1847 4048 ούκέτι
1872 3996 1964 4049 τὸν

392 4080 610 4153 Ἰσραὴλ
637 4084 864 4146 ἐκεῖνον,
894 4081 1057 4147 λαοὺς
1082 4083 1139 4137 δὲ
1172 4085 1267 4138 καὶ
1299 4084 1427 4156 ἔθνη
1462 4085 1633 4140 πολλά
1665 4087 1963 4157 φάσκοντα,

384 4187 404 4221 ι
436 4170 599 4225 Δεῦτε
636 4172 731 4226 καὶ
769 4172 1059 4246 ἀναὸῶμεν
1090 4176 1171 4238 είς
1205 4175 1267 4228 τὺ
1294 4175 1419 4247 δρος
1458 4177 1685 4250 Κυρίου’
1728 4199 1747 4231 ι
1782 4180 1877 4233 καὶ
1902 4180 1963 4234 ού

382 4263 543 4334 μόνον
572 4265 652 4328 είς
683 4264 745 4318 τὸ
768 4266 892 4337 δρος
917 4267 1143 4341 Κυρίου,
1176 4266 1311 4321 ἀλλὰ
1345 4269 1438 4322 καὶ
1472 4272 1553 4335 εἰς
1582 4270 1672 4324 τὸν
1696 4267 1843 4326 οἷκον
1870 4272 1963 4326 τοῦ

380 4355 525 4412 Θεοῦ
563 4356 774 4424 Ἰακὼϐ,
803 4357 989 4431 ἓτερον
1011 4360 1143 4416 ὄντα
1175 4361 1333 4433 δῆλον
1361 4362 1443 4415 ὃτι
1474 4362 1627 4435 παρά
1658 4363 1749 4419 τὸν
1782 4366 1838 4418 ὲν
1870 4366 1966 4419 Ἰε-

383 4450 680 4523 ρουσαλήμ·
714 4450 920 4523 ταύτην
952 4452 1062 4525 γάρ
1093 4453 1473 4525 ἐρημωθεῖσαν
1505 4454 1581 4519 ὼς
1610 4454 1965 4527 όπωροφυλά-

379 4558 498 4595 κιον
526 4541 748 4597 ἔσεσθαι
785 4544 966 4617 μικρῷ
1009 4544 1249 4617 πρόσθεν
1291 4548 1524 4620 εἰρήκει⁸
1562 4547 1871 4613 ἀκολούθως
1907 4546 1965 4601 δὲ

377 4632 458 4706 τῷ
487 4634 550 4688 τὸ
577 4634 717 4689 Σιὼν
751 4635 877 4707 δρος
919 4636 1015 4690 καὶ¹
1054 4636 1154 4709 τὴν
1216 4633 1569 4710 Ἰερουσαλὴμ
1604 4638 1966 4712 ἐρημωθήσε-

380 4726 524 4793 σθαι,
572 4728 737 4801 ἕτερα
781 4728 826 4781 δ’
867 4729 989 4781 ἀντὶ
1028 4729 1232 4783 τούτων
1276 4729 1631 4802 ὀφθήσεσθαι,
1674 4731 1769 4785 καὶ
1803 4730 1969 4802 νόμος

378 4819 563 4893 ἕτερος
582 4820 735 4893 παρά
758 4819 852 4874 τοῦ
879 4820 1159 4885 Μωῦσέως
1178 4820 1235 4887 ἐξ
1262 4820 1423 4892 ὅρους
1456 4822 1657 4895 Χωρὴδ
1687 4822 1967 4894 δεδομένος

379 4909 758 4977 ἐξελεύσεσθαι
808 4913 875 4965 ὲκ
923 4910 1018 4965 τοῦ
1065 4912 1253 4966 καινοῦ
1301 4912 1485 4983 δρους,
1532 4913 1838 4985 ὁμωνύμως
1887 4914 1965 4987 τῷ

380 5004 632 5077 προτέρῳ
664 5002 805 5059 Σιὼν
834 5003 929 5058 καὶ
958 5002 1127 5058 αὐτοῦ
1162 5002 1588 5074 ὀνομαζομένου,
1623 5003 1857 5074 λέγεται·
1887 5006 1968 5060 ἔτι

378 5097 435 5152 δὲ
470 5097 561 5152 καὶ
587 5097 744 5166 λόγος
775 5096 980 5168 Κυρίου
1018 5095 1154 5166 μετά
1186 5093 1280 5148 τοῦ
1323 5094 1512 5149 καινοῦ
1550 5095 1716 5167 νόμου
1750 5098 1966 5170 εἴρηται

380 5190 445 5245 ὲκ
474 5192 574 5262 τῆς
606 5190 735 5255 νέας
777 5189 1152 5262 Ἰερουσαλὴμ,
1178 5187 1266 5259 ’ἥν
1300 5186 1362 5259 (f.
1397 5188 1487 5258 5i)
1524 5184 1670 5243 οἷκον
1701 5190 1796 5243 τοῦ
1829 5191 1963 5245 Θεοῦ

393 5281 585 5337 Ἰακὼϐ
618 5283 877 5354 ἀνωτέρω
910 5284 1228 5354 προσεῖπεν,
1270 5279 1714 5351 προελεύσεσθαι·
1746 5284 1776 5335 ὁ
1806 5283 1965 5353 λόγος

378 5378 472 5431 ἐπὶ
502 5376 677 5430 πάντα
702 5374 770 5429 τὰ
802 5374 928 5445 ἔθνη
959 5372 1238 5447 προελθὼν
1267 5376 1475 5446 κρινεῖν
1501 5374 1606 5429 ἁνά
1634 5375 1797 5446 μέσον
1818 5376 1961 5431 λαῶν

379 5469 589 5523 πολλῶν
640 5468 735 5522 καὶ
781 5465 1022 5534 ἐλέγξειν
1072 5466 1202 5519 λαὸν
1259 5467 1477 5537 ἰσχυρὸν
1538 5467 1957 5539 προηγόρευται,

378 5560 630 5614 τοσοῦτόν
663 5576 723 5612 τε
755 5558 1058 5630 ὠφελήσειν
1084 5557 1170 5611 διὰ
1196 5558 1292 5629 τῆς
1324 5558 1458 5623 ἰδίας
1484 5559 1715 5631 κρίσεως
1749 5560 1841 5615 καὶ
1868 5560 1959 5614 τοῦ

449 5738 493 5771 ⁸⁸
536 5737 697 5796 ὶεὶυιι.
732 5751 773 5804 ι,
813 5736 865 5793 3.
943 5737 987 5769 ’θ
1030 5734 1192 5793 Μίυιι.
1228 5753 1322 5805 ιιι,
1357 5736 1525 5807 9-13;
1564 5754 1638 5804 ιν,
1677 5738 1795 5795 1-5.

2066 3253 2121 3301 et
2179 3244 2512 3309 Jerusalem,
2546 3265 2566 3298 ι
2625 3245 2823 3303 civitas
2881 3254 3074 3303 sancta
3125 3246 3279 3317 prius
3330 3245 3644 3318 praedicata,

2071 3355 2091 3388 ι
2122 3337 2277 3408 quasi
2317 3352 2552 3394 acervus
2587 3337 2829 3408 lapidum
2855 3339 2982 3404 erit,
3016 3358 3035 3391 ι
3071 3341 3335 3396 continuo
3364 3339 3637 3411 propheti-

2066 3436 2155 3484 zat
2179 3429 2247 3484 de
2279 3430 2388 3485 alio
2419 3429 2639 3485 Domini
2666 3439 2873 3499 monte,
2910 3430 3056 3502 quod
3086 3430 3310 3502 quidem
3347 3431 3649 3502 prophetia

2066 3519 2411 3590 temporibus
2441 3521 2714 3584 exstabat,
2751 3520 2995 3576 nondum
3025 3536 3155 3577 vero
3176 3522 3472 3592 praeclarus
3500 3523 3652 3579 vide-

2065 3611 2248 3678 batur,
2279 3613 2428 3669 velut
2457 3614 2549 3684 qui
2575 3613 2632 3669 in
2679 3614 2982 3671 novissimo
3024 3615 3236 3671 dierum
3284 3632 3449 3687 super
3479 3616 3652 3673 colles

2066 3704 2494 3777 conspiciendus
2523 3713 2693 3773 esset,
2736 3716 2790 3764 ct
2812 3708 3066 3765 sublimis
3100 3724 3268 3781 super
3294 3717 3532 3766 montes.
3563 3709 3644 3767 Ad

2066 3796 2216 3851 hunc
2240 3805 2480 3854 montem
2506 3814 2732 3865 novum,
2788 3814 2900 3854 non
2947 3800 3060 3869 jam
3091 3800 3159 3855 ad
3207 3810 3447 3857 montem
3479 3800 3648 3859 Israel

2065 3896 2330 3946 venturos
2354 3905 2477 3947 esse
2503 3889 2790 3962 Scriptura
2809 3894 3028 3947 nuntiat
3054 3894 3287 3964 populos
3337 3896 3648 3967 multasque

2066 3988 2276 4053 gentes,
2306 3982 2589 4038 dicentes:
2632 4001 2650 4034 ι
2690 3980 2907 4049 Venite,
2933 3985 3296 4043 ascendamus
3318 3987 3384 4043 ad
3406 3999 3645 4045 montem

2066 4073 2283 4130 Domini
2309 4093 2357 4143 ς»
2392 4084 2447 4132 et
2480 4091 2588 4131 non
2619 4076 2795 4132 solum
2829 4076 2898 4131 ad
2929 4085 3168 4133 montem
3196 4077 3434 4146 Domini,
3458 4080 3555 4137 sed
3577 4079 3648 4135 ad

2066 4167 2290 4222 domum
2315 4166 2410 4224 Dei
2432 4166 2624 4233 Jacob,
2650 4184 2772 4240 quae
2800 4170 2906 4224 alia
2937 4170 3224 4227 manifeste
3249 4179 3333 4227 est
3357 4188 3426 4229 ac
3447 4174 3647 4233 domus

2067 4259 2122 4314 in
2150 4258 2477 4318 Jerusalem.
2517 4260 2679 4317 Modo
2711 4262 2856 4318 enim
2884 4278 3006 4319 eam
3035 4271 3096 4318 ut
3120 4270 3337 4320 antrum
3371 4266 3646 4338 desertam

2066 4352 2185 4407 fore
2209 4352 2483 4423 praedixit.
2517 4352 2638 4409 Non
2664 4354 2977 4419 inconsulto
3008 4355 3212 4411 dicitur
3238 4355 3372 4414 Sion
3400 4368 3644 4416 montem

2066 4455 2120 4502 et
2145 4444 2448 4504 Jerusalem
2485 4448 2775 4515 vastanda,
2802 4448 2908 4503 alia
2934 4456 3116 4505 autem
3167 4466 3269 4521 pro
3294 4451 3361 4507 ii’s
3407 4467 3645 4509 consur-

1993 4512 2042 4573 θ
2068 4547 2309 4604 rectura,
2345 4549 2401 4595 et
2423 4541 2595 4613 legem
2623 4512 2810 4608 aliam,
2850 4548 3050 4613 praeter
3069 4512 3216 4598 illam
3248 4559 3371 4615 quae
3393 4544 3562 4618 Moysi
3587 4548 3643 4602 in

2066 4628 2251 4687 Hureb
2275 4630 2402 4685 data
2456 4640 2562 4699 est,
2598 4647 2630 4688 c
2668 4647 2814 4688 novo
2861 4643 3047 4692 monte
3094 4633 3457 4705 proditurum,
3511 4637 3646 4693 Sion

2064 4738 2283 4795 quoque
2312 4724 2457 4779 sicut
2490 4724 2677 4797 priore
2705 4726 3009 4782 nominato.
3049 4724 3288 4783 Verbum
3310 4744 3527 4799 quoque
3547 4727 3649 4785 Do-

2064 4818 2199 4872 mini
2222 4832 2348 4873 cum
2373 4834 2515 4874 nova
2546 4819 2664 4890 lege
2683 4818 2888 4874 dicitur
2906 4834 2939 4875 e
2967 4833 3108 4875 nova
3128 4818 3455 4885 Jerusalem,
3480 4835 3646 4891 quam

2063 4909 2286 4965 domum
2335 4909 2430 4966 Dei
2459 4908 2631 4966 Jacoh
2684 4927 2849 4982 supra
2906 4912 3221 4984 appellavit,
3276 4912 3646 4984 proditurum.

2068 5002 2308 5060 Verbum
2342 5005 2507 5077 igitur
2535 5005 2601 5060 ad
2628 5021 2820 5062 omnes
2855 5015 3045 5078 gentes
3074 5006 3338 5078 prodiens
3364 5006 3648 5079 judicatu-

2066 5113 2190 5151 rum
2220 5097 2364 5152 inter
2394 5098 2600 5154 multos
2623 5098 2855 5169 populos
2877 5105 2933 5153 et
2954 5106 3144 5170 gentes
3167 5098 3339 5155 fortes
3363 5107 3649 5173 correptu-

2066 5206 2188 5245 rum
2238 5191 2563 5257 nuntiatur,
2627 5200 2954 5263 tantumque
3012 5190 3360 5264 profuturum
3431 5193 3649 5265 proprio

2061 5281 2271 5353 judicio
2305 5292 2358 5338 et
2404 5283 2752 5354 correptione
2782 5284 2851 5339 iis
2893 5284 2987 5354 qui
3017 5285 3351 5357 corripiendi
3413 5296 3561 5352 sunt,
3592 5294 3650 5340 ut

2069 5373 2309 5445 priorem
2343 5376 2701 5431 immutantes
2723 5384 2979 5432 sanctum
3010 5386 3065 5433 et
3110 5377 3366 5435 hostilem
3399 5378 3646 5434 habitum

2071 5473 2362 5523 mansueto
2390 5475 2446 5522 et
2497 5466 2842 5539 pacifico.....
2889 5466 3018 5525 Haec
3068 5468 3289 5543 quidem
3338 5470 3648 5544 prophetia.

2069 5558 2225 5615 Nunc
2261 5575 2393 5617 vero
2424 5559 2819 5632 speculandum
2872 5577 3059 5620 an.....
3113 5564 3415 5621 Salvatoris
3473 5565 3645 5620 nostri
