4096 6412
433 361 572 417 ωδ
1074 355 1347 413 EL'SEBII
1394 352 1876 413 CASSABIENSIS
1909 356 2060 413 OPP.
2103 356 2287 414 PARS
2320 357 2405 414 Ill.
2447 388 2517 404 --ι
2557 346 2974 416 EXEGETlCAs
3558 355 3693 413 1144

430 476 778 550 ρτωεειιιὶεω
836 481 1060 545 propter
1114 470 1568 531 mditieantes.....
1641 476 2005 547 sanguinibus

2106 476 2330 548 ἐλέγχου
2357 478 2484 541 τοὺς
2513 475 3026 548 ἐλεγχθησομένους,
3051 474 3129 539 ὡς
3145 472 3245 544 τῆς
3277 472 3545 547 προτέρας
3584 494 3686 546 με-

431 568 823 640 prophetarum
847 565 1130 637 ipsiusque
1152 564 1357 621 Christi
1389 575 1445 621 et
1503 606 1517 620 .
1540 608 1554 622 .
1585 607 1599 619 .
1633 610 1648 624 .
1679 608 1695 624 .
1736 568 2005 624 stolorum

2107 566 2439 631 ταδαλόντας
2479 568 2639 635 ἁγίας
2682 568 2776 621 καὶ
2819 564 3119 637 πολεμικῆς
3163 564 3546 630 καταστάσεως
3596 567 3689 619 τὸν

430 661 584 731 ejus;
611 673 750 730 quos
771 659 829 714 in
859 657 1294 728 ipsxlerusalem
1335 656 1649 714 Judarorum
1680 659 1906 716 sustulit

2108 659 2313 732 ἤρεμον
2341 658 2435 713 καὶ
2461 658 2732 731 είρηνικὸν
2757 661 2864 711 ἐπ.
2911 695 2927 709 .
2970 695 2985 710 .
3029 696 3044 710 .
3088 696 3105 711 .
3154 695 3167 709 .
3210 694 3225 709 .
3268 695 3285 710 .
3326 694 3343 711 .
3378 654 3687 726 Ταῦταμέν

432 751 716 821 (populus)
841 759 1064 821 propter
1079 765 1175 805 eos
1206 751 1299 821 qui
1318 765 1658 821 quaecunque
1693 752 1746 806 in
1771 751 2010 823 prophe-

2107 736 2511 823 ἡᾏτροφητεία·
2541 754 2761 805 σκοπεῖν
2786 751 2845 806 δέ
2882 748 3143 821 πάρεστιν
3177 751 3290 820 sip.
3316 787 3331 801 .
3358 789 3374 804 .
3400 790 3414 803 .
3448 788 3463 803 .
3494 789 3509 803 .
3543 786 3560 803 .
3587 746 3684 802 τοῦ

432 843 508 897 tia
525 841 823 898 sustul.....
850 849 1110 899 curantes
1137 840 1269 898 Sion
1289 854 1528 900 montem
1552 843 1701 898 velut
1735 857 2005 913 nusquam

2109 845 2360 915 Σωτῆρος
2379 842 2536 914 ἡμῶν
2558 844 2856 913 παρουσίαν
2869 843 2959 899 διὰ
2972 845 3097 908 τοὺς
3110 842 3586 913 οἰκοδομήσαντας.
3597 881 3611 894 .

431 934 569 989 alias
747 932 1050 989 Jerusalem
1109 944 1417 1006 expugnata
1464 945 1567 992 est.
1602 934 1847 1002 Quorum
1882 944 2008 1006 post

2109 938 2221 994 τοῖς
2256 934 2450 1007 αἵμασι
2485 935 2593 990 τῶν
2620 952 2680 988 τε
2714 935 3004 1008 προφητῶν
3022 935 3116 989 καὶ
3141 931 3304 987 αὐτοῦ
3329 932 3423 986 τοῦ
3447 930 3690 1002 Χριστοῦ

433 1024 871 1095 reprobationem
1042 1033 1095 1081 et
1124 1024 1256 1080 Sion
1285 1043 1444 1083 mons
1464 1029 1704 1084 caelestis
1728 1027 1841 1084 Dei.
1868 1028 2011 1096 Quo—

2112 1029 2206 1083 xz't
2225 1045 2323 1083 τω.
2345 1069 2358 1082 .
2393 1068 2407 1082 .
2452 1067 2466 1082 .
2501 1067 2516 1081 .
2556 1027 2663 1082 λων
2708 1028 2892 1081 αὑτοῦ·
2928 1026 3024 1092 οὓς
3056 1029 3114 1082 ὲν
3145 1028 3279 1099 αὐτῇ
3313 1027 3379 1097 τῇ
3417 1025 3691 1095 Ἰερουσα-

432 1130 553 1170 rum
580 1115 920 1173 exsistebant
1115 1119 1312 1174 umbra
1354 1128 1409 1175 et
1440 1122 1554 1191 typi
1590 1128 1646 1175 et
1674 1122 2009 1192 exemplaria

2114 1119 2226 1192 λὴμ
2252 1122 2281 1175 ὁ
2317 1121 2585 1174 Ἰουδαίων
2611 1121 2788 1174 ἀνεῖλε
2820 1118 2851 1171 λ
2876 1159 2889 1172 .
2936 1160 2951 1174 .
2995 1159 3012 1174 .
3055 1159 3072 1176 .
3113 1160 3129 1175 .
3158 1117 3249 1172 διὰ
3270 1118 3397 1181 τοὺς
3423 1114 3492 1169 τὰ
3521 1112 3692 1168 λοιπὰ

432 1208 689 1264 omnibus
719 1208 787 1263 iis
812 1208 907 1278 qui
1125 1208 1295 1265 Deum
1339 1227 1437 1282 per
1487 1211 1769 1268 Christum
1813 1228 2010 1286 perve-

2113 1212 2213 1266 ὅσα
2243 1211 2307 1284 δὴ
2343 1214 2401 1265 ἐν
2435 1214 2502 1284 τῇ
2546 1212 2851 1285 προφητείᾳ
2879 1211 3095 1266 κατείλε
3138 1249 3155 1265 .
3198 1250 3212 1263 .
3256 1249 3269 1263 .
3316 1250 3331 1265 .
3372 1246 3389 1263 .
3434 1246 3449 1261 .
3493 1248 3509 1262 .
3549 1244 3565 1260 .
3608 1244 3627 1258 .
3671 1245 3689 1258 .

432 1299 585 1355 nisse
616 1298 906 1356 manifeste
935 1300 1038 1355 visi
1065 1308 1211 1358 sunt.

2119 1304 2456 1376 μελήσαντας
2478 1305 2538 1357 τὸ
2566 1304 2703 1359 Σιὼν
2728 1304 2854 1375 ὅρος
2874 1304 2949 1369 ὡς
2969 1303 3312 1358 οὐδεπώποτε
3331 1299 3519 1354 ἄλλοτε
3542 1338 3556 1351 .
3585 1338 3599 1351 .
3625 1339 3642 1352 .
3671 1334 3690 1349 .

446 1393 800 1466 Ἰερουσαλὴμ
827 1396 1277 1468 πεπολιόρκηται·
1322 1392 1397 1453 ὧν
1436 1399 1573 1470 μετὰ
1610 1400 1709 1471 τὴν
1760 1400 2039 1473 ἐρήμωσιν
2076 1400 2110 1470 ἡ
2141 1403 2213 1453 ἐπ
2253 1439 2266 1453 .
2311 1440 2325 1454 .
2370 1441 2384 1454 .
2430 1441 2441 1452 .
2486 1440 2500 1454 .
2548 1441 2561 1454 .
2597 1399 2692 1453 καὶ
2719 1400 2782 1452 τδ
2814 1398 2953 1452 Σιὼν
2980 1397 3104 1469 ὅρος
3126 1397 3189 1450 τὸ
3214 1396 3533 1469 ἐπουράνιον
3593 1388 3692 1445 τοῦ

433 1482 588 1537 Θεοῦ·
650 1477 725 1538 ὧν
758 1484 1052 1555 ἐτύγχανον
1114 1504 1146 1540 τ
1188 1527 1204 1541 .
1249 1528 1261 1540 .

435 1577 672 1649 Χριστοῦ
702 1579 1127 1651 προσεληλυθόσι
1158 1576 1562 1653 πεφανέρωται.

1010 1707 1243 1764 CAPUT
1278 1707 1421 1765 XIX.

1059 1819 1147 1875 Ea;
1173 1822 1377 1878 eodem.

1305 1529 1321 1544 .
1364 1524 1381 1541 .
1414 1487 1541 1542 σκιὰ
1590 1490 1685 1542 καὶ
1710 1490 1873 1543 τύποι
1912 1489 2008 1542 καὶ
2036 1488 2452 1560 παραδείγματα
2484 1489 2617 1541 πᾶσι
2641 1489 2751 1551 τοῖς
2785 1485 2865 1549 είς
2894 1484 2988 1540 τὸν
3031 1527 3045 1540 .
3088 1522 3105 1539 .
3149 1523 3164 1538 .
3206 1524 3223 1539 .
3266 1526 3280 1538 .
3325 1523 3340 1538 .
3385 1522 3401 1536 .
3441 1479 3576 1535 Θεὸν
3600 1476 3693 1532 διὰ

2628 1703 3024 1759 ΚΕΦΑΛΔΙΟΝ
3072 1704 3174 1758 ῙΘν.

2635 1816 2776 1872 Ἀπὸ
2814 1816 2922 1873 τοῦ
2952 1816 3160 1872 αὐτοῦ.

510 1953 530 1986 ι
568 1932 636 1988 Et
664 1940 723 1989 tu
745 1934 1081 1999 Bethlehem,
1114 1935 1311 1992 domus
1342 1935 1614 2007 Ephratae,
1653 1938 1918 2009 parvulus
1948 1955 2008 1995 es

2188 1977 2207 2010 ι
2226 1956 2336 2012 Καὶ
2358 1957 2445 2020 σὺ,
2478 1954 2743 2026 Βηθλεέμ,
2764 1948 2910 2017 οἶκος
2942 1953 3033 2007 τοῦ
3050 1953 3313 2027 Ἑφραθὰ,
3342 1953 3619 2023 ὀλιγοστὸς
3642 1951 3703 2010 εἴ

436 2027 492 2081 in
537 2027 779 2083 millibus
819 2026 1001 2094 Juda;
1050 2043 1118 2083 ex
1164 2036 1221 2084 te
1252 2029 1387 2090 mihi
1450 2029 1761 2101 egredietur
1810 2032 1905 2103 qui
1939 2033 2011 2088 sit

437 2117 755 2173 Dominator
784 2118 841 2172 in
866 2116 1056 2184 Israel,
1090 2128 1146 2175 et
1176 2134 1435 2192 egressus
1485 2121 1607 2191 ejus
1635 2121 1704 2176 ab
1759 2122 1947 2186 initio,
1979 2136 2009 2175 a

433 2209 627 2265 diebus
673 2210 997 2266 aeternitatis
1042 2211 1112 2244 “‘
1148 2229 1168 2264 ι
1389 2210 1487 2269 His
1533 2213 1890 2269 stabiliuntur
1942 2215 2011 2271 de

432 2299 655 2357 Christo
675 2299 1021 2357 documenta.
1046 2299 1229 2357 Unum
1274 2318 1405 2359 vero
1438 2302 1756 2368 Marcionis,
1791 2314 2033 2361 caatero-‘

2112 2046 2205 2115 τοῦ
2243 2046 2381 2101 εἶναι
2423 2045 2503 2118 ὲ(ν
2576 2044 2835 2116 χιλι)ἀσιν
2883 2043 3072 2097 Ἰούδα·
3103 2042 3164 2109 ἐξ
3192 2035 3254 2097 οὗ
3289 2061 3377 2115 μοι
3410 2043 3690 2108 ἐξελεύσε-

2107 2158 2197 2194 ται
2229 2138 2395 2208 Ἥγού
2404 2154 2563 2209 μενος
2597 2136 2692 2190 τοῦ
2714 2132 2853 2189 εἶναι
2878 2138 2958 2199 εἰς
2981 2133 3260 2206 ἄρχο(ντα)
3278 2136 3335 2188 ἐν
3355 2134 3434 2206 τῷ
3450 2134 3687 2205 Ἰσραήλ·

2107 2232 2203 2285 καί¹
2239 2231 2295 2283 αἱ
2319 2228 2485 2296 ἔξοδοι
2513 2226 2679 2282 αὑτοῦ
2704 2229 2799 2281 ἀπ’
2823 2227 2999 2298 ἀρχῆς
3015 2226 3073 2293 ἐξ
3100 2224 3323 2297 ἡμερῶν
3347 2225 3687 2279 αίώνων....›

2109 2322 2211 2375 Διὰ
2236 2321 2442 2376 τούτων
2473 2320 2739 2391 δείγματα
2777 2320 2904 2389 περὶ
2941 2317 3035 2371 τοῦ
3065 2304 3301 2389 Χριστοῦ
3335 2317 3683 2389 παρίσταται·

435 2400 665 2462 rumque
685 2391 1067 2448 haereticorum
1098 2392 1306 2449 erroris
1496 2394 1727 2449 alterum
1758 2394 2011 2451 Artemo-

2109 2413 2165 2466 ἓν
2200 2412 2303 2484 μὲν
2329 2413 2429 2482 τῆς
2463 2411 2646 2483 (κα)τὰ
2678 2410 2981 2482 Μαρκίωνα
3015 2409 3110 2463 καὶ
3147 2410 3274 2474 τοὺς
3294 2409 3515 2475 λοιποὺς
3534 2412 3689 2482 αἱρε-

434 2485 522 2539 nis
550 2490 606 2539 et
630 2483 985 2541 Samosatens
1181 2485 1564 2542 Ebionatorum
1595 2496 1866 2559 quotquot
1897 2504 2007 2544 non

2110 2483 2311 2568 caiisa;
2341 2504 2545 2576 πλάνης
2579 2506 2606 2557 ἐ
2647 2543 2661 2559 .
2708 2544 2722 2558 .
2765 2544 2779 2557 .
2823 2542 2837 2556 .
2882 2543 2896 2558 .
2942 2544 2956 2558 .
3003 2545 3017 2558 .
3059 2541 3073 2555 .
3117 2544 3133 2558 .
3182 2543 3195 2557 .
3228 2501 3455 2574 θάτερον
3490 2504 3548 2558 δέ
3585 2503 3690 2574 τῆς

433 2575 815 2645 praeersistere
854 2577 1251 2634 incarnationis
1458 2590 1841 2652 susceperunt.
1898 2579 2011 2637 Hos

2109 2596 2249 2651 κατὰ
2276 2575 2591 2669 Ἀρτέμωνα
2620 2596 2714 2650 καὶ
2732 2594 2823 2648 τδν
2839 2593 3143 2665 Σαμοσατέ.
3189 2635 3204 2650 .
3237 2633 3253 2649 .
3285 2633 3301 2647 .
3341 2634 3354 2648 .
3384 2634 3398 2648 .
3434 2635 3450 2651 .
3494 2593 3692 2649 Ἐϐιω-

432 2668 579 2723 enim
614 2670 708 2739 qui
753 2684 867 2725 non
910 2668 1243 2725 conﬁtentur
1282 2685 1408 2727 eum
1604 2670 1773 2726 Deum
1823 2678 2010 2743 aperte

2110 2687 2274 2741 ναίων
2304 2668 2366 2741 τε
2403 2687 2516 2740 ὅσοι
2542 2684 2615 2757 μὴ
2640 2687 2885 2757 προεῖναι
2915 2683 3018 2755 τῆς
3040 2683 3510 2757 ἐνανθρωπήσεως
3551 2725 3565 2739 .
3610 2723 3627 2737 .
3670 2724 3689 2738 .

432 2759 785 2831 propheticus
830 2761 1081 2817 confutat
1134 2776 1316 2819 sermo
1488 2764 1647 2835 quasi
1706 2782 1726 2815 ι
1754 2779 2011 2832 egressus

2111 2815 2127 2830 .
2170 2815 2185 2828 .
2228 2814 2244 2830 .
2289 2815 2303 2828 .
2343 2774 2743 2848 ὑπειλήφασιν·
2788 2776 2914 2837 τοὺς
2962 2772 3060 2845 μὲν
3106 2772 3216 2845 γὰρ
3252 2773 3328 2845 μὴ
3366 2772 3693 2845 ὁμολογοῦν-

432 2849 556 2920 eius
586 2851 656 2905 ab
681 2851 862 2915 initio,
888 2867 920 2907 a
950 2852 1144 2908 diebus
1165 2853 1485 2909 aeternitatis
1522 2872 1543 2905 ι
1713 2853 2011 2911 Marcionis

2108 2882 2206 2930 τας
2238 2865 2416 2919 αὐτὸν.
2461 2903 2475 2919 .
2521 2907 2533 2919 .
2578 2904 2593 2919 .
2638 2905 2650 2918 .
2695 2905 2711 2919 .
2756 2906 2768 2921 .
2815 2906 2829 2919 .
2872 2906 2886 2919 .
2930 2906 2945 2921 .
2980 2865 3113 2919 Θεὸν
3147 2864 3331 2935 σαφῶς
3363 2865 3393 2917 ὁ
3422 2880 3699 2935 προφητι-

434 2950 617 3000 autem
646 2951 702 3000 et
732 2954 958 3001 caeteras
1141 2945 1198 3000 in
1221 2958 1410 3000 errore
1428 2944 1664 3001 versatis
1693 2952 1858 3016 atque
1896 2962 2009 3003 non

2111 2956 2207 3020 κὸς
2234 2956 2498 3028 διελέγχει
2524 2956 2683 3025 λόγος
2713 2974 2773 3010 τε
2817 2995 2832 3010 .
2877 2996 2892 3011 .
2936 2997 2952 3013 .
2997 2997 3011 3010 .
3056 2997 3069 3010 .
3116 2998 3129 3009 .
3175 2997 3189 3009 .
3234 2997 3248 3010 .
3292 2994 3308 3009 .
3354 2996 3369 3010 .
3413 2996 3427 3009 .
3467 2956 3545 3019 ὡς
3577 2956 3695 3028 ἄρα

433 3038 857 3108 agnoscentibus
927 3053 1052 3094 eum
1107 3078 1121 3093 .
1156 3078 1171 3090 .
1200 3077 1215 3091 .
1246 3077 1260 3091 .
1302 3076 1317 3092 .
1380 3052 1491 3092 non
1566 3037 1713 3108 quod
1788 3039 2009 3112 agnitus

2115 3067 2135 3103 ‹
2161 3051 2217 3105 αἱ
2247 3048 2415 3115 ἔξοδοι
2443 3050 2609 3105 αὐτοῦ
2640 3053 2735 3105 ἀπ’
2762 3050 2938 3123 ἀρχῆς
2979 3070 2998 3103 ο
3029 3050 3124 3105 καὶ
3160 3068 3181 3102 ι
3216 3049 3273 3116 ἐξ
3305 3049 3524 3122 ἡμερῶν
3546 3067 3686 3103 α...»

432 3138 604 3186 erata
647 3130 852 3201 populo
1046 3129 1445 3186 ostendendum
1493 3130 1640 3201 quod
1687 3131 2007 3202 praedictum

2114 3180 2128 3195 .
2173 3182 2188 3198 .
2234 3182 2248 3196 .
2292 3181 2306 3195 .
2353 3184 2367 3196 .
2411 3183 2425 3197 .
2469 3180 2484 3196 .
2524 3158 2697 3197 νουσι·
2722 3146 2836 3208 τοίς
2870 3144 2926 3197 δὲ
2958 3142 3098 3198 κατὰ
3128 3142 3431 3214 Μαρκίωνα
3464 3142 3694 3207 καὶτὰς

433 3228 519 3278 est
546 3221 614 3278 de
637 3222 991 3294 generatione
1161 3222 1254 3276 lux
1276 3236 1451 3291 usque
1474 3237 1623 3277 nunc
1657 3223 1725 3278 ab
1749 3222 1884 3293 ipsis
1918 3224 2007 3278 in—

2113 3233 2305 3297 λοιπὰς
2345 3272 2359 3287 .
2402 3273 2419 3286 .
2464 3274 2478 3286 .
2524 3275 2538 3288 .
2580 3273 2595 3289 .
2640 3275 2653 3289 .
2700 3278 2714 3291 .
2758 3276 2773 3290 .
2818 3275 2831 3289 .
2878 3277 2893 3291 .
2938 3277 2952 3291 .
2991 3253 3103 3300 σεις
3130 3236 3568 3309 πεπλανημένοις
3595 3237 3694 3292 καὶ

433 3313 570 3370 colis
732 3313 901 3380 Quasi
921 3329 988 3369 ex
1024 3314 1319 3370 traditione
1352 3313 1407 3369 in
1436 3311 1750 3370 Bethlehem
1782 3314 1888 3370 loci
1913 3315 2009 3371 ubi

2117 3324 2192 3397 μὴ
2227 3324 2576 3397 ὁμολογοῦσιν
2608 3327 2729 3383 αὐτ.
2774 3368 2789 3381 .
2831 3366 2848 3383 .
2891 3370 2907 3384 .
2951 3371 2965 3385 .
3008 3369 3023 3383 .
3066 3370 3082 3385 .
3124 3368 3139 3383 .
3183 3368 3198 3383 .
3240 3367 3254 3381 .
3297 3334 3341 3402 ρ’
3380 3328 3691 3398 καγένεσιν,

591 3405 956 3476 genitus'est;
1007 3412 1173 3476 atque
1205 3406 1277 3461 ab
1328 3405 1464 3476 ipsis
1495 3405 1701 3462 sanctis
1737 3406 2009 3478 evangeli-

2116 3416 2237 3488 μηδ’
2265 3419 2347 3471 ὅτι
2403 3417 2641 3487 ἔγνωστο
2667 3419 2773 3473 ὑπὸ
2803 3419 2915 3473 τῶν
2946 3421 3039 3474 τοῦ
3078 3420 3273 3492 δημιου
3312 3458 3327 3473 .
3370 3460 3385 3473 .
3429 3464 3444 3476 .
3487 3462 3501 3475 .
3546 3460 3561 3475 .
3603 3460 3618 3474 .
3659 3436 3693 3472 ν

433 3496 537 3552 stis
705 3495 768 3549 Et
790 3494 997 3552 Iudaeis
1027 3496 1428 3553 ostendendum
1461 3497 1609 3568 quod
1657 3497 1866 3553 dictum
1923 3506 2007 3553 est

2112 3508 2450 3580 παραθετέον
2476 3510 2567 3564 τὸν
2602 3511 3079 3584 προφητευόμενον
3111 3512 3211 3583 τῆς
3247 3511 3513 3581 γενέσεως
3552 3552 3567 3566 .
3609 3551 3625 3566 .
3669 3548 3692 3566 .

573 3587 887 3657 quicunque
915 3602 1155 3657 unquam
1180 3595 1329 3645 esset
1366 3588 1700 3645 contendere
1725 3588 2007 3661 propheti—

2115 3639 2131 3654 .
2174 3640 2189 3654 .
2233 3642 2245 3652 .
2292 3640 2307 3653 .
2348 3641 2363 3655 .
2408 3643 2421 3656 .
2466 3642 2481 3655 .
2524 3619 2592 3656 σα
2621 3602 2737 3674 φῶς
2772 3606 2851 3669 εἰς
2880 3602 3038 3677 δεῦρο
3075 3606 3168 3658 καὶ
3204 3604 3340 3674 πρὸς
3369 3604 3548 3657 αὐτῶν
3578 3604 3695 3656 τῶν

433 3686 615 3734 satum
645 3678 789 3735 sicut
838 3678 1215 3750 imperfectum
1409 3681 1711 3737 secundum
1741 3696 1858 3739 eos.
1891 3680 2008 3738 Ma‘

2112 3692 2421 3764 ἐπιχωρίων
2451 3692 2656 3763 μολάγο
2681 3735 2695 3749 .
2742 3735 2755 3748 .
2798 3732 2812 3748 .
2856 3731 2874 3748 .
2916 3734 2931 3747 .
2973 3710 3025 3745 υ·
3050 3692 3127 3758 ὡς
3157 3691 3224 3747 ἂν
3250 3693 3315 3745 ἐκ
3341 3689 3692 3763 παραδόσεως

433 3767 693 3825 nil'estum
723 3778 906 3826 autem
933 3770 1082 3841 quod
1110 3778 1165 3827 et
1189 3771 1462 3827 mendacii
1506 3787 1737 3844 arguere
1762 3772 2004 3830 divinam

2110 3781 2205 3836 τοῦ
2230 3786 2288 3837 ἐν
2315 3783 2562 3856 Βηθλεὲμ
2586 3785 2749 3839 τόπου
2775 3784 2901 3839 ἔνθα
2944 3827 2956 3839 .
2999 3823 3013 3837 .
3057 3822 3073 3839 .
3117 3822 3131 3837 .
3172 3823 3187 3837 .
3229 3822 3246 3839 .
3290 3826 3304 3839 .
3343 3782 3687 3853 γεγέννηται·

435 3897 548 3916 .....
573 3860 970 3932 ριιιενίεἱοιιεω.
1006 3860 1164 3928 Quod
1193 3862 1415 3933 quidem
1461 3864 1725 3921 salutaris
1752 3870 1807 3922 et
1839 3881 2007 3921 evan-

432 3950 642 4022 gelicus
663 3950 870 4008 Christi
897 3967 1081 4009 sermo
1107 3953 1362 4026 princeps
1384 3955 1720 4013 constitutus
1734 3965 1819 4013 est
1840 3957 2005 4029 spiri-

430 4041 561 4097 talis
588 4040 777 4109 lsrael,
801 4044 1020 4115 proprie
1044 4045 1354 4103 absconditi
1385 4045 1557 4104 Judaai
1594 4056 1650 4105 et
1666 4050 1847 4106 omnis
1867 4065 2008 4122 prae-

433 4134 682 4192 cellentis
712 4141 769 4191 et
799 4137 1136 4209 perspicacis
1175 4138 1373 4194 anima:
1413 4140 1583 4197 Israel
1814 4144 2006 4201 existi-

432 4233 613 4283 malae.

2113 3876 2205 3930 καὶ
2235 3876 2371 3948 πρὸς
2406 3876 2585 3931 αὐτῶν
2621 3878 2679 3930 δὲ
2720 3877 2829 3930 τῶν
2864 3876 3024 3949 ἱερῶν
3054 3875 3453 3947 εὐαγγελιστῶν
3491 3912 3507 3929 .
3551 3913 3566 3926 .
3608 3913 3624 3927 .
3668 3911 3687 3925 .

2109 3968 2462 4041 τυρουμένου·
2505 3970 2601 4024 καὶ
2655 3969 2926 4034 Ἰουδαίοις
2960 3969 3019 4023 δὲ
3052 3967 3388 4042 προσακτέον
3420 3966 3481 4020 τὸ
3522 3964 3691 4038 ῥητὸν

2112 4094 2131 4112 .
2173 4095 2188 4110 .
2231 4095 2247 4112 .
2291 4098 2304 4110 .
2348 4097 2362 4111 .
2408 4098 2422 4112 .
2468 4099 2482 4113 .
2528 4099 2543 4112 .
2582 4077 2704 4113 υσιν
2741 4062 2802 4124 ὅς
2832 4059 2919 4125 τίς
2952 4060 3072 4115 ποτ’
3101 4060 3185 4131 είη
3217 4057 3567 4131 παραστῆσαι
3592 4053 3688 4109 τὸν

2112 4148 2588 4221 προφητευόμενον
2611 4150 2688 4214 ὡς
2709 4149 2873 4226 ἀτελῆ
2913 4191 2928 4205 .
2972 4190 2989 4206 .
3031 4191 3048 4204 .
3090 4193 3104 4207 .
3145 4151 3263 4205 κατ’
3285 4146 3503 4213 αὐτούς·
3526 4147 3690 4220 δῇλσν

2028 4260 2033 4265 ·
2112 4240 2156 4294 δ’
2184 4241 2266 4296 ὅτι
2292 4242 2386 4296 κοιλ⁸
2413 4242 2583 4313 ψευδῆ
2611 4243 2982 4316 διελέγχεσθαι
2999 4243 3096 4316 τὴν
3126 4243 3274 4298 θείαν
3315 4285 3330 4299 .
3372 4282 3388 4297 .
3430 4280 3447 4297 .
3491 4284 3508 4299 .
3548 4280 3566 4296 .
3604 4278 3623 4298 .

433 4323 750 4397 πρόρρησιν·
800 4326 832 4380 ὃ
871 4343 936 4396 γε
980 4326 1086 4400 μὴν
1128 4328 1395 4401 σωτήριος
1430 4330 1525 4384 καὶ
1555 4331 1908 4402 εὐαγγελικὸς
1941 4334 2037 4390 τοῦ
2075 4339 2310 4410 Χριστοῦ
2354 4339 2512 4410 λόγος
2549 4340 2730 4413 ἄρχων
2768 4342 3000 4414 κατέστη
3044 4339 3139 4395 τοῦ
3192 4337 3384 4410 νοητοῦ
3445 4335 3688 4410 Ἰσραὴλ,

433 4415 639 4488 κυρίως
657 4418 753 4473 τοῦ
774 4421 837 4474 ἐν
862 4420 1091 4493 κρυπτῷ
1136 4422 1395 4477 Ἰουδαίου
1424 4425 1519 4479 καὶ
1551 4427 1736 4501 πάσης
1758 4428 1859 4499 τῆς
1890 4430 2145 4506 ἐναρέτου
2175 4435 2270 4489 καὶ
2295 4435 2608 4508 διοραιικῆς
2635 4437 2813 4510 ψυχῆς
2848 4435 3065 4509 Ἰσραὴλ
3102 4473 3121 4491 .
3163 4475 3180 4490 .
3222 4476 3236 4489 .
3277 4476 3291 4488 .
3339 4474 3354 4488 .
3394 4475 3414 4493 .
3458 4473 3476 4489 .
3518 4474 3532 4489 .
3571 4433 3688 4486 ἑπι-

431 4512 746 4585 νοουμένης·

498 4642 565 4711 (Ε
586 4643 801 4703 Nahnm
837 4649 976 4705 nihil
1025 4651 1163 4708 satis
1197 4663 1561 4726 compertum,
1605 4672 1709 4713 nec
1731 4673 1840 4714 non
1863 4675 1927 4716 ex

2196 4655 2326 4727 (Τοῦ
2365 4655 2562 4725 Ναοῦμ
2594 4655 2761 4724 σαφὲς
2791 4653 2965 4721 οὐδὲν,
2998 4654 3094 4708 καὶ
3118 4652 3216 4708 τοῦ
3257 4652 3624 4727 ’Δμῦακούμῆ

1062 4741 1365 4819 llabacuc.)

1026 4878 1261 4937 CAPUT
1280 4880 1401 4938 XX.

1021 4988 1070 5045 E
1114 4989 1405 5062 Sophonia.

505 5119 526 5153 ι
561 5101 904 5174 Quapropter
934 5110 1191 5174 exspecta
1223 5119 1331 5171 me,
1364 5103 1499 5161 dicit
1521 5103 1807 5176 Dominus,
1838 5110 1892 5166 in
1914 5111 2005 5167 die

2636 4880 3032 4935 ΚΕΦΛΔΔΙΟΝ
3068 4882 3152 4934 K'.

2582 4995 2716 5049 Ἀπὸ
2751 4995 2858 5049 τοῦ
2898 4995 3213 5065 Σοφονίου.

2186 5133 2206 5165 ι
2243 5112 2343 5166 Διά
2365 5100 2532 5165 τοῦτο
2555 5110 2846 5181 ὑπόμεινόν
2876 5127 2966 5181 με,
2999 5108 3147 5179 λέγει
3177 5110 3401 5179 Κύριος,
3434 5109 3515 5173 είς
3544 5108 3678 5180 ἠμέ-

427 5194 857 5249 resurrectionis
911 5209 1046 5250 meae
1091 5195 1149 5250 in
1206 5194 1452 5254 futurum
1493 5216 1507 5265 ;
1558 5201 1688 5271 quia
1728 5202 1998 5273 judicium

2111 5220 2211 5275 ραν
2250 5200 2599 5265 ἀναστάσεώς
2643 5219 2744 5272 μου
2776 5203 2857 5264 εἰς
2899 5199 3212 5274 μαρτύριον·
3244 5199 3379 5253 διότι
3415 5198 3477 5253 τὸ
3505 5200 3681 5272 κρῖμα

429 5298 634 5351 meum,
659 5293 1061 5359 utcongregem
1084 5296 1276 5359 gentes
1304 5296 1358 5345 et
1401 5292 1657 5363 colligam
1686 5309 1854 5365 regna
1876 5296 1942 5351 ".
1976 5314 1995 5347 ι

2112 5310 2214 5363 μου
2239 5295 2320 5356 εἰς
2354 5292 2416 5363 (f.
2452 5292 2514 5347 3|
2547 5291 2626 5363 νο)
2669 5290 2986 5360 συναγωγὰς
3015 5290 3183 5345 ἐθνῶν
3214 5290 3307 5345 τοῦ
3339 5288 3674 5357 εἰσδέξασθαι

428 5373 495 5428 Et
518 5389 616 5444 per
659 5375 764 5431 ista
788 5378 985 5448 opinor
1013 5378 1311 5451 signiﬁcari
1340 5396 1370 5434 a
1419 5384 1651 5439 mortuis
1676 5385 1881 5441 Christi
1913 5402 2001 5441 re-

2108 5385 2365 5456 βασιλεῖς.
2400 5405 2419 5434 ι
2461 5384 2573 5439 Kal.
2606 5383 2694 5438 διὰ
2731 5383 2933 5437 τούτων
2975 5378 3127 5453 οἶμαι
3157 5381 3445 5452 δηλοῦσθαι
3475 5381 3575 5453 τὴν
3610 5383 3675 5434 ἐκ

430 5464 861 5533 surrectionem;
918 5483 1028 5537 qua
1081 5471 1397 5535 eveniente,
1463 5470 1704 5543 undique
1753 5475 1995 5546 gentium

2104 5478 2313 5550 νεκρῶν
2352 5479 2648 5533 ἀνάστασιν
2685 5476 2779 5531 τοῦ
2832 5473 3085 5547 Χριστοῦ·
3120 5469 3189 5547 ἦς
3235 5473 3531 5545 γενομένης
3574 5472 3672 5535 τὰς

426 5550 685 5611 Ecclesia:
712 5560 1163 5630 congregationes
1189 5563 1585 5619 constituenda:
1618 5568 1992 5636 prmnuntian-

2103 5568 2376 5639 πανταχοῦ
2396 5568 2715 5637 συναγωγὰς
2736 5567 2833 5638 τῆς
2858 5565 2915 5633 ἐξ
2942 5564 3111 5620 ἐθνῶν
3125 5564 3320 5636 Ἐκκλη
3332 5562 3449 5628 σίας
3477 5565 3671 5632 συστὴ·

500 5735 565 5769 ⁸⁸⁸
588 5736 749 5795 Mich.
783 5756 837 5806 τ,
864 5738 921 5794 2.
997 5739 1040 5771 ⁸⁷
1081 5738 1246 5804 Soph.
1287 5757 1385 5808 ut,
1418 5744 1470 5799 8.
