4070 6464
1277 349 1569 406 ECLOGE
1609 348 2086 406 PBOPHETIC/E.
2121 385 2189 394 -—
2228 352 2353 410 LIB.
2388 355 2474 411 Ill.

201 348 351 404 τηε
1277 349 1569 406 ECLOGE
1609 348 2086 406 PBOPHETIC/E.
2121 385 2189 394 -—
2228 352 2353 410 LIB.
2388 355 2474 410 Ill.
3365 352 3501 410 “£6

195 469 402 520 σεσθαι
434 466 883 538 πρεφητεύεται·
923 467 1054 530 ἴσως
1081 463 1215 520 δ’ἂν
1247 467 1338 519 καὶ
1365 483 1459 519 τετ
1501 506 1514 520 .
1558 506 1572 519 .
1616 505 1629 517 .
1674 505 1687 518 .
1729 464 1818 532 τῆς

1931 469 2054 530 tur;
2091 465 2274 521 forsan
2329 475 2522 522 et
2558 468 2798 523 secundo
2847 469 2968 538 ejus
3017 467 3272 523 adventu.
3324 473 3506 539 Atque

194 558 481 630 δευτέρας
525 558 705 613 αὐτοῦ
753 558 1074 630 παρουσίας
1121 559 1216 611 καὶ
1263 558 1363 627 τῆς
1407 557 1635 612 καθόλου
1680 557 1818 610 πάν-

1926 557 2306 613 universorum
2485 559 2859 630 subriperetur
2892 560 2960 616 de
2992 560 3096 615 hoc
3132 561 3273 615 loco.

197 667 314 707 των
358 689 373 705 .
426 691 441 703 .
494 691 509 704 .
559 691 576 704 .
626 691 641 704 .
684 691 699 705 .
740 688 755 702 .
799 690 812 703 .
854 650 1120 722 κληφθείη
1147 648 1216 702 τά
1244 647 1386 703 κατὰ
1412 649 1502 700 τὸν
1533 648 1717 702 τόπον.

2176 763 2273 832 (Ex
2308 765 2500 834 Aggzeo
2543 763 2677 816 nihil
2721 756 2857 818 satis
2890 764 3280 835 compertum.)

2507 873 2736 930 CAPUT
2779 875 2916 932 XXI.

2529 989 2576 1042 E
2602 988 2891 1043 Zacharia.

2003 1119 2022 1152 ι
2064 1101 2224 1171 (Quia
2264 1100 2382 1157 haec
2429 1103 2564 1158 dicit
2614 1102 2898 1161 Dominus)
2947 1105 3294 1174 omnipotens
3326 1123 3340 1160 :
3367 1103 3499 1161 Post

1929 1194 2156 1266 gloriam
2215 1195 2367 1250 misit
2415 1211 2502 1250 me
2547 1195 2610 1249 ad
2661 1194 2876 1266 (gentes
2921 1210 3041 1266 quae
3102 1197 3499 1269 spolia)verunt

1927 1302 2026 1343 vos
2055 1287 2124 1342 ⁸³.
2173 1305 2192 1339 ι
2232 1285 2363 1340 Dein
2395 1301 2504 1340 non
2536 1287 2708 1341 multo
2746 1295 2870 1357 post
2922 1287 3114 1358 adjicit
3147 1307 3160 1343 :
3199 1307 3218 1340 ι
3255 1287 3320 1341 Et
3356 1290 3508 1346 scies

1927 1379 2058 1450 quia
2095 1377 2364 1434 Dominus
2408 1378 2751 1448 omnipotens
2789 1380 2942 1434 misit
2998 1396 3084 1435 me
3137 1381 3206 1435 ad
3257 1389 3309 1436 te
3344 1381 3413 1434 ".
3472 1399 3494 1434 ι

634 764 762 836 (Τοῦ
792 765 1044 832 Ἀγγαίου
1079 764 1246 832 σαφὲς
1272 761 1469 828 οὐδέν.)

752 875 1144 930 ΚΕΦΑΛᾹΙΟΝ
1189 875 1317 928 KA'.

741 993 872 1047 Ἀπὸ
913 993 1018 1046 τοῦ
1057 992 1338 1061 Ζαχαρία.

284 1147 306 1179 ε
364 1169 378 1181 .
431 1171 446 1182 .
501 1169 514 1182 .
571 1168 589 1182 .
634 1169 646 1182 .
693 1169 707 1182 .
752 1127 1168 1201 παντοκράτωρ,
1234 1126 1438 1182 Ὀπίσω
1499 1127 1656 1196 δόξης
1717 1128 1825 1182 άπ-

198 1217 453 1272 ἐσταλκέ
493 1236 572 1288 με
609 1219 701 1271 ἐπὶ
724 1217 794 1270 τὰ
833 1257 846 1270 .
890 1255 904 1270 .
948 1257 961 1272 .
1007 1259 1020 1270 .
1062 1258 1075 1272 .
1122 1258 1135 1271 .
1180 1257 1196 1273 .
1237 1216 1469 1271 εύσαντα
1496 1218 1657 1288 ὑμᾶς’
1683 1237 1700 1270 ι
1729 1212 1826 1269 εἶτ’

199 1309 485 1379 ἐπιφέρει
525 1309 672 1380 μετὰ
711 1309 914 1380 βραχέα
945 1308 1140 1377 λέγων,
1183 1326 1201 1361 ι
1236 1307 1574 1380 (γνώσε)σθε,
1605 1311 1686 1362 ὅτι
1715 1309 1829 1363 K6-

202 1418 325 1470 ριος
355 1401 784 1473 παντοκράτωρ
803 1402 1110 1457 άπέσταλκέ
1136 1421 1221 1475 με.
1239 1423 1257 1456 ι
1278 1405 1336 1458 ὐ
1359 1404 1534 1473 λέγων
1556 1403 1592 1456 ά
1619 1446 1632 1458 .
1663 1443 1676 1456 .
1709 1442 1724 1456 .
1759 1445 1773 1458 .
1809 1445 1822 1458 .

206 1509 278 1560 με
334 1489 574 1563 Κύριός
606 1470 1208 1565 εστι-παντοκράτωρ·
1263 1470 1523 1557 ὡσαύτως
1569 1494 1626 1547 δὲ
1676 1495 1818 1548 καὶί

1929 1473 2032 1537 Qui
2055 1471 2207 1525 dicit.
2252 1511 2266 1525 .
2311 1509 2326 1523 .
2372 1513 2396 1529 ..
2432 1513 2445 1526 .
2493 1511 2506 1523 .
2551 1511 2564 1523 .
2609 1512 2623 1524 .
2668 1512 2682 1526 .
2715 1470 2983 1527 Dominus
3017 1480 3100 1527 est
3129 1474 3497 1543 omnipotens.

202 1586 320 1637 άπο
349 1624 364 1638 .
415 1623 436 1639 .
486 1627 503 1639 .
556 1625 572 1640 .
621 1625 635 1639 .
680 1625 693 1637 .
725 1585 882 1657 θερος
909 1563 1107 1639 ὣντοῦ
1133 1586 1594 1658 άποστελλομένου
1623 1587 1818 1656 Κύριος

1935 1563 2200 1619 Similiter
2227 1572 2281 1619 et
2310 1563 2424 1634 qui.
2469 1604 2484 1618 .
2531 1605 2545 1620 .
2587 1602 2603 1617 .
2646 1602 2661 1617 .
2700 1603 2718 1621 .
2763 1604 2778 1618 .
2820 1565 2970 1621 illius
3001 1565 3094 1636 qui
3130 1566 3366 1620 mittitur
3395 1565 3500 1620 Do-

200 1675 561 1747 ὠνόμασται
604 1695 708 1731 παν
750 1718 764 1732 .
809 1717 822 1730 .
866 1717 882 1732 .
927 1717 940 1730 .
984 1717 999 1732 .
1044 1718 1058 1732 .
1103 1720 1117 1733 .
1161 1720 1176 1734 .
1216 1678 1440 1741 εἰκότως
1476 1674 1568 1732 οὖν
1608 1681 1737 1749 ἡμῖν
1770 1681 1818 1732 ὲν

1926 1657 2112 1712 minus
2140 1658 2448 1727 appellatur
2471 1657 2642 1712 omni.
2671 1697 2686 1712 .
2733 1699 2747 1714 .
2795 1699 2810 1713 .
2856 1698 2870 1712 .
2918 1698 2930 1712 .
2977 1679 2992 1712 ι
3037 1698 3052 1710 .
3081 1655 3200 1712 Non
3227 1659 3500 1714 immerito

199 1771 325 1832 τοῖς
363 1771 511 1840 περὶ
541 1771 760 1842 Πατρὶς
784 1773 876 1824 καὶ
908 1771 1038 1825 Υἱοῦ
1080 1810 1095 1824 .
1139 1812 1153 1826 .
1197 1811 1213 1828 .
1258 1813 1271 1826 .
1317 1813 1330 1825 .
1376 1812 1390 1826 .
1435 1811 1448 1824 .
1495 1813 1509 1827 .
1549 1747 1818 1844 τὸήρητὺν,

1932 1747 2280 1819 igiturnobis
2309 1749 2366 1804 in
2423 1750 2490 1805 iis
2528 1765 2648 1820 quat
2678 1749 2747 1804 de
2777 1747 2939 1805 Patre
2965 1757 3018 1804 et
3041 1748 3198 1804 Filio.
3245 1791 3260 1804 .
3306 1793 3319 1804 .
3363 1791 3377 1806 .
3422 1790 3436 1804 .
3481 1790 3495 1804 .
3526 1783 3530 1792 ι

215 1819 257 1821 ⁷⁷
302 1819 322 1832 ν
372 1819 509 1840 "'I"
543 1819 758 1842 _""t""
785 1819 875 1824 ""'
916 1819 1034 1825 ’⁷⁷⁷
1080 1819 1095 1824 ⁷
1139 1819 1153 1826 ⁷
1197 1819 1213 1828 '
1258 1819 1271 1826 '
1317 1819 1330 1825 ⁷
1376 1819 1390 1826 ⁷
1435 1819 1448 1824 ⁷
1495 1819 1509 1827 ⁷
1560 1819 1607 1826 ⁷⁷
1641 1819 1818 1844 1⁷⁷1⁷⁷⁷,

201 1859 288 1912 ὅτι
321 1861 427 1913 καὶ
468 1861 687 1932 Κύριος
720 1861 1112 1933 παντοκράτωρ
1143 1862 1172 1914 ὁ
1205 1861 1298 1916 τοῦ
1335 1862 1468 1916 Θεοῦ
1512 1904 1524 1915 .
1569 1905 1584 1917 .
1629 1902 1643 1917 .
1687 1903 1703 1918 .
1747 1907 1760 1919 .
1804 1903 1818 1918 .

1925 1841 2070 1914 quod
2125 1842 2332 1898 dictum
2386 1850 2491 1910 est,
2544 1819 2672 1914 quia
2713 1841 2982 1898 Dominus
3027 1847 3373 1915 omnipotens
3403 1843 3500 1898 Del

201 1950 409 2024 ὥσπερ
441 1955 550 2006 καὶ
581 1955 713 2017 Θεὸς
733 1954 820 2006 διὰ
846 1955 954 2007 τῶν
981 1956 1275 2026 προφητῶν
1304 1957 1691 2028 ἐχρημάτισεν.

1935 1976 1950 1990 .
1995 1976 2008 1988 .
2057 1976 2070 1990 .
2117 1975 2133 1992 .
2179 1977 2192 1990 .
2237 1977 2250 1990 .
2296 1975 2312 1990 .
2351 1973 2368 1987 .
2434 1936 2578 1990 sicut
2623 1933 2768 1990 Deus
2811 1949 2909 2004 per
2937 1935 3231 2006 prophetas
3267 1935 3499 1990 manife-

1926 2036 2111 2083 ειονίι.

2484 2100 2714 2179 CAPUT
2765 2121 2933 2179 xxn.

2559 2215 2643 2268 Ex
2665 2215 2868 2271 eodem.

755 2129 1154 2185 ΚΕΦΑΛΑΙΟΝ
1191 2134 1320 2188 KB'.

861 2223 972 2276 Τοῦ
1024 2224 1233 2277 αὑτοῦ.

1999 2351 2019 2386 ι
2053 2330 2283 2402 (Lauda)
2305 2340 2359 2390 et
2389 2333 2595 2397 laetare,
2630 2333 2736 2388 lilia
2767 2332 2922 2397 Sion,
2953 2331 3081 2402 quia
3119 2345 3248 2386 ecce
3275 2343 3377 2402 ego
3407 2343 3500 2385 ve.

1923 2425 2038 2489 nio,
2071 2437 2123 2481 et
2150 2425 2411 2481 habitabo
2443 2428 2498 2480 in
2531 2425 2710 2481 medio
2733 2425 2838 2490 tui,
2875 2425 2951 2478 ait
3000 2423 3283 2480 Dominus.
3311 2422 3378 2477 Et
3406 2437 3501 2493 ap-

1924 2515 2275 2585 plicabuntur
2306 2515 2516 2586 (gentes
2540 2516 2748 2584 multa
2781 2516 2848 2570 ad
2881 2514 3240 2569 Domiuumin
3271 2513 3359 2570 die
3383 2514 3501 2576 illa.

1922 2613 1976 2660 et
2007 2611 2166 2660 erunt
2195 2606 2349 2677 (mihi
2371 2606 2449 2674 in)
2481 2607 2762 2676 populum,
2799 2615 2853 2662 et
2881 2606 3205 2660 habitabunt
3239 2606 3292 2660 in
3321 2603 3504 2660 medio

1925 2699 2026 2760 tui.
2051 2707 2104 2753 et
2130 2699 2270 2753 scies
2296 2700 2443 2770 (quia
2471 2698 2759 2769 Dominus)
2781 2699 3127 2770 omnipotens
3153 2697 3302 2753 misit
3326 2713 3411 2753 me
3431 2695 3499 2752 ad

1922 2798 1976 2846 te
2002 2790 2072 2844 ‘°.
2109 2810 2127 2842 ι
2163 2791 2318 2858 Quis.
2365 2834 2377 2847 .
2425 2833 2440 2846 .
2486 2831 2500 2846 .
2546 2834 2558 2846 .
2606 2832 2620 2846 .
2663 2833 2676 2846 .
2721 2792 2838 2846 haec
2863 2792 3072 2858 dicens,
3101 2790 3502 2860 confessusque

1923 2896 1983 2936 se
2004 2882 2234 2938 missum
2269 2881 2440 2938 fuisse
2475 2882 2544 2938 ab
2573 2880 2980 2953 Omnipotente,
3008 2882 3112 2938 nisi
3135 2882 3225 2936 Dei
3258 2879 3499 2936 Verbum

1923 2987 1954 3027 a
1989 2972 2150 3032 Patre
2181 2975 2234 3028 in
2277 2975 2558 3030 hominum
2612 2975 2828 3048 generis
2863 2976 3090 3032 salutem
3123 2973 3366 3029 missus?
3393 2970 3499 3038 Qui

207 2372 222 2385 .
307 2371 322 2383 .
413 2374 430 2388 .
483 2353 504 2386 ι
541 2336 636 2388 καὶ
661 2335 974 2406 εὐφραίνου,
1003 2337 1240 2411 θύγατερ
1263 2339 1420 2403 Σιὼν,
1447 2341 1528 2395 ὅτι
1555 2341 1682 2405 ἰδοὺ,
1711 2343 1824 2412 ἐγὼ

205 2423 484 2495 ἔρχομαι,
516 2427 617 2480 καὶ
692 2465 708 2480 .
785 2467 800 2480 .
879 2467 894 2482 .
971 2429 1236 2501 σκηνὼσω
1265 2433 1322 2485 ὲν
1349 2432 1498 2504 μέσῳ
1527 2451 1642 2499 σου,
1674 2434 1822 2504 λέγει

205 2513 450 2584 Κύριος.
492 2517 610 2569 Καὶ
654 2518 1082 2588 καταφεύξονται
1158 2562 1171 2574 .
1255 2571 1267 2577 ,
1349 2562 1364 2576 .
1441 2523 1569 2578 ολλὰ
1610 2527 1703 2580 ἐπὶ
1729 2527 1824 2582 τὸν

207 2605 429 2678 Κύριον
462 2610 520 2663 ὲ»
567 2612 630 2680 τῇ
659 2610 840 2682 ἡμέρᾳ
871 2613 1075 2685 ἐκείνῃ,
1107 2615 1201 2667 καὶ
1229 2614 1440 2670 ἔσονται
1469 2617 1537 2670 αὑ
1615 2661 1629 2674 .
1705 2658 1722 2674 .
1802 2661 1818 2675 .

208 2697 366 2762 λαὸν,
410 2701 518 2754 καὶ
559 2702 1075 2773 κατασκηνώσουσιν
1102 2707 1162 2758 ὲν
1211 2707 1361 2779 μέσῳ
1389 2727 1503 2774 σου,
1539 2711 1634 2765 καὶ
1709 2753 1722 2767 .
1800 2753 1819 2768 .

207 2789 431 2862 γνώσῃ,
523 2832 540 2846 .
618 2833 632 2847 .
713 2833 726 2847 .
808 2832 821 2846 .
901 2835 914 2849 .
991 2799 1393 2871 παντοκράτωρ
1420 2801 1821 2876 άπέσταλκέμε

211 2883 358 2952 πρὸς
400 2885 489 2939 σέ.
531 2905 551 2937 ι
598 2887 708 2940 Καὶ
740 2886 825 2951 τίς
899 2927 913 2942 .
992 2929 1009 2945 .
1091 2931 1105 2945 .
1181 2895 1210 2946 ὁ
1241 2893 1414 2948 ταῦτα
1458 2895 1681 2965 φάσκων
1725 2899 1820 2953 καὶ

210 2973 513 3043 ὁμολογῶν
561 2978 896 3033 ἀπεστάλθαι
945 2981 1050 3035 ὑπὸ
1083 2983 1548 3060 Παντοκράτορος,
1587 2989 1618 3061 ἢ
1655 2992 1682 3044 ό
1723 2991 1817 3046 τοῦ

212 3064 355 3152 Θεοῦ
383 3069 568 3136 Λόγος
589 3070 694 3124 ὑπὸ
721 3073 814 3124 τοῦ
839 3074 1052 3145 Πατρὸς
1080 3075 1172 3128 ἐπὶ
1207 3077 1450 3150 σωτηρίᾳ
1487 3078 1564 3152 (l)
1590 3081 1701 3138 τῶν
1725 3085 1818 3139 άν-

1927 3077 1987 3122 ιιι
2023 3067 2230 3121 dictum
2279 3076 2384 3123 est.
2429 3108 2443 3122 .
2489 3110 2502 3123 .
2549 3111 2563 3126 .
2609 3107 2623 3122 .
2667 3111 2681 3125 .
2728 3111 2743 3126 .
2785 3068 3062 3124 cmlestem
3115 3065 3282 3132 Sion;
3339 3064 3498 3134 cujuc

214 3151 467 3227 θρώπων
500 3159 692 3228 γένους
732 3163 1058 3230 ἀποσταλείς
1082 3183 1094 3196 ·
1125 3167 1184 3232 ὃς
1211 3169 1280 3224 τὰ
1308 3151 1642 3245 προκείμενα
1685 3216 1700 3231 .
1751 3218 1765 3233 .
1805 3215 1818 3235 .

1933 3157 2321 3214 documentum
2351 3173 2509 3216 mons
2533 3176 2701 3231 super
2733 3169 2956 3214 terram.
3003 3201 3015 3213 .
3062 3197 3076 3212 .
3122 3197 3135 3211 .
3183 3198 3196 3213 .
3240 3195 3254 3211 .
3303 3198 3316 3210 .
3349 3163 3402 3210 et
3430 3153 3496 3209 ad

218 3248 563 3342 ἐπουράνιον
606 3254 777 3308 Σιών·
812 3250 880 3328 ἦς
923 3259 1273 3332 παράδειγμα
1313 3263 1373 3317 τὸ
1415 3265 1508 3318 ἐπὶ
1546 3266 1652 3338 γῆς
1693 3268 1818 3342 ὄρος

1933 3253 2178 3323 gentium
2211 3250 2513 3308 Ecclesiam
2548 3253 2885 3308 extenditur.
2935 3250 3060 3305 Pro.
3107 3289 3121 3303 .
3165 3291 3182 3306 .
3223 3289 3236 3302 .
3285 3287 3300 3302 .
3343 3287 3358 3302 .
3401 3261 3492 3302 vo-

1925 3344 2196 3399 cationem
2230 3358 2420 3398 eorum
2450 3345 2545 3416 qui
2580 3345 2648 3400 ab
2669 3359 2736 3401 eo
2764 3343 3032 3400 salvaudi.
3076 3382 3090 3395 .
3133 3381 3146 3394 .
3187 3379 3200 3393 .
3248 3382 3262 3395 .
3308 3380 3323 3396 .
3367 3377 3386 3394 .
3427 3338 3502 3393 ab

1918 3451 1982 3492 eo
2002 3446 2259 3509 regentur
2279 3438 2335 3493 in
2358 3439 2498 3510 ipsa.

217 3341 354 3410 ἑτύγ
400 3384 416 3398 .
464 3385 482 3400 .
530 3385 545 3398 .
586 3346 681 3398 καί¹
714 3347 850 3419 πρὸς
890 3348 988 3421 τὴν
1011 3349 1072 3415 ἑξ
1102 3351 1270 3407 ἐθνῶν
1317 3355 1644 3429 Ἐκκλησίαν
1679 3341 1816 3415 ἀπο-

214 3433 465 3489 τείνεται
490 3453 505 3467 ·
539 3454 646 3509 προ
688 3477 702 3491 .
785 3479 800 3494 .
875 3478 891 3494 .
945 3458 1064 3506 ενος
1095 3443 1231 3516 αὑτῇ
1266 3445 1366 3516 τὴν
1399 3448 1592 3518 κλῆσιν
1617 3449 1726 3503 τῶν
1749 3451 1818 3506 δι’

215 3524 390 3580 αὐτοῦ
425 3528 717 3602 σωθησομέ
795 3572 809 3585 .
888 3572 905 3588 .
981 3571 997 3587 .
1077 3575 1092 3588 .
1171 3576 1184 3589 .
1247 3538 1338 3590 ὑπ’
1369 3540 1532 3594 αὐτοῦ
1563 3541 1819 3613 βασιλευ-

218 3615 551 3692 θησομένων
583 3623 641 3676 ἐν
666 3622 823 3694 αὐτῇ.

743 3716 1139 3771 ΚΕΦΑΛᾹΙΟΝ
1174 3719 1304 3775 Kl".

776 3807 906 3862 Ἀπὸ
942 3809 1046 3863 τοῦ
1076 3812 1284 3866 αὑτοῦ.

2475 3705 2706 3762 CAPUT
2745 3705 2937 3762 XXIII.

2560 3797 2644 3851 Ea:
2663 3797 2864 3854 eodem.

303 3918 476 3972 «Kal
549 3956 567 3972 .
641 3959 658 3974 .
737 3960 752 3974 .
829 3961 844 3975 .
924 3965 940 3978 .
1016 3965 1031 3980 .
1109 3967 1125 3981 .
1199 3927 1290 3982 τὸν
1325 3930 1642 4002 Ἰησοῦντὸν
1668 3934 1820 4008 ἱερέα

227 4005 324 4098 τὸν
357 4009 559 4078 μέγαν,
585 4011 795 4066 ἑστῶτα
827 4015 934 4087 πρὸ
970 4034 1157 4089 προσω
1198 4059 1214 4073 .
1265 4060 1281 4074 .
1320 4021 1415 4076 τοῦ
1460 4025 1688 4098 Κυρίου,
1720 4005 1818 4082 καὶ

229 4095 486 4162 διάϐολος
517 4100 735 4172 ἑστήκει
763 4104 826 4156 ὲκ
851 4104 1040 4170 δεξιῶν
1079 4108 1266 4174 αὐτοῦ,
1303 4111 1398 4165 τοῦ
1431 4095 1640 4169 ἀντικει
1679 4156 1696 4170 .
1739 4157 1754 4172 .
1797 4157 1814 4173 .

228 4186 403 4281 αδτῷ.
437 4207 457 4240 ι
492 4190 586 4281 καὶ
620 4191 735 4260 μετ’
757 4191 911 4261 ὀλίγα
931 4210 945 4223 ·
981 4213 999 4245 ι
1031 4197 1139 4252 Καὶ
1166 4193 1320 4253 εἶπεν
1347 4201 1483 4275 πρὸς
1505 4207 1630 4268 τοὺς
1658 4207 1819 4281 ἐστηο

227 4277 395 4344 κότας
431 4280 538 4352 πρὸ
569 4281 670 4352 τῆς
709 4323 724 4338 .
765 4324 781 4339 .
824 4325 838 4340 .
877 4285 972 4339 τοῦ
1014 4288 1199 4354 αὐτοῦ,
1229 4290 1435 4360 λέγων·
1470 4295 1721 4364 ’Δφέλετε
1748 4277 1817 4354 τά

228 4371 424 4439 ἱμάτια
460 4372 528 4426 τὰ
553 4376 770 4446 ῥυπαρὰ
794 4378 887 4430 ἀπ’
916 4379 1079 4434 αὑτοῦ
1103 4397 1116 4410 ο
1145 4383 1237 4435 καὶ
1261 4380 1416 4438 εἶπεν
1440 4401 1454 4414 ·
1489 4386 1639 4452 Ἰδοὺ,
1671 4388 1815 4461 ἀφῄ-

232 4477 378 4532 ρηκα
410 4463 513 4527 τὰς
539 4465 766 4536 ἀνομίας
798 4485 913 4533 σου,
969 4473 1064 4524 καὶ
1093 4472 1368 4531 ἐνδύσατε.
1412 4515 1429 4531 .
1472 4514 1489 4531 .
1531 4517 1545 4532 .
1594 4518 1610 4532 .
1649 4478 1810 4552 δήρη,

1997 3927 2017 3962 ι
2064 3909 2132 3964 Et
2166 3909 2425 3983 (ostendit
2454 3911 2586 3966 mihi
2617 3910 2905 3982 Dominus)
2935 3911 3123 3968 Jesum
3153 3903 3502 3971 sacerdotem

1921 4016 2181 4072 maguum
2217 4009 2451 4058 stantem
2478 4017 2666 4059 coram
2701 4005 2938 4076 (angelo)
2966 4004 3180 4060 Domini
3209 4024 3223 4060 :
3249 4013 3302 4060 et
3324 4004 3502 4060 Satn.

1921 4094 2100 4150 stabat
2125 4111 2154 4150 a
2185 4095 2394 4152 dextris
2447 4096 2567 4166 ejus
2606 4107 2666 4153 ut
2725 4099 3154 4170 advers(aretur)
3182 4099 3232 4154 ei
3263 4100 3334 4157 “.
3371 4118 3391 4152 ι
3427 4099 3496 4153 Et

1919 4198 2044 4264 post
2073 4205 2248 4262 pauca
2281 4210 2294 4246 :
2337 4210 2356 4243 ι
2405 4191 2470 4248 Ει
2511 4193 2588 4247 ait
2619 4193 2687 4248 ad
2708 4209 2801 4248 eos
2835 4194 2928 4263 qui
2960 4193 3179 4248 stabant
3199 4207 3384 4248 coram
3411 4206 3495 4255 se,

1920 4285 2112 4339 dicens
2143 4303 2158 4337 :
2189 4283 2419 4339 Auferte
2448 4284 2774 4340 vestimenta
2802 4284 3021 4340 sordida
3048 4284 3116 4339 ab
3144 4299 3228 4340 eo.
3265 4285 3331 4337 Et
3355 4281 3496 4336 dixit

1929 4375 1992 4430 ad
2023 4392 2147 4430 eum
2173 4395 2187 4430 ι
2212 4374 2363 4430 Ecce
2387 4375 2586 4431 abstuli
2617 4389 2648 4428 a
2689 4383 2742 4430 te
2770 4375 3114 4446 iniquitatem
3150 4383 3299 4430 tuam
3329 4382 3384 4431 et
3410 4375 3495 4429 in-

1919 4473 2012 4528 dui
2047 4472 2465 4544 (te,mutatoriis
2498 4491 2512 4526 :
2545 4482 2597 4528 et
2621 4471 2780 4545 dixit)
2819 4489 2833 4526 :
2865 4471 3057 4528 Ponite
3075 4471 3304 4526 cidarim
3332 4486 3495 4524 mun-

231 4553 327 4643 xai.
369 4555 590 4610 ἐπίθετε
633 4533 844 4631 κίδαριν
885 4562 1128 4634 καθαράν
1168 4567 1261 4619 ἐπὶ
1289 4569 1390 4639 τὴν
1440 4570 1679 4643 κεφαλὴν
1699 4533 1812 4626 ⁸άιίζ

1922 4533 2244 4635 ἀειιηειιρει*
2273 4571 2438 4634 caput
2475 4563 2595 4634 ejus
2619 4564 2685 4618 “.
2727 4533 2775 4615 ι’
2799 4562 2865 4617 Et
2912 4579 3106 4618 rursus
3151 4562 3316 4633 paulo
3366 4567 3494 4632 post

231 4641 350 4696 τοῦ.
391 4663 412 4696 ι
450 4645 559 4698 Καὶ
606 4647 770 4701 πάλιν
810 4653 928 4720 μετ’
960 4653 1113 4721 ὀλίγα
1143 4653 1392 4712 λέλεκται
1433 4660 1570 4732 πρὸς
1611 4641 1812 4716 αὐτόν·

1913 4657 2116 4714 dicitur
2139 4657 2204 4712 ad
2230 4671 2354 4712 eum
2393 4675 2406 4711 :
2435 4675 2454 4707 ι
2477 4656 2615 4712 Audi
2641 4655 2789 4726 (Jesu
2821 4656 3101 4729 sacer)dos
3119 4670 3335 4726 magne,
3358 4663 3416 4708 tu
3440 4660 3496 4708 et

239 4749 259 4781 ι
299 4734 502 4789 Ἀκουε
527 4737 591 4809 δὴ
631 4777 646 4791 .
690 4779 704 4792 .
749 4779 764 4792 .
807 4779 822 4794 .
863 4743 990 4814 ρεὺς
1019 4746 1048 4797 ὁ
1074 4746 1266 4816 μέγας,
1296 4752 1360 4805 σὺ
1389 4754 1486 4806 καὶ
1513 4756 1560 4806 οἱ
1588 4753 1817 4826 πλησίον

1922 4751 2080 4805 amici
2108 4749 2186 4804 tui
2218 4749 2311 4820 qui
2341 4749 2410 4804 ha
2423 4749 2603 4804 bitant
2629 4764 2814 4804 coram
2850 4757 2922 4814 te,
2968 4749 3095 4820 quia
3136 4749 3241 4803 viri
3269 4754 3495 4818 porten—

237 4838 332 4878 σου
364 4828 414 4880 oi
461 4827 761 4920 καθήμενοι
803 4834 911 4904 πρὸ
941 4839 1232 4908 προσώπου
1281 4859 1408 4896 σουο
1453 4845 1586 4900 διότι
1628 4848 1818 4920 ἄνδρες

1922 4841 2109 4898 dentes
2137 4852 2288 4906 sunt,
2322 4855 2452 4897 ecce
2479 4841 2622 4896 enim
2651 4855 2750 4911 ego
2765 4839 3031 4895 adducam
3060 4855 3280 4895 servum
3311 4851 3499 4893 meum

233 4917 630 4986 τερατοσκόποι
663 4923 792 4987 εἰσὶ,
825 4923 980 4990 διότι,
1029 4929 1158 4994 ἰδοὺ,
1193 4930 1305 4999 ἐγὼ
1345 4933 1464 5003 ἄγω
1501 4936 1594 4991 τὸν
1626 4917 1815 4993 δοῦλόν

242 5021 346 5073 μου
385 5008 690 5101 ἶΑλνατολήν,
725 5033 745 5066 ι
781 5015 892 5070 Καὶ
915 5014 1073 5084 αὖθις
1113 5022 1232 5091 μεθ’
1265 5024 1460 5097 ἕτερα·
1507 5048 1527 5080 ι
1554 5031 1665 5085 Καὶ
1693 5033 1814 5101 ἐγέο

1920 4931 2198 4989 Orientem
2233 4933 2300 4988 ⁸³.
2358 4952 2378 4985 ›
2420 4949 2439 4982 ι
2473 4930 2650 5000 Atque
2680 4932 2878 4987 iterum
2913 4938 3037 5002 post
3074 4931 3218 4985 alia:
3255 4947 3275 4980 ι
3315 4927 3383 4983 Et
3411 4926 3496 4982 fa-

1919 5036 2069 5082 ctum
2092 5033 2178 5082 est
2200 5025 2437 5081 Verbum
2485 5024 2705 5079 Domini
2754 5022 2823 5077 ad
2875 5039 2963 5080 me
2989 5022 3180 5078 dicens
3213 5039 3227 5076 :
3263 5019 3431 5075 Sume
3461 5034 3506 5073 a.

238 5110 361 5194 νετο
393 5096 550 5194 λόγος
573 5101 779 5174 Κυρίου
822 5107 959 5178 πρὸς
992 5110 1080 5180 μὲ,
1114 5111 1306 5182 λέγων·
1339 5096 1486 5171 Λάϐε
1528 5119 1595 5174 τὰ
1627 5122 1692 5176 ἐκ
1717 5096 1816 5194 τῆς

1922 5119 2402 5191 transmigratione
2429 5134 2460 5174 a
2482 5119 2719 5174 ducibus
2742 5116 2824 5187 “;
2857 5137 2876 5172 ι
2901 5125 2955 5173 et
2983 5117 3148 5188 paulo
3179 5121 3304 5186 post
3329 5133 3344 5170 :
3376 5131 3396 5166 ι
3425 5112 3495 5169 Et

241 5187 616 5286 αίχμαλωσίας
653 5199 804 5267 παρὰ
835 5199 944 5254 τῶν
976 5202 1270 5274 ἀρχόντων.
1302 5225 1322 5259 ι
1359 5209 1471 5263 Καὶ
1506 5213 1647 5283 μετὰ
1678 5187 1814 5286 βρά-

244 5278 378 5377 χέας
414 5301 434 5334 ι
462 5285 573 5377 Kal.
613 5286 760 5362 λήψῃ
786 5291 1047 5366 ἀργύριον
1091 5299 1185 5352 καὶ
1215 5303 1462 5374 ποιήσεις
1495 5278 1812 5377 στεφάνους,

244 5372 338 5465 καὶ.
364 5375 641 5465 έπιθήσεις
672 5383 765 5436 ἐπὶ
795 5385 894 5457 τὴν
922 5389 1162 5463 κεφαλὴν
1205 5372 1378 5465 Ἰησοῦ
1415 5396 1530 5449 υἱοῦ
1573 5372 1816 5454 ’Ϊωσεδὲήκ

243 5458 338 5514 τοῦ
372 5463 561 5537 ἱερέως
582 5471 676 5524 τοῦ
708 5477 962 5546 μεγάλου,
989 5483 1082 5535 καὶ⁹
1117 5458 1277 5554 ἐρεῖς,
1295 5486 1432 5558 πρὸς
1461 5488 1642 5544 αὐτόν·
1676 5492 1813 5548 Τάδε

1923 5227 2108 5269 sumes
2144 5227 2340 5268 aurum
2392 5221 2446 5267 et
2477 5221 2765 5284 argentum
2803 5221 2897 5266 :et
2934 5209 3104 5266 facies
3148 5221 3408 5271 coronas,
3438 5212 3495 5260 et

1921 5321 2091 5377 pones
2112 5307 2166 5361 in
2191 5305 2366 5377 capite
2391 5303 2541 5372 Iesu,
2569 5303 2665 5359 lilii
2695 5301 2924 5361 Josedec
2951 5301 3251 5359 sacerdotis
3281 5301 3488 5372 magni,

1921 5407 1977 5457 et
2005 5401 2244 5472 loqueris
2269 5399 2338 5455 ad
2361 5415 2486 5455 eum
2517 5399 2747 5456 dicens:
2774 5398 2898 5455 Πωο
2926 5399 3002 5454 ait
3023 5397 3288 5455 Dominus
3314 5397 3495 5453 omni-

1921 5502 2153 5565 potens:
2191 5493 2334 5550 Ecce
2361 5494 2444 5550 vir
2465 5493 2663 5552 Oriens
2690 5508 2893 5550 nomen
2943 5493 3066 5565 ejus
3121 5511 3138 5550 :
3186 5499 3244 5550 et
3301 5491 3496 5550 subter

315 5622 636 5719 tissime,
663 5647 740 5719 nl,‘
761 5630 938 5719 itm”
978 5636 1110 5694 ibid.
1145 5640 1231 5696 Η.
1311 5641 1356 5675 ⁸⁸
1396 5641 1625 5704 Zachar.
1658 5663 1728 5712 it.
1766 5648 1818 5706 ι(

1922 5652 1991 5707 ’1.
2070 5654 2112 5686 εί
2154 5651 2382 5710 Zachar.
2418 5668 2516 5719 ut,
2551 5650 2602 5708 1.
2681 5652 2724 5686 ⁸⁸
2765 5648 2895 5707 ibid.
2955 5647 3010 5716 Ι,
3059 5647 3111 5704 5.
3187 5648 3232 5682 “
3268 5645 3401 5705 ibid.
3433 5645 3506 5703 δέ.

250 5693 293 5721 ⁸⁸
331 5693 556 5752 Zachar.
589 5714 639 5752 Vt
661 5741 675 5763 ,
708 5693 741 5754 9
763 5742 777 5767 ,
809 5703 898 5759 in.

317 5809 390 5880 (Ι)
420 5813 579 5869 Deest
605 5815 715 5868 τοῦ.
740 5815 896 5873 Eutr.
