4070 6464
585 339 721 395 1117

1291 329 1557 388 EUSEBII
1597 332 2078 391 CIESAKIENSIS
2115 333 2262 391 OPP.
2303 329 2482 388 PARS
2511 330 2597 387 Ill.
2624 361 2692 371 —
2715 326 3123 383 EXEGETICA.

3686 323 3831 377 H58

583 467 710 506 eum
746 449 972 512 orietur.
1010 447 1073 506 ἰτ
1126 449 1423 506 ειίἱηειιιιὶῑ
1470 449 1730 520 templum
1785 449 2030 506 Domino.
2093 451 2147 504 EI

2259 449 2406 517 λέγει
2459 447 2660 518 Κύριος
2711 443 3122 515 παντοκράτωρ·
3166 439 3319 502 Ἰδοὺ,
3366 437 3525 508 ἀνὴρ,
3571 437 3832 507 ’Δνατολὴ

586 543 704 612 ipse
755 541 989 610 portabit
1023 541 1273 611 gioriam,
1314 550 1369 597 et
1402 542 1634 605 sedebit,
1681 549 1736 598 et
1783 542 2154 597 dominabitur

584 649 750 703 super
781 633 920 687 solio
947 648 1070 694 suo.
1103 640 1160 688 et
1192 635 1297 688 erit
1330 634 1591 689 sacerdos
1622 649 1652 688 a
1684 634 1889 689 dextris
1917 633 2058 702 ejus,
2099 643 2153 689 et

581 725 874 780 consilium
925 725 1076 794 pacis
1110 725 1216 779 erit
1273 727 1416 780 inter
1464 725 1588 780 illos
1635 725 1794 780 duos.
1836 723 1904 778 Et
1937 740 2151 781 coronae

581 824 742 872 erunt
777 817 1226 886 exspectantibus
1256 818 1324 872 “.
1365 837 1383 868 ι
1420 816 1555 873 Cum
1591 814 1926 872 Salvatorcm
1966 825 2020 872 et
2048 817 2151 872 Do-

581 907 787 962 minum
819 917 1067 962 nostrum
1090 907 1276 962 Jesum
1297 907 1575 962 Christum
1605 908 1840 978 inclytus
1860 908 2152 979 Apostolus

585 1018 606 1052 ι
642 998 989 1054 Sacerdotem
1030 999 1280 1070 Magnum
1311 999 1676 1070 n(ominavit),
1713 1001 1806 1070 qui
1853 1002 2153 1071 penetravit

580 1091 750 1145 caelos
785 1090 851 1155 “,
894 1111 914 1142 ι
943 1091 1010 1144 ad
1045 1104 1170 1146 eum
1208 1105 1318 1144 non
1356 1092 1630 1146 immerito
1662 1092 1968 1148 referenda.
2016 1135 2028 1148 .
2075 1135 2087 1146 .
2135 1138 2147 1150 .

579 1190 633 1237 et
665 1183 756 1253 qui
786 1182 1089 1237 secundum
1117 1183 1462 1253 prophetiam
1501 1183 1691 1238 eodem
1726 1186 2050 1255 cognomine
2087 1202 2151 1241 ac

579 1274 785 1330 honore
823 1275 1135 1330 decoratus.
1166 1273 1290 1328 Hzec
1321 1275 1531 1330 eadem.
1577 1316 1592 1330 .
1639 1315 1652 1330 .
1699 1317 1713 1330 .
1757 1315 1772 1331 .
1817 1315 1830 1330 .
1864 1275 2021 1331 Hune
2050 1277 2150 1348 igi-

578 1374 669 1420 tur
705 1365 971 1422 Dominus
1002 1365 1245 1421 ostendit
1269 1367 1565 1437 prophetae.
1611 1409 1624 1423 .
1671 1409 1686 1424 .
1730 1407 1745 1422 .
1792 1409 1807 1422 .
1853 1409 1868 1423 .
1912 1409 1926 1423 .
1969 1407 1984 1422 .
2029 1367 2150 1423 Sal-

577 1457 785 1512 vatoris
834 1459 1013 1512 nostri
1055 1458 1120 1512 ad
1151 1465 1397 1512 nostram
1428 1459 1800 1528 captivitatem
1835 1461 2147 1516 solvendam

578 1550 900 1603 descensum
937 1549 1279 1618 signiﬁcans,
1314 1565 1446 1620 quo.
1490 1590 1505 1606 .
1549 1592 1563 1605 .
1610 1591 1624 1603 .
1676 1590 1692 1606 .
1743 1597 1757 1610 .
1811 1553 2154 1610 nuntiavisse

577 1640 810 1710 captivis
866 1640 1315 1710 redemptionem,
1349 1642 1499 1695 velut
1531 1652 1756 1698 nostras
1792 1643 1846 1697 in
1908 1645 2147 1714 seipsum

577 1732 886 1801 suscipiens
935 1732 1256 1801 iniquitates
1299 1732 1538 1788 sordidis
1569 1733 1713 1804 apud
1748 1749 1849 1788 nos
1881 1752 2016 1792 usus
2062 1746 2148 1792 est

2252 541 2421 612 ὄνομα
2452 539 2621 610 αύτῷ,
2652 539 2748 592 καὶ
2775 533 3124 590 ὑποκάτωθεν
3151 531 3318 586 αὑτοῦ
3344 529 3406 599 (1⁸.
3437 530 3526 596 52)
3558 527 3832 593 ἀνατελεί,

2254 635 2347 688 καὶ
2371 633 2713 702 οἰκοδομήσει
2739 629 2829 682 τὸν
2859 623 3004 680 οἷκον
3032 625 3258 694 Κυρίου,
3293 621 3567 678 mla-316:
3598 619 3834 690 λήψεται

2253 725 2472 796 ἀρετὴν,
2505 723 2597 776 καὶ
2625 719 2912 783 καθιεῖται,
2948 718 3039 770 καὶ
3081 715 3232 786 ἄρξει
3258 714 3348 766 ἐπὶ
3391 712 3483 766 τοῦ
3510 711 3702 783 θρὸνω
3729 709 3833 763 αὑ-

2250 814 2366 878 τοῦ,
2394 815 2486 867 καὶ
2526 813 2676 865 ἔσται
2703 811 2734 862 6
2761 809 2936 880 ἱερεὺς
2963 810 3026 861 ὲκ
3069 804 3255 870 δεξιῶν
3297 804 3484 867 αὑτοῦ,
3526 804 3621 856 καί
3665 800 3832 873 eam;

2251 903 2503 975 εἰρηνικὴ
2537 902 2686 955 ἔσται
2711 899 2982 970 ἀναμέσον
3014 897 3355 969 ἀμφοτέρων.
3399 895 3456 948 ’0
3484 895 3541 949 δὲ
3566 895 3834 964 στέφανος

2253 997 2401 1049 ἔσται
2433 998 2543 1059 τοῖς
2577 991 2958 1064 ὑπομενοῦσιν.
2987 1007 3006 1041 ι
3042 988 3194 1043 Ἐπεὶ
3215 987 3307 1041 τὸν
3340 986 3569 1058 Σωτῆρα
3597 985 3694 1038 καὶ
3723 985 3836 1038 Κύ-

2257 1105 2367 1160 ριον
2403 1087 2562 1157 ἡμῶν
2601 1083 2806 1157 Ἰησοῦν
2840 1081 3075 1153 Χριστὸν
3111 1083 3138 1134 6
3168 1079 3467 1149 θαυμάσιος
3507 1077 3832 1140 Ἀπόστολος

2265 1178 2552 1252 Ἀρχιερέα
2582 1178 2770 1246 Μέγαν
2809 1174 3102 1247 ὼ(νόμασε)
3142 1171 3490 1242 διεληλυθότα
3513 1172 3640 1233 τοὺς
3664 1170 3842 1240 ούραν-

2251 1273 2396 1337 νοῦς,
2427 1269 2737 1342 ἀναφέροιέ
2765 1268 2829 1322 ἂν
2865 1267 2949 1320 ἐπ’
2981 1264 3141 1318 αὑτὸν
3174 1263 3398 1326 εἰκότως
3437 1303 3452 1317 .
3499 1302 3513 1316 .
3557 1300 3573 1316 .
3618 1301 3633 1314 .
3679 1302 3691 1314 .
3732 1259 3836 1315 καὶ

2249 1365 2278 1416 6
2305 1364 2444 1417 κατὰ
2471 1363 2568 1435 τὴν
2599 1361 2938 1433 προφητείαν
2970 1362 3036 1430 τῇ
3065 1375 3126 1410 τε
3168 1357 3303 1427 αύτῇ
3337 1353 3695 1427 προσωνυμίᾳ
3735 1353 3836 1406 καὶ

2250 1456 2330 1528 τῷ
2378 1455 2526 1526 αύτῷ
2553 1453 2822 1524 ἀξιώματι
2847 1449 3238 1522 τετιμημένος’
3271 1447 3440 1518 ταύτη
3473 1463 3534 1499 τε
3575 1485 3589 1497 .
3636 1487 3650 1499 .
3696 1487 3708 1498 .
3755 1484 3768 1496 .
3815 1482 3830 1494 .

2255 1590 2267 1601 .
2307 1589 2322 1601 .
2363 1584 2380 1602 .
2422 1587 2435 1600 .
2479 1546 2784 1618 ρηματίσας
2810 1562 2822 1574 ⁸
2875 1542 3062 1596 τοῦτον
3097 1541 3161 1612 δὴ
3198 1536 3290 1594 οὖν
3321 1542 3350 1593 6
3396 1538 3599 1610 Κύριος
3632 1536 3842 1600 ἔδειξεν.

2250 1639 2328 1710 τῷ
2363 1639 2622 1711 προφήτω
2665 1677 2676 1689 .
2723 1677 2736 1689 .
2785 1678 2796 1689 .
2842 1676 2856 1688 .
2897 1631 3180 1704 τιρυπώση
3226 1629 3709 1702 περιϐεϐλημένον,
3733 1627 3834 1697 τὴν

2250 1733 2344 1786 τοῦ
2377 1733 2625 1803 Σωτῆρος
2656 1729 2812 1801 ἡμῶν
2842 1727 2934 1780 ἐπὶ
2972 1727 3071 1798 τὴν
3115 1723 3236 1778 καθ’
3279 1725 3425 1794 ἡμᾶς
3450 1719 3831 1823 αἰχμαλωσίαν

576 1823 941 1878 vestimentis.
973 1823 1100 1878 llaec
1125 1823 1288 1879 Pater
1325 1835 1615 1880 exuentem
1658 1827 1811 1896 jubet
1843 1827 2147 1884 divinitatis

2251 1824 2617 1894 αἰνιττόμενος
2665 1820 2912 1884 κάθοδον,
2959 1818 3078 1872 καθ’
3108 1817 3175 1887 ῆν
3217 1854 3232 1870 .
3279 1857 3290 1868 .
3340 1858 3352 1870 .
3396 1853 3412 1870 .
3462 1855 3474 1867 .
3520 1852 3535 1865 .
3581 1855 3592 1866 .
3641 1852 3655 1864 .
3700 1852 3716 1863 .
3755 1817 3832 1862 ῶν

576 1931 858 1971 assumere
899 1916 1097 1971 divina:
1127 1924 1180 1971 et
1221 1917 1418 1972 decora
1449 1917 1650 1972 summi
1683 1918 1740 1972 in
1776 1920 1934 1975 ccelis
1963 1935 2148 1977 sacer-

574 2007 710 2062 dotil
733 2009 984 2077 insignia.
1017 2007 1220 2062 llorum
1253 2016 1432 2063 autem
1455 2025 1522 2063 ex
1559 2009 1787 2063 historia
1818 2011 1902 2065 de.
1951 2052 1966 2066 .
2010 2052 2024 2067 .
2069 2055 2083 2066 .
2128 2053 2148 2067 .

571 2098 760 2153 Jesum
795 2101 973 2170 typice
1006 2107 1064 2154 ut
1087 2100 1384 2156 verisimile
1412 2109 1496 2154 est
1536 2101 1679 2155 natis
1709 2101 1778 2155 ab
1810 2103 1918 2156 alio
1943 2103 2148 2173 princi-

574 2192 664 2260 pio
698 2193 923 2246 verbmn
948 2192 1014 2245 ad
1051 2192 1229 2262 ipsum
1255 2191 1432 2246 virum
1461 2189 1646 2248 Jesum
1672 2200 1726 2246 et
1761 2192 1885 2249 illos
1908 2194 2001 2264 qui
2021 2209 2146 2249 cum

575 2299 659 2337 eo.
704 2322 720 2338 .
765 2323 780 2338 .
827 2326 840 2338 .
886 2323 899 2337 .
945 2325 958 2338 .
1001 2325 1015 2342 .
1071 2283 1326 2354 dignatos
1376 2285 1672 2349 nominari,
1727 2287 1804 2339 ait
1861 2305 1874 2340 :
1934 2307 1953 2337 ‹
2007 2286 2149 2342 Ecce

573 2392 674 2446 ego
707 2375 970 2430 adducam
1003 2376 1243 2448 (servum
1269 2376 1469 2448 meum)
1497 2375 1774 2431 Orientem
1799 2379 1862 2432 ⁸⁷.
1904 2398 1922 2431 ι
1953 2379 2018 2432 Et
2039 2395 2148 2434 non

574 2470 746 2522 multo
781 2477 905 2538 post
939 2489 951 2523 :
1003 2489 1021 2521 ι
1055 2469 1303 2524 Coronas
1359 2470 1413 2523 in
1453 2469 1628 2539 ipsius
1660 2469 1790 2526 Jesu
1840 2472 2021 2541 capite
2045 2488 2147 2542 po-

573 2575 671 2613 nes
702 2560 766 2622 6°,
815 2580 832 2611 ι
889 2561 1155 2629 subjicit:
1206 2579 1225 2612 ι
1280 2559 1406 2614 Ηαιο
1462 2561 1538 2614 ait
1592 2561 1855 2618 Dominus
1897 2565 2149 2634 omnipo-

574 2655 694 2700 tens
727 2645 904 2702 :Ecce
929 2649 1014 2702 vir
1042 2647 1238 2704 Oriens
1264 2664 1464 2704 nomen
1494 2650 1614 2718 ejus
1641 2650 1709 2706 ".
1752 2671 1770 2702 ›
1805 2651 1868 2705 Et
1897 2663 2042 2722 post.
2078 2694 2091 2708 .
2129 2696 2143 2710 .

574 2740 620 2807 (ι
647 2739 836 2792 subter
867 2743 1014 2808 eum)
1042 2741 1248 2795 orietur
1267 2749 1322 2796 et
1355 2740 1644 2796 :ediiicabit
1672 2744 1930 2813 templum
1964 2743 2147 2800 Domi-

570 2844 643 2883 no
665 2831 733 2894 7°,
757 2851 775 2882 ι
802 2839 923 2886 et...
941 2833 1007 2886 ad
1025 2832 1300 2888 Christum
1321 2833 1611 2888 referenda
1625 2843 1841 2890 sunt....
1861 2837 2026 2906 hujus
2043 2838 2146 2893 loci

571 2918 1272 2988 sequentia.Verumtamen
1303 2920 1525 2980 Judzeis.
1573 2966 1584 2979 .
1623 2966 1638 2979 .
1669 2967 1682 2979 .
1720 2964 1733 2978 .
1779 2966 1793 2981 .
1825 2929 2144 2993 ostendere;

571 3025 696 3063 cum
730 3011 946 3080 quidem
979 3013 1197 3071 minime
1229 3014 1546 3083 pr0phetam
1574 3031 1625 3070 a.
1659 3058 1671 3071 .
1711 3057 1725 3072 .
1771 3059 1785 3073 .
1830 3060 1842 3072 .
1864 3035 2052 3090 regno.
2083 3021 2148 3074 Et

571 3101 866 3170 pr0phetia:
913 3105 1269 3173 temporibus.
1314 3146 1328 3160 .
1372 3145 1386 3159 .
1433 3148 1445 3161 .
1493 3147 1504 3159 .
1550 3148 1563 3161 .
1610 3147 1623 3162 .
1671 3152 1682 3162 .
1732 3152 1744 3164 .
1789 3152 1801 3165 .
1854 3112 2146 3166 excitatum

572 3194 834 3247 haberent
859 3196 1168 3260 ostendere,
1215 3197 1320 3252 nisi
1345 3196 1612 3253 Joannem
1645 3208 1698 3255 et
1727 3200 2016 3257 Dominum
2047 3220 2144 3257 no-

573 3291 748 3338 strum
773 3283 958 3339 Jesum
991 3285 1289 3342 Christum.
1337 3287 1471 3353 Quis
1523 3290 1688 3360 igitur
1742 3293 2150 3362 prophetizatus

574 3385 786 3442 tempus
811 3383 892 3429 est
920 3375 1130 3431 dicere.
1153 3415 1166 3427 .
1189 3418 1202 3430 .
1225 3419 1239 3433 .
1264 3418 1277 3431 .
1302 3420 1315 3432 .
1361 3377 1417 3433 Si
1462 3395 1592 3433 vero
1637 3380 1903 3448 dicerent,
1929 3382 2043 3438 haec
2083 3385 2152 3438 ad

570 3464 754 3520 Jesum
785 3466 952 3520 filium
971 3465 1196 3522 Josedec
1225 3479 1502 3538 spectant,
1529 3472 1927 3528 ostendendum
1961 3482 2042 3530 est
2071 3476 2150 3530 eis

572 3555 796 3610 minime
825 3555 902 3609 illi
933 3572 1054 3627 qua:
1083 3557 1227 3612 dicta
1260 3567 1387 3612 sunt
1411 3562 1722 3618 convenire.
1746 3562 1975 3630 Quando
2004 3566 2148 3620 enim

569 3657 822 3702 vocatum
851 3655 935 3702 est
975 3663 1171 3703 nomen
1203 3649 1323 3718 ejus
1353 3649 1592 3706 Oriens?
1621 3651 1793 3718 Quam
1831 3653 1902 3708 ob
1927 3670 2149 3710 causam

573 3738 675 3790 hac
701 3736 1144 3794 denominatione
1183 3740 1480 3810 dignatur?
1514 3745 1798 3808 Quomodo
1838 3761 1962 3800 eum
1991 3745 2150 3800 dece-

572 3838 673 3893 ret,
703 3849 721 3881 ι
750 3827 814 3884 Et
833 3832 1038 3887 sedebit
1057 3842 1110 3886 et
1139 3833 1507 3888 dominabitur
1529 3851 1693 3906 super
1723 3838 1860 3893 solio
1883 3840 2013 3893 tuo?
2042 3859 2059 3891 ι
2086 3856 2149 3894 ac

571 3923 872 3990 praesertim
913 3923 1064 3985 illud,
1095 3947 1113 3974 ι
1152 3932 1205 3978 et
1239 3926 1342 3979 erit
1369 3927 1626 3981 sacerdos
1656 3943 1686 3980 a
1715 3929 1921 3984 dextris
1954 3931 2139 4000 ejus?»

573 4010 631 4066 Si
661 4014 805 4068 enim
835 4015 952 4084 ipse
990 4024 1136 4070 esset
1173 4017 1430 4072 sacerdos
1459 4033 1716 4088 magnus,
1758 4021 1882 4090 quis
1912 4021 2052 4077 foret
2081 4023 2149 4077 ad

570 4105 848 4160 dexteram
875 4106 995 4176 ejus
1051 4107 1192 4161 alius
1240 4122 1304 4160 ac
1347 4108 1462 4178 ipse
1510 4110 1801 4164 sacerdos?
1863 4112 2150 4168 Manifeste

571 4206 750 4252 autem
782 4199 946 4252 alium
975 4214 1038 4254 ac
1071 4200 1222 4253 illum
1258 4215 1382 4254 esse
1409 4199 1570 4254 docet
1601 4202 1874 4256 Orientem
1900 4205 2149 4258 nomina-

569 4300 705 4344 tum.
743 4290 952 4345 Etenim
979 4291 1043 4345 ad
1073 4293 1246 4362 ipsum
1282 4291 1566 4347 Dominum
1594 4301 1646 4350 et
1687 4295 1754 4348 ad
1788 4297 2150 4353 circumstan-

571 4392 653 4438 tes
719 4398 838 4437 eutn
894 4384 969 4437 ait
1012 4383 1333 4453 Scriptura:
1385 4402 1403 4435 ι
1451 4385 1630 4451 Audi,
1675 4385 1844 4453 Jesu,
1893 4391 2148 4447 sacerdos

570 4491 794 4546 magne,
833 4485 890 4530 tu
921 4485 973 4531 et
1011 4476 1172 4530 amici
1209 4477 1327 4531 tui:
1361 4493 1489 4532 ecce
1534 4480 1678 4532 enim
1725 4496 1826 4550 ego
1879 4481 2145 4536 adducam

2256 1917 2490 1988 κηρύξαι
2524 1913 2885 1986 αἰχμαλώτοις
2930 1913 3141 1980 ἄφεσιν,
3173 1903 3260 1961 οἷα
3307 1907 3370 1978 δὴ
3409 1905 3508 1969 τὰς
3555 1904 3831 1975 ἡμετέρας

2255 2011 2334 2072 εἰς
2377 2007 2566 2061 ἑαυτὸν
2616 2003 2897 2059 ἀναλαϐὼν
2933 2002 3203 2073 ἁμαρτίας
3253 2001 3512 2070 ῥυπαροῖς
3564 1997 3833 2067 κέχρηται

2256 2101 2384 2170 παρ’
2431 2097 2586 2170 ἡμῶν
2630 2097 2919 2166 ἐνδύμασιο
2954 2094 3126 2148 ταῦτα
3169 2092 3213 2145 δ’
3252 2094 3281 2145 6
3328 2091 3515 2160 Πατὴρ
3560 2088 3833 2142 ἀποδύντα

2255 2189 2464 2244 κελεύει
2508 2189 2575 2242 τὰ
2621 2188 2718 2258 τῆς
2762 2186 3012 2256 θεότητος
3055 2184 3343 2239 ἀναλαϐεῖν
3389 2184 3508 2236 θεῖα
3556 2183 3652 2235 καὶ
3684 2180 3834 2246 ἀξιοο

2256 2283 2443 2357 πρεπῆ
2489 2286 2587 2353 τῆς
2630 2281 2746 2334 κατ’
2801 2280 3028 2352 οὐρανὸν
3080 2277 3487 2350 ἀρχιερωσύνης
3537 2275 3830 2344 ἐνδύματα.

2255 2377 2452 2430 Tati-tur
2509 2373 2563 2427 δὲ
2609 2375 2700 2427 καὶ
2742 2371 2882 2426 κατά
2910 2373 3009 2442 τὴν
3041 2369 3276 2442 ἱστορίαν
3310 2369 3436 2440 περὶ
3462 2385 3490 2420 τ
3535 2407 3548 2420 .
3592 2409 3604 2419 .
3656 2407 3670 2418 .
3713 2384 3833 2418 τοτε

2267 2465 2469 2538 Ἰησοῦν
2511 2464 2754 2528 τυπικῶς
2790 2464 2865 2526 ὡς
2909 2465 3056 2526 εἰκὸς
3093 2461 3474 2532 γεγενημένων
3507 2461 3598 2528 ἀφ’
3636 2459 3834 2530 ἑτέρας

2254 2558 2424 2629 ἀρχῆς
2455 2558 2482 2608 6
2507 2557 2661 2625 λόγος
2706 2555 2840 2626 πρός
2863 2571 2923 2606 τε
2952 2553 3114 2608 αὑτὸν
3142 2553 3233 2606 τὸν
3274 2552 3442 2622 ἄνδρα
3485 2548 3696 2620 Ἰησοῦν
3741 2551 3835 2602 καὶ

2251 2649 2377 2712 τοῦς
2443 2649 2540 2700 σῦν
2591 2646 2739 2717 αὐτῷ
2782 2686 2795 2699 .
2843 2687 2858 2698 .
2904 2685 2917 2699 .
2961 2643 3455 2715 (τε)ρατοσκόπους,
3501 2639 3741 2711 ἡγοῦμαι
3791 2640 3832 2690 δ’

2253 2739 2424 2804 οῦτως
2452 2741 2576 2804 τοὺς
2603 2742 2700 2810 τῆς
2731 2737 3105 2810 πνευματικῆς
3148 2776 3162 2789 .
3208 2777 3221 2790 .
3263 2773 3278 2788 .
3324 2775 3338 2788 .
3388 2774 3401 2787 .
3445 2775 3458 2786 .
3497 2731 3836 2803 ἠξιωμένους

2253 2831 2583 2902 ὠνομάσθαι,
2614 2831 2796 2902 φησίν,
2835 2849 2854 2881 ι
2892 2829 3023 2882 Ἰδοὺ
3056 2826 3166 2896 ἐγὼ
3199 2826 3316 2894 ἄγω
3343 2825 3432 2879 τὸν
3458 2864 3473 2878 .
3516 2866 3531 2879 ,
3574 2864 3588 2877 .
3635 2863 3652 2878 .
3696 2862 3710 2877 .
3757 2863 3776 2878 .
3817 2859 3837 2877 .

2266 2919 2570 2990 Ἀνατολήν.
2608 2939 2626 2972 ι
2661 2921 2767 2972 Καὶ
2796 2917 3146 2980 ὑποκαταϐὰς
3174 2915 3338 2970 αύτοῦ
3372 2915 3465 2967 τοῦ
3499 2911 3676 2984 Ἰησοῦ
3708 2913 3836 2975 τοὺς

2257 3007 2594 3079 στε(φάνους)
2641 3011 2707 3079 τῇ
2758 3008 2967 3078 κεφαλῇ
3019 3006 3262 3070 ἐπιθεὶς,
3313 3003 3562 3075 ἐπιφέρει
3615 3002 3832 3071 λέγων’

2261 3117 2280 3150 ι
2310 3099 2448 3154 Τάδε
2479 3099 2624 3168 λέγει
2655 3099 2858 3171 Κύριος
2882 3099 3275 3168 παντοκράτωρ
3299 3114 3311 3126 ·
3349 3097 3457 3150 ἰδοὺ
3492 3097 3634 3167 ἀνὴρ
3682 3097 3836 3149 Ἀνα-

2174 3213 2214 3270 C
2247 3193 2374 3264 τολὴ
2412 3192 2582 3263 ὄνομα
2608 3209 2620 3222 ο
2654 3212 2671 3244 ι
2698 3191 2792 3244 καὶ
2823 3191 3064 3246 ύποκάτ.
3113 3232 3126 3244 .
3171 3229 3184 3242 .
3231 3229 3244 3242 .
3289 3228 3308 3243 .
3349 3229 3362 3245 .
3406 3207 3425 3239 ι
3463 3188 3713 3242 ἀνατελεί
3740 3191 3836 3240 καὶ

2254 3285 2594 3355 οἰκοδομήσει
2626 3285 2716 3338 τὸν
2762 3279 2909 3336 οἷκον
2953 3282 3152 3354 Κυρίου
3189 3301 3208 3334 ι
3247 3281 3464 3345 καὶτὰς
3501 3322 3516 3335 .
3563 3321 3577 3335 .
3621 3322 3635 3336 .
3684 3321 3698 3334 .
3742 3282 3838 3334 καί

2253 3375 2323 3428 τὰ
2366 3376 2458 3428 ἐπὶ
2502 3376 2594 3430 τὸν
2642 3375 2876 3446 Χριστὸν
2920 3373 3226 3445 ἀναφέροιέ
3258 3373 3344 3437 ἀν,
3376 3373 3476 3443 τῆς
3522 3371 3836 3443 προσηκού-

2255 3487 2354 3541 σης
2394 3511 2408 3525 .
2456 3509 2472 3525 .
2515 3469 2784 3541 (τυ)χόντα
2831 3468 3133 3538 διηγήσεως
3159 3483 3173 3495 ·
3208 3464 3346 3536 πλὴν
3375 3465 3610 3528 καὶτοῖς
3643 3467 3707 3516 ὲκ
3741 3481 3838 3516 7:5-

2254 3560 2480 3632 ριτομῇς
2513 3560 2604 3612 καί
2647 3598 2660 3610 .
2706 3599 2719 3611 .
2766 3600 2782 3616 .
2827 3597 2840 3610 .
2887 3596 2900 3611 .
2948 3599 2961 3611 .
3006 3595 3020 3610 .
3062 3554 3187 3610 αλὺν
3232 3595 3246 3608 .
3293 3595 3305 3608 .
3352 3595 3365 3606 .
3410 3595 3424 3608 .
3465 3553 3834 3624 παραθέσθαι.

2251 3653 2373 3704 ἐπεὶ
2407 3651 2526 3721 μηδ’
2557 3651 2690 3712 ὅλως
2719 3649 3003 3720 προφήτην
3052 3647 3159 3698 ἀπὸ
3191 3647 3288 3716 τῆς
3329 3686 3343 3701 .
3385 3684 3399 3698 .
3443 3683 3460 3700 .
3504 3684 3516 3697 .
3563 3684 3577 3698 .
3625 3661 3837 3716 περσου

2253 3742 2525 3814 βασιλείας
2544 3758 2556 3770 ·
2589 3741 2682 3794 καὶ
2709 3741 2817 3793 τῶν
2842 3740 2942 3810 τῆς
2972 3737 3308 3810 προφητείας
3330 3737 3537 3809 χρόνων
3575 3777 3588 3788 .
3637 3777 3651 3789 .
3697 3776 3711 3789 .
3761 3777 3778 3791 .

2255 3876 2270 3892 .
2314 3877 2330 3893 .
2374 3875 2387 3890 .
2428 3833 2795 3905 ἐγηγερμένον
2821 3832 2992 3902 ἔχοιεν
3021 3829 3306 3895 ἐπιδεῖξαι,
3345 3829 3418 3900 μὴ
3446 3831 3624 3898 δτιγε
3655 3828 3836 3883 Ἰωάν-

2249 3946 2347 4000 νην
2382 3929 2475 3982 καί
2503 3929 2594 3981 τὸν
2657 3927 2860 3996 Κύριον
2916 3924 3073 3996 ήμῶν
3121 3924 3327 3996 Ἰησοῦν
3355 3925 3609 3995 Χριστόν.
3647 3925 3747 3987 Τίς
3773 3924 3835 3994 δὴ

2249 4018 2340 4075 οὖν
2367 4025 2394 4075 6
2425 4019 2900 4092 προφητευόμενος
2941 4018 3060 4088 ὥρα
3101 4018 3278 4087 λέγειν
3323 4060 3332 4069 .
3375 4058 3392 4074 .
3433 4018 3480 4070 εἰ
3507 4017 3565 4070 δε
3598 4017 3833 4086 λέγοιεν,

2247 4113 2422 4167 ταῦτα
2455 4115 2534 4175 είς
2563 4113 2651 4165 τὸν
2693 4110 2898 4182 Ἰησοῦν
2923 4110 3014 4164 τὸν
3055 4110 3147 4163 τοῦ
3186 4110 3428 4163 Ἰωσεδὲκ
3473 4111 3831 4182 ἀναφέρεται,

2247 4204 2483 4258 δεικτέον
2508 4206 2710 4267 αὐτοῖς,
2739 4205 2820 4257 δτι
2840 4203 3100 4274 μηδαμῶς
3133 4205 3324 4273 ἐκείνῳ
3346 4203 3410 4256 τὰ
3438 4205 3705 4274 λεγόμενα
3734 4207 3840 4275 ἀρ-

2253 4294 2405 4366 μόζει
2426 4313 2438 4326 ·
2473 4296 2602 4348 πότε
2636 4297 2743 4366 γὰρ
2789 4295 2988 4366 ἐκλήθη
3016 4295 3075 4347 τὸ
3106 4294 3274 4365 όνομα
3316 4293 3480 4348 αὑτοῦ
3529 4295 3789 4365 Ἀνατολή
3818 4313 3832 4358 ;

2248 4387 2336 4441 διὰ
2361 4388 2412 4440 τί
2443 4388 2498 4440 δὲ
2529 4389 2621 4440 καὶ
2650 4387 2855 4458 ταύτης
2885 4386 3128 4451 ἀξιοῦται
3162 4387 3261 4457 τῆς
3286 4386 3686 4458 προσηγορίας;
3713 4388 3836 4450 πῶς

2251 4480 2308 4532 δὲ
2341 4481 2569 4551 ἁρμόσει
2609 4478 2758 4550 αύτῷ
2784 4479 2864 4542 τὸ,
2905 4497 2923 4530 ι
2968 4479 3076 4532 Καὶ
3109 4479 3377 4532 καθιεῖται
3418 4479 3512 4530 καὶ
3549 4476 3704 4549 ἄρξει
3739 4480 3834 4530 ἐπὶ

570 4584 785 4624 servum
835 4584 1016 4622 meum
1045 4567 1342 4623 Orientem.
1381 4588 1400 4620 ι
1439 4569 1495 4623 Si
1537 4571 1702 4640 igitur
1725 4573 1775 4626 ei
1808 4572 1921 4626 hare
1955 4572 2147 4629 dicun-

2253 4573 2345 4626 τοῦ
2375 4573 2562 4643 θρόνου
2587 4572 2784 4639 αύτοῦ;
2821 4591 2840 4624 ι
2880 4571 3108 4642 μάλιστα
3123 4571 3178 4623 δὲ
3205 4571 3286 4635 τὸ,
3322 4593 3339 4622 ι
3370 4572 3480 4624 Καὶ
3508 4571 3659 4624 ἔσται
3682 4572 3712 4623 6
3759 4574 3833 4624 ἰε-

571 4669 695 4724 tur,
766 4661 1038 4731 quomodo
1101 4661 1404 4716 existimari
1460 4670 1638 4732 potest
1700 4665 1768 4719 de
1824 4666 1943 4734 ipso
1992 4666 2142 4723 dici:

577 4772 595 4804 ι
635 4753 768 4806 Ecce
797 4757 877 4806 vir
907 4751 1102 4806 Oriens
1131 4752 1372 4822 (nomen)
1405 4753 1564 4822 ejus?
1603 4773 1622 4805 ι
1667 4755 1867 4825 Aperte
1906 4757 1990 4811 his
2025 4774 2145 4811 vcr-

570 4846 654 4900 bis
679 4845 800 4900 duae
823 4847 1178 4916 designantur
1202 4860 1482 4914 personae;
1516 4845 1685 4900 altera
1717 4847 1958 4916 quidem,
1978 4864 2141 4918 quam

570 4937 866 5007 alloquitur
887 4938 1168 5003 divinitas,
1202 4937 1372 4990 altera
1404 4936 1470 4992 de
1499 4954 1604 5007 qua
1649 4940 2007 5009 prophetizat.
2042 4941 2142 4996 Cui

569 5035 623 5080 et
653 5030 771 5082 sine
811 5027 1184 5082 controversia
1215 5027 1568 5082 induceretur
1595 5028 1663 5082 ad
1688 5028 1986 5095 Christum,
2017 5046 2144 5086 vere

573 5120 762 5176 ﬁlium.
805 5160 822 5176 .
860 5161 876 5176 .
921 5159 935 5176 .
979 5161 995 5177 .
1075 5161 1088 5174 .
1142 5161 1157 5176 .
1203 5163 1218 5178 .
1265 5163 1277 5175 .
1323 5162 1338 5176 .
1393 5121 1713 5192 intelligitur
1766 5123 1999 5190 justitia.
2043 5121 2144 5179 llic

569 5222 714 5267 esset
746 5212 922 5269 Pater.
968 5255 982 5269 .
1033 5255 1045 5269 .
1091 5254 1104 5267 .
1151 5255 1165 5270 .
1211 5254 1225 5267 .
1262 5215 1505 5269 victoria:
1535 5215 1754 5271 coronis
1779 5214 1998 5271 Christo
2041 5217 2143 5269 im-

571 5306 764 5374 positis
806 5347 820 5361 .
865 5348 880 5362 .
926 5349 939 5362 .
987 5349 998 5361 .
1043 5345 1058 5361 .
1103 5347 1118 5362 .
1163 5348 1177 5362 .
1223 5347 1237 5361 .
1301 5315 1479 5361 vocat.
1544 5305 1774 5377 Propter
1837 5307 2142 5362 doctrinam

571 5394 713 5448 inter
743 5395 1011 5452 homines.
1061 5439 1073 5451 .
1113 5438 1128 5452 .
1171 5435 1184 5451 .
1231 5439 1242 5452 .
1289 5437 1305 5453 .
1349 5439 1364 5453 .
1407 5438 1422 5454 .
1467 5439 1481 5452 .
1525 5398 1875 5469 Primumque
1923 5409 1977 5454 et
2028 5415 2142 5453 ma-

572 5499 739 5555 gnum
774 5483 962 5540 Pontif
1001 5522 1016 5538 .
1061 5527 1074 5540 .
1120 5529 1134 5542 .
1179 5528 1192 5541 .
1233 5487 1652 5558 primogenitum
1702 5487 1821 5556 ejus
1881 5485 2135 5541 Verbum.

572 5576 716 5634 Deus
746 5577 964 5647 quidem
990 5592 1114 5632 cum
1153 5578 1224 5635 sit
1251 5586 1303 5635 et
1336 5577 1618 5634 Dominus.
1667 5621 1678 5633 .
1725 5618 1737 5630 .
1787 5623 1800 5636 .
1845 5617 1858 5629 .
1903 5617 1920 5633 .
1960 5593 2141 5632 sacer—

646 5735 690 5765 “
730 5732 958 5788 Zachar.
991 5747 1066 5798 vr,
1091 5730 1150 5786 11
1175 5759 1199 5770 υ
1223 5733 1310 5787 ﬂ.

1389 5733 1432 5764 °°
1473 5731 1614 5790 Hch
1669 5753 1739 5797 μ’,
1777 5733 1860 5789 14.
1937 5734 1977 5765 ⁸⁷
2021 5733 2247 5789 Zachar.
2286 5749 2382 5797 ιιι,
2418 5736 2468 5786 8.

2257 4665 2378 4736 ρεὺς
2409 4667 2471 4718 ὲκ
2502 4664 2685 4730 δεξιῶν
2719 4663 2878 4717 αὑτοῦ
2906 4682 2919 4729 ;
2964 4683 2981 4715 ι
3026 4665 3073 4716 εἰ
3099 4663 3207 4735 γὰρ
3238 4664 3397 4726 αὐτὸς
3439 4663 3734 4732 ἐτύγχανεν
3758 4661 3833 4716 ῶν

2253 4756 2281 4806 6
2311 4756 2486 4826 ἱερεὺς
2521 4757 2548 4807 ὁ
2595 4755 2787 4825 μέγας,
2837 4755 2921 4816 τίς
2961 4753 3005 4806 δ’
3039 4755 3102 4808 ἂν
3143 4755 3226 4825 εἴη
3258 4757 3285 4808 6
3317 4755 3380 4807 ὲκ
3411 4753 3598 4819 δεξιῶν
3635 4753 3830 4815 αὑτοῦ,

2251 4847 2438 4918 ἕτερος
2465 4846 2539 4900 ὢν
2569 4850 2697 4919 παρ’
2728 4847 2888 4901 αὐτὸν
2923 4847 3100 4918 ἱερεύς
3125 4863 3139 4912 ;
3179 4848 3361 4916 σαφῶς
3385 4846 3440 4898 δὲ
3469 4848 3654 4916 ἕτερον
3693 4849 3831 4917 παρ’

2252 4937 2456 4989 ἐκεῖνον
2516 4933 2652 4988 εἶναι
2707 4937 2945 4990 διδάσκει
3004 4937 3093 4989 τὸν
3149 4935 3438 5007 λεγόμενον
3499 4935 3826 5006 Ἀνατολήνο

2252 5027 2387 5098 πρὸς
2413 5027 2521 5098 γὰρ
2561 5028 2652 5080 τὸν
2690 5028 2851 5080 αὐτὸν
2885 5026 3088 5099 Κύριον
3115 5028 3210 5079 καὶ
3237 5027 3404 5097 το(ὺς)
3451 5067 3464 5080 .
3509 5069 3523 5081 .
3565 5027 3703 5098 ἀμφ’
3734 5030 3830 5082 αύ-

2249 5120 2448 5190 τοῦ(ὸν)
2498 5121 2661 5191 φησὶν
2691 5122 2719 5172 6
2752 5121 2937 5188 λόγος’
2977 5137 2996 5171 ι
3036 5122 3235 5172 Ἀκουε
3265 5121 3328 5192 δὴ
3373 5121 3544 5190 Ἰησοῦ
3583 5123 3612 5174 6
3646 5124 3828 5192 ἱερεὺς

2250 5207 2279 5258 6
2311 5207 2501 5277 μέγας,
2555 5209 2618 5261 σὺ
2663 5209 2754 5260 καὶ
2789 5209 2837 5260 οἰ
2871 5208 3094 5278 πλησίον
3125 5225 3216 5261 σου
3238 5227 3252 5239 ο
3283 5209 3392 5262 ἰδοὺ
3439 5211 3549 5278 ἐγὼ
3576 5211 3695 5280 ἄγω
3734 5215 3830 5266 τὸν

2249 5296 2433 5351 δοῦλόν
2464 5315 2562 5368 μου
2601 5299 2918 5368 Ἀνατολήνο
2963 5318 2981 5351 ι
3014 5300 3061 5352 εἰ
3095 5300 3158 5370 δὴ
3187 5295 3277 5353 οὖν
3302 5301 3450 5372 αὐτῷ
3475 5302 3649 5356 ταῦτα
3672 5305 3826 5377 εἴρη-

2247 5407 2357 5454 ται,
2391 5390 2505 5452 πῶς
2551 5389 2616 5443 ἂν
2649 5378 2727 5442 ἔτι
2765 5389 2946 5462 χώραν
2980 5392 3188 5463 ἕχει(οιὶ
3227 5391 3287 5445 τὸ
3323 5395 3450 5464 περὶ
3481 5395 3644 5448 αὐτοῦ
3669 5395 3826 5464 λέγε-

2250 5483 2372 5536 σθαι
2397 5483 2634 5553 νομίζειν
2661 5484 2771 5547 τὸ,‹
2795 5484 2926 5537 Ἰδοὺ
2957 5471 3095 5556 ἀνὴρ
3121 5484 3383 5556 ἀνατολὴν
3423 5524 3438 5539 .
3483 5527 3496 5540 .
3541 5526 3557 5541 .
3599 5487 3776 5558 αύτῷς
3803 5507 3820 5537 ι

2247 5577 2440 5648 Σαφῶς
2470 5578 2532 5649 δὴ
2562 5577 2648 5631 διὰ
2691 5578 2892 5632 τούτων
2937 5577 3028 5631 δύο
3071 5579 3398 5650 παρίσταται
3426 5581 3692 5650 πρόσωπα
3718 5597 3732 5609 ·
3767 5582 3825 5632 ἓν

2549 5734 2590 5762 ⁸⁸⁸
2638 5732 2860 5788 Zachal‘.
2906 5750 2976 5799 γι,
3016 5734 3098 5788 11.
3179 5736 3220 5767 ⁸ο
3260 5735 3390 5790 ibid.
3436 5736 3516 5788 12.
3593 5737 3640 5766 ⁷ο
3679 5737 3818 5791 ibid.
