4096 6412
363 417 502 475 H49

1409 416 1702 475 ECLOG/E
1732 415 2424 476 PROPllETlCIE.—LID.
2465 418 2526 475 lil

3493 426 3630 482 “50

365 541 462 610 μὲν
501 531 546 607 ᾧ
584 539 643 592 τὸ
669 539 809 593 θεῖον
835 537 898 608 (f.
924 538 1011 608 ‘32
1042 539 1118 610 νο)
1149 539 1478 607 διαλέγεται,
1505 539 1692 611 ἕτερον
1713 539 1788 603 ,δὲ
1815 541 1939 611 περί

2044 539 2145 594 dos
2176 540 2364 610 prima:
2391 548 2446 595 et
2496 539 2751 596 increata:
2795 541 3032 598 deitatis.
3077 581 3092 596 .
3137 581 3151 596 .
3196 584 3210 598 .
3255 582 3269 597 .
3311 582 3328 599 .
3373 587 3386 600 .
3432 585 3448 597 .
3505 562 3631 604 esse

359 624 420 684 οὗ
448 630 780 700 προφητεύει
800 648 812 660 ’
848 625 893 698 ᾧ
925 631 1017 691 καὶ
1046 630 1431 701 ἀναμφιλόγως
1475 632 1714 700 ἀνάγοιτ’
1745 633 1812 686 ἂν
1849 634 1941 686 ἐπὶ

359 723 450 776 τὸν
473 723 706 794 Χριστὸν
744 721 836 797 τὸν
875 722 1088 794 ἀληθῶς
1118 722 1233 776 υἱὸν
1272 722 1366 776 τοῦ
1409 762 1423 776 .
1468 763 1482 775 .
1529 765 1541 776 .
1588 763 1602 778 .
1647 765 1660 779 .
1706 765 1720 778 .
1762 725 1935 797 ἑρμη-

360 815 570 868 νεύεται
597 813 697 869 ἰαὼ
717 790 1027 885 δικαιοσύνη
1043 831 1056 844 ’
1084 806 1238 878 οὗτος
1265 812 1404 867 δ”ἂν
1428 813 1512 885 εἴη
1537 818 1566 868 ό
1590 816 1779 888 Πατὴρ
1804 857 1819 870 .
1864 856 1877 871 .
1925 859 1936 870 .

360 907 484 970 τοὺς
510 905 619 959 τῶν
653 907 982 979 νικητηρίων
1024 906 1325 978 περιτιθεὶς
1367 905 1448 977 τῷ
1475 907 1695 979 Χριστῷ
1741 909 1942 979 στεφά-

2043 647 2168 687 eum
2217 631 2351 687 dicit
2381 646 2411 685 a
2445 647 2555 703 quo
2608 633 2822 704 excepit
2879 633 3137 701 homine,
3185 637 3470 694 sacerdote
3512 655 3630 693 ma-

2040 739 2167 796 gno.
2189 763 2224 780 ..
2261 765 2276 780 .
2312 763 2326 778 .
2363 765 2378 779 .
2411 763 2425 776 .
2460 765 2472 780 .
2506 765 2523 781 .
2564 725 2684 794 ipso
2713 726 3061 781 manifestato
3085 743 3181 798 per
3211 730 3471 785 unitatem
3503 747 3628 787 cum

2042 816 2137 872 Dei
2169 815 2478 888 Unigenito.
2508 818 2716 884 Quibus
2749 835 2878 874 vero
2911 837 3036 875 cum
3088 820 3296 878 fusiore
3325 838 3464 893 opus
3484 835 3632 881 esset

2045 909 2450 980 explanatione,
2481 910 2598 966 haec
2645 911 2893 968 suilicere
2951 914 3235 985 proposito
3284 926 3472 971 nostro
3527 931 3631 986 pu-

359 1015 484 1062 νους
525 1039 538 1051 .
585 1039 596 1052 .
642 1038 657 1052 .
700 1039 715 1052 .
758 1041 832 1070 .,.
877 1038 890 1051 .
935 1039 948 1052 .
994 1039 1010 1053 .
1056 1037 1070 1050 .
1114 1036 1130 1051 .
1174 1039 1187 1052 .
1235 1038 1246 1049 .
1294 1037 1308 1051 .
1353 1039 1366 1054 .
1409 998 1939 1072 καλεῖοδιάτὴνείς

2046 1012 2248 1058 tamus.

359 1089 679 1162 ἀνθρώπους
721 1090 1074 1144 ἀνατείλασαν
1102 1091 1169 1144 αὑ
1207 1132 1222 1146 .
1269 1133 1281 1144 .
1325 1133 1342 1146 .
1383 1133 1396 1145 .
1456 1133 1470 1146 .
1515 1133 1530 1146 .
1577 1135 1592 1148 .
1630 1133 1645 1146 .
1683 1095 1939 1150 διδασκαλ

2051 1098 2143 1150 καλ⁴
2170 1097 2260 1150 τὸν
2304 1098 2521 1170 πρῶτον
2555 1101 2650 1153 καὶ
2686 1100 2857 1170 μέγαν
2895 1103 3024 1172 άρχι
3052 1141 3065 1154 .
3111 1143 3125 1157 .
3200 1145 3212 1158 .
3258 1144 3274 1158 .
3315 1143 3330 1157 .
3377 1145 3390 1159 .
3436 1144 3449 1158 .
3495 1141 3511 1156 .
3554 1141 3570 1157 .
3613 1165 3629 1179 ο

361 1183 702 1254 πρωτότοκον
739 1184 900 1237 αὑτοῦ
932 1184 1132 1253 Λόγον·
1163 1185 1294 1238 Θεὸν
1320 1185 1417 1257 μέν
1443 1186 1572 1242 ὄντα
1605 1188 1699 1242 καὶ
1732 1188 1938 1261 Κύριον
1975 1190 2090 1243 τῶν
2126 1230 2140 1242 .
2183 1229 2201 1246 .
2248 1233 2260 1246 .
2309 1233 2322 1246 .
2371 1235 2382 1248 .
2428 1233 2444 1249 .
2489 1235 2502 1248 .
2544 1233 2558 1247 .
2601 1210 2675 1246 ων
2705 1194 2854 1266 ἱερέα
2897 1194 2956 1246 δὲ
3004 1195 3102 1266 τῆς
3137 1194 3359 1267 πρώτης
3388 1196 3480 1250 καὶ
3506 1199 3632 1264 ἀγεσ

361 1277 522 1347 νὴτου
551 1275 831 1347 θεότητος·
877 1319 888 1330 .
932 1316 947 1331 .
994 1319 1008 1332 .
1053 1320 1066 1333 .
1113 1321 1126 1334 .
1167 1280 1325 1351 ωρδέ
1354 1276 1492 1334 εἶναι
1521 1281 1683 1335 αὑτόν
1715 1299 1877 1353 φησιν
1901 1277 1962 1337 οὑ
2001 1284 2288 1355 ἀνείληφεν
2328 1285 2635 1358 ἀνθρώπου,
2677 1287 2868 1358 ἱερέως
2900 1287 3134 1358 μεγάλου
3177 1329 3191 1342 .
3235 1328 3249 1342 .
3291 1329 3307 1344 .
3351 1329 3367 1344 .
3410 1328 3424 1342 .
3464 1287 3630 1344 αὑτοῦ

360 1369 787 1442 χρηματίζοντος
817 1371 905 1425 διά
945 1371 1041 1442 τὴν
1074 1371 1266 1426 ἕνωσιν
1308 1373 1406 1442 τὴν
1453 1375 1591 1445 πρὸς
1635 1374 1724 1428 τὸν
1769 1376 2044 1447 Μονογενῆ
2109 1376 2203 1430 τοῦ
2233 1377 2392 1433 Θεοῦ.
2423 1378 2629 1450 Πολλῆς
2677 1378 2735 1432 δὲ
2789 1380 2896 1434 τῶν
2929 1381 3070 1434 κατὰ
3121 1381 3212 1434 τὸν
3249 1381 3411 1435 τόπον
3448 1381 3630 1452 δεομέο

360 1483 466 1519 νων
497 1463 849 1536 ἐξ(ηγὴσεως)
889 1464 1047 1518 ἱκανά
1081 1465 1172 1518 καὶ
1214 1464 1387 1519 ταῦτα
1415 1464 1491 1529 ὡς
1525 1466 1660 1538 πρὸς
1689 1465 1787 1538 τὴν
1834 1468 2116 1540 παροῦσαν
2145 1469 2420 1524 ὑπόθεσιν.

873 1607 1269 1662 ΚΕΦΑΛΑΙΟΝ
1306 1610 1433 1664 ΚΔ’.

957 1721 1068 1776 Τοῦ
1092 1721 1300 1776 αὑτοῦ.

434 1853 453 1886 ι
488 1835 694 1906 Χαῖρε.
731 1875 743 1888 .
790 1877 802 1890 .
847 1873 862 1887 .
907 1875 920 1889 .
957 1835 1195 1909 θύγατερ
1223 1835 1380 1902 Σιὼν,
1409 1839 1672 1909 κήρυσσε,
1705 1836 1942 1911 θύγατερ

2613 1606 2844 1663 CAPUT
2884 1606 3074 1663 XXIV.

2637 1722 2722 1776 Ea:
2764 1723 2965 1778 eodem.

2125 1855 2143 1888 ι
2181 1836 2406 1892 Exsulta
2436 1835 2638 1907 (satis),
2669 1836 2780 1891 ﬁlia
2823 1835 2978 1900 Sion.
3016 1837 3221 1907 jubila,
3256 1839 3364 1895 ﬁlia
3400 1839 3630 1898 Jerusa-

371 1927 757 1998 Ἰερουσαλήμ·
818 1927 956 1990 ἰδοὺ,
1001 1929 1030 1980 ὁ
1069 1927 1137 1998 βα
1179 1967 1192 1980 .
1236 1965 1252 1980 .
1295 1966 1311 1981 .
1354 1967 1369 1981 .
1415 1969 1429 1982 .
1470 1927 1687 1999 ἔρχεταί
1733 1947 1816 1983 σοι
1861 1931 1939 1984 δί-

2043 1933 2170 1987 lem.
2200 1929 2338 1986 Ecce
2369 1929 2479 1985 Rex
2504 1930 2678 2000 (tuus)
2705 1931 2884 1986 veniet
2902 1930 3000 1985 tibi
3026 1931 3210 2002 justus
3262 1941 3316 1986 et
3339 1932 3620 1988 Salvator:

361 2037 512 2084 καιος
540 2021 635 2073 καὶ⁹
669 2017 856 2083 σώζων
897 2020 1060 2082 αὑτὸς
1093 2020 1272 2091 πραῢς
1305 2021 1397 2073 καὶ
1431 2021 1523 2074 ἐπι
1566 2060 1578 2073 .
1625 2062 1639 2076 .
1683 2061 1698 2074 .
1742 2061 1755 2075 .
1801 2062 1815 2076 .
1861 2063 1874 2076 .
1919 2062 1933 2075 .

360 2113 650 2181 ὑποζύγιον
681 2115 774 2167 καὶ
809 2111 986 2166 πῶλον
1014 2113 1152 2167 νέον.
1181 2115 1291 2167 Καὶ
1319 2113 1687 2186 ἐξολοθρεύσει
1720 2115 1940 2187 ἅρματα

359 2204 417 2272 ἐξ
455 2204 712 2277 Ἐφραίμ,
759 2205 852 2259 καὶ
894 2205 1059 2258 ἵππον
1102 2204 1160 2270 ἐξ
1205 2205 1579 2278 Ἰερουσαλὴμ,
1625 2207 1717 2260 καὶ
1759 2207 1938 2274 ἐξολο-

359 2297 646 2367 θρεύσεται
686 2296 837 2364 τόξον
878 2296 1190 2368 πολεμικὸν,
1237 2299 1332 2352 καὶ
1379 2297 1580 2370 πλῆθος
1615 2299 1710 2354 καὶ
1748 2301 1938 2372 εἰρήνη

360 2390 419 2455 ἐξ
452 2389 642 2452 ἐθνῶν,
676 2391 769 2444 καὶ
800 2390 1059 2462 κατάρξει
1085 2392 1192 2444 ἀπὸ
1223 2390 1518 2463 θαλάσσης,
1549 2393 1642 2446 καὶ
1677 2393 1938 2464 ποταμῶν

356 2485 424 2538 δι’
451 2483 678 2538 ἐκϐολὰς
704 2484 825 2554 γῆς.
872 2503 890 2536 ι
921 2484 1180 2555 Θυγάτηρ
1210 2482 1369 2547 Σιὼν,
1397 2502 1430 2557 ῃ
1468 2485 1800 2555 προστάσσει
1829 2486 1942 2557 χαί-

360 2593 474 2646 ρειν
505 2578 532 2629 ὁ
578 2575 768 2643 Λόγος,
814 2576 962 2628 πᾶσα
1005 2578 1038 2645 ἡ
1085 2575 1185 2645 τῆς
1231 2577 1428 2646 νοητῆς
1475 2578 1568 2630 καὶ
1617 2578 1938 2649 ἐπουρανίου

358 2667 496 2722 Σιὼν
517 2669 566 2721 οἱ
595 2685 992 2738 κατατυγχανει
1038 2665 1156 2736 (sic)
1190 2666 1333 2739 ψυχή
1357 2685 1369 2698 ο
1399 2667 1432 2738 ἢ
1479 2668 1556 2739 (ἡ)
1587 2669 1682 2721 καὶ
1712 2671 1802 2722 ἐπὶ
1837 2669 1940 2740 γῆς

358 2759 445 2812 διά
469 2756 704 2830 Χριστοῦ
735 2759 975 2810 συστᾶσα
1009 2754 1068 2821 ἐξ
1106 2755 1275 2809 ἐθνῶν
1311 2756 1589 2828 ἡκκλησία
1619 2756 1710 2826 (ς)⁶
1739 2757 1940 2828 ὁμοίως

357 2853 402 2905 δ’
435 2848 502 2906 αὖ
539 2851 699 2904 πάλιν
737 2851 983 2922 θυγάτηρ
1023 2849 1455 2920 Ἱερουσαλὴμ,ή
1488 2850 1940 2920 συγγένειανκφέ-

363 2963 530 3018 ρουσα
573 2945 672 3014 τῆς
727 2943 1048 3016 ἐπουρανίου
1097 2943 1478 3014 Ἰερουσαλήμο
1515 2938 1602 2997 οἷά
1649 2961 1734 3006 τις
1783 2939 1851 3014 ἦν
1905 2947 1939 3015 ἡ

360 3038 574 3092 Παύλου
609 3037 877 3106 λέγοντος,
917 3055 936 3090 ‹
978 3037 1042 3089 Ἥ
1071 3036 1127 3089 δέ
1151 3037 1263 3090 ἄνω
1305 3036 1656 3108 Ἰερουσαλὴμ
1681 3036 1941 3109 ἐλευθέρα

357 3133 526 3196 ἐστὶν,
563 3131 684 3202 ἥτις
711 3129 860 3182 ἐστὶν
896 3129 1076 3199 μήτηρ
1099 3126 1277 3199 ἡμῶν.
1319 3147 1336 3178 ι
1366 3127 1497 3192 Ταῖς
1531 3127 1595 3198 δὴ
1622 3122 1716 3180 οὖν
1753 3127 1939 3182 τοιαύ-

2041 2026 2157 2096 ipse
2187 2040 2395 2096 pauper
2444 2022 2774 2095 (ascendens
2819 2030 3015 2095 super)
3061 2025 3270 2083 asinam
3298 2066 3313 2090 ,
3367 2033 3422 2081 et
3461 2043 3629 2096 super

2041 2115 2249 2185 pullum
2286 2113 2454 2168 ﬁliutn
2485 2113 2672 2168 asine.
2723 2113 2791 2168 Et
2845 2114 3158 2184 disperdam
3207 2116 3523 2186 quadrigam
3557 2133 3626 2171 ex

2041 2208 2320 2278 Ephraim,
2355 2215 2409 2262 et
2433 2223 2635 2278 equum
2664 2208 2732 2264 de
2768 2207 3106 2272 Jerusalem,
3162 2217 3215 2263 et
3267 2207 3627 2278 dissipabitur

2041 2313 2203 2353 arcus
2242 2298 2370 2354 belli
2401 2317 2412 2352 :
2449 2306 2504 2353 et
2528 2298 2781 2370 loquetur
2803 2313 2988 2368 pacem
3013 2298 3290 2368 gentilem,
3311 2307 3364 2352 et
3387 2308 3626 2368 potestas

2041 2388 2161 2458 ejus
2187 2402 2216 2440 a
2245 2388 2382 2441 mari
2407 2404 2583 2458 usque
2614 2387 2680 2442 ad
2717 2403 2894 2453 mare,
2949 2395 3001 2442 et
3035 2402 3064 2441 a
3108 2387 3419 2444 ﬂuminibus
3453 2405 3627 2460 usque

2042 2479 2107 2532 ad
2156 2477 2293 2532 ﬁnes
2325 2486 2486 2532 terra:
2517 2479 2583 2530 ".
2624 2497 2642 2529 ι
2687 2476 2830 2531 Filia
2863 2477 3026 2541 Sion,
3061 2493 3224 2549 quam
3279 2478 3428 2548 jubet
3457 2479 3626 2534 laztari

2043 2569 2370 2641 Scriptura,
2424 2570 2604 2625 omnis
2655 2577 2738 2624 est
2788 2570 3052 2640 spiritalis
3107 2571 3457 2640 ccelestisque
3493 2569 3626 2626 Sion

2043 2663 2255 2726 anima,
2307 2662 2392 2716 vel
2427 2662 2481 2715 in
2533 2669 2679 2716 terra
2713 2677 2808 2731 per
2855 2661 3133 2717 Christum
3182 2670 3336 2717 stans
3385 2663 3626 2733 gentium

2043 2755 2308 2808 Ecclesia.
2344 2751 2609 2807 Similiter
2639 2769 2833 2808 rursus
2866 2753 2973 2807 ﬁlia
3006 2753 3310 2809 Jerusalem
3332 2794 3346 2817 ,
3390 2769 3511 2822 quae
3546 2752 3627 2806 af-

2044 2847 2166 2902 ﬁnis
2195 2855 2279 2901 est
2313 2847 2526 2901 coelesti
2555 2843 2895 2912 Jerusalem;
2951 2847 3019 2902 de
3055 2863 3160 2917 qua
3214 2847 3358 2918 apud
3399 2845 3627 2902 Paulum

2041 2947 2376 2994 memoratur
2403 2939 2707 2995 dicentem:
2754 2959 2771 2991 (
2811 2939 2905 2994 Illa
2935 2948 3116 2995 autem
3148 2956 3269 3011 qua:
3295 2956 3513 2997 sursum
3541 2949 3627 2997 est

2039 3029 2362 3095 Jerusalem,
2391 3032 2560 3087 libera
2605 3041 2724 3097 est,
2758 3048 2880 3103 qua:
2911 3041 2995 3088 est
3047 3043 3220 3088 mater
3267 3042 3450 3089 nostra
3493 3035 3558 3089 ".
3601 3055 3619 3086 υ

2042 3121 2268 3178 Talibus
2299 3124 2463 3194 igitur
2499 3124 2698 3179 animis
2739 3123 3027 3195 Scriptura
3093 3125 3408 3180 adfuturum
3466 3125 3624 3181 Chri-

356 3241 477 3287 ταις
503 3221 701 3294 ψυχαῖς
728 3223 756 3275 ό
794 3221 964 3289 Λόγος
994 3219 1396 3290 (ἐπι)δημήσειν
1436 3219 1528 3272 τὸν
1578 3219 1811 3289 Χριστὸν
1843 3218 1937 3273 τοῦ

2043 3225 2187 3270 stum
2218 3214 2311 3271 Dei
2363 3217 2691 3286 praenuntiat
2718 3257 2733 3282 ,
2779 3216 3059 3273 sedentem
3095 3234 3260 3288 super
3298 3220 3510 3275 asinam
3571 3230 3625 3275 et

357 3318 494 3372 Θεοῦ
555 3317 1022 3389 προανακηρύττει
1081 3316 1447 3388 ἐπιϐεϐηκότα
1507 3317 1784 3388 ὑποζυγίῳ
1845 3319 1939 3371 καὶ

2043 3325 2207 3381 super
2252 3284 2458 3380 pullum
2513 3309 2682 3363 ﬁlium
2714 3308 2917 3374 asinze;
2968 3310 3049 3364 sic
3084 3284 3229 3363 enim
3263 3309 3626 3379 interpretan-

360 3411 523 3482 πώλῳ
549 3411 654 3482 νέῳ
673 3427 686 3442 ο
712 3408 856 3462 οὕτω
881 3409 980 3480 τῆς
1010 3408 1353 3480 ἀνθρωπείας
1393 3408 1628 3478 φύσεως,
1655 3409 1721 3479 ἥν
1755 3410 1942 3482 ἐπιδη-

361 3505 540 3575 μήσας
569 3501 918 3573 (άνεί)ληφεν,
973 3499 1265 3569 νοουμένης
1287 3516 1299 3530 ·
1342 3498 1458 3570 μεθ’
1485 3496 1553 3572 ἦς
1579 3499 1940 3573 ἐξωλὸθρευσε

357 3597 538 3648 πᾶσαν
565 3592 863 3664 πολεμικὴν
896 3592 1123 3662 δύναμιν
1150 3591 1258 3644 ἀπὸ
1282 3592 1460 3661 πάσης
1481 3591 1942 3664 ἑκκλησιαστικῆς

359 3690 452 3742 καὶ
497 3687 683 3758 φέρειν
731 3687 977 3758 καρποὺς
1021 3685 1208 3755 ἀγίους
1261 3683 1560 3756 δυναμένης
1603 3685 1803 3756 ψυχῆς,
1846 3685 1940 3739 τοῦ

372 3780 610 3853 Ἐφραῒμ
658 3782 736 3844 είς
795 3778 1168 3851 καρποφορίαν
1224 3777 1797 3848 μεταλαμϐανομένου,
1847 3778 1942 3831 καὶ

357 3873 437 3936 είς
482 3872 672 3943 ὅρασιν
711 3871 934 3943 εἰρήνης
977 3867 1120 3923 κατά
1163 3867 1262 3940 τὴν
1303 3867 1528 3922 Ἑλλάδα
1567 3867 1814 3936 γλῶτταν
1841 3869 1942 3938 τῆς

371 3963 752 4035 ’ῐερουσαλήμο
779 3962 872 4016 καὶ
901 3961 966 4032 δὴ
986 3959 1370 4030 ἐξολοθρεύσας
1395 3960 1522 4022 τοὺς
1551 3958 1815 4030 πρότερον
1839 3957 1940 4029 τῆς

357 4055 774 4128 ἀνθρωπὸτητος
799 4055 1198 4125 ἐπικρατούσας
1219 4051 1338 4120 (sic)
1361 4050 1618 4120 δαίμονας
1648 4049 1938 4120 πονηροὺς,

359 4150 417 4215 ἐξ
473 4147 729 4202 ἁπάντων
777 4147 882 4200 τῶν
938 4145 1105 4199 πάλαι
1149 4143 1361 4208 τούτοις
1403 4143 1732 4213 ὑποχειρίων
1771 4142 1940 4196 ἐθνῶν

363 4240 591 4312 μυρίους
638 4239 795 4302 ὅσους
833 4236 940 4290 ὑπὸ
967 4237 1056 4290 τὸν
1087 4235 1283 4306 εὐσεϐῆ
1316 4239 1416 4307 τῆς
1452 4233 1800 4298 διδασκαλίας
1847 4235 1942 4287 αὑ-

355 4331 450 4384 τοῦ
475 4329 637 4399 ζυγὸν
671 4330 1006 4400 ὑπηγάγετο.
1037 4328 1222 4382 Ταῦτα
1247 4328 1343 4398 μὲν
1373 4327 1516 4382 κατά
1545 4327 1780 4381 διάνοιαν
1803 4344 1816 4356 ·
1847 4326 1942 4381 καὶ

361 4421 536 4493 ῥητῶς
581 4422 636 4475 δὲ
665 4424 694 4476 ὁ
740 4422 972 4490 Χριστὸς
1014 4419 1441 4492 ὲνανθρωπήσας
1472 4421 1566 4474 καὶ⁸
1613 4417 1940 4490 σωματικῶς

355 4515 456 4578 τὰς
481 4515 609 4583 περὶ
636 4513 800 4566 αὑτοῦ
842 4512 1176 4585 προφητείας
1204 4511 1485 4575 ἐπιτελῶν,
1520 4511 1614 4566 καὶ
1640 4511 1813 4583 ταύτῃ
1841 4509 1939 4564 πέ-

2040 3410 2132 3456 tur
2187 3413 2438 3457 naturam
2483 3403 2802 3466 humanam,
2857 3403 2911 3455 in
2961 3416 3069 3472 qua
3105 3408 3473 3456 commoratus
3518 3410 3622 3457 est.

2039 3493 2244 3550 Deinde
2269 3494 2640 3564 pessumdedit
2674 3509 2892 3549 omnem
2921 3493 3174 3549 hostilem
3208 3501 3528 3564 potestatem
3557 3512 3624 3550 ex

2039 3587 2186 3642 omni
2221 3588 2616 3652 ecclesiastica,
2639 3595 2694 3642 et
2736 3596 2958 3642 sanctos
2988 3585 3129 3642 ferre
3178 3585 3389 3642 fructus
3415 3588 3626 3642 valente

2040 3681 2260 3744 anima,
2314 3680 2570 3750 Ephraim
2630 3680 2910 3735 fructuum
2943 3682 3153 3750 copiam
3215 3679 3626 3752 Jerusalemque

2038 3773 2221 3844 lingua
2251 3772 2438 3828 Graeca
2491 3773 2760 3828 visionem
2813 3774 2966 3842 pacis
3007 3773 3370 3844 signiﬁcante.
3428 3772 3626 3828 Deletis

2038 3880 2170 3934 ergo
2195 3866 2285 3934 qui
2312 3865 2464 3934 prius
2491 3865 2778 3919 hominum
2825 3881 2999 3934 genus
3026 3873 3417 3935 oppresserunt
3444 3865 3627 3935 pravis

2039 3955 2396 4020 daemonibus,
2427 3973 2493 4011 ex
2531 3956 2788 4011 omnibus
2823 3956 2915 4026 qui
2952 3957 3229 4026 quondam
3266 3957 3494 4010 istorum
3524 3958 3628 4013 sub

2039 4047 2245 4102 ditione
2269 4054 2428 4101 erant
2457 4047 2624 4101 millia
2672 4047 2841 4100 multa
2891 4047 2994 4102 sub
3037 4049 3182 4118 pium
3215 4048 3477 4102 doctrinae
3515 4064 3628 4105 sua:

2035 4141 2223 4211 jugum
2259 4140 2506 4195 deduxit.
2544 4139 2667 4196 Haec
2696 4140 2914 4211 quidem
2962 4140 3029 4194 de
3047 4140 3334 4210 hujus‘loci
3353 4142 3627 4212 signiﬁca-

2040 4235 2207 4289 tione.
2244 4234 2308 4288 Et
2333 4235 2548 4305 proprie
2579 4233 2836 4289 Christus
2867 4232 3045 4288 factus
3083 4233 3246 4288 homo
3285 4242 3338 4288 et
3369 4250 3628 4305 corpora-

2041 4328 2168 4382 liter
2196 4327 2264 4383 de
2288 4344 2346 4384 se
2375 4328 2493 4398 ipso
2527 4326 2827 4398 prophetiis
2859 4326 3129 4396 impletis,
3160 4327 3288 4382 huic
3329 4327 3488 4383 ﬁnem
3519 4329 3624 4382 im-

2041 4420 2246 4492 posuit,
2273 4436 2397 4475 cum
2429 4419 2732 4475 secundum
2764 4419 3158 4489 evangelistam
3198 4420 3482 4492 discipulis
3509 4422 3626 4478 suis

2041 4514 2218 4569 dixit:
2261 4533 2279 4565 ι
2315 4511 2392 4569 ite
2430 4514 2482 4568 in
2517 4514 2806 4568 castellum
2853 4512 3000 4583 quod
3025 4519 3218 4566 contra
3257 4529 3355 4569 vos
3385 4522 3512 4578 est,
3571 4521 3626 4569 et

361 4623 458 4677 ρας
500 4605 852 4669 ἐπιτέθεικεν,
890 4605 978 4658 ὅτε
1022 4605 1162 4658 κατά
1205 4604 1296 4657 τὸν
1343 4603 1734 4675 εὑαγγελιστὴν
1785 4600 1939 4658 εἶπεν

2045 4605 2224 4660 statim
2247 4605 2536 4661 invenietis
2559 4605 2772 4660 asinam
2805 4604 3077 4675 alligatam
3100 4644 3116 4668 ,
3159 4613 3214 4660 et
3245 4606 3455 4676 pullum
3498 4621 3623 4661 cum

357 4703 470 4764 τοῖς
513 4698 705 4753 ἐαυτοῦ
744 4698 1030 4769 μαθηταῖς,
1073 4716 1092 4749 ι
1139 4697 1499 4770 Πορευθέντες
1527 4699 1607 4760 είς
1651 4697 1750 4768 τὴν
1793 4696 1936 4754 ἁπέ-

358 4808 508 4847 ναντι
557 4790 774 4860 κώμην,
815 4792 1075 4861 εὑρήσετε
1109 4790 1228 4845 ὅνον
1273 4791 1367 4844 καὶ⁸
1399 4791 1576 4845 πῶλον
1611 4791 1938 4865 δεδεμένηνο

358 4884 618 4947 λύσαντες
650 4878 742 4936 οὖν
781 4882 948 4953 αὐτὴν
981 4883 1248 4951 ἀγάγετε’
1285 4884 1378 4937 καὶ
1408 4883 1502 4937 ἐάν
1533 4903 1616 4948 τις
1650 4886 1778 4955 ὑμῖν
1809 4887 1940 4959 εἴπῃ

343 4975 409 5028 ,τί
435 4979 662 5037 ποιεῖτε,
690 4975 885 5046 ἐρεῖτε,
911 4976 940 5027 ὁ
964 4973 1168 5046 Κύριος
1194 4975 1300 5027 ἀπο
1324 4974 1546 5046 (αὑτῶν)
1574 4976 1759 5046 χρείαν
1789 4977 1935 5048 ἔχει’

359 5065 452 5120 καὶ
495 5064 823 5128 ἀπελθόντες
855 5065 1049 5118 ἐκεῖνοι
1097 5064 1356 5135 ἐποίησαν
1383 5065 1564 5129 καθὼς
1606 5069 1938 5138 προσέταξεν

359 5155 564 5222 ᾳὺτοῖς.
603 5172 622 5204 ι
655 5153 871 5206 Τούτων
896 5153 942 5206 δ’
993 5151 1166 5216 οὑτως
1209 5153 1461 5222 ἐχόντων,
1505 5153 1840 5224 παραθετέον
1869 5154 1939 5208 τά

363 5247 501 5319 ρητά
527 5249 640 5310 τοῖς
666 5246 841 5317 μόνως
868 5245 1194 5316 σωματικῶς
1227 5248 1320 5299 καὶ
1351 5245 1655 5311 Ἰουδαϊκῶς
1696 5247 1767 5300 τά
1812 5264 1942 5319 προ-

363 5333 589 5404 κείμενα
634 5333 726 5386 ἐπὶ
771 5336 837 5404 τῇ
870 5333 964 5386 τοῦ
1011 5333 1248 5405 Χριστοῦ
1293 5335 1564 5408 παρουσίᾳ
1613 5336 1939 5408 γενήσεσθαι

362 5426 788 5496 φανταζομένοις
809 5442 822 5458 ε
854 5425 1088 5480 δεικτέον
1115 5443 1173 5478 τε
1203 5427 1334 5480 αὑτο
1357 5427 1413 5480 δὲ
1440 5427 1557 5500 (sic)
1582 5429 1728 5492 ὅπως
1753 5431 1846 5482 ἐπὶ
1873 5432 1938 5502 τῇ

360 5516 454 5570 τοῦ
499 5519 751 5590 Σωτῆρος
794 5518 950 5589 ἡμῶν
999 5519 1273 5590 παρουσίᾳ
1316 5520 1410 5573 καὶ
1459 5520 1784 5591 σωματικῶς
1834 5539 1942 5593 περ

347 5624 464 5662 ,αυτ
502 5645 521 5660 .
561 5649 574 5661 .
617 5649 632 5664 .
676 5627 774 5680 φεν
808 5610 945 5680 μετά
966 5610 1074 5662 τῶν
1095 5610 1268 5663 ἀλλων
1298 5612 1393 5666 καὶ
1418 5615 1451 5683 ἡ
1485 5613 1766 5683 φάσκουσα
1801 5631 1937 5684 προ-

364 5699 584 5766 φητεία,
627 5719 644 5752 ς
676 5701 786 5753 Καὶ
829 5700 1196 5773 ἐξολοθρεύσει
1221 5701 1444 5774 ἅρματα
1471 5704 1530 5770 ἐξ
1576 5703 1815 5776 Ἐφραίμ
1845 5706 1939 5760 καὶ

2043 4711 2146 4762 ea;
2179 4697 2372 4751 solvite
2403 4703 2456 4750 et
2507 4695 2761 4751 adducite
2805 4694 2959 4747 mihi.
2995 4692 3066 4747 Et
3105 4695 3151 4750 si
3181 4696 3306 4766 quis
3343 4696 3498 4750 vobis
3527 4696 3627 4750 ali-

2043 4788 2174 4860 quid
2210 4788 2430 4852 diterit,
2459 4789 2627 4844 dicite
2657 4792 2785 4859 quia
2813 4787 3076 4844 Dominus
3101 4804 3239 4859 opus
3265 4788 3373 4865 ‘his
3423 4787 3622 4853 habet;

2043 4889 2097 4937 et
2132 4881 2418 4937 confestim
2454 4881 2691 4936 dimittet
2716 4896 2830 4936 eos.
2877 4880 2942 4934 Et
2975 4881 3236 4936 abeuntes
3277 4880 3352 4934 illi
3382 4879 3626 4935 fecerunt

2042 4977 2184 5032 sicut
2211 4984 2543 5046 praeceperat
2576 4975 2658 5031 eis
2682 4975 2748 5028 ⁷³.
2785 4995 2802 5026 ι
2842 4972 2968 5028 [hec
3001 4973 3074 5026 ita
3117 4987 3241 5027 cum
3274 4988 3333 5027 se
3359 4971 3624 5034 habeant,

2043 5067 2361 5134 exponenda
2407 5075 2536 5122 sunt
2577 5066 2692 5121 haec
2741 5066 2902 5120 verba
2956 5065 3064 5120 illis
3112 5064 3206 5135 qui
3252 5063 3628 5120 tantummodo

2043 5157 2336 5212 carnaliter
2362 5164 2416 5212 et
2438 5156 2665 5211 Judaice
2694 5171 2758 5211 ea
2791 5155 2860 5212 de
2887 5156 3091 5210 Christi
3121 5155 3355 5210 adventu
3383 5154 3498 5211 ﬁeri
3516 5157 3628 5226 opi-

2045 5255 2277 5307 nantur:
2307 5247 2795 5304 demonstrandum
2848 5255 2933 5303 est
2981 5248 3062 5303 eis
3096 5246 3370 5316 quomodo
3402 5246 3470 5301 de
3506 5247 3626 5302 Sal-

2044 5342 2254 5396 vatoris
2268 5340 2442 5395 nostri
2465 5339 2926 5402 manifestalione.
2951 5341 3034 5395 vel
3060 5339 3374 5397 carnaliter.
3410 5380 3426 5396 .
3463 5381 3477 5394 .
3509 5379 3524 5395 .
3556 5382 3568 5394 .
3608 5383 3622 5396 .

2047 5448 2171 5489 cum
2199 5433 2322 5487 aliis
2344 5439 2398 5487 et
2430 5432 2714 5503 prephetia
2746 5431 2936 5488 dicens
2967 5449 2980 5487 :
3031 5449 3050 5483 ‹
3088 5429 3371 5502 Disperdet
3403 5430 3626 5501 quadri-

2048 5538 2145 5594 gas
2193 5539 2260 5578 ex
2286 5521 2544 5593 Ephraim
2584 5530 2640 5578 et
2668 5537 2868 5592 equum
2900 5521 2967 5577 de
2997 5518 3318 5577 Jerusalem.
3362 5541 3382 5575 ι
3433 5520 3625 5577 Divina

2045 5613 2213 5684 igitur
2251 5615 2602 5686 cmlestisque
2647 5613 2853 5670 Christi
2902 5615 3156 5685 potentiae
3212 5613 3469 5669 ineﬂabili
3517 5613 3625 5666 vir-

2047 5713 2161 5760 tute
2203 5715 2346 5777 post.
2386 5749 2399 5763 .
2442 5750 2453 5762 .
2496 5749 2506 5760 .
2545 5750 2557 5764 .
2593 5748 2606 5762 .
2645 5749 2656 5761 .
2710 5707 2874 5780 hujus
2928 5708 3196 5777 insidias;
3232 5709 3512 5779 ipsamque
3537 5703 3624 5761 Jc3

437 5878 475 5907 ⁷⁸
521 5874 748 5931 Zachar.
784 5894 871 5942 Ix,
906 5879 957 5944 9,
1035 5881 1118 5938 l0.
1197 5883 1240 5912 "
1283 5881 1454 5938 Galat.
1490 5900 1562 5950 tv,
1597 5856 1685 5939 26.
1767 5885 1811 5917 "
1852 5883 2040 5940 Matth.
2076 5901 2166 5940 xxi
2190 5926 2203 5951 ,
2234 5885 2407 5952 2,5,6.
