4096 6412
3703 400 3832 458 “52

577 399 711 460 1151
1285 399 1557 456 EUSEBll
1596 399 2080 459 CESABIENSIS
2117 400 2267 458 OPP.
2308 399 2489 456 PARS
2515 401 2610 455 Ill.
2649 431 2717 441 —
2756 396 3168 455 EXEGETICA.

574 513 814 570 rusalem
848 527 995 567 cum.
1027 552 1042 566 .
1080 550 1097 565 .
1130 548 1145 564 .
1181 549 1196 566 .
1229 550 1245 567 .
1281 550 1296 566 .
1338 511 1393 565 in
1433 510 1637 581 quibus
1665 511 1854 568 hostili
1886 520 2116 583 potestat

2219 554 2235 577 ι
2261 514 2426 568 ἵππον
2472 511 2536 584 (ἲ.
2576 511 2666 582 55)
2716 511 2778 578 ἐξ
2821 512 3195 585 Ἰερουσαλήμ.
3228 529 3249 563 ι
3302 510 3369 565 Ἦ
3411 509 3542 581 γοῦν
3578 512 3673 567 τοῦ
3714 516 3835 586 Χρι·

573 604 973 677 pessumdcdit.
1031 602 1206 660 Tunc.
1256 646 1271 660 .
1314 644 1328 659 .
1366 645 1381 659 .
1414 645 1429 660 .
1465 643 1480 657 .
1515 643 1530 659 .
1567 643 1581 658 .
1620 644 1634 660 .
1668 648 1682 663 .
1714 643 1731 661 .
1781 605 2044 677 populum
2094 607 2112 663 i

2261 604 2389 661 στοῦ
2424 604 2544 660 θεία
2576 606 2674 659 καὶ
2715 604 2966 676 οὐράνιος
3007 603 3237 676 δύναμις
3264 603 3563 677 ἀπορρήτῳ
3591 604 3837 677 ἐνεργείᾳ

571 696 689 768 ipsa
726 695 979 766 Ephraim
1010 695 1211 765 saepius
1226 695 1589 751 nominatum.
1625 735 1638 749 .
1672 732 1690 749 .
1720 736 1739 754 .
1775 737 1790 752 .
1825 737 1839 753 .
1874 736 1892 754 .
1929 736 1946 753 .
1981 737 1997 752 .
2032 736 2049 753 .
2085 735 2101 752 .

2262 696 2399 769 μετὰ
2436 695 2534 768 τὴν
2577 733 2592 750 .
2639 738 2654 751 .
2699 736 2714 749 .
2756 734 2770 749 .
2810 693 2997 748 τούτου
3046 693 3368 766 ἐπιϐουλήν·
3415 694 3587 767 αὑτήν
3625 713 3689 749 τε
3739 696 3836 768 τὴν

572 797 949 861 preceplum;
993 788 1335 860 frequentem
1391 803 1595 858 equum
1633 788 1691 843 in
1742 787 2047 846 Jerusalem
2094 804 2116 847 ε

2269 786 2628 860 Ἰερουσαλὴμ
2656 786 2755 839 σὺν
2783 785 2879 840 καὶ
2917 788 2982 858 τῇ
3016 802 3161 857 προγ
3202 827 3216 841 .
3260 824 3276 839 .
3319 824 3334 841 .
3381 824 3396 838 .
3439 824 3456 840 .
3497 823 3513 838 .
3552 787 3612 839 ἐν
3640 780 3729 851 αἶς
3770 790 3836 858 τῇ

570 882 912 954 quadrigam.
939 922 957 940 .
986 922 1001 938 .
1030 921 1046 937 .
1074 920 1114 937 ..
1158 921 1172 935 .
1206 897 1304 953 per
1326 882 1594 939 bellorum
1627 882 1795 939 acies.
1826 923 1841 939 .
1881 923 1897 939 .
1932 924 1947 939 .
1980 921 1997 939 .
2030 922 2045 939 .
2081 922 2096 938 .

2256 893 2600 951 τυγχανουσῃ
2634 877 2904 948 πολεμικῇ
2931 876 3157 949 δυνάμει
3186 875 3583 949 ἐξωλόθρευσε·
3625 876 3719 930 τότ
3762 916 3780 932 .
3822 915 3835 930 .

570 975 745 1030 factos
761 990 956 1046 equos,
974 975 1265 1046 pecoribus
1281 975 1668 1046 insipientibus
1689 975 1976 1033 assimilat.
2000 1016 2013 1031 .
2035 1018 2049 1031 .
2090 1017 2103 1031 .
2132 1019 2149 1030 .

2259 1012 2274 1027 .
2317 1010 2331 1022 .
2375 1011 2389 1025 .
2430 968 2556 1022 λαὸν
2580 966 2671 1021 τὸν
2706 969 2765 1022 ὲν
2794 967 2937 1039 αὐτῇ
2968 965 3208 1039 Ἐφραῖμ
3229 966 3488 1031 πολλάκις
3512 965 3838 1038 ὠνομασμέ-

568 1081 708 1136 quos
742 1067 959 1137 penitus
983 1081 1174 1123 omnes
1193 1065 1460 1123 adventus
1491 1065 1791 1122 Salvatoris
1818 1066 1996 1122 nostri
2024 1081 2116 1130 pes

2254 1058 3839 1132 νον................ὲντολήν·πληθύ-

512 1226 517 1231 ,
567 1158 860 1215 sumdedit.
905 1199 922 1215 .
964 1200 981 1216 .
1024 1200 1039 1215 .
1087 1199 1101 1215 .
1150 1200 1163 1213 .
1208 1198 1225 1215 .
1267 1159 1561 1213 salutarem
1588 1157 1931 1228 praesentiam
1965 1155 2116 1227 perdi

2253 1171 2413 1210 νοντα
2438 1155 2602 1208 ἵππον
2635 1156 2693 1207 ὲν
2725 1155 2793 1225 τῇ
2812 1152 3166 1225 Ἰερουσαλὴμ
3195 1152 3287 1207 καὶ
3315 1154 3497 1224 ἁρματ
3522 1191 3538 1206 .
3580 1191 3598 1209 .
3639 1194 3656 1209 .
3698 1191 3717 1209 .
3760 1190 3779 1206 .
3825 1190 3839 1208 .

565 1246 639 1303 tis
671 1247 799 1302 illis.
840 1288 855 1301 .
903 1290 918 1303 .
962 1288 976 1302 .
1019 1288 1035 1302 .
1080 1289 1095 1302 .
1140 1286 1156 1304 .
1202 1288 1216 1302 .
1258 1248 1415 1302 multi
1457 1264 1525 1303 ex
1583 1248 1840 1304 omnibus
1890 1247 2112 1318 gentibu

2251 1243 2418 1307 τικῶς
2440 1241 2528 1296 διὰ
2556 1242 2654 1307 τάς
2683 1243 2742 1296 ὲν
2778 1244 2891 1306 τοῖς
2921 1241 3178 1313 πολέμοις
3202 1242 3537 1315 παρατάξεις
3567 1260 3599 1296 τ
3638 1282 3655 1295 .
3697 1281 3716 1296 .
3760 1282 3778 1298 .
3823 1281 3839 1299 .

564 1337 622 1392 in
684 1339 905 1398 animis.
950 1380 964 1394 .
1004 1348 1039 1395 ,ι
1068 1381 1081 1394 .
1126 1378 1140 1393 .
1185 1376 1202 1393 .
1241 1346 1593 1409 acceperunt.
1658 1339 1768 1396 Deo
1823 1346 2043 1410 regente
2091 1353 2116 1393 c

2252 1353 2356 1391 κατ
2394 1376 2406 1391 .
2453 1374 2468 1389 .
2510 1376 2524 1389 .
2570 1377 2584 1391 .
2628 1375 2643 1389 .
2690 1376 2705 1389 .
2750 1374 2764 1389 .
2806 1334 3134 1407 γενομένους
3165 1336 3393 1400 ἵππους·
3441 1337 3697 1408 κτήνεσιν
3722 1337 3841 1400 τοῖς

562 1429 884 1501 imperante.
930 1472 945 1488 .
989 1472 1005 1487 .
1050 1473 1069 1490 .
1113 1473 1127 1486 .
1169 1472 1184 1486 .
1224 1472 1238 1485 .
1280 1431 1511 1502 angelici
1555 1430 1709 1486 verbi
1755 1432 1937 1487 omnis
1987 1437 2116 1486 terra

2251 1431 2497 1501 ἀνοήτοις
2519 1427 2647 1500 παρ’
2673 1426 2834 1501 όμοια
2864 1468 2879 1483 .
2914 1466 2929 1480 .
2957 1466 2972 1481 .
3016 1470 3031 1483 .
3075 1467 3090 1481 .
3133 1464 3149 1482 .
3192 1468 3208 1483 .
3251 1468 3266 1483 .
3313 1469 3327 1482 .
3371 1466 3386 1482 .
3431 1426 3554 1491 ,οὓς
3586 1426 3840 1499 ἐναργῶς

561 1522 887 1579 secundum.
931 1563 948 1580 .
991 1562 1007 1579 .
1053 1566 1066 1580 .
1112 1567 1127 1579 .
1167 1565 1183 1583 .
1232 1566 1246 1579 .
1286 1524 1459 1579 divini
1494 1524 1645 1579 verbi
1669 1524 2031 1594 prephetiam.

2253 1523 2462 1586 πάντας
2495 1524 2529 1594 ὴ
2570 1520 2842 1594 παρουσία
2879 1517 2974 1573 τοῦ
3008 1520 3262 1593 Σωτῆρος
3296 1520 3454 1592 ἡμῶν
3496 1519 3839 1593 ὲξωλόθρευσ

561 1652 578 1669 .
622 1656 637 1670 .
678 1657 695 1672 .
739 1658 756 1674 .
793 1619 925 1688 γοῦν
957 1619 1054 1691 τὴν
1082 1621 1349 1692 σωτήριον
1393 1620 1695 1692 παρουσίαν
1739 1616 2227 1689 ὲξολοθρευθέντων
2259 1618 2484 1672 ἐκείνων
2524 1657 2538 1670 .
2583 1657 2598 1672 .
2642 1655 2656 1671 .
2701 1655 2716 1671 .
2761 1654 2776 1669 .
2815 1614 2980 1686 τυχὸν
3020 1614 3227 1685 πλῆθος
3283 1613 3345 1679 ἐξ
3404 1613 3660 1668 ἁπάντων
3719 1611 3839 1668 τῶν

556 1708 728 1765 ιθνῶν
753 1712 853 1782 τὴν
881 1713 940 1766 ὲν
965 1716 1085 1778 ταῖς
1108 1713 1308 1785 ψυχαῖς
1348 1752 1363 1767 .
1408 1755 1421 1768 .
1467 1750 1482 1765 .
1526 1754 1541 1769 .
1584 1753 1596 1765 .
1649 1751 1664 1765 .
1709 1750 1724 1764 .
1765 1709 2118 1775 κατεδέξαντο
2146 1728 2159 1741 ·
2200 1710 2292 1765 τοῦ
2346 1709 2483 1763 Θεοῦ
2518 1707 2893 1779 κατάρξαντος
2939 1694 3525 1781 καὶκατακρατήσεως
3569 1746 3583 1760 .
3626 1748 3643 1762 .
3687 1745 3703 1760 .
3749 1746 3765 1760 .
3813 1743 3833 1760 .

556 1799 849 1869 άγγιλικοῦ
880 1800 1046 1873 ῥητοῦ
1091 1802 1193 1873 τῆς
1229 1800 1557 1872 οίκουμένης
1598 1799 1819 1871 ἁπάσης
1863 1799 2004 1854 κατὰ
2048 1802 2148 1873 τὴν
2189 1843 2201 1855 .
2249 1841 2263 1853 .
2304 1842 2320 1855 .
2364 1841 2380 1855 .
2425 1841 2439 1856 .
2484 1842 2498 1855 .
2538 1815 2607 1871 ην
2639 1797 2735 1852 τοῦ
2771 1796 2914 1852 θείου
2940 1798 3114 1868 Λόγου
3145 1798 3497 1871 προφητείαν.

1149 1913 1382 1972 CAPUT
1423 1911 1599 1972 XXV.

2219 1960 2221 1974 .
2744 1915 3143 1969 ΚΕΦΑΛΑΙΟΝ
3196 1915 3329 1969 KE'.

1039 2026 1124 2082 Ex
1159 2024 1339 2083 eodem
1376 2023 1420 2079 Ζ
1424 2026 1664 2081 acharia.

2710 2028 2824 2083 Τοῦ
2854 2028 3044 2083 αὐτοῦ
3081 2029 3366 2100 Ζαχαρία.

628 2158 647 2191 ι
683 2138 750 2193 Et
792 2135 1116 2195 confortabo
1148 2149 1245 2191 eos
1297 2134 1352 2189 in
1402 2134 1635 2189 Domino
1661 2174 1678 2199 ,
1732 2142 1787 2189 et
1836 2134 1891 2187 in
1922 2132 2146 2188 nomine

549 2231 714 2304 (ejuS)
745 2230 1141 2294 ambulabunt,
1178 2227 1311 2283 dicit
1342 2225 1608 2282 Dominus
1632 2226 1699 2283 ⁷⁵.
1735 2246 1753 2279 ι
1792 2224 2009 2281 Rursus
2037 2224 2143 2280 Do-

547 2328 728 2381 minus
750 2322 840 2380 Dei
860 2322 1098 2381 Verbum
1119 2336 1179 2377 se
1198 2318 1631 2375 confortaturum
1655 2319 1942 2390 pollicetur
1959 2318 2116 2389 justo:

2241 2323 2464 2397 Κύριος.
2508 2346 2527 2379 ι
2567 2327 2737 2381 Πάλιν
2770 2327 2975 2402 Κύριος
3007 2330 3036 2383 ό
3071 2329 3167 2382 τοῦ
3196 2328 3333 2383 Θεοῦ
3367 2330 3539 2398 Λόγος
3568 2331 3827 2402 κατισχύ-

544 2419 601 2473 in
637 2416 870 2472 Domino
927 2414 1037 2469 Deo
1097 2428 1325 2478 eorum,
1384 2408 1557 2466 Deum
1590 2419 1645 2469 et
1703 2411 1919 2467 Patrem
1976 2427 2116 2468 suun

2240 2419 2377 2491 (σειν
2406 2419 2766 2492 ὑπι)σχνεῖται
2794 2422 2920 2485 τοὺς
2947 2421 3129 2486 ἀξίους
3158 2422 3216 2476 ὲν
3244 2422 3434 2495 Κυρίῳ
3462 2421 3583 2494 Θεῷ
3621 2423 3825 2489 αὐτῶν,

541 2509 858 2567 ostendens.
887 2506 1012 2563 Ideo
1042 2507 1098 2561 in
1133 2507 1462 2563 testimoniis
1500 2506 1568 2561 de
1597 2504 1759 2560 Patre
1792 2511 1847 2560 et
1873 2502 2012 2559 Filio
2033 2504 2116 2560 hor

2236 2510 2329 2564 τὸν
2361 2512 2495 2566 Θεὸν
2518 2512 2613 2567 καὶ
2640 2513 2861 2587 Πατέρα
2887 2515 3081 2569 ἑαυτοῦ
3111 2514 3306 2587 δηλῶν.
3336 2515 3428 2569 Διὸ
3456 2518 3513 2570 ὲν
3540 2519 3658 2580 τοῖς
3696 2515 3828 2590 περὶ

2320 2158 2342 2192 ι
2385 2142 2496 2196 Καὶ
2534 2142 2850 2214 κατισχύσω
2902 2143 3099 2207 αὐτοὺς
3143 2144 3201 2198 ὲν
3239 2144 3432 2216 Κυρίῳ
3472 2144 3591 2216 Θεῷ
3622 2144 3832 2211 adniti,

2243 2233 2335 2287 καὶ
2367 2235 2425 2287 ὲν
2477 2234 2556 2307 τῷ
2583 2235 2808 2308 ὀνόματι
2847 2276 2862 2289 .
2907 2275 2921 2291 .
2966 2278 2981 2291 .
3026 2277 3039 2291 .
3083 2277 3099 2293 .
3144 2276 3158 2290 .
3204 2276 3218 2292 .
3258 2238 3644 2310 καυχήσονται,
3676 2238 3839 2308 λέγει.

547 2617 767 2674 quoque
791 2601 995 2657 dictum
1022 2600 1467 2657 memoravimus.

1105 2712 1333 2770 CAPUT
1366 2711 1561 2768 XXVI.

1179 2826 1266 2881 Ea:
1300 2826 1504 2883 eodem.

621 2963 640 2997 ι
680 2942 746 2997 Et
780 2949 1116 3013 cognoscent
1148 2939 1445 2995 Chanamei
1503 2952 1704 3010 pecora
1764 2938 1900 2993 mihi
1948 2946 2137 2994 custo-

534 3036 754 3101 dienda,
788 3036 918 3106 quia
957 3033 1187 3089 verbum
1218 3031 1433 3089 Domini
1464 3039 1567 3087 est.
1600 3030 1666 3085 Et
1690 3030 1866 3087 dicam
1897 3030 1965 3086 ad
1994 3045 2128 3086 eos:

536 3129 596 3188 Si
628 3129 830 3186 bonum
859 3136 945 3184 est
993 3126 1050 3181 in
1079 3125 1257 3181 oculis
1292 3125 1491 3181 vestris
1517 3162 1533 3185 ,
1576 3123 1765 3179 alferte
1818 3123 2129 3179 mercedem

532 3238 749 3290 meam;
780 3227 834 3277 et
881 3219 930 3275 si
990 3234 1121 3282 non,
1150 3217 1442 3289 quiescite.
1478 3215 1543 3270 Et
1572 3214 1954 3287 appenderunt
1984 3229 2129 3269 mer-

2086 2827 2209 2841 Ψ

2237 2604 2450 2679 Πατρὸς
2474 2606 2569 2660 καὶ
2598 2606 2728 2661 Υἱοῦ
2752 2608 2848 2661 καὶ
2871 2605 3030 2661 τοῦτο
3062 2606 3455 2679 σεσημειιῖηθω
3478 2605 3540 2661 τὸ
3565 2606 3752 2680 ῥητόν.

2745 2718 3147 2775 ΚΕΦΑΑΑιοΝ
3180 2721 3326 2790 Κῷ.

2838 2833 2950 2889 Τοῦ
3003 2833 3215 2888 αὑτοῦ.

2309 2965 2328 2998 ι
2372 2946 2486 3005 Καὶ
2508 2946 2807 3017 γνώσονται
2836 2948 2886 3001 οί
2915 2948 3210 3003 Χαναναῖοι
3241 2948 3311 3003 τὰ
3340 2948 3590 3019 πρόϐατα
3614 2948 3688 3003 τὰ
3720 2967 3824 3021 φυι

2231 3038 2544 3111 λασσόμενά
2575 3057 2686 3112 μοι,
2720 3039 2856 3093 διότι
2899 3038 3057 3109 λόγος
3098 3042 3306 3113 Κυρίου
3351 3042 3520 3096 ἐστίν.
3562 3043 3677 3097 Καὶ
3708 3042 3821 3115 ἐρῶ

2197 3147 2200 3150 '
2231 3130 2369 3204 πρὸς
2393 3130 2608 3196 αὐτούς·
2643 3133 2706 3185 El
2731 3132 2896 3186 καλὸν
2925 3132 3157 3188 ἐνώπιον
3188 3133 3342 3204 ὑμῶν
3366 3137 3536 3199 ἐστιν,
3571 3135 3695 3191 δότε
3724 3136 3819 3192 τὸν

2234 3222 2421 3294 μισθόν
2454 3240 2578 3295 μου,
2614 3224 2646 3297 ἢ
2682 3225 3019 3280 ἀπείπασθε·
3066 3226 3160 3280 καὶ
3207 3226 3443 3298 ἔστησαν
3488 3227 3582 3281 τὸν
3626 3229 3820 3300 μισθόν

534 3316 721 3373 cedem
755 3328 933 3367 meam
959 3312 1184 3384 triginta
1218 3317 1531 3382 argenteos.
1587 3308 1654 3361 Et
1684 3308 1887 3378 projeei
1919 3307 2042 3362 illos
2070 3305 2116 3360 in

2234 3330 2334 3385 μου
2360 3313 2654 3385 τριάκοντα
2692 3315 3022 3388 ἀργυρίους·
3076 3316 3171 3368 καὶ
3214 3315 3466 3369 ἐνέϐαλον
3506 3317 3708 3380 αὐτοὺς
3737 3319 3817 3380 εἰς

533 3407 757 3466 domum
804 3405 1018 3461 Domini
1057 3404 1127 3459 ad
1167 3403 1515 3459 statuarium.
1563 3401 1630 3456 Et
1666 3399 1888 3471 praecidi
1919 3401 2129 3471 virgam

446 3494 449 3495 ⁷
532 3516 710 3558 meam
743 3499 1065 3555 secundam.
1111 3534 1124 3550 .
1166 3537 1181 3550 .
1228 3534 1241 3547 .
1289 3534 1304 3551 .
1347 3534 1361 3549 .
1407 3535 1422 3550 .
1468 3533 1481 3547 .
1523 3502 1584 3547 ut
1617 3493 1971 3549 dissolverem
1999 3508 2124 3565 ger-

532 3596 851 3651 manitatem
895 3592 1037 3646 inter
1069 3589 1264 3645 Iudam
1298 3595 1353 3643 et
1387 3587 1556 3646 Israel
1586 3587 1652 3640 ⁷⁸.
1714 3605 1733 3639 ι
1784 3586 1928 3654 Quid
1977 3587 2122 3642 enim

530 3703 639 3743 non
666 3687 735 3742 de
768 3684 1000 3739 Domino
1028 3691 1098 3739 .et
1132 3681 1414 3736 Salvatore
1446 3688 1637 3735 nostro
1659 3679 1789 3736 Jesu
1818 3678 2057 3736 Christo.
2106 3720 2123 3733 .

532 3821 547 3835 .
593 3820 607 3834 .
653 3819 670 3834 .
711 3817 726 3832 .
772 3818 787 3833 .
866 3776 1159 3848 praevisum
1223 3780 1388 3844 atque
1456 3772 1779 3844 praedictum
1860 3771 2027 3828 fuerit
2092 3787 2123 3827 a

529 3871 737 3930 sanctis
767 3870 863 3926 Dei
899 3868 1200 3940 prophetis.
1249 3907 1263 3919 .
1309 3908 1323 3922 .
1368 3907 1381 3920 .
1423 3906 1438 3919 .
1486 3905 1500 3918 .
1547 3905 1561 3919 .
1604 3865 1750 3921 enim
1814 3879 1846 3920 e
1896 3863 2123 3936 Virgine

526 3964 787 4020 nativitas
810 3962 931 4032 ejus
952 3969 1006 4016 et
1039 3959 1361 4016 nativitatis.
1401 4000 1418 4017 .
1460 4000 1476 4015 .
1530 4000 1541 4013 .
1590 3998 1605 4013 .
1650 3998 1664 4011 .
1691 3998 1727 4014 ..
1768 3964 1825 4013 et
1858 3955 2018 4011 radix
2048 3972 2117 4012 ex

525 4071 634 4129 qua
672 4054 975 4112 secundum
1007 4036 1230 4110 carnem
1275 4052 1497 4124 genitus
1526 4059 1631 4108 est.
1679 4092 1695 4108 .
1738 4090 1754 4106 .
1802 4090 1816 4104 .
1860 4090 1876 4105 .
1922 4089 1936 4104 .
1979 4089 1991 4104 .
2035 4088 2050 4104 .
2101 4087 2118 4104 .

531 4148 673 4204 Huic
710 4149 1001 4203 inearnato
1034 4146 1124 4201 vix
1171 4144 1442 4200 credenda
1471 4159 1569 4216 per
1594 4143 1909 4215 prophetas.
1949 4185 1964 4198 .
1998 4183 2015 4199 .
2048 4183 2062 4196 .
2100 4184 2115 4199 .

527 4239 829 4310 Scriptum
872 4252 904 4291 a
944 4247 1135 4293 sancto
1181 4233 1390 4307 Spiritu
1446 4234 1703 4306 dignatus
1736 4242 1840 4291 est.
1890 4232 1950 4288 In
1998 4250 2120 4290 om-

526 4331 690 4386 nibus
722 4338 776 4386 et
803 4338 1056 4393 mortem,
1091 4335 1144 4382 et
1179 4326 1371 4382 mortis
1406 4325 1697 4396 imaginem
1730 4323 2114 4384 ostenderunt,

526 4436 637 4477 non
692 4419 1031 4475 omittentes.
1075 4458 1091 4474 .
1137 4458 1151 4472 .
1196 4456 1212 4471 .
1258 4457 1272 4471 .
1315 4430 1494 4486 neque
1552 4429 1674 4487 quae
1740 4415 1962 4484 pertulit
2014 4411 2112 4468 lla-

521 4510 682 4583 gella,
716 4516 771 4565 et
798 4516 977 4581 Sputa,
1008 4507 1290 4577 l'ustesque
1339 4514 1393 4560 et
1430 4505 1751 4576 opprobria.
1808 4503 1913 4560 Sed
1967 4504 2114 4560 hunc

521 4602 617 4675 qui
643 4600 872 4656 tradidit
899 4614 1023 4655 eum
1071 4596 1463 4653 insidiantibus
1492 4597 1887 4669 discipulorum
1941 4615 2110 4654 unum

2228 3406 2320 3461 τὸν
2361 3401 2508 3460 οἷκον
2536 3406 2742 3479 Κυρίου
2767 3409 2847 3472 είς
2872 3407 2933 3461 τὸ
2965 3409 3350 3481 χωνευτήριον.
3395 3410 3507 3463 Καὶ
3533 3409 3815 3481 ἀπέρριψε

2226 3492 2325 3565 τὴν
2357 3493 2552 3566 ῥάϐδον
2594 3494 2693 3567 τὴν
2728 3495 2990 3568 δευτέραν
3031 3536 3046 3552 .
3091 3536 3105 3551 .
3151 3538 3166 3556 .
3211 3535 3225 3552 .
3271 3540 3284 3553 .
3327 3536 3343 3552 .
3387 3537 3404 3551 .
3449 3539 3463 3553 .
3502 3540 3516 3555 .
3557 3498 3656 3553 τοῦ
3695 3500 3813 3553 δια-

2229 3584 2485 3638 σκεδάσαι
2511 3583 2611 3657 τὴν
2636 3585 2901 3657 διαθήκην
2925 3586 3197 3659 ἀναμέσον
3240 3587 3435 3651 Ἰούδα,
3475 3589 3573 3643 καὶ
3600 3589 3809 3660 ἀναμέ-

2228 3691 2319 3728 σον
2364 3676 2601 3747 Ἰσραήλ.
2640 3696 2661 3729 ι
2691 3678 2802 3732 Καὶ
2832 3678 2886 3731 τί
2917 3677 3026 3750 γὰρ
3056 3679 3178 3754 οὐχὶ
3215 3679 3325 3732 τῶν
3350 3680 3443 3733 ἐπὶ
3472 3679 3570 3734 τοῦ
3600 3681 3807 3754 Κυρίου

2225 3766 2320 3819 καὶ
2365 3765 2617 3837 Σωτῆρος
2664 3766 2821 3839 ήμῶν
2878 3767 3053 3839 Ἰησοῦ
3103 3766 3340 3842 Χριστοῦ
3391 3786 3488 3823 συν
3526 3810 3541 3824 .
3587 3808 3602 3822 .
3646 3805 3663 3824 .
3702 3786 3811 3826 των

2224 3855 2571 3927 προέγνωστό
2610 3872 2668 3909 τε
2715 3858 2810 3910 καὶ
2846 3857 3143 3931 προείρητο
3183 3861 3296 3923 τοῖς
3336 3861 3502 3931 ἱεροῖς
3526 3858 3623 3913 τοῦ
3672 3858 3807 3914 Θεοῦ

2224 3948 2530 4019 προφήταις
2577 3988 2590 4000 .
2637 3989 2650 4002 .
2695 3987 2710 4001 .
2754 3991 2769 4004 .
2811 3987 2827 4003 .
2874 3988 2889 4004 .
2932 3990 2947 4005 .
2989 3950 3098 4020 γὰρ
3152 3952 3218 4004 ὲκ
3269 3951 3542 4024 παρθένου
3594 3952 3808 4022 γένεσις

2221 4036 2388 4091 αὐτοῦ
2431 4029 3806 4110 καὶὸ-τῆςγενέσεως....’.........

2219 4129 2286 4201 λῆ
2322 4129 2418 4182 καὶ
2461 4131 2495 4201 ἡ
2537 4127 2664 4201 ῥίζα
2689 4129 2749 4194 ἐξ
2776 4125 2846 4203 ἧς
2873 4128 2935 4183 τὸ
2977 4130 3119 4185 κατὰ
3147 4130 3323 4202 σάρκα
3348 4129 3706 4201 γεγέννηται·
3739 4129 3807 4185 τά

2218 4237 2279 4273 τε
2319 4262 2333 4276 .
2379 4260 2394 4275 .
2433 4260 2448 4275 .
2491 4261 2506 4275 .
2550 4261 2565 4275 .
2609 4261 2623 4275 .
2667 4261 2682 4276 .
2723 4262 2738 4276 .
2780 4261 2794 4275 .
2841 4262 2855 4276 .
2895 4221 3044 4294 αὐτῷ
3084 4223 3483 4295 ἐπιδημήσαντι
3525 4220 3806 4294 παράδοξα

2216 4314 2305 4367 διὰ
2352 4313 2464 4368 τῶν
2516 4315 2780 4369 ἀνέκαθεν
2830 4315 3125 4387 προφητῶν
3166 4357 3181 4371 .
3225 4355 3241 4372 .
3285 4355 3300 4373 .
3344 4355 3360 4370 .
3398 4316 3500 4387 τῆς
3549 4316 3659 4369 ὑπὸ
3709 4314 3802 4369 τοῦ

2217 4407 2364 4461 θείου
2409 4408 2727 4479 Πνεύματος
2771 4406 2978 4480 ἠξιώθη
3029 4408 3283 4481 Γραφῆς·
3330 4409 3423 4462 ἐπὶ
3451 4411 3585 4463 πᾶσι
3622 4409 3684 4463 δὲ
3710 4409 3806 4463 καὶ

2214 4498 2306 4550 τὸν
2355 4499 2583 4553 θάνατον
2630 4499 2723 4554 καὶ
2763 4499 2826 4552 τὸ
2868 4499 3061 4553 τούτου
3108 4495 3246 4563 εἶδος
3288 4499 3699 4572 προεδήλωσαν,
3741 4500 3802 4554 οὺ

2216 4592 2583 4665 παραλιπόντε
2623 4631 2639 4647 .
2681 4630 2696 4647 .
2742 4634 2757 4648 .
2800 4632 2816 4646 .
2859 4630 2875 4647 .
2916 4633 2930 4648 .
2969 4592 3078 4647 οὐδ’
3124 4592 3192 4657 ἃς
3220 4580 3483 4665 ὑπέμεινε
3532 4595 3805 4665 μάστιγας

523 4693 850 4749 indicantes.
897 4689 1228 4746 Nominatim
1267 4690 1435 4762 igitur
1462 4704 1588 4744 eum
1649 4699 1970 4747 exsecratus
2025 4701 2111 4748 est

2219 4688 2307 4743 καὶ
2332 4690 2690 4759 ὲμπτυσμοὺς
2727 4687 3048 4760 ῥαπίσματά
3088 4704 3148 4742 τε
3177 4688 3273 4742 καὶ
3301 4688 3517 4762 ὕϐρεις·
3546 4689 3684 4743 ἀλλὰ
3710 4689 3803 4743 τὸν

444 4837 461 4854 ,
522 4801 619 4859 per
677 4783 967 4841 Jeremiam
1030 4782 1271 4855 Spiritus
1330 4793 1557 4839 sanctus
1601 4781 1843 4839 dicens:
1911 4804 1931 4833 ι
1974 4783 2110 4840 Pec-

518 4883 701 4930 catum
765 4871 906 4929 Juda
974 4874 1237 4944 scriptum
1277 4882 1361 4928 εει
1413 4871 1555 4944 stylo
1603 4872 1781 4929 ferreo
1831 4874 1888 4928 in
1926 4890 2109 4946 ungue

518 4965 874 5022 adamantino
931 4964 999 5020 ⁷⁸.
1067 4986 1091 5019 ι
1166 4962 1293 5020 Haec
1370 4963 1427 5018 in
1497 4961 1766 5020 Hebraico
1835 4971 1890 5020 et
1961 4966 2106 5038 apud

519 5058 660 5115 LXX
706 5059 1035 5131 lnlerpretes
1099 5057 1378 5123 invenies;
1434 5063 1600 5128 atque
1653 5058 1710 5112 in
1747 5059 1918 5114 variis
1948 5060 2099 5130 psal-

516 5153 625 5209 mis
686 5170 808 5227 quz'e
874 5154 944 5209 de
1022 5151 1114 5208 illo
1186 5151 1439 5208 feruntur
1496 5151 1700 5207 disces.
1769 5151 1927 5208 Nunc
2002 5169 2103 5209 au-

516 5256 623 5302 tem
661 5249 944 5318 praeciteto
1004 5256 1153 5304 textu
1196 5262 1457 5319 expresse
1502 5244 1852 5301 denariorum
1907 5261 2099 5301 nume~

514 5352 668 5404 rum,
704 5342 904 5411 quibus
956 5344 1196 5416 acceptis
1245 5342 1417 5402 Judas
1464 5348 1786 5418 magistrum
1833 5346 2101 5403 insidian-

513 5430 663 5487 tibus
692 5432 937 5499 tradidit,
975 5435 1161 5491 divina
1206 5438 1536 5509 praenuntiat
1582 5437 1883 5510 Scriptura.
1923 5437 2103 5494 Caete-

514 5539 638 5579 rum
669 5523 779 5579 dici
804 5536 1039 5595 possunt
1058 5543 1181 5599 quae
1203 5531 1494 5586 retulimus
1516 5530 1584 5586 de
1611 5530 1817 5587 Christi
1843 5544 2100 5601 persona,

514 5615 723 5671 scilicet
743 5614 1018 5685 quomodo
1060 5618 1384 5677 insidiantes
1413 5621 1488 5685 ei,
1521 5637 1660 5692 quos
1692 5621 1828 5677 alias
1854 5619 2096 5691 quidem,

2218 4781 2572 4855 προδώσαντα
2597 4782 2758 4836 αὑτὸν
2785 4784 2896 4846 τοῖς
2919 4781 3358 4837 ἐπιϐουλεύουσιν
3386 4784 3445 4837 ὲν
3477 4783 3660 4838 αὐτῶν
3684 4782 3802 4853 (ἕνα

2213 4875 2342 4943 τῶν)
2402 4873 2659 4946 μαθητῶν
2706 4876 3045 4946 μηνύσαντες
3071 4893 3085 4907 ·
3139 4876 3402 4946 ὀνομαστὶ
3456 4874 3591 4945 γοῦν
3636 4876 3800 4930 αὑτὸν

2213 4970 2555 5042 ὲστηλίτευσε
2599 4969 2690 5025 διὰ
2728 4971 2991 5043 Ἰερεμίου
3038 4971 3099 5025 τὸ
3130 4971 3289 5024 -θεῖον
3334 4970 3561 5041 Πνεῦμα
3595 4972 3795 5042 φῆσαν,

2214 5050 2259 5117 ί
2285 5064 2551 5136 Ἀμαρτία
2589 5065 3097 5136 Ἰούδαθγέγραπται
3128 5067 3185 5118 ἐν
3208 5064 3455 5134 γραφείῳ
3487 5063 3714 5137 σιδηρῷ,
3738 5064 3797 5117 ἐν

2208 5155 2360 5228 ὄνυχι
2393 5156 2754 5229 ἁδαμαντίνῳ.
2786 5176 2805 5209 ι
2846 5157 3030 5211 Ταῦτα
3053 5156 3097 5210 δ’
3137 5158 3194 5212 ἐν
3224 5154 3373 5228 αὐτῷ
3393 5156 3473 5224 τῷ
3518 5153 3793 5229 Ἐϐραῖκῷ

2209 5250 2303 5303 καὶ
2326 5253 2438 5314 τοῖς
2465 5249 2671 5314 λοιποῖς
2693 5249 2874 5322 εὕροις
2890 5249 2955 5304 ἂν
2980 5250 3129 5322 παρὰ
3147 5249 3271 5312 τοὺς
3294 5252 3348 5303 ιγ
3388 5249 3786 5323 Ἑρμηνευτάς·

2209 5342 2304 5395 καὶ
2339 5343 2397 5395 ἐν
2440 5341 2675 5413 ψαλμοῖς
2699 5341 2756 5395 δὲ
2795 5341 3071 5412 διαφόροις
3103 5338 3297 5411 μάθοις
3326 5339 3393 5393 ἂν
3420 5341 3491 5393 τά
3537 5342 3661 5393 κατ’
3691 5341 3788 5394 αὑ-

2206 5436 2297 5489 τὸν
2323 5433 2626 5508 δηλούμενα
2645 5451 2660 5465 ·
2693 5436 2788 5489 καὶ
2835 5434 2929 5488 νῦν
2957 5434 3002 5487 δ’
3031 5434 3184 5487 οὐδὲν
3211 5428 3373 5505 ἦττον
3399 5432 3490 5485 διὰ
3517 5431 3620 5503 τῆς
3655 5448 3785 5504 προ-

2205 5527 2466 5600 κειμένης
2493 5527 2690 5595 λέξεως
2739 5527 2922 5598 σαφῶς
2972 5529 3064 5581 καὶ
3104 5527 3194 5581 τὸν
3235 5526 3467 5599 ἀριθμὸν
3490 5525 3587 5580 τοῦ
3611 5526 3784 5597 ἀργυο

2207 5620 2343 5692 ρίου,
2375 5621 2512 5693 ὅπερ
2557 5619 2738 5673 λαϐὼν
2775 5622 2805 5674 ό
2857 5621 3053 5685 ‘lo'JSa;
3092 5620 3375 5694 προῦδωκε
3415 5622 3526 5685 τοῖς
3554 5616 3780 5672 ἐπιϐου-

518 5725 537 5759 ι
578 5706 855 5779 principes
887 5706 1249 5767 Sodomorum
1270 5720 1323 5769 et
1357 5714 1620 5786 populum
1649 5712 2039 5785 Gomorrha:"J
2072 5731 2092 5765 ι

2219 5710 2416 5767 ιεύουσι
2441 5713 2535 5767 τὸν
2556 5712 2891 5779 διδάσκαλον,
2925 5715 2957 5785 ἡ
2988 5711 3108 5767 θεία
3142 5712 3538 5785 προθε(σπίζει)
3562 5710 3774 5783 Γραφῇ.

581 5864 624 5895 ⁷⁸
650 5862 813 5921 Zach.
851 5879 905 5935 ι,
944 5862 1060 5932 12.,
1104 5865 1149 5897 τ’
1179 5864 1345 5924 Zach.
1374 5884 1451 5935 xi,
1490 5869 1676 5928 tl-M.
1750 5870 1795 5903 ⁷⁸
1818 5868 1930 5927 Jcr.
1962 5885 2109 5935 xvii,

2219 5911 2224 5925 .
2295 5871 2346 5942 f"
2386 5868 2490 5926 isa.
2550 5886 2587 5936 ι,
2636 5871 2728 5926 κιο.
