  <div class='ocr_page' id='page_1' title='image "/cluster/home/n/w/nwhite01/storage/ocr_20150623/22/hvd.32044073501140/584.png"; bbox 0 0 4070 6464; ppageno 0'>
   <div class='ocr_carea' id='block_1_1' title="bbox 326 299 470 354">
    <p class='ocr_par' dir='ltr' id='par_1_1' title="bbox 326 299 470 354">
     <span class='ocr_line' id='line_1_1' title="bbox 326 299 470 354; baseline 0.007 -1"><span class='ocrx_word' id='word_1_1' title='bbox 326 299 470 354; x_wconf 71' lang='grc' dir='ltr'>Ηίἱδ</span> 
     </span>
    </p>
   </div>
   <div class='ocr_carea' id='block_1_2' title="bbox 1349 288 2534 348">
    <p class='ocr_par' dir='ltr' id='par_1_2' title="bbox 1349 288 2534 348">
     <span class='ocr_line' id='line_1_2' title="bbox 1349 288 2534 348; baseline 0.001 -2"><span class='ocrx_word' id='word_1_2' title='bbox 1349 290 1644 348; x_wconf 65' lang='lat' dir='ltr'>ECLOGJE</span> <span class='ocrx_word' id='word_1_3' title='bbox 1687 288 2167 346; x_wconf 54' lang='lat' dir='ltr'>PBOPHETICJE.</span> <span class='ocrx_word' id='word_1_4' title='bbox 2187 321 2253 329; x_wconf 88' lang='lat'><strong><em>—</em></strong></span> <span class='ocrx_word' id='word_1_5' title='bbox 2276 288 2406 343; x_wconf 77' lang='lat' dir='ltr'><strong>LIB.</strong></span> <span class='ocrx_word' id='word_1_6' title='bbox 2445 289 2534 347; x_wconf 84' lang='lat' dir='ltr'><strong>Ill.</strong></span> 
     </span>
    </p>
   </div>
   <div class='ocr_carea' id='block_1_3' title="bbox 3459 295 3596 350">
    <p class='ocr_par' dir='ltr' id='par_1_3' title="bbox 3459 295 3596 350">
     <span class='ocr_line' id='line_1_3' title="bbox 3459 295 3596 350; baseline 0.007 -1"><span class='ocrx_word' id='word_1_7' title='bbox 3459 295 3596 350; x_wconf 68' lang='grc'><strong>1154</strong></span> 
     </span>
    </p>
   </div>
   <div class='ocr_carea' id='block_1_4' title="bbox 325 406 1908 485">
    <p class='ocr_par' dir='ltr' id='par_1_4' title="bbox 325 407 1908 485">
     <span class='ocr_line' id='line_1_4' title="bbox 325 407 1908 485; baseline -0.006 -14"><span class='ocrx_word' id='word_1_8' title='bbox 325 416 554 485; x_wconf 77' lang='grc' dir='ltr'>Δέγοιτο</span> <span class='ocrx_word' id='word_1_9' title='bbox 578 412 622 466; x_wconf 87' lang='grc' dir='ltr'>δ’</span> <span class='ocrx_word' id='word_1_10' title='bbox 652 411 718 466; x_wconf 83' lang='grc' dir='ltr'>ἂν</span> <span class='ocrx_word' id='word_1_11' title='bbox 745 411 814 465; x_wconf 86' lang='grc' dir='ltr'>τ”ἀ</span> <span class='ocrx_word' id='word_1_12' title='bbox 846 411 1182 483; x_wconf 75' lang='grc' dir='ltr'>προκείμενα</span> <span class='ocrx_word' id='word_1_13' title='bbox 1212 411 1277 463; x_wconf 88' lang='grc' dir='ltr'>ἐκ</span> <span class='ocrx_word' id='word_1_14' title='bbox 1310 408 1605 482; x_wconf 77' lang='grc' dir='ltr'>προσώπου</span> <span class='ocrx_word' id='word_1_15' title='bbox 1644 409 1739 463; x_wconf 87' lang='grc' dir='ltr'>τοῦ</span> <span class='ocrx_word' id='word_1_16' title='bbox 1773 407 1908 480; x_wconf 83' lang='grc' dir='ltr'>Χρι-</span> 
     </span>
    </p>
   </div>
   <div class='ocr_carea' id='block_1_5' title="bbox 2007 406 3598 485">
    <p class='ocr_par' dir='ltr' id='par_1_5' title="bbox 2011 406 3598 478">
     <span class='ocr_line' id='line_1_5' title="bbox 2011 406 3598 478; baseline 0.001 -18"><span class='ocrx_word' id='word_1_17' title='bbox 2011 409 2363 478; x_wconf 79' lang='lat' dir='ltr'><strong>propheticus</strong></span> <span class='ocrx_word' id='word_1_18' title='bbox 2392 415 2553 461; x_wconf 73' lang='lat' dir='ltr'><strong>vocat</strong></span> <span class='ocrx_word' id='word_1_19' title='bbox 2598 420 2816 470; x_wconf 86' lang='lat' dir='ltr'><strong>sermo,</strong></span> <span class='ocrx_word' id='word_1_20' title='bbox 2878 414 3010 461; x_wconf 91' lang='lat' dir='ltr'><strong>tunc</strong></span> <span class='ocrx_word' id='word_1_21' title='bbox 3061 407 3323 476; x_wconf 87' lang='lat' dir='ltr'><strong>temporis</strong></span> <span class='ocrx_word' id='word_1_22' title='bbox 3380 406 3598 463; x_wconf 82' lang='lat' dir='ltr'><strong>Chana—</strong></span> 
     </span>
    </p>
   </div>
   <div class='ocr_carea' id='block_1_6' title="bbox 328 499 1911 574">
    <p class='ocr_par' dir='ltr' id='par_1_6' title="bbox 328 499 1911 574">
     <span class='ocr_line' id='line_1_6' title="bbox 328 499 1911 574; baseline -0.006 -14"><span class='ocrx_word' id='word_1_23' title='bbox 328 505 478 571; x_wconf 87' lang='grc' dir='ltr'>στοῦ,</span> <span class='ocrx_word' id='word_1_24' title='bbox 514 504 702 574; x_wconf 82' lang='grc' dir='ltr'>ὥσπερ</span> <span class='ocrx_word' id='word_1_25' title='bbox 737 504 863 567; x_wconf 78' lang='grc' dir='ltr'>τοὺς</span> <span class='ocrx_word' id='word_1_26' title='bbox 906 500 1398 566; x_wconf 86' lang='grc' dir='ltr'>ἐπιϐουλεύσαντας</span> <span class='ocrx_word' id='word_1_27' title='bbox 1434 500 1618 571; x_wconf 74' lang='grc' dir='ltr'>αὐτῷ,</span> <span class='ocrx_word' id='word_1_28' title='bbox 1664 499 1760 563; x_wconf 80' lang='grc' dir='ltr'>οὓς</span> <span class='ocrx_word' id='word_1_29' title='bbox 1794 499 1911 552; x_wconf 86' lang='grc' dir='ltr'>ἐτέ-</span> 
     </span>
    </p>
   </div>
   <div class='ocr_carea' id='block_1_7' title="bbox 330 589 1912 669">
    <p class='ocr_par' dir='ltr' id='par_1_7' title="bbox 330 589 1912 669">
     <span class='ocr_line' id='line_1_7' title="bbox 330 589 1912 669; baseline -0.006 -18"><span class='ocrx_word' id='word_1_30' title='bbox 330 596 463 669; x_wconf 89' lang='grc' dir='ltr'>ρωθι</span> <span class='ocrx_word' id='word_1_31' title='bbox 494 596 593 668; x_wconf 77' lang='grc' dir='ltr'>μὲν</span> <span class='ocrx_word' id='word_1_32' title='bbox 625 595 694 666; x_wconf 79' lang='grc' dir='ltr'>(ί.</span> <span class='ocrx_word' id='word_1_33' title='bbox 725 595 796 649; x_wconf 76' lang='grc'>53</span> <span class='ocrx_word' id='word_1_34' title='bbox 822 594 897 665; x_wconf 76' lang='grc' dir='ltr'>ν’)</span> <span class='ocrx_word' id='word_1_35' title='bbox 930 613 949 645; x_wconf 79' lang='grc' dir='ltr'>ι</span> <span class='ocrx_word' id='word_1_36' title='bbox 978 594 1248 665; x_wconf 74' lang='grc' dir='ltr'>ἄρχοντας</span> <span class='ocrx_word' id='word_1_37' title='bbox 1275 591 1526 663; x_wconf 83' lang='grc' dir='ltr'>Σοδόμων</span> <span class='ocrx_word' id='word_1_38' title='bbox 1550 591 1642 645; x_wconf 75' lang='grc' dir='ltr'>καὶ</span> <span class='ocrx_word' id='word_1_39' title='bbox 1662 590 1789 645; x_wconf 80' lang='grc' dir='ltr'>λαὸν</span> <span class='ocrx_word' id='word_1_40' title='bbox 1815 589 1912 642; x_wconf 87' lang='grc' dir='ltr'>Γο-</span> 
     </span>
    </p>
   </div>
   <div class='ocr_carea' id='block_1_8' title="bbox 331 677 1908 761">
    <p class='ocr_par' dir='ltr' id='par_1_8' title="bbox 331 677 1908 761">
     <span class='ocr_line' id='line_1_8' title="bbox 331 677 1908 761; baseline -0.005 -19"><span class='ocrx_word' id='word_1_41' title='bbox 331 689 540 761; x_wconf 75' lang='grc' dir='ltr'>μόρρας</span> <span class='ocrx_word' id='word_1_42' title='bbox 570 706 588 740; x_wconf 75' lang='grc' dir='ltr'>ι</span> <span class='ocrx_word' id='word_1_43' title='bbox 620 687 649 738; x_wconf 91' lang='grc' dir='ltr'>ό</span> <span class='ocrx_word' id='word_1_44' title='bbox 678 688 777 758; x_wconf 77' lang='grc' dir='ltr'>τῆς</span> <span class='ocrx_word' id='word_1_45' title='bbox 804 685 1145 759; x_wconf 80' lang='grc' dir='ltr'>προφητείας</span> <span class='ocrx_word' id='word_1_46' title='bbox 1184 684 1453 738; x_wconf 82' lang='grc' dir='ltr'>ἀποκαλεῖ</span> <span class='ocrx_word' id='word_1_47' title='bbox 1478 682 1656 752; x_wconf 85' lang='grc' dir='ltr'>λόγος,</span> <span class='ocrx_word' id='word_1_48' title='bbox 1690 682 1783 735; x_wconf 69' lang='grc' dir='ltr'>ἐπὶ</span> <span class='ocrx_word' id='word_1_49' title='bbox 1813 677 1908 734; x_wconf 85' lang='grc' dir='ltr'>τοῦ</span> 
     </span>
    </p>
   </div>
   <div class='ocr_carea' id='block_1_9' title="bbox 328 775 1909 854">
    <p class='ocr_par' dir='ltr' id='par_1_9' title="bbox 328 775 1909 854">
     <span class='ocr_line' id='line_1_9' title="bbox 328 775 1909 854; baseline -0.005 -19"><span class='ocrx_word' id='word_1_50' title='bbox 328 781 595 854; x_wconf 76' lang='grc' dir='ltr'>παρόντος</span> <span class='ocrx_word' id='word_1_51' title='bbox 635 778 694 833; x_wconf 80' lang='grc' dir='ltr'>δὲ</span> <span class='ocrx_word' id='word_1_52' title='bbox 744 778 1083 841; x_wconf 76' lang='grc' dir='ltr'>Χαναναίους</span> <span class='ocrx_word' id='word_1_53' title='bbox 1121 775 1211 831; x_wconf 78' lang='grc' dir='ltr'>διὰ</span> <span class='ocrx_word' id='word_1_54' title='bbox 1246 776 1346 847; x_wconf 80' lang='grc' dir='ltr'>τὴν</span> <span class='ocrx_word' id='word_1_55' title='bbox 1389 775 1527 849; x_wconf 78' lang='grc' dir='ltr'>πρὸς</span> <span class='ocrx_word' id='word_1_56' title='bbox 1568 776 1692 840; x_wconf 78' lang='grc' dir='ltr'>τοὺς</span> <span class='ocrx_word' id='word_1_57' title='bbox 1723 775 1909 828; x_wconf 89' lang='grc' dir='ltr'>Χανα-</span> 
     </span>
    </p>
   </div>
   <div class='ocr_carea' id='block_1_10' title="bbox 328 867 1909 944">
    <p class='ocr_par' dir='ltr' id='par_1_10' title="bbox 328 867 1909 944">
     <span class='ocr_line' id='line_1_10' title="bbox 328 867 1909 944; baseline -0.005 -15"><span class='ocrx_word' id='word_1_58' title='bbox 328 875 511 937; x_wconf 65' lang='grc' dir='ltr'>ναίους</span> <span class='ocrx_word' id='word_1_59' title='bbox 546 872 864 944; x_wconf 77' lang='grc' dir='ltr'>ἐξομοίωσιν</span> <span class='ocrx_word' id='word_1_60' title='bbox 892 870 1089 935; x_wconf 77' lang='grc' dir='ltr'>αὐτοὺς</span> <span class='ocrx_word' id='word_1_61' title='bbox 1116 868 1391 941; x_wconf 80' lang='grc' dir='ltr'>ὀνομάζει.</span> <span class='ocrx_word' id='word_1_62' title='bbox 1425 869 1650 939; x_wconf 63' lang='grc' dir='ltr'>Ιιθήσασα</span> <span class='ocrx_word' id='word_1_63' title='bbox 1692 867 1824 936; x_wconf 88' lang='grc' dir='ltr'>γοῦν</span> <span class='ocrx_word' id='word_1_64' title='bbox 1874 867 1909 938; x_wconf 84' lang='grc' dir='ltr'><strong>ἡ</strong></span> 
     </span>
    </p>
   </div>
   <div class='ocr_carea' id='block_1_11' title="bbox 330 961 1910 1041">
    <p class='ocr_par' dir='ltr' id='par_1_11' title="bbox 330 961 1910 1041">
     <span class='ocr_line' id='line_1_11' title="bbox 330 961 1910 1041; baseline -0.006 -19"><span class='ocrx_word' id='word_1_65' title='bbox 330 966 636 1041; x_wconf 78' lang='grc' dir='ltr'>προφητεία</span> <span class='ocrx_word' id='word_1_66' title='bbox 661 966 743 1031; x_wconf 79' lang='grc' dir='ltr'>τὸ,</span> <span class='ocrx_word' id='word_1_67' title='bbox 780 983 801 1016; x_wconf 70' lang='grc' dir='ltr'>ι</span> <span class='ocrx_word' id='word_1_68' title='bbox 838 965 945 1018; x_wconf 75' lang='lat' dir='ltr'><strong>Kal.</strong></span> <span class='ocrx_word' id='word_1_69' title='bbox 967 962 1267 1032; x_wconf 79' lang='grc' dir='ltr'>γνώσονται</span> <span class='ocrx_word' id='word_1_70' title='bbox 1301 963 1349 1016; x_wconf 88' lang='grc' dir='ltr'>οἱ</span> <span class='ocrx_word' id='word_1_71' title='bbox 1382 963 1697 1025; x_wconf 82' lang='grc' dir='ltr'>Χαναναῖοι.</span> <span class='ocrx_word' id='word_1_72' title='bbox 1733 981 1752 1014; x_wconf 76' lang='grc' dir='ltr'>ι</span> <span class='ocrx_word' id='word_1_73' title='bbox 1785 961 1910 1013; x_wconf 83' lang='grc' dir='ltr'>ἐπι-</span> 
     </span>
    </p>
   </div>
   <div class='ocr_carea' id='block_1_12' title="bbox 328 1054 1906 1132">
    <p class='ocr_par' dir='ltr' id='par_1_12' title="bbox 328 1054 1906 1132">
     <span class='ocr_line' id='line_1_12' title="bbox 328 1054 1906 1132; baseline -0.004 -19"><span class='ocrx_word' id='word_1_74' title='bbox 328 1060 507 1132; x_wconf 72' lang='grc' dir='ltr'>φέρει,</span> <span class='ocrx_word' id='word_1_75' title='bbox 549 1057 874 1113; x_wconf 75' lang='grc' dir='ltr'>διδάσκουσα</span> <span class='ocrx_word' id='word_1_76' title='bbox 913 1057 1061 1128; x_wconf 77' lang='grc' dir='ltr'>ἡμᾶς</span> <span class='ocrx_word' id='word_1_77' title='bbox 1101 1055 1255 1120; x_wconf 89' lang='grc' dir='ltr'>τίνας</span> <span class='ocrx_word' id='word_1_78' title='bbox 1300 1055 1551 1127; x_wconf 87' lang='grc' dir='ltr'>βούλεται</span> <span class='ocrx_word' id='word_1_79' title='bbox 1598 1054 1906 1125; x_wconf 82' lang='grc' dir='ltr'>σημαίνειν,</span> 
     </span>
    </p>
   </div>
   <div class='ocr_carea' id='block_1_13' title="bbox 327 1143 1910 1221">
    <p class='ocr_par' dir='ltr' id='par_1_13' title="bbox 327 1143 1910 1221">
     <span class='ocr_line' id='line_1_13' title="bbox 327 1143 1910 1221; baseline -0.004 -18"><span class='ocrx_word' id='word_1_80' title='bbox 327 1149 423 1205; x_wconf 87' lang='grc' dir='ltr'>καί</span> <span class='ocrx_word' id='word_1_81' title='bbox 447 1165 629 1221; x_wconf 77' lang='grc' dir='ltr'>φησιν,</span> <span class='ocrx_word' id='word_1_82' title='bbox 665 1166 683 1198; x_wconf 82' lang='grc' dir='ltr'>ι</span> <span class='ocrx_word' id='word_1_83' title='bbox 718 1146 788 1201; x_wconf 87' lang='grc' dir='ltr'>τὰ</span> <span class='ocrx_word' id='word_1_84' title='bbox 810 1146 1055 1220; x_wconf 89' lang='grc' dir='ltr'>πρόϐατα</span> <span class='ocrx_word' id='word_1_85' title='bbox 1074 1144 1143 1199; x_wconf 81' lang='grc' dir='ltr'>τά</span> <span class='ocrx_word' id='word_1_86' title='bbox 1170 1143 1555 1216; x_wconf 81' lang='grc' dir='ltr'>φυλασσόμενά</span> <span class='ocrx_word' id='word_1_87' title='bbox 1584 1161 1695 1215; x_wconf 89' lang='grc' dir='ltr'>μοι.</span> <span class='ocrx_word' id='word_1_88' title='bbox 1730 1163 1749 1197; x_wconf 74' lang='grc' dir='ltr'>ι</span> <span class='ocrx_word' id='word_1_89' title='bbox 1776 1144 1910 1197; x_wconf 90' lang='grc' dir='ltr'>Τίνα</span> 
     </span>
    </p>
   </div>
   <div class='ocr_carea' id='block_1_14' title="bbox 326 1236 1909 1313">
    <p class='ocr_par' dir='ltr' id='par_1_14' title="bbox 326 1236 1909 1313">
     <span class='ocr_line' id='line_1_14' title="bbox 326 1236 1909 1313; baseline -0.004 -16"><span class='ocrx_word' id='word_1_90' title='bbox 326 1236 385 1297; x_wconf 73' lang='grc' dir='ltr'>δὲ</span> <span class='ocrx_word' id='word_1_91' title='bbox 427 1236 496 1313; x_wconf 82' lang='grc' dir='ltr'>ῆν</span> <span class='ocrx_word' id='word_1_92' title='bbox 547 1240 721 1294; x_wconf 82' lang='grc' dir='ltr'>ταῦτα</span> <span class='ocrx_word' id='word_1_93' title='bbox 754 1239 821 1293; x_wconf 83' lang='grc' dir='ltr'>τὰ</span> <span class='ocrx_word' id='word_1_94' title='bbox 856 1239 1129 1311; x_wconf 88' lang='grc' dir='ltr'>πρόϐατα,</span> <span class='ocrx_word' id='word_1_95' title='bbox 1177 1237 1247 1292; x_wconf 89' lang='grc' dir='ltr'>τά</span> <span class='ocrx_word' id='word_1_96' title='bbox 1295 1240 1562 1311; x_wconf 88' lang='grc' dir='ltr'>πρότερον</span> <span class='ocrx_word' id='word_1_97' title='bbox 1611 1237 1690 1310; x_wconf 83' lang='grc' dir='ltr'>τῷ</span> <span class='ocrx_word' id='word_1_98' title='bbox 1720 1236 1909 1311; x_wconf 81' lang='grc' dir='ltr'>Κυρίῳ</span> 
     </span>
    </p>
   </div>
   <div class='ocr_carea' id='block_1_15' title="bbox 328 1328 1913 1405">
    <p class='ocr_par' dir='ltr' id='par_1_15' title="bbox 328 1328 1913 1405">
     <span class='ocr_line' id='line_1_15' title="bbox 328 1328 1913 1405; baseline -0.002 -18"><span class='ocrx_word' id='word_1_99' title='bbox 328 1333 734 1405; x_wconf 75' lang='grc' dir='ltr'>φυλασσόμενα,</span> <span class='ocrx_word' id='word_1_100' title='bbox 773 1331 806 1404; x_wconf 83' lang='grc' dir='ltr'>ἢ</span> <span class='ocrx_word' id='word_1_101' title='bbox 836 1334 865 1387; x_wconf 87' lang='grc' dir='ltr'>ὁ</span> <span class='ocrx_word' id='word_1_102' title='bbox 888 1334 953 1386; x_wconf 80' lang='grc' dir='ltr'>ἐκ</span> <span class='ocrx_word' id='word_1_103' title='bbox 1000 1331 1307 1404; x_wconf 82' lang='grc' dir='ltr'>περιτομῆς</span> <span class='ocrx_word' id='word_1_104' title='bbox 1337 1330 1504 1396; x_wconf 87' lang='grc' dir='ltr'>λαός;</span> <span class='ocrx_word' id='word_1_105' title='bbox 1544 1328 1637 1395; x_wconf 80' lang='grc' dir='ltr'>οὓς</span> <span class='ocrx_word' id='word_1_106' title='bbox 1674 1329 1770 1384; x_wconf 86' lang='grc' dir='ltr'>νῦν</span> <span class='ocrx_word' id='word_1_107' title='bbox 1801 1332 1913 1384; x_wconf 83' lang='grc' dir='ltr'>Χα-</span> 
     </span>
    </p>
   </div>
   <div class='ocr_carea' id='block_1_16' title="bbox 326 1421 1912 1497">
    <p class='ocr_par' dir='ltr' id='par_1_16' title="bbox 326 1421 1912 1497">
     <span class='ocr_line' id='line_1_16' title="bbox 326 1421 1912 1497; baseline -0.004 -16"><span class='ocrx_word' id='word_1_108' title='bbox 326 1427 577 1490; x_wconf 87' lang='grc' dir='ltr'>ναναίους</span> <span class='ocrx_word' id='word_1_109' title='bbox 596 1425 866 1497; x_wconf 81' lang='grc' dir='ltr'>ὀνομάσας</span> <span class='ocrx_word' id='word_1_110' title='bbox 889 1426 917 1477; x_wconf 84' lang='grc' dir='ltr'>ὁ</span> <span class='ocrx_word' id='word_1_111' title='bbox 936 1424 1126 1493; x_wconf 82' lang='grc' dir='ltr'>Λόγος,</span> <span class='ocrx_word' id='word_1_112' title='bbox 1156 1425 1233 1488; x_wconf 85' lang='grc' dir='ltr'>ὡς</span> <span class='ocrx_word' id='word_1_113' title='bbox 1255 1426 1319 1477; x_wconf 86' lang='grc' dir='ltr'>ἐκ</span> <span class='ocrx_word' id='word_1_114' title='bbox 1347 1421 1638 1495; x_wconf 83' lang='grc' dir='ltr'>προσώπου</span> <span class='ocrx_word' id='word_1_115' title='bbox 1658 1422 1754 1476; x_wconf 86' lang='grc' dir='ltr'>τοῦ</span> <span class='ocrx_word' id='word_1_116' title='bbox 1782 1424 1912 1493; x_wconf 84' lang='grc' dir='ltr'>Χρι-</span> 
     </span>
    </p>
   </div>
   <div class='ocr_carea' id='block_1_17' title="bbox 328 1515 1913 1589">
    <p class='ocr_par' dir='ltr' id='par_1_17' title="bbox 328 1515 1913 1589">
     <span class='ocr_line' id='line_1_17' title="bbox 328 1515 1913 1589; baseline -0.005 -14"><span class='ocrx_word' id='word_1_117' title='bbox 328 1518 455 1575; x_wconf 87' lang='grc' dir='ltr'>στοῦ</span> <span class='ocrx_word' id='word_1_118' title='bbox 483 1519 679 1587; x_wconf 79' lang='grc' dir='ltr'>ἐπάγει</span> <span class='ocrx_word' id='word_1_119' title='bbox 707 1517 902 1587; x_wconf 85' lang='grc' dir='ltr'>λέγων,</span> <span class='ocrx_word' id='word_1_120' title='bbox 938 1535 957 1567; x_wconf 76' lang='grc' dir='ltr'>ι</span> <span class='ocrx_word' id='word_1_121' title='bbox 991 1517 1085 1570; x_wconf 80' lang='grc' dir='ltr'>καὶ</span> <span class='ocrx_word' id='word_1_122' title='bbox 1113 1515 1224 1589; x_wconf 85' lang='grc' dir='ltr'>ἐρῶ</span> <span class='ocrx_word' id='word_1_123' title='bbox 1249 1515 1386 1589; x_wconf 74' lang='grc' dir='ltr'>πρὸς</span> <span class='ocrx_word' id='word_1_124' title='bbox 1412 1515 1611 1579; x_wconf 79' lang='grc' dir='ltr'>αὐτοὺς</span> <span class='ocrx_word' id='word_1_125' title='bbox 1646 1536 1667 1569; x_wconf 71' lang='grc' dir='ltr'>ι</span> <span class='ocrx_word' id='word_1_126' title='bbox 1697 1516 1765 1569; x_wconf 83' lang='grc' dir='ltr'>τά</span> <span class='ocrx_word' id='word_1_127' title='bbox 1788 1516 1913 1569; x_wconf 82' lang='grc' dir='ltr'>ἀνα-</span> 
     </span>
    </p>
   </div>
   <div class='ocr_carea' id='block_1_18' title="bbox 324 1608 1908 1685">
    <p class='ocr_par' dir='ltr' id='par_1_18' title="bbox 324 1608 1908 1685">
     <span class='ocr_line' id='line_1_18' title="bbox 324 1608 1908 1685; baseline -0.003 -19"><span class='ocrx_word' id='word_1_128' title='bbox 324 1611 708 1685; x_wconf 84' lang='grc' dir='ltr'>γεγραμμένα,</span> <span class='ocrx_word' id='word_1_129' title='bbox 741 1610 777 1665; x_wconf 83' lang='grc' dir='ltr'>ἃ</span> <span class='ocrx_word' id='word_1_130' title='bbox 824 1610 917 1664; x_wconf 72' lang='grc' dir='ltr'>καὶ</span> <span class='ocrx_word' id='word_1_131' title='bbox 953 1609 1101 1678; x_wconf 81' lang='grc' dir='ltr'>λέγοι</span> <span class='ocrx_word' id='word_1_132' title='bbox 1147 1609 1213 1663; x_wconf 81' lang='grc' dir='ltr'>ἂν</span> <span class='ocrx_word' id='word_1_133' title='bbox 1259 1609 1395 1682; x_wconf 76' lang='grc' dir='ltr'>πρὸς</span> <span class='ocrx_word' id='word_1_134' title='bbox 1437 1610 1565 1673; x_wconf 79' lang='grc' dir='ltr'>τοὺς</span> <span class='ocrx_word' id='word_1_135' title='bbox 1592 1608 1908 1663; x_wconf 81' lang='grc' dir='ltr'>ἐπιϐουλεύ-</span> 
     </span>
    </p>
   </div>
   <div class='ocr_carea' id='block_1_19' title="bbox 326 1691 1911 1771">
    <p class='ocr_par' dir='ltr' id='par_1_19' title="bbox 326 1691 1911 1771">
     <span class='ocr_line' id='line_1_19' title="bbox 326 1691 1911 1771; baseline -0.004 -15"><span class='ocrx_word' id='word_1_136' title='bbox 326 1718 527 1765; x_wconf 86' lang='grc' dir='ltr'>σαντας</span> <span class='ocrx_word' id='word_1_137' title='bbox 554 1699 724 1771; x_wconf 80' lang='grc' dir='ltr'>αύτῷ,</span> <span class='ocrx_word' id='word_1_138' title='bbox 753 1698 892 1769; x_wconf 82' lang='grc' dir='ltr'>ὑπὲρ</span> <span class='ocrx_word' id='word_1_139' title='bbox 932 1691 1008 1753; x_wconf 82' lang='grc' dir='ltr'>ὧν</span> <span class='ocrx_word' id='word_1_140' title='bbox 1051 1699 1251 1762; x_wconf 80' lang='grc' dir='ltr'>αὐτοὺς</span> <span class='ocrx_word' id='word_1_141' title='bbox 1293 1697 1625 1769; x_wconf 83' lang='grc' dir='ltr'>εὐεργέτησε</span> <span class='ocrx_word' id='word_1_142' title='bbox 1664 1700 1791 1761; x_wconf 79' lang='grc' dir='ltr'>τοὺς</span> <span class='ocrx_word' id='word_1_143' title='bbox 1823 1715 1911 1768; x_wconf 84' lang='grc' dir='ltr'>μι-</span> 
     </span>
    </p>
   </div>
   <div class='ocr_carea' id='block_1_20' title="bbox 325 1790 1909 1864">
    <p class='ocr_par' dir='ltr' id='par_1_20' title="bbox 325 1790 1909 1864">
     <span class='ocr_line' id='line_1_20' title="bbox 325 1790 1909 1864; baseline -0.004 -15"><span class='ocrx_word' id='word_1_144' title='bbox 325 1794 487 1857; x_wconf 80' lang='grc' dir='ltr'>σθοὺς</span> <span class='ocrx_word' id='word_1_145' title='bbox 515 1792 705 1864; x_wconf 81' lang='grc' dir='ltr'>ὥσπερ</span> <span class='ocrx_word' id='word_1_146' title='bbox 735 1792 902 1846; x_wconf 89' lang='grc' dir='ltr'>αίτῶν</span> <span class='ocrx_word' id='word_1_147' title='bbox 934 1792 1152 1856; x_wconf 80' lang='grc' dir='ltr'>αὐτοὺς,</span> <span class='ocrx_word' id='word_1_148' title='bbox 1187 1790 1332 1844; x_wconf 87' lang='grc' dir='ltr'>τοῦτ’</span> <span class='ocrx_word' id='word_1_149' title='bbox 1372 1790 1487 1844; x_wconf 77' lang='grc' dir='ltr'>ἐστι</span> <span class='ocrx_word' id='word_1_150' title='bbox 1513 1790 1611 1863; x_wconf 81' lang='grc' dir='ltr'>τὴν</span> <span class='ocrx_word' id='word_1_151' title='bbox 1635 1793 1712 1854; x_wconf 86' lang='grc' dir='ltr'>εἰς</span> <span class='ocrx_word' id='word_1_152' title='bbox 1743 1791 1909 1845; x_wconf 80' lang='grc' dir='ltr'>αὑτὸν</span> 
     </span>
    </p>
   </div>
   <div class='ocr_carea' id='block_1_21' title="bbox 322 1880 1905 1958">
    <p class='ocr_par' dir='ltr' id='par_1_21' title="bbox 322 1880 1905 1958">
     <span class='ocr_line' id='line_1_21' title="bbox 322 1880 1905 1958; baseline -0.004 -17"><span class='ocrx_word' id='word_1_153' title='bbox 322 1888 509 1942; x_wconf 85' lang='grc' dir='ltr'>πίστιν</span> <span class='ocrx_word' id='word_1_154' title='bbox 538 1886 633 1940; x_wconf 72' lang='grc' dir='ltr'>καὶ</span> <span class='ocrx_word' id='word_1_155' title='bbox 675 1884 767 1940; x_wconf 80' lang='grc' dir='ltr'>τὸν</span> <span class='ocrx_word' id='word_1_156' title='bbox 803 1884 975 1958; x_wconf 82' lang='grc' dir='ltr'>ταύτῃ</span> <span class='ocrx_word' id='word_1_157' title='bbox 1021 1882 1357 1954; x_wconf 77' lang='grc' dir='ltr'>κατάλληλον</span> <span class='ocrx_word' id='word_1_158' title='bbox 1398 1881 1538 1953; x_wconf 63' lang='grc' dir='ltr'>βίον</span> <span class='ocrx_word' id='word_1_159' title='bbox 1585 1880 1759 1946; x_wconf 77' lang='grc' dir='ltr'>οὕτως</span> <span class='ocrx_word' id='word_1_160' title='bbox 1797 1881 1905 1954; x_wconf 84' lang='grc' dir='ltr'>γὰρ</span> 
     </span>
    </p>
   </div>
   <div class='ocr_carea' id='block_1_22' title="bbox 323 1975 1909 2049">
    <p class='ocr_par' dir='ltr' id='par_1_22' title="bbox 323 1975 1909 2049">
     <span class='ocr_line' id='line_1_22' title="bbox 323 1975 1909 2049; baseline -0.004 -14"><span class='ocrx_word' id='word_1_161' title='bbox 323 1980 510 2035; x_wconf 83' lang='grc' dir='ltr'>ἀκούω</span> <span class='ocrx_word' id='word_1_162' title='bbox 541 1978 658 2043; x_wconf 88' lang='grc' dir='ltr'>τοῦ,</span> <span class='ocrx_word' id='word_1_163' title='bbox 702 1997 721 2030; x_wconf 77' lang='grc' dir='ltr'>ι</span> <span class='ocrx_word' id='word_1_164' title='bbox 753 1978 873 2033; x_wconf 87' lang='grc' dir='ltr'>δότε</span> <span class='ocrx_word' id='word_1_165' title='bbox 902 1978 992 2032; x_wconf 81' lang='grc' dir='ltr'>τὸν</span> <span class='ocrx_word' id='word_1_166' title='bbox 1035 1976 1226 2049; x_wconf 87' lang='grc' dir='ltr'>μισθόν</span> <span class='ocrx_word' id='word_1_167' title='bbox 1265 1994 1396 2049; x_wconf 88' lang='grc' dir='ltr'>μου·</span> <span class='ocrx_word' id='word_1_168' title='bbox 1435 1997 1454 2029; x_wconf 83' lang='grc'><strong>›</strong></span> <span class='ocrx_word' id='word_1_169' title='bbox 1481 1977 1531 2030; x_wconf 82' lang='grc' dir='ltr'>οἱ</span> <span class='ocrx_word' id='word_1_170' title='bbox 1565 1975 1644 2038; x_wconf 83' lang='grc' dir='ltr'>δὲ,</span> <span class='ocrx_word' id='word_1_171' title='bbox 1673 1975 1813 2030; x_wconf 70' lang='grc' dir='ltr'>κατὰ</span> <span class='ocrx_word' id='word_1_172' title='bbox 1849 1977 1909 2029; x_wconf 76' lang='grc' dir='ltr'>τὸ</span> 
     </span>
    </p>
   </div>
   <div class='ocr_carea' id='block_1_23' title="bbox 321 2065 1909 2143">
    <p class='ocr_par' dir='ltr' id='par_1_23' title="bbox 321 2065 1909 2143">
     <span class='ocr_line' id='line_1_23' title="bbox 321 2065 1909 2143; baseline -0.004 -18"><span class='ocrx_word' id='word_1_173' title='bbox 321 2071 552 2143; x_wconf 72' lang='grc' dir='ltr'>ἑτέρωθι</span> <span class='ocrx_word' id='word_1_174' title='bbox 596 2071 723 2141; x_wconf 75' lang='grc' dir='ltr'>περὶ</span> <span class='ocrx_word' id='word_1_175' title='bbox 763 2068 943 2125; x_wconf 85' lang='grc' dir='ltr'>αὐτῶν</span> <span class='ocrx_word' id='word_1_176' title='bbox 982 2066 1272 2139; x_wconf 73' lang='grc' dir='ltr'>εἰρημένον</span> <span class='ocrx_word' id='word_1_177' title='bbox 1319 2067 1410 2121; x_wconf 83' lang='grc' dir='ltr'>ὑπ’</span> <span class='ocrx_word' id='word_1_178' title='bbox 1459 2065 1648 2129; x_wconf 81' lang='grc' dir='ltr'>αὑτοῦ,</span> <span class='ocrx_word' id='word_1_179' title='bbox 1695 2085 1712 2117; x_wconf 78' lang='grc' dir='ltr'>ι</span> <span class='ocrx_word' id='word_1_180' title='bbox 1764 2066 1909 2119; x_wconf 74' lang='grc' dir='ltr'>Ἀντὶ</span> 
     </span>
    </p>
   </div>
   <div class='ocr_carea' id='block_1_24' title="bbox 319 2158 1907 2235">
    <p class='ocr_par' dir='ltr' id='par_1_24' title="bbox 319 2158 1907 2235">
     <span class='ocr_line' id='line_1_24' title="bbox 319 2158 1907 2235; baseline -0.005 -15"><span class='ocrx_word' id='word_1_181' title='bbox 319 2166 418 2221; x_wconf 90' lang='grc' dir='ltr'>τοῦ</span> <span class='ocrx_word' id='word_1_182' title='bbox 462 2165 686 2234; x_wconf 80' lang='grc' dir='ltr'>ἀγαπᾷν</span> <span class='ocrx_word' id='word_1_183' title='bbox 728 2180 818 2235; x_wconf 87' lang='grc' dir='ltr'>με,</span> <span class='ocrx_word' id='word_1_184' title='bbox 850 2160 1185 2216; x_wconf 80' lang='grc' dir='ltr'>ἐνδιέϐαλλόν</span> <span class='ocrx_word' id='word_1_185' title='bbox 1218 2177 1308 2231; x_wconf 87' lang='grc' dir='ltr'>με,</span> <span class='ocrx_word' id='word_1_186' title='bbox 1354 2158 1467 2229; x_wconf 83' lang='grc' dir='ltr'>ἐγὼ</span> <span class='ocrx_word' id='word_1_187' title='bbox 1498 2159 1556 2213; x_wconf 82' lang='grc' dir='ltr'>δὲ</span> <span class='ocrx_word' id='word_1_188' title='bbox 1598 2160 1907 2232; x_wconf 84' lang='grc' dir='ltr'>προσηυχό-</span> 
     </span>
    </p>
   </div>
   <div class='ocr_carea' id='block_1_25' title="bbox 326 2249 1908 2331">
    <p class='ocr_par' dir='ltr' id='par_1_25' title="bbox 326 2249 1908 2331">
     <span class='ocr_line' id='line_1_25' title="bbox 326 2249 1908 2331; baseline -0.006 -19"><span class='ocrx_word' id='word_1_189' title='bbox 326 2274 463 2331; x_wconf 72' lang='grc' dir='ltr'>μῆν’</span> <span class='ocrx_word' id='word_1_190' title='bbox 501 2256 595 2311; x_wconf 68' lang='grc' dir='ltr'>καὶ</span> <span class='ocrx_word' id='word_1_191' title='bbox 634 2255 818 2310; x_wconf 75' lang='grc' dir='ltr'>ἔθεντο</span> <span class='ocrx_word' id='word_1_192' title='bbox 860 2254 981 2308; x_wconf 82' lang='grc' dir='ltr'>κατ’</span> <span class='ocrx_word' id='word_1_193' title='bbox 1022 2250 1160 2324; x_wconf 83' lang='grc' dir='ltr'>ἐμοῦ</span> <span class='ocrx_word' id='word_1_194' title='bbox 1203 2250 1351 2306; x_wconf 88' lang='grc' dir='ltr'>κακά</span> <span class='ocrx_word' id='word_1_195' title='bbox 1383 2251 1505 2305; x_wconf 76' lang='grc' dir='ltr'>ἀντὶ</span> <span class='ocrx_word' id='word_1_196' title='bbox 1535 2249 1780 2318; x_wconf 83' lang='grc' dir='ltr'>ἀγαθῶν,</span> <span class='ocrx_word' id='word_1_197' title='bbox 1816 2250 1908 2303; x_wconf 78' lang='grc' dir='ltr'>καὶ</span> 
     </span>
    </p>
   </div>
   <div class='ocr_carea' id='block_1_26' title="bbox 325 2341 1909 2422">
    <p class='ocr_par' dir='ltr' id='par_1_26' title="bbox 325 2341 1909 2422">
     <span class='ocr_line' id='line_1_26' title="bbox 325 2341 1909 2422; baseline -0.006 -18"><span class='ocrx_word' id='word_1_198' title='bbox 325 2353 484 2422; x_wconf 84' lang='grc' dir='ltr'>μῖσος</span> <span class='ocrx_word' id='word_1_199' title='bbox 509 2350 630 2404; x_wconf 81' lang='grc' dir='ltr'>ἀντὶ</span> <span class='ocrx_word' id='word_1_200' title='bbox 657 2348 756 2420; x_wconf 86' lang='grc' dir='ltr'>τῆς</span> <span class='ocrx_word' id='word_1_201' title='bbox 783 2342 1117 2417; x_wconf 77' lang='grc' dir='ltr'>ἀγαπήσεως</span> <span class='ocrx_word' id='word_1_202' title='bbox 1161 2360 1294 2415; x_wconf 86' lang='grc' dir='ltr'>μου·</span> <span class='ocrx_word' id='word_1_203' title='bbox 1337 2362 1357 2396; x_wconf 78' lang='grc' dir='ltr'>ι</span> <span class='ocrx_word' id='word_1_204' title='bbox 1405 2341 1701 2416; x_wconf 88' lang='grc' dir='ltr'>τριάκοντα</span> <span class='ocrx_word' id='word_1_205' title='bbox 1739 2342 1909 2414; x_wconf 88' lang='grc' dir='ltr'>ἀργυ-</span> 
     </span>
    </p>
   </div>
   <div class='ocr_carea' id='block_1_27' title="bbox 326 2428 1910 2516">
    <p class='ocr_par' dir='ltr' id='par_1_27' title="bbox 326 2428 1910 2516">
     <span class='ocr_line' id='line_1_27' title="bbox 326 2428 1910 2516; baseline -0.006 -20"><span class='ocrx_word' id='word_1_206' title='bbox 326 2442 476 2516; x_wconf 89' lang='grc' dir='ltr'>ρίους</span> <span class='ocrx_word' id='word_1_207' title='bbox 517 2442 810 2512; x_wconf 81' lang='grc' dir='ltr'>στήσαντες</span> <span class='ocrx_word' id='word_1_208' title='bbox 842 2438 1117 2509; x_wconf 74' lang='grc' dir='ltr'>παρέσχον</span> <span class='ocrx_word' id='word_1_209' title='bbox 1145 2434 1223 2506; x_wconf 86' lang='grc' dir='ltr'>τῷ</span> <span class='ocrx_word' id='word_1_210' title='bbox 1273 2434 1530 2509; x_wconf 80' lang='grc' dir='ltr'>προδότῃ,</span> <span class='ocrx_word' id='word_1_211' title='bbox 1561 2428 1803 2506; x_wconf 76' lang='grc' dir='ltr'>ὡσπερεὶ</span> <span class='ocrx_word' id='word_1_212' title='bbox 1828 2450 1910 2487; x_wconf 89' lang='grc' dir='ltr'>το-</span> 
     </span>
    </p>
   </div>
   <div class='ocr_carea' id='block_1_28' title="bbox 325 2525 1909 2605">
    <p class='ocr_par' dir='ltr' id='par_1_28' title="bbox 325 2525 1909 2605">
     <span class='ocr_line' id='line_1_28' title="bbox 325 2525 1909 2605; baseline -0.007 -16"><span class='ocrx_word' id='word_1_213' title='bbox 325 2535 516 2590; x_wconf 87' lang='grc' dir='ltr'>σούτου</span> <span class='ocrx_word' id='word_1_214' title='bbox 556 2534 718 2588; x_wconf 82' lang='grc' dir='ltr'>αὑτὸν</span> <span class='ocrx_word' id='word_1_215' title='bbox 750 2535 817 2605; x_wconf 79' lang='grc' dir='ltr'>τῇ</span> <span class='ocrx_word' id='word_1_216' title='bbox 855 2530 1197 2604; x_wconf 82' lang='grc' dir='ltr'>ἀσεϐεστάτῃ</span> <span class='ocrx_word' id='word_1_217' title='bbox 1225 2527 1407 2584; x_wconf 81' lang='grc' dir='ltr'>αὐτῶν</span> <span class='ocrx_word' id='word_1_218' title='bbox 1448 2528 1628 2599; x_wconf 88' lang='grc' dir='ltr'>κρίσει</span> <span class='ocrx_word' id='word_1_219' title='bbox 1664 2525 1909 2598; x_wconf 80' lang='grc' dir='ltr'>τιμώμε-</span> 
     </span>
    </p>
   </div>
   <div class='ocr_carea' id='block_1_29' title="bbox 322 2616 1907 2695">
    <p class='ocr_par' dir='ltr' id='par_1_29' title="bbox 322 2616 1907 2695">
     <span class='ocr_line' id='line_1_29' title="bbox 322 2616 1907 2695; baseline -0.008 -14"><span class='ocrx_word' id='word_1_220' title='bbox 322 2643 426 2681; x_wconf 88' lang='grc' dir='ltr'>νοι.</span> <span class='ocrx_word' id='word_1_221' title='bbox 472 2624 609 2679; x_wconf 79' lang='grc' dir='ltr'>Ἀλλ’</span> <span class='ocrx_word' id='word_1_222' title='bbox 637 2625 759 2678; x_wconf 79' lang='grc' dir='ltr'>ἐπεὶ</span> <span class='ocrx_word' id='word_1_223' title='bbox 789 2624 850 2678; x_wconf 84' lang='grc' dir='ltr'>τὸ</span> <span class='ocrx_word' id='word_1_224' title='bbox 882 2622 1111 2677; x_wconf 76' lang='grc' dir='ltr'>ἑκάστου</span> <span class='ocrx_word' id='word_1_225' title='bbox 1144 2620 1306 2695; x_wconf 70' lang='grc' dir='ltr'>ἔργον</span> <span class='ocrx_word' id='word_1_226' title='bbox 1344 2619 1527 2674; x_wconf 80' lang='grc' dir='ltr'>ὁποῖόν</span> <span class='ocrx_word' id='word_1_227' title='bbox 1558 2621 1672 2672; x_wconf 85' lang='grc' dir='ltr'>ἐστι</span> <span class='ocrx_word' id='word_1_228' title='bbox 1705 2618 1765 2670; x_wconf 70' lang='grc' dir='ltr'>τὸ</span> <span class='ocrx_word' id='word_1_229' title='bbox 1796 2616 1907 2689; x_wconf 88' lang='grc' dir='ltr'>πῦρ</span> 
     </span>
    </p>
   </div>
   <div class='ocr_carea' id='block_1_30' title="bbox 322 2709 1909 2787">
    <p class='ocr_par' dir='ltr' id='par_1_30' title="bbox 322 2709 1909 2787">
     <span class='ocr_line' id='line_1_30' title="bbox 322 2709 1909 2787; baseline -0.007 -17"><span class='ocrx_word' id='word_1_230' title='bbox 322 2715 630 2787; x_wconf 71' lang='grc' dir='ltr'>δοκιμάσει,</span> <span class='ocrx_word' id='word_1_231' title='bbox 672 2713 864 2767; x_wconf 86' lang='grc' dir='ltr'>τούτου</span> <span class='ocrx_word' id='word_1_232' title='bbox 900 2713 1058 2785; x_wconf 82' lang='grc' dir='ltr'>χάριν</span> <span class='ocrx_word' id='word_1_233' title='bbox 1107 2711 1356 2766; x_wconf 82' lang='grc' dir='ltr'>καθεῖναι</span> <span class='ocrx_word' id='word_1_234' title='bbox 1408 2709 1627 2773; x_wconf 74' lang='grc' dir='ltr'>αὐτοὺς,</span> <span class='ocrx_word' id='word_1_235' title='bbox 1668 2727 1686 2758; x_wconf 80' lang='grc' dir='ltr'>ι</span> <span class='ocrx_word' id='word_1_236' title='bbox 1726 2709 1804 2771; x_wconf 86' lang='grc' dir='ltr'>εἰς</span> <span class='ocrx_word' id='word_1_237' title='bbox 1849 2709 1909 2760; x_wconf 86' lang='grc' dir='ltr'>τὸ</span> 
     </span>
    </p>
   </div>
   <div class='ocr_carea' id='block_1_31' title="bbox 323 2798 1909 2880">
    <p class='ocr_par' dir='ltr' id='par_1_31' title="bbox 323 2798 1909 2880">
     <span class='ocr_line' id='line_1_31' title="bbox 323 2798 1909 2880; baseline -0.008 -18"><span class='ocrx_word' id='word_1_238' title='bbox 323 2808 706 2880; x_wconf 80' lang='grc' dir='ltr'>χωνευτήριον,</span> <span class='ocrx_word' id='word_1_239' title='bbox 746 2825 765 2857; x_wconf 72' lang='grc' dir='ltr'>ι</span> <span class='ocrx_word' id='word_1_240' title='bbox 801 2803 946 2858; x_wconf 86' lang='grc' dir='ltr'>τοῦτ’</span> <span class='ocrx_word' id='word_1_241' title='bbox 976 2803 1121 2858; x_wconf 74' lang='grc' dir='ltr'>ἐστιν</span> <span class='ocrx_word' id='word_1_242' title='bbox 1145 2805 1226 2868; x_wconf 86' lang='grc' dir='ltr'>είς</span> <span class='ocrx_word' id='word_1_243' title='bbox 1253 2802 1314 2856; x_wconf 83' lang='grc' dir='ltr'>τὸ</span> <span class='ocrx_word' id='word_1_244' title='bbox 1339 2801 1439 2873; x_wconf 90' lang='grc' dir='ltr'>τῆς</span> <span class='ocrx_word' id='word_1_245' title='bbox 1468 2800 1698 2873; x_wconf 80' lang='grc' dir='ltr'>κρίσεως</span> <span class='ocrx_word' id='word_1_246' title='bbox 1728 2798 1821 2852; x_wconf 72' lang='grc' dir='ltr'>καὶ</span> <span class='ocrx_word' id='word_1_247' title='bbox 1848 2798 1909 2851; x_wconf 85' lang='grc' dir='ltr'>τὸ</span> 
     </span>
    </p>
   </div>
   <div class='ocr_carea' id='block_1_32' title="bbox 320 2889 1907 2973">
    <p class='ocr_par' dir='ltr' id='par_1_32' title="bbox 320 2889 1907 2973">
     <span class='ocr_line' id='line_1_32' title="bbox 320 2889 1907 2973; baseline -0.01 -15"><span class='ocrx_word' id='word_1_248' title='bbox 320 2901 423 2973; x_wconf 82' lang='grc' dir='ltr'>τῆς</span> <span class='ocrx_word' id='word_1_249' title='bbox 451 2899 726 2964; x_wconf 82' lang='grc' dir='ltr'>κολάσεως</span> <span class='ocrx_word' id='word_1_250' title='bbox 772 2899 904 2971; x_wconf 83' lang='grc' dir='ltr'>πῦρ,</span> <span class='ocrx_word' id='word_1_251' title='bbox 940 2900 969 2951; x_wconf 89' lang='grc' dir='ltr'>ό</span> <span class='ocrx_word' id='word_1_252' title='bbox 1019 2897 1223 2968; x_wconf 81' lang='grc' dir='ltr'>Κύριος</span> <span class='ocrx_word' id='word_1_253' title='bbox 1258 2895 1626 2968; x_wconf 88' lang='grc' dir='ltr'>προστάσσει·</span> <span class='ocrx_word' id='word_1_254' title='bbox 1662 2891 1813 2954; x_wconf 87' lang='grc' dir='ltr'>τίνας</span> <span class='ocrx_word' id='word_1_255' title='bbox 1850 2889 1907 2943; x_wconf 85' lang='grc' dir='ltr'>δέ</span> 
     </span>
    </p>
   </div>
   <div class='ocr_carea' id='block_1_33' title="bbox 326 2984 1908 3067">
    <p class='ocr_par' dir='ltr' id='par_1_33' title="bbox 326 2984 1908 3067">
     <span class='ocr_line' id='line_1_33' title="bbox 326 2984 1908 3067; baseline -0.008 -15"><span class='ocrx_word' id='word_1_256' title='bbox 326 2996 588 3067; x_wconf 64' lang='grc' dir='ltr'>αὐτοὶ»ςῆ</span> <span class='ocrx_word' id='word_1_257' title='bbox 626 2996 753 3057; x_wconf 79' lang='grc' dir='ltr'>τοὺς</span> <span class='ocrx_word' id='word_1_258' title='bbox 796 2991 1287 3053; x_wconf 85' lang='grc' dir='ltr'>ἐπιϐουλεύσαντας</span> <span class='ocrx_word' id='word_1_259' title='bbox 1321 2986 1504 3059; x_wconf 74' lang='grc' dir='ltr'>αύτῷς</span> <span class='ocrx_word' id='word_1_260' title='bbox 1551 2987 1660 3040; x_wconf 78' lang='grc' dir='ltr'>Καὶ</span> <span class='ocrx_word' id='word_1_261' title='bbox 1711 2984 1908 3056; x_wconf 66' lang='grc' dir='ltr'>σκέψαι</span> 
     </span>
    </p>
   </div>
   <div class='ocr_carea' id='block_1_34' title="bbox 322 3078 1910 3162">
    <p class='ocr_par' dir='ltr' id='par_1_34' title="bbox 322 3078 1910 3162">
     <span class='ocr_line' id='line_1_34' title="bbox 322 3078 1910 3162; baseline -0.011 -15"><span class='ocrx_word' id='word_1_262' title='bbox 322 3092 403 3157; x_wconf 74' lang='grc' dir='ltr'>δὲ,</span> <span class='ocrx_word' id='word_1_263' title='bbox 432 3090 618 3162; x_wconf 66' lang='grc' dir='ltr'>φησιν,</span> <span class='ocrx_word' id='word_1_264' title='bbox 647 3091 696 3142; x_wconf 86' lang='grc' dir='ltr'>εί</span> <span class='ocrx_word' id='word_1_265' title='bbox 737 3085 957 3158; x_wconf 86' lang='grc' dir='ltr'>δόκιμόν</span> <span class='ocrx_word' id='word_1_266' title='bbox 984 3086 1152 3150; x_wconf 81' lang='grc' dir='ltr'>ἐστιν,</span> <span class='ocrx_word' id='word_1_267' title='bbox 1181 3082 1338 3153; x_wconf 66' lang='grc' dir='ltr'>δῆλον</span> <span class='ocrx_word' id='word_1_268' title='bbox 1380 3080 1426 3135; x_wconf 86' lang='grc' dir='ltr'>δ’</span> <span class='ocrx_word' id='word_1_269' title='bbox 1459 3081 1541 3133; x_wconf 84' lang='grc' dir='ltr'>ὅτι</span> <span class='ocrx_word' id='word_1_270' title='bbox 1568 3078 1628 3133; x_wconf 80' lang='grc' dir='ltr'>τὸ</span> <span class='ocrx_word' id='word_1_271' title='bbox 1665 3078 1783 3132; x_wconf 83' lang='grc' dir='ltr'>κατ’</span> <span class='ocrx_word' id='word_1_272' title='bbox 1811 3078 1910 3131; x_wconf 78' lang='grc' dir='ltr'>αὐ·-</span> 
     </span>
    </p>
   </div>
   <div class='ocr_carea' id='block_1_35' title="bbox 322 3169 1904 3256">
    <p class='ocr_par' dir='ltr' id='par_1_35' title="bbox 322 3169 1904 3256">
     <span class='ocr_line' id='line_1_35' title="bbox 322 3169 1904 3256; baseline -0.01 -18"><span class='ocrx_word' id='word_1_273' title='bbox 322 3183 417 3239; x_wconf 89' lang='grc' dir='ltr'>τοῦ</span> <span class='ocrx_word' id='word_1_274' title='bbox 442 3180 670 3256; x_wconf 85' lang='grc' dir='ltr'>δρασθέν</span> <span class='ocrx_word' id='word_1_275' title='bbox 710 3180 893 3242; x_wconf 82' lang='grc' dir='ltr'>αὐτοῖς</span> <span class='ocrx_word' id='word_1_276' title='bbox 911 3195 923 3208; x_wconf 93' lang='grc'><strong>·</strong></span> <span class='ocrx_word' id='word_1_277' title='bbox 956 3176 1103 3246; x_wconf 80' lang='grc' dir='ltr'>λέγει</span> <span class='ocrx_word' id='word_1_278' title='bbox 1145 3173 1203 3228; x_wconf 79' lang='grc' dir='ltr'>δὲ</span> <span class='ocrx_word' id='word_1_279' title='bbox 1234 3172 1432 3237; x_wconf 78' lang='grc' dir='ltr'>αὐτοὺς</span> <span class='ocrx_word' id='word_1_280' title='bbox 1465 3172 1523 3225; x_wconf 84' lang='grc' dir='ltr'>ἐν</span> <span class='ocrx_word' id='word_1_281' title='bbox 1553 3169 1633 3241; x_wconf 81' lang='grc' dir='ltr'>τῷ</span> <span class='ocrx_word' id='word_1_282' title='bbox 1658 3174 1790 3242; x_wconf 80' lang='grc' dir='ltr'>πυρὶ</span> <span class='ocrx_word' id='word_1_283' title='bbox 1820 3170 1904 3223; x_wconf 84' lang='grc' dir='ltr'>δο-</span> 
     </span>
    </p>
   </div>
   <div class='ocr_carea' id='block_1_36' title="bbox 325 3235 1972 3349">
    <p class='ocr_par' dir='ltr' id='par_1_36' title="bbox 325 3235 1972 3349">
     <span class='ocr_line' id='line_1_36' title="bbox 325 3235 1972 3349; baseline -0.012 -17"><span class='ocrx_word' id='word_1_284' title='bbox 325 3235 783 3349; x_wconf 70' lang='grc' dir='ltr'>κιμασθήσεσθαι,</span> <span class='ocrx_word' id='word_1_285' title='bbox 812 3235 890 3324; x_wconf 66' lang='grc' dir='ltr'>ὃν⁷</span> <span class='ocrx_word' id='word_1_286' title='bbox 922 3235 1123 3342; x_wconf 81' lang='grc' dir='ltr'>τρόπον</span> <span class='ocrx_word' id='word_1_287' title='bbox 1166 3266 1263 3320; x_wconf 75' lang='grc' dir='ltr'>καὶ</span> <span class='ocrx_word' id='word_1_288' title='bbox 1303 3235 1467 3328; x_wconf 71' lang='grc' dir='ltr'>αὑτός</span> <span class='ocrx_word' id='word_1_289' title='bbox 1508 3265 1537 3316; x_wconf 88' lang='grc' dir='ltr'>ό</span> <span class='ocrx_word' id='word_1_290' title='bbox 1579 3235 1784 3335; x_wconf 59' lang='grc' dir='ltr'>Κύριος</span> <span class='ocrx_word' id='word_1_291' title='bbox 1815 3260 1905 3315; x_wconf 76' lang='grc' dir='ltr'>διά</span> <span class='ocrx_word' id='word_1_292' title='bbox 1931 3235 1972 3295; x_wconf 77' lang='lat' dir='ltr'><strong><em>C</em></strong></span> 
     </span>
    </p>
   </div>
   <div class='ocr_carea' id='block_1_37' title="bbox 322 3353 1903 3439">
    <p class='ocr_par' dir='ltr' id='par_1_37' title="bbox 322 3353 1903 3439">
     <span class='ocr_line' id='line_1_37' title="bbox 322 3353 1903 3439; baseline -0.01 -17"><span class='ocrx_word' id='word_1_293' title='bbox 322 3368 425 3439; x_wconf 84' lang='grc' dir='ltr'>τῆς</span> <span class='ocrx_word' id='word_1_294' title='bbox 451 3369 529 3430; x_wconf 84' lang='grc' dir='ltr'>είς</span> <span class='ocrx_word' id='word_1_295' title='bbox 557 3366 735 3437; x_wconf 85' lang='grc' dir='ltr'>σάρκα</span> <span class='ocrx_word' id='word_1_296' title='bbox 764 3360 1057 3433; x_wconf 84' lang='grc' dir='ltr'>ἐπιδημίας</span> <span class='ocrx_word' id='word_1_297' title='bbox 1084 3358 1179 3415; x_wconf 72' lang='grc' dir='ltr'>καὶ</span> <span class='ocrx_word' id='word_1_298' title='bbox 1210 3355 1304 3412; x_wconf 87' lang='grc' dir='ltr'>τοῦ</span> <span class='ocrx_word' id='word_1_299' title='bbox 1334 3354 1539 3419; x_wconf 86' lang='grc' dir='ltr'>πάθους</span> <span class='ocrx_word' id='word_1_300' title='bbox 1570 3353 1903 3425; x_wconf 75' lang='grc' dir='ltr'>ἐδοκιμάσθη</span> 
     </span>
    </p>
   </div>
   <div class='ocr_carea' id='block_1_38' title="bbox 326 3445 1902 3533">
    <p class='ocr_par' dir='ltr' id='par_1_38' title="bbox 326 3445 1902 3533">
     <span class='ocr_line' id='line_1_38' title="bbox 326 3445 1902 3533; baseline -0.01 -18"><span class='ocrx_word' id='word_1_301' title='bbox 326 3462 467 3533; x_wconf 77' lang='grc' dir='ltr'>ὑπὲρ</span> <span class='ocrx_word' id='word_1_302' title='bbox 513 3457 723 3515; x_wconf 81' lang='grc' dir='ltr'>αὐτῶν·</span> <span class='ocrx_word' id='word_1_303' title='bbox 769 3456 864 3511; x_wconf 54' lang='grc' dir='ltr'>καὶ⁸</span> <span class='ocrx_word' id='word_1_304' title='bbox 904 3453 1012 3526; x_wconf 81' lang='grc' dir='ltr'>γὰρ</span> <span class='ocrx_word' id='word_1_305' title='bbox 1052 3453 1118 3524; x_wconf 86' lang='grc' dir='ltr'>δὴ</span> <span class='ocrx_word' id='word_1_306' title='bbox 1162 3448 1587 3522; x_wconf 79' lang='grc' dir='ltr'>προηγουμένως</span> <span class='ocrx_word' id='word_1_307' title='bbox 1629 3445 1902 3519; x_wconf 83' lang='grc' dir='ltr'>ἐνηνθρὼ-</span> 
     </span>
    </p>
   </div>
   <div class='ocr_carea' id='block_1_39' title="bbox 324 3540 1904 3626">
    <p class='ocr_par' dir='ltr' id='par_1_39' title="bbox 324 3540 1904 3626">
     <span class='ocr_line' id='line_1_39' title="bbox 324 3540 1904 3626; baseline -0.01 -18"><span class='ocrx_word' id='word_1_308' title='bbox 324 3572 490 3626; x_wconf 84' lang='grc' dir='ltr'>πησε,</span> <span class='ocrx_word' id='word_1_309' title='bbox 523 3553 615 3606; x_wconf 75' lang='grc' dir='ltr'>καὶ</span> <span class='ocrx_word' id='word_1_310' title='bbox 646 3548 912 3605; x_wconf 77' lang='grc' dir='ltr'>πέπονθεν</span> <span class='ocrx_word' id='word_1_311' title='bbox 937 3547 1080 3619; x_wconf 81' lang='grc' dir='ltr'>ὑπὲρ</span> <span class='ocrx_word' id='word_1_312' title='bbox 1110 3543 1384 3616; x_wconf 87' lang='grc' dir='ltr'>σωτηρίας</span> <span class='ocrx_word' id='word_1_313' title='bbox 1413 3541 1522 3596; x_wconf 90' lang='grc' dir='ltr'>τῶν</span> <span class='ocrx_word' id='word_1_314' title='bbox 1548 3540 1904 3595; x_wconf 86' lang='grc' dir='ltr'>ἀπολωλότων</span> 
     </span>
    </p>
   </div>
   <div class='ocr_carea' id='block_1_40' title="bbox 328 3631 1901 3720">
    <p class='ocr_par' dir='ltr' id='par_1_40' title="bbox 328 3631 1901 3720">
     <span class='ocr_line' id='line_1_40' title="bbox 328 3631 1901 3720; baseline -0.011 -17"><span class='ocrx_word' id='word_1_315' title='bbox 328 3648 616 3720; x_wconf 82' lang='grc' dir='ltr'>προϐάτων</span> <span class='ocrx_word' id='word_1_316' title='bbox 632 3646 780 3701; x_wconf 76' lang='grc' dir='ltr'>οἴκου</span> <span class='ocrx_word' id='word_1_317' title='bbox 796 3642 1037 3714; x_wconf 84' lang='grc' dir='ltr'>Ἰσραήλ.</span> <span class='ocrx_word' id='word_1_318' title='bbox 1064 3638 1288 3701; x_wconf 83' lang='grc' dir='ltr'>Τούτοις</span> <span class='ocrx_word' id='word_1_319' title='bbox 1304 3635 1433 3706; x_wconf 81' lang='grc' dir='ltr'>ἑξῆς</span> <span class='ocrx_word' id='word_1_320' title='bbox 1455 3635 1550 3689; x_wconf 75' lang='grc' dir='ltr'>καὶ</span> <span class='ocrx_word' id='word_1_321' title='bbox 1565 3633 1663 3707; x_wconf 83' lang='grc' dir='ltr'>τὴν</span> <span class='ocrx_word' id='word_1_322' title='bbox 1684 3632 1824 3705; x_wconf 83' lang='grc' dir='ltr'>μετὰ</span> <span class='ocrx_word' id='word_1_323' title='bbox 1841 3631 1901 3686; x_wconf 83' lang='grc' dir='ltr'>τὺ</span> 
     </span>
    </p>
   </div>
   <div class='ocr_carea' id='block_1_41' title="bbox 329 3726 1905 3813">
    <p class='ocr_par' dir='ltr' id='par_1_41' title="bbox 329 3726 1905 3813">
     <span class='ocr_line' id='line_1_41' title="bbox 329 3726 1905 3813; baseline -0.011 -18"><span class='ocrx_word' id='word_1_324' title='bbox 329 3740 501 3807; x_wconf 85' lang='grc' dir='ltr'>πάθος</span> <span class='ocrx_word' id='word_1_325' title='bbox 528 3740 620 3794; x_wconf 88' lang='grc' dir='ltr'>τοῦ</span> <span class='ocrx_word' id='word_1_326' title='bbox 639 3739 888 3813; x_wconf 78' lang='grc' dir='ltr'>Σωτῆρος</span> <span class='ocrx_word' id='word_1_327' title='bbox 915 3738 949 3809; x_wconf 83' lang='grc' dir='ltr'><strong>ή</strong></span> <span class='ocrx_word' id='word_1_328' title='bbox 958 3734 1072 3808; x_wconf 91' lang='grc' dir='ltr'>μῶν</span> <span class='ocrx_word' id='word_1_329' title='bbox 1100 3729 1374 3802; x_wconf 82' lang='grc' dir='ltr'>ἀποϐολὴν</span> <span class='ocrx_word' id='word_1_330' title='bbox 1402 3727 1583 3784; x_wconf 84' lang='grc' dir='ltr'>αὐτῶν</span> <span class='ocrx_word' id='word_1_331' title='bbox 1621 3726 1905 3799; x_wconf 88' lang='grc' dir='ltr'>σημαίνων</span> 
     </span>
    </p>
   </div>
   <div class='ocr_carea' id='block_1_42' title="bbox 326 3817 1904 3903">
    <p class='ocr_par' dir='ltr' id='par_1_42' title="bbox 326 3817 1904 3903">
     <span class='ocr_line' id='line_1_42' title="bbox 326 3817 1904 3903; baseline -0.01 -16"><span class='ocrx_word' id='word_1_332' title='bbox 326 3833 538 3902; x_wconf 84' lang='grc' dir='ltr'>όΛόγος</span> <span class='ocrx_word' id='word_1_333' title='bbox 567 3832 719 3903; x_wconf 80' lang='grc' dir='ltr'>φησὶ,</span> <span class='ocrx_word' id='word_1_334' title='bbox 752 3849 770 3881; x_wconf 79' lang='grc' dir='ltr'>ι</span> <span class='ocrx_word' id='word_1_335' title='bbox 800 3829 896 3884; x_wconf 76' lang='grc' dir='ltr'>καὶ</span> <span class='ocrx_word' id='word_1_336' title='bbox 916 3825 1196 3901; x_wconf 76' lang='grc' dir='ltr'>ἀπέρριψα</span> <span class='ocrx_word' id='word_1_337' title='bbox 1213 3822 1311 3896; x_wconf 80' lang='grc' dir='ltr'>τὴν</span> <span class='ocrx_word' id='word_1_338' title='bbox 1343 3821 1537 3894; x_wconf 80' lang='grc' dir='ltr'>ῥάϐδον</span> <span class='ocrx_word' id='word_1_339' title='bbox 1577 3818 1676 3891; x_wconf 80' lang='grc' dir='ltr'>τὴν</span> <span class='ocrx_word' id='word_1_340' title='bbox 1717 3817 1904 3872; x_wconf 82' lang='grc' dir='ltr'>δευτέ-</span> 
     </span>
    </p>
   </div>
   <div class='ocr_carea' id='block_1_43' title="bbox 2015 497 3595 572">
    <p class='ocr_par' dir='ltr' id='par_1_43' title="bbox 2015 497 3595 572">
     <span class='ocr_line' id='line_1_43' title="bbox 2015 497 3595 572; baseline -0.001 -17"><span class='ocrx_word' id='word_1_341' title='bbox 2015 514 2164 555; x_wconf 66' lang='lat' dir='ltr'><strong>neos</strong></span> <span class='ocrx_word' id='word_1_342' title='bbox 2189 506 2414 572; x_wconf 81' lang='lat' dir='ltr'><strong>propter</strong></span> <span class='ocrx_word' id='word_1_343' title='bbox 2433 512 2621 554; x_wconf 81' lang='lat' dir='ltr'><strong>eorum</strong></span> <span class='ocrx_word' id='word_1_344' title='bbox 2656 513 2780 554; x_wconf 90' lang='lat' dir='ltr'>cum</span> <span class='ocrx_word' id='word_1_345' title='bbox 2804 497 3129 555; x_wconf 73' lang='lat' dir='ltr'><strong>Chananzeis</strong></span> <span class='ocrx_word' id='word_1_346' title='bbox 3157 499 3595 566; x_wconf 81' lang='lat' dir='ltr'><strong>similitudinem,</strong></span> 
     </span>
    </p>
   </div>
   <div class='ocr_carea' id='block_1_44' title="bbox 2010 589 3601 663">
    <p class='ocr_par' dir='ltr' id='par_1_44' title="bbox 2010 589 3601 663">
     <span class='ocr_line' id='line_1_44' title="bbox 2010 589 3601 663; baseline -0.001 -14"><span class='ocrx_word' id='word_1_347' title='bbox 2010 600 2194 649; x_wconf 78' lang='lat' dir='ltr'><strong>vocat.</strong></span> <span class='ocrx_word' id='word_1_348' title='bbox 2220 589 2519 663; x_wconf 74' lang='lat' dir='ltr'>Postquam</span> <span class='ocrx_word' id='word_1_349' title='bbox 2543 591 2711 660; x_wconf 85' lang='lat' dir='ltr'><strong>igitur</strong></span> <span class='ocrx_word' id='word_1_350' title='bbox 2744 593 3033 663; x_wconf 79' lang='lat' dir='ltr'><strong>prophetia</strong></span> <span class='ocrx_word' id='word_1_351' title='bbox 3055 590 3217 660; x_wconf 83' lang='lat' dir='ltr'><strong>dixit,</strong></span> <span class='ocrx_word' id='word_1_352' title='bbox 3245 612 3264 644; x_wconf 78' lang='grc' dir='ltr'>ι</span> <span class='ocrx_word' id='word_1_353' title='bbox 3297 591 3364 646; x_wconf 83' lang='grc' dir='ltr'>Ει</span> <span class='ocrx_word' id='word_1_354' title='bbox 3394 606 3601 663; x_wconf 85' lang='lat' dir='ltr'><strong>cogno-</strong></span> 
     </span>
    </p>
   </div>
   <div class='ocr_carea' id='block_1_45' title="bbox 2012 682 3601 755">
    <p class='ocr_par' dir='ltr' id='par_1_45' title="bbox 2012 682 3601 755">
     <span class='ocr_line' id='line_1_45' title="bbox 2012 682 3601 755; baseline -0.001 -13"><span class='ocrx_word' id='word_1_355' title='bbox 2012 692 2168 742; x_wconf 88' lang='lat' dir='ltr'><strong>scent</strong></span> <span class='ocrx_word' id='word_1_356' title='bbox 2192 682 2505 751; x_wconf 68' lang='lat' dir='ltr'><strong>Cbananaei,</strong></span> <span class='ocrx_word' id='word_1_357' title='bbox 2535 702 2551 736; x_wconf 80' lang='grc' dir='ltr'>ι</span> <span class='ocrx_word' id='word_1_358' title='bbox 2588 683 2797 754; x_wconf 82' lang='lat' dir='ltr'><strong>adjicit,</strong></span> <span class='ocrx_word' id='word_1_359' title='bbox 2820 699 2922 740; x_wconf 90' lang='lat' dir='ltr'>nos</span> <span class='ocrx_word' id='word_1_360' title='bbox 2949 685 3155 740; x_wconf 87' lang='lat' dir='ltr'>docens</span> <span class='ocrx_word' id='word_1_361' title='bbox 3183 698 3324 755; x_wconf 86' lang='lat' dir='ltr'><strong>quos</strong></span> <span class='ocrx_word' id='word_1_362' title='bbox 3351 683 3601 740; x_wconf 85' lang='lat' dir='ltr'><strong>indicare</strong></span> 
     </span>
    </p>
   </div>
   <div class='ocr_carea' id='block_1_46' title="bbox 2009 776 3628 849">
    <p class='ocr_par' dir='ltr' id='par_1_46' title="bbox 2009 776 3628 849">
     <span class='ocr_line' id='line_1_46' title="bbox 2009 776 3628 849; baseline -0.003 -14"><span class='ocrx_word' id='word_1_363' title='bbox 2009 779 2161 845; x_wconf 78' lang='lat' dir='ltr'><strong>velit,</strong></span> <span class='ocrx_word' id='word_1_364' title='bbox 2192 778 2452 849; x_wconf 88' lang='lat' dir='ltr'><strong>dicitque,</strong></span> <span class='ocrx_word' id='word_1_365' title='bbox 2479 794 2500 828; x_wconf 79' lang='grc' dir='ltr'>ι</span> <span class='ocrx_word' id='word_1_366' title='bbox 2540 792 2732 848; x_wconf 78' lang='lat' dir='ltr'>greges</span> <span class='ocrx_word' id='word_1_367' title='bbox 2780 791 2901 848; x_wconf 61' lang='lat' dir='ltr'><strong>quas</strong></span> <span class='ocrx_word' id='word_1_368' title='bbox 2951 776 3343 833; x_wconf 87' lang='lat' dir='ltr'><strong>custodiuntur</strong></span> <span class='ocrx_word' id='word_1_369' title='bbox 3383 777 3540 833; x_wconf 84' lang='lat' dir='ltr'><strong>mihi.</strong></span> <span class='ocrx_word' id='word_1_370' title='bbox 3573 796 3593 830; x_wconf 76' lang='grc' dir='ltr'>ι</span> <span class='ocrx_word' id='word_1_371' title='bbox 3622 778 3628 801; x_wconf 45' lang='grc' dir='ltr'><strong><em>θ</em></strong></span> 
     </span>
    </p>
   </div>
   <div class='ocr_carea' id='block_1_47' title="bbox 2009 868 3599 942">
    <p class='ocr_par' dir='ltr' id='par_1_47' title="bbox 2009 868 3599 942">
     <span class='ocr_line' id='line_1_47' title="bbox 2009 868 3599 942; baseline -0.001 -15"><span class='ocrx_word' id='word_1_372' title='bbox 2009 871 2144 939; x_wconf 71' lang='lat' dir='ltr'><strong>Quae</strong></span> <span class='ocrx_word' id='word_1_373' title='bbox 2173 878 2353 927; x_wconf 83' lang='lat' dir='ltr'><strong>autem</strong></span> <span class='ocrx_word' id='word_1_374' title='bbox 2373 876 2531 926; x_wconf 90' lang='lat' dir='ltr'><strong>erant</strong></span> <span class='ocrx_word' id='word_1_375' title='bbox 2562 870 2670 925; x_wconf 70' lang='lat' dir='ltr'><strong>illa:</strong></span> <span class='ocrx_word' id='word_1_376' title='bbox 2714 884 2927 942; x_wconf 86' lang='lat' dir='ltr'><strong>greges,</strong></span> <span class='ocrx_word' id='word_1_377' title='bbox 2957 870 3113 941; x_wconf 88' lang='lat' dir='ltr'><strong>prius</strong></span> <span class='ocrx_word' id='word_1_378' title='bbox 3141 868 3375 924; x_wconf 90' lang='lat' dir='ltr'><strong>Domino</strong></span> <span class='ocrx_word' id='word_1_379' title='bbox 3406 878 3599 925; x_wconf 86' lang='lat' dir='ltr'><strong>custo-</strong></span> 
     </span>
    </p>
   </div>
   <div class='ocr_carea' id='block_1_48' title="bbox 2012 958 3596 1033">
    <p class='ocr_par' dir='ltr' id='par_1_48' title="bbox 2012 958 3596 1033">
     <span class='ocr_line' id='line_1_48' title="bbox 2012 958 3596 1033; baseline -0.003 -13"><span class='ocrx_word' id='word_1_380' title='bbox 2012 964 2159 1029; x_wconf 70' lang='lat' dir='ltr'><strong>ditze,</strong></span> <span class='ocrx_word' id='word_1_381' title='bbox 2186 963 2294 1019; x_wconf 87' lang='lat' dir='ltr'><strong>nisi</strong></span> <span class='ocrx_word' id='word_1_382' title='bbox 2316 962 2756 1018; x_wconf 90' lang='lat' dir='ltr'><strong>circumcisionis</strong></span> <span class='ocrx_word' id='word_1_383' title='bbox 2799 961 3074 1033; x_wconf 82' lang='lat' dir='ltr'><strong>populus?</strong></span> <span class='ocrx_word' id='word_1_384' title='bbox 3100 976 3240 1032; x_wconf 89' lang='lat' dir='ltr'><strong>quos</strong></span> <span class='ocrx_word' id='word_1_385' title='bbox 3282 975 3430 1015; x_wconf 88' lang='lat' dir='ltr'><strong>nunc</strong></span> <span class='ocrx_word' id='word_1_386' title='bbox 3453 958 3596 1016; x_wconf 86' lang='lat' dir='ltr'>Cha-</span> 
     </span>
    </p>
   </div>
   <div class='ocr_carea' id='block_1_49' title="bbox 2011 1052 3594 1124">
    <p class='ocr_par' dir='ltr' id='par_1_49' title="bbox 2011 1052 3594 1124">
     <span class='ocr_line' id='line_1_49' title="bbox 2011 1052 3594 1124; baseline -0.004 -13"><span class='ocrx_word' id='word_1_387' title='bbox 2011 1070 2235 1113; x_wconf 71' lang='lat' dir='ltr'><strong>nanzeos</strong></span> <span class='ocrx_word' id='word_1_388' title='bbox 2270 1069 2471 1111; x_wconf 82' lang='lat' dir='ltr'><strong>vocans</strong></span> <span class='ocrx_word' id='word_1_389' title='bbox 2500 1052 2807 1124; x_wconf 82' lang='lat' dir='ltr'><strong>Scriptura,</strong></span> <span class='ocrx_word' id='word_1_390' title='bbox 2833 1053 2993 1124; x_wconf 89' lang='lat' dir='ltr'><strong>quasi</strong></span> <span class='ocrx_word' id='word_1_391' title='bbox 3027 1054 3095 1109; x_wconf 91' lang='lat' dir='ltr'>de</span> <span class='ocrx_word' id='word_1_392' title='bbox 3119 1052 3324 1109; x_wconf 85' lang='lat' dir='ltr'><strong>Christi</strong></span> <span class='ocrx_word' id='word_1_393' title='bbox 3358 1065 3594 1123; x_wconf 83' lang='lat' dir='ltr'><strong>persona</strong></span> 
     </span>
    </p>
   </div>
   <div class='ocr_carea' id='block_1_50' title="bbox 2012 1146 3705 1219">
    <p class='ocr_par' dir='ltr' id='par_1_50' title="bbox 2012 1146 3705 1219">
     <span class='ocr_line' id='line_1_50' title="bbox 2012 1146 3705 1219; baseline -0.002 -15"><span class='ocrx_word' id='word_1_394' title='bbox 2012 1147 2185 1214; x_wconf 83' lang='lat' dir='ltr'><strong>addit,</strong></span> <span class='ocrx_word' id='word_1_395' title='bbox 2218 1165 2238 1199; x_wconf 81' lang='grc' dir='ltr'>ι</span> <span class='ocrx_word' id='word_1_396' title='bbox 2280 1154 2335 1202; x_wconf 88' lang='lat' dir='ltr'>et</span> <span class='ocrx_word' id='word_1_397' title='bbox 2361 1146 2540 1202; x_wconf 86' lang='lat' dir='ltr'><strong>dicam</strong></span> <span class='ocrx_word' id='word_1_398' title='bbox 2582 1146 2651 1202; x_wconf 89' lang='lat' dir='ltr'>ad</span> <span class='ocrx_word' id='word_1_399' title='bbox 2678 1161 2775 1203; x_wconf 87' lang='lat' dir='ltr'>eos</span> <span class='ocrx_word' id='word_1_400' title='bbox 2812 1166 2831 1200; x_wconf 73' lang='grc' dir='ltr'>ι</span> <span class='ocrx_word' id='word_1_401' title='bbox 2859 1162 2983 1219; x_wconf 70' lang='lat' dir='ltr'><strong>quae</strong></span> <span class='ocrx_word' id='word_1_402' title='bbox 3011 1148 3214 1218; x_wconf 81' lang='lat' dir='ltr'><strong>scripta</strong></span> <span class='ocrx_word' id='word_1_403' title='bbox 3272 1154 3430 1211; x_wconf 89' lang='lat' dir='ltr'><strong>sunt,</strong></span> <span class='ocrx_word' id='word_1_404' title='bbox 3475 1160 3598 1218; x_wconf 66' lang='lat' dir='ltr'><strong>qua</strong></span> <span class='ocrx_word' id='word_1_405' title='bbox 3690 1206 3705 1215; x_wconf 49' lang='grc'><em>,</em></span> 
     </span>
    </p>
   </div>
   <div class='ocr_carea' id='block_1_51' title="bbox 2010 1238 3597 1311">
    <p class='ocr_par' dir='ltr' id='par_1_51' title="bbox 2010 1238 3597 1311">
     <span class='ocr_line' id='line_1_51' title="bbox 2010 1238 3597 1311; baseline -0.001 -15"><span class='ocrx_word' id='word_1_406' title='bbox 2010 1247 2064 1297; x_wconf 89' lang='lat' dir='ltr'>et</span> <span class='ocrx_word' id='word_1_407' title='bbox 2092 1239 2275 1295; x_wconf 83' lang='lat' dir='ltr'>dicere</span> <span class='ocrx_word' id='word_1_408' title='bbox 2299 1245 2479 1308; x_wconf 85' lang='lat' dir='ltr'><strong>potest</strong></span> <span class='ocrx_word' id='word_1_409' title='bbox 2503 1238 2899 1295; x_wconf 82' lang='lat' dir='ltr'><strong>insidiantibus</strong></span> <span class='ocrx_word' id='word_1_410' title='bbox 2930 1238 3057 1305; x_wconf 89' lang='lat' dir='ltr'><strong>sibi,</strong></span> <span class='ocrx_word' id='word_1_411' title='bbox 3081 1238 3243 1311; x_wconf 88' lang='lat' dir='ltr'><strong>quasi</strong></span> <span class='ocrx_word' id='word_1_412' title='bbox 3298 1240 3367 1294; x_wconf 88' lang='lat' dir='ltr'>ab</span> <span class='ocrx_word' id='word_1_413' title='bbox 3411 1238 3479 1294; x_wconf 92' lang='lat' dir='ltr'>iis</span> <span class='ocrx_word' id='word_1_414' title='bbox 3508 1253 3597 1294; x_wconf 85' lang='lat' dir='ltr'><strong>re-</strong></span> 
     </span>
    </p>
   </div>
   <div class='ocr_carea' id='block_1_52' title="bbox 2013 1330 3599 1407">
    <p class='ocr_par' dir='ltr' id='par_1_52' title="bbox 2013 1330 3599 1407">
     <span class='ocr_line' id='line_1_52' title="bbox 2013 1330 3599 1407; baseline -0.001 -20"><span class='ocrx_word' id='word_1_415' title='bbox 2013 1341 2204 1404; x_wconf 89' lang='lat' dir='ltr'><strong>petens</strong></span> <span class='ocrx_word' id='word_1_416' title='bbox 2236 1346 2461 1388; x_wconf 78' lang='lat' dir='ltr'><strong>suorum</strong></span> <span class='ocrx_word' id='word_1_417' title='bbox 2495 1331 2552 1387; x_wconf 88' lang='lat' dir='ltr'>in</span> <span class='ocrx_word' id='word_1_418' title='bbox 2606 1347 2703 1389; x_wconf 91' lang='lat' dir='ltr'>eos</span> <span class='ocrx_word' id='word_1_419' title='bbox 2741 1330 3132 1389; x_wconf 76' lang='lat' dir='ltr'><strong>beneficiorum</strong></span> <span class='ocrx_word' id='word_1_420' title='bbox 3163 1333 3469 1407; x_wconf 84' lang='lat' dir='ltr'><strong>mercedem</strong></span> <span class='ocrx_word' id='word_1_421' title='bbox 3489 1371 3505 1398; x_wconf 90' lang='lat'>,</span> <span class='ocrx_word' id='word_1_422' title='bbox 3534 1331 3599 1387; x_wconf 84' lang='lat' dir='ltr'><strong>tl-</strong></span> 
     </span>
    </p>
   </div>
   <div class='ocr_carea' id='block_1_53' title="bbox 2010 1425 3596 1497">
    <p class='ocr_par' dir='ltr' id='par_1_53' title="bbox 2010 1425 3596 1497">
     <span class='ocr_line' id='line_1_53' title="bbox 2010 1425 3596 1497; baseline 0 -17"><span class='ocrx_word' id='word_1_423' title='bbox 2010 1425 2135 1481; x_wconf 86' lang='lat' dir='ltr'><strong>dem</strong></span> <span class='ocrx_word' id='word_1_424' title='bbox 2171 1426 2383 1482; x_wconf 86' lang='lat' dir='ltr'><strong>scilicet</strong></span> <span class='ocrx_word' id='word_1_425' title='bbox 2415 1425 2471 1480; x_wconf 91' lang='lat' dir='ltr'>in</span> <span class='ocrx_word' id='word_1_426' title='bbox 2507 1440 2570 1482; x_wconf 84' lang='lat' dir='ltr'>se</span> <span class='ocrx_word' id='word_1_427' title='bbox 2593 1465 2608 1491; x_wconf 90' lang='lat'>,</span> <span class='ocrx_word' id='word_1_428' title='bbox 2657 1434 3193 1497; x_wconf 87' lang='lat' dir='ltr'><strong>consentaneamque</strong></span> <span class='ocrx_word' id='word_1_429' title='bbox 3226 1425 3351 1481; x_wconf 78' lang='lat' dir='ltr'><strong>ﬁdei</strong></span> <span class='ocrx_word' id='word_1_430' title='bbox 3398 1426 3596 1493; x_wconf 83' lang='lat' dir='ltr'><strong>vitam;</strong></span> 
     </span>
    </p>
   </div>
   <div class='ocr_carea' id='block_1_54' title="bbox 2013 1515 3599 1589">
    <p class='ocr_par' dir='ltr' id='par_1_54' title="bbox 2013 1515 3599 1589">
     <span class='ocr_line' id='line_1_54' title="bbox 2013 1515 3599 1589; baseline 0.001 -17"><span class='ocrx_word' id='word_1_431' title='bbox 2013 1517 2094 1572; x_wconf 89' lang='lat' dir='ltr'>sic</span> <span class='ocrx_word' id='word_1_432' title='bbox 2118 1516 2263 1574; x_wconf 90' lang='lat' dir='ltr'><strong>enim</strong></span> <span class='ocrx_word' id='word_1_433' title='bbox 2304 1517 2569 1589; x_wconf 74' lang='lat' dir='ltr'><strong>intelligo,</strong></span> <span class='ocrx_word' id='word_1_434' title='bbox 2601 1535 2620 1570; x_wconf 82' lang='grc' dir='ltr'>ι</span> <span class='ocrx_word' id='word_1_435' title='bbox 2661 1515 2852 1574; x_wconf 82' lang='lat' dir='ltr'><strong>all‘erte</strong></span> <span class='ocrx_word' id='word_1_436' title='bbox 2897 1518 3205 1574; x_wconf 87' lang='lat' dir='ltr'><strong>mercedem</strong></span> <span class='ocrx_word' id='word_1_437' title='bbox 3244 1532 3443 1575; x_wconf 86' lang='lat' dir='ltr'><strong>meam.</strong></span> <span class='ocrx_word' id='word_1_438' title='bbox 3478 1538 3499 1572; x_wconf 72' lang='grc' dir='ltr'>ι</span> <span class='ocrx_word' id='word_1_439' title='bbox 3533 1518 3599 1574; x_wconf 82' lang='lat' dir='ltr'><strong>Hi</strong></span> 
     </span>
    </p>
   </div>
   <div class='ocr_carea' id='block_1_55' title="bbox 2011 1611 3599 1682">
    <p class='ocr_par' dir='ltr' id='par_1_55' title="bbox 2011 1611 3599 1682">
     <span class='ocr_line' id='line_1_55' title="bbox 2011 1611 3599 1682; baseline -0.002 -15"><span class='ocrx_word' id='word_1_440' title='bbox 2011 1625 2164 1677; x_wconf 81' lang='lat' dir='ltr'><strong>vero,</strong></span> <span class='ocrx_word' id='word_1_441' title='bbox 2193 1611 2496 1668; x_wconf 86' lang='lat' dir='ltr'><strong>secundum</strong></span> <span class='ocrx_word' id='word_1_442' title='bbox 2536 1626 2601 1667; x_wconf 90' lang='lat' dir='ltr'>ea</span> <span class='ocrx_word' id='word_1_443' title='bbox 2623 1626 2747 1682; x_wconf 67' lang='lat' dir='ltr'><strong>quas</strong></span> <span class='ocrx_word' id='word_1_444' title='bbox 2777 1611 2915 1666; x_wconf 86' lang='lat' dir='ltr'><strong>alias</strong></span> <span class='ocrx_word' id='word_1_445' title='bbox 2944 1611 3012 1666; x_wconf 90' lang='lat' dir='ltr'>de</span> <span class='ocrx_word' id='word_1_446' title='bbox 3056 1611 3193 1682; x_wconf 86' lang='lat' dir='ltr'><strong>ipsis</strong></span> <span class='ocrx_word' id='word_1_447' title='bbox 3238 1611 3310 1667; x_wconf 89' lang='lat' dir='ltr'>ab</span> <span class='ocrx_word' id='word_1_448' title='bbox 3339 1626 3406 1667; x_wconf 88' lang='lat' dir='ltr'>eo</span> <span class='ocrx_word' id='word_1_449' title='bbox 3451 1612 3599 1667; x_wconf 86' lang='lat' dir='ltr'><strong>dicta</strong></span> 
     </span>
    </p>
   </div>
   <div class='ocr_carea' id='block_1_56' title="bbox 2013 1704 3595 1777">
    <p class='ocr_par' dir='ltr' id='par_1_56' title="bbox 2013 1704 3595 1777">
     <span class='ocr_line' id='line_1_56' title="bbox 2013 1704 3595 1777; baseline -0.001 -16"><span class='ocrx_word' id='word_1_450' title='bbox 2013 1712 2162 1772; x_wconf 90' lang='lat' dir='ltr'><strong>sunt,</strong></span> <span class='ocrx_word' id='word_1_451' title='bbox 2199 1724 2219 1757; x_wconf 76' lang='grc' dir='ltr'>ι</span> <span class='ocrx_word' id='word_1_452' title='bbox 2256 1704 2363 1761; x_wconf 86' lang='lat' dir='ltr'><strong>Pro</strong></span> <span class='ocrx_word' id='word_1_453' title='bbox 2384 1721 2451 1761; x_wconf 90' lang='lat' dir='ltr'>eo</span> <span class='ocrx_word' id='word_1_454' title='bbox 2482 1717 2543 1762; x_wconf 91' lang='lat' dir='ltr'>ut</span> <span class='ocrx_word' id='word_1_455' title='bbox 2567 1720 2654 1761; x_wconf 83' lang='lat' dir='ltr'>me</span> <span class='ocrx_word' id='word_1_456' title='bbox 2676 1704 2985 1777; x_wconf 87' lang='lat' dir='ltr'><strong>diligerent,</strong></span> <span class='ocrx_word' id='word_1_457' title='bbox 3012 1704 3375 1765; x_wconf 83' lang='lat' dir='ltr'><strong>detrahebant</strong></span> <span class='ocrx_word' id='word_1_458' title='bbox 3417 1705 3549 1760; x_wconf 86' lang='lat' dir='ltr'><strong>mihi</strong></span> <span class='ocrx_word' id='word_1_459' title='bbox 3580 1723 3595 1761; x_wconf 91' lang='lat'><strong>:</strong></span> 
     </span>
    </p>
   </div>
   <div class='ocr_carea' id='block_1_57' title="bbox 1941 1775 3597 1869">
    <p class='ocr_par' dir='ltr' id='par_1_57' title="bbox 1941 1775 3597 1869">
     <span class='ocr_line' id='line_1_57' title="bbox 1941 1775 3597 1869; baseline -0.001 -16"><span class='ocrx_word' id='word_1_460' title='bbox 1941 1775 1983 1829; x_wconf 76' lang='grc' dir='ltr'><strong><em>Β</em></strong></span> <span class='ocrx_word' id='word_1_461' title='bbox 2011 1812 2112 1868; x_wconf 88' lang='lat' dir='ltr'>ego</span> <span class='ocrx_word' id='word_1_462' title='bbox 2140 1804 2324 1852; x_wconf 86' lang='lat' dir='ltr'><strong>autem</strong></span> <span class='ocrx_word' id='word_1_463' title='bbox 2351 1796 2599 1854; x_wconf 83' lang='lat' dir='ltr'><strong>orabam.</strong></span> <span class='ocrx_word' id='word_1_464' title='bbox 2631 1797 2698 1851; x_wconf 87' lang='lat' dir='ltr'>Et</span> <span class='ocrx_word' id='word_1_465' title='bbox 2727 1775 3030 1869; x_wconf 85' lang='lat' dir='ltr'><strong>posuerunt</strong></span> <span class='ocrx_word' id='word_1_466' title='bbox 3052 1796 3343 1853; x_wconf 84' lang='lat' dir='ltr'><strong>adversum</strong></span> <span class='ocrx_word' id='word_1_467' title='bbox 3371 1812 3458 1853; x_wconf 90' lang='lat' dir='ltr'>me</span> <span class='ocrx_word' id='word_1_468' title='bbox 3481 1813 3597 1852; x_wconf 85' lang='lat' dir='ltr'><strong>ma-</strong></span> 
     </span>
    </p>
   </div>
   <div class='ocr_carea' id='block_1_58' title="bbox 2012 1888 3599 1962">
    <p class='ocr_par' dir='ltr' id='par_1_58' title="bbox 2012 1888 3599 1962">
     <span class='ocr_line' id='line_1_58' title="bbox 2012 1888 3599 1962; baseline -0.001 -17"><span class='ocrx_word' id='word_1_469' title='bbox 2012 1891 2062 1945; x_wconf 84' lang='lat' dir='ltr'>la</span> <span class='ocrx_word' id='word_1_470' title='bbox 2095 1905 2197 1960; x_wconf 88' lang='lat' dir='ltr'>pro</span> <span class='ocrx_word' id='word_1_471' title='bbox 2227 1889 2408 1955; x_wconf 88' lang='lat' dir='ltr'><strong>bonis,</strong></span> <span class='ocrx_word' id='word_1_472' title='bbox 2427 1897 2483 1946; x_wconf 86' lang='lat' dir='ltr'>et</span> <span class='ocrx_word' id='word_1_473' title='bbox 2509 1889 2694 1949; x_wconf 87' lang='lat' dir='ltr'><strong>odium</strong></span> <span class='ocrx_word' id='word_1_474' title='bbox 2722 1905 2826 1962; x_wconf 85' lang='lat' dir='ltr'>pro</span> <span class='ocrx_word' id='word_1_475' title='bbox 2853 1890 3145 1947; x_wconf 89' lang='lat' dir='ltr'><strong>dilectione</strong></span> <span class='ocrx_word' id='word_1_476' title='bbox 3174 1904 3292 1945; x_wconf 89' lang='lat' dir='ltr'>mea</span> <span class='ocrx_word' id='word_1_477' title='bbox 3325 1891 3389 1946; x_wconf 80' lang='grc'>⁷⁸.</span> <span class='ocrx_word' id='word_1_478' title='bbox 3422 1908 3442 1943; x_wconf 74' lang='grc' dir='ltr'>ι</span> <span class='ocrx_word' id='word_1_479' title='bbox 3471 1888 3599 1944; x_wconf 85' lang='lat' dir='ltr'><strong>Tri-</strong></span> 
     </span>
    </p>
   </div>
   <div class='ocr_carea' id='block_1_59' title="bbox 2008 1979 3597 2052">
    <p class='ocr_par' dir='ltr' id='par_1_59' title="bbox 2008 1979 3597 2052">
     <span class='ocr_line' id='line_1_59' title="bbox 2008 1979 3597 2052; baseline 0.001 -18"><span class='ocrx_word' id='word_1_480' title='bbox 2008 1979 2160 2051; x_wconf 87' lang='lat' dir='ltr'><strong>ginta</strong></span> <span class='ocrx_word' id='word_1_481' title='bbox 2189 1995 2447 2037; x_wconf 90' lang='lat' dir='ltr'><strong>nummos</strong></span> <span class='ocrx_word' id='word_1_482' title='bbox 2500 1988 2737 2036; x_wconf 84' lang='lat' dir='ltr'><strong>statutos</strong></span> <span class='ocrx_word' id='word_1_483' title='bbox 2790 1980 3061 2052; x_wconf 84' lang='lat' dir='ltr'><strong>proditori</strong></span> <span class='ocrx_word' id='word_1_484' title='bbox 3107 1979 3408 2044; x_wconf 91' lang='lat' dir='ltr'><strong>dederunt,</strong></span> <span class='ocrx_word' id='word_1_485' title='bbox 3459 1981 3597 2036; x_wconf 84' lang='lat' dir='ltr'><strong>tanti</strong></span> 
     </span>
    </p>
   </div>
   <div class='ocr_carea' id='block_1_60' title="bbox 2007 2071 3597 2142">
    <p class='ocr_par' dir='ltr' id='par_1_60' title="bbox 2007 2071 3597 2142">
     <span class='ocr_line' id='line_1_60' title="bbox 2007 2071 3597 2142; baseline 0.001 -14"><span class='ocrx_word' id='word_1_486' title='bbox 2007 2080 2131 2128; x_wconf 83' lang='lat' dir='ltr'>eum</span> <span class='ocrx_word' id='word_1_487' title='bbox 2169 2072 2493 2142; x_wconf 84' lang='lat' dir='ltr'><strong>impiissima</strong></span> <span class='ocrx_word' id='word_1_488' title='bbox 2550 2072 2912 2128; x_wconf 79' lang='lat' dir='ltr'><strong>aestimatione</strong></span> <span class='ocrx_word' id='word_1_489' title='bbox 2962 2072 3249 2129; x_wconf 86' lang='lat' dir='ltr'><strong>facientes.</strong></span> <span class='ocrx_word' id='word_1_490' title='bbox 3309 2071 3416 2128; x_wconf 89' lang='lat' dir='ltr'><strong>Sed</strong></span> <span class='ocrx_word' id='word_1_491' title='bbox 3466 2088 3597 2129; x_wconf 88' lang='lat' dir='ltr'>cum</span> 
     </span>
    </p>
   </div>
   <div class='ocr_carea' id='block_1_61' title="bbox 2006 2164 3595 2240">
    <p class='ocr_par' dir='ltr' id='par_1_61' title="bbox 2006 2164 3595 2240">
     <span class='ocr_line' id='line_1_61' title="bbox 2006 2164 3595 2240; baseline 0 -20"><span class='ocrx_word' id='word_1_492' title='bbox 2006 2164 2273 2237; x_wconf 87' lang='lat' dir='ltr'><strong>cujusque</strong></span> <span class='ocrx_word' id='word_1_493' title='bbox 2299 2181 2439 2236; x_wconf 90' lang='lat' dir='ltr'><strong>opus</strong></span> <span class='ocrx_word' id='word_1_494' title='bbox 2471 2166 2633 2237; x_wconf 81' lang='lat' dir='ltr'><strong>quale</strong></span> <span class='ocrx_word' id='word_1_495' title='bbox 2665 2165 2739 2221; x_wconf 90' lang='lat' dir='ltr'>sit</span> <span class='ocrx_word' id='word_1_496' title='bbox 2769 2166 2894 2237; x_wconf 91' lang='lat' dir='ltr'><strong>igne</strong></span> <span class='ocrx_word' id='word_1_497' title='bbox 2916 2174 3003 2222; x_wconf 88' lang='lat' dir='ltr'>est</span> <span class='ocrx_word' id='word_1_498' title='bbox 3037 2166 3381 2240; x_wconf 88' lang='lat' dir='ltr'><strong>probandum</strong></span> <span class='ocrx_word' id='word_1_499' title='bbox 3404 2206 3420 2232; x_wconf 91' lang='lat'>,</span> <span class='ocrx_word' id='word_1_500' title='bbox 3471 2165 3595 2222; x_wconf 90' lang='lat' dir='ltr'><strong>ideo</strong></span> 
     </span>
    </p>
   </div>
   <div class='ocr_carea' id='block_1_62' title="bbox 2005 2255 3601 2331">
    <p class='ocr_par' dir='ltr' id='par_1_62' title="bbox 2005 2255 3601 2331">
     <span class='ocr_line' id='line_1_62' title="bbox 2005 2255 3601 2331; baseline 0.001 -18"><span class='ocrx_word' id='word_1_501' title='bbox 2005 2258 2277 2330; x_wconf 88' lang='lat' dir='ltr'><strong>projicere</strong></span> <span class='ocrx_word' id='word_1_502' title='bbox 2310 2273 2408 2315; x_wconf 89' lang='lat' dir='ltr'>eos</span> <span class='ocrx_word' id='word_1_503' title='bbox 2446 2258 2515 2315; x_wconf 88' lang='lat' dir='ltr'>ad</span> <span class='ocrx_word' id='word_1_504' title='bbox 2559 2255 2910 2325; x_wconf 79' lang='lat' dir='ltr'><strong>st&#39;atuarium,</strong></span> <span class='ocrx_word' id='word_1_505' title='bbox 2938 2259 2990 2315; x_wconf 92' lang='lat' dir='ltr'>id</span> <span class='ocrx_word' id='word_1_506' title='bbox 3047 2271 3132 2317; x_wconf 90' lang='lat' dir='ltr'>est</span> <span class='ocrx_word' id='word_1_507' title='bbox 3180 2260 3238 2315; x_wconf 91' lang='lat' dir='ltr'>in</span> <span class='ocrx_word' id='word_1_508' title='bbox 3289 2260 3485 2331; x_wconf 90' lang='lat' dir='ltr'><strong>judicii</strong></span> <span class='ocrx_word' id='word_1_509' title='bbox 3543 2268 3601 2316; x_wconf 89' lang='lat' dir='ltr'>et</span> 
     </span>
    </p>
   </div>
   <div class='ocr_carea' id='block_1_63' title="bbox 2007 2349 3601 2422">
    <p class='ocr_par' dir='ltr' id='par_1_63' title="bbox 2007 2349 3601 2422">
     <span class='ocr_line' id='line_1_63' title="bbox 2007 2349 3601 2422; baseline 0.001 -15"><span class='ocrx_word' id='word_1_510' title='bbox 2007 2351 2261 2421; x_wconf 88' lang='lat' dir='ltr'><strong>supplicii</strong></span> <span class='ocrx_word' id='word_1_511' title='bbox 2292 2350 2502 2420; x_wconf 88' lang='lat' dir='ltr'><strong>ignem,</strong></span> <span class='ocrx_word' id='word_1_512' title='bbox 2531 2349 2797 2407; x_wconf 90' lang='lat' dir='ltr'><strong>Dominus</strong></span> <span class='ocrx_word' id='word_1_513' title='bbox 2831 2351 3007 2422; x_wconf 89' lang='lat' dir='ltr'><strong>jubet.</strong></span> <span class='ocrx_word' id='word_1_514' title='bbox 3040 2351 3272 2418; x_wconf 87' lang='lat' dir='ltr'><strong>Quinam</strong></span> <span class='ocrx_word' id='word_1_515' title='bbox 3306 2367 3439 2406; x_wconf 81' lang='lat' dir='ltr'><strong>vero</strong></span> <span class='ocrx_word' id='word_1_516' title='bbox 3469 2363 3601 2408; x_wconf 87' lang='lat' dir='ltr'><strong>sunt</strong></span> 
     </span>
    </p>
   </div>
   <div class='ocr_carea' id='block_1_64' title="bbox 2006 2432 3597 2516">
    <p class='ocr_par' dir='ltr' id='par_1_64' title="bbox 2006 2432 3597 2516">
     <span class='ocr_line' id='line_1_64' title="bbox 2006 2432 3597 2516; baseline -0.001 -19"><span class='ocrx_word' id='word_1_517' title='bbox 2006 2442 2084 2508; x_wconf 89' lang='lat' dir='ltr'>ii,</span> <span class='ocrx_word' id='word_1_518' title='bbox 2115 2443 2223 2500; x_wconf 86' lang='lat' dir='ltr'><strong>nisi</strong></span> <span class='ocrx_word' id='word_1_519' title='bbox 2256 2443 2475 2499; x_wconf 85' lang='lat' dir='ltr'><strong>sibimet</strong></span> <span class='ocrx_word' id='word_1_520' title='bbox 2517 2444 2621 2515; x_wconf 86' lang='lat' dir='ltr'><strong>ipsi</strong></span> <span class='ocrx_word' id='word_1_521' title='bbox 2654 2432 3016 2500; x_wconf 66' lang='lat' dir='ltr'><strong>insidiantes?</strong></span> <span class='ocrx_word' id='word_1_522' title='bbox 3044 2445 3369 2516; x_wconf 84' lang='lat' dir='ltr'><strong>Appretiare</strong></span> <span class='ocrx_word' id='word_1_523' title='bbox 3418 2445 3597 2515; x_wconf 79' lang='lat' dir='ltr'><strong>jubet,</strong></span> 
     </span>
    </p>
   </div>
   <div class='ocr_carea' id='block_1_65' title="bbox 2006 2532 3600 2601">
    <p class='ocr_par' dir='ltr' id='par_1_65' title="bbox 2006 2532 3600 2601">
     <span class='ocr_line' id='line_1_65' title="bbox 2006 2532 3600 2601; baseline 0.001 -12"><span class='ocrx_word' id='word_1_524' title='bbox 2006 2533 2217 2589; x_wconf 87' lang='lat' dir='ltr'><strong>scilicet</strong></span> <span class='ocrx_word' id='word_1_525' title='bbox 2238 2532 2295 2587; x_wconf 88' lang='lat' dir='ltr'>in</span> <span class='ocrx_word' id='word_1_526' title='bbox 2317 2532 2385 2587; x_wconf 91' lang='lat' dir='ltr'>iis</span> <span class='ocrx_word' id='word_1_527' title='bbox 2411 2547 2533 2601; x_wconf 68' lang='lat' dir='ltr'><strong>quae</strong></span> <span class='ocrx_word' id='word_1_528' title='bbox 2564 2533 2827 2590; x_wconf 83' lang='lat' dir='ltr'><strong>adversus</strong></span> <span class='ocrx_word' id='word_1_529' title='bbox 2851 2549 2911 2589; x_wconf 89' lang='lat' dir='ltr'>se</span> <span class='ocrx_word' id='word_1_530' title='bbox 2933 2533 3293 2590; x_wconf 82' lang='lat' dir='ltr'><strong>admiserunt.</strong></span> <span class='ocrx_word' id='word_1_531' title='bbox 3334 2533 3476 2590; x_wconf 84' lang='lat' dir='ltr'><strong>Dicit</strong></span> <span class='ocrx_word' id='word_1_532' title='bbox 3501 2550 3600 2591; x_wconf 84' lang='lat' dir='ltr'>eos</span> 
     </span>
    </p>
   </div>
   <div class='ocr_carea' id='block_1_66' title="bbox 2008 2623 3599 2696">
    <p class='ocr_par' dir='ltr' id='par_1_66' title="bbox 2008 2623 3599 2696">
     <span class='ocr_line' id='line_1_66' title="bbox 2008 2623 3599 2696; baseline 0 -15"><span class='ocrx_word' id='word_1_533' title='bbox 2008 2627 2065 2681; x_wconf 88' lang='lat' dir='ltr'>in</span> <span class='ocrx_word' id='word_1_534' title='bbox 2093 2626 2217 2694; x_wconf 83' lang='lat' dir='ltr'><strong>igne</strong></span> <span class='ocrx_word' id='word_1_535' title='bbox 2239 2623 2553 2694; x_wconf 77' lang='lat' dir='ltr'><strong>probandos</strong></span> <span class='ocrx_word' id='word_1_536' title='bbox 2580 2640 2725 2691; x_wconf 87' lang='lat' dir='ltr'><strong>esse,</strong></span> <span class='ocrx_word' id='word_1_537' title='bbox 2755 2624 3215 2696; x_wconf 86' lang='lat' dir='ltr'><strong>quemadmodum</strong></span> <span class='ocrx_word' id='word_1_538' title='bbox 3261 2632 3317 2681; x_wconf 88' lang='lat' dir='ltr'>et</span> <span class='ocrx_word' id='word_1_539' title='bbox 3344 2626 3462 2695; x_wconf 90' lang='lat' dir='ltr'><strong>ipse</strong></span> <span class='ocrx_word' id='word_1_540' title='bbox 3496 2623 3599 2681; x_wconf 91' lang='lat' dir='ltr'><strong>Do-</strong></span> 
     </span>
    </p>
   </div>
   <div class='ocr_carea' id='block_1_67' title="bbox 2009 2717 3601 2789">
    <p class='ocr_par' dir='ltr' id='par_1_67' title="bbox 2009 2717 3601 2789">
     <span class='ocr_line' id='line_1_67' title="bbox 2009 2717 3601 2789; baseline 0.003 -18"><span class='ocrx_word' id='word_1_541' title='bbox 2009 2718 2190 2774; x_wconf 88' lang='lat' dir='ltr'><strong>minus</strong></span> <span class='ocrx_word' id='word_1_542' title='bbox 2216 2718 2273 2773; x_wconf 90' lang='lat' dir='ltr'>in</span> <span class='ocrx_word' id='word_1_543' title='bbox 2295 2717 2697 2773; x_wconf 81' lang='lat' dir='ltr'><strong>incarnationis</strong></span> <span class='ocrx_word' id='word_1_544' title='bbox 2731 2726 2787 2774; x_wconf 85' lang='lat' dir='ltr'>et</span> <span class='ocrx_word' id='word_1_545' title='bbox 2817 2719 3091 2789; x_wconf 88' lang='lat' dir='ltr'><strong>passionis</strong></span> <span class='ocrx_word' id='word_1_546' title='bbox 3143 2726 3388 2789; x_wconf 89' lang='lat' dir='ltr'><strong>tempore</strong></span> <span class='ocrx_word' id='word_1_547' title='bbox 3416 2719 3485 2774; x_wconf 89' lang='lat' dir='ltr'>ab</span> <span class='ocrx_word' id='word_1_548' title='bbox 3517 2719 3601 2776; x_wconf 90' lang='lat' dir='ltr'>eis</span> 
     </span>
    </p>
   </div>
   <div class='ocr_carea' id='block_1_68' title="bbox 2010 2811 3601 2885">
    <p class='ocr_par' dir='ltr' id='par_1_68' title="bbox 2010 2811 3601 2885">
     <span class='ocr_line' id='line_1_68' title="bbox 2010 2811 3601 2885; baseline 0.005 -19"><span class='ocrx_word' id='word_1_549' title='bbox 2010 2811 2270 2883; x_wconf 88' lang='lat' dir='ltr'><strong>probatus</strong></span> <span class='ocrx_word' id='word_1_550' title='bbox 2303 2820 2410 2870; x_wconf 91' lang='lat' dir='ltr'><strong>est.</strong></span> <span class='ocrx_word' id='word_1_551' title='bbox 2442 2811 2659 2869; x_wconf 87' lang='lat' dir='ltr'><strong>Etenim</strong></span> <span class='ocrx_word' id='word_1_552' title='bbox 2691 2813 2929 2884; x_wconf 88' lang='lat' dir='ltr'><strong>primum</strong></span> <span class='ocrx_word' id='word_1_553' title='bbox 2961 2814 3124 2870; x_wconf 84' lang='lat' dir='ltr'><strong>homo</strong></span> <span class='ocrx_word' id='word_1_554' title='bbox 3170 2814 3353 2870; x_wconf 79' lang='lat' dir='ltr'><strong>factus</strong></span> <span class='ocrx_word' id='word_1_555' title='bbox 3382 2822 3439 2872; x_wconf 92' lang='lat' dir='ltr'>et</span> <span class='ocrx_word' id='word_1_556' title='bbox 3471 2831 3601 2885; x_wconf 76' lang='lat' dir='ltr'><strong>pas-</strong></span> 
     </span>
    </p>
   </div>
   <div class='ocr_carea' id='block_1_69' title="bbox 2008 2903 3599 2974">
    <p class='ocr_par' dir='ltr' id='par_1_69' title="bbox 2008 2903 3599 2974">
     <span class='ocr_line' id='line_1_69' title="bbox 2008 2903 3599 2974; baseline 0.004 -16"><span class='ocrx_word' id='word_1_557' title='bbox 2008 2916 2106 2960; x_wconf 86' lang='lat' dir='ltr'>sus</span> <span class='ocrx_word' id='word_1_558' title='bbox 2127 2912 2212 2959; x_wconf 91' lang='lat' dir='ltr'>est</span> <span class='ocrx_word' id='word_1_559' title='bbox 2237 2918 2336 2974; x_wconf 87' lang='lat' dir='ltr'>pro</span> <span class='ocrx_word' id='word_1_560' title='bbox 2373 2903 2711 2974; x_wconf 87' lang='lat' dir='ltr'><strong>perditarum</strong></span> <span class='ocrx_word' id='word_1_561' title='bbox 2745 2903 2929 2959; x_wconf 86' lang='lat' dir='ltr'><strong>ovium</strong></span> <span class='ocrx_word' id='word_1_562' title='bbox 2969 2904 3165 2960; x_wconf 88' lang='lat' dir='ltr'><strong>domus</strong></span> <span class='ocrx_word' id='word_1_563' title='bbox 3193 2903 3360 2961; x_wconf 86' lang='lat' dir='ltr'><strong>lsrael</strong></span> <span class='ocrx_word' id='word_1_564' title='bbox 3399 2908 3599 2964; x_wconf 86' lang='lat' dir='ltr'><strong>salute.</strong></span> 
     </span>
    </p>
   </div>
   <div class='ocr_carea' id='block_1_70' title="bbox 2007 2993 3599 3069">
    <p class='ocr_par' dir='ltr' id='par_1_70' title="bbox 2007 2993 3599 3069">
     <span class='ocr_line' id='line_1_70' title="bbox 2007 2993 3599 3069; baseline 0.004 -19"><span class='ocrx_word' id='word_1_565' title='bbox 2007 2993 2108 3052; x_wconf 85' lang='lat' dir='ltr'>His</span> <span class='ocrx_word' id='word_1_566' title='bbox 2133 2994 2332 3052; x_wconf 89' lang='lat' dir='ltr'><strong>deinde</strong></span> <span class='ocrx_word' id='word_1_567' title='bbox 2356 3004 2483 3067; x_wconf 88' lang='lat' dir='ltr'><strong>post</strong></span> <span class='ocrx_word' id='word_1_568' title='bbox 2513 2995 2817 3052; x_wconf 79' lang='lat' dir='ltr'><strong>Salvatoris</strong></span> <span class='ocrx_word' id='word_1_569' title='bbox 2841 2997 3020 3053; x_wconf 88' lang='lat' dir='ltr'><strong>nostri</strong></span> <span class='ocrx_word' id='word_1_570' title='bbox 3061 2999 3369 3069; x_wconf 88' lang='lat' dir='ltr'><strong>passionem</strong></span> <span class='ocrx_word' id='word_1_571' title='bbox 3412 3014 3599 3069; x_wconf 79' lang='lat' dir='ltr'><strong>repro-</strong></span> 
     </span>
    </p>
   </div>
   <div class='ocr_carea' id='block_1_71' title="bbox 2008 3085 3602 3159">
    <p class='ocr_par' dir='ltr' id='par_1_71' title="bbox 2008 3085 3602 3159">
     <span class='ocr_line' id='line_1_71' title="bbox 2008 3085 3602 3159; baseline 0.001 -17"><span class='ocrx_word' id='word_1_572' title='bbox 2008 3087 2283 3144; x_wconf 87' lang='lat' dir='ltr'><strong>bationcm</strong></span> <span class='ocrx_word' id='word_1_573' title='bbox 2319 3102 2510 3144; x_wconf 89' lang='lat' dir='ltr'><strong>eorum</strong></span> <span class='ocrx_word' id='word_1_574' title='bbox 2543 3087 2796 3143; x_wconf 83' lang='lat' dir='ltr'><strong>indicans</strong></span> <span class='ocrx_word' id='word_1_575' title='bbox 2817 3085 3104 3157; x_wconf 83' lang='lat' dir='ltr'><strong>Scriptura</strong></span> <span class='ocrx_word' id='word_1_576' title='bbox 3131 3088 3281 3154; x_wconf 87' lang='lat' dir='ltr'><strong>dicit,</strong></span> <span class='ocrx_word' id='word_1_577' title='bbox 3339 3107 3359 3141; x_wconf 80' lang='grc' dir='ltr'>ι</span> <span class='ocrx_word' id='word_1_578' title='bbox 3388 3096 3442 3145; x_wconf 89' lang='lat' dir='ltr'>et</span> <span class='ocrx_word' id='word_1_579' title='bbox 3463 3104 3602 3159; x_wconf 73' lang='lat' dir='ltr'><strong>pm-</strong></span> 
     </span>
    </p>
   </div>
   <div class='ocr_carea' id='block_1_72' title="bbox 2010 3179 3601 3254">
    <p class='ocr_par' dir='ltr' id='par_1_72' title="bbox 2010 3179 3601 3254">
     <span class='ocr_line' id='line_1_72' title="bbox 2010 3179 3601 3254; baseline 0.001 -18"><span class='ocrx_word' id='word_1_580' title='bbox 2010 3179 2121 3236; x_wconf 90' lang='lat' dir='ltr'><strong>cidi</strong></span> <span class='ocrx_word' id='word_1_581' title='bbox 2145 3180 2358 3252; x_wconf 80' lang='lat' dir='ltr'><strong>virgam</strong></span> <span class='ocrx_word' id='word_1_582' title='bbox 2407 3194 2584 3236; x_wconf 86' lang='lat' dir='ltr'><strong>meam</strong></span> <span class='ocrx_word' id='word_1_583' title='bbox 2620 3180 2938 3236; x_wconf 89' lang='lat' dir='ltr'><strong>secundam.</strong></span> <span class='ocrx_word' id='word_1_584' title='bbox 2970 3200 2991 3233; x_wconf 75' lang='lat' dir='ltr'>a</span> <span class='ocrx_word' id='word_1_585' title='bbox 3025 3179 3158 3248; x_wconf 67' lang='lat' dir='ltr'><strong>Quae</strong></span> <span class='ocrx_word' id='word_1_586' title='bbox 3191 3182 3265 3237; x_wconf 83' lang='lat' dir='ltr'>sit</span> <span class='ocrx_word' id='word_1_587' title='bbox 3298 3181 3411 3236; x_wconf 68' lang='lat' dir='ltr'><strong>haec</strong></span> <span class='ocrx_word' id='word_1_588' title='bbox 3444 3182 3601 3254; x_wconf 82' lang='lat' dir='ltr'><strong>virga</strong></span> 
     </span>
    </p>
   </div>
   <div class='ocr_carea' id='block_1_73' title="bbox 2005 3269 3603 3346">
    <p class='ocr_par' dir='ltr' id='par_1_73' title="bbox 2005 3269 3603 3346">
     <span class='ocr_line' id='line_1_73' title="bbox 2005 3269 3603 3346; baseline 0.003 -21"><span class='ocrx_word' id='word_1_589' title='bbox 2005 3270 2211 3327; x_wconf 89' lang='lat' dir='ltr'><strong>docens</strong></span> <span class='ocrx_word' id='word_1_590' title='bbox 2242 3269 2434 3341; x_wconf 89' lang='lat' dir='ltr'><strong>adjicit</strong></span> <span class='ocrx_word' id='word_1_591' title='bbox 2488 3288 2509 3322; x_wconf 75' lang='grc' dir='ltr'>ι</span> <span class='ocrx_word' id='word_1_592' title='bbox 2547 3269 2875 3338; x_wconf 81' lang='lat' dir='ltr'><strong>funiculum,</strong></span> <span class='ocrx_word' id='word_1_593' title='bbox 2910 3290 2930 3326; x_wconf 74' lang='grc' dir='ltr'>ι</span> <span class='ocrx_word' id='word_1_594' title='bbox 2969 3273 3039 3330; x_wconf 91' lang='lat' dir='ltr'>de</span> <span class='ocrx_word' id='word_1_595' title='bbox 3064 3289 3174 3346; x_wconf 91' lang='lat' dir='ltr'>quo</span> <span class='ocrx_word' id='word_1_596' title='bbox 3206 3272 3430 3339; x_wconf 88' lang='lat' dir='ltr'><strong>dicitur,</strong></span> <span class='ocrx_word' id='word_1_597' title='bbox 3451 3291 3471 3326; x_wconf 79' lang='grc' dir='ltr'>ι</span> <span class='ocrx_word' id='word_1_598' title='bbox 3511 3272 3603 3330; x_wconf 80' lang='lat' dir='ltr'><strong>l‘u-</strong></span> 
     </span>
    </p>
   </div>
   <div class='ocr_carea' id='block_1_74' title="bbox 2003 3362 3597 3438">
    <p class='ocr_par' dir='ltr' id='par_1_74' title="bbox 2003 3362 3597 3438">
     <span class='ocr_line' id='line_1_74' title="bbox 2003 3362 3597 3438; baseline 0.003 -19"><span class='ocrx_word' id='word_1_599' title='bbox 2003 3363 2249 3419; x_wconf 90' lang='lat' dir='ltr'><strong>niculum</strong></span> <span class='ocrx_word' id='word_1_600' title='bbox 2278 3362 2614 3421; x_wconf 62' lang='lat' dir='ltr'><strong>hereditatis</strong></span> <span class='ocrx_word' id='word_1_601' title='bbox 2638 3364 2762 3435; x_wconf 86' lang='lat' dir='ltr'><strong>ejus</strong></span> <span class='ocrx_word' id='word_1_602' title='bbox 2790 3362 2979 3421; x_wconf 82' lang='lat' dir='ltr'><strong>Israel.</strong></span> <span class='ocrx_word' id='word_1_603' title='bbox 3001 3365 3079 3418; x_wconf 78' lang='grc'>⁷⁸»</span> <span class='ocrx_word' id='word_1_604' title='bbox 3123 3364 3467 3423; x_wconf 76' lang='lat' dir='ltr'><strong>Manifestius</strong></span> <span class='ocrx_word' id='word_1_605' title='bbox 3492 3366 3597 3438; x_wconf 82' lang='lat' dir='ltr'><strong>igi-</strong></span> 
     </span>
    </p>
   </div>
   <div class='ocr_carea' id='block_1_75' title="bbox 2004 3455 3603 3531">
    <p class='ocr_par' dir='ltr' id='par_1_75' title="bbox 2004 3455 3603 3531">
     <span class='ocr_line' id='line_1_75' title="bbox 2004 3455 3603 3531; baseline 0.007 -21"><span class='ocrx_word' id='word_1_606' title='bbox 2004 3463 2094 3511; x_wconf 90' lang='lat' dir='ltr'>tur</span> <span class='ocrx_word' id='word_1_607' title='bbox 2117 3456 2252 3511; x_wconf 90' lang='lat' dir='ltr'><strong>illud</strong></span> <span class='ocrx_word' id='word_1_608' title='bbox 2275 3455 2539 3523; x_wconf 87' lang='lat' dir='ltr'><strong>ostendit,</strong></span> <span class='ocrx_word' id='word_1_609' title='bbox 2562 3457 2887 3529; x_wconf 88' lang='lat' dir='ltr'><strong>subjiciens,</strong></span> <span class='ocrx_word' id='word_1_610' title='bbox 2921 3476 2941 3510; x_wconf 80' lang='grc' dir='ltr'>ι</span> <span class='ocrx_word' id='word_1_611' title='bbox 2973 3467 3034 3513; x_wconf 93' lang='lat' dir='ltr'>ut</span> <span class='ocrx_word' id='word_1_612' title='bbox 3055 3458 3413 3516; x_wconf 85' lang='lat' dir='ltr'><strong>dissolverem</strong></span> <span class='ocrx_word' id='word_1_613' title='bbox 3444 3462 3603 3531; x_wconf 73' lang='lat' dir='ltr'><strong>prius</strong></span> 
     </span>
    </p>
   </div>
   <div class='ocr_carea' id='block_1_76' title="bbox 2003 3546 3603 3622">
    <p class='ocr_par' dir='ltr' id='par_1_76' title="bbox 2003 3546 3603 3622">
     <span class='ocr_line' id='line_1_76' title="bbox 2003 3546 3603 3622; baseline 0.005 -22"><span class='ocrx_word' id='word_1_614' title='bbox 2003 3553 2391 3603; x_wconf 88' lang='lat' dir='ltr'><strong>testamentum</strong></span> <span class='ocrx_word' id='word_1_615' title='bbox 2420 3547 2539 3615; x_wconf 91' lang='lat' dir='ltr'><strong>Dei,</strong></span> <span class='ocrx_word' id='word_1_616' title='bbox 2569 3548 2712 3605; x_wconf 88' lang='lat' dir='ltr'><strong>inter</strong></span> <span class='ocrx_word' id='word_1_617' title='bbox 2730 3546 2929 3605; x_wconf 79' lang='lat' dir='ltr'><strong>Judam</strong></span> <span class='ocrx_word' id='word_1_618' title='bbox 2956 3557 3011 3606; x_wconf 90' lang='lat' dir='ltr'>et</span> <span class='ocrx_word' id='word_1_619' title='bbox 3044 3550 3233 3607; x_wconf 89' lang='lat' dir='ltr'><strong>Israel.</strong></span> <span class='ocrx_word' id='word_1_620' title='bbox 3265 3572 3284 3604; x_wconf 79' lang='grc' dir='ltr'>ι</span> <span class='ocrx_word' id='word_1_621' title='bbox 3322 3550 3391 3605; x_wconf 84' lang='grc' dir='ltr'>Ει</span> <span class='ocrx_word' id='word_1_622' title='bbox 3414 3560 3603 3622; x_wconf 86' lang='lat' dir='ltr'><strong>aperte</strong></span> 
     </span>
    </p>
   </div>
   <div class='ocr_carea' id='block_1_77' title="bbox 2006 3639 3605 3713">
    <p class='ocr_par' dir='ltr' id='par_1_77' title="bbox 2006 3639 3605 3713">
     <span class='ocr_line' id='line_1_77' title="bbox 2006 3639 3605 3713; baseline 0.004 -21"><span class='ocrx_word' id='word_1_623' title='bbox 2006 3646 2154 3710; x_wconf 89' lang='lat' dir='ltr'><strong>patet</strong></span> <span class='ocrx_word' id='word_1_624' title='bbox 2202 3639 2325 3709; x_wconf 88' lang='lat' dir='ltr'><strong>ipso</strong></span> <span class='ocrx_word' id='word_1_625' title='bbox 2390 3639 2692 3698; x_wconf 84' lang='lat' dir='ltr'><strong>Salvatoris</strong></span> <span class='ocrx_word' id='word_1_626' title='bbox 2754 3641 2932 3697; x_wconf 87' lang='lat' dir='ltr'><strong>nostri</strong></span> <span class='ocrx_word' id='word_1_627' title='bbox 3007 3649 3255 3713; x_wconf 88' lang='lat' dir='ltr'><strong>tempore</strong></span> <span class='ocrx_word' id='word_1_628' title='bbox 3323 3645 3605 3699; x_wconf 85' lang='lat' dir='ltr'><strong>corruisse</strong></span> 
     </span>
    </p>
   </div>
   <div class='ocr_carea' id='block_1_78' title="bbox 2005 3729 3603 3805">
    <p class='ocr_par' dir='ltr' id='par_1_78' title="bbox 2005 3729 3603 3805">
     <span class='ocr_line' id='line_1_78' title="bbox 2005 3729 3603 3805; baseline 0.005 -22"><span class='ocrx_word' id='word_1_629' title='bbox 2005 3744 2198 3785; x_wconf 89' lang='lat' dir='ltr'><strong>omnes</strong></span> <span class='ocrx_word' id='word_1_630' title='bbox 2220 3729 2411 3801; x_wconf 88' lang='lat' dir='ltr'><strong>legalis</strong></span> <span class='ocrx_word' id='word_1_631' title='bbox 2442 3731 2625 3788; x_wconf 89' lang='lat' dir='ltr'><strong>cultus</strong></span> <span class='ocrx_word' id='word_1_632' title='bbox 2653 3732 3056 3801; x_wconf 84' lang='lat' dir='ltr'><strong>observantias,</strong></span> <span class='ocrx_word' id='word_1_633' title='bbox 3084 3750 3153 3790; x_wconf 81' lang='lat' dir='ltr'><strong>ex</strong></span> <span class='ocrx_word' id='word_1_634' title='bbox 3195 3749 3305 3805; x_wconf 91' lang='lat' dir='ltr'>quo</span> <span class='ocrx_word' id='word_1_635' title='bbox 3333 3750 3483 3789; x_wconf 87' lang='lat' dir='ltr'><strong>nunc</strong></span> <span class='ocrx_word' id='word_1_636' title='bbox 3508 3750 3603 3791; x_wconf 87' lang='lat' dir='ltr'><strong>us-</strong></span> 
     </span>
    </p>
   </div>
   <div class='ocr_carea' id='block_1_79' title="bbox 2010 3822 2771 3891">
    <p class='ocr_par' dir='ltr' id='par_1_79' title="bbox 2010 3822 2771 3891">
     <span class='ocr_line' id='line_1_79' title="bbox 2010 3822 2771 3891; baseline 0.007 -16"><span class='ocrx_word' id='word_1_637' title='bbox 2010 3835 2119 3890; x_wconf 90' lang='lat' dir='ltr'>que</span> <span class='ocrx_word' id='word_1_638' title='bbox 2151 3822 2372 3891; x_wconf 86' lang='lat' dir='ltr'><strong>penitus</strong></span> <span class='ocrx_word' id='word_1_639' title='bbox 2409 3822 2599 3879; x_wconf 73' lang='lat' dir='ltr'><strong>deletze</strong></span> <span class='ocrx_word' id='word_1_640' title='bbox 2622 3834 2771 3880; x_wconf 89' lang='lat' dir='ltr'><strong>sunt.</strong></span> 
     </span>
    </p>
   </div>
   <div class='ocr_carea' id='block_1_80' title="bbox 288 3911 3605 4001">
    <p class='ocr_par' dir='ltr' id='par_1_80' title="bbox 288 3911 3605 4001">
     <span class='ocr_line' id='line_1_80' title="bbox 288 3911 3605 4001; baseline -0.002 -20"><span class='ocrx_word' id='word_1_641' title='bbox 288 3964 299 3973; x_wconf 77' lang='grc'><strong>.</strong></span> <span class='ocrx_word' id='word_1_642' title='bbox 332 3943 483 4001; x_wconf 77' lang='grc' dir='ltr'>ραν.ι</span> <span class='ocrx_word' id='word_1_643' title='bbox 516 3926 611 3990; x_wconf 86' lang='grc' dir='ltr'>Τίς</span> <span class='ocrx_word' id='word_1_644' title='bbox 642 3924 698 3978; x_wconf 85' lang='grc' dir='ltr'>δέ</span> <span class='ocrx_word' id='word_1_645' title='bbox 731 3925 880 3977; x_wconf 82' lang='grc' dir='ltr'>ἐστιν</span> <span class='ocrx_word' id='word_1_646' title='bbox 909 3919 1049 3991; x_wconf 84' lang='grc' dir='ltr'>αῦτη</span> <span class='ocrx_word' id='word_1_647' title='bbox 1099 3918 1368 3972; x_wconf 86' lang='grc' dir='ltr'>διδάσκων</span> <span class='ocrx_word' id='word_1_648' title='bbox 1437 3913 1688 3986; x_wconf 72' lang='grc' dir='ltr'>ἐπιφέρει</span> <span class='ocrx_word' id='word_1_649' title='bbox 1725 3911 1786 3965; x_wconf 84' lang='grc' dir='ltr'>τὸ</span> <span class='ocrx_word' id='word_1_650' title='bbox 1829 3930 1846 3961; x_wconf 79' lang='grc' dir='ltr'>ι</span> <span class='ocrx_word' id='word_1_651' title='bbox 1886 3912 2193 3986; x_wconf 87' lang='grc' dir='ltr'>σχοίνισμα,</span> <span class='ocrx_word' id='word_1_652' title='bbox 2230 3934 2250 3968; x_wconf 76' lang='grc' dir='ltr'>ι</span> <span class='ocrx_word' id='word_1_653' title='bbox 2289 3916 2418 3987; x_wconf 76' lang='grc' dir='ltr'>περὶ</span> <span class='ocrx_word' id='word_1_654' title='bbox 2457 3911 2518 3971; x_wconf 81' lang='grc' dir='ltr'>οῦ</span> <span class='ocrx_word' id='word_1_655' title='bbox 2581 3916 2815 3988; x_wconf 77' lang='grc' dir='ltr'>εἴρηται,</span> <span class='ocrx_word' id='word_1_656' title='bbox 2856 3937 2876 3970; x_wconf 79' lang='grc' dir='ltr'>ι</span> <span class='ocrx_word' id='word_1_657' title='bbox 2922 3917 3206 3991; x_wconf 88' lang='grc' dir='ltr'>σχοίνισμα</span> <span class='ocrx_word' id='word_1_658' title='bbox 3241 3919 3605 3992; x_wconf 84' lang='grc' dir='ltr'>κληρονομίας</span> 
     </span>
    </p>
   </div>
   <div class='ocr_carea' id='block_1_81' title="bbox 328 4007 3604 4092">
    <p class='ocr_par' dir='ltr' id='par_1_81' title="bbox 328 4007 3604 4092">
     <span class='ocr_line' id='line_1_81' title="bbox 328 4007 3604 4092; baseline -0.002 -17"><span class='ocrx_word' id='word_1_659' title='bbox 328 4019 492 4075; x_wconf 78' lang='grc' dir='ltr'>αὐτοῦ</span> <span class='ocrx_word' id='word_1_660' title='bbox 537 4017 768 4092; x_wconf 83' lang='grc' dir='ltr'>Ἰσραήλ.</span> <span class='ocrx_word' id='word_1_661' title='bbox 809 4037 828 4070; x_wconf 73' lang='grc' dir='ltr'>ι</span> <span class='ocrx_word' id='word_1_662' title='bbox 865 4015 1207 4085; x_wconf 79' lang='grc' dir='ltr'>Σαφέστερον</span> <span class='ocrx_word' id='word_1_663' title='bbox 1248 4009 1379 4082; x_wconf 88' lang='grc' dir='ltr'>γοῦν</span> <span class='ocrx_word' id='word_1_664' title='bbox 1425 4008 1583 4063; x_wconf 88' lang='grc' dir='ltr'>τοῦτο</span> <span class='ocrx_word' id='word_1_665' title='bbox 1634 4007 1963 4079; x_wconf 83' lang='grc' dir='ltr'>παρίστησιν</span> <span class='ocrx_word' id='word_1_666' title='bbox 2002 4007 2288 4079; x_wconf 82' lang='grc' dir='ltr'>ἐπιλέγων,</span> <span class='ocrx_word' id='word_1_667' title='bbox 2318 4028 2338 4060; x_wconf 75' lang='grc' dir='ltr'>ι</span> <span class='ocrx_word' id='word_1_668' title='bbox 2387 4009 2480 4064; x_wconf 88' lang='grc' dir='ltr'>τοῦ</span> <span class='ocrx_word' id='word_1_669' title='bbox 2515 4010 2862 4065; x_wconf 83' lang='grc' dir='ltr'>διασκεδάσαι</span> <span class='ocrx_word' id='word_1_670' title='bbox 2889 4012 2989 4085; x_wconf 76' lang='grc' dir='ltr'>τὴν</span> <span class='ocrx_word' id='word_1_671' title='bbox 3038 4014 3306 4085; x_wconf 77' lang='grc' dir='ltr'>προτέραν</span> <span class='ocrx_word' id='word_1_672' title='bbox 3336 4014 3604 4087; x_wconf 84' lang='grc' dir='ltr'>διαθήκην</span> 
     </span>
    </p>
   </div>
   <div class='ocr_carea' id='block_1_82' title="bbox 324 4102 3606 4184">
    <p class='ocr_par' dir='ltr' id='par_1_82' title="bbox 324 4102 3606 4184">
     <span class='ocr_line' id='line_1_82' title="bbox 324 4102 3606 4184; baseline -0.004 -15"><span class='ocrx_word' id='word_1_673' title='bbox 324 4113 420 4168; x_wconf 83' lang='grc' dir='ltr'>τοῦ</span> <span class='ocrx_word' id='word_1_674' title='bbox 453 4112 608 4177; x_wconf 86' lang='grc' dir='ltr'>Θεοῦ,</span> <span class='ocrx_word' id='word_1_675' title='bbox 644 4112 743 4184; x_wconf 77' lang='grc' dir='ltr'>τὴν</span> <span class='ocrx_word' id='word_1_676' title='bbox 775 4109 1048 4181; x_wconf 80' lang='grc' dir='ltr'>ἀναμέσον</span> <span class='ocrx_word' id='word_1_677' title='bbox 1090 4105 1258 4159; x_wconf 82' lang='grc' dir='ltr'>Ἰούδα</span> <span class='ocrx_word' id='word_1_678' title='bbox 1294 4102 1389 4158; x_wconf 75' lang='grc' dir='ltr'>καὶ</span> <span class='ocrx_word' id='word_1_679' title='bbox 1424 4103 1697 4173; x_wconf 83' lang='grc' dir='ltr'>ἀναμέσον</span> <span class='ocrx_word' id='word_1_680' title='bbox 1736 4102 1981 4174; x_wconf 80' lang='grc' dir='ltr'>Ἰσραήλ’</span> <span class='ocrx_word' id='word_1_681' title='bbox 2030 4123 2050 4156; x_wconf 71' lang='grc' dir='ltr'>ι</span> <span class='ocrx_word' id='word_1_682' title='bbox 2102 4105 2195 4158; x_wconf 82' lang='grc' dir='ltr'>καὶ</span> <span class='ocrx_word' id='word_1_683' title='bbox 2232 4103 2420 4173; x_wconf 73' lang='grc' dir='ltr'>σαφῶς</span> <span class='ocrx_word' id='word_1_684' title='bbox 2451 4104 2727 4159; x_wconf 88' lang='grc' dir='ltr'>δείκνυται</span> <span class='ocrx_word' id='word_1_685' title='bbox 2754 4107 2863 4159; x_wconf 83' lang='grc' dir='ltr'>άπὸ</span> <span class='ocrx_word' id='word_1_686' title='bbox 2894 4105 3006 4160; x_wconf 90' lang='grc' dir='ltr'>τῶν</span> <span class='ocrx_word' id='word_1_687' title='bbox 3025 4123 3121 4160; x_wconf 89' lang='grc' dir='ltr'>του</span> <span class='ocrx_word' id='word_1_688' title='bbox 3160 4107 3413 4179; x_wconf 83' lang='grc' dir='ltr'>Σωτῆρος</span> <span class='ocrx_word' id='word_1_689' title='bbox 3443 4109 3606 4180; x_wconf 74' lang='grc' dir='ltr'>ἡμῶν</span> 
     </span>
    </p>
   </div>
   <div class='ocr_carea' id='block_1_83' title="bbox 326 4194 3604 4276">
    <p class='ocr_par' dir='ltr' id='par_1_83' title="bbox 326 4194 3604 4276">
     <span class='ocr_line' id='line_1_83' title="bbox 326 4194 3604 4276; baseline -0.002 -16"><span class='ocrx_word' id='word_1_690' title='bbox 326 4204 533 4276; x_wconf 83' lang='grc' dir='ltr'>χρόνων</span> <span class='ocrx_word' id='word_1_691' title='bbox 580 4200 959 4276; x_wconf 82' lang='grc' dir='ltr'>περιῃρημένα</span> <span class='ocrx_word' id='word_1_692' title='bbox 1010 4198 1109 4269; x_wconf 87' lang='grc' dir='ltr'>τῆς</span> <span class='ocrx_word' id='word_1_693' title='bbox 1145 4195 1400 4268; x_wconf 87' lang='grc' dir='ltr'>λατρείας</span> <span class='ocrx_word' id='word_1_694' title='bbox 1455 4194 1672 4265; x_wconf 85' lang='grc' dir='ltr'>ἁπάσης</span> <span class='ocrx_word' id='word_1_695' title='bbox 1733 4194 1819 4265; x_wconf 81' lang='grc' dir='ltr'>τῆς</span> <span class='ocrx_word' id='word_1_696' title='bbox 1852 4194 1994 4248; x_wconf 82' lang='grc' dir='ltr'>κατὰ</span> <span class='ocrx_word' id='word_1_697' title='bbox 2042 4196 2134 4250; x_wconf 76' lang='grc' dir='ltr'>τὸν</span> <span class='ocrx_word' id='word_1_698' title='bbox 2172 4198 2334 4269; x_wconf 88' lang='grc' dir='ltr'>νόμον</span> <span class='ocrx_word' id='word_1_699' title='bbox 2380 4195 2438 4266; x_wconf 80' lang='grc' dir='ltr'>ἐξ</span> <span class='ocrx_word' id='word_1_700' title='bbox 2475 4197 2684 4252; x_wconf 83' lang='grc' dir='ltr'>ἐκείνου</span> <span class='ocrx_word' id='word_1_701' title='bbox 2725 4200 2817 4253; x_wconf 74' lang='grc' dir='ltr'>καὶ</span> <span class='ocrx_word' id='word_1_702' title='bbox 2852 4200 2934 4263; x_wconf 85' lang='grc' dir='ltr'>είς</span> <span class='ocrx_word' id='word_1_703' title='bbox 2971 4198 3133 4272; x_wconf 90' lang='grc' dir='ltr'>δεῦρο</span> <span class='ocrx_word' id='word_1_704' title='bbox 3163 4198 3604 4273; x_wconf 81' lang='grc' dir='ltr'>καθαιρεθείσης.</span> 
     </span>
    </p>
   </div>
   <div class='ocr_carea' id='block_1_84' title="bbox 834 4311 1408 4370">
    <p class='ocr_par' dir='ltr' id='par_1_84' title="bbox 834 4311 1408 4370">
     <span class='ocr_line' id='line_1_84' title="bbox 834 4311 1408 4370; baseline -0.012 1"><span class='ocrx_word' id='word_1_705' title='bbox 834 4311 1229 4370; x_wconf 79' lang='grc' dir='ltr'>ΚΕΦΑΛΑῙΟΝ</span> <span class='ocrx_word' id='word_1_706' title='bbox 1286 4312 1408 4366; x_wconf 82' lang='grc' dir='ltr'>ΚΖ’.</span> 
     </span>
    </p>
   </div>
   <div class='ocr_carea' id='block_1_85' title="bbox 786 4404 1444 4475">
    <p class='ocr_par' dir='ltr' id='par_1_85' title="bbox 786 4404 1444 4475">
     <span class='ocr_line' id='line_1_85' title="bbox 786 4404 1444 4475; baseline -0.015 -8"><span class='ocrx_word' id='word_1_707' title='bbox 786 4410 897 4467; x_wconf 81' lang='grc' dir='ltr'>Τοῦ</span> <span class='ocrx_word' id='word_1_708' title='bbox 932 4407 1120 4464; x_wconf 82' lang='grc' dir='ltr'>αὐτοῦ</span> <span class='ocrx_word' id='word_1_709' title='bbox 1160 4404 1444 4475; x_wconf 79' lang='grc' dir='ltr'>Ζαχαρία.</span> 
     </span>
    </p>
   </div>
   <div class='ocr_carea' id='block_1_86' title="bbox 2564 4309 3049 4369">
    <p class='ocr_par' dir='ltr' id='par_1_86' title="bbox 2564 4309 3049 4369">
     <span class='ocr_line' id='line_1_86' title="bbox 2564 4309 3049 4369; baseline -0.004 0"><span class='ocrx_word' id='word_1_710' title='bbox 2564 4310 2796 4369; x_wconf 85' lang='lat' dir='ltr'><strong>CAPUT</strong></span> <span class='ocrx_word' id='word_1_711' title='bbox 2832 4309 3049 4368; x_wconf 76' lang='lat' dir='ltr'>XXVII.</span> 
     </span>
    </p>
   </div>
   <div class='ocr_carea' id='block_1_87' title="bbox 2508 4402 3125 4461">
    <p class='ocr_par' dir='ltr' id='par_1_87' title="bbox 2508 4402 3125 4461">
     <span class='ocr_line' id='line_1_87' title="bbox 2508 4402 3125 4461; baseline 0.002 -1"><span class='ocrx_word' id='word_1_712' title='bbox 2508 4404 2595 4460; x_wconf 77' lang='lat' dir='ltr'>Ea:</span> <span class='ocrx_word' id='word_1_713' title='bbox 2619 4404 2800 4460; x_wconf 82' lang='lat' dir='ltr'><strong>eodem</strong></span> <span class='ocrx_word' id='word_1_714' title='bbox 2838 4402 3125 4461; x_wconf 78' lang='lat' dir='ltr'><strong>Zaclmria.</strong></span> 
     </span>
    </p>
   </div>
   <div class='ocr_carea' id='block_1_88' title="bbox 402 4472 1908 4579">
    <p class='ocr_par' dir='ltr' id='par_1_88' title="bbox 402 4472 1908 4579">
     <span class='ocr_line' id='line_1_88' title="bbox 402 4472 1908 4579; baseline -0.011 -15"><span class='ocrx_word' id='word_1_715' title='bbox 402 4529 422 4563; x_wconf 74' lang='grc' dir='ltr'>ι</span> <span class='ocrx_word' id='word_1_716' title='bbox 479 4505 770 4579; x_wconf 76' lang='grc' dir='ltr'>Ῥομφαία,</span> <span class='ocrx_word' id='word_1_717' title='bbox 811 4500 1129 4574; x_wconf 74' lang='grc' dir='ltr'>ἐξεγέρθητι</span> <span class='ocrx_word' id='word_1_718' title='bbox 1152 4472 1364 4552; x_wconf 64' lang='grc' dir='ltr'>ἐπι</span> <span class='ocrx_word' id='word_1_719' title='bbox 1396 4493 1631 4567; x_wconf 82' lang='grc' dir='ltr'>ποιμένα</span> <span class='ocrx_word' id='word_1_720' title='bbox 1662 4511 1786 4564; x_wconf 85' lang='grc' dir='ltr'>μου,</span> <span class='ocrx_word' id='word_1_721' title='bbox 1815 4493 1908 4548; x_wconf 82' lang='grc' dir='ltr'>καὶ</span> 
     </span>
    </p>
   </div>
   <div class='ocr_carea' id='block_1_89' title="bbox 2007 4472 3607 4579">
    <p class='ocr_par' dir='ltr' id='par_1_89' title="bbox 2090 4497 3607 4570">
     <span class='ocr_line' id='line_1_89' title="bbox 2090 4497 3607 4570; baseline 0.005 -19"><span class='ocrx_word' id='word_1_722' title='bbox 2090 4517 2110 4551; x_wconf 73' lang='grc' dir='ltr'>ι</span> <span class='ocrx_word' id='word_1_723' title='bbox 2141 4497 2394 4565; x_wconf 86' lang='lat' dir='ltr'><strong>Framea,</strong></span> <span class='ocrx_word' id='word_1_724' title='bbox 2418 4498 2713 4564; x_wconf 89' lang='lat' dir='ltr'><strong>suscitare,</strong></span> <span class='ocrx_word' id='word_1_725' title='bbox 2757 4513 2923 4569; x_wconf 87' lang='lat' dir='ltr'><strong>super</strong></span> <span class='ocrx_word' id='word_1_726' title='bbox 2954 4506 3232 4570; x_wconf 87' lang='lat' dir='ltr'><strong>pastorem</strong></span> <span class='ocrx_word' id='word_1_727' title='bbox 3281 4513 3460 4559; x_wconf 91' lang='lat' dir='ltr'><strong>meum</strong></span> <span class='ocrx_word' id='word_1_728' title='bbox 3481 4540 3497 4566; x_wconf 84' lang='lat'>,</span> <span class='ocrx_word' id='word_1_729' title='bbox 3546 4509 3607 4558; x_wconf 85' lang='lat' dir='ltr'>et</span> 
     </span>
    </p>
   </div>
   <div class='ocr_carea' id='block_1_90' title="bbox 332 4586 1908 4673">
    <p class='ocr_par' dir='ltr' id='par_1_90' title="bbox 332 4586 1908 4673">
     <span class='ocr_line' id='line_1_90' title="bbox 332 4586 1908 4673; baseline -0.011 -17"><span class='ocrx_word' id='word_1_730' title='bbox 332 4603 425 4656; x_wconf 76' lang='grc' dir='ltr'>ἐπὶ</span> <span class='ocrx_word' id='word_1_731' title='bbox 457 4601 625 4673; x_wconf 80' lang='grc' dir='ltr'>ἀνδρα</span> <span class='ocrx_word' id='word_1_732' title='bbox 667 4598 891 4669; x_wconf 89' lang='grc' dir='ltr'>πολίτην</span> <span class='ocrx_word' id='word_1_733' title='bbox 919 4592 1108 4658; x_wconf 85' lang='grc' dir='ltr'>αὐτοῦ,</span> <span class='ocrx_word' id='word_1_734' title='bbox 1156 4591 1306 4660; x_wconf 87' lang='grc' dir='ltr'>λέγει</span> <span class='ocrx_word' id='word_1_735' title='bbox 1350 4588 1554 4662; x_wconf 87' lang='grc' dir='ltr'>Κύριος</span> <span class='ocrx_word' id='word_1_736' title='bbox 1601 4586 1908 4659; x_wconf 83' lang='grc' dir='ltr'>παντοκρά-</span> 
     </span>
    </p>
   </div>
   <div class='ocr_carea' id='block_1_91' title="bbox 326 4678 1906 4765">
    <p class='ocr_par' dir='ltr' id='par_1_91' title="bbox 326 4678 1906 4765">
     <span class='ocr_line' id='line_1_91' title="bbox 326 4678 1906 4765; baseline -0.01 -17"><span class='ocrx_word' id='word_1_737' title='bbox 326 4710 461 4765; x_wconf 84' lang='grc' dir='ltr'>τωρ,</span> <span class='ocrx_word' id='word_1_738' title='bbox 493 4689 730 4756; x_wconf 81' lang='grc' dir='ltr'>πάταξον</span> <span class='ocrx_word' id='word_1_739' title='bbox 776 4688 867 4743; x_wconf 83' lang='grc' dir='ltr'>τὸν</span> <span class='ocrx_word' id='word_1_740' title='bbox 895 4684 1152 4757; x_wconf 83' lang='grc' dir='ltr'>ποιμένα,</span> <span class='ocrx_word' id='word_1_741' title='bbox 1189 4682 1283 4736; x_wconf 75' lang='grc' dir='ltr'>καὶ</span> <span class='ocrx_word' id='word_1_742' title='bbox 1319 4678 1906 4751; x_wconf 80' lang='grc' dir='ltr'>διασκορπισθήτωσαν</span> 
     </span>
    </p>
   </div>
   <div class='ocr_carea' id='block_1_92' title="bbox 328 4772 1907 4859">
    <p class='ocr_par' dir='ltr' id='par_1_92' title="bbox 328 4772 1907 4859">
     <span class='ocr_line' id='line_1_92' title="bbox 328 4772 1907 4859; baseline -0.011 -17"><span class='ocrx_word' id='word_1_743' title='bbox 328 4787 400 4842; x_wconf 76' lang='grc' dir='ltr'>τὰ</span> <span class='ocrx_word' id='word_1_744' title='bbox 429 4784 703 4859; x_wconf 86' lang='grc' dir='ltr'>πρόϐατα·</span> <span class='ocrx_word' id='word_1_745' title='bbox 736 4782 833 4837; x_wconf 78' lang='grc' dir='ltr'>καὶ</span> <span class='ocrx_word' id='word_1_746' title='bbox 858 4776 1171 4850; x_wconf 75' lang='grc' dir='ltr'>ἐπιστρέψω</span> <span class='ocrx_word' id='word_1_747' title='bbox 1197 4776 1297 4847; x_wconf 84' lang='grc' dir='ltr'>τὴν</span> <span class='ocrx_word' id='word_1_748' title='bbox 1328 4775 1487 4846; x_wconf 87' lang='grc' dir='ltr'>χεῖρά</span> <span class='ocrx_word' id='word_1_749' title='bbox 1520 4789 1622 4846; x_wconf 90' lang='grc' dir='ltr'>μου</span> <span class='ocrx_word' id='word_1_750' title='bbox 1655 4772 1747 4825; x_wconf 79' lang='grc' dir='ltr'>ἐπὶ</span> <span class='ocrx_word' id='word_1_751' title='bbox 1779 4773 1907 4835; x_wconf 82' lang='grc' dir='ltr'>τοὺς</span> 
     </span>
    </p>
   </div>
   <div class='ocr_carea' id='block_1_93' title="bbox 236 4864 1905 4954">
    <p class='ocr_par' dir='ltr' id='par_1_93' title="bbox 236 4864 1905 4954">
     <span class='ocr_line' id='line_1_93' title="bbox 236 4864 1905 4954; baseline -0.012 -16"><span class='ocrx_word' id='word_1_752' title='bbox 236 4928 241 4937; x_wconf 93' lang='grc'><em>.</em></span> <span class='ocrx_word' id='word_1_753' title='bbox 329 4880 612 4954; x_wconf 81' lang='grc' dir='ltr'>ποιμένας.</span> <span class='ocrx_word' id='word_1_754' title='bbox 648 4899 667 4933; x_wconf 71' lang='grc' dir='ltr'>ο</span> <span class='ocrx_word' id='word_1_755' title='bbox 713 4875 972 4944; x_wconf 87' lang='grc' dir='ltr'>Ἐπείπερ</span> <span class='ocrx_word' id='word_1_756' title='bbox 998 4873 1027 4925; x_wconf 89' lang='grc' dir='ltr'>ό</span> <span class='ocrx_word' id='word_1_757' title='bbox 1055 4866 1445 4939; x_wconf 84' lang='grc' dir='ltr'>εύαγγελιστὴς</span> <span class='ocrx_word' id='word_1_758' title='bbox 1472 4866 1556 4931; x_wconf 76' lang='grc' dir='ltr'>τὸ,</span> <span class='ocrx_word' id='word_1_759' title='bbox 1600 4884 1618 4917; x_wconf 79' lang='grc' dir='ltr'>ι</span> <span class='ocrx_word' id='word_1_760' title='bbox 1659 4864 1905 4931; x_wconf 85' lang='grc' dir='ltr'>Πάταξον</span> 
     </span>
    </p>
   </div>
   <div class='ocr_carea' id='block_1_94' title="bbox 327 4952 1904 5044">
    <p class='ocr_par' dir='ltr' id='par_1_94' title="bbox 327 4952 1904 5044">
     <span class='ocr_line' id='line_1_94' title="bbox 327 4952 1904 5044; baseline -0.015 -13"><span class='ocrx_word' id='word_1_761' title='bbox 327 4952 698 5044; x_wconf 15' lang='grc' dir='ltr'>τδνήποιμένα,</span> <span class='ocrx_word' id='word_1_762' title='bbox 732 4967 829 5022; x_wconf 71' lang='grc' dir='ltr'>καὶ</span> <span class='ocrx_word' id='word_1_763' title='bbox 853 4959 1403 5034; x_wconf 85' lang='grc' dir='ltr'>διασκορπισθήσεται</span> <span class='ocrx_word' id='word_1_764' title='bbox 1429 4958 1501 5012; x_wconf 83' lang='grc' dir='ltr'>τὰ</span> <span class='ocrx_word' id='word_1_765' title='bbox 1525 4952 1772 5030; x_wconf 77' lang='grc' dir='ltr'>πρόϐατα</span> <span class='ocrx_word' id='word_1_766' title='bbox 1802 4956 1904 5027; x_wconf 85' lang='grc' dir='ltr'>τῆς</span> 
     </span>
    </p>
   </div>
   <div class='ocr_carea' id='block_1_95' title="bbox 330 5048 1904 5136">
    <p class='ocr_par' dir='ltr' id='par_1_95' title="bbox 330 5048 1904 5136">
     <span class='ocr_line' id='line_1_95' title="bbox 330 5048 1904 5136; baseline -0.013 -17"><span class='ocrx_word' id='word_1_767' title='bbox 330 5065 582 5136; x_wconf 82' lang='grc' dir='ltr'>ποίμνης,</span> <span class='ocrx_word' id='word_1_768' title='bbox 621 5082 641 5115; x_wconf 70' lang='grc' dir='ltr'>ι</span> <span class='ocrx_word' id='word_1_769' title='bbox 672 5058 922 5115; x_wconf 84' lang='grc' dir='ltr'>ἐντεῦθεν</span> <span class='ocrx_word' id='word_1_770' title='bbox 963 5052 1141 5112; x_wconf 74' lang='grc' dir='ltr'>λαϐὼν</span> <span class='ocrx_word' id='word_1_771' title='bbox 1197 5052 1345 5107; x_wconf 83' lang='grc' dir='ltr'>κατά</span> <span class='ocrx_word' id='word_1_772' title='bbox 1381 5049 1472 5103; x_wconf 77' lang='grc' dir='ltr'>τον</span> <span class='ocrx_word' id='word_1_773' title='bbox 1515 5048 1589 5120; x_wconf 67' lang='lat'>(2)</span> <span class='ocrx_word' id='word_1_774' title='bbox 1636 5048 1904 5119; x_wconf 86' lang='grc' dir='ltr'>σωτηρίου</span> 
     </span>
    </p>
   </div>
   <div class='ocr_carea' id='block_1_96' title="bbox 330 5139 1901 5227">
    <p class='ocr_par' dir='ltr' id='par_1_96' title="bbox 330 5139 1901 5227">
     <span class='ocr_line' id='line_1_96' title="bbox 330 5139 1901 5227; baseline -0.015 -13"><span class='ocrx_word' id='word_1_775' title='bbox 330 5159 534 5222; x_wconf 75' lang='grc' dir='ltr'>πάθους</span> <span class='ocrx_word' id='word_1_776' title='bbox 574 5155 764 5227; x_wconf 75' lang='grc' dir='ltr'>καιρὸν</span> <span class='ocrx_word' id='word_1_777' title='bbox 809 5151 983 5221; x_wconf 79' lang='grc' dir='ltr'>πέρας</span> <span class='ocrx_word' id='word_1_778' title='bbox 1015 5145 1294 5218; x_wconf 83' lang='grc' dir='ltr'>εἰληφέναι</span> <span class='ocrx_word' id='word_1_779' title='bbox 1320 5139 1580 5207; x_wconf 81' lang='grc' dir='ltr'>ἐδίδαξεν,</span> <span class='ocrx_word' id='word_1_780' title='bbox 1619 5141 1707 5194; x_wconf 82' lang='grc' dir='ltr'>ὅτε</span> <span class='ocrx_word' id='word_1_781' title='bbox 1738 5156 1901 5192; x_wconf 70' lang='grc' dir='ltr'>καταο</span> 
     </span>
    </p>
   </div>
   <div class='ocr_carea' id='block_1_97' title="bbox 329 5229 1904 5321">
    <p class='ocr_par' dir='ltr' id='par_1_97' title="bbox 329 5229 1904 5321">
     <span class='ocr_line' id='line_1_97' title="bbox 329 5229 1904 5321; baseline -0.015 -16"><span class='ocrx_word' id='word_1_782' title='bbox 329 5249 612 5321; x_wconf 79' lang='grc' dir='ltr'>λείψαντες</span> <span class='ocrx_word' id='word_1_783' title='bbox 649 5245 811 5299; x_wconf 80' lang='grc' dir='ltr'>αὐτὸν</span> <span class='ocrx_word' id='word_1_784' title='bbox 852 5245 902 5298; x_wconf 82' lang='grc' dir='ltr'>οἱ</span> <span class='ocrx_word' id='word_1_785' title='bbox 948 5239 1187 5313; x_wconf 67' lang='grc' dir='ltr'>μαθηταὶ¹</span> <span class='ocrx_word' id='word_1_786' title='bbox 1216 5232 1709 5306; x_wconf 86' lang='grc' dir='ltr'>διεσκορπίσθησαν</span> <span class='ocrx_word' id='word_1_787' title='bbox 1731 5248 1743 5260; x_wconf 75' lang='grc' dir='ltr'>ο</span> <span class='ocrx_word' id='word_1_788' title='bbox 1780 5229 1904 5283; x_wconf 85' lang='grc' dir='ltr'>τού-</span> 
     </span>
    </p>
   </div>
   <div class='ocr_carea' id='block_1_98' title="bbox 329 5322 1908 5413">
    <p class='ocr_par' dir='ltr' id='par_1_98' title="bbox 329 5322 1908 5413">
     <span class='ocr_line' id='line_1_98' title="bbox 329 5322 1908 5413; baseline -0.015 -15"><span class='ocrx_word' id='word_1_789' title='bbox 329 5360 422 5398; x_wconf 82' lang='grc' dir='ltr'>του</span> <span class='ocrx_word' id='word_1_790' title='bbox 449 5342 515 5413; x_wconf 85' lang='grc' dir='ltr'>δὴ</span> <span class='ocrx_word' id='word_1_791' title='bbox 543 5340 703 5411; x_wconf 82' lang='grc' dir='ltr'>χάριν</span> <span class='ocrx_word' id='word_1_792' title='bbox 730 5337 825 5392; x_wconf 73' lang='grc' dir='ltr'>καὶ</span> <span class='ocrx_word' id='word_1_793' title='bbox 870 5336 1030 5406; x_wconf 82' lang='grc' dir='ltr'>ἡμεῖς</span> <span class='ocrx_word' id='word_1_794' title='bbox 1060 5325 1524 5401; x_wconf 79' lang='grc' dir='ltr'>ὲσημειωσάμεθα</span> <span class='ocrx_word' id='word_1_795' title='bbox 1553 5324 1616 5379; x_wconf 82' lang='grc' dir='ltr'>τὸ</span> <span class='ocrx_word' id='word_1_796' title='bbox 1663 5322 1845 5395; x_wconf 71' lang='grc' dir='ltr'>ῥητὸν,</span> <span class='ocrx_word' id='word_1_797' title='bbox 1880 5322 1908 5375; x_wconf 78' lang='grc' dir='ltr'><strong>ὃ</strong></span> 
     </span>
    </p>
   </div>
   <div class='ocr_carea' id='block_1_99' title="bbox 329 5414 1909 5505">
    <p class='ocr_par' dir='ltr' id='par_1_99' title="bbox 329 5414 1909 5505">
     <span class='ocr_line' id='line_1_99' title="bbox 329 5414 1909 5505; baseline -0.016 -13"><span class='ocrx_word' id='word_1_798' title='bbox 329 5439 423 5492; x_wconf 79' lang='grc' dir='ltr'>καὶ</span> <span class='ocrx_word' id='word_1_799' title='bbox 452 5436 652 5505; x_wconf 82' lang='grc' dir='ltr'>πολλῆς</span> <span class='ocrx_word' id='word_1_800' title='bbox 682 5432 932 5502; x_wconf 85' lang='grc' dir='ltr'>δεόμενον</span> <span class='ocrx_word' id='word_1_801' title='bbox 957 5426 1255 5491; x_wconf 80' lang='grc' dir='ltr'>ἐξετάσεως</span> <span class='ocrx_word' id='word_1_802' title='bbox 1286 5423 1366 5486; x_wconf 84' lang='grc' dir='ltr'>είς</span> <span class='ocrx_word' id='word_1_803' title='bbox 1390 5418 1695 5491; x_wconf 85' lang='grc' dir='ltr'>ἐπιτήδειον</span> <span class='ocrx_word' id='word_1_804' title='bbox 1716 5414 1909 5487; x_wconf 80' lang='grc' dir='ltr'>ἀναθη-</span> 
     </span>
    </p>
   </div>
   <div class='ocr_carea' id='block_1_100' title="bbox 332 5526 779 5603">
    <p class='ocr_par' dir='ltr' id='par_1_100' title="bbox 332 5526 779 5603">
     <span class='ocr_line' id='line_1_100' title="bbox 332 5526 779 5603; baseline -0.02 -17"><span class='ocrx_word' id='word_1_805' title='bbox 332 5529 539 5603; x_wconf 80' lang='grc' dir='ltr'>σόμεθα</span> <span class='ocrx_word' id='word_1_806' title='bbox 567 5526 779 5599; x_wconf 87' lang='grc' dir='ltr'>καιρόν.</span> 
     </span>
    </p>
   </div>
   <div class='ocr_carea' id='block_1_101' title="bbox 2017 4588 3605 4663">
    <p class='ocr_par' dir='ltr' id='par_1_101' title="bbox 2017 4588 3605 4663">
     <span class='ocr_line' id='line_1_101' title="bbox 2017 4588 3605 4663; baseline -0.001 -16"><span class='ocrx_word' id='word_1_807' title='bbox 2017 4606 2183 4663; x_wconf 89' lang='lat' dir='ltr'><strong>super</strong></span> <span class='ocrx_word' id='word_1_808' title='bbox 2207 4591 2387 4647; x_wconf 88' lang='lat' dir='ltr'><strong>virum</strong></span> <span class='ocrx_word' id='word_1_809' title='bbox 2417 4590 2779 4647; x_wconf 66' lang='lat' dir='ltr'><strong>cohaerentem</strong></span> <span class='ocrx_word' id='word_1_810' title='bbox 2807 4590 2964 4656; x_wconf 86' lang='lat' dir='ltr'><strong>mihi,</strong></span> <span class='ocrx_word' id='word_1_811' title='bbox 2990 4589 3123 4645; x_wconf 89' lang='lat' dir='ltr'><strong>dicit</strong></span> <span class='ocrx_word' id='word_1_812' title='bbox 3174 4588 3438 4647; x_wconf 88' lang='lat' dir='ltr'><strong>Dominus</strong></span> <span class='ocrx_word' id='word_1_813' title='bbox 3482 4606 3605 4648; x_wconf 84' lang='lat' dir='ltr'><strong>om-</strong></span> 
     </span>
    </p>
   </div>
   <div class='ocr_carea' id='block_1_102' title="bbox 2014 4682 3601 4754">
    <p class='ocr_par' dir='ltr' id='par_1_102' title="bbox 2014 4682 3601 4754">
     <span class='ocr_line' id='line_1_102' title="bbox 2014 4682 3601 4754; baseline 0 -16"><span class='ocrx_word' id='word_1_814' title='bbox 2014 4683 2302 4754; x_wconf 87' lang='lat' dir='ltr'><strong>nipotens;</strong></span> <span class='ocrx_word' id='word_1_815' title='bbox 2331 4693 2555 4754; x_wconf 85' lang='lat' dir='ltr'><strong>percute</strong></span> <span class='ocrx_word' id='word_1_816' title='bbox 2578 4691 2947 4754; x_wconf 88' lang='lat' dir='ltr'><strong>pastorem,et</strong></span> <span class='ocrx_word' id='word_1_817' title='bbox 2967 4682 3352 4753; x_wconf 82' lang='lat' dir='ltr'><strong>dispergentur</strong></span> <span class='ocrx_word' id='word_1_818' title='bbox 3369 4697 3519 4746; x_wconf 81' lang='lat' dir='ltr'><strong>oves,</strong></span> <span class='ocrx_word' id='word_1_819' title='bbox 3545 4691 3601 4739; x_wconf 89' lang='lat' dir='ltr'>et</span> 
     </span>
    </p>
   </div>
   <div class='ocr_carea' id='block_1_103' title="bbox 2013 4774 3601 4849">
    <p class='ocr_par' dir='ltr' id='par_1_103' title="bbox 2013 4774 3601 4849">
     <span class='ocr_line' id='line_1_103' title="bbox 2013 4774 3601 4849; baseline 0 -16"><span class='ocrx_word' id='word_1_820' title='bbox 2013 4786 2327 4834; x_wconf 80' lang='lat' dir='ltr'><strong>convertam</strong></span> <span class='ocrx_word' id='word_1_821' title='bbox 2348 4791 2572 4832; x_wconf 86' lang='lat' dir='ltr'><strong>manum</strong></span> <span class='ocrx_word' id='word_1_822' title='bbox 2601 4792 2777 4833; x_wconf 88' lang='lat' dir='ltr'><strong>meam</strong></span> <span class='ocrx_word' id='word_1_823' title='bbox 2809 4776 2877 4832; x_wconf 89' lang='lat' dir='ltr'>ad</span> <span class='ocrx_word' id='word_1_824' title='bbox 2909 4786 3155 4848; x_wconf 89' lang='lat' dir='ltr'><strong>pastores</strong></span> <span class='ocrx_word' id='word_1_825' title='bbox 3185 4776 3255 4830; x_wconf 78' lang='grc'>⁸⁸.</span> <span class='ocrx_word' id='word_1_826' title='bbox 3300 4794 3322 4828; x_wconf 72' lang='grc' dir='ltr'>ι</span> <span class='ocrx_word' id='word_1_827' title='bbox 3356 4774 3601 4849; x_wconf 84' lang='lat' dir='ltr'><strong>Evange-</strong></span> 
     </span>
    </p>
   </div>
   <div class='ocr_carea' id='block_1_104' title="bbox 2010 4868 3602 4941">
    <p class='ocr_par' dir='ltr' id='par_1_104' title="bbox 2010 4868 3602 4941">
     <span class='ocr_line' id='line_1_104' title="bbox 2010 4868 3602 4941; baseline 0.001 -17"><span class='ocrx_word' id='word_1_828' title='bbox 2010 4869 2136 4925; x_wconf 87' lang='lat' dir='ltr'><strong>lista</strong></span> <span class='ocrx_word' id='word_1_829' title='bbox 2164 4884 2401 4941; x_wconf 86' lang='lat' dir='ltr'><strong>quoque,</strong></span> <span class='ocrx_word' id='word_1_830' title='bbox 2436 4888 2456 4923; x_wconf 83' lang='grc' dir='ltr'>ι</span> <span class='ocrx_word' id='word_1_831' title='bbox 2488 4868 2797 4926; x_wconf 89' lang='lat' dir='ltr'><strong>Percutiam</strong></span> <span class='ocrx_word' id='word_1_832' title='bbox 2828 4877 3195 4941; x_wconf 87' lang='lat' dir='ltr'><strong>pastorem,et</strong></span> <span class='ocrx_word' id='word_1_833' title='bbox 3220 4869 3602 4940; x_wconf 84' lang='lat' dir='ltr'><strong>dispergentur</strong></span> 
     </span>
    </p>
   </div>
   <div class='ocr_carea' id='block_1_105' title="bbox 2012 4958 3593 5033">
    <p class='ocr_par' dir='ltr' id='par_1_105' title="bbox 2012 4958 3593 5033">
     <span class='ocr_line' id='line_1_105' title="bbox 2012 4958 3593 5033; baseline -0.002 -16"><span class='ocrx_word' id='word_1_834' title='bbox 2012 4977 2143 5018; x_wconf 86' lang='lat' dir='ltr'><strong>oves</strong></span> <span class='ocrx_word' id='word_1_835' title='bbox 2180 4961 2361 5033; x_wconf 84' lang='lat' dir='ltr'><strong>gregis</strong></span> <span class='ocrx_word' id='word_1_836' title='bbox 2402 4961 2472 5029; x_wconf 82' lang='lat'><strong>“,</strong></span> <span class='ocrx_word' id='word_1_837' title='bbox 2503 4980 2524 5016; x_wconf 72' lang='grc' dir='ltr'>ι</span> <span class='ocrx_word' id='word_1_838' title='bbox 2560 4961 2771 5024; x_wconf 85' lang='lat' dir='ltr'><strong>dicens.</strong></span> <span class='ocrx_word' id='word_1_839' title='bbox 2802 4960 2918 5017; x_wconf 65' lang='lat' dir='ltr'><strong>haec</strong></span> <span class='ocrx_word' id='word_1_840' title='bbox 2973 4961 3030 5016; x_wconf 89' lang='lat' dir='ltr'>in</span> <span class='ocrx_word' id='word_1_841' title='bbox 3087 4958 3387 5016; x_wconf 85' lang='lat' dir='ltr'><strong>Salvatoris</strong></span> <span class='ocrx_word' id='word_1_842' title='bbox 3417 4960 3593 5015; x_wconf 80' lang='lat' dir='ltr'><strong>nostri</strong></span> 
     </span>
    </p>
   </div>
   <div class='ocr_carea' id='block_1_106' title="bbox 2012 5053 3593 5127">
    <p class='ocr_par' dir='ltr' id='par_1_106' title="bbox 2012 5053 3593 5127">
     <span class='ocr_line' id='line_1_106' title="bbox 2012 5053 3593 5127; baseline -0.003 -18"><span class='ocrx_word' id='word_1_843' title='bbox 2012 5056 2287 5127; x_wconf 89' lang='lat' dir='ltr'><strong>passionis</strong></span> <span class='ocrx_word' id='word_1_844' title='bbox 2319 5064 2563 5127; x_wconf 88' lang='lat' dir='ltr'><strong>tempore</strong></span> <span class='ocrx_word' id='word_1_845' title='bbox 2593 5054 2814 5126; x_wconf 88' lang='lat' dir='ltr'><strong>impleta</strong></span> <span class='ocrx_word' id='word_1_846' title='bbox 2854 5054 3027 5110; x_wconf 82' lang='lat' dir='ltr'><strong>fuisse</strong></span> <span class='ocrx_word' id='word_1_847' title='bbox 3046 5053 3389 5109; x_wconf 85' lang='lat' dir='ltr'><strong>demonstrat</strong></span> <span class='ocrx_word' id='word_1_848' title='bbox 3410 5091 3427 5118; x_wconf 89' lang='lat'>,</span> <span class='ocrx_word' id='word_1_849' title='bbox 3466 5066 3593 5105; x_wconf 87' lang='lat' dir='ltr'>cum</span> 
     </span>
    </p>
   </div>
   <div class='ocr_carea' id='block_1_107' title="bbox 2013 5145 3597 5219">
    <p class='ocr_par' dir='ltr' id='par_1_107' title="bbox 2013 5145 3597 5219">
     <span class='ocr_line' id='line_1_107' title="bbox 2013 5145 3597 5219; baseline -0.002 -16"><span class='ocrx_word' id='word_1_850' title='bbox 2013 5148 2288 5219; x_wconf 86' lang='lat' dir='ltr'><strong>discipuli,</strong></span> <span class='ocrx_word' id='word_1_851' title='bbox 2320 5163 2387 5205; x_wconf 91' lang='lat' dir='ltr'>eo</span> <span class='ocrx_word' id='word_1_852' title='bbox 2431 5147 2643 5212; x_wconf 88' lang='lat' dir='ltr'><strong>relicto,</strong></span> <span class='ocrx_word' id='word_1_853' title='bbox 2672 5147 2947 5219; x_wconf 80' lang='lat' dir='ltr'><strong>fugerunt.</strong></span> <span class='ocrx_word' id='word_1_854' title='bbox 2993 5145 3213 5202; x_wconf 51' lang='lat' dir='ltr'><strong>Idcirco.</strong></span> <span class='ocrx_word' id='word_1_855' title='bbox 3238 5160 3341 5202; x_wconf 89' lang='lat' dir='ltr'>nos</span> <span class='ocrx_word' id='word_1_856' title='bbox 3377 5160 3597 5217; x_wconf 89' lang='lat' dir='ltr'><strong>quoque</strong></span> 
     </span>
    </p>
   </div>
   <div class='ocr_carea' id='block_1_108' title="bbox 2015 5235 3597 5309">
    <p class='ocr_par' dir='ltr' id='par_1_108' title="bbox 2015 5235 3597 5309">
     <span class='ocr_line' id='line_1_108' title="bbox 2015 5235 3597 5309; baseline 0.001 -15"><span class='ocrx_word' id='word_1_857' title='bbox 2015 5240 2164 5296; x_wconf 85' lang='lat' dir='ltr'><strong>hunc</strong></span> <span class='ocrx_word' id='word_1_858' title='bbox 2188 5241 2497 5295; x_wconf 88' lang='lat' dir='ltr'><strong>notavimus</strong></span> <span class='ocrx_word' id='word_1_859' title='bbox 2528 5239 2739 5304; x_wconf 91' lang='lat' dir='ltr'><strong>locum,</strong></span> <span class='ocrx_word' id='word_1_860' title='bbox 2782 5247 2837 5295; x_wconf 93' lang='lat' dir='ltr'>et</span> <span class='ocrx_word' id='word_1_861' title='bbox 2886 5238 3093 5295; x_wconf 81' lang='lat' dir='ltr'><strong>fusiore</strong></span> <span class='ocrx_word' id='word_1_862' title='bbox 3122 5237 3503 5309; x_wconf 78' lang='lat' dir='ltr'><strong>explanatione</strong></span> <span class='ocrx_word' id='word_1_863' title='bbox 3528 5235 3597 5296; x_wconf 75' lang='lat' dir='ltr'><strong>ii-</strong></span> 
     </span>
    </p>
   </div>
   <div class='ocr_carea' id='block_1_109' title="bbox 2014 5330 3381 5405">
    <p class='ocr_par' dir='ltr' id='par_1_109' title="bbox 2014 5330 3381 5405">
     <span class='ocr_line' id='line_1_109' title="bbox 2014 5330 3381 5405; baseline -0.001 -16"><span class='ocrx_word' id='word_1_864' title='bbox 2014 5333 2359 5389; x_wconf 88' lang='lat' dir='ltr'><strong>lustrandum</strong></span> <span class='ocrx_word' id='word_1_865' title='bbox 2387 5342 2696 5405; x_wconf 87' lang='lat' dir='ltr'><strong>opportuno</strong></span> <span class='ocrx_word' id='word_1_866' title='bbox 2725 5340 2970 5405; x_wconf 88' lang='lat' dir='ltr'><strong>tempore</strong></span> <span class='ocrx_word' id='word_1_867' title='bbox 3002 5330 3381 5389; x_wconf 83' lang='lat' dir='ltr'><strong>tractabimus.</strong></span> 
     </span>
    </p>
   </div>
   <div class='ocr_carea' id='block_1_110' title="bbox 400 5622 2818 5706">
    <p class='ocr_par' dir='ltr' id='par_1_110' title="bbox 400 5622 2818 5706">
     <span class='ocr_line' id='line_1_110' title="bbox 400 5622 2818 5706; baseline -0.006 -9"><span class='ocrx_word' id='word_1_868' title='bbox 400 5644 449 5678; x_wconf 79' lang='lat'><strong>&quot;</strong></span> <span class='ocrx_word' id='word_1_869' title='bbox 483 5644 627 5702; x_wconf 74' lang='lat' dir='ltr'><strong>Psal.</strong></span> <span class='ocrx_word' id='word_1_870' title='bbox 662 5656 814 5706; x_wconf 84' lang='lat' dir='ltr'><strong>cvm,</strong></span> <span class='ocrx_word' id='word_1_871' title='bbox 843 5639 897 5700; x_wconf 73' lang='grc'>4.</span> <span class='ocrx_word' id='word_1_872' title='bbox 932 5638 981 5692; x_wconf 80' lang='lat'><strong>5.</strong></span> <span class='ocrx_word' id='word_1_873' title='bbox 1057 5634 1105 5667; x_wconf 80' lang='grc' dir='ltr'>τ’</span> <span class='ocrx_word' id='word_1_874' title='bbox 1154 5633 1309 5690; x_wconf 90' lang='lat' dir='ltr'><strong>Deut.</strong></span> <span class='ocrx_word' id='word_1_875' title='bbox 1350 5646 1523 5698; x_wconf 63' lang='lat' dir='ltr'><strong>anu,</strong></span> <span class='ocrx_word' id='word_1_876' title='bbox 1560 5629 1611 5684; x_wconf 82' lang='lat'><strong>9.</strong></span> <span class='ocrx_word' id='word_1_877' title='bbox 1689 5627 1735 5661; x_wconf 82' lang='lat'>“</span> <span class='ocrx_word' id='word_1_878' title='bbox 1763 5624 1927 5681; x_wconf 75' lang='lat' dir='ltr'><strong>laci).</strong></span> <span class='ocrx_word' id='word_1_879' title='bbox 1961 5639 2081 5692; x_wconf 70' lang='lat' dir='ltr'><strong>sui,</strong></span> <span class='ocrx_word' id='word_1_880' title='bbox 2114 5622 2165 5682; x_wconf 87' lang='lat'><strong>7.</strong></span> <span class='ocrx_word' id='word_1_881' title='bbox 2241 5624 2285 5659; x_wconf 79' lang='lat'><strong>&quot;</strong></span> <span class='ocrx_word' id='word_1_882' title='bbox 2321 5624 2509 5681; x_wconf 81' lang='lat' dir='ltr'><strong>Matth.</strong></span> <span class='ocrx_word' id='word_1_883' title='bbox 2542 5640 2689 5691; x_wconf 78' lang='lat' dir='ltr'>xm,</span> <span class='ocrx_word' id='word_1_884' title='bbox 2724 5623 2818 5684; x_wconf 73' lang='lat'>31.</span> 
     </span>
    </p>
   </div>
   <div class='ocr_carea' id='block_1_111' title="bbox 404 5750 1200 5832">
    <p class='ocr_par' dir='ltr' id='par_1_111' title="bbox 404 5750 1200 5832">
     <span class='ocr_line' id='line_1_111' title="bbox 404 5750 1200 5832; baseline -0.014 -18"><span class='ocrx_word' id='word_1_885' title='bbox 404 5759 481 5832; x_wconf 67' lang='grc' dir='ltr'>(ἓ)</span> <span class='ocrx_word' id='word_1_886' title='bbox 516 5756 867 5814; x_wconf 82' lang='lat' dir='ltr'><strong>Desideratur</strong></span> <span class='ocrx_word' id='word_1_887' title='bbox 892 5751 1005 5809; x_wconf 78' lang='grc' dir='ltr'>τοῦ.</span> <span class='ocrx_word' id='word_1_888' title='bbox 1046 5750 1200 5805; x_wconf 73' lang='lat' dir='ltr'><strong>Eon.</strong></span> 
     </span>
    </p>
   </div>
  </div>
