4070 6464
532 258 669 314 1155

1062 370 1292 426 CAPUT
1334 369 1570 427 XXVIII.

1146 462 1232 517 Ea:
1285 462 1489 518 eodem.

601 594 622 627 ι
669 573 735 630 Et
764 574 1073 648 egredietur
1114 575 1380 632 Dominus
1424 584 1479 632 et
1544 576 1879 647 praeliabitur
1922 586 2113 633 contra

527 675 717 741 gentes
750 667 915 733 illas.
965 676 1110 723 sicut
1159 670 1438 740 proeliatus
1467 678 1555 725 est
1612 671 1669 725 in
1725 670 1815 726 die
1858 671 2117 726 certami-

529 760 636 813 nis.
668 800 683 813 .
747 798 766 816 .
804 799 823 813 .
852 801 867 815 .
909 758 975 813 Et
1007 759 1187 815 veniet
1214 758 1480 815 Dominus
1518 758 1663 816 Deus
1689 775 1864 825 mens,
1892 776 2115 816 omnes-

528 866 635 921 que
660 851 835 908 sancti
856 866 979 906 cum
1008 867 1074 906 eo
1103 852 1169 906 ⁸³.
1196 871 1216 904 ι
1243 851 1310 906 Et
1335 853 1450 908 haec
1482 853 1588 908 rati
1611 852 1681 908 de
1700 853 1947 910 secundo
1998 854 2108 910 dici

673 943 880 999 Christi
907 944 1146 999 adventu
1177 944 1511 1001 notavimus.

1090 1121 1320 1178 CAPUT
1360 1121 1555 1178 XXIX.

1130 1217 1180 1273 E
1211 1218 1506 1275 Malachia.

608 1352 626 1383 ι
662 1330 783 1388 Non
809 1337 896 1388 est
920 1332 1058 1388 mihi
1089 1335 1342 1391 voluntas
1377 1334 1433 1389 in
1458 1335 1638 1401 vobis,
1660 1336 1798 1393 dicit
1838 1336 2105 1395 Dominus

529 1427 878 1498 omnipotens
908 1446 921 1481 :
950 1437 1005 1483 et
1062 1443 1264 1484 munus
1310 1443 1422 1483 non
1477 1430 1779 1501 suscipiam
1829 1432 1896 1489 de
1942 1448 2107 1489 manu

525 1527 729 1577 vestra.
760 1520 844 1576 Ab
872 1528 997 1576 ortu
1021 1522 1168 1577 enim
1201 1523 1335 1579 solis
1366 1539 1543 1595 usque
1570 1525 1638 1580 ad
1669 1541 1949 1591 occasum,
1986 1543 2106 1582 ma-

524 1627 692 1683 gnum
755 1620 838 1667 est
896 1627 1097 1667 nomen
1144 1627 1325 1667 meum
1367 1613 1423 1667 in
1455 1614 1711 1683 gentibus
1747 1621 1843 1670 :et
1876 1616 1931 1670 in
1959 1616 2107 1670 omni

525 1706 646 1760 loco
698 1703 1057 1768 sacriﬁcatur,
1105 1712 1159 1760 et
1213 1706 1440 1761 oﬁ'ertur
1471 1707 1680 1761 nomini
1737 1723 1861 1763 meo
1901 1708 2107 1765 oblatio
2136 1735 2180 1790 Β

525 1798 729 1853 munda
751 1817 762 1852 :
784 1797 911 1869 quia
937 1813 1193 1869 magnum
1211 1805 1297 1854 est
1319 1813 1515 1853 nomen
1535 1815 1716 1854 meum
1739 1800 1795 1854 in
1825 1800 2101 1871 gentibus,

533 1890 659 1946 dicit
673 1888 944 1946 Dominus
964 1891 1342 1960 omnipotens:
1367 1899 1422 1947 et
1438 1907 1535 1947 vos
1552 1892 1825 1962 polluistis
1846 1893 1977 1947 illud
1990 1894 2057 1947 ⁸³.
2081 1913 2098 1946 ι

526 1983 683 2038 Sicut
711 1999 929 2048 manus,
973 1992 1027 2038 et
1087 1989 1342 2049 dextera,
1373 1992 1427 2040 et
1482 1985 1771 2040 brachium
1822 1992 1878 2042 et
1927 1987 2106 2041 virtus

524 2074 620 2156 Dei
666 2076 909 2131 omnium
971 2074 1210 2132 Verbum
1260 2077 1381 2147 ejus
1434 2078 1492 2132 in
1542 2077 1742 2134 divinis
1788 2079 2105 2135 nominatur

523 2168 849 2239 Scripturis,
876 2169 952 2223 ita
1014 2177 1067 2224 et
1097 2186 1222 2224 eum
1273 2170 1527 2241 designat
1580 2186 1781 2226 nomen
1833 2170 1949 2227 Dei.
1987 2169 2103 2227 Hoc

520 2263 688 2333 igitur
716 2263 960 2318 divinum
1007 2277 1204 2319 nomen
1240 2266 1399 2334 quasi
1438 2283 1457 2316 ι
1493 2263 1562 2319 ab
1608 2270 1731 2319 ortu
1766 2264 1900 2320 solis
1931 2280 2105 2335 usque

522 2355 590 2409 ad
618 2371 876 2412 occasum
908 2355 1325 2428 gloriﬁcaturin
1361 2356 1640 2427 gentibus,
1674 2375 1694 2407 ι
1730 2356 1905 2412 cuivis
1929 2358 2106 2412 mani-

520 2445 722 2503 festum
751 2463 847 2518 per
884 2446 1303 2518 praedicationes
1355 2464 1477 2519 qua:
1517 2449 1575 2504 in
1633 2446 1837 2504 Christi
1884 2451 2106 2506 nomine

523 2537 729 2609 ubique
762 2536 920 2591 ﬁunt.
955 2536 1168 2606 Quippe
1192 2537 1247 2591 in
1280 2538 1430 2592 omni
1469 2538 1590 2594 loco
1643 2539 1888 2609 spiritale
1917 2540 2106 2595 incen-

520 2643 645 2684 sum
675 2637 729 2683 et
763 2628 1019 2699 precibus
1043 2642 1241 2700 purum
1296 2629 1759 2702 incruentumque
1808 2645 1874 2686 ac
1928 2633 2102 2687 ratio-

519 2721 646 2775 nale
686 2721 1022 2776 sacrillcium
1060 2736 1158 2792 per
1186 2736 1377 2777 verum
1435 2737 1823 2794 summumque
1879 2724 2103 2794 pontiﬁ-

519 2828 639 2868 cem
674 2810 785 2867 Deo
814 2811 1075 2868 oll'erunt.
1102 2811 1317 2880 Quibus
1352 2829 1485 2869 vero
1511 2814 1615 2869 hoc
1657 2816 1822 2871 modo
1871 2817 2104 2872 adoran-

521 2905 692 2969 tibus,
723 2906 1028 2976 corporalia
1054 2906 1257 2976 prioris
1294 2907 1481 2978 populi
1516 2908 1784 2963 sacriﬁcia
1815 2925 2105 2966 recessura

518 2998 653 3053 dicit
674 2997 839 3055 Deus.
876 2997 1226 3056 Manifestum
1274 3000 1443 3070 igitur
1489 3002 1764 3071 quomodo
1791 3011 1915 3072 post
1941 3003 2102 3058 Chri-

1217 253 1489 311 EUSEBll
1532 253 2014 311 CAiSARlENSlS
2047 256 2198 308 OPl’.
2243 257 2424 314 PARS
2463 259 2549 317 lll.
2588 296 2651 305 -—-
2693 265 3109 324 EXEGETICA.

2134 374 2182 430 Α

3658 278 3804 333 H56

2712 385 3105 440 ΚΕΦΑΔΑΙΟΝ
3146 389 3261 440 κη’

2342 529 2350 537 ,
2834 475 2945 529 Τοῦ
2971 477 3178 531 αὑτοῦ.

2286 600 2310 635 ι
2357 581 2418 651 (Γ.
2444 583 2534 655 34)
2573 585 2684 639 Καὶ
2714 586 3054 653 ἐξελεύσεται
3083 589 3309 661 Κύριος,
3348 592 3443 645 καὶ
3483 590 3803 661 παρατάειρ

2212 691 2301 730 ται
2334 677 2392 728 ὲν
2420 679 2533 740 τοῖς
2565 676 2773 733 ἔθνεσιν
2798 680 3045 744 ἐκείνοις,
3077 680 3261 746 καθὼς
3287 682 3468 754 ἡμέρα
3507 682 3757 755 πολέμου
3785 700 3799 712 ’

2213 766 2308 819 καὶ
2356 766 2624 838 παρέσται
2672 769 2875 844 Κύριος
2907 772 2935 823 ό
2980 770 3113 834 Θεός
3166 789 3290 843 μου,
3339 773 3434 827 καὶ
3488 774 3697 837 πάντες
3752 778 3802 827 οὶ

2212 857 2356 927 ἅγιοι
2405 861 2527 929 μετ’
2577 860 2765 918 αὐτοῦ.
2812 881 2833 914 ι
2882 863 2994 917 Καὶ
3038 864 3213 918 ταῦτα
3255 864 3611 931 ὑπονοοῦντες
3661 870 3804 939 περὶ

2209 949 2308 1020 τῆς
2344 949 2605 1022 δευτέρας
2634 952 2888 1013 λέγεσθαι
2921 955 3014 1009 τοῦ
3045 956 3285 1027 Χριστοῦ
3328 959 3633 1030 παρουσίας
3667 961 3803 1032 ἐση-

2212 1041 2588 1114 μειωσάμεθα.
3539 1057 3542 1060 ’

2715 1137 3112 1193 ΚΕΦΑΛᾹῘΟΝ
3150 1138 3277 1193 ΚΘ¹.

2781 1229 2894 1283 Τοῦ
2924 1230 3205 1301 ἀγγέλου.

2289 1355 2306 1388 ι
2354 1338 2467 1392 Οὐκ
2519 1337 2634 1393 ἔστι
2684 1357 2784 1412 μου
2833 1340 3046 1413 θέλημα
3092 1344 3150 1397 ὲν
3195 1345 3345 1416 ὑμῖν,
3389 1345 3537 1415 λέγει
3585 1346 3805 1417 Κύριος

2210 1430 2623 1504 παντοκράτωρ,
2673 1434 2765 1486 καὶ⁵
2816 1432 3006 1487 θυσίαν
3048 1436 3109 1488 οὐ
3165 1436 3528 1509 προσδέξομαι
3568 1440 3635 1491 ὲκ
3682 1437 3800 1491 τῶν

2208 1523 2410 1594 χειρῶν
2453 1524 2628 1596 ὑμῶν.
2680 1526 2825 1579 Διότι
2876 1526 2985 1581 ἀπὸ
3026 1527 3300 1582 ἀνατολῶν
3345 1528 3498 1601 ἡλίου
3546 1530 3641 1584 καὶ
3688 1532 3800 1592 ἕως

2207 1613 2428 1686 δυσμῶν
2465 1616 2525 1670 τὸ
2554 1616 2726 1690 δνομόι
2757 1636 2857 1691 μου
2883 1619 3194 1688 δεδόξασται
3222 1623 3279 1675 ὲν
3321 1625 3435 1688 τοῖς
3466 1623 3664 1692 ἔθνεσι,
3700 1629 3799 1682 καὶ

2208 1710 2266 1761 ὲν
2314 1710 2480 1763 παντὶ
2524 1712 2674 1784 τόπῳ
2722 1712 2972 1785 θυμίαμα
3016 1716 3385 1788 προσφέρεται
3434 1716 3514 1787 τῷ
3564 1719 3798 1791 ὀνόματί

2211 1815 2334 1868 μου,
2371 1800 2466 1853 καὶ
2493 1798 2653 1854 θυσία
2679 1801 2927 1875 καθαρά’
2961 1802 3094 1857 διότι
3128 1804 3272 1875 μέγα
3302 1804 3364 1858 τὸ
3391 1805 3566 1875 ὄνομά
3604 1823 3710 1878 μου
3737 1807 3798 1858 ὲν

2206 1894 2319 1955 τοῖς
2363 1890 2560 1957 ἔθνεσι,
2604 1892 2751 1962 λέγει
2797 1894 3004 1966 Κύριος
3055 1897 3481 1967 παντοκράτωρ“
3532 1897 3693 1968 ὑμεῖς
3736 1897 3796 1951 δὲ

2210 1985 2500 2058 βεϐηλοῦτε
2548 1987 2699 2040 αὑτό.
2738 2007 2757 2041 ι
2802 1988 3015 2061 Ὥσπερ
3058 1989 3181 2063 χεὶρ
3209 1990 3304 2043 καὶ
3341 1988 3489 2054 δεξιά
3526 1991 3623 2045 καὶ
3652 1990 3794 2062 βρα-

2207 2078 2340 2148 χίων
2378 2080 2473 2133 καὶ
2500 2079 2727 2151 δύναμις
2755 2079 2850 2134 τοῦ
2880 2079 3014 2135 Θεοῦ
3055 2080 3163 2135 τῶν
3190 2080 3325 2134 ὅλων
3353 2083 3383 2135 ό
3420 2082 3593 2148 Λόγος
3622 2079 3795 2134 αὐτοῦ

2210 2170 2268 2223 ὲν
2302 2172 2422 2234 ταῖς
2468 2170 2644 2235 θείαις
2683 2171 2997 2242 ὠνόμασται
3036 2171 3306 2243 Γραφαίς,
3349 2170 3523 2235 οὕτως
3551 2173 3582 2224 ὁ
3626 2170 3796 2233 αὐτὸς

2210 2262 2304 2315 καὶ
2340 2262 2509 2334 ὄνομα
2552 2262 2877 2335 χρηματίζει
2915 2262 3007 2317 τοῦ
3037 2262 3193 2317 Θεοῦ.
3240 2263 3410 2318 Τοῦτο
3435 2259 3529 2317 οὖν
3554 2262 3619 2317 τὸ
3645 2263 3796 2318 θεῖον

2210 2355 2381 2427 ὄνομα
2412 2355 2487 2420 ὡς
2516 2373 2535 2406 ι
2570 2357 2665 2409 ἀπ’
2709 2353 2980 2410 ἀνατολῶν
3018 2356 3169 2428 ήλίου
3203 2357 3298 2411 καὶ⁸
3321 2356 3541 2428 δυσμῶν
3576 2355 3796 2423 δεδόξα-

2213 2465 2333 2503 σται
2376 2451 2433 2502 ἐν
2461 2452 2572 2513 τοῖς
2600 2448 2829 2514 ἔθνεσιν,
2861 2468 2880 2500 ι
2923 2448 3084 2502 παντί
3125 2465 3203 2519 τῳ
3245 2447 3509 2521 πρόδηλον
3538 2447 3647 2502 ἀπὸ
3680 2445 3793 2501 τιῖιν

2208 2542 2514 2613 πανταχόσε
2572 2542 3020 2614 χρηματιζόντων
3071 2541 3215 2596 κατὰ
3256 2542 3355 2614 τὴν
3406 2541 3501 2594 τοῦ
3547 2539 3791 2612 Χριστοῦ

2207 2634 2580 2705 προσηγορίαν
2599 2650 2611 2663 ³
2643 2635 2692 2688 οἳ
2721 2634 2815 2687 καὶ
2837 2634 2894 2687 ὲν
2921 2633 3084 2687 παντὶ
3113 2633 3264 2704 τόπῳ
3290 2632 3664 2703 πνευματικὸν
3695 2631 3793 2684 θυ-

2211 2729 2391 2801 μίαμα
2424 2729 2519 2782 καὶ
2561 2729 2659 2801 τὴν
2702 2728 2770 2782 δι’
2804 2727 2980 2799 εὐχῶν
3021 2726 3266 2798 καθαρὰν
3307 2725 3401 2780 καὶ
3447 2724 3791 2797 ἀναίμακτον

2207 2826 2302 2880 καὶ
2330 2822 2553 2893 λογικὴν
2580 2821 2770 2874 θυσίαν
2796 2819 2885 2873 διὰ
2908 2817 3002 2873 τοῦ
3028 2818 3149 2873 κατ’
3184 2817 3442 2889 ἀλήθειαν
3483 2817 3790 2889 ἀρχιερέως

2207 2916 2542 2989 προσάγουσι
2567 2912 2645 2985 τῷ
2672 2913 2818 2984 Θεῷ’
2848 2912 3052 2966 τούτων
3082 2910 3140 2965 δὲ
3185 2909 3370 2965 τοῦτον
3414 2908 3791 2983 λατρευόντων

2204 3010 2298 3063 τὸν
2328 3008 2548 3081 τρόπον,
2582 3007 2683 3071 τὰς
2719 3003 3039 3076 σωματικὰς
3080 3002 3175 3058 τοῦ
3215 3003 3480 3075 προτέρου
3526 3003 3652 3057 λαοῦ
3694 3003 3786 3056 θυ-

519 3093 590 3148 sti
615 3093 1051 3149 incarnationem
1094 3094 1353 3164 utrinque
1411 3094 1573 3149 ﬁnem
1629 3097 1914 3167 prophetia
1945 3111 2103 3153 acce-

2208 3102 2330 3165 σίας
2360 3097 2882 3170 ἀποστραφήσεσθαί
2916 3114 3080 3168 φησιν
3123 3096 3152 3148 ὁ
3179 3094 3343 3160 Θεόςο
3377 3094 3472 3150 καὶ
3507 3094 3573 3167 δὴ
3617 3094 3788 3163 σαφὲς

518 3186 694 3258 perit;
765 3186 968 3240 ctenim
1029 3185 1230 3256 prioris
1274 3187 1457 3258 pupuli
1509 3188 1893 3258 reprobatione
1937 3188 2101 3243 simul

518 3277 772 3333 submota
828 3285 958 3333 sunt
992 3277 1062 3333 ab
1085 3279 1165 3333 eis
1191 3279 1491 3334 secundum
1519 3279 1707 3336 Daniel
1748 3280 2019 3335 sacriﬁcia
2049 3290 2102 3336 et

517 3369 836 3434 libamenta,
889 3386 991 3426 nec
1041 3386 1152 3426 non
1180 3379 1234 3427 et
1285 3372 1528 3443 gentium
1556 3372 1622 3427 ad
1658 3372 1905 3427 omnium
1928 3371 2097 3429 Deum

519 3464 804 3518 conversio
835 3464 1129 3520 subsecuta
1151 3470 1256 3522 est.

1084 3662 1527 3737 CAPUT‘XXX.

1152 3756 1238 3811 Ex
1261 3758 1467 3814 eodem.

594 3890 614 3925 ι
657 3870 887 3927 Pactum
913 3886 1095 3928 meum
1136 3871 1240 3927 fuit
1276 3887 1401 3928 cum
1433 3888 1500 3947 eo
1544 3874 1670 3930 vita:
1716 3883 1772 3930 et
1810 3874 1962 3946 pacis
1996 3891 2010 3928 :
2044 3883 2098 3932 et

513 3964 641 4022 dedi
688 3966 739 4022 ei
798 3965 1373 4037 timorem,et'.timnit
1403 3983 1511 4033 me,
1566 3976 1620 4024 et
1672 3982 1704 4022 a
1746 3967 1887 4025 facie
1920 3969 2099 4023 nomi-

2205 3189 2321 3253 πῶς
2356 3188 2495 3260 μετὰ
2519 3188 2616 3259 τὴν
2647 3187 2740 3241 τοῦ
2763 3185 2999 3258 Χριστοῦ
3028 3184 3329 3256 παρουσίαν
3353 3183 3471 3237 κατ’
3498 3184 3787 3254 ἀμφότερα

2202 3279 2378 3351 πέρας
2392 3277 2612 3349 εἴληφεν
2643 3280 2675 3349 ή
2700 3277 3027 3349 προφητεία*
3057 3277 3199 3330 κατά
3211 3293 3272 3329 τε
3291 3274 3392 3348 τὴν
3410 3275 3485 3347 (5)
3515 3273 3786 3347 προτέρου

2202 3369 2331 3424 λαοῦ
2362 3369 2651 3443 ἀποϐολὴν,
2689 3369 2804 3440 ἅμα
2833 3386 2893 3422 τε
2932 3367 3190 3441 ἀρθείσης
3216 3367 3275 3434 ἐξ
3301 3368 3482 3422 αὐτῶν
3518 3368 3664 3423 κατά
3692 3369 3787 3423 τὸν

2202 3460 2401 3533 Δανιὴλ
2431 3460 2622 3523 θυσίας
2650 3461 2745 3514 καὶ
2783 3459 3037 3530 σπονδῆς,
3068 3460 3164 3514 καὶ
3187 3459 3330 3515 κατά
3353 3458 3451 3532 τὴν
3483 3459 3594 3514 τῶν
3616 3459 3787 3517 ἐθνῶν

2203 3555 2296 3608 ἐπὶ
2318 3554 2407 3607 τὸν
2433 3552 2544 3607 τῶν
2576 3552 2712 3606 ὅλων
2740 3551 2872 3605 Θεὸν
2902 3552 3257 3624 ἐπιστροφήν.

2730 3661 3125 3715 ΚΕΦΑΛΑῙΟΝ
3158 3661 3237 3716 A'.

2821 3756 2931 3810 Τοῦ
2953 3753 3160 3809 αὐτοῦ.

2276 3893 2293 3926 ι
2348 3874 2413 3927 Ἠ
2443 3871 2673 3944 διαθήκη
2707 3865 2775 3942 ἦν
2828 3871 2948 3942 μετ’
2991 3866 3157 3923 αὐτοῦ
3212 3866 3314 3938 τῆς
3359 3865 3506 3938 ζωῆς
3534 3867 3630 3920 καὶ
3683 3866 3787 3933 τῆς

2200 3968 2444 4041 εἰρήνης,
2493 3966 2588 4020 καὶ
2642 3964 2818 4018 ἔδωκα
2849 3962 2997 4035 αὑτῷ
3046 3961 3195 4032 φόϐῳ
3228 3959 3509 4030 φοϐεῖσθαί
3554 3976 3644 4031 με,
3687 3959 3785 4014 καὶ
3828 3970 3831 3975 ‘

518 4060 608 4114 nis
646 4056 754 4113 mei
776 4059 1026 4129 pavebat.
1064 4058 1174 4116 Lex
1208 4060 1459 4117 veritatis
1499 4057 1605 4114 luit
1653 4060 1707 4115 in
1750 4075 1849 4116 ore
1879 4060 2021 4130 ejus,
2044 4069 2098 4117 et

2207 4062 2308 4116 ἀπὸ
2338 4058 2631 4133 προσώπου
2661 4055 2923 4128 ὀνόματός
2973 4071 3073 4127 μου
3110 4052 3426 4107 στέλλεσθαι
3458 4052 3641 4106 αὐτόν.
3671 4051 3782 4105 Νό-

514 4151 783 4223 iniquitas
831 4168 942 4208 non
995 4161 1079 4208 est
1127 4153 1349 4209 inventa
1396 4153 1453 4208 in
1487 4153 1650 4209 labiis
1673 4154 1838 4224 ejus:
1879 4154 1934 4209 in
1959 4169 2094 4226 pace

2207 4170 2301 4225 μος
2325 4151 2581 4224 ἀληθείας
2605 4147 2673 4223 ἦν
2703 4150 2761 4204 ὲν
2787 4148 2867 4220 τῷ
2892 4148 3118 4218 στόματι
3147 4144 3335 4213 αὐτοῦ,
3363 4145 3458 4201 καὶ
3480 4143 3664 4199 ἀδικία
3682 4143 3784 4215 οὐχ

513 4255 571 4300 et
600 4246 654 4300 in
679 4245 936 4316 aequitate
970 4246 1272 4301 ambulavit
1302 4261 1539 4311 mecum,
1576 4253 1631 4301 et
1661 4247 1863 4304 multos
1900 4248 2097 4304 avertit

2207 4243 2395 4316 εὑρέθη
2427 4244 2485 4296 ὲν
2508 4239 2742 4313 χείλεσιν
2766 4236 2953 4292 αὑτοῦ·
2978 4239 3036 4290 ὲν
3062 4236 3252 4308 εἰρήνῃ
3284 4234 3630 4289 κατευθύνων
3654 4236 3785 4289 ἑπο-

514 4332 586 4387 ab
619 4333 928 4405 iniquitate.
978 4333 1151 4390 Labia
1214 4335 1362 4391 enim
1423 4337 1729 4393 sacerdotis
1780 4339 2097 4395 custodient

2207 4334 2370 4408 ρεύθη
2413 4334 2529 4404 μετ’
2568 4330 2728 4405 ἐμοῦ,
2760 4332 2855 4385 καὶ
2894 4328 3122 4392 πολλοὺς
3149 4325 3484 4400 ἐπέστρεψεν
3514 4326 3625 4380 ἀπὸ
3661 4324 3781 4380 ἀδιο

510 4425 826 4488 scientiam,
860 4434 914 4481 et
935 4426 1107 4498 legem
1156 4428 1438 4498 requirent
1487 4444 1553 4484 ex
1614 4444 1711 4486 ore
1752 4430 1877 4501 ejus
1912 4446 1925 4482 :
1962 4433 2089 4502 quia

2207 4428 2341 4491 κίας,
2374 4428 2494 4480 Ὀτι
2532 4424 2684 4496 χείλη
2712 4423 2905 4496 ἱερέως
2927 4419 3221 4491 φυλάξεται
3249 4419 3472 4489 γνῶσιν,
3493 4419 3588 4473 καὶ
3614 4418 3783 4489 νόμον

513 4514 739 4590 angelus
772 4518 988 4575 Domini
1015 4521 1407 4592 omnipotentis
1452 4531 1536 4578 est
1555 4522 1623 4577 “.
1660 4542 1680 4575 ι
1716 4522 1842 4579 Haec
1872 4540 2091 4596 quoque

2207 4518 2588 4590 ἑκζητήσουσιν
2612 4517 2678 4570 ὲκ
2699 4515 2967 4586 στόματος
2993 4513 3181 4575 αὐτοῦ,
3210 4514 3292 4567 ὅτι
3320 4511 3549 4581 ἄγγελος
3569 4511 3777 4583 Κυρίου

512 4625 639 4665 cum
664 4611 998 4669 testimoniis
1029 4613 1097 4669 de
1122 4611 1345 4669 Christo
1371 4628 1613 4686 congrua
1645 4624 1964 4688 reputantes
1998 4634 2089 4674 re-

2207 4609 2634 4682 παντοκράτορός
2661 4609 2830 4661 ἐστιν.
2864 4626 2883 4659 ι
2914 4605 3025 4661 Kal.
3054 4604 3205 4659 ταῦθ’
3232 4604 3495 4677 ἁρμόζειν
3528 4603 3780 4674 ὑπολαμ-

510 4703 758 4761 tulimus.
795 4703 1022 4760 Pactum
1064 4704 1212 4761 enim
1250 4705 1375 4761 vita:
1402 4712 1457 4760 et
1490 4706 1644 4776 pacis
1684 4721 1811 4762 cum
1840 4723 1907 4764 eo
1930 4716 2084 4776 erat;

2207 4708 2447 4772 deowe;
2468 4707 2588 4770 ταῖς
2615 4704 2743 4777 περὶ
2772 4700 3010 4774 Χριστοῦ
3044 4697 3369 4772 μαρτυρίαις
3399 4695 3775 4767 ὲκτεθείμεθα·

509 4796 728 4852 timoris
757 4810 888 4851 vero
918 4796 1149 4869 spiritus
1183 4811 1309 4853 cum
1354 4797 1571 4852 caateris
1627 4812 1794 4868 super
1838 4814 1965 4855 eum
2000 4814 2088 4855 re-

2207 4801 2227 4871 ή
2256 4818 2317 4854 τε
2344 4798 2453 4871 γὰρ
2483 4797 2715 4869 διαθήκη
2749 4797 2850 4866 τῆς
2874 4793 3022 4864 ζωῆς
3055 4791 3149 4846 καὶ
3179 4789 3279 4861 τῆς
3299 4789 3520 4860 εἰρήνης
3553 4782 3623 4858 ἢν
3655 4788 3776 4857 μετ’

507 4890 740 4963 quievit,
761 4889 920 4961 juxta
958 4890 1075 4944 haec
1115 4886 1273 4946 Isaiae
1300 4889 1465 4945 verba
1494 4906 1508 4942 :
1543 4907 1563 4940 ι
1600 4887 1669 4944 Ει
1702 4890 1932 4961 replebit
1956 4906 2084 4948 eum

2207 4889 2384 4955 κὺτοῦ,
2418 4889 2480 4943 τό
2523 4905 2584 4942 τε
2619 4885 2712 4941 τοῦ
2762 4884 2927 4956 φόὸου
2961 4880 3183 4953 πνεῦμα
3218 4879 3356 4952 μετὰ
3395 4878 3486 4933 καὶ
3517 4877 3624 4932 τῶν
3666 4877 3779 4931 λοι-

510 4986 739 5055 spiritus
776 4983 991 5040 timoris
1022 4982 1240 5039 Domini
1259 4981 1328 5038 ⁸⁸.
1370 5002 1390 5036 ι
1428 4981 1691 5039 Veritatis
1725 4998 1947 5055 quoque
1977 4984 2087 5052 lex,

2207 4983 2316 5037 πῶν
2348 4983 2435 5037 ἐπ’
2467 4981 2631 5036 αὑτὸν
2663 4976 3006 5034 ἀνεπαύσατο
3039 4972 3180 5029 κατὰ
3201 4972 3283 5037 τὸ,
3315 4991 3333 5024 ι
3361 4973 3471 5026 Καὶ
3501 4969 3775 5041 ἐμπλήσει

509 5093 619 5132 non
651 5086 831 5133 autem
859 5078 1044 5150 typica
1070 5076 1129 5132 in
1168 5090 1266 5134 ore
1292 5076 1413 5147 ejus
1439 5084 1579 5144 erat,
1613 5083 1670 5132 et
1714 5090 1827 5132 non
1866 5076 2088 5133 inventa

2207 5075 2357 5130 ιὺτὺν
2390 5073 2608 5146 πνεῦμα
2656 5071 2822 5140 φόϐου
2859 5067 3018 5129 Θεοῦ,
3058 5088 3076 5120 ι
3108 5066 3400 5137 λεγόμενον
3440 5065 3496 5116 ὲν
3541 5063 3771 5133 Ἡσαΐᾳ·

508 5178 594 5226 est
618 5169 880 5241 iniquitas
923 5170 980 5226 in
1023 5168 1186 5227 labiis
1250 5168 1393 5242 ejus.
1422 5167 1589 5225 Juxta
1635 5167 1783 5225 enim
1831 5167 2086 5225 eumdem

2207 5169 2353 5224 τοῦτο
2384 5168 2440 5222 δὲ
2469 5167 2565 5220 καὶ⁵
2592 5167 2622 5219 δ
2647 5165 2746 5237 τῆς
2776 5161 3031 5234 ἀληθείας
3062 5160 3245 5231 νόμος,
3271 5158 3393 5228 οὐχὶ
3416 5156 3474 5210 δὲ
3494 5158 3523 5210 ὁ
3545 5154 3776 5218 τυπικδς

510 5260 727 5325 lsaiam,
780 5260 1128 5332 iniquitatem
1173 5275 1287 5316 non
1344 5259 1493 5326 fecit,
1539 5274 1643 5317 nec
1702 5259 1959 5317 inventus
2005 5268 2092 5317 est

2207 5280 2248 5316 av
2276 5260 2355 5332 τῷ
2389 5259 2617 5331 στόματι
2647 5253 2736 5330 ἦν,
2772 5258 2867 5310 καὶ
2890 5255 3070 5309 ἀδικία
3101 5253 3201 5323 οὐχ
3232 5250 3429 5324 εὑρέθη
3456 5251 3515 5303 ὲν
3538 5247 3775 5321 χείλεσιν

508 5352 676 5409 dolus
700 5356 754 5409 in
782 5354 942 5412 labiis
987 5356 1129 5426 ejus.
1162 5353 1332 5423 Quasi
1368 5355 1711 5413 coexsistens
1757 5356 1939 5427 patria
1974 5356 2089 5410 vir-

2207 5351 2373 5406 ιύτοῦ·
2406 5348 2549 5403 κατά
2586 5346 2693 5418 γὰρ
2736 5345 2828 5398 τὸν
2867 5343 3096 5396 Ἡσαΐαν
3124 5340 3400 5413 ἁμαρτίαν
3441 5340 3542 5427 οῦκ
3579 5336 3775 5409 ἐποίη-

506 5454 628 5503 tute
657 5466 676 5499 ι
717 5448 773 5502 in
806 5463 939 5520 pace
974 5425 1030 5505 et
1070 5449 1127 5504 in
1160 5450 1416 5521 aequitate
1451 5469 1470 5503 ι
1502 5425 1803 5505 ambulavit
1842 5463 1969 5504 cum
1997 5463 2085 5514 eo,

2207 5460 2303 5509 rev,
2329 5442 2451 5496 οὐδὲ
2477 5438 2674 5512 εὑρέθη
2695 5436 2843 5500 δόλος
2871 5438 2929 5488 ὲν
2957 5433 3191 5505 χείλεσιν
3223 5431 3407 5488 αὐτοῦ·
3438 5425 3526 5484 οἷα
3555 5430 3614 5486 δὲ
3647 5442 3775 5484 συν-

576 5610 626 5641 "
657 5608 826 5664 Zacb.
858 5625 969 5675 xw,
996 5608 1030 5662 5
1054 5647 1071 5672 ,
1121 5609 1175 5663 ὅ.
1248 5607 1295 5640 ⁸³
1329 5608 1559 5665 Malach.
1603 5625 1653 5677 ι,
1706 5608 1897 5665 10-12.
1973 5609 2018 5642 ³⁸
2051 5606 2107 5664 Μς

2207 5604 2348 5671 :h.n,
2380 5601 2495 5658 5.7.
2571 5599 2616 5633 ⁸⁸
2650 5598 2754 5655 lsa.
2789 5612 2861 5663 ιι,
2904 5595 2957 5651 5.

579 5708 658 5780 {3)
700 5706 1050 5763 Desideralur
1085 5702 1198 5759 τοῦ.
1230 5703 1386 5760 Ευιτ.
