4096 6412
354 287 494 342 1157
1362 284 1661 343 ECLOGA}
1702 285 2179 345 PROPHETICIE.
2218 322 2284 331 —
2330 290 2460 347 LIB.
2502 292 2595 349 Ill.
3483 297 3622 352 “58

356 405 430 460 ὼν
468 409 534 477 τῇ
587 407 824 478 πατρικῇ
873 405 1099 477 δυνάμει
1139 423 1155 455 ι
1197 407 1254 459 ὲν
1296 408 1487 481 εἰρήνῃ
1533 409 1877 463 κατευθύνων
1917 430 1935 462 ι
1972 468 1973 472 η

2004 411 2232 475 Lmultis
2260 427 2451 467 eorum
2476 414 2569 483 qui
2595 416 2750 483 prius
2795 413 2963 469 Deum
3004 412 3331 484 ignorabant
3370 412 3439 467 ad
3487 429 3621 468 con-

358 498 650 572 ὶπορεύετο
689 498 805 571 μετ’
834 498 1023 562 αὐτοῦ,
1057 497 1285 562 πολλοὺς
1323 500 1433 552 τῶν
1479 501 1645 555 πάλαι
1676 501 1769 555 τὸν
1809 502 1942 556 Θεὸν

2044 504 2349 559 versionem
2389 505 2662 575 impulsis.
2694 507 2853 576 Apud
2906 522 3054 571 eum,
3091 514 3147 559 ιιι
3196 520 3473 561 summum
3529 520 3619 560 sa-

360 591 436 663 μὴ
465 590 684 645 εἰδότων
721 591 802 654 είς
836 590 1171 662 ἐπιστροφὴν
1196 590 1364 660 ἄγων·
1390 594 1523 665 παρ’
1548 594 1713 648 αὐτοῦ
1734 594 1813 659 δὲ,
1846 595 1941 649 ἆτε

2045 595 2344 661 cerdotem,
2373 603 2428 651 et
2458 596 2528 651 de
2570 595 2829 652 omnibus
2878 597 3168 651 scientiam
3194 594 3618 660 custodientem,

359 684 660 755 ἀρχιερέως
683 681 834 746 ὄντος
857 683 951 735 καὶ⁵
970 682 1068 754 τὴν
1104 684 1227 755 περὶ
1259 684 1474 738 πάντων
1501 684 1562 749 (Γ.
1589 687 1658 740 ’54
1685 687 1762 759 v')
1797 687 1942 756 γνῶ-

2044 686 2283 739 divinum
2317 687 2488 758 legem
2551 687 2957 757 requisiverunt
3010 697 3068 743 et
3109 688 3392 758 requirent
3441 687 3618 757 ipsius

361 792 446 830 σιν
482 775 953 845 διαφυλάττοντας,
996 776 1087 830 τὸν
1121 776 1263 830 θεῖον
1309 779 1471 849 νόμον
1517 776 1851 851 ὲξεζήτησάν
1882 797 1941 833 τε

2045 777 2290 832 scientim
2332 779 2585 835 studiosi.
2642 778 2764 849 lpse
2805 789 2891 834 est
2911 779 3059 835 enim
3113 797 3131 830 ι
3166 779 3349 851 magni
3402 778 3619 834 consilii

356 870 451 922 καὶ
484 868 898 941 ὲκζητήσουσιν.
922 863 1003 932 οἷς
1024 869 1207 940 μέλλει
1238 869 1340 940 τῆς
1371 870 1492 924 κατ’
1522 871 1685 925 αὑτὸν
1718 874 1945 945 ἐπιστή-

2042 869 2284 940 Angelus
2310 869 2378 934 ⁸⁵,
2411 889 2430 921 ι
2465 878 2519 926 et
2550 868 2732 926 Patris
2774 872 3111 927 voluntatem
3160 871 3310 927 omni
3356 877 3624 926 creatura:

360 976 498 1034 μηςσ
528 962 692 1027 αὐτὸς
721 964 830 1033 γάρ
872 965 1019 1017 ἐστιν
1056 980 1075 1014 ι
1114 962 1265 1033 ὁτῆς
1301 964 1543 1036 μεγάλης
1587 963 1781 1036 βουλῆς
1811 967 1944 1035 ’Λγ-

782 964 830 1033 ip
872 965 1019 1017 ἐστιν
1056 980 1075 1014 ι
1114 962 1265 1033 ὁτῆς
1301 964 1543 1036 μεγάλης
1587 963 1781 1036 βουλῆς
1811 967 1944 1035 ’Λγ-
2042 964 2399 1020 annuntians.

355 1051 533 1121 γελος,
571 1072 589 1106 ι
626 1052 888 1107 διακονῶν
932 1053 1025 1106 καὶ
1046 1052 1375 1123 διαγγέλλων
1420 1053 1584 1108 παντὶ
1628 1055 1842 1128 γενητῷ
1880 1055 1944 1110 τὸ

356 1141 452 1196 τοῦ
482 1144 694 1213 Πατρὸς
718 1142 984 1215 βούλημα.

870 1258 1268 1313 ΚΕΦΛΛΛΙΟΝ
1298 1256 1425 1313 AA'.

2596 1264 2830 1321 CAPUT
2870 1264 3044 1320 XXXI

977 1369 1088 1425 Τοῦ
1121 1372 1328 1427 αὐτοῦ.

2660 1378 2743 1434 Ex
2780 1382 2979 1435 eodem.

434 1500 453 1533 ι
508 1481 635 1536 Ἰδοὺ
665 1452 1041 1549 ἐξαποστέλλω
1065 1484 1157 1538 τὸν
1181 1483 1411 1555 ἄγγελόν
1443 1503 1565 1558 μου,
1601 1487 1695 1541 καὶ
1727 1486 1942 1541 ἐπιϐλέ-

2122 1514 2142 1547 ι
2184 1494 2327 1551 Ecce
2371 1509 2473 1565 ego
2508 1495 2668 1551 mitto
2714 1494 2967 1565 angelum
3023 1508 3228 1560 meum,
3259 1501 3315 1548 et
3349 1508 3622 1564 praepara-

356 1574 518 1644 ψεται
541 1574 657 1628 ὁδὸν
682 1576 790 1647 πρὸ
815 1575 1109 1647 προσώπου
1143 1595 1267 1649 μου,
1297 1578 1392 1634 καὶ
1424 1579 1689 1649 ἐξαίφνης
1715 1579 1835 1650 ἥξει
1865 1582 1944 1644 εἰς

2050 1590 2131 1646 bit
2158 1590 2302 1645 viam
2369 1596 2495 1644 ante
2552 1587 2747 1643 faciem
2778 1602 2975 1642 meam.
3016 1584 3083 1640 Et
3109 1586 3292 1641 statim
3347 1586 3525 1642 veniet
3557 1586 3624 1640 ad

356 1670 449 1725 τὸν
470 1670 605 1725 ναὸν
635 1671 831 1725 ἑαυτοῦ
858 1672 1081 1745 Κύριος,
1110 1673 1171 1727 ὂν
1209 1676 1368 1746 ὑμεῖς
1402 1676 1635 1747 ζητεῖτε,
1673 1679 1768 1732 καὶ
1794 1679 1823 1731 ὁ
1847 1679 1946 1748 ἄγ-

2047 1699 2207 1740 suum
2238 1682 2501 1752 templum
2533 1680 2876 1744 Dominator,
2908 1693 3071 1749 quem
3112 1694 3210 1735 vos
3248 1678 3494 1749 quaeritis
3525 1694 3537 1729 :
3571 1685 3624 1733 et

355 1765 512 1861 γελος
541 1764 642 1849 τῆς
668 1764 955 1837 διαθήκης,
984 1766 1042 1820 ὃν
1081 1768 1237 1838 ὑμεῖς
1272 1766 1454 1823 θέλετε
1473 1787 1487 1800 σ
1526 1769 1656 1835 ἰδοὺ,
1699 1770 1941 1843 ἔρχεται,

2004 1776 2273 1860 ιειιεειιιε
2322 1773 2659 1837 testamenti,
2717 1786 2881 1842 quem
2922 1786 3021 1826 vos
3048 1770 3235 1825 vultis.
3269 1769 3408 1825 Ecce
3453 1769 3621 1832 venit,

352 1852 503 1923 λέγει
528 1855 733 1928 Κύριος
756 1858 1171 1931 παντοκράτωρ.
1197 1860 1308 1913 Καὶ
1337 1860 1420 1924 τίς
1447 1862 1709 1933 ὑπομενεῖ
1731 1863 1942 1935 ἡμέραν

2008 1852 2013 1858 ’
2044 1864 2176 1919 dicit
2212 1864 2472 1918 Dominus
2497 1863 2867 1932 omnipotens.
2904 1858 2970 1912 Et
3000 1858 3125 1929 quis
3156 1859 3355 1928 poterit
3384 1857 3625 1928 cogitare

358 1948 562 2002 εἰσόδου
589 1948 790 2015 αὐτοῦς
825 1950 857 2021 ἢ
892 1952 975 2015 τίς
1000 1951 1369 2025 ύποστήσεται
1403 1955 1461 2009 ὲν
1484 1958 1551 2027 τῇ
1585 1955 1827 2029 ὀπτασίᾳ
1847 1959 1943 2011 αύ-

2048 1957 2193 2013 diem
2226 1956 2498 2010 adventus
2552 1955 2694 2025 ejus,
2743 1960 2797 2008 et
2845 1952 2973 2022 quis
3013 1950 3180 2006 stabit
3230 1950 3297 2004 ad
3326 1948 3625 2004 videndum

352 2038 482 2105 τ;ῦ;
511 2041 643 2095 διότι
676 2042 837 2106 αὐτὸς
875 2044 1252 2116 εἰσπορεύεται
1290 2046 1367 2111 ὡς
1400 2048 1511 2119 πῦρ
1551 2050 1940 2122 χωνευτηρίου,

2045 2047 2210 2103 eum?
2233 2045 2352 2116 Ipse
2385 2046 2530 2100 enim
2573 2045 2731 2114 quasi
2764 2045 2906 2116 ignis
2933 2041 3201 2105 conﬂans,
3238 2048 3291 2094 et
3320 2039 3626 2095 emundans

356 2133 453 2187 καὶ
476 2133 552 2197 ὡς
574 2134 704 2188 ποιὰ
726 2134 1049 2190 πλυνόντων·
1074 2138 1167 2191 καὶ¹
1187 2137 1453 2192 καθιείται
1478 2140 1835 2210 άναχωνεύων
1850 2142 1945 2196 καὶ

2046 2146 2356 2211 argentum,
2382 2147 2435 2194 et
2464 2138 2741 2210 purgabit,
2782 2145 2837 2192 et
2880 2134 3084 2190 colabit
3110 2148 3206 2188 eos
3238 2132 3398 2203 quasi
3430 2147 3626 2187 aurum

354 2225 667 2297 καθαρίζων
694 2227 769 2291 ὡς
795 2228 856 2282 τὸ
882 2228 1143 2301 ἀργύριον
1172 2231 1352 2285 καὶτὸ
1378 2231 1620 2303 χρυσίον.
1655 2253 1673 2285 ι
1711 2233 1792 2287 Τὰ
1816 2235 1945 2306 περὶ

2046 2240 2100 2289 et
2131 2233 2289 2303 quasi
2319 2238 2605 2303 argentum
2658 2230 2724 2285 ³⁷.
2760 2250 2778 2281 ›
2817 2227 2944 2282 ΙΙπο
2995 2226 3063 2282 de
3125 2224 3368 2281 secundo
3420 2222 3627 2279 Christi

352 2316 455 2386 τῆς
472 2317 729 2390 δευτέρας
757 2320 851 2374 τοῦ
882 2320 1116 2393 Χριστοῦ
1158 2324 1462 2394 παρουσίας
1505 2325 1600 2378 καὶ
1628 2323 1717 2377 διά
1740 2324 1944 2379 τούτων

2048 2327 2286 2383 adventu
2327 2326 2697 2397 prophetizat},
2751 2322 2994 2395 quando.
3039 2361 3052 2375 .
3090 2362 3105 2378 .
3170 2320 3265 2376 Dei
3324 2327 3379 2376 et
3443 2318 3626 2373 Patris

356 2410 781 2481 προφητεύεται,
812 2411 1049 2484 ὁπηνίκα
1090 2454 1103 2466 .
1150 2455 1163 2468 .
1208 2454 1221 2467 .
1264 2431 1292 2478 ς
1317 2414 1412 2468 τοῦ
1434 2414 1569 2469 Θεοῦ
1608 2416 1702 2470 καὶ
1732 2418 1944 2490 Πατρὸς

2048 2419 2291 2472 omnium
2312 2419 2518 2473 missus
2546 2416 2665 2487 ipse
2687 2414 2962 2479 Christus,
2990 2412 3059 2468 de
3075 2427 3185 2483 quo
3209 2427 3354 2465 nunc
3381 2409 3583 2464 dicitur
3607 2422 3622 2458 :

347 2500 465 2555 ’τῶν
496 2502 633 2557 ὅλων
674 2504 1059 2570 ὲξαποσταλεὶς
1096 2506 1259 2570 αὐτὸς
1289 2508 1317 2560 6
1349 2507 1584 2579 Χριστὸς
1613 2510 1709 2563 τοῦ
1755 2510 1889 2564 Θεοῦ
1917 2512 1945 2563 6

2054 2529 2072 2559 ι
2113 2508 2425 2564 testamenti
2479 2507 2721 2578 Angelus
2745 2504 3073 2576 praeparabit
3103 2505 3242 2557 viam
3269 2508 3394 2556 ante
3432 2499 3627 2555 faciem

330 2592 497 2666 ιν(ῦν)
521 2593 810 2666 λεγόμενος
845 2615 863 2647 ι
894 2598 994 2669 τῆς
1031 2597 1297 2671 διαθήκης
1331 2598 1559 2668 ἄγγελος
1594 2600 1943 2672 emacem:

2048 2598 2248 2663 Patris,
2289 2619 2309 2652 ι
2348 2598 2401 2654 id
2461 2606 2545 2655 est
2596 2598 2877 2652 hominum
2942 2595 3155 2649 animas
3210 2592 3391 2647 Patris
3455 2605 3625 2661 regno

357 2686 476 2741 ὁδὸν
515 2688 623 2759 πρὸ
646 2686 939 2758 προσώπου
960 2688 1054 2743 τοῦ
1092 2691 1324 2765 Πατρὸς,
1370 2713 1387 2744 ι
1415 2692 1559 2747 τοῦτ’
1586 2692 1702 2746 ἔστι
1744 2710 1943 2764 προευ-

2048 2691 2275 2747 idoneas
2330 2701 2491 2763 atque
2545 2698 2772 2761 paratas
2824 2688 3054 2753 clliciet;
3092 2700 3218 2740 cum
3263 2682 3626 2738 rationalibus

354 2779 603 2850 τρεπίσει
637 2781 731 2835 καὶ
774 2782 1292 2853 προπαρασκευάσει
1343 2781 1443 2847 τὰς
1489 2782 1596 2836 τῶν
1643 2781 1944 2855 ἀνθρώπων

2050 2782 2540 2854 spiritualibusque
2607 2782 2885 2853 lapidibus
2959 2781 3245 2852 spirituale
3314 2779 3620 2851 templum,

354 2869 536 2940 ψυχὰς
568 2873 633 2945 τῇ
669 2870 763 2925 τοῦ
806 2873 1020 2945 Πατρὸς
1049 2872 1327 2946 βασιλείαν
1358 2874 1446 2928 ὅτε
1480 2876 1545 2928 ὲκ
1575 2873 1806 2943 λογικῶν
1852 2875 1944 2929 καὶ

2050 2874 2260 2929 scilicet
2282 2873 2606 2936 Ecclesiam,
2632 2874 2752 2943 ipso
2773 2881 3138 2943 praeparante,
3170 2873 3353 2929 veniet
3382 2873 3497 2943 ipse
3521 2869 3628 2925 Do-

356 2961 617 3033 ἐμψύχων
653 2962 815 3016 λίθων
835 2963 925 3016 τὸν
948 2963 1315 3035 πνευματικὸν
1334 2964 1480 3027 ναὸν,
1507 2964 1650 3018 τοῦτ’
1681 2963 1795 3017 ἔστι
1850 2965 1945 3037 τὴν

2059 2968 2242 3024 minus
2296 2967 2547 3038 Deusque
2575 2965 2818 3022 Verbum
2843 2967 3007 3022 simul
3031 2982 3156 3022 cum
3183 2966 3302 3037 ipso
3321 2964 3627 3021 testamenti

370 3055 712 3127 Ἐκκλησίαν,
766 3055 1226 3121 ἔπισχευάσαντος
1271 3057 1469 3121 αὑτοῦ,
1522 3056 1641 3127 ἥξει
1702 3058 1864 3122 αὐτὸς
1917 3060 1946 3112 6

2050 3062 2259 3133 Auge-lo
2307 3062 2374 3116 ‘in
2425 3061 2688 3132 templum
2720 3060 2867 3131 quod
2926 3067 3287 3115 memoratum
3342 3065 3461 3125 est;
3502 3056 3630 3112 dein

358 3146 563 3218 Κύριος
585 3150 681 3202 καὶ
726 3147 858 3213 Θεὸς
890 3150 1061 3218 Λόγος
1095 3150 1212 3221 ἅμα
1250 3150 1399 3222 αὐτῷ
1438 3150 1514 3221 τῷ
1545 3150 1646 3221 τῆς
1683 3151 1951 3223 διαθήκης

2011 3148 2023 3208 Ξ
2055 3168 2179 3209 cum
2203 3151 2506 3209 secundum
2529 3151 2650 3221 ejus
2671 3150 2962 3205 adventum
2980 3144 3628 3220 praznuntians,Verbum

360 3237 611 3312 ’Ἃγγέλῳ
629 3242 709 3305 είς
734 3241 825 3295 τὸν
853 3241 1219 3314 δεδηλωμένον
1244 3244 1398 3297 ναόν⁵
1430 3237 1569 3308 εἶτα,
1602 3237 1691 3296 οἷα
1720 3243 1817 3315 τὴν
1831 3243 1950 3297 δευ-

2052 3244 2210 3314 quasi
2257 3244 2326 3299 ad
2376 3250 2694 3315 peccatores
2729 3240 2903 3295 dicit:
2942 3258 2960 3290 ι
2996 3239 3137 3295 Ecce
3178 3239 3329 3295 venit
3365 3237 3629 3290 Dominus

355 3330 523 3403 τέραν
562 3332 726 3387 αὐτοῦ
777 3334 1077 3405 παρουσίαν
1120 3334 1526 3406 προαγγέλλων,
1573 3338 1602 3390 6
1654 3336 1824 3404 Λόγος
1874 3337 1949 3400 ὡς

2052 3338 2398 3408 omnipotens
2431 3353 2442 3387 :
2475 3342 2530 3391 et
2561 3333 2684 3406 quis
2724 3333 2926 3404 poterit
2957 3332 3198 3403 cogitare
3230 3331 3375 3386 diem
3422 3328 3630 3383 adven-

361 3424 497 3494 πρὸς
526 3425 652 3489 τοὺς
679 3426 1035 3498 ἁμαρτωλούς
1070 3443 1254 3498 φησιν,
1285 3446 1303 3477 ι
1354 3427 1482 3483 Ἰδοὺ
1504 3428 1719 3501 ἔρχεται
1745 3430 1949 3503 Κύριος

2053 3441 2140 3485 tus
2188 3430 2330 3501 ejus,
2362 3436 2416 3485 et
2473 3429 2598 3500 quis
2651 3429 2821 3485 stabit
2864 3427 2930 3481 ad
2979 3424 3273 3481 videndum
3314 3421 3483 3481 eum?
3510 3441 3530 3473 ι
3564 3417 3632 3474 Et

360 3516 785 3590 παντοκράτωρ·
821 3519 916 3573 καὶ
958 3518 1043 3582 τίς
1077 3518 1337 3589 ὑπομενεῖ
1365 3517 1579 3590 ἡμέραν
1604 3519 1808 3573 εἰσόδου
1855 3521 1951 3574 αύ-

2053 3521 2263 3593 reliqua
2289 3537 2413 3593 quae
2444 3521 2755 3593 diligenter,
2795 3519 3147 3583 attendenda,
3176 3524 3235 3572 ut
3287 3516 3354 3571 ab
3380 3515 3628 3581 omnipo-

348 3609 452 3664 ’τοῦ
478 3627 492 3675 ;
521 3611 554 3682 ἢ
588 3611 671 3676 τίς
700 3613 1061 3684 ὑποστήσεται
1100 3615 1157 3667 ὲν
1185 3615 1251 3685 τῇ
1286 3612 1523 3685 ὀπτασίᾳ
1556 3614 1758 3679 αὐτοῦ;
1804 3635 1822 3668 ι
1857 3618 1950 3672 καὶ

2052 3616 2218 3671 lentis
2251 3614 2370 3681 Dei,
2405 3616 2561 3686 quasi
2592 3614 2852 3677 alterius,
2904 3628 3001 3667 ore
3060 3612 3297 3687 prolata;
3350 3614 3404 3664 et
3457 3608 3527 3661 ab
3560 3605 3630 3661 iis

358 3703 428 3757 τά
478 3703 636 3775 ἑξῆς·
678 3700 760 3769 οἷς
798 3706 1072 3778 ἐπιμελῶς
1130 3706 1461 3778 προσεκτέον
1494 3706 1585 3759 ὑπ’
1649 3707 1814 3761 αὐτοῦ
1854 3708 1949 3761 τοῦ

2053 3708 2144 3778 qui
2176 3723 2242 3763 ex
2274 3708 2699 3763 circumcisione
2736 3714 2865 3764 sunt
2908 3703 3304 3762 sciscitandum
3335 3716 3405 3757 an
3447 3697 3630 3754 Domi-

360 3796 800 3868 παντοκράτορος
841 3797 1046 3870 Κυρίου
1080 3796 1154 3862 ὡς
1194 3798 1323 3868 περὶ
1366 3796 1555 3869 ἐτέρου
1605 3796 1946 3869 λεγομένοις’

2052 3817 2186 3856 num
2225 3802 2498 3873 quemvis,
2533 3803 2622 3857 cui
2676 3803 2796 3856 haec
2827 3801 2975 3856 dicta
3026 3795 3380 3859 conveniant,
3408 3799 3465 3848 et
3502 3804 3629 3847 cum

359 3886 455 3939 καὶ
498 3886 759 3941 πευστὲον
797 3905 855 3941 τε
900 3889 1009 3943 τῶν
1041 3890 1106 3943 ἐκ
1156 3889 1477 3962 περιτομῆς,
1517 3888 1573 3942 εί
1614 3907 1738 3943 τινα
1778 3888 1952 3961 ἔχοιεν

2052 3893 2401 3963 ecAngelum
2454 3893 2753 3948 testimonii
2793 3892 3055 3946 inducere
3116 3886 3350 3959 possint,
3409 3882 3479 3939 de
3520 3895 3631 3953 quo

360 3978 539 4049 λέγειν
570 3980 661 4034 τὸν
711 3979 945 4034 ἐνταῦθα
984 3981 1311 4053 δηλούμενον
1354 3980 1560 4053 Κύριον
1600 3982 1694 4036 καὶ
1729 3982 1819 4036 τὸν
1855 3984 1950 4037 σὺν

2052 3983 2404 4053 omnipotens
2452 3982 2593 4039 Deus
2643 3983 2761 4039 haec
2795 3982 2983 4037 dicat:
3019 3998 3037 4029 ι
3075 3978 3216 4033 Ecce
3254 3973 3430 4040 venit,
3460 3992 3480 4025 ι
3520 3977 3627 4027 etc.

362 4071 512 4143 αὐτῷ
544 4073 808 4141 Ἄγγελον
837 4074 935 4142 τῆς
971 4072 1255 4145 διαθήκης,
1296 4074 1425 4145 περὶ
1444 4068 1506 4128 οὗ
1529 4075 1732 4146 Κύριος
1760 4076 1790 4127 6
1816 4091 1951 4128 παν-

2054 4075 2150 4131 His
2178 4075 2366 4147 igitur,
2399 4081 2460 4129 ut
2489 4075 2649 4129 nobis
2676 4073 2912 4138 videtur,
2944 4069 3220 4129 secundus
3266 4063 3630 4123 annuntiatur

360 4165 646 4237 :oxpc'rrwp
666 4166 866 4236 φάσκει
899 4167 980 4229 τὸ,
1016 4186 1033 4218 ι
1079 4167 1209 4221 Ἰδοὺ
1236 4165 1476 4238 ἔρχεται,
1504 4185 1521 4217 ι
1549 4165 1738 4220 καὶτὰ
1764 4165 1948 4219 λοιπά·

2050 4166 2260 4222 Christi
2310 4166 2600 4222 adventus.
2646 4164 2803 4230 Qui,‘
2834 4177 2959 4218 cum
3029 4159 3269 4214 Verbum
3316 4155 3413 4211 Dei
3459 4160 3627 4217 esset,

362 4257 429 4311 δι’
455 4251 530 4313 ὧν
563 4259 684 4312 καθ’
721 4260 866 4331 ἡμᾶς
901 4262 934 4331 ἡ
979 4259 1206 4330 δευτέρα
1247 4258 1345 4312 τοῦ
1374 4258 1613 4330 Χριστοῦ
1647 4257 1951 4328 καταγγέλ-

2050 4259 2443 4331 superveniens
2494 4259 2549 4313 in
2623 4256 2891 4327 cujusque
2960 4253 3200 4307 animam
3262 4246 3627 4319 ingredietur,

356 4350 515 4403 λεται
556 4350 853 4422 παρουσία*
886 4350 948 4416 ὃς
982 4351 1151 4420 Λόγος
1200 4349 1335 4405 Θεοῦ
1381 4350 1662 4421 τυγχάνων
1702 4367 1948 4422 παραγε-

2050 4367 2325 4424 quemque
2356 4351 2668 4423 dijudicans
2699 4364 2763 4404 ex
2809 4363 2930 4418 ejus
2965 4347 3086 4401 vitae
3114 4341 3398 4414 operibus,
3430 4351 3625 4408 expur-

363 4441 585 4513 νόμενος
630 4442 1041 4516 είσπορεύσεται
1084 4446 1163 4507 είς
1192 4443 1293 4515 τὴν
1320 4442 1552 4497 ἑκάστου
1580 4442 1779 4513 ψυχὴν,
1829 4442 1949 4512 κρί-

2053 4460 2192 4517 gans
2246 4454 2303 4501 et
2354 4444 2516 4515 quasi
2582 4456 2777 4498 aurum
2844 4441 2970 4513 igne
3026 4438 3252 4499 colans,
3306 4438 3631 4500 mentesque

364 4550 472 4585 νων
499 4532 731 4587 ἕκαστον
771 4534 901 4608 περὶ
932 4534 1043 4587 τῶν
1085 4534 1234 4605 αύτῷ
1268 4533 1410 4589 κατὰ
1440 4533 1531 4588 τὸν
1560 4532 1674 4604 βίον
1734 4549 1949 4605 πεπρα-

2010 4514 2304 4591 ’omnium
2334 4514 2663 4590 emundans.
2700 4531 2876 4588 Omne
2932 4529 3100 4602 igitur
3148 4523 3421 4596 judicium
3466 4518 3627 4573 Pater

363 4625 601 4696 γμένων,
624 4626 903 4682 ὲκπλύνων
930 4643 988 4680 τε
1016 4627 1112 4680 καὶ
1134 4626 1223 4681 διὰ
1250 4626 1417 4698 πυρὸς
1449 4624 1651 4698 χρυσοῦ
1675 4625 1829 4697 δίκην
1845 4643 1951 4695 χω⁶

2054 4628 2205 4684 dedit
2266 4626 2408 4683 Filio
2465 4642 2564 4682 suo
2596 4627 2751 4697 juxta
2800 4625 2950 4680 hunc
3009 4623 3064 4677 in
3120 4616 3358 4674 Psalmis
3404 4615 3630 4668 locum:

364 4720 555 4786 νεύων,
590 4721 687 4775 καὶ
716 4720 1027 4792 καθαρίζων
1062 4721 1134 4775 τὰ
1161 4722 1377 4775 πάντων
1404 4719 1726 4793 ἡγεμονικά.
1760 4720 1950 4773 Πᾶσαν

2060 4738 2078 4771 t
2116 4718 2283 4782 Deus,
2308 4718 2578 4788 judicium
2605 4727 2758 4772 tuum
2796 4716 2911 4788 regi
2955 4714 3045 4777 da,
3071 4720 3125 4768 et
3150 4709 3426 4782 justitiam
3471 4713 3621 4761 tuam

364 4808 495 4881 γοῦν
549 4813 650 4886 τὴν
695 4814 873 4883 κρίσιν
899 4815 928 4867 6
954 4814 1146 4887 Πατὴρ
1175 4814 1407 4869 δέδωκεν
1431 4812 1511 4884 τῷ
1542 4812 1657 4885 Υίῷ
1689 4811 1832 4867 κατὰ
1859 4812 1951 4866 τὸν

2060 4811 2173 4866 ﬁlio
2203 4812 2348 4883 regis
2385 4831 2398 4866 :
2422 4810 2675 4881 judicare
2721 4809 2983 4880 populum
3033 4815 3186 4861 tuum
3220 4803 3275 4856 in
3305 4798 3539 4871 justitia,
3576 4803 3632 4850 et

360 4906 642 4975 φάσκοντα
667 4905 761 4960 καὶ
781 4908 839 4958 ὲν
867 4905 1116 4978 Ψαλμοῖς
1145 4907 1322 4975 λόγον,
1360 4925 1379 4957 ι
1416 4907 1476 4960 '0
1501 4905 1656 4969 Θεὸς,
1686 4904 1748 4958 τὸ
1773 4902 1952 4976 κρίμά

2056 4919 2324 4975 pauperes
2382 4911 2508 4960 tuos
2558 4904 2615 4958 in
2664 4899 2877 4971 judicio
2922 4899 2968 4931 ⁸⁸
3023 4918 3041 4950 ι
3080 4896 3211 4952 lnde
3258 4892 3370 4948 Rea:
3411 4887 3629 4961 quidem

360 5013 459 5051 σου
487 4996 568 5069 τῷ
594 4996 805 5067 βασιλεῖ
834 4996 942 5064 δὸς,
982 4997 1078 5052 καὶ
1116 4998 1215 5070 τὴν
1242 4995 1587 5070 δικαιοσύνην
1625 5013 1720 5050 σου
1743 4995 1823 5068 τῷ
1846 4995 1948 5067 υἱῷ

2056 4996 2314 5051 divinitas
2353 5002 2409 5051 et
2456 4994 2574 5067 ipse
2621 4992 2766 5047 Deus
2806 4990 3046 5047 Verbum
3081 4988 3389 5060 appellatur
3420 5000 3433 5037 :
3467 4993 3629 5053 quem

364 5086 456 5141 τοῦ
504 5088 767 5158 βασιλέως
785 5109 798 5122 θ
835 5090 1043 5163 κρίνειν
1082 5090 1174 5146 τὸν
1212 5089 1340 5143 λαόν
1389 5105 1484 5142 σου
1526 5089 1585 5141 ὲν
1612 5086 1945 5160 δικαιοσύνῃ,

1651 5086 1945 5160 ικαιοσύνῃ,
2057 5099 2237 5142 autem
2271 5086 2515 5156 suscepit
2545 5084 2846 5153 hominem,
2873 5102 2892 5136 ι
2927 5084 3071 5139 lilius
3103 5081 3268 5152 regis.

364 5180 461 5233 καὶ
482 5182 611 5246 τοὺς
639 5182 891 5253 πτωχούς
913 5200 1007 5237 σου
1033 5195 1092 5237 εν
1121 5183 1301 5256 κρίσει
1325 5201 1337 5214 ·
1376 5203 1395 5235 ι
1423 5182 1554 5238 ἔνθα
1569 5181 1875 5247 ,βασιλεὺς
1897 5182 1995 5252 μὲν
2032 5183 2065 5254 η
2099 5180 2287 5250 θεότης
2327 5181 2421 5234 καὶ
2444 5179 2608 5244 αὐτὸς
2631 5181 2660 5234 6
2690 5178 2824 5244 Θεὸς
2861 5180 3033 5248 Λόγος
3062 5175 3453 5247 ἀνηγόρευται·
3489 5166 3549 5220 ὃν
3575 5163 3631 5217 δὲ

363 5275 652 5348 ἀνείληφεν
684 5276 989 5349 ἄνθρωπον,
1026 5296 1045 5329 ι
1086 5277 1200 5341 υἱὸς
1237 5275 1333 5330 τοῦ
1366 5274 1648 5347 βασιλέως.
1692 5293 1710 5325 ι

877 5392 1275 5451 ΚΕΦΛΔΔΙΟΝ
1309 5391 1431 5445 AB'.

2626 5382 2857 5441 CAPUT
2897 5375 3106 5435 XXXII.

844 5487 955 5542 Τοῦ
985 5485 1173 5540 αὐτοῦ
1208 5480 1466 5553 ἀγγέλου
2119 5490 2122 5493 '

2119 5490 2122 5493 '
2517 5477 2601 5531 Ea:
2628 5475 2810 5531 eodem
2843 5469 3134 5526 Malae/tia.

446 5602 465 5633 ι
495 5584 603 5637 Καὶ
630 5581 879 5636 ἀνατελεῖ
897 5582 1008 5644 τοῖς
1030 5578 1197 5649 φοΰου
1205 5577 1385 5649 μένοις
1411 5577 1472 5629 τὸ
1488 5575 1659 5646 ὄνομά
1682 5590 1779 5643 μου
1802 5573 1951 5637 ἥλιος
2012 5568 2047 5581 ”

2014 5568 2047 5581 “’
2136 5593 2153 5625 ι
2201 5572 2265 5627 Et
2289 5572 2497 5627 orietur
2532 5568 2686 5626 vobis
2722 5563 3040 5622 timentibus
3087 5574 3288 5616 nomen
3336 5570 3517 5616 meum
3545 5561 3631 5614 sot

473 5738 521 5771 "
552 5737 653 5795 lsa.
690 5753 766 5804 Ix,
798 5736 852 5792 6.
932 5735 976 5769 ⁸⁷
1017 5733 1247 5789 Malacb.
1282 5748 1366 5797 ιιι,
1404 5730 1515 5787 1-5.
1594 5731 1637 5764 ⁸⁸
1670 5729 1813 5789 Psal.
1845 5745 1991 5798 un,
2033 5728 2084 5783 ‘2.
