4070 6464
565 277 702 332 “59

1265 274 1533 330 EUSEBII
1564 271 2041 329 CESABIENSIS
2080 271 2232 324 OPP.
2267 267 2448 324 PARS
2489 267 2576 323 Ill.
2619 299 2687 308 —-
2717 266 3132 323 EXEGETICA.

3674 268 3823 322 “60

557 393 804 463 justitia',
833 399 886 447 et
911 393 1118 446 sanitas
1148 391 1202 444 in
1233 392 1426 460 pennis
1459 407 1579 460 ejus
1600 392 1666 447 ⁸⁸.
1710 413 1727 446 ›
1763 391 1852 447 Sol
1899 392 2102 461 justitia

2228 387 2596 459 δικαιοσύνης,
2648 385 2740 438 καὶ
2788 383 2932 448 ἴασις
2982 386 3040 436 ἐν
3091 386 3210 446 ταῖς
3255 381 3506 454 πτέρυξιν
3555 382 3750 436 αὑτοῦ.
3796 403 3816 434 ι

563 502 582 535 ι
619 485 713 538 lux
749 493 832 539 est
885 499 1012 538 vera
1074 497 1195 551 quae
1256 482 1527 536 illuminat
1579 497 1793 536 omnem
1847 483 2120 537 hominem

553 575 862 632 venientem
902 575 957 629 in
1001 574 1145 627 hunc
1191 571 1558 639 mundum“;
1599 593 1618 626 ›
1655 575 1748 643 qui
1796 575 1930 630 solis
1989 576 2121 630 oriri

553 663 758 718 dicitur
775 664 1094 719 timentibus
1124 679 1324 718 nomen
1356 662 1539 720 Patris
1567 667 1720 735 ejus;
1765 667 1931 736 cujus
1969 681 2125 720 oeca-

554 767 676 807 sum
713 754 820 816 his,
856 754 948 823 qui
985 770 1096 808 non
1122 755 1257 808 tales
1289 761 1470 817 erunt,
1501 755 1739 810 minatur
1768 756 1851 811 his
1894 757 2076 810 verbis
2106 773 2118 806 :

558 861 579 897 ε
611 846 906 900 οοουηὼει
929 847 1010 899 sol
1037 862 1202 915 super
1230 847 1524 916 prophetas
1564 848 1824 918 populum
1862 855 2042 902 meum
2067 849 2121 902 in

551 953 797 993 errorem
827 936 1152 993 indueentes
1174 939 1242 992 ".
1276 957 1296 990 ι

621 1112 747 1169 Haec
775 1114 994 1184 quidem
1023 1129 1054 1169 e
1081 1115 1370 1170 duodecim
1418 1116 1699 1187 prophetis
1727 1132 1740 1167 :
1770 1131 1894 1171 eum
1939 1124 2118 1172 autem

550 1205 703 1262 Isaiae
753 1206 1090 1270 testimonia,
1141 1223 1375 1278 quorum
1437 1225 1667 1279 magnus
1689 1219 1776 1264 est
1833 1225 2117 1275 numerus,

551 1299 815 1371 peculiari
835 1299 973 1354 libro
999 1307 1232 1354 tractare
1257 1301 1412 1354 nobis
1438 1302 1779 1370 propositum
1817 1309 1922 1367 est,
1959 1302 2118 1356 nobis

549 1392 913 1448 liceatordine
941 1391 1160 1446 inverso
1190 1400 1510 1447 cmterorum
1535 1409 1857 1465 magnorum
1881 1396 2120 1466 prophe-

551 1493 726 1538 tarum
765 1482 1086 1536 documenta
1127 1483 1410 1554 indagare.

1069 1593 1300 1650 CAPUT
1347 1595 1584 1651 XXXIII.

1160 1703 1210 1758 Ε
1237 1703 1492 1760 Jeremia.

621 1835 640 1870 ι
671 1817 752 1872 Tu
778 1825 957 1872 autem
980 1857 996 1881 ,
1033 1815 1282 1883 Domine,
1317 1817 1704 1874 demonstrasti
1735 1804 1887 1884 mihi,
1927 1827 1982 1874 et
2021 1835 2107 1874 eo-
2153 1795 2192 1849 Β

543 1911 703 1981 gnovi
736 1929 748 1964 :
793 1918 925 1964 tunc
963 1909 1251 1964 ostendisti
1282 1909 1414 1962 mihi
1443 1909 1624 1964 studia
1661 1926 1871 1966 eorum.
1907 1911 1972 1964 Et
2015 1928 2115 1982 ego

542 2001 700 2072 quasi
728 2016 901 2072 agnus
933 2008 1274 2065 mansuetus,
1300 2001 1391 2071 qui
1426 2011 1678 2071 portatur
1706 2003 1773 2056 ad
1795 2004 2070 2058 victimam
2096 2023 2109 2059 :

539 2099 596 2148 et
628 2108 738 2147 non
763 2093 994 2159 cognovi
1023 2093 1150 2162 quia
1171 2093 1548 2162 cogitaverunt
1580 2108 1744 2164 super
1791 2110 1876 2149 me
1923 2097 2109 2150 consi-

540 2183 613 2237 lia
641 2184 882 2238 dicentes
917 2201 929 2236 :
961 2179 1237 2240 Mittamus
1289 2184 1495 2254 lignum
1543 2184 1597 2238 in
1648 2200 1840 2256 panem
1893 2187 2014 2256 ejus
2059 2198 2112 2242 et

537 2277 832 2332 erodamus
860 2292 983 2331 eum
1013 2276 1080 2331 de
1109 2284 1256 2331 terra
1287 2278 1607 2340 viventium,
1648 2286 1702 2333 et
1751 2293 1952 2333 nomen
1993 2279 2112 2347 ejus

537 2383 648 2424 non
684 2379 1016 2423 memoretur
1042 2368 1362 2437 amplius".
1407 2388 1426 2421 ι
1469 2367 1732 2423 Dominus
1755 2368 2113 2442 Salvatorque

536 2468 724 2514 noster
773 2457 933 2515 Jcsus
993 2458 1268 2523 Christus,
1313 2460 1469 2528 juxta
1521 2460 1674 2516 Isaia:
1726 2463 2107 2532 prophetiam,

541 2569 560 2602 ι
601 2548 758 2605 Sicut
799 2552 918 2605 ovis
971 2550 1039 2604 ad
1085 2552 1420 2606 occisionem
1467 2552 1668 2606 ductus
1707 2562 1814 2616 est,
1856 2561 1909 2608 et
1949 2555 2105 2624 quasi

533 2657 708 2714 agnus
750 2657 936 2696 coram
987 2641 1246 2697 tondente
1295 2659 1353 2698 se
1398 2644 1768 2712 obmutuit”;
1808 2665 1826 2696 ›
1863 2656 1916 2701 et
1951 2647 2108 2716 juxta

533 2734 680 2788 illam
717 2750 837 2805 qua:
877 2734 1034 2788 nobis
1067 2735 1123 2788 in
1156 2749 1322 2788 manu
1351 2745 1457 2799 est,
1492 2755 1510 2786 ι
1542 2739 1702 2807 quasi
1748 2753 1922 2810 agnus
1956 2755 2108 2794 man-

531 2833 724 2882 suetus
753 2827 846 2895 qui
872 2833 1123 2897 portatur
1155 2826 1224 2880 ad
1262 2827 1538 2881 victimam
1569 2833 1813 2885 nescius.
1847 2852 1865 2884 ι
1915 2830 2107 2888 Passio

528 2923 586 2973 et
615 2933 745 2972 crux
763 2919 882 2988 ejus
908 2919 1136 2972 indicari
1167 2926 1397 2988 possunt
1419 2919 1503 2974 his
1530 2922 1708 2977 verbis
1735 2941 1748 2975 :
1775 2939 1793 2972 ‹
1829 2921 2106 2978 Mittamus

530 3010 738 3082 lignum
784 3011 838 3066 in
884 3027 1076 3082 panem
1109 3014 1230 3082 ejus
1258 3021 1312 3068 et
1340 3013 1630 3070 erodamus
1679 3031 1804 3069 eum
1846 3015 1914 3070 de
1963 3024 2104 3070 terra

2227 479 2412 542 Ἥλιος
2439 477 2784 549 δικαιοσύνης
2804 476 2863 529 τὸ
2894 497 2912 528 ι
2947 477 3061 546 φῶς
3085 480 3233 528 ἐστιν
3252 475 3314 528 τὸ
3339 475 3587 546 ἀληθινὸν
3615 476 3676 528 τὸ
3707 494 3826 545 φω-

2222 571 2368 636 τίζον
2403 574 2577 627 πάντα
2612 571 2896 642 ἄνθρωπον
2937 570 3230 642 ἐρχόμενον
3273 571 3356 632 εἰς
3396 570 3487 623 τὸν
3519 569 3764 639 κόσμον·
3801 590 3821 620 ι

2221 664 2280 727 ὃς
2326 664 2506 734 μόνοις
2565 663 2874 716 ἀνατέλλειν
2926 661 3140 732 εἴρηται
3181 663 3294 724 τοῖς
3323 659 3710 730 ,φοϐουμένοις
3764 660 3828 711 τὸ

2221 758 2388 828 ὄνομα
2418 757 2509 810 τοῦ
2546 756 2756 826 Πατρός
2799 754 2962 809 αὐτοῦ
2983 772 2996 784 ⁸
3029 756 3141 816 τοῖς
3183 751 3374 822 γάρτοι
3439 752 3514 823 μὴ
3547 752 3825 813 τοιούτοις

2222 845 2474 898 δύσεσθαι
2517 845 2752 908 ἀπειλεῖ,
2794 845 2935 896 κατά
2966 843 3047 896 τὸ·
3077 842 3138 912 (f.
3173 843 3264 907 ’55)
3299 862 3316 892 ι
3355 842 3462 894 Καὶ
3515 841 3745 894 δύσεται
3794 842 3824 892 ό

2221 938 2374 1006 ἥλιος
2407 938 2502 989 ἐπί
2543 939 2669 999 τοὺς
2705 937 2985 1008 προφήτας
3028 936 3153 996 τοὺς
3204 932 3519 995 πλανῶντας
3547 931 3638 984 τὸν
3684 930 3821 984 λαόν

2225 1046 2349 1098 μου,
2393 1048 2410 1080 ι
2436 1027 2492 1081 ἐν
2525 1045 2629 1080 τινι
2653 1029 2760 1080 τῶν
2791 1026 3082 1098 προφητῶν
3121 1024 3431 1096 εἰρημένον.

2292 1117 2477 1172 Ταῦτα
2522 1119 2619 1188 μὲν
2653 1119 2721 1171 τὰ
2767 1117 2872 1171 ἀπὸ
2917 1117 3026 1170 τῶν
3065 1115 3274 1168 δώδεκα
3321 1111 3645 1183 προφητῶνο
3698 1110 3821 1166 ἀλλ’

2222 1209 2344 1261 ἐπεὶ
2380 1209 2447 1262 τὰ
2496 1211 2560 1262 ἐκ
2589 1209 2682 1262 τοῦ
2725 1209 2946 1262 Ἡσαΐου
2976 1208 3061 1262 διὰ
3097 1207 3157 1261 τὸ
3188 1205 3389 1276 πλῆθος
3437 1206 3495 1256 ἐν
3532 1203 3645 1274 ἰδίῳ
3681 1217 3822 1269 συγ-

2222 1300 2507 1370 γράμματι
2561 1299 2871 1371 περιλαϐεῖν
2918 1301 3048 1370 ἡμῖν
3098 1300 3404 1370 πρόκειται,
3461 1297 3594 1368 φέρε
3643 1312 3821 1366 μετα-

2221 1389 2414 1454 ϐάντες
2446 1392 2512 1444 τὰ
2545 1392 2653 1444 ἀπὸ
2683 1392 2790 1444 τῶν
2833 1391 3036 1446 λοιπῶν
3071 1390 3322 1462 μεγάλων
3351 1387 3644 1462 προφητῶν
3685 1387 3820 1440 ἐπι-

2219 1483 2567 1555 σκεψώμεθα.

2725 1598 3122 1652 ΚΕΦΑΑᾹῙΟΝ
3149 1598 3267 1650 AF'.

2718 1711 2811 1764 Ἐκ
2849 1710 2957 1764 τοῦ
3002 1710 3306 1778 Ἰερεμίου.

2293 1848 2312 1881 ι
2354 1828 2548 1901 Κύριε,
2585 1822 2849 1894 γνώρισόν
2877 1838 2986 1890 μοι,
3027 1821 3123 1873 καὶ
3150 1818 3463 1889 γνώσομαι·
3507 1819 3628 1872 τότε
3661 1814 3810 1872 εἶδον

2216 1921 2283 1974 τὰ
2303 1916 2555 1989 ἐπιτηδεύ
2565 1931 2708 1986 ματα
2733 1912 2934 1967 αὐτῶν.
2973 1909 3112 1979 Ἐγὼ
3133 1911 3208 1973 ώς
3233 1909 3415 1980 ἀρνίον
3442 1910 3649 1962 ἄκακον
3677 1910 3810 1977 ἀγό-

2219 2029 2379 2084 μενον
2401 2009 2494 2063 τοῦ
2519 2006 2740 2060 θύεσθαι
2771 2006 2870 2058 οὐκ
2899 2004 3068 2072 ἔγνων
3089 2021 3103 2034 ο
3133 2003 3221 2056 ἐπ’
3253 2003 3356 2073 ἐμὲ
3377 2003 3692 2072 ἐλογίσαντο
3722 2004 3809 2058 λέ-

2214 2118 2422 2172 γοντες·
2465 2098 2628 2153 Δεῦτε
2659 2098 2751 2150 καὶ
2783 2095 3108 2166 ἐμϐάλωμεν
3132 2093 3286 2160 ξύλον
3311 2095 3391 2157 εἰς
3419 2093 3581 2165 ἄρτον
3610 2093 3805 2157 αὐτοῦ,

2215 2196 2309 2249 καὶ
2342 2191 2687 2264 ἐκτρίψωμεν
2721 2189 2882 2242 αὑτὸν
2907 2189 3014 2241 ἀπὸ
3037 2189 3140 2258 γῆς
3161 2187 3399 2252 ζώντων,
3427 2190 3521 2240 καὶ
3545 2189 3608 2241 τὸ
3632 2189 3808 2259 ὄνομα

2213 2284 2373 2339 αὑτοῦ
2406 2283 2466 2338 ού
2524 2281 2598 2351 μὴ
2645 2277 2855 2349 μνησθῇ
2906 2278 3004 2332 ἔτι.
3069 2297 3087 2330 ›
3126 2279 3184 2331 '0
3217 2277 3406 2349 Σωτὴρ
3450 2277 3541 2330 καὶ
3597 2279 3807 2350 Κύριος

2213 2374 2368 2446 ἡμῶν
2403 2372 2607 2444 Ἰησοῦς
2639 2371 2870 2442 Χριστὸς
2898 2366 3086 2439 (κα)τά
3114 2368 3212 2439 τὴν
3241 2369 3296 2419 ἐν
3326 2368 3404 2438 τῷ
3440 2368 3637 2440 Ἡσαΐᾳ
3666 2385 3804 2439 προσ

2212 2468 2458 2539 φητείαν,
2496 2483 2515 2517 t
2546 2465 2620 2529 ώς
2675 2463 2943 2534 πρόϐατον
2987 2462 3078 2514 ἐπὶ
3128 2461 3342 2532 σφαγὴν
3388 2461 3550 2532 ἤχθη,
3591 2464 3687 2515 καὶ
3727 2463 3804 2524 ὡς

2211 2561 2379 2631 ἀμνὸς
2411 2557 2650 2612 ἐναντίον
2689 2555 2780 2610 τοῦ
2818 2555 3102 2627 κείραντος
3128 2555 3291 2608 αὑτὸν
3329 2554 3562 2625 ἄφωνος,
3609 2576 3627 2607 ι
3659 2555 3805 2608 κατά

2209 2653 2390 2722 δὲτὴν
2441 2651 2576 2723 μετὰ
2624 2652 2828 2722 χεῖρας,
2871 2666 2888 2698 ι
2929 2649 3002 2712 ὡς
3049 2647 3235 2719 ἀρνίον
3281 2646 3485 2700 ἄκακον
3530 2648 3802 2717 ἀγόμενον

2208 2745 2301 2800 τοῦ
2328 2743 2549 2798 θυὲσθαι
2587 2745 2686 2796 ούκ
2719 2742 2890 2810 ἔγνων
2917 2759 2928 2769 ·
2967 2761 2986 2790 ι
3016 2741 3108 2793 καὶ
3149 2741 3208 2793 τὸ
3252 2740 3392 2793 κατὰ
3423 2739 3512 2793 τὸν
3564 2742 3802 2811 σταυρὸν

2207 2837 2262 2889 δὲ
2277 2835 2445 2899 πάθος
2471 2834 2634 2888 αὐτοῦ
2665 2833 2887 2886 δύναται
2909 2831 3198 2903 δηλοῦσθαι
3231 2831 3318 2884 διὰ
3341 2830 3459 2884 τοῦ*
3485 2832 3680 2886 σΔεῦτε
3705 2833 3801 2886 καὶ

2208 2925 2533 2997 ἐμϐάλωμεν
2583 2922 2736 2988 ξύλον
2778 2925 2858 2986 εἰς
2892 2922 3052 2992 ἄρτον
3095 2922 3260 2975 αὑτοῦ
3308 2921 3404 2975 καὶ
3451 2922 3801 2992 ἐκτρίψωμεν

2208 3018 2368 3071 αὐτὸν
2402 3017 2510 3070 ἀπὸ
2538 3017 2641 3086 γῆς
2687 3015 2902 3079 ζώντων
2927 3031 2938 3043 ·
2977 3015 3068 3067 καὶ
3100 3014 3161 3066 τὸ
3207 3014 3378 3084 ὄνομα
3424 3013 3588 3067 αὑτοῦ
3622 3015 3686 3066 οὐ
3725 3019 3799 3084 μὴ

522 3102 872 3171 viventium;
908 3111 961 3158 et
1014 3121 1212 3161 nomen
1258 3105 1378 3175 ejus
1433 3120 1546 3160 non
1592 3114 1928 3162 memoretur
1985 3125 2102 3162 am-

2212 3112 2422 3183 μνησθῇ
2469 3111 2566 3164 ἔτι·
2611 3131 2629 3162 ι
2667 3111 2809 3183 άπερ
2836 3113 2899 3163 ἐκ
2923 3107 3212 3180 προσώπου
3253 3108 3501 3162 λέλεκται
3528 3107 3637 3160 τῶν
3676 3109 3797 3159 ἐπι-

522 3198 694 3270 plius.
735 3219 754 3252 ι
789 3197 919 3264 Quae
948 3201 1167 3270 quidem
1199 3216 1264 3254 ex
1299 3215 1534 3271 persona
1582 3199 1730 3256 dicta
1778 3212 1908 3256 sunt
1958 3203 2097 3256 insi»

529 3290 796 3348 diantium
826 3293 898 3348 ei.
936 3292 1150 3348 Etenim
1179 3295 1223 3348 si
1255 3309 1456 3364 corpus
1477 3295 1596 3363 ejus
1637 3295 1795 3364 panis
1836 3294 1958 3356 fuit,
1991 3296 2106 3349 sic-

529 3394 589 3438 ut
645 3385 765 3456 ipse
812 3386 1111 3456 discipulos
1137 3402 1268 3442 suos
1317 3387 1500 3449 docet,
1531 3385 1763 3442 dicens:
1806 3407 1824 3438 ι
1860 3387 2104 3457 Accipite

527 3483 582 3530 et
611 3477 898 3541 eomedite,
938 3479 1040 3532 hoc
1069 3487 1152 3534 est
1185 3493 1388 3548 corpus
1412 3494 1594 3534 meum
1618 3481 1683 3544 “,
1728 3499 1745 3532 ›
1792 3481 1939 3550 ligno
1973 3497 2102 3536 vere

515 3567 856 3636 applicatum
886 3577 970 3622 est
997 3583 1094 3639 per
1131 3564 1542 3633 crucem,'unde
1573 3584 1678 3623 non
1712 3571 1984 3626 immerito
2018 3572 2102 3624 di-

523 3656 689 3720 citur,
725 3677 743 3710 ι
777 3656 1053 3712 Mittamus
1081 3659 1285 3728 lignum
1319 3660 1373 3714 in
1411 3676 1605 3730 panem
1629 3661 1767 3730 ejus.
1817 3682 1834 3712 ι
1886 3665 2016 3728 Quae
2045 3663 2100 3718 in

525 3748 672 3802 hunc
701 3749 879 3805 locum
913 3749 1150 3804 diximus
1183 3751 1319 3804 nulli
1353 3760 1483 3806 sunt
1534 3752 1923 3823 impedimento
1965 3755 2098 3825 quin

514 3841 834 3898 accuratius
864 3842 1285 3912 contempletur.

1047 3955 1277 4011 CAPUT
1305 3957 1543 4012 XXXIV.

1152 4065 1236 4120 Ex
1259 4066 1459 4121 eodem.

595 4199 616 4234 ι
650 4179 866 4251 Reliqui
918 4179 1144 4238 domum
1198 4163 1418 4246 meam.
1472 4183 1654 4238 dimisi
1721 4185 2092 4240 hatreditatem

513 4288 695 4328 meam
734 4292 748 4328 :
783 4272 907 4328 dedi
929 4274 1186 4329 dilectam
1216 4276 1453 4328 animam
1485 4291 1659 4330 meam
1706 4276 1759 4330 in
1799 4293 1960 4332 manu
1990 4280 2093 4333 ini-

516 4366 780 4420 micorum
809 4365 948 4435 ejus.
992 4365 1156 4421 Facta
1186 4376 1270 4422 est
1294 4367 1426 4421 mihi
1454 4368 1742 4424 haareditas
1779 4386 1899 4424 mea
1932 4371 2091 4441 quasi

516 4454 601 4510 leo
626 4456 679 4509 in
711 4456 846 4510 silva
884 4476 897 4511 :
931 4457 1081 4512 dedit
1127 4470 1318 4511 contra
1353 4474 1437 4513 me
1485 4475 1706 4526 vocem,
1766 4461 1888 4517 ideo
1943 4463 2088 4518 odivi

509 4562 657 4602 eam.
693 4547 949 4618 Nunquid
984 4550 1100 4604 avis
1157 4548 1396 4605 discolor
1421 4551 1709 4618 haereditas
1753 4569 1871 4609 mea
1917 4555 2092 4609 mihi?

515 4641 763 4710 nunquid
809 4641 926 4696 avis
957 4641 1128 4695 tincta
1159 4658 1255 4712 per
1279 4644 1498 4697 totum?
1531 4643 1722 4702 Venite
1745 4687 1759 4709 ,
1789 4662 2088 4719 congrega-

511 4729 644 4785 mini
688 4745 879 4785 omnes
917 4732 1107 4786 bestiae
1155 4740 1334 4793 terrae,
1373 4744 1660 4803 pmperate
1702 4736 1771 4791 ad
1814 4738 2084 4793 devoran-

504 4822 662 4879 dum.
693 4822 948 4880 Pastores
977 4824 1133 4878 multi
1167 4824 1408 4880 demoliti
1446 4833 1575 4881 sunt
1606 4827 1816 4882 vineam
1869 4845 2080 4893 meam,

507 4912 970 4967 coneulcaverunt
1018 4923 1228 4982 partem
1287 4929 1512 4968 meam:
1555 4913 1826 4970 dederunt
1873 4919 2082 4986 portio-

510 5016 633 5056 nem
668 5016 842 5056 meam
876 5001 1288 5057 desiderabilem
1337 5003 1392 5057 in
1430 5004 1705 5058 desertum
1742 5007 2074 5063 solitudinis.

507 5091 813 5148 Posuerunt
839 5108 956 5148 eam
982 5093 1035 5146 in
1057 5094 1490 5164 dissipationem,
1511 5098 1754 5167 luxitque
1783 5114 1947 5168 super
1969 5116 2074 5155 me.

501 5186 850 5242 'Desolatione
879 5185 1119 5241 desolata
1153 5195 1238 5241 est
1282 5189 1461 5243 omnis
1492 5198 1659 5252 terra,
1711 5191 1840 5260 quia
1891 5193 2076 5248 nullus

505 5286 589 5332 est
635 5279 727 5346 qui
773 5278 1038 5348 recogitet
1091 5278 1254 5333 corde
1283 5281 1350 5332 ⁸⁵.
1391 5299 1411 5333 ι
1447 5280 1677 5336 Videtur
1733 5283 1910 5338 audiri
1970 5284 2076 5339 Do-

506 5369 636 5422 mini
670 5366 1078 5438 Salvatorisque
1107 5371 1277 5426 nostri
1306 5387 1427 5438 vox,
1453 5372 1518 5428 de
1543 5375 1746 5444 templo
1768 5375 2072 5431 Jerusalem

503 5461 731 5514 dicens:
770 5478 788 5511 ι
829 5458 1040 5532 Reliqui
1091 5463 1313 5519 domum
1377 5482 1574 5522 meam.
1615 5489 1632 5520 ›
1671 5468 1734 5522 Et
1785 5471 1852 5524 de
1891 5471 2074 5540 priore

564 5637 617 5667 ‘”
653 5637 884 5718 Malm-li.
911 5655 983 5718 ιγ,
1019 5639 1073 5693 9.
1207 5646 1252 5676 ’⁸
1275 5643 1432 5703 Joan.
1473 5667 1512 5718 l,
1550 5651 1601 5707 9.

503 5724 647 5774 nvt,
679 5710 762 5762 26.
843 5712 886 5741 '°
921 5708 1027 5763 Jer.
1057 5728 1157 5780 xu,
1188 5714 1339 5769 7-H.

1721 5653 1764 5685 ’ί
1795 5653 1957 5709 Mich.
1999 5669 2078 5720 ut,
2110 5655 2159 5709 6.

2209 3201 2611 3256 ϐουλευσάντων
2640 3200 2809 3271 αὐτῷ.
2845 3202 2906 3254 Εἰ
2935 3199 3044 3271 γὰρ
3066 3200 3129 3270 δὴ
3153 3199 3214 3252 τὸ
3249 3199 3406 3270 σῶμα
3434 3198 3598 3250 αὑτοῦ
3633 3200 3801 3268 ἄρτος

2206 3289 2294 3365 ἦν,
2322 3295 2397 3357 ὡς
2445 3295 2606 3357 αὐτὸς
2644 3293 2883 3345 διδάσκει
2943 3291 3080 3362 πρὸς
3124 3292 3250 3354 τοὺς
3299 3290 3544 3362 μαθητὰς
3597 3290 3795 3360 λέγων,

2212 3407 2230 3437 ι
2265 3387 2492 3450 Λάϐετε,
2532 3387 2756 3456 φάγετε,
2782 3384 2939 3438 τοῦτὸ
2979 3387 3100 3436 ἐστι
3131 3384 3192 3436 τὸ
3229 3383 3387 3455 σῶμά
3421 3401 3545 3455 μου,
3587 3404 3606 3435 ι
3635 3383 3797 3437 τοῦτο

2204 3481 2247 3533 δ’
2275 3476 2345 3551 ἦν
2374 3479 2435 3532 τὸ
2467 3479 2604 3550 πρὸς
2644 3478 2722 3549 τῷ
2750 3476 2890 3548 ξύλῳ
2923 3476 3064 3530 κατά
3097 3476 3185 3530 τὸν
3233 3476 3468 3548 σταυρὸν
3512 3476 3796 3547 δειγματι-

2205 3570 2349 3634 σθὲν,
2379 3569 2507 3640 περὶ
2535 3568 2700 3621 αὑτοῦ
2734 3567 2929 3636 λέγοιτ’
2971 3565 3036 3618 ἂν
3072 3564 3297 3628 εἰκότως
3323 3564 3406 3626 τὸ,
3439 3583 3455 3614 ι
3501 3563 3664 3616 Δεῦτε
3697 3563 3793 3616 καὶ

2203 3661 2529 3733 ἐμϐάλωμεν
2558 3659 2710 3724 ξύλον
2740 3662 2818 3722 είς
2852 3659 3015 3729 ἄρτον
3046 3656 3213 3710 αὑτοῦ
3233 3673 3246 3686 ο
3288 3676 3306 3708 ι
3337 3657 3384 3708 εί
3416 3656 3470 3709 δέ
3501 3657 3594 3707 καὶ
3627 3654 3792 3724 βαθυ-

2200 3755 2364 3825 τέρας
2390 3752 2563 3822 ἔχοιτο
2594 3733 2826 3822 θεωρίας
2855 3749 2922 3802 τὰ
2959 3747 3100 3802 κατά
3129 3747 3221 3800 τὸν
3257 3747 3440 3812 τόπον,
3464 3745 3618 3799 οὐδὲν
3653 3745 3791 3816 πρὸς

2201 3848 2374 3897 ἐκεῖνο
2404 3844 2562 3896 λυπεῖ
2595 3842 2688 3894 καὶ
2708 3842 2774 3895 τὰ
2802 3841 3086 3912 εἰρημένα.

2725 3953 3120 4007 ΚΕΦΑΛΑΙΟΝ
3155 3954 3274 4006 AA'.

2817 4068 2931 4121 Τοῦ
2960 4067 3166 4120 αὐτοῦ.

2273 4205 2290 4233 ι
2343 4183 2804 4252 Ἐγκαταλέλοιπα
2833 4180 2922 4234 τὸν
2953 4177 3098 4234 οἶκόν
3137 4196 3260 4249 μου,
3293 4179 3483 4248 ἀφῆκα
3518 4178 3617 4249 τὴν
3645 4179 3779 4248 κλη-

2197 4279 2452 4348 ρονομίαν
2481 4293 2604 4345 μου,
2639 4275 2814 4328 ἔδωκα
2846 4275 2944 4344 τὴν
2973 4271 3336 4342 ἠγαπημένην
3355 4271 3534 4341 ψυχήν
3567 4289 3668 4342 μου
3702 4277 3784 4336 εις

2194 4372 2383 4443 χεῖρας
2405 4369 2614 4439 ἐχθρῶν
2631 4366 2821 4436 αὐτῆς.
2856 4364 3114 4436 Ἑγενήθη
3140 4378 3173 4435 η
3194 4363 3524 4434 κληρονομία
3539 4382 3638 4435 μου
3657 4366 3782 4429 ἐμοὶ

2195 4460 2270 4522 ὡς
2297 4460 2432 4513 λέων
2458 4461 2515 4511 ἐν
2539 4457 2748 4530 δρυμῷ,
2776 4457 2972 4510 ἔδωκεν
3001 4457 3087 4508 ἐπ’
3115 4455 3214 4528 ἐμὲ
3250 4457 3434 4528 φωνὴν
3476 4457 3668 4524 αὐτῆς,
3691 4456 3782 4510 διὰ

2195 4553 2351 4607 τοῦτο
2380 4552 2616 4623 ἐμίσησα
2647 4551 2835 4621 αὑτήν.
2877 4549 2968 4619 Μὴ
3004 4549 3265 4619 σπήλαιον
3295 4549 3486 4620 ὑαίνης
3514 4551 3546 4620 ἡ
3575 4559 3778 4621 κληρο-

2194 4645 2354 4716 νομία
2391 4661 2490 4714 μου
2525 4643 2722 4713 timidi
2757 4641 3022 4712 σπήλαιον
3053 4639 3237 4710 κύκλῳ
3263 4641 3429 4712 αὐτῆς
3452 4658 3465 4705 ;
3490 4641 3776 4703 Βαδίσατε,

2194 4738 2527 4806 συναγάγετε
2557 4735 2732 4788 πάντα
2762 4734 2832 4787 τὰ
2877 4731 3041 4805 θηρία
3065 4731 3160 4786 τοῦ
3192 4733 3382 4805 ἀγροῦ,
3416 4734 3509 4786 καλ⁷
3545 4732 3775 4787 ἐλθέτω-

2193 4847 2291 4883 σαν
2326 4828 2422 4882 τοῦ
2467 4829 2660 4897 φαγεῖν
2704 4826 2894 4896 αὑτήν.
2932 4825 3198 4895 Ποιμένες
3237 4824 3421 4878 πολλοὶ
3464 4823 3776 4896 διέφθειραν

2191 4920 2280 4974 τὸν
2306 4917 2605 4990 ἀμπελῶνά
2629 4934 2750 4988 μου,
2778 4915 3043 4986 ἐμόλυναν
3073 4915 3170 4987 τὴν
3203 4915 3395 4988 μερίδα
3417 4933 3538 4986 μου,
3561 4916 3773 4970 ἔδωκαν

2189 5011 2378 5082 μερίδα
2418 5009 2763 5080 ἐπιθυμητὴν
2797 5009 2875 5070 εἰς
2907 5007 3113 5078 ἔρημον
3154 5006 3375 5073 ἄϐατον,
3416 5007 3648 5079 ἐγενήθη
3690 5010 3771 5071 εις

2181 5102 2485 5173 ἀφανισμὸν
2531 5101 2838 5162 ἀπωλείας’
2884 5099 2951 5152 δι’
2995 5099 3096 5171 ἐμὲ
3147 5099 3444 5170 ἀφανισμῷ
3493 5099 3765 5171 ἠφανίσθη

2181 5195 2329 5246 πᾶσα
2356 5197 2388 5264 ἡ
2411 5195 2502 5262 γῆ,
2525 5194 2606 5245 ὃτι
2637 5193 2734 5243 οὐκ
2763 5191 2909 5242 ἐστιν
2943 5190 3082 5260 ἀνὴρ
3102 5189 3385 5260 τιθέμενος
3408 5194 3468 5244 ἐν
3495 5192 3714 5264 καρδίᾳ.
3742 5211 3761 5242 ι

2185 5288 2366 5340 Ἔοικε
2393 5286 2485 5340 τοῦ
2517 5285 2720 5357 Κυρίου
2743 5284 2838 5338 καὶ
2859 5284 3109 5355 Σωτῆρος
3139 5283 3297 5354 ἡμῶν
3327 5281 3463 5337 εἶναι
3495 5285 3647 5355 φωνὴ
3671 5289 3764 5339 καὶ

2181 5379 2530 5449 ήφάσκουσα
2584 5379 2711 5449 περὶ
2758 5376 2855 5447 μὲν
2900 5375 2995 5429 τοῦ
3039 5378 3096 5428 ἐν
3137 5376 3487 5448 Ἰερουσαλὴμ
3517 5377 3622 5430 νεὼ
3666 5379 3758 5443 τὸ,

2187 5491 2206 5523 ι
2246 5471 2675 5540 ἐγκαταλέλοιπα
2717 5471 2807 5522 τὸν
2841 5464 2989 5522 οἶκόν
3027 5485 3150 5539 μου,
3187 5489 3204 5521 ι
3245 5470 3372 5541 περί
3401 5470 3456 5522 δὲ
3499 5471 3598 5540 τῆς
3630 5485 3764 5543 προ-

2276 5656 2320 5686 "
2349 5653 2547 5710 Jerem.
2584 5669 2658 5720 xl,
2698 5653 2895 5723 18,19.
2971 5652 3016 5688 ⁸³
3045 5649 3147 5705 lsa.
3181 5665 3300 5718 Llli,
3353 5652 3402 5707 7.
3485 5653 3529 5684 ”
3563 5648 3752 5707 Matth.
