4096 6412
332 393 467 450 1161

1360 398 1657 457 ECLOGA!
1695 386 2181 459 PROPHETICE.
2211 434 2281 443 —
2314 401 2443 460 LIB.
2481 404 2523 460 l.

3455 399 3595 476 ita:

321 516 488 596 τέρας
534 516 882 589 Συναγωγῆς,
920 517 955 589 ἢ
1005 517 1099 572 καί¹
1135 517 1291 588 μερίς
1331 535 1462 572 ποτε
1505 520 1599 573 καὶ
1634 490 1695 590 (f.
1726 520 1797 576 35
1830 530 1882 575 ν’

2012 518 2322 594 Syoagoga,
2348 542 2473 598 quae
2508 544 2750 601 unquam
2779 549 2908 605 pars
2938 542 2993 593 et
3045 537 3325 598 funiculus
3354 540 3592 599 haeredi-

322 608 609 680 σχοίνισμα
651 609 1017 682 κληρονομίας
1056 610 1220 664 αὐτοῦ
1250 610 1493 680 γέγονεν,
1528 611 1608 675 τὸ,
1649 631 1668 662 ι
1692 611 1908 684 Ἀφῆκα

319 698 420 770 τὴν
452 700 815 772 κληρονομίαν
847 719 969 771 μου,
1006 721 1023 753 ι
1058 700 1200 755 κατὰ
1225 702 1304 767 τὸ,
1342 720 1360 752 ι
1391 703 1630 767 Ποσάκις
1663 703 1905 776 ἠθέλησα

320 792 743 863 ἐπισυναγαγεῖν
762 791 829 847 τὰ
859 793 1025 847 τέκνα
1058 810 1173 857 σου,
1202 793 1261 848 ὃν
1289 794 1490 866 τρόπον
1522 794 1671 867 ὅρνις
1694 797 1908 849 ἐπισυν-

320 881 442 951 άγει
488 882 556 936 τὰ
596 883 783 936 νοσσία
822 883 990 955 αὐτῆς
1041 883 1145 937 ὑπὸ
1193 883 1294 948 τὰς
1344 885 1641 957 πτέρυγας,
1681 887 1775 940 καὶ
1804 887 1905 942 οὐκ

316 972 618 1046 ἠθελήσατε
637 992 650 1006 ο
687 974 815 1028 Ἰδοὺ
838 975 1055 1046 ἀφίεται
1081 976 1207 1047 ὑμῖν
1230 977 1258 1028 ὁ
1279 972 1426 1042 οἶκος
1454 977 1607 1049 ὑμῶν
1628 978 1850 1051 ἔρημος.
1878 997 1898 1031 ι

313 1064 486 1130 Αὐτὸς
514 1065 558 1119 δ’
585 1066 615 1118 ὁ
662 1065 830 1120 είπὼν
871 1085 889 1118 ι
926 1067 1117 1130 Οὐδεὶς
1152 1067 1295 1139 αἴρει
1321 1068 1419 1138 τὴν
1465 1068 1643 1141 ψυχήν
1680 1087 1779 1141 μου
1806 1070 1902 1125 ἀπ’

312 1157 469 1230 ἐμοῦ·
514 1157 761 1225 ἐξουσίαν
808 1157 917 1230 ἔχω
961 1158 1131 1213 θεῖναι
1184 1161 1373 1233 αὐτὴν,
1418 1181 1436 1213 ι
1478 1164 1643 1233 φησὶν
1674 1164 1766 1217 καί
1816 1165 1898 1231 τὸ,

316 1267 339 1304 ι
351 1250 565 1305 Ἔδωκα
579 1251 674 1324 τὴν
686 1254 878 1323 ὴγαπη
887 1252 1052 1324 μένην
1067 1252 1244 1325 ψυχήν
1262 1272 1362 1326 μου
1385 1256 1466 1320 εἰς
1480 1259 1668 1328 χεῖρας
1692 1256 1901 1331 ἐχθρῶν

310 1344 501 1416 αὐτῆς.
538 1364 557 1396 ι
588 1342 775 1416 Τούτῳ
804 1345 860 1398 δὲ
899 1345 993 1398 καὶ
1035 1345 1267 1418 ἐγενήθη
1300 1348 1333 1418 ή
1368 1346 1609 1420 προτέρα
1638 1347 1899 1422 κληρονο-

312 1438 413 1509 μία
436 1436 513 1502 ώς
537 1437 674 1492 λέων
700 1440 757 1493 ἐν
784 1437 976 1511 δρυμῷ
997 1454 1011 1469 ο
1042 1437 1241 1491 ἔδωκέν
1272 1440 1440 1493 τε,ὲπ⁹
1470 1439 1635 1494 αὑτὸν
1664 1440 1764 1511 τήν
1790 1457 1901 1510 φω-

306 1530 407 1603 νὴν
448 1530 639 1601 αὐτῆς,
688 1532 926 1602 ὁπηνίκα
983 1531 1316 1602 παραδόντες
1359 1531 1523 1586 αὑτὸν
1562 1531 1641 1604 τῷ
1682 1533 1900 1607 Πιλάτῳ

308 1619 633 1693 ἐστήκεισαν
653 1620 1085 1694 κατηγοροῦντες
1109 1621 1275 1676 αὐτοῦ
1305 1624 1401 1677 καὶ
1424 1625 1704 1695 μονονουχὶ
1732 1624 1899 1695 βοῶν-

299 1722 419 1775 τες,
461 1729 480 1763 ι
512 1707 662 1781 Αἶρε,
686 1708 827 1785 αἶρε,
867 1711 1100 1785 σταύρου
1132 1713 1295 1767 αὐτόν
1315 1731 1328 1747 ’
1366 1733 1385 1767 υ
1419 1712 1508 1768 διὰ
1530 1714 1689 1768 τοῦτο
1715 1715 1773 1768 δέ
1794 1732 1898 1788 φη-

306 1817 412 1866 σιν,
470 1818 488 1852 ι
512 1799 783 1873 Ἐμίσησα
814 1799 1005 1873 αὐτὴν.
1048 1821 1068 1853 ι
1106 1801 1195 1855 διὰ
1238 1802 1306 1855 τὰ
1349 1801 1541 1874 μίσους
1566 1803 1692 1870 ἀξια
1717 1804 1889 1874 αὐτῆς

2014 615 2147 672 tatis
2174 617 2295 687 ejus
2318 616 2459 678 facta
2487 628 2592 686 est.
2623 640 2644 675 ι
2687 622 2875 683 Dimisi
2911 628 3282 688 hareditatem
3314 648 3516 701 meam,
3568 655 3588 690 ι

2009 706 2166 776 juxta
2196 709 2326 765 illud
2361 730 2375 766 :
2414 730 2435 764 ι
2471 713 2698 781 Quoties
2737 719 2883 773 volui
2908 735 3243 795 congregare
3272 725 3413 783 filios
3441 734 3588 792 tuos,

2012 804 2469 871 quemadmodum
2528 809 2645 863 avis
2690 809 2879 865 nidum
2923 828 3082 869 suum
3130 817 3235 872 sub
3281 820 3497 887 pennis,
3538 831 3591 877 et

2011 894 2238 951 noluisti
2264 897 2276 950 !
2313 897 2454 954 Ecce
2480 900 2823 970 relinquetur
2854 905 3010 962 vobis
3038 907 3236 965 demus
3279 919 3460 967 vestra
3494 912 3591 969 de-

2012 986 2237 1042 serta".
2276 1007 2294 1039 ι
2336 987 2456 1060 Ipse
2478 998 2659 1047 autem
2690 993 2828 1048 dixit
2860 1014 2875 1050 :
2909 1015 2928 1048 ι
2960 997 3131 1055 Nemo
3157 1002 3299 1057 tollit
3346 1006 3585 1061 animam

2012 1090 2222 1144 meam;
2255 1086 2579 1149 potestatem
2631 1083 2805 1140 habeo
2828 1101 3055 1157 .ponere
3103 1094 3327 1162 eam";
3365 1115 3384 1148 ι
3421 1104 3588 1168 atque

2009 1166 2185 1222 illud:
2231 1188 2249 1221 ι
2289 1169 2421 1226 Dedi
2461 1172 2713 1231 dilectam
2746 1178 2983 1235 animam
3014 1197 3188 1238 meam
3238 1186 3293 1241 in
3330 1166 3586 1246 manibus

2009 1259 2355 1317 inimicorum
2379 1264 2521 1333 ejus.
2548 1285 2567 1318 ι
2605 1267 2742 1325 Huic
2766 1286 2897 1326 vero
2923 1273 3063 1329 facta
3092 1285 3176 1332 est
3190 1280 3337 1349 prior
3351 1280 3585 1337 haeredi-

2010 1359 2095 1408 tas
2122 1356 2280 1425 quasi
2310 1355 2395 1411 leo
2424 1358 2477 1411 in
2503 1359 2661 1417 silva.
2691 1360 2844 1418 Dedit
2866 1375 3055 1421 contra
3076 1385 3201 1424 eum
3220 1387 3407 1429 vocem
3438 1375 3580 1444 ejus.

2005 1456 2132 1497 cum
2183 1446 2465 1504 tradentes
2493 1465 2616 1504 eum
2643 1450 2821 1509 Pilato
2854 1456 3220 1526 adduxerunt,
3255 1474 3581 1523 accusantes
3653 1461 3679 1484 ⁸

2004 1536 2480 1612 vociferantesque
2510 1548 2888 1605 tantummodo
2924 1570 2938 1606 :
2972 1571 2990 1603 ι
3021 1551 3198 1618 Tolle,
3222 1557 3372 1625 tolle,
3400 1560 3583 1616 cruci-

2006 1631 2108 1700 fige
2134 1633 2358 1725 eum";
2392 1654 2411 1686 ι
2437 1649 2774 1710 quapropter
2795 1643 2904 1699 ait:
2930 1664 2949 1696 ι
2975 1643 3129 1703 Odivi
3152 1665 3294 1718 eam,
3327 1672 3346 1706 ι
3372 1654 3442 1709 ob
3457 1655 3579 1725 ejus

2003 1734 2170 1792 opera
2198 1723 2323 1779 odio
2353 1726 2541 1798 digna,
2576 1740 2631 1786 et
2656 1735 2800 1802 quod
2836 1736 2973 1792 nihil
3007 1738 3060 1793 in
3101 1756 3226 1795 eum
3271 1758 3460 1800 arnore
3488 1723 3580 1801 vdi-

2004 1827 2169 1882 gnum
2220 1818 2593 1878 ostenderant.
2640 1825 2773 1890 Quae
2806 1843 2933 1883 vero
2984 1841 3309 1902 sequuntur,
3355 1843 3410 1891 et
3458 1836 3576 1893 haec

303 1890 465 1963 ἔργα,
499 1892 594 1946 καὶ
624 1891 710 1945 διὰ
751 1892 811 1945 τὸ
845 1892 1012 1965 μηδὲν
1036 1895 1118 1973 εἰς
1158 1894 1320 1948 αὑτὸν
1345 1893 1567 1966 ἀγάπης
1598 1892 1747 1960 ἄξιον
1779 1897 1883 1949 ὲπιι

2005 1907 2307 1973 praesertim
2342 1928 2354 1965 :
2393 1929 2412 1962 ι
2453 1910 2684 1985 Propter
2724 1933 2811 1974 me
2848 1889 3188 1980 desolatione
3216 1889 3458 1983 desolata
3489 1940 3576 1986 est

302 1976 612 2047 δείξασθαι·
639 1981 701 2035 τὸ
725 1981 769 2035 δ’
799 1980 944 2052 ἑξῆς,
970 1970 1063 2036 καὶ
1094 1981 1328 2052 μάλιστα
1352 1982 1434 2049 τὸ,
1463 2002 1484 2035 ι
1514 1982 1593 2037 Δι’
1623 1985 1724 2054 ἐμὲ
1748 1985 1892 2055 ἀφα-

301 2071 484 2143 νισμῷ
522 2072 794 2146 ἠφανίσθη
830 2074 979 2127 πᾶσα
1010 2075 1042 2145 ή
1067 2074 1160 2145 γῆ,
1200 2093 1219 2126 ι
1250 2073 1425 2128 ἔοικεν
1450 2074 1644 2147 δηλοῦν
1671 2075 1771 2148 τὴν
1804 2076 1893 2131 διά

301 2163 393 2217 τὸν
432 2164 658 2236 Σωτῆρα
686 2165 823 2236 μετὰ
853 2166 913 2219 τὸ
941 2166 1110 2231 πάθος
1140 2166 1304 2221 αὑτοῦ
1350 2167 1561 2224 τελείαν
1594 2170 1893 2242 γενομένην

302 2254 507 2309 ἅλωσιν
535 2255 631 2309 καὶ
659 2255 1039 2327 αἰχμαλωσίαν
1066 2257 1163 2311 τοῦ
1196 2258 1465 2331 προτέρου
1490 2259 1647 2327 λαοῦ,
1673 2262 1768 2317 καὶ
1793 2262 1894 2335 τὴν

300 2348 383 2411 εἰς
414 2346 642 2419 ἔσχατον
665 2349 762 2420 τῆς
793 2348 1147 2422 Ἰερουσαλήμ
1177 2352 1474 2423 ἐρήμωσιν.

814 2465 1216 2519 ΚΕΦᾹΛΔΙΟΝ
1253 2466 1377 2521 ΛΕ’.

922 2559 1032 2613 Τοῦ
1057 2559 1266 2615 αὐτοῦ.

375 2669 398 2705 t
431 2652 627 2724 Κύριε,
657 2653 809 2725 ἰσχύς
837 2671 937 2726 μου
960 2654 1054 2708 καὶ
1079 2654 1300 2728 βοηθεία
1329 2673 1452 2728 μου,
1480 2657 1576 2712 καὶ
1598 2660 1886 2732 καταφυγή

300 2756 404 2812 μου
433 2743 490 2795 ὲν
512 2742 696 2815 ἡμέρᾳ
722 2742 929 2798 κακῶν.
964 2744 1108 2816 Πρὸς
1124 2745 1184 2798 σὲ
1208 2744 1337 2819 ἔθνη
1355 2746 1580 2818 ἥξουσιν
1610 2751 1706 2804 ἀπ’
1733 2752 1890 2824 ὲσχά-

295 2849 391 2887 του
428 2834 526 2906 τῆς
572 2834 695 2907 γῆς,
744 2836 839 2890 καὶ
879 2835 1117 2909 ἐροῦσιν.
1159 2837 1248 2902 Ὧς
1285 2830 1477 2913 ψευδῆ.
1498 2842 1799 2914 ἐκτήσαντο
1837 2846 1886 2898 οἱ

297 2925 535 2998 πατέρες
559 2926 717 2999 ήμῶν
755 2927 969 2991 εἴδωλα,
1005 2930 1100 2984 καὶ
1142 2931 1242 2985 οὐκ
1268 2931 1414 2986 ἐστιν
1446 2935 1503 2987 ἐν
1532 2934 1715 3000 αὐτοῖς
1744 2935 1888 3007 ὠφέ-

294 3014 468 3087 λημα.
511 3017 573 3071 El
612 3019 825 3091 ποιήσει
852 3017 1034 3091 ἑαυτῷ
1076 3019 1362 3095 ἄνθρωπος
1398 3023 1573 3088 θεοὺς,
1603 3025 1699 3078 xci.
1734 3026 1888 3080 αὐτοὶ

295 3109 397 3162 οὐκ
415 3109 522 3162 εἰσὶ
551 3107 662 3164 θεοί
680 3127 695 3176 ;
716 3110 815 3165 Διά
841 3110 1018 3176 τοῦτο,
1057 3113 1188 3178 ίδοὺ,
1223 3113 1335 3183 ἐγὼ
1362 3115 1585 3189 δηλώσω
1621 3118 1803 3183 αὐτοῖς
1825 3119 1883 3173 ὲν

1995 2005 2164 2063 terra,
2200 2019 2221 2051 ι
2255 2005 2549 2062 ostendere
2572 2008 2830 2066 videntur
2856 2014 3065 2086 antiqui
3099 2019 3285 2088 populi
3312 2034 3574 2077 consum-

1993 2099 2196 2146 matam
2251 2103 2378 2164 post
2422 2094 2728 2158 Salvatoris
2775 2105 3117 2174 passionem.
3146 2110 3361 2165 ruinam
3408 2119 3573 2184 atque

1992 2182 2384 2255 captivitatem,
2406 2186 2821 2266 Jerusalemque
2852 2196 2910 2252 in
2958 2207 3281 2271 perpetuum
3321 2182 3573 2261 solitudi-

1990 2291 2136 2331 nem.

2535 2481 2766 2542 CAPUT
2795 2486 3011 2545 XXXV.

2621 2576 2708 2631 Ea:
2734 2579 2937 2637 eodem.

2066 2679 2086 2714 ι
2121 2659 2367 2730 Domine,
2404 2662 2669 2723 fortitudo
2700 2684 2820 2725 mea
2849 2677 2904 2727 et
2933 2671 3102 2728 robur
3135 2689 3336 2743 meum,
3382 2685 3437 2735 et
3477 2694 3567 2738 re-

1990 2753 2198 2826 fugium
2252 2772 2433 2813 meum
2488 2760 2544 2815 in
2586 2760 2676 2818 die
2724 2764 3117 2823 tribulationis.
3160 2769 3244 2824 Ad
3287 2778 3342 2827 te
3373 2783 3567 2844 gentes

1988 2846 2208 2902 venient
2237 2848 2306 2904 ab
2332 2853 2592 2908 extremis
2616 2863 2798 2921 terrae,
2826 2865 2880 2913 et
2907 2858 3089 2914 dicent
3118 2878 3132 2915 :
3170 2860 3307 2920 Vere
3336 2865 3565 2922 menda-

1988 2937 2132 2993 cium
2163 2940 2526 3011 possederunt
2556 2956 2738 3016 patres
2767 2950 2965 3015 nostri,
2994 2952 3312 3018 vanitatem,
3340 2972 3462 3029 quae
3481 2958 3564 3017 eis

1987 3046 2096 3085 non
2121 3032 2351 3104 profuit.
2382 3035 2637 3109 Nunquid
2668 3039 2833 3096 faciet
2855 3042 2961 3099 sibi
2993 3044 3159 3102 homo
3186 3048 3339 3117 deos,
3370 3058 3425 3106 et
3454 3050 3560 3122 ipsi

1988 3138 2095 3179 non
2146 3135 2275 3181 sunt
2303 3127 2423 3183 dii?
2452 3127 2663 3186 Idcirco
2690 3147 2818 3191 ecce
2860 3150 2962 3208 ego
3011 3140 3290 3196 ostendam
3333 3141 3413 3198 eis
3463 3157 3563 3213 per

294 3201 373 3274 τῷ
405 3202 582 3276 καιρῷ
618 3203 790 3276 τούτῳ
819 3205 916 3279 τήν
946 3207 1105 3279 χεῖρά
1141 3225 1265 3280 μου,
1296 3210 1390 3264 καὶ
1433 3212 1652 3285 γνωριῶ
1696 3214 1882 3280 αὐτοῖς

1988 3214 2159 3271 vicem
2191 3216 2354 3286 hanc,
2383 3221 2668 3277 ostendam
2699 3226 2781 3280 eis
2803 3241 3024 3283 manum
3066 3245 3240 3286 meam
3290 3239 3345 3288 et
3386 3233 3563 3288 virtu~

291 3295 394 3366 τήν
426 3295 653 3367 δύναμίν
686 3313 809 3367 μου,
846 3298 939 3351 καὶ
971 3298 1269 3367 γνώσονται
1303 3302 1384 3357 ὅτι
1417 3302 1528 3372 ἐγὼ
1556 3303 1781 3378 Κύριος.
1812 3309 1880 3377 Χ

303 3384 576 3457 Ἀμαρτία
612 3384 779 3440 Ἰούδα
826 3388 1134 3458 γέγραπται
1181 3390 1239 3443 ἐν
1270 3391 1519 3464 γραφείῳ
1564 3394 1790 3467 σιδηρῷ,
1822 3397 1883 3451 ἑν

291 3476 445 3548 ὄνυχι
486 3476 830 3549 ἀδαμαντίνη)
870 3480 1323 3554 ὲκκεκολαμμένη
1370 3485 1463 3539 ἐπὶ
1509 3485 1603 3540 τοῦ
1652 3488 1881 3561 στήθους

290 3568 392 3639 τῆς
423 3568 648 3640 καρδίας
680 3569 877 3625 αὐτῶν.
916 3591 934 3624 ι
968 3572 1103 3644 Περὶ
1133 3573 1241 3627 τῶν
1275 3575 1364 3630 διὰ
1389 3577 1626 3648 Χριστοῦ
1655 3580 1747 3635 τὸν
1770 3582 1879 3635 τῶν

289 3657 428 3713 ὅλων
466 3660 852 3729 ὲπεγνωκότων
884 3661 1015 3715 Θεὸν
1056 3666 1438 3736 προφητεύσας
1474 3670 1504 3721 ὁ
1538 3669 1714 3739 λόγος,
1750 3673 1878 3744 ἑξῆς

287 3749 489 3821 ἐπάγει
535 3754 663 3825 περὶ
689 3752 789 3824 τῆς
830 3754 970 3809 κατά
1013 3755 1107 3809 τοῦ
1156 3758 1407 3831 Σωτῆρος
1446 3759 1542 3814 τοῦ
1612 3763 1877 3820 Ἰουδαίων

288 3841 421 3896 λαοῦ
465 3843 756 3915 ἁμαρτίας,
790 3844 1169 3910 ἀνεξάλειπτον
1213 3850 1383 3923 αὐτὴν
1421 3851 1639 3907 ἔσεσθαι
1674 3856 1875 3926 σημαί-

288 3951 397 3988 νων
422 3933 562 3988 κατά
587 3936 684 4000 τὰς
721 3937 1119 4009 παρατεθείσας
1145 3942 1285 4012 μετά
1311 3943 1649 4016 ἀστερίσκων
1676 3946 1870 4015 λέξας’

284 4023 355 4088 ἃς
374 4023 594 4078 δύναταί
620 4042 705 4089 τις
742 4027 836 4081 καί⁵
876 4029 969 4082 ἐπὶ
1000 4028 1091 4084 τοῦ
1123 4031 1383 4103 προδότου
1424 4034 1594 4089 Ἰούδα
1627 4037 1873 4111 ἐφαρμό-

288 4115 424 4180 ζειν,
546 4118 641 4171 καὶ
661 4119 920 4191 ὀνομαστὶ
939 4120 1018 4193 τῷ
1041 4120 1171 4195 θείῳ
1191 4124 1471 4196 Πνεύματι
1496 4130 1875 4201 προεγνωσμέ-

284 4224 381 4262 νου
412 4224 473 4261 τε
498 4208 592 4262 καὶ
620 4226 1053 4285 προαναπεφωνη
1063 4213 1248 4285 μένου.

782 4326 1176 4382 ΚΕΦΑΛΑῙΟΝ
1228 4331 1371 4397 AG".

905 4418 1015 4473 T013
1045 4420 1257 4478 αὐτοῦ.

367 4506 522 4573 Ἰδοὺ,
558 4508 762 4582 ἡμέραι
810 4508 1080 4582 ἔρχονται,
1129 4511 1279 4582 λέγει
1320 4514 1546 4588 Κύριος,
1589 4517 1683 4571 καὶ
1729 4518 1863 4572 ἀνα-

1986 3316 2095 3364 tem
2125 3323 2325 3374 meam,
2355 3322 2409 3367 et
2432 3313 2608 3369 scient
2633 3315 2758 3386 quia
2790 3333 2988 3375 nomen
3023 3322 3153 3377 mihi
3190 3322 3560 3396 Dominusx

1983 3399 2272 3457 Peccatum
2307 3402 2446 3460 Juda
2490 3408 2755 3479 scriptum
2785 3418 2870 3467 est
2900 3415 3041 3483 stylo
3075 3412 3253 3480 ferreo
3289 3418 3345 3472 in
3376 3434 3561 3494 ungue

1982 3495 2336 3553 adamantino
2369 3538 2385 3563 ,
2433 3508 2716 3556 exaratum
2763 3510 2928 3574 super
2971 3504 3315 3563 latitudinem
3375 3511 3561 3569 cordis

1979 3590 2249 3645 eorum”.
2291 3610 2313 3643 ι
2348 3590 2422 3648 De
2452 3591 2519 3649 iis
2539 3593 2631 3664 qui
2662 3608 2761 3665 per
2780 3579 3067 3654 Cbristuni
3088 3602 3329 3656 omnium
3360 3618 3561 3676 cogno-

1978 3692 2174 3737 verunt
2217 3681 2387 3738 Deum
2450 3683 2737 3757 Scriptura
2784 3689 3147 3759 prophetizat,
3187 3700 3243 3748 et
3292 3697 3559 3756 continuo

1977 3770 2290 3829 Judaeorum
2339 3776 2525 3846 populi
2552 3776 2815 3835 adversus
2848 3778 3187 3838 Salvatorem
3238 3784 3558 3856 iniquitates

1977 3866 2252 3933 indicans,
2285 3867 2607 3926 indelebiles
2635 3885 2730 3926 eas
2759 3871 2877 3928 fore
2906 3874 3149 3930 ostendit
3189 3886 3383 3933 notato
3412 3890 3555 3938 aste-
3634 3935 3643 3947 ,

1976 3958 2139 4014 riscis
2166 3957 2309 4014 loco.
2341 3957 2474 4025 Quae
2506 3959 2725 4030 quidem
2747 3970 2802 4016 et
2829 3963 3079 4020 traditori
3110 3963 3265 4022 Juda:
3307 3968 3554 4042 adaptari

1974 4058 2229 4121 possunt.
2265 4065 2298 4105 a
2337 4049 2546 4123 Spiritu
2575 4061 2768 4110 sancto
2810 4057 3130 4114 nominatim
3172 4071 3299 4119 ante
3339 4071 3554 4137 tempus

1972 4143 2193 4215 cognito
2223 4148 2389 4215 atque
2415 4147 2716 4201 nominato.

2500 4318 2735 4377 CAPUT
2770 4321 3013 4380 XXXVI.

2601 4412 2685 4467 Ea:
2710 4414 2909 4470 eodem.

2047 4518 2067 4554 ι
2097 4498 2240 4558 Ecce
2268 4499 2388 4558 dies
2416 4503 2666 4569 veniunt,
2698 4504 2838 4560 dicit
2860 4504 3124 4563 Dominus
3148 4525 3161 4562 :
3185 4517 3243 4564 et
3265 4508 3548 4568 suscitabo

281 4600 472 4671 στήσω
512 4599 592 4670 τῷ
633 4581 797 4654 Δαυῒδ
843 4581 1107 4674 ἀνατολὴν
1149 4602 1382 4671 δικαίαν,
1410 4581 1538 4660 *καί
1565 4606 1867 4679 βασιλεύσει
1899 4581 1944 4639 D
1971 4591 2144 4650 θεινίά
2174 4609 2397 4665 germen
2421 4596 2632 4666 Ῑυειυπι
2662 4616 2678 4652 τ
2713 4604 2767 4652 εί
2797 4599 3046 4669 τεεηειιιίι
3075 4615 3171 4655 νει
3199 4640 3214 4665 ν
3246 4608 3301 4657 εί
3329 4604 3547 4673 8“Diem

281 4688 556 4761 βασιλεὺς,
584 4688 681 4742 καὶ
704 4689 944 4760 συνήσει,
978 4689 1073 4742 καὶ
1100 4692 1316 4763 ποιήσει
1343 4693 1517 4765 κρίμα
1544 4694 1637 4748 καὶ
1659 4694 1867 4749 δικαιο-

280 4778 454 4851 σύνην
474 4780 567 4833 ἐπὶ
593 4780 691 4852 τῆς
719 4784 844 4853 γῆς.
892 4781 981 4835 Ἐν
1009 4784 1130 4847 ταῖς
1154 4784 1389 4855 ἡμέραις
1416 4784 1599 4861 αὐτοῦ⁸
1618 4785 1865 4858 σωθήσε-

277 4890 372 4927 ται
392 4873 484 4927 καὶ
518 4873 741 4939 Ἰούδας,
765 4874 860 4928 καὶ
893 4874 1110 4948 Ἰσραὴλ
1132 4877 1547 4949 κατασκηνώσει
1569 4880 1863 4946 πεποιθὼς,

279 4967 379 5021 καὶ
406 4964 567 5020 τοῦτο
596 4966 656 5020 τὸ
689 4967 883 5039 ὄνομα,
924 4966 953 5020 ὃ
987 4968 1207 5023 καλέσει
1239 4971 1435 5035 αὐτοὺς
1473 4970 1697 5043 Κύριος,
1749 4973 1864 5025 Ἰω-

281 5058 441 5113 σεδὲκ
466 5060 525 5113 ὲν
552 5062 664 5124 τοῖς
688 5062 1015 5133 προφήταις.
1054 5061 1142 5115 Ἐν
1166 5063 1232 5133 τῇ
1261 5062 1442 5133 ἡμέρᾳ
1471 5063 1677 5135 ἐκείνῃ,
1712 5060 1864 5119 εἶπεν

278 5149 506 5221 Κύριος,
557 5151 831 5222 συντρίψω
882 5151 1043 5221 ζυγὸν
1074 5152 1182 5206 ἀπὸ
1217 5155 1486 5226 τραχήλου
1520 5154 1721 5220 αὐτῶν,
1771 5157 1866 5210 καὶ

272 5245 406 5306 τοὺς
431 5243 664 5314 δεσμοὺς
697 5243 874 5299 αὐτῶν
902 5244 1200 5317 διαρῤήξω,
1232 5246 1329 5300 καὶ
1360 5247 1459 5300 οὐκ
1482 5247 1750 5318 ὲργῶνται
1775 5249 1865 5302 αύ-

272 5334 360 5388 τοὶ
388 5334 467 5388 ἔτι
495 5334 814 5408 ἀλλοτρίοις,
848 5337 943 5390 καὶ
973 5336 1242 5409 ὲργῶνται
1274 5329 1354 5410 τῷ
1391 5339 1582 5412 Κυρίῳ
1612 5338 1731 5412 Θεῷ
1758 5341 1859 5394 αύ-

271 5423 407 5488 τῶν,
431 5427 526 5480 καὶ
548 5426 639 5481 τὸν
664 5426 828 5480 Δαυῖδ
854 5426 1077 5499 βασιλέα
1097 5428 1275 5483 αὐτῶν
1302 5431 1588 5503 ἀναστήσω
1615 5431 1849 5496 αὐτοῖς.»

1972 4688 2118 4743 erit:
2166 4696 2223 4744 et
2272 4686 2441 4744 faciet
2474 4688 2745 4759 judicium
2783 4700 2838 4748 et
2874 4692 3143 4761 justitiam
3186 4695 3240 4749 in
3281 4702 3450 4751 terra.
3484 4694 3546 4752 In

1971 4778 2166 4835 diebus
2188 4779 2296 4835 illis
2323 4780 2626 4837 salvabitur
2647 4781 2787 4839 Juda
2804 4822 2822 4848 ,
2853 4790 2908 4839 et
2928 4782 3097 4840 Israel
3125 4783 3392 4841 habitabit
3412 4800 3548 4842 con-

1971 4869 2242 4927 fidenter:
2290 4878 2346 4926 et
2385 4871 2491 4927 hoc
2531 4882 2617 4927 est
2654 4884 2857 4929 nomen
2898 4872 3045 4944 quod
3090 4873 3367 4929 vocabunt
3394 4890 3543 4940 eum,

1972 4960 2240 5020 Dominus
2262 5005 2278 5031 ,
2309 4961 2542 5020 Josedec
2570 4965 2625 5019 in
2658 4966 2943 5036 prophetis
2966 4967 3006 5019 ί.
3027 5007 3041 5021 .
3064 5002 3079 5020 .
3102 4963 3160 5021 1η
3191 4964 3281 5021 die
3309 4965 3400 5020 illa
3421 5006 3436 5031 ,
3467 4967 3546 5022 ait

1966 5053 2235 5113 Dominus
2260 5096 2276 5122 ,
2301 5064 2583 5113 conteram
2607 5057 2799 5130 jugum
2827 5058 2897 5114 de
2921 5059 3065 5114 collo
3091 5072 3281 5114 eorum
3299 5098 3314 5123 ,
3345 5065 3403 5114 et
3428 5059 3547 5115 vin-

1966 5148 2091 5204 cula
2118 5164 2309 5205 eorum
2335 5149 2675 5221 disrumpam
2698 5191 2714 5215 ,
2742 5157 2797 5206 et
2838 5166 2950 5207 non
2990 5151 3425 5208 dominabuntur
3460 5152 3542 5209 eis

1964 5240 2201 5311 amplius
2240 5241 2442 5307 alieni,
2488 5243 2586 5299 sed
2626 5244 2867 5299 servient
2907 5243 3144 5300 Domino
3177 5243 3287 5300 Deo
3315 5259 3450 5309 suo,
3485 5254 3541 5300 et

1962 5329 2134 5387 David
2171 5332 2285 5405 regi
2345 5348 2447 5388 suo
2474 5348 2635 5405 quem
2659 5335 2940 5391 suscitabo
2967 5336 3049 5391 eis
3077 5336 3120 5391 ’.
3146 5353 3167 5388 ι
3192 5335 3292 5391 His
3324 5336 3435 5392 fere
3466 5337 3541 5393 si-

1961 5425 2113 5481 milia
2144 5426 2198 5481 in
2229 5425 2338 5481 alio
2370 5426 2618 5495 ejusdem
2653 5427 2935 5499 prophetae
2977 5429 3102 5484 loco
3144 5427 3409 5485 dicuntur
3449 5428 3538 5489 his

272 5515 498 5582 Τούτοις
521 5518 589 5572 τὰ
611 5519 968 5592 παραπλήσια
998 5520 1093 5575 καὶ
1121 5522 1181 5575 ὲν
1210 5520 1383 5596 ἑτέρῳ
1407 5522 1501 5578 τοῦ
1534 5520 1698 5578 αὑτοῦ
1720 5520 1873 5595 προ-’

1988 5517 2141 5574 'erbis
2168 5536 2180 5572 :
2206 5534 2226 5569 ι
2252 5515 2391 5572 Ecce
2418 5517 2536 5573 dies
2560 5519 2818 5585 veniunt,
2843 5517 2980 5575 dicit
3004 5517 3272 5576 Dominus
3291 5561 3307 5587 ,
3337 5528 3393 5577 et
3417 5537 3541 5578 sus-

269 5607 444 5678 φήτου
486 5609 637 5681 τόπῳ
678 5609 895 5682 εἴρηται
935 5611 995 5663 ὲν
1034 5610 1260 5676 τούτοις·
1293 5635 1312 5665 ι
1362 5612 1489 5667 Ἰδοὺ
1524 5613 1726 5687 ἡμέραι
1766 5614 1855 5688 ἕρ-

1959 5614 2140 5671 citaho
2186 5611 2414 5670 verbum
2466 5612 2669 5667 bonum
2713 5611 2858 5684 quod
2905 5612 3124 5669 locutus
3170 5627 3296 5669 sum
3340 5612 3408 5668 ad
3437 5612 3540 5667 do-

342 5760 389 5841 f‘
425 5760 557 5820 Luc.
585 5764 817 5841 χρη-54,
851 5766 939 5822 35.
1014 5764 1059 5799 ⁸⁷
1089 5765 1247 5823 Joan.
1282 5784 1338 5835 κ,
1375 5769 1463 5828 l8.
1537 5769 1584 5806 "
1606 5769 1766 5829 Joan.
1801 5787 1883 5827 xu

1988 5771 2060 5830 5.‘
2108 5771 2152 5806 ”
2181 5769 2293 5829 Jer.
2324 5783 2437 5837 xvi,
2474 5767 2669 5838 lii-2|;
2721 5782 2856 5839 xvu,
2884 5767 2938 5826 Ι.
3014 5768 3034 5804 ί
3065 5766 3178 5826 Jer.
3209 5782 3370 5836 mu,
3400 5761 3531 5831 5,6.

267 5833 294 5863 ’
320 5830 431 5888 Jer.
465 5850 594 5901 xxx,
626 5835 680 5899 8,
708 5835 763 5890 9.

591 5930 859 5994 ΡΑτιιοι..
909 5930 1029 5995 Gn.
1062 5931 1268 5996 XXII.

3108 5940 3188 6001 37
