4096 6412
551 298 690 366 ιιοδ

1252 307 1521 367 EUSEBll
1559 312 2042 371 CESARIENSB
2080 314 2231 373 OPP.
2279 312 2466 370 PARS
2504 313 2591 368 ΠΙ.
2633 346 2702 357 ——
2741 313 3152 374 EXEGETICA.

3693 322 3831 378 ιιει

550 445 697 483 mum
726 427 894 482 lsrael
921 436 974 483 et
1003 428 1071 484 ad
1102 428 1326 484 domum
1350 428 1514 487 Juda.
1543 429 1602 485 ln
1632 431 1831 489 diebus
1861 433 1970 489 illis
1998 439 2054 489 et
2079 433 2108 486 ii

2237 447 2445 504 χονται,
2481 430 2630 499 λέγει
2656 430 2879 502 Κύριος,
2915 433 3010 485 καὶ
3035 430 3387 505 ἐξαναστήσω
3418 450 3500 487 σοι
3528 433 3620 488 τὸν
3642 433 3706 496 (Γ.
3738 435 3829 507 56)

551 530 795 590 tempore
822 520 919 576 illo
939 560 957 586 ,
988 521 1304 592 germinare
1337 521 1537 578 faciam
1587 522 1760 579 David
1800 541 2025 596 germen
2052 526 2139 596 ju-

547 614 714 669 stitiaa
743 613 785 669 ³.
818 633 837 666 ι
865 613 1078 680 Quibus
1131 616 1398 671 continuo
1453 617 1680 687 subjicit
1709 638 1723 673 :
1787 638 1804 670 ι
1830 618 1968 686 Quia
2020 620 2135 676 haec

545 707 680 761 dicit
728 705 1040 762 Dominus:
1090 705 1207 762 Non
1262 707 1513 763 interibit
1556 708 1625 763 de
1668 706 1839 763 David
1886 711 1990 774 vir,
2038 710 2134 781 qui

547 798 734 854 sedeat
778 815 945 870 super
976 801 1238 855 thronum
1288 800 1488 855 domus
1520 799 1690 857 Israel
1719 820 1731 854 :
1769 810 1824 856 et
1857 801 1925 857 de
1952 817 2136 858 sacer-

543 890 766 947 dotibus
795 900 850 946 et
878 891 945 947 de
982 891 1188 947 Levitis
1220 907 1330 947 non
1367 893 1616 948 interibit
1650 894 1734 947 vir
1766 910 1797 949 a
1833 895 1973 950 facie
2012 911 2135 951 mea

542 981 636 1051 qui
663 980 855 1037 ollerat
884 982 1326 1038 holocautomata
1344 1022 1360 1047 ,
1389 991 1443 1038 et
1470 984 1731 1038 incendat
1761 984 2096 1039 sacriﬁcium
2114 1025 2130 1050 ,

540 1082 595 1130 et
635 1074 807 1131 caedat
844 1075 1097 1131 victimas
1127 1076 1386 1131 omnibus
1417 1076 1615 1132 diebus
1650 1076 1692 1132 ι.
1732 1096 1752 1131 ι
1782 1076 1847 1131 Et
1893 1093 2127 1135 rursus:

547 1187 566 1220 ι
592 1166 718 1223 llaec
744 1168 881 1224 dicit
911 1167 1222 1224 Dominus:
1259 1169 1317 1224 Si
1363 1170 1583 1225 irritum
1628 1179 1813 1242 potest
1864 1172 1981 1229 ﬁeri
2033 1189 2131 1245 pa-

539 1269 693 1316 ctum
724 1276 904 1317 meum
933 1274 1058 1314 cum
1090 1260 1180 1316 die
1205 1301 1220 1325 ,
1251 1269 1306 1317 et
1336 1270 1557 1332 pactum
1578 1279 1761 1320 meum
1793 1278 1920 1320 cum
1945 1274 2126 1334 nocte,

540 1360 601 1407 ut
634 1368 742 1408 non
781 1353 854 1409 sit
896 1352 1016 1409 dies
1051 1360 1107 1408 et
1145 1369 1257 1407 nox
1286 1355 1343 1409 in
1372 1363 1619 1426 tempore
1648 1371 1783 1424 suo;
1816 1366 1871 1413 et
1906 1368 2125 1428 pactum

539 1461 720 1502 meum
752 1445 965 1500 irritum
998 1461 1120 1502 esse
1149 1446 1352 1516 poterit
1381 1464 1505 1504 cum
1551 1447 1721 1504 David
1762 1465 1921 1506 servo
1966 1466 2121 1518 meo,

540 1546 600 1590 ut
631 1552 738 1591 non
768 1538 840 1593 sit
868 1553 933 1594 ex
964 1552 1030 1593 eo
1059 1536 1203 1594 filius
1232 1540 1327 1609 qui
1359 1547 1548 1611 regnet
1579 1539 1632 1594 in
1663 1540 1863 1596 throno
1889 1542 2040 1611 ejus,
2069 1553 2125 1598 et

539 1628 741 1685 Levita:
767 1638 823 1684 et
853 1630 1171 1687 sacerdotes
1203 1632 1445 1687 ministri
1477 1634 1602 1688 mei.
1627 1631 1784 1688 Sicut
1811 1637 2120 1691 enumerari

538 1736 649 1777 non
672 1729 904 1793 possunt
931 1724 1109 1780 stellae
1129 1723 1256 1778 cmli
1275 1714 1301 1787 ,’
1320 1736 1374 1778 et
1399 1726 1582 1780 metiri
1611 1740 1781 1781 arena
1812 1727 2010 1792 maris,
2040 1728 2121 1783 sic

2238 522 2396 592 λόγον
2433 539 2534 591 μου
2564 521 2656 575 τὸν
2682 521 2908 591 ἀγαθὸν,
2928 523 3007 589 ⁴δν
3037 522 3277 595 ἐλάλησα
3308 524 3402 578 ἐπὶ
3428 524 3520 579 τὸν
3542 519 3694 580 οἷκον
3729 525 3829 582 Ἱε-

2242 611 2526 684 ρουσαλὴμ
2570 611 2664 665 καὶ
2707 612 2801 665 ἐπὶ
2827 612 2919 666 τὸν
2941 607 3090 668 οἶκον
3127 613 3317 668 Ἰούδα’
3354 615 3412 668 ἐν
3444 618 3565 680 ταῖς
3592 617 3831 692 ἡμέραις

2238 705 2474 769 ἐκείναις
2512 705 2607 759 καὶ
2645 707 2703 760 ἐν
2730 705 2810 778 τῷ
2840 707 3019 780 καιρῷ
3057 706 3253 780 ἐκείνῳ
3281 709 3527 763 ἀνατελῶ
3551 710 3630 782 τῷ
3663 712 3832 766 Δαυῖδ

2236 797 2502 870 ἀνατολὴν
2547 797 2782 852 δικαίαν.
2829 820 2848 852 ι
2884 794 2979 864 οἷς
3023 799 3151 872 ἐξῆς
3191 800 3464 874 ἐπιφέρει,
3512 803 3595 857 ὅτι
3629 822 3649 854 ι
3682 804 3829 859 Τάδε

2234 887 2379 958 λέγει
2414 888 2637 960 Κύριος
2683 889 2799 943 Οὐκ
2845 888 3359 964 ἐξολοθρευθήσεται
3383 891 3463 963 τῷ
3498 893 3662 947 Δαυῖδ
3686 895 3832 968 ἀνὴρ

2234 981 2544 1053 καθήμενος
2577 982 2669 1034 ἐπὶ
2697 980 2890 1054 θρόνου
2912 982 3064 1036 οἴκου
3099 984 3337 1056 Ἰσραήλ’
3366 987 3594 1050 καὶτοῖς
3618 984 3829 1057 ἱερεῦσι

2231 1079 2346 1139 τοῖς
2386 1076 2658 1139 Λευῖταις’
2691 1073 2789 1128 οὐκ
2826 1074 3339 1149 ἐξολοθρευθήσεται
3381 1078 3522 1150 ἀνὴρ
3554 1080 3621 1132 ἐκ
3654 1095 3830 1150 προσ-

2231 1167 2381 1222 ὡπου
2415 1185 2516 1240 μου
2550 1167 2837 1240 ἀναφέρων
2868 1167 3298 1240 ὁλοκαυτώματα
3324 1170 3419 1223 καὶ
3447 1169 3591 1223 θύων
3607 1169 3824 1237 θυσίαν,

2230 1260 2325 1314 καὶ
2365 1259 2533 1314 ποιῶν
2575 1258 2726 1331 θῦμα
2775 1259 2957 1324 πάσας
3002 1260 3102 1324 τάς
3144 1241 3393 1333 ήμέραςί
3417 1281 3437 1315 ι
3480 1261 3592 1316 Kal.
3634 1261 3823 1317 πάλινο

2233 1371 2253 1403 ι
2290 1352 2428 1407 Τάδε
2460 1351 2606 1421 λέγει
2638 1351 2862 1423 Κύριος·
2900 1352 2964 1405 Ei
3000 1352 3382 1407 διασκεδάσετε
3420 1353 3519 1425 τὴν
3551 1353 3825 1427 διαθήκην

2229 1460 2332 1515 μου
2372 1441 2469 1515 τὴν
2514 1443 2752 1515 ἡμέραν,
2797 1443 2893 1497 καὶ
2930 1442 3028 1514 τὴν
3056 1442 3322 1516 διαθήκην
3356 1461 3458 1516 μου
3490 1444 3592 1518 τὴν
3624 1446 3820 1511 νύκτα,

2223 1540 2319 1594 τοῦ
2351 1539 2426 1612 μὴ
2457 1534 2598 1594 εἶναι
2631 1540 2844 1612 ἡμέραν
2879 1538 2973 1593 καὶ
3007 1538 3178 1593 νύκτα
3208 1541 3267 1593 ἐν
3301 1540 3378 1612 τῷ
3404 1541 3584 1614 καιρῷ
3614 1542 3819 1597 αὐτῶν⁸

2223 1634 2319 1689 καί
2350 1650 2415 1704 γε
2445 1633 2479 1705 ἡ
2508 1631 2753 1705 Διαθήκη
2789 1650 2891 1704 μου
2926 1633 3451 1704 διασκεδασθήσεται
3483 1633 3623 1705 μετά
3652 1631 3823 1690 Δαυῖδ

2223 1724 2319 1779 τοῦ
2347 1724 2537 1783 δούλου
2568 1742 2691 1796 μου,
2730 1723 2823 1777 τοῦ
2858 1724 2932 1796 μὴ
2968 1720 3107 1779 εἶναι
3141 1723 3292 1795 αὐτῷ
3315 1724 3430 1778 υἱδν
3464 1724 3823 1796 βασιλεύοντα

535 1816 910 1886 multiplicabo
959 1830 1144 1872 semen
1194 1815 1368 1872 David
1416 1818 1560 1874 servi
1614 1818 1746 1882 mei,
1797 1827 1852 1875 et
1902 1817 2108 1876 LeVitas

2222 1818 2317 1872 ἐπὶ
2353 1815 2445 1871 τοῦ
2479 1815 2670 1888 θρόνου
2701 1815 2887 1880 αὐτοῦ,
2928 1817 3022 1871 καὶ
3063 1818 3191 1881 τοὺς
3213 1817 3446 1881 Λευῖτας
3486 1818 3617 1880 τοὺς
3650 1818 3821 1889 ἱερεῖς

536 1909 820 1965 ministros
855 1924 1005 1965 meos
1038 1910 1081 1963 ⁸.
1112 1929 1132 1961 ι
1162 1910 1343 1980 Atque
1374 1910 1574 1966 iterum
1606 1918 1734 1981 post
1776 1927 1952 1983 pauca
1995 1914 2072 1968 ait
2100 1933 2114 1969 :

539 2019 558 2051 ι
593 2000 720 2057 Haec
746 2000 880 2057 dicit
908 2000 1213 2058 Dominus:
1247 2001 1306 2058 Si
1337 2011 1559 2073 pactum
1590 2018 1770 2058 meum
1799 2004 1946 2059 inter
1971 2002 2116 2060 diem

531 2098 586 2147 et
616 2100 864 2158 noctem,
893 2099 950 2148 et
975 2093 1125 2164 leges
1155 2093 1297 2149 cmlo
1322 2102 1378 2149 et
1412 2102 1572 2149 terrae
1601 2110 1709 2151 non
1734 2096 1893 2166 posui
1917 2113 1933 2163 ;
1960 2095 2118 2167 equi-

533 2184 656 2240 dem
684 2195 738 2241 et
764 2200 951 2241 semen
982 2183 1154 2240 Jacub
1179 2192 1235 2241 et
1265 2184 1436 2241 David
1470 2186 1615 2242 servi
1649 2187 1754 2242 mei
1786 2188 2072 2259 projiciam
2096 2228 2113 2255 ,

531 2285 594 2333 ut
619 2292 728 2333 non
761 2293 1037 2335 assumam
1065 2278 1133 2334 de
1162 2279 1374 2334 semine
1405 2277 1528 2347 ejus
1573 2278 1855 2350 principes
1884 2281 2115 2337 seminis

530 2367 841 2433 Abraham,
876 2366 1031 2423 Isaac
1062 2374 1116 2422 et
1146 2364 1318 2421 Jacob
1347 2367 1389 2423 ⁸.
1423 2387 1441 2419 ι
1470 2364 1759 2433 Quodnam
1811 2366 1957 2422 enim
1988 2383 2108 2438 ger-

530 2475 656 2515 men
704 2458 971 2515 Dominus
1027 2457 1220 2513 Davidi
1274 2458 1647 2514 suscitaturus
1676 2458 1811 2513 est?
1859 2457 2113 2514 Divinum

534 2552 795 2618 Verbum,
823 2552 893 2609 de
940 2567 1051 2624 quo
1095 2552 1232 2607 alias
1280 2550 1523 2606 dicitur:
1557 2569 1577 2603 ι
1606 2549 1749 2605 Ecce
1776 2551 1882 2615 vir,
1914 2547 2111 2607 Oriens

527 2661 730 2702 nomen
771 2645 893 2716 ejus
926 2646 945 2676 ⁷
973 2663 990 2713 ;
1022 2664 1040 2697 ι
1071 2644 1166 2715 qui
1211 2652 1266 2700 et
1310 2650 1644 2713 regnaturus
1688 2644 2108 2713 praenuntiatur,

527 2752 595 2794 ac
630 2757 649 2790 ι
677 2737 902 2809 sapiens
930 2737 1038 2793 erit
1069 2742 1124 2790 et
1161 2734 1326 2789 faciet
1352 2733 1623 2804 judicium
1654 2740 1709 2789 et
1746 2733 2022 2803 justitiam
2055 2733 2109 2787 in

526 2836 697 2886 terra.
727 2850 747 2883 ι
771 2828 871 2886 llic
895 2837 947 2886 et
979 2830 1033 2885 in
1067 2829 1312 2884 tenebris
1342 2826 1665 2883 sedentibus
1695 2826 1894 2881 animis
1923 2836 2111 2898 surget

526 2923 619 2978 lux
649 2923 705 2978 in
740 2922 955 2979 caelesti
984 2937 1158 2994 regno
1199 2937 1338 2988 suo;
1403 2922 1636 2994 quique,
1677 2920 1835 2991 juxta
1874 2920 2110 2991 Aposto-

524 3018 760 3081 stolum,
798 3036 818 3069 ι
843 3017 1129 3088 plenitudo
1172 3016 1417 3088 gentium
1450 3015 1679 3071 intrabit
1709 3014 1751 3078 ⁸,
1786 3035 1803 3066 ι
1837 3022 1892 3069 et
1926 3012 2108 3069 omnis

526 3125 690 3165 verus
716 3109 883 3166 Israel
911 3125 1035 3165 cum
1061 3109 1333 3179 spirituali
1358 3107 1519 3163 Juda.
1547 3107 1942 3172 Salvabuntur,
1966 3121 2105 3176 quos

2220 1911 2346 1974 τοὺς
2375 1908 2824 1981 λειτουργοῦντας
2861 1927 2970 1979 μοι*
3000 1908 3076 1973 ὡς
3114 1911 3215 1964 οὐκ
3251 1910 3756 1983 ἐξαριθμηθήσεται
3777 1913 3818 1984 ἡ

2217 2001 2447 2074 δύναμις
2472 2001 2567 2057 τοῦ
2595 2001 2850 2075 ούρανοῦ,
2888 2003 3008 2057 οὐδὲ
3047 2004 3525 2077 ἐκμετρηθήσεται
3558 2006 3593 2075 ἡ
3624 2005 3814 2076 ἄμμος

2216 2094 2316 2164 τῆς
2347 2094 2645 2168 θαλάσσης,
2681 2095 2854 2160 οὕτως
2888 2094 3144 2167 πληθυνῶ
3174 2095 3236 2149 τὸ
3265 2096 3489 2168 σπέρμα
3521 2095 3685 2149 Δαυῒδ
3716 2096 3814 2150 τοῦ

2215 2187 2402 2242 δούλου
2452 2207 2553 2260 μου
2603 2191 2698 2243 καὶ
2740 2189 2869 2253 τοὺς
2913 2189 3145 2253 Λευῖτας
3189 2188 3315 2252 τοὺς
3355 2187 3817 2260 λειτουργοῦντας

2219 2298 2329 2353 μοι.
2364 2300 2382 2334 ι
2409 2282 2520 2336 Καὶ
2555 2277 2711 2345 αὖθις
2747 2282 2885 2353 μετὰ
2915 2280 3122 2353 βραχέα
3149 2280 3384 2352 εἴρηται·
3424 2299 3443 2332 ι
3484 2281 3627 2335 Τάδε
3661 2281 3813 2352 λέγει

2215 2372 2439 2444 Κύριος
2483 2373 2546 2426 Ei
2594 2370 2671 2444 μὴ
2717 2370 3024 2444 διαθήκηίν)
3070 2388 3171 2441 μου
3205 2370 3421 2443 ἡμέρας
3454 2370 3552 2426 καὶ
3592 2372 3810 2437 νυκτὸς,

2213 2463 2605 2536 ἁκριὸἀσματα
2638 2462 2871 2535 ούρανοῦ
2901 2463 2996 2517 καὶ
3024 2464 3126 2534 γῆς
3160 2463 3261 2516 οὐκ
3304 2462 3489 2530 ἔταξα,
3522 2463 3618 2516 καί
3654 2481 3721 2534 γε
3748 2467 3813 2519 τὸ

2215 2554 2439 2628 σπέρμα
2474 2553 2670 2610 Ἰακὼὸ
2694 2554 2789 2609 καὶ
2817 2553 2980 2609 Δαυῖδ
3000 2554 3090 2609 τὸν
3114 2553 3303 2609 δοῦλόν
3335 2572 3440 2626 μου
3460 2556 3807 2626 ἀποδοκιμῶ,

2212 2647 2305 2702 τοῦ
2349 2646 2426 2720 μὴ
2463 2647 2651 2702 λαϐεῖν
2692 2648 2757 2701 ἐκ
2798 2644 2889 2700 τοῦ
2939 2646 3254 2719 σπέρματος
3284 2646 3450 2699 αὑτοῦ
3486 2646 3750 2720 ἄρχοντα.
3784 2668 3803 2701 ι

2211 2740 2323 2793 Καὶ
2358 2740 2442 2803 τίς
2471 2738 2537 2793 ἂν
2580 2739 2666 2809 εἴη
2719 2737 2824 2791 ὑπὸ
2862 2735 2956 2792 τοῦ
3007 2737 3214 2809 Κυρίου
3260 2737 3679 2810 ἀναστησομένη

2211 2830 2374 2885 Δαυῒδ
2403 2828 2669 2902 ἀνατολής
2714 2829 2773 2884 Ὀ
2814 2829 2957 2892 θεῖος
2985 2829 3178 2899 Λόγος,
3212 2829 3341 2902 περὶ
3366 2824 3429 2884 οὗ
3467 2830 3564 2884 καὶ
3601 2831 3661 2886 ἐν
3687 2832 3811 2885 ἐτέο

2214 2942 2326 2998 ροις
2354 2925 2589 2997 εἴρηται,
2623 2941 2641 2973 ι
2664 2920 2795 2976 Ἰδοὺ
2827 2920 2986 2994 ἀνὴρ,
3028 2920 3287 2992 Ἀνατολὴ
3317 2920 3490 2993 ὄνομα
3513 2920 3685 2993 αὐτῷ·
3703 2941 3722 2973 ι
3746 2921 3808 2985 ὃς

2209 3018 2304 3071 καὶ
2359 3016 2695 3089 βασιλεύσειν
2750 3013 3155 3087 προφητεύεται
3199 3014 3293 3068 καὶ
3329 3032 3349 3066 ι
3403 3015 3657 3086 συνήσειν
3710 3016 3809 3070 καὶ

2208 3110 2455 3182 ποιήσειν
2480 3108 2654 3181 κρίμα
2678 3108 2774 3162 καὶ
2803 3106 3149 3180 δικαιοσύνην
3177 3108 3269 3161 ἐπὶ
3297 3109 3397 3179 τῆς
3423 3108 3547 3179 γῆς.
3581 3126 3600 3160 ι
3635 3102 3808 3173 Οὗτος

524 3212 581 3259 et
607 3204 825 3260 vocabit
870 3203 1024 3275 ipsos
1070 3202 1337 3258 Dominus
1376 3201 1702 3257 nominatim
1726 3239 1742 3265 ,
1775 3213 1917 3269 quos
1953 3199 2106 3270 ipsos

2210 3200 2266 3255 δὲ
2292 3202 2387 3256 καὶ
2411 3203 2533 3266 ταῖς
2569 3203 2626 3255 ἐν
2661 3199 2841 3254 σκότει
2878 3198 3217 3271 καθημέναις
3247 3198 3447 3271 ψυχαῖς
3488 3198 3811 3264 ἐξανατελεῐ

524 3295 723 3366 dignos
756 3293 1034 3365 judicabit
1077 3295 1134 3349 in
1175 3294 1439 3359 Josedec,
1482 3292 1627 3363 quod
1674 3293 2106 3364 interpretantur

524 3386 622 3442 Dei
638 3387 840 3456 justas.
876 3385 937 3441 In
962 3385 1052 3442 die
1081 3393 1264 3441 autem
1294 3386 1386 3440 illa
1407 3424 1423 3450 ,
1454 3400 1580 3440 cum
1613 3385 1931 3441 liberaverit
1959 3383 2103 3441 Deus

521 3491 618 3533 eos
644 3491 677 3529 a
709 3475 914 3531 diaboli
946 3475 1214 3531 servitute
1234 3514 1248 3539 ,
1279 3475 1416 3531 adeo
1447 3480 1507 3529 ut
1546 3489 1657 3530 non
1696 3475 1812 3545 jam
1851 3474 1931 3529 illi
1953 3515 1967 3541 ,
1998 3474 2102 3530 soli

520 3582 656 3625 vero
686 3566 925 3622 Domino
956 3565 1073 3621 Deo
1102 3564 1379 3630 serviant,
1412 3566 1686 3621 oriturum
1714 3565 1798 3622 eis
1824 3565 1968 3621 Deus
1996 3564 2104 3620 Da-

520 3660 700 3719 videm
730 3676 913 3732 regem
937 3660 1255 3732 pollicetur,
1308 3658 1524 3715 scilicet
1568 3665 1756 3713 natum
1803 3673 1835 3714 e
1877 3657 2101 3716 Davidis

512 3752 730 3815 semine
781 3749 1119 3808 Salvatorem
1175 3757 1426 3807 nostrum
1459 3790 1477 3816 ,
1529 3765 1691 3821 quem
1749 3751 2101 3821 peculiariter

519 3843 823 3915 Scriptura:
852 3844 959 3900 hoc
984 3841 1413 3914 designaverunt
1443 3843 1684 3899 nomine.
1712 3839 1773 3897 in
1805 3843 1909 3899 hac
1933 3843 2101 3915 igitur

517 3941 806 4013 prophetia
860 3941 1037 3997 David
1096 3941 1402 3998 secundum
1459 3937 1799 3995 Salvatorem
1846 3947 2098 3996 nostrum

514 4034 870 4090 existimatus
897 4034 1063 4091 homo
1092 4032 1317 4090 dicitur.
1364 4031 1601 4089 Germen
1647 4042 1831 4088 autem
1867 4033 2098 4103 justitiae

512 4128 689 4184 deitas
717 4135 803 4184 est
829 4142 951 4199 quae
978 4128 1033 4182 in
1065 4127 1186 4198 ipso
1211 4128 1373 4200 viget,
1400 4145 1419 4178 ι
1444 4125 1857 4197 εοιῇιιειίιὶεεδθι
1893 4125 1948 4180 in
1976 4126 2098 4182 aliis

514 4220 783 4292 appellata
808 4238 824 4286 ;
856 4235 983 4275 cum
1034 4219 1258 4292 quidem
1278 4237 1305 4271 ι
1334 4219 1430 4273 lux
1460 4233 1588 4275 vera
1607 4257 1623 4283 ,
1653 4233 1777 4290 quas
1809 4219 2093 4275 illuminat

512 4327 732 4367 omnem
779 4312 1056 4369 hominem
1083 4312 1392 4368 venientem
1422 4310 1480 4365 in
1512 4311 1659 4366 hunc
1699 4310 1961 4367 mundum
1995 4313 2040 4367 ’.
2071 4330 2090 4364 ι

512 4403 625 4461 Deo
676 4405 844 4476 igitur
886 4402 1056 4469 dicit,
1107 4402 1253 4474 quod
1299 4419 1411 4458 non
1458 4402 1707 4458 interibit
1748 4403 1835 4458 vir
1879 4402 1991 4458 dux
2039 4410 2095 4458 et

2204 3293 2322 3365 φῶς
2342 3294 2484 3349 κατά
2512 3294 2609 3365 τὴν
2631 3292 2910 3365 βασιλείαν
2937 3290 3100 3346 αύτοῦ
3126 3290 3223 3363 τὴν
3253 3292 3601 3364 ἐπουράνιονο
3659 3292 3805 3347 ἐπὰν

2203 3388 2260 3442 δὲ
2308 3386 2450 3442 κατὰ
2497 3387 2588 3441 τὸν
2646 3386 2968 3440 Ἀπόστολον
3021 3405 3040 3436 ι
3071 3385 3133 3440 τὸ
3176 3385 3447 3460 πλήρωμα
3477 3385 3586 3438 τῶν
3627 3383 3804 3438 ἐθνῶν

2203 3479 2441 3551 εἰσελθῇ,
2485 3499 2503 3531 ι
2552 3478 2649 3532 καὶ
2697 3480 2806 3542 πᾶς
2851 3480 2880 3532 ό
2927 3476 3181 3549 ἀληθινὸς
3243 3476 3461 3549 Ἰσραὴλ
3510 3477 3650 3549 μετὰ
3702 3476 3802 3532 τοῦ

2204 3569 2575 3642 πνευματικοῦ
2613 3569 2785 3623 Ἰούδα
2826 3569 3150 3643 σωθήσεται,
3187 3567 3284 3635 οὓς
3327 3571 3421 3624 καὶ
3446 3569 3666 3624 καλέσει
3694 3571 3797 3624 αὐ·

2203 3664 2328 3727 τοὺς
2356 3665 2385 3716 ὁ
2413 3661 2621 3735 Κύριος
2658 3662 2938 3732 ὀνομαστὶ,
2967 3660 3060 3728 οὒς
3089 3662 3275 3728 ἀξίους
3307 3663 3505 3726 αὐτοὺς
3527 3665 3712 3733 κρινεῖ
3736 3664 3799 3716 ἐν

2200 3753 2280 3824 τῷ
2323 3755 2643 3819 Ἰωσεδεκὶν,
2696 3755 2834 3829 ὅπερ
2881 3753 3249 3827 ἑρμηνεύεται
3287 3755 3342 3809 οι
3382 3752 3491 3807 τοῦ
3518 3754 3669 3808 Θεοῦ
3702 3753 3795 3809 δι-

2200 3863 2375 3902 καιοι.
2429 3847 2517 3901 Ἐν
2538 3846 2723 3920 ἐκείνῃ
2759 3846 2816 3899 δὲ
2853 3848 2918 3918 τῇ
2948 3844 3135 3919 ἡμέρᾳ
3169 3844 3307 3917 μετὰ
3330 3844 3391 3899 τὸ
3418 3843 3791 3916 ἐλευθερῶσαι

2197 3939 2292 3994 τὸν
2308 3939 2441 3994 Θεὸν
2463 3940 2587 4003 τοὺς
2615 3939 3051 4011 προειρημένους
3086 3936 3195 3991 ἀπὸ
3227 3937 3324 4009 τῆς
3355 3933 3461 3991 tiu-75
3489 3935 3582 3992 τὸν
3611 3936 3797 3991 διάϐο-

2198 4031 2290 4087 λον
2330 4031 2727 4104 αἰχμαλωσίας,
2770 4030 2848 4093 ὡς
2895 4030 3094 4102 μηκέτι
3143 4030 3241 4101 μὲν
3288 4030 3507 4101 ἐκείνῳ,
3551 4028 3704 4100 μόνῳ
3734 4027 3797 4082 δέ

2197 4123 2390 4197 Κυρίῳ
2416 4122 2494 4195 τῷ
2519 4122 2638 4194 Θεῷ
2663 4121 2842 4176 αὐτῶν
2861 4120 3166 4193 λατρεύειν,
3194 4122 3524 4193 ἀναστήσειν
3551 4121 3741 4185 αὐτοῖς
3762 4122 3797 4174 ό

2197 4215 2330 4280 Θεὸς
2372 4217 2712 4287 ὑπισχνεῖται
2744 4212 2967 4284 βασιλέα
3002 4213 3095 4267 τὸν
3120 4213 3302 4277 Δαυῒδ,
3328 4214 3429 4267 οὐκ
3465 4213 3625 4267 ἄλλον
3657 4212 3795 4267 ὄντα

2196 4306 2290 4361 τοῦ
2319 4309 2385 4362 ἐκ
2412 4307 2727 4379 σπέρματος
2752 4305 2916 4359 Δαυῖδ
2955 4306 3251 4377 γενομένου
3296 4305 3550 4377 Σωτῆρος
3596 4303 3789 4376 ἡμῶν,

2194 4402 2254 4455 ὃν
2278 4401 2547 4474 διαφόρως
2583 4404 2639 4455 αἱ
2671 4402 2885 4474 Γραφαὶ
2915 4402 3009 4456 καὶ⁵
3035 4403 3210 4474 τούτῳ
3232 4404 3536 4473 προσεῖπαν
3561 4400 3640 4471 τῷ
3664 4401 3789 4455 ὀνό-

508 4498 768 4569 princeps
808 4496 1071 4554 Ecclesiae
1110 4497 1256 4567 ejus,
1304 4498 1611 4568 spiritualis
1635 4497 1848 4553 scilicet
1891 4496 2091 4552 domus

2210 4511 2351 4565 ματι.
2386 4495 2444 4548 '0
2479 4493 2579 4566 μὲν
2613 4489 2707 4548 οὖν
2739 4495 2798 4547 ἐν
2826 4496 2892 4566 τῇ
2932 4495 3239 4567 προφητείᾳ
3276 4493 3440 4549 Δαυῒδ
3467 4496 3499 4548 ό
3521 4493 3666 4547 κατὰ
3692 4494 3789 4554 τὸν

507 4592 678 4648 lsrael
707 4608 724 4658 ;
752 4605 853 4646 nec
884 4588 1204 4660 spirituales
1234 4587 1331 4644 Dei
1362 4589 1681 4645 sacerdotes
1718 4602 1960 4659 unquam
1993 4588 2089 4645 dc-

508 4684 757 4740 fecturos
806 4698 932 4739 esse
975 4681 1263 4753 Scriptura
1307 4682 1689 4753 prephetizat.
1744 4681 1876 4738 thus
1922 4680 2089 4751 spiri-

2193 4586 2420 4659 Σωτῆρα
2441 4585 2598 4657 ἡμῶν
2621 4585 2740 4641 νοού
2749 4603 2906 4657 μενος
2930 4586 3217 4659 ἄνθρωπος
3239 4586 3477 4656 λέγεται·
3505 4588 3538 4658 ή
3564 4586 3622 4640 δὲ
3647 4588 3790 4642 ἀνα-

2190 4678 2317 4750 τολὴ
2340 4681 2373 4750 ἡ
2401 4678 2608 4742 δικαία,
2634 4679 2669 4749 ἡ
2691 4680 2810 4732 κατ’
2835 4678 2995 4733 αὐτὸν
3018 4678 3320 4751 ἐνεργοῦσα
3340 4679 3554 4750 θεότης,
3582 4699 3602 4729 ι
3630 4679 3788 4750 ἣλιος

506 4775 655 4830 tuale
685 4773 943 4837 ferentes,
976 4787 1310 4843 suavemque
1338 4771 1611 4827 bonorum
1638 4785 1866 4841 operum
1910 4769 2089 4826 dicto-

2210 4771 2527 4842 ῑικαιοσύνης
2558 4790 2576 4822 ι
2614 4771 2672 4824 ἐν
2715 4770 2896 4836 ἄλλοις
2924 4770 3324 4844 ὀνομαζομένη·
3373 4771 3499 4825 ἐπεὶ
3537 4771 3630 4825 καὶ
3665 4789 3686 4823 ι
3723 4772 3786 4826 τὸ

505 4882 699 4922 rumve
726 4866 951 4921 odorem
970 4904 986 4929 ,
1017 4877 1235 4919 necnon
1290 4864 1637 4920 incruentam
1670 4879 1976 4935 puramque
2003 4866 2088 4922 vi-

506 4960 755 5014 ctimam.
797 4955 932 5023 Quae
972 4955 1118 5009 enim
1161 4955 1221 5010 ni
1250 4955 1325 5010 ita
1358 4956 1739 5027 acceperimus
1760 4995 1776 5021 ,
1807 4957 2084 5013 mendacii

506 5050 825 5121 prophetias
852 5055 1092 5118 arguunt
1114 5087 1129 5110 ,
1162 5062 1290 5103 cum
1331 5048 1617 5104 terrestris
1655 5046 1882 5104 Davidis
1924 5049 2083 5104 thro-

505 5156 612 5196 nus
657 5140 1012 5211 typicumque
1038 5139 1427 5204 sacerdotium,
1459 5155 1569 5194 non
1610 5142 1724 5210 jam
1755 5139 2080 5197 subsistant.

505 5233 729 5287 Davidis
769 5231 991 5303 quidem
1024 5247 1055 5288 c
1088 5231 1300 5287 semine
1331 5247 1489 5302 reges
1516 5232 1630 5303 jam
1660 5230 1917 5287 Jeremiae
1943 5242 2081 5287 tem-

504 5324 735 5395 poribus
775 5322 989 5379 detrusi
1023 5330 1219 5390 erant;
1264 5323 1519 5380 leviticus
1555 5338 1688 5379 vero
1710 5364 1725 5389 ,
1769 5323 2084 5380 sacerdota-

504 5417 680 5486 Iisque
708 5416 890 5472 cultus
932 5429 1041 5472 non
1084 5416 1260 5471 multo
1308 5424 1434 5487 post
1467 5414 1773 5471 Salvatoris
1819 5416 2079 5471 incarna-

2190 4862 2308 4934 φῶς
2339 4863 2401 4918 τὺ
2427 4863 2677 4936 ἀληθινὸν
2706 4862 2734 4918 ὃ
2770 4864 2995 4935 φωτίζει
3025 4863 3203 4919 πάντα
3226 4865 3513 4937 ἄνθρωπον
3544 4862 3783 4935 ἐρχόμε-

2189 4972 2279 5010 νον
2307 4956 2387 5020 είς
2415 4954 2506 5011 τὸν
2536 4955 2738 5027 κόσμον
2769 4975 2789 5009 ι
2831 4956 2932 5011 οὐκ
2976 4955 3110 5026 ἄλλη
3157 4973 3242 5021 τις
3281 4955 3446 5011 αὑτοῦ
3491 4956 3778 5027 τυγχάνει.

2193 5046 2284 5119 Τῷ
2315 5045 2436 5119 Θεῷ
2472 5046 2651 5103 τοίνυν
2689 5047 2854 5120 φησὶν
2888 5048 2990 5102 οὐκ
3025 5046 3574 5120 ἐξολοθρευθήσεσθαι
3605 5047 3779 5120 ἄνδρα

2189 5138 2489 5212 ἡγούμενον
2518 5141 2610 5194 καὶ
2640 5138 2955 5212 προεστῶτα
2976 5141 3074 5213 τῆς
3097 5136 3422 5210 Ἐκκλησίας
3447 5137 3636 5204 αὑτοῦ,
3653 5139 3778 5210 ἥτις

2187 5232 2336 5286 ἐστὶν
2363 5234 2392 5286 ὁ
2434 5231 2801 5302 πνευματικὸς
2844 5227 2992 5296 οἶκος
3046 5230 3282 5304 Ἰσραήλο
3330 5230 3445 5285 ἀλλ’
3488 5230 3609 5284 οὐδὲ
3645 5232 3775 5295 τοὺς

2182 5324 2325 5379 κατὰ
2352 5324 2589 5381 διάνοιαν
2617 5324 2784 5398 ἱερεῖς
2801 5322 2896 5379 τοῦ
2922 5324 3058 5380 Θεοῦ
3081 5324 3376 5396 διαλείψειν
3399 5326 3429 5378 ό
3447 5323 3607 5393 λόγος
3633 5341 3773 5397 προς

2178 5415 2426 5489 φητεύει,
2457 5413 2518 5471 τὸ
2548 5417 2918 5489 πνευματικὸν
2955 5416 3329 5489 ἀναφέροντας
3360 5415 3633 5488 θυμίαμα,
3676 5416 3775 5470 καὶ

501 5510 709 5565 tionem
738 5522 965 5565 eversus
995 5515 1084 5564 est
1108 5525 1128 5581 ;
1157 5523 1226 5564 ex
1250 5522 1361 5580 quo
1402 5523 1553 5564 nunc
1582 5522 1758 5581 usque
1797 5523 1911 5564 non
1955 5508 2082 5565 licet

2210 5506 2282 5582 ’ἢν
2313 5510 2382 5564 δι’
2409 5509 2588 5583 ἔργων
2610 5506 2832 5580 ἀγαθῶν
2865 5509 2963 5589 καὶ
2986 5507 3162 5581 λόγων
3186 5507 3249 5581 (1⁵.
3273 5507 3343 5564 56
3373 5507 3450 5579 v’)
3474 5508 3648 5581 εὐώδη
3673 5506 3775 5563 καὶ

570 5696 590 5727 ³
612 5693 724 5752 Jer.
754 5708 953 5760 χχχιιι,
987 5680 1182 5763 αδδ.
1255 5691 1278 5724 ⁸
1310 5690 1443 5748 ibid.
1478 5691 1565 5760 l7,
1598 5691 1682 5751 18.
1758 5690 1930 5750 'ibid.
1960 5688 2151 5752 εοεαε.
2226 5690 2267 5724 ⁸⁴
2292 5690 2522 5749 Malach.
2544 5708 2617 5753 IV.
2644 5689 2698 5748 2.
2779 5691 2801 5724 ⁸
2822 5689 3070 5763 ibidis,
3097 5688 3188 5747 36.
3264 5689 3285 5721 '
3313 5686 3541 5745 Zacbar.
3570 5701 3653 5756 vr,
3678 5683 3771 5744 12,

495 5768 703 5827 Illam.
733 5764 925 5834 35.25.
969 5763 1021 5853 _'
1065 5761 1224 5819 Joan.
1258 5778 1309 5831 ι,
1346 5763 1380 5818 9
