4070 6464
380 344 518 406 H65

1425 331 1724 395 ECLOGA".
1763 322 2243 391 PROPIIETICE.
2287 364 2355 373 —
2392 332 2520 388 LIB.
2563 330 2604 390 I.

3493 331 3629 384 Ηίὶϐ

368 469 716 539 ’ἀναίμακτον
757 453 853 518 καὶ
892 461 1136 532 καθαρὰν
1177 459 1389 512 θυσίαν.
1430 458 1495 510 Εἰ
1531 456 1639 528 γὰρ
1688 458 1762 528 μὴ
1805 455 1938 510 ταῦθ

2061 466 2158 507 eos
2191 449 2346 504 adire
2377 447 2705 504 Jerusalem.
2737 445 2892 514 Quod
2937 447 2982 502 si
3024 447 3289 517 obiiciant
3327 446 3498 502 Judaei
3534 464 3631 520 per

378 560 551 624 οὕτως
578 557 923 628 ὲκλάὸοιμεν,
953 554 1071 626 ῶρα
1096 551 1310 622 ψευδεῖς
1344 549 1667 619 ἀπελέγχειν
1703 548 1801 612 τάς
1831 565 1955 620 προ-

381 652 629 724 φητείας,
652 648 730 719 τῷ
763 649 898 719 μήτε
923 646 1013 699 τὸν
1039 644 1224 716 θρόνον
1249 641 1408 696 Δαυῒδ
1440 640 1784 712 σωματικῶς,
1817 643 1952 713 μήτε

379 743 480 813 τὴν
525 739 805 812 ἱερατικὴν
846 733 1219 806 λειτουργείαν
1256 731 1351 802 τὴν
1382 733 1616 800 τοπικὴν
1654 730 1822 782 εἰσέτι
1860 728 1954 782 νῦν

382 831 722 884 συνεστάναι·
757 827 864 881 τῶν
905 827 1003 898 μὲν
1043 827 1107 877 ἐκ
1145 823 1456 894 σπέρματος
1494 821 1657 875 Δαυῒδ
1691 820 1952 890 βασιλέων

379 921 440 988 ἐξ
457 922 632 976 αὐτῶν
653 921 764 976 τῶν
803 919 1062 989 Ἰερεμίου
1094 917 1299 987 χρόνων
1323 915 1752 978 διαλελοιπότων,
1781 917 1880 985 τῆς
1900 914 1956 968 δέ

377 1015 652 1085 λευῖτικῆς
695 1013 789 1066 καὶ
833 1012 1109 1082 ἱερατικῆς
1155 1007 1496 1079 λειτουργίας
1541 1007 1658 1077 μετ’
1713 1008 1774 1059 οὐ
1819 1007 1952 1060 πολὺ

377 1110 478 1178 τῆς
499 1105 590 1158 τοῦ
610 1107 862 1174 Σωτῆρος
885 1101 1040 1173 ήμῶν
1067 1101 1383 1172 παρουσίας·
1410 1099 1470 1163 ἐξ
1494 1095 1560 1171 ἦς
1582 1099 1674 1151 καὶ
1700 1099 1778 1161 εἰς
1797 1097 1956 1170 δεῦρο

375 1198 499 1251 οὐδὲ
529 1195 826 1250 ἐπιϐαίνειν
849 1196 1030 1257 αὐτοῖς
1066 1192 1166 1262 τῆς
1208 1190 1806 1264 ’1ερουσαλὴμὲξεστιν.
1843 1190 1954 1242 Καὶ

377 1290 427 1341 εἰ
461 1288 718 1357 φάσκοιεν
751 1303 815 1355 γε
849 1286 895 1339 οἰ
927 1287 992 1338 ἐκ
1025 1285 1322 1356 περιτομῆς
1348 1283 1414 1336 δι’
1448 1284 1506 1336 δν
1529 1299 1658 1345 φασι
1689 1282 1953 1353 πατριάρ-

376 1398 479 1452 χην
507 1381 580 1452 μὴ
605 1378 974 1432 ἐκλελοιπέναι
994 1377 1055 1430 τὸ
1081 1377 1299 1448 σπέρμα
1321 1375 1499 1438 Δαυίδ,
1531 1374 1644 1428 ἀλλ’
1667 1373 1950 1443 ἐλεγκτέον

2061 557 2224 613 quem
2273 541 2465 596 dicunt
2510 541 2879 612 patriarcham
2930 556 3041 596 non
3092 541 3360 597 defecisse
3408 541 3631 598 Davidis

2061 652 2245 692 semen
2267 675 2282 699 ,
2319 635 2762 703 respondendum
2793 651 2901 690 non
2932 651 3094 706 posse
3123 651 3218 691 eos
3266 637 3411 690 hunc
3440 643 3631 692 osten~

2061 730 2190 784 dere
2234 730 2288 783 in
2341 728 2564 783 Davidis
2613 728 2752 783 solio
2797 729 3110 795 sedentem,
3167 730 3220 782 in
3265 730 3464 784 throno
3509 728 3630 799 ejus

2063 832 2408 892 regnantem,
2441 828 2606 892 atque
2635 821 2801 876 Israel
2853 823 3249 877 dominantem.
3309 821 3434 876 Ilaec
3482 826 3626 876 enim

2058 911 2341 981 prophetia
2373 911 2506 966 dicit
2538 927 2816 981 nunquam
2848 928 2970 967 esse
3011 912 3292 967 defectura
3317 953 3331 975 ,
3379 929 3499 983 qua:
3540 921 3627 966 ta-

2057 1019 2240 1058 mena
2281 1005 2612 1075 captivitatis
2650 1013 2894 1076 tempore
2943 1005 3230 1060 manifeste
3268 993 3624 1067 defecerunt,

2055 1112 2122 1150 ex
2152 1113 2260 1168 quo
2285 1098 2468 1152 nullus
2494 1112 2737 1168 unquam
2766 1097 2988 1152 Davidis
3017 1113 3046 1152 e
3079 1100 3289 1153 semine
3326 1113 3425 1152 rex
3457 1097 3626 1152 Israel

2057 1195 2350 1248 invenitur.
2404 1193 2546 1261 Quid
2593 1203 2646 1249 et
2688 1193 2756 1248 de
2801 1194 3110 1249 sacerdotio
3150 1195 3431 1256 dicereut,
3480 1208 3627 1247 nunc

2056 1283 2276 1352 penitus
2314 1282 2529 1348 deleto,
2579 1283 2726 1353 quod
2769 1291 2950 1339 tamen
2995 1299 3274 1354 nunquam
3321 1285 3625 1354 periturum

2056 1375 2342 1446 prophetia
2373 1377 2702 1446 praenuntiat
2725 1376 2749 1429 ?

373 1490 434 1525 τε
467 1470 571 1543 (γε)
605 1473 798 1534 αὐτοὺς
838 1470 914 1542 μὴ
945 1467 1590 1541 δυναμένουςάποδεῖξαι
1634 1465 1940 1537 καθήμενον
1978 1465 2138 1520 αὑτὸν
2164 1467 2256 1520 ἐπὶ
2277 1467 2468 1538 θρόνου
2499 1468 2684 1534 Δαυΐδ,
2716 1469 2809 1522 καὶ
2837 1468 3186 1538 βασιλεύοντα
3207 1469 3300 1521 ἐπὶ
3355 1467 3448 1522 τοῦ
3510 1469 3626 1540 θρό-

375 1584 466 1620 νου
500 1565 684 1629 αὐτοῦ,
727 1565 820 1618 καὶ
864 1563 1096 1634 ἄρχοντα
1140 1563 1230 1616 τοῦ
1285 1561 1518 1631 Ἰσραήλ·
1558 1558 1729 1612 ταῦτα
1771 1559 1939 1629 γάρὴ
1978 1559 2281 1630 προφητεία
2311 1561 2444 1631 φησὶ
2475 1559 2832 1632 μηδεπώποτε
2861 1561 3170 1630 διαλείψειν,
3228 1562 3378 1616 am
3439 1563 3626 1632 σαφῶς

377 1661 704 1731 παρίσταται
738 1657 845 1711 ἀπὸ
869 1657 975 1710 τῶν
1003 1657 1104 1728 τῆς
1161 1655 1537 1727 αἰχμαλωσίας
1569 1654 1775 1726 χρόνων
1807 1652 2198 1716 διαλελοιπότα,
2255 1653 2312 1721 ἐξ
2344 1650 2405 1709 οὗ
2453 1655 2588 1726 μηδὲ
2622 1649 2700 1717 εἷς
2771 1653 3095 1724 βασιλεύσας
3156 1654 3251 1707 τοῦ
3292 1654 3505 1726 Ἰσραὴλ
3561 1655 3626 1708 ἐκ

374 1755 470 1809 τοῦ
504 1756 812 1828 σπέρματος
849 1753 1010 1807 Δαυῒδ
1040 1751 1438 1806 ἀποδείκνυται·
1469 1747 1522 1802 τί
1557 1749 1601 1801 δ’
1630 1748 1696 1802 ἂν
1724 1749 1951 1819 φήσαιεν
1990 1747 2085 1801 καί⁸
2112 1747 2239 1820 περὶ
2276 1749 2374 1819 τῆς
2404 1748 2645 1819 ἐναργῶς
2687 1746 2829 1801 κατὰ
2860 1747 2950 1799 τὸν
2981 1747 3225 1818 παρόντα
3252 1748 3441 1818 καιρὸν
3489 1747 3625 1800 καθά¹

374 1847 654 1920 ῃρημένης
695 1846 982 1917 ίερατείας,
1031 1847 1098 1916 ἢν
1127 1843 1483 1916 μηδεπώποτε
1524 1841 2068 1913 ἐξολοθρευθήσεσθαι
2096 1841 2129 1911 ή
2155 1843 2460 1915 προφητεία
2487 1840 2882 1914 προαγορεύει;

875 1955 1269 2014 ΚΕΦΑΛΑΙΟΝ
1317 1959 1438 2013 AZ'.

982 2075 1093 2130 Τοῦ
1134 2075 1344 2130 αὑτοῦ.

450 2199 471 2243 t
509 2182 642 2244 Ἰδοὺ
671 2188 876 2262 ἡμέραι
911 2187 1184 2260 ἔρχονται,
1220 2189 1352 2260 φησὶ
1382 2189 1606 2262 Κύριος,
1639 2181 1732 2243 καί
1763 2184 1948 2261 διαθή-

375 2301 539 2356 σομαι
573 2283 649 2354 τῷ
672 2282 806 2354 οἴκῳ
847 2282 1061 2354 Ἰσραὴλ
1095 2283 1190 2335 καὶ
1215 2282 1292 2353 τῷ
1317 2282 1448 2353 οίκῳ
1494 2282 1662 2336 Ἰούδα
1688 2282 1948 2354 διαθήκην

370 2379 584 2450 καινήνο
624 2377 685 2430 οὐ
721 2374 863 2429 κατὰ
889 2374 988 2446 τὴν
1019 2374 1283 2446 διαθήκην
1320 2375 1386 2444 ἣν
1415 2373 1668 2446 διεθέμην
1699 2377 1810 2438 τοῖς
1845 2391 1948 2426 πα-

368 2470 564 2542 τράσιν
595 2466 773 2522 αὐτῶν
801 2470 858 2521 ἐν
896 2466 1077 2538 ἡμέρᾳ
1102 2463 1490 2537 ἐπιλαϐομένου
1519 2482 1621 2536 μου
1650 2465 1750 2536 τῆς
1767 2464 1947 2536 χειρὸς

371 2551 552 2616 αύτῶν
587 2561 876 2629 ἐξαγαγεῖν
911 2560 1106 2622 αὐτοὺς
1140 2559 1204 2610 ἐκ
1230 2560 1332 2629 γῆς
1357 2557 1651 2625 Αἰγύπτου·
1685 2558 1764 2610 ὅτι
1793 2557 1946 2610 αὑτοί

367 2656 468 2708 οὐκ
495 2655 774 2725 ἐνέμειναν
816 2656 871 2706 ἐν
905 2655 970 2724 τῇ
1008 2649 1239 2725 διαθήκῃ
1278 2669 1400 2722 μου,
1435 2651 1529 2704 καὶ
1564 2649 1671 2719 ἐγὼ
1696 2648 1944 2720 ἠμέλησα

367 2747 566 2810 αὐτῶν,
590 2723 731 2818 φησί
749 2723 972 2816 Κύριος,
1003 2747 1084 2799 ὅτι
1116 2723 1252 2815 αὕτη
1278 2746 1310 2815 ἡ
1333 2743 1583 2815 διαθήκη,
1610 2743 1677 2813 ἢν
1699 2741 1945 2812 διαθήσο-

372 2855 470 2909 μαι
501 2835 578 2907 τῷ
600 2835 733 2906 οἴκῳ
767 2834 1002 2907 Ίσραήλ’
1031 2834 1166 2904 μετὰ
1189 2835 1282 2896 τὰς
1310 2832 1521 2903 ἡμέρας
1551 2831 1784 2893 ἐκείνας,
1809 2829 1943 2898 φησὶ

366 2920 591 3003 Κύριος,
626 2929 800 2992 διδοὺς
841 2929 1036 2999 νόμους
1082 2945 1180 2999 μου
1218 2928 1298 2989 εἰς
1330 2927 1429 2997 τὴν
1468 2925 1706 2978 διάνοιαν
1741 2923 1939 2985 αὐτῶν,

365 3016 459 3076 καὶ
506 3022 597 3075 ἐπὶ
641 3021 868 3093 καρδίας
908 3019 1090 3074 αὐτῶν
1121 3019 1321 3089 γράψω
1354 3018 1569 3081 αὐτοὺς,
1614 3018 1708 3071 καὶ
1750 3016 1940 3087 ἐσομαι

366 3112 548 3179 αὐτοῖς
583 3115 661 3178 εἰς
690 3114 844 3176 Θεὸν,
876 3113 970 3167 καὶ
1008 3110 1166 3165 αὐτοὶ
1204 3111 1414 3164 ἔσονταί
1452 3128 1540 3182 μοι
1570 3111 1649 3173 εἰς
1679 3109 1822 3163 λαόν
1850 3111 1942 3163 καὶ

363 3207 423 3258 οὐ
451 3207 524 3276 μὴ
549 3203 828 3269 διδάξωσιν
851 3204 1079 3267 ἕκαστος
1104 3202 1195 3256 τὸν
1227 3202 1452 3273 πλησίον
1477 3201 1664 3264 αὐτοῦ,
1693 3201 1788 3255 καὶ
1808 3201 1938 3255 ’ἐκα-

2563 1954 2792 2009 CAPUT
2836 1955 3096 2009 XXXVII.

2689 2070 2772 2124 Ea:
2805 2073 3003 2126 eodem;

2126 2210 2147 2246 ι
2193 2192 2335 2248 Ecce
2373 2191 2490 2248 dies
2537 2190 2799 2256 venient,
2831 2191 2963 2246 dicit
3003 2189 3304 2245 Dominus:
3341 2201 3393 2244 et
3431 2175 3620 2246 feriam

2048 2284 2234 2340 domui
2284 2285 2450 2341 Israel
2494 2292 2550 2339 et
2577 2283 2763 2339 domui
2812 2283 2950 2338 Juda
3001 2282 3179 2338 fcedus
3229 2298 3428 2337 novum
3463 2302 3478 2350 ;
3510 2301 3620 2338 non

2048 2375 2346 2432 secundum
2381 2382 2622 2446 pactum,
2674 2374 2821 2445 quod
2871 2374 3050 2446 pepigi
3085 2390 3210 2429 cum
3251 2375 3503 2446 patribus
3529 2391 3624 2430 eo-

2046 2484 2191 2534 rum,
2247 2469 2300 2522 in
2349 2468 2437 2522 die
2483 2483 2588 2538 qua
2640 2465 2971 2537 apprehendi
3022 2481 3242 2520 manum
3292 2481 3504 2531 eorum,
3563 2474 3622 2520 ut

2044 2560 2332 2614 educerem
2357 2573 2455 2614 eos
2507 2559 2575 2614 de
2623 2565 2771 2611 terra
2821 2555 3038 2626 Egypti
3070 2572 3084 2621 ;
3115 2562 3332 2625 paetum
3366 2555 3510 2625 quod
3545 2556 3621 2609 ir-

2043 2652 2208 2706 ritum
2243 2652 2510 2717 fecerunt,
2541 2659 2594 2707 et
2619 2666 2719 2722 ego
2746 2650 3062 2706 dominatus
3091 2665 3212 2705 sum
3246 2664 3456 2712 eorum,
3487 2649 3623 2704 dicit

2044 2743 2326 2799 Dominus.
2367 2744 2470 2799 Sed
2505 2743 2610 2798 hoc
2656 2742 2762 2797 erit
2805 2753 3046 2812 pactum,
3075 2741 3222 2811 quod
3262 2739 3450 2795 feriam
3493 2756 3619 2794 cum

2042 2835 2206 2892 domo
2241 2835 2409 2891 Israel
2438 2850 2451 2890 ι
2489 2834 2622 2890 Post
2648 2834 2765 2889 dies
2807 2834 2952 2898 illos,
2989 2834 3123 2888 dicit
3157 2832 3440 2897 Dominus,
3476 2831 3621 2888 dabo

2042 2929 2212 2999 legem
2260 2943 2436 2984 meam
2472 2928 2528 2982 in
2573 2927 2882 2983 visceribus
2913 2941 3124 2988 eorum,
3153 2933 3208 2980 et
3243 2925 3299 2978 in
3333 2923 3496 2979 corde
3525 2939 3622 2980 eo-

2041 3033 2163 3076 rum
2194 3021 2429 3076 scribam
2443 3035 2597 3075 eam:
2625 3026 2679 3074 et
2711 3033 2806 3074 ero
2832 3019 2912 3074 eis
2943 3018 2995 3072 in
3022 3016 3210 3080 Deum,
3242 3026 3296 3072 et
3323 3016 3425 3086 ipsi
3458 3023 3621 3071 erunt

2041 3115 2174 3169 mihi
2209 3115 2262 3168 in
2298 3113 2576 3184 populum.
2611 3110 2675 3165 Et
2707 3127 2816 3166 non
2861 3109 3078 3165 docebit
3131 3111 3273 3164 ultra
3321 3110 3404 3162 vir
3434 3111 3620 3180 proxi-

2042 3223 2188 3262 mum
2215 3221 2394 3271 suum,
2426 3213 2481 3260 et
2517 3205 2602 3261 vir
2635 3203 2858 3260 fratrem
2907 3219 3089 3268 suum,
3133 3203 3324 3258 dicens
3353 3225 3363 3257 :
3399 3201 3618 3271 Cogno-

365 3311 487 3361 στος
524 3294 614 3350 τὸν
648 3297 876 3365 ἀδελφὸν
912 3293 1076 3349 αὐτοῦ
1123 3294 1316 3363 λέγων,
1367 3293 1540 3347 Γνῶθι
1582 3293 1671 3347 τὸν
1713 3293 1933 3364 Κύριοψ

2041 3315 2133 3356 sce
2179 3297 2467 3354 Dominum
2497 3318 2508 3352 ι
2539 3313 2731 3352 omnes
2758 3297 2902 3352 enim
2935 3306 3266 3368 cognoscent
3292 3311 3396 3361 me,
3441 3311 3471 3348 a
3513 3296 3617 3350 mi—

361 3389 442 3443 ὅτι
471 3390 670 3452 πάντες
703 3388 976 3460 εἰδήσουσί
1010 3404 1074 3458 με
1117 3386 1224 3440 ἀπὸ
1265 3386 1461 3458 μικροῦ
1505 3386 1683 3440 αὐτῶν
1715 3386 1817 3449 ’έως
1844 3403 1938 3456 με-

362 3481 527 3550 γάλου
576 3478 774 3541 αὐτῶν,
823 3478 956 3548 φησὶ
1002 3477 1225 3548 Κύριος
1274 3477 1355 3530 ὅτι
1402 3476 1542 3540 ἵλεος
1579 3475 1774 3547 ἔσομαι
1817 3477 1937 3538 ταῖς

362 3573 597 3636 ἀδικίαις
638 3571 847 3635 αὐτῶν,
892 3571 986 3624 κα)⁸
1031 3569 1140 3622 τῶν
1192 3568 1475 3640 ἁμαρτιῶν
1523 3567 1703 3621 αὐτῶν
1751 3568 1813 3620 ού
1862 3567 1935 3638 μὴ

366 3663 588 3736 μνησθῶ
610 3663 710 3717 ἔτι.
747 3683 764 3714 ι
799 3663 994 3732 Σαφῶς
1029 3664 1088 3714 ἐν
1111 3663 1232 3726 ταῖς
1259 3660 1539 3722 ἐπιούσαις
1568 3659 1804 3731 ἡμέραις
1824 3677 1940 3712 καιο

362 3755 457 3827 νῆν
479 3757 739 3828 διαθήκην
763 3758 790 3808 ὁ
811 3755 1012 3827 Κύριος
1037 3753 1386 3825 διαθήσεσθαι
1419 3749 1788 3821 προθεσπίζειο
1817 3769 1937 3804 και-

361 3850 458 3922 νὴν
508 3845 565 3904 δέ
613 3849 690 3921 τῷ
727 3850 894 3921 μηδὲν
950 3849 1094 3921 ἔχειν
1141 3849 1326 3920 ὅμοιον
1367 3851 1433 3920 τῇ
1481 3847 1706 3919 παλαιᾷ,
1753 3848 1820 3918 ἣν
1851 3847 1937 3901 διὰ

360 3938 637 4005 Μωΰσέως
691 3941 749 3993 ἐν
792 3944 858 4011 τῇ
892 3942 1081 4012 ἐρήμῳ
1117 3940 1359 3992 δοθεῖσαν
1409 3938 1931 4010 προμεμαθήκαμεν.

361 4029 426 4083 Τί
453 4029 496 4081 δ’
524 4031 589 4083 ἂν
623 4030 758 4100 πρὸς
791 4030 963 4084 ταῦτα
993 4033 1146 4099 φαῖεν
1173 4031 1219 4082 οἰ
1249 4031 1312 4082 ἐκ
1341 4031 1661 4100 περιτομῆς,
1691 4027 1935 4098 ἐναργῶς

359 4117 686 4176 ἀποϐλέπειν
711 4120 1110 4194 ἐπιχειροῦντες
1133 4125 1251 4186 ταῖς
1280 4120 1658 4192 προφητείαις,
1687 4121 1779 4173 καὶ
1809 4121 1936 4191 μᾶλ-

358 4211 449 4266 λον
481 4212 792 4284 αἱρούμενοι
829 4212 1036 4276 ἀτελεῖς
1079 4214 1246 4277 αὑτὰς
1279 4212 1642 4266 ἐπιδεικνύναι
1679 4213 1712 4284 ἢ
1750 4213 1932 4266 πείσε-

362 4305 484 4359 σθαι
516 4308 581 4378 τῇ
626 4305 872 4377 ἀληθείᾳ,
909 4305 997 4358 διὰ
1038 4305 1130 4358 τοῦ
1177 4305 1574 4376 παραδέχεσθαι
1603 4305 1700 4377 τὴν
1742 4305 1932 4376 καινὴν

360 4394 466 4446 τῶν
509 4395 855 4462 Εὐαγγελιῶν
901 4396 994 4449 τοῦ
1048 4396 1298 4467 Σωτῆρος
1341 4395 1498 4466 ήμῶν
1539 4394 1822 4468 διαθήκην,
1863 4392 1930 4468 ἧς

361 4486 807 4558 παραγενομένης
840 4486 1212 4540 πεπαλαίωται
1243 4489 1274 4558 ἡ
1311 4486 1523 4558 πρώτη,
1561 4487 1732 4559 πέρας
1763 4490 1930 4559 ἴσχειν

359 4576 638 4647 ἀρξαμένη
662 4577 720 4641 ἐξ
741 4579 862 4630 ὅτου
887 4579 1328 4650 παραγενόμενος
1349 4581 1378 4632 6
1396 4579 1627 4652 Χριστὸς
1647 4579 1929 4651 ἐπλήρωσε

2043 3394 2194 3449 nimo
2237 3409 2428 3449 eorum
2481 3408 2656 3463 usque
2705 3393 2774 3446 ad
2820 3392 3139 3457 maximum,
3191 3392 3267 3445 ait
3317 3390 3612 3453 Dominus,

2044 3485 2170 3555 quia
2203 3484 2539 3554 propitiabor
2568 3483 2843 3553 iniquitati
2874 3490 3155 3544 corum,et
3185 3482 3397 3552 peccati
3425 3497 3612 3536 eorum

2042 3593 2150 3632 non
2181 3577 2524 3632 memorabor
2551 3575 2787 3646 amplius
2812 3575 2873 3627 ‘°.—
2912 3594 2930 3626 ι
2968 3572 3254 3629 Manifeste
3285 3573 3338 3627 in
3378 3589 3614 3644 sequen-

2043 3669 2189 3724 tibus
2232 3669 2426 3724 diebus
2480 3683 2682 3723 novum
2739 3674 3123 3722 testamentum
3175 3664 3436 3720 Dominus
3485 3680 3516 3718 a
3555 3680 3614 3719 se

2042 3760 2343 3816 feriendum
2388 3760 2743 3830 pronuntiat;
2791 3769 3013 3819 novum,
3056 3757 3258 3828 quippe
3301 3756 3444 3826 quod
3477 3756 3615 3810 nihil

2039 3853 2207 3908 veteri
2226 3853 2404 3908 simile
2419 3853 2760 3922 haberet,per
2775 3851 2994 3923 Moysen
3017 3851 3073 3904 in
3094 3850 3311 3906 deserto
3329 3850 3615 3920 pervulga-

2040 3956 2175 4002 tum.
2207 3945 2346 4013 Quid
2390 3947 2455 4000 ad
2512 3947 2626 4000 hau:
2680 3947 3074 4014 responderent
3113 3943 3307 4010 Judaei,
3339 3944 3530 3999 oculos
3583 3958 3613 3996 a

2041 4039 2340 4109 prophetiis
2403 4044 2648 4093 avertere
2695 4047 2956 4092 conantes
2985 4075 3001 4100 ,
3055 4051 3255 4104 easque
3315 4035 3612 4104 inexpletas

2039 4143 2204 4199 quam
2234 4144 2390 4184 veras
2422 4127 2650 4183 inveniri
2691 4127 2978 4191 malentes,
3014 4133 3238 4195 accepto
3288 4123 3609 4194 Evangelio-

2039 4236 2160 4275 rum
2215 4218 2515 4276 Salvatoris
2554 4219 2728 4274 nostri
2789 4223 3140 4280 testamento,
3189 4230 3300 4285 quo
3347 4230 3610 4284 superve-

2038 4316 2222 4371 niente
2265 4315 2417 4385 prius
2458 4315 2818 4369 inveteratum
2851 4321 2977 4377 est;
3011 4310 3154 4383 quod
3191 4309 3408 4380 quidem
3459 4309 3610 4365 desi-

2038 4424 2167 4464 nere
2217 4408 2383 4478 coepit
2429 4423 2493 4463 ex
2538 4422 2647 4477 quo
2697 4405 3089 4475 superveniens
3133 4403 3385 4458 ChriStus
3436 4402 3608 4472 legem

2037 4507 2200 4567 atque
2254 4497 2322 4552 de
2374 4511 2433 4551 se
2482 4497 2601 4567 ipso
2650 4495 2965 4565 prophetias
3014 4493 3276 4564 implevit.
3333 4491 3608 4547 Venturos

2037 4590 2201 4660 igitur
2226 4588 2359 4643 dicit
2388 4588 2525 4655 dies,
2575 4588 2774 4658 quibus
2823 4587 2979 4642 feriet
3021 4584 3285 4642 Dominus
3315 4594 3609 4641 testamen-

358 4668 447 4720 τὸν
476 4669 645 4739 ιόμον,
669 4670 762 4723 καὶ
786 4670 884 4731 τὰς
903 4671 1028 4741 περὶ
1052 4671 1216 4724 αὐτοῦ
1241 4671 1594 4743 προφητείας.
1621 4671 1808 4748 ξΗξειν
1832 4673 1930 4743 μέν

2041 4692 2148 4738 tum
2180 4681 2554 4752 novum,quod
2586 4681 2640 4735 in
2671 4679 2999 4751 evangelicis
3021 4680 3288 4750 scriptum
3320 4687 3404 4735 est
3430 4679 3604 4736 libris.

358 4755 449 4813 οὖν
487 4759 697 4831 ἡμέρας
742 4761 798 4814 ἐν
838 4758 922 4825 αἷς
964 4763 1314 4834 διαθήσεσθαί
1342 4782 1505 4835 φησιν
1538 4767 1566 4818 ὁ
1597 4764 1799 4836 Κύριος
1831 4766 1929 4836 τὴν

360 4850 548 4922 καινὴν
591 4851 886 4924 διαθήκην·
921 4852 1064 4906 τοῦτ’
1107 4854 1220 4908 ἐστι
1259 4855 1356 4926 τὴν
1413 4856 1686 4929 ἔγγραφον
1728 4859 1785 4912 ἐν
1819 4862 1929 4923 τοῖς

359 4940 550 5013 (ἐντὸς)
578 4943 685 4996 τῶν
719 4944 1092 5012 εύαγγελικῶν
1120 4944 1360 5015 βιϐλίων.
1404 4947 1562 5019 Ἐξῆς
1600 4948 1644 5001 δ’
1680 4950 1927 5022 ἐπιφέρει

357 5033 528 5103 λέγων
553 5036 580 5087 ὁ
614 5036 773 5100 αὐτὸς
803 5033 1026 5108 Κύριος,
1058 5037 1133 5101 ὡς
1169 5037 1307 5108 μετὰ
1329 5039 1427 5103 τὰς
1453 5041 1666 5112 ἡμέρας
1691 5043 1923 5109 ἐκείνας,

355 5126 415 5180 ἐν
452 5128 642 5191 αὑταῖς
676 5127 736 5196 (f.
773 5129 860 5198 57)
896 5131 1016 5193 ταῖς
1048 5129 1307 5193 διανοίαις
1339 5131 1444 5184 τῶν
1476 5133 1926 5204 παραδεξομένων

353 5213 451 5286 τὴν
494 5217 682 5287 καινὴν
713 5216 978 5290 διαθήκην
1019 5219 1309 5290 ἐγγράφων
1353 5223 1478 5285 τοὺς
1521 5223 1679 5286 ἰδίους
1706 5223 1922 5294 νόμους,

353 5305 493 5361 ὥστε
518 5309 713 5372 αὐτοὺς
741 5305 878 5362 εἶναι
902 5315 981 5374 είς
1009 5310 1134 5364 λαὸν
1163 5311 1240 5382 τῷ
1270 5311 1408 5383 Θεῷ,
1440 5314 1530 5366 καὶ
1555 5314 1716 5366 αὐτὸν
1743 5317 1925 5379 αὐτοῖς

354 5400 434 5460 εἰς
468 5399 619 5462 Θεὸν,
670 5401 918 5471 οὐδαμῶς
962 5403 1052 5454 ὐπ’
1080 5403 1424 5476 ἀνθρωπίνης
1451 5404 1796 5470 διδασκαλίας
1831 5407 1922 5459 ἐπὶ

350 5488 413 5542 τὸ
434 5490 720 5559 γινώσκειν
741 5493 830 5546 τὸν
857 5495 1058 5565 Κύριον
1083 5497 1567 5568 παραγινομένους,
1594 5499 1920 5572 αὑτομαθείς

345 5579 398 5632 δ’
424 5581 631 5654 ῶσπερ,
679 5586 876 5655 μᾶλλον
915 5588 972 5641 δὲ
1013 5588 1383 5656 θεοδιδάκτους
1425 5592 1742 5663 ἐσομένους,
1775 5595 1804 5648 ὃ
1833 5597 1924 5648 καὶ

351 5673 484 5729 αὐτὸ
530 5678 832 5750 καταμάθοι
874 5679 940 5733 ἄν
992 5687 1078 5747 τις
1123 5683 1264 5754 κατὰ
1309 5685 1399 5741 τὸν
1452 5687 1691 5760 παρόντα
1734 5688 1926 5761 καιρὸν

425 5833 471 5866 ⁸⁸
514 5833 626 5891 Jer.
661 5851 810 5901 xxxi,
844 5820 1028 5893 εισι,

2029 4777 2165 4831 Dein
2200 4777 2425 4845 subjicit
2471 4775 2660 4830 dicens
2692 4775 2807 4845 ipse
2841 4773 3126 4835 Dominus,
3159 4773 3303 4839 qtiod
3343 4781 3463 4841 post
3490 4771 3608 4827 dies

2027 4870 2151 4924 illos
2189 4869 2259 4923 in
2307 4868 2619 4924 visceribus
2651 4882 2839 4922 eorum
2893 4867 2983 4936 qui
3041 4882 3239 4920 novum
3293 4865 3608 4932 acceperint

2025 4969 2433 5026 testamentum,
2465 4962 2612 5032 leges
2633 4976 2762 5017 suas
2808 4961 3030 5022 scribet,
3066 4966 3127 5012 ut
3153 4959 3262 5013 sint
3285 4958 3361 5011 illi
3407 4956 3516 5012 Deo
3551 4957 3605 5011 in

2025 5056 2308 5126 populum,
2341 5056 2563 5126 ipseque
2603 5054 2711 5109 illis
2754 5055 2806 5107 in
2865 5053 3058 5113 Deum.
3112 5051 3334 5105 minime
3366 5050 3605 5104 humana

2027 5147 2275 5204 doctrina
2303 5148 2370 5202 ad
2397 5147 2610 5202 Domini
2633 5145 2915 5201 scientiam
2945 5145 3185 5206 adducti,
3219 5143 3313 5198 sed
3340 5143 3407 5196 ab
3437 5142 3604 5214 ipsis-

2029 5239 2280 5310 metip‘sis
2306 5238 2388 5293 vel
2431 5239 2614 5309 potius
2645 5254 2672 5289 a
2703 5236 2816 5292 Deo
2854 5237 3053 5296 edocti.
3096 5251 3217 5305 quae
3255 5235 3470 5304 quidem
3505 5251 3604 5288 no-

2031 5339 2145 5384 stro
2177 5337 2425 5400 tempore
2455 5329 2674 5399 impleta
2703 5329 2883 5399 quivis
2916 5328 3072 5382 facile
3107 5328 3390 5397 percipiet.
3432 5325 3604 5396 Quip-

2027 5431 2096 5484 pe
2127 5416 2311 5472 videre
2341 5425 2426 5472 est
2458 5418 2731 5486 quomodo
2767 5417 2821 5470 in
2857 5417 3067 5472 viscera
3116 5425 3170 5471 et
3202 5417 3368 5471 corda
3409 5432 3602 5471 eorum

2026 5513 2123 5580 qui
2154 5527 2249 5582 per
2274 5509 2552 5566 Christum
2589 5512 2642 5565 in
2690 5511 2857 5565 Deum
2897 5511 3148 5574 eredunt,
3198 5524 3402 5564 novum
3432 5516 3604 5563 testa-

2033 5609 2273 5654 mentum
2301 5599 2623 5670 Dominiqu
2657 5601 2809 5672 leges
2834 5601 3037 5670 scripta
3081 5600 3210 5663 sint,
3250 5599 3600 5670 perspicienti

2033 5690 2176 5745 inter
2218 5705 2320 5745 nos
2355 5691 2760 5747 multitudinem
2794 5692 3128 5762 privatorum
3167 5691 3447 5745 hominum
3498 5690 3604 5744 hac
