4070 6464
527 350 665 406 “37
1234 344 1502 405 EUSEBII
1541 341 2017 399 CASSARlENSlS
2053 340 2202 396 OPP.
2246 339 2425 396 PARS
2463 339 2553 396 lll.
2584 371 2652 380 —
2693 335 3099 393 EXEGETICA.
3631 328 3773 386 "68

524 463 740 535 egregia
769 467 822 514 et
852 459 1097 531 sapiente
1129 457 1480 529 prteditorum
1513 457 1734 520 virtute,
1765 470 1927 526 quam
1957 470 2092 524 aegre

2200 453 2589 526 πληρούμενον·
2641 454 2739 508 ἴδοι
2784 455 2828 507 δ’
2867 453 2934 506 ἄν
2973 468 3056 514 τις
3083 451 3232 512 ὅπως
3263 447 3353 502 ἐπὶ
3391 446 3490 511 τὰς
3530 445 3770 508 διανοίας

524 552 580 608 iu
621 552 926 608 litterarum
971 550 1319 621 peritissimis
1350 561 1512 620 atque
1546 549 1942 618 scripturarum
1979 553 2092 602 stu-

2203 547 2298 598 καὶ
2321 545 2419 609 τὰς
2448 545 2674 616 καρδίας
2695 544 2802 598 τῶν
2832 544 2920 598 διὰ
2946 540 3180 612 Χριστοῦ
3213 541 3292 602 είς
3318 538 3410 592 τὸν
3442 536 3574 591 Θεδν
3604 553 3770 588 πεπι-

523 647 615 702 dio
645 644 1086 700 incumbentibus
1117 642 1410 698 inveneris.

2197 640 2496 693 στευκότων
2532 642 2564 710 ἡ
2603 640 2759 710 καινὴ
2790 639 3018 709 διαθήκη
3050 637 3141 690 καί¹
3167 636 3216 688 οἱ
3255 635 3347 688 τοῦ
3391 633 3594 707 Κυρίου
3618 633 3774 702 νόμοι

522 741 895 814 γεγραμμένοι
928 741 1086 806 εἰσὶν,
1122 741 1168 792 εί
1199 737 1500 811 καταμάθοι
1567 738 1624 790 ὲν
1653 739 1784 808 ἡμῖν
1823 734 2023 807 πλῆθος
2075 734 2283 807 ἀνδρῶν
2331 734 2608 799 παντελῶς
2667 733 2889 788 ἰδιωτῶν
2946 731 3202 802 τοιαύτην
3255 727 3775 798 ὲνεπιδεικνυμένων

523 837 777 908 ἰνάρετον
821 836 915 891 καὶ
957 835 1321 907 ὲμφιλόσοφον
1353 834 1646 899 πολιτείαν,
1695 835 1762 904 ἢν
1830 834 1890 887 ού
1962 831 2172 902 ταχέως
2209 832 2355 885 ἐστὶν
2392 834 2570 904 εὑρεῖν
2617 832 2766 904 παρά
2807 833 2920 894 τοῖς
2955 828 3264 900 φιλολογίαν
3305 825 3625 898 ἠσκηκόσιν,
3679 823 3775 877 καὶ

525 930 667 1001 μέγα
705 930 988 1004 φρονοῦσιν
1019 930 1111 983 ἐπὶ
1139 931 1202 1000 τῇ
1234 929 1341 981 τῶν
1372 927 1595 1000 γραφῶν
1636 927 1854 1000 μελέτῃ.
1959 926 1963 930 ’

1031 1044 1260 1101 CAPUT
1306 1043 1596 1098 XXXVIII.

1155 1158 1200 1212 E
1227 1158 1465 1212 Threnia.

607 1294 628 1329 ι
662 1275 900 1346 Spiritus
945 1275 1060 1330 oris
1104 1276 1277 1330 nostri
1307 1275 1562 1330 Christus
1613 1271 1876 1326 Dominus
1903 1277 2097 1341 captus

2704 1039 3098 1098 ΚΕΦΑΛΑΙΟΝ
3139 1036 3268 1092 AH'.

2695 1156 2829 1212 Ἀπὸ
2865 1154 2984 1209 τῶν
3023 1153 3286 1223 Θρήνωγ.

2277 1286 2298 1320 ι
2343 1268 2567 1342 Πνεῦμα
2610 1269 2900 1341 προσώπου
2939 1267 3092 1340 ἡμῶν
3132 1265 3365 1338 Χριστὸς
3411 1262 3615 1335 Κύριος
3652 1279 3775 1315 συν.

523 1376 607 1425 est
637 1370 690 1422 in
723 1368 962 1439 peccatis
1001 1383 1212 1433 eorum,
1254 1369 1340 1423 cui
1375 1367 1616 1422 diximus
1649 1384 1661 1420 :
1705 1363 1764 1419 In
1789 1365 1976 1418 umbra
2005 1371 2092 1418 tua

2201 1359 2406 1432 ελήφθη
2437 1362 2494 1414 ἐν
2521 1363 2640 1424 ταῖς
2664 1360 2977 1433 διαφθοραῖς
3003 1358 3200 1422 αὐτῶν,
3232 1349 3293 1410 οὗ
3321 1356 3564 1426 εἴπομεν,
3593 1354 3682 1406 Ἐν
3706 1355 3771 1423 τῇ

522 1462 770 1517 vivemus
820 1461 874 1516 in
927 1461 1268 1530 gentibus“.
1308 1479 1326 1513 ι
1375 1459 1472 1513 Hic
1520 1457 1797 1512 Christum
1840 1470 2092 1526 expresse

2205 1452 2333 1522 σκιᾷ
2359 1451 2521 1506 αὐτοῦ
2557 1450 2833 1522 ζησόμεθα
2861 1453 2919 1505 ὲν
2947 1452 3058 1513 τοῖς
3093 1448 3315 1502 ἔθνεσιν.
3350 1465 3369 1497 ι
3401 1447 3508 1499 Καὶ
3541 1443 3774 1498 ἐνταῦθα

522 1554 814 1609 nominans
853 1552 1070 1608 divinus
1104 1551 1358 1624 Spiritus,
1408 1551 1719 1606 Iudaeorum
1757 1549 2092 1620 persecutio-

2201 1541 2293 1596 τὸν
2331 1543 2563 1614 Χριστὸν
2603 1543 2897 1616 διαρρήδην
2943 1540 3214 1612 όνομάσαν
3248 1538 3311 1593 τὸ
3352 1537 3493 1591 θεῖον
3527 1535 3772 1606 Πνεῦμα,

522 1664 619 1704 nes
648 1648 1030 1718 praenuntiavit
1058 1649 1162 1702 hoc
1192 1649 1377 1710 verbo,
1405 1669 1422 1698 ι
1444 1657 1636 1715 captus
1667 1653 1750 1700 est
1778 1645 1832 1698 in
1859 1642 2092 1714 peccatis

2200 1631 2300 1703 τὴν
2329 1631 2432 1684 ὑπὸ
2475 1632 2739 1686 Ἰουδαίων
2771 1631 3060 1703 ἐπιϐουλὴν
3106 1629 3503 1701 προυθέσπισεν
3538 1627 3626 1685 διὰ
3653 1625 3770 1689 τοῦ,

525 1753 786 1793 eorum.»
839 1737 1010 1809 Cujus
1069 1739 1170 1795 sub
1221 1741 1556 1796 munimento
1611 1741 1906 1808 umbraque
1951 1735 2092 1806 ipsos

2208 1741 2227 1775 ι
2266 1723 2571 1796 συνελήφθη
2612 1726 2670 1778 ὲν
2701 1727 2820 1789 ταῖς
2859 1723 3176 1796 διαφθοραῖς
3213 1723 3410 1777 αὐτῶν
3442 1741 3460 1774 ι
3499 1721 3688 1774 τούτου
3717 1720 3773 1774 δὲ

521 1833 767 1892 victuros
811 1846 934 1887 esse
985 1831 1180 1902 spiritu
1220 1833 1588 1900 pra-videbant
1632 1833 1943 1904 prophetae,
2017 1828 2092 1882 vi-

2203 1816 2308 1871 ὑπὸ
2344 1815 2441 1889 τὴν
2479 1816 2686 1890 σκέπην
2716 1819 2809 1872 καὶ
2840 1818 2938 1889 τὴν
2984 1817 3140 1870 σκιὰν
3180 1815 3508 1887 ζησομένους
3547 1813 3773 1878 ἑαυτοὺς

523 1931 822 1993 cturosque
858 1924 911 1977 in
954 1923 1210 1994 gentibus
1244 1940 1364 1994 qua:
1401 1926 1452 1979 in
1483 1925 1765 1980 Christum
1810 1922 2092 1977 creditura!

2201 1909 2278 1981 τῷ
2300 1909 2568 1980 πνεύματι
2599 1911 2889 1982 προεώρων
2914 1913 2964 1965 οἱ
2997 1912 3292 1984 προφῆται,
3317 1910 3412 1963 καὶ
3444 1909 3773 1980 ζησομένους

523 2021 688 2085 atque
721 2031 817 2085 per
853 2031 976 2070 eum
1026 2017 1412 2087 prophetarum
1451 2015 1763 2086 Scripturas
1794 2022 2092 2085 acceptura:

2196 2005 2254 2057 ὲν
2293 2005 2405 2065 τοῖς
2443 2002 2619 2055 ἔθνεσι
2671 2005 2781 2067 τοῖς
2833 2004 3114 2075 μέλλουσιν
3148 2006 3227 2068 είς
3269 2003 3358 2056 τὸν
3402 2001 3634 2071 Χριστὸν
3682 2020 3773 2054 πι-

522 2113 727 2162 essem.
2197 2095 2428 2158 στεύειν,
2462 2096 2556 2149 καὶ
2584 2097 2651 2150 δι’
2677 2096 2842 2151 αὑτοῦ
2874 2097 2972 2162 τὰς
3004 2096 3110 2151 τῶν
3145 2095 3437 2168 προφητῶν
3471 2093 3773 2167 παραδέχε-

1053 2304 1280 2360 CAPUT
1319 2305 1557 2360 XXXIX.

1138 2419 1186 2474 E
1217 2421 1447 2477 Baruch.

525 2537 536 2554 ‘
601 2551 622 2588 ι
655 2532 791 2601 Quis
839 2534 1086 2590 ascendit
1130 2536 1182 2591 in
1234 2537 1457 2600 cmlum,
1506 2543 1560 2591 et
1608 2535 1819 2606 accepit
1868 2552 2007 2600 eam,
2041 2544 2097 2592 et

520 2624 708 2681 eduxit
741 2640 859 2680 eam
900 2625 966 2681 de
1007 2627 1285 2683 nubibus?
1322 2626 1458 2694 Quis
1503 2625 1876 2683 transfretavit
1925 2643 2093 2692 mare,

521 2726 575 2773 ct
619 2719 829 2775 invenit
880 2720 1049 2784 illam,
1101 2729 1156 2775 et
1191 2722 1373 2775 attulit
1401 2737 1520 2775 eam
1558 2737 1722 2792 super
1755 2737 1950 2776 aurum
1993 2721 2097 2776 ele-

522 2819 674 2866 ctum
701 2812 724 2865 ?
768 2810 890 2867 Non
941 2819 1025 2867 est
1057 2812 1150 2883 qui
1201 2812 1375 2882 possit
1423 2811 1567 2868 scire
1599 2812 1717 2868 vias
1744 2812 1886 2882 ejus,
1919 2827 2096 2883 neque

520 2905 616 2974 qui
661 2905 916 2975 exquirat
964 2904 1186 2960 semitas
1215 2905 1372 2974 ejus:
1417 2905 1510 2960 sed
1539 2905 1631 2976 qui
1676 2907 1779 2961 scit
1815 2906 2092 2969 universa,

523 2997 675 3051 norit
714 3011 856 3063 eam,
893 3005 948 3053 et
1001 2997 1279 3053 adinvenit
1325 3013 1444 3053 eam
1481 2997 1767 3068 prudentia
1816 3013 1956 3054 sua:
2003 2999 2094 3069 qui

521 3090 852 3159 praeparavit
898 3101 1101 3144 terram
1134 3089 1188 3144 in
1220 3101 1425 3146 aeterno
1477 3098 1743 3162 tempore.
1787 3099 1841 3147 et
1870 3092 2098 3164 replevit

521 3197 640 3238 eam
681 3182 983 3254 pecudibus
1012 3190 1064 3237 et
1107 3183 1596 3254 quadrupedibus:
1648 3184 1740 3254 qui
1776 3185 1976 3240 emittit
2011 3185 2094 3239 lu-

2197 2186 2319 2240 σθαι
2347 2187 2586 2260 Γραφάς.

2701 2305 3096 2359 ΚΕΦΑΛΑῘΟΝ
3136 2303 3255 2359 ΔΘ’.

2701 2419 2835 2472 Ἀπὸ
2872 2419 2979 2473 τοῦ
3016 2420 3208 2487 Βαρού
3213 2438 3270 2489 χ.

2271 2545 2288 2579 ι
2325 2528 2422 2591 Τίς
2448 2528 2615 2599 ἀνέϐη
2643 2531 2722 2594 εἰς
2748 2529 2838 2584 τὸν
2863 2531 3110 2603 οὐρανὸν,
3137 2532 3230 2586 καὶ
3251 2531 3440 2586 ἔλαϐεν
3462 2531 3653 2605 αὐτὴν,
3677 2533 3771 2587 καὶ

2197 2620 2555 2674 κατεϐίϐασεν
2584 2621 2754 2692 αὐτὴν
2783 2623 2847 2676 ὲκ
2865 2622 2974 2677 τῶν
3001 2623 3272 2694 νεφελῶν;
3300 2623 3396 2688 Τίς
3417 2625 3567 2697 διέϐη
3597 2625 3771 2698 πέραν

2197 2712 2492 2785 θαλάσσης,
2526 2713 2622 2768 καὶ
2654 2710 2812 2786 εὗρεν
2844 2715 3032 2787 αὐτὴν,
3069 2716 3163 2770 καὶ
3193 2717 3328 2771 οἴσει
3355 2718 3522 2789 αὐτὴν
3548 2719 3771 2790 χρυσίου

2196 2807 2490 2873 ὲκλεκτοῦ;
2539 2809 2652 2863 Οὐκ
2697 2808 2841 2862 ἔστιν
2890 2810 2915 2862 6
2959 2809 3240 2878 γινώσκων
3278 2810 3376 2882 τὴν
3417 2811 3534 2865 όδον
3578 2813 3769 2883 αὐτῆς,

2195 2898 2316 2952 οὐδὲ
2337 2901 2366 2952 6
2394 2899 2793 2972 ἐνθυμούμενος
2825 2902 2925 2973 τὴν
2955 2903 3138 2974 τρίϐον
3165 2903 3352 2974 αὐτῆς.
3398 2905 3533 2957 Ἀλλ’
3559 2907 3588 2959 ό
3616 2907 3771 2972 εἰδὼς

2195 2990 2264 3045 τά
2300 2991 2477 3046 πάντα
2502 2991 2760 3061 γινώσκει
2795 2993 2981 3066 αὐτὴν,
3015 2995 3235 3066 ἐξεῦρεν
3268 2997 3435 3066 αὐτὴν
3462 3000 3526 3069 τῇ
3560 2999 3774 3054 συνέσει

2195 3081 2383 3135 αὐτοῦ·
2423 3085 2452 3136 6
2482 3084 2575 3136 καὶ
2605 3085 3019 3149 κατασκευάσας
3046 3085 3144 3157 τὴν
3185 3089 3290 3158 γῆν
3340 3089 3419 3150 εἰς
3465 3087 3557 3141 τὸν
3600 3090 3773 3144 αἰῶνα

2198 3174 2404 3245 χρόνον,
2456 3174 2750 3246 ἐνέπλησεν
2803 3178 2971 3249 αὐτὴν
3023 3177 3238 3247 κτηνῶν
3287 3180 3648 3249 τετραπόδων.
3715 3183 3773 3234 '0

520 3289 668 3341 men,
706 3283 760 3330 et
794 3275 986 3329 vadit:
1029 3283 1081 3330 et
1132 3277 1349 3330 vocavit
1393 3275 1551 3340 illud,
1601 3284 1655 3331 et
1701 3275 1884 3331 obedit
1911 3277 1989 3330 illi
2037 3277 2091 3330 in

2196 3265 2542 3319 ἀποστέλλων
2571 3266 2631 3319 τὸ
2665 3267 2779 3336 φῶς
2819 3268 2912 3320 καὶ
2958 3269 3270 3340 πορεύεται,
3319 3271 3576 3325 ἐκάλεσεν
3618 3273 3770 3337 αὐτὸ,

522 3374 782 3422 tremore.
819 3365 1001 3422 Stellae
1028 3376 1212 3421 autem
1246 3366 1515 3422 dederunt
1543 3367 1724 3423 lumen
1756 3367 1811 3422 in
1838 3368 2101 3425 custodiis

522 3460 661 3523 suis,
705 3467 760 3515 et
810 3460 1003 3515 lanata;
1039 3468 1210 3515 sunt:
1261 3461 1476 3516 vocavit
1526 3476 1640 3525 eas,
1692 3472 1746 3517 et
1796 3461 2095 3518 dixerunt:

521 3552 798 3609 Adsumus
820 3573 835 3609 :
857 3563 911 3608 et
938 3553 1193 3608 luxerunt
1217 3553 1264 3607 ei
1305 3568 1427 3607 cum
1452 3553 1814 3623 jucunditate,
1849 3555 1942 3624 qui
1974 3554 2101 3610 fecit

524 3642 670 3699 illas.
703 3642 804 3698 llic
830 3651 915 3699 est
947 3643 1089 3698 Deus
1117 3651 1326 3708 noster,
1358 3652 1412 3698 et
1446 3659 1554 3699 non
1575 3645 1935 3700 aestimabitur
1957 3647 2097 3702 alius

521 3737 787 3794 adversus
820 3753 965 3794 eum.
1013 3736 1114 3792 Hic
1159 3738 1438 3800 adinvcnit
1475 3753 1691 3793 omnem
1742 3739 1884 3793 viam
1932 3739 2096 3794 disci-

528 3829 734 3898 plinae;
766 3837 823 3884 et
846 3829 1071 3884 tradidit
1099 3829 1246 3889 illam
1291 3827 1460 3885 Jacob
1493 3844 1665 3899 puero
1693 3845 1814 3892 suo,
1849 3837 1902 3886 et
1930 3827 2098 3886 Israel

519 3919 720 3978 dilecto
771 3937 892 3978 suo.
936 3921 1066 3977 Post
1107 3923 1218 3977 hmo
1252 3923 1304 3976 in
1340 3922 1503 3978 terris
1538 3921 1687 3978 visus
1725 3929 1829 3986 est,
1883 3930 1936 3977 et
1973 3937 2096 3977 cum

522 4013 838 4070 hominibus
877 4025 1238 4070 conversatus
1279 4024 1363 4071 est
1391 4016 1454 4069 η.
1506 4034 1524 4065 ι
1559 4014 1693 4080 Quis
1746 4015 1995 4070 ascendit
2042 4014 2098 4068 in

520 4105 742 4170 caelum,
779 4106 875 4167 ait,
905 4113 959 4161 et
997 4105 1207 4176 accepit
1235 4107 1397 4161 eam?
1429 4114 1484 4159 et
1534 4107 1741 4176 reliqua
1769 4124 1783 4170 ;
1830 4107 2101 4176 comperi-

519 4214 644 4253 mus
667 4214 698 4254 a
726 4207 918 4256 sancto
954 4199 1216 4269 Apostolo
1243 4199 1388 4269 quod
1433 4218 1451 4250 ι
1504 4200 1596 4268 qui
1629 4199 1912 4254 descendit
1936 4198 2095 4257 Iesus

518 4291 794 4356 Christus,
826 4292 943 4361 ipse
972 4299 1059 4347 est
1087 4299 1140 4346 et
1169 4292 1260 4361 qui
1286 4290 1534 4345 ascendit
1566 4306 1732 4360 super
1758 4305 1949 4348 omnes
1975 4305 2093 4346 cm-

519 4382 602 4439 los
625 4383 690 4439 ¹³.
734 4401 755 4436 ι
813 4381 919 4449 Qui
973 4391 1028 4437 et
1061 4389 1316 4451 suscepto
1358 4379 1596 4452 Spiritus
1633 4382 1811 4436 sancti
1845 4397 2089 4448 munere,

517 4473 726 4530 dimisit
755 4480 920 4542 atque
960 4472 1160 4527 infudit
1189 4474 1244 4525 in
1278 4486 1466 4526 eorum
1505 4472 1718 4528 animas
1750 4473 1842 4543 qui
1870 4489 2092 4544 accepe-

519 4571 646 4620 runt
679 4563 809 4618 illud
843 4579 859 4629 ;
890 4564 1035 4618 unde
1074 4563 1130 4616 in
1175 4559 1407 4617 Psalmis
1439 4562 1680 4619 dicitur:
1723 4583 1740 4615 ι
1782 4563 2088 4620 Ascendisti

515 4659 576 4713 in
615 4658 823 4722 altum,
871 4657 1064 4728 cepisti
1100 4656 1492 4727 captivitatem,
1549 4657 1807 4727 accepisti
1861 4657 2002 4713 dona
2033 4660 2089 4714 in

516 4750 833 4806 hominibus
861 4751 926 4806 “.
958 4768 977 4802 ι
1021 4748 1152 4804 Post
1178 4749 1293 4804 haec
1330 4750 1385 4804 in
1416 4750 1518 4805 hoc
1555 4751 1744 4806 eodem
1787 4752 1904 4808 loco
1937 4753 2090 4807 addi-

517 4849 645 4898 tur:
694 4861 715 4895 ι
761 4841 861 4896 llic
912 4849 998 4897 est
1031 4840 1175 4897 Deus
1209 4849 1416 4906 noster,
1467 4851 1522 4898 et
1572 4858 1680 4897 non
1732 4843 2091 4899 testimabitur

515 4935 656 4990 alius
699 4934 963 4990 adversus
1007 4949 1152 4989 eum.
1195 4954 1214 4988 ι
1267 4933 1403 5000 Quis
1453 4941 1635 4989 autem
1675 4935 1787 5000 ille,
1840 4936 1946 4991 nisi
1993 4936 2088 5007 qui

515 5025 760 5081 ascendit
797 5027 852 5080 in
891 5025 1114 5088 ctelum,
1146 5036 1202 5081 et
1229 5026 1551 5082 descendit?
1591 5025 1884 5095 Postquam
1941 5030 2085 5083 enim

515 5115 901 5184 interrogative
963 5115 1168 5170 dictum
1238 5124 1368 5171 est:
1431 5134 1450 5169 ι
1519 5115 1655 5183 Quis
1722 5117 1966 5173 ascendit
2033 5119 2086 5174 in

515 5205 762 5260 caelum?
799 5225 818 5258 ι
863 5205 1226 5277 respondetur
1256 5246 1271 5270 ,
1321 5225 1339 5259 ι
1388 5208 1477 5264 hic
1539 5216 1623 5264 est
1674 5208 1815 5265 Deus
1880 5220 2084 5277 noster,

510 5305 566 5353 ct
604 5313 714 5351 non
756 5299 1119 5354 mstimahitur
1155 5301 1295 5356 alius
1347 5301 1612 5359 adversus
1667 5317 1838 5372 eum;
1889 5321 1912 5357 ι
1941 5304 2087 5374 quod

511 5397 567 5444 et
636 5390 979 5458 apertissime
1041 5392 1422 5448 demonstrant
1485 5395 1598 5450 haec
1664 5411 1785 5466 quae
1851 5396 2085 5452 interius

512 5480 904 5550 subjiciuntur,
947 5501 966 5534 ι
1009 5484 1142 5542 Post
1173 5486 1288 5542 haec
1315 5486 1370 5541 in
1394 5488 1558 5543 terris
1583 5487 1736 5544 visus
1769 5496 1854 5544 est
1881 5496 1934 5544 et
1961 5504 2086 5543 cum

513 5574 827 5629 hominibus
865 5588 1222 5635 conversatus
1253 5588 1360 5637 est.
1406 5599 1424 5632 ι
1461 5579 1740 5636 Adversus
1771 5581 1901 5636 illud
1925 5582 2090 5652 igitur

511 5663 607 5719 Dei
639 5662 876 5720 Verbum
914 5667 1269 5725 manifestum
1295 5679 1379 5726 est
1406 5671 1551 5741 quod
1578 5687 1687 5725 non
1723 5673 2088 5728 aestimabitur

511 5759 652 5814 aiius
696 5775 886 5814 eorum
913 5762 1006 5832 qui
1039 5765 1216 5818 vocati
1265 5773 1394 5820 sunt
1449 5765 1546 5821 dii.
1586 5785 1604 5818 ι
1642 5765 1769 5822 Post
1807 5767 1944 5832 hrec,
1988 5767 2083 5833 ait,

2203 3361 2294 3412 καὶ
2341 3359 2648 3430 ὑπήκουσεν
2689 3360 2838 3430 αὐτῷ
2880 3361 3087 3432 τρόμῳ.
3136 3363 3198 3416 Oi
3242 3363 3296 3415 δὲ
3327 3363 3554 3435 ἀστέρες
3604 3364 3773 3434 ἑλαμυ

2198 3450 2305 3521 ψαν
2357 3453 2413 3504 ὲν
2461 3454 2581 3515 ταῖς
2627 3452 2892 3521 φυλακαῖς
2943 3453 3150 3518 αὐτῶν,
3213 3456 3308 3508 καὶ
3355 3456 3769 3528 εύφράνθησαν’

2197 3543 2454 3596 ἐκάλεσεν
2507 3543 2726 3608 αὐτοὺς,
2784 3546 2876 3598 καὶ
2931 3541 3104 3611 εἷπον,
3167 3547 3476 3619 Πάρεσμεν·
3527 3548 3774 3621 ἔλαμψαν

2200 3635 2318 3705 μετ’
2342 3635 2679 3706 εὐφροσύνης
2706 3636 2785 3708 τῷ
2819 3640 3101 3710 ποιήσαντι
3129 3639 3342 3705 αὐτούς.
3383 3632 3552 3704 Οὗτος
3581 3645 3610 3695 6
3638 3642 3773 3706 Θεὸς

2194 3727 2375 3798 ἡμῶν,
2413 3729 2472 3781 οὐ
2503 3728 2882 3801 λογισθήσεται
2915 3731 3101 3803 ἕτερος
3133 3732 3267 3802 πρὸς
3295 3733 3477 3788 αὐτόν.
3524 3735 3772 3806 Ἐξεῦριν

2196 3821 2373 3875 πᾶσαν
2398 3821 2514 3874 ὁδὸν
2545 3824 2874 3895 ἐπιστήμης,
2900 3825 2995 3877 καὶ
3030 3824 3228 3878 ἔδωκεν
3267 3823 3433 3895 αὐτὴν
3472 3825 3544 3878 Ἰα
3560 3824 3666 3877 ιιὼϐ
3691 3826 3768 3897 τῷ

2197 3914 2348 3970 παιδὶ
2385 3914 2572 3980 αὑτοῦ,
2605 3916 2698 3968 καὶ
2739 3915 2950 3988 Ἰσραὴλ
2974 3916 3050 3988 τῷ
3083 3918 3428 3989 ἠγαπημένῳ
3463 3919 3552 3970 ὑπ’
3580 3918 3766 3971 αὐτοῦ·

2201 4006 2340 4078 μετά
2364 4007 2524 4062 τοῦτο
2554 4009 2646 4062 ἐπὶ
2676 4009 2777 4078 τῆς
2796 4009 2899 4079 γῆς
2920 4007 3096 4080 ὤφθη,
3132 4009 3225 4062 καὶ
3257 4012 3315 4062 ὲν
3337 4013 3446 4073 τοῖς
3466 4009 3770 4080 ἀνθρώποις

2200 4101 2636 4173 συνανεστράφη.
2671 4121 2689 4152 ι
2720 4101 2815 4164 Τίς
2846 4101 3010 4172 ἀνέϐη
3033 4104 3112 4165 είς
3127 4101 3217 4156 τὸν
3231 4101 3476 4172 οὐρανὸν,
3502 4103 3654 4173 φησὶ,
3679 4105 3774 4157 καὶ

2195 4193 2384 4247 ἔλαϐεν
2426 4194 2620 4265 αὐτὴν,
2652 4195 2743 4248 καὶ
2781 4193 3137 4247 κατεϐίϐασεν
3169 4194 3374 4265 «om;
3399 4194 3492 4247 καὶ
3517 4195 3584 4247 τὰ
3613 4196 3763 4266 ἑξῆς*

2192 4285 2553 4357 διδασκόμεθα
2601 4287 2657 4340 δὲ
2696 4288 2802 4341 ἀπὸ
2843 4286 2935 4339 τοῦ
2982 4285 3128 4358 ἱεροῦ
3187 4287 3505 4341 Ἀποστέλου
3537 4287 3611 4351 ὡς
3663 4289 3773 4360 ἄρα

2199 4397 2216 4429 ι
2249 4381 2276 4432 6
2307 4378 2549 4442 καταϐὰς
2585 4378 2789 4450 Ἰησοῦς
2816 4379 3079 4450 Χριστὸς,
3113 4378 3274 4441 αὐτός
3303 4380 3418 4430 ἐστι
3450 4377 3542 4430 καὶ
3573 4379 3601 4430 6
3637 4379 3771 4431 ἀνα-

2193 4470 2295 4534 ϐὰς
2323 4470 2575 4542 ὑπεράνω
2608 4472 2824 4524 πάντων
2863 4469 2969 4524 τῶν
3016 4469 3274 4542 οὐρανῶνο
3315 4489 3333 4521 ι
3384 4469 3440 4532 ὃς
3470 4469 3563 4523 καὶ
3593 4467 3773 4521 λαϐὼν

2192 4563 2290 4635 τὴν
2315 4563 2408 4617 τοῦ
2433 4563 2588 4632 ἁγίου
2633 4563 2948 4632 Πνεύματος
2995 4562 3202 4634 δωρεὰν
3235 4561 3557 4616 κατεϐίϐασέ
3592 4579 3648 4615 τε
3678 4563 3774 4614 καὶ

2197 4655 2410 4725 ἐξέχεεν
2435 4657 2526 4709 ἐπὶ
2555 4656 2653 4719 τὰς
2685 4655 2792 4708 τῶν
2826 4653 3281 4726 παραδεξαμένων
3313 4653 3490 4706 αὐτῶν
3534 4654 3642 4724 (ὴν)
3678 4653 3777 4722 ψυ-

2195 4747 2314 4818 χάς
2347 4747 2466 4800 ὃθεν
2497 4748 2591 4801 καὶ
2625 4748 2682 4799 ἐν
2712 4745 2956 4816 Ψαλμοῖς
2995 4747 3209 4817 είρηται
3238 4744 3318 4808 τὸ,
3372 4763 3390 4796 ι
3436 4745 3664 4808 Ἀναϐὰς
3691 4745 3772 4806 εἰς

2197 4837 2329 4908 ὓψος
2359 4837 2786 4910 ᾐχμαλώτευσας
2821 4837 2882 4907 (1³.
2919 4838 3008 4900 57,
3034 4841 3111 4908 νο)
3141 4837 3536 4908 αἰχμαλωσίαν,
3581 4836 3774 4899 ἔλαϐες

2193 4932 2400 5002 δόματα
2438 4934 2494 4985 ὲν
2539 4931 2863 5003 ἀνθρώποις.
2910 4951 2927 4983 ι
2979 4930 3134 5000 Ἑξῆς
3161 4931 3216 4984 δὲ
3245 4933 3300 4984 ὲν
3337 4933 3401 5001 τῇ
3437 4931 3773 5002 προκειμένῃ

2193 5028 2378 5098 γραφῇ
2403 5027 2430 5079 6
2461 5025 2618 5094 λόγος
2645 5025 2828 5095 φησὶν,
2857 5043 2874 5074 ι
2908 5017 3073 5087 Οὗτος
3099 5026 3126 5077 ό
3152 5022 3283 5087 Θεὸς
3327 5026 3358 5093 ἡ
3369 5021 3482 5093 μῶν
3521 5022 3581 5075 ού
3633 5022 3776 5092 λογι-

2195 5118 2450 5189 σθήσεται
2472 5117 2658 5188 ἕτερος
2682 5116 2816 5188 πρὸς
2844 5116 3024 5169 αὐτόν·
3065 5135 3084 5167 ι
3122 5116 3204 5178 τίς
3235 5115 3292 5168 δὲ
3329 5111 3501 5178 οὗτος,
3535 5113 3618 5185 ἣό
3641 5115 3773 5168 ἀνα-

2194 5209 2295 5274 ϐἀς
2317 5211 2394 5273 εἰς
2414 5209 2502 5262 τὸν
2527 5208 2754 5280 οὐρανὸν
2783 5208 2872 5261 καὶ
2893 5205 3130 5269 καταϐάς
3146 5224 3160 5271 ;
3179 5205 3269 5275 Τῷ
3294 5205 3400 5275 γὰρ
3428 5223 3448 5256 ι
3481 5205 3576 5268 Τίς
3602 5205 3768 5275 ἀνέϐη

2193 5305 2274 5367 είς
2301 5303 2392 5356 τὸν
2421 5301 2679 5373 ούρανόνς
2710 5319 2729 5352 ι
2776 5296 3202 5370 ὲρωτηματικῶς
3225 5297 3500 5368 εἰρημένῳ
3527 5295 3769 5350 ἀποδέδο-

2191 5414 2280 5450 ται
2308 5396 2395 5461 τὸ,
2433 5414 2452 5445 ι
2479 5389 2646 5458 Οὗτος
2676 5393 2706 5446 ό
2733 5391 2864 5456 Θεὸς
2883 5391 3058 5462 ἡμῶν,
3084 5391 3142 5444 ού
3181 5390 3560 5461 λογισθήσεται
3584 5390 3770 5458 ἕτερος

2191 5486 2330 5556 πρὸς
2357 5486 2540 5540 αὐτόν·
2586 5504 2605 5537 ι
2636 5485 2964 5554 σαφέστερον
2996 5482 3152 5547 τοῦτο
3185 5482 3334 5553 δηλοῖ
3367 5481 3426 5534 τὸ
3466 5479 3592 5550 ἑξῆς
3618 5481 3771 5553 εἰρη-

2195 5578 2374 5649 μένον,
2397 5577 2485 5641 τὸ,
2524 5596 2541 5628 ι
2579 5574 2734 5630 Μετά
2774 5574 2930 5628 τοῦτο
2957 5573 3048 5627 ἐπὶ
3074 5575 3173 5645 τῆς
3211 5574 3314 5643 γῆς
3341 5569 3515 5642 mon,
3567 5569 3660 5623 καὶ
3711 5569 3771 5622 ἐν

2189 5674 2301 5734 τοῖς
2334 5669 2640 5742 ἀνθρώποις
2671 5667 3104 5738 συνανεστράφη.
3129 5686 3147 5718 ι
3181 5665 3324 5736 Πρὸς
3352 5663 3538 5717 τοῦτον
3559 5657 3652 5714 οὖν
3675 5660 3771 5729 δῆν

2189 5763 2280 5816 λον
2308 5764 2389 5815 ὅτι
2414 5763 2504 5815 τὸν
2541 5763 2635 5814 τοῦ
2666 5761 2809 5814 Θεοῦ
2841 5760 3011 5828 Λόγον
3050 5759 3110 5812 οὐ
3151 5758 3526 5830 λογισθήσεται
3581 5754 3767 5826 ἕτερος

583 5917 622 5947 ¹¹
656 5916 856 5972 Thren.
916 5935 990 5988 ιν,
1025 5917 1114 5978 20.
1199 5921 1239 5953 ¹²
1273 5921 1507 5980 Baruch.
1566 5940 1668 5991 tu,
1727 5922 1922 5981 ‘29-58.
2005 5925 2044 5956 ⁸³
2083 5923 2092 5977 l

2195 5937 2280 5980 res.
2318 5939 2392 5985 tv.
2419 5923 2556 5980 10..
2585 5921 2626 5954 ¹⁵
2665 5919 2810 5978 Psal.
2851 5933 3020 5990 vau,
3056 5916 3140 5975 l9.
