4070 6464
333 293 474 350 1169

1393 302 1684 360 Εειοςιε
1724 303 2202 362 Ριιονιιετιοιιε.
2244 337 2313 347 ——
2351 306 2479 364 LIB.
2515 307 2558 364 Ι.

3440 315 3581 370 11ῗο

326 415 438 468 τῶν
474 413 770 486 ὲπικτητὴν
789 417 888 487 τὴν
923 414 1014 470 τοῦ
1071 416 1205 471 Θεοῦ
1263 420 1630 492 προσηγορίαν
1683 421 1904 490 ἐσχηκόιη

2012 421 2066 474 in
2104 422 2270 479 terris
2306 424 2459 480 visus
2509 432 2632 492 cst;
2671 442 2689 477 ι
2745 427 2973 492 scilicet,
3025 434 3084 482 ut
3137 437 3371 495 constat,
3428 444 3575 500 post-

327 521 458 558 των.
487 523 504 554 ι
536 503 687 558 Μετὰ
713 503 867 557 τοῦτο
907 505 1013 569 δὲ,,
1044 507 1225 576 φησιν,
1268 508 1359 560 ἐπὶ
1400 509 1498 577 τῆς
1549 509 1653 579 γῆς
1686 508 1860 579 ὤφθη·
1883 529 1900 561 ι

328 596 484 665 δῆλον
515 597 596 649 ὅτι
637 595 773 666 μετὰ
802 597 860 650 τὸ
886 597 976 651 διὰ
1015 599 1176 670 νόμου
1213 602 1305 653 καὶ
1344 601 1638 672 προφητῶν
1669 602 1766 674 τὴν
1803 605 1908 657 πᾶ-

331 706 432 743 σαν
475 689 590 742 ὁδὸν
633 688 731 758 τῆς
763 690 1088 759 ἐπαγγελίας
1115 691 1420 746 δεδωκέναι⁵
1467 713 1486 744 ι
1511 693 1727 766 ἐξεῦρεν
1759 695 1864 766 γάρ
1889 735 1905 759 ,

331 781 484 850 φησι,
552 782 731 834 πᾶσαν
794 782 912 836 ὁδον
974 787 1303 855 ἐπιστήμης,
1345 786 1438 838 καὶ
1465 785 1656 839 ἔδωκεν
1738 787 1907 859 αὐτὴν

341 870 641 941 Ἰακὼϐ-τῷ
679 873 826 926 παιδ⁵ι
864 874 1050 939 αὐτοῦ,
1092 875 1186 928 καὶ
1226 875 1437 948 Ἰσραὴλ
1469 875 1546 946 τῷ
1566 877 1907 948 ἠγαπημένῳ

330 962 422 1016 ὑπ’
447 961 630 1016 αὐτοῦ’
667 958 787 1017 εἶτα
826 983 844 1015 ι
890 964 1026 1034 μετὰ
1066 963 1223 1018 τοῦτο
1251 966 1344 1018 ἐπὶ
1367 967 1464 1036 τῆς
1491 965 1595 1035 γῆς
1611 963 1785 1037 ὤφθη,
1814 968 1908 1020 καὶ

326 1057 444 1118 τοῖς
475 1053 778 1126 ἀνθρώποις
812 1058 1242 1129 συνανεστράφη.
1277 1076 1296 1110 ι

848 1148 1242 1202 ΚΕΦΑΛΑΙΟΝ
1296 1150 1386 1204 Μ’.

815 1241 871 1295 Ἀ
881 1241 955 1294 πὸ
979 1241 1083 1295 τοῦ
1122 1241 1422 1308 ἰεζεκιή.ῑ.

411 1349 432 1382 ι
472 1331 614 1384 Ἀντὶ
633 1331 821 1386 τούτου
838 1333 961 1386 τάδε
978 1333 1122 1402 λέγει
1147 1335 1350 1406 Κύριος
1370 1353 1383 1366 ο
1422 1336 1574 1402 Ἰδοὺ,
1604 1337 1714 1406 ἐγὼ
1739 1338 1906 1410 κρίνω

328 1420 600 1491 ἀναμέσον
631 1422 903 1493 προϐάτου
949 1425 1167 1495 ἰσχυροῦ
1202 1427 1296 1479 καὶ
1327 1427 1598 1498 άναμέσον
1634 1429 1904 1499 προϐάτου

327 1514 610 1578 ἀσθενοῦς.
650 1516 772 1568 Ἐπὶ
798 1518 916 1578 ταῖς
946 1517 1202 1588 πλευραῖς
1229 1519 1323 1572 καὶ
1357 1522 1468 1583 τοῖς
1499 1519 1667 1592 ὤμοις
1695 1521 1904 1575 διωθεῖ-

330 1602 446 1668 σθε,
468 1605 559 1657 καὶ
589 1607 700 1668 τοῖς
717 1605 940 1676 κέρασιν
959 1607 1111 1678 ὑμῶν
1132 1610 1494 1680 ὲκερατίςετε’
1519 1613 1625 1666 πᾶν
1652 1612 1711 1665 τὸ
1737 1612 1905 1666 ἐκλεῖ-

331 1713 430 1750 πον
463 1697 796 1768 ὲξεθλίψατε.
823 1700 933 1753 Καὶ
947 1698 1104 1752 σώσω
1117 1699 1183 1753 τά
1208 1701 1455 1772 πρόϐατά
1480 1721 1601 1773 μου,
1627 1705 1720 1757 καὶ
1740 1705 1798 1757 οὐ
1830 1703 1903 1776 μὴ

2009 529 2172 584 quam
2212 517 2387 571 omnis
2418 516 2693 588 Evangelii
2737 518 2823 574 via
2854 535 2950 590 per
2980 521 3150 590 legem
3181 529 3235 575 et
3283 524 3576 592 prophetas

2009 612 2192 673 aperta
2224 611 2327 660 est.
2366 624 2384 656 ι
2423 606 2715 661 Adinvenit
2772 610 2950 673 enim,
3003 609 3100 673 ait,
3154 625 3367 667 onmem
3433 613 3575 668 viam

2008 697 2330 767 disciplima,
2381 706 2437 753 et
2488 698 2712 754 tradidit
2772 700 2917 754 illam
2965 699 3133 756 Jacob
3164 717 3331 772 puero
3360 720 3482 770 suo,
3523 712 3576 760 et

2009 785 2175 841 Israel
2220 788 2420 843 dilecto
2469 803 2610 856 suo;
2648 809 2665 840 ›
2721 789 2866 855 dein,
2907 809 2924 842 ι
2983 799 3106 862 post
3164 793 3278 848 limc
3315 795 3368 849 iu
3417 799 3576 852 terris

2009 878 2159 934 visus
2192 887 2300 946 est,
2324 888 2378 934 et
2405 896 2526 935 cum
2557 880 2866 937 hominibus
2897 893 3249 942 conversatus
3284 895 3388 942 est.
3429 905 3449 939 ι

2598 1145 2826 1201 CAPUT
2864 1147 2976 1203 XL.

2560 1235 2642 1288 Ea:
2708 1236 2995 1290 Ezechiele.

2083 1345 2102 1378 ι
2145 1324 2272 1382 Haec
2313 1333 2507 1382 contra
2542 1327 2675 1381 dicit
2720 1327 3026 1383 Dominus:
3070 1327 3208 1384 Ecce
3261 1344 3360 1400 ego
3389 1328 3576 1400 judico

2006 1417 2149 1477 inter
2201 1435 2368 1490 pecus
2418 1422 2615 1491 pingue
2644 1429 2698 1475 et
2731 1436 2896 1490 pecus
2950 1421 3297 1476 inacilentum
3333 1441 3345 1476 :
3380 1439 3477 1494 pro
3509 1437 3578 1479 eo

2004 1509 2150 1580 quod
2179 1509 2442 1564 lateribus
2466 1521 2518 1564 et
2546 1509 2788 1564 humeris
2823 1509 3220 1580 impingebatis,
3242 1520 3296 1565 et
3317 1510 3579 1567 cornibus

2004 1601 2207 1657 vestris
2232 1601 2579 1656 ventilabatis
2604 1603 2787 1657 omnia
2820 1601 3032 1656 inﬁrma
3057 1616 3274 1674 pecora,
3308 1603 3480 1658 donec
3504 1603 3580 1657 di-

2005 1701 2388 1765 spergerentur
2413 1693 2594 1750 foras:
2637 1695 2856 1750 salvabo
2895 1709 3110 1765 gregem
3153 1711 3355 1759 meum,
3387 1703 3439 1750 et
3470 1711 3577 1755 non

326 1781 462 1843 ὦσιν
493 1789 572 1843 ἔτι
625 1792 704 1854 εἰς
747 1791 1054 1862 προνομήν,
1092 1793 1186 1845 καὶ
1227 1793 1397 1864 κρινῶ
1442 1795 1708 1866 άναμέσον
1751 1796 1904 1868 κριοῦ

2010 1786 2113 1860 erit
2142 1785 2282 1839 ultra
2314 1785 2369 1839 in
2397 1786 2668 1857 rapinam,
2695 1784 3026 1854 etjudicabo
3049 1785 3188 1839 inter
3219 1800 3386 1854 pecus
3411 1793 3462 1840 et
3486 1800 3580 1854 pe-

329 1881 466 1952 πρὸς
506 1882 681 1952 κριόψ
725 1883 818 1937 καὶ
862 1885 1150 1955 ἀναστήσω
1192 1886 1372 1950 αὐτοῖς
1427 1887 1653 1957 ποιμένα
1693 1888 1904 1958 ἕτερον’

329 1972 426 2025 καὶ
457 1973 786 2045 ποιμανεί[ς]
825 1975 1052 2039 αὐτοὺς,
1101 1975 1191 2029 τὸν
1237 1975 1420 2029 δοῦλόν
1462 1995 1562 2048 μου
1606 1977 1784 2040 Δαυῖδ,
1815 1979 1908 2032 καὶ

327 2063 480 2116 ἔσται
515 2065 690 2118 αὐτῶν
713 2065 934 2137 ποιμὴν.
969 2067 1061 2120 καὶ
1096 2066 1287 2138 ἔσομαι
1316 2069 1497 2132 αὐτοῖς
1518 2071 1596 2134 εἰς
1625 2069 1774 2135 Θεὸν,
1811 2074 1908 2126 καὶ

327 2154 492 2208 Δαυῒδ
521 2157 702 2227 ἄρχων
736 2159 792 2210 ὲν
823 2158 972 2229 μέσῳ
1010 2158 1209 2211 αὐτῶν·
1243 2157 1353 2228 ἐγὼ
1383 2161 1588 2232 Κύριος
1610 2161 1904 2233 λελάληκα.

329 2247 439 2300 Καὶ
481 2247 800 2319 διαθήσομαι
841 2248 918 2320 τῷ
961 2249 1118 2303 ama
1166 2251 1430 2325 διαθήκην
1463 2255 1676 2325 καινὴν,
1720 2254 1906 2325 διαθή-

328 2355 432 2410 κην
461 2339 699 2411 εἰρήνης.
729 2361 746 2391 ι
794 2341 944 2394 Ἐπεὶ
982 2343 1076 2394 καὶ
1129 2343 1186 2395 ἐν
1221 2343 1398 2408 ἄλλοις
1443 2344 1532 2397 τὸν
1577 2346 1909 2417 προφητευό-

331 2446 492 2499 μενον
514 2429 672 2483 Δαυῖδ
698 2433 796 2484 οὐκ
833 2430 988 2484 ἄλλον
1022 2431 1337 2503 ἀποδίδομεν
1369 2435 1463 2488 τοῦ
1503 2436 1568 2488 ἐκ
1601 2437 1910 2508 σπέρματος

329 2520 491 2572 Δαυῒδ
524 2522 882 2592 γεγενημένου
929 2521 1179 2592 Σωτῆρος
1207 2522 1382 2593 ἡμῶν,
1427 2523 1614 2577 τούτου
1653 2524 1718 2596 δὴ
1749 2525 1908 2596 χάριν

330 2609 424 2661 καὶ
449 2607 633 2661 ἐνθάδε
662 2610 757 2679 τὴν
775 2610 1077 2680 περικοπὴν
1104 2611 1585 2682 ὲπεσημηνάμεθαο
1607 2614 1688 2676 τίς
1712 2615 1818 2685 γάρ
1841 2613 1906 2669 ἂν

329 2697 486 2761 ἄλλος
511 2700 592 2770 εἴη
616 2701 643 2750 6
670 2700 974 2770 ποιμαίνειν
1007 2699 1212 2771 μέλλων
1242 2702 1312 2755 τά
1331 2704 1421 2756 τοῦ
1439 2704 1642 2776 Κυρίου
1662 2704 1909 2777 πρόϐατα

333 2791 472 2860 μετὰ
504 2791 565 2844 τὸ
598 2792 849 2864 κριθῆναι
884 2797 1022 2850 αὐτὰ
1057 2798 1146 2850 ὑπ’
1187 2798 1353 2852 αὑτοῦ
1374 2837 1388 2862 ,
1423 2798 1456 2868 ἢ
1487 2801 1515 2853 6
1560 2799 1716 2870 μόνος
1744 2801 1907 2866 καλὸς

330 2882 555 2954 ποιμὴν,
581 2886 608 2937 6
651 2885 726 2956 μὴ
771 2887 1040 2959 ὑπεριδὼν
1078 2889 1410 2962 διωθούμενα
1451 2891 1544 2944 καὶ
1589 2891 1907 2962 διολλύμενα

2011 1891 2128 1931 cus.
2169 1875 2231 1930 Et
2264 1876 2543 1932 suscitabo
2587 1892 2754 1947 super
2805 1892 2900 1931 eos
2958 1884 3231 1946 pastorem
3265 1893 3452 1943 unum,
3485 1878 3577 1948 qui

2010 1975 2197 2039 pascat
2212 1984 2328 2033 eos,
2362 1984 2577 2024 servum
2609 1983 2788 2022 meum
2823 1967 3028 2022 David:
3065 1967 3179 2038 ipse
3227 1977 3414 2038 pascet
3458 1985 3576 2033 eos,

2009 2070 2063 2117 et
2113 2062 2227 2132 ipse
2257 2062 2361 2117 erit
2401 2062 2482 2116 eis
2516 2061 2570 2114 in
2611 2068 2906 2134 pastorem.
2939 2059 3052 2132 Ego
3099 2069 3277 2116 autem
3319 2060 3578 2117 Dominus

2009 2170 2104 2210 ero
2137 2155 2216 2210 eis
2256 2154 2308 2208 in
2363 2153 2534 2208 Deum
2563 2172 2576 2207 :
2608 2159 2662 2208 et
2690 2168 2882 2209 servus
2915 2169 3069 2208 meus
3109 2153 3275 2207 David
3324 2155 3580 2225 princeps

2009 2249 2063 2303 in
2089 2245 2269 2302 medio
2292 2262 2480 2302 eorum
2514 2261 2650 2318 :ego
2684 2245 2946 2302 Dominus
2981 2245 3194 2302 locutus
3221 2262 3360 2302 sum.
3396 2246 3458 2299 Et
3496 2247 3578 2301 fa-

2007 2339 2148 2394 ciam
2176 2353 2300 2392 cum
2335 2336 2502 2391 David
2537 2345 2753 2408 pactum
2783 2352 3006 2400 novum,
3039 2347 3254 2408 paetum
3279 2338 3428 2408 pacis
3449 2340 3511 2392 ¹⁸.
3554 2358 3573 2391 ι

2005 2425 2125 2482 Jam
2163 2428 2291 2482 alibi
2352 2429 2659 2482 nuntiatum
2690 2427 2986 2498 prophetiis
3036 2426 3203 2481 David
3245 2443 3354 2482 non
3411 2428 3578 2482 alium

2007 2533 2130 2573 esse
2158 2517 2500 2572 ostendimus
2534 2532 2598 2572 ac
2629 2533 2658 2572 e
2689 2518 2893 2573 semine
2925 2515 3090 2571 David
3121 2524 3300 2571 ortum
3333 2511 3580 2572 Salvat0~
3609 2511 3617 2521 '

2007 2625 2119 2664 rem
2153 2616 2438 2675 nostrum;
2474 2608 2561 2663 hic
2591 2624 2810 2679 quoque
2839 2609 2906 2664 de
2943 2609 3133 2663 eodem
3176 2608 3321 2664 hunc
3372 2609 3577 2679 accipi-

2008 2717 2129 2756 mus
2160 2700 2359 2756 locum.
2397 2700 2532 2767 Quis
2575 2701 2720 2756 enim
2753 2701 2895 2757 alius
2935 2709 3079 2757 esset
3124 2700 3336 2757 Domini
3385 2717 3579 2772 pecora

1999 2791 2344 2864 judicaturus
2389 2801 2773 2863 pasturusque,
2807 2793 2914 2848 nisi
2971 2795 3124 2850 solus
3151 2795 3328 2849 bonus
3360 2793 3576 2859 Pastor,

2007 2882 2098 2952 qui
2125 2897 2234 2936 non
2267 2885 2596 2954 contempsit
2629 2885 2877 2954 dispersa
2900 2893 2954 2940 et
2985 2885 3196 2956 perdita
3220 2886 3288 2941 ab
3323 2886 3580 2941 adversa-

332 2973 438 3026 ὑπὸ
471 2974 578 3026 τῶν
609 2976 995 3047 ἀντικειμένων
1023 2978 1302 3050 δυνάμεων
1325 2980 1391 3032 τά
1417 2980 1608 3048 λογικὰ
1641 2981 1740 3050 τῆς
1771 2983 1904 3048 ἰδίας

2007 2973 2105 3028 riis
2137 2975 2496 3043 potestatibus
2528 2975 2832 3046 spiritualia
2861 2977 3069 3046 proprii
3104 2977 3275 3047 ipsius
3303 2977 3461 3032 ovilis
3488 2994 3580 3046 pc-

330 3065 496 3120 αὐτοῦ
532 3067 762 3138 ποίμνης
790 3070 1055 3139 πρόϐατα,
1087 3072 1220 3126 ἀλλὰ
1252 3073 1362 3137 θεὶς
1387 3073 1482 3145 τὴν
1515 3074 1706 3126 ἑαυτοῦ
1729 3073 1904 3147 ψυχὴν

2007 3077 2156 3126 cora,
2186 3063 2282 3118 sed
2315 3065 2548 3118 animam
2591 3081 2746 3120 suam
2789 3082 2888 3136 pro
2927 3083 3114 3122 eorum
3151 3069 3324 3123 salute
3357 3070 3576 3138 posuit;

331 3157 473 3226 ὑπὲρ
499 3161 596 3229 τῆς
629 3160 806 3214 αὐτῶν
850 3163 1142 3234 σωτηρίας,
1185 3157 1259 3218 ὧν
1304 3165 1536 3238 ἄρχοντα
1568 3168 1596 3219 6
1633 3166 1764 3229 Θεὸς
1809 3168 1904 3221 καὶ

2007 3168 2279 3224 quemque
2313 3153 2456 3211 Deus
2488 3163 2542 3210 et
2583 3153 2743 3210 Pater
2767 3156 2886 3226 ejus
2918 3157 3217 3227 principem
3248 3172 3435 3212 eorum
3455 3167 3579 3227 post

332 3248 524 3320 Πατὴρ
565 3250 728 3305 αὐτοῦ
778 3256 1140 3326 καταστήσειν
1191 3256 1581 3325 ἐπαγγέλλεται
1627 3257 1764 3329 μετὰ
1817 3259 1904 3314 τὸν

2007 3245 2197 3316 judicii
2226 3256 2438 3318 tempus
2473 3249 2788 3312 constituet,
2840 3249 3078 3304 initurus
3127 3265 3251 3303 cum
3311 3265 3376 3304 eo
3430 3251 3579 3320 pacis

330 3340 564 3412 apicem;
581 3345 790 3416 καιρὸν.
813 3345 1199 3418 διαθησόμενος
1217 3349 1365 3420 αὐτῷ
1387 3349 1650 3421 διαθήκην
1665 3352 1906 3422 εἰρήνης,

329 3431 440 3492 ὅτε,
467 3431 840 3500 ὑποταγέντων
877 3435 1022 3505 αὐτῷ
1057 3437 1165 3490 τῶν
1196 3438 1424 3510 ἐχθρῶν,
1448 3440 1669 3511 ἔσχατος
1692 3443 1908 3496 πάντων

333 3523 427 3575 καὶ
460 3524 619 3588 αὐτὸς
640 3526 668 3577 ό
701 3525 796 3579 νῦν
828 3528 1201 3597 ἀντικείμενος
1230 3529 1306 3602 τῷ
1343 3531 1485 3603 λόγῳ
1526 3534 1618 3586 καὶ
1649 3536 1715 3605 τῇ
1751 3533 1910 3604 σοφίᾳ

331 3613 424 3665 καὶ
454 3617 520 3686 τῇ
559 3617 669 3688 ζωῇ
701 3617 931 3684 θάνατος
964 3620 1472 3692 καταργηθήσεται;

833 3728 1230 3780 ΚΕΦΛΛΑΙΟΝ
1270 3727 1407 3782 MA'.

950 3818 1059 3872 Τοῦ
1087 3819 1295 3874 αὐτοῦ.

409 3925 430 3958 ι
463 3907 599 3960 Τάδε
636 3907 782 3976 λέγει
816 3909 1050 3980 Κύριος,
1091 3910 1219 3964 Ἰδοὺ
1241 3949 1256 3973 ,
1291 3908 1400 3978 ἐγὼ
1443 3910 1701 3981 λαμϐάνω
1732 3910 1908 3966 πάντα

330 3994 477 4053 οἷκον
538 4000 750 4070 Ἰσραὴλ
781 4002 844 4053 ἐκ
888 4001 1052 4071 μέσου
1107 4001 1213 4055 τῶν
1247 4001 1432 4066 ἐθνῶν,
1485 3997 1544 4056 οὗ
1593 4002 1907 4074 εἰσήλθοσαν

329 4091 466 4154 ἐκεῖ,
499 4093 592 4146 καὶ
623 4091 836 4159 συνάξω
876 4093 1071 4156 αὐτοὺς
1119 4095 1198 4156 είς
1233 4094 1332 4162 τὴν
1372 4094 1474 4162 γῆν
1505 4093 1596 4147 τοῦ
1647 4094 1860 4166 Ἰσραὴλ
1888 4135 1904 4160 ,

330 4182 424 4236 καὶ
455 4181 609 4236 δώσω
637 4183 830 4248 αὐτοὺς
851 4186 932 4248 εἰς
967 4183 1092 4256 ἔθνη
1135 4187 1193 4237 ὲν
1233 4187 1298 4255 τῇ
1333 4187 1402 4255 γῇ
1433 4203 1555 4256 μου,
1591 4187 1682 4238 καὶ
1711 4188 1766 4240 ἐν
1798 4189 1906 4250 τοῖς

327 4276 512 4346 ὄρεσιν
545 4277 772 4348 Ἰσραήλ·
805 4280 897 4330 καὶ
934 4278 1116 4348 ἄρχων
1157 4271 1238 4341 εἷς
1273 4276 1422 4330 ἔσται
1456 4278 1654 4342 αὐτῶν,
1688 4279 1779 4332 καὶ
1808 4279 1905 4334 οὐκ

329 4367 541 4421 ἔσονται
573 4369 755 4422 οὐκέτι
785 4372 864 4433 εἰς
905 4369 998 4423 δύο
1030 4369 1178 4441 ἔθνηο
1215 4369 1325 4422 οὐδ’
1362 4371 1422 4422 οὐ
1458 4370 1531 4441 μὴ
1563 4370 1906 4441 διαιρεθῶσιν

328 4461 409 4523 εἰς
437 4461 530 4514 δύο
556 4460 853 4531 βασιλείας,
877 4463 964 4516 ἵνα
991 4463 1064 4534 μὴ
1093 4462 1501 4533 μιαίνωνταιέτι
1528 4465 1584 4516 ὲν
1609 4467 1718 4528 τοῖς
1751 4465 1905 4518 εἰδώ-

2011 3348 2252 3409 pactum,
2277 3354 2401 3394 cum
2449 3341 2684 3396 subditis
2717 3341 2822 3412 ipsi
2853 3342 3090 3397 inimicis
3124 3343 3264 3410 suis,
3305 3351 3578 3413 postrema

2008 3431 2249 3484 omnium
2275 3439 2437 3502 atque
2478 3432 2699 3498 rationi,
2729 3441 2782 3489 et
2827 3433 3128 3503 sapientiae,
3151 3444 3204 3488 et
3238 3434 3359 3489 vitae
3387 3434 3580 3490 adver-

2007 3535 2068 3575 sa
2101 3536 2250 3577 mors
2279 3521 2584 3578 delebitur?

2623 3720 2850 3778 CAPUT
2875 3720 3010 3778 XLI.

2639 3813 2725 3867 Ea:
2745 3815 2946 3870 eodem.

2084 3922 2102 3956 ι
2149 3903 2272 3960 Hinc
2304 3905 2438 3960 dicit
2493 3905 2756 3962 Dominus
2784 3926 2797 3961 :
2829 3905 2968 3962 Ecce
3001 3921 3100 3977 ego
3131 3920 3406 3961 assumam
3460 3922 3579 3962 om-

2008 4015 2128 4053 nem
2175 3999 2396 4054 domum
2442 3997 2606 4054 Israel
2653 3999 2721 4054 de
2767 3999 2946 4054 medio
2997 3999 3300 4062 nationum,
3333 3998 3400 4052 ad
3441 4015 3579 4069 quas

2007 4092 2293 4148 abierunt:
2345 4100 2401 4147 et
2437 4092 2778 4164 congregabo
2833 4108 2928 4148 eos
2968 4093 3206 4162 undique
3258 4091 3312 4146 in
3376 4102 3577 4145 terram

2007 4182 2195 4250 Israel,
2221 4192 2275 4240 et
2305 4183 2498 4238 faciam
2530 4199 2627 4240 eos
2679 4185 2734 4238 in
2777 4193 2992 4255 gentem
3029 4198 3188 4237 uuam
3217 4183 3271 4236 in
3295 4191 3436 4238 terra
3460 4197 3578 4236 mea

2007 4285 2060 4331 et
2091 4277 2142 4330 in
2174 4278 2450 4332 montibus
2474 4277 2662 4341 lsrael,
2699 4286 2752 4333 et
2781 4295 2870 4333 rex
2895 4294 3036 4333 unus
3065 4279 3170 4332 erit
3199 4277 3454 4331 omnibus
3478 4276 3579 4330 im-

2008 4385 2206 4438 perans
2244 4390 2256 4424 :
2292 4379 2346 4424 et
2375 4386 2483 4425 non
2528 4379 2688 4426 erunt
2729 4373 2869 4425 ultra
2923 4371 3044 4425 duae
3093 4379 3303 4440 gentes,
3355 4385 3456 4424 nec
3495 4368 3580 4422 di-

2009 4463 2264 4516 videntur
2322 4463 2556 4532 amplius
2603 4463 2657 4516 in
2708 4464 2818 4518 duo
2865 4479 3051 4534 regna.
3091 4461 3274 4532 Neque
3333 4461 3577 4530 polluen-

327 4553 440 4617 λοις
458 4554 655 4608 αὐτῶν·
686 4555 778 4608 καὶ
814 4555 1045 4626 ῥύσομαι
1069 4557 1264 4619 αὐτοὺς
1293 4555 1400 4608 ἀπὸ
1438 4555 1624 4609 πασῶν
1651 4556 1760 4611 τῶν
1783 4559 1904 4610 avo-

2010 4560 2096 4604 tur
2127 4553 2270 4605 ultra
2317 4552 2371 4605 in
2415 4551 2578 4607 idolis
2614 4553 2769 4608 suis:
2810 4560 2863 4608 et
2897 4553 3078 4607 salvos
3126 4567 3219 4606 eos
3281 4549 3476 4605 faciam
3512 4549 3580 4603 de

330 4643 469 4716 μιῶν
494 4639 786 4708 αὑτῶν,ῶν
808 4647 1052 4717 ἥμαρτον
1077 4645 1136 4717 (Γ.
1171 4647 1260 4714 58)
1294 4648 1349 4700 ὲν
1375 4647 1583 4710 αὐταῖς,
1614 4649 1707 4701 καὶ
1738 4649 1905 4702 καθα-

331 4735 434 4807 ριῶ
471 4737 666 4800 αὐτοὺς
721 4737 832 4791 ἀπὸ
871 4737 1059 4792 πασῶν
1103 4739 1212 4791 τῶν
1259 4740 1541 4813 αμαρτιῶν
1587 4739 1786 4807 αὐτῶν,
1827 4735 1904 4795 ὧν

326 4830 570 4901 ἥμαρτον
603 4832 660 4882 ἐν
693 4832 913 4898 αὑταῖς,
948 4832 1041 4884 καὶ
1071 4832 1316 4902 καθαριῶ
1361 4835 1577 4898 αὐτοὺς,
1622 4835 1715 4888 καὶ⁹
1751 4834 1900 4889 ἔσον-

325 4921 415 4974 ταί
445 4939 534 4992 μοι
563 4924 641 4985 εἰς
673 4921 819 4987 λαὸν,
867 4925 960 4976 καὶ
993 4922 1102 4991 ἐγὼ
1137 4923 1338 4994 Κύριος
1369 4924 1564 4995 ἔσομαι
1599 4928 1778 4990 αὐτοῖς
1821 4929 1900 4992 εἰς

327 5013 476 5068 θεόν.
515 5017 622 5072 Καὶ
652 5018 680 5069 6
698 5015 878 5080 δοῦλός
916 5034 1016 5086 μου
1046 5015 1207 5070 Δαυῖδ
1239 5016 1421 5086 ἄρχων
1451 5019 1509 5070 ὲν
1537 5019 1685 5090 μέσῳ
1721 5019 1899 5073 αὐτῶν

325 5105 477 5159 ἔσται
510 5108 710 5178 ποιμὴν
761 5102 841 5172 εἷς
889 5108 1102 5163 πάντων
1127 5151 1142 5174 ,
1175 5111 1256 5164 ὅτι
1288 5113 1343 5163 ἐν
1378 5113 1490 5173 τοῖς
1518 5111 1898 5182 προστάγμασι

329 5215 431 5270 μου
459 5200 830 5270 πορεύσονται,
862 5203 955 5255 καὶ
977 5203 1042 5256 τὰ
1070 5202 1314 5274 κρίματά
1337 5221 1437 5274 μου
1460 5203 1782 5273 φυλάξουσιν
1805 5205 1898 5259 καὶ

325 5291 638 5361 ποιήσουσιν
667 5293 826 5356 αὐτὰ,
859 5295 952 5348 καὶ
982 5297 1391 5367 κατοικήσουσιν
1421 5296 1512 5350 ἐπὶ
1539 5298 1636 5366 τῆς
1660 5297 1763 5366 γῆς
1786 5337 1798 5355 .
1829 5297 1896 5366 ἣν

325 5382 437 5453 ἐγὼ
461 5385 666 5440 δέδωκα
693 5386 770 5457 τῷ
785 5387 954 5459 δούλῳ
981 5407 1080 5459 μου
1117 5388 1328 5454 Ἰακὼϐ,
1359 5385 1418 5443 οὗ
1445 5387 1767 5458 κατῴκησαν
1783 5387 1899 5440 ἐκεῖ

323 5479 374 5530 οἱ
410 5479 641 5551 πατέρες
674 5480 876 5546 αὐτῶν,
923 5482 1017 5534 καὶ
1051 5483 1463 5552 κατοικήσουσιν
1489 5483 1576 5535 ἐπ’
1609 5482 1776 5552 αὐτῆς
1800 5481 1895 5534 ab-

324 5568 404 5621 τοί
431 5585 446 5600 ο
496 5571 588 5623 καὶ
629 5571 789 5624 Δαυῒδ
837 5574 865 5626 6
905 5571 1086 5636 δοῦλός
1123 5589 1222 5642 μου
1265 5572 1445 5644 ἄρχων
1482 5572 1660 5626 αὐτῶν
1692 5573 1771 5633 εἰς
1807 5570 1896 5624 τὸν

324 5659 513 5716 αἰῶνα.
544 5663 654 5716 Καὶ
683 5662 1009 5734 διαθήσομαι
1029 5665 1211 5730 αὐτοῖς
1235 5665 1497 5737 διαθήκην
1523 5665 1764 5737 εἰρήνης,
1804 5663 1895 5716 καὶ

395 5774 437 5807 ¹⁵
464 5772 657 5832 Ezecb.
686 5792 870 5845 xxxiv,
902 5777 1086 5833 ΞΟ-Ξῦ.

2010 4641 2283 4696 universis
2307 4641 2548 4708 sedibus,
2572 4642 2625 4696 in
2660 4643 2860 4713 quibus
2899 4650 3284 4710 peccaverunt,
3303 4648 3358 4696 et
3386 4655 3581 4695 emun-

2009 4731 2150 4786 dabo
2179 4747 2274 4786 eos
2311 4750 2324 4786 :
2361 4739 2414 4786 et
2461 4739 2624 4787 erunt
2677 4732 2809 4786 mihi
2863 4733 3117 4802 populus,
3154 4738 3207 4785 et
3243 4746 3345 4800 ego
3374 4745 3469 4784 ero
3497 4728 3581 4783 eis

2009 4823 2170 4880 Deus.
2195 4824 2260 4879 Et
2288 4841 2481 4880 servus
2505 4841 2660 4880 meus
2683 4824 2848 4878 David
2868 4839 2961 4879 rex
2991 4839 3155 4893 super
3176 4839 3291 4887 eos,
3310 4831 3363 4877 et
3393 4829 3581 4890 pastor

2009 4934 2150 4973 unus
2193 4919 2297 4973 erit
2325 4919 2568 4973 omnium
2601 4933 2788 4972 eorum
2824 4935 2838 4972 :
2875 4919 2929 4972 in
2965 4917 3187 4986 iudiciis
3214 4916 3351 4971 meis
3385 4914 3581 4968 ambu-

2007 5013 2216 5072 labunt.
2250 5018 2304 5066 et
2336 5011 2590 5064 mandata
2625 5026 2743 5062 mea
2787 5009 3116 5077 custodient,
3154 5016 3208 5064 et
3244 5009 3451 5065 facient
3492 5025 3577 5065 ea.

2007 5103 2071 5157 Et
2101 5104 2424 5158 habitabunt
2456 5119 2621 5173 super
2653 5112 2880 5166 terram,
2931 5119 3092 5172 quam
3117 5101 3242 5158 dedi
3267 5117 3428 5158 servo
3459 5118 3582 5158 meo

2003 5194 2193 5260 Jacob,
2223 5199 2277 5250 in
2301 5213 2406 5266 qua
2440 5197 2817 5251 habitaverunt
2849 5207 3032 5267 patres
3058 5196 3221 5250 vestri
3247 5213 3262 5251 :
3287 5205 3340 5251 et
3363 5195 3580 5251 habita-

2007 5291 2141 5346 bunt
2171 5306 2332 5361 super
2361 5306 2479 5345 eam
2511 5289 2636 5360 ipsi,
2661 5299 2712 5346 et
2759 5291 2852 5344 ﬁlii
2873 5307 3086 5354 eorum,
3128 5298 3182 5346 et
3215 5291 3309 5344 lilii
3340 5290 3577 5345 ﬁliorum

2003 5397 2214 5443 eorum,
2257 5396 2426 5450 usque
2464 5381 2518 5435 in
2565 5383 2952 5451 sempiternum
3012 5401 3024 5436 :
3073 5392 3127 5436 et
3167 5381 3336 5437 David
3388 5397 3581 5438 servus

2005 5487 2159 5526 meus
2197 5471 2450 5541 princeps
2479 5486 2668 5526 eorum
2703 5472 2756 5524 in
2805 5479 3144 5541 perpetuum.
3176 5469 3244 5523 Et
3275 5472 3577 5541 percutiam

2005 5564 2112 5620 illis
2166 5563 2345 5622 fmdus
2397 5565 2574 5636 pacis,
2607 5572 2825 5636 pactum
2869 5567 3270 5636 sempiternum
3299 5565 3404 5622 erit
3433 5567 3514 5621 eis
3558 5585 3572 5620 :

2003 5666 2056 5715 et
2089 5657 2326 5716 fundabo
2349 5674 2463 5726 eos,
2489 5665 2541 5714 et
2571 5659 2967 5731 multiplicabo,
2997 5666 3049 5714 et
3091 5657 3233 5716 dabo
3266 5659 3548 5716 sanctiﬁca
