4096 6412
582 350 714 408 “?!
1303 352 1571 409 EUSEBII
1607 350 2083 413 CIESARIENSIS
2121 357 2272 415 OPP.
2312 357 2494 413 PARS
2531 358 2616 416 111.
2648 358 3146 417 —EXEGETICA.
3672 364 3793 425 “72

579 469 779 523 tionem
816 483 990 524 meam
1017 468 1070 523 in
1090 468 1271 525 medio
1295 484 1487 525 eorum
1508 472 1562 524 in
1599 482 1953 541 perpetuum;
1983 482 2035 529 et
2062 475 2165 530 erit
2192 529 2196 538 ,

2192 484 2239 539 Α
2265 477 2495 550 διαθήκη
2522 477 2737 541 αἰώνιος
2766 476 2918 531 ἔσται
2950 475 3067 547 μετ’
3090 473 3292 529 αὐτῶνη
3322 478 3412 529 καὶ
3434 476 3572 550 θήσω
3593 478 3655 533 τὰ
3681 483 3791 550 ἅγιά

578 562 991 615 tabernaculum
1052 577 1233 617 meum
1294 563 1350 617 in
1382 563 1463 618 eis
1495 583 1508 618 :
1540 573 1595 619 et
1652 580 1747 620 ero
1803 566 1883 621 eis
1911 565 2075 631 Deus,
2107 575 2161 623 et

2268 567 2457 639 μου’έν
2487 570 2634 641 μέσῳ
2659 568 2837 623 αὐτῶν
2857 570 2937 630 είς
2961 567 3053 621 τὸν
3074 564 3264 631 αἰῶνα,
3303 567 3395 620 καὶ
3417 566 3559 622 ἔσται
3592 570 3624 640 ή
3650 587 3792 625 κατα-

578 653 681 723 ipsi
714 663 877 710 erunt
905 655 1039 709 mihi
1089 655 1345 733 populus.
1377 654 1443 710 Et
1475 657 1651 713 scient
1680 668 1867 729 gentes
1900 660 2027 730 quia
2058 675 2160 731 ego

2267 659 2533 729 σκήνωσίς
2560 676 2658 731 μου
2684 661 2740 713 ἐν
2760 646 2963 722 αὐτοῖς,
2988 658 3084 712 καὶ
3114 657 3327 710 ἔσονταί
3349 674 3435 729 μοι
3463 660 3537 722 είς
3559 659 3693 724 λαὸν,
3713 663 3793 715 καὶ

574 746 842 803 Dominus
875 750 1252 806 sanctiﬁcator
1275 750 1464 817 Israel,
1497 769 1623 807 cum
1648 753 1812 808 fuerit
1845 754 2157 809 sanctiﬁca-

2264 746 2375 817 ἐγὼ
2403 748 2595 821 ἐσομαι
2629 750 2812 813 αὐτοῖς
2849 751 2930 813 είς
2958 748 3111 804 Θεόν.
3156 749 3268 803 Καὶ⁸
3290 748 3574 817 γνώσονται
3594 749 3660 804 τὰ
3683 751 3792 823 ἔθνη

575 837 652 890 tio
683 853 800 892 mea
863 839 919 892 in
953 839 1132 894 medio
1175 856 1365 896 eorum
1419 842 1473 898 in
1525 852 1846 913 perpetuum
1875 844 1939 899 ¹⁸.
1981 864 2000 896 ι
2029 844 2159 901 Post

2263 841 2345 894 δτι
2367 840 2475 910 ἐγώ
2501 843 2615 912 είμι
2638 841 2843 913 Κύριος
2862 842 2891 894 ό
2913 840 3151 910 ἁγιάζων
3178 842 3395 909 αὐτοὺς,
3428 844 3483 895 ἐν
3500 842 3574 915 τῷ
3598 839 3792 900 εἶναιτὰ

574 928 939 998 dispersiouis
977 932 1281 1002 spiritualis
1318 936 1543 1004 verique
1571 935 1737 990 Israel
1772 938 2155 1008 congregatio-

2263 934 2395 1004 ἆγιά
2434 953 2533 1006 μου
2559 937 2616 988 ἐν
2650 936 2797 1006 μέσῳ
2827 934 3003 988 αὐτῶν
3035 936 3116 998 είς
3151 934 3243 988 τὸν
3266 933 3454 989 αίῶνα.
3490 954 3507 985 ι
3548 936 3688 989 Μετὰ
3709 936 3794 1008 τὴν

473 1022 476 1026 λ
572 1037 721 1084 nem,
753 1031 807 1076 et
850 1031 973 1093 post
1012 1026 1352 1095 perditarum
1400 1026 1596 1084 domus
1644 1026 1814 1084 Israel
1861 1031 2089 1084 oviumi

2260 1027 2362 1098 τῆς
2404 1027 2701 1099 διασπορᾶς
2742 1026 2836 1080 τοῦ
2891 1027 3261 1099 πνευματικοῦ
3302 1028 3394 1080 καὶ
3433 1027 3668 1099 ἀληθινοῦ
3706 1030 3794 1084 Ἰσ-

570 1113 907 1179 ventiouetn,
947 1117 1285 1186 plenitudine
1315 1122 1559 1191 gentium
1592 1133 1991 1186 consummata,
2025 1134 2157 1180 tunc

2266 1121 2402 1194 ραὴλ
2429 1120 2867 1192 ἐπισυναγωγὴν,
2909 1121 3004 1173 καὶ
3035 1120 3301 1191 μεταιτην
3327 1118 3535 1191 εὕρεσιν
3557 1119 3657 1172 τῶν
3704 1122 3797 1175 ὰπ-

570 1205 837 1262 Dominus
888 1209 1004 1279 ipse
1041 1209 1225 1265 futuro
1268 1212 1390 1281 ejus
1446 1214 1646 1283 populo
1694 1228 1754 1269 se
1804 1214 1918 1270 fore
1960 1214 2153 1281 Deum,

2260 1213 2535 1267 ολωλότων
2570 1212 2859 1286 προϐάτων
2898 1211 3046 1266 οἴκου
3088 1211 3322 1285 Ἰσραὴλ,
3340 1210 3433 1264 τοῦ
3471 1210 3797 1283 πληρώματος

569 1298 797 1369 ejusque
843 1316 1060 1362 servum
1107 1301 1273 1357 David
1320 1304 1620 1381 principem
1651 1307 2076 1362 constituturum
2099 1308 2154 1363 in

2260 1301 2366 1357 τῶν
2393 1301 2560 1357 ἐθνῶν
2586 1302 3118 1374 προεισεληλυθότος,
3143 1300 3441 1373 τηνικαῦτα
3466 1303 3495 1354 ὁ
3514 1301 3699 1373 Κύριος
3720 1303 3796 1355 αὖ.

568 1392 747 1447 medio
791 1408 1004 1457 eorum,
1042 1394 1133 1464 qui
1177 1406 1363 1465 pascet
1414 1411 1509 1451 eos
1556 1404 1610 1449 et
1654 1396 2024 1459 dominabitur
2073 1398 2154 1454 eis

2260 1390 2351 1453 τὸς
2375 1390 2471 1460 μὲν
2496 1388 2712 1443 ἔσεσθαι
2740 1392 2820 1455 είς
2850 1390 2985 1445 Θεὸν
3006 1390 3084 1462 τῷ
3122 1390 3362 1462 ἐσομένῳ
3389 1390 3548 1445 αὐτοῦ
3576 1391 3699 1463 λαῷ,
3718 1391 3796 1446 τὸν

569 1498 679 1545 non
713 1498 885 1553 parvo
918 1493 971 1539 et
1019 1468 1187 1540 brevi.
1212 1496 1475 1557 tempore,
1507 1487 1603 1542 sed
1647 1490 1701 1543 in
1739 1490 2150 1560 sempiternum,

2257 1482 2315 1536 δὲ
2342 1481 2526 1535 δοῦλον
2547 1480 2709 1535 αὑτοῦ
2745 1482 2908 1536 Δαυῒδ
2951 1484 3188 1554 ἄρχοντα
3224 1482 3411 1554 θήσειν
3440 1485 3497 1536 ἐν
3530 1482 3670 1555 μέσῳ
3714 1483 3795 1537 αὺ-

568 1574 879 1644 pollicetur.
915 1573 1246 1633 Existiment
1272 1577 1460 1646 igitur,
1502 1576 1649 1639 licet,
1672 1573 1843 1630 Judaei
1875 1576 2152 1631 hominem

2256 1576 2385 1640 τῶν,
2408 1574 2784 1647 ποιμανοῦντα
2814 1576 3016 1639 αὐτοὺς
3042 1575 3135 1628 καὶ⁸
3167 1575 3401 1648 ἄρχοντα
3426 1574 3598 1628 αὐτῶν
3620 1577 3709 1628 οὐκ
3722 1576 3794 1628 ἐπ’

566 1665 718 1737 illum
763 1663 931 1718 tilium
987 1663 1143 1721 Jesse
1195 1664 1482 1735 Scriptura
1528 1667 1883 1735 praanuutiari
1939 1667 2040 1733 eis,
2070 1681 2157 1720 re-

2257 1667 2435 1737 ὀλίγον
2470 1668 2565 1721 καὶ
2598 1666 2806 1739 βραχύν
2852 1684 2973 1720 τινα
3014 1668 3203 1740 χρόνον
3235 1665 3349 1721 ἀλλ’
3394 1667 3487 1719 ἐπὶ
3526 1667 3612 1721 τὸν
3647 1667 3792 1720 αἰῶνα

565 1773 731 1826 gnum
759 1757 880 1827 ejus
906 1765 1167 1813 terrestre
1194 1758 1298 1813 sibi
1336 1758 1621 1827 tingentes,
1655 1757 1859 1828 Deique
1880 1759 2151 1829 promissa

2259 1758 2617 1827 ὑπισχνεῖται.
2649 1756 2958 1811 Οίέσθωσαν
2993 1756 3091 1828 μὲν
3115 1753 3209 1811 οῦν
3247 1757 3338 1810 τὸν
3383 1755 3653 1828 ἄνθρωπον
3675 1757 3792 1811 ἐκεῖ·

565 1848 620 1909 iu
673 1849 1120 1919 corruptibilibus
1184 1851 1646 1920 terrestribusque
1684 1858 1739 1906 et
1786 1851 1971 1913 divina
2023 1860 2182 1921 pro-j

2181 1859 2222 1913 Β
2249 1866 2338 1903 νον
2367 1850 2459 1902 τὸν
2490 1848 2603 1902 υίὸν
2647 1847 2844 1916 Ἰεσσαὶ
2875 1847 3411 1917 κατεπαγγέλλεσθαι
3432 1848 3522 1902 τὸν
3543 1848 3687 1917 λόγον
3711 1849 3791 1901 αὑ-

565 1940 827 1996 tuissione
859 1941 1102 2012 indignis
1132 1949 1516 2013 ex5pectantes
1560 1962 1573 1997 :
1610 1957 1710 1997 nos
1751 1958 1884 1997 vero
1927 1943 2152 1999 minime

2251 1943 2363 2004 τοῖς
2394 1940 2443 1993 oi
2472 1940 2535 1993 ἐκ
2579 1939 2916 2011 περιτόμης,
2972 1938 3249 2009 βασιλείαν
3294 1939 3460 1994 αὐτοῦ
3510 1939 3793 2011 σωματικὴν

564 2046 867 2102 congruere
888 2048 1012 2087 cum
1035 2034 1236 2088 divinis
1262 2035 1573 2105 promissis,
1595 2051 1771 2105 neque
1793 2034 1861 2089 ad
1891 2034 2148 2091 Davidem

2251 2026 2408 2094 αὖθις
2435 2028 2862 2100 φανταζόμενοι,
2894 2031 2989 2083 καὶ
3016 2031 3116 2094 τὰς
3147 2032 3470 2102 ὑποσχέσεις
3497 2031 3585 2085 τοῦ
3613 2031 3732 2085 Θεοῦ
3744 2033 3792 2085 ἐν

565 2121 744 2189 ipsum
779 2130 1029 2191 spectare
1061 2139 1181 2193 qua:
1205 2126 1363 2194 quasi
1395 2124 1463 2179 de
1482 2140 1548 2179 eo
1567 2125 1715 2179 dicta
1747 2132 1894 2193 sunt,
1926 2113 2150 2195 persua-

2251 2123 2506 2195 φθαρτοῖς
2530 2123 2626 2177 καὶ
2657 2123 2863 2192 γηῖνοις
2895 2123 2989 2176 καὶ
3033 2122 3181 2188 θείας
3208 2124 3449 2190 ἀναξίοις
3471 2124 3793 2194 ἐπαγγελείας

563 2229 682 2265 sum
719 2214 1007 2280 habentes,
1035 2218 1149 2271 hare
1173 2217 1239 2272 de
1277 2215 1562 2274 Salvatore
1592 2217 1932 2300 Dominoque
1960 2230 2150 2275 nostro

2250 2217 2697 2289 καραδοκοῦντες·
2749 2217 2908 2288 ἡμεῖς
2957 2215 3013 2271 δὲ
3066 2217 3331 2290 μηδαμῶς
3378 2219 3628 2290 ἁρμόζειν
3677 2218 3790 2289 μήτε

559 2299 688 2357 Jcsu
716 2302 937 2358 Christo
962 2319 991 2360 e
1016 2307 1225 2361 semine
1254 2306 1375 2378 ejus
1408 2308 1711 2373 secundum
1745 2325 1967 2365 carnem
2006 2317 2151 2381 geni-

2250 2309 2422 2374 θείαις
2445 2311 2790 2382 ὑποσχέσεσι,
2822 2314 2958 2386 μήτε
3001 2310 3105 2384 μὴν
3136 2313 3214 2375 εἰς
3256 2312 3425 2365 αὑτὸν
3466 2310 3791 2381 ἀναφέρεσθαι

561 2404 617 2448 ιο
635 2396 961 2467 accipimus,
1000 2399 1319 2469 prophetias
1342 2400 1469 2454 huic
1487 2401 1658 2471 magis
1675 2404 1965 2459 convenire
1985 2418 2148 2474 quam

2248 2398 2339 2451 τὸν
2374 2400 2568 2466 Δαυῒδ,
2615 2402 2683 2456 τὰ
2714 2403 2791 2468 ῶς
2821 2402 2949 2473 περὶ
2982 2402 3146 2457 αὑτοῦ
3197 2400 3467 2472 λεγόμενα
3517 2400 3790 2472 πειθόμενοι

558 2489 636 2559 ζιςὶ
668 2488 835 2551 David
883 2499 1223 2561 reputantes,
1258 2492 1313 2546 in
1344 2494 1424 2548 eis
1474 2510 1596 2571 qua:
1626 2495 1783 2564 quasi
1818 2496 1885 2551 de
1916 2512 2148 2567 persona

2249 2493 2342 2545 ἐπὶ
2364 2493 2454 2546 τὸν
2487 2496 2551 2547 ἐκ
2581 2493 2890 2565 σπέρματος
2926 2492 3089 2548 αὐτοῦ
3114 2493 3206 2546 τὸν
3227 2493 3578 2567 κατὰκσὰρκα
3601 2493 3793 2564 γενόμε·

558 2577 726 2653 David
759 2581 813 2634 in
849 2583 1025 2637 sacris
1073 2580 1377 2654 Scripturis
1410 2585 1698 2655 leguntur;
1733 2585 1848 2641 haec
1885 2587 2140 2643 scilicet:

2249 2599 2337 2636 vov
2358 2584 2584 2656 Σωτῆρα
2612 2584 2705 2637 καὶ
2730 2584 2812 2638 Κύ
2823 2584 3104 2656 ριονὴμῶν
3142 2583 3349 2655 Ἰησοῦν
3373 2585 3601 2656 Χριστὸν
3616 2584 3789 2655 ἐκλαμ-

562 2690 581 2722 ι
628 2670 890 2728 Dominus
915 2674 1137 2729 dixitad
1176 2692 1264 2731 me
1291 2696 1304 2731 :
1338 2675 1511 2732 Filius
1544 2694 1697 2734 meus
1720 2695 1781 2735 es
1811 2687 1892 2745 tu,
1926 2696 2027 2751 ego
2050 2682 2148 2735 ho-

2249 2658 2531 2746 6ἁνωμεν,
2565 2676 2664 2739 τὰς
2714 2675 3047 2747 προφητείας
3096 2676 3269 2748 τούτῳ
3320 2676 3519 2747 μᾶλλον
3566 2675 3791 2749 ἁρμόζειν

554 2763 645 2820 die
681 2767 846 2834 genui
895 2776 946 2822 te
971 2768 1047 2833 ¹⁷;
1090 2787 1107 2820 ι
1142 2769 1421 2839 atqueilla
1460 2789 1475 2825 ι
1524 2789 1542 2822 ι
1584 2771 1906 2827 Constitues
1950 2788 2037 2827 me
2090 2771 2147 2827 in

2246 2766 2389 2837 ἥπερ
2418 2767 2609 2838 ἐκείνῳ
2634 2765 2713 2845 τῷ
2750 2766 2911 2820 Δαυῖδ
2941 2767 3175 2837 οἰόμενοι
3195 2809 3209 2833 ,
3236 2768 3307 2821 τὰ
3332 2769 3411 2832 ὡς
3451 2768 3515 2822 ἂν
3558 2771 3617 2822 ἐκ
3647 2784 3789 2841 προσ-

552 2864 717 2926 caput
763 2859 1024 2927 gentium,
1053 2880 1069 2912 ι
1105 2876 1226 2929 quae
1280 2862 1336 2915 in
1374 2860 1589 2917 decimo
1651 2864 1887 2933 septimo
1936 2864 2147 2935 psalmo

2245 2857 2396 2911 ώπου
2419 2857 2579 2913 Δαυῖδ
2609 2860 2665 2913 ἐν
2691 2862 2811 2923 ταῖς
2835 2861 3007 2933 ἱεραῖς
3032 2860 3275 2930 Γραφαίς
3308 2861 3653 2933 ἐμφερόμενα
3670 2878 3681 2891 ·
3700 2855 3790 2914 οἷόν

551 2946 813 3003 dicuntur
836 2950 913 3018 ‘3;
952 2952 1042 3006 ubi
1071 2968 1264 3009 rursus
1298 2955 1455 3024 quasi
1480 2953 1548 3009 de
1579 2954 1701 3025 ejus
1746 2970 1982 3025 persona
2015 2957 2148 3028 legi-

2247 2953 2391 3005 ἐστιν
2423 2950 2514 3016 τὸ,
2556 2972 2574 3004 ι
2612 2953 2817 3024 Κύριος
2849 2938 3001 3007 εἶπεν
3040 2954 3174 3026 πρὸς
3202 2953 3304 3025 μὲ,
3338 2954 3467 3018 Υἱός
3504 2971 3601 3025 μου
3637 2953 3683 3005 εἶ
3716 2953 3787 3005 σύ·

549 3056 707 3116 mus:
737 3061 755 3093 ι
779 3041 1021 3115 Populus
1051 3061 1211 3115 quem
1244 3062 1355 3100 non
1404 3048 1658 3124 cognovi,
1702 3049 1929 3103 servivit
1964 3049 2095 3102 mihi
2127 3067 2143 3116 ;

2246 3043 2355 3113 ἐγὼ
2384 3048 2623 3118 σήμερον
2646 3046 2952 3118 γεγέννηκά
2978 3063 3037 3099 σε
3055 3063 3068 3076 ·
3107 3066 3126 3098 ι
3162 3046 3256 3100 καὶ
3280 3047 3366 3111 τὸ,
3398 3065 3417 3099 ι
3450 3046 3790 3117 Καταστήσεις

549 3134 604 3207 in
638 3135 827 3190 auditu
859 3136 1008 3191 auris
1025 3137 1266 3192 obedivit
1296 3138 1430 3192 mihi
1456 3140 1521 3191 ι’.
1549 3158 1568 3191 ι
1592 3137 1665 3194 De
1686 3155 1796 3210 quo
1824 3140 1972 3195 enim
1997 3139 2144 3196 Deus

2249 3152 2317 3208 με
2349 3138 2429 3201 εὶς
2475 3138 2716 3210 κεφαλὴν
2759 3138 2945 3206 ἐθνῶν,
2984 3159 3003 3191 ι
3052 3137 3347 3211 λεγόμενον
3393 3144 3451 3194 ἐν
3496 3138 3558 3204 ιζ’
3596 3135 3786 3209 viguit}qu

547 3226 754 3301 dixisse
779 3228 1181 3299 existimandus
1215 3238 1299 3297 est
1326 3250 1338 3285 :
1366 3251 1384 3283 ι
1415 3230 1535 3305 Ipse
1560 3232 1833 3287 invocabit
1854 3231 2164 3299 me,Pater‘

2171 3216 2206 3274 Ε
2238 3225 2365 3279 ἔνθα
2417 3226 2577 3281 πάλιν
2624 3231 2699 3293 ὡς
2744 3230 2809 3282 ἐκ
2862 3228 3150 3300 προσώπου
3206 3230 3371 3283 αὐτοῦ
3427 3229 3662 3284 λέλεκται
3709 3226 3788 3292 τὸ,

546 3334 703 3373 meus
723 3334 783 3374 es
815 3326 873 3393 tu
894 3320 963 3384 ὀ,
996 3340 1014 3372 ›
1051 3328 1215 3391 atque
1246 3340 1257 3387 ;
1299 3340 1317 3372 ι
1349 3320 1414 3387 Et
1441 3310 1541 3393 ego
1576 3323 1995 3395 primogenitum
2033 3339 2136 3394 po-

2245 3336 2265 3369 r
2304 3318 2446 3383 Λαὸς
2476 3319 2535 3373 ὃν
2564 3321 2664 3373 οὐκ
2696 3319 2867 3390 ἔγνων
2895 3321 3173 3375 ἐδούλευσέ
3198 3339 3309 3392 μοι·
3353 3326 3435 3387 είς
3461 3322 3624 3394 ἀκοὴν
3650 3320 3788 3373 ὠτίου

545 3425 673 3463 nam
721 3426 845 3485 eum
879 3412 947 3473 ἰ,
988 3430 1007 3463 ι
1048 3412 1157 3487 nisi
1191 3411 1257 3466 de
1284 3409 1568 3466 Salvatore
1608 3420 1820 3477 nostro,
1852 3411 2137 3483 unigenito

2239 3411 2517 3483 ὑπήκουσέ
2562 3430 2685 3484 μου,
2727 3432 2745 3464 ι
2786 3413 2921 3484 Περὶ
2957 3414 3101 3479 τίνος
3139 3413 3195 3468 δὲ
3234 3414 3398 3469 ἄλλου
3444 3398 3695 3485 προσήκει
3722 3408 3787 3484 [ν]

543 3501 667 3568 ejus
700 3501 880 3558 Filio?
908 3502 1053 3569 Quid
1092 3505 1239 3559 enim
1275 3506 1553 3576 singulare
1594 3521 1705 3578 pm
1751 3506 1965 3571 caeteris
2004 3524 2134 3589 pro-

2236 3505 2327 3559 τὸν
2354 3504 2485 3557 Θεὸν
2512 3505 2740 3574 φάσκειν
2774 3506 3020 3559 ὑπονοεῖν
3048 3506 3128 3570 τὸ,
3151 3525 3193 3587 τι,
3231 3507 3407 3571 Αὐτὸς
3438 3499 3788 3559 ἐπικαλέσεταί

543 3593 726 3671 phetis
767 3594 1223 3665 justisque-viris
1270 3598 1451 3652 evenit
1504 3596 1712 3661 Davidi,
1760 3607 1819 3653 ut
1850 3580 2017 3671 quasi.
2067 3603 2136 3657 de

2240 3615 2329 3669 με,
2357 3598 2550 3670 Πατήρ
2581 3616 2681 3669 μου
2708 3591 2760 3651 εἴ
2788 3598 2874 3651 σύ’
2908 3618 2927 3651 ι
2969 3599 3065 3651 καὶ
3092 3580 3193 3662 τὸ(
3214 3619 3233 3650 ι
3277 3599 3454 3670 Κάγὼ
3481 3598 3786 3671 πρωτότοκον

548 3683 670 3753 ipso
699 3686 820 3741 solo
850 3686 1126 3742 diceretur
1169 3688 1748 3765 prophetizareturque
1791 3706 1914 3746 eum
1950 3708 2133 3763 regem

2236 3688 2477 3763 θήσομαι
2500 3691 2685 3754 αὑτὸν,
2719 3708 2737 3743 ι
2774 3689 2806 3762 ἢ
2836 3692 2964 3764 περὶ
2994 3690 3086 3744 τοῦ
3119 3690 3373 3764 Σωτῆρος
3407 3692 3562 3762 ήμῶν
3592 3688 3678 3742 τοῦ
3704 3705 3786 3760 μο-

544 3787 928 3834 surrecturum
980 3796 1103 3836 esse
1154 3789 1543 3859 pastoremque
1594 3781 1691 3839 Dei
1744 3786 1965 3840 ovium?
2006 3785 2132 3841 [hec

2234 3781 2483 3849 νογενοῦς
2512 3779 2703 3845 παιδὸς
2739 3779 2938 3845 αὑτοῦ;
2973 3780 3038 3833 Τί
3061 3779 3170 3852 γὰρ
3206 3777 3485 3851 ἐξαίρετον
3512 3779 3660 3851 παρὰ
3679 3776 3786 3838 τοὺς

542 3869 716 3940 igitur
746 3872 929 3925 omnia
958 3873 1228 3938 videntes,
1263 3883 1427 3945 atque
1474 3876 1626 3953 Isaia;
1666 3878 2009 3953 prophetiam
2058 3889 2135 3934 at-

2233 3872 2454 3938 λοιποὺς
2478 3874 2763 3945 προφήτας
2789 3890 2849 3926 τε
2872 3874 2966 3926 καὶ
2996 3872 3239 3935 δικαίους
3263 3871 3469 3942 ἄνδρας
3494 3866 3786 3941 κατωρθῶτο

540 3957 847 4032 tendentes,
896 3973 1018 4034 post
1050 3964 1270 4022 Davidis
1312 3958 1544 4023 mortem
1591 3950 1845 4024 haecalia
1883 3986 2132 4040 praenun-

2230 3965 2309 4037 τῷ
2338 3965 2517 4030 Δαυῒδ,
2544 3966 2620 4029 ὡς
2644 3983 2711 4018 πε
2722 3967 2772 4038 pi.
2800 3966 2961 4037 μόνου
2996 3964 3163 4018 αὑτοῦ
3194 3963 3372 4018 ταῦτα
3404 3962 3677 4033 λέγεσθαι,
3707 3957 3785 4011 καὶ

537 4055 763 4108 tlantem
794 4054 862 4110 de
908 4056 1134 4112 Christo
1170 4077 1182 4112 :
1224 4077 1243 4110 ι
1290 4057 1622 4130 Egredietur
1662 4061 1816 4131 virga
1846 4060 1913 4117 de
1943 4061 2129 4117 radice

2232 4058 2394 4111 αὑτὸν
2414 4056 2856 4130 προφητεύεσθαι
2890 4052 3046 4119 αὖθις
3075 4055 3480 4126 ἀναστήσεσθαι
3508 4051 3712 4124 βασιλέα
3734 4062 3783 4100 τε

533 4145 779 4221 Jesse.et
812 4147 912 4203 ﬂos
941 4148 1008 4204 de
1037 4148 1223 4219 radice
1253 4150 1374 4220 ejus
1405 4152 1699 4207 ascendet:
1729 4140 1784 4208 et
1814 4136 2126 4226 requiescet

2231 4152 2324 4202 καὶ
2351 4150 2438 4213 ποι
2446 4148 2582 4219 μένα
2596 4147 2705 4202 τῶν
2735 4146 2829 4201 τοῦ
2847 4145 2984 4200 Θεοῦ
3002 4144 3292 4217 προϐάτων
3310 4162 3325 4210 ;
3346 4144 3532 4198 Ταῦτα
3554 4142 3615 4213 δή
3632 4139 3784 4194 πάντα

533 4252 701 4306 super
726 4253 850 4292 eum
874 4237 1114 4307 Spiritus
1146 4239 1361 4294 Domini
1392 4244 1472 4308 ²²;
1512 4263 1531 4293 ι
1573 4250 1627 4297 et
1655 4258 1775 4312 qua:
1800 4226 2125 4317 sequuntur,

2230 4237 2593 4308 συνορῶντες,
2636 4237 2953 4306 ἐφιστάντες
2987 4240 3055 4308 τῇ
3092 4235 3184 4290 τοῦ
3238 4235 3465 4289 Ἡσαΐου
3509 4229 3785 4304 προφητείᾳ

533 4325 679 4381 sicut
721 4342 784 4381 ea
818 4342 1133 4399 quat-nune
1185 4339 1521 4399 scrutamur,
1557 4331 1624 4387 de
1682 4333 1803 4402 ipso
1854 4334 2015 4404 quasi
2059 4332 2127 4389 de

2230 4331 2367 4404 μετὰ
2400 4331 2501 4404 τὴν
2530 4330 2626 4387 τοῦ
2670 4330 2832 4386 Δαυῖδ
2870 4331 3125 4403 τελευτὴν
3168 4327 3619 4402 ἀνακηρυττούσῃ
3643 4324 3706 4378 τά
3732 4338 3782 4379 τε

532 4414 741 4470 Davide
774 4416 922 4471 dicta
949 4420 1307 4477 credidimus.
1345 4421 1508 4479 Solus
1538 4424 1687 4478 enim
1718 4424 1972 4481 Christus
2005 4404 2121 4492 Dei,

2226 4423 2360 4479 ἄλλα
2388 4424 2518 4496 περὶ⁸
2548 4423 2642 4476 τοῦ
2673 4423 2935 4494 Χριστοῦ,
2960 4426 3052 4477 καὶ
3082 4424 3176 4488 τὸ,
3218 4441 3237 4474 ι
3287 4420 3654 4487 Ἐξελεὺσεται
3703 4415 3785 4487 ῥά-

533 4511 909 4581 tnetaphorice
939 4512 1108 4581 David
1136 4512 1461 4591 appellatus,
1492 4518 1669 4573 bonus
1700 4527 1888 4588 pastor
1911 4518 2120 4574 iuveni-

2168 4564 2194 4619 )
2226 4515 2347 4579 ϐδος
2369 4516 2433 4568 ἐκ
2458 4515 2559 4586 τῆς
2576 4515 2732 4587 ῥίζης
2759 4514 2975 4581 Ἰεσσαὶ,
2998 4513 3091 4567 καὶ⁸
3115 4513 3273 4579 ἄνθος
3297 4516 3364 4566 ἐκ
3391 4512 3492 4583 τῆς
3513 4510 3661 4614 pisi};
3675 4509 3785 4607 dva:

527 4610 640 4667 tur,
673 4602 783 4657 dux
820 4614 873 4659 et
905 4605 1144 4660 salvator
1176 4598 1268 4659 Dei
1301 4608 1479 4677 gregis
1516 4615 1572 4661 et
1600 4606 1857 4660 Ecclesiae
1894 4605 2112 4674 factus;

2166 4594 2194 4619 u
2223 4597 2478 4679 ϐήσεται,
2520 4611 2614 4662 καὶ
2646 4608 3084 4663 ἐπαναπαῦσεται
3117 4608 3202 4659 ἐπ’
3235 4608 3400 4660 αὐτὸν
3447 4594 3663 4675 Πνεῦμα
3702 4596 3783 4653 τοῦ

526 4696 620 4768 qui
659 4713 752 4751 rex
786 4713 952 4768 super
984 4714 1199 4771 omnem
1242 4699 1582 4770 spiritualem
1637 4697 1802 4754 Israel
1851 4714 1882 4753 a
1950 4698 2115 4756 Patre

2223 4699 2285 4769 (f.
2323 4699 2413 4763 58,
2446 4701 2521 4771 νο)
2555 4700 2711 4753 Θεοῦ·
2752 4719 2771 4751 ι
2805 4700 2899 4753 καὶ
2922 4700 2989 4753 τὰ
3020 4698 3228 4762 τούτοις
3262 4697 3393 4769 ἑξῆς
3426 4696 3645 4756 εἰκότως
3672 4688 3784 4761 περὶ

526 4786 971 4855 constituendus,
998 4792 1177 4846 soluta
1199 4807 1229 4845 a
1250 4791 1478 4847 Domino
1509 4792 1697 4863 populi
1726 4791 1847 4861 ejus
1878 4793 2115 4863 captivi-

2217 4773 2312 4844 τοῦ
2344 4792 2507 4845 αὑτοῦ
2539 4792 2634 4844 καὶ
2661 4790 2730 4858 τὰ
2764 4790 2971 4856 ἐνθάδε,
3012 4790 3088 4853 ὡς
3117 4790 3246 4861 περὶ
3276 4786 3443 4842 Δαυϊδ
3476 4778 3784 4858 προφητευό-

524 4889 636 4939 tate
674 4882 900 4953 prophet
913 4884 1112 4938 izatur.

2222 4902 2376 4963 μενα,
2406 4884 2659 4954 λέγεσθαι
2684 4882 3043 4955 πεπείσμεθα.
3069 4882 3245 4945 Μόνος
3264 4882 3421 4953 γὰρό
3444 4878 3669 4951 Χριστὸς
3698 4869 3780 4926 τοῦ

523 4972 680 5037 Θεοῦ,
715 4977 855 5029 κατὰ
878 4977 978 5049 τὴν
1015 4978 1323 5049 μεταφορὰν
1348 4978 1447 5049 τῆς
1473 4979 1844 5052 προσηγορίας
1872 4981 1966 5034 καὶ
1994 4979 2157 5035 Δαυῖδ
2178 4966 2547 5054 χρηματίσας,
2610 4979 2815 5052 ποιμὴν
2882 4982 2910 5033 ό
2964 4978 3127 5042 καλὸς
3164 4976 3562 5040 ἀναδέδεικται,
3625 4973 3778 5043 ἀρχη-

521 5068 617 5135 γὸς
644 5070 738 5122 καὶ
766 5070 955 5143 Σωτὴρ
976 5071 1075 5141 τῆς
1092 5070 1184 5125 τοῦ
1200 5070 1334 5125 Θεοῦ
1356 5072 1589 5143 ποίμνης
1613 5090 1674 5124 τε
1704 5074 1798 5126 καὶ
1846 5073 2171 5145 Ἐκκλησίας
2207 5075 2589 5148 γεγενημένος·
2621 5075 2681 5139 ὃς
2715 5073 2963 5145 βασιλεὺς
2989 5073 3081 5127 ἐπὶ
3120 5073 3293 5127 πάντα
3329 5072 3425 5125 τὸν
3457 5067 3641 5141 νοητὸν
3681 5064 3770 5117 ’ῐσ-

524 5160 664 5231 ραὴλ
689 5160 794 5214 ὑπὸ
830 5162 925 5216 τοῦ
957 5164 1171 5235 Πατρὸς
1236 5163 1739 5237 κατασταθήσεσθαι
1774 5164 1913 5239 μετὰ
1975 5166 2037 5220 τὸ
2100 5168 2425 5243 ἐπιστρέψαι
2459 5167 2664 5241 Κύριον
2709 5169 2809 5239 τήν
2859 5165 3233 5238 αἰχμαλωσίαν
3277 5164 3376 5219 τοῦ
3437 5162 3569 5218 λαοῦ
3628 5152 3777 5214 αὐτοῦ

526 5268 949 5325 προφητευεται.

1097 5378 1328 5439 CAPUT
1379 5380 1538 5455 xcu,

2724 5378 3117 5434 ΚΕΦΑΛΑΙΟΝ
3153 5379 3285 5435 MB’.

1140 5472 1229 5527 Ea:
1259 5473 1503 5530 Dauiele.
2738 5475 2757 5528 ἱ

2738 5472 2871 5545 Ἀττζό
2900 5471 3006 5527 τοῦ
3029 5470 3269 5536 Δανιὴλ.

604 5556 730 5627 Ilaec
760 5558 947 5628 Daniel
978 5562 1113 5627 dicit
1151 5586 1164 5621 :
1202 5585 1221 5619 ι
1264 5567 1322 5622 lu
1353 5567 1547 5623 diebus
1591 5577 1772 5625 autem
1818 5584 2109 5641 regnorum

2291 5569 2485 5641 Δανιήλ
2512 5570 2658 5640 ἐστιν
2681 5566 2710 5618 ὁ
2746 5564 2990 5634 φάσκωψ
3033 5584 3051 5615 ι
3085 5564 3195 5624 Καὶ,
3226 5564 3282 5631 ἐν
3307 5564 3422 5626 τοῖς
3453 5560 3656 5633 χρόνοις
3672 5551 3769 5610 τῶν

608 5715 651 5745 ’⁸
676 5714 873 5771 Ezech.
900 5736 1108 5783 xxxvii,
1139 5721 1329 5780 21-28.
1407 5724 1447 5757 "
1480 5722 1621 5779 Psal.
1671 5741 1728 5787 II,
1767 5725 1817 5783 7.
1899 5727 1940 5757 "
1968 5727 2111 5784 Psal.
2139 5742 2156 5780 1

539 5783 635 5855 28.
714 5790 757 5820 ²²
787 5786 893 5844 Isa.
930 5806 1006 5855 ιι,
1046 5795 1108 5855 I,
1146 5791 1196 5846 '2.

2154 5742 2270 5793 Wll,
2299 5726 2385 5782 Η.
2467 5726 2508 5763 ¹⁹
2542 5726 2672 5800 ibid.
2709 5726 2796 5783 65.
2874 5728 2918 5760 ὀ
2944 5724 3092 5785 Psal.
3125 5739 3390 5790 txxxvm,
3415 5723 3507 5785 ‘27,
3580 5718 3622 5753 "
3650 5715 3771 5774 ibid-
