4070 6464
244 286 416 345 1-1τό
1395 298 1689 357 ECLOGA:
1731 298 2221 365 PROPHETICE.
2260 342 2330 352 —-
2364 310 2495 367 LIB.
2538 312 2581 368 I.

3478 324 3625 383 Il“

246 402 583 473 βασιλέων
652 414 948 485 ἀναστήσει
984 416 1014 469 ὀ
1053 414 1188 480 Θεὸς
1228 414 1324 469 τοῦ
1358 416 1590 489 ούρανοῦ
1645 417 1906 489 βασίλειαι

2028 423 2248 511 illorum
2287 427 2580 484 suscitabit
2612 427 2758 487 Deus
2779 432 2904 487 coeli
2936 434 3168 490 alterum
3209 452 3459 509 regnum,
3485 442 3631 511 quod

245 497 481 572 ἄλλην,
511 503 771 575 ἦτιςέἰς
803 509 930 573 τοὺς
944 507 1146 573 αἰῶνας
1168 508 1321 564 ἔσται
1351 512 1447 565 καί
1472 512 1533 564 οὐ
1558 511 1898 584 φθαρήσεται

2033 510 2089 565 in
2138 522 2403 570 aeternum
2453 517 2560 572 erit
2609 526 2666 574 et
2713 536 2822 577 non
2866 521 3250 596 dissipabitur,
3271 497 3353 586 "et
3401 497 3633 602 regnum

248 592 365 644 καὶ
410 593 593 669 αὕτη
635 601 672 671 η
699 598 944 670 βασιλεία
960 600 1087 656 ἄλλο
1116 601 1268 667 ἔθνος
1301 603 1363 656 ού
1403 602 1478 674 μὴ
1507 604 1667 677 ἐάσῃ.
1694 602 1901 670 πατάξε

2028 603 2152 668 ejus
2183 606 2339 663 alteri
2368 610 2573 680 popqu
2614 627 2724 667 non
2751 614 3038 673 tradetur:
3070 620 3407 678 comminuet
3448 634 3630 681 autem

246 680 317 736 δὲ
357 685 476 739 καὶ
515 688 796 760 ἀφανίσει
825 692 922 757 τὰς
948 692 1242 765 βασιλείας,
1276 695 1372 747 καὶ
1399 693 1537 766 αὐτὴ
1575 696 1906 767 στήσεταιείι

2031 706 2087 752 et
2134 711 2425 755 consumet
2464 701 2723 759 universa
2764 722 2931 778 regna
2980 709 3098 766 haec
3134 731 3148 766 :
3180 719 3235 767 et
3283 714 3463 785 ipsum
3511 727 3630 774 sta-

245 773 358 828 τδν
390 778 639 847 αἰῶνα,
662 783 914 857 καθάπερ
940 784 1191 857 ἑώρακας
1211 785 1272 851 ἐξ
1298 787 1457 859 ὅρους
1478 787 1756 859 τμηθέντα
1783 786 1906 841 λίθοη

2030 789 2110 846 bit
2158 789 2215 845 in
2260 800 2525 849 aeternum
2565 812 2579 849 :
2617 773 2919 854 secundum
2949 803 3096 872 quod
3128 773 3335 873 vidisti,
3368 809 3516 879 quod
3560 810 3631 867 de

249 866 407 924 ἄνευ
430 876 695 946 χειρῶν,
722 878 817 931 καὶ
844 878 1139 951 συνηλόησε
1165 879 1226 932 τὸ
1248 878 1535 951 ὄστρακον,
1560 878 1652 934 τὸν
1676 879 1793 952 σίδη
1801 896 1906 952 ρον,

2032 890 2217 939 monte
2271 885 2553 943 abscissus
2587 895 2672 943 est
2721 889 2860 961 lapis
2908 894 3030 950 sine
3078 897 3363 964 manibus,
3396 909 3450 956 et
3479 918 3632 959 com-

251 962 366 1017 καὶ
402 964 521 1018 τὸν
564 966 808 1039 χαλκὸν,
838 970 1050 1025 καὶτὸν
1078 972 1339 1043 ἄργυρον,
1377 971 1471 1026 καὶ⁵
1507 972 1597 1025 τὸν
1637 972 1860 1043 χρυσόν.
1904 1015 1906 1020 λ

2032 974 2233 1030 minuit
2282 983 2502 1041 testam,
2539 989 2592 1034 et
2628 980 2855 1048 ferrum,
2889 993 2943 1040 et
2990 1000 3088 1051 ars,
3116 994 3172 1043 et
3220 962 3533 1063 argentum,
3573 1002 3629 1051 et

255 1055 394 1110 Καὶ
414 1059 638 1115 ταῦτα
659 1064 787 1135 περὶ
818 1063 921 1134 τῆς
957 1064 1052 1117 ἐπὶ
1084 1064 1365 1136 συντελείᾳ
1396 1065 1506 1119 τῶν
1527 1064 1740 1119 αἰώνων
1771 1083 1905 1140 γενη

2033 1078 2228 1120 aurum
2263 1067 2328 1119 ’³.
2356 1087 2377 1121 ι
2411 1067 2479 1123 Et
2518 1070 2632 1126 bmc
2666 1072 2734 1128 de
2757 1073 2963 1131 Christi
3000 1078 3055 1133 in
3091 1055 3627 1143 consummationem

259 1151 555 1225 σομένης
593 1153 694 1209 τοῦ
727 1155 966 1228 Χριστοῦ
1012 1156 1291 1228 βασιλείας
1331 1156 1606 1230 δηλοῦται·
1643 1159 1671 1211 ό
1704 1158 1815 1231 γάρ
1844 1176 1906 1212 το

2033 1159 2218 1214 saeculi
2248 1176 2416 1232 regno
2455 1163 2788 1223 referuntur.
2819 1166 2987 1241 Lapis
3009 1173 3155 1228 enim
3181 1174 3249 1231 de
3279 1187 3467 1234 monte
3503 1179 3627 1238 sine

258 1241 465 1308 λίθος,
505 1247 543 1299 ὁ
572 1246 640 1313 ἐξ
679 1248 838 1320 ὅρους
862 1247 1094 1320 τμηθεὶς
1128 1250 1256 1304 ἄνευ
1293 1249 1515 1323 χειρῶν,
1546 1248 1815 1321 σύμϐολον
1850 1249 1906 1305 ἂι

2032 1252 2288 1307 manibus
2332 1254 2638 1325 abscissus,
2675 1260 2984 1333 symbolum
3020 1272 3168 1319 esset
3208 1264 3369 1324 Verbi
3405 1268 3523 1333 Dei,
3565 1278 3626 1326 ut

259 1335 363 1406 εἴη
403 1336 525 1390 τοῦ
559 1338 746 1407 Λόγου
777 1339 871 1394 τοῦ
912 1340 1048 1395 Θεοῦ
1071 1381 1086 1405 ,
1117 1342 1211 1395 καὶ
1236 1344 1295 1396 ὲν
1332 1340 1519 1405 ἄλλαις
1564 1340 1906 1413 προφητείαις

2032 1342 2087 1397 in
2138 1343 2262 1399 aliis
2301 1346 2612 1403 ostenditur
2660 1350 2965 1421 prophetiis
3010 1353 3099 1408 bis
3153 1356 3383 1415 verbis:
3418 1378 3438 1411 ι
3483 1359 3626 1418 Ecce

259 1426 447 1481 λίθου
486 1432 1079 1503 προσαγορευθέντος,
1119 1434 1195 1498 ὡς
1229 1435 1322 1488 ἐπὶ
1353 1432 1472 1497 τοῦ,
1508 1453 1527 1486 ι
1569 1432 1699 1487 Ἰδοὺ
1732 1432 1902 1504 τίθημ

2030 1450 2132 1507 ego
2160 1438 2375 1491 mittam
2428 1438 2485 1493 in
2531 1438 2904 1498 fundamentis
2962 1443 3094 1500 Sion
3145 1447 3377 1518 lapidem
3418 1451 3623 1521 proba.

261 1522 332 1575 ὲν
371 1521 549 1578 Σιὼν
589 1524 736 1579 λίθον
766 1526 1159 1597 ἀκρογωνιαῖον
1194 1526 1451 1581 ἐκλεκτὸν
1487 1525 1723 1616 ἔντιμονο
1761 1546 1779 1577 ι
1810 1525 1904 1578 καὶ

2031 1533 2187 1592 tum,
2247 1531 2562 1601 angularem
2604 1534 2683 1602 ‘5;
2726 1553 2745 1586 ι
2798 1546 2963 1607 atque
3011 1557 3026 1594 :
3080 1558 3100 1591 ι
3146 1538 3403 1613 Lapidem
3458 1561 3622 1616 quem

266 1634 288 1667 ι
327 1616 529 1672 Λίθον
554 1617 621 1671 ὃν
645 1618 1058 1691 ἀπεδοκίμασαν
1089 1622 1141 1673 οἰ
1169 1620 1603 1692 οἰκοδομοῦντες,
1621 1613 1777 1683 οὗτος
1801 1620 1906 1687 ὲγε·

2031 1621 2465 1691 reprobaverunt
2510 1626 2867 1696 aedificantes,
2902 1629 2993 1685 hic
3042 1630 3218 1690 factus
3249 1643 3335 1691 est
3371 1635 3426 1691 in
3456 1613 3623 1710 caput

260 1703 426 1775 νήθη
460 1707 561 1770 εἰς
597 1706 841 1779 κεφαλὴν
872 1710 1096 1778 γωνίας.
1130 1730 1150 1763 ι
1177 1710 1377 1765 Τοῦτον
1405 1709 1499 1766 οὖν
1522 1728 1689 1783 φησιν
1721 1713 1750 1766 ό
1783 1728 1906 1783 παρ

2033 1715 2220 1785 anguli
2254 1717 2322 1770 ’⁵.
2360 1736 2381 1769 ι
2434 1716 2594 1775 Hunc
2630 1721 2777 1776 enim
2830 1724 2908 1777 ait
2958 1739 3201 1794 praesens
3245 1729 3401 1785 locus
3451 1745 3621 1802 regna

261 1792 356 1849 ὼν
394 1796 588 1866 λόγος
648 1799 750 1863 τὰς
808 1800 1085 1871 βασιλείας
1124 1802 1218 1856 τοῦ
1246 1802 1455 1874 κόσμου
1485 1804 1581 1857 καὶ
1611 1804 1711 1869 τὰς
1747 1802 1906 1876 ἀρχὰς

2027 1807 2240 1873 mundi,
2288 1810 2655 1883 principatus,
2700 1792 3002 1883 potestates
3040 1824 3096 1871 ct
3141 1819 3332 1874 mundi
3379 1792 3620 1878 rcctovres

266 1890 379 1945 καὶ
408 1891 531 1956 τὰς
557 1892 811 1959 ἐξουσίας
838 1894 935 1949 καὶ
980 1896 1110 1960 τοὺς
1138 1897 1589 1971 κοσμοκράτορας
1615 1897 1906 1955 καθελόντα

2021 1908 2357 1958 evertentem
2387 1912 2443 1960 et
2476 1904 2773 1971 delentem,
2807 1916 3124 1966 sanctorum
3150 1926 3379 1985 regnum
3410 1914 3466 1970 in
3496 1931 3621 1991 per-

269 1985 381 2038 καὶ
416 1987 806 2060 συντρίψαντα
841 1987 1092 2056 καθέξειν
1133 1990 1235 2061 τὴν
1265 1989 1376 2045 τῶν
1419 1990 1590 2060 ἁγίων
1636 1988 1906 2062 βασιλείαν

2022 2000 2251 2064 petuum
2287 2007 2685 2068 occupaturum
2718 2013 2864 2056 esse.

271 2078 367 2143 εἰς
410 2079 525 2135 τὸν
554 2081 751 2139 αἰῶνα.

834 2195 1232 2251 ΚΕΦΑΛΑΙΟΝ
1270 2198 1403 2253 Ml".

946 2309 1056 2365 Τοῦ
1083 2310 1293 2365 αὑτοῦ.

2594 2175 2826 2233 CAPUT
2881 2177 3065 2236 XLIII.

2653 2288 2738 2344 Ea:
2769 2293 2974 2349 eodem.

2090 2399 2603 2459 Nabuchodonosor
2634 2419 2750 2469 rex,
2781 2407 3048 2475 conjectis
3073 2408 3128 2462 in
3156 2407 3436 2468 fornacem
3472 2413 3625 2487 ignis

2018 2495 2231 2552 Anania
2269 2497 2502 2569 ejusque
2544 2499 2736 2562 sociis,
2771 2515 2897 2555 cum
2937 2505 3301 2574 comperisset
3351 2521 3448 2562 eos
3491 2508 3616 2581 igne

2018 2584 2244 2653 illaesos,
2279 2588 2505 2661 ipseque
2535 2591 2788 2645 miraculi
2814 2583 2975 2649 testis
3003 2609 3127 2650 esse
3150 2597 3441 2665 voluisset,
3476 2600 3616 2655 arni-

2018 2681 2101 2737 cis
2149 2679 2268 2737 suis
2323 2681 2534 2739 dixisse
2581 2685 2757 2740 fertur
2793 2704 2807 2741 :
2847 2706 2865 2739 ι
2901 2684 3095 2742 Nonne
3148 2696 3264 2745 tres
3317 2691 3466 2746 viros
3512 2694 3616 2748 nii-

360 2414 862 2491 Ναϐουχοδονόσορ
887 2420 916 2472 ό
937 2418 1189 2490 βασιλεὺς
1218 2420 1345 2485 τοὺς
1378 2419 1507 2493 περὶ
1534 2420 1626 2475 τὸν
1661 2421 1911 2475 Ἀνανίαν

279 2506 373 2568 εἰς
403 2504 519 2577 τὴν
555 2506 785 2577 κάμινον
821 2509 917 2563 τοῦ
950 2510 1123 2582 πυρὸς
1150 2509 1407 2582 ἐμϐαλὼν
1427 2551 1442 2577 ,
1466 2510 1541 2576 ὡς
1565 2510 1706 2581 ἔγνω
1743 2511 1910 2585 μηδὲν

279 2597 516 2661 αὐτοὺς
558 2598 664 2652 ὑπὸ
709 2599 802 2654 τοῦ
849 2602 1021 2673 πυρὸς
1059 2603 1450 2676 ἠδικημένους,
1499 2605 1777 2677 αὐτόπτης
1812 2605 1907 2661 τοῦ

283 2691 628 2763 παραδόξου
666 2695 975 2767 γενόμενος,
1026 2699 1140 2761 τοῖς
1190 2697 1384 2752 ἑαυτοῦ
1431 2698 1607 2767 φίλοις
1670 2698 1910 2772 εἰρηκὼς

280 2783 751 2858 ἀναγέγραπται·
792 2808 811 2840 ί
842 2789 976 2860 Ούχί
1000 2792 1147 2861 τρεῖς
1163 2790 1362 2863 ἄνδρας
1383 2790 1651 2863 ἐϐάλομεν
1675 2793 1732 2845 ὲν
1757 2791 1909 2864 μέσῳ

284 2876 392 2931 τοῦ
421 2878 642 2950 πυρός;
678 2898 697 2932 ι
747 2881 1146 2952 συμφησάντων
1180 2880 1238 2934 δὲ
1283 2880 1483 2947 αὐτῶν,
1524 2900 1544 2934 ι
1596 2882 1726 2937 Ἰδοὺ
1776 2881 1906 2952 ἐγὼ,

284 2970 502 3040 φησὶν,
566 2971 676 3043 ὁρῶ
726 2973 924 3045 ἄνδρας
940 2973 1212 3045 τέσσαρας
1246 2973 1589 3045 λελυμένους,
1627 2974 1721 3028 καὶ
1749 2991 1907 3046 περι-

285 3062 629 3127 πατοῦντας
661 3066 718 3118 ἐν
740 3063 820 3134 τῷ
848 3065 1015 3137 πρρί,
1048 3065 1142 3120 καὶ
1176 3064 1351 3138 φθορὰ
1389 3066 1617 3138 οὐδεμία
1657 3067 1806 3120 ἐστὶν
1848 3068 1907 3121 ὲν

2018 2774 2193 2829 simus
2239 2774 2296 2830 in
2330 2775 2569 2831 medium
2614 2777 2758 2850 ignis
2790 2779 3132 2851 compeditos
3166 2782 3254 2836 “?
3291 2803 3309 2836 ι
3348 2784 3448 2839 Cui
3486 2801 3611 2842 cum

2017 2866 2109 2922 isti
2153 2868 2584 2938 reSpondissent,
2634 2886 2761 2926 vere
2783 2871 2887 2927 hoc
2920 2888 3077 2941 esse,
3115 2892 3133 2924 ι
3160 2873 3301 2931 Ecce
3329 2891 3453 2948 ego,
3512 2881 3611 2945 ait,

2024 2959 2184 3016 video
2207 2967 2444 3031 quatuor
2476 2963 2627 3019 viros
2656 2964 2864 3021 solutos
2890 2972 2944 3020 et
2965 2966 3310 3025 ambulantes
3342 2969 3395 3024 in
3432 2970 3611 3028 medio

2016 3053 2180 3125 ignis,
2200 3065 2254 3109 et
2284 3055 2419 3110 nihil
2442 3056 2815 3127 corruptionis
2832 3058 2889 3113 in
2903 3060 2984 3115 eis
2998 3071 3107 3127 est,
3121 3070 3177 3118 et
3193 3063 3406 3134 species
3427 3068 3609 3136 quarti

285 3156 521 3222 αὐτοῖς,
546 3159 639 3212 καὶ
655 3159 689 3229 ή
710 3159 899 3231 ὅρασις
915 3159 1008 3213 τοῦ
1032 3160 1294 3232 τετάρτου
1312 3160 1567 3232 ὁμοίωμα
1579 3160 1695 3214 υἰοῦ
1711 3158 1867 3214 Θεοῦ·
1884 3179 1901 3211 ι

2018 3147 2214 3203 similis
2244 3145 2384 3204 Filio
2410 3147 2504 3205 Dei
2535 3150 2603 3205 ⁸⁷.
2637 3170 2655 3202 ι
2694 3149 2999 3209 Hebraicus
3027 3160 3211 3212 textus
3240 3175 3260 3208 ι
3292 3157 3609 3215 similitudi-

284 3246 575 3315 ὡσαύτως
598 3250 655 3304 δὲ
686 3252 781 3306 καὶ
810 3252 872 3306 τὸ
906 3251 1189 3324 Ἐϐραῖκὸν
1218 3250 1511 3324 ι’όμοίωμα
1550 3252 1695 3306 ’Υἰοῦ
1723 3251 1858 3307 Θεοῦ
1891 3271 1909 3304 ο

295 3344 600 3414 περιέχει,
653 3345 747 3398 καὶ
786 3347 833 3398 οἱ
869 3344 1047 3399 λοιποὶ
1087 3345 1144 3399 δὲ
1181 3346 1386 3417 ὁμοίως
1417 3344 1777 3401 ὲκδεδὼκασιν
1824 3344 1916 3418 ἐρ-

296 3435 604 3504 μηνευταί·
625 3434 816 3489 τούτου
839 3436 902 3507 δὴ
925 3431 1017 3491 οὖν
1047 3436 1678 3510 ἓνεκαζὲσημειωσάμεθα
1708 3438 1798 3492 τὸν
1828 3437 1915 3491 τό·

296 3542 431 3590 πον,
465 3526 549 3590 ὡς
571 3530 665 3581 καὶ
694 3528 943 3583 ἐντεῦθεν
966 3531 1372 3604 σημαινομένης
1400 3531 1503 3605 τῆς
1534 3530 1627 3587 τοῦ
1656 3532 1788 3588 Υἱοῦ
1812 3531 1906 3586 τοῦ

291 3619 444 3676 Θεοῦ
474 3622 871 3695 προσηγορίας.

815 3740 1214 3795 ΚΕΦΔΛΑΙΟΝ
1256 3742 1389 3795 ΜΔν.

953 3856 1065 3911 Τοῦ
1090 3844 1302 3912 αὑτοῦ.
1834 3924 1839 3929 δ

387 3972 484 4025 Ἐν
515 3974 626 4036 τοῖς
650 3972 921 4045 δράμασιν
946 3972 974 4025 ό
996 3972 1196 4046 Δανιήλ
1226 3990 1413 4045 φησιν’
1448 3991 1468 4026 ι
1519 3971 1819 4045 Ἐθεώρουν
1847 3973 1907 4027 ὲν

294 4064 661 4136 δράματι-τῆς
686 4065 901 4131 νυκτὸς,
928 4065 1022 4119 καὶ
1045 4064 1177 4129 ἰδοὺ,
1205 4066 1297 4119 ἐπὶ
1319 4066 1428 4120 τῶν
1453 4066 1692 4137 νεφελῶν
1707 4064 1801 4119 τοῦ
1814 4068 1905 4120 ού-

298 4156 475 4225 ρανοῦ
506 4156 581 4222 ὡς
605 4159 733 4221 Υἰὸς
766 4157 1054 4231 ἀνθρώπου
1084 4160 1377 4232 ἐρχόμενος
1410 4159 1505 4213 καὶ⁸
1535 4159 1642 4224 ἕως
1668 4158 1763 4213 τοῦ
1791 4160 1903 4212 Πα-

293 4246 461 4301 λαιοῦ
494 4246 602 4300 τῶν
632 4247 853 4320 ἡμερῶν
890 4248 1091 4319 ἔφθασε
1116 4290 1131 4315 ,
1178 4250 1273 4304 καὶ
1316 4249 1665 4321 προσηνέχθη
1705 4248 1855 4321 αύτῷ
1882 4290 1897 4315 ,

295 4340 399 4393 καὶ
429 4339 585 4410 ἐδόθη
614 4340 762 4412 αύτῷ
790 4343 823 4412 ή
847 4340 1066 4407 ἐξουσία
1099 4342 1243 4414 καὶὴ
1265 4341 1400 4414 τιμὴ
1432 4342 1530 4396 καὶ
1554 4344 1589 4413 ἡ
1624 4339 1893 4412 βασιλεία⁶

2019 3255 2143 3297 nem
2167 3238 2291 3297 Filii
2322 3239 2418 3297 Dei
2443 3262 2461 3295 ι
2482 3241 2605 3309 fert,
2631 3242 2833 3316 aliique
2858 3245 3111 3304 similiter
3128 3249 3419 3307 ediderunt
3437 3252 3608 3310 inter-

2017 3340 2218 3403 pretes.
2255 3334 2468 3390 Idcirco
2518 3335 2665 3392 hunc
2695 3338 3012 3397 notavimus
3041 3340 3246 3410 locum,
3280 3354 3471 3418 utpote
3514 3348 3607 3404 hic

2017 3424 2303 3500 designata
2343 3425 2468 3483 Filii
2506 3427 2604 3486 Dei
2638 3428 3104 3491 denontinatione.

2570 3739 2801 3796 CAPUT
2842 3740 3029 3799 XLIV.

2611 3853 2697 3909 Ex
2728 3856 2930 3911 eodem.

2076 3964 2136 4022 In
2181 3967 2488 4025 visionibus
2542 3970 2730 4026 Daniel
2790 3971 2923 4027 dicit
2981 3991 2996 4027 :
3063 3990 3083 4022 ‹
3124 3972 3473 4045 Aspiciebam
3539 3980 3599 4038 in

2004 4058 2219 4116 visione
2258 4061 2474 4127 noctis,
2514 4068 2569 4116 et
2620 4076 2755 4117 ecce
2796 4077 2920 4117 cum
2983 4063 3225 4121 nubibus
3261 4069 3386 4123 caeli
3433 4073 3594 4141 quasi

2002 4148 2176 4208 Filius
2209 4151 2445 4209 hominis
2470 4152 2744 4220 veniebat,
2772 4163 2826 4210 et
2847 4170 3023 4226 usque
3055 4156 3121 4211 ad
3150 4156 3451 4229 Antiquum
3479 4163 3597 4219 die-

2001 4257 2124 4298 rum
2168 4246 2415 4314 pervenit
2481 4264 2493 4300 :
2547 4253 2603 4301 et
2647 4246 2704 4300 in
2753 4255 3052 4319 conspectu
3104 4251 3243 4318 ejus'
3273 4250 3597 4310 obtulerunt

1997 4354 2144 4394 eum.
2166 4337 2231 4392 Et
2253 4337 2400 4393 dedit
2421 4339 2468 4392 ei
2496 4346 2844 4410 potestatem,
2867 4352 2919 4397 et
2943 4341 3232 4407 honorem,
3251 4351 3305 4400 et
3327 4359 3590 4415 regnum:

296 4433 398 4488 καὶ
443 4433 644 4498 πάντες
693 4438 742 4489 οἰ
791 4436 947 4502 λαοὶ,
982 4436 1183 4506 φυλαὶ,
1234 4436 1479 4507 γλῶσσαι
1518 4436 1896 4491 δουλεύσουσιν

2018 4438 2052 4485 et
2081 4442 2272 4487 omnes
2304 4432 2509 4502 populi,
2563 4432 2762 4499 tribus,
2809 4442 2863 4490 et
2910 4433 3108 4507 linguae
3142 4438 3244 4508 ipsi
3298 4438 3542 4494 servient
3574 4458 3588 4494 :

294 4526 473 4598 αὐτῷ·
490 4529 524 4597 ἠ
556 4525 774 4593 ἐξουσία
795 4529 984 4595 αὐτοῦ,
1004 4529 1225 4596 ἐξουσία
1248 4529 1485 4594 αἰώνιος,
1508 4530 1633 4601 ἥτις
1658 4530 1720 4583 οὐ
1751 4547 1897 4603 παρ-

2018 4530 2247 4592 )olestas
2270 4523 2415 4593 ejus,
2450 4531 2697 4593 potestas
2723 4533 2949 4593 aeterna,
2974 4542 3097 4597 quae
3123 4543 3230 4583 non
3262 4528 3542 4599 auferetur
3572 4549 3587 4584 :

296 4620 587 4675 ελεύσεται
604 4639 617 4652 ο
651 4623 745 4676 καὶ
773 4624 807 4695 ή
848 4622 1095 4693 βασιλεία
1121 4624 1285 4678 αὑτοῦ
1312 4625 1373 4678 ού
1397 4624 1885 4697 διαφθαρήσεται.»

2018 4622 2054 4670 et
2088 4630 2315 4686 regnum
2354 4615 2476 4685 ejus
2506 4616 2652 4687 quod
2696 4632 2808 4673 non
2841 4628 3229 4690 corrumpetur
3260 4622 3353 4675 '7‘.
3387 4640 3407 4674 ι
3444 4621 3593 4677 Con-

295 4712 527 4785 Συνᾲδει
558 4712 733 4767 ταῦτα
760 4716 827 4785 τῇ
862 4714 956 4768 τοῦ
991 4715 1155 4770 αύτοῦ
1180 4716 1375 4786 Δανιὴλ
1410 4716 1719 4788 προφητείᾳ
1758 4734 1892 4789 προ-

2018 4707 2243 4789 ieptiunt
2285 4706 2400 4762 haec
2430 4723 2555 4763 cum
2591 4708 2837 4779 ejusdem
2889 4707 3132 4767 Danielis
3183 4711 3468 4782 prophetia
3520 4711 3592 4767 de

297 4801 636 4878 θεσπιζούσῃ
662 4806 792 4877 περὶ
813 4805 913 4875 τῆς
935 4804 1026 4860 τοῦ
1048 4807 1285 4877 Χριστοῦ
1318 4786 1592 4878 βασιλείας
1626 4809 1769 4863 κατὰ
1796 4786 1889 4863 τὸν

2018 4786 2200 4855 Iﬂristi
2232 4815 2402 4871 regno
2430 4803 2835 4871 prasnuntiante
2868 4819 2967 4874 per
3008 4801 3243 4881 lapidem
3286 4803 3355 4859 de
3400 4810 3590 4860 monte

295 4895 449 4950 λίθον
476 4896 567 4950 τὸν
587 4898 979 4969 ἁποτμηθέντα
1004 4899 1064 4964 ἐξ
1089 4899 1249 4972 ὅρους
1271 4902 1401 4957 ἄνευ
1432 4903 1648 4976 χειρῶνο
1667 4905 1754 4968 τίς
1778 4904 1888 4976 γὰρ

2018 4892 2115 4949 Line
2170 4894 2426 4949 manibus
2482 4892 2814 4950 abscissum.
2853 4893 2990 4961 Quis
3033 4894 3179 4951 enim
3229 4893 3395 4962 alius,
3425 4894 3583 4966 quasi

298 4988 370 5043 ἂν
402 4989 593 5058 ἄλλος,
634 4993 664 5045 ό
712 4990 951 5055 ὡς’Υἰὸς
992 4991 1278 5062 ἀνθρώπου
1317 4995 1611 5066 ἐρχόμενος
1654 4994 1747 5050 ἐπὶ
1779 4996 1887 5049 τῶν

2018 4983 2167 5041 l‘ilius
2196 4985 2440 5042 hominis
2463 5000 2588 5041 cum
2618 4985 2861 5042 nubibus
2889 4985 3015 5041 caeli
3046 4985 3297 5050 veniens,
3323 4994 3379 5040 et
3408 4999 3587 5056 usque

298 5082 562 5152 νεφελῶν,
584 5085 680 5138 καὶ
712 5086 816 5151 ἕως
852 5085 947 5139 τοῦ
978 5085 1220 5141 Παλαιοῦ
1256 5086 1366 5141 τῶν
1390 5087 1618 5160 ήμερῶν
1644 5088 1883 5159 φθάνων,

2018 5079 2061 5134 ιὰ
2080 5079 2377 5149 Antiquom
2398 5079 2610 5135 dierum
2638 5078 2969 5150 perveniens
2991 5087 3158 5141 esset,
3183 5077 3291 5132 nisi
3314 5074 3584 5132 Dominus

298 5171 387 5242 εἴη
440 5171 474 5243 ἢ
521 5174 551 5226 ὁ
605 5173 776 5228 εἰπὼν
829 5173 1036 5247 Κύριος
1096 5173 1255 5247 ήμῶν
1300 5175 1508 5246 Ἰησοῦς
1555 5177 1813 5250 Χριστὸς,
1855 5178 1887 5229 ό

2018 5182 2181 5231 noster
2210 5174 2373 5231 Iesus
2406 5174 2684 5238 Christus,
2737 5184 2962 5245 propter
2993 5188 3095 5228 nos
3154 5170 3384 5227 formam
3436 5171 3581 5227 servi

298 5262 367 5316 δι’
395 5264 545 5334 ἡμᾶς
585 5265 800 5337 μορφὴν
828 5264 1017 5325 δούλου
1055 5264 1271 5331 λαϐὼν,
1313 5267 1407 5320 καὶ
1439 5267 1554 5330 υίὸς
1591 5265 1878 5340 ἀνθρώπου

2024 5267 2286 5338 ccipiens,
2322 5275 2377 5323 et
2417 5266 2562 5322 filius
2610 5266 2851 5321 hominis
2885 5264 3066 5320 factus
3101 5263 3401 5335 dicensque
3431 5283 3445 5318 :
3486 5281 3504 5313 ι
3536 5264 3580 5316 Α

299 5353 609 5425 γενόμενος,
648 5375 667 5408 ι
719 5356 814 5411 Ἐκ
840 5355 940 5409 ’τοῦ
974 5357 1187 5428 Πατρὸς
1216 5357 1457 5430 ἐξῆλθον,
1495 5358 1590 5413 καὶ
1620 5359 1758 5432 πρὸς
1787 5359 1880 5413 τὸν

2018 5363 2101 5416 leo
2153 5360 2296 5416 exivi
2342 5366 2397 5415 et
2433 5358 2500 5413 ad
2551 5356 2722 5411 Deum
2769 5356 2911 5412 vado
2943 5357 3077 5410 ⁸⁸2»
3122 5356 3227 5423 Qui
3283 5363 3339 5411 et
3392 5370 3579 5410 coram

299 5445 430 5501 Θεὸν
472 5447 698 5517 ὐπάγως
731 5469 749 5501 ι
786 5449 846 5514 ὃς
880 5451 974 5504 καὶ
1011 5452 1292 5523 παρόντων
1324 5452 1432 5507 τῶν
1464 5452 1658 5506 ἑαυτοῦ
1697 5451 1875 5523 μαθη-

2026 5451 2273 5523 iscipulis
2312 5450 2428 5505 suis
2465 5467 2478 5503 :
2522 5468 2541 5499 ε
2581 5447 2912 5504 Violentibus
2947 5447 3080 5513 illis,
3113 5449 3359 5504 elevatus
3394 5457 3498 5509 est.
3526 5454 3579 5501 et

258 5584 261 5585 ν
297 5536 427 5607 τῶν,
463 5559 481 5591 t
505 5539 807 5611 βλεπόντων
833 5543 1033 5608 αὐτῶν,
1066 5543 1302 5616 ἐπήρθη,
1340 5545 1432 5598 καὶ
1454 5545 1651 5617 νεφέλη
1676 5544 1878 5599 ὑπέλα-

2018 5544 2161 5600 uhes
2212 5540 2457 5615 suscepit
2499 5556 2624 5596 eum
2657 5541 2724 5596 ”.
2771 5539 3085 5612 LCumque
3137 5541 3483 5597 intuerentur
3522 5540 3581 5596 in

369 5699 417 5729 ’³
449 5697 587 5753 Dan.
627 5715 689 5762 tt,
726 5698 818 5761 Η,
850 5698 940 5753 45.
1054 5698 1102 5730 ³⁵
1142 5696 1247 5752 Isa.
1283 5714 1477 5762 xxvm,
1518 5697 1604 5754 ιθ.
1716 5686 1759 5731 ίθ
1792 5698 1906 5757 Psal

2018 5714 2138 5755 mt.
2161 5698 2252 5752 22.

2367 5697 2412 5730 ’⁸
2440 5695 2577 5752 Dan.
2616 5709 2700 5764 nr,
2730 5694 2819 5750 9|.
2899 5696 2943 5728 ’⁷
2978 5693 3111 5751 ibid.
3164 5696 3255 5751 92.
3332 5696 3401 5732 ¹⁷⁶
3437 5693 3578 5755 Dan.

297 5783 370 5826 vn
395 5808 411 5837 ,
462 5769 559 5837 15,
612 5770 699 5827 14.
774 5771 820 5803 ³⁸
859 5768 1019 5826 Joan.
1045 5784 1168 5839 xm,
1193 5770 1247 5825 ὅ.
1324 5771 1368 5803 ³⁹
1395 5769 1517 5828 Act.
1553 5788 1592 5839 ι,
1625 5777 1674 5829 9.
