4096 6412
524 299 666 358 H75

1238 296 1505 354 EUSEBII
1544 297 2024 355 CASSARIENSlS
2062 297 2214 355 OPP.
2250 297 2430 353 PARS
2469 297 2642 353 lll.-—
2672 297 3083 353 ΕΧΕΟῙΞΤΙΟΑ.

3659 299 3798 357 H76

519 419 742 483 caelum,
776 432 906 474 ecce
922 417 1040 476 .viri
1071 417 1180 473 duo
1220 417 1274 472 in
1301 418 1551 474 vestibus
1575 418 1715 474 albis
1747 419 1872 480 visi,
1911 435 2006 474 eos
2039 419 2083 474 ὼ

2209 417 2503 481 ϐεναύτδν,
2542 437 2559 461 ι
2593 417 2680 471 ὅτε
2728 418 2823 471 καὶ
2872 417 3228 481 ἀτενιζόντων
3269 419 3347 480 είς
3402 417 3494 470 τὸν
3540 418 3792 489 οὐρανὸν,

518 507 760 563 secunda
820 507 941 577 ejus
1001 507 1442 562 manifestatione
1495 508 1759 563 certiores
1817 509 2101 574 fecerunt,

517 599 768 654 euuulem
818 615 1012 655 rursus
1072 601 1124 654 in
1177 599 1321 654 nube
1370 609 1658 655 venturum
1720 601 2101 671 praedicentes.

517 690 740 746 Christo
774 692 939 762 igitur
970 693 1072 747 soli
1107 708 1137 746 a
1170 690 1332 748 Patre
1364 693 1490 746 data
1512 700 1597 748 est
1627 701 1892 764 potestas.
1918 702 1972 748 et
2005 694 2104 746 lio-

515 797 620 839 nor
669 791 722 838 et
770 800 1019 855 regnum,
1076 793 1133 838 ut
1191 799 1384 839 omnes
1438 801 1562 840 eum
1617 784 1849 840 adorent
1887 794 2098 854 gentes,

522 895 542 928 ι
579 876 868 947 omnisque
898 878 1081 948 lingua
1114 878 1440 932 conﬁteatur
1473 878 1603 944 quia
1644 876 1910 934 Dominus
1940 876 2101 934 Jesus

516 966 770 1026 Christus
800 969 855 1024 in
889 970 1062 1042 gloria
1091 976 1174 1025 est
1209 968 1302 1024 Dei
1333 969 1513 1026 Patris
1541 971 1606 1023 ³ο.
1643 990 1662 1022 ι

1079 1209 1307 1267 CAPUT
1349 1209 1512 1263 XLV.

1147 1302 1226 1356 Ea:
1257 1302 1456 1360 eodem.

583 1395 835 1450 Precanti
871 1395 1080 1451 Danieli
1117 1396 1172 1450 in
1208 1397 1392 1450 omnis
1422 1397 1607 1467 populi
1648 1397 1964 1468 captivitate
1996 1397 2096 1451 Ba-

511 1487 728 1558 bylonis
772 1495 936 1557 atque
971 1487 1024 1541 in
1055 1485 1360 1542 Jerusalem
1397 1487 1714 1556 solitudine,
1755 1489 1974 1545 Gabriel
2013 1489 2095 1544 vi-

513 1593 608 1633 sus
638 1587 722 1634 est
756 1578 1116 1648 archangelus
1157 1579 1431 1648 simulque
1463 1579 1705 1635 ostendit
1746 1583 2090 1652 septuaginta

510 1683 780 1723 annorum
825 1668 1164 1739 captivitatis
1220 1671 1404 1734 linem,
1441 1678 1495 1726 et
1526 1670 1829 1728 Jerusalem
1877 1686 2093 1730 restau-

2209 511 2316 563 ίδοὺ
2351 508 2443 562 δῦο
2481 508 2672 580 ἄνδρες
2707 510 2763 562 ἐν
2800 509 3056 580 ἐσθήσεσι
3092 509 3374 580 λαμπραῖς
3411 509 3702 578 ὀφθέντες,
3730 513 3794 567 τὰ

2205 603 2334 674 περὶ
2359 601 2456 671 τῆς
2472 602 2728 672 δευτέρας
2750 601 2914 655 αὑτοῦ
2935 601 3235 674 παρουσίας
3262 602 3459 665 αὐτοὺς
3487 602 3790 669 ἐδίδασκον,

2203 691 2359 758 αὖθις
2392 695 2449 746 ἐν
2476 693 2670 764 νεφέλῃ
2707 692 3186 765 παραγενήσεσθαι
3215 693 3377 746 αὐτὸν
3410 694 3790 764 προλέγοντες.

2203 789 2292 860 Τῷ
2316 785 2409 842 οὖν
2442 788 2662 860 Χριστῷ
2707 790 2852 858 μόνῳ
2899 787 3001 839 ὑπὸ
3043 787 3138 840 τοῦ
3174 787 3388 860 Πατρὺς
3419 789 3572 860 ἐδόθη
3620 791 3714 843 καὶ
3755 793 3789 864 ή

2201 881 2334 951 τιμὴ
2359 882 2502 952 καὶή
2531 879 2808 951 βασιλεία,
2841 879 2982 932 ὥστε
3024 881 3203 934 πάντα
3237 880 3306 933 τά
3343 881 3470 952 ἔθνη
3502 882 3790 953 λατρεύειν

2199 973 2368 1044 αὐτῷ,
2399 975 2494 1027 καὶ
2535 992 2551 1023 ι
2585 975 2764 1025 πᾶσαν
2791 972 3042 1041 γλῶσσαν
3071 972 3534 1042 ἐξομολογεῖσθαι,
3564 972 3789 1029 61:105-

2201 1082 2316 1136 ριος
2362 1064 2568 1135 Ἰησοῦς
2592 1065 2824 1136 Χριστὸς
2855 1065 2934 1128 είς
2965 1061 3120 1128 δόξαν
3157 1064 3290 1119 Θεοῦ
3326 1066 3548 1138 πατρὸς.
3584 1085 3603 1117 ι

2708 1199 3109 1253 ΚΕΦΔΛΑΙΟΝ
3143 1200 3273 1252 ΜΕ’.

2812 1292 2926 1346 Τοῦ
2950 1291 3158 1346 αὑτοῦ.

2266 1383 2563 1454 Εὐξαμένῳ
2621 1383 2701 1455 τῷ
2762 1385 2959 1458 Δανιὴλ
3005 1385 3135 1456 περὶ
3203 1385 3304 1455 τῆς
3363 1389 3442 1450 είς
3487 1386 3785 1443 Βαϐυλῶνα

2195 1473 2570 1544 αἰχμαλωσίας
2602 1474 2695 1528 τοῦ
2727 1476 2928 1540 παντὸς
2970 1475 3120 1539 λαοῦ,
3156 1478 3284 1549 περί
3326 1494 3385 1530 τε
3420 1478 3522 1548 τῆς
3563 1479 3785 1551 ἐρημώ-

2196 1585 2332 1630 σεως
2350 1568 2449 1638 τῆς
2477 1567 2850 1639 Ἰερουσαλὴμ,
2875 1568 3116 1641 Γαϐριὴλ
3141 1570 3420 1637 ἐπιφανεὶς
3443 1571 3784 1640 ἀρχάγγελος

2193 1659 2328 1730 ὁμοῦ
2363 1675 2422 1712 τε
2462 1658 2612 1728 αὐτῷ
2660 1658 2911 1730 σημαίνει
2955 1659 3017 1712 τὸ
3068 1660 3440 1731 συμπέρασμα
3483 1662 3584 1731 τῆς
3634 1660 3782 1714 ἐϐδο-

510 1761 806 1829 rationem,
863 1769 1188 1832 tempusque
1227 1762 1297 1818 ab
1341 1763 1433 1816 illa
1485 1767 1884 1820 restauratione
1925 1782 2083 1836 usque

2203 1751 2603 1822 μηκονταετοῦς
2645 1751 3051 1822 αἰχμαλωσίας,
3093 1753 3184 1804 καὶ
3217 1753 3315 1824 τὴν
3344 1754 3642 1807 ἀνανέωσιν
3679 1754 3781 1824 τῆς

508 1849 578 1906 ad
622 1852 913 1908 adventum
963 1853 1191 1917 Christi,
1232 1868 1297 1908 ac
1344 1856 1646 1910 secundum
1699 1865 1888 1926 postea
1941 1857 2092 1912 urbis

505 1944 802 2009 excidium,
852 1945 1130 2015 totiusque
1177 1945 1354 2016 gentis
1405 1947 1749 2010 servitutem,
1803 1963 1925 2016 qua:
1970 1956 2094 2017 post

503 2036 709 2093 Christi
742 2039 1180 2095 incarnationem
1226 2048 1607 2096 consummata
1639 2041 1764 2095 erit.
1798 2039 1924 2096 Haec
1963 2049 2093 2096 sunt

503 2129 669 2200 igitur
701 2129 932 2198 hujusce
974 2131 1080 2186 loci
1115 2132 1276 2186 verba
1305 2151 1317 2186 :
1355 2151 1372 2182 ‹
1411 2130 1618 2197 Daniel,
1657 2148 1804 2187 nunc
1835 2149 2092 2203 egressus

504 2237 625 2276 sum
655 2229 714 2276 ut
739 2222 992 2277 docerem
1025 2230 1098 2288 te,
1127 2231 1180 2278 et
1208 2224 1566 2294 intelligeres.
1602 2224 1685 2278 Ab
1713 2226 1938 2279 exordio
1967 2241 2092 2294 pre-

503 2328 630 2369 cum
668 2322 884 2369 tuarum
913 2330 1172 2385 egressus
1215 2324 1299 2370 est
1346 2331 1529 2372 sermo
1567 2333 1711 2386 :ego
1750 2325 1932 2372 autem
1966 2317 2089 2373 veni

505 2413 567 2460 ut
619 2406 919 2462 indicarem
973 2407 1094 2470 tibi,
1137 2409 1266 2477 quia
1323 2408 1407 2462 vir
1455 2409 1858 2464 desideriorum
1897 2426 1957 2466 es
1987 2429 1999 2464 :
2029 2419 2088 2464 tu

503 2514 637 2570 ergo
671 2498 1047 2554 animadverte
1077 2515 1409 2561 sermonem.
1445 2511 1498 2556 et
1523 2503 1767 2572 intelligo
1798 2504 2086 2560 visionem.

506 2585 863 2658 Septuaginta
888 2588 1256 2646 hebdomades
1287 2590 1621 2646 abbreviatze
1643 2601 1773 2648 sunt
1793 2609 1960 2663 super
1985 2609 2086 2665 po-

504 2679 692 2749 pulum
741 2687 917 2745 tuum,
972 2689 1027 2735 et
1076 2696 1244 2752 super
1276 2681 1464 2736 urbem
1513 2696 1759 2737 sanetam
1815 2694 1985 2752 tuam,
2028 2694 2088 2740 ut

502 2780 919 2826 consummetur
959 2773 1360 2841 praevaricatio.
1395 2781 1449 2829 et
1500 2774 1661 2829 ﬁnem
1696 2776 1930 2844 accipiat
1958 2791 2087 2846 pec-

502 2873 709 2928 catum,
741 2871 795 2920 et
835 2863 1082 2920 deleatur
1115 2865 1402 2936 iniquitas,
1454 2873 1508 2921 et
1540 2867 1846 2922 adducatur
1869 2869 2086 2938 justitia

501 2955 857 3024 sempiterna,
893 2962 947 3009 et
979 2955 1270 3026 impleatur
1303 2956 1462 3018 VlSiO,
1489 2963 1544 3011 et
1566 2957 1954 3027 prophetiayet
1985 2975 2088 3012 uu-

501 3053 661 3116 gatur
709 3046 946 3102 Sanctus
989 3057 1328 3103 sanctorum.
1377 3046 1527 3103 Scito
1566 3064 1696 3119 ergo
1736 3059 1790 3104 et
1831 3051 2083 3104 animad-

2213 1842 2594 1914 Ἰερουσαλὴμ,
2640 1844 2731 1896 τόν
2756 1860 2815 1896 τε
2863 1845 2970 1898 ἀπὸ
3001 1845 3100 1915 τῆς
3136 1843 3485 1908 ἀνανεώσεως
3537 1847 3628 1898 ἐπὶ
3681 1844 3780 1916 τὴν

2197 1934 2289 1987 τοῦ
2327 1935 2562 2007 Χριστοῦ
2589 1937 2892 2008 παρουσίαν
2923 1937 3134 2008 χρόνον,
3170 1936 3262 1989 καὶ
3290 1937 3386 2006 τὴν
3435 1937 3572 2007 μετά
3606 1937 3780 1990 ταῦτα

2195 2028 2564 2100 γενησομένην
2607 2027 2861 2100 δευτέραν
2909 2028 3107 2082 ἅλωσιν
3136 2031 3234 2100 τῆς
3269 2029 3512 2092 πόλεως,
3559 2031 3655 2083 καὶ
3688 2030 3780 2084 τὸν

2195 2121 2286 2173 ἐπὶ
2326 2123 2491 2175 πᾶσιν
2551 2119 2984 2191 ἀνδραποδισμὸν
3039 2120 3133 2174 τοῦ
3179 2121 3379 2183 παντὸς
3411 2121 3638 2184 ἔθνους,
3686 2122 3779 2174 τὸν

2195 2212 2334 2283 μετά
2382 2213 2479 2286 τὴν
2527 2213 2622 2268 τοῦ
2680 2213 2916 2285 Χριστοῦ
2974 2213 3276 2282 παρουσίαν
3339 2213 3777 2268 ἐπιτελεσθέντα.

2195 2304 2418 2373 Ἔχουσι
2453 2303 2510 2356 δέ
2547 2303 2710 2357 αὐτοῦ
2735 2305 2919 2357 τοῦτον
2944 2303 3032 2357 τὸν
3065 2305 3265 2376 τρόπον
3298 2307 3354 2358 αἱ
3385 2305 3590 2371 λέξεις·
3629 2326 3648 2357 ί
3670 2309 3781 2359 Δα-

2189 2395 2339 2466 νιὴλ,
2371 2394 2465 2449 νῦν
2513 2394 2734 2465 ἐξῆλθον
2764 2395 3098 2466 συμϐιϐἀσαι
3132 2412 3190 2448 σε
3237 2395 3485 2448 σύνεσιν·
3523 2397 3582 2448 ἐν
3632 2397 3779 2469 ἀρχῇ

2188 2487 2288 2557 τῆς
2313 2485 2548 2558 δεήσεως
2580 2505 2672 2542 σου
2719 2485 2940 2559 ἐξῆλθεν
2991 2487 3166 2557 λόγος.
3203 2487 3298 2541 καὶ
3330 2486 3441 2556 ἐγὼ
3483 2483 3646 2558 ἦλθον
3679 2487 3779 2540 τοῦ

2187 2579 2504 2649 ἀναγγεῖλαί
2536 2596 2640 2643 σοι,
2673 2579 2756 2634 δτι
2784 2580 2924 2652 ἀνὴρ
2947 2578 3251 2650 ἐπιθυμιῶν
3281 2580 3346 2632 σὺ
3373 2572 3444 2642 εἷ,
3472 2579 3566 2631 καὶ
3592 2580 3778 2648 ἐννοή-

2158 2711 2161 2713 -
2189 2672 2310 2744 θητι
2343 2675 2403 2726 ἐν
2436 2672 2513 2743 τῷ
2545 2674 2769 2744 ῥήματι,
2799 2671 2894 2726 καὶ
2925 2671 3082 2734 σύνες
3115 2673 3171 2724 ἐν
3199 2673 3265 2742 τῇ
3299 2671 3556 2741 ὀπτασίᾳ.
3589 2668 3777 2722 Ἑϐδο-

2191 2767 2434 2838 μήκοντα
2474 2765 2764 2836 ἐϐδομὰδες
2805 2765 3218 2836 συνετμήθησαν
3253 2765 3346 2817 ἐπὶ
3375 2764 3466 2816 τὸν
3499 2763 3628 2816 λαόν
3655 2779 3775 2828 σου,

2187 2859 2279 2912 καὶ
2332 2860 2424 2912 ἐπὶ
2470 2859 2570 2931 τὴν
2611 2859 2762 2913 πόλιν
2794 2858 2896 2931 τὴν
2950 2858 3108 2928 ἁγίαν
3135 2897 3148 2922 ,
3207 2856 3300 2910 τοῦ
3353 2856 3774 2928 συντελεσθῆναι

2187 2952 2496 3024 ἁμαρτίαν,
2522 2952 2741 3006 καὶτοῦ
2799 2955 3097 3024 σφραγῖσαι
3151 2947 3458 3020 ἁμαρτίας,
3496 2947 3592 3000 καὶ
3634 2949 3775 3000 ἀπο-

2186 3044 2364 3114 λεῖψαι
2415 3044 2512 3108 τὰς
2544 3044 2806 3115 ἀνομίας,
2863 3042 3082 3098 καὶτοῦ
3118 3041 3466 3108 ἐξιλάσασθαι
3517 3039 3770 3104 ἀδικίας,

501 3147 652 3196 verte
683 3159 697 3195 :
724 3141 793 3195 ab
819 3141 965 3196 exitu
997 3141 1291 3206 sermonis,
1330 3150 1389 3196 ut
1419 3142 1618 3196 iterum
1653 3142 1958 3198 aediﬁcetur
1987 3143 2077 3200 Je-

2185 3139 2272 3190 καὶ
2303 3139 2530 3208 ἀγαγεῖν
2562 3138 2910 3210 δικαιοσύνην
2941 3137 3178 3199 αἰώνιον,
3213 3136 3305 3190 καὶ
3335 3135 3429 3188 τοῦ
3466 3138 3771 3207 σφραγῖσι-ιι

499 3233 763 3298 rusalem,
805 3249 977 3304 usque
1023 3235 1090 3289 ad
1124 3232 1407 3290 Christum
1439 3235 1656 3296 ducem.
1709 3235 2079 3292 hebdomades

499 3332 734 3396 septem,
786 3336 840 3381 et
880 3325 1248 3380 hebdomades
1297 3326 1581 3396 sexaginta
1632 3326 1755 3380 dum
1793 3335 2079 3382 eruntzet

497 3431 693 3471 rursus
745 3415 1104 3470 mdilicabitur
1145 3417 1342 3486 platea,
1383 3425 1437 3471 et
1487 3417 1666 3481 muri,
1719 3417 1773 3470 in
1827 3419 2078 3489 angustia

497 3515 826 3577 temporum.
861 3507 925 3560 Et
963 3517 1087 3577 post
1110 3507 1481 3562 hebdomades
1513 3507 1794 3580 sexaginta
1822 3510 1960 3566 duas
1990 3526 2079 3566 oc-

495 3598 710 3652 cidetur
769 3597 1027 3654 Christus
1066 3608 1158 3654 :et
1205 3613 1315 3653 non
1369 3599 1474 3654 erit
1518 3600 1638 3669 ejus
1680 3603 1937 3671 populus,
1981 3604 2078 3674 qui

493 3705 619 3745 eum
654 3698 952 3758 negaturus
985 3700 1086 3745 est.
1145 3690 1208 3744 Et
1255 3692 1553 3757 civitatem,
1610 3702 1663 3750 et
1697 3695 2072 3750 sanctuarium

495 3780 785 3849 dissipabit
810 3780 1044 3852 populus
1073 3797 1194 3836 cum
1234 3783 1372 3838 duce
1403 3797 1632 3840 venturo
1667 3794 1760 3842 :et
1791 3787 1914 3841 linis
1953 3789 2074 3856 ejus

393 3859 399 3864 ’
494 3871 746 3934 vastitas,
777 3878 830 3926 et
862 3881 986 3940 post
1017 3873 1176 3927 linem
1214 3873 1339 3928 belli
1375 3882 1578 3930 statuta
1615 3877 1902 3932 desolatio.
1927 3878 2072 3933 Con-

495 3964 733 4018 llrmabit
767 3975 949 4019 autem
989 3974 1209 4035 pactum
1240 3967 1428 4021 multis
1463 3967 1805 4023 hebdomada
1839 3985 1944 4024 una
1975 3989 1988 4025 :
2017 3978 2072 4026 et

494 4057 552 4112 in
593 4056 821 4112 dimidio
875 4057 1232 4113 hebdomadis
1271 4058 1488 4114 deficiet
1540 4061 1719 4116 hostia
1763 4073 1814 4117 et
1859 4065 2071 4118 sacrili-

493 4149 682 4206 cium:
714 4157 768 4205 et
814 4149 922 4204 erit
964 4150 1018 4204 in
1058 4152 1261 4220 templo
1305 4151 1641 4206 abominatio
1669 4153 2065 4212 desolationis:

492 4250 548 4298 et
578 4256 754 4310 usque
785 4239 852 4294 ad
882 4241 1411 4296 consummationem
1443 4249 1496 4297 et
1537 4241 2063 4324 linegperseverao

492 4333 573 4390 bit
598 4334 862 4389 desolatio
889 4333 954 4386 ³⁸.
989 4352 1008 4385 ι
1693 4324 1698 4327 “

2180 3233 2368 3303 ὅρασιν
2398 3233 2491 3285 καὶ
2525 3234 2843 3305 προφήτην,
2879 3233 2974 3286 καὶ
3013 3230 3106 3284 τοῦ
3143 3234 3326 3302 χρῖσαι
3380 3230 3535 3298 ἅγιον
3569 3231 3767 3298 ἁγίων.

2182 3323 2291 3375 Καὶ
2314 3322 2497 3394 γνώσῃ
2531 3324 2626 3376 καὶ
2655 3327 2902 3395 συνήσεις
2923 3342 2935 3354 ’
2973 3324 3078 3377 ἀπὸ
3117 3324 3296 3390 ἐξόδου
3327 3323 3498 3392 λόγων
3525 3321 3630 3394 (ου)
3668 3322 3768 3376 τοῦ

2183 3415 2544 3486 ἀποκριθῆναι
2595 3415 2688 3468 καὶ
2735 3415 2829 3468 τοῦ
2859 3415 3208 3486 οἰκοδομῆσαι
3249 3415 3604 3486 Ἰερουσαλὴμ
3659 3416 3768 3479 ἕως

2181 3506 2416 3576 Χριστοῦ
2447 3507 2751 3578 ἡγουμένου
2785 3507 3074 3578 ἐϐδομάδες
3104 3506 3166 3571 ζ’,
3200 3509 3292 3560 καὶ
3327 3507 3622 3577 ἑϐδομάδες
3652 3506 3764 3576 5,3"

2181 3601 2274 3652 καὶ
2310 3599 2654 3671 ἐπιστρέψει,
2701 3599 2796 3652 καὶ
2841 3599 3322 3670 οἰκοδομηθήσεται
3356 3599 3619 3662 πλατεία,
3669 3600 3771 3654 καὶ

2179 3695 2377 3762 τεῖχος,
2411 3691 2508 3744 καὶ
2544 3691 2943 3762 κενωθήσονται
2992 3693 3042 3744 οἱ
3091 3691 3291 3762 καιροί.
3331 3692 3441 3743 Καὶ
3475 3691 3614 3761 μετά
3661 3690 3768 3754 τάς

2181 3782 2484 3855 ἑϐδομάδας
2527 3783 2628 3848 τὰς
2697 3783 2773 3854 ξβ⁹
2821 3783 3326 3856 ἐξολοθρευθήσεται
3373 3784 3619 3854 χρίσμα,
3667 3783 3766 3834 καὶ

2181 3880 2353 3952 κρίμα
2373 3880 2473 3933 οῦκ
2503 3878 2648 3934 ἐστιν
2677 3881 2734 3932 ἐν
2755 3879 2904 3950 αὐτῷ
2921 3897 2934 3910 ·
2963 3879 3056 3933 καὶ
3075 3879 3174 3949 τὴν
3202 3877 3376 3938 πόλιν,
3398 3877 3492 3930 καὶ
3510 3877 3574 3928 τὸ
3604 3877 3765 3943 ἀγιον

2178 3971 2456 4044 διαφθερεῖ
2481 3972 2578 4026 σὺν
2609 3970 2686 4042 τῷ
2713 3970 3001 4042 ἡγουμένῳ
3030 3969 3106 4040 τῷ
3138 3968 3437 4042 ἐρχομένῳ,
3466 3968 3560 4020 καὶ
3585 3970 3764 4036 κοπή-

2178 4079 2359 4115 σονται
2389 4064 2446 4116 ἐν
2475 4061 2863 4133 κατακλυσμῷ,
2883 4061 2976 4114 καὶ
3009 4061 3113 4124 ἐως
3144 4060 3330 4123 τέλους
3365 4058 3602 4129 πολέμου
3635 4075 3764 4110 συν-

2171 4157 2514 4228 τετμημένου
2566 4158 2908 4227 ἀφανισμοῖς.
2967 4156 3077 4208 Καὶ
3135 4151 3440 4224 δυναμὼσει
3491 4151 3762 4221 διαθήκην

2173 4249 2388 4312 πολλοῖς
2421 4247 2654 4320 ἑϐδομὰς
2703 4248 2831 4320 μία·
2878 4248 2971 4302 καὶ
3021 4249 3078 4301 ἐν
3128 4246 3205 4317 τῷ
3241 4246 3427 4315 ἡμίσει
3469 4244 3569 4314 τῆς
3609 4242 3762 4295 ἐϐδο-

2178 4341 2342 4412 μάδος
2396 4341 2692 4414 ἀρθήσεται
2752 4341 2913 4394 θυσία
2973 4341 3067 4394 καὶ
3128 4338 3364 4409 σπονδὴ,
3406 4338 3501 4391 καὶ
3558 4339 3651 4390 ἐπὶ
3695 4335 3760 4388 τὸ

495 4427 638 4499 ἱερὸν
672 4426 945 4498 βδέλυγμα
993 4425 1102 4480 τῶν
1151 4425 1507 4498 ἐρημώσεων,
1543 4428 1638 4483 καὶ⁴
1677 4431 1781 4494 ἕως
1816 4432 2126 4498 συντελείας
2181 4434 2372 4506 καιροῦ
2435 4436 2713 4490 συντέλεια
2769 4435 3052 4506 δοθήσεται
3105 4434 3199 4486 ἐπὶ
3255 4433 3353 4504 τὴν
3405 4433 3754 4503 ἐρήμωσιν.»

560 4542 763 4598 Eorum
791 4541 883 4611 qui
909 4541 1218 4611 prmcitatas
1243 4541 1612 4598 hebdomades
1641 4545 1879 4599 scrutati
1913 4556 2062 4608 sunt,

2241 4551 2363 4604 Τῶν
2414 4554 2495 4614 είς
2525 4550 2623 4614 τὰς
2653 4550 3017 4622 προκειμένας
3055 4548 3358 4619 ἐϐδομὰδας
3392 4547 3760 4616 ἐπιϐεϐλήκόο

489 4642 662 4689 unum
688 4634 942 4687 novimus
970 4631 1287 4686 Africanum
1328 4634 1420 4704 qui
1454 4650 1548 4688 eas
1587 4637 1902 4690 accuratius
1947 4636 2067 4692 feli-

489 4729 720 4795 ciusque
767 4724 1179 4779 examinaverit.
1227 4723 1462 4780 Necesse
1498 4725 1623 4780 ideo
1672 4727 1890 4781 videtur
1931 4729 2064 4782 mihi

488 4819 610 4886 ejus
653 4816 710 4870 in
745 4816 892 4870 hunc
925 4817 1104 4870 locum
1136 4815 1555 4871 elucidationem
1605 4817 1660 4871 in
1697 4817 1935 4873 medium
1982 4801 2067 4872 ai-

488 4910 652 4976 l‘erre,
687 4907 812 4961 dein
855 4907 1126 4977 speculari
1179 4911 1224 4963 si
1259 4907 1389 4978 quid
1442 4916 1496 4962 et
1528 4908 1631 4978 ipsi
1662 4923 1728 4963 ex
1784 4923 1850 4964 eo
1894 4910 2070 4978 possi-

488 5016 612 5056 mus
649 5001 932 5054 inducere.
979 4999 1184 5053 Scribit
1215 5000 1380 5070 igitur
1413 5000 1468 5054 iu
1498 5000 1692 5072 quinto
1727 4999 2065 5073 Chronogra-

487 5093 736 5162 phiarum
770 5093 910 5148 libro
939 5093 1027 5148 his
1062 5093 1245 5149 verbis
1274 5093 1350 5163 (4)
1380 5111 1393 5148 :

1040 5334 1269 5393 CAPUT
1320 5337 1502 5396 XLVI.

1072 5429 1156 5484 Ex
1193 5429 1232 5483 Α
1243 5430 1466 5498 fricatio.

563 5539 586 5576 ι
617 5519 720 5576 Hic
750 5523 1050 5594 prophetia:
1077 5523 1231 5578 locus
1262 5524 1430 5578 multa
1447 5532 1500 5577 et
1513 5523 1598 5576 vix
1625 5522 1896 5580 credenda
1915 5539 2057 5577 nun-

555 5678 603 5715 ⁸ο
631 5677 866 5750 Philipp.
893 5695 954 5743 ll,
989 5679 1074 5732 ll.
1151 5679 1192 5710 ³¹
1231 5678 1361 5732 Dan.
1409 5696 1482 5742 Ix,
1506 5678 1699 5735 ‘22-‘27.

2169 4661 2276 4696 των
2314 4643 2471 4714 μόνον
2496 4641 2651 4713 ἴσμεν
2680 4642 3002 4712 Ἀφρικανὸν
3027 4640 3401 4712 ἀκριϐέστατα
3432 4641 3526 4692 καὶ
3554 4639 3757 4709 μᾶλλον

2171 4739 2321 4810 παρά
2343 4738 2467 4801 τοὺς
2485 4737 2705 4798 λοιποὺς
2731 4736 3198 4807 ἐπιτετευγμένως
3224 4733 3604 4804 τεθεωρηκότα
3620 4747 3636 4762 ο
3660 4732 3758 4786 καὶ

2169 4831 2232 4902 δή
2267 4848 2357 4902 μοι
2384 4830 2530 4884 δοκεῖ
2559 4831 2855 4898 ἀναγκαῖον
2889 4825 3029 4881 εἶναι
3080 4827 3297 4900 πρῶτον
3332 4823 3498 4878 αὑτοῦ
3544 4825 3644 4896 τὴν
3672 4825 3755 4889 εἰς

2172 4927 2189 4996 (
2208 4925 2245 4979 f.
2275 4925 2342 4980 59
2366 4925 2450 4994 v°)
2482 4926 2608 4988 τοὺς
2645 4925 2844 4987 τόπους
2881 4922 3132 4994 διήγησιν
3177 4922 3256 4983 εἰς
3303 4920 3467 4989 μέσον
3499 4919 3750 4986 ἀγαγεῖν,

2167 5016 2266 5073 εἷθ’
2308 5019 2479 5082 οὕτως
2522 5017 2953 5086 ἐπισκέψασθαι,
2992 5015 3043 5068 εἴ
3093 5031 3146 5067 τι
3194 5013 3301 5084 ἄρα
3335 5013 3427 5066 καὶ
3457 5011 3613 5063 αὐτοὶ
3656 5010 3745 5064 δυ-

2167 5111 2399 5182 ναίμεθα
2446 5110 2814 5180 συμϐαλέσθαι
2858 5109 2937 5180 τῷ
2985 5109 3148 5178 λόγῳ.
3197 5106 3402 5176 Γράφει
3461 5102 3526 5174 δὴ
3558 5098 3652 5156 οῦν
3688 5104 3749 5155 ἐν

2168 5203 2404 5274 πέμπτῳ
2437 5201 2544 5256 τῶν
2572 5199 3027 5271 Χρονοπραεριῶν
3057 5198 3198 5253 κατά
3227 5197 3373 5262 λέξιν
3400 5195 3600 5260 οὕτως’

2659 5335 3046 5391 κεψιιΑΑιοΝ
3093 5337 3242 5405 Μςο.

2776 5429 3141 5498 Ἀφρικανοῦ.

2241 5542 2259 5573 σ
2301 5523 2363 5576 Ἡ
2393 5521 2490 5592 μέν
2520 5516 2613 5575 οῦν
2645 5519 2918 5592 περικοπή
2945 5519 3085 5574 οὕτω
3117 5535 3235 5582 πως
3265 5517 3462 5588 ἔχουσα
3484 5511 3740 5571 item“

553 5818 628 5890 (4)
669 5815 870 5874 Confer
897 5815 1096 5872 Euseb.
1124 5815 1396 5869 Demonst.
1434 5831 1546 5880 \‘lll,
1575 5831 1626 5885 p.
1653 5813 1787 5881 589;
1820 5815 2038 5869 Hieron.
2084 5811 2133 5864 iu
2167 5807 2304 5863 Dan.
2339 5817 2378 5862 t.
2418 5805 2479 5875 ν,
2505 5823 2558 5878 p.
2591 5807 2711 5892 682.
