  <div class='ocr_page' id='page_1' title='image "/cluster/home/n/w/nwhite01/storage/ocr_20150623/22/hvd.32044073501140/596.png"; bbox 0 0 4096 6412; ppageno 0'>
   <div class='ocr_carea' id='block_1_1' title="bbox 311 350 450 405">
    <p class='ocr_par' dir='ltr' id='par_1_1' title="bbox 311 350 450 405">
     <span class='ocr_line' id='line_1_1' title="bbox 311 350 450 405; baseline 0 0"><span class='ocrx_word' id='word_1_1' title='bbox 311 350 450 405; x_wconf 80' lang='lat' dir='ltr'><strong>H77</strong></span> 
     </span>
    </p>
   </div>
   <div class='ocr_carea' id='block_1_2' title="bbox 1269 340 2502 406">
    <p class='ocr_par' dir='ltr' id='par_1_2' title="bbox 1269 340 2502 406">
     <span class='ocr_line' id='line_1_2' title="bbox 1269 340 2502 406; baseline -0.005 -3"><span class='ocrx_word' id='word_1_2' title='bbox 1269 347 1562 406; x_wconf 63' lang='lat' dir='ltr'><strong>ECLOGE</strong></span> <span class='ocrx_word' id='word_1_3' title='bbox 1617 340 2098 402; x_wconf 68' lang='lat' dir='ltr'><strong>PROPBETICE.</strong></span> <span class='ocrx_word' id='word_1_4' title='bbox 2135 371 2208 382; x_wconf 77' lang='grc' dir='ltr'><strong>-ο</strong></span> <span class='ocrx_word' id='word_1_5' title='bbox 2243 340 2371 396; x_wconf 86' lang='lat' dir='ltr'><strong>LIB.</strong></span> <span class='ocrx_word' id='word_1_6' title='bbox 2414 340 2502 397; x_wconf 86' lang='grc' dir='ltr'>ιιι.</span> 
     </span>
    </p>
   </div>
   <div class='ocr_carea' id='block_1_3' title="bbox 3414 340 3555 398">
    <p class='ocr_par' dir='ltr' id='par_1_3' title="bbox 3414 340 3555 398">
     <span class='ocr_line' id='line_1_3' title="bbox 3414 340 3555 398; baseline 0.021 -3"><span class='ocrx_word' id='word_1_7' title='bbox 3414 340 3555 398; x_wconf 77' lang='lat' dir='ltr'><strong>N78</strong></span> 
     </span>
    </p>
   </div>
   <div class='ocr_carea' id='block_1_4' title="bbox 310 456 1877 539">
    <p class='ocr_par' dir='ltr' id='par_1_4' title="bbox 310 456 1877 539">
     <span class='ocr_line' id='line_1_4' title="bbox 310 456 1877 539; baseline -0.004 -19"><span class='ocrx_word' id='word_1_8' title='bbox 310 468 403 520; x_wconf 86' lang='grc' dir='ltr'><strong>καί</strong></span> <span class='ocrx_word' id='word_1_9' title='bbox 434 464 709 539; x_wconf 84' lang='grc' dir='ltr'>παράδοξα</span> <span class='ocrx_word' id='word_1_10' title='bbox 743 464 992 535; x_wconf 85' lang='grc' dir='ltr'>σημαίνει</span> <span class='ocrx_word' id='word_1_11' title='bbox 1012 481 1025 495; x_wconf 82' lang='grc'><em>’</em></span> <span class='ocrx_word' id='word_1_12' title='bbox 1055 462 1150 519; x_wconf 89' lang='grc' dir='ltr'><strong>νῦν</strong></span> <span class='ocrx_word' id='word_1_13' title='bbox 1174 463 1218 517; x_wconf 78' lang='grc' dir='ltr'>δ’</span> <span class='ocrx_word' id='word_1_14' title='bbox 1235 456 1320 517; x_wconf 72' lang='grc' dir='ltr'>ὧν</span> <span class='ocrx_word' id='word_1_15' title='bbox 1345 465 1504 536; x_wconf 81' lang='grc' dir='ltr'>χρεία</span> <span class='ocrx_word' id='word_1_16' title='bbox 1530 462 1657 537; x_wconf 86' lang='grc' dir='ltr'>περί</span> <span class='ocrx_word' id='word_1_17' title='bbox 1676 480 1734 516; x_wconf 89' lang='grc' dir='ltr'><strong>τε</strong></span> <span class='ocrx_word' id='word_1_18' title='bbox 1762 462 1877 525; x_wconf 80' lang='grc' dir='ltr'>τοὺς</span> 
     </span>
    </p>
   </div>
   <div class='ocr_carea' id='block_1_5' title="bbox 1976 456 3555 539">
    <p class='ocr_par' dir='ltr' id='par_1_5' title="bbox 1989 456 3555 529">
     <span class='ocr_line' id='line_1_5' title="bbox 1989 456 3555 529; baseline 0.003 -19"><span class='ocrx_word' id='word_1_19' title='bbox 1989 458 2105 513; x_wconf 79' lang='lat' dir='ltr'><strong>tiat.</strong></span> <span class='ocrx_word' id='word_1_20' title='bbox 2141 456 2297 512; x_wconf 84' lang='lat' dir='ltr'><strong>Nunc</strong></span> <span class='ocrx_word' id='word_1_21' title='bbox 2336 457 2503 529; x_wconf 88' lang='lat' dir='ltr'><strong>igitur</strong></span> <span class='ocrx_word' id='word_1_22' title='bbox 2529 456 2599 512; x_wconf 89' lang='lat' dir='ltr'><strong>de</strong></span> <span class='ocrx_word' id='word_1_23' title='bbox 2641 456 3000 527; x_wconf 89' lang='lat' dir='ltr'><strong>temporibus,</strong></span> <span class='ocrx_word' id='word_1_24' title='bbox 3030 458 3307 529; x_wconf 84' lang='lat' dir='ltr'><strong>rebusque</strong></span> <span class='ocrx_word' id='word_1_25' title='bbox 3333 472 3456 529; x_wconf 61' lang='lat' dir='ltr'><strong>qua</strong></span> <span class='ocrx_word' id='word_1_26' title='bbox 3481 456 3555 515; x_wconf 77' lang='lat' dir='ltr'><strong>ad</strong></span> 
     </span>
    </p>
   </div>
   <div class='ocr_carea' id='block_1_6' title="bbox 308 554 1882 628">
    <p class='ocr_par' dir='ltr' id='par_1_6' title="bbox 308 554 1882 628">
     <span class='ocr_line' id='line_1_6' title="bbox 308 554 1882 628; baseline -0.002 -19"><span class='ocrx_word' id='word_1_27' title='bbox 308 555 530 628; x_wconf 85' lang='grc' dir='ltr'>χρόνους</span> <span class='ocrx_word' id='word_1_28' title='bbox 564 557 656 609; x_wconf 78' lang='grc' dir='ltr'>καὶ</span> <span class='ocrx_word' id='word_1_29' title='bbox 689 555 755 608; x_wconf 76' lang='grc' dir='ltr'><strong>τά</strong></span> <span class='ocrx_word' id='word_1_30' title='bbox 786 555 996 618; x_wconf 84' lang='grc' dir='ltr'><strong>τούτοις</strong></span> <span class='ocrx_word' id='word_1_31' title='bbox 1027 554 1367 609; x_wconf 79' lang='grc' dir='ltr'><strong>συντείνοντα</strong></span> <span class='ocrx_word' id='word_1_32' title='bbox 1397 555 1489 608; x_wconf 77' lang='grc' dir='ltr'><strong>τὸν</strong></span> <span class='ocrx_word' id='word_1_33' title='bbox 1526 554 1681 622; x_wconf 88' lang='grc' dir='ltr'>λόγον</span> <span class='ocrx_word' id='word_1_34' title='bbox 1725 570 1882 624; x_wconf 88' lang='grc' dir='ltr'>ποιη-</span> 
     </span>
    </p>
   </div>
   <div class='ocr_carea' id='block_1_7' title="bbox 310 641 1884 718">
    <p class='ocr_par' dir='ltr' id='par_1_7' title="bbox 310 641 1884 718">
     <span class='ocr_line' id='line_1_7' title="bbox 310 641 1884 718; baseline -0.001 -20"><span class='ocrx_word' id='word_1_35' title='bbox 310 645 535 717; x_wconf 85' lang='grc' dir='ltr'>σόμεθα.</span> <span class='ocrx_word' id='word_1_36' title='bbox 566 646 687 699; x_wconf 87' lang='grc' dir='ltr'>Ὅτι</span> <span class='ocrx_word' id='word_1_37' title='bbox 724 647 821 715; x_wconf 74' lang='grc' dir='ltr'>μὲν</span> <span class='ocrx_word' id='word_1_38' title='bbox 855 641 948 699; x_wconf 83' lang='grc' dir='ltr'><strong>οῦν</strong></span> <span class='ocrx_word' id='word_1_39' title='bbox 986 646 1238 716; x_wconf 74' lang='grc' dir='ltr'>περὶτῆς</span> <span class='ocrx_word' id='word_1_40' title='bbox 1266 644 1360 698; x_wconf 88' lang='grc' dir='ltr'><strong>τοῦ</strong></span> <span class='ocrx_word' id='word_1_41' title='bbox 1396 646 1632 716; x_wconf 76' lang='grc' dir='ltr'><strong>Χριστοῦ</strong></span> <span class='ocrx_word' id='word_1_42' title='bbox 1677 660 1884 718; x_wconf 84' lang='grc' dir='ltr'>παρου-</span> 
     </span>
    </p>
   </div>
   <div class='ocr_carea' id='block_1_8' title="bbox 310 737 1882 809">
    <p class='ocr_par' dir='ltr' id='par_1_8' title="bbox 310 737 1882 809">
     <span class='ocr_line' id='line_1_8' title="bbox 310 737 1882 809; baseline 0.001 -18"><span class='ocrx_word' id='word_1_43' title='bbox 310 740 433 801; x_wconf 87' lang='grc' dir='ltr'>σίας</span> <span class='ocrx_word' id='word_1_44' title='bbox 459 737 673 806; x_wconf 82' lang='grc' dir='ltr'>λέγεται</span> <span class='ocrx_word' id='word_1_45' title='bbox 697 738 875 792; x_wconf 80' lang='grc' dir='ltr'>ταῦτα</span> <span class='ocrx_word' id='word_1_46' title='bbox 901 737 1038 808; x_wconf 87' lang='grc' dir='ltr'>μετὰ</span> <span class='ocrx_word' id='word_1_47' title='bbox 1061 737 1362 808; x_wconf 79' lang='grc' dir='ltr'>ἑϐδομάδας</span> <span class='ocrx_word' id='word_1_48' title='bbox 1390 745 1431 789; x_wconf 88' lang='lat' dir='ltr'><strong>o&#39;</strong></span> <span class='ocrx_word' id='word_1_49' title='bbox 1455 739 1734 809; x_wconf 85' lang='grc' dir='ltr'>μέλλοντος</span> <span class='ocrx_word' id='word_1_50' title='bbox 1758 739 1882 792; x_wconf 72' lang='grc' dir='ltr'>ἑπι-</span> 
     </span>
    </p>
   </div>
   <div class='ocr_carea' id='block_1_9' title="bbox 309 829 1881 902">
    <p class='ocr_par' dir='ltr' id='par_1_9' title="bbox 309 829 1881 902">
     <span class='ocr_line' id='line_1_9' title="bbox 309 829 1881 902; baseline 0.001 -17"><span class='ocrx_word' id='word_1_51' title='bbox 309 830 615 901; x_wconf 79' lang='grc' dir='ltr'>φαίνεσθαι,</span> <span class='ocrx_word' id='word_1_52' title='bbox 641 830 825 901; x_wconf 87' lang='grc' dir='ltr'>δῆλον·</span> <span class='ocrx_word' id='word_1_53' title='bbox 853 831 946 884; x_wconf 78' lang='grc' dir='ltr'>ἐπὶ</span> <span class='ocrx_word' id='word_1_54' title='bbox 973 830 1082 902; x_wconf 82' lang='grc' dir='ltr'><strong>γὰρ</strong></span> <span class='ocrx_word' id='word_1_55' title='bbox 1101 829 1196 884; x_wconf 89' lang='grc' dir='ltr'><strong>τοῦ</strong></span> <span class='ocrx_word' id='word_1_56' title='bbox 1227 830 1474 901; x_wconf 79' lang='grc' dir='ltr'><strong>Σωτῆρος</strong></span> <span class='ocrx_word' id='word_1_57' title='bbox 1497 831 1529 902; x_wconf 79' lang='grc' dir='ltr'>ἢ</span> <span class='ocrx_word' id='word_1_58' title='bbox 1564 832 1672 885; x_wconf 74' lang='grc' dir='ltr'><strong>ἀπὸ</strong></span> <span class='ocrx_word' id='word_1_59' title='bbox 1690 832 1881 886; x_wconf 86' lang='grc' dir='ltr'>τούτου</span> 
     </span>
    </p>
   </div>
   <div class='ocr_carea' id='block_1_10' title="bbox 308 919 1882 993">
    <p class='ocr_par' dir='ltr' id='par_1_10' title="bbox 308 919 1882 993">
     <span class='ocr_line' id='line_1_10' title="bbox 308 919 1882 993; baseline 0.001 -19"><span class='ocrx_word' id='word_1_60' title='bbox 308 922 376 976; x_wconf 73' lang='grc' dir='ltr'><strong>τά</strong></span> <span class='ocrx_word' id='word_1_61' title='bbox 408 920 827 991; x_wconf 80' lang='grc' dir='ltr'><strong>παραπτώματα</strong></span> <span class='ocrx_word' id='word_1_62' title='bbox 864 919 1206 984; x_wconf 83' lang='grc' dir='ltr'><strong>παλαιοῦται,</strong></span> <span class='ocrx_word' id='word_1_63' title='bbox 1252 921 1345 974; x_wconf 79' lang='grc' dir='ltr'>καὶ</span> <span class='ocrx_word' id='word_1_64' title='bbox 1377 921 1432 973; x_wconf 88' lang='grc' dir='ltr'><strong>αἰ</strong></span> <span class='ocrx_word' id='word_1_65' title='bbox 1461 922 1728 993; x_wconf 75' lang='grc' dir='ltr'>ἁμαρτίαι</span> <span class='ocrx_word' id='word_1_66' title='bbox 1758 939 1882 976; x_wconf 84' lang='grc' dir='ltr'>συν·-</span> 
     </span>
    </p>
   </div>
   <div class='ocr_carea' id='block_1_11' title="bbox 306 1012 1882 1086">
    <p class='ocr_par' dir='ltr' id='par_1_11' title="bbox 306 1012 1882 1086">
     <span class='ocr_line' id='line_1_11' title="bbox 306 1012 1882 1086; baseline 0 -19"><span class='ocrx_word' id='word_1_67' title='bbox 306 1012 586 1067; x_wconf 84' lang='grc' dir='ltr'>τελοῦνται</span> <span class='ocrx_word' id='word_1_68' title='bbox 621 1012 708 1066; x_wconf 83' lang='grc' dir='ltr'><strong>διά</strong></span> <span class='ocrx_word' id='word_1_69' title='bbox 741 1012 838 1084; x_wconf 79' lang='grc' dir='ltr'>τὴν</span> <span class='ocrx_word' id='word_1_70' title='bbox 876 1014 1099 1082; x_wconf 75' lang='grc' dir='ltr'>ἄφεσιν,</span> <span class='ocrx_word' id='word_1_71' title='bbox 1134 1012 1195 1066; x_wconf 77' lang='grc' dir='ltr'><strong>αἴ</strong></span> <span class='ocrx_word' id='word_1_72' title='bbox 1238 1029 1300 1066; x_wconf 91' lang='grc' dir='ltr'><strong>τε</strong></span> <span class='ocrx_word' id='word_1_73' title='bbox 1342 1013 1561 1084; x_wconf 81' lang='grc' dir='ltr'>ἀνομίαι</span> <span class='ocrx_word' id='word_1_74' title='bbox 1608 1014 1882 1086; x_wconf 87' lang='grc' dir='ltr'>ἐξιλασμῷ</span> 
     </span>
    </p>
   </div>
   <div class='ocr_carea' id='block_1_12' title="bbox 308 1102 1882 1176">
    <p class='ocr_par' dir='ltr' id='par_1_12' title="bbox 308 1102 1882 1176">
     <span class='ocr_line' id='line_1_12' title="bbox 308 1102 1882 1176; baseline 0.003 -20"><span class='ocrx_word' id='word_1_75' title='bbox 308 1104 447 1175; x_wconf 81' lang='grc' dir='ltr'>μετὰ</span> <span class='ocrx_word' id='word_1_76' title='bbox 464 1102 573 1156; x_wconf 85' lang='grc' dir='ltr'>τῶν</span> <span class='ocrx_word' id='word_1_77' title='bbox 592 1102 817 1157; x_wconf 85' lang='grc' dir='ltr'>ἀδικιῶν</span> <span class='ocrx_word' id='word_1_78' title='bbox 836 1104 1245 1173; x_wconf 83' lang='grc' dir='ltr'>άπαλείφονται,</span> <span class='ocrx_word' id='word_1_79' title='bbox 1259 1104 1568 1176; x_wconf 82' lang='grc' dir='ltr'>δικαιοσύνη</span> <span class='ocrx_word' id='word_1_80' title='bbox 1589 1123 1649 1159; x_wconf 84' lang='grc' dir='ltr'><strong>τε</strong></span> <span class='ocrx_word' id='word_1_81' title='bbox 1668 1106 1882 1171; x_wconf 86' lang='grc' dir='ltr'>αἰώνιος</span> 
     </span>
    </p>
   </div>
   <div class='ocr_carea' id='block_1_13' title="bbox 306 1194 1881 1269">
    <p class='ocr_par' dir='ltr' id='par_1_13' title="bbox 306 1194 1881 1269">
     <span class='ocr_line' id='line_1_13' title="bbox 306 1194 1881 1269; baseline 0.002 -20"><span class='ocrx_word' id='word_1_82' title='bbox 306 1194 730 1265; x_wconf 79' lang='grc' dir='ltr'>καταγγέλλεται</span> <span class='ocrx_word' id='word_1_83' title='bbox 759 1196 952 1269; x_wconf 65' lang='grc' dir='ltr'>(παρὰ)</span> <span class='ocrx_word' id='word_1_84' title='bbox 981 1197 1077 1268; x_wconf 82' lang='grc' dir='ltr'>τὴν</span> <span class='ocrx_word' id='word_1_85' title='bbox 1118 1198 1182 1249; x_wconf 82' lang='grc' dir='ltr'>ὲκ</span> <span class='ocrx_word' id='word_1_86' title='bbox 1220 1197 1407 1267; x_wconf 84' lang='grc' dir='ltr'>νόμου,</span> <span class='ocrx_word' id='word_1_87' title='bbox 1443 1197 1661 1268; x_wconf 81' lang='grc' dir='ltr'>ὁράσεις</span> <span class='ocrx_word' id='word_1_88' title='bbox 1691 1215 1751 1251; x_wconf 88' lang='grc' dir='ltr'><strong>τε</strong></span> <span class='ocrx_word' id='word_1_89' title='bbox 1786 1200 1881 1252; x_wconf 72' lang='grc' dir='ltr'>καὶ</span> 
     </span>
    </p>
   </div>
   <div class='ocr_carea' id='block_1_14' title="bbox 313 1287 1877 1361">
    <p class='ocr_par' dir='ltr' id='par_1_14' title="bbox 313 1287 1877 1361">
     <span class='ocr_line' id='line_1_14' title="bbox 313 1287 1877 1361; baseline 0.003 -20"><span class='ocrx_word' id='word_1_90' title='bbox 313 1291 630 1359; x_wconf 74' lang='grc' dir='ltr'>προφητεῖαι</span> <span class='ocrx_word' id='word_1_91' title='bbox 665 1290 857 1360; x_wconf 79' lang='grc' dir='ltr'>μέχρις</span> <span class='ocrx_word' id='word_1_92' title='bbox 906 1287 1181 1342; x_wconf 82' lang='grc' dir='ltr'>Ἰωάννου·</span> <span class='ocrx_word' id='word_1_93' title='bbox 1216 1289 1427 1361; x_wconf 82' lang='grc' dir='ltr'>χρίεται</span> <span class='ocrx_word' id='word_1_94' title='bbox 1456 1289 1642 1357; x_wconf 81' lang='grc' dir='ltr'>’Ἀγιος</span> <span class='ocrx_word' id='word_1_95' title='bbox 1679 1290 1877 1358; x_wconf 85' lang='grc' dir='ltr'>ἁγίων·</span> 
     </span>
    </p>
   </div>
   <div class='ocr_carea' id='block_1_15' title="bbox 309 1377 1883 1450">
    <p class='ocr_par' dir='ltr' id='par_1_15' title="bbox 309 1377 1883 1450">
     <span class='ocr_line' id='line_1_15' title="bbox 309 1377 1883 1450; baseline 0.003 -20"><span class='ocrx_word' id='word_1_96' title='bbox 309 1377 412 1450; x_wconf 78' lang='grc' dir='ltr'>πρὸ</span> <span class='ocrx_word' id='word_1_97' title='bbox 438 1377 544 1450; x_wconf 78' lang='grc' dir='ltr'><strong>γάρ</strong></span> <span class='ocrx_word' id='word_1_98' title='bbox 568 1378 668 1448; x_wconf 89' lang='grc' dir='ltr'><strong>τῆς</strong></span> <span class='ocrx_word' id='word_1_99' title='bbox 697 1377 789 1431; x_wconf 87' lang='grc' dir='ltr'><strong>τοῦ</strong></span> <span class='ocrx_word' id='word_1_100' title='bbox 815 1377 1065 1448; x_wconf 77' lang='grc' dir='ltr'>Σωτῆρος</span> <span class='ocrx_word' id='word_1_101' title='bbox 1100 1379 1400 1449; x_wconf 81' lang='grc' dir='ltr'>παρουσίας</span> <span class='ocrx_word' id='word_1_102' title='bbox 1421 1378 1520 1432; x_wconf 76' lang='grc' dir='ltr'>οὐκ</span> <span class='ocrx_word' id='word_1_103' title='bbox 1551 1379 1678 1432; x_wconf 73' lang='grc' dir='ltr'>ὄντα</span> <span class='ocrx_word' id='word_1_104' title='bbox 1709 1379 1883 1434; x_wconf 88' lang='grc' dir='ltr'>ταῦτα</span> 
     </span>
    </p>
   </div>
   <div class='ocr_carea' id='block_1_16' title="bbox 310 1469 1878 1543">
    <p class='ocr_par' dir='ltr' id='par_1_16' title="bbox 310 1469 1878 1543">
     <span class='ocr_line' id='line_1_16' title="bbox 310 1469 1878 1543; baseline 0 -18"><span class='ocrx_word' id='word_1_105' title='bbox 310 1469 669 1541; x_wconf 82' lang='grc' dir='ltr'>προσεδοκᾶτο</span> <span class='ocrx_word' id='word_1_106' title='bbox 733 1470 909 1541; x_wconf 86' lang='grc' dir='ltr'>μόνον.</span> <span class='ocrx_word' id='word_1_107' title='bbox 963 1469 1265 1540; x_wconf 83' lang='grc' dir='ltr'>’Ἀρξασθαι</span> <span class='ocrx_word' id='word_1_108' title='bbox 1316 1470 1381 1541; x_wconf 81' lang='grc' dir='ltr'>δὴ</span> <span class='ocrx_word' id='word_1_109' title='bbox 1436 1470 1544 1525; x_wconf 83' lang='grc' dir='ltr'><strong>τῶν</strong></span> <span class='ocrx_word' id='word_1_110' title='bbox 1598 1470 1878 1543; x_wconf 79' lang='grc' dir='ltr'>ἀριθμῶν,</span> 
     </span>
    </p>
   </div>
   <div class='ocr_carea' id='block_1_17' title="bbox 314 1560 1880 1633">
    <p class='ocr_par' dir='ltr' id='par_1_17' title="bbox 314 1560 1880 1633">
     <span class='ocr_line' id='line_1_17' title="bbox 314 1560 1880 1633; baseline 0 -17"><span class='ocrx_word' id='word_1_111' title='bbox 314 1561 447 1617; x_wconf 80' lang='grc' dir='ltr'>τοῦτ’</span> <span class='ocrx_word' id='word_1_112' title='bbox 490 1560 605 1614; x_wconf 84' lang='grc' dir='ltr'>ἑστι</span> <span class='ocrx_word' id='word_1_113' title='bbox 650 1562 760 1616; x_wconf 82' lang='grc' dir='ltr'>τῶν</span> <span class='ocrx_word' id='word_1_114' title='bbox 811 1568 853 1616; x_wconf 85' lang='lat'><strong>0&#39;</strong></span> <span class='ocrx_word' id='word_1_115' title='bbox 918 1560 1258 1632; x_wconf 81' lang='grc' dir='ltr'>ἑϐδομάδων,</span> <span class='ocrx_word' id='word_1_116' title='bbox 1310 1560 1345 1615; x_wconf 78' lang='grc' dir='ltr'><strong>ἃ</strong></span> <span class='ocrx_word' id='word_1_117' title='bbox 1378 1563 1524 1615; x_wconf 81' lang='grc' dir='ltr'>ἐστιν</span> <span class='ocrx_word' id='word_1_118' title='bbox 1572 1564 1666 1633; x_wconf 86' lang='grc' dir='ltr'><strong>ἑτη</strong></span> <span class='ocrx_word' id='word_1_119' title='bbox 1710 1567 1816 1630; x_wconf 50' lang='grc' dir='ltr'>υἰέ,</span> <span class='ocrx_word' id='word_1_120' title='bbox 1851 1564 1880 1616; x_wconf 87' lang='grc' dir='ltr'><strong>ό</strong></span> 
     </span>
    </p>
   </div>
   <div class='ocr_carea' id='block_1_18' title="bbox 306 1653 1882 1732">
    <p class='ocr_par' dir='ltr' id='par_1_18' title="bbox 306 1653 1882 1732">
     <span class='ocr_line' id='line_1_18' title="bbox 306 1653 1882 1732; baseline 0.001 -23"><span class='ocrx_word' id='word_1_121' title='bbox 306 1654 532 1724; x_wconf 66' lang='grc' dir='ltr'>ἄγγελος</span> <span class='ocrx_word' id='word_1_122' title='bbox 576 1654 889 1709; x_wconf 82' lang='grc' dir='ltr'>ὑποτίθεται</span> <span class='ocrx_word' id='word_1_123' title='bbox 919 1673 936 1705; x_wconf 86' lang='grc' dir='ltr'><strong>ι</strong></span> <span class='ocrx_word' id='word_1_124' title='bbox 962 1655 1069 1709; x_wconf 74' lang='grc' dir='ltr'><strong>ἀπὸ</strong></span> <span class='ocrx_word' id='word_1_125' title='bbox 1111 1654 1290 1732; x_wconf 79' lang='grc' dir='ltr'>ἐξόδου</span> <span class='ocrx_word' id='word_1_126' title='bbox 1334 1653 1490 1724; x_wconf 82' lang='grc' dir='ltr'>λόγου</span> <span class='ocrx_word' id='word_1_127' title='bbox 1528 1656 1621 1709; x_wconf 89' lang='grc' dir='ltr'><strong>τοῦ</strong></span> <span class='ocrx_word' id='word_1_128' title='bbox 1650 1658 1882 1729; x_wconf 84' lang='grc' dir='ltr'>ἀποκρι-</span> 
     </span>
    </p>
   </div>
   <div class='ocr_carea' id='block_1_19' title="bbox 306 1745 1879 1820">
    <p class='ocr_par' dir='ltr' id='par_1_19' title="bbox 306 1745 1879 1820">
     <span class='ocr_line' id='line_1_19' title="bbox 306 1745 1879 1820; baseline 0.001 -19"><span class='ocrx_word' id='word_1_129' title='bbox 306 1746 461 1819; x_wconf 83' lang='grc' dir='ltr'>θῆναι</span> <span class='ocrx_word' id='word_1_130' title='bbox 491 1746 586 1799; x_wconf 66' lang='grc' dir='ltr'>καὶ</span> <span class='ocrx_word' id='word_1_131' title='bbox 615 1745 710 1800; x_wconf 86' lang='grc' dir='ltr'><strong>τοῦ</strong></span> <span class='ocrx_word' id='word_1_132' title='bbox 740 1746 1088 1818; x_wconf 84' lang='grc' dir='ltr'>οἰκοδομῆσαι</span> <span class='ocrx_word' id='word_1_133' title='bbox 1128 1746 1506 1818; x_wconf 81' lang='grc' dir='ltr'>Ἰερουσαλήμ·</span> <span class='ocrx_word' id='word_1_134' title='bbox 1538 1767 1557 1798; x_wconf 77' lang='grc' dir='ltr'><strong>ι</strong></span> <span class='ocrx_word' id='word_1_135' title='bbox 1594 1748 1792 1820; x_wconf 84' lang='grc' dir='ltr'>συνέϐη</span> <span class='ocrx_word' id='word_1_136' title='bbox 1822 1747 1879 1802; x_wconf 80' lang='grc' dir='ltr'>δὲ</span> 
     </span>
    </p>
   </div>
   <div class='ocr_carea' id='block_1_20' title="bbox 1982 550 3556 622">
    <p class='ocr_par' dir='ltr' id='par_1_20' title="bbox 1982 550 3556 622">
     <span class='ocr_line' id='line_1_20' title="bbox 1982 550 3556 622; baseline 0.001 -16"><span class='ocrx_word' id='word_1_137' title='bbox 1982 567 2046 606; x_wconf 86' lang='lat' dir='ltr'><strong>ea</strong></span> <span class='ocrx_word' id='word_1_138' title='bbox 2079 551 2349 622; x_wconf 88' lang='lat' dir='ltr'><strong>pertinent</strong></span> <span class='ocrx_word' id='word_1_139' title='bbox 2376 561 2642 621; x_wconf 86' lang='lat' dir='ltr'><strong>tempora,</strong></span> <span class='ocrx_word' id='word_1_140' title='bbox 2673 550 2834 607; x_wconf 88' lang='lat' dir='ltr'><strong>nobis</strong></span> <span class='ocrx_word' id='word_1_141' title='bbox 2859 550 3240 606; x_wconf 85' lang='lat' dir='ltr'><strong>disserendum</strong></span> <span class='ocrx_word' id='word_1_142' title='bbox 3264 561 3370 608; x_wconf 89' lang='lat' dir='ltr'><strong>est.</strong></span> <span class='ocrx_word' id='word_1_143' title='bbox 3393 550 3556 619; x_wconf 82' lang='lat' dir='ltr'><strong>Quod</strong></span> 
     </span>
    </p>
   </div>
   <div class='ocr_carea' id='block_1_21' title="bbox 1982 640 3557 715">
    <p class='ocr_par' dir='ltr' id='par_1_21' title="bbox 1982 640 3557 715">
     <span class='ocr_line' id='line_1_21' title="bbox 1982 640 3557 715; baseline 0.003 -18"><span class='ocrx_word' id='word_1_144' title='bbox 1982 642 2203 714; x_wconf 82' lang='lat' dir='ltr'><strong>quidem</strong></span> <span class='ocrx_word' id='word_1_145' title='bbox 2233 643 2301 698; x_wconf 86' lang='lat' dir='ltr'><strong>de</strong></span> <span class='ocrx_word' id='word_1_146' title='bbox 2328 640 2535 698; x_wconf 85' lang='lat' dir='ltr'><strong>Christi</strong></span> <span class='ocrx_word' id='word_1_147' title='bbox 2566 644 2803 698; x_wconf 86' lang='lat' dir='ltr'><strong>adventu</strong></span> <span class='ocrx_word' id='word_1_148' title='bbox 2834 643 2948 700; x_wconf 60' lang='lat' dir='ltr'><strong>haec</strong></span> <span class='ocrx_word' id='word_1_149' title='bbox 2976 643 3236 699; x_wconf 90' lang='lat' dir='ltr'><strong>dicuntur</strong></span> <span class='ocrx_word' id='word_1_150' title='bbox 3268 652 3392 715; x_wconf 88' lang='lat' dir='ltr'><strong>post</strong></span> <span class='ocrx_word' id='word_1_151' title='bbox 3422 644 3557 701; x_wconf 87' lang='lat' dir='ltr'><strong>heb-</strong></span> 
     </span>
    </p>
   </div>
   <div class='ocr_carea' id='block_1_22' title="bbox 1981 728 3557 806">
    <p class='ocr_par' dir='ltr' id='par_1_22' title="bbox 1981 728 3557 806">
     <span class='ocr_line' id='line_1_22' title="bbox 1981 728 3557 806; baseline 0 -13"><span class='ocrx_word' id='word_1_152' title='bbox 1981 735 2245 793; x_wconf 85' lang='lat' dir='ltr'><strong>domades</strong></span> <span class='ocrx_word' id='word_1_153' title='bbox 2273 751 2376 790; x_wconf 74' lang='lat' dir='ltr'><strong>Lxx</strong></span> <span class='ocrx_word' id='word_1_154' title='bbox 2407 728 2643 798; x_wconf 78' lang='lat' dir='ltr'><strong>venturi,</strong></span> <span class='ocrx_word' id='word_1_155' title='bbox 2678 745 2926 806; x_wconf 85' lang='lat' dir='ltr'><strong>apertum</strong></span> <span class='ocrx_word' id='word_1_156' title='bbox 2959 749 3062 793; x_wconf 84' lang='lat' dir='ltr'><strong>est.</strong></span> <span class='ocrx_word' id='word_1_157' title='bbox 3105 736 3317 792; x_wconf 84' lang='lat' dir='ltr'><strong>Etenim</strong></span> <span class='ocrx_word' id='word_1_158' title='bbox 3359 752 3391 791; x_wconf 89' lang='lat' dir='ltr'><strong>a</strong></span> <span class='ocrx_word' id='word_1_159' title='bbox 3433 735 3557 793; x_wconf 84' lang='lat' dir='ltr'><strong>Sal-</strong></span> 
     </span>
    </p>
   </div>
   <div class='ocr_carea' id='block_1_23' title="bbox 1983 828 3554 900">
    <p class='ocr_par' dir='ltr' id='par_1_23' title="bbox 1983 828 3554 900">
     <span class='ocr_line' id='line_1_23' title="bbox 1983 828 3554 900; baseline 0.002 -17"><span class='ocrx_word' id='word_1_160' title='bbox 1983 830 2188 884; x_wconf 88' lang='lat' dir='ltr'><strong>vatoris</strong></span> <span class='ocrx_word' id='word_1_161' title='bbox 2227 837 2472 899; x_wconf 90' lang='lat' dir='ltr'><strong>tempore</strong></span> <span class='ocrx_word' id='word_1_162' title='bbox 2519 829 2926 884; x_wconf 81' lang='lat' dir='ltr'><strong>inveteraseunt</strong></span> <span class='ocrx_word' id='word_1_163' title='bbox 2960 829 3456 900; x_wconf 72' lang='lat' dir='ltr'><strong>praevaricationes,</strong></span> <span class='ocrx_word' id='word_1_164' title='bbox 3488 828 3554 885; x_wconf 77' lang='lat' dir='ltr'><strong>ﬁ-</strong></span> 
     </span>
    </p>
   </div>
   <div class='ocr_carea' id='block_1_24' title="bbox 1981 919 3550 989">
    <p class='ocr_par' dir='ltr' id='par_1_24' title="bbox 1981 919 3550 989">
     <span class='ocr_line' id='line_1_24' title="bbox 1981 919 3550 989; baseline 0.002 -15"><span class='ocrx_word' id='word_1_165' title='bbox 1981 935 2105 975; x_wconf 86' lang='lat' dir='ltr'><strong>nem</strong></span> <span class='ocrx_word' id='word_1_166' title='bbox 2145 920 2421 989; x_wconf 87' lang='lat' dir='ltr'><strong>accipiunt</strong></span> <span class='ocrx_word' id='word_1_167' title='bbox 2451 935 2547 989; x_wconf 86' lang='lat' dir='ltr'><strong>per</strong></span> <span class='ocrx_word' id='word_1_168' title='bbox 2571 920 2997 988; x_wconf 79' lang='lat' dir='ltr'><strong>redemptionem</strong></span> <span class='ocrx_word' id='word_1_169' title='bbox 3032 931 3275 989; x_wconf 86' lang='lat' dir='ltr'><strong>peccata,</strong></span> <span class='ocrx_word' id='word_1_170' title='bbox 3299 919 3550 977; x_wconf 87' lang='lat' dir='ltr'><strong>delentur</strong></span> 
     </span>
    </p>
   </div>
   <div class='ocr_carea' id='block_1_25' title="bbox 1980 1010 3554 1082">
    <p class='ocr_par' dir='ltr' id='par_1_25' title="bbox 1980 1010 3554 1082">
     <span class='ocr_line' id='line_1_25' title="bbox 1980 1010 3554 1082; baseline 0.001 -18"><span class='ocrx_word' id='word_1_171' title='bbox 1980 1010 2387 1082; x_wconf 78' lang='lat' dir='ltr'><strong>propitiationis</strong></span> <span class='ocrx_word' id='word_1_172' title='bbox 2436 1010 2708 1067; x_wconf 88' lang='lat' dir='ltr'><strong>sacrilicio</strong></span> <span class='ocrx_word' id='word_1_173' title='bbox 2758 1010 3074 1079; x_wconf 83' lang='lat' dir='ltr'><strong>iniquitates</strong></span> <span class='ocrx_word' id='word_1_174' title='bbox 3119 1026 3245 1065; x_wconf 89' lang='lat' dir='ltr'><strong>eum</strong></span> <span class='ocrx_word' id='word_1_175' title='bbox 3293 1010 3554 1082; x_wconf 57' lang='lat' dir='ltr'><strong>praevari-</strong></span> 
     </span>
    </p>
   </div>
   <div class='ocr_carea' id='block_1_26' title="bbox 1981 1100 3552 1171">
    <p class='ocr_par' dir='ltr' id='par_1_26' title="bbox 1981 1100 3552 1171">
     <span class='ocr_line' id='line_1_26' title="bbox 1981 1100 3552 1171; baseline 0.001 -15"><span class='ocrx_word' id='word_1_176' title='bbox 1981 1101 2312 1165; x_wconf 87' lang='lat' dir='ltr'><strong>cationibus,</strong></span> <span class='ocrx_word' id='word_1_177' title='bbox 2345 1112 2398 1157; x_wconf 89' lang='lat' dir='ltr'><strong>et</strong></span> <span class='ocrx_word' id='word_1_178' title='bbox 2427 1116 2526 1171; x_wconf 88' lang='lat' dir='ltr'><strong>pro</strong></span> <span class='ocrx_word' id='word_1_179' title='bbox 2564 1101 2702 1171; x_wconf 88' lang='lat' dir='ltr'><strong>legis</strong></span> <span class='ocrx_word' id='word_1_180' title='bbox 2724 1100 2940 1170; x_wconf 85' lang='lat' dir='ltr'><strong>justitia</strong></span> <span class='ocrx_word' id='word_1_181' title='bbox 2974 1104 3303 1171; x_wconf 88' lang='lat' dir='ltr'><strong>sempiterna</strong></span> <span class='ocrx_word' id='word_1_182' title='bbox 3335 1116 3552 1158; x_wconf 85' lang='lat' dir='ltr'><strong>annun-</strong></span> 
     </span>
    </p>
   </div>
   <div class='ocr_carea' id='block_1_27' title="bbox 1981 1192 3551 1266">
    <p class='ocr_par' dir='ltr' id='par_1_27' title="bbox 1981 1192 3551 1266">
     <span class='ocr_line' id='line_1_27' title="bbox 1981 1192 3551 1266; baseline 0.003 -18"><span class='ocrx_word' id='word_1_183' title='bbox 1981 1195 2147 1248; x_wconf 89' lang='lat' dir='ltr'><strong>tiatur</strong></span> <span class='ocrx_word' id='word_1_184' title='bbox 2169 1194 2406 1265; x_wconf 81' lang='lat' dir='ltr'><strong>justitia,</strong></span> <span class='ocrx_word' id='word_1_185' title='bbox 2449 1194 2687 1249; x_wconf 79' lang='lat' dir='ltr'><strong>visiones</strong></span> <span class='ocrx_word' id='word_1_186' title='bbox 2711 1192 2921 1248; x_wconf 88' lang='lat' dir='ltr'><strong>scilicet</strong></span> <span class='ocrx_word' id='word_1_187' title='bbox 2950 1201 3005 1247; x_wconf 87' lang='lat' dir='ltr'><strong>et</strong></span> <span class='ocrx_word' id='word_1_188' title='bbox 3038 1195 3336 1263; x_wconf 73' lang='lat' dir='ltr'><strong>prophetiae</strong></span> <span class='ocrx_word' id='word_1_189' title='bbox 3375 1211 3551 1266; x_wconf 87' lang='lat' dir='ltr'><strong>usque</strong></span> 
     </span>
    </p>
   </div>
   <div class='ocr_carea' id='block_1_28' title="bbox 1981 1282 3552 1356">
    <p class='ocr_par' dir='ltr' id='par_1_28' title="bbox 1981 1282 3552 1356">
     <span class='ocr_line' id='line_1_28' title="bbox 1981 1282 3552 1356; baseline 0.003 -16"><span class='ocrx_word' id='word_1_190' title='bbox 1981 1285 2049 1340; x_wconf 87' lang='lat' dir='ltr'><strong>ad</strong></span> <span class='ocrx_word' id='word_1_191' title='bbox 2098 1284 2399 1350; x_wconf 84' lang='lat' dir='ltr'><strong>Joannem;</strong></span> <span class='ocrx_word' id='word_1_192' title='bbox 2446 1285 2669 1356; x_wconf 89' lang='lat' dir='ltr'><strong>ungitur</strong></span> <span class='ocrx_word' id='word_1_193' title='bbox 2721 1282 2956 1339; x_wconf 86' lang='lat' dir='ltr'><strong>Sanctus</strong></span> <span class='ocrx_word' id='word_1_194' title='bbox 3011 1294 3347 1342; x_wconf 79' lang='lat' dir='ltr'><strong>sanctorum.</strong></span> <span class='ocrx_word' id='word_1_195' title='bbox 3410 1287 3552 1345; x_wconf 84' lang='lat' dir='ltr'><strong>Ante</strong></span> 
     </span>
    </p>
   </div>
   <div class='ocr_carea' id='block_1_29' title="bbox 1979 1375 3550 1448">
    <p class='ocr_par' dir='ltr' id='par_1_29' title="bbox 1979 1375 3550 1448">
     <span class='ocr_line' id='line_1_29' title="bbox 1979 1375 3550 1448; baseline 0.002 -16"><span class='ocrx_word' id='word_1_196' title='bbox 1979 1379 2123 1433; x_wconf 87' lang='lat' dir='ltr'><strong>enim</strong></span> <span class='ocrx_word' id='word_1_197' title='bbox 2152 1375 2453 1432; x_wconf 86' lang='lat' dir='ltr'><strong>Salvatoris</strong></span> <span class='ocrx_word' id='word_1_198' title='bbox 2487 1377 2919 1432; x_wconf 76' lang='lat' dir='ltr'><strong>incarnationem</strong></span> <span class='ocrx_word' id='word_1_199' title='bbox 2948 1375 3061 1430; x_wconf 63' lang='lat' dir='ltr'><strong>haec</strong></span> <span class='ocrx_word' id='word_1_200' title='bbox 3090 1376 3329 1432; x_wconf 91' lang='lat' dir='ltr'><strong>nondum</strong></span> <span class='ocrx_word' id='word_1_201' title='bbox 3368 1387 3550 1448; x_wconf 84' lang='lat' dir='ltr'><strong>erant,</strong></span> 
     </span>
    </p>
   </div>
   <div class='ocr_carea' id='block_1_30' title="bbox 1982 1460 3554 1533">
    <p class='ocr_par' dir='ltr' id='par_1_30' title="bbox 1982 1460 3554 1533">
     <span class='ocr_line' id='line_1_30' title="bbox 1982 1460 3554 1533; baseline 0.001 -15"><span class='ocrx_word' id='word_1_202' title='bbox 1982 1463 2358 1518; x_wconf 84' lang='lat' dir='ltr'><strong>tantummodo</strong></span> <span class='ocrx_word' id='word_1_203' title='bbox 2385 1462 2867 1532; x_wconf 88' lang='lat' dir='ltr'><strong>exspectabantur.</strong></span> <span class='ocrx_word' id='word_1_204' title='bbox 2897 1460 3175 1516; x_wconf 91' lang='lat' dir='ltr'><strong>Annorum</strong></span> <span class='ocrx_word' id='word_1_205' title='bbox 3211 1465 3554 1533; x_wconf 87' lang='lat' dir='ltr'><strong>supputatio-</strong></span> 
     </span>
    </p>
   </div>
   <div class='ocr_carea' id='block_1_31' title="bbox 1978 1553 3555 1622">
    <p class='ocr_par' dir='ltr' id='par_1_31' title="bbox 1978 1553 3555 1622">
     <span class='ocr_line' id='line_1_31' title="bbox 1978 1553 3555 1622; baseline 0.001 -11"><span class='ocrx_word' id='word_1_206' title='bbox 1978 1572 2125 1621; x_wconf 86' lang='lat' dir='ltr'><strong>nem,</strong></span> <span class='ocrx_word' id='word_1_207' title='bbox 2156 1572 2261 1610; x_wconf 81' lang='lat' dir='ltr'><strong>Lxx</strong></span> <span class='ocrx_word' id='word_1_208' title='bbox 2295 1556 2502 1611; x_wconf 89' lang='lat' dir='ltr'><strong>scilicet</strong></span> <span class='ocrx_word' id='word_1_209' title='bbox 2542 1553 2925 1621; x_wconf 85' lang='lat' dir='ltr'><strong>hebdomades,</strong></span> <span class='ocrx_word' id='word_1_210' title='bbox 2955 1570 3051 1611; x_wconf 87' lang='lat' dir='ltr'><strong>seu</strong></span> <span class='ocrx_word' id='word_1_211' title='bbox 3089 1570 3224 1610; x_wconf 83' lang='lat' dir='ltr'><strong>cnxc</strong></span> <span class='ocrx_word' id='word_1_212' title='bbox 3257 1572 3451 1622; x_wconf 81' lang='lat' dir='ltr'><strong>annos,</strong></span> <span class='ocrx_word' id='word_1_213' title='bbox 3473 1557 3555 1612; x_wconf 87' lang='lat' dir='ltr'><strong>in-</strong></span> 
     </span>
    </p>
   </div>
   <div class='ocr_carea' id='block_1_32' title="bbox 1979 1647 3553 1721">
    <p class='ocr_par' dir='ltr' id='par_1_32' title="bbox 1979 1647 3553 1721">
     <span class='ocr_line' id='line_1_32' title="bbox 1979 1647 3553 1721; baseline 0.003 -20"><span class='ocrx_word' id='word_1_214' title='bbox 1979 1647 2113 1719; x_wconf 90' lang='lat' dir='ltr'><strong>cipit</strong></span> <span class='ocrx_word' id='word_1_215' title='bbox 2144 1648 2369 1721; x_wconf 78' lang='lat' dir='ltr'><strong>angelus</strong></span> <span class='ocrx_word' id='word_1_216' title='bbox 2398 1668 2416 1700; x_wconf 78' lang='grc' dir='ltr'><strong>ι</strong></span> <span class='ocrx_word' id='word_1_217' title='bbox 2449 1650 2519 1704; x_wconf 90' lang='lat' dir='ltr'><strong>ab</strong></span> <span class='ocrx_word' id='word_1_218' title='bbox 2548 1649 2697 1703; x_wconf 83' lang='lat' dir='ltr'><strong>exitu</strong></span> <span class='ocrx_word' id='word_1_219' title='bbox 2738 1648 3032 1713; x_wconf 85' lang='lat' dir='ltr'><strong>sermonis,</strong></span> <span class='ocrx_word' id='word_1_220' title='bbox 3066 1656 3124 1703; x_wconf 92' lang='lat' dir='ltr'><strong>ut</strong></span> <span class='ocrx_word' id='word_1_221' title='bbox 3155 1648 3350 1703; x_wconf 85' lang='lat' dir='ltr'><strong>iterum</strong></span> <span class='ocrx_word' id='word_1_222' title='bbox 3381 1648 3553 1705; x_wconf 69' lang='lat' dir='ltr'><strong>aedili-</strong></span> 
     </span>
    </p>
   </div>
   <div class='ocr_carea' id='block_1_33' title="bbox 1980 1739 3552 1800">
    <p class='ocr_par' dir='ltr' id='par_1_33' title="bbox 1980 1739 3552 1800">
     <span class='ocr_line' id='line_1_33' title="bbox 1980 1739 3552 1800; baseline 0.002 -4"><span class='ocrx_word' id='word_1_223' title='bbox 1980 1750 2135 1796; x_wconf 88' lang='lat' dir='ltr'><strong>cetur</strong></span> <span class='ocrx_word' id='word_1_224' title='bbox 2160 1739 2483 1797; x_wconf 79' lang='lat' dir='ltr'><strong>Jerusalem.</strong></span> <span class='ocrx_word' id='word_1_225' title='bbox 2519 1761 2539 1794; x_wconf 75' lang='grc' dir='ltr'><strong>ι</strong></span> <span class='ocrx_word' id='word_1_226' title='bbox 2573 1739 2887 1795; x_wconf 87' lang='lat' dir='ltr'><strong>Eveneruut</strong></span> <span class='ocrx_word' id='word_1_227' title='bbox 2916 1739 3030 1795; x_wconf 73' lang='lat' dir='ltr'><strong>haec</strong></span> <span class='ocrx_word' id='word_1_228' title='bbox 3073 1740 3391 1797; x_wconf 79' lang='lat' dir='ltr'><strong>Artaxerxis</strong></span> <span class='ocrx_word' id='word_1_229' title='bbox 3419 1741 3552 1800; x_wconf 76' lang='lat' dir='ltr'><strong>Per~</strong></span> 
     </span>
    </p>
   </div>
   <div class='ocr_carea' id='block_1_34' title="bbox 310 1814 1877 1910">
    <p class='ocr_par' dir='ltr' id='par_1_34' title="bbox 310 1814 1876 1910">
     <span class='ocr_line' id='line_1_34' title="bbox 310 1814 1876 1910; baseline 0.001 -19"><span class='ocrx_word' id='word_1_230' title='bbox 310 1814 474 1891; x_wconf 79' lang='grc' dir='ltr'>ταῦτα</span> <span class='ocrx_word' id='word_1_231' title='bbox 493 1838 583 1890; x_wconf 77' lang='grc' dir='ltr'>ἐπὶ</span> <span class='ocrx_word' id='word_1_232' title='bbox 619 1814 1222 1909; x_wconf 21' lang='grc' dir='ltr'>Ἀρταξέρξουτῐῖερσῶν</span> <span class='ocrx_word' id='word_1_233' title='bbox 1243 1814 1617 1909; x_wconf 81' lang='grc' dir='ltr'>βασιλεύοντος</span> <span class='ocrx_word' id='word_1_234' title='bbox 1644 1814 1876 1910; x_wconf 75' lang='grc' dir='ltr'>εἰκοστῷ</span> 
     </span>
    </p>
   </div>
   <div class='ocr_carea' id='block_1_35' title="bbox 1976 1814 3550 1910">
    <p class='ocr_par' dir='ltr' id='par_1_35' title="bbox 1979 1830 3550 1906">
     <span class='ocr_line' id='line_1_35' title="bbox 1979 1830 3550 1906; baseline 0.003 -17"><span class='ocrx_word' id='word_1_235' title='bbox 1979 1849 2163 1890; x_wconf 89' lang='lat' dir='ltr'><strong>sarum</strong></span> <span class='ocrx_word' id='word_1_236' title='bbox 2204 1833 2346 1905; x_wconf 90' lang='lat' dir='ltr'><strong>regis</strong></span> <span class='ocrx_word' id='word_1_237' title='bbox 2388 1848 2533 1888; x_wconf 90' lang='lat' dir='ltr'><strong>anno</strong></span> <span class='ocrx_word' id='word_1_238' title='bbox 2571 1833 2851 1888; x_wconf 89' lang='lat' dir='ltr'><strong>vicesimo.</strong></span> <span class='ocrx_word' id='word_1_239' title='bbox 2901 1830 3190 1889; x_wconf 81' lang='lat' dir='ltr'><strong>Neliemias</strong></span> <span class='ocrx_word' id='word_1_240' title='bbox 3235 1834 3402 1898; x_wconf 89' lang='lat' dir='ltr'><strong>enim,</strong></span> <span class='ocrx_word' id='word_1_241' title='bbox 3430 1835 3550 1906; x_wconf 78' lang='lat' dir='ltr'><strong>ejus</strong></span> 
     </span>
    </p>
   </div>
   <div class='ocr_carea' id='block_1_36' title="bbox 304 1928 1878 2002">
    <p class='ocr_par' dir='ltr' id='par_1_36' title="bbox 304 1928 1878 2002">
     <span class='ocr_line' id='line_1_36' title="bbox 304 1928 1878 2002; baseline 0 -19"><span class='ocrx_word' id='word_1_242' title='bbox 304 1946 433 1984; x_wconf 85' lang='grc' dir='ltr'>ετει.</span> <span class='ocrx_word' id='word_1_243' title='bbox 462 1928 702 2001; x_wconf 78' lang='grc' dir='ltr'>Νεεμίας</span> <span class='ocrx_word' id='word_1_244' title='bbox 735 1928 844 2000; x_wconf 86' lang='grc' dir='ltr'>γὰρ</span> <span class='ocrx_word' id='word_1_245' title='bbox 873 1932 903 1982; x_wconf 86' lang='grc' dir='ltr'><strong>ό</strong></span> <span class='ocrx_word' id='word_1_246' title='bbox 934 1928 1119 1982; x_wconf 90' lang='grc' dir='ltr'>τούτου</span> <span class='ocrx_word' id='word_1_247' title='bbox 1152 1928 1384 2000; x_wconf 77' lang='grc' dir='ltr'>οἰνοχόος</span> <span class='ocrx_word' id='word_1_248' title='bbox 1412 1928 1620 2002; x_wconf 73' lang='grc' dir='ltr'>δεηθεὶς</span> <span class='ocrx_word' id='word_1_249' title='bbox 1649 1929 1878 2002; x_wconf 85' lang='grc' dir='ltr'>ἀποκρί-</span> 
     </span>
    </p>
   </div>
   <div class='ocr_carea' id='block_1_37' title="bbox 302 2019 1877 2093">
    <p class='ocr_par' dir='ltr' id='par_1_37' title="bbox 302 2019 1877 2093">
     <span class='ocr_line' id='line_1_37' title="bbox 302 2019 1877 2093; baseline 0.001 -19"><span class='ocrx_word' id='word_1_250' title='bbox 302 2019 443 2085; x_wconf 83' lang='grc' dir='ltr'>σεὼς</span> <span class='ocrx_word' id='word_1_251' title='bbox 474 2038 532 2074; x_wconf 89' lang='grc' dir='ltr'><strong>τε</strong></span> <span class='ocrx_word' id='word_1_252' title='bbox 550 2021 737 2091; x_wconf 73' lang='grc' dir='ltr'>ἔτυχεν</span> <span class='ocrx_word' id='word_1_253' title='bbox 761 2020 1181 2093; x_wconf 81' lang='grc' dir='ltr'>οἰκοδομηθῆναι</span> <span class='ocrx_word' id='word_1_254' title='bbox 1210 2021 1581 2093; x_wconf 80' lang='grc' dir='ltr'>Ἰερουσαλὴμ,</span> <span class='ocrx_word' id='word_1_255' title='bbox 1602 2022 1696 2075; x_wconf 79' lang='grc' dir='ltr'>καὶ</span> <span class='ocrx_word' id='word_1_256' title='bbox 1720 2021 1877 2091; x_wconf 80' lang='grc' dir='ltr'>λόγος</span> 
     </span>
    </p>
   </div>
   <div class='ocr_carea' id='block_1_38' title="bbox 304 2112 1874 2186">
    <p class='ocr_par' dir='ltr' id='par_1_38' title="bbox 304 2112 1874 2186">
     <span class='ocr_line' id='line_1_38' title="bbox 304 2112 1874 2186; baseline -0.001 -18"><span class='ocrx_word' id='word_1_257' title='bbox 304 2112 522 2185; x_wconf 81' lang='grc' dir='ltr'>ἐξῆλθεν</span> <span class='ocrx_word' id='word_1_258' title='bbox 556 2112 791 2166; x_wconf 75' lang='grc' dir='ltr'>κελεύων</span> <span class='ocrx_word' id='word_1_259' title='bbox 816 2112 1019 2168; x_wconf 84' lang='grc' dir='ltr'>ταῦτα·</span> <span class='ocrx_word' id='word_1_260' title='bbox 1057 2114 1217 2185; x_wconf 83' lang='grc' dir='ltr'>μέχρι</span> <span class='ocrx_word' id='word_1_261' title='bbox 1250 2113 1358 2186; x_wconf 79' lang='grc' dir='ltr'><strong>γὰρ</strong></span> <span class='ocrx_word' id='word_1_262' title='bbox 1384 2114 1588 2167; x_wconf 88' lang='grc' dir='ltr'>ἐκείνου</span> <span class='ocrx_word' id='word_1_263' title='bbox 1620 2113 1712 2167; x_wconf 90' lang='grc' dir='ltr'><strong>τοῦ</strong></span> <span class='ocrx_word' id='word_1_264' title='bbox 1744 2114 1874 2186; x_wconf 87' lang='grc' dir='ltr'>χρό-</span> 
     </span>
    </p>
   </div>
   <div class='ocr_carea' id='block_1_39' title="bbox 303 2204 1877 2279">
    <p class='ocr_par' dir='ltr' id='par_1_39' title="bbox 303 2204 1877 2279">
     <span class='ocr_line' id='line_1_39' title="bbox 303 2204 1877 2279; baseline 0.001 -20"><span class='ocrx_word' id='word_1_265' title='bbox 303 2222 398 2260; x_wconf 88' lang='grc' dir='ltr'><strong>νου</strong></span> <span class='ocrx_word' id='word_1_266' title='bbox 426 2207 460 2276; x_wconf 81' lang='grc' dir='ltr'><strong>ή</strong></span> <span class='ocrx_word' id='word_1_267' title='bbox 492 2205 647 2269; x_wconf 87' lang='grc' dir='ltr'>πόλις</span> <span class='ocrx_word' id='word_1_268' title='bbox 684 2206 962 2278; x_wconf 77' lang='grc' dir='ltr'>ἠρήμωτο.</span> <span class='ocrx_word' id='word_1_269' title='bbox 1000 2204 1183 2276; x_wconf 80' lang='grc' dir='ltr'>Κύρου</span> <span class='ocrx_word' id='word_1_270' title='bbox 1213 2205 1321 2279; x_wconf 83' lang='grc' dir='ltr'>γὰρ</span> <span class='ocrx_word' id='word_1_271' title='bbox 1357 2205 1493 2277; x_wconf 86' lang='grc' dir='ltr'>μετά</span> <span class='ocrx_word' id='word_1_272' title='bbox 1518 2206 1616 2277; x_wconf 86' lang='grc' dir='ltr'><strong>τὴν</strong></span> <span class='ocrx_word' id='word_1_273' title='bbox 1646 2205 1877 2278; x_wconf 84' lang='grc' dir='ltr'>ἑϐδομη-</span> 
     </span>
    </p>
   </div>
   <div class='ocr_carea' id='block_1_40' title="bbox 302 2295 1875 2367">
    <p class='ocr_par' dir='ltr' id='par_1_40' title="bbox 302 2295 1875 2367">
     <span class='ocr_line' id='line_1_40' title="bbox 302 2295 1875 2367; baseline 0.003 -19"><span class='ocrx_word' id='word_1_274' title='bbox 302 2295 620 2349; x_wconf 72' lang='grc' dir='ltr'>κοπαετίαν</span> <span class='ocrx_word' id='word_1_275' title='bbox 640 2295 741 2366; x_wconf 82' lang='grc' dir='ltr'><strong>τῆς</strong></span> <span class='ocrx_word' id='word_1_276' title='bbox 760 2295 1134 2366; x_wconf 79' lang='grc' dir='ltr'>αἰχμαλωσίας</span> <span class='ocrx_word' id='word_1_277' title='bbox 1156 2296 1261 2349; x_wconf 84' lang='grc' dir='ltr'>τῶν</span> <span class='ocrx_word' id='word_1_278' title='bbox 1287 2295 1623 2367; x_wconf 79' lang='grc' dir='ltr'>βουλομένων</span> <span class='ocrx_word' id='word_1_279' title='bbox 1648 2298 1875 2352; x_wconf 74' lang='grc' dir='ltr'>ἕκαστον</span> 
     </span>
    </p>
   </div>
   <div class='ocr_carea' id='block_1_41' title="bbox 302 2387 1874 2463">
    <p class='ocr_par' dir='ltr' id='par_1_41' title="bbox 302 2387 1874 2463">
     <span class='ocr_line' id='line_1_41' title="bbox 302 2387 1874 2463; baseline 0.002 -22"><span class='ocrx_word' id='word_1_280' title='bbox 302 2387 615 2442; x_wconf 76' lang='grc' dir='ltr'>ἑκουσιαστὶ</span> <span class='ocrx_word' id='word_1_281' title='bbox 644 2388 1101 2459; x_wconf 69' lang='grc' dir='ltr'>καταπέμψαντος</span> <span class='ocrx_word' id='word_1_282' title='bbox 1122 2429 1136 2452; x_wconf 96' lang='grc'><strong>,</strong></span> <span class='ocrx_word' id='word_1_283' title='bbox 1163 2391 1214 2443; x_wconf 90' lang='grc' dir='ltr'><strong>οἰ</strong></span> <span class='ocrx_word' id='word_1_284' title='bbox 1250 2389 1388 2459; x_wconf 78' lang='grc' dir='ltr'>μετὰ</span> <span class='ocrx_word' id='word_1_285' title='bbox 1429 2389 1600 2462; x_wconf 86' lang='grc' dir='ltr'>Ἰησοῦ</span> <span class='ocrx_word' id='word_1_286' title='bbox 1648 2390 1734 2444; x_wconf 86' lang='grc' dir='ltr'><strong>τοῦ</strong></span> <span class='ocrx_word' id='word_1_287' title='bbox 1775 2410 1874 2463; x_wconf 86' lang='grc' dir='ltr'>με-</span> 
     </span>
    </p>
   </div>
   <div class='ocr_carea' id='block_1_42' title="bbox 304 2480 1876 2554">
    <p class='ocr_par' dir='ltr' id='par_1_42' title="bbox 304 2480 1876 2554">
     <span class='ocr_line' id='line_1_42' title="bbox 304 2480 1876 2554; baseline 0.002 -19"><span class='ocrx_word' id='word_1_288' title='bbox 304 2480 470 2550; x_wconf 89' lang='grc' dir='ltr'>γάλου</span> <span class='ocrx_word' id='word_1_289' title='bbox 501 2480 690 2553; x_wconf 79' lang='grc' dir='ltr'>ἱερέως</span> <span class='ocrx_word' id='word_1_290' title='bbox 715 2482 809 2535; x_wconf 53' lang='grc' dir='ltr'><strong>καὶ⁵</strong></span> <span class='ocrx_word' id='word_1_291' title='bbox 833 2481 1136 2554; x_wconf 87' lang='grc' dir='ltr'>Ζοροϐάϐελ</span> <span class='ocrx_word' id='word_1_292' title='bbox 1172 2481 1545 2546; x_wconf 87' lang='grc' dir='ltr'>κατελθόντες,</span> <span class='ocrx_word' id='word_1_293' title='bbox 1588 2484 1679 2537; x_wconf 76' lang='grc' dir='ltr'><strong>καὶ</strong></span> <span class='ocrx_word' id='word_1_294' title='bbox 1703 2485 1752 2537; x_wconf 89' lang='grc' dir='ltr'><strong>οἰ</strong></span> <span class='ocrx_word' id='word_1_295' title='bbox 1782 2486 1876 2539; x_wconf 80' lang='grc' dir='ltr'>ἐπὶ</span> 
     </span>
    </p>
   </div>
   <div class='ocr_carea' id='block_1_43' title="bbox 301 2572 1876 2646">
    <p class='ocr_par' dir='ltr' id='par_1_43' title="bbox 301 2572 1876 2646">
     <span class='ocr_line' id='line_1_43' title="bbox 301 2572 1876 2646; baseline 0.002 -19"><span class='ocrx_word' id='word_1_296' title='bbox 301 2573 511 2637; x_wconf 88' lang='grc' dir='ltr'>τούτοις</span> <span class='ocrx_word' id='word_1_297' title='bbox 529 2574 646 2645; x_wconf 78' lang='grc' dir='ltr'><strong>ἃμα</strong></span> <span class='ocrx_word' id='word_1_298' title='bbox 671 2573 865 2646; x_wconf 78' lang='grc' dir='ltr'>Ἔζρᾳ,</span> <span class='ocrx_word' id='word_1_299' title='bbox 892 2574 981 2627; x_wconf 81' lang='grc' dir='ltr'>τὸν</span> <span class='ocrx_word' id='word_1_300' title='bbox 1004 2572 1140 2626; x_wconf 86' lang='grc' dir='ltr'>νεὼν</span> <span class='ocrx_word' id='word_1_301' title='bbox 1162 2574 1460 2645; x_wconf 86' lang='grc' dir='ltr'>οἰκοδομεῖν</span> <span class='ocrx_word' id='word_1_302' title='bbox 1486 2573 1782 2630; x_wconf 83' lang='grc' dir='ltr'>ἐκωλύοντο</span> <span class='ocrx_word' id='word_1_303' title='bbox 1804 2576 1876 2630; x_wconf 81' lang='grc' dir='ltr'>τὰ</span> 
     </span>
    </p>
   </div>
   <div class='ocr_carea' id='block_1_44' title="bbox 300 2665 1872 2738">
    <p class='ocr_par' dir='ltr' id='par_1_44' title="bbox 300 2665 1872 2738">
     <span class='ocr_line' id='line_1_44' title="bbox 300 2665 1872 2738; baseline 0.001 -19"><span class='ocrx_word' id='word_1_304' title='bbox 300 2665 516 2738; x_wconf 86' lang='grc' dir='ltr'>πρῶτα,</span> <span class='ocrx_word' id='word_1_305' title='bbox 544 2666 639 2720; x_wconf 79' lang='grc' dir='ltr'>καὶ</span> <span class='ocrx_word' id='word_1_306' title='bbox 664 2670 840 2737; x_wconf 89' lang='grc' dir='ltr'>τεῖχος</span> <span class='ocrx_word' id='word_1_307' title='bbox 867 2668 933 2737; x_wconf 82' lang='grc' dir='ltr'><strong>τῇ</strong></span> <span class='ocrx_word' id='word_1_308' title='bbox 962 2666 1113 2719; x_wconf 89' lang='grc' dir='ltr'>πόλει</span> <span class='ocrx_word' id='word_1_309' title='bbox 1143 2665 1477 2737; x_wconf 85' lang='grc' dir='ltr'>περιϐαλεῖν,</span> <span class='ocrx_word' id='word_1_310' title='bbox 1508 2666 1583 2731; x_wconf 82' lang='grc' dir='ltr'>ὡς</span> <span class='ocrx_word' id='word_1_311' title='bbox 1618 2668 1678 2720; x_wconf 86' lang='grc' dir='ltr'><strong>ού</strong></span> <span class='ocrx_word' id='word_1_312' title='bbox 1712 2685 1872 2721; x_wconf 89' lang='grc' dir='ltr'>κεκε-</span> 
     </span>
    </p>
   </div>
   <div class='ocr_carea' id='block_1_45' title="bbox 300 2754 1874 2830">
    <p class='ocr_par' dir='ltr' id='par_1_45' title="bbox 300 2754 1874 2830">
     <span class='ocr_line' id='line_1_45' title="bbox 300 2754 1874 2830; baseline 0.003 -19"><span class='ocrx_word' id='word_1_313' title='bbox 300 2758 597 2829; x_wconf 76' lang='grc' dir='ltr'>λευσμένου</span> <span class='ocrx_word' id='word_1_314' title='bbox 646 2757 857 2812; x_wconf 88' lang='grc' dir='ltr'>τούτου.</span> <span class='ocrx_word' id='word_1_315' title='bbox 900 2758 1150 2829; x_wconf 85' lang='grc' dir='ltr'>Ἔμεινεν</span> <span class='ocrx_word' id='word_1_316' title='bbox 1199 2754 1292 2811; x_wconf 85' lang='grc' dir='ltr'><strong>οῦν</strong></span> <span class='ocrx_word' id='word_1_317' title='bbox 1338 2759 1442 2823; x_wconf 75' lang='grc' dir='ltr'>ἕως</span> <span class='ocrx_word' id='word_1_318' title='bbox 1494 2760 1729 2830; x_wconf 78' lang='grc' dir='ltr'>Νεεμίου</span> <span class='ocrx_word' id='word_1_319' title='bbox 1780 2762 1874 2815; x_wconf 77' lang='grc' dir='ltr'>καὶ</span> 
     </span>
    </p>
   </div>
   <div class='ocr_carea' id='block_1_46' title="bbox 303 2849 1873 2924">
    <p class='ocr_par' dir='ltr' id='par_1_46' title="bbox 303 2849 1873 2924">
     <span class='ocr_line' id='line_1_46' title="bbox 303 2849 1873 2924; baseline 0.003 -21"><span class='ocrx_word' id='word_1_320' title='bbox 303 2850 582 2921; x_wconf 83' lang='grc' dir='ltr'>βασιλείας</span> <span class='ocrx_word' id='word_1_321' title='bbox 623 2849 976 2923; x_wconf 80' lang='grc' dir='ltr'>Ἀρταξέρξου</span> <span class='ocrx_word' id='word_1_322' title='bbox 997 2849 1359 2915; x_wconf 88' lang='grc' dir='ltr'>είκοσαετοῦς,</span> <span class='ocrx_word' id='word_1_323' title='bbox 1388 2850 1614 2924; x_wconf 85' lang='grc' dir='ltr'>Περσῶν</span> <span class='ocrx_word' id='word_1_324' title='bbox 1644 2851 1701 2906; x_wconf 74' lang='grc' dir='ltr'>δὲ</span> <span class='ocrx_word' id='word_1_325' title='bbox 1744 2854 1873 2924; x_wconf 83' lang='grc' dir='ltr'>ήγε-</span> 
     </span>
    </p>
   </div>
   <div class='ocr_carea' id='block_1_47' title="bbox 304 2937 1873 3012">
    <p class='ocr_par' dir='ltr' id='par_1_47' title="bbox 304 2937 1873 3012">
     <span class='ocr_line' id='line_1_47' title="bbox 304 2937 1873 3012; baseline 0 -18"><span class='ocrx_word' id='word_1_326' title='bbox 304 2939 496 3012; x_wconf 87' lang='grc' dir='ltr'>μονίας</span> <span class='ocrx_word' id='word_1_327' title='bbox 542 2938 1005 3011; x_wconf 75' lang='grc' dir='ltr'>πεντεκαιδεκάτῳ</span> <span class='ocrx_word' id='word_1_328' title='bbox 1051 2942 1143 2993; x_wconf 76' lang='grc' dir='ltr'>καὶ</span> <span class='ocrx_word' id='word_1_329' title='bbox 1195 2937 1490 3010; x_wconf 85' lang='grc' dir='ltr'>ἑκατοστῷ,</span> <span class='ocrx_word' id='word_1_330' title='bbox 1513 2938 1621 2992; x_wconf 76' lang='grc' dir='ltr'><strong>άπὸ</strong></span> <span class='ocrx_word' id='word_1_331' title='bbox 1668 2940 1725 2993; x_wconf 79' lang='grc' dir='ltr'>δὲ</span> <span class='ocrx_word' id='word_1_332' title='bbox 1774 2941 1873 3009; x_wconf 87' lang='grc' dir='ltr'><strong>τῆς</strong></span> 
     </span>
    </p>
   </div>
   <div class='ocr_carea' id='block_1_48' title="bbox 300 3028 1872 3103">
    <p class='ocr_par' dir='ltr' id='par_1_48' title="bbox 300 3028 1872 3103">
     <span class='ocr_line' id='line_1_48' title="bbox 300 3028 1872 3103; baseline 0 -19"><span class='ocrx_word' id='word_1_333' title='bbox 300 3030 553 3095; x_wconf 76' lang='grc' dir='ltr'>ἁλώσεως</span> <span class='ocrx_word' id='word_1_334' title='bbox 592 3031 942 3103; x_wconf 84' lang='grc' dir='ltr'>Ἰερουσαλὴμ</span> <span class='ocrx_word' id='word_1_335' title='bbox 991 3028 1108 3103; x_wconf 83' lang='grc' dir='ltr'>ρπε¹</span> <span class='ocrx_word' id='word_1_336' title='bbox 1152 3031 1280 3103; x_wconf 84' lang='grc' dir='ltr'>ἒτη’</span> <span class='ocrx_word' id='word_1_337' title='bbox 1315 3031 1409 3085; x_wconf 74' lang='grc' dir='ltr'>καὶ</span> <span class='ocrx_word' id='word_1_338' title='bbox 1447 3031 1568 3085; x_wconf 90' lang='grc' dir='ltr'>τότε</span> <span class='ocrx_word' id='word_1_339' title='bbox 1622 3030 1872 3103; x_wconf 83' lang='grc' dir='ltr'>βασιλεὺς</span> 
     </span>
    </p>
   </div>
   <div class='ocr_carea' id='block_1_49' title="bbox 314 3121 1942 3223">
    <p class='ocr_par' dir='ltr' id='par_1_49' title="bbox 314 3121 1942 3223">
     <span class='ocr_line' id='line_1_49' title="bbox 314 3121 1942 3223; baseline 0.001 -47"><span class='ocrx_word' id='word_1_340' title='bbox 314 3121 673 3197; x_wconf 79' lang='grc' dir='ltr'>Ἀρταξέρξης</span> <span class='ocrx_word' id='word_1_341' title='bbox 727 3123 1006 3177; x_wconf 80' lang='grc' dir='ltr'>ἐκέλευσεν</span> <span class='ocrx_word' id='word_1_342' title='bbox 1054 3122 1471 3195; x_wconf 80' lang='grc' dir='ltr'>οἰκοδομηθῆναι</span> <span class='ocrx_word' id='word_1_343' title='bbox 1532 3124 1631 3195; x_wconf 82' lang='grc' dir='ltr'>τὴν</span> <span class='ocrx_word' id='word_1_344' title='bbox 1679 3123 1869 3188; x_wconf 88' lang='grc' dir='ltr'>πόλιν,</span> <span class='ocrx_word' id='word_1_345' title='bbox 1899 3163 1942 3223; x_wconf 76' lang='lat' dir='ltr'><strong><em>C</em></strong></span> 
     </span>
    </p>
   </div>
   <div class='ocr_carea' id='block_1_50' title="bbox 300 3214 1871 3289">
    <p class='ocr_par' dir='ltr' id='par_1_50' title="bbox 300 3214 1871 3289">
     <span class='ocr_line' id='line_1_50' title="bbox 300 3214 1871 3289; baseline 0.003 -23"><span class='ocrx_word' id='word_1_346' title='bbox 300 3214 543 3286; x_wconf 85' lang='grc' dir='ltr'>Νεεμίας</span> <span class='ocrx_word' id='word_1_347' title='bbox 570 3232 630 3268; x_wconf 88' lang='grc' dir='ltr'><strong>τε</strong></span> <span class='ocrx_word' id='word_1_348' title='bbox 669 3214 1077 3286; x_wconf 74' lang='grc' dir='ltr'>καταπεμφθεὶς</span> <span class='ocrx_word' id='word_1_349' title='bbox 1114 3215 1206 3270; x_wconf 88' lang='grc' dir='ltr'><strong>τοῦ</strong></span> <span class='ocrx_word' id='word_1_350' title='bbox 1241 3216 1400 3286; x_wconf 74' lang='grc' dir='ltr'>ἔργου</span> <span class='ocrx_word' id='word_1_351' title='bbox 1444 3216 1712 3289; x_wconf 79' lang='grc' dir='ltr'>προέστη,</span> <span class='ocrx_word' id='word_1_352' title='bbox 1750 3218 1783 3289; x_wconf 83' lang='grc' dir='ltr'>ἡ</span> <span class='ocrx_word' id='word_1_353' title='bbox 1814 3216 1871 3270; x_wconf 82' lang='grc' dir='ltr'>δὲ</span> 
     </span>
    </p>
   </div>
   <div class='ocr_carea' id='block_1_51' title="bbox 300 3307 1870 3379">
    <p class='ocr_par' dir='ltr' id='par_1_51' title="bbox 300 3307 1870 3379">
     <span class='ocr_line' id='line_1_51' title="bbox 300 3307 1870 3379; baseline -0.001 -16"><span class='ocrx_word' id='word_1_354' title='bbox 300 3307 557 3379; x_wconf 81' lang='grc' dir='ltr'>οἰκοδομὴ</span> <span class='ocrx_word' id='word_1_355' title='bbox 587 3308 815 3361; x_wconf 87' lang='grc' dir='ltr'>πλατεία</span> <span class='ocrx_word' id='word_1_356' title='bbox 849 3308 942 3360; x_wconf 75' lang='grc' dir='ltr'>καὶ</span> <span class='ocrx_word' id='word_1_357' title='bbox 971 3307 1098 3378; x_wconf 82' lang='grc' dir='ltr'>περὶ</span> <span class='ocrx_word' id='word_1_358' title='bbox 1133 3309 1329 3377; x_wconf 86' lang='grc' dir='ltr'>τεῖχος,</span> <span class='ocrx_word' id='word_1_359' title='bbox 1355 3307 1431 3370; x_wconf 85' lang='grc' dir='ltr'><strong>ὡς</strong></span> <span class='ocrx_word' id='word_1_360' title='bbox 1458 3307 1836 3379; x_wconf 82' lang='grc' dir='ltr'>προεφητεύθη</span> <span class='ocrx_word' id='word_1_361' title='bbox 1855 3325 1870 3340; x_wconf 80' lang='grc'><em>’</em></span> 
     </span>
    </p>
   </div>
   <div class='ocr_carea' id='block_1_52' title="bbox 302 3398 1875 3472">
    <p class='ocr_par' dir='ltr' id='par_1_52' title="bbox 302 3398 1875 3472">
     <span class='ocr_line' id='line_1_52' title="bbox 302 3398 1875 3472; baseline -0.001 -18"><span class='ocrx_word' id='word_1_362' title='bbox 302 3399 557 3454; x_wconf 83' lang='grc' dir='ltr'>κάκεῖθεν</span> <span class='ocrx_word' id='word_1_363' title='bbox 586 3399 905 3471; x_wconf 76' lang='grc' dir='ltr'>ἀριθμοῦσιν</span> <span class='ocrx_word' id='word_1_364' title='bbox 933 3401 1062 3471; x_wconf 78' lang='grc' dir='ltr'>ἡμῖν</span> <span class='ocrx_word' id='word_1_365' title='bbox 1096 3406 1139 3453; x_wconf 91' lang='lat' dir='ltr'><strong>o’</strong></span> <span class='ocrx_word' id='word_1_366' title='bbox 1177 3398 1470 3470; x_wconf 84' lang='grc' dir='ltr'>ἑϐδομάδες</span> <span class='ocrx_word' id='word_1_367' title='bbox 1494 3400 1575 3463; x_wconf 91' lang='grc' dir='ltr'><strong>εἰς</strong></span> <span class='ocrx_word' id='word_1_368' title='bbox 1602 3399 1695 3453; x_wconf 82' lang='grc' dir='ltr'>τὸν</span> <span class='ocrx_word' id='word_1_369' title='bbox 1740 3401 1875 3472; x_wconf 85' lang='grc' dir='ltr'>Χρι-</span> 
     </span>
    </p>
   </div>
   <div class='ocr_carea' id='block_1_53' title="bbox 304 3492 852 3547">
    <p class='ocr_par' dir='ltr' id='par_1_53' title="bbox 304 3492 852 3547">
     <span class='ocr_line' id='line_1_53' title="bbox 304 3492 852 3547; baseline -0.002 0"><span class='ocrx_word' id='word_1_370' title='bbox 304 3492 430 3547; x_wconf 75' lang='grc' dir='ltr'>στὸν</span> <span class='ocrx_word' id='word_1_371' title='bbox 458 3492 852 3546; x_wconf 88' lang='grc' dir='ltr'>συντελοῦνται.</span> 
     </span>
    </p>
   </div>
   <div class='ocr_carea' id='block_1_54' title="bbox 373 3592 1875 3680">
    <p class='ocr_par' dir='ltr' id='par_1_54' title="bbox 373 3592 1875 3680">
     <span class='ocr_line' id='line_1_54' title="bbox 373 3592 1875 3680; baseline 0.001 -19"><span class='ocrx_word' id='word_1_372' title='bbox 373 3608 437 3661; x_wconf 84' lang='grc' dir='ltr'><strong>Εἰ</strong></span> <span class='ocrx_word' id='word_1_373' title='bbox 465 3607 573 3680; x_wconf 73' lang='grc' dir='ltr'><strong>γάρ</strong></span> <span class='ocrx_word' id='word_1_374' title='bbox 596 3606 813 3662; x_wconf 77' lang='grc' dir='ltr'>ἄλλοθέν</span> <span class='ocrx_word' id='word_1_375' title='bbox 843 3606 1006 3662; x_wconf 83' lang='grc' dir='ltr'>ποθεν</span> <span class='ocrx_word' id='word_1_376' title='bbox 1038 3606 1291 3679; x_wconf 85' lang='grc' dir='ltr'>ἀριθμεῖν</span> <span class='ocrx_word' id='word_1_377' title='bbox 1318 3606 1624 3680; x_wconf 84' lang='grc' dir='ltr'>άρξαίμεθα</span> <span class='ocrx_word' id='word_1_378' title='bbox 1659 3609 1753 3662; x_wconf 77' lang='grc' dir='ltr'>καὶ</span> <span class='ocrx_word' id='word_1_379' title='bbox 1777 3592 1875 3662; x_wconf 85' lang='grc' dir='ltr'>οὐκ</span> 
     </span>
    </p>
   </div>
   <div class='ocr_carea' id='block_1_55' title="bbox 300 3696 1875 3772">
    <p class='ocr_par' dir='ltr' id='par_1_55' title="bbox 300 3696 1875 3772">
     <span class='ocr_line' id='line_1_55' title="bbox 300 3696 1875 3772; baseline -0.001 -18"><span class='ocrx_word' id='word_1_380' title='bbox 300 3698 571 3759; x_wconf 80' lang='grc' dir='ltr'>ἐντεῦθεν.</span> <span class='ocrx_word' id='word_1_381' title='bbox 608 3696 730 3753; x_wconf 79' lang='grc' dir='ltr'>οὔτε</span> <span class='ocrx_word' id='word_1_382' title='bbox 782 3698 810 3750; x_wconf 82' lang='grc' dir='ltr'><strong>δ</strong></span> <span class='ocrx_word' id='word_1_383' title='bbox 850 3699 1039 3772; x_wconf 88' lang='grc' dir='ltr'>χρόνος</span> <span class='ocrx_word' id='word_1_384' title='bbox 1086 3698 1487 3771; x_wconf 87' lang='grc' dir='ltr'>συνδραμεῖται,</span> <span class='ocrx_word' id='word_1_385' title='bbox 1522 3700 1617 3753; x_wconf 60' lang='grc' dir='ltr'><strong>καὶ⁵</strong></span> <span class='ocrx_word' id='word_1_386' title='bbox 1650 3700 1875 3754; x_wconf 85' lang='grc' dir='ltr'>πλεῖστα</span> 
     </span>
    </p>
   </div>
   <div class='ocr_carea' id='block_1_56' title="bbox 300 3788 1877 3861">
    <p class='ocr_par' dir='ltr' id='par_1_56' title="bbox 300 3788 1877 3861">
     <span class='ocr_line' id='line_1_56' title="bbox 300 3788 1877 3861; baseline -0.001 -18"><span class='ocrx_word' id='word_1_387' title='bbox 300 3788 480 3844; x_wconf 80' lang='grc' dir='ltr'>ἄτοπα</span> <span class='ocrx_word' id='word_1_388' title='bbox 518 3788 819 3859; x_wconf 85' lang='grc' dir='ltr'>ἀπαντήσει</span> <span class='ocrx_word' id='word_1_389' title='bbox 841 3805 857 3821; x_wconf 91' lang='grc'><strong>·</strong></span> <span class='ocrx_word' id='word_1_390' title='bbox 901 3788 995 3843; x_wconf 90' lang='grc' dir='ltr'><strong>ἐάν</strong></span> <span class='ocrx_word' id='word_1_391' title='bbox 1027 3804 1087 3841; x_wconf 85' lang='grc' dir='ltr'><strong>τε</strong></span> <span class='ocrx_word' id='word_1_392' title='bbox 1131 3789 1239 3861; x_wconf 84' lang='grc' dir='ltr'>γὰρ</span> <span class='ocrx_word' id='word_1_393' title='bbox 1286 3789 1397 3842; x_wconf 74' lang='grc' dir='ltr'><strong>ἀπὸ</strong></span> <span class='ocrx_word' id='word_1_394' title='bbox 1428 3788 1609 3861; x_wconf 81' lang='grc' dir='ltr'>Κύρου</span> <span class='ocrx_word' id='word_1_395' title='bbox 1646 3790 1742 3842; x_wconf 81' lang='grc' dir='ltr'>καὶ</span> <span class='ocrx_word' id='word_1_396' title='bbox 1775 3790 1877 3859; x_wconf 86' lang='grc' dir='ltr'><strong>τῆς</strong></span> 
     </span>
    </p>
   </div>
   <div class='ocr_carea' id='block_1_57' title="bbox 302 3876 1876 3952">
    <p class='ocr_par' dir='ltr' id='par_1_57' title="bbox 302 3876 1876 3952">
     <span class='ocr_line' id='line_1_57' title="bbox 302 3876 1876 3952; baseline 0.001 -20"><span class='ocrx_word' id='word_1_397' title='bbox 302 3876 528 3950; x_wconf 82' lang='grc' dir='ltr'>πρώτης</span> <span class='ocrx_word' id='word_1_398' title='bbox 582 3878 951 3950; x_wconf 85' lang='grc' dir='ltr'>καταπομπῆς</span> <span class='ocrx_word' id='word_1_399' title='bbox 1002 3880 1101 3952; x_wconf 80' lang='grc' dir='ltr'>τὴν</span> <span class='ocrx_word' id='word_1_400' title='bbox 1152 3879 1325 3952; x_wconf 78' lang='grc' dir='ltr'>ἀρχὴν</span> <span class='ocrx_word' id='word_1_401' title='bbox 1379 3878 1732 3951; x_wconf 84' lang='grc' dir='ltr'>ποιησώμεθα</span> <span class='ocrx_word' id='word_1_402' title='bbox 1776 3881 1876 3952; x_wconf 85' lang='grc' dir='ltr'><strong>τῆς</strong></span> 
     </span>
    </p>
   </div>
   <div class='ocr_carea' id='block_1_58' title="bbox 301 3970 1875 4045">
    <p class='ocr_par' dir='ltr' id='par_1_58' title="bbox 301 3970 1875 4045">
     <span class='ocr_line' id='line_1_58' title="bbox 301 3970 1875 4045; baseline 0.003 -22"><span class='ocrx_word' id='word_1_403' title='bbox 301 3970 652 4043; x_wconf 83' lang='grc' dir='ltr'>άριθμήσεως</span> <span class='ocrx_word' id='word_1_404' title='bbox 697 3970 805 4026; x_wconf 84' lang='grc' dir='ltr'>τῶν</span> <span class='ocrx_word' id='word_1_405' title='bbox 839 3978 879 4026; x_wconf 90' lang='grc' dir='ltr'>ο¹</span> <span class='ocrx_word' id='word_1_406' title='bbox 924 3971 1232 4043; x_wconf 81' lang='grc' dir='ltr'>ἑϐδομάδων</span> <span class='ocrx_word' id='word_1_407' title='bbox 1255 4012 1270 4036; x_wconf 91' lang='grc'><strong>,</strong></span> <span class='ocrx_word' id='word_1_408' title='bbox 1313 3970 1408 4043; x_wconf 79' lang='grc' dir='ltr'>ετη</span> <span class='ocrx_word' id='word_1_409' title='bbox 1446 3979 1491 4045; x_wconf 85' lang='grc' dir='ltr'>ρ’</span> <span class='ocrx_word' id='word_1_410' title='bbox 1527 3973 1620 4027; x_wconf 87' lang='grc' dir='ltr'>καὶ</span> <span class='ocrx_word' id='word_1_411' title='bbox 1652 3974 1875 4045; x_wconf 89' lang='grc' dir='ltr'>προσέτι</span> 
     </span>
    </p>
   </div>
   <div class='ocr_carea' id='block_1_59' title="bbox 303 4048 1876 4139">
    <p class='ocr_par' dir='ltr' id='par_1_59' title="bbox 303 4048 1876 4139">
     <span class='ocr_line' id='line_1_59' title="bbox 303 4048 1876 4139; baseline 0.003 -23"><span class='ocrx_word' id='word_1_412' title='bbox 303 4063 638 4135; x_wconf 82' lang='grc' dir='ltr'>περισσεύει,</span> <span class='ocrx_word' id='word_1_413' title='bbox 669 4063 867 4119; x_wconf 85' lang='grc' dir='ltr'>πλείων</span> <span class='ocrx_word' id='word_1_414' title='bbox 893 4064 951 4119; x_wconf 83' lang='grc' dir='ltr'>δὲ</span> <span class='ocrx_word' id='word_1_415' title='bbox 983 4066 1195 4137; x_wconf 84' lang='grc' dir='ltr'>χρόνος,</span> <span class='ocrx_word' id='word_1_416' title='bbox 1229 4048 1278 4121; x_wconf 79' lang='grc' dir='ltr'><strong>εἰ</strong></span> <span class='ocrx_word' id='word_1_417' title='bbox 1312 4068 1404 4137; x_wconf 76' lang='grc' dir='ltr'><strong>ἀφ’</strong></span> <span class='ocrx_word' id='word_1_418' title='bbox 1440 4063 1509 4138; x_wconf 84' lang='grc' dir='ltr'>ἦς</span> <span class='ocrx_word' id='word_1_419' title='bbox 1539 4066 1754 4138; x_wconf 78' lang='grc' dir='ltr'>ἡμέρας</span> <span class='ocrx_word' id='word_1_420' title='bbox 1796 4066 1876 4139; x_wconf 82' lang='grc' dir='ltr'>τῷ</span> 
     </span>
    </p>
   </div>
   <div class='ocr_carea' id='block_1_60' title="bbox 301 4155 1874 4229">
    <p class='ocr_par' dir='ltr' id='par_1_60' title="bbox 301 4155 1874 4229">
     <span class='ocr_line' id='line_1_60' title="bbox 301 4155 1874 4229; baseline 0.002 -20"><span class='ocrx_word' id='word_1_421' title='bbox 301 4155 501 4227; x_wconf 80' lang='grc' dir='ltr'>Δανιὴλ</span> <span class='ocrx_word' id='word_1_422' title='bbox 524 4158 553 4210; x_wconf 86' lang='grc' dir='ltr'><strong>ό</strong></span> <span class='ocrx_word' id='word_1_423' title='bbox 585 4156 811 4227; x_wconf 77' lang='grc' dir='ltr'>ἄγγελος</span> <span class='ocrx_word' id='word_1_424' title='bbox 832 4159 1254 4229; x_wconf 80' lang='grc' dir='ltr'>προεφήτευσεν,</span> <span class='ocrx_word' id='word_1_425' title='bbox 1281 4157 1459 4229; x_wconf 81' lang='grc' dir='ltr'>πολλῷ</span> <span class='ocrx_word' id='word_1_426' title='bbox 1481 4158 1538 4211; x_wconf 80' lang='grc' dir='ltr'>δὲ</span> <span class='ocrx_word' id='word_1_427' title='bbox 1572 4158 1791 4223; x_wconf 86' lang='grc' dir='ltr'>πλείων,</span> <span class='ocrx_word' id='word_1_428' title='bbox 1825 4160 1874 4212; x_wconf 87' lang='grc' dir='ltr'><strong>εἰ</strong></span> 
     </span>
    </p>
   </div>
   <div class='ocr_carea' id='block_1_61' title="bbox 302 4244 1874 4322">
    <p class='ocr_par' dir='ltr' id='par_1_61' title="bbox 302 4244 1874 4322">
     <span class='ocr_line' id='line_1_61' title="bbox 302 4244 1874 4322; baseline 0.003 -24"><span class='ocrx_word' id='word_1_429' title='bbox 302 4244 399 4298; x_wconf 81' lang='grc' dir='ltr'><strong>ἀπ’</strong></span> <span class='ocrx_word' id='word_1_430' title='bbox 437 4245 612 4317; x_wconf 77' lang='grc' dir='ltr'>ἀρχῆς</span> <span class='ocrx_word' id='word_1_431' title='bbox 662 4246 761 4319; x_wconf 89' lang='grc' dir='ltr'><strong>τῆς</strong></span> <span class='ocrx_word' id='word_1_432' title='bbox 808 4247 1209 4319; x_wconf 80' lang='grc' dir='ltr'>αἰχμαλωσίας’</span> <span class='ocrx_word' id='word_1_433' title='bbox 1245 4249 1568 4320; x_wconf 81' lang='grc' dir='ltr'>εὑρίσκομεν</span> <span class='ocrx_word' id='word_1_434' title='bbox 1623 4248 1729 4322; x_wconf 83' lang='grc' dir='ltr'><strong>γάρ</strong></span> <span class='ocrx_word' id='word_1_435' title='bbox 1776 4248 1874 4320; x_wconf 82' lang='grc' dir='ltr'>τὴν</span> 
     </span>
    </p>
   </div>
   <div class='ocr_carea' id='block_1_62' title="bbox 304 4337 1872 4413">
    <p class='ocr_par' dir='ltr' id='par_1_62' title="bbox 304 4337 1872 4413">
     <span class='ocr_line' id='line_1_62' title="bbox 304 4337 1872 4413; baseline 0.001 -23"><span class='ocrx_word' id='word_1_436' title='bbox 304 4337 529 4410; x_wconf 83' lang='grc' dir='ltr'>Περσῶν</span> <span class='ocrx_word' id='word_1_437' title='bbox 555 4338 827 4409; x_wconf 85' lang='grc' dir='ltr'>βασιλείαν</span> <span class='ocrx_word' id='word_1_438' title='bbox 849 4341 1022 4394; x_wconf 75' lang='grc' dir='ltr'>ἐτεσιν</span> <span class='ocrx_word' id='word_1_439' title='bbox 1053 4338 1127 4394; x_wconf 86' lang='grc' dir='ltr'>σλ⁹</span> <span class='ocrx_word' id='word_1_440' title='bbox 1162 4340 1664 4413; x_wconf 79' lang='grc' dir='ltr'>περιγραφομένην,</span> <span class='ocrx_word' id='word_1_441' title='bbox 1692 4341 1793 4412; x_wconf 77' lang='grc' dir='ltr'>τήν</span> <span class='ocrx_word' id='word_1_442' title='bbox 1813 4357 1872 4393; x_wconf 87' lang='grc' dir='ltr'><strong>τε</strong></span> 
     </span>
    </p>
   </div>
   <div class='ocr_carea' id='block_1_63' title="bbox 303 4428 1873 4501">
    <p class='ocr_par' dir='ltr' id='par_1_63' title="bbox 303 4428 1873 4501">
     <span class='ocr_line' id='line_1_63' title="bbox 303 4428 1873 4501; baseline -0.001 -18"><span class='ocrx_word' id='word_1_443' title='bbox 303 4428 627 4483; x_wconf 83' lang='grc' dir='ltr'>Μακεδόνων</span> <span class='ocrx_word' id='word_1_444' title='bbox 652 4431 731 4493; x_wconf 87' lang='grc' dir='ltr'><strong>εἰς</strong></span> <span class='ocrx_word' id='word_1_445' title='bbox 766 4428 861 4501; x_wconf 85' lang='grc' dir='ltr'><strong>ἑτη</strong></span> <span class='ocrx_word' id='word_1_446' title='bbox 890 4428 934 4482; x_wconf 88' lang='grc' dir='ltr'>τ’</span> <span class='ocrx_word' id='word_1_447' title='bbox 962 4429 1385 4501; x_wconf 84' lang='grc' dir='ltr'>παρατείνασαν,</span> <span class='ocrx_word' id='word_1_448' title='bbox 1414 4429 1667 4484; x_wconf 85' lang='grc' dir='ltr'>κάκεῖθεν</span> <span class='ocrx_word' id='word_1_449' title='bbox 1694 4431 1786 4484; x_wconf 69' lang='grc' dir='ltr'>ἐπὶ</span> <span class='ocrx_word' id='word_1_450' title='bbox 1811 4429 1873 4483; x_wconf 78' lang='grc' dir='ltr'>τὸ</span> 
     </span>
    </p>
   </div>
   <div class='ocr_carea' id='block_1_64' title="bbox 1978 1927 3552 1997">
    <p class='ocr_par' dir='ltr' id='par_1_64' title="bbox 1978 1927 3552 1997">
     <span class='ocr_line' id='line_1_64' title="bbox 1978 1927 3552 1997; baseline 0.004 -17"><span class='ocrx_word' id='word_1_451' title='bbox 1978 1927 2261 1996; x_wconf 88' lang='lat' dir='ltr'><strong>pincerna,</strong></span> <span class='ocrx_word' id='word_1_452' title='bbox 2289 1934 2544 1996; x_wconf 90' lang='lat' dir='ltr'><strong>precatus</strong></span> <span class='ocrx_word' id='word_1_453' title='bbox 2570 1940 2893 1995; x_wconf 81' lang='lat' dir='ltr'><strong>responsum</strong></span> <span class='ocrx_word' id='word_1_454' title='bbox 2924 1929 3134 1997; x_wconf 89' lang='lat' dir='ltr'><strong>accepit</strong></span> <span class='ocrx_word' id='word_1_455' title='bbox 3167 1935 3224 1981; x_wconf 92' lang='lat' dir='ltr'><strong>ut</strong></span> <span class='ocrx_word' id='word_1_456' title='bbox 3252 1929 3552 1987; x_wconf 65' lang='lat' dir='ltr'><strong>aediﬁcare-</strong></span> 
     </span>
    </p>
   </div>
   <div class='ocr_carea' id='block_1_65' title="bbox 1976 2016 3550 2090">
    <p class='ocr_par' dir='ltr' id='par_1_65' title="bbox 1976 2016 3550 2090">
     <span class='ocr_line' id='line_1_65' title="bbox 1976 2016 3550 2090; baseline 0.003 -17"><span class='ocrx_word' id='word_1_457' title='bbox 1976 2027 2067 2074; x_wconf 89' lang='lat' dir='ltr'><strong>tur</strong></span> <span class='ocrx_word' id='word_1_458' title='bbox 2111 2016 2436 2085; x_wconf 79' lang='lat' dir='ltr'><strong>Jerusalem,</strong></span> <span class='ocrx_word' id='word_1_459' title='bbox 2489 2028 2544 2074; x_wconf 90' lang='lat' dir='ltr'><strong>et</strong></span> <span class='ocrx_word' id='word_1_460' title='bbox 2583 2018 2751 2074; x_wconf 78' lang='lat' dir='ltr'><strong>exivit</strong></span> <span class='ocrx_word' id='word_1_461' title='bbox 2800 2033 2983 2074; x_wconf 86' lang='lat' dir='ltr'><strong>sermo</strong></span> <span class='ocrx_word' id='word_1_462' title='bbox 3019 2018 3133 2073; x_wconf 68' lang='lat' dir='ltr'><strong>haec</strong></span> <span class='ocrx_word' id='word_1_463' title='bbox 3190 2020 3550 2090; x_wconf 65' lang='lat' dir='ltr'><strong>pI-aacipieus;</strong></span> 
     </span>
    </p>
   </div>
   <div class='ocr_carea' id='block_1_66' title="bbox 1975 2112 3547 2183">
    <p class='ocr_par' dir='ltr' id='par_1_66' title="bbox 1975 2112 3547 2183">
     <span class='ocr_line' id='line_1_66' title="bbox 1975 2112 3547 2183; baseline 0.003 -15"><span class='ocrx_word' id='word_1_464' title='bbox 1975 2112 2177 2168; x_wconf 73' lang='lat' dir='ltr'><strong>etenim</strong></span> <span class='ocrx_word' id='word_1_465' title='bbox 2210 2128 2385 2183; x_wconf 90' lang='lat' dir='ltr'><strong>usque</strong></span> <span class='ocrx_word' id='word_1_466' title='bbox 2411 2112 2478 2166; x_wconf 85' lang='lat' dir='ltr'><strong>ad</strong></span> <span class='ocrx_word' id='word_1_467' title='bbox 2513 2112 2617 2167; x_wconf 88' lang='lat' dir='ltr'><strong>hoc</strong></span> <span class='ocrx_word' id='word_1_468' title='bbox 2652 2112 2912 2183; x_wconf 90' lang='lat' dir='ltr'><strong>temporis</strong></span> <span class='ocrx_word' id='word_1_469' title='bbox 2939 2113 3073 2168; x_wconf 84' lang='lat' dir='ltr'><strong>urbs</strong></span> <span class='ocrx_word' id='word_1_470' title='bbox 3106 2114 3322 2168; x_wconf 86' lang='lat' dir='ltr'><strong>deserta</strong></span> <span class='ocrx_word' id='word_1_471' title='bbox 3348 2114 3547 2173; x_wconf 82' lang='lat' dir='ltr'><strong>fuerat.</strong></span> 
     </span>
    </p>
   </div>
   <div class='ocr_carea' id='block_1_67' title="bbox 1974 2204 3549 2278">
    <p class='ocr_par' dir='ltr' id='par_1_67' title="bbox 1974 2204 3549 2278">
     <span class='ocr_line' id='line_1_67' title="bbox 1974 2204 3549 2278; baseline 0.001 -17"><span class='ocrx_word' id='word_1_472' title='bbox 1974 2204 2120 2277; x_wconf 80' lang='lat' dir='ltr'><strong>Cyro</strong></span> <span class='ocrx_word' id='word_1_473' title='bbox 2146 2214 2269 2276; x_wconf 88' lang='lat' dir='ltr'><strong>post</strong></span> <span class='ocrx_word' id='word_1_474' title='bbox 2308 2205 2653 2276; x_wconf 82' lang='lat' dir='ltr'><strong>septuaginta</strong></span> <span class='ocrx_word' id='word_1_475' title='bbox 2697 2205 3027 2275; x_wconf 84' lang='lat' dir='ltr'><strong>captivitatis</strong></span> <span class='ocrx_word' id='word_1_476' title='bbox 3070 2222 3245 2263; x_wconf 91' lang='lat' dir='ltr'><strong>annos</strong></span> <span class='ocrx_word' id='word_1_477' title='bbox 3273 2209 3549 2278; x_wconf 86' lang='lat' dir='ltr'><strong>quoslibet</strong></span> 
     </span>
    </p>
   </div>
   <div class='ocr_carea' id='block_1_68' title="bbox 1975 2295 3550 2368">
    <p class='ocr_par' dir='ltr' id='par_1_68' title="bbox 1975 2295 3550 2368">
     <span class='ocr_line' id='line_1_68' title="bbox 1975 2295 3550 2368; baseline 0.003 -15"><span class='ocrx_word' id='word_1_478' title='bbox 1975 2307 2172 2368; x_wconf 77' lang='lat' dir='ltr'><strong>sponte</strong></span> <span class='ocrx_word' id='word_1_479' title='bbox 2204 2298 2540 2361; x_wconf 86' lang='lat' dir='ltr'><strong>remittente,</strong></span> <span class='ocrx_word' id='word_1_480' title='bbox 2575 2297 2666 2352; x_wconf 88' lang='lat' dir='ltr'><strong>alii</strong></span> <span class='ocrx_word' id='word_1_481' title='bbox 2697 2313 2822 2351; x_wconf 92' lang='lat' dir='ltr'><strong>cum</strong></span> <span class='ocrx_word' id='word_1_482' title='bbox 2856 2295 2985 2353; x_wconf 89' lang='lat' dir='ltr'><strong>Jesu</strong></span> <span class='ocrx_word' id='word_1_483' title='bbox 3018 2314 3234 2353; x_wconf 90' lang='lat' dir='ltr'><strong>summo</strong></span> <span class='ocrx_word' id='word_1_484' title='bbox 3263 2301 3550 2357; x_wconf 85' lang='lat' dir='ltr'><strong>sacerdote</strong></span> 
     </span>
    </p>
   </div>
   <div class='ocr_carea' id='block_1_69' title="bbox 1975 2388 3548 2460">
    <p class='ocr_par' dir='ltr' id='par_1_69' title="bbox 1975 2388 3548 2460">
     <span class='ocr_line' id='line_1_69' title="bbox 1975 2388 3548 2460; baseline 0.002 -16"><span class='ocrx_word' id='word_1_485' title='bbox 1975 2397 2028 2444; x_wconf 88' lang='lat' dir='ltr'><strong>et</strong></span> <span class='ocrx_word' id='word_1_486' title='bbox 2054 2388 2352 2445; x_wconf 83' lang='lat' dir='ltr'><strong>Zorobabel</strong></span> <span class='ocrx_word' id='word_1_487' title='bbox 2383 2388 2636 2460; x_wconf 85' lang='lat' dir='ltr'><strong>profecti,</strong></span> <span class='ocrx_word' id='word_1_488' title='bbox 2666 2389 2757 2443; x_wconf 89' lang='lat' dir='ltr'><strong>alii</strong></span> <span class='ocrx_word' id='word_1_489' title='bbox 2784 2388 2983 2445; x_wconf 89' lang='lat' dir='ltr'><strong>deinde</strong></span> <span class='ocrx_word' id='word_1_490' title='bbox 3018 2406 3141 2444; x_wconf 88' lang='lat' dir='ltr'><strong>cum</strong></span> <span class='ocrx_word' id='word_1_491' title='bbox 3181 2390 3373 2459; x_wconf 88' lang='lat' dir='ltr'><strong>Esdra,</strong></span> <span class='ocrx_word' id='word_1_492' title='bbox 3411 2399 3548 2447; x_wconf 86' lang='lat' dir='ltr'><strong>tem-</strong></span> 
     </span>
    </p>
   </div>
   <div class='ocr_carea' id='block_1_70' title="bbox 1976 2481 3548 2555">
    <p class='ocr_par' dir='ltr' id='par_1_70' title="bbox 1976 2481 3548 2555">
     <span class='ocr_line' id='line_1_70' title="bbox 1976 2481 3548 2555; baseline 0.002 -19"><span class='ocrx_word' id='word_1_493' title='bbox 1976 2484 2123 2555; x_wconf 89' lang='lat' dir='ltr'><strong>plum</strong></span> <span class='ocrx_word' id='word_1_494' title='bbox 2175 2484 2470 2554; x_wconf 88' lang='lat' dir='ltr'><strong>quominus</strong></span> <span class='ocrx_word' id='word_1_495' title='bbox 2517 2481 2872 2546; x_wconf 65' lang='lat' dir='ltr'><strong>aedilicareut.</strong></span> <span class='ocrx_word' id='word_1_496' title='bbox 2919 2482 3304 2554; x_wconf 73' lang='lat' dir='ltr'><strong>mwnibusque</strong></span> <span class='ocrx_word' id='word_1_497' title='bbox 3358 2485 3548 2539; x_wconf 89' lang='lat' dir='ltr'><strong>urbem</strong></span> 
     </span>
    </p>
   </div>
   <div class='ocr_carea' id='block_1_71' title="bbox 1974 2574 3547 2648">
    <p class='ocr_par' dir='ltr' id='par_1_71' title="bbox 1974 2574 3547 2648">
     <span class='ocr_line' id='line_1_71' title="bbox 1974 2574 3547 2648; baseline 0 -17"><span class='ocrx_word' id='word_1_498' title='bbox 1974 2576 2277 2648; x_wconf 84' lang='lat' dir='ltr'><strong>cingerent,</strong></span> <span class='ocrx_word' id='word_1_499' title='bbox 2332 2576 2508 2645; x_wconf 90' lang='lat' dir='ltr'><strong>primo</strong></span> <span class='ocrx_word' id='word_1_500' title='bbox 2560 2575 3022 2646; x_wconf 84' lang='lat' dir='ltr'><strong>impediebantur.</strong></span> <span class='ocrx_word' id='word_1_501' title='bbox 3075 2576 3233 2646; x_wconf 90' lang='lat' dir='ltr'><strong>quasi</strong></span> <span class='ocrx_word' id='word_1_502' title='bbox 3289 2574 3394 2631; x_wconf 88' lang='lat' dir='ltr'><strong>hoc</strong></span> <span class='ocrx_word' id='word_1_503' title='bbox 3438 2592 3547 2631; x_wconf 91' lang='lat' dir='ltr'><strong>non</strong></span> 
     </span>
    </p>
   </div>
   <div class='ocr_carea' id='block_1_72' title="bbox 1973 2664 3549 2740">
    <p class='ocr_par' dir='ltr' id='par_1_72' title="bbox 1973 2664 3549 2740">
     <span class='ocr_line' id='line_1_72' title="bbox 1973 2664 3549 2740; baseline -0.001 -16"><span class='ocrx_word' id='word_1_504' title='bbox 1973 2669 2261 2739; x_wconf 70' lang='lat' dir='ltr'><strong>imperato.</strong></span> <span class='ocrx_word' id='word_1_505' title='bbox 2298 2666 2687 2738; x_wconf 80' lang='lat' dir='ltr'><strong>Exspectatum</strong></span> <span class='ocrx_word' id='word_1_506' title='bbox 2742 2678 2826 2723; x_wconf 89' lang='lat' dir='ltr'><strong>est</strong></span> <span class='ocrx_word' id='word_1_507' title='bbox 2863 2666 3028 2740; x_wconf 77' lang='lat' dir='ltr'><strong>igitur</strong></span> <span class='ocrx_word' id='word_1_508' title='bbox 3057 2682 3229 2738; x_wconf 90' lang='lat' dir='ltr'><strong>usque</strong></span> <span class='ocrx_word' id='word_1_509' title='bbox 3257 2667 3325 2722; x_wconf 89' lang='lat' dir='ltr'><strong>ad</strong></span> <span class='ocrx_word' id='word_1_510' title='bbox 3372 2664 3549 2723; x_wconf 84' lang='lat' dir='ltr'><strong>Nehe-</strong></span> 
     </span>
    </p>
   </div>
   <div class='ocr_carea' id='block_1_73' title="bbox 1974 2756 3552 2829">
    <p class='ocr_par' dir='ltr' id='par_1_73' title="bbox 1974 2756 3552 2829">
     <span class='ocr_line' id='line_1_73' title="bbox 1974 2756 3552 2829; baseline -0.001 -16"><span class='ocrx_word' id='word_1_511' title='bbox 1974 2760 2159 2824; x_wconf 89' lang='lat' dir='ltr'><strong>miam,</strong></span> <span class='ocrx_word' id='word_1_512' title='bbox 2182 2758 2605 2829; x_wconf 79' lang='lat' dir='ltr'><strong>Artaxerxisque</strong></span> <span class='ocrx_word' id='word_1_513' title='bbox 2632 2758 2781 2829; x_wconf 82' lang='lat' dir='ltr'><strong>regni</strong></span> <span class='ocrx_word' id='word_1_514' title='bbox 2817 2757 3135 2813; x_wconf 86' lang='lat' dir='ltr'><strong>vicesimum</strong></span> <span class='ocrx_word' id='word_1_515' title='bbox 3164 2772 3387 2822; x_wconf 90' lang='lat' dir='ltr'><strong>annum,</strong></span> <span class='ocrx_word' id='word_1_516' title='bbox 3419 2756 3552 2813; x_wconf 84' lang='lat' dir='ltr'><strong>Per-</strong></span> 
     </span>
    </p>
   </div>
   <div class='ocr_carea' id='block_1_74' title="bbox 1971 2849 3549 2921">
    <p class='ocr_par' dir='ltr' id='par_1_74' title="bbox 1971 2849 3549 2921">
     <span class='ocr_line' id='line_1_74' title="bbox 1971 2849 3549 2921; baseline 0.001 -15"><span class='ocrx_word' id='word_1_517' title='bbox 1971 2866 2157 2907; x_wconf 85' lang='lat' dir='ltr'><strong>sarum</strong></span> <span class='ocrx_word' id='word_1_518' title='bbox 2178 2858 2360 2905; x_wconf 85' lang='lat' dir='ltr'><strong>autem</strong></span> <span class='ocrx_word' id='word_1_519' title='bbox 2390 2850 2598 2921; x_wconf 85' lang='lat' dir='ltr'><strong>imperii</strong></span> <span class='ocrx_word' id='word_1_520' title='bbox 2628 2850 2879 2921; x_wconf 87' lang='lat' dir='ltr'><strong>quintum</strong></span> <span class='ocrx_word' id='word_1_521' title='bbox 2916 2849 3188 2905; x_wconf 82' lang='lat' dir='ltr'><strong>decimum</strong></span> <span class='ocrx_word' id='word_1_522' title='bbox 3228 2857 3282 2906; x_wconf 91' lang='lat' dir='ltr'><strong>et</strong></span> <span class='ocrx_word' id='word_1_523' title='bbox 3310 2850 3549 2906; x_wconf 79' lang='lat' dir='ltr'><strong>centesi~</strong></span> 
     </span>
    </p>
   </div>
   <div class='ocr_carea' id='block_1_75' title="bbox 1973 2939 3547 3012">
    <p class='ocr_par' dir='ltr' id='par_1_75' title="bbox 1973 2939 3547 3012">
     <span class='ocr_line' id='line_1_75' title="bbox 1973 2939 3547 3012; baseline 0.001 -16"><span class='ocrx_word' id='word_1_524' title='bbox 1973 2958 2145 3005; x_wconf 89' lang='lat' dir='ltr'><strong>mum,</strong></span> <span class='ocrx_word' id='word_1_525' title='bbox 2173 2956 2383 2996; x_wconf 78' lang='lat' dir='ltr'><strong>cuxxv</strong></span> <span class='ocrx_word' id='word_1_526' title='bbox 2412 2941 2479 2995; x_wconf 88' lang='lat' dir='ltr'><strong>ab</strong></span> <span class='ocrx_word' id='word_1_527' title='bbox 2507 2949 2815 3012; x_wconf 88' lang='lat' dir='ltr'><strong>oppugnata</strong></span> <span class='ocrx_word' id='word_1_528' title='bbox 2846 2939 3146 2997; x_wconf 77' lang='lat' dir='ltr'><strong>Jerusalem</strong></span> <span class='ocrx_word' id='word_1_529' title='bbox 3186 2942 3366 2998; x_wconf 88' lang='lat' dir='ltr'><strong>annis.</strong></span> <span class='ocrx_word' id='word_1_530' title='bbox 3394 2940 3547 2997; x_wconf 86' lang='lat' dir='ltr'><strong>Tunc</strong></span> 
     </span>
    </p>
   </div>
   <div class='ocr_carea' id='block_1_76' title="bbox 1974 3021 3553 3105">
    <p class='ocr_par' dir='ltr' id='par_1_76' title="bbox 1974 3021 3553 3105">
     <span class='ocr_line' id='line_1_76' title="bbox 1974 3021 3553 3105; baseline 0.001 -18"><span class='ocrx_word' id='word_1_531' title='bbox 1974 3048 2067 3087; x_wconf 89' lang='lat' dir='ltr'><strong>rex</strong></span> <span class='ocrx_word' id='word_1_532' title='bbox 2086 3031 2416 3086; x_wconf 78' lang='lat' dir='ltr'><strong>Artaxerxes</strong></span> <span class='ocrx_word' id='word_1_533' title='bbox 2439 3032 2626 3087; x_wconf 89' lang='lat' dir='ltr'><strong>urbem</strong></span> <span class='ocrx_word' id='word_1_534' title='bbox 2647 3031 2899 3086; x_wconf 65' lang='lat' dir='ltr'><strong>mdilicari</strong></span> <span class='ocrx_word' id='word_1_535' title='bbox 2914 3032 3101 3102; x_wconf 85' lang='lat' dir='ltr'><strong>jussit,</strong></span> <span class='ocrx_word' id='word_1_536' title='bbox 3121 3021 3431 3105; x_wconf 86' lang='lat' dir='ltr'><strong>missusque</strong></span> <span class='ocrx_word' id='word_1_537' title='bbox 3452 3034 3553 3089; x_wconf 81' lang='lat' dir='ltr'><strong>Ne-</strong></span> 
     </span>
    </p>
   </div>
   <div class='ocr_carea' id='block_1_77' title="bbox 1974 3124 3549 3197">
    <p class='ocr_par' dir='ltr' id='par_1_77' title="bbox 1974 3124 3549 3197">
     <span class='ocr_line' id='line_1_77' title="bbox 1974 3124 3549 3197; baseline 0.001 -19"><span class='ocrx_word' id='word_1_538' title='bbox 1974 3124 2188 3194; x_wconf 71' lang='lat' dir='ltr'><strong>hemias</strong></span> <span class='ocrx_word' id='word_1_539' title='bbox 2219 3124 2312 3195; x_wconf 87' lang='lat' dir='ltr'><strong>qui</strong></span> <span class='ocrx_word' id='word_1_540' title='bbox 2360 3124 2510 3195; x_wconf 87' lang='lat' dir='ltr'><strong>operi</strong></span> <span class='ocrx_word' id='word_1_541' title='bbox 2543 3132 2836 3195; x_wconf 73' lang='lat' dir='ltr'><strong>praeesset;</strong></span> <span class='ocrx_word' id='word_1_542' title='bbox 2870 3124 2994 3180; x_wconf 79' lang='lat' dir='ltr'><strong>ideo</strong></span> <span class='ocrx_word' id='word_1_543' title='bbox 3021 3126 3283 3181; x_wconf 66' lang='lat' dir='ltr'><strong>aediﬁcata</strong></span> <span class='ocrx_word' id='word_1_544' title='bbox 3318 3137 3401 3182; x_wconf 88' lang='lat' dir='ltr'><strong>est</strong></span> <span class='ocrx_word' id='word_1_545' title='bbox 3428 3127 3549 3197; x_wconf 85' lang='lat' dir='ltr'><strong>pla-</strong></span> 
     </span>
    </p>
   </div>
   <div class='ocr_carea' id='block_1_78' title="bbox 1973 3214 3544 3288">
    <p class='ocr_par' dir='ltr' id='par_1_78' title="bbox 1973 3214 3544 3288">
     <span class='ocr_line' id='line_1_78' title="bbox 1973 3214 3544 3288; baseline 0.001 -17"><span class='ocrx_word' id='word_1_546' title='bbox 1973 3229 2079 3281; x_wconf 83' lang='lat' dir='ltr'><strong>tea.</strong></span> <span class='ocrx_word' id='word_1_547' title='bbox 2114 3217 2423 3287; x_wconf 55' lang='lat' dir='ltr'><strong>inaniaque</strong></span> <span class='ocrx_word' id='word_1_548' title='bbox 2452 3218 2659 3270; x_wconf 85' lang='lat' dir='ltr'><strong>circum</strong></span> <span class='ocrx_word' id='word_1_549' title='bbox 2706 3214 2900 3269; x_wconf 86' lang='lat' dir='ltr'><strong>educta</strong></span> <span class='ocrx_word' id='word_1_550' title='bbox 2934 3227 3083 3282; x_wconf 89' lang='lat' dir='ltr'><strong>sunt,</strong></span> <span class='ocrx_word' id='word_1_551' title='bbox 3112 3216 3270 3287; x_wconf 83' lang='lat' dir='ltr'><strong>juxta</strong></span> <span class='ocrx_word' id='word_1_552' title='bbox 3309 3218 3544 3288; x_wconf 87' lang='lat' dir='ltr'><strong>prophe-</strong></span> 
     </span>
    </p>
   </div>
   <div class='ocr_carea' id='block_1_79' title="bbox 1975 3299 3548 3372">
    <p class='ocr_par' dir='ltr' id='par_1_79' title="bbox 1975 3299 3548 3372">
     <span class='ocr_line' id='line_1_79' title="bbox 1975 3299 3548 3372; baseline 0.004 -17"><span class='ocrx_word' id='word_1_553' title='bbox 1975 3301 2104 3355; x_wconf 90' lang='lat' dir='ltr'><strong>tiam</strong></span> <span class='ocrx_word' id='word_1_554' title='bbox 2134 3320 2148 3356; x_wconf 90' lang='lat'><strong>:</strong></span> <span class='ocrx_word' id='word_1_555' title='bbox 2178 3318 2245 3356; x_wconf 87' lang='lat' dir='ltr'><strong>ex</strong></span> <span class='ocrx_word' id='word_1_556' title='bbox 2286 3317 2397 3372; x_wconf 92' lang='lat' dir='ltr'><strong>quo</strong></span> <span class='ocrx_word' id='word_1_557' title='bbox 2435 3302 2594 3359; x_wconf 88' lang='lat' dir='ltr'><strong>nobis</strong></span> <span class='ocrx_word' id='word_1_558' title='bbox 2636 3301 2703 3357; x_wconf 87' lang='lat' dir='ltr'><strong>ad</strong></span> <span class='ocrx_word' id='word_1_559' title='bbox 2732 3299 3009 3357; x_wconf 89' lang='lat' dir='ltr'><strong>Christum</strong></span> <span class='ocrx_word' id='word_1_560' title='bbox 3049 3319 3155 3358; x_wconf 83' lang='lat' dir='ltr'><strong>Lxx</strong></span> <span class='ocrx_word' id='word_1_561' title='bbox 3183 3304 3548 3362; x_wconf 83' lang='lat' dir='ltr'><strong>hebdomades</strong></span> 
     </span>
    </p>
   </div>
   <div class='ocr_carea' id='block_1_80' title="bbox 1974 3393 2507 3448">
    <p class='ocr_par' dir='ltr' id='par_1_80' title="bbox 1974 3393 2507 3448">
     <span class='ocr_line' id='line_1_80' title="bbox 1974 3393 2507 3448; baseline 0.002 -1"><span class='ocrx_word' id='word_1_562' title='bbox 1974 3402 2103 3448; x_wconf 90' lang='lat' dir='ltr'><strong>sunt</strong></span> <span class='ocrx_word' id='word_1_563' title='bbox 2135 3393 2507 3448; x_wconf 61' lang='lat' dir='ltr'><strong>numeranda.</strong></span> 
     </span>
    </p>
   </div>
   <div class='ocr_carea' id='block_1_81' title="bbox 2048 3591 3546 3668">
    <p class='ocr_par' dir='ltr' id='par_1_81' title="bbox 2048 3591 3546 3668">
     <span class='ocr_line' id='line_1_81' title="bbox 2048 3591 3546 3668; baseline 0.005 -20"><span class='ocrx_word' id='word_1_564' title='bbox 2048 3591 2106 3649; x_wconf 92' lang='lat' dir='ltr'><strong>Si</strong></span> <span class='ocrx_word' id='word_1_565' title='bbox 2135 3594 2279 3649; x_wconf 89' lang='lat' dir='ltr'><strong>enim</strong></span> <span class='ocrx_word' id='word_1_566' title='bbox 2313 3595 2468 3650; x_wconf 88' lang='lat' dir='ltr'><strong>aliter</strong></span> <span class='ocrx_word' id='word_1_567' title='bbox 2514 3611 2805 3653; x_wconf 82' lang='lat' dir='ltr'><strong>numerare</strong></span> <span class='ocrx_word' id='word_1_568' title='bbox 2848 3597 3236 3668; x_wconf 89' lang='lat' dir='ltr'><strong>inceperimus,</strong></span> <span class='ocrx_word' id='word_1_569' title='bbox 3268 3614 3371 3655; x_wconf 89' lang='lat' dir='ltr'><strong>nec</strong></span> <span class='ocrx_word' id='word_1_570' title='bbox 3402 3605 3546 3656; x_wconf 90' lang='lat' dir='ltr'><strong>tem-</strong></span> 
     </span>
    </p>
   </div>
   <div class='ocr_carea' id='block_1_82' title="bbox 1976 3688 3545 3760">
    <p class='ocr_par' dir='ltr' id='par_1_82' title="bbox 1976 3688 3545 3760">
     <span class='ocr_line' id='line_1_82' title="bbox 1976 3688 3545 3760; baseline 0.008 -23"><span class='ocrx_word' id='word_1_571' title='bbox 1976 3702 2078 3757; x_wconf 89' lang='lat' dir='ltr'><strong>pus</strong></span> <span class='ocrx_word' id='word_1_572' title='bbox 2131 3688 2415 3757; x_wconf 87' lang='lat' dir='ltr'><strong>congruit,</strong></span> <span class='ocrx_word' id='word_1_573' title='bbox 2477 3689 2740 3759; x_wconf 86' lang='lat' dir='ltr'><strong>pluraque</strong></span> <span class='ocrx_word' id='word_1_574' title='bbox 2787 3689 3168 3760; x_wconf 85' lang='lat' dir='ltr'><strong>intempestive</strong></span> <span class='ocrx_word' id='word_1_575' title='bbox 3222 3698 3545 3749; x_wconf 82' lang='lat' dir='ltr'><strong>occurrunt.</strong></span> 
     </span>
    </p>
   </div>
   <div class='ocr_carea' id='block_1_83' title="bbox 1974 3776 3549 3849">
    <p class='ocr_par' dir='ltr' id='par_1_83' title="bbox 1974 3776 3549 3849">
     <span class='ocr_line' id='line_1_83' title="bbox 1974 3776 3549 3849; baseline 0.003 -18"><span class='ocrx_word' id='word_1_576' title='bbox 1974 3776 2108 3831; x_wconf 85' lang='lat' dir='ltr'><strong>Nam</strong></span> <span class='ocrx_word' id='word_1_577' title='bbox 2140 3780 2187 3834; x_wconf 91' lang='lat' dir='ltr'><strong>sl</strong></span> <span class='ocrx_word' id='word_1_578' title='bbox 2210 3791 2240 3830; x_wconf 90' lang='lat' dir='ltr'><strong>a</strong></span> <span class='ocrx_word' id='word_1_579' title='bbox 2271 3777 2414 3849; x_wconf 77' lang='lat' dir='ltr'><strong>Cyro</strong></span> <span class='ocrx_word' id='word_1_580' title='bbox 2439 3779 2721 3849; x_wconf 89' lang='lat' dir='ltr'><strong>primaque</strong></span> <span class='ocrx_word' id='word_1_581' title='bbox 2755 3778 3078 3835; x_wconf 84' lang='lat' dir='ltr'><strong>dimissione</strong></span> <span class='ocrx_word' id='word_1_582' title='bbox 3116 3795 3223 3837; x_wconf 79' lang='lat' dir='ltr'><strong>Lxx</strong></span> <span class='ocrx_word' id='word_1_583' title='bbox 3256 3780 3549 3836; x_wconf 82' lang='lat' dir='ltr'><strong>hebdoma-</strong></span> 
     </span>
    </p>
   </div>
   <div class='ocr_carea' id='block_1_84' title="bbox 1975 3870 3544 3940">
    <p class='ocr_par' dir='ltr' id='par_1_84' title="bbox 1975 3870 3544 3940">
     <span class='ocr_line' id='line_1_84' title="bbox 1975 3870 3544 3940; baseline 0.003 -16"><span class='ocrx_word' id='word_1_584' title='bbox 1975 3870 2107 3925; x_wconf 89' lang='lat' dir='ltr'><strong>dum</strong></span> <span class='ocrx_word' id='word_1_585' title='bbox 2166 3885 2454 3924; x_wconf 82' lang='lat' dir='ltr'><strong>numerum</strong></span> <span class='ocrx_word' id='word_1_586' title='bbox 2519 3878 2818 3940; x_wconf 85' lang='lat' dir='ltr'><strong>supputare</strong></span> <span class='ocrx_word' id='word_1_587' title='bbox 2857 3870 3267 3940; x_wconf 86' lang='lat' dir='ltr'><strong>inciperemus,</strong></span> <span class='ocrx_word' id='word_1_588' title='bbox 3323 3883 3544 3929; x_wconf 88' lang='lat' dir='ltr'><strong>centum</strong></span> 
     </span>
    </p>
   </div>
   <div class='ocr_carea' id='block_1_85' title="bbox 1975 3960 3547 4036">
    <p class='ocr_par' dir='ltr' id='par_1_85' title="bbox 1975 3960 3547 4036">
     <span class='ocr_line' id='line_1_85' title="bbox 1975 3960 3547 4036; baseline 0.003 -20"><span class='ocrx_word' id='word_1_589' title='bbox 1975 3961 2108 4016; x_wconf 88' lang='lat' dir='ltr'><strong>anni</strong></span> <span class='ocrx_word' id='word_1_590' title='bbox 2152 3968 2470 4031; x_wconf 86' lang='lat' dir='ltr'><strong>supersunt,</strong></span> <span class='ocrx_word' id='word_1_591' title='bbox 2515 3960 2811 4032; x_wconf 88' lang='lat' dir='ltr'><strong>pluresque</strong></span> <span class='ocrx_word' id='word_1_592' title='bbox 2860 3962 2906 4017; x_wconf 87' lang='lat' dir='ltr'><strong>si</strong></span> <span class='ocrx_word' id='word_1_593' title='bbox 2938 3961 3006 4016; x_wconf 90' lang='lat' dir='ltr'><strong>ab</strong></span> <span class='ocrx_word' id='word_1_594' title='bbox 3036 3963 3129 4016; x_wconf 90' lang='lat' dir='ltr'><strong>illa</strong></span> <span class='ocrx_word' id='word_1_595' title='bbox 3166 3962 3254 4019; x_wconf 91' lang='lat' dir='ltr'><strong>die</strong></span> <span class='ocrx_word' id='word_1_596' title='bbox 3288 3979 3394 4036; x_wconf 86' lang='lat' dir='ltr'><strong>qua</strong></span> <span class='ocrx_word' id='word_1_597' title='bbox 3435 3962 3547 4021; x_wconf 85' lang='lat' dir='ltr'><strong>Da-</strong></span> 
     </span>
    </p>
   </div>
   <div class='ocr_carea' id='block_1_86' title="bbox 1977 4052 3546 4125">
    <p class='ocr_par' dir='ltr' id='par_1_86' title="bbox 1977 4052 3546 4125">
     <span class='ocr_line' id='line_1_86' title="bbox 1977 4052 3546 4125; baseline 0.004 -18"><span class='ocrx_word' id='word_1_598' title='bbox 1977 4053 2104 4109; x_wconf 91' lang='lat' dir='ltr'><strong>nieli</strong></span> <span class='ocrx_word' id='word_1_599' title='bbox 2133 4052 2361 4125; x_wconf 83' lang='lat' dir='ltr'><strong>angelus</strong></span> <span class='ocrx_word' id='word_1_600' title='bbox 2402 4054 2820 4124; x_wconf 80' lang='lat' dir='ltr'><strong>prephetizavit,</strong></span> <span class='ocrx_word' id='word_1_601' title='bbox 2873 4062 2927 4109; x_wconf 90' lang='lat' dir='ltr'><strong>et</strong></span> <span class='ocrx_word' id='word_1_602' title='bbox 2958 4056 3131 4110; x_wconf 92' lang='lat' dir='ltr'><strong>multo</strong></span> <span class='ocrx_word' id='word_1_603' title='bbox 3160 4056 3348 4125; x_wconf 87' lang='lat' dir='ltr'><strong>plures</strong></span> <span class='ocrx_word' id='word_1_604' title='bbox 3378 4057 3546 4113; x_wconf 88' lang='lat' dir='ltr'><strong>etiam</strong></span> 
     </span>
    </p>
   </div>
   <div class='ocr_carea' id='block_1_87' title="bbox 1976 4146 3547 4218">
    <p class='ocr_par' dir='ltr' id='par_1_87' title="bbox 1976 4146 3547 4218">
     <span class='ocr_line' id='line_1_87' title="bbox 1976 4146 3547 4218; baseline 0.002 -16"><span class='ocrx_word' id='word_1_605' title='bbox 1976 4149 2021 4203; x_wconf 91' lang='lat' dir='ltr'><strong>si</strong></span> <span class='ocrx_word' id='word_1_606' title='bbox 2074 4164 2103 4201; x_wconf 88' lang='lat' dir='ltr'><strong>a</strong></span> <span class='ocrx_word' id='word_1_607' title='bbox 2137 4147 2472 4218; x_wconf 86' lang='lat' dir='ltr'><strong>captivitatis</strong></span> <span class='ocrx_word' id='word_1_608' title='bbox 2502 4146 2676 4201; x_wconf 88' lang='lat' dir='ltr'><strong>initio.</strong></span> <span class='ocrx_word' id='word_1_609' title='bbox 2710 4149 3026 4203; x_wconf 82' lang='lat' dir='ltr'><strong>invenimus</strong></span> <span class='ocrx_word' id='word_1_610' title='bbox 3073 4149 3218 4203; x_wconf 89' lang='lat' dir='ltr'><strong>enim</strong></span> <span class='ocrx_word' id='word_1_611' title='bbox 3250 4147 3547 4205; x_wconf 89' lang='lat' dir='ltr'><strong>Persarum</strong></span> 
     </span>
    </p>
   </div>
   <div class='ocr_carea' id='block_1_88' title="bbox 1976 4239 3544 4310">
    <p class='ocr_par' dir='ltr' id='par_1_88' title="bbox 1976 4239 3544 4310">
     <span class='ocr_line' id='line_1_88' title="bbox 1976 4239 3544 4310; baseline 0.001 -16"><span class='ocrx_word' id='word_1_612' title='bbox 1976 4255 2202 4310; x_wconf 87' lang='lat' dir='ltr'><strong>regnum</strong></span> <span class='ocrx_word' id='word_1_613' title='bbox 2252 4254 2426 4294; x_wconf 83' lang='lat' dir='ltr'><strong>ccxxx</strong></span> <span class='ocrx_word' id='word_1_614' title='bbox 2480 4254 2751 4294; x_wconf 89' lang='lat' dir='ltr'><strong>annorum</strong></span> <span class='ocrx_word' id='word_1_615' title='bbox 2804 4239 2981 4308; x_wconf 78' lang='lat' dir='ltr'><strong>spatio</strong></span> <span class='ocrx_word' id='word_1_616' title='bbox 3029 4240 3544 4310; x_wconf 83' lang='lat' dir='ltr'><strong>circumscriptum,</strong></span> 
     </span>
    </p>
   </div>
   <div class='ocr_carea' id='block_1_89' title="bbox 1976 4331 3547 4402">
    <p class='ocr_par' dir='ltr' id='par_1_89' title="bbox 1976 4331 3547 4402">
     <span class='ocr_line' id='line_1_89' title="bbox 1976 4331 3547 4402; baseline 0.004 -16"><span class='ocrx_word' id='word_1_617' title='bbox 1976 4331 2331 4387; x_wconf 83' lang='lat' dir='ltr'><strong>Macedonum</strong></span> <span class='ocrx_word' id='word_1_618' title='bbox 2360 4347 2488 4387; x_wconf 88' lang='lat' dir='ltr'><strong>vero</strong></span> <span class='ocrx_word' id='word_1_619' title='bbox 2521 4346 2635 4395; x_wconf 87' lang='lat' dir='ltr'><strong>ccc,</strong></span> <span class='ocrx_word' id='word_1_620' title='bbox 2666 4347 2732 4386; x_wconf 81' lang='lat' dir='ltr'><strong>ex</strong></span> <span class='ocrx_word' id='word_1_621' title='bbox 2781 4347 2891 4402; x_wconf 86' lang='lat' dir='ltr'><strong>quo</strong></span> <span class='ocrx_word' id='word_1_622' title='bbox 2939 4332 3009 4386; x_wconf 87' lang='lat' dir='ltr'><strong>ad</strong></span> <span class='ocrx_word' id='word_1_623' title='bbox 3056 4331 3258 4388; x_wconf 89' lang='lat' dir='ltr'><strong>Tiberii</strong></span> <span class='ocrx_word' id='word_1_624' title='bbox 3310 4333 3547 4392; x_wconf 72' lang='lat' dir='ltr'><strong>Cmsaris</strong></span> 
     </span>
    </p>
   </div>
   <div class='ocr_carea' id='block_1_90' title="bbox 1976 4423 3544 4493">
    <p class='ocr_par' dir='ltr' id='par_1_90' title="bbox 1976 4423 3544 4493">
     <span class='ocr_line' id='line_1_90' title="bbox 1976 4423 3544 4493; baseline 0.003 -16"><span class='ocrx_word' id='word_1_625' title='bbox 1976 4439 2178 4478; x_wconf 87' lang='lat' dir='ltr'><strong>annum</strong></span> <span class='ocrx_word' id='word_1_626' title='bbox 2212 4432 2425 4480; x_wconf 86' lang='lat' dir='ltr'><strong>sextum</strong></span> <span class='ocrx_word' id='word_1_627' title='bbox 2461 4424 2731 4480; x_wconf 76' lang='lat' dir='ltr'><strong>decimum</strong></span> <span class='ocrx_word' id='word_1_628' title='bbox 2784 4423 3064 4493; x_wconf 85' lang='lat' dir='ltr'><strong>sexaginta</strong></span> <span class='ocrx_word' id='word_1_629' title='bbox 3096 4425 3226 4479; x_wconf 89' lang='lat' dir='ltr'><strong>anni</strong></span> <span class='ocrx_word' id='word_1_630' title='bbox 3264 4426 3544 4483; x_wconf 80' lang='lat' dir='ltr'><strong>ellluxere.</strong></span> 
     </span>
    </p>
   </div>
   <div class='ocr_carea' id='block_1_91' title="bbox 306 4514 1877 4594">
    <p class='ocr_par' dir='ltr' id='par_1_91' title="bbox 306 4520 1874 4594">
     <span class='ocr_line' id='line_1_91' title="bbox 306 4520 1874 4594; baseline 0.001 -21"><span class='ocrx_word' id='word_1_631' title='bbox 306 4520 556 4593; x_wconf 89' lang='grc' dir='ltr'>Τιϐερίου</span> <span class='ocrx_word' id='word_1_632' title='bbox 577 4522 849 4593; x_wconf 85' lang='grc' dir='ltr'>Καίσαρος</span> <span class='ocrx_word' id='word_1_633' title='bbox 886 4522 1001 4587; x_wconf 73' lang='grc' dir='ltr'>ἔτος</span> <span class='ocrx_word' id='word_1_634' title='bbox 1024 4523 1405 4577; x_wconf 78' lang='grc' dir='ltr'>ἑκκαιδέκατον</span> <span class='ocrx_word' id='word_1_635' title='bbox 1433 4524 1511 4586; x_wconf 89' lang='grc' dir='ltr'><strong>είς</strong></span> <span class='ocrx_word' id='word_1_636' title='bbox 1540 4522 1633 4594; x_wconf 83' lang='grc' dir='ltr'><strong>ἑτη</strong></span> <span class='ocrx_word' id='word_1_637' title='bbox 1657 4521 1699 4589; x_wconf 83' lang='grc' dir='ltr'>ξ’</span> <span class='ocrx_word' id='word_1_638' title='bbox 1718 4538 1733 4552; x_wconf 75' lang='grc' dir='ltr'><strong>ο</strong></span> <span class='ocrx_word' id='word_1_639' title='bbox 1766 4520 1874 4575; x_wconf 82' lang='grc' dir='ltr'>άπὸ</span> 
     </span>
    </p>
   </div>
   <div class='ocr_carea' id='block_1_92' title="bbox 1976 4514 3545 4594">
    <p class='ocr_par' dir='ltr' id='par_1_92' title="bbox 1979 4514 3545 4573">
     <span class='ocr_line' id='line_1_92' title="bbox 1979 4514 3545 4573; baseline 0.002 -4"><span class='ocrx_word' id='word_1_640' title='bbox 1979 4514 2086 4570; x_wconf 87' lang='lat' dir='ltr'><strong>Sed</strong></span> <span class='ocrx_word' id='word_1_641' title='bbox 2144 4516 2214 4570; x_wconf 89' lang='lat' dir='ltr'><strong>ab</strong></span> <span class='ocrx_word' id='word_1_642' title='bbox 2280 4515 2582 4571; x_wconf 76' lang='lat' dir='ltr'><strong>Artaxerxe</strong></span> <span class='ocrx_word' id='word_1_643' title='bbox 2634 4530 2736 4569; x_wconf 81' lang='lat' dir='ltr'><strong>Lxx</strong></span> <span class='ocrx_word' id='word_1_644' title='bbox 2790 4515 3157 4571; x_wconf 83' lang='lat' dir='ltr'><strong>hebdomades</strong></span> <span class='ocrx_word' id='word_1_645' title='bbox 3220 4515 3286 4570; x_wconf 84' lang='lat' dir='ltr'><strong>ad</strong></span> <span class='ocrx_word' id='word_1_646' title='bbox 3340 4516 3545 4573; x_wconf 87' lang='lat' dir='ltr'><strong>Christi</strong></span> 
     </span>
    </p>
   </div>
   <div class='ocr_carea' id='block_1_93' title="bbox 302 4609 1873 4686">
    <p class='ocr_par' dir='ltr' id='par_1_93' title="bbox 302 4609 1873 4686">
     <span class='ocr_line' id='line_1_93' title="bbox 302 4609 1873 4686; baseline 0.002 -22"><span class='ocrx_word' id='word_1_647' title='bbox 302 4609 362 4665; x_wconf 81' lang='grc' dir='ltr'>δὲ</span> <span class='ocrx_word' id='word_1_648' title='bbox 396 4610 750 4685; x_wconf 82' lang='grc' dir='ltr'>Ἀρταξέρξου</span> <span class='ocrx_word' id='word_1_649' title='bbox 771 4620 810 4667; x_wconf 87' lang='lat' dir='ltr'><strong>o’</strong></span> <span class='ocrx_word' id='word_1_650' title='bbox 837 4614 1123 4686; x_wconf 84' lang='grc' dir='ltr'>ἑϐδομάδες</span> <span class='ocrx_word' id='word_1_651' title='bbox 1147 4617 1226 4679; x_wconf 87' lang='grc' dir='ltr'><strong>εἰς</strong></span> <span class='ocrx_word' id='word_1_652' title='bbox 1247 4616 1338 4669; x_wconf 82' lang='grc' dir='ltr'>τὸν</span> <span class='ocrx_word' id='word_1_653' title='bbox 1368 4615 1461 4669; x_wconf 73' lang='grc' dir='ltr'><strong>ἐπὶ</strong></span> <span class='ocrx_word' id='word_1_654' title='bbox 1488 4613 1721 4686; x_wconf 86' lang='grc' dir='ltr'>Χριστοῦ</span> <span class='ocrx_word' id='word_1_655' title='bbox 1751 4630 1873 4667; x_wconf 88' lang='grc' dir='ltr'>συν-</span> 
     </span>
    </p>
   </div>
   <div class='ocr_carea' id='block_1_94' title="bbox 303 4703 1870 4780">
    <p class='ocr_par' dir='ltr' id='par_1_94' title="bbox 303 4703 1870 4780">
     <span class='ocr_line' id='line_1_94' title="bbox 303 4703 1870 4780; baseline 0.001 -21"><span class='ocrx_word' id='word_1_656' title='bbox 303 4703 580 4759; x_wconf 85' lang='grc' dir='ltr'>τελοῦνται</span> <span class='ocrx_word' id='word_1_657' title='bbox 608 4706 795 4777; x_wconf 82' lang='grc' dir='ltr'>χρόνον</span> <span class='ocrx_word' id='word_1_658' title='bbox 828 4706 971 4760; x_wconf 79' lang='grc' dir='ltr'>κατὰ</span> <span class='ocrx_word' id='word_1_659' title='bbox 1011 4707 1136 4771; x_wconf 76' lang='grc' dir='ltr'>τοὺς</span> <span class='ocrx_word' id='word_1_660' title='bbox 1153 4707 1415 4761; x_wconf 79' lang='grc' dir='ltr'>Ἰουδαίων</span> <span class='ocrx_word' id='word_1_661' title='bbox 1434 4706 1717 4780; x_wconf 89' lang='grc' dir='ltr'>ἀριθμούς.</span> <span class='ocrx_word' id='word_1_662' title='bbox 1736 4706 1870 4761; x_wconf 78' lang='grc' dir='ltr'>Ἀπὸ</span> 
     </span>
    </p>
   </div>
   <div class='ocr_carea' id='block_1_95' title="bbox 301 4795 1874 4869">
    <p class='ocr_par' dir='ltr' id='par_1_95' title="bbox 301 4795 1874 4869">
     <span class='ocr_line' id='line_1_95' title="bbox 301 4795 1874 4869; baseline 0.001 -21"><span class='ocrx_word' id='word_1_663' title='bbox 301 4795 412 4867; x_wconf 72' lang='grc' dir='ltr'><strong>γάρ</strong></span> <span class='ocrx_word' id='word_1_664' title='bbox 443 4795 702 4866; x_wconf 82' lang='grc' dir='ltr'>Νεεμίου,</span> <span class='ocrx_word' id='word_1_665' title='bbox 730 4795 789 4860; x_wconf 81' lang='grc' dir='ltr'>ὃς</span> <span class='ocrx_word' id='word_1_666' title='bbox 841 4796 944 4849; x_wconf 82' lang='grc' dir='ltr'><strong>ὑπὸ</strong></span> <span class='ocrx_word' id='word_1_667' title='bbox 988 4796 1342 4869; x_wconf 82' lang='grc' dir='ltr'>Ἀρταξέρξου</span> <span class='ocrx_word' id='word_1_668' title='bbox 1382 4796 1479 4867; x_wconf 78' lang='grc' dir='ltr'>τὴν</span> <span class='ocrx_word' id='word_1_669' title='bbox 1521 4796 1874 4868; x_wconf 73' lang='grc' dir='ltr'>Ἰερουσαλὴμ</span> 
     </span>
    </p>
   </div>
   <div class='ocr_carea' id='block_1_96' title="bbox 302 4887 1874 4959">
    <p class='ocr_par' dir='ltr' id='par_1_96' title="bbox 302 4887 1874 4959">
     <span class='ocr_line' id='line_1_96' title="bbox 302 4887 1874 4959; baseline 0.001 -17"><span class='ocrx_word' id='word_1_670' title='bbox 302 4887 591 4942; x_wconf 85' lang='grc' dir='ltr'>ἁνοικίσων</span> <span class='ocrx_word' id='word_1_671' title='bbox 620 4887 905 4959; x_wconf 74' lang='grc' dir='ltr'>ἐπέμφθη,</span> <span class='ocrx_word' id='word_1_672' title='bbox 940 4887 1049 4942; x_wconf 74' lang='grc' dir='ltr'>ἔτει</span> <span class='ocrx_word' id='word_1_673' title='bbox 1102 4887 1568 4959; x_wconf 82' lang='grc' dir='ltr'>πεντεκαιδεκάτῳ</span> <span class='ocrx_word' id='word_1_674' title='bbox 1604 4888 1698 4943; x_wconf 76' lang='grc' dir='ltr'>καὶ</span> <span class='ocrx_word' id='word_1_675' title='bbox 1745 4890 1874 4943; x_wconf 79' lang='grc' dir='ltr'>ἐκα-</span> 
     </span>
    </p>
   </div>
   <div class='ocr_carea' id='block_1_97' title="bbox 305 4976 1872 5050">
    <p class='ocr_par' dir='ltr' id='par_1_97' title="bbox 305 4976 1872 5050">
     <span class='ocr_line' id='line_1_97' title="bbox 305 4976 1872 5050; baseline 0 -19"><span class='ocrx_word' id='word_1_676' title='bbox 305 4976 512 5048; x_wconf 81' lang='grc' dir='ltr'>στοστῷ</span> <span class='ocrx_word' id='word_1_677' title='bbox 542 4977 643 5048; x_wconf 84' lang='grc' dir='ltr'><strong>τῆς</strong></span> <span class='ocrx_word' id='word_1_678' title='bbox 670 4978 894 5047; x_wconf 85' lang='grc' dir='ltr'>Περσῶν</span> <span class='ocrx_word' id='word_1_679' title='bbox 923 4978 1211 5048; x_wconf 80' lang='grc' dir='ltr'>βασιλείας,</span> <span class='ocrx_word' id='word_1_680' title='bbox 1239 4976 1403 5030; x_wconf 76' lang='grc' dir='ltr'>αὑτοῦ</span> <span class='ocrx_word' id='word_1_681' title='bbox 1423 4995 1481 5030; x_wconf 89' lang='grc' dir='ltr'><strong>τε</strong></span> <span class='ocrx_word' id='word_1_682' title='bbox 1519 4976 1872 5050; x_wconf 79' lang='grc' dir='ltr'>Ἀρταξέρξου</span> 
     </span>
    </p>
   </div>
   <div class='ocr_carea' id='block_1_98' title="bbox 304 5066 1871 5140">
    <p class='ocr_par' dir='ltr' id='par_1_98' title="bbox 304 5066 1871 5140">
     <span class='ocr_line' id='line_1_98' title="bbox 304 5066 1871 5140; baseline 0.002 -21"><span class='ocrx_word' id='word_1_683' title='bbox 304 5066 585 5138; x_wconf 85' lang='grc' dir='ltr'>βασιλείας</span> <span class='ocrx_word' id='word_1_684' title='bbox 638 5067 867 5140; x_wconf 78' lang='grc' dir='ltr'>εἰκοστῷ</span> <span class='ocrx_word' id='word_1_685' title='bbox 914 5068 1022 5120; x_wconf 86' lang='grc' dir='ltr'>ἑτει</span> <span class='ocrx_word' id='word_1_686' title='bbox 1079 5068 1175 5122; x_wconf 76' lang='grc' dir='ltr'>καὶ</span> <span class='ocrx_word' id='word_1_687' title='bbox 1242 5066 1600 5139; x_wconf 84' lang='grc' dir='ltr'>Ὀλυμπιάδος</span> <span class='ocrx_word' id='word_1_688' title='bbox 1662 5067 1871 5137; x_wconf 59' lang='grc'><strong>(1240)</strong></span> 
     </span>
    </p>
   </div>
   <div class='ocr_carea' id='block_1_99' title="bbox 301 5157 1873 5233">
    <p class='ocr_par' dir='ltr' id='par_1_99' title="bbox 301 5157 1873 5233">
     <span class='ocr_line' id='line_1_99' title="bbox 301 5157 1873 5233; baseline -0.001 -20"><span class='ocrx_word' id='word_1_689' title='bbox 301 5159 663 5231; x_wconf 79' lang='grc' dir='ltr'>ὀγδοηκοστῆς</span> <span class='ocrx_word' id='word_1_690' title='bbox 703 5160 892 5233; x_wconf 88' lang='grc' dir='ltr'>τρίτης</span> <span class='ocrx_word' id='word_1_691' title='bbox 928 5160 1036 5213; x_wconf 80' lang='grc' dir='ltr'>ἔτει</span> <span class='ocrx_word' id='word_1_692' title='bbox 1084 5160 1361 5232; x_wconf 83' lang='grc' dir='ltr'>τετάρτῳ,</span> <span class='ocrx_word' id='word_1_693' title='bbox 1414 5160 1507 5214; x_wconf 67' lang='grc' dir='ltr'><strong>ἐπὶ</strong></span> <span class='ocrx_word' id='word_1_694' title='bbox 1548 5157 1737 5213; x_wconf 88' lang='grc' dir='ltr'>τοῦτον</span> <span class='ocrx_word' id='word_1_695' title='bbox 1781 5159 1873 5212; x_wconf 72' lang='grc' dir='ltr'><strong>τὸν</strong></span> 
     </span>
    </p>
   </div>
   <div class='ocr_carea' id='block_1_100' title="bbox 299 5246 1873 5324">
    <p class='ocr_par' dir='ltr' id='par_1_100' title="bbox 299 5246 1873 5324">
     <span class='ocr_line' id='line_1_100' title="bbox 299 5246 1873 5324; baseline 0 -20"><span class='ocrx_word' id='word_1_696' title='bbox 299 5250 526 5321; x_wconf 82' lang='grc' dir='ltr'>χρόνον,</span> <span class='ocrx_word' id='word_1_697' title='bbox 559 5251 618 5315; x_wconf 80' lang='grc' dir='ltr'>ὃς</span> <span class='ocrx_word' id='word_1_698' title='bbox 667 5246 734 5322; x_wconf 79' lang='grc' dir='ltr'>ἧν</span> <span class='ocrx_word' id='word_1_699' title='bbox 790 5251 1143 5324; x_wconf 86' lang='grc' dir='ltr'>Ὀλυμπιάδος</span> <span class='ocrx_word' id='word_1_700' title='bbox 1195 5252 1571 5319; x_wconf 81' lang='grc' dir='ltr'>διακοσιοστῆς</span> <span class='ocrx_word' id='word_1_701' title='bbox 1613 5251 1873 5322; x_wconf 84' lang='grc' dir='ltr'>δευτέρας</span> 
     </span>
    </p>
   </div>
   <div class='ocr_carea' id='block_1_101' title="bbox 300 5340 1873 5416">
    <p class='ocr_par' dir='ltr' id='par_1_101' title="bbox 300 5340 1873 5416">
     <span class='ocr_line' id='line_1_101' title="bbox 300 5340 1873 5416; baseline 0.002 -22"><span class='ocrx_word' id='word_1_702' title='bbox 300 5341 421 5407; x_wconf 75' lang='grc' dir='ltr'>ἔτος</span> <span class='ocrx_word' id='word_1_703' title='bbox 446 5340 716 5414; x_wconf 89' lang='grc' dir='ltr'>δεύτερον,</span> <span class='ocrx_word' id='word_1_704' title='bbox 746 5343 995 5416; x_wconf 84' lang='grc' dir='ltr'>Τιϐερίου</span> <span class='ocrx_word' id='word_1_705' title='bbox 1020 5344 1077 5398; x_wconf 82' lang='grc' dir='ltr'>δὲ</span> <span class='ocrx_word' id='word_1_706' title='bbox 1115 5343 1395 5416; x_wconf 81' lang='grc' dir='ltr'>Καίσαρος</span> <span class='ocrx_word' id='word_1_707' title='bbox 1423 5343 1718 5416; x_wconf 78' lang='grc' dir='ltr'>ἡγεμονίας</span> <span class='ocrx_word' id='word_1_708' title='bbox 1752 5344 1873 5408; x_wconf 79' lang='grc' dir='ltr'>ἔτος</span> 
     </span>
    </p>
   </div>
   <div class='ocr_carea' id='block_1_102' title="bbox 300 5433 1874 5508">
    <p class='ocr_par' dir='ltr' id='par_1_102' title="bbox 300 5433 1874 5508">
     <span class='ocr_line' id='line_1_102' title="bbox 300 5433 1874 5508; baseline 0.003 -22"><span class='ocrx_word' id='word_1_709' title='bbox 300 5433 685 5488; x_wconf 77' lang='grc' dir='ltr'>ἑκκαιδέκατον</span> <span class='ocrx_word' id='word_1_710' title='bbox 708 5477 723 5502; x_wconf 89' lang='grc'><strong>,</strong></span> <span class='ocrx_word' id='word_1_711' title='bbox 776 5435 868 5508; x_wconf 86' lang='grc' dir='ltr'><strong>ἑτη</strong></span> <span class='ocrx_word' id='word_1_712' title='bbox 915 5436 1205 5506; x_wconf 78' lang='grc' dir='ltr'>συνάγεται</span> <span class='ocrx_word' id='word_1_713' title='bbox 1250 5434 1375 5499; x_wconf 88' lang='grc' dir='ltr'>υοε’,</span> <span class='ocrx_word' id='word_1_714' title='bbox 1414 5436 1557 5508; x_wconf 76' lang='grc' dir='ltr'>άπερ</span> <span class='ocrx_word' id='word_1_715' title='bbox 1611 5436 1874 5507; x_wconf 75' lang='grc' dir='ltr'>Ἑϐραϊκὰ</span> 
     </span>
    </p>
   </div>
   <div class='ocr_carea' id='block_1_103' title="bbox 299 5529 1875 5602">
    <p class='ocr_par' dir='ltr' id='par_1_103' title="bbox 299 5529 1875 5602">
     <span class='ocr_line' id='line_1_103' title="bbox 299 5529 1875 5602; baseline 0 -20"><span class='ocrx_word' id='word_1_716' title='bbox 299 5529 624 5600; x_wconf 80' lang='grc' dir='ltr'>τετρακόσια</span> <span class='ocrx_word' id='word_1_717' title='bbox 670 5532 989 5601; x_wconf 77' lang='grc' dir='ltr'>ἐνενήκοντα</span> <span class='ocrx_word' id='word_1_718' title='bbox 1020 5530 1113 5602; x_wconf 85' lang='grc' dir='ltr'><strong>ἑτη</strong></span> <span class='ocrx_word' id='word_1_719' title='bbox 1155 5531 1361 5600; x_wconf 82' lang='grc' dir='ltr'>γίνεται</span> <span class='ocrx_word' id='word_1_720' title='bbox 1394 5533 1534 5584; x_wconf 68' lang='grc' dir='ltr'>κατὰ</span> <span class='ocrx_word' id='word_1_721' title='bbox 1576 5530 1667 5583; x_wconf 84' lang='grc' dir='ltr'>τὸν</span> <span class='ocrx_word' id='word_1_722' title='bbox 1718 5529 1875 5601; x_wconf 89' lang='grc' dir='ltr'>σελη-</span> 
     </span>
    </p>
   </div>
   <div class='ocr_carea' id='block_1_104' title="bbox 301 5620 1870 5695">
    <p class='ocr_par' dir='ltr' id='par_1_104' title="bbox 301 5620 1870 5695">
     <span class='ocr_line' id='line_1_104' title="bbox 301 5620 1870 5695; baseline 0.001 -22"><span class='ocrx_word' id='word_1_723' title='bbox 301 5622 449 5673; x_wconf 75' lang='grc' dir='ltr'>ναῖον</span> <span class='ocrx_word' id='word_1_724' title='bbox 484 5620 629 5691; x_wconf 90' lang='grc' dir='ltr'>μῆνα</span> <span class='ocrx_word' id='word_1_725' title='bbox 657 5622 782 5685; x_wconf 82' lang='grc' dir='ltr'>τοὺς</span> <span class='ocrx_word' id='word_1_726' title='bbox 813 5624 1089 5686; x_wconf 77' lang='grc' dir='ltr'>ἐνιαυτοὺς</span> <span class='ocrx_word' id='word_1_727' title='bbox 1123 5622 1342 5677; x_wconf 77' lang='grc' dir='ltr'>ἐκείνων</span> <span class='ocrx_word' id='word_1_728' title='bbox 1368 5621 1870 5695; x_wconf 79' lang='grc' dir='ltr'>ἐξαριθμουμένων,</span> 
     </span>
    </p>
   </div>
   <div class='ocr_carea' id='block_1_105' title="bbox 300 5713 1874 5787">
    <p class='ocr_par' dir='ltr' id='par_1_105' title="bbox 300 5713 1874 5787">
     <span class='ocr_line' id='line_1_105' title="bbox 300 5713 1874 5787; baseline 0.001 -22"><span class='ocrx_word' id='word_1_729' title='bbox 300 5714 362 5775; x_wconf 88' lang='grc' dir='ltr'><strong>δς</strong></span> <span class='ocrx_word' id='word_1_730' title='bbox 401 5714 571 5778; x_wconf 89' lang='grc' dir='ltr'>ἐστιν,</span> <span class='ocrx_word' id='word_1_731' title='bbox 599 5713 674 5777; x_wconf 84' lang='grc' dir='ltr'><strong>ὡς</strong></span> <span class='ocrx_word' id='word_1_732' title='bbox 710 5713 997 5786; x_wconf 88' lang='grc' dir='ltr'>πρόχειρον</span> <span class='ocrx_word' id='word_1_733' title='bbox 1026 5718 1221 5779; x_wconf 83' lang='grc' dir='ltr'>εἰπεῖν,</span> <span class='ocrx_word' id='word_1_734' title='bbox 1246 5714 1463 5787; x_wconf 73' lang='grc' dir='ltr'>ἡμερῶν</span> <span class='ocrx_word' id='word_1_735' title='bbox 1508 5715 1677 5768; x_wconf 85' lang='grc' dir='ltr'>εἰκόσι</span> <span class='ocrx_word' id='word_1_736' title='bbox 1719 5714 1874 5767; x_wconf 78' lang='grc' dir='ltr'>ἐννέα</span> 
     </span>
    </p>
   </div>
   <div class='ocr_carea' id='block_1_106' title="bbox 301 5789 1876 5877">
    <p class='ocr_par' dir='ltr' id='par_1_106' title="bbox 301 5804 1876 5877">
     <span class='ocr_line' id='line_1_106' title="bbox 301 5804 1876 5877; baseline 0.002 -20"><span class='ocrx_word' id='word_1_737' title='bbox 301 5804 470 5875; x_wconf 84' lang='grc' dir='ltr'>ῆμισυ</span> <span class='ocrx_word' id='word_1_738' title='bbox 490 5821 504 5834; x_wconf 83' lang='lat'><strong>&#39;</strong></span> <span class='ocrx_word' id='word_1_739' title='bbox 523 5804 693 5871; x_wconf 70' lang='grc' dir='ltr'>οὕτως</span> <span class='ocrx_word' id='word_1_740' title='bbox 715 5805 808 5860; x_wconf 90' lang='grc' dir='ltr'><strong>τοῦ</strong></span> <span class='ocrx_word' id='word_1_741' title='bbox 831 5806 1027 5861; x_wconf 85' lang='grc' dir='ltr'>κύκλου</span> <span class='ocrx_word' id='word_1_742' title='bbox 1055 5808 1388 5876; x_wconf 72' lang='grc' dir='ltr'>ὑπάρχοντος</span> <span class='ocrx_word' id='word_1_743' title='bbox 1413 5808 1635 5877; x_wconf 67' lang='grc' dir='ltr'>ἡμερῶν</span> <span class='ocrx_word' id='word_1_744' title='bbox 1667 5807 1767 5872; x_wconf 79' lang='grc' dir='ltr'>τξε¹</span> <span class='ocrx_word' id='word_1_745' title='bbox 1788 5825 1876 5861; x_wconf 83' lang='grc' dir='ltr'>τε-</span> 
     </span>
    </p>
   </div>
   <div class='ocr_carea' id='block_1_107' title="bbox 1975 4605 3546 4677">
    <p class='ocr_par' dir='ltr' id='par_1_107' title="bbox 1975 4605 3546 4677">
     <span class='ocr_line' id='line_1_107' title="bbox 1975 4605 3546 4677; baseline 0.003 -17"><span class='ocrx_word' id='word_1_746' title='bbox 1975 4614 2191 4677; x_wconf 88' lang='lat' dir='ltr'><strong>tempus</strong></span> <span class='ocrx_word' id='word_1_747' title='bbox 2247 4606 2403 4677; x_wconf 86' lang='lat' dir='ltr'><strong>juxta</strong></span> <span class='ocrx_word' id='word_1_748' title='bbox 2459 4605 2771 4661; x_wconf 67' lang='lat' dir='ltr'><strong>Judeeorum</strong></span> <span class='ocrx_word' id='word_1_749' title='bbox 2831 4623 3089 4663; x_wconf 82' lang='lat' dir='ltr'><strong>numeros</strong></span> <span class='ocrx_word' id='word_1_750' title='bbox 3152 4622 3546 4664; x_wconf 84' lang='lat' dir='ltr'><strong>consumman-</strong></span> 
     </span>
    </p>
   </div>
   <div class='ocr_carea' id='block_1_108' title="bbox 1975 4694 3544 4766">
    <p class='ocr_par' dir='ltr' id='par_1_108' title="bbox 1975 4694 3544 4766">
     <span class='ocr_line' id='line_1_108' title="bbox 1975 4694 3544 4766; baseline 0.004 -17"><span class='ocrx_word' id='word_1_751' title='bbox 1975 4704 2082 4750; x_wconf 90' lang='lat' dir='ltr'><strong>tur.</strong></span> <span class='ocrx_word' id='word_1_752' title='bbox 2118 4694 2330 4749; x_wconf 87' lang='lat' dir='ltr'><strong>Etenim</strong></span> <span class='ocrx_word' id='word_1_753' title='bbox 2373 4710 2403 4748; x_wconf 88' lang='lat' dir='ltr'><strong>a</strong></span> <span class='ocrx_word' id='word_1_754' title='bbox 2445 4694 2722 4760; x_wconf 82' lang='lat' dir='ltr'><strong>Nehemia,</strong></span> <span class='ocrx_word' id='word_1_755' title='bbox 2770 4713 2932 4766; x_wconf 88' lang='lat' dir='ltr'><strong>quem</strong></span> <span class='ocrx_word' id='word_1_756' title='bbox 2967 4698 3296 4755; x_wconf 79' lang='lat' dir='ltr'><strong>Artaxerxes</strong></span> <span class='ocrx_word' id='word_1_757' title='bbox 3342 4701 3410 4755; x_wconf 89' lang='lat' dir='ltr'><strong>ad</strong></span> <span class='ocrx_word' id='word_1_758' title='bbox 3459 4701 3544 4755; x_wconf 90' lang='lat' dir='ltr'><strong>in-</strong></span> 
     </span>
    </p>
   </div>
   <div class='ocr_carea' id='block_1_109' title="bbox 1974 4785 3543 4861">
    <p class='ocr_par' dir='ltr' id='par_1_109' title="bbox 1974 4785 3543 4861">
     <span class='ocr_line' id='line_1_109' title="bbox 1974 4785 3543 4861; baseline 0.002 -15"><span class='ocrx_word' id='word_1_759' title='bbox 1974 4789 2325 4846; x_wconf 86' lang='lat' dir='ltr'><strong>staurandam</strong></span> <span class='ocrx_word' id='word_1_760' title='bbox 2341 4785 2643 4843; x_wconf 88' lang='lat' dir='ltr'><strong>Jerusalem</strong></span> <span class='ocrx_word' id='word_1_761' title='bbox 2672 4788 3003 4853; x_wconf 85' lang='lat' dir='ltr'><strong>misit,annn</strong></span> <span class='ocrx_word' id='word_1_762' title='bbox 3029 4791 3220 4861; x_wconf 88' lang='lat' dir='ltr'><strong>quinto</strong></span> <span class='ocrx_word' id='word_1_763' title='bbox 3254 4793 3468 4848; x_wconf 86' lang='lat' dir='ltr'><strong>decimo</strong></span> <span class='ocrx_word' id='word_1_764' title='bbox 3489 4801 3543 4849; x_wconf 88' lang='lat' dir='ltr'><strong>et</strong></span> 
     </span>
    </p>
   </div>
   <div class='ocr_carea' id='block_1_110' title="bbox 1973 4880 3543 4954">
    <p class='ocr_par' dir='ltr' id='par_1_110' title="bbox 1973 4880 3543 4954">
     <span class='ocr_line' id='line_1_110' title="bbox 1973 4880 3543 4954; baseline 0.002 -16"><span class='ocrx_word' id='word_1_765' title='bbox 1973 4882 2274 4938; x_wconf 89' lang='lat' dir='ltr'><strong>centesimo</strong></span> <span class='ocrx_word' id='word_1_766' title='bbox 2319 4880 2610 4937; x_wconf 87' lang='lat' dir='ltr'><strong>Persarum</strong></span> <span class='ocrx_word' id='word_1_767' title='bbox 2666 4882 2837 4952; x_wconf 83' lang='lat' dir='ltr'><strong>regni,</strong></span> <span class='ocrx_word' id='word_1_768' title='bbox 2890 4881 3175 4954; x_wconf 87' lang='lat' dir='ltr'><strong>ipsiusque</strong></span> <span class='ocrx_word' id='word_1_769' title='bbox 3223 4885 3543 4941; x_wconf 81' lang='lat' dir='ltr'><strong>Artaxerxis</strong></span> 
     </span>
    </p>
   </div>
   <div class='ocr_carea' id='block_1_111' title="bbox 1973 4972 3553 5047">
    <p class='ocr_par' dir='ltr' id='par_1_111' title="bbox 1973 4972 3553 5047">
     <span class='ocr_line' id='line_1_111' title="bbox 1973 4972 3553 5047; baseline 0.001 -18"><span class='ocrx_word' id='word_1_770' title='bbox 1973 4975 2126 5045; x_wconf 87' lang='lat' dir='ltr'><strong>regni</strong></span> <span class='ocrx_word' id='word_1_771' title='bbox 2160 4973 2421 5029; x_wconf 89' lang='lat' dir='ltr'><strong>vicesimo</strong></span> <span class='ocrx_word' id='word_1_772' title='bbox 2461 4987 2628 5036; x_wconf 81' lang='lat' dir='ltr'><strong>anno,</strong></span> <span class='ocrx_word' id='word_1_773' title='bbox 2659 4972 2985 5043; x_wconf 79' lang='lat' dir='ltr'><strong>olympiadis</strong></span> <span class='ocrx_word' id='word_1_774' title='bbox 3032 4991 3164 5030; x_wconf 89' lang='lat' dir='ltr'><strong>vero</strong></span> <span class='ocrx_word' id='word_1_775' title='bbox 3199 4979 3553 5047; x_wconf 65' lang='lat' dir='ltr'><strong>octogesima:</strong></span> 
     </span>
    </p>
   </div>
   <div class='ocr_carea' id='block_1_112' title="bbox 1975 5066 3545 5140">
    <p class='ocr_par' dir='ltr' id='par_1_112' title="bbox 1975 5066 3545 5140">
     <span class='ocr_line' id='line_1_112' title="bbox 1975 5066 3545 5140; baseline 0.001 -19"><span class='ocrx_word' id='word_1_776' title='bbox 1975 5068 2146 5122; x_wconf 66' lang='lat' dir='ltr'><strong>tertiae</strong></span> <span class='ocrx_word' id='word_1_777' title='bbox 2196 5082 2342 5121; x_wconf 89' lang='lat' dir='ltr'><strong>anno</strong></span> <span class='ocrx_word' id='word_1_778' title='bbox 2371 5076 2588 5136; x_wconf 86' lang='lat' dir='ltr'><strong>quarto,</strong></span> <span class='ocrx_word' id='word_1_779' title='bbox 2628 5080 2801 5135; x_wconf 83' lang='lat' dir='ltr'><strong>usque</strong></span> <span class='ocrx_word' id='word_1_780' title='bbox 2853 5066 2921 5121; x_wconf 88' lang='lat' dir='ltr'><strong>ad</strong></span> <span class='ocrx_word' id='word_1_781' title='bbox 2952 5066 3057 5122; x_wconf 87' lang='lat' dir='ltr'><strong>hoc</strong></span> <span class='ocrx_word' id='word_1_782' title='bbox 3087 5077 3320 5137; x_wconf 89' lang='lat' dir='ltr'><strong>tempus,</strong></span> <span class='ocrx_word' id='word_1_783' title='bbox 3367 5070 3545 5140; x_wconf 81' lang='lat' dir='ltr'><strong>olym-</strong></span> 
     </span>
    </p>
   </div>
   <div class='ocr_carea' id='block_1_113' title="bbox 1975 5161 3540 5235">
    <p class='ocr_par' dir='ltr' id='par_1_113' title="bbox 1975 5161 3540 5235">
     <span class='ocr_line' id='line_1_113' title="bbox 1975 5161 3540 5235; baseline 0 -18"><span class='ocrx_word' id='word_1_784' title='bbox 1975 5163 2152 5235; x_wconf 87' lang='lat' dir='ltr'><strong>piadis</strong></span> <span class='ocrx_word' id='word_1_785' title='bbox 2214 5162 2426 5219; x_wconf 89' lang='lat' dir='ltr'><strong>scilicet</strong></span> <span class='ocrx_word' id='word_1_786' title='bbox 2483 5161 2874 5217; x_wconf 65' lang='lat' dir='ltr'><strong>ducentesima:</strong></span> <span class='ocrx_word' id='word_1_787' title='bbox 2934 5162 3187 5220; x_wconf 66' lang='lat' dir='ltr'><strong>secunda:</strong></span> <span class='ocrx_word' id='word_1_788' title='bbox 3240 5179 3442 5218; x_wconf 89' lang='lat' dir='ltr'><strong>annum</strong></span> <span class='ocrx_word' id='word_1_789' title='bbox 3479 5180 3540 5229; x_wconf 90' lang='grc' dir='ltr'><strong>ιι,</strong></span> 
     </span>
    </p>
   </div>
   <div class='ocr_carea' id='block_1_114' title="bbox 1974 5252 3543 5328">
    <p class='ocr_par' dir='ltr' id='par_1_114' title="bbox 1974 5252 3543 5328">
     <span class='ocr_line' id='line_1_114' title="bbox 1974 5252 3543 5328; baseline -0.001 -18"><span class='ocrx_word' id='word_1_790' title='bbox 1974 5255 2183 5328; x_wconf 83' lang='lat' dir='ltr'><strong>imperii</strong></span> <span class='ocrx_word' id='word_1_791' title='bbox 2229 5268 2359 5310; x_wconf 86' lang='lat' dir='ltr'><strong>vero</strong></span> <span class='ocrx_word' id='word_1_792' title='bbox 2393 5252 2599 5309; x_wconf 88' lang='lat' dir='ltr'><strong>Tiberii</strong></span> <span class='ocrx_word' id='word_1_793' title='bbox 2633 5252 2866 5310; x_wconf 71' lang='lat' dir='ltr'><strong>Cmsaris</strong></span> <span class='ocrx_word' id='word_1_794' title='bbox 2922 5269 3126 5310; x_wconf 89' lang='lat' dir='ltr'><strong>annum</strong></span> <span class='ocrx_word' id='word_1_795' title='bbox 3156 5264 3370 5311; x_wconf 85' lang='lat' dir='ltr'><strong>sextum</strong></span> <span class='ocrx_word' id='word_1_796' title='bbox 3396 5255 3543 5312; x_wconf 87' lang='lat' dir='ltr'><strong>deci-</strong></span> 
     </span>
    </p>
   </div>
   <div class='ocr_carea' id='block_1_115' title="bbox 1974 5344 3542 5416">
    <p class='ocr_par' dir='ltr' id='par_1_115' title="bbox 1974 5344 3542 5416">
     <span class='ocr_line' id='line_1_115' title="bbox 1974 5344 3542 5416; baseline 0.001 -16"><span class='ocrx_word' id='word_1_797' title='bbox 1974 5363 2146 5411; x_wconf 89' lang='lat' dir='ltr'><strong>mum,</strong></span> <span class='ocrx_word' id='word_1_798' title='bbox 2194 5346 2321 5400; x_wconf 90' lang='lat' dir='ltr'><strong>anni</strong></span> <span class='ocrx_word' id='word_1_799' title='bbox 2385 5344 2557 5416; x_wconf 83' lang='lat' dir='ltr'><strong>elapsi</strong></span> <span class='ocrx_word' id='word_1_800' title='bbox 2598 5353 2728 5401; x_wconf 92' lang='lat' dir='ltr'><strong>sunt</strong></span> <span class='ocrx_word' id='word_1_801' title='bbox 2778 5360 3012 5411; x_wconf 83' lang='lat' dir='ltr'><strong>coLxxv,</strong></span> <span class='ocrx_word' id='word_1_802' title='bbox 3063 5346 3146 5402; x_wconf 88' lang='lat' dir='ltr'><strong>vel</strong></span> <span class='ocrx_word' id='word_1_803' title='bbox 3204 5361 3341 5402; x_wconf 82' lang='lat' dir='ltr'><strong>cnxc</strong></span> <span class='ocrx_word' id='word_1_804' title='bbox 3383 5346 3542 5415; x_wconf 83' lang='lat' dir='ltr'><strong>juxta</strong></span> 
     </span>
    </p>
   </div>
   <div class='ocr_carea' id='block_1_116' title="bbox 1973 5438 3539 5505">
    <p class='ocr_par' dir='ltr' id='par_1_116' title="bbox 1973 5438 3539 5505">
     <span class='ocr_line' id='line_1_116' title="bbox 1973 5438 3539 5505; baseline 0.003 -12"><span class='ocrx_word' id='word_1_805' title='bbox 1973 5439 2232 5494; x_wconf 72' lang='lat' dir='ltr'><strong>Hebraeos</strong></span> <span class='ocrx_word' id='word_1_806' title='bbox 2266 5438 2546 5493; x_wconf 88' lang='lat' dir='ltr'><strong>mensibus</strong></span> <span class='ocrx_word' id='word_1_807' title='bbox 2574 5454 2776 5494; x_wconf 89' lang='lat' dir='ltr'><strong>annum</strong></span> <span class='ocrx_word' id='word_1_808' title='bbox 2825 5438 3111 5495; x_wconf 83' lang='lat' dir='ltr'><strong>lunaribus</strong></span> <span class='ocrx_word' id='word_1_809' title='bbox 3168 5448 3539 5505; x_wconf 78' lang='lat' dir='ltr'><strong>numerantes,</strong></span> 
     </span>
    </p>
   </div>
   <div class='ocr_carea' id='block_1_117' title="bbox 1972 5528 3543 5603">
    <p class='ocr_par' dir='ltr' id='par_1_117' title="bbox 1972 5528 3543 5603">
     <span class='ocr_line' id='line_1_117' title="bbox 1972 5528 3543 5603; baseline -0.001 -19"><span class='ocrx_word' id='word_1_810' title='bbox 1972 5531 2065 5602; x_wconf 89' lang='lat' dir='ltr'><strong>qui</strong></span> <span class='ocrx_word' id='word_1_811' title='bbox 2098 5538 2227 5586; x_wconf 89' lang='lat' dir='ltr'><strong>sunt</strong></span> <span class='ocrx_word' id='word_1_812' title='bbox 2249 5530 2460 5586; x_wconf 89' lang='lat' dir='ltr'><strong>dierum</strong></span> <span class='ocrx_word' id='word_1_813' title='bbox 2492 5545 2620 5583; x_wconf 80' lang='lat' dir='ltr'><strong>xxix</strong></span> <span class='ocrx_word' id='word_1_814' title='bbox 2652 5536 2705 5584; x_wconf 87' lang='lat' dir='ltr'><strong>et</strong></span> <span class='ocrx_word' id='word_1_815' title='bbox 2724 5528 2936 5584; x_wconf 88' lang='lat' dir='ltr'><strong>dimidii</strong></span> <span class='ocrx_word' id='word_1_816' title='bbox 2960 5547 2975 5596; x_wconf 91' lang='lat'><strong>;</strong></span> <span class='ocrx_word' id='word_1_817' title='bbox 3001 5545 3123 5584; x_wconf 92' lang='lat' dir='ltr'><strong>cum</strong></span> <span class='ocrx_word' id='word_1_818' title='bbox 3154 5531 3321 5603; x_wconf 88' lang='lat' dir='ltr'><strong>igitur</strong></span> <span class='ocrx_word' id='word_1_819' title='bbox 3341 5547 3543 5587; x_wconf 70' lang='lat' dir='ltr'><strong>cccux</strong></span> 
     </span>
    </p>
   </div>
   <div class='ocr_carea' id='block_1_118' title="bbox 1974 5621 3545 5693">
    <p class='ocr_par' dir='ltr' id='par_1_118' title="bbox 1974 5621 3545 5693">
     <span class='ocr_line' id='line_1_118' title="bbox 1974 5621 3545 5693; baseline -0.002 -15"><span class='ocrx_word' id='word_1_820' title='bbox 1974 5623 2186 5679; x_wconf 89' lang='lat' dir='ltr'><strong>dierum</strong></span> <span class='ocrx_word' id='word_1_821' title='bbox 2218 5630 2273 5677; x_wconf 92' lang='lat' dir='ltr'><strong>et</strong></span> <span class='ocrx_word' id='word_1_822' title='bbox 2302 5621 2625 5692; x_wconf 71' lang='lat' dir='ltr'><strong>quailrantis</strong></span> <span class='ocrx_word' id='word_1_823' title='bbox 2663 5621 2735 5675; x_wconf 80' lang='lat' dir='ltr'><strong>sit</strong></span> <span class='ocrx_word' id='word_1_824' title='bbox 2765 5621 2891 5675; x_wconf 90' lang='lat' dir='ltr'><strong>anni</strong></span> <span class='ocrx_word' id='word_1_825' title='bbox 2926 5622 3136 5693; x_wconf 84' lang='lat' dir='ltr'><strong>cyclus,</strong></span> <span class='ocrx_word' id='word_1_826' title='bbox 3169 5623 3413 5678; x_wconf 87' lang='lat' dir='ltr'><strong>lunarem</strong></span> <span class='ocrx_word' id='word_1_827' title='bbox 3445 5638 3545 5676; x_wconf 90' lang='lat' dir='ltr'><strong>an-</strong></span> 
     </span>
    </p>
   </div>
   <div class='ocr_carea' id='block_1_119' title="bbox 1975 5712 3545 5786">
    <p class='ocr_par' dir='ltr' id='par_1_119' title="bbox 1975 5712 3545 5786">
     <span class='ocr_line' id='line_1_119' title="bbox 1975 5712 3545 5786; baseline -0.003 -15"><span class='ocrx_word' id='word_1_828' title='bbox 1975 5731 2106 5771; x_wconf 86' lang='lat' dir='ltr'><strong>num</strong></span> <span class='ocrx_word' id='word_1_829' title='bbox 2125 5714 2376 5770; x_wconf 85' lang='lat' dir='ltr'><strong>undecim</strong></span> <span class='ocrx_word' id='word_1_830' title='bbox 2408 5712 2622 5768; x_wconf 85' lang='lat' dir='ltr'><strong>excedit</strong></span> <span class='ocrx_word' id='word_1_831' title='bbox 2647 5712 2862 5778; x_wconf 85' lang='lat' dir='ltr'><strong>diebus,</strong></span> <span class='ocrx_word' id='word_1_832' title='bbox 2881 5722 2935 5769; x_wconf 86' lang='lat' dir='ltr'><strong>et</strong></span> <span class='ocrx_word' id='word_1_833' title='bbox 2955 5713 3276 5786; x_wconf 83' lang='lat' dir='ltr'><strong>quadrante.</strong></span> <span class='ocrx_word' id='word_1_834' title='bbox 3294 5714 3545 5786; x_wconf 84' lang='lat' dir='ltr'><strong>Quapro-</strong></span> 
     </span>
    </p>
   </div>
   <div class='ocr_carea' id='block_1_120' title="bbox 1979 5802 3544 5865">
    <p class='ocr_par' dir='ltr' id='par_1_120' title="bbox 1979 5802 3544 5865">
     <span class='ocr_line' id='line_1_120' title="bbox 1979 5802 3544 5865; baseline -0.003 0"><span class='ocrx_word' id='word_1_835' title='bbox 1979 5814 2096 5865; x_wconf 85' lang='lat' dir='ltr'><strong>oler</strong></span> <span class='ocrx_word' id='word_1_836' title='bbox 2125 5804 2299 5861; x_wconf 50' lang='lat' dir='ltr'><strong>Graeci</strong></span> <span class='ocrx_word' id='word_1_837' title='bbox 2329 5811 2382 5859; x_wconf 87' lang='lat' dir='ltr'><strong>et</strong></span> <span class='ocrx_word' id='word_1_838' title='bbox 2412 5802 2584 5859; x_wconf 72' lang='lat' dir='ltr'><strong>Judaei</strong></span> <span class='ocrx_word' id='word_1_839' title='bbox 2618 5803 2988 5861; x_wconf 68' lang='lat' dir='ltr'><strong>embolimtcos</strong></span> <span class='ocrx_word' id='word_1_840' title='bbox 3017 5814 3129 5863; x_wconf 84' lang='lat' dir='ltr'><strong>tres</strong></span> <span class='ocrx_word' id='word_1_841' title='bbox 3160 5822 3379 5862; x_wconf 78' lang='lat' dir='ltr'><strong>menses</strong></span> <span class='ocrx_word' id='word_1_842' title='bbox 3418 5813 3544 5861; x_wconf 90' lang='lat' dir='ltr'><strong>octo</strong></span> 
     </span>
    </p>
   </div>
  </div>
