4070 6464
416 5308 421 5313 η
531 5236 731 5294 Darius
803 5240 1106 5302 successit,
1186 5238 1536 5309 iterumque,

542 284 680 343 “79

1206 283 1478 342 EUSEBII
1517 281 1996 362 CES‘ARIENSIS
2046 281 2197 340 OPP.
2238 281 2438 339 PARS.
2478 281 2566 337 Ill.
2605 314 2675 325 —-
2710 281 3121 339 EXEGETICA.

3664 282 3818 340 “80

540 404 703 459 ann‘is
734 400 1140 472 superaddunt;
1171 416 1409 473 namque
1423 401 1597 458 octies
1628 401 1883 457 undecim
1899 410 1954 457 et
1982 417 2118 472 qua-

2219 404 2416 476 τάρτου
2446 402 2545 475 τὴν
2572 402 2714 457 κατὰ
2735 402 2962 475 σελήνην
2988 401 3370 474 δωδεκάμηνον
3397 399 3815 472 παραλλάσσειν

539 499 708 553 drans
756 506 868 551 tres
912 494 1151 551 eﬂiciunt
1201 509 1439 551 menses.
1504 494 1647 549 Anni
1704 495 1869 566 igitur
1908 506 2121 549 conxxv

540 589 712 644 octies
764 602 853 643 ιιι
898 587 1199 654 continent,
1261 594 1315 642 et
1366 595 1480 642 tres
1512 602 1729 643 menses
1795 586 2120 641 cmbolimmi

540 683 740 750 cuique
768 686 963 734 octavo
987 694 1134 735 anno
1157 679 1349 744 additi,
1379 680 1550 736 ferme
1577 679 1891 750 quindecim
1916 695 2112 745 annos,

540 771 893 844 paucissimis
936 772 1179 843 exceptis
1221 772 1438 835 diebus,
1490 773 1787 843 complent.
1828 770 1919 827 Sic
1950 772 2118 844 igitur

540 878 749 918 ποιεῖν
778 864 939 918 annis
969 878 1077 917 axx
1103 870 1358 918 constant
1398 863 1785 920 hebdomades.

2222 496 2460 569 ἡμέραις
2491 496 2683 551 ἐνδέκα
2714 497 2809 551 καὶ
2828 496 3094 567 τετάρτῳ.
3122 495 3221 549 Διά
3244 494 3405 549 τοῦτο
3430 497 3523 550 καὶ
3543 496 3816 568 Ἕλληνες

2224 592 2319 645 καὶ
2359 592 2597 647 Ἰουδαῖοι
2628 596 2776 667 τρεῖς
2834 593 3008 665 μῆνας
3051 592 3383 665 ἐμϐολίμους
3428 593 3604 647 ἐτεσιν
3657 593 3817 648 ὀκτὼ

2222 682 2696 754 παρεμϐάλλουσιν
2715 702 2729 715 ο
2749 685 2939 739 όκτάκι
2962 685 3071 757 γὰρ
3099 685 3169 739 τὰ
3193 684 3386 739 ἕνδεκα
3417 686 3514 739 καὶ
3544 685 3815 756 τέταρτον

2223 777 2368 828 ποιεῖ
2413 775 2695 848 τρίμηνον.
2765 775 2846 830 Τὰ
2896 777 3074 831 τοίνυν
3122 784 3234 831 υοε¹
3279 776 3373 847 ἐτη
3421 776 3814 849 ὀκταετηρίδες

2224 865 2464 935 γίνονται
2508 866 2605 932 νθ’,
2656 869 2750 922 καὶ
2798 868 2963 940 μῆνες
2997 867 3068 938 γ’,
3113 868 3191 933 ὡς
3232 869 3496 939 τριμήνου
3544 867 3601 920 δέ
3641 866 3817 937 ἐμϐο-

540 960 698 1031 λίμου
725 962 791 1031 τῇ
817 960 1095 1031 ὀκταετίᾳ,
1122 958 1361 1027 γίνονται
1395 958 1490 1029 ἐτη
1514 958 1906 1012 πεντεκαίδεκα
1932 958 2125 1029 ὀλίγων
2160 960 2383 1034 ἡμερῶν
2413 961 2711 1017 ἀποδέοντα
2738 964 2975 1032 γίνεταιο
3007 963 3179 1017 ταῦτα
3196 963 3254 1017 δὲ
3282 964 3418 1035 πρὸς
3479 966 3594 1028 τοῖς
3657 964 3812 1034 (υ)οε¹

541 1057 718 1113 ἐτεσιν
740 1058 795 1110 αἱ
824 1061 864 1109 o’
891 1056 1186 1128 ἐϐδομάδες
1211 1054 1608 1110 συντελοῦνται.

614 1174 740 1229 Haec
774 1172 991 1245 quidem
1025 1175 1081 1227 in
1110 1173 1257 1229 hunc
1290 1173 1469 1227 locum
1500 1172 1795 1228 Africanus
1831 1171 2115 1228 disseruit.

542 1264 838 1323 Videamus
868 1273 922 1321 et
954 1282 1075 1332 nos,
1120 1274 1245 1337 post
1287 1266 1427 1321 hanc
1470 1266 1999 1334 interpretationem,
2047 1281 2117 1320 an

544 1359 702 1413 aliter
736 1358 1035 1428 intelligere
1081 1359 1376 1429 possimus,
1428 1373 1495 1413 ne
1554 1358 1853 1425 videamur,
1897 1359 2120 1416 omissis

544 1466 575 1505 a
610 1451 753 1522 Cyro
782 1451 846 1505 ad
874 1450 1225 1505 Artaxerxem
1259 1450 1617 1521 temporibus,
1649 1451 1794 1506 haud
1824 1451 2115 1521 ingenuam

544 1544 1049 1614 interpretationem
1072 1544 1333 1614 prmbere,
1360 1559 1463 1598 nec
1493 1545 1757 1599 rationem
1784 1544 1975 1600 afferre
2000 1545 2116 1600 dis—

545 1637 794 1693 criminis
847 1636 994 1706 quod
1039 1643 1123 1691 est
1176 1635 1318 1690 inter
1379 1642 1586 1704 septem
1640 1633 2008 1690 hebdomades
2067 1644 2121 1689 et

546 1730 826 1799 sexaginta
848 1729 1005 1792 duas,
1037 1728 1181 1784 sicut
1203 1727 1386 1781 divina
1408 1726 1647 1782 ostendit
1675 1726 1981 1797 Scriptura,
2011 1743 2120 1781 non

547 1822 665 1877 sine
690 1821 978 1876 verissimo
1008 1835 1071 1875 ac
1104 1819 1541 1890 profundissimo
1587 1819 1843 1882 consilio,
1880 1819 1969 1875 his
2000 1834 2125 1874 vero

2290 1170 2476 1227 Ταῦτα
2520 1171 2617 1242 μὲν
2649 1172 2678 1224 6
2709 1169 3075 1243 προδηλωθεὶς
3120 1169 3261 1243 ἀνὴρ
3310 1171 3393 1235 είς
3436 1171 3563 1235 τοὺς
3601 1172 3811 1237 τόπους

2223 1265 2609 1335 ἐπιϐέϐληκενο
2642 1266 2773 1337 φέρε
2802 1265 2867 1336 δὴ
2902 1265 2996 1319 καὶ
3026 1267 3188 1335 ἡμεῖς
3216 1264 3354 1335 μετὰ
3384 1264 3484 1337 τήν
3523 1264 3812 1319 ἀποδοθεί-

2226 1376 2324 1412 σαν
2353 1358 2647 1431 ἑρμηνείαν
2680 1358 2900 1429 ἴδωμεν,
2920 1359 2969 1411 εί
2999 1352 3111 1412 οἷόν
3142 1375 3203 1411 τε
3229 1358 3323 1412 καὶ⁵
3356 1357 3559 1429 ἑτέρως
3580 1361 3695 1421 τοῖς
3714 1358 3811 1412 τό-

2224 1469 2347 1516 ποις
2392 1450 2689 1516 ἐπιϐαλεῖν,
2721 1452 2796 1516 ὡς
2838 1451 2904 1506 ἂν
2941 1451 3014 1524 μὴ
3046 1451 3297 1523 δοκοῐμεν
3328 1452 3455 1516 τοὺς
3480 1450 3589 1505 ἀπὸ
3615 1451 3808 1522 Κύρου

2222 1544 2317 1597 καὶ
2348 1544 2440 1597 ἐπὶ
2474 1542 2835 1615 Ἀρταξέρξην
2866 1543 3295 1607 ὑποκλέπτοντες
3324 1544 3550 1615 χρόνους
3577 1543 3811 1614 βιαιοτέ-

2222 1654 2319 1708 ραν
2352 1636 2622 1691 ποιεῖσθαι
2649 1635 2746 1708 τὴν
2781 1635 3056 1699 ἀπόδοσιν,
3086 1636 3182 1688 καὶ
3213 1635 3390 1698 ἄλλως
3414 1635 3488 1707 μὴ
3509 1636 3568 1689 δὲ
3587 1637 3690 1707 τὴν
3716 1638 3810 1689 αἱ·-

2218 1728 2337 1783 τίαν
2368 1730 2696 1800 παριστάναι
2728 1727 2903 1781 δοκεῖν
2934 1729 3033 1798 τῆς
3061 1727 3172 1781 τῶν
3202 1727 3342 1781 ἑπτὰ
3373 1726 3685 1799 ἑϐδομάδων
3704 1730 3807 1783 καὶ

2218 1820 2329 1874 τῶν
2378 1821 2454 1892 ξβ’
2482 1821 2821 1893 διαιρέσεως,
2853 1820 2918 1891 ἢν
2969 1821 2998 1872 6
3045 1820 3188 1884 θεῖος
3221 1820 3394 1889 Λόγος
3440 1820 3659 1885 πάντως
3697 1837 3803 1873 που

544 1912 630 1967 his
663 1929 676 1965 :
710 1931 727 1962 ‹
753 1909 904 1965 Scito
934 1926 1063 1982 ergo
1105 1917 1159 1966 et
1188 1911 1559 1966 animadverte
1585 1930 1599 1967 :
1636 1912 1704 1966 ab
1735 1911 1884 1966 exitu
1915 1926 2118 1966 sermo—

2221 1913 2361 1983 μετά
2387 1930 2530 1977 τινος
2559 1912 2779 1981 εὐλόγου
2810 1911 3049 1975 διανοίας
3077 1913 3171 1966 καὶ
3199 1911 3506 1982 βαθυτάτης
3533 1912 3806 1975 συνέσεως

546 2006 654 2071 nis,
686 2014 741 2059 ut
770 2004 964 2059 iterum
993 2003 1293 2058 aediﬁcetur
1313 2002 1641 2068 Jerusalem,
1667 2020 1844 2075 usque
1868 2004 1936 2059 ad
1958 2005 2121 2060 Chri-

547 2107 690 2152 stum
724 2096 939 2161 ducem,
982 2094 1350 2151 hebdomades
1386 2102 1614 2165 septem,
1656 2106 1709 2150 et
1749 2095 2122 2153 bebdomades

545 2188 827 2258 sexaginta
856 2189 978 2243 dua:
1007 2196 1167 2243 erunt
1196 2208 1209 2242 :
1239 2196 1292 2243 et
1320 2203 1511 2244 rursus
1533 2186 1894 2244 aediﬁcabitur
1919 2189 2119 2259 platea,

544 2292 599 2337 et
628 2282 792 2336 muri.
821 2301 840 2333 ι
877 2281 1141 2337 Attendas
1175 2281 1320 2336 enim
1363 2295 1434 2334 an
1479 2279 1530 2335 vi
1566 2280 1726 2335 ducta
1760 2281 1913 2336 ﬁeret
1951 2281 2122 2335 inter-

544 2376 802 2448 pretatio,
839 2382 1087 2444 tempora
1134 2373 1549 2428 numerantibus
1595 2373 1664 2427 ab
1705 2374 1825 2445 ipso
1855 2372 2020 2445 Cyro,
2053 2372 2123 2429 de

543 2484 656 2541 quo
679 2467 867 2523 Daniel
889 2467 1255 2538 prophetizat.
1280 2465 1382 2520 Hic
1421 2482 1617 2537 nempe
1649 2466 1858 2536 primus
1893 2482 2125 2537 respon-

546 2576 668 2616 sum
698 2559 764 2615 de
793 2557 1095 2614 Jerusalem
1126 2557 1528 2616 instauratione
1559 2557 1749 2620 edixit,
1778 2567 1915 2614 teste
1947 2558 2120 2615 Esdra

545 2652 634 2707 bis
667 2652 880 2707 verbis:
913 2670 931 2703 ι
966 2651 1025 2705 In
1077 2666 1222 2705 anno
1251 2651 1427 2721 primo
1460 2649 1586 2723 Cyri
1622 2652 1767 2722 regis
1801 2650 2119 2717 Persarum,

545 2754 607 2800 ut
661 2744 1026 2814 compleretur
1074 2742 1300 2798 verbum
1352 2742 1564 2798 Domini
1614 2758 1681 2798 ex
1721 2758 1817 2799 ore
1848 2742 2117 2811 Jeremize,

544 2837 830 2894 suscitavit
889 2835 1153 2890 Dominus
1207 2835 1460 2906 spiritum
1521 2835 1672 2908 Cyri,
1730 2836 1876 2905 regis
1922 2834 2124 2892 Persa-

543 2944 667 2983 rum
698 2948 711 2983 :
737 2936 792 2983 et
821 2927 1063 2982 traduxit
1093 2942 1281 2981 vocem
1314 2926 1368 2980 in
1405 2927 1554 2982 omni
1592 2942 1760 2995 regno
1792 2942 1916 2993 suo,
1953 2928 2117 2982 etiam

544 3033 643 3090 per
664 3017 1002 3088 Scripturam
1035 3018 1225 3072 dicens
1267 3038 1280 3072 :
1314 3016 1439 3071 Ηκο
1491 3018 1821 3090 dicitCyrus
1857 3035 1952 3075 rex
1992 3019 2121 3075 Per-

545 3126 780 3167 sarum:
820 3108 1014 3165 Omnia
1061 3125 1227 3180 regna
1264 3117 1424 3164 terra:
1474 3109 1623 3165 dedit
1671 3111 1805 3165 mihi
1853 3110 2118 3169 Dominus

544 3205 692 3261 Deus
723 3205 868 3268 caeli,
907 3214 961 3259 et
992 3205 1107 3275 ipse
1148 3206 1407 3276 praecepit
1445 3205 1574 3259 mihi
1606 3212 1667 3258 ut
1708 3205 2036 3262 azdiﬁcarem
2066 3207 2117 3262 ei

543 3300 765 3354 domum
808 3298 863 3352 in
891 3274 1218 3364 Jerusalem,
1252 3274 1373 3370 quae
1407 3307 1493 3355 est
1522 3298 1577 3353 in
1614 3298 1822 3357 Judaaa.
1849 3300 1985 3366 Quis
2033 3309 2118 3356 est
2146 3274 2188 3331 c

544 3391 600 3445 in
630 3390 788 3446 vobis
826 3389 893 3446 de
936 3393 1194 3447 universo
1233 3393 1433 3462 populo
1474 3392 1627 3463 ejus?
1667 3392 1750 3447 Sit
1801 3392 1944 3449 Deus
1970 3394 2117 3449 illius

544 3498 670 3536 cum
701 3485 839 3553 ipso.
867 3484 1141 3539 Ascendat
1181 3484 1235 3539 in
1266 3484 1569 3541 Jerusalem
1606 3486 1716 3555 a1‘;
1750 3507 1769 3540 ι
1800 3494 1855 3542 et
1882 3487 2114 3558 reliqua.

545 3573 756 3642 Quibus
793 3576 984 3631 addit:
1022 3596 1040 3628 ι
1069 3575 1182 3631 Rex
1229 3593 1446 3648 quoque
1495 3577 1673 3650 Cyrus
1720 3579 1946 3649 protulit
1988 3594 2118 3635 vasa

543 3669 731 3739 templi
760 3668 997 3733 Domini,
1030 3685 1150 3741 qua:
1172 3671 1370 3725 tulerat
1398 3670 1905 3727 Nabuchodonosor
1933 3672 1999 3727 de
2024 3671 2117 3728 Je-

543 3763 810 3827 rusalem,
849 3769 903 3818 et
934 3770 1195 3833 posuerat
1228 3778 1291 3819 ea
1322 3764 1375 3819 in
1410 3766 1615 3835 templo
1655 3766 1741 3821 dei
1772 3766 1880 3821 sui.
1918 3764 2118 3821 Protu-

542 3853 607 3907 lit
655 3862 835 3908 autem
884 3868 947 3909 ea
995 3852 1194 3926 Cyrus,
1249 3870 1343 3909 rex
1387 3852 1704 3921 Persarum,
1749 3872 1844 3926 per
1892 3872 2116 3910 manum

544 3943 874 4002 Mithridatis
908 3985 923 4010 ,
1011 3954 1064 4001 et
1154 3950 1532 4003 annumeravit
1604 3963 1669 4003 ea
1755 3946 2117 4004 Samanassar

543 4039 775 4110 principi
817 4039 1044 4096 Juda".
1077 4060 1095 4091 ›
1142 4039 1346 4097 Deinde
1395 4049 1585 4095 narrat
1645 4040 1928 4112 Scriptura
1979 4026 2117 4112 quo-

542 4131 705 4185 modo
760 4133 917 4202 primi
972 4130 1262 4188 redeuntes
1315 4132 1498 4202 templi
1561 4131 1915 4188 fundamenta
1964 4133 2116 4204 jece-

539 4222 673 4290 rint,
707 4224 983 4293 quomodo
1016 4223 1071 4277 in
1103 4222 1384 4278 laboribus
1420 4222 1667 4292 impediti
1696 4224 1808 4279 sint
1849 4225 1953 4278 hoc
1983 4232 2118 4278 tem-

539 4316 693 4386 poris
721 4316 1028 4379 intervallo,
1063 4330 1240 4385 usque
1268 4314 1335 4369 ad
1365 4316 1652 4384 septimam
1675 4331 1947 4370 annorum
1979 4317 2113 4372 heb-

539 4407 847 4463 domadem.
880 4406 1253 4477 Quadraginta
1290 4407 1455 4477 igitur
1477 4415 1531 4462 et
1562 4424 1656 4463 sex
1689 4423 1956 4462 annorum
1988 4424 2114 4480 spa-

537 4498 675 4551 tium
711 4512 741 4551 a
772 4496 914 4569 Cyro
944 4498 1010 4552 ad
1042 4503 1254 4552 sextum
1283 4495 1426 4550 Darii
1452 4512 1656 4555 annum
1681 4499 1914 4554 elabitur
1939 4499 2113 4555 donec

537 4591 726 4661 templi
754 4592 1093 4661 compleatur
1126 4588 1438 4644 aediﬁcatio.
1483 4589 1610 4645 Ideo
1646 4592 1713 4645 ab
1748 4591 1872 4647 aliis
1903 4591 2111 4663 primas

537 4690 747 4754 septem
790 4681 1157 4738 bebdomades
1203 4681 1491 4753 Scriptura
1542 4683 1805 4752 sejunxit,
1850 4685 2111 4740 interval-

537 4776 651 4830 lum
721 4775 1039 4845 signiﬁcans
1104 4774 1247 4830 inter
1303 4776 1541 4845 primum
1603 4776 1854 4846 conjecta
1925 4776 2111 4851 templi

534 4868 932 4933 fundamenta,
1012 4867 1419 4939 perfectamque
1498 4868 1668 4925 totius
1728 4868 1945 4925 aediﬁcii
2010 4886 2110 4926 ex-

533 4966 911 5018 structionem.
979 4961 1156 5033 Cyrus
1211 4962 1357 5017 enim
1389 5002 1404 5026 ,
1466 4977 1640 5018 annos
1690 4979 1861 5018 unum
1902 4970 1958 5019 et
2015 4962 2114 5017 tri-

534 5054 684 5124 ginta
741 5068 867 5109 cum
930 5052 1304 5123 regnavisset,
1353 5052 1607 5125 Cambysi
1653 5053 1763 5111 ﬁlio
1820 5055 2109 5125 imperium

532 5146 795 5215 tradidit;
863 5147 973 5211 cui,
1038 5153 1163 5217 post
1234 5162 1429 5202 novem
1498 5161 1768 5203 annorum
1836 5164 2108 5220 regnum,

1615 5240 1760 5295 sicut
1831 5241 2109 5311 quondam

530 5330 724 5400 Cyrus.
745 5330 1048 5387 Jerusalem
1079 5331 1451 5387 aediﬁcandam
1484 5332 1665 5389 edicto
1687 5333 1875 5402 jussit.
1930 5334 2109 5406 Atque

531 5430 685 5477 sexto
714 5422 834 5491 ejus
860 5422 1070 5494 imperii
1103 5436 1268 5484 anno,
1293 5422 1386 5492 qui
1433 5423 1883 5494 quadragesimus
1920 5432 2109 5481 sextus

534 5531 563 5570 a
606 5513 751 5586 Cyro
771 5528 908 5580 erat,
931 5513 1218 5571 aediﬁcatio
1251 5512 1552 5587 perﬁcitur.
1583 5514 1740 5573 Unde
1774 5516 1827 5572 in
1861 5514 2108 5573 Salvato—

600 5694 670 5728 ιιι
705 5693 724 5748 ι
759 5694 917 5752 Esdr.
947 5713 986 5766 ι,
1026 5697 1138 5753 1-3.
1216 5700 1260 5732 η
1301 5697 1430 5755 ibid.
1465 5698 1516 5764 7,
1552 5696 1607 5753 8.

2220 2004 2514 2076 πεποίηται
2538 2006 2714 2075 φήσας
2739 2021 2752 2036 ·
2788 2024 2806 2056 ι
2834 2004 2946 2058 Kal.
2976 2003 3162 2078 γνώσῃ
3194 2006 3288 2059 καὶ
3314 2006 3566 2077 συνήσεις
3585 2004 3696 2059 ἀπὸ
3715 2004 3804 2073 ἐξ·

2217 2099 2337 2153 όδου
2366 2098 2524 2168 λόγου
2543 2099 2635 2152 τοῦ
2670 2098 3032 2172 ἀποκριθῆναι
3065 2098 3160 2152 καὶ
3187 2097 3283 2151 τοῦ
3309 2099 3660 2170 οἰκοδομῆσαι
3701 2099 3803 2152 Ἱε-

2223 2191 2503 2264 ρουσαλὴμ
2544 2192 2649 2255 ἕως
2687 2191 2922 2262 Χριστοῦ
2954 2191 3256 2262 ἡγουμένου
3291 2190 3583 2261 ἐϐδομάδες
3610 2190 3676 2256 ς’,
3706 2191 3804 2244 καὶ

2220 2284 2511 2356 ἑϐδομάδες
2563 2282 2639 2354 ξβ’
2671 2284 2763 2337 καὶ
2811 2284 3127 2355 ἐπιστρέψει
3179 2284 3273 2338 καὶ
3313 2284 3803 2356 οἰκοδομηθήσεται

2219 2376 2450 2431 πλατεία
2481 2378 2574 2430 καὶ
2598 2380 2793 2449 τεῖχος.
2827 2396 2845 2429 ι
2881 2378 3021 2450 Ὅρα
3048 2373 3111 2449 δὴ
3144 2378 3192 2429 εί
3219 2377 3294 2448 μὴ
3324 2376 3582 2441 ἀϐίαστος
3604 2377 3804 2446 γένοιτ’

2219 2470 2286 2525 ἂν
2318 2468 2449 2541 ήμῖν
2481 2471 2514 2540 ή
2536 2469 2785 2542 διήγησις
2808 2467 2866 2534 ἐξ
2894 2468 3057 2524 αὑτοῦ
3078 2468 3285 2540 Κύρου,
3312 2469 3435 2523 καθ’
3463 2468 3521 2522 6v
3547 2471 3577 2522 6
3603 2468 3805 2540 Δανιὴλ

2218 2562 2574 2636 προφητεύει,
2604 2565 2731 2628 τοὺς
2782 2563 3004 2635 χρόνους
3056 2562 3577 2635 ἁπαριθμουμένοις.
3630 2557 3805 2628 Οὗτος

2217 2657 2326 2728 γὰρ
2352 2652 2444 2711 οῦν
2473 2657 2688 2729 πρῶτος
2723 2656 2820 2728 τὴν
2853 2657 2981 2729 περὶ
3014 2655 3107 2713 τοῦ
3149 2656 3428 2727 ἀνεγεῖραι
3471 2656 3571 2729 τὴν
3603 2658 3804 2729 Ἰερουο

2220 2748 2399 2821 σαλὴμ
2439 2749 2730 2821 ἀπόκρισιν
2770 2748 3049 2820 ἐξενήνοχε
3094 2748 3235 2802 κατὰ
3275 2749 3372 2821 τὴν
3418 2750 3477 2804 ἐν
3516 2749 3596 2821 τῷ
3623 2750 3804 2823 Ἐζρᾳ

2217 2841 2454 2914 γραφὴν,
2482 2840 2671 2893 τοῦτον
2721 2838 2949 2910 ἔχουσαν
3001 2839 3091 2893 τὸν
3142 2840 3371 2912 τρόπον⁸
3411 2858 3429 2892 ι
3466 2839 3578 2894 Καὶ
3620 2842 3680 2893 ἐν
3722 2841 3803 2912 τῷ

2220 2933 2419 3011 πρώτῳ
2455 2935 2563 2989 ἔτει
2607 2934 2790 3007 Κύρου
2837 2933 3099 3005 βασιλέως
3143 2934 3388 3007 Περσῶν,
3423 2932 3517 2988 τοῦ
3547 2932 3803 3005 τελεσθῆ-

2217 3044 2304 3081 ναι
2332 3025 2489 3095 λόγον
2528 3027 2733 3099 Κυρίου
2772 3025 2879 3080 ἀπὸ
2926 3025 3192 3095 στόματος
3223 3025 3519 3101 Ἱερεμίου,
3547 3024 3802 3097 ἐξήγειρε

2218 3119 2422 3192 Κύριος
2457 3119 2516 3173 τὸ
2543 3118 2757 3189 πνεῦμα
2783 3118 2968 3191 Κύρου
3001 3116 3260 3188 βασιλέως
3285 3117 3630 3189 Περσῶν,καὶ
3665 3135 3803 3189 παρα

2218 3210 2438 3283 ήγγειλε
2470 3210 2652 3282 φωνὴν
2676 3212 2733 3263 ἐν
2766 3210 2916 3283 πάσῃ
2951 3209 3197 3283 βασιλείᾳ
3224 3208 3410 3274 αὐτοῦ,
3442 3209 3536 3263 καί
3595 3227 3662 3279 γε
3708 3212 3803 3277 ἐγ-

2224 3306 2500 3377 γράπτως,
2528 3303 2719 3375 λέγωνο
2744 3304 2930 3368 Οὕτως
2948 3298 3100 3358 εἶπεν
3124 3303 3306 3377 Κύρος
3330 3306 3359 3357 6
3390 3301 3644 3373 βασιλεὺς
3661 3303 3807 3374 Περ-

2222 3397 2359 3451 σῶν·
2395 3398 2582 3461 Πάσας
2625 3398 2725 3461 τὰς
2777 3395 3053 3467 βασιλείας
3090 3397 3188 3468 τῆς
3231 3396 3336 3467 γῆς
3378 3394 3664 3467 παρέδωκέ
3708 3413 3803 3466 μοι

2218 3491 2422 3563 Κύριος
2451 3493 2480 3545 6
2522 3490 2654 3555 Θεὸς
2696 3490 2790 3544 τοῦ
2834 3490 3086 3563 ούρανοῦ,
3115 3490 3212 3545 καὶ
3255 3488 3418 3553 αὐτὸς
3457 3488 3806 3559 ἐπεσκέψατο

2218 3584 2304 3637 ἐπ’
2338 3583 2439 3655 ἐμὲ
2482 3583 2575 3637 τοῦ
2602 3582 2949 3655 οἰκοδομῆσαι
2984 3583 3130 3654 αὐτῷ
3157 3577 3304 3638 οἶκον
3341 3584 3400 3636 ἐν
3442 3582 3806 3655 Ἰερουσαλὴμ

2217 3677 2283 3747 τῇ
2323 3677 2382 3729 ἐν
2422 3674 2671 3748 Ἰουδαίᾳ.
2709 3674 2804 3739 Τίς
2826 3676 2883 3729 ἐν
2906 3676 3033 3747 ὑμῖν
3068 3673 3177 3729 ἀπὸ
3201 3674 3401 3739 παντὸς
3425 3672 3519 3728 τοῦ
3546 3672 3680 3729 λαοῦ
3703 3674 3801 3727 αύ-

2217 3768 2340 3835 τοῦ;
2369 3770 2480 3824 Καὶ
2508 3769 2658 3823 ἔσται
2691 3770 2719 3822 6
2753 3768 2884 3834 Θεὸς
2909 3767 3072 3822 αὐτοῦ
3098 3769 3215 3839 μετ’
3246 3765 3432 3834 αὑτοῦ,
3466 3767 3561 3820 καὶ
3590 3765 3798 3837 ἀναϐή-

2220 3878 2368 3916 σεται
2387 3863 2466 3926 ei;
2500 3861 2852 3934 Ἰερουσαλήμ
2869 3880 2880 3893 ·
2906 3882 2927 3913 ι
2949 3862 3042 3915 καὶ
3069 3860 3137 3915 τὰ
3154 3859 3303 3930 ἐξῆς.
3326 3854 3422 3923 Οἷς
3442 3859 3792 3930 ἐπιφέρεται’

2223 3974 2242 4006 ‹
2271 3956 2378 4008 Καὶ
2419 3958 2448 4009 6
2503 3954 2754 4026 βασιλεὺς
2784 3953 2964 4025 Κύρος
3004 3951 3265 4025 ἐξήνεγκε
3314 3950 3385 4005 τὰ
3431 3950 3601 4023 σκεύη
3645 3950 3794 4004 οἴκου

2217 4048 2443 4119 Κυρίου,
2468 4047 2505 4102 ἃ.
2554 4047 2742 4113 ἐλαϐεν
2784 4045 3250 4117 Ναϐουχοδονόσορ
3274 4044 3382 4098 ἀπὸ
3422 4040 3794 4115 Ἰερουσαλὴμ,

2216 4144 2310 4198 καὶ
2334 4143 2533 4197 ἔδωκεν
2561 4144 2700 4197 αὐτὰ
2726 4145 2784 4197 ἐν
2816 4142 2950 4213 οῐκῳ
2989 4141 3112 4195 θεοῦ
3144 4138 3331 4194 αὐτοῦ.
3362 4138 3474 4193 Καὶ
3503 4137 3795 4208 ἐξήνεγκεν

2216 4235 2356 4290 αὐτὰ
2383 4235 2586 4307 Κύρος,
2608 4237 2636 4289 6
2670 4235 2924 4307 βασιλεὺς
2949 4232 3197 4304 Περσῶν,
3228 4232 3323 4286 ἐπὶ
3349 4234 3507 4305 χεῖρα
3538 4231 3799 4304 Μιθριδα-

2212 4348 2307 4385 του
2338 4333 2431 4385 καὶ
2457 4330 2761 4406 ἠρίθμησεν
2786 4330 2923 4384 αύτὰ
2951 4329 3029 4401 τῷ
3057 4327 3441 4400 Σαμανασσὰρ,
3456 4328 3678 4400 ἄρχοντι
3702 4326 3797 4380 τοῦ

2227 4422 2415 4477 Ἰούδα.
2443 4441 2460 4473 ι
2482 4423 2602 4476 Ἐπὶ
2630 4422 2836 4485 τούτοις
2862 4424 3064 4494 ἱστορεῖ
3089 4423 3122 4493 ή
3154 4419 3344 4492 Γραφὴ
3377 4419 3453 4483 ώς
3482 4418 3798 4482 ἀνελθόντες

2214 4518 2263 4570 οἱ
2310 4518 2516 4589 πρῶτοι
2565 4515 2991 4572 καταϐάλλονται
3033 4516 3157 4578 τοὺς
3181 4514 3274 4568 τοῦ
3309 4514 3453 4585 ίεροῦ
3488 4512 3794 4586 θεμελίους,

2148 4625 2191 4680 ι)
2214 4610 2309 4665 καὶ
2345 4599 2727 4681 ώς.εἱ’ργονταί
2758 4625 2821 4677 γε
2850 4609 2908 4660 ἐν
2937 4605 3015 4678 τῷ
3051 4605 3252 4677 μεταξὺ
3284 4606 3461 4681 χρόνῳ
3492 4605 3594 4676 τῆς
3627 4622 3798 4660 σπου-

2216 4705 2333 4776 δῆς,
2361 4704 2465 4768 ἕως
2507 4702 2598 4755 ἐπὶ
2628 4699 2861 4771 ἑϐδόμην
2894 4698 3030 4753 ἐτῶν
3060 4699 3350 4771 ἑϐδομάδα.
3370 4697 3798 4770 Τεσσαρὰκοντα

2217 4798 2278 4871 (Γ.
2309 4798 2379 4852 40
2409 4797 2483 4870 νο)
2509 4796 2638 4867 γοῦν
2661 4797 2756 4850 καὶ
2783 4793 2843 4862 ἒξ
2868 4793 2961 4866 ἐτη
2994 4794 3100 4849 ἀπὸ
3134 4793 3319 4865 Κύρου
3353 4793 3450 4847 καὶ
3485 4793 3579 4846 ἐπὶ
3600 4791 3664 4844 τδ
3695 4793 3799 4844 Δα-

2218 4892 2360 4965 ρείου
2392 4890 2550 4948 ἐκτον
2572 4889 2691 4953 ἔτος
2714 4888 3132 4961 περιγράφεται,
3168 4887 3225 4939 ἐν
3258 4879 3302 4953 ᾧ
3335 4884 3509 4957 πέρας
3552 4883 3696 4955 ῐσχει
3725 4883 3798 4937 τὰ

2214 4985 2313 5055 τῆς
2341 4982 2436 5037 τοῦ
2468 4981 2598 5039 ναοῦ
2625 4980 2912 5053 οἰκοδομῆς
2931 4997 2943 5011 ⁸
2974 4979 3094 5034 ὅθεν
3123 4979 3346 5042 εἰκότως
3373 4977 3483 5031 ἀπὸ
3528 4976 3637 5029 τῶν
3681 4974 3797 5029 λοι-

2219 5077 2335 5134 πῶν
2358 5076 2657 5148 ἑϐδομάδας
2683 5075 2725 5140 ζ’
2748 5074 2846 5138 τὰς
2871 5072 3134 5144 πρώταςό
3163 5071 3318 5138 λόγος
3337 5070 3676 5143 ἀφωρίσατο,
3698 5068 3794 5122 τὸν

2219 5168 2421 5243 μεταξὺ
2453 5169 2642 5241 χρόνον
2676 5169 2776 5238 τῆς
2807 5166 3032 5239 πρώτης
3059 5166 3363 5236 καταϐολῆς
3399 5166 3508 5219 τῶν
3540 5164 3633 5219 τοῦ
3663 5164 3793 5219 ναοῦ

2218 5260 2484 5334 θεμελίων
2510 5260 2603 5315 καὶ
2627 5259 2726 5331 τῆς
2749 5261 2829 5323 είς
2849 5259 3016 5332 ἄκρον
3044 5257 3208 5311 αὐτοῦ
3235 5255 3674 5329 ἀναπληρώσεως
3696 5258 3795 5327 ἐμ-

2216 5354 2379 5426 φῆναι
2415 5353 2753 5425 βουλόμενος.
2778 5353 2959 5425 Κύρος
2990 5352 3086 5424 μὲν
3113 5350 3221 5423 γὰρ
3255 5350 3348 5422 ἔτη
3374 5350 3668 5423 τριάκοντα
3697 5348 3797 5403 καὶ

2215 5446 2273 5499 ἓν
2316 5446 2662 5517 βασιλεύσας,
2692 5445 2965 5519 Καμϐύσῃ
3014 5445 3092 5517 τῷ
3141 5444 3292 5499 παιδὶ
3329 5444 3665 5517 παραδίδωσι
3689 5442 3793 5516 τὴν

2215 5540 2414 5612 ἀρχήνθ
2444 5532 2505 5594 οὗ
2542 5541 2632 5594 ἐπὶ
2659 5537 2818 5595 ἐννέα
2841 5536 3221 5609 διαγενομένου
3248 5536 3412 5601 ἔτεσι,
3442 5537 3664 5608 Δαρεῖος
3690 5530 3793 5605 τὴν
