4096 6412
294 329 425 389 ιιει
536 308 547 317 ’

1272 332 1564 393 ECLOGE
1596 331 2080 391 PROPHETICE.
2104 328 2216 373 ’-’
2228 330 2358 387 LIB.
2400 327 2491 385 ill.

3404 322 3538 376 1182

294 447 571 520 βασιλείαν
624 453 977 525 παραλαϐὼν,
1024 447 1177 517 αὖθις
1237 452 1376 524 μετά
1430 454 1614 525 Κύρον
1654 453 1743 506 διὰ
1768 451 1850 506 τοί

1967 465 2083 506 rem
2136 458 2384 505 nostrum
2433 445 2633 503 invecti
2685 444 2976 501 dicebant:
3011 460 3031 495 ι
3076 438 3446 512 Quadraginta
3483 446 3538 495 et

292 543 726 614 προγράμματος
755 545 1229 619 τὴνἸερουσαλὴμ
1250 546 1663 617 οἰκοδομηθῆναι
1695 562 1867 618 προσ-

166 700 169 701 7
287 633 494 688 τάττει.
522 636 632 688 Καὶ
663 635 727 710 δὴ
761 637 901 692 κατὰ
927 639 987 692 τὸ
1024 639 1181 692 ἕκτον
1204 636 1368 691 αὑτοῦ
1403 637 1504 706 τῆς
1525 637 1700 709 ἀρχῆς
1722 636 1863 703 ἔτος,

185 740 197 749 ⁸
289 727 430 797 ὅπερ
456 722 524 798 ἦν
550 727 656 781 άπὸ
679 729 861 800 Κύρου
883 730 1317 803 τεσσαρακοστὸν
1345 730 1439 783 καὶ
1469 729 1646 796 ἕκτον,
1668 730 1737 784 τὰ
1765 730 1866 801 τῆς

287 822 580 895 οἰκοδομῆς
612 824 1048 896 άποπληροῦται’
1081 824 1202 879 ὅθεν
1221 823 1527 895 ὁρμώμενοι
1555 821 1632 893 τῷ
1655 823 1864 895 Σωτῆρι

288 915 446 985 ἡμῶν
490 915 673 984 ἔλεγον
694 932 707 943 ·
742 935 761 968 ι
802 919 873 971 Μ’
906 917 997 970 καὶ
1031 916 1091 982 ἓξ
1122 915 1296 970 ἔτεσιν
1326 913 1650 986 ᾠκοδομήθη
1683 916 1711 968 ὁ
1737 914 1865 978 ναὸς

285 1001 465 1077 οὗτος,
498 1010 594 1064 καὶ
647 1013 710 1065 σὺ
754 1012 811 1064 ὲν
857 1012 1033 1083 τριοθιν
1076 1010 1309 1081 ἡμέραις
1355 1010 1567 1079 ἐγερεῖς
1612 1006 1807 1071 adt-6v;
1838 1026 1857 1058 ι

284 1101 445 1154 Κατὰ
468 1102 525 1155 δὲ
555 1101 647 1155 τὸν
685 1101 945 1174 Ἰώσηπον
988 1109 1030 1156 ο’
1063 1102 1149 1174 (θ’)
1182 1102 1276 1155 καὶ
1312 1106 1362 1172 μ’
1389 1100 1481 1172 ἐτη
1508 1098 1751 1171 ἀκριϐῶς
1793 1097 1864 1151 τὰ

283 1194 395 1248 ἀπὸ
420 1195 604 1268 Κύρου
635 1198 727 1251 ἐπὶ
756 1197 816 1250 τὺ
847 1197 1073 1270 Δαρείου
1107 1196 1292 1248 ἔνατον
1322 1193 1440 1257 ἔτος
1466 1192 1774 1261 συνάγεται,
1803 1193 1862 1244 ὲν

279 1278 328 1354 ᾧ
365 1287 519 1353 τέλος
555 1289 820 1343 ἐπιθεῖναι
862 1292 928 1361 τῇ
963 1287 1055 1342 τοῦ
1086 1286 1216 1342 ναοῦ
1247 1286 1499 1357 οίκοδομῇ
1528 1288 1584 1341 ὲν
1615 1284 1692 1356 τῷ
1714 1284 1861 1338 ἐνδε-

280 1378 434 1450 κάτῳ
461 1380 562 1450 τῆς
593 1382 1040 1451 Ἀρχαιολογιας
1059 1382 1221 1451 φησιν
1237 1379 1507 1446 αύτολεξεὶ
1521 1378 1694 1450 δηλῶν
1718 1378 1861 1431 οίκο-

278 1471 687 1546 δομηθήσεσθαι
735 1475 826 1529 τὸν
878 1474 1004 1529 ναδν
1039 1475 1081 1541 ζ’
1114 1474 1238 1545 (sic)
1278 1474 1405 1545 μηνὶ
1426 1473 1519 1526 τοῦ
1551 1472 1736 1526 ἐνάτου
1761 1472 1860 1542 τῆς

278 1563 375 1616 ἐπὶ
404 1564 625 1635 Δαρείου
656 1563 930 1634 βασιλείας
952 1564 1134 1628 ἔτους⁸
1170 1558 1250 1626 οἷς
1271 1563 1364 1616 καὶ
1391 1560 1636 1632 ἐπιφέρει
1656 1559 1856 1627 λέγων⁸

283 1672 304 1706 ι
336 1652 663 1724 Κατῴκισαν
703 1655 759 1708 δὲ
792 1656 848 1707 ὲν
881 1657 992 1717 τοῖς
1024 1652 1411 1724 Ἰεροσολύμοις
1443 1649 1685 1720 πολιτείᾳ
1710 1648 1856 1721 χρώ-

279 1761 434 1815 μενοι
479 1744 1017 1824 άριστοκρατῘορ]ικῇ
1069 1745 1208 1817 μετὰ
1250 1743 1593 1815 ὀλιγαρχίας·
1644 1744 1692 1794 οἱ
1745 1740 1855 1812 γὰρ

1967 557 2062 599 sex
2106 541 2265 597 annis
2314 539 2638 596 aedificatum
2687 547 2772 594 est
2803 536 3063 607 templum
3114 536 3258 599 hoc,
3309 543 3365 588 et
3394 532 3537 587 tuin

1963 633 2142 688 tribus
2163 632 2356 687 diebus
2375 630 2643 686 excitabis
2679 630 2809 683 illud
2840 628 2942 682 “'7
2979 649 2997 681 ι
3023 625 3186 681 Juxta
3218 632 3399 679 autem
3440 619 3538 679 Jo-

1974 722 2201 793 sephum
2229 736 2423 777 novem
2447 729 2503 775 et
2533 719 2893 790 quadraginta
2923 717 3051 773 anni
3080 724 3209 772 sunt
3241 730 3272 770 a
3304 713 3446 786 Cyro
3464 712 3536 768 ad

1964 830 2168 870 nonum
2205 814 2352 868 Darii
2407 828 2633 876 annum,
2666 826 2793 882 gquo
2848 810 3142 881 perfectam
3208 807 3343 863 dicit
3397 813 3536 861 tem-

1964 905 2505 977 pliaadiﬁcationem,
2563 905 2617 959 in
2654 904 2942 959 undecimo
2988 900 3363 971 Archwologiw
3393 898 3535 953 libro

1964 999 2148 1069 templi
2182 997 2631 1053 instaurationem
2657 1010 2890 1050 narrans
2922 995 3154 1065 septimo
3195 992 3338 1046 Darii
3382 990 3535 1062 regni

1960 1089 2089 1143 noni
2116 1088 2245 1141 anni
2275 1100 2460 1142 mense
2499 1086 2823 1163 absolutam.
2872 1084 3181 1153 Additque:
3225 1103 3244 1134 ι
3299 1081 3535 1151 Eratque

1962 1187 2093 1234 tunc
2120 1177 2628 1250 Hierosolymitanis
2656 1176 2999 1231 aristocratia
3031 1173 3325 1245 oligarchia
3348 1173 3530 1238 mista;

1928 1308 1933 1313 ι
1960 1270 2428 1327 sacerdotesenim
2447 1270 2611 1325 rebus
2640 1269 2995 1339 praefuerunt,
3026 1267 3200 1321 donec
3224 1263 3533 1320 Asamonati

1957 1367 2162 1436 posteri
2193 1365 2523 1420 sortirentur
2555 1377 2779 1432 regnum
2812 1361 2910 1430 ll).
2949 1380 2968 1412 ›
3003 1358 3097 1414 Hae
3125 1359 3289 1430 igitur
3314 1359 3373 1423 jn
3402 1372 3530 1428 pro-

1960 1457 2140 1528 pbetia
2163 1457 2344 1511 relata:
2378 1465 2584 1525 septem
2617 1452 3002 1515 bebdomadcs,
3045 1466 3167 1522 qua:
3216 1451 3283 1505 ad
3325 1465 3528 1505 nonum

1958 1550 2105 1604 Darii
2136 1565 2340 1604 annum
2374 1549 2657 1612 desinunt,
2695 1548 2852 1602 istam
2887 1546 2959 1601 ob
2989 1560 3210 1600 causam
3241 1560 3272 1598 a
3316 1543 3530 1599 ceteris

1956 1642 2346 1697 discriminata:
2375 1648 2523 1696 sunt.
2554 1637 2852 1694 Videamus
2884 1653 3031 1692 nunc
3075 1638 3143 1691 ad
3193 1651 3315 1706 qua:
3361 1635 3533 1705 perti-

1956 1742 2123 1789 neant
2155 1740 2401 1804 tempora
2428 1733 2649 1802 reliqua:
2676 1730 3043 1786 hebdomades
3076 1730 3358 1800 sexaginta
3386 1727 3528 1783 duas.

276 1838 448 1907 ἱερεῖς
498 1840 904 1909 προεστήκεσαν
954 1838 1061 1891 τῶν
1097 1838 1457 1909 πραγμάτων,
1483 1834 1608 1907 ἄχρι
1641 1828 1701 1888 οὗ
1728 1834 1850 1897 τοὺς

1956 1821 2143 1878 Nonus
2172 1821 2318 1876 Darii
2350 1836 2529 1876 annus
2567 1821 2721 1891 juxta
2758 1820 3069 1875 Graecorum
3104 1818 3347 1873 historiae
3366 1817 3532 1872 chro-

285 1928 661 2000 Ἀσαμωναίου
692 1930 886 2002 συνέϐη
920 1930 1219 2001 βασιλεύειν
1247 1929 1522 1999 ἐγγόνους.
1548 1947 1567 1979 ι
1595 1926 1716 1979 Αἵδε
1754 1925 1854 1996 μὲν

269 2034 370 2072 ουν
399 2021 452 2072 αξ
487 2021 544 2073 ἐν
566 2022 631 2091 τῇ
656 2020 958 2092 προφητείᾳ
989 2020 1284 2093 φερόμεναι
1312 2020 1355 2084 ζ’
1382 2018 1671 2089 ὲϐδομάδες
1693 2017 1774 2079 είς
1791 2015 1854 2068 τὸ

272 2109 755 2181 προδεδηλωμένον
805 2109 923 2174 ἔτος
970 2111 1195 2182 Δαρείου
1228 2108 1688 2182 περιοριζόμεναι,
1721 2106 1854 2179 πρό-

267 2199 432 2271 δηλον
460 2218 550 2255 ουν
571 2201 637 2254 δι’
658 2202 724 2273 ἦν
750 2202 927 2256 αἰτίαν
957 2202 1064 2256 τῶν
1086 2203 1219 2271 (τὸν)
1248 2202 1355 2255 άπὸ
1374 2201 1478 2255 τῶν
1500 2198 1700 2253 λοιπῶν
1723 2200 1855 2269 atpo-

270 2289 470 2361 ρισμδν
510 2290 1055 2362 είλήφασιν.Ἵδωμεν
1082 2291 1137 2344 δὲ
1169 2292 1261 2344 καὶ
1298 2290 1398 2354 τὰς
1430 2290 1623 2352 λοιπάς
1654 2288 1730 2360 ξβ¹
1760 2289 1853 2342 ἐπὶ

269 2379 464 2444 ποίους
495 2380 891 2454 περιορίζονται
937 2382 1182 2453 χρόνους.
1210 2383 1283 2435 Τὸ
1312 2383 1411 2454 μὲν
1437 2380 1502 2454 δὴ
1527 2381 1709 2449 ἔνατον
1736 2381 1852 2446 ἔτος

269 2473 499 2543 Δαρείου
522 2474 661 2527 κατά
686 2474 783 2545 τὴν
809 2474 1043 2547 ἑϐδόμην
1072 2476 1164 2527 καὶ
1187 2474 1482 2547 ἑξηκοστὴν
1517 2473 1852 2543 Ὀλυμπιάδα

271 2565 341 2617 ἐκ
374 2565 473 2635 τῆς
509 2564 617 2618 τῶν
664 2566 795 2636 παρ’
833 2566 1058 2637 Ἕλλησι
1102 2567 1490 2638 χρονογράφων
1521 2566 1850 2637 παρίσταται

273 2656 543 2726 ἱστορίας·
570 2657 677 2710 άπὸ
716 2657 779 2729 δὴ
815 2653 907 2711 οὖν
940 2657 1146 2729 ταύτης
1172 2659 1264 2712 ἐπὶ
1297 2659 1397 2731 τὴν
1430 2660 1727 2733 ἑκατοστὴν
1760 2661 1855 2713 ἑκς

268 2749 602 2820 καιδεκάτην
646 2751 1002 2822 Ὀλυμπιάδα,
1038 2752 1159 2806 καθ’
1185 2753 1252 2823 ἢν
1297 2751 1556 2815 Σέλευκος
1592 2753 1728 2824 μετὰ
1753 2753 1852 2823 τὴν

281 2841 632 2914 Ἀλεξάνδρου
657 2842 911 2915 τελευτὴν
936 2844 1135 2916 Συρίας
1158 2845 1375 2914 ἀπάσης
1394 2845 1488 2898 καὶ
1506 2845 1852 2915 Βαϐυλωνίας

267 2933 595 3006 ἐκράτησεν,
632 2935 723 3007 ἔτη
751 2936 957 3004 γίνεται
985 2943 1029 2990 σθ
1046 2953 1059 2968 ο
1091 2937 1339 2991 ἐντεῦθεν
1361 2937 1405 2989 δ’
1429 2938 1519 2990 ἐπὶ
1542 2937 1641 3009 τὴν
1665 2936 1849 2990 τελευ-

265 3025 370 3097 τῆν
392 3027 632 3098 Σίμωνος
652 3068 666 3091 ,
702 3028 968 3089 Ἰουδαίων
1003 3029 1303 3101 ἀρχιερέως
1320 3070 1334 3094 ,
1357 3028 1459 3099 τῆς
1487 3028 1627 3083 κατὰ
1651 3030 1851 3101 Συρίαν

265 3119 447 3189 ἀρχῆς
478 3117 523 3182 ζ’
551 3119 643 3171 καὶ
671 3125 713 3172 ο⁹
746 3121 841 3172 καὶ
878 3126 923 3191 ρ’
946 3118 1284 3189 διαγενέσθαι
1316 3123 1348 3192 ἡ
1381 3119 1572 3192 πρώτη
1611 3120 1725 3174 τῶν
1751 3139 1851 3174 καί

1955 1916 2227 1987 nologiam
2251 1915 2493 1984 septimae
2521 1921 2573 1967 et
2595 1913 2944 1985 sexagesima:
2967 1910 3268 1983 Olympiadi
3303 1925 3530 1980 respon-

1953 2008 2070 2077 det;
2089 2007 2158 2062 ab
2181 2007 2283 2060 hac
2296 2005 2363 2059 ad
2381 2005 2732 2060 centesimam
2750 2011 2957 2059 sextam
2974 2004 3240 2057 decimam
3254 2000 3531 2073 Olympia-

1953 2101 2099 2165 dem,
2130 2116 2235 2170 qua
2275 2099 2558 2164 Seleucus,
2589 2095 2901 2152 Alexandro
2951 2106 3189 2157 mortuo,
3225 2094 3381 2165 Syria
3415 2101 3528 2147 tota

1953 2208 2017 2247 ac
2052 2193 2349 2263 Babylonia
2380 2191 2587 2262 potitus
2624 2196 2740 2252 est,
2792 2187 2921 2241 anni
2953 2194 3083 2242 sunt
3111 2186 3363 2252 ducenti;
3401 2185 3529 2240 hinc

1952 2285 2019 2339 ad
2055 2293 2281 2340 mortem
2317 2283 2581 2346 Simonis,
2610 2280 2924 2336 Judaeorum
2958 2280 3156 2335 summi
3200 2278 3524 2343 sacerdotis,

1952 2377 2055 2433 sub
2086 2376 2365 2448 Syriarum
2392 2376 2599 2431 ditione
2626 2383 2831 2445 septem
2860 2383 2914 2429 et
2951 2374 3291 2443 septuaginta
3322 2380 3376 2427 et
3399 2387 3530 2426 cen-

1951 2478 2066 2524 tum
2096 2469 2369 2524 ctiluxisse
2403 2485 2578 2525 annos
2622 2469 2837 2541 primus
2864 2466 3299 2522 Machabaeorum
3349 2467 3488 2521 liber
3510 2509 3525 2533 ,

1952 2565 2043 2636 qui
2072 2565 2357 2620 historiam
2409 2565 2477 2621 ad
2529 2563 2803 2618 Simonem
2843 2579 3018 2633 usque
3057 2571 3281 2627 narrat,
3336 2564 3529 2617 memi-

1950 2661 2033 2714 nit
2075 2659 2140 2712 ³³.
2173 2658 2385 2715 Rursus
2418 2658 2615 2715 exinde
2668 2657 3012 2714 sacerdotum
3065 2658 3260 2713 seriem
3301 2673 3530 2712 accura-

1951 2753 2162 2808 tissime
2189 2753 2431 2809 referens
2451 2752 2721 2825 Josephus
2753 2754 2850 2826 (2),
2876 2765 2996 2822 post
3030 2752 3305 2808 Simonem
3342 2760 3530 2807 narrat

1950 2843 2236 2914 praefuisse
2261 2847 2458 2916 populo
2499 2844 2761 2901 Joannem
2792 2855 2845 2900 et
2886 2845 3194 2916 Hyrcanum
3222 2861 3395 2900 annos
3430 2861 3529 2899 no-

1952 2952 2068 2990 vem
2119 2942 2174 2991 et
2244 2936 2478 3006 viginti;
2525 2936 2653 2990 huic
2717 2950 3094 2993 successorem
3152 2936 3526 2993 Aristobulum

1950 3044 2119 3082 unum
2155 3029 2469 3100 regnavisse
2499 3044 2735 3097 annum;
2776 3045 2886 3100 quo
2917 3040 3129 3084 mortuo
3157 3030 3526 3087 Alexandrum

1951 3127 2156 3189 septem
2200 3131 2253 3175 et
2282 3120 2471 3194 viginti
2519 3136 2732 3186 annos,
2788 3130 2842 3177 et
2894 3132 3018 3193 post
3067 3137 3189 3176 eum
3239 3121 3525 3194 conjugem

264 3209 547 3282 λουμένων
579 3211 988 3266 Μακκαϐαἳκῶν
1019 3214 1272 3290 σημαίνει
1303 3212 1508 3287 γραφὴ,
1546 3215 1704 3285 μέχρι
1727 3213 1847 3268 τού-

1951 3212 2335 3280 Alexandram,
2367 3215 2432 3269 ad
2473 3230 2635 3286 quam
2684 3230 2874 3273 omnes
2910 3215 2978 3269 ab
3011 3229 3155 3269 anno
3187 3212 3333 3268 Darii
3381 3231 3526 3269 nono

263 3317 362 3355 του
410 3306 822 3375 περιγράφουσα
864 3305 965 3375 τὴν
1017 3305 1278 3383 ἱστορίαν.
1328 3305 1495 3359 Πάλιν
1525 3305 1571 3359 δ’
1599 3304 1846 3359 ἐντεῦθεν

264 3391 368 3458 τὰς
398 3393 506 3447 τῶν
535 3395 726 3467 ἱερέων
756 3396 1003 3468 διαδοχάς
1030 3397 1397 3469 ἀκριϐέστατα
1426 3400 1848 3471 ἐπισημαινόμε-

263 3502 358 3548 νος
405 3488 433 3539 ὁ
476 3485 735 3557 Ἰώσηπος
792 3489 928 3559 μετὰ
974 3489 1193 3559 Σίμωνα
1240 3490 1332 3546 τὸν
1375 3491 1847 3564 προδεδηλωμένον

263 3578 402 3650 φησὶ
431 3579 843 3654 καθηγήσασθαι
880 3581 975 3635 τοῦ
1019 3582 1149 3636 λαοῦ
1184 3584 1435 3655 Ἰωάννην
1464 3584 1554 3638 τὸν
1585 3586 1678 3645 καὶ
1718 3586 1843 3657 ’Υρ-

263 3669 434 3722 κανὸν
463 3668 640 3722 ἔτεσιν
685 3669 728 3722 θ’
763 3671 857 3724 καὶ
900 3678 948 3724 κ’
969 3688 983 3701 ο
1016 3670 1205 3731 τοῦτον
1234 3673 1290 3725 δὲ
1322 3673 1660 3739 διαδέξασθαι
1701 3674 1849 3745 Ἀρι-

262 3759 576 3825 στόϐουλον,
606 3761 664 3814 ὃν
687 3766 781 3815 καὶ
813 3761 1122 3833 βασιλεῦσαι
1159 3766 1403 3825 ἐνιαυτόν
1422 3782 1435 3796 ο
1471 3766 1609 3838 μετὰ
1642 3765 1697 3819 δὲ
1724 3765 1849 3821 τοῦ·

260 3867 356 3906 τον
392 3852 739 3925 Ἀλέξανδρος
765 3855 909 3909 ἔτεσι
938 3855 1041 3923 κζ’,
1075 3856 1192 3927 μεθ’
1216 3856 1275 3910 δν
1302 3857 1400 3933 τὴν
1425 3860 1656 3929 γυναῖκα
1695 3857 1846 3910 Ἀλε-ιν

261 3942 517 4016 ξάνδραν,
552 3946 636 4017 ἐφ’
661 3947 726 4018 ἢν
766 3947 832 4002 τὰ
879 3949 1055 4002 πάντα
1082 3951 1190 4004 ἀπὸ
1220 3950 1409 4003 ἐνάτου
1432 3950 1586 4013 ἔτους
1618 3952 1843 4023 Δαρείου

261 4035 359 4107 ἐτη
396 4036 687 4106 συνάγεται
714 4038 841 4104 υλδ’,
878 4042 1049 4095 ὁπόσα
1093 4042 1137 4096 δ’
1164 4044 1229 4096 ἂν
1274 4044 1485 4113 γένοιτο
1532 4046 1595 4098 ἐκ
1636 4045 1743 4098 τῶν
1767 4043 1845 4115 ξβ¹

259 4129 573 4199 ἑϐδομάδων
612 4134 670 4184 ὲν
716 4127 803 4196 αἷς
834 4134 882 4186 οἱ
915 4136 1145 4203 χριστοὶ
1185 4135 1493 4207 ἡγούμενοι,
1528 4131 1670 4192 οὗτοι
1702 4138 1746 4190 δ’
1778 4137 1845 4191 ἂν

260 4214 375 4273 εἷεν
395 4222 443 4273 οἰ
465 4222 758 4295 ἀρχιερεῖς,
773 4225 1065 4298 ἀρξάμενοι
1089 4228 1196 4280 ἀπὸ
1216 4227 1397 4299 Κύρου
1424 4227 1532 4281 τῶν
1546 4228 1640 4284 τοῦ
1662 4229 1846 4294 ἔθνους

261 4311 610 4382 προέστησαν
654 4317 1010 4387 πραγμάτων.
1042 4317 1321 4390 Πρόδηλον
1360 4319 1472 4391 γὰρ
1514 4321 1622 4374 ἀπό
1659 4338 1718 4374 τε
1743 4322 1845 4393 τῆς

264 4405 419 4477 ἱερᾶς
448 4406 690 4479 Γραφῆς,
721 4411 781 4462 οὐ
821 4411 920 4479 μὲν
956 4410 1108 4484 (μὴν)
1140 4412 1274 4466 ἀλλὰ
1309 4413 1403 4466 καὶ
1429 4413 1534 4466 ἀπὺ
1561 4413 1671 4466 τῶν
1714 4432 1845 4487 προ-

1949 3306 2077 3359 anni
2106 3316 2339 3375 quatuor
2362 3313 2416 3359 et
2450 3305 2669 3374 triginta
2706 3313 2759 3359 et
2808 3304 3189 3374 quadringenti
3232 3303 3486 3360 efﬂuxere
3507 3345 3521 3370 ,

1949 3398 2042 3467 qui
2082 3405 2211 3453 sunt
2242 3397 2526 3468 sexaginta
2558 3397 2681 3451 duae
2710 3395 3111 3458 hebdomades.
3158 3397 3358 3466 quibus
3389 3411 3525 3466 pra:-

1949 3490 2170 3545 fuerunt
2212 3490 2433 3552 Christi,
2488 3493 2687 3544 summi
2744 3491 2951 3545 scilicet
2987 3490 3321 3551 sacerdotes,
3357 3489 3447 3559 qui
3493 3504 3525 3543 a

1946 3579 2088 3652 Cyro
2106 3581 2290 3650 poliuli
2308 3581 2469 3635 rebus
2487 3582 2834 3655 praefuerunt.
2866 3579 3250 3636 Constatenim
3282 3596 3349 3637 ex
3367 3593 3524 3635 sacra

1951 3670 2254 3743 Scriptura,
2311 3686 2524 3726 necnon
2568 3688 2599 3727 e
2651 3672 2836 3727 citatis
2881 3671 3104 3742 Joscphi
3160 3674 3331 3735 locis,
3379 3673 3525 3744 quod

1944 3758 2071 3835 'post
2107 3763 2343 3818 reditum
2378 3762 2739 3834 eBabylone,
2784 3766 2852 3819 ab
2898 3766 3017 3835 ipso
3064 3765 3191 3821 Jesu
3243 3766 3525 3822 sacerdote

1947 3869 2144 3925 magno
2174 3854 2406 3909 ducibus
2435 3862 2489 3908 et
2524 3855 2865 3924 principibus
2892 3858 3153 3910 continua
3186 3858 3326 3915 serie
3349 3856 3522 3913 Judaei

1947 3948 2034 4001 usi
2066 3954 2214 4011 sunt,
2234 3962 2407 4016 usque
2428 3947 2494 4001 ad
2515 3948 2637 4001 illos
2664 3963 2802 4017 quos
2827 3946 3098 4018 Josephus
3131 3951 3435 4006 Asamonuei
3462 3951 3526 4004 li-

1947 4040 2050 4094 lios
2079 4046 2257 4104 vocat,
2292 4038 2576 4108 Scriptura
2624 4055 2753 4095 vero
2800 4040 3138 4096 Machabaeos
3184 4043 3521 4105 nominavit,

1946 4146 2177 4204 quorum
2209 4132 2420 4201 primus
2460 4147 2734 4186 summum
2768 4132 3001 4186 obtinuit
3034 4134 3406 4202 pontificatum
3432 4134 3520 4189 Ju-

1946 4223 2045 4277 das
2083 4221 2429 4283 Macbabaeus
2486 4224 2848 4292 cognomine,
2910 4224 3215 4294 fugatisque
3269 4227 3522 4281 Antiochi

1946 4311 2178 4367 ducibus
2210 4313 2410 4389 populo
2431 4313 2663 4381 praefuit.
2697 4313 2829 4370 Post
2851 4330 2975 4369 eum
3006 4316 3172 4370 frater
3209 4317 3328 4385 ejus
3356 4316 3523 4372 Jona-

1945 4404 2070 4459 thas
2099 4419 2373 4458 summum
2425 4404 2589 4458 simul
2636 4407 3008 4477 pontificatum
3042 4416 3095 4461 et
3128 4410 3312 4479 populi
3351 4411 3524 4481 impe-

259 4496 520 4553 τεθεισῶν
544 4499 637 4552 τοῦ
678 4502 939 4573 Ἰωσήπου
971 4503 1183 4574 φωνῶν,
1206 4504 1281 4568 ὡς
1307 4505 1389 4558 ὅτι
1437 4505 1574 4576 μετὰ
1603 4505 1700 4578 τὴν
1735 4507 1843 4561 ἀπὸ

1951 4498 2088 4550 rium
2127 4497 2371 4567 accepit;
2421 4513 2747 4568 rursumque
2780 4500 2899 4568 ejus
2931 4498 3099 4554 frater
3132 4499 3320 4556 Simon
3371 4519 3523 4558 sum-

260 4587 583 4654 Βαϐυλῶνος
613 4592 891 4658 ἐπάνοδον,
945 4595 1004 4660 ἐξ
1053 4595 1217 4649 αὑτοῦ
1278 4596 1450 4667 Ἰησοῦ
1505 4596 1598 4652 τοῦ
1650 4599 1838 4670 ἱερέως

258 4677 357 4733 τοῦ
418 4680 651 4749 μεγάλου
708 4684 937 4754 ἡγεμόσι
985 4686 1079 4738 καὶ
1124 4685 1349 4756 ἄρχουσι
1385 4689 1496 4751 τοῖς
1533 4686 1673 4741 κατὰ
1720 4688 1837 4741 δια-

260 4767 423 4845 δοχὴν
435 4770 691 4840 ἐχρῶντο,
713 4773 871 4843 μέχρι
886 4769 960 4828 ὧν
976 4777 1005 4829 ὁ
1027 4775 1283 4849 Ἰώσηπος
1298 4779 1550 4849 ὀνομάζει
1580 4780 1636 4832 Ἀ
1647 4797 1713 4833 σα
1721 4798 1836 4851 μω-

260 4859 429 4944 ναίουῗ
446 4861 667 4928 παίδων,
685 4863 776 4928 οὓς
793 4868 824 4936 ἡ
846 4866 1031 4938 Γραφὴ
1046 4868 1435 4935 Μακκαϐαίους
1453 4871 1513 4940 (f.
1528 4873 1615 4941 41)
1633 4874 1841 4944 ὠνόμα-

261 4966 377 5014 σεν,
406 4943 708 5024 ὧνπρῶτος
741 4956 1163 5027 ἀρχιεράτευσεν
1205 4959 1400 5025 Ἰούδας
1422 4963 1449 5014 ὁ
1477 4943 1838 5027 Μακκαϐαῖος

258 5041 599 5115 ἐπικληθεὶς,
615 5047 673 5110 ὃς
693 5048 786 5100 καὶ
802 5048 1153 5123 καθηγήσατο
1166 5052 1258 5106 τοῦ
1275 5053 1403 5108 λαοῦ
1428 5055 1552 5119 τοὺς
1568 5055 1836 5126 Ἀντιόχου

258 5139 687 5209 τροπωσάμενος
735 5145 1093 5216 στρατηγούς.
1129 5146 1266 5202 Μεθ’
1291 5146 1349 5200 ὃν
1390 5147 1642 5220 Ἰωνάθης
1682 5147 1835 5202 ἁδελ-

260 5226 363 5293 φὸς
393 5228 559 5285 αὐτοῦ
583 5230 719 5301 ὁμοῦ
747 5232 844 5302 τὴν
868 5235 1278 5310 ἀρχιερωσύνην
1324 5239 1416 5292 καὶ
1461 5238 1558 5310 τὴν
1583 5237 1680 5293 τοῦ
1704 5238 1834 5292 λαοῦ

258 5318 613 5391 διαλαμϐάνει
659 5326 993 5395 προστασίαν
1014 5344 1028 5358 ο
1071 5329 1165 5382 καὶ
1196 5327 1352 5395 αὖθις
1388 5330 1577 5385 τούτου
1612 5329 1837 5400 ἀδελφὸς

260 5413 446 5485 Σίμων
473 5414 783 5489 ἀρχιερεὺς,
814 5418 931 5490 μεθ’
961 5419 1021 5474 ὃν
1061 5422 1343 5495 Ὑρκανὸς,
1381 5424 1497 5503 μεθ’
1524 5424 1583 5487 ὃν
1613 5426 1833 5494 Ἰούδας,

332 5569 397 5604 ³¹“
440 5569 600 5637 Joan,
630 5590 693 5642 ιι,
721 5573 808 5629 ΞΟ.
888 5575 935 5607 ³³
972 5574 991 5629 l
1026 5576 1271 5633 Machab.
1297 5598 1331 5635 l.

327 5726 410 5799 (1)
436 5725 661 5803 ἔοεεριι.
689 5733 848 5793 Arch.
876 5753 954 5802 ιι,
984 5737 1038 5801 4,
1070 5737 1123 5793 8.

1875 4555 1920 4612 D

1948 4602 2069 4641 mus
2101 4586 2202 4641 fuit
2231 4587 2509 4651 sacerdos,
2545 4597 2667 4657 post
2690 4604 2852 4658 quem
2883 4587 3189 4659 Hyrcanus,
3216 4598 3339 4662 post
3361 4607 3521 4661 quem

1943 4676 2133 4745 ludas,
2173 4681 2265 4750 qui
2297 4689 2350 4734 et
2378 4680 2726 4735 Aristobulus
2757 4681 2959 4744 dictus,
2991 4692 3376 4738 successerunt
3398 4684 3521 4753 :qui

1945 4772 2157 4842 primus
2203 4787 2417 4827 summo
2448 4774 2757 4829 sacerdotio
2785 4788 3059 4845 regumque
3090 4774 3339 4830 diadema
3374 4776 3524 4845 adje-

1945 4865 2042 4918 cit.
2072 4862 2204 4921 Post
2234 4881 2357 4920 eum
2386 4881 2602 4920 summo
2628 4864 2937 4920 sacerdotio
2967 4866 3128 4921 simul
3160 4874 3213 4921 et
3244 4866 3390 4937 regia
3425 4882 3520 4936 po-

1947 4963 2143 5011 testate
2192 4966 2436 5028 accepta,
2476 4957 2802 5020 Alexander,
2833 4958 3157 5013 succedente
3181 4959 3230 5012 ei
3264 4959 3517 5028 conjuge,

1947 5058 2197 5104 mortuus
2223 5059 2328 5106 est.
2361 5049 2514 5105 Tunc
2540 5051 2823 5120 completis
2863 5066 2983 5121 quae
3010 5050 3214 5106 Danieli
3248 5050 3523 5121 praedictae

1946 5142 2165 5196 fuerunt
2198 5142 2649 5208 hebdomadibus,
2677 5143 2943 5212 imperare
2966 5142 3222 5197 desinunt
3246 5141 3522 5211 principes

1944 5252 1976 5291 ο
2023 5236 2400 5292 sacerdotibus
2438 5237 2807 5307 cognominati
2864 5236 3087 5303 Christi;
3149 5243 3208 5289 ut
3266 5235 3521 5290 ostende-

1945 5344 2094 5388 retur
2120 5333 2233 5387 haec
2261 5333 2425 5388 verba
2452 5350 2471 5383 ι
2494 5347 2669 5402 usque
2695 5331 2759 5386 ad
2775 5331 3047 5386 christum
3067 5330 3294 5385 ducem»
3315 5329 3379 5384 ad
3398 5329 3520 5384 illas

1943 5424 2316 5481 hcbdomades
2343 5432 2625 5495 spectare;
2653 5422 2811 5495 quasi
2841 5421 3186 5481 manifestius
3208 5421 3516 5478 diceretur:

2029 5739 2103 5813 (2)
2139 5737 2359 5812 Ioseph.
2391 5739 2570 5811 Antig.
2609 5756 2702 5806 xx,
2738 5741 2818 5809 l0,
2847 5742 2901 5798 3.
