4096 6412
565 335 705 391 H83

1253 330 1521 389 EUSEBII
1554 330 2032 391 CESARIENSiS
2068 329 2218 389 OPP.
2259 329 2458 390 PARS.
2497 332 2586 392 Ill.
2623 364 2693 374 —
2728 330 3135 388 EXEGETICA.

3668 332 3807 387 “8!

562 447 766 502 Novem
812 453 868 503 et
907 446 1187 518 sexaginta
1228 446 1447 507 efﬂuent
1477 446 1875 514 hebdomades,
1931 447 2136 505 scilicet

2240 451 2269 505 ό
2300 448 2859 521 καὶεἋριστόϐουλος,
2892 447 3222 519 διαδέχεταιο
3252 446 3346 500 καῖ⁵
3372 445 3587 518 πρῶτος
3611 445 3706 499 ἐπὶ
3738 449 3807 517 τῇ

563 540 727 593 trium
768 544 822 594 et
869 538 1145 608 octoginta
1184 545 1238 592 et
1293 536 1814 608 quadringentorum
1866 552 2134 595 annorum

561 633 835 701 spatium,
892 630 948 685 in
1001 645 1115 700 quo
1166 629 1406 687 christus
1455 644 1814 700 summusque
1879 629 2138 685 sacerdos

561 724 681 777 vice
727 720 986 776 continua
1046 719 1155 775 dux
1216 720 1401 790 populi
1453 721 1614 775 rebus
1663 721 1898 791 praeerit.
1960 720 2137 791 Atque

562 813 729 883 igitur
757 812 980 867 cuilibet
1009 810 1358 868 manifestum
1384 811 1600 868 videtur
1633 812 1702 868 iis
1751 827 1874 882 quae
1909 811 2137 866 demon-

561 904 854 961 stravimus
883 913 962 959 tot
987 904 1204 974 elapsos
1235 902 1409 959 fuisse
1434 919 1609 959 annos
1634 919 1665 958 a
1710 903 1853 975 Cyro
1897 904 1963 959 ad
2004 904 2136 959 Ale-

561 994 752 1050 xandri
788 1002 1040 1058 mortem,
1077 993 1252 1048 ultimi
1274 1010 1305 1049 e
1325 993 1556 1050 summis
1580 994 1958 1051 sacerdotibus
1986 994 2140 1066 prin-

562 1088 719 1159 cipis.
754 1088 872 1142 Hoc
903 1086 1050 1141 enim
1081 1095 1296 1141 mortuo
1326 1087 1443 1141 sola
1464 1087 1705 1142 omnium
1746 1102 1918 1157 usque
1944 1087 2011 1142 ad
2035 1088 2139 1143 hoc

562 1179 826 1250 temporis
873 1179 1069 1233 mulier
1114 1177 1293 1248 gentis
1345 1177 1581 1232 obtinuit
1622 1193 1870 1249 regnum.
1918 1177 1991 1233 Ex
2027 1192 2138 1249 quo

561 1270 870 1327 Judzeorum
905 1268 1244 1340 principatus
1272 1268 1435 1325 simul
1477 1277 1531 1323 et
1576 1285 1850 1324 summum
1882 1270 2139 1325 sacerdo-

561 1364 731 1424 tium,
777 1360 926 1431 prius
975 1360 1268 1429 copulata.
1317 1367 1661 1428 separantur.
1709 1360 1948 1431 Accepto
1990 1360 2136 1416 enim

559 1454 869 1509 Alexandra
926 1453 1182 1522 imperio,
1240 1466 1513 1507 summum
1571 1452 1683 1507 lilio
1736 1468 1837 1509 suo
1885 1451 2138 1524 Hyrcano

562 1541 926 1597 sacerdotium
980 1539 1246 1602 tradidit,
1303 1548 1359 1595 et
1419 1550 1543 1611 post
1609 1557 1803 1599 novem
1862 1558 2131 1598 annorum

560 1649 788 1704 regnum
832 1634 983 1688 obiit.
1022 1632 1227 1689 Deinde
1270 1632 1651 1699 Aristobulus,
1688 1636 1827 1693 alius
1861 1637 1978 1707 ipse
2023 1637 2137 1707 ple.

560 1738 793 1791 rumque
820 1737 943 1777 cum
976 1722 1144 1778 fratre
1169 1723 1408 1796 litigatis,
1445 1725 1595 1782 illum
1635 1741 1849 1782 summo
1880 1726 2136 1782 sacerdo-

2236 539 2607 612 ἀρχιερωσύνῃ
2653 543 2747 594 καὶ
2781 540 3024 611 βασιλείᾳ
3069 538 3348 610 περιέθετο
3383 537 3642 610 διάδημα.
3671 537 3808 591 Μεθ’

2235 631 2293 685 δν
2324 632 2423 703 τὴν
2447 632 2856 707 ἀρχιερωσύνην
2886 631 3021 702 ὁμοῦ
3055 632 3149 685 καὶ
3182 630 3284 702 τὴν
3318 629 3592 701 βασιλείαν
3627 645 3811 702 παρα-

2236 724 2414 780 λαϐὼν
2451 726 2792 798 Ἀλέξανδρος
2818 727 2910 779 ἐπὶ
2933 724 3162 795 διαδόχῳ
3191 722 3410 793 γυναικὶ
3444 723 3707 793 τελευτᾷο
3751 723 3814 774 ὲν

2234 810 2279 884 ᾧ
2310 817 2418 871 τῶν
2459 819 2516 871 ὲν
2556 818 2634 889 τῷ
2672 818 2870 889 Δανιὴλ
2897 814 3384 888 συμπερασθεισῶν
3420 814 3731 885 ἑϐδομάδων
3760 812 3814 866 oi

2237 908 2297 975 ἐξ
2320 909 2506 980 ἱερέων
2535 909 2790 980 ἄρχοντες
2817 908 3026 980 χριστοὶ
3061 906 3587 979 προσαγορευόμενοι
3612 904 3816 959 διαλεί-

2237 1018 2429 1055 πουσιν
2447 1017 2462 1030 ·
2491 998 2630 1055 ὥστε
2651 999 2843 1071 δηλοῦν
2869 999 2931 1052 τὸ
2960 999 3168 1069 φάσκον
3195 996 3392 1066 λόγιον,
3418 1015 3436 1047 ι
3460 997 3562 1061 ἕως
3586 997 3813 1069 χριστοῦ

2238 1093 2563 1165 ἡγουμένου,
2594 1112 2613 1144 ι
2649 1091 2873 1147 τοσάσδε
2918 1089 3137 1144 ἔσεσθαι
3182 1088 3508 1160 ἑϐδομάδας·
3540 1089 3674 1143 ὡσεὶ
3717 1106 3816 1145 σα-

2238 1186 2497 1257 φέστερον
2546 1186 2777 1255 εἰρήκει,
2809 1182 2853 1237 θ’
2878 1182 2972 1236 καὶ
3006 1181 3047 1249 ξ’
3075 1180 3440 1235 διελεύσεσθαι
3481 1180 3616 1234 ἐτῶν
3659 1181 3815 1236 €660-

2240 1277 2432 1349 μάδας,
2461 1275 2607 1329 τοῦτ’
2633 1275 2746 1328 ἐστι
2779 1271 3089 1345 χρόνωνζον)
3113 1279 3162 1342 γ’
3182 1272 3274 1327 καὶ
3301 1279 3353 1325 π’
3385 1272 3477 1325 καλ⁸
3501 1279 3545 1325 υ¹
3572 1272 3732 1339 ἑτῶν,
3754 1275 3815 1327 ὲν

2236 1361 2280 1438 ᾧ
2306 1368 2526 1440 χριστός
2560 1384 2641 1432 τις
2673 1366 2767 1420 καὶ
2789 1367 3078 1438 ἀρχιερεὺς
3122 1362 3264 1418 κατὰ
3294 1363 3539 1435 διαδοχὴν
3572 1363 3816 1434 ἡγούμε-

2236 1479 2324 1525 νος
2363 1460 2470 1514 τῶν
2507 1458 2601 1513 τοῦ
2630 1457 2760 1512 λαοῦ
2802 1460 3164 1531 προστήσεται
3212 1456 3570 1526 πραγμάτων.
3606 1455 3718 1508 Καὶ
3748 1455 3814 1527 δὴ

2237 1551 2399 1605 παντί
2444 1568 2522 1623 τῳ
2566 1550 2731 1619 σαφὲς
2760 1551 2826 1603 ὲκ
2842 1548 2950 1602 τῶν
2984 1545 3507 1619 προπαρατεθέντων
3537 1546 3692 1617 ἡμῖν,
3736 1546 3816 1609 to;

2235 1641 2488 1706 τοσοῦτος
2525 1640 2659 1694 ἐτῶν
2698 1639 2929 1711 ἀριθμὸς
2965 1638 3074 1692 τῶν
3104 1637 3211 1692 ἀπὸ
3244 1637 3427 1709 Κύρου
3454 1637 3548 1691 καὶ
3590 1638 3683 1690 ἐπὶ
3713 1637 3816 1709 τὴν

2235 1732 2489 1804 τελευτὴν
2533 1729 2877 1802 Ἀλεξάνδρου
2911 1728 3005 1782 τοῦ
3045 1726 3276 1781 ὑστάτου
3320 1726 3498 1781 αὐτῶν
3535 1728 3817 1798 ἡγησαμέ⁶

561 1814 639 1869 tio
669 1815 888 1884 spoliat,
916 1826 970 1870 et
995 1816 1113 1884 ipse
1142 1826 1267 1886 post
1305 1825 1415 1872 tros
1444 1833 1618 1890 annos
1658 1834 1828 1888 regno
1867 1819 2136 1890 dejicitur.

2240 1842 2332 1879 νου
2358 1823 2659 1896 ἀρχιερέως
2685 1822 3036 1893 παρίσταται.
3062 1818 3196 1874 Μεθ’
3218 1819 3275 1872 ὃν
3302 1819 3438 1890 μόνη
3460 1818 3567 1872 τῶν
3592 1818 3815 1872 πώποτε

559 1904 833 1961 Continuo
863 1905 1230 1962 Romanorum
1262 1907 1373 1962 dux
1405 1906 1695 1980 Pompeius
1724 1911 2134 1980 superveniens,

562 1994 868 2053 Jerusalem
891 1998 943 2052 vi
976 1988 1276 2070 oppugnat,
1309 2007 1609 2071 sanctaque
1636 2002 1846 2072 polluit,
1877 2018 2049 2073 usque
2070 2002 2137 2058 ad

562 2086 724 2158 adyta
782 2088 968 2159 templi
1006 2104 1364 2159 progressus,
1410 2091 1793 2162 captivumque
1846 2107 1969 2147 cum
2012 2092 2139 2150 [iliis

559 2179 936 2236 Aristobulum
981 2180 1210 2236 Romam
1255 2182 1497 2237 abducit.
1548 2182 1682 2238 Dein
1734 2190 1788 2238 et
1825 2182 2074 2255 Hyrcano
2106 2199 2137 2239 a

561 2270 780 2328 Parthis
818 2272 874 2328 in
907 2274 1274 2344 captivitatem
1331 2273 1529 2338 ducto,
1558 2272 1871 2329 Iudaeorum
1911 2291 2135 2346 regnum

562 2366 774 2435 primus
820 2380 850 2421 e
887 2365 1140 2436 gentibus
1172 2364 1411 2421 Herodes
1458 2380 1489 2419 a
1527 2364 1897 2423 Romanorum
1946 2379 2136 2423 senatu

524 2459 529 2462 ’
562 2455 793 2525 accepit.
836 2453 906 2510 Ut
934 2455 1102 2511 refert
1128 2454 1396 2527 Josephus
1429 2454 1544 2528 (ί),
1603 2454 1872 2515 Idumaeos
1913 2469 2138 2530 paterno

560 2555 679 2602 erat
706 2561 936 2617 genere,
976 2546 1150 2602 Arabs
1184 2562 1313 2602 vero
1343 2557 1607 2603 materno.
1641 2549 1718 2619 (2)
1757 2549 1953 2605 Narrat
1990 2551 2139 2606 Atri-

562 2655 735 2695 canus
758 2655 867 2693 non
908 2640 1078 2694 multo
1108 2653 1265 2711 post:
1315 2661 1333 2692 ε
1373 2638 1615 2706 Ferunt,
1660 2642 1752 2713 qui
1804 2643 1925 2713 ejus
1970 2644 2138 2716 origi-

561 2747 686 2786 nem
711 2742 965 2787 accurate
998 2734 1433 2801 inquisiverunt,
1468 2734 1807 2805 Antipatrem
1834 2735 1949 2807 (qui
1985 2744 2138 2807 pater

560 2824 680 2893 ejus
698 2823 867 2880 fuisse
885 2824 1239 2895 perhibetur),
1259 2826 1540 2896 cujusdam
1564 2826 1792 2883 Herodis
1818 2828 2139 2884 Ascalonita:

565 2916 758 2984 lilium,
789 2918 955 2972 unius
979 2933 1044 2972 ex
1080 2918 1348 2989 Apollinis
1371 2919 1556 2989 templi
1577 2918 1801 2975 servis.»
1832 2918 1952 2986 Quo
1975 2919 2138 2991 igitur

560 3006 869 3064 Iudaeorum
902 3025 1127 3080 regnum
1170 3018 1462 3066 consecuto
1486 3052 1502 3077 ,
1535 3011 1752 3080 impleta
1780 3019 1863 3067 est
1889 3019 2003 3066 tum
2034 3026 2140 3067 cae-

562 3110 800 3155 trrorum
863 3101 1282 3172 prOphetarum,
1344 3112 1454 3156 tum
1508 3104 1779 3174 praecipue
1830 3103 1945 3158 haec
1993 3103 2137 3174 apud

2236 1916 2297 1970 τὸ
2328 1913 2624 1985 τηνικαῦτα
2647 1913 2783 1986 γυνὴ
2819 1912 2918 1984 τὴν
2941 1911 3036 1965 τοῦ
3063 1910 3247 1975 ἔθνους
3279 1909 3550 1981 βασιλείαν
3578 1910 3815 1982 διαλαμ-

2237 2008 2407 2073 ϐάνει,
2436 2006 2494 2074 ἐξ
2520 2003 2587 2081 ἧς
2610 2005 2744 2077 ὁμοῦ
2775 2005 2846 2059 τά
2874 2022 2933 2058 τε
2956 2004 3058 2074 τῆς
3084 2002 3350 2057 Ἰουδαίων
3376 2003 3697 2073 ἡγεμονίας,
3721 2003 3817 2056 καὶ

2236 2099 2306 2155 τὰ
2328 2102 2426 2169 τῆς
2455 2100 2519 2152 ὲκ
2547 2098 2827 2169 προγόνων
2860 2094 3137 2159 εὐσταθῶς
3162 2093 3458 2166 προῐούσης
3479 2094 3817 2165 ἀρχιερωσύ-

2236 2209 2334 2263 νης
2391 2194 2685 2261 συγχεῖται.
2722 2187 3061 2243 Διαλαϐοῦσα
3102 2187 3234 2257 γοῦν
3285 2188 3318 2260 ἡ
3364 2186 3816 2259 προδεδηλωμένη

2235 2282 2334 2355 τὴν
2363 2282 2557 2354 ἀρχὴν,
2588 2283 2686 2354 τὴν
2713 2282 2811 2353 μὲν
2840 2280 3250 2355 ἀρχιερωσύνην
3275 2278 3523 2353 Ὑρκανῷ
3553 2278 3632 2350 τῷ
3661 2278 3818 2333 παιᾶ

2235 2375 2470 2439 δίδωσιν,
2500 2374 2638 2445 αὐτὴ
2667 2374 2724 2427 δὲ
2751 2372 2847 2445 τὴν
2871 2371 3145 2444 βασιλείαν
3171 2372 3265 2444 ἐτη
3293 2372 3336 2426 θ’
3361 2373 3711 2443 κατασχοῦσα
3736 2389 3818 2426 τεο

2236 2463 2418 2536 λευτᾷ.
2453 2463 2587 2518 Μεθ’
2614 2465 2680 2534 ἢν
2722 2460 3145 2537 Ἀριστόϐουλος,
3176 2462 3361 2534 ἕτερος
3390 2462 3552 2526 αὐτὸς
3587 2461 3819 2516 πλεῖστα

2239 2556 2535 2622 στασιάσας
2572 2556 2707 2628 πρὸς
2731 2556 2820 2609 τὸν
2850 2554 3096 2625 ἀδελφὺν,
3130 2556 3334 2608 ἐκεῖνον
3367 2554 3463 2625 μὲν
3490 2554 3590 2626 τὴν
3629 2556 3821 2625 ἀρχιε-

2241 2649 2483 2722 ρωσύνην
2532 2649 2867 2719 ἀφαιρεῖται,
2893 2646 3053 2710 αὐτὸς
3099 2645 3154 2700 δὲ
3202 2645 3337 2718 πρὸς
3379 2645 3551 2720 ταύτῃ
3582 2647 3677 2700 καὶ
3715 2646 3823 2717 τῆς

2239 2741 2514 2813 βασιλείας
2582 2739 2718 2812 μετά
2775 2740 2955 2811 τρίτον
2996 2738 3114 2802 έτος
3159 2738 3476 2792 ἀποπίπτει.
3524 2737 3819 2809 Ῥωμαίων

2236 2829 2345 2901 γὰρ
2386 2828 2579 2883 αὐτίκα
2632 2829 2933 2900 στρατηγὸς
2968 2829 3248 2900 Πομπήϊος
3296 2827 3546 2893 ἐπιστὰς,
3573 2828 3671 2899 τὴν
3712 2828 3817 2900 μὲν

2249 2918 2600 2991 Ἰερουσαλὴμ
2631 2920 2772 2973 κατὰ
2824 2919 3022 2991 κράτος
3074 2918 3370 2991 πολιορκεῖ,
3400 2919 3602 2989 μιαίνει
3638 2936 3697 2972 τε
3744 2919 3815 2973 τά

2239 3009 2369 3078 am
2416 3008 2576 3080 μέχρι
2606 3008 2713 3062 τῶν
2742 3008 2950 3063 ἀδύτων
2986 3009 3079 3064 τοῦ
3125 3009 3270 3081 ίεροῦ
3302 3008 3598 3081 προελθὼν,
3632 3009 3726 3062 τὸν
3758 3010 3816 3065 δὲ

2251 3102 2652 3175 Ἀριστόϐουλον
2682 3102 2899 3173 δέσμιον
2925 3102 3017 3155 ἐπὶ
3061 3101 3278 3173 Ῥώμης
3298 3102 3415 3174 ἅμα
3436 3103 3647 3166 τέκνοις
3683 3105 3820 3157 ἁνα-

564 3192 800 3264 Moyscm
822 3191 1007 3258 Jacobi
1033 3193 1344 3264 prmdictio:
1374 3212 1392 3246 ι
1422 3193 1539 3249 Non
1563 3194 1839 3250 auferetur
1860 3203 2132 3266 sceptrum

2238 3196 2471 3267 πέμπεν
2500 3195 2616 3266 μεθ’
2633 3193 2691 3247 ὃν
2721 3194 2918 3247 καὶτοῦ
2948 3194 3211 3265 Ὑρκανοῦ
3230 3194 3335 3247 ὑπὸ
3353 3193 3584 3267 Πάρθων
3610 3197 3817 3267 αἰχμα-

563 3282 631 3339 de
661 3280 821 3347 Juda,
852 3292 906 3340 et
955 3285 1060 3340 dux
1096 3285 1163 3341 de
1212 3285 1415 3341 femore
1449 3286 1590 3355 ejus,
1620 3285 1793 3342 donec
1828 3288 2011 3343 veniat
2041 3287 2136 3356 qui

563 3375 861 3431 mittendus
888 3384 1005 3444 est;
1035 3387 1087 3432 et
1118 3378 1232 3447 ipse
1248 3378 1349 3432 erit
1367 3378 1703 3448 exspectatio
1724 3378 1966 3450 gentium
1998 3378 2063 3433 3".
2111 3397 2130 3431 ›

562 3466 725 3537 Atqui
756 3467 1102 3522 manifestum
1146 3477 1229 3523 est
1277 3469 1392 3524 sive
1422 3469 1701 3536 historiis,
1747 3470 1862 3525 sive
1909 3469 1976 3525 iis
2017 3485 2138 3540 quae

562 3557 870 3622 retulimus,
896 3574 1069 3628 usque
1104 3559 1170 3612 ad
1201 3558 1486 3623 Herodem,
1519 3574 1629 3629 quo
1676 3570 1935 3632 regnante
1973 3570 2136 3618 natus

563 3655 649 3703 est
696 3648 986 3713 Christus,
1019 3650 1186 3704 totius
1219 3650 1397 3719 gentis
1431 3661 1704 3721 sceptrum
1745 3667 1852 3705 non
1894 3652 2136 3707 ablatum

565 3738 737 3795 fuisse
763 3739 830 3796 de
854 3739 1112 3796 Hebraeis.
1141 3738 1322 3795 Primo
1353 3740 1519 3811 igitur
1548 3755 1616 3797 ex
1641 3742 1816 3798 aliena
1846 3751 2005 3814 gente
2051 3760 2137 3801 re—

565 3839 766 3904 gnante
792 3829 1024 3894 Herode,
1059 3832 1316 3887 continuo
1344 3829 1549 3887 Christi
1581 3831 1887 3889 incarnatio
1916 3833 2136 3904 impleta

564 3929 668 3984 est,
714 3920 1060 3991 gentiumque
1108 3922 1467 3992 praenuntiata
1510 3925 1885 3994 exspectatio,
1941 3924 2137 3979 diﬂ'usa

565 4025 662 4082 per
712 4026 926 4066 onmem
992 4021 1206 4083 gentem
1263 4011 1562 4069 Salvatoris
1614 4015 1787 4070 nostri
1855 4014 2135 4082 doctrina,

565 4116 754 4159 revera
786 4106 1153 4159 consummari
1187 4108 1368 4176 coepit.
1422 4106 1574 4163 Tunc
1604 4117 1657 4162 et
1709 4105 1969 4167 Danielis.
2014 4114 2137 4176 post

569 4195 932 4251 hebdoniades
964 4195 1030 4251 de
1055 4198 1254 4267 quibus
1285 4199 1672 4264 disseruimus,
1721 4200 1924 4254 exitum
1949 4200 2139 4256 habuit

565 4285 868 4359 praedictio,
899 4287 1086 4343 dicens
1111 4307 1124 4343 :
1168 4307 1186 4340 ι
1214 4291 1281 4344 Et
1312 4298 1434 4361 post
1467 4290 1832 4345 hebdomadcs
1857 4292 2137 4360 sexaginta

563 4380 704 4434 duas
731 4379 1008 4434 occidetur
1036 4380 1311 4443 Christus,
1339 4390 1392 4436 et
1413 4381 1679 4450 judicium
1710 4396 1818 4435 non
1847 4390 1931 4436 est
1962 4382 2014 4435 in
2046 4396 2132 4437 eo.

2238 3285 2407 3340 λώτου
2436 3285 2710 3356 ἀχθέντος,
2737 3283 2832 3356 τὴν
2866 3284 3007 3338 κατά
3055 3283 3318 3338 Ἰουδαίων
3355 3283 3632 3355 βασιλείαν
3661 3285 3819 3357 πρῶο

2235 3392 2328 3440 τος
2356 3373 2415 3439 ἐξ
2444 3374 2610 3428 ἐθνῶν
2637 3371 2880 3446 Ἡρώδης
2908 3373 3060 3445 ποιρά
3077 3372 3176 3444 τῆς
3202 3373 3502 3444 συγκλήτου
3529 3374 3818 3445 Ῥωμαίων

2236 3466 2598 3538 ἐγχειρίζεται
2618 3483 2631 3497 °
2667 3466 2741 3531 ὡς
2779 3467 2874 3538 μὲν
2902 3468 2931 3518 ό
2966 3464 3225 3538 Ἰώσηπος
3254 3466 3637 3537 παραδίδωσιν.
3656 3467 3819 3521 Ἰδου-

2240 3563 2398 3630 μαῖος
2446 3559 2587 3611 κατὰ
2638 3558 2850 3631 πατέρα
2890 3557 2951 3611 τὸ
2992 3558 3146 3627 γένος
3194 3558 3556 3630 ῶν,Ἀράϐιος
3586 3559 3645 3612 δὲ
3672 3560 3818 3614 κατὰ

2240 3651 2469 3722 μητέρα·
2489 3649 2564 3713 ώς
2591 3648 2635 3702 δ’
2657 3651 2685 3702 ὁ
2714 3649 3055 3720 Ἀφρικανὸς,
3077 3644 3137 3703 οὗ
3172 3648 3351 3721 μικρῴ
3379 3649 3613 3720 πρόσθεν
3646 3650 3819 3721 ἐμνή-

2239 3742 2464 3813 σθημεν·
2508 3761 2525 3793 ι
2557 3740 2722 3794 Φασὶν
2765 3740 2813 3793 οἱ
2846 3739 2914 3793 τὰ
2965 3740 3085 3792 κατ’
3113 3740 3274 3793 αὑτὸν
3309 3739 3659 3813 ἀκριϐοῦντες
3694 3740 3818 3793 Ἀν-

2236 3832 2496 3905 τίπατρον
2542 3831 2760 3903 (τοῦτον
2806 3832 2852 3885 δ’
2884 3827 3022 3885 εἶναι
3068 3831 3214 3903 αὐτῷ
3257 3830 3499 3903 πατέρα)
3566 3830 3815 3903 Ἡρώδου

2235 3925 2379 3989 τινὸς
2415 3922 2803 3978 Ἀσκαλωνίτου
2831 3923 2938 3978 τῶν
2975 3925 3102 3996 περὶ
3130 3924 3218 3977 τὸν
3248 3923 3383 3977 νεὼν
3414 3924 3507 3978 τοῦ
3546 3924 3821 3978 Ἀπόλλω-

2236 4033 2326 4080 νος
2353 4015 2664 4089 ἱεροδούλων
2692 4014 2993 4085 γεγονέναι.
3026 4037 3043 4067 ι
3090 4016 3185 4080 Εἰς
3226 4016 3288 4087 δὴ
3329 4012 3420 4069 οῦν
3447 4017 3539 4071 τὸν
3571 4017 3819 4073 τοιοῦτον

2237 4106 2336 4180 τῆς
2378 4108 2643 4161 Ἰουδαίων
2669 4106 3054 4179 περιελθούσης
3083 4108 3274 4180 ἀρχῆς,
3303 4109 3360 4161 ἐν
3402 4126 3470 4161 τα
3503 4108 3628 4181 (sic)
3662 4110 3818 4181 αὐτῷ

2240 4199 2376 4270 μετά
2408 4199 2515 4252 τῶν
2545 4199 2716 4253 ἄλλων
2746 4198 3038 4271 προφητῶν
3064 4199 3157 4252 καὶ
3185 4200 3217 4270 ἠ
3247 4198 3397 4271 παρά
3409 4201 3635 4255 Μωῦσεί
3658 4218 3824 4274 φερο-

2240 4287 2376 4358 μένη
2415 4287 2509 4340 τοῦ
2549 4287 2737 4341 Ἰακὼϐ
2768 4286 3063 4360 πληροῦται
3091 4289 3425 4361 πρόρρησις·
3459 4309 3477 4342 ι
3507 4292 3620 4344 Ούκ
3640 4291 3822 4345 ἐκλεί-

2234 4379 2324 4449 ψει
2351 4380 2531 4451 ἄρχων
2547 4378 2607 4445 ἐξ
2646 4380 2812 4434 ’ἰούδα
2835 4399 2853 4432 ο
2880 4380 3118 4450 φήσασα,
3142 4398 3162 4432 t
3186 4382 3279 4433 καὶ
3300 4380 3599 4452 ἡγούμενος
3628 4385 3690 4435 ὲκ
3705 4383 3822 4438 τῶν

565 4469 632 4524 Et
660 4471 931 4525 civitatem
960 4480 1011 4526 et
1039 4472 1409 4526 sanctuarium
1437 4473 1721 4542 dissipabit
1751 4472 1983 4542 populus
2011 4488 2133 4526 cum

2245 4468 2434 4541 μηρῶν
2470 4469 2658 4532 αὐτοῦ,
2688 4470 2791 4534 ἕως
2823 4469 2889 4524 ἂν
2922 4470 3050 4545 έλθῃ
3174 4471 3490 4527 ἀπόκειται·
3521 4474 3616 4526 καὶ
3650 4473 3819 4537 αύτὲς

564 4560 705 4617 duce
736 4571 1001 4616 venturo:
1035 4568 1089 4616 et
1128 4562 1251 4617 ﬂuis
1283 4562 1404 4633 ejus
1430 4537 1678 4626 vastitas,
1711 4537 1768 4618 et
1811 4537 1935 4634 post
1977 4563 2136 4618 linem

2244 4537 2537 4632 προσδοκία
2568 4560 2755 4615 ἐθνῶν.
2787 4579 2804 4612 ι
2844 4561 2954 4615 Καὶ
2987 4537 3250 4633 πρόδηλόν
3273 4577 3338 4629 γε
3364 4560 3426 4615 ἐκ
3454 4579 3512 4615 τε
3541 4561 3653 4614 τῶν
3681 4562 3823 4617 ἱστο-

565 4654 693 4710 belli
722 4662 925 4711 statuta
959 4654 1245 4710 desolatio.
1283 4674 1301 4707 ι

2248 4652 2399 4724 ριῶν,
2431 4652 2526 4706 καὶ
2574 4653 2681 4706 τῶν
2729 4654 2858 4724 ἡμῖν
2911 4652 3343 4725 παρατεθέντων,
3382 4655 3463 4707 ὅτι
3503 4654 3569 4725 δὴ
3618 4653 3821 4727 μέχρις

577 4748 839 4822 Ἡρώδου,
872 4748 993 4803 καθ’
1019 4748 1078 4802 ὃν
1106 4752 1134 4804 ὁ
1166 4750 1400 4823 Χριστὸς
1423 4751 1761 4823 γεγέννηται,
1789 4752 1848 4804 οὐ
1875 4750 2137 4805 διέλειπεν
2172 4752 2205 4821 ἡ
2251 4748 2310 4813 ἐξ
2350 4748 2527 4803 αὐτῶν
2599 4747 2863 4820 Ἐϐραίων
2916 4748 3058 4802 κατά
3106 4747 3167 4818 (ΐ.
3194 4748 3257 4802 41
3290 4749 3366 4821 v°)
3406 4748 3652 4821 διαδοχὴν
3716 4749 3819 4804 τοῦ

567 4842 768 4906 παντὸς
798 4842 984 4906 ἔθνους
1027 4844 1388 4915 ἡγησαμένων
1422 4845 1588 4917 ἀρχή.
1627 4844 1851 4917 Πρώτου
1882 4844 1938 4897 δὲ
1967 4844 2026 4897 τὸ
2054 4843 2209 4912 γένος
2235 4840 2534 4910 ἀλλοφύλου
2568 4839 2982 4911 βασιλεύσαντος
3045 4840 3223 4895 αὐτῶν
3288 4839 3547 4912 Ἡρώδου,
3610 4841 3821 4895 αὐτίκα

570 4935 667 5005 μὲν
717 4935 812 4988 καὶ
839 4936 872 5005 ἡ
903 4934 998 4988 τοῦ
1028 4935 1265 5009 Χριστοῦ
1311 4937 1581 5010 παρουσία
1631 4934 1953 5008 πληροῦται,
1990 4934 2082 4988 καὶ
2110 4936 2143 5006 η
2182 4933 2290 4986 τῶν
2314 4932 2481 4986 ἐθνῶν
2509 4931 2966 5004 προθεσπισθεῖσα
2992 4932 3284 5004 προσδοκία
3344 4932 3430 4985 διὰ
3452 4934 3551 5003 τῆς
3578 4934 3658 4995 είς
3703 4933 3822 4986 πᾶν

565 5025 717 5091 ἔθνος
757 5025 1157 5099 διαδραμούσης
1198 5028 1292 5081 τοῦ
1336 5028 1586 5102 Σωτῆρος
1613 5028 1768 5100 ἡμῶν
1794 5027 2138 5092 διδασκαλίας
2174 5027 2318 5100 ἔργῳ
2346 5025 2710 5081 συντελεῖσθαι
2751 5025 2980 5099 ἣρξατω
3042 5026 3162 5079 τότε
3201 5027 3294 5080 καὶ
3322 5029 3357 5097 ἡ
3390 5029 3446 5079 ὲν
3480 5025 3555 5097 τῷ
3616 5025 3822 5097 Δανιὴλ

570 5118 708 5186 μετὰ
754 5119 853 5183 τὰς
902 5119 1287 5192 διαληφθείσας
1325 5123 1452 5192 ἡμῖν
1494 5122 1789 5194 ἑϐδομάδας
1837 5123 2138 5194 πρόρρησις
2177 5120 2625 5193 ὲπεσφραγίζετο,
2654 5120 2953 5189 φάσκουσα*
2995 5138 3013 5169 ι
3048 5120 3157 5172 Καὶ
3184 5119 3318 5189 μετὰ
3379 5120 3476 5183 τὰς
3514 5117 3821 5189 ἑϐδομάδας

566 5206 663 5272 τὰς
689 5208 764 5280 ξβ¹
789 5209 1294 5285 ὲξολοθρευθήσεται
1316 5214 1544 5284 χρίσμα,
1568 5216 1658 5269 καὶ
1686 5217 1857 5286 κρίμα
1878 5215 1977 5268 οὐκ
2001 5213 2145 5266 ἐστιν
2184 5214 2241 5266 ὲν
2275 5210 2449 5283 αύτῷ·
2487 5212 2581 5265 καὶ
2615 5211 2710 5282 τὴν
2743 5210 2895 5264 πόλιν
2929 5211 3023 5264 καὶ
3072 5209 3134 5263 τὸ
3176 5210 3327 5279 ἆγιον
3368 5209 3651 5282 διαφθερεῖ
3716 5212 3819 5262 σὺν

567 5297 646 5368 τῷ
670 5302 954 5373 ἡγουμένῳ
983 5303 1061 5376 τῷ
1102 5304 1412 5377 ἐρχομένῳσ
1484 5308 1578 5361 καὶ
1622 5308 1949 5378 κοπήσονται
1988 5309 2047 5361 ὲν
2104 5307 2471 5379 κατακλυσμῷ
2492 5349 2508 5375 ,
2548 5306 2642 5360 καὶ¹
2687 5307 2792 5370 ἕως
2837 5305 3023 5370 τέλους
3070 5304 3304 5377 πολέμου
3368 5303 3817 5376 συντετμημένου

569 5389 915 5461 ἀφανισμοῖς.
948 5411 968 5447 ›
1836 5398 1841 5403 ’

645 5495 666 5528 ι
704 5477 951 5544 Quodam
987 5482 1155 5553 igitur
1184 5485 1367 5553 modo,
1398 5488 1641 5559 priorum
1682 5489 1749 5547 de
1777 5488 1974 5561 quibus
1997 5502 2142 5545 men-

639 5593 687 5626 “
710 5592 848 5650 Gen.
877 5611 1025 5664 nix,
1065 5600 1151 5656 l0.

2325 5501 2343 5534 ι
2375 5481 2506 5536 Τίνα
2543 5481 2639 5553 μὲν
2670 5475 2763 5534 οὖν
2799 5480 2996 5551 τρόπον
3017 5482 3050 5551 η
3071 5479 3175 5534 τῶν
3207 5480 3614 5554 προρρηθεισῶν
3657 5482 3817 5542 ἑϐδοο

642 5734 717 5805 (ι)
742 5732 965 5804 Ioseph.
998 5736 1181 5806 Antiq.
1211 5755 1320 5806 xw,
1357 5740 1407 5806 7,
1437 5741 1489 5795 5.
2315 5738 2392 5804 (2)
2425 5737 2624 5795 Euseb.
2660 5737 2801 5793 Hist.
2843 5737 2969 5794 eccl.
3005 5752 3043 5803 ι,
3077 5736 3128 5800 7.
3157 5737 3212 5795 8.
