4096 6412
258 355 403 416 “85

1242 353 1537 412 ECLOGA?
1576 351 2051 411 PltOPHETlCAL'.
2090 386 2161 396 —-
2196 355 2326 411 LIB.
2363 355 2449 413 ill.

3358 358 3497 415 “86

265 474 447 546 μάδων
470 469 577 525 τῶν
593 487 651 525 τε
668 466 946 541 προτέρων
984 466 1132 541 [ν]ζ’,
1151 468 1365 524 καὶτῶν
1381 470 1472 524 ἐπὶ
1488 469 1712 534 ταύταις
1728 469 1826 540 ξβ’,

1941 470 2135 526 tionem
2183 472 2346 527 modo
2382 471 2632 536 fecimus,
2659 471 3057 529 hebdomadum
3111 471 3292 546 [1.]vu,
3334 487 3501 529 caete-

260 564 565 640 προφητεία
597 563 696 634 (1),
730 565 789 617 ὲν
824 556 913 626 αἶς
945 562 1085 617 κατά
1115 562 1213 633 τὴν
1243 562 1338 616 τοῦ
1371 563 1558 632 γένους
1581 563 1828 634 διαδοχὴν

260 658 527 731 προσήκει
567 654 971 726 διαλαμϐάνειν,
1011 655 1103 708 καὶ
1134 657 1199 727 τῇ
1244 653 1405 726 μέχρι
1450 655 1554 709 τῶν
1594 653 1828 728 Ἡρώδου

259 746 465 820 χρόνων
490 744 699 817 ἱστορίᾳ
722 743 953 816 δηλούσῃ
975 744 1099 808 τοὺς
1117 744 1257 798 κατὰ
1284 743 1529 816 διαδοχὴν
1556 746 1829 818 ἀρχιερεῖς

253 836 345 891 διὰ
374 836 556 907 πάσης
581 834 795 907 χριστός
817 851 899 898 τις
921 835 1013 888 καὶ
1044 836 1329 907 ἀρχιερεὺς
1352 837 1535 906 ἠγεῖτο
1560 834 1654 889 τοῦ
1675 835 1824 900 λαοῦ,

255 928 335 993 ὡς
363 928 452 982 διὰ
477 927 624 982 τουτὶ
659 925 907 998 είρῆσθαι
938 926 1015 997 τῷ
1039 926 1269 998 χρησμῷ
1300 926 1379 992 τὸ,
1417 947 1435 978 ι
1470 928 1574 992 ἓως
1605 929 1824 999 χριστοῦ

252 1017 585 1089 ἡγουμένου,
622 1035 641 1069 ι
678 1015 845 1087 πέρας
876 1015 1091 1088 εἴληφεν
1136 1017 1214 1080 είς
1250 1018 1374 1081 τοὺς
1413 1017 1553 1071 κατὰ
1584 1017 1827 1090 Ἡρώδην

258 1108 503 1181 χρόνους,
546 1108 623 1173 ώς
669 1106 893 1179 δύναμις
940 1108 1093 1179 ἡμῖν,
1124 1107 1437 1180 δεδήλωται.
1488 1107 1613 1173 Πῶς
1659 1109 1704 1162 δ’
1738 1111 1829 1163 ἐπὶ

254 1202 469 1265 τούτοις
516 1201 653 1273 μετά
684 1202 781 1273 τὴν
820 1197 1215 1274 συμπλήρωσιν
1256 1200 1350 1255 τοῦ
1396 1200 1829 1273 προδηλωθέντος

254 1291 368 1347 τῶν
388 1290 693 1362 ἑϐδομάδων
720 1289 911 1362 χρόνου
948 1310 967 1342 ι
1000 1288 1365 1365 ὲξωλοθρεύθη
1396 1292 1622 1363 χρίσμα,
1650 1292 1730 1346 ὅτι
1756 1293 1829 1365 μὴ

256 1386 436 1457 κρίμα
459 1380 528 1456 ἦν
554 1385 611 1438 ἐν
644 1383 811 1455 αὐτῷ,
848 1403 867 1435 ι
900 1383 1089 1455 ὥσπερ
1117 1384 1161 1437 δ’
1193 1380 1284 1438 οὖν
1316 1384 1376 1439 τὸ
1409 1384 1587 1455 λόγιον
1617 1387 1830 1459 μηνύει,

258 1480 524 1551 σημαῖνον
576 1479 658 1534 ὄτι
704 1476 842 1549 μετά
885 1477 1120 1548 κρίσεως
1165 1478 1383 1554 εύλόγου
1426 1479 1487 1533 τὸ
1524 1479 1732 1553 χρίσμα
1773 1480 1833 1534 τὸ

258 1570 402 1628 κατά
447 1571 545 1642 τὴν
574 1568 980 1641 ἀρχιερωσύνην
1014 1570 1106 1624 ἐπὶ
1142 1569 1235 1623 τοῦ
1268 1571 1592 1643 δηλουμένου
1640 1571 1833 1644 καιροῦ

259 1658 762 1731 συντελεσθήσεται,
807 1659 974 1728 σαφὲς
1016 1658 1082 1713 ἂν
1112 1660 1320 1727 γένοιτο
1365 1663 1477 1724 τοῖς
1511 1662 1834 1733 ἐπιστήσασι

257 1752 328 1823 τῇ
369 1767 426 1805 τε
452 1750 545 1804 τοῦ
576 1750 741 1819 νόμου
761 1747 1020 1814 διατάξει,
1041 1748 1119 1820 (ἐν
1146 1743 1283 1822 ᾖδιὰ
1309 1748 1425 1819 βίου
1454 1749 1646 1820 μέχρις
1667 1750 1834 1821 αὐτῆς

257 1841 513 1914 τελευτῆς
562 1839 957 1913 προστέτακται
987 1842 1086 1912 τὴν
1133 1840 1538 1914 ἀρχιερωσύνην
1586 1842 1710 1905 τοὺς
1754 1836 1834 1905 οἷς

262 1933 406 1989 κατά
427 1932 525 2004 τὴν
545 1930 638 1985 τοῦ
659 1931 848 2001 γένους
868 1930 1113 2002 διαδοχὴν
1129 1932 1393 2003 προσήκει
1408 1930 1833 2001 διαλαμϐάνειν),

263 2027 362 2079 καὶ
385 2025 448 2097 τῇ
495 2022 656 2094 μέχρι
689 2021 795 2075 τῶν
839 2019 1076 2094 Ἡρώδου
1103 2021 1307 2093 χρόνων
1336 2020 1566 2092 ἱστορίᾳ.
1606 2019 1838 2093 δηλούσῃ

256 2119 390 2181 τοὺς
416 2114 557 2170 κατὰ
603 2111 851 2185 διαδοχὴν
890 2114 1161 2186 ἀρχιερεῖς
1187 2111 1276 2166 διὰ
1319 2112 1497 2184 πάσης
1527 2113 1623 2183 τῆς
1659 2111 1837 2167 αὐτῶν

260 2208 410 2282 ζωῆς
429 2208 735 2272 ἀκολούθως
763 2211 830 2279 τῇ
859 2207 987 2279 περὶ
1026 2205 1204 2260 αὐτῶν
1234 2204 1524 2276 νομοθεσίᾳ
1554 2205 1649 2276 τῆς
1674 2199 1839 2274 τιμῆς

258 2298 545 2370 ἠξιῶσθαι.
590 2300 736 2362 ὅπως
764 2313 823 2350 τε
861 2297 979 2350 κατ’
1011 2295 1172 2350 αύτὺν
1207 2293 1449 2367 Ἡρώδην
1479 2294 1538 2347 οὐ
1576 2292 1732 2365 μόνον
1771 2294 1839 2348 τά

259 2389 365 2461 τῆς
399 2388 653 2459 τοιαύτης
685 2386 811 2459 περὶ
852 2386 977 2451 τοὺς
1009 2386 1282 2458 ἀρχιερεῖς
1328 2386 1587 2455 διαταγῆς
1620 2384 1837 2453 συγχεῖ-

258 2480 355 2535 ταί
383 2497 444 2534 τε
477 2481 571 2534 καὶ
606 2479 995 2551 διαφθείρεται,
1021 2478 1154 2532 ἀλλά
1178 2477 1273 2533 καλ⁸
1303 2477 1403 2548 τῆς
1442 2477 1599 2544 ἁγίας
1628 2476 1836 2546 στολῆς,

260 2574 334 2644 ἣν
357 2572 624 2644 ύπομόνον
650 2571 768 2643 (sic)
797 2569 923 2642 ἐξῆν
958 2565 1095 2623 εἶναι
1131 2556 1222 2623 τὸν
1262 2568 1542 2641 ἀρχιερέα,
1576 2568 1657 2622 δτι
1689 2567 1763 2639 μὴ
1793 2567 1837 2621 δ’

258 2664 437 2737 ἑτέρῳ
469 2662 502 2734 ἢ
535 2661 682 2733 αύτῷ
721 2662 865 2733 μόνῳ
910 2662 967 2713 tv
1015 2660 1188 2734 ταύτῃ
1231 2660 1561 2731 λειτουργεῖν
1593 2656 1712 2722 ἐξὸν
1750 2652 1838 2729 ἦν,

262 2757 366 2828 τὴν
396 2754 641 2821 ἐξουσίαν
665 2754 861 2818 αὐτοὺς
891 2752 1134 2823 Ἡρώδης
1157 2750 1484 2824 ἀφελόμενος
1512 2751 1600 2821 ὑφ’
1624 2749 1837 2815 ἑαυτὸν,

260 2850 362 2904 καὶ
390 2848 562 2903 ταῦτα
593 2847 884 2918 ἀλλόφυλος
910 2845 1008 2907 ὣν,
1041 2847 1292 2898 ποιεῖται.
1316 2844 1378 2896 Et
1399 2842 1455 2895 δὲ
1486 2842 1592 2914 χρὴ
1614 2842 1708 2895 καὶ
1727 2839 1840 2893 τού-

261 2964 374 3000 των
402 2943 738 3017 παραθέσθαι
758 2942 1034 3013 ἐλέγχους,
1059 2939 1212 3011 δέχου
1235 2939 1297 3010 δὴ
1323 2938 1416 2992 τοῦ
1447 2938 1720 3010 μάρτυρος
1741 2937 1840 3002 τάς

262 3036 453 3107 φωνὰς
478 3036 584 3106 (ἃς)
613 3037 641 3089 ὁ
673 3030 733 3099 ἐξ
771 3033 948 3088 αὐτῶν
984 3032 1251 3103 Ἐϐραίων
1289 3029 1570 3102 Ἰώσηπος,
1603 3033 1699 3102 τῆς
1732 3029 1839 3083 τῶν

1935 576 2230 632 rarumque
2289 568 2412 633 post
2460 562 2582 617 illas
2636 577 2771 629 un,
2824 563 3130 635 prophetia,
3188 594 3261 605 —
3300 564 3501 635 quibus

1938 670 2210 710 summum
2269 654 2636 711 sacerdotium
2689 656 2906 727 generis
2949 656 3074 726 jure
3116 655 3331 726 obtigit,
3373 671 3499 709 cum

1943 761 2117 818 usque
2150 747 2218 801 ad
2248 744 2477 802 Herodis
2516 755 2760 817 tempora
2794 762 2985 803 omnes
3014 747 3254 803 ostendit
3275 746 3501 803 historia

1945 839 2256 897 sacerdotes
2309 853 2537 909 magnos
2594 839 2966 894 successionis
3011 840 3133 893 vice
3173 853 3271 909 per
3330 846 3500 894 totam

1939 947 2127 989 eorum
2143 934 2330 998 vitam,
2361 933 2581 1001 quando
2606 931 2847 987 christus
2865 932 3044 1001 quivis
3075 938 3130 986 et
3149 945 3395 986 summus
3420 945 3502 985 sa-

1936 1022 2132 1079 cerdos
2163 1023 2363 1093 popqu
2395 1028 2643 1092 praeerat,
2678 1030 2736 1075 ut
2778 1036 2898 1076 eam
2926 1021 2997 1077 ob
3026 1036 3249 1077 causam
3277 1022 3501 1077 oraculo

1937 1113 2232 1180 diceretur,
2259 1133 2279 1166 ι
2307 1129 2479 1185 usque
2544 1114 2611 1169 ad
2657 1112 2924 1168 christum
2984 1113 3176 1168 ducem
3196 1154 3212 1178 ,
3242 1132 3261 1165 ι
3296 1115 3499 1169 exitum

1936 1205 2167 1263 Herodis
2198 1206 2665 1277 temporehabuit,
2710 1208 2875 1267 sicut,
2908 1213 3175 1276 quantum
3224 1207 3379 1261 licuit
3407 1208 3501 1263 de-

1933 1299 2381 1355 monstravimus.
2425 1298 2711 1365 Quomodo
2764 1306 2943 1353 autem
2976 1305 3098 1370 post
3153 1313 3502 1355 consumma-

1930 1401 2045 1448 tum
2076 1392 2463 1463 pra'dictarum
2493 1390 2893 1446 hebdomadum
2924 1398 3161 1461 tempus,
3190 1409 3210 1441 ι
3240 1391 3500 1447 abolitum

1929 1493 2015 1541 est
2041 1484 2297 1550 chrisma,
2344 1483 2474 1554 quia
2509 1498 2620 1539 non
2648 1483 2916 1553 judicium
2969 1490 3086 1538 erat
3111 1483 3164 1538 in
3194 1498 3281 1548 eo,
3308 1502 3328 1536 ι
3359 1487 3503 1539 sicut

1932 1577 2038 1633 fert
2090 1575 2386 1649 Scriptura:
2416 1584 2619 1642 textus,
2667 1577 2980 1648 significans
3007 1574 3176 1647 quod.
3209 1584 3334 1647 post
3357 1576 3503 1647 judi-

1932 1670 2075 1726 cium
2135 1668 2395 1740 prudens.
2449 1668 2710 1734 chrisma,
2751 1669 3053 1725 secundum
3091 1685 3365 1726 summum
3414 1684 3504 1729 sa-

1934 1761 2259 1824 cerdotium,
2292 1762 2604 1817 absolutum
2650 1762 2777 1828 erit,
2809 1769 3059 1832 apertum
3101 1771 3249 1819 esset
3282 1762 3368 1820 his
3410 1766 3506 1837 qui

1938 1853 2072 1926 legis
2100 1852 2449 1925 praeceptioni
2501 1853 2767 1909 inhaerent
2814 1856 2943 1925 (qua
2995 1869 3093 1925 per
3136 1862 3303 1910 totam
3336 1854 3531 1914 vitam'

1936 1960 2110 2016 usque
2134 1944 2201 1999 ad
2233 1955 2463 2001 mortem
2486 1961 2760 2000 summum
2778 1946 3086 2001 sortiuntur
3115 1948 3505 2017 sacerdotium,

1936 2036 2139 2107 quibus
2204 2036 2307 2091 hoc
2367 2051 2567 2091 munus
2631 2037 2847 2107 generis
2901 2037 3025 2107 jure
3084 2037 3320 2111 obtigit),
3345 2045 3508 2110 atque

1937 2145 2112 2200 usque
2175 2127 2243 2182 ad
2297 2127 2527 2185 Herodis
2579 2139 2793 2199 tempus
2833 2130 3084 2197 historia,
3111 2146 3233 2202 qum
3268 2131 3508 2187 ostendit

1933 2220 2059 2291 jure
2092 2219 2462 2276 successionis
2480 2220 2793 2277 sacerdotes
2823 2237 3067 2278 summos
3097 2222 3201 2276 hac.
3243 2222 3507 2293 dignitate

1938 2320 2215 2383 pertotam
2252 2313 2418 2368 vitam
2446 2313 2747 2369 secundum
2798 2315 2945 2369 illam
2988 2315 3382 2387 legislationem
3407 2332 3510 2387 po-

1940 2405 2091 2469 titos,
2126 2403 2270 2474 quod
2328 2403 2542 2461 Herode
2596 2418 2857 2477 regnante
2905 2423 3011 2462 non
3048 2409 3216 2464 modo
3241 2409 3357 2465 haec
3389 2410 3506 2481 ipsa

1938 2496 2007 2552 do
2037 2496 2267 2551 smnmis
2290 2496 2666 2552 sacerdotibus
2696 2497 2782 2551 lex
2812 2498 3070 2568 abrOgata
3118 2506 3172 2555 et
3196 2500 3370 2555 deleta
3400 2507 3505 2568 est,

1941 2586 2037 2643 sed
2056 2594 2110 2641 et
2141 2593 2332 2642 sancta
2362 2587 2554 2652 vestis,
2588 2603 2695 2658 qua
2719 2589 2895 2644 solum
2923 2589 3073 2645 indui
3103 2590 3186 2647 fas
3214 2599 3332 2647 erat
3356 2607 3509 2648 sum-

1940 2695 2091 2734 mum
2144 2679 2505 2744 sacerdotem,
2538 2695 2811 2751 quamque
2862 2682 2998 2736 uulli
3050 2682 3154 2737 nisi
3189 2684 3291 2754 ipsi
3321 2682 3424 2739 soli
3451 2684 3507 2740 in

1940 2772 2277 2828 solemnibus
2307 2772 2505 2828 ritibus
2534 2772 2678 2828 ferre
2709 2774 2919 2828 licitum
2945 2784 3083 2840 erat,
3106 2785 3397 2846 postquam
3438 2778 3508 2833 ab

1940 2861 2009 2917 iis
2031 2861 2328 2918 detractam
2384 2863 2511 2927 sibi,
2546 2878 2670 2918 cum
2696 2873 2842 2922 esset
2890 2866 3212 2937 alienigena.
3267 2865 3509 2925 Herodes

1940 2951 2257 3022 assumpsit.
2290 2950 2537 3019 Quorum
2575 2954 2621 3008 si
2638 2954 2964 3010 documenta
3020 2966 3148 3011 sunt
3196 2956 3507 3027 praebenda,

1939 3041 2098 3097 testis
2122 3043 2447 3099 adhibeatur
2485 3042 2784 3099 Hebraicus
2811 3045 2929 3116 ipse
2957 3043 3247 3117 Iosephus,
3296 3062 3510 3105 necnon

264 3129 460 3200 ίερέων
500 3128 593 3181 καὶ
628 3126 788 3190 αὐτὸς
817 3122 1117 3195 ἠξιωμένος
1154 3123 1341 3193 τιμῆς,
1384 3123 1478 3176 καὶ
1529 3121 1718 3192 γένους
1746 3120 1839 3175 τοῦ

1942 3134 2235 3190 sacerdotii
2266 3134 2530 3207 dignitate
2574 3135 2898 3201 honoratus,
2945 3146 3001 3193 et
3029 3139 3382 3210 genereapud
3414 3154 3510 3196 eos

262 3224 398 3295 παρ’
425 3223 608 3286 αὐτοῖς
637 3220 1080 3290 διαφανεστάτου,
1110 3220 1166 3272 ὲν
1187 3218 1415 3289 εἰκοστῷ
1442 3221 1542 3290 τῆς
1581 3218 1843 3287 Ἀρχαιο-

262 3316 478 3384 λογίας
500 3312 872 3368 κατατέθειται
893 3309 1303 3382 συγγράμματι.
1334 3309 1470 3381 Περὶ
1498 3309 1595 3380 μὲν
1619 3305 1711 3363 οὖν
1741 3309 1839 3387 τῆς

260 3403 375 3458 τῶν
387 3402 685 3475 ἀρχιερέων
698 3418 773 3454 πα
782 3418 878 3472 ρατ
885 3400 1051 3471 ροπῆς
1067 3393 1169 3453 ὧδέ
1182 3416 1298 3462 πως
1307 3397 1447 3452 κατὰ
1460 3398 1602 3465 λέξιν
1618 3398 1838 3469 γράφειο

345 3515 365 3548 ι
405 3497 515 3566 Τὴν
549 3492 605 3546 δὲ
640 3492 912 3564 βασιλείαν
947 3490 1189 3562 Ἡρώδης
1214 3490 1362 3563 παρὰ
1392 3489 1729 3560 (Ῥω)μαίων
1751 3490 1843 3558 ty-

263 3584 583 3658 χειρισθεὶς,
596 3582 774 3637 οὐκέτι
786 3583 910 3646 τοὺς
926 3582 987 3634 ἐκ
1002 3580 1095 3634 τοῦ
1110 3579 1479 3651 Ἀσαμωναίου
1491 3578 1679 3645 γένους
1698 3577 1799 3631 καθ
1807 3578 1844 3631 ί-

262 3656 458 3750 ¹τετησιν
484 3656 776 3748 ἀρχιερεῖς,
796 3674 930 3730 ἀλλά
944 3690 1084 3728 τισιν
1099 3672 1202 3742 ἀσή
1212 3688 1330 3743 μοις
1349 3672 1443 3725 καὶ
1458 3671 1558 3724 οὐκ
1577 3669 1634 3737 ἐξ
1654 3670 1840 3741 ἱερέων

264 3764 440 3832 οὖσιν,
464 3768 600 3839 πλὴν
624 3766 738 3830 ἐνὸς
776 3761 1201 3836 Ἀριστοϐούλου,
1233 3760 1331 3832 τὴν
1361 3761 1524 3832 τιμὴν
1548 3759 1839 3829 ἀπένεμεν·

267 3862 364 3915 τὸν
413 3861 471 3915 δὲ
525 3857 948 3932 Ἀριστόϐουλον,
989 3853 1255 3928 Ὑρκανοῦ
1297 3852 1392 3907 τοῦ
1451 3852 1560 3905 ἀπὸ
1612 3850 1841 3922 Παρθῶν

269 3950 834 4024 αἱχμαλωσιασθέντος
862 3948 976 4003 υίδν
1026 3947 1154 4001 δντα
1186 3945 1528 4016 καταστήσας
1564 3942 1842 4015 ἀρχιερέα,

269 4047 341 4117 τῇ
364 4043 563 4114 ἀδελφῇ
603 4041 766 4096 αὑτοῦ
791 4039 1072 4110 συνῴκησε
1105 4036 1438 4109 Μαριάμμῃ,
1464 4035 1563 4106 τὴν
1588 4034 1683 4089 τού
1714 4034 1846 4107 πλη.

269 4137 400 4200 θους
429 4135 564 4208 πρὸς
610 4135 798 4189 ἑαυτὸν
826 4129 887 4203 (f.
919 4130 1008 4203 49.)
1041 4128 1355 4201 θηρώμενος
1382 4125 1592 4180 εὔνοιαν
1627 4126 1716 4180 διὰ
1745 4124 1844 4197 τὴν

281 4227 552 4300 ’Υρκανοῦ
582 4227 826 4299 μνήμην
859 4221 977 4279 εἶτα
1012 4221 1267 4293 φοϐηθεὶς
1296 4220 1370 4291 μὴ
1399 4219 1535 4292 πρὸς
1556 4220 1655 4273 τὸν
1695 4219 1844 4291 Ἀρι-

272 4320 561 4375 στόϐουλον
596 4319 795 4381 πάντες
817 4315 1196 4377 ἀποκλίνωσιν,
1222 4313 1427 4367 ἀνεῖλεν
1459 4311 1620 4367 αὐτὸν
1652 4314 1710 4366 tv
1746 4312 1846 4365 Ἰε-

274 4410 433 4485 ριχῷ,
476 4414 730 4483 πνιγῆναι
766 4413 1214 4485 μηχανησάμενος
1259 4409 1632 4481 κολυμϐῶντα,
1666 4407 1846 4474 καθὼς

1944 3227 2408 3297 praclarissimo,
2456 3232 2548 3299 qui
2600 3229 2658 3284 in
2702 3230 2967 3286 vicesimo
3006 3230 3386 3303 Archaeologiw
3445 3233 3512 3288 li-

1940 3319 2042 3374 bro
2086 3318 2202 3374 haec
2259 3319 2501 3378 disserit.
2555 3319 2669 3378 Hoc
2723 3322 2890 3392 igitur
2949 3321 3111 3378 modo
3171 3322 3509 3380 immutatam

1943 3412 2141 3467 summi
2159 3412 2451 3469 sacerdotii
2478 3416 2884 3471 successionem
2915 3413 3220 3473 describit:

2017 3521 2036 3555 ι
2078 3503 2341 3573 Herodes,
2368 3521 2491 3562 cum
2526 3522 2557 3562 a
2588 3508 2848 3567 Romanis
2882 3526 3109 3582 regnum
3157 3511 3508 3580 obtinuisset,

1945 3612 2053 3652 non
2071 3599 2184 3668 jam
2209 3599 2562 3658 Asamonteos
2590 3617 2835 3660 summos
2863 3605 3148 3661 constituit
3174 3605 3511 3672 sacerdotes,

1943 3690 2039 3745 sed
2076 3692 2217 3747 hanc
2238 3692 2558 3763 dignitatem
2592 3696 2919 3767 quibusdam
2949 3697 3210 3770 indignis,
3263 3714 3364 3755 nec
3411 3715 3505 3756 sa-

1943 3780 2203 3836 cerdotali
2227 3798 2425 3852 genere
2471 3786 2638 3850 natis,
2669 3799 2862 3857 prteter
2905 3804 3076 3844 unum
3116 3790 3513 3859 Aristobulum,

1946 3872 2265 3944 assignavit.
2300 3876 2676 3932 Aristobulum
2716 3895 2865 3945 vero,
2893 3878 3129 3952 Hyrcani
3153 3884 3427 3952 quondam
3457 3885 3514 3940 in

1944 3965 2312 4034 captivitatem
2342 3982 2372 4021 a
2406 3966 2623 4024 Parthis
2651 3970 2871 4025 abducti
2900 3972 3089 4036 lilium,
3114 3988 3388 4030 summum
3427 3992 3516 4032 sa-

1945 4058 2219 4113 cerdotem
2251 4059 2536 4114 constituit
2586 4076 2939 4133 sororemque
2975 4063 3095 4132 ejus
3146 4064 3367 4120 Mariam
3406 4067 3511 4123 sibi

1946 4147 2296 4204 matrimonio
2349 4150 2614 4216 devinxit,
2651 4153 3014 4209 multitudinis
3044 4158 3274 4225 gratiam
3313 4158 3417 4213 sibi
3445 4160 3515 4214 ob

1953 4238 2190 4312 Hyrcani
2214 4244 2530 4298 memoriam
2560 4252 2819 4314 captans;
2874 4252 3064 4314 postea
3101 4245 3298 4301 timens
3338 4263 3407 4303 ne
3444 4248 3513 4304 ad

1946 4332 2320 4387 Aristobulum
2363 4348 2556 4390 omnes
2608 4334 2956 4401 inclinarent,
3008 4340 3232 4394 sustulit
3278 4355 3400 4394 eum
3458 4339 3515 4395 in

1945 4420 2183 4489 Iericho,
2218 4433 2493 4481 natantem
2530 4427 2687 4498 aquis
2713 4442 2949 4483 mersum
2965 4444 3087 4486 esse
3117 4434 3347 4502 tingens,
3374 4432 3515 4488 sicut

270 4502 377 4575 ἤδη
409 4500 803 4573 δεδηλώκαμεν.
835 4502 986 4556 Μετά
1024 4500 1210 4554 τοῦτον
1246 4499 1425 4553 οὐκέτι
1468 4501 1581 4563 τοῖς
1606 4498 1839 4568 ἐγγόνοις

1944 4513 2059 4584 jam
2087 4518 2447 4573 ostendimus.
2482 4516 2601 4584 Quo
2626 4518 2948 4589 interempto
2984 4498 3261 4591 nunquam
3284 4520 3515 4576 Asamo-

269 4592 384 4647 τῶν
415 4594 786 4665 ’Λσαμωναίου
810 4594 1013 4648 παίδων
1043 4595 1142 4665 τὴν
1165 4592 1567 4665 ἀρχιερωσύνην
1600 4592 1849 4646 ἐπίστευ-

274 4703 390 4743 σεν.
417 4687 660 4759 Ἐπραξε
684 4688 740 4742 δὲ
765 4689 924 4760 ὅμοια
947 4686 1026 4759 τῷ
1058 4686 1272 4760 Ἡρώδῃ
1302 4687 1427 4759 περὶ
1455 4687 1553 4756 τῆς
1579 4683 1850 4739 καταστά-

276 4793 418 4841 σεως
446 4778 554 4832 τῶν
586 4778 884 4851 ἀρχιερέων
933 4776 1219 4848 Ἀρχέλαός
1245 4793 1306 4829 τε
1338 4778 1368 4830 ό
1394 4779 1521 4840 παῖς
1549 4773 1734 4838 αὑτοῦ,
1757 4774 1851 4829 καὶ

280 4871 421 4943 μετά
446 4869 631 4925 τοῦτον
672 4870 771 4942 τὴν
802 4869 975 4943 ἀρχὴν
1009 4869 1266 4940 Ῥωμαῖοι
1302 4868 1410 4922 τῶν
1448 4867 1715 4922 Ἰουδαίων
1747 4884 1851 4921 πα-

281 4963 625 5039 ραλαϐόντες.
658 4982 677 5015 ι

349 5078 534 5133 Ταῦτα
582 5078 680 5149 μὲν
706 5076 832 5150 περὶ
866 5074 1070 5129 τούτων
1110 5076 1139 5128 ὁ
1169 5073 1459 5145 Ἰώσηπος·
1504 5071 1633 5144 περὶ
1668 5072 1724 5125 δὲ
1753 5072 1851 5144 τῆς

277 5170 671 5246 ἀρχιερατικῆς
703 5168 895 5239 στολῆς
926 5170 985 5222 ἐν
1012 5166 1090 5239 τῷ
1127 5165 1573 5236 ὀκτωκαιδεκάτῳ
1598 5165 1694 5236 τῆς
1728 5165 1853 5234 Ἀρ-

280 5261 629 5335 χαιολογίας
653 5258 826 5314 ταῦτα
861 5260 1080 5333 ἱστορεῖ*

340 5392 383 5426 η(
415 5371 660 5461 Ἡρώδης
691 5372 749 5425 δὲ
787 5370 1110 5443 βασιλεύσας
1142 5370 1238 5442 τήν
1260 5385 1318 5423 τε
1350 5367 1505 5440 βάριν
1547 5365 1752 5439 ταύτην
1793 5360 1876 5420 ὲν⁴

355 5509 434 5631 ἓ)
461 5507 587 5591 Seq.
617 5508 699 5564 sic
726 5508 1026 5579 supplenda
1065 5516 1120 5563 et
1157 5505 1381 5578 legenda
1413 5521 1500 5560 me
1537 5504 1747 5561 monuit
1779 5503 1851 5560 M.

412 5580 635 5631 outhlus
663 5580 789 5631 coll.
846 5578 1021 5631 Mand.
1064 5592 1265 5631 ormses
1298 5592 1311 5627 :
1348 5576 1674 5631 προφητεία.
1702 5605 1774 5617 --
1795 5577 1851 5628 tv

281 5576 333 5634 I.
363 5576 635 5634 Routhius
663 5576 813 5634 coll.‘
833 5576 1021 5649 Magd.
1064 5576 1265 5701 praeses
1298 5592 1311 5627 :
1348 5576 1674 5648 προφητεία,
1702 5605 1774 5617 --
1795 5577 1854 5628 tv

285 5644 375 5713 αἷς
400 5650 498 5729 τῂν
522 5646 931 5729 ἀρχιερωσύνην
959 5665 1062 5701 κατ
1082 5719 1095 5729 ι
1127 5647 1224 5729 την
1253 5646 1350 5729 τού
1382 5646 1571 5728 γένους
1608 5645 1855 5729 διαδοχὴν

287 5664 375 5713 αις
400 5664 498 5721 την
522 5664 594 5720 αρ
633 5666 931 5721 ιερωσυνην
959 5664 1101 5701 κατα
1127 5664 1224 5729 την
1253 5664 1345 5700 του
1382 5664 1571 5728 γενους
1608 5664 1752 5731 οιαοο
1789 5664 1854 5717 ην

287 5721 553 5792 προσήκει
581 5667 982 5792 ἐξαλαιιϐἀνειν,
1012 5719 1106 5772 καὶ
1144 5734 1243 5792 της
1287 5717 1446 5792 μέχρι
1473 5732 1591 5792 των.
1614 5664 1854 5792 Ἡρῶου

286 5785 495 5863 κρδθών
523 5790 762 5863 ἱστορίας
787 5788 1051 5863 δηλούσης
1079 5785 1211 5853 τοὺς
1228 5785 1638 5860 κατάδιαδοχην
1671 5785 1856 5858 ἀρχιε..

1951 4608 2053 4664 nazi
2088 4610 2214 4665 liliis
2243 4623 2513 4663 summum
2539 4608 2771 4664 credidit
2795 4610 3182 4667 sacerdotium.
3219 4610 3338 4683 Egit
3367 4611 3519 4667 simia

1958 4700 2081 4756 liter
2138 4702 2194 4755 in
2247 4700 2512 4770 eligendis
2580 4703 2810 4757 summis
2854 4702 3235 4758 sacerdotibus
3282 4702 3514 4759 Herodis

1950 4795 2095 4852 ﬁlius
2141 4795 2463 4859 Archelaus,
2511 4801 2673 4866 atque
2714 4803 2838 4865 post
2872 4810 2996 4850 eum
3036 4793 3267 4851 Romani
3301 4793 3516 4851 Iudaeo-

1949 4905 2072 4945 rum
2100 4889 2387 4960 imperium
2418 4886 2696 4944 consecuti
2727 4886 2824 4959 (‘2).
2867 4905 2889 4939 ι

2021 5095 2147 5152 Haec
2175 5095 2391 5167 quidem
2431 5093 2498 5149 de
2537 5093 2623 5147 his
2659 5090 2929 5164 Iosephus
2960 5111 2974 5148 :
3001 5106 3187 5146 verum
3230 5090 3297 5145 de
3335 5103 3518 5145 sacer-

1952 5191 2118 5247 dotali
2144 5197 2293 5246 veste
2332 5189 2385 5243 in
2413 5195 2607 5243 octavo
2639 5196 2694 5243 et
2725 5186 2937 5242 decimo
2971 5184 3345 5255 Archwologia:
3378 5183 3518 5241 libro

1952 5284 2068 5340 haec
2102 5291 2286 5338 narrat
2310 5296 2323 5333 :

2029 5393 2048 5426 ι
2088 5372 2330 5429 Herodes
2358 5386 2454 5427 rex
2489 5370 2593 5427 hoc
2620 5371 3049 5427 calceamentum
3081 5368 3518 5426 commodissime

1957 5508 2069 5580 ρεῖς
2094 5505 2187 5580 διὰ
2215 5506 2394 5580 πάσης
2423 5505 2524 5576 τῆς
2549 5506 2731 5580 sisti)!
2754 5505 2920 5580 ζῳῆςν
2943 5506 3030 5580 im
3067 5505 3285 5580 χριστός
3306 5520 3392 5580 τες
3422 5505 3518 5580 καὶ

1954 5573 2452 5658 ἀρχιερεὺςὴγεῖτο
2480 5573 2573 5630 τοῦ
2604 5577 2757 5658 λαού,
2780 5573 2968 5658 ὡς’διὰ
2990 5573 3138 5631 τουτὶ
3167 5574 3418 5658 είρῇσθαι
3440 5573 3520 5644 τῷ

1954 5646 2669 5774 κριςδμιςξδιξωιέιιστεξ
2698 5647 3032 5772 sese
3055 5677 3125 5689 -
3149 5646 3342 5721 πέρας·

2027 5717 2111 5790 (2)
2139 5717 2360 5788 Ioseph.
2389 5717 2569 5790 Antiq.
2598 5733 2689 5786 xx,
2723 5717 2814 5786 ll,
2860 5717 2914 5775 5.
