4096 6412
611 351 751 409 “87

1313 349 1578 406 EUSEBII
1618 349 2094 406 CESARIENSIS
2132 345 2283 405 OPP.
2323 346 2528 406 PARS.
2570 348 2660 404 ill.
2701 379 2769 389 —
2800 337 3209 402 EXEGETICA.

3722 341 3859 395 H88

609 457 665 502 et
692 444 976 515 magniﬁce
1009 450 1325 514 apparatum
1363 445 1653 498 Antoniam
1684 447 1898 498 vocavit
1943 446 2159 500 nomine

2283 443 2569 514 ἐπιτηδείῳ
2610 443 2862 513 κειμένην
2909 438 3317 501 κατασκευάσας
3364 435 3690 500 πολυτελῶς,
3741 438 3862 489 ’Δνι

607 547 663 595 et
702 538 878 602 magni
909 537 1206 592 sacerdotis
1241 536 1503 602 tunicam,
1548 546 1608 590 ut
1649 553 1768 592 sese
1811 539 2063 601 habebat,
2092 552 2181 591 as-

608 631 862 699 sumpsit,
916 629 1050 683 nihil
1106 629 1367 684 adversus
1421 645 1479 684 se
1531 645 1562 682 a
1605 628 2181 698 populo.moliendum

609 730 830 791 pr0pter
872 736 988 776 eam
1037 728 1208 775 ratus.
1266 719 1388 789 Egit
1436 720 1689 774 similiter
1734 718 1962 773 Herodis
2016 716 2180 779 ﬁlius,

608 814 867 882 regnique
900 827 1188 867 successor
1228 813 1547 877 Archelaus,
1583 827 1612 865 a
1661 828 1770 882 quo
1806 809 2036 866 Romani
2077 809 2180 862 im-

610 908 819 975 perium
864 906 1214 976 accipientes,
1261 907 1440 976 magni
1489 906 1790 961 sacerdotis
1838 907 2074 960 tunicam
2123 904 2177 958 in

607 998 770 1054 domo
811 999 958 1053 saxis
1004 999 1268 1053 aediﬁcata
1305 1000 1407 1055 sub
1441 1000 1974 1070 sigilloincluserunt
2006 999 2103 1070 (ί).
2153 1004 2196 1049 ι’

675 1267 883 1335 Quibus
929 1268 1091 1334 igitur
1121 1267 1422 1322 certissime
1452 1277 1616 1337 patet,
1650 1268 1922 1339 praadictis
1949 1278 2174 1343 ⁸ῑιξιηροι

606 1361 758 1415 ribus
807 1360 1114 1429 prophetias
1161 1360 1408 1428 impletas
1457 1358 1646 1413 fuisse.
1696 1360 1850 1425 Quod
1886 1362 1929 1417 si
1967 1378 2072 1416 non
2106 1365 2173 1420 iis

605 1451 979 1505 consentirent
1024 1449 1354 1510 circumcisi,
1402 1451 1721 1518 postulanda
1769 1459 1915 1506 esset
1978 1454 2046 1508 ab
2105 1456 2173 1510 iis

608 1541 712 1596 alia
767 1555 831 1594 ac
868 1549 1051 1594 nostra
1093 1540 1254 1608 hujus
1301 1539 1594 1609 Scriptum
1633 1541 1734 1596 loci
1774 1544 2169 1614 interpretatio,

607 1641 769 1702 atque
803 1632 869 1686 iis
897 1631 1374 1686 demonstrandum
1417 1633 1569 1700 juxta
1594 1634 1738 1702 ipsos
1777 1635 2058 1692 mendacio
2085 1654 2172 1692 ar-

602 1733 838 1793 guantur
875 1737 1096 1777 necesse
1125 1730 1207 1777 est
1245 1722 1509 1777 Gabrielis
1545 1726 1941 1794 pradictiones,
1974 1729 2018 1783 si
2051 1731 2174 1782 nul-

605 1814 690 1867 lus
727 1827 994 1865 annorum
1047 1811 1114 1866 ab
1158 1827 1222 1866 eo
1283 1827 1454 1881 usque
1495 1811 1562 1865 ad
1608 1813 1709 1866 hoc
1748 1815 2010 1884 temporis
2061 1816 2172 1870 fere

605 1903 858 1967 millium,
911 1917 1049 1971 quos
1099 1903 1502 1972 praenuntiavit,
1547 1901 1722 1958 adhuc
1777 1907 2036 1960 evenerit.
2071 1905 2173 1958 Ve-

603 2009 725 2048 rum
772 1994 928 2048 nobis
980 2001 1164 2064 aperte
1211 2010 1370 2049 verus
1415 2011 1596 2050 sermo
1651 1995 1979 2061 ostenditur,
2018 1998 2170 2066 juxta

603 2088 847 2142 sinceras
880 2102 1018 2156 quas
1053 2088 1379 2157 protulimus
1417 2089 1923 2158 interpretationes:
1957 2097 2011 2144 et
2045 2105 2168 2143 cum

603 2180 671 2234 iis
736 2188 1096 2248 congruenter
1151 2179 1392 2232 indicare
1430 2178 1586 2235 facile
1625 2182 1728 2235 erit
1767 2181 2037 2250 quomodo
2072 2196 2170 2250 po-

599 2285 802 2327 strema
841 2282 964 2341 post
1015 2272 1148 2324 alias
1189 2271 1523 2326 hebdomada
1571 2286 1677 2325 una
1711 2273 2048 2326 conﬁrmavit
2079 2289 2171 2342 pa-

599 2374 748 2418 ctum
807 2364 1026 2426 multis,
1077 2362 1282 2416 Novum
1323 2363 1574 2419 salutaris
1628 2364 2026 2433 prtedicationis
2069 2367 2171 2420 Te-

599 2463 960 2518 stamentum,
1000 2453 1362 2524 difiusumque
1422 2470 1517 2524 per
1583 2459 1890 2512 universam
1933 2467 2164 2520 terram,

598 2561 700 2601 nec
740 2546 852 2616 jam
890 2547 980 2600 uni
1025 2546 1125 2600 soli
1169 2545 1476 2600 Judaeorum
1527 2548 1707 2616 genti,
1763 2549 1855 2604 sed
1903 2562 1956 2604 et
2000 2552 2168 2620 pluri-

597 2638 700 2693 bus
754 2638 1153 2700 annuntiatum,
1186 2639 1258 2690 ita
1307 2647 1363 2692 ut
1401 2638 1519 2692 ideo
1571 2640 1875 2695 diceretur:
1914 2661 1932 2692 ι
1961 2642 2168 2698 Conﬁr-

596 2729 765 2783 mabit
786 2737 1001 2799 pactum
1027 2729 1208 2783 multis
1233 2729 1566 2785 hebdomada
1590 2747 1716 2786 una.
1758 2753 1776 2785 ι
1814 2735 2166 2791 Animadver-

594 2818 819 2872 tendum
842 2827 924 2874 est
946 2819 1088 2888 quod
1110 2834 1215 2872 non
1230 2819 1490 2874 continuo
1507 2821 1727 2892 reliquis
1744 2823 2166 2882 hebdomadibus

596 2919 871 2980 postrema
901 2911 1237 2965 hebdomada
1268 2927 1373 2965 una
1387 2913 1648 2978 succedit,
1667 2931 1828 2985 quam
1848 2916 2011 2972 refert
2029 2917 2168 2974 Scri-

597 3011 756 3073 ptura
787 3003 1225 3058 contirmaturam
1255 3021 1376 3060 esse
1406 3013 1619 3074 pactum
1651 3009 1854 3064 multis.
1885 3009 2000 3064 Non
2019 3014 2164 3067 enim

596 3095 849 3151 similiter
888 3095 942 3149 in
985 3105 1188 3165 septem
1223 3105 1274 3151 et
1316 3099 1593 3168 sexaginta
1629 3099 1841 3156 duabus
1883 3103 2165 3158 hebdoma-

2284 537 2481 590 τωνίαν
2510 535 2664 589 καλεῖ
2680 534 2869 604 ὄνομα,
2897 533 2988 587 καὶ
3013 532 3110 602 τὴν
3133 530 3320 600 στολὴν
3342 529 3438 600 τὴν
3464 530 3859 600 ἀρχιερατικὴν

2287 628 2476 698 ῶσπερ
2523 627 2618 680 καὶ
2665 625 2927 695 λαμϐάνει
2959 624 3083 695 τῇδε
3140 621 3395 692 κειμένην
3445 623 3714 690 κατεῖχεν,
3769 637 3862 672 πι-

2289 721 2492 774 στεύων
2510 719 2659 772 οὐδὲν
2687 722 2989 789 νεωτεριεῖν
3017 716 3104 770 ἐπ’
3126 714 3271 784 αύτῷ
3295 713 3386 766 τὸν
3415 712 3539 766 λαὸν
3561 714 3626 766 δι’
3657 715 3855 783 αὑτήν.

2290 815 2566 884 Ἔπρασσε
2595 811 2650 864 δὲ
2672 810 2740 863 τά
2772 812 2929 880 ὃμοια
2955 809 3032 879 τῷ
3075 807 3288 880 Ἡρώδῃ
3310 807 3405 859 καὶ
3428 807 3457 858 ό
3489 805 3862 858 ἐπικαταστα-

2284 901 2396 965 θεὶς
2428 901 2574 972 αὐτῷ
2597 901 2844 972 βασιλεὺς
2880 899 3184 969 Ἀρχέλαος,
3217 897 3329 959 υἱὸς
3354 895 3448 958 ῶν,
3481 897 3606 964 παρ’
3637 891 3696 949 οὗ
3730 895 3864 947 Ῥω-

2289 998 2438 1065 μαῖοι
2471 993 2839 1063 διαδεξάμενοι
2884 992 2982 1061 τὴν
3015 991 3187 1061 ἀρχὴν
3219 989 3478 1060 ἐκράτουν
3512 987 3610 1056 τῆς
3659 986 3860 1055 στολῆς

2276 1080 2370 1134 τοῦ
2401 1081 2700 1152 ἀρχιερέως
2722 1080 3086 1150 ἀποκειμένης
3121 1080 3177 1130 ἐν
3222 1077 3354 1146 οἴκῳ
3377 1075 3522 1127 λίθου
3564 1075 3858 1146 οἰκοδομη-

2277 1172 2425 1226 θέντι
2447 1173 2550 1226 ὑπὸ
2576 1171 2849 1242 σφραγῖδι.
2877 1191 2894 1222 ι

2359 1265 2453 1317 Ἐκ
2485 1264 2549 1336 δὴ
2580 1261 2794 1317 τούτων’
2815 1262 3208 1332 ἀναμφίλεκτος
3242 1259 3436 1328 γένοιτ’
3486 1259 3550 1313 ἂν
3580 1257 3858 1321 ἀπόδειξις

2275 1361 2356 1412 ὅτι
2387 1357 2450 1428 δὴ
2494 1355 2632 1409 κατά
2661 1357 2784 1418 τοὺς
2821 1354 3180 1426 δηλουμένους
3223 1352 3444 1422 χρόνους
3485 1351 3553 1404 τὰ
3586 1351 3688 1420 τῆς
3719 1368 3856 1422 προ·

2279 1449 2502 1518 φητείας
2536 1446 2882 1518 περιγραφῆς
2915 1445 3118 1515 ἔτυχεν·
3154 1448 3202 1498 εἰ
3248 1445 3304 1497 δὲ
3337 1444 3410 1516 μὴ
3448 1443 3862 1514 συνομολογοῖεν

2277 1541 2484 1603 τούτοις
2509 1541 2556 1592 οἱ
2596 1541 2659 1590 ἐκ
2688 1537 3004 1608 περιτομῆς,
3035 1536 3281 1606 αἱτητέον
3307 1536 3501 1598 αὐτοὺς
3527 1535 3720 1604 ἑτέραν
3749 1554 3858 1589 πα-

2281 1632 2351 1704 ρὰ
2381 1633 2478 1702 τὴν
2508 1630 2780 1702 ἡμετέραν
2809 1628 2908 1696 τῆς
2938 1628 3158 1700 Γραφῆς
3187 1627 3454 1698 διήγησιν,
3488 1627 3584 1680 καὶ
3616 1627 3858 1680 δεικτέον

2277 1722 2352 1784 ὡς
2375 1720 2480 1792 ἀρα
2509 1721 2626 1773 κατ’
2659 1720 2852 1782 αὐτοὺς
2880 1719 3091 1788 ψευδεῖς
3124 1721 3333 1788 ἀνάγκη
3360 1718 3458 1781 τὰς
3483 1718 3575 1770 τοῦ
3604 1718 3859 1786 τηλικού-

2275 1828 2366 1864 του
2396 1809 2631 1880 Γαϐριὴλ
2663 1809 3054 1880 ἀπελέγχεσθαι
3086 1811 3433 1880 προρρήσεις,
3469 1811 3516 1862 εί
3547 1809 3712 1878 μηδὲν
3740 1808 3855 1861 τῶν

2278 1903 2892 1974 προαναπεφωνημένων
2923 1903 2980 1969 ἐξ
3012 1903 3218 1955 ἐκείνου
3249 1902 3342 1954 καὶ
3365 1903 3442 1964 εἰς
3465 1901 3624 1972 δεῦρο
3664 1901 3854 1970 χιλίων

2277 1995 2374 2065 ἡδη
2423 1993 2824 2063 πλησιαζόντων
2865 1991 3000 2046 ἐτῶν
3050 1994 3354 2063 γεγένηται.
3425 1993 3562 2045 Ἀλλ’
3611 1995 3744 2062 ἡμῖν
3785 2010 3852 2061 γε

2278 2086 2461 2156 σαφῶς
2502 2086 2708 2156 ἀληθὴς
2734 2087 2762 2137 ὁ
2789 2086 2944 2154 λόγος
2987 2086 3364 2139 ἀποδείκνυται
3389 2085 3529 2137 κατὰ
3559 2084 3656 2148 τὰς
3689 2085 3854 2138 ἀϐιάά

2278 2195 2414 2240 στως
2462 2177 2854 2248 παρατεθείσας
2886 2179 3018 2248 ἡμῖν
3063 2177 3358 2247 διηγήσεις,
3408 2171 3495 2240 αἷς
3540 2177 3853 2241 ἀκολούθως

2275 2270 2495 2340 εὐχερὲς
2541 2269 2827 2322 ἀποδοῦναι
2865 2269 2987 2322 τίνα
3038 2269 3234 2339 τρόπον
3269 2269 3362 2321 καὶ
3405 2270 3436 2339 ἡ
3488 2268 3626 2339 μετά
3671 2269 3851 2331 πάσας

2275 2363 2478 2432 ὑστάτη
2505 2362 2870 2432 ἐπιφερομένη
2898 2360 3129 2432 ἑϐδομὰς
3175 2361 3271 2431 μία
3301 2361 3701 2431 ἐνεδυνάμωσεν
3729 2362 3852 2415 δια-

2275 2452 2446 2524 θήκην
2497 2453 2706 2516 πολλοῖς
2731 2493 2745 2517 ,
2788 2452 2882 2523 τὴν
2917 2453 3120 2522 Καινὴν
3157 2451 3426 2522 Διαθήκην
3449 2452 3540 2504 τοῦ
3576 2453 3849 2523 σωτηρίου

2274 2547 2644 2618 κηρύγματος,
2674 2547 2772 2615 τὴν
2818 2545 2911 2596 ἐπὶ
2958 2547 3135 2598 πᾶσαν
3167 2544 3495 2597 διαδοθεῖσαν
3537 2545 3635 2614 τὴν
3670 2546 3850 2596 cimu-

2275 2637 2460 2708 μένην,
2495 2637 2587 2690 καὶ
2617 2636 2796 2688 οὐκέτι
2824 2636 2920 2706 μὲν
2953 2636 3032 2688 ἐν).
3068 2636 3210 2705 μόνῳ
3241 2634 3316 2704 τῷ
3369 2633 3635 2687 Ἰουδαίων
3680 2635 3848 2699 ἔθνει,

2272 2728 2384 2780 ἀλλ’
2411 2728 2511 2798 ἤδη
2539 2727 2632 2780 καὶ
2662 2727 2867 2778 πλείοσι
2897 2725 3277 2796 κηρυχθεῖσαν,
3300 2724 3428 2777 ὣστ’
3475 2725 3540 2778 ἂν
3571 2725 3662 2778 διά
3691 2725 3848 2777 τοῦτο

2271 2820 2518 2892 εἰρῆσθαι
2577 2820 2669 2872 καὶ
2725 2819 2806 2880 τὸ,
2869 2837 2887 2868 ι
2928 2817 3242 2888 Δυναμώσει
3303 2817 3575 2889 Διαθὴκην
3631 2817 3848 2882 πολλοῖς

2271 2911 2500 2982 ἑϐδομὰς
2532 2911 2648 2981 μία.
2688 2930 2704 2962 ι
2745 2909 3062 2979 Ἐπιστῆσαι
3100 2909 3154 2960 δὲ
3189 2908 3426 2976 εὔλογον,
3461 2910 3544 2961 δτι
3593 2910 3666 2980 μὴ
3719 2910 3848 2978 ἑξῆς

2269 3006 2386 3066 ταῖς
2409 3003 2619 3065 λοιπαῖς
2646 3002 2933 3073 ἑϐδομάσιν
2960 3001 3292 3072 ἡτελευταία
3323 3001 3555 3071 ἑϐδομὰς
3593 3003 3689 3072 μία
3723 3019 3850 3054 ουν-

2269 3096 2455 3167 ῆπται,
2491 3095 2558 3166 ἥν
2591 3113 2749 3167 φησιν
2793 3098 2822 3149 ό
2862 3095 3016 3164 λόγος
3046 3093 3383 3165 δυναμώσειν
3425 3095 3700 3165 Διαθήκην
3733 3096 3848 3157 τοῖς

595 3186 776 3252 dibus,
815 3188 1056 3258 atquein
1090 3203 1196 3243 una
1227 3187 1371 3244 fecit.
1411 3188 1469 3244 in
1508 3192 1785 3262 prioribus
1821 3195 1964 3248 enim
1999 3198 2162 3253 totius

2269 3189 2499 3252 πολλοῖς·
2532 3190 2591 3241 ού
2626 3189 2733 3260 γὰρ
2756 3188 2830 3251 ὡς
2858 3188 2952 3240 ἐπὶ
2974 3187 3082 3240 τῶν
3109 3187 3151 3252 ζ’
3177 3187 3269 3241 καὶ
3299 3186 3373 3256 ξβ¹
3409 3187 3720 3257 ἑϐδομάδων
3749 3188 3848 3240 καὶ

592 3279 856 3350 temporis
875 3295 1160 3334 numerum
1189 3283 1446 3350 partitus,
1486 3284 1628 3337 inter
1655 3292 1858 3354 septem
1877 3288 2162 3359 statimque

2267 3283 2360 3334 ἐπὶ
2385 3281 2483 3350 τῆς
2515 3283 2642 3351 μιᾶς
2675 3281 2988 3351 πεποίηκεν·
3021 3282 3107 3334 ἐπ’
3135 3282 3354 3333 ἐκείνων
3369 3279 3466 3349 μὲν
3493 3281 3623 3351 γὰρ,
3655 3279 3845 3332 διελὼν

593 3371 874 3439 sexaginta
895 3370 1030 3425 duas
1063 3371 1428 3427 hebdomades
1457 3383 1600 3428 recte
1630 3385 1846 3446 tempus
1866 3379 2160 3446 ordinavit,

2267 3371 2357 3426 τοῦ
2391 3375 2590 3437 παντὸς
2614 3374 2802 3445 χρόνου
2833 3373 2923 3426 τὸν
2947 3371 3176 3445 ἀριθμὸν
3199 3373 3278 3436 εἰς
3304 3389 3363 3424 τε
3391 3373 3490 3436 τὰς
3523 3373 3566 3437 ζ’
3597 3374 3692 3426 καὶ⁵
3713 3371 3844 3443 ἑξῆς

593 3470 800 3531 septem
843 3472 1036 3532 aptans
1070 3459 1351 3532 sexaginta
1389 3463 1623 3528 duabus,
1656 3468 1806 3522 nullo
1840 3469 2162 3540 interposito

2267 3465 2358 3530 τὰς
2407 3465 2486 3536 ξβ’
2522 3465 2837 3536 ἑϐδομάδας,
2869 3466 3216 3536 συνημμένην
3262 3466 3552 3534 πεποίηται
3579 3465 3676 3533 τὴν
3705 3464 3844 3518 διαί-

591 3549 854 3623 temporis
873 3557 1067 3622 spatio,
1095 3555 1167 3606 ita
1196 3562 1254 3608 ut
1281 3556 1470 3608 harum
1490 3556 1891 3614 hebdomadum
1920 3563 2161 3619 historia:

2267 3572 2430 3625 ρεσιν,
2461 3559 2578 3618 ταῖς
2604 3555 2646 3619 ζ’
2665 3554 2763 3618 τὰς
2787 3553 2864 3624 ξβ¹
2889 3554 3145 3623 συνάψας,
3171 3554 3263 3606 καὶ
3291 3553 3490 3622 μηδένα
3513 3552 3703 3623 χρόνον
3734 3569 3842 3622 μη-

591 3645 979 3699 concordantia
1012 3647 1160 3700 nullo
1191 3648 1450 3713 temporis
1475 3650 1765 3704 intervallo
1797 3650 2158 3724 frangeretur,

2267 3647 2314 3700 δὲ
2347 3647 2541 3718 πρᾶξιν
2571 3646 2771 3717 μεταξὺ
2802 3644 3147 3709 καταλιπὼν,
3194 3647 3274 3698 δτι
3312 3644 3431 3716 μηδ’
3457 3645 3763 3715 ἐμφέρεται
3793 3662 3842 3698 τε

591 3733 676 3788 vel
734 3733 1159 3804 disjungeretur.
1197 3734 1395 3790 Verum
1437 3737 1492 3790 in
1529 3737 1629 3793 hac
1661 3756 1767 3794 uua
1824 3743 2159 3800 hebdomade

2267 3737 2547 3808 διάλειμμα
2575 3738 2763 3809 χρόνου
2793 3736 3033 3808 διαιροῦν
3063 3738 3156 3790 καὶ
3176 3735 3522 3804 διαζευγνύον
3546 3737 3608 3787 τὸ
3634 3753 3842 3805 συνημο

591 3840 853 3894 magnum
887 3825 1157 3895 quoddam
1196 3827 1342 3882 subit
1371 3828 1686 3894 discrimen,
1725 3847 1919 3904 magna
1949 3836 2155 3892 dilatio.

597 3914 809 3969 Etenim
845 3923 967 3985 post
1002 3915 1372 3972 bebdomades
1404 3921 1686 3990 sexaginta
1727 3921 1884 3984 duas,
1921 3923 2154 3992 primum

591 4005 760 4061 dicit:
801 4025 818 4057 ι
853 4005 1138 4062 Occidetur
1161 4010 1403 4064 Christus
1433 4019 1486 4066 et
1512 4011 1780 4081 judicium
1820 4029 1928 4068 non
1976 4024 2061 4070 est
2100 4018 2155 4070 in

587 4110 654 4150 eo
694 4096 774 4160 ³⁸ς
806 4115 824 4146 ι
859 4097 1003 4166 quod
1036 4098 1323 4153 manifeste
1354 4098 1584 4154 Herodis
1617 4103 1955 4172 temporibus
2007 4105 2154 4158 exitu

587 4189 873 4260 probatum
898 4197 1010 4254 est;
1037 4189 1160 4243 dein
1185 4189 1404 4259 subjicit
1438 4210 1452 4246 :
1499 4209 1516 4241 ι
1543 4187 1604 4244 Ει
1628 4193 1904 4248 civitatem
1931 4201 1984 4249 et
2025 4211 2154 4250 san-

585 4280 860 4333 ctuarium
883 4279 1168 4350 dissipabit
1203 4283 1435 4351 populus
1471 4298 1594 4336 cum
1612 4283 1748 4339 duce
1777 4293 2023 4340 venturo.
2059 4288 2102 4318 ³⁸
2127 4307 2146 4340 ι

586 4369 721 4437 Quis
756 4378 932 4425 autem
963 4372 1273 4442 dissipabit,
1301 4374 1408 4429 nisi
1443 4375 1747 4430 animarum
1772 4379 1940 4446 pestis
1962 4378 2152 4433 diabo-

585 4462 707 4518 lus?
737 4460 871 4528 Quis
903 4462 1012 4517 dux
1044 4473 1128 4519 est
1159 4472 1444 4526 venturus.
1472 4465 1575 4520 nisi
1609 4471 1701 4538 qui
1735 4470 1945 4538 primus
1968 4487 1997 4526 e
2019 4488 2149 4541 gen-

2261 3829 2417 3900 μένον
2448 3829 2547 3899 τῆς
2578 3832 2698 3882 κατ’
2730 3829 2943 3892 ἐκείνας
2971 3828 3068 3892 τὰς
3098 3828 3393 3898 ἑϐδομάδας
3418 3828 3680 3898 ἱστορίας.
3712 3829 3839 3880 Ἐπὶ

2255 3922 2311 3974 δὲ
2353 3923 2451 3992 τῆς
2480 3923 2881 3994 ἐπιφερομένης
2911 3920 3200 3992 ἑϐδομάδος
3229 3923 3357 3990 μιᾶς
3387 3921 3574 3991 μακρά
3616 3937 3700 3982 τις
3747 3923 3839 3972 καὶ

2255 4013 2712 4086 ἀπεσχοινισμένη
2769 4013 3023 4083 τυγχάνει
3075 4013 3343 4083 διαστολή.
3399 4010 3554 4064 Μετά
3597 4011 3704 4082 γὰρ
3736 4013 3839 4074 τάς

2253 4105 2546 4176 ἑϐδομάδας
2575 4106 2672 4168 τάς
2702 4106 2775 4175 ξβ¹
2804 4105 3018 4177 πρῶτόν
3052 4121 3233 4174 φησιν·
3285 4123 3302 4154 ι
3357 4103 3837 4174 Ἑξολοθρευθήσεο

2251 4216 2341 4252 ται
2385 4199 2584 4270 χρίσμα
2607 4237 2622 4262 ,
2651 4200 2742 4251 καλ⁸
2786 4202 2956 4270 κρῖμα
2991 4199 3090 4250 οὐκ
3115 4197 3257 4252 ἐστιν
3291 4199 3347 4249 ἐν
3380 4195 3544 4266 αὐτῷ,
3583 4215 3603 4246 ι
3659 4195 3686 4247 δ
3742 4195 3839 4248 καὶ

2254 4292 2516 4362 πρόδηλον
2541 4292 2662 4346 τίνα
2693 4292 2893 4362 τρόπον
2928 4290 3100 4362 πέρας
3129 4289 3349 4360 εἴληφεν
3391 4290 3482 4340 ἐπὶ
3511 4289 3620 4341 τῶν
3654 4287 3836 4360 Ἠρώ-

2251 4381 2341 4434 δου
2372 4383 2594 4454 χρόνων·
2633 4379 2749 4437 εἷτά
2776 4399 2924 4452 φησι·
2969 4401 2988 4433 ι
3029 4383 3137 4436 Καὶ
3171 4383 3268 4452 τὴν
3296 4380 3446 4433 πόλιν
3473 4382 3567 4433 καὶ
3593 4379 3654 4432 τὸ
3677 4381 3835 4448 ἀγιον

2250 4473 2531 4547 διαφθερεῖ
2563 4476 2656 4528 σὺν
2688 4475 2766 4546 τῷ
2802 4475 2863 4545 (ί.
2908 4473 2997 4538 42,
3034 4475 3112 4534 νο)
3158 4473 3447 4544 ἡγουμένῳ
3483 4471 3559 4542 τῷ
3595 4471 3832 4544 ἐρχομέ-

586 4555 734 4609 tibus
783 4555 862 4610 eis
910 4557 1194 4624 praefectus
1242 4565 1328 4612 est
1379 4557 1643 4622 Herodes,
1689 4577 2145 4633 successoresque

2267 4581 2369 4630 νῳ,›
2433 4564 2607 4627 Τίςδέ
2670 4565 3006 4636 διαφθερεῖῆ
3044 4564 3150 4618 τῶν
3179 4564 3364 4634 ψυχῶν
3423 4565 3451 4616 ὁ
3507 4563 3833 4633 διαφθορεὺς

585 4649 706 4718 ejus
734 4648 827 4718 qui
864 4664 1009 4704 nunc
1058 4665 1232 4718 usque
1264 4643 1574 4704 Iudaeorum
1608 4660 1887 4720 sceptrum
1921 4671 2148 4726 accepe-

584 4739 756 4794 runt?
784 4737 938 4792 Sicut
974 4741 1137 4810 igitur
1164 4740 1423 4810 pristinos
1455 4743 1640 4813 populi
1679 4744 1866 4808 duces,
1921 4761 2146 4817 magnos

586 4831 795 4886 scilicet
836 4831 1148 4886 sacerdotes
1186 4852 1205 4884 ι
1244 4833 1516 4889 christum
1541 4835 1731 4890 ducem
1793 4855 1812 4888 ι
1860 4838 2146 4909 allegorice

584 4923 802 4978 vocavit
832 4923 1137 4994 prophetia,
1175 4924 1250 4978 ita
1284 4923 1408 4979 illos
1439 4925 1552 4996 qui,
1584 4926 1860 4996 prioribus
1892 4931 2142 4995 sublatis,

585 5028 615 5067 e
643 5013 829 5083 gentili
861 5029 1056 5084 genere
1088 5015 1254 5070 rebus
1285 5016 1636 5086 praefuerunt,
1673 5036 1692 5068 ι
1731 5018 1923 5074 ducem
1949 5029 2145 5075 ventu-

585 5117 706 5158 rum
739 5123 758 5157 ι
789 5105 1107 5171 nominavit,
1137 5107 1324 5163 dicens
1358 5126 1370 5161 :
1412 5125 1431 5159 ι
1488 5110 1554 5162 Ει
1614 5110 1887 5165 civitatem
1933 5120 1986 5165 et
2016 5123 2145 5166 san-

583 5193 852 5247 ctuarium
886 5194 1174 5265 dissipabit
1229 5199 1460 5266 populus
1496 5215 1618 5254 cum
1654 5202 1790 5257 duce
1831 5211 2089 5270 venturo;
2121 5224 2139 5257 ι

583 5281 728 5351 quod
765 5282 979 5353 quidem
1010 5285 1254 5354 apertius
1294 5288 1488 5357 Aquila
1519 5291 1845 5359 signiﬁcavit
1877 5292 1978 5347 hoc
2027 5309 2142 5348 mo-

584 5367 676 5435 do,
707 5387 726 5420 ι
768 5369 834 5424 Et
867 5373 1142 5429 civitatem
1197 5387 1250 5430 et
1298 5380 1671 5434 sanctuarium
1717 5381 2004 5453 dissipabit
2047 5396 2145 5454 po-

583 5457 746 5529 pulus
775 5460 932 5518 ducis
976 5465 1210 5520 venturi.
1251 5486 1269 5518 »
1304 5469 1650 5538 Compertum
1683 5480 1768 5527 est
1815 5473 1959 5528 enim
2008 5489 2144 5544 quo-

660 5574 704 5607 ³⁸
745 5572 878 5631 Dan.
915 5593 991 5642 Ix,
1018 5577 1116 5657 26..
1185 5580 1233 5613 ³⁸
1274 5581 1403 5636 ibid.

662 5687 738 5750 (Ι)
771 5687 992 5750 Ioseph.
1019 5692 1195 5755 Antia.
1229 5711 1381 5758 xvm.
1414 5697 1468 5759 4,
1495 5700 1573 5764 5.,

2254 4657 2534 4722 διάϐολος;
2603 4658 2698 4721 Τίς
2745 4658 2803 4710 δὲ
2872 4658 3162 4730 ἐρχόμενος
3228 4656 3528 4726 ἡγούμενος
3596 4656 3630 4725 ἢ
3683 4658 3712 4708 ὁ
3772 4655 3833 4720 ἐξ

2253 4747 2420 4800 ἐθνῶν
2470 4747 2683 4820 πρῶτος
2729 4748 2908 4801 αὐτῶν
2938 4747 3284 4818 ἡγησάμενος
3316 4746 3582 4818 Ἡρώδης,
3633 4746 3730 4797 καὶ
3779 4748 3828 4798 ei

2255 4841 2368 4909 μετ’
2402 4839 2563 4892 αὐτὸν
2595 4841 2674 4902 εἰς
2702 4839 2862 4911 δεῦρο
2901 4840 2998 4910 τὴν
3045 4839 3186 4893 κατὰ
3233 4838 3496 4892 Ἰουδαίων
3529 4838 3828 4908 ἡγεμονίαν

2249 4928 2610 5000 διειληφότες;
2649 4930 2855 5001 Ὥσπερ
2897 4930 3026 4999 γοῦν
3059 4931 3183 4992 τοὺς
3234 4929 3400 4981 πάλαι
3447 4927 3626 4981 αὐτῶν
3660 4929 3819 4997 ἡγου·

2255 5020 2442 5090 μένους
2471 5021 2742 5094 ἀρχιερεῖς
2772 5041 2789 5073 ι
2813 5022 3032 5094 χριστὸν
3047 5022 3342 5093 ἡγούμενον
3368 5041 3384 5070 ι
3408 5018 3825 5089 αἰνιγματωδιξ

2252 5117 2542 5185 προσεῖπεν
2572 5117 2604 5186 ἡ
2630 5115 2950 5187 προφητεία,
2991 5115 3079 5168 τὸν
3110 5109 3271 5167 αύτὶν
3295 5113 3489 5184 τρόπον
3520 5113 3646 5174 τοὺς
3684 5112 3824 5181 μετά

2249 5205 2346 5275 τὴν
2380 5207 2599 5258 ἐκείνων
2635 5206 2974 5260 κατάπαυσιν
3012 5205 3070 5269 ἐξ
3121 5205 3289 5258 ἐθνῶν
3316 5205 3495 5257 αὐτῶν
3550 5203 3823 5274 ἄρξαντας

2255 5314 2272 5345 ι
2295 5296 2583 5366 ἐρχόμενον
2606 5297 2932 5367 ἡγούμενον»
2957 5289 3378 5368 προσηγόρευσε,
3404 5296 3638 5366 φήσασα·
3665 5313 3684 5344 ι
3713 5294 3823 5345 Καὶ

2250 5385 2346 5456 τὴν
2411 5386 2563 5440 πόλιν
2619 5388 2711 5441 καὶ
2757 5387 2816 5440 τὸ
2874 5387 3025 5456 ἅγιον
3074 5385 3350 5456 διαφθερεῖ
3391 5386 3488 5437 σὺν
3537 5382 3617 5453 τῷ
3653 5383 3820 5454 ﬂre?-

2256 5477 2404 5549 μένῳ
2455 5477 2532 5550 τῷ
2576 5479 2870 5551 ἐρχομένῳ·
2905 5499 2924 5532 ι
2964 5480 3098 5550 ὅπερ
3131 5478 3460 5549 σαφέστερον
3501 5477 3530 5530 ὁ
3587 5473 3823 5537 Ἀκύλας
