4070 6464
300 351 459 412 4189

1299 351 1593 411 Εειοθλε
1630 355 2350 417 ΡΗΟΡΗΕΤΙΟΕμ-ΜΒ.
2388 356 2482 415 ΠΙ.

3438 367 3576 425 M90

315 470 582 529 ἐκδέδωκε
635 473 902 545 ποιήσας,
939 490 958 523 ι
991 472 1100 526 Καὶ
1147 472 1247 545 τὴν
1297 474 1452 529 πόλιν
1501 477 1595 531 καὶ
1638 477 1700 530 τὸ
1749 476 1892 547 ἅγιοι

2007 476 2169 531 modo
2237 475 2475 546 populus
2540 473 2928 545 exercitusque
2994 475 3228 532 istorum
3291 479 3388 549 qui
3452 490 3578 551 post

311 560 592 638 διαφθερεῖ
648 565 775 629 λαὸς
820 565 1124 638 ἡγουμένου
1176 568 1494 639 ἐρχομένου.
1522 589 1541 621 1
1589 571 1699 624 Kal.
1760 571 1896 644 πρό-

312 656 475 730 δηλον
521 660 669 724 ὅπως
717 661 746 713 6
789 658 917 724 λαὸς
966 662 1061 715 καὶ
1105 660 1134 713 6
1180 661 1409 733 στρατὸς
1446 662 1555 723 τῶν
1589 662 1725 734 μετὰ
1771 664 1898 727 τοὺς

314 752 568 822 χριστοὺς
615 752 953 824 ἡγουμένους
1015 752 1113 824 τὴν
1180 753 1321 808 κατὰ
1399 753 1663 809 Ἰουδαίων
1720 755 1896 828 ἀρχὴν

311 843 709 916 διαδεξαμένων
767 846 826 913 ἐξ
878 846 1047 899 ἐθνῶν
1090 847 1409 919 ἡγουμένων
1436 888 1451 910 ,
1500 848 1682 919 νόμοις
1727 847 1896 905 ὲθνῶν

313 933 616 1009 χρώμενος,
670 937 763 990 καὶ
812 937 910 1007 τὴν
949 936 1100 992 πόλιν
1148 940 1242 993 καὶ
1289 939 1351 991 τὸ
1391 938 1546 1008 ἅγιον
1601 940 1893 1013 διέφθειρε,

315 1026 412 1082 καὶ
441 1028 471 1081 6
498 1028 639 1081 κατὰ
678 1027 912 1082 διάνοιαν
950 1029 1007 1082 δὲ
1049 1029 1158 1082 τῶν
1199 1029 1386 1102 ψυχῶν
1432 1031 1732 1103 ἡγούμενος
1767 1033 1895 1103 φθο-

314 1119 446 1191 ρεὺς
489 1121 587 1174 σὺν
635 1118 715 1190 τῷ
760 1120 1047 1192 ἡγουμένῳ
1095 1120 1173 1192 τῷ
1217 1123 1360 1176 κατὰ
1403 1122 1503 1195 τὴν
1557 1126 1894 1196 προφητείαν

313 1208 595 1281 ιληλυθότι
639 1212 818 1266 πᾶσαν
850 1210 1056 1283 φθορὰν
1093 1213 1435 1285 ὲνηργήσατο
1466 1214 1616 1288 αύτῷ
1662 1233 1722 1270 τε
1760 1218 1895 1289 πρόο

310 1320 470 1378 τερον
516 1305 596 1376 τῷ
640 1305 776 1377 λαῷ,
821 1308 1054 1371 καὶτοῖς
1100 1308 1198 1378 τὴν
1233 1309 1385 1363 πόλιν
1428 1309 1694 1364 ἐνοικοῦσι
1746 1312 1893 1365 πολί-

310 1404 453 1460 ταις,
491 1394 679 1449 ἔπειτα
723 1396 778 1450 δὲ
820 1399 917 1452 καὶ
966 1399 1045 1469 τῷ
1086 1398 1203 1468 ναῷ
1243 1401 1337 1453 καὶ
1378 1404 1443 1473 τῇ
1494 1402 1657 1456 πάλαι
1706 1420 1891 1457 συντε-

311 1480 548 1560 λουμένῃ
573 1489 629 1541 ὲν
663 1488 811 1559 αὐτῷ
839 1488 1083 1562 λατρείᾳ.
1109 1491 1219 1545 Καὶ
1245 1492 1450 1564 ταύτην
1484 1511 1547 1563 γε
1586 1495 1765 1549 αἰτίαν
1794 1499 1891 1567 τῆς

313 1578 630 1648 παραυτίκα
701 1580 1075 1650 γεγενημένης
1136 1581 1230 1639 τοῦ
1294 1584 1532 1653 Χριστοῦ
1590 1587 1891 1659 παρουσίας

313 1667 687 1738 προσημαῖνόν
718 1686 819 1721 που
842 1667 982 1723 θεῖον
1002 1668 1182 1740 λόγιόν
1222 1687 1405 1743 φησιν·
1437 1692 1455 1724 ι
1481 1674 1682 1745 Κύριος
1706 1677 1770 1729 ὲκ
1795 1675 1888 1729 τοῦ

310 1755 543 1828 ούρανοῦ
567 1756 815 1828 διέκυψεν
849 1758 940 1812 ἐπὶ
978 1760 1104 1823 τοὺς
1130 1758 1280 1824 υἱοὺς
1308 1760 1417 1814 τῶν
1449 1761 1773 1834 ἀνθρώπων,
1796 1762 1889 1817 τοῦ

317 1847 446 1902 ἰδεῖν
470 1848 519 1901 εί
558 1846 672 1901 ἐστι
722 1847 935 1912 συνιὼν,
965 1848 998 1920 ἢ
1027 1845 1273 1922 ἐκζητῶν
1326 1851 1418 1904 τὸν
1469 1828 1622 1906 Θεόν.
1680 1853 1889 1919 Πάντες
1922 1828 1963 1883 Β

313 1938 609 2006 ἐξέκλιναν,
643 1940 759 2012 ἅμα
780 1939 1187 2014 ὴχρειώθησαν,
1204 1944 1303 1997 οὐκ
1335 1943 1450 1998 ἔστι
1466 1944 1635 1999 ποιῶν
1657 1944 1890 2019 χρηστό-

311 2049 472 2104 τητα,
501 2034 601 2088 οὑκ
630 2033 780 2089 ἔστιν
802 2034 907 2099 ἕως
933 2034 1067 2099 ἑνός.
1094 2055 1112 2087 1
1150 2031 1265 2090 Εἶθ’
1288 2033 1364 2102 ὡς
1401 2037 1757 2111 διεφθορότων
1781 2036 1890 2093 τῶν

313 2125 806 2198 προδεδηλωμένων
822 2125 889 2179 τὰ
908 2125 1281 2199 διαληψόμενα
1301 2129 1497 2194 αὐτοὺς
1521 2131 1890 2204 προδιδάσκων

311 2219 342 2271 6
372 2216 529 2286 λόγος
551 2218 709 2290 φησί·
749 2238 767 2269 ι
802 2220 913 2273 Καὶ
948 2221 1277 2291 κοπήσονται
1303 2223 1362 2275 έν
1394 2221 1472 2293 τῷ
1499 2222 1886 2296 κατακλυσμῷ,

314 2309 409 2363 καὶ
438 2311 532 2363 ἐπὶ
559 2310 813 2365 τοσοῦτόν
841 2327 903 2380 γε
931 2312 1284 2383 κοπήσονται,
1305 2312 1410 2377 ἕως
1431 2313 1621 2378 τέλους
1653 2314 1889 2387 πολέμου

314 2400 753 2474 συντετμημένου
786 2404 1145 2473 ἀφανισμοῖς·
1170 2422 1189 2454 1
1232 2403 1314 2457 ἔτι
1368 2405 1423 2458 δὲ
1457 2406 1660 2460 τούτων
1708 2424 1893 2461 συντε-

312 2487 587 2561 λουμένων
615 2508 675 2544 τε
701 2492 795 2545 καὶ
817 2492 1244 2564 ἐνεργουμένων,
1270 2512 1289 2543 ι
1311 2494 1420 2547 Καὶ
1451 2495 1756 2567 δυναμώσει
1775 2497 1891 2551 δια-

315 2581 491 2654 θήκην
517 2581 733 2647 πολλοῖς
771 2582 1004 2654 ἑϐδομὰς
1058 2583 1177 2654 μία.
1204 2604 1222 2633 1
1265 2584 1414 2655 Αὕτη
1446 2586 1491 2639 δ’
1521 2585 1588 2641 ἂν
1620 2588 1704 2659 εἴη
1738 2590 1770 2658 ἡ
1796 2588 1890 2642 τοῦ

315 2674 584 2746 σωτηρίου
620 2675 995 2747 κηρύγματος,
1028 2676 1094 2729 δι’
1123 2671 1185 2732 οῦ
1212 2677 1312 2747 τῆς
1345 2679 1555 2749 Καινῆς
1584 2679 1685 2750 τὴν
1711 2680 1892 2751 παρά-

311 2766 457 2821 δοσιν
484 2767 758 2839 Διαθήκης
798 2768 826 2819 ὁ
867 2768 1058 2841 Σωτὴρ
1088 2770 1182 2822 καὶ
1231 2768 1436 2841 Κύριος
1475 2770 1634 2841 ἡμῶν
1685 2770 1891 2843 Ἰησοῦς

311 2857 547 2929 Χριστὸς
596 2860 654 2910 ἐν
710 2857 924 2921 πολλοῖς
974 2857 1389 2928 μαθητευθεῖσιν
1449 2860 1597 2931 αύτῷ
1642 2862 1891 2916 ἐνεδυνά-

315 2964 499 3018 μωσε·
537 2948 661 3001 τοτὲ
694 2948 792 3018 μὲν
828 2948 934 3021 πρὸ
976 2947 1071 3001 τοῦ
1114 2948 1318 3013 πάθους
1355 2948 1528 3002 συνὼν
1571 2950 1753 3013 αὐτοῖς
1798 2952 1893 3005 καὶ

312 3038 862 3111 συμπολιτευόμενος,
904 3042 1026 3094 τοτὲ
1050 3040 1108 3094 δὲ
1146 3042 1238 3093 καὶ
1274 3060 1293 3091 ι
1323 3040 1461 3110 μετὰ
1490 3041 1590 3111 τὴν
1627 3042 1891 3114 ἀνάληψιν

308 3129 376 3183 δι’
398 3130 622 3203 ἡμερῶν
643 3137 693 3203 μ’
714 3132 1078 3204 ὀπτανόμενος
1100 3133 1282 3196 αὐτοῖς
1299 3134 1392 3186 καὶ
1412 3132 1887 3204 συναυλιξόμενος,
1916 3164 1957 3221 C

312 3222 408 3275 καὶ
427 3223 599 3292 λέγων
631 3223 700 3278 τά
736 3225 863 3296 ϊιερλ⁵
887 3228 985 3295 τῆς
1008 3224 1285 3295 βασιλείας
1312 3224 1403 3278 τοῦ
1425 3224 1559 3279 Θεοῦ
1580 3243 1593 3255 ·
1621 3244 1640 3277 1
1675 3225 1756 3279 διὸ
1789 3228 1884 3281 καὶ

318 3334 339 3368 t
364 3318 743 3389 παρήγγελλεν
786 3320 969 3382 αὐτοῖς
1004 3318 1109 3373 ἀπὸ
1153 3317 1538 3390 Ἱεροσολύμων
1594 3318 1668 3392 μὴ
1714 3320 1883 3392 χωρί-

313 3407 516 3471 ζεσθαι.
546 3428 565 3459 1
610 3409 827 3480 Ταύτης
873 3410 929 3463 δὲ
976 3412 1075 3481 τῆς
1122 3409 1413 3480 ἑϐδομάδος
1471 3410 1529 3464 ἐν
1572 3410 1650 3482 τῷ
1696 3412 1884 3483 ἡμίσει

311 3497 378 3553 δι’
399 3499 466 3571 ἡν
494 3500 758 3554 πέπονθεν
793 3502 898 3555 ὑπὸ
927 3502 1195 3556 Ἰουδαίων
1222 3502 1513 3574 ἐπιϐουλὴν
1544 3504 1640 3557 καὶ
1672 3504 1738 3558 τὰ
1758 3502 1887 3556 ἀκό-

310 3588 476 3647 λουθα
502 3596 600 3665 τῆς
640 3594 790 3658 θείας
823 3593 1116 3666 ἐπληρώθη
1145 3594 1533 3666 προρρήσεως·
1580 3596 1723 3666 ἀμφὶ
1755 3594 1886 3664 γεῦν

312 3682 381 3737 τὰ
404 3684 532 3754 τρία
558 3685 730 3756 ἥμισυ
771 3685 864 3757 ἔτη
905 3686 1148 3758 κηρύξας
1177 3686 1271 3741 καὶ
1306 3686 1412 3739 ἀπὸ
1448 3686 1547 3756 τῆς
1579 3686 1686 3739 τῶν
1711 3688 1889 3755 Εὐαγ-

313 3772 507 3840 γελὲων
538 3775 868 3846 παρίσταται
890 3775 1111 3847 γραφῆς
1129 3792 1142 3805 ·
1169 3774 1249 3829 διὸ
1277 3776 1491 3847 εἴρηται
1508 3791 1521 3803 ·
1553 3794 1571 3825 ι
1600 3776 1710 3829 Καὶ
1732 3777 1788 3828 ἐν
1811 3772 1889 3846 τῷ

1997 566 2237 622 christos
2293 566 2466 622 duces
2520 566 2577 621 in
2636 566 2855 622 Iudaeos
2915 568 3206 640 imperium
3263 572 3576 639 obtinuere,

1995 658 2237 730 gentium
2297 673 2433 714 usus
2485 658 2720 730 legibus,
2769 661 3161 732 civitatemque
3213 671 3269 719 et
3314 674 3577 721 sanctuao

1996 748 2137 803 rium
2198 749 2595 821 pessumdedit,
2639 759 2695 806 et
2740 753 3011 825 spirituali
3049 770 3213 811 sensu
3264 757 3572 813 animarum

1995 843 2155 913 quasi
2205 844 2376 913 pestis
2408 843 2609 910 factus,
2647 859 2771 900 cum
2820 845 2959 902 duce
2988 849 3104 918 qui,
3133 849 3293 918 juxta
3334 852 3575 921 prophe-

1994 929 2151 993 tiam,
2172 931 2284 1000 jam
2317 941 2562 999 venerat,
2607 948 2823 988 omnem
2854 937 3155 1004 perniciem
3189 939 3242 992 in
3275 942 3570 1010 pristinum

1993 1023 2253 1094 p0pulum
2273 1032 2437 1094 atque
2466 1025 2521 1078 in
2538 1025 2774 1080 civitatis
2794 1026 3029 1091 incolas,
3058 1030 3185 1084 dein
3204 1032 3259 1085 in
3285 1033 3569 1102 templum,

1993 1122 2343 1185 veteremque
2402 1118 2609 1170 cultum
2663 1117 2718 1170 in
2770 1132 2837 1172 eo
2894 1118 3158 1174 usitatum
3212 1124 3567 1193 excogitavit.

1994 1202 2148 1260 Hauc
2173 1220 2303 1261 vero
2329 1221 2555 1260 causam
2584 1205 2790 1260 Christi
2849 1208 3245 1266 incarnationis
3288 1228 3409 1282 qua:
3439 1228 3568 1283 pro-

1993 1298 2145 1353 tinus
2171 1298 2313 1353 facta
2344 1305 2450 1362 est,
2500 1298 2904 1368 quodammodo
2937 1303 3176 1358 ostendit
3204 1304 3388 1360 divina
3417 1305 3571 1361 Scri-

1995 1399 2154 1461 ptura
2177 1390 2370 1447 dicens
2411 1409 2426 1448 :
2481 1409 2500 1442 ι
2545 1390 2810 1448 Dominus
2838 1394 2905 1449 de
2934 1395 3075 1450 cmlo
3100 1399 3382 1468 prospexit
3405 1416 3571 1471 super

1993 1484 2134 1539 ﬁlios
2164 1485 2472 1549 hominum,
2508 1492 2571 1539 ut
2591 1484 2773 1540 videat
2798 1485 2844 1540 si
2870 1494 2955 1540 est
2985 1487 3318 1560 intelligens,
3355 1500 3449 1545 aut
3479 1508 3567 1546 re-

1990 1575 2217 1646 quirens
2246 1574 2441 1631 Deum.
2473 1576 2677 1632 Omnes
2696 1576 3128 1644 declinaverunt,
3147 1582 3310 1636 simul
3341 1583 3566 1640 inutiles

1992 1665 2121 1722 facti
2152 1676 2281 1723 sunt
2310 1686 2329 1723 :
2370 1684 2481 1724 non
2525 1677 2610 1725 est
2644 1669 2738 1739 qui
2772 1669 2939 1726 faciat
2965 1672 3188 1738 bonum,
3225 1689 3336 1729 non
3362 1685 3445 1731 est
3469 1692 3565 1731 us—

1991 1774 2097 1829 que
2126 1762 2193 1814 ad
2223 1778 2393 1817 unum
2424 1763 2493 1819 ³⁷.
2527 1782 2545 1817 1
2577 1763 2709 1819 Dein
2743 1766 2797 1820 in
2824 1765 2960 1821 istos
2987 1764 3054 1819 ad
3075 1766 3179 1820 hoc
3203 1767 3570 1838 corruptionis

1991 1854 2310 1924 provolutus
2340 1871 2462 1926 qua:
2491 1856 2750 1927 ingruant
2785 1858 3126 1913 calamitates
3151 1858 3388 1914 edocens
3417 1859 3569 1915 Scri-

1991 1952 2152 2013 ptura
2183 1944 2257 1999 ait
2288 1964 2301 1999 :
2334 1964 2351 1997 ι
2390 1945 2456 1999 Ει
2491 1946 2613 2001 [luis
2658 1948 2778 2017 ejus
2818 1949 3069 2012 vastitas,
3130 1959 3183 2003 et
3237 1962 3361 2019 post
3404 1950 3567 2007 tinem

1991 2034 2120 2090 belli
2175 2045 2379 2091 statuta
2411 2037 2681 2093 desolatio
2714 2039 2780 2094 ³⁸.
2830 2060 2848 2092 1
2889 2038 3021 2105 Quae
3069 2055 3192 2094 cum
3241 2042 3567 2108 acciderint,

1995 2145 2015 2178 ι
2049 2129 2391 2184 conﬁrmabit
2438 2143 2661 2201 pactum
2713 2133 2899 2187 multis
2966 2132 3307 2188 hebdomada
3374 2149 3500 2189 una.
3542 2151 3562 2186 1

1991 2215 2106 2274 Hoc
2172 2233 2304 2276 vero
2366 2232 2585 2292 pactum
2658 2224 2793 2278 nihil
2847 2224 2993 2279 aliud
3045 2232 3129 2279 est
3193 2239 3258 2278 ac
3306 2226 3568 2282 salutaris

1991 2310 2306 2380 praedicatio
2339 2328 2448 2382 qua
2490 2310 2747 2368 Salvator
2785 2311 3160 2383 Dominusque
3188 2322 3376 2369 noster
3402 2312 3567 2371 Jesus

1992 2400 2246 2457 Christus
2273 2401 2686 2459 Testamentum
2723 2403 2933 2460 Novum
2963 2405 3018 2459 in
3055 2405 3242 2461 multis
3273 2405 3565 2475 discipulis

1993 2491 2110 2546 suis
2134 2480 2481 2547 conﬁrmavit
2513 2510 2526 2547 :
2552 2502 2668 2549 tum
2703 2496 2922 2565 quidem
2957 2504 3083 2549 ante
3107 2498 3417 2565 passionem
3436 2511 3564 2550 eum

1991 2580 2075 2635 eis
2108 2582 2294 2638 vivens
2320 2598 2386 2639 ac
2414 2593 2799 2651 conversatus,
2839 2596 2956 2641 tum
2982 2602 3113 2642 vero
3145 2605 3163 2636 ι
3196 2594 3321 2657 post
3351 2588 3567 2657 passio-

1994 2688 2116 2728 nem
2150 2688 2304 2728 suam
2338 2690 2435 2745 per
2473 2676 2590 2732 dies
2619 2676 2979 2749 quadraginta
3009 2693 3281 2749 apparens
3324 2679 3407 2734 eis
3436 2693 3569 2733 con-

1991 2765 2251 2835 gregatis,
2308 2774 2362 2821 et
2410 2767 2640 2838 loquens
2689 2769 2758 2824 de
2808 2784 2977 2839 regno
3022 2767 3207 2824 Dei".
3262 2787 3281 2821 1
3334 2768 3570 2840 Ideoque

1999 2874 2017 2906 ι
2057 2858 2314 2927 praecepit
2363 2860 2444 2914 eis
2491 2860 2558 2914 ab
2610 2858 2969 2931 Jer‘o'solymis
3020 2877 3089 2916 ne
3120 2861 3488 2918 discederent.
3538 2880 3559 2915 1

1991 2947 2167 3017 Hujus
2197 2965 2324 3003 vero
2346 2950 2704 3007 hebdomadis
2734 2953 2788 3006 in
2822 2952 3070 3017 dimidio,
3101 2959 3277 3008 morte
3306 2968 3471 3023 quam
3496 2954 3567 3008 ab

1992 3036 2196 3094 Judaais
2221 3056 2511 3111 perpessus
2547 3049 2651 3104 est,
2688 3043 2907 3112 impleta
2931 3053 3060 3097 sunt
3091 3043 3289 3099 divinae
3327 3043 3567 3113 prophe-

1993 3132 2081 3185 tiae
2108 3132 2313 3202 reliqua
2335 3149 2349 3200 ;
2380 3147 2502 3187 cum
2517 3133 2737 3202 quidem
2758 3151 2854 3205 per
2872 3144 2983 3189 tres
3000 3149 3174 3189 annos
3195 3142 3250 3189 et
3270 3135 3563 3190 dimidium

1991 3222 2342 3295 Evangelium
2366 3223 2743 3295 praedicatum.
2764 3240 2827 3279 ac
2851 3226 3048 3280 deinde
3066 3228 3442 3295 conscriptum
3459 3233 3567 3289 est,

1990 3330 2160 3385 quare
2194 3315 2396 3369 dicitur
2421 3336 2434 3371 :
2462 3335 2480 3366 ι
2506 3318 2562 3371 In
2585 3317 2763 3371 medio
2783 3315 3140 3372 hebdomadis
3157 3316 3568 3371 deﬁciethostia

1991 3413 2043 3460 et
2057 3405 2385 3461 sacriﬁcium
2406 3407 2471 3460 ⁸ο.
2489 3428 2505 3459 1
2530 3408 2755 3463 Constat
2783 3407 2927 3463 enim
2958 3422 3055 3477 per
3079 3410 3391 3478 passionem
3418 3406 3570 3462 defe-

1992 3501 2134 3553 cisse
2164 3499 2398 3554 hostiam
2428 3500 2592 3555 simul
2627 3510 2681 3555 et
2717 3499 3088 3564 sacriﬁcium;
3134 3499 3374 3570 quando,
3405 3499 3570 3568 juxta

1994 3590 2413 3663 Evangeliorum
2456 3594 2854 3657 narrationem,
2894 3609 2913 3643 ι
2959 3593 3135 3648 velum
3183 3592 3372 3661 templi
3422 3591 3570 3647 scis-

1996 3698 2116 3737 sum
2133 3692 2218 3739 est
2239 3685 2291 3739 in
2318 3685 2454 3739 duas
2473 3694 2654 3754 partes
2681 3701 2709 3737 a
2735 3699 2950 3740 summo
2978 3690 3153 3755 usque
3169 3684 3426 3740 deorsum
3446 3683 3491 3717 “
3514 3702 3565 3753 ;1

1992 3776 2258 3847 juxtaque
2284 3775 2506 3846 Josephi
2541 3778 2827 3831 historiam
2862 3796 2875 3831 :

312 3864 501 3936 ἡμίσει
535 3865 632 3936 τῆς
656 3865 947 3936 ἑϐδομάδος
969 3866 1272 3939 ἀρθήσεται
1305 3866 1466 3920 θυσία
1501 3866 1596 3920 καὶ
1628 3866 1863 3938 σπονδή·
1900 3886 1919 3918 1
1961 3868 2056 3919 καὶ
2087 3865 2255 3937 σαφές
2282 3882 2344 3936 γε
2394 3868 2541 3932 ὅπως
2577 3868 2694 3938 ἅμα
2739 3869 2818 3940 τῷ
2864 3868 3025 3922 πάθει
3063 3869 3289 3940 δυνάμει
3336 3868 3478 3941 ῆρθη
3511 3866 3574 3937 ἐξ

314 3953 493 4010 αὐτῶν
522 3954 681 4010 θυσία
722 3955 817 4008 καὶ
850 3957 1088 4028 σπονδή·
1119 3955 1209 4010 ὅτε
1254 3956 1394 4012 κατὰ
1430 3956 1526 4028 μὲν
1554 3956 1650 4029 τὴν
1681 3956 1791 4009 τῶν
1818 3953 2165 4026 Εὑαγγελίων
2205 3959 2425 4030 γραφὴν
2475 3977 2495 4010 ι
2538 3956 2599 4011 τὸ
2620 3959 3018 4031 καταπέτασμα
3058 3959 3153 4013 τοῦ
3191 3958 3321 4015 ναοῦ
3349 3960 3571 4032 ἐσχίσθη

321 4047 430 4101 ἀπὸ
459 4044 665 4099 ἄνωθεν
699 4044 805 4108 ἓως
836 4045 1014 4099 κάτω·
1046 4065 1063 4098 1
1101 4046 1245 4100 κατὰ
1272 4046 1327 4100 δὲ
1374 4046 1471 4119 τὴν
1505 4046 1597 4100 τοῦ
1636 4048 1900 4118 Ἰωσήπου
1944 4048 2204 4119 ἱστορίαν·

391 4158 410 4192 ι
432 4139 520 4194 Ἐν
547 4140 682 4210 αὐτῇ
714 4139 1142 4210 τῇΠεντηκοστῇ
1173 4139 1387 4211 νύκτωρ
1402 4140 1451 4192 οἱ
1487 4140 1651 4211 ἱερεῖς
1682 4138 1886 4210 παρελ-

315 4229 499 4293 θόντες
526 4231 605 4293 είς
627 4227 688 4282 τὸ
729 4227 892 4299 ἱερὸν,
924 4226 1113 4300 ὥσπερ
1146 4229 1329 4293 αὐτοῖς
1363 4228 1483 4293 ἔθος
1503 4224 1590 4301 ῆν,
1627 4228 1763 4301 πρὸς
1789 4229 1887 4293 τὰς

314 4321 674 4395 λειτουργίας,
717 4321 932 4394 πρῶτον
965 4320 1063 4392 μὲν
1108 4322 1374 4392 κινήσεως
1395 4320 1605 4391 ἔφασαν
1630 4319 1892 4391 ἀντιλαμ-

2069 4156 2088 4189 ι
2128 4139 2188 4193 1n
2235 4136 2351 4208 ipsa
2398 4135 2720 4193 Pentecoste
2759 4147 2924 4192 noctu
2972 4137 3286 4194 sacerdotes
3334 4140 3389 4193 in
3434 4147 3576 4196 temo

1992 4228 2138 4297 plum
2186 4228 2482 4298 progressi,
2534 4229 2679 4283 sicut
2722 4237 3142 4293 consueverant,
3178 4226 3245 4283 ad
3280 4244 3437 4285 sacra
3491 4231 3575 4285 fa-

1989 4320 2264 4385 ciendum,
2300 4323 2478 4395 primo
2525 4328 2732 4377 motum
2779 4321 3150 4376 vehementem
3195 4336 3321 4375 cum
3354 4321 3577 4394 fragon

318 4417 575 4472 ϐάνεσθαι
601 4417 697 4472 καὶ
728 4416 958 4480 κτύπου,
995 4416 1132 4487 μετὰ
1164 4414 1221 4469 δὲ
1251 4415 1423 4470 ταῦτα
1452 4416 1634 4486 φωνῆς
1661 4411 1881 4487 ἀθρόας·

1993 4411 2195 4466 factum
2224 4429 2346 4469 esse
2374 4414 2651 4475 dixerunt,
2683 4412 2808 4468 dein
2842 4426 3091 4483 magnam
3121 4412 3297 4467 audiri
3339 4428 3525 4469 vocem
3554 4431 3570 4470 :

324 4531 343 4565 ι
371 4510 972 4582 Μεταϐαίνομεν(ωμεν)
998 4507 1265 4562 ἐντεῦθεν.
1295 4527 1314 4560 1

389 4603 571 4658 Ταῦτα
589 4602 644 4656 δὲ
670 4600 811 4656 κατὰ
836 4599 978 4665 λέξιν
1002 4600 1095 4655 καὶ
1114 4601 1276 4674 ἔτερα
1298 4600 1506 4665 τούτοις
1535 4599 1886 4672 παραπλήσια

319 4697 436 4759 ταῖς
478 4695 741 4766 ἱστορίαις
776 4691 1047 4765 παραδοὺς
1086 4696 1115 4747 6
1157 4692 1416 4764 Ἰώσηπος
1466 4692 1776 4763 συμϐάλοιτ’
1822 4691 1886 4746 ἂν

320 4788 448 4858 ἡμῖν
471 4788 549 4849 είς
580 4784 850 4851 ἀπόδειξιν
865 4784 957 4838 τοῦ
985 4783 1209 4856 δυνάμει
1227 4783 1479 4838 λελύσθαι
1513 4798 1571 4837 τε
1599 4784 1693 4837 καὶ
1718 4784 1887 4858 καθῃ-

324 4875 514 4947 ρῆσθαι
546 4874 681 4947 μετὰ
704 4874 765 4927 τὸ
792 4877 1054 4944 σωτήριον
1083 4873 1252 4936 πάθος
1278 4874 1345 4926 τὰ
1377 4874 1476 4940 τῆς
1501 4874 1592 4928 τοῦ
1618 4873 1748 4928 λαοῦ
1782 4892 1888 4927 σω-

323 4967 559 5038 ματικῆς
590 4966 862 5039 λατρείας.
900 4963 1031 5020 Οἶδα
1061 4961 1117 5018 δὲ
1149 4963 1243 5019 καὶ
1288 4965 1451 5035 ἀλλην
1489 4967 1569 5029 είς
1608 4964 1706 5038 τὴν
1740 4965 1888 5019 ἐϐδο-

324 5057 463 5129 μάδα
489 5060 588 5130 τὴν
616 5078 633 5111 ι
669 5056 1064 5130 δυναμὼσασαν
1108 5056 1370 5127 διαθήκην
1404 5057 1615 5121 πολλοῖς
1639 5078 1655 5108 1
1695 5056 1888 5111 ἀποδο-

322 5149 502 5205 θεῖσαν
547 5152 874 5224 έρμηνείαν·
921 5150 1126 5222 ταύτην
1159 5149 1267 5220 γὰρ
1301 5151 1380 5212 είς
1417 5150 1515 5221 τὴν
1562 5153 1618 5203 ὲν
1668 5149 1888 5204 δεκάσιν

322 5241 587 5315 ἑϐδομάδα
618 5244 933 5315 μεταλαϐὼν
958 5248 986 5299 6
1018 5245 1171 5314 λόγος
1200 5243 1439 5315 παρίστη
1475 5243 1564 5296 τὸν
1597 5243 1887 5314 σύμπαντα

323 5333 429 5388 τῶν
456 5335 765 5388 ἀποστόλων
794 5335 981 5408 χρόνον
1009 5338 1089 5400 είς
1121 5334 1638 5406 ὲϐδομηκονταετίαν
1679 5333 1886 5387 συντεί-

324 5441 456 5491 νειν,
487 5425 546 5479 ὲν
624 5425 684 5479 τὸ
714 5429 977 5498 κήρυγμα
1019 5426 1119 5498 τῆς
1148 5427 1356 5498 Καινῆς
1390 5424 1663 5497 Διαθήκης
1704 5424 1885 5478 οὐκέτι

327 5514 427 5585 ἐνὶ,
453 5516 587 5570 ἀλλὰ
623 5516 832 5582 πολλοῖς
863 5516 1039 5571 ἔθνεσι
1078 5517 1347 5590 κηρυχθὲν
1379 5518 1459 5581 είς
1499 5517 1677 5569 πᾶσαν
1711 5516 1889 5569 ἐνεδυ-

398 5673 441 5707 ⁸¹¹
482 5673 625 5733 Psal.
665 5691 802 5739 xm,
838 5676 907 5740 2,
940 5675 992 5732 5.
1070 5674 1113 5707 ³⁸
1154 5674 1286 5730 Dan.
1320 5690 1409 5737 ιι,
1439 5672 1530 5728 26.

402 5814 478 5883 (ι)
509 5813 729 5884 Joseph.
765 5814 839 5870 Dr
866 5815 998 5871 bello
1026 5814 1183 5880 1m.
1217 5832 1290 5882 γι,
1325 5815 1378 5883 s,
1415 5814 1467 5868 ε.

1607 5672 1651 5706 ⁸³
1690 5673 1810 5727 Act.
1846 5687 1898 5738 1,
1927 5672 1961 5727 5

1999 4524 2018 4557 ι
2053 4504 2193 4560 Hinc
2217 4505 2569 4577 cgrediamur
2595 4504 2697 4579 (l).
2738 4525 2757 4558 1

2065 4596 2187 4652 Haec
2217 4613 2493 4668 expresse,
2530 4598 2746 4667 aliaque
2792 4597 2876 4653 his
2903 4596 3101 4653 similia
3141 4594 3412 4667 Josephus
3445 4607 3569 4651 cum

1994 4689 2048 4742 in
2084 4688 2329 4742 historiis
2372 4686 2579 4751 refert,
2626 4688 2912 4742 nobiscum
2975 4685 3192 4741 videtur
3239 4682 3571 4745 consentire,

1994 4779 2494 4835 demonstrantibus
2534 4780 2711 4848 reipsa
2746 4778 2984 4833 solutum
3021 4791 3085 4830 ac
3125 4775 3359 4830 deletum
3403 4773 3575 4828 fuisse

1995 4879 2118 4941 post
2152 4868 2451 4924 Salvatoris
2495 4871 2804 4940 passionem
2854 4881 3179 4938 corporeum
3229 4865 3412 4935 populi
3456 4867 3577 4919 cul-

1992 4972 2128 5017 tum.
2156 4962 2415 5018 Novimus
2441 4964 2602 5016 aliam
2636 4975 2853 5030 quoque
2902 4960 2970 5015 de
3012 4957 3351 5013 hebdomade
3386 4974 3405 5007 ι
3441 4969 3575 5010 con-

1995 5055 2274 5109 ﬁrmatura
2309 5065 2524 5124 pactum
2552 5052 2739 5108 multis
2776 5072 2792 5104 1
2829 5052 3013 5107 datam
3048 5045 3569 5118 interpretationem.

1994 5145 2120 5201 Haec
2150 5148 2293 5202 enim
2325 5145 2686 5208 hchdomada,
2715 5142 2872 5215 quasi
2903 5151 3108 5212 septem
3138 5138 3417 5195 decenniis
3439 5153 3574 5192 con-

1994 5247 2169 5303 stans,
2210 5252 2371 5293 omne
2405 5237 2775 5306 apostolorum
2822 5243 3058 5305 tempus,
3100 5233 3313 5287 scilicet
3354 5238 3575 5300 septua-

1992 5333 2139 5405 ginta
2174 5348 2348 5389 annos
2375 5334 2617 5388 indicare
2654 5333 2951 5396 videretur,
2982 5331 3183 5402 quibus
3213 5328 3345 5385 Novi
3375 5327 3571 5384 Testa-

1992 5426 2157 5479 menti
2206 5424 2519 5495 praedicatio
2570 5424 2754 5479 habita
2804 5430 2909 5487 est,
2960 5422 3104 5493 quod
3152 5436 3259 5475 non
3312 5420 3424 5483 uni,
3475 5420 3569 5475 sed

1995 5517 2181 5572 multis
2212 5517 2593 5572 annuntiatum
2621 5516 2874 5587 gentibus
2905 5530 2999 5585 per
3024 5514 3335 5569 universam
3367 5520 3567 5567 terram

2058 5671 2102 5704 ⁸⁸
2143 5670 2279 5727 Dan.
2312 5687 2364 5725 1x
2386 5709 2406 5736 ,
2436 5670 2527 5727 27.
2603 5671 2646 5704 ⁵³
2695 5670 2883 5725 Matth.
2919 5684 3102 5731 xxv",
3136 5668 3223 5724 51.
