4096 6412
553 357 687 418 1191

1259 361 1527 419 EUSEBII
1560 362 2043 424 CIESABIENSIS
2080 366 2106 424 ί

2206 376 2232 426 ⁵.
2273 370 2475 428 PARS.
2516 372 2605 429 III.
2647 405 2718 417 —
2755 374 3167 435 EXEGETICA.

3671 380 3818 441 “92

551 482 931 536 conﬁrmatum
963 486 1066 536 est.
1116 479 1328 537 Etenim
1375 482 1624 541 historiis
1661 494 1807 557 patet
1843 485 2106 546 Joannem

2238 492 2465 566 ναμώθη
2497 494 2597 567 τὴν
2620 497 2960 570 οἰκουμένην.
2996 498 3107 552 Καὶ
3142 498 3251 572 γάρ
3297 495 3393 554 οὖν
3423 501 3489 556 ὲκ
3531 502 3644 557 τῶν
3671 504 3816 560 ἱστο-

549 572 754 630 Christi
799 574 1150 644 discipulum,
1184 584 1310 647 post
1352 586 1585 633 mortem
1639 578 1874 647 Domini,
1909 594 2134 654 septua-

541 664 699 746 ginta
745 667 903 723 annis
941 670 1291 739 superstitem
1327 670 1552 738 vixisse,
1602 672 1813 728 scilicet
1847 690 2025 745 usque
2066 675 2135 730 ad

547 758 1057 835 'I'rajaniregunm;
1085 764 1351 836 juxtaque
1394 766 1537 822 hanc
1582 769 1910 823 sententiam
1957 772 2133 826 mani-

546 850 747 909 festum
773 864 859 910 est
892 858 1067 912 media
1098 857 1200 912 hac
1234 857 1623 914 decenuiorum
1672 860 2012 921 hebdomade
2037 866 2128 923 de-

545 942 744 1001 fecisse
767 946 1001 1002 hostiam
1042 956 1095 1004 et
1128 951 1479 1019 sacrificium,
1510 960 1673 1022 atque
1707 971 1727 1005 ι
1766 954 2133 1012 abominatio-

543 1053 668 1094 nem
694 1038 1053 1097 desolationis
1089 1060 1108 1094 ι
1145 1044 1201 1097 in
1243 1042 1365 1098 loco
1396 1052 1591 1100 sancto
1623 1046 1922 1103 exstitisse.
1964 1047 2132 1104 Nam-

542 1148 649 1203 que
687 1147 718 1186 a
765 1130 1067 1189 Salvatoris
1114 1135 1293 1191 nostri
1325 1137 1730 1194 resurrectione
1774 1138 1841 1194 ad
1884 1141 2129 1197 ultimam

544 1226 648 1279 sub
687 1223 1022 1297 Vespasiano
1077 1231 1534 1302 oppugnationem
1587 1232 1760 1303 elapsi
1817 1243 1947 1289 sunt
1999 1236 2127 1290 anni

544 1316 786 1388 quinque
847 1327 901 1373 et
952 1321 1214 1390 triginta;
1271 1324 1470 1393 quibus
1522 1332 1800 1381 constaret
1858 1325 2130 1396 pmdicta:

542 1408 901 1466 hebdomadis
946 1409 1250 1469 dimidium.
1293 1415 1507 1471 Etenim
1556 1416 1792 1474 ﬂammis
1838 1426 1894 1474 et
1941 1427 2126 1474 vasta-

540 1499 689 1555 tione
734 1502 955 1571 penitus
1004 1502 1183 1560 deleto
1232 1515 1413 1564 vetere
1460 1524 1620 1565 sacro
1654 1523 1952 1583 sanctoque
1990 1520 2128 1568 tem-

537 1589 629 1660 pio
668 1590 781 1648 haec
831 1594 1167 1652 hebdomada
1215 1611 1593 1657 consummata
1622 1612 1728 1660 est.
1760 1603 1940 1677 Atque
1967 1605 2119 1669 illud,

543 1699 564 1733 ι
600 1680 824 1740 Deficiet
869 1686 1048 1742 hostia
1087 1697 1140 1744 et
1189 1692 1543 1759 sacriﬁcium,
1574 1703 1628 1751 et
1660 1696 1764 1751 erit
1813 1698 1867 1752 in
1921 1698 2121 1768 templo

537 1773 871 1831 abominatio
926 1777 1283 1838 desolationis
1314 1783 1387 1837 δ’»
1425 1802 1598 1858 usque
1649 1788 1715 1845 ad
1775 1805 2123 1847 consumma-

536 1867 740 1924 tionem
770 1872 893 1927 vitae
931 1888 1349 1943 permansurum
1402 1879 1640 1935 ostendit
1695 1881 1999 1955 Scriptura,
2034 1884 2119 1940 his

534 1960 735 2017 additis
769 1981 783 2018 :
817 1983 835 2016 ι
871 1965 937 2019 Et
971 1982 1145 2035 usque
1191 1968 1258 2023 ad
1282 1974 1808 2030 consummationem
1855 1986 1911 2031 et
1955 1975 2117 2031 finem

535 2057 903 2125 perseverabit
931 2060 1220 2118 desolatio.
1248 2080 1267 2115 ι

608 2143 722 2200 IIoc
758 2147 996 2205 breviter
1019 2151 1291 2223 exposito,
1327 2163 1578 2224 superest
1605 2162 1662 2208 ut
1698 2153 1854 2211 Isaiae
1883 2156 2117 2227 prophe-

532 2233 638 2290 tIas
670 2239 1077 2307 aggrediamur,
1110 2242 1201 2312 qui
1232 2243 1383 2298 solus
1422 2260 1489 2298 ex
1534 2245 1685 2299 omni
1731 2255 1912 2302 vetere
1965 2245 2115 2301 Scri-

532 2334 692 2397 ptura
724 2331 881 2386 nobis
902 2333 1263 2390 elucidandus
1292 2335 1642 2406 relinquitur.

2239 585 2369 658 ριῶν
2394 586 2667 643 δείκνυται
2698 588 2947 661 Ἰωάννης
2972 593 3001 645 ό
3022 590 3118 644 τοῦ
3159 592 3368 665 Κυρίου
3400 594 3650 667 μαθητὴς
3674 598 3818 667 μετὰ

2232 678 2331 750 τὴν
2352 678 2614 751 ἀνάληψιν
2637 680 2801 734 αὐτοῦ
2830 681 3004 736 ἐτεσιν
3034 682 3279 747 ἐπιϐιοὺς
3296 691 3337 737 ο¹
3353 701 3367 715 ’
3394 684 3556 757 μέχρι
3584 685 3693 760 γάρ
3715 688 3815 760 τῆς

2233 770 2504 843 Τραϊανοῦ
2553 771 2706 842 λόγος
2740 773 2850 845 ἔχει
2904 780 3239 848 παραμεῖναι
3284 777 3447 830 αύτδν
3495 777 3810 848 βασιλείας

2232 864 2374 919 κατά
2402 882 2462 919 τε
2488 864 2691 937 ταύτην
2723 866 2820 938 τὴν
2870 867 3121 939 διήγησιν
3153 868 3418 941 πρόδηλον
3443 870 3593 935 ὅπως
3643 873 3701 925 ὲν
3734 871 3815 943 τῷ

2230 954 2419 1027 ἡμίσει
2442 956 2647 1028 ταύτης
2676 956 2776 1028 τῆς
2808 958 2867 1010 ὲν
2902 958 3120 1012 δεκάσιν
3158 958 3450 1028 ἑϐδομάδος
3470 961 3610 1036 ήρθη
3646 962 3813 1018 θυσία

2230 1051 2324 1102 καὶ
2350 1048 2583 1121 σπονδὴ,
2618 1050 2712 1103 καὶ
2757 1048 2819 1102 τὸ
2855 1049 3143 1121 λεγόμενον
3171 1071 3190 1103 ι
3229 1050 3505 1123 βδέλυγμα
3541 1058 3643 1126 τῆς
3676 1058 3811 1128 ἐρη-

2233 1137 2457 1210 μώσεως
2480 1160 2497 1191 ι
2534 1139 2662 1213 ἔστη
2690 1143 2748 1195 ἐν
2780 1142 2930 1214 τόπῳ
2957 1141 3115 1214 ἁγίῳ.
3147 1143 3228 1197 Τά
3265 1143 3398 1213 γοῦν
3434 1144 3542 1199 ἀπὸ
3577 1147 3680 1218 τῆς
3711 1146 3811 1202 τοῦ

2228 1232 2483 1305 Σωτῆρος
2514 1233 2671 1305 ήμῶν
2712 1236 3062 1300 ἀναστάσεως
3116 1237 3209 1291 ἐπὶ
3239 1240 3339 1309 τὴν
3381 1240 3619 1313 ὑστάτην
3662 1242 3811 1296 κατὰ

2228 1324 2635 1381 Οὐεσπασιανὸν
2664 1326 2976 1400 πολιορκίαν
2996 1332 3073 1394 είς
3097 1332 3191 1405 ἐτη
3215 1334 3374 1388 πέντε
3393 1337 3486 1389 καὶ
3508 1338 3809 1408 τριάκοντα

2228 1417 2492 1470 συντείνει
2505 1434 2519 1447 ·
2542 1418 2686 1490 ἅπερ
2707 1418 2773 1472 ἂν
2790 1419 2997 1489 γένοιτο
3014 1422 3115 1492 τῆς
3134 1423 3487 1497 ἀποδοθείσης
3510 1428 3813 1499 ἑϐδομάδος

2224 1509 2288 1563 τὸ
2315 1510 2515 1582 ῆμισιν
2561 1511 2650 1565 ὅτε
2684 1512 2780 1567 καὶ
2823 1514 3059 1586 παντελῆ
3097 1515 3196 1588 τὴν
3235 1515 3323 1570 διὰ
3377 1518 3549 1590 πυρὸς
3595 1519 3809 1592 φθοράν

2224 1601 2319 1655 καὶ
2352 1602 2709 1675 κατασκαφὴν
2738 1604 2831 1658 τοῦ
2873 1604 3038 1659 πάλαι
3072 1607 3215 1679 ίεροῦ
3252 1609 3346 1662 καὶ
3377 1610 3534 1678 ἁγίου
3569 1612 3677 1666 νεὼ
3706 1630 3810 1667 πε-

2225 1694 2482 1759 πονθότος
2505 1695 2925 1768 ὲπισφράγισμα
2947 1696 3136 1769 εἴληφε
3155 1715 3168 1729 ·
3205 1699 3298 1754 καὶ
3326 1699 3407 1764 τὸ,
3433 1720 3452 1751 ι
3476 1701 3807 1775 Ἀρθήσεται

2224 1785 2385 1840 θυσία
2423 1786 2518 1841 καί
2559 1787 2798 1861 σπονδὴ,
2839 1794 2934 1844 καὶ
2982 1792 3073 1844 ἐπὶ
3098 1792 3159 1846 τὸ
3208 1792 3349 1866 ἱερὸν
3373 1794 3646 1867 βδέλυγμα
3689 1796 3807 1851 τῶν

2153 1849 2196 1909 Β
2227 1877 2557 1951 ὲρημώσεων
2580 1897 2593 1910 ·
2626 1900 2645 1932 ι
2693 1849 2828 1954 ὅπερ
2859 1901 2878 1933 «ι
2904 1881 3176 1954 βδέλυγμα
3218 1849 3804 1960 ἐρημῶσεωςιιμέχρι

2227 1971 2534 2036 συντελείας
2568 1971 2684 2043 βίου
2711 1978 3045 2047 παραμεῖναι
3068 1975 3217 2048 δηλοῖ
3239 1977 3299 2029 τὸ
3322 1977 3520 2046 λόγιον,
3550 1980 3765 2049 φάσκον
3784 1997 3802 2013 ο

2227 2082 2246 2114 ι
2284 2065 2394 2117 Καὶ
2447 2063 2552 2129 ἕως
2599 2065 2908 2129 συντελείας
2956 2067 3147 2139 καιροῦ
3193 2070 3474 2124 συντέλεια
3508 2071 3803 2144 δοθήσεται

2221 2153 2315 2208 ἐπὶ
2347 2153 2445 2226 τὴν
2476 2155 2774 2229 ἐρήμωσιν.
2800 2176 2820 2209 ι

2298 2241 2458 2300 ’Ᾱλλά
2471 2246 2642 2301 ταῦτα
2668 2250 2768 2319 μὲν
2791 2251 3189 2323 ὲπιτεμόμενοι,
3218 2252 3317 2323 τὴν
3336 2253 3589 2325 διήγησιν
3612 2272 3801 2327 παρα-

2215 2337 2537 2409 τεθείμεθα’
2608 2336 2729 2411 ὥρα
2791 2339 2848 2394 δὲ
2901 2341 3002 2413 ήδη
3066 2343 3341 2414 μετελθεῖν
3393 2345 3481 2399 καὶ
3540 2347 3636 2400 ἐπὶ
3695 2345 3798 2402 τὸν

547 2417 807 2473 Ἡσαΐαν·
845 2420 905 2485 ὃς
936 2422 1095 2494 μόνος
1134 2423 1241 2478 ἀπο
1274 2424 1457 2497 πάσης
1502 2425 1603 2496 τῆς
1649 2425 1885 2491 παλαιᾶς
1931 2428 2062 2499 ἡμῖν
2091 2428 2497 2501 περιλέλειπται
2525 2429 2767 2502 Γραφῆς.

558 2617 3756 2658 .___._______________________________

785 2784 1147 2874 LIBER
1236 2787 1830 2890 QUARTUS.

1145 3048 1239 3104 EX
1278 3045 1482 3104 ISAIA.

2738 2792 3105 2882 ΛΟΓΟΣ
3146 2794 3255 2883 Δν.

2856 3039 3136 3109 maior.

594 3163 951 3237 Propheticas
970 3163 1037 3220 de
1053 3163 1194 3220 Isaia
1214 3162 1464 3234 Eclogas,
1481 3175 1603 3232 qum
1620 3159 1749 3216 solae
1770 3157 1930 3217 nobis
1946 3174 2103 3231 expo-

2276 3164 2388 3231 Τὰς
2415 3165 2522 3221 άπὸ
2554 3165 2662 3222 τῶν
2697 3167 2917 3223 Ἡσαΐου
2946 3167 3289 3241 προφητικάς
3335 3167 3596 3237 Ἐκλογάς
3620 3166 3793 3239 μόνας

522 3263 718 3320 nenda:
745 3274 1062 3335 supersunt,
1087 3261 1395 3324 tractaturi,
1436 3274 1626 3315 eorum
1661 3258 1837 3329 gratia
1863 3256 2104 3328 quipro-

528 3356 733 3427 phetiis
769 3354 927 3410 Iidem
960 3368 1067 3409 non
1099 3353 1378 3416 adhibent,
1415 3366 1590 3423 pauca
1616 3351 1684 3405 ad
1709 3351 2101 3421 prophetarum

522 3448 876 3504 veracitatem
915 3445 1399 3502 demonstrandam
1449 3442 1822 3513 praefahimur.
1858 3439 2100 3495 Primum

521 3538 742 3610 quidem
765 3537 835 3594 iis
859 3536 954 3608 qui
987 3544 1113 3591 ante
1150 3551 1252 3590 nos
1281 3533 1524 3597 fuerunt,
1558 3544 1767 3588 rectum
1805 3541 2101 3603 aptumque

520 3626 877 3688 instituemus
939 3636 1347 3700 argumentum.
1402 3626 1636 3682 Pulchre
1693 3627 1837 3681 enim
1894 3623 2100 3679 dixisse

520 3724 655 3780 mihi
705 3722 975 3786 videntur,
1020 3722 1297 3792 quomodo
1346 3721 1549 3794 Moysis
1583 3721 1685 3792 legi
1733 3718 1969 3777 subditis
2012 3719 2099 3773 lex

516 3813 638 3885 ipsa
683 3821 931 3879 testetur,
979 3811 1128 3883 quod
1163 3821 1376 3883 gentes,
1420 3827 1653 3882 quarum
1705 3810 1760 3864 in
1801 3809 1980 3865 medio
2016 3808 2099 3862 vi-

515 3913 668 3970 vent,
692 3923 711 3956 ι
734 3920 971 3976 augures
989 3912 1043 3960 et
1076 3904 1293 3959 divinos
1327 3902 1568 3957 audient.
1617 3900 1698 3956 Tu
1749 3912 1953 3967 autem,
1997 3901 2095 3966 ait,

517 4013 547 4052 ο
600 3995 833 4051 Domino
890 3994 999 4050 Deo
1031 4003 1126 4049 tuo
1160 3994 1446 4051 institutus
1478 4009 1539 4049 es
1556 3993 1657 4048 ⁸⁸.»
1682 3991 1754 4049 Ιίε
1779 3993 1944 4048 etiam
1970 4008 2095 4048 cum

516 4089 803 4146 interdixit
835 4087 1057 4143 divinus
1091 4101 1274 4143 sermo
1307 4085 1551 4157 auguriis
1582 4085 1841 4154 omnique
1863 4100 1960 4155 per
1987 4085 2095 4139 dte-

513 4194 740 4235 monum
779 4177 1072 4233 artificium
1103 4176 1463 4241 divinatione,
1504 4175 1680 4231 dixit:
1709 4193 1727 4225 ‹
1765 4173 2092 4245 Prophelam

514 4270 581 4325 de
608 4281 770 4341 gente
799 4277 891 4324 tua
917 4282 972 4326 et
1000 4271 1065 4326 de
1098 4270 1373 4323 fratribus"
1394 4267 1504 4322 tuis
1534 4267 1824 4322 suscitabit
1855 4266 1951 4320 tibi
1987 4266 2094 4320 Do-

512 4363 698 4417 minus
729 4360 876 4417 Deus
902 4369 1032 4418 tuus
1055 4360 1122 4417 “.
1158 4381 1177 4415 ι
1199 4359 1331 4428 Quae
1364 4361 1532 4431 igitur
1564 4361 1632 4416 iis
1665 4359 2007 4424 annuntiata,
2044 4359 2091 4415 si

512 4469 626 4509 non
676 4461 872 4510 eventu
917 4456 1144 4525 probata
1192 4452 1447 4520 fuissent,
1489 4468 1592 4509 nec
1633 4453 1777 4523 apud
1822 4468 1919 4508 eos
1967 4468 2092 4508 sur-

2202 3259 2336 3331 ήμῖν
2368 3257 2659 3323 λειπούσας
2688 3259 3087 3316 άπανθίσασθαι
3120 3259 3473 3333 πειρώμενοι,
3494 3265 3629 3330 πρὸς
3660 3261 3793 3324 τοὺς

2203 3349 2448 3415 ἀπίστως
2467 3349 2597 3422 περὶ
2620 3352 2716 3416 τὰς
2738 3352 3075 3425 προφητείας
3093 3353 3465 3424 διακειμένους
3479 3351 3640 3420 ὀλίγα
3659 3367 3793 3426 προ-

2200 3441 2576 3515 διαληψόμεθα
2603 3444 2683 3508 είς
2710 3444 3051 3516 παράστασιν
3075 3445 3177 3515 τῆς
3205 3445 3314 3499 τῶν
3336 3444 3636 3514 προφητῶν
3661 3443 3792 3516 άλη-

2202 3527 2374 3593 θείας.
2412 3531 2521 3584 Καὶ
2550 3530 2614 3602 δὴ
2645 3531 2860 3604 πρῶτον
2889 3531 3070 3596 καλῶς
3100 3533 3194 3586 καὶ
3221 3535 3335 3596 τοῖς
3365 3533 3472 3604 πρὸ
3504 3534 3665 3605 ήμῶν
3693 3550 3792 3587 τε·

2199 3620 2505 3692 τηρημὲνον
2528 3622 2917 3695 παραθήσομαι
2936 3623 3214 3695 λογισμόν.
3258 3620 3332 3680 Εὖ
3352 3625 3483 3693 γοῦν
3503 3625 3791 3699 εἰρηκέναι
3824 3660 3827 3661 ν

2203 3729 2293 3782 μοι
2315 3712 2577 3779 δοκοῦσιν,
2604 3716 2679 3779 ὡς
2698 3715 2806 3788 ἄρα
2828 3719 2939 3781 τοῖς
2964 3718 3068 3771 ὑπὸ
3088 3717 3180 3771 τὸν
3203 3718 3479 3782 Μωῦσέως
3501 3720 3666 3790 νόμον
3687 3720 3786 3774 αύ-

2198 3804 2290 3869 τὸς
2319 3807 2348 3859 ὁ
2374 3806 2537 3878 νόμος
2555 3808 3008 3882 διαμαρτύρεται,
3038 3811 3123 3864 ὅτι
3147 3810 3212 3883 δὴ
3237 3811 3306 3865 τά
3328 3810 3458 3883 ἔθνη
3477 3804 3556 3865 ὧν
3576 3812 3788 3884 μεταξὺ

2199 3899 2605 3955 πολιτεύσονται
2637 3919 2655 3953 ι
2684 3902 2959 3972 κληδόνων
2993 3904 3090 3957 καὶ
3121 3904 3390 3974 μαντειῶν
3416 3904 3747 3958 ἀκούσονται
3767 3923 3784 3938 ο

2198 3992 2282 4044 σοὶ
2298 3992 2377 4056 δὲ,
2404 4012 2423 4044 ι
2448 3993 2632 4065 φησὶν,
2661 4013 2680 4043 ι
2699 3994 2799 4065 οὐχ
2813 3993 2985 4059 οὕτως
3006 3994 3175 4049 ἔδωκε
3192 3994 3394 4067 Κύριος
3412 3998 3441 4050 ὀ
3455 3995 3588 4060 Θεός
3612 4013 3729 4050 σου.
3757 4016 3779 4049 ι

2195 4086 2307 4139 Καὶ
2334 4085 2414 4139 ἔτι
2441 4103 2504 4155 γε
2538 4086 2738 4157 εἴργων
2763 4088 2962 4152 αὐτοὺς
2988 4090 3016 4141 ό
3050 4088 3195 4152 θεῖος
3233 4087 3391 4159 λόγος
3417 4089 3482 4143 ἐκ
3509 4106 3570 4143 τε
3598 4092 3785 4143 οἰωνι-

2196 4178 2385 4249 στικῆς
2403 4177 2493 4230 καὶ
2516 4177 2695 4249 πάσης
2709 4177 2806 4249 τῆς
2823 4177 2910 4231 διὰ
2923 4177 3191 4248 δαιμόνων
3205 4180 3498 4251 περιέργου
3519 4183 3785 4252 μαντείας

2194 4269 2477 4340 ἐπιφέρει,
2532 4268 2705 4338 λέγων
2726 4284 2740 4300 ·
2780 4287 2799 4321 ι
2826 4269 3119 4342 Προφήτην
3153 4272 3217 4329 ἐκ
3249 4271 3357 4325 τῶν
3388 4270 3634 4342 ἀδελφῶν
3681 4290 3783 4327 σου

2192 4360 2486 4434 ἀναστήσει
2520 4378 2601 4415 σοι
2630 4361 2830 4435 Κύριος
2858 4363 2887 4415 ό
2917 4362 3049 4426 Θεός
3094 4379 3242 4419 σου.»
3278 4358 3407 4436 'Ap‘
3436 4359 3532 4417 οὗν
3569 4364 3782 4419 τούτων

2192 4453 2374 4517 αὐτοῖς
2401 4453 2928 4527 ἀναγεγραμμένων,
2956 4454 3030 4526 μὴ
3056 4453 3202 4525 ἔργῳ
3225 4454 3282 4508 δὲ
3310 4455 3640 4527 γενομένων,
3672 4474 3782 4528 μη-

514 4547 789 4602 rexisscut
819 4547 1098 4618 pmphetaa
1147 4548 1272 4611 viri,
1298 4546 1564 4618 numquid
1596 4547 1698 4617 legi
1734 4545 1893 4600 fidem
1938 4547 2095 4602 adhi-

2206 4544 2252 4598 se
2280 4545 2559 4617 παρόντων
2581 4547 2764 4610 αὐτοῖς
2784 4544 3077 4619 προφητῶν
3098 4546 3327 4618 ἀνδρῶν,
3347 4547 3574 4603 δύνατον
3594 4545 3666 4622 ἦν
3688 4551 3781 4605 αὒ-

512 4638 641 4695 bere
662 4641 989 4711 potuissent,
1023 4642 1103 4696 vel
1126 4642 1453 4696 annuntiato
1474 4643 1662 4706 verbo,
1694 4654 1801 4696 tam
1833 4656 2091 4714 expresse

512 4739 569 4787 et
597 4732 885 4788 manifeste
918 4732 1207 4788 mendaci?
1234 4731 1448 4799 Nonne,
1482 4738 1602 4805 ipsa
1634 4735 1816 4790 indole
1847 4736 1915 4790 ad
1950 4735 2093 4789 futu-

512 4835 699 4878 rorum
730 4824 1014 4880 scientiam
1045 4839 1337 4895 propensa.
1380 4827 1436 4881 in
1469 4829 1813 4897 propriorum
1844 4829 2092 4883 oraculo.

512 4932 637 4972 rum
686 4926 1057 4988 contemptum
1107 4918 1397 4988 perducti,
1448 4920 1648 4989 quibus
1698 4920 1833 4975 nihil
1875 4937 2085 4985 verum,

512 5008 651 5064 nihil
681 5008 931 5062 divinum
972 5009 1198 5069 inesset.
1236 5010 1403 5064 nullis
1452 5009 1814 5066 subeuntibus
1860 5011 2090 5081 prophe-

513 5100 605 5162 tis,
638 5109 835 5171 sponte
867 5099 935 5154 ad
968 5100 1211 5172 gentium
1245 5110 1299 5155 et
1331 5101 1585 5156 vaticinia
1615 5112 1669 5157 et
1699 5104 1921 5157 oracula
1950 5118 2085 5156 con-

512 5189 824 5261 fugissent?
860 5190 1071 5248 Verum
1101 5193 1359 5248 videntur
1381 5208 1489 5249 non
1525 5193 1903 5249 tantummodo
1936 5193 2087 5266 Moy-

515 5298 652 5347 sem,
697 5284 791 5340 sed
830 5293 884 5340 et
921 5287 1123 5340 multos
1157 5287 1252 5357 qui
1302 5293 1427 5357 post
1472 5302 1598 5342 cum
1653 5286 1900 5342 suscitati
1934 5293 2084 5352 sunt,

513 5374 674 5443 quasi
718 5373 808 5427 Dei
840 5374 1131 5444 prephetas
1161 5376 1472 5447 agnovisse,
1508 5375 1731 5431 nonnisi
1753 5376 1974 5430 insitam
2005 5375 2086 5431 eis

513 5466 854 5522 divinitatem
890 5468 1119 5539 experti.
1161 5468 1263 5534 Qui
1284 5467 1505 5539 quidem
1537 5470 1617 5524 eis
1647 5483 1757 5523 non
1776 5477 1989 5523 tantum
2020 5465 2088 5520 de

514 5555 682 5611 rebus
733 5572 856 5629 qua:
917 5558 1301 5613 remOtissimis
1362 5560 1678 5630 ultimisque
1748 5559 2088 5629 temporibus

513 5645 727 5716 fierent,
758 5649 1240 5720 prophetavcrunt,
1281 5652 1379 5707 sed
1424 5652 1590 5709 etiam
1620 5651 1688 5710 de
1726 5652 2088 5724 praesentibus

584 5806 631 5840 “
671 5805 807 5864 Dan.
838 5823 929 5874 tx,
960 5805 1049 5861 27.
1127 5810 1172 5843 ⁸³
1211 5808 1367 5863 Deut.
1401 5823 1570 5877 xvnt,
1607 5807 1694 5864 Η.
1773 5807 1821 5842 ⁸⁸
1861 5806 1994 5865 ibid.
2030 5806 2117 5864 15.

2191 4638 2317 4701 τοὺς
2352 4636 2627 4691 πιστεύειν
2658 4637 2737 4709 τῷ
2771 4638 2953 4710 νόμῳ,
2988 4638 3086 4691 καὶ
3125 4638 3202 4710 τῷ
3235 4638 3407 4693 ταῦτα
3438 4641 3780 4710 ἐπαγγειλα-

2196 4730 2340 4802 μένῳ
2366 4730 2506 4800 λόγῳ
2537 4728 2677 4783 οὕτω
2707 4730 2997 4804 προφανῶς
3038 4732 3132 4785 καὶ
3162 4732 3411 4804 ἐναργῶς
3435 4732 3777 4805 ψευδομέψὶ

2191 4822 2224 4894 ἢ
2256 4823 2412 4894 δῆλον
2452 4824 2535 4877 ὅτι
2580 4823 2671 4877 ὑπ’
2700 4824 2868 4896 αὐτῆς
2897 4824 2997 4895 τῆς
3031 4827 3158 4896 περὶ
3182 4826 3283 4897 τὴν
3321 4827 3635 4898 πρόγνωσιν
3664 4828 3779 4881 τῶν

2189 4915 2462 4987 ἐσομένων
2493 4914 2730 4986 λιχνείας
2757 4915 3012 4986 ἀγόμενοι
3033 4918 3444 4989 κατεφρόνησαν
3464 4918 3574 4973 τῶν
3601 4919 3773 4981 ἰδίων,

2190 5008 2266 5072 ὡς
2298 5008 2449 5062 οὐδὲν
2479 5006 2679 5080 ἀληθὲς
2707 5008 2937 5079 ἐχόντων
2964 5012 3085 5065 οὐδὲ
3112 5011 3279 5071 θεῖον,
3313 5009 3400 5064 διά
3432 5010 3495 5065 τὸ
3527 5010 3601 5082 μὴ
3632 5006 3777 5064 εἶναι

2194 5100 2322 5174 παρ’
2346 5100 2528 5165 αὐτοῖς
2552 5104 2854 5174 προφήτας,
2875 5104 3161 5175 αὐτόμολοι
3183 5103 3237 5156 δὲ
3259 5104 3353 5156 ἐπὶ
3377 5103 3445 5157 τά
3470 5105 3580 5158 τῶν
3600 5104 3777 5158 ἐθνῶν

2196 5193 2420 5264 μαντεῑά
2445 5210 2506 5245 τε
2535 5192 2629 5245 καὶ
2654 5192 2961 5265 χρηστήρια
2986 5192 3290 5265 μετῄεσανς
3331 5193 3492 5247 Ἀλλὰ
3517 5192 3627 5265 γάρ
3655 5193 3775 5262 φαίο

2182 5300 2363 5339 νονται
2392 5283 2453 5337 ού
2474 5283 2632 5355 μόνον
2652 5282 2909 5347 Μωῦσέα,
2934 5282 3068 5336 ἀλλὰ
3098 5281 3189 5337 καὶ
3220 5281 3437 5345 πλείους
3465 5282 3584 5354 μετ’
3606 5281 3774 5336 αὐτὸν

2185 5376 2260 5440 ὡς
2283 5375 2418 5429 Θεοῦ
2448 5376 2733 5447 προφήτας
2766 5374 3143 5447 προσιέμενοι,
3182 5374 3284 5428 οὐκ
3305 5373 3482 5438 άλλως
3501 5374 3660 5446 δῆλον
3682 5375 3773 5429 ὅτι

2185 5468 2219 5541 ἢ
2253 5466 2331 5539 τῷ
2360 5469 2553 5540 πεῖραν
2580 5467 2679 5539 τῆς
2709 5467 2767 5521 ὲν
2791 5466 2975 5531 αὐτοῖς
3001 5465 3276 5538 θειότητος
3313 5465 3628 5538 εἰληφέναισ
3655 5467 3769 5521 οἶδε

2186 5560 2296 5631 γὰρ
2328 5560 2512 5623 αὐτοῖς
2543 5560 2605 5613 ού
2639 5559 2799 5631 μόνον
2830 5559 2959 5630 περὶ
2988 5557 3096 5612 τῶν
3128 5559 3354 5631 μακροῖς
3386 5558 3613 5630 ὕστερον
3638 5557 3771 5630 χρό-

2184 5667 2299 5716 νοις
2329 5650 2627 5722 μελλόντων
2658 5649 2873 5705 ἐσεσθαι
2904 5648 3322 5722 προύθέσπιζον,
3348 5647 3486 5705 ἀλλὰ
3509 5649 3605 5706 καὶ
3631 5645 3771 5721 περὶ
