4096 6412
342 333 475 388 H93

1360 338 1653 396 ECLOGA:
1690 341 2174 402 PROPHETICA'J.
2204 377 2275 388 —
2312 349 2441 405 ue.
2465 352 2562 407 ιν.

3446 352 3580 417 1194

335 468 493 506 τινων
519 452 822 526 προχείρων
847 455 942 511 καὶ
969 455 1241 527 βιωτικῶν
1270 457 1570 531 προῦλεγον
1590 475 1606 492 ·
1643 455 1754 515 οἷον
1782 462 1895 534 περτ

2012 469 2067 517 et
2125 463 2323 520 coaevis
2374 465 2776 539 praedixerunt;
2826 471 2971 529 sicut
3016 473 3085 529 de
3120 473 3349 546 perditis
3386 473 3585 536 asinis.

334 542 468 598 δνων
493 544 861 613 ἀπολωλυιῶν,
892 549 986 602 καὶ
1012 549 1139 621 περί
1171 548 1467 604 νοσούντων
1493 552 1826 621 ἐπισφαλῶς,
1863 555 1911 607 εἰ

334 634 674 709 βιώσονταιῆ
714 639 811 711 μὴ,
841 641 934 694 καὶ
963 642 1091 714 περὶ
1120 641 1420 716 μελλούσης
1452 643 1671 699 ἔσεσθαι
1701 645 1779 716 τῷ
1798 644 1912 718 λαῷ

333 727 604 800 εὐθηνίας,
638 733 732 786 καὶ
759 734 882 806 περὶ
909 735 1082 790 ἄλλων
1116 736 1343 809 μυρίων,
1374 736 1410 791 ἀ
1431 739 1552 800 ταῖς
1572 739 1689 791 κατ’
1714 738 1910 801 αὐτοὺς

334 822 597 894 ἱστορίαις
635 825 967 896 ἐμφέρεται³
1003 828 1146 901 ἀπερ
1171 832 1219 882 εἰ
1254 829 1328 901 μὴ
1361 830 1549 884 τοῦτον
1581 822 1794 900 γεγόνει
1819 830 1909 886 τὸν

329 913 549 985 τρόπον,
578 916 957 989 ἀποκρινέσθω
989 938 1091 983 τις,
1122 920 1228 973 τίνι
1259 921 1457 991 δήποτε
1486 918 1578 976 οῦν
1605 922 1746 993 λόγῳ
1776 940 1908 995 προ-

328 1007 501 1077 φήτας
538 1008 767 1079 ήγοῦντό
810 1028 868 1063 τε
904 1011 1000 1063 καὶ
1028 1012 1333 1066 ἀπεκάλουν
1359 1047 1374 1075 ,
1423 1013 1455 1085 ἢ
1487 1013 1574 1068 διὰ
1609 1015 1660 1069 τί
1690 1017 1908 1088 γραφῆς

324 1098 452 1161 τοὺς
480 1099 671 1169 λόγους
706 1101 884 1156 αὐτῶν
918 1102 1138 1172 ἠξίουνς
1172 1104 1268 1168 Τίς
1293 1104 1337 1158 δ’
1366 1108 1398 1177 ή
1437 1106 1587 1162 αἰτία
1625 1108 1691 1161 δι’
1717 1109 1785 1180 ῆν
1814 1112 1907 1163 καὶ

324 1190 439 1251 τοῖς
466 1191 759 1261 μετέπειτα
791 1194 978 1246 παισὶν
1003 1194 1232 1259 ἑαυτῶν,
1258 1194 1333 1258 ώς
1358 1196 1422 1249 ἂν
1445 1196 1509 1269 δὴ
1535 1198 1701 1263 θείας,
1727 1200 1906 1254 αὐτῶν

322 1280 421 1347 τὰς
452 1284 669 1355 γραφὰς
701 1287 1089 1357 παρεδίδοσανς
1122 1291 1302 1362 Μηδὲν
1330 1290 1439 1363 γάρ
1480 1309 1533 1344 τι
1579 1291 1720 1346 θεῖον
1771 1294 1905 1364 μηδὲ

322 1372 626 1445 παράδοξον
658 1376 715 1428 ἐν
746 1378 860 1440 τοῖς
887 1377 1144 1449 ἀνδράσιν
1178 1379 1492 1451 ἑωρακότας
1520 1382 1645 1452 εἰκῆ
1674 1384 1766 1437 καὶ
1796 1384 1901 1454 μά-

320 1481 423 1537 την
448 1466 656 1522 οῐεσθαι
686 1469 813 1538 περὶ
851 1470 1029 1524 αὐτῶν
1069 1470 1292 1525 τοιαῦτα
1315 1472 1667 1545 διειληφέναι,
1688 1474 1903 1529 πάντων

320 1560 471 1615 ἐστὶν
495 1558 921 1615 ἀπιθανώτατον.
946 1563 1009 1615 Εἰ
1029 1563 1072 1615 δ’
1094 1564 1395 1636 ἀναδράμοι
1416 1583 1500 1629 τις
1524 1568 1616 1620 ἐπὶ
1638 1568 1763 1632 τοὺς
1780 1567 1901 1621 τότε

318 1653 546 1727 χρόνους
576 1656 641 1724 τῇ
662 1653 887 1726 διανοίᾳ,
924 1654 977 1707 τί
1008 1655 1117 1727 ἄρα
1144 1658 1501 1730 ἐπινοήσειεν,
1536 1660 1676 1731 ὀρῶν
1702 1660 1898 1732 ἄνδρας

317 1744 609 1815 ἀγροίκους
638 1743 731 1796 καὶ
770 1742 830 1795 τὸ
868 1745 1052 1815 σχῆμα
1082 1744 1295 1810 λιτοὺς,
1327 1748 1582 1813 αἰπόλους
1620 1750 1770 1814 τινάς
1807 1751 1899 1805 καὶ

2013 553 2082 610 de
2128 556 2369 626 graviter
2412 562 2827 631 aegrotantibus,
2885 570 3070 621 utrum
3112 566 3582 631 convalescerent,

2010 660 2204 712 necne,
2236 647 2303 703 de
2320 649 2489 705 rebus
2517 653 2717 723 populo
2737 653 2971 713 feliciter
2995 658 3258 723 cessuris,
3281 660 3575 733 multisque

2011 739 2153 803 aliis,
2178 755 2299 810 qua:
2328 742 2384 796 in
2425 759 2615 799 eorum
2649 747 2893 804 historiis
2933 752 3175 821 reperire
3207 761 3291 808 est
3317 775 3328 810 :
3353 753 3498 823 quod
3530 754 3575 808 si

2008 846 2118 885 non
2138 831 2210 886 ita
2229 849 2287 888 se
2308 834 2647 905 habuissent,
2677 840 2808 894 mihi
2825 842 3210 912 respondeant,
3232 845 3319 900 cui
3336 858 3576 916 unquam

2010 921 2179 992 igitur
2238 926 2406 981 verbo
2467 929 2760 999 prophetas
2805 934 3156 1003 agnovissent
3204 936 3571 992 vocavissent-

2008 1030 2135 1084 que,
2172 1017 2259 1072 vel
2291 1034 2391 1073 cur
2417 1035 2608 1075 eorum
2640 1023 2805 1077 verba
2840 1027 3060 1095 scriptis
3090 1028 3356 1083 servanda
3386 1044 3578 1083 curas-

2007 1108 2164 1161 sent?
2206 1107 2571 1175 Quamobrem
2610 1116 2916 1183 posteritati
2968 1133 3081 1173 suae
3124 1120 3324 1190 scripta
3359 1135 3575 1186 eorum.

2006 1197 2162 1267 quasi
2208 1199 2391 1254 divina
2450 1203 2841 1259 tradidissent?
2881 1204 3036 1261 llaud
3078 1209 3375 1281 quidquam
3429 1211 3576 1265 enim

2005 1289 2196 1356 divini,
2226 1293 2311 1348 vel
2342 1295 2588 1364 praeclari
2637 1294 2692 1350 in
2737 1297 2858 1352 istis
2892 1299 3025 1354 viris
3071 1302 3463 1372 perspicientes
3496 1311 3575 1356 te-

2004 1397 2153 1437 mere
2184 1398 2249 1437 ac
2279 1384 2684 1441 inconsiderate
2724 1388 2792 1442 de
2823 1389 2956 1459 ipsis
2988 1390 3117 1445 talia
3150 1393 3425 1463 accepisse
3464 1394 3576 1463 opi-

2003 1471 2146 1533 nari,
2186 1474 2603 1531 stolidissimum
2656 1485 2822 1534 esset.
2892 1478 2948 1535 Si
3010 1481 3136 1552 quis
3192 1481 3306 1537 haec
3351 1484 3572 1554 antiqua

2002 1568 2184 1617 mente
2211 1571 2533 1633 percenseat
2567 1573 2835 1636 tempora,
2864 1566 2994 1636 quid
3024 1569 3378 1632 existimabit,
3406 1568 3575 1624 rusti-

2003 1667 2098 1707 cos
2120 1653 2315 1710 videns
2360 1654 2631 1719 homines,
2670 1657 2895 1726 ignobili
2923 1658 3137 1723 habitu,
3167 1658 3434 1715 bubulcos
3466 1660 3573 1714 sci-

2001 1745 2126 1801 licet
2173 1753 2555 1818 pastoresque,
2596 1748 2649 1802 in
2691 1749 2871 1805 medio
2895 1752 3064 1806 totius
3097 1752 3274 1823 gentis
3300 1752 3573 1822 prodeun-

316 1836 601 1907 ποιμένας,
627 1839 708 1899 εἰς
731 1837 894 1909 μέσον
924 1839 1123 1903 παντὸς
1142 1839 1235 1893 τοῦ
1258 1840 1440 1906 ἔθνους
1469 1843 1781 1913 παριόντας,
1805 1844 1895 1897 καὶ

2002 1846 2107 1904 tes,
2153 1841 2314 1910 quasi
2366 1839 2461 1896 Dei
2508 1841 2731 1897 nomine
2761 1842 3010 1913 quaedam
3060 1845 3337 1909 docentes,
3390 1846 3571 1900 excla-

314 1928 394 1993 ώς
411 1930 477 1983 ἐκ
500 1928 789 2000 προσώπου
820 1929 913 1983 τοῦ
945 1930 1080 1984 Θεοῦ
1115 1950 1236 1987 τινα
1268 1932 1542 2010 λέγοντας,
1585 1935 1676 1988 καὶ
1708 1953 1727 1986 ι
1762 1936 1900 1989 Τάδε

312 2018 462 2088 λέγει
493 2018 717 2091 Κύριος,
748 2040 767 2072 ι
805 2020 1250 2093 ἀναὸοωμένους,
1298 2026 1391 2079 ἐπί
1425 2042 1482 2079 τε
1515 2026 1777 2095 βασιλέων
1808 2029 1901 2081 καὶ

312 2110 519 2174 παντὸς
562 2110 655 2164 τοῦ
683 2110 812 2166 λαοῦ
849 2112 985 2183 μετά
1020 2115 1444 2186 παραστήματος
1475 2118 1897 2190 ἀκαταπλήκτου

310 2201 782 2274 δημηγοροῦντας,
814 2205 907 2257 καὶ
937 2203 1129 2272 σοφίαν
1159 2206 1300 2278 ὑπὲρ
1329 2206 1609 2280 ἄνθρωπον
1638 2210 1900 2266 ἐνδεικνυ-

314 2301 528 2370 μένους,
560 2302 660 2372 τὴν
688 2304 782 2356 καὶ
810 2303 977 2357 εἰσέτι
998 2303 1092 2356 νῦν
1115 2306 1172 2358 ἐν
1191 2306 1311 2367 ταῖς
1339 2303 1694 2375 προφητείαις
1719 2302 1897 2358 αὐτῶν

310 2392 643 2463 φερομένην,
682 2395 849 2467 μυρία
881 2414 939 2449 τε
972 2395 1110 2450 ἀλλα
1133 2396 1201 2450 δι’
1228 2395 1565 2466 αἰνιγμάτων
1598 2394 1693 2449 καὶ
1723 2411 1899 2466 παρα-

310 2482 486 2565 ϐολῶν
510 2485 794 2557 ἀπόρρητα
818 2488 1259 2558 φιλοσοφοῦντας,
1284 2486 1482 2559 ἠθικήν
1504 2504 1564 2541 τε
1589 2486 1683 2540 καὶ
1702 2486 1898 2558 δογμαο

308 2577 470 2649 τικὴν
492 2581 557 2650 τῇ
598 2580 863 2652 Ἐϐραίων
898 2584 1047 2654 φωνῇ
1081 2580 1429 2637 διδασκαλίαν
1460 2579 1540 2652 τῷ
1569 2580 1683 2652 λαῷ
1716 2597 1895 2652 παρα-

307 2668 584 2735 διδόντας,
633 2671 727 2725 καὶ
763 2672 899 2743 πρὸς
939 2673 1032 2727 ἐπὶ
1071 2673 1283 2737 τούτοις
1312 2672 1403 2727 τὸν
1435 2671 1550 2743 βίον
1578 2675 1691 2736 τοίς
1716 2671 1896 2742 λόγοις

307 2759 491 2814 αὐτῶν
509 2762 841 2834 κατάλληλον
864 2764 1321 2836 ἐνδεικνυμένους,
1340 2764 1558 2827 καὶτοῖς
1580 2765 1745 2818 πᾶσιν
1768 2765 1896 2818 ἀκο-

308 2852 590 2918 λακεύτως
618 2855 972 2927 ὁμιλοῦντας,
1003 2858 1081 2921 είς
1115 2857 1404 2929 πρόσωπόν
1435 2873 1496 2910 τε
1528 2858 1652 2920 τοὺς
1679 2856 1895 2921 ἀσεϐεῖς

306 2943 703 3015 διελέγχοντας,
729 2946 803 3010 ῶς
834 2948 928 3001 καὶ
956 2946 1400 3002 ἐπιδουλεύεσθαι
1434 2948 1570 3020 πρὸς
1594 2948 1771 3003 αὐτῶν
1799 2948 1895 3020 μέ-

307 3054 404 3107 χρι
431 3035 678 3103 θάνατον,
712 3038 980 3110 ῥωμαλέῳ
1013 3038 1108 3095 καὶ
1139 3039 1371 3110 γεννικῷ
1400 3041 1789 3112 παραστήματι
1814 3040 1893 3112 τῷ

305 3126 501 3199 ἀληθεῖ
513 3127 654 3201 λόγῳ
673 3129 1111 3202 παρισταμένους
1130 3147 1144 3161 -
1162 3129 1339 3183 ταῦτά
1350 3148 1433 3195 τις
1449 3132 1529 3194 είς
1545 3129 1670 3184 νοῦν
1692 3130 1893 3228 εὐγνω-
1921 3166 1967 3228 c

308 3218 489 3289 μόνως
522 3218 767 3292 θέμενος,
816 3222 933 3286 πῶς
963 3222 1063 3276 οὐκ
1091 3221 1156 3276 ἂν
1188 3223 1540 3294 ὁμολογήσειε
1574 3222 1713 3277 κατά
1745 3220 1894 3276 θείαν

305 3310 387 3374 ὡς
412 3310 626 3381 ἀληθῶς
655 3312 937 3367 ἐπίπνοιαν
967 3312 1141 3369 ταῦτα
1162 3313 1339 3366 πάντα
1362 3314 1491 3384 περί
1517 3313 1713 3376 αὐτοὺς
1735 3329 1895 3382 γεγο-

305 3397 459 3453 νέναι
478 3416 493 3466 ;
515 3396 606 3454 Διὸ
625 3402 719 3455 καὶ
735 3401 855 3455 τότε
877 3401 1251 3473 θαυμάζεσθαι
1272 3403 1469 3466 αὐτοὺς
1490 3400 1634 3465 εἰκὸς
1651 3397 1719 3473 ἦν
1744 3398 1895 3474 παρά

305 3494 424 3556 τοῖς
472 3492 706 3566 ἔμφροσι
725 3534 739 3558 ,
790 3496 884 3549 καὶ
925 3497 1052 3559 τοὺς
1081 3494 1272 3564 λόγους
1304 3494 1483 3548 αὐτῶν
1512 3494 1895 3566 ἀναγράπτους

307 3582 464 3656 παρά
502 3587 614 3648 τοῖς
658 3586 1164 3658 ἱερογραμματεῦσι
1199 3585 1560 3656 φυλάττεσθαι
1585 3629 1603 3650 ,
1632 3584 1800 3639 εἰσέτι
1835 3603 1893 3639 τε

306 3671 406 3726 νῦν
441 3673 570 3746 παρ’
602 3674 709 3745 ὅλῳ
737 3674 815 3746 τῷ
843 3674 986 3729 ἔθνει
1022 3677 1308 3748 προφήτας
1334 3676 1612 3744 γεγονέναι
1634 3675 1725 3730 τοῦ
1756 3674 1892 3729 Θεοῦ

304 3764 679 3820 πιστεύεσθαι·
701 3766 729 3819 ὂ
756 3767 850 3820 καὶ
870 3764 1240 3838 ἐναργέστατα
1258 3768 1490 3839 μάλιστα
1510 3766 1832 3838 παρίστησιν
1859 3770 1891 3839 ή

302 3853 552 3928 ἡμετέρα
578 3856 705 3928 περὶ
734 3854 826 3910 τοῦ
853 3856 1089 3929 Χριστοῦ
1104 3857 1385 3929 διάληψις,
1414 3856 1534 3910 καθ’
1561 3856 1627 3927 ἢν
1681 3852 1896 3907 ἀποδεί-

306 3965 515 4019 κνυμεν
550 3951 731 4004 πᾶσαν
762 3948 860 4022 τὴν
897 3953 1016 4004 κατ’
1051 3950 1211 4006 αὑτὸν
1248 3949 1557 4021 οἰκονομίαν
1602 3945 1897 4017 γεγενημέ-

2002 1938 2341 2002 mantesque,
2372 1951 2390 1983 ι
2433 1932 2555 1987 llmc
2588 1934 2721 1989 dicit
2764 1934 3047 1999 Dominus,
3078 1951 3098 1988 ι
3130 1952 3312 1991 coram
3351 1937 3571 2007 regibus

2002 2038 2065 2078 ac
2102 2024 2251 2078 omni
2283 2024 2483 2095 pepulo
2517 2025 2777 2082 audacter
2799 2036 2864 2082 ac
2892 2029 3062 2083 libere
3088 2030 3251 2084 verba
3285 2028 3568 2093 facientes,

2000 2115 2323 2185 sapientiam
2384 2117 2622 2172 humana
2676 2119 2941 2189 majorem
3002 2121 3389 2183 ostendentes,
3450 2135 3570 2190 qua:

1999 2223 2148 2263 nunc
2193 2208 2372 2263 adhuc
2410 2210 2468 2264 in
2506 2226 2699 2266 eorum
2743 2212 3046 2282 prophetiis
3080 2216 3240 2285 viget,
3288 2214 3567 2268 innumera

1999 2316 2096 2371 per
2129 2301 2419 2372 parabolas
2450 2308 2614 2373 atque
2647 2304 2935 2374 aenigmata
2966 2307 3223 2377 mysteria
3252 2306 3564 2371 edocentes,

1998 2391 2262 2446 moralem
2292 2399 2347 2447 et
2383 2391 2753 2463 dogmaticam
2798 2392 3149 2449 Hebraeorum
3192 2395 3374 2465 lingua
3403 2396 3568 2451 disci-

1998 2481 2202 2549 plinam
2255 2483 2456 2551 populo
2508 2482 2821 2548 tradentes,
2877 2485 3043 2539 vitam
3101 2500 3225 2540 cum
3283 2487 3567 2556 praeceptis

1999 2573 2115 2629 suis
2138 2587 2434 2644 congruam
2463 2572 2743 2641 degentes,
2777 2589 2964 2629 coram
2987 2575 3240 2630 omnibus
3282 2577 3402 2632 sine
3431 2577 3566 2632 adué

1998 2665 2199 2720 latione
2219 2674 2593 2729 conversatus,
2616 2667 2814 2737 impios
2831 2667 3008 2737 palam
3036 2650 3412 2739 objurgantes,
3443 2670 3563 2739 ipso

1995 2754 2189 2810 mortis
2236 2755 2479 2825 periculo
2524 2764 2857 2825 contempto,
2905 2772 2971 2812 ac
3016 2758 3251 2828 denique
3284 2759 3565 2815 veritatem

1996 2845 2140 2899 virili
2189 2860 2563 2917 generosaque
2612 2845 2967 2903 defendentes
3024 2849 3271 2904 audacia.
3326 2848 3457 2917 Quae
3518 2852 3565 2907 si

1996 2937 2120 3008 quis
2143 2938 2323 2992 animo
2351 2938 2639 3010 dillgenter
2664 2946 2898 3009 reputet,
2925 2955 3035 2995 non
3066 2942 3267 3011 poterit
3294 2958 3403 2997 non
3430 2956 3565 2998 cono

1996 3029 2137 3086 ﬁteri
2182 3047 2250 3086 ex
2301 3030 2387 3086 his
2426 3031 2682 3086 omnibus
2729 3032 2867 3086 tales
2913 3034 3060 3089 viros
3106 3035 3289 3088 divina
3327 3035 3561 3104 quadam

1995 3122 2354 3194 inspiratione
2396 3138 2517 3179 esse
2557 3122 2786 3179 amatos.
2841 3122 3073 3195 Ideoque
3117 3135 3249 3181 tunc
3286 3141 3381 3181 eos
3421 3126 3565 3181 inter

1996 3214 2431 3284 sapientissimos
2489 3228 2703 3283 aequum
2744 3225 2862 3268 erat
2917 3208 3215 3276 admirari.
3267 3231 3564 3288 eorumque

1991 3307 2157 3362 verba
2204 3307 2375 3361 sacris
2421 3321 2751 3361 conservare
2792 3304 3113 3377 Scripturis,
3175 3322 3271 3364 eos
3328 3307 3565 3379 denique

1991 3412 2167 3470 usque
2195 3414 2343 3453 nunc
2384 3399 2525 3469 apud
2557 3414 2747 3456 omnes
2784 3408 2973 3472 gentes
3016 3402 3164 3455 velut
3202 3400 3296 3457 Dei
3327 3402 3563 3473 prophe—

1990 3496 2078 3545 tas
2108 3490 2277 3545 credi.
2313 3489 2469 3557 Quod
2498 3500 2551 3545 et
2580 3491 3029 3549 manifestissime
3060 3493 3346 3549 confirmat
3372 3503 3562 3550 nostra

1990 3581 2059 3636 de
2079 3581 2305 3637 Christo
2335 3581 2661 3652 disputatio,
2695 3599 2802 3653 qua
2846 3584 3343 3642 demonstravimus
3374 3587 3560 3642 omnia

1991 3688 2112 3742 qua:
2144 3671 2466 3727 acciderunt
2512 3672 2586 3738 ei,
2616 3687 2829 3728 omnem
2870 3674 2990 3743 ejus
3034 3675 3401 3747 disciplinam,
3434 3693 3551 3749 gen-

1990 3766 2236 3835 tiumque
2276 3764 2347 3819 ab
2390 3778 2456 3818 eo
2491 3764 2688 3818 factam
2731 3766 3095 3825 vocationem.
3123 3776 3383 3836 expresse
3421 3783 3563 3837 pm-

1992 3854 2263 3915 nuntiata,
2311 3852 2607 3922 multisque
2643 3860 2771 3908 ante
2820 3854 2979 3909 annis
3020 3854 3087 3908 ab
3132 3855 3252 3911 istis
3299 3855 3560 3912 divinitus

1992 3943 2186 3999 amatis
2214 3944 2347 3997 vir-is
2375 3942 2637 4012 praedicta
2682 3941 2872 3998 fuisse.
2901 3942 3143 4010 Quorum
3173 3960 3361 4003 sacros
3393 3947 3561 4003 libros

306 4055 440 4110 νην,
473 4040 542 4094 τά
564 4057 624 4093 τε
658 4041 909 4113 περὶτῆς
935 4042 1284 4107 διδασκαλίας
1315 4039 1481 4095 αὑτοῦ
1504 4081 1520 4105 ,
1569 4039 1660 4093 καὶ
1691 4039 1789 4109 τῆς
1828 4036 1886 4103 ἐξ

1995 4035 2154 4091 Iudaei
2203 4034 2412 4103 majore
2459 4033 2606 4104 digni
2659 4034 2765 4089 ﬁde
2813 4050 2976 4105 quam
3026 4051 3127 4091 nos
3169 4046 3376 4101 essent,
3408 4042 3563 4109 justo

306 4132 567 4187 ἁπάντων
586 4132 754 4187 ἐθνῶν
776 4134 1073 4208 γενομένης
1094 4137 1160 4190 δι’
1186 4132 1351 4189 αὐτοῦ
1377 4129 1887 4205 κλήσιως,ἀκρι6ῶς

306 4222 687 4296 προεγνῶσοαί
719 4241 779 4278 τε
807 4226 901 4279 καὶ
929 4225 1035 4299 πρὸ
1066 4226 1272 4299 μυρίων
1302 4227 1441 4282 ὅσων
1480 4222 1617 4277 ἐτῶν
1656 4224 1768 4285 τοῖς
1800 4219 1890 4274 θε-

307 4314 553 4381 σπεσίοις
584 4316 815 4383 ἐκείνοις
837 4318 1063 4391 ἀνδράσι
1089 4319 1474 4395 προειρῆσθαι·
1507 4309 1581 4370 ὧν
1613 4314 1711 4378 τὰς
1738 4312 1889 4385 ἱερὰς

1984 4143 2049 4184 ac
2100 4125 2400 4181 venerabili
2444 4125 2651 4181 honore
2693 4136 3103 4197 prosequentes.
3163 4128 3260 4185 His
3307 4131 3474 4200 igitur
3528 4146 3558 4184 a

1984 4218 2146 4275 nobis
2197 4232 2306 4271 non
2346 4217 2463 4273 sine
2509 4216 2744 4273 utilitate
2776 4219 3060 4289 espositis,
3112 4220 3179 4275 ad
3219 4222 3561 4293 propositum

1984 4307 2367 4364 revertendum
2391 4314 2495 4362 est.

307 4407 526 4481 βισλους
565 4411 807 4465 Ἰουδαῖοι
834 4411 1033 4483 μᾶλλον
1059 4412 1125 4468 ἀν
1149 4410 1305 4483 ήμῶν
1360 4405 1469 4464 εἷεν
1526 4406 1954 4476 ἀξιοπιστότεροι
1996 4400 2134 4473 μετὰ
2176 4398 2355 4468 πάσης
2413 4396 2711 4469 σεϐασμίου
2755 4400 2919 4471 τιμῆς
2967 4401 3315 4473 περιέποντές
3359 4419 3419 4455 τε
3465 4402 3565 4463 καὶ

307 4507 693 4582 προφέροντες.
746 4507 961 4563 Τούτων
989 4510 1119 4581 ἡμῖν
1147 4507 1434 4580 χρησίμως
1458 4499 1983 4579 προδιαληφθέντων,
2002 4498 2092 4550 ἐπὶ
2117 4495 2216 4566 τήν
2244 4491 2498 4546 ὑπόθεσιν
2522 4492 2785 4546 όδευτέον.

837 4632 1232 4686 ΚΕΦΔΛΑΙΟΝ
1269 4631 1348 4684 Δ’.

833 4723 927 4776 Ἐκ
958 4724 1064 4778 τοῦ
1103 4723 1367 4778 Ἡσαΐου.

393 4834 414 4870 ι
453 4802 512 4869 Ὅ
544 4816 701 4885 λόγος
735 4816 766 4869 ό
798 4815 1088 4885 γενόμενος
1108 4816 1244 4887 πρὸς
1282 4814 1506 4869 Ἠσαίαν
1548 4810 1663 4865 υἰὸν
1700 4808 1881 4881 ’Δμὼς

310 4909 441 4982 περὶ
474 4909 574 4980 τῆς
613 4907 870 4972 Ἰουδαίας
901 4909 995 4961 καὶ
1020 4908 1147 4979 περί
1179 4906 1548 4977 Ἰερουσαλήμ.
1572 4906 1694 4958 Ὅτι
1726 4902 1880 4955 ima:

312 5004 372 5057 ἐν
394 5003 515 5065 ταῖς
556 5002 811 5073 ἐσχάταις
840 5001 1075 5073 ἡμέραις
1103 5002 1344 5071 ἐμφανὲς
1380 4999 1443 5054 τὸ
1472 4998 1598 5070 ὅρος
1634 4997 1842 5069 Κυρίου
1861 5034 1878 5062 ,

313 5092 408 5150 καὶ
429 5094 460 5148 ό
486 5088 634 5155 οἶκος
651 5091 748 5146 τοῦ
770 5091 906 5145 Θεοῦ
937 5095 1023 5146 ἐπ’
1054 5093 1238 5164 ἄκρων
1268 5092 1376 5146 τῶν
1400 5089 1593 5164 ὀρέων,
1612 5091 1708 5145 καὶ
1728 5089 1877 5159 ὑψω-

314 5182 534 5254 θήσεται
559 5183 815 5254 ὑπεράνω
846 5182 953 5236 τῶν
988 5181 1213 5253 βουνῶν,
1239 5182 1332 5235 καὶ
1357 5180 1576 5251 ἥξουσιν
1612 5180 1699 5232 ἐπ’
1731 5176 1881 5246 αύτῷ

316 5276 489 5331 πάντα
518 5276 590 5330 τὰ
616 5275 765 5347 ἔθνη.
812 5277 922 5330 Καὶ
965 5274 1319 5347 πορεύσονται
1372 5272 1502 5342 ἔθνη
1549 5269 1739 5333 πολλὰ,
1789 5270 1882 5323 καὶ

317 5369 518 5441 ἐροῦσι·
550 5368 737 5433 Δεῦτε,
757 5369 851 5422 καί⁵
873 5367 1161 5440 ἀναδῶμεν
1194 5368 1272 5430 εἰς
1293 5366 1355 5419 τὸ
1380 5365 1504 5436 ὅρος
1530 5362 1757 5433 Κυρίου,
1786 5362 1880 5415 καὶ

319 5461 394 5524 εἰς
416 5460 507 5515 τὸν
547 5455 694 5515 οἷκον
719 5458 814 5513 τοῦ
861 5457 995 5513 Θεοῦ
1034 5456 1246 5522 unus,
1292 5457 1386 5511 καί⁷
1415 5453 1701 5524 ἀναγγελεί
1749 5453 1880 5524 ήμῖν

321 5552 412 5621 τὴν
440 5553 556 5607 ὁδὸν
581 5552 765 5617 αὐτοῦ,
808 5554 904 5606 καὶ
944 5548 1318 5622 πορευσόμεθα
1363 5550 1423 5602 ἐν
1463 5549 1598 5618 αὐτῇ
1624 5564 1637 5577 ·
1674 5547 1739 5599 ἐκ
1768 5546 1876 5617 γὰρ

323 5641 452 5696 ειὼν
478 5642 815 5710 ἐξελεύσεται
846 5644 1030 5713 νόμος,
1061 5643 1155 5695 καὶ
1175 5641 1330 5709 λόγος
1360 5638 1564 5710 Κυρίου
1593 5635 1654 5701 ἐξ
1676 5635 1876 5707 Ἰερου-

326 5735 496 5807 ῖαλήμ
513 5753 527 5767 ο
559 5736 654 5788 καὶ
681 5738 856 5806 κρινεῖ
884 5733 989 5788 ἀνὰ
1021 5732 1183 5804 μέσον
1202 5732 1309 5785 τῶν
1335 5730 1525 5795 ἐθνῶν,
1548 5731 1643 5784 καὶ
1666 5728 1871 5797 ἐλέγξει

327 5826 441 5881 λαὸν
477 5826 673 5882 πολύν
724 5826 819 5880 καὶ
867 5825 1196 5895 συγκόψουσι
1241 5823 1340 5888 τὰς
1380 5823 1652 5894 μαχαίρας
1694 5822 1872 5875 αὐτῶν

616 5920 807 5977 l’s'm.
840 5915 956 5976 Gtt.
999 5913 1201 5976 XXII.

1917 4631 1965 4688 ι)

2614 4602 2844 4668 CAPUT
2882 4613 2923 4669 1.

2628 4704 2714 4759 Ea:
2743 4705 2894 4761 Isaia

2062 4822 2081 4856 ι
2120 4794 2357 4858 Verbum
2387 4800 2533 4872 quod
2578 4800 2716 4855 vidit
2766 4801 2960 4868 Isaias,
2997 4797 3141 4857 ﬁlius
3172 4799 3361 4866 Amos,
3393 4810 3559 4872 Super

1984 4896 2123 4952 Juda
2166 4903 2221 4950 et
2259 4892 2586 4950 Jerusalem.
2619 4894 2686 4947 Et
2728 4893 2833 4948 erit
2890 4894 2945 4946 in
2996 4893 3315 4949 novissimis
3364 4892 3557 4950 diebus

1988 4999 2327 5063 praeparatus
2344 5004 2503 5045 mons
2514 4989 2710 5044 domus
2725 4987 2940 5043 Domini
2966 4987 3020 5042 in
3032 4988 3235 5045 vertice
3262 4986 3553 5050 montium,

1985 5094 2041 5140 et
2066 5084 2373 5149 elevabitur
2402 5098 2569 5152 super
2593 5082 2786 5145 colles,
2823 5090 2876 5139 et
2917 5080 3085 5136 liuent
3110 5081 3177 5135 ad
3209 5095 3334 5136 eum
3362 5092 3555 5136 omnes

1986 5184 2195 5250 gentes.
2230 5175 2297 5230 Et
2326 5176 2487 5231 ibunt
2512 5175 2699 5246 populi
2726 5175 2903 5237 multi,
2930 5180 2983 5229 et
3004 5175 3224 5228 dicent:
3260 5171 3474 5231 Venite,
3503 5181 3553 5225 et

1985 5259 2350 5327 ascendamus
2373 5268 2441 5322 ad
2484 5275 2725 5322 montem
2753 5266 2989 5331 Domini,
3022 5275 3076 5322 et
3105 5266 3172 5320 ad
3208 5271 3432 5321 domum
3463 5266 3551 5318 Dei

1980 5362 2173 5427 Jacob,
2195 5368 2250 5418 et
2279 5359 2500 5416 docebit
2524 5374 2628 5416 nos
2652 5361 2771 5415 vias
2799 5372 2952 5424 suas,
2982 5365 3035 5414 et
3068 5359 3471 5414 ambulabimos
3498 5359 3553 5413 in

1980 5454 2196 5513 semitis
2245 5454 2387 5523 ejus.
2432 5453 2573 5519 Quia
2596 5453 2665 5509 de
2692 5452 2822 5508 Sion
2862 5453 3032 5507 exibit
3064 5453 3174 5516 lex,
3222 5461 3275 5507 et
3324 5452 3548 5508 verbum
3662 5470 3667 5475 ·

1981 5545 2199 5603 Domini
2240 5545 2308 5601 de
2345 5544 2670 5602 Jerusalem.
2704 5545 2771 5599 Et
2825 5544 3097 5614 judicabit
3127 5551 3338 5617 gentes,
3365 5556 3418 5601 et
3449 5560 3545 5600 ar-

1977 5651 2106 5711 guet
2135 5641 2366 5712 populos
2400 5641 2603 5696 multos
2647 5660 2661 5696 :
2710 5653 2763 5697 et
2811 5640 3130 5696 conﬂabunt
3163 5640 3376 5713 gladios
3418 5648 3549 5692 suos

1978 5733 2034 5785 in
2063 5745 2333 5795 vomeres,
2365 5737 2421 5786 et
2453 5731 2675 5786 lanceas
2697 5744 2828 5786 suas
2861 5732 2915 5785 in
2946 5731 3113 5788 falces
3144 5751 3157 5786 :
3197 5746 3308 5785 non
3349 5728 3547 5784 levabit

1976 5838 2110 5895 gens
2153 5830 2346 5879 contra
2393 5831 2608 5898 gentem
2662 5824 2928 5896 gladium,
2976 5840 3078 5882 nec
3144 5822 3542 5879 exercebuntm

3177 5914 3265 5973 38
