4070 6464
514 354 651 411 “95

1169 355 1440 413 EUSEBII
1473 357 1956 415 C/ESARIENSIS
1991 358 2142 416 OPP.
2185 358 2370 416 PARS
2409 360 2579 417 llI.-—
2615 358 3027 417 EXEGETICA.

3607 359 3752 417 “96

511 477 659 532 ultra
682 477 748 531 ad
789 474 1036 546 praelium
1061 475 1098 530 ⁸.
1139 495 1157 526 ι
1206 473 1510 533 Ostendant
1535 479 1715 544 nobis,
1757 479 1849 551 qui
1879 480 1947 536 de
1975 481 2069 536 cir-

2184 482 2264 545 είς
2294 480 2521 553 ἄροτρα,
2555 479 2650 534 καὶ
2683 479 2781 543 τὰς
2806 476 3028 544 ζιϐύνας
3046 476 3226 533 αὐτῶν
3249 478 3328 542 εἰς
3353 477 3594 550 δρέπανα
3613 493 3628 505 ⁸
3661 477 3763 530 καὶ

509 569 848 625 cumeisione
876 567 1269 640 glorificantur,
1298 585 1547 641 quaenam
1581 579 1635 628 et
1667 574 1810 629 unde
1861 575 1932 630 sit
1991 575 2075 630 lex

511 664 626 728 illa,
647 671 702 718 et
732 664 932 735 quibus
959 664 1137 720 danda
1159 665 1254 730 sit,
1285 680 1408 735 qua:
1437 663 1505 720 de
1539 663 1673 720 Sion
1697 667 1910 721 exitura
1940 683 2082 738 prae-

509 754 734 810 dicitur.
777 775 795 808 ι
833 754 907 812 De
959 754 1092 811 Sion
1121 756 1290 822 enim,
1329 756 1427 822 ait,
1479 757 1651 812 exibit
1694 757 1803 822 lex,
1845 777 1864 810 ι
1900 758 2082 815 diver-

509 861 626 901 sam
661 845 778 903 [ore
809 847 878 902 ab
928 847 1020 902 illa
1065 848 1402 919 signiticans,
1444 864 1564 919 qua:
1608 866 1704 921 per
1751 850 1990 924 Moysem
2022 852 2078 908 in

508 939 730 996 deserto
783 940 910 996 data
962 949 1070 997 est.
1120 939 1395 1008 Quidnam
1437 955 1492 1000 et
1541 944 1758 1000 Domini
1811 945 2076 1011 Verbum,

509 1021 677 1100 quod,
719 1032 876 1102 juxta
927 1033 1292 1104 prophetiam,
1347 1050 1460 1089 non
1505 1035 1622 1103 jam
1671 1036 1729 1091 in
1774 1035 2078 1094 Jerusalem

509 1125 872 1192 permanebit,
910 1125 1007 1181 sed
1031 1126 1098 1181 de
1131 1124 1265 1181 Sion
1293 1142 1646 1198 egressurum
1671 1136 1777 1197 est,
1809 1138 1974 1201 atque
2009 1129 2078 1185 ad

508 1223 695 1288 gentes
715 1229 1211 1290 transgressurum,
1243 1227 1304 1274 ut
1325 1219 1536 1290 judicet
1575 1231 1763 1294 gentes
1789 1230 1845 1279 et
1885 1234 2079 1295 arguat

509 1309 738 1378 populos
796 1310 1022 1374 multos,
1076 1311 1296 1382 quando
1352 1328 1566 1368 summa
1630 1330 1764 1386 pace
1818 1317 2073 1388 gentibus

509 1399 688 1457 Verbo
733 1401 947 1457 Domini
983 1402 1296 1471 judicandis
1331 1404 1499 1473 facta,
1531 1409 1867 1479 mutatisque
1908 1407 2076 1466 abiis

507 1499 602 1567 qui
634 1497 690 1551 in
714 1502 848 1567 pace
879 1496 1167 1554 constituti
1197 1508 1360 1555 erunt
1375 1501 1640 1556 bellorum
1670 1503 2073 1566 instrumentis,

511 1598 720 1647 mentes
744 1591 813 1646 ad
846 1591 1082 1662 propria:
1106 1590 1302 1646 anima:
1331 1593 1604 1646 culturam
1641 1593 1884 1648 verterit.
1933 1592 2075 1659 Quid

506 1682 576 1738 ad
606 1684 720 1738 haec
750 1682 843 1739 isti
868 1682 1086 1753 possint
1124 1682 1458 1752 respondere
1499 1683 1708 1740 nescio.
1746 1679 1916 1739 Nobis
1943 1699 2076 1740 vero

506 1782 654 1830 recte
684 1774 740 1828 in
758 1771 941 1830 Jesum
973 1772 1253 1829 Christum
1279 1773 1372 1830 Dei
1402 1774 1776 1840 credentibus,
1809 1775 1970 1831 facile
1990 1781 2074 1831 est

506 1880 723 1920 omnem
752 1865 1046 1936 explanare
1086 1866 1452 1937 prOphetiam,
1498 1873 1552 1922 et
1581 1882 1708 1922 vere
1733 1867 1974 1922 divinam
2007 1881 2072 1923 ac

2180 575 2241 627 οὐ
2267 573 2494 645 λήψεται
2532 571 2682 636 ἔθνος
2713 573 2799 626 ἐπ’
2833 571 2985 635 ἔθνος
3012 570 3307 644 μάχαιραν,
3335 571 3430 624 καὶ
3452 570 3514 624 οὐ
3546 568 3620 641 μὴ
3653 567 3763 639 μά-

2183 665 2347 721 θωσιν
2374 664 2455 718 ἔτι
2487 664 2761 736 πολεμεῖν.
2788 682 2806 716 ι
2833 662 3208 717 Δεικνύτωσαν
3239 665 3370 733 ἡμῖν
3397 661 3448 714 οἰ
3476 659 3576 732 τὴν
3595 674 3760 729 περι·-

2179 756 2352 830 τομὴν
2377 756 2690 827 αὐχοῦντες,
2713 757 2798 819 τίς
2837 757 2866 810 ό
2893 755 3057 825 νόμος
3085 754 3180 808 καί
3213 753 3474 816 ποταπὸς,
3507 751 3604 806 καὶ
3643 749 3759 803 τίσι

2179 848 2537 921 δοθησόμενπ
2556 849 2584 901 ὁ
2609 851 2672 901 ἐκ
2692 847 2830 901 Σιὼν
2852 846 3228 912 ἐξελεύσεσθαι
3247 845 3724 918 προφητευόμενος
3737 859 3754 872 ·

2184 959 2205 994 ι
2253 941 2349 995 Ἐκ
2376 941 2484 1014 γάρ
2519 940 2677 1005 Σιὼν,
2718 941 2904 1014 φησὶν,
2942 939 3284 1006 ἐξελεύσεται
3310 939 3493 1009 νόμος,
3520 959 3539 990 ι
3566 937 3761 1008 ἔτερος

2177 1031 2251 1086 ὢν
2263 1033 2417 1105 δῆλον
2443 1035 2524 1087 ὅτι
2552 1033 2646 1087 τοῦ
2674 1035 2733 1087 ἐν
2757 1035 2821 1105 τῇ
2851 1034 3043 1105 ἐρήμῳ
3063 1033 3151 1086 διὰ
3174 1031 3452 1094 Μωῦσέως
3478 1029 3649 1100 νόμου
3670 1027 3761 1081 δε-

2177 1125 2431 1199 δομένου·
2467 1126 2552 1190 τίς
2577 1127 2634 1180 δὲ
2658 1126 2910 1180 καὶότοῦ
2949 1127 3155 1196 Κυρίου
3186 1124 3365 1193 λόγος,
3396 1121 3595 1194 μηκέτι
3631 1120 3756 1191 μὲν,

2177 1219 2321 1272 κατὰ
2344 1219 2443 1291 τὴν
2470 1218 2827 1290 προφητείαν,
2854 1217 3032 1288 μένων
3061 1218 3120 1270 ἐν
3146 1213 3520 1288 Ἰερουσαλὴμ,
3552 1211 3668 1266 ἀλλ’
3691 1213 3762 1267 ἐκ

2178 1309 2316 1364 Σιὼν
2341 1311 2533 1381 αὐτῆς,
2577 1311 2678 1377 ,καὶ
2720 1309 3113 1382 μεθιστάμενος
3151 1309 3244 1362 ἐπὶ¹
3277 1307 3454 1362 πάντα
3485 1305 3557 1359 τὰ
3600 1303 3756 1376 ἔθνη,

2181 1401 2390 1474 μέλλων
2429 1419 2490 1456 τε
2524 1403 2731 1474 κρίνειν
2761 1403 2866 1457 ἀνὰ
2899 1402 3061 1473 μέσον
3088 1401 3315 1465 τούτων,
3338 1400 3431 1453 καὶ
3451 1387 3577 1452 λαὸν
3603 1397 3761 1466 ἐλέγ-

2176 1494 2386 1567 χει(ξει)
2422 1495 2620 1560 πολὺν,
2659 1497 2746 1549 ὅτε
2795 1495 2892 1549 καὶ
2935 1495 3158 1567 εἰρήνης
3195 1493 3500 1565 βαθυτάτης
3531 1492 3757 1560 ἐγγενο-

2180 1587 2348 1660 μένης
2369 1589 2483 1651 τοῖς
2510 1587 2646 1660 πρὸς
2659 1587 2753 1641 τοῦ
2783 1588 2959 1656 Λόγου
2985 1586 3080 1641 τοῦ
3107 1585 3314 1658 Κυρίου
3337 1583 3758 1656 κριθησομένοις

2175 1678 2376 1741 ἔθνεσι,
2424 1678 2818 1750 μεταόαλόντες
2851 1679 2897 1732 οἰ
2949 1683 3047 1751 τῆς
3087 1679 3312 1750 εἰρήνης
3346 1674 3642 1746 ἠξιωμένοι
3685 1673 3759 1726 τά

2175 1770 2443 1843 πρότερον
2490 1769 2671 1825 αὐτῶν
2711 1771 2986 1843 πολεμικά
3014 1768 3183 1841 σκεύη
3207 1810 3223 1835 ,
3268 1771 3335 1840 τῇ
3366 1766 3576 1820 ἑαυτῶν
3610 1763 3760 1818 κατά

2173 1863 2272 1935 τὴν
2307 1861 2487 1934 ψυχὴν
2519 1863 2762 1936 γεωργίᾳ
2806 1862 3128 1936 προσέξουσι
3171 1861 3265 1916 τόν
3309 1861 3456 1916 νοῦν.
3495 1859 3760 1923 Ἐκείνοις

507 1965 733 2028 prorsus
762 1958 1141 2015 admirandam
1172 1960 1570 2024 demonstrare,
1597 1974 1724 2014 cum
1749 1966 1804 2014 et
1830 1975 1921 2015 res
1937 1975 2069 2030 prte-

2177 1953 2277 2024 μέν
2307 1949 2401 2008 οὖν
2429 1955 2531 2008 οὐκ
2561 1952 2657 2009 οἷδ’
2681 1956 2734 2009 εἴ
2759 1955 2840 2020 τίς
2890 1956 3006 2009 ἐστι
3045 1955 3182 2026 πρὸς
3205 1953 3376 2008 ταῦτα
3405 1954 3562 2022 λόγος
3581 1969 3599 1985 ο
3621 1955 3758 2024 ἡμῖν

505 2050 685 2107 dictas
740 2059 936 2106 eventu
996 2051 1166 2108 fuisse
1202 2051 1591 2121 comprobatas
1655 2050 2070 2120 crediderimus,

504 2158 682 2214 neque
711 2159 743 2197 a
776 2159 907 2199 vero
952 2145 1228 2208 aberrare,
1285 2143 1698 2214 prophetiarum
1755 2152 1954 2200 eventu
2015 2145 2071 2200 in

508 2237 719 2290 incerta
747 2243 1054 2307 temporum
1086 2235 1264 2308 spatia
1297 2235 1585 2307 producto.
1644 2234 1890 2293 Dicimus
1924 2237 2070 2292 enim

507 2325 809 2383 Salvatoris
836 2328 1008 2383 nostri
1040 2323 1170 2382 Jesu
1201 2325 1406 2382 Christi
1440 2325 1840 2391 incarnatione,
1877 2341 2073 2397 corpo-

502 2419 692 2474 raliter
735 2419 804 2476 de
831 2418 963 2474 Sion
987 2419 1210 2485 exiisse,
1239 2428 1292 2474 et
1321 2417 1450 2472 inde
1484 2416 1740 2473 omnibus
1773 2417 2070 2472 annuntia-

502 2522 615 2567 tatn
650 2527 772 2569 esse
805 2513 1058 2583 gentibus
1113 2510 1248 2566 Novi
1281 2509 1617 2567 Testamenti
1677 2509 1873 2579 legem,
1923 2509 2072 2565 scili~

500 2612 588 2660 cet
610 2605 768 2675 juxta
795 2603 1172 2676 Evangelium,
1205 2619 1329 2658 cum
1355 2609 1410 2658 et
1445 2602 1624 2673 ipsum
1660 2602 1900 2657 salutare
1925 2600 2064 2656 Ver-

502 2697 656 2762 bum,
694 2694 934 2752 Verbum
981 2694 1197 2751 Domini
1237 2695 1590 2766 appellatum,
1647 2692 1715 2748 de
1765 2691 2069 2749 Jerusalem

501 2787 824 2859 procedens,
850 2787 1033 2859 ibique
1059 2800 1410 2842 commorans
1441 2785 1685 2852 edocuit,
1711 2785 1871 2855 juxta
1893 2785 2027 2839 illud
2052 2804 2065 2839 :

504 2901 522 2931 ι
571 2880 716 2937 Ecce
736 2881 1084 2951 relinquetur
1113 2880 1269 2936 vobis
1297 2879 1492 2935 domus
1520 2887 1704 2934 vestra
1738 2877 1958 2934 deserta
1980 2878 2020 2930 '.
2044 2897 2063 2930 ι

497 3003 565 3014 --
595 2992 615 3025 ι
658 2971 722 3029 In
758 2988 950 3028 omnes
1003 2979 1192 3044 gentes
1243 2970 1416 3028 ell'usa
1447 2977 1531 3028 est
1561 2971 1735 3042 ipsius
1761 2970 1938 3042 gratia
1961 2969 2003 3025 ⁸.
2043 2989 2062 3022 ι

497 3064 631 3133 Qua:
658 3075 712 3122 et
741 3066 810 3122 ab
842 3081 907 3121 eo
929 3065 1208 3135 judicataa,
1235 3063 1584 3134 exprobratis
1619 3063 1898 3135 prioribus
1921 3061 2064 3134 ipsa-

499 3175 619 3214 rum
654 3159 917 3231 peccatis,
955 3167 1010 3214 et
1037 3156 1104 3212 ad
1133 3156 1538 3213 confessionem
1579 3167 1633 3211 et
1686 3155 2066 3226 pmnitentiam

496 3251 902 3323 confugientes,
928 3250 1130 3304 bellum
1165 3248 1432 3306 adversus
1460 3247 1794 3319 cupiditates
1819 3261 1951 3304 suas
1983 3245 2064 3300 fa-
2091 3279 2136 3336 ο

496 3358 624 3399 cere
651 3343 924 3406 desinent,
961 3342 1017 3396 in
1051 3340 1485 3414 profundissima
1523 3341 1720 3395 anima:
1750 3355 1887 3411 pace
1911 3338 2065 3394 dein—

495 3449 625 3506 ceps
655 3433 861 3498 vivent,
903 3431 1106 3486 mentis
1143 3445 1256 3486 sua
1288 3430 1562 3484 culturam
1587 3435 1642 3482 et
1684 3425 2066 3482 fructiﬁcatio-

497 3541 620 3582 nem
647 3525 994 3582 solummodo
1019 3529 1298 3578 curantes.
1339 3520 1473 3588 Quae
1502 3521 1550 3578 si
1578 3520 1703 3592 quis
1739 3519 1807 3574 ad
1829 3520 2064 3574 litteram

495 3617 749 3689 accipere
769 3616 920 3680 velit,
955 3615 1206 3672 sincerus
1235 3630 1433 3670 sensus
1463 3613 1609 3682 erit;
1658 3612 1748 3669 vel
1775 3611 1825 3668 si
1851 3611 1920 3666 ad
1954 3609 2068 3681 spi-

495 3707 663 3762 ritum
697 3715 932 3777 spectes,
983 3704 1153 3759 multo
1213 3704 1495 3759 intellectu
1544 3701 1780 3758 facilior.
1834 3701 1971 3756 Cum
2011 3710 2067 3755 et

496 3806 627 3854 ante
667 3797 853 3853 omnia
886 3795 1306 3867 praesertimque
1335 3793 1442 3850 hoc
1481 3794 1540 3849 in
1573 3795 1696 3849 loco
1728 3791 2068 3850 credendum

497 3888 571 3944 sit
601 3888 810 3944 exitum
838 3885 1103 3942 habuisse
1127 3900 1251 3957 quae
1275 3885 1370 3942 hic
1397 3895 1807 3954 memorantur;
1847 3900 2066 3942 verum-

494 3990 680 4036 tamen
708 3980 778 4036 iis
803 3993 926 4051 qua:
975 3978 1126 4034 dicta
1157 3986 1308 4044 sunt,
1362 3976 1525 4034 facile
1563 3987 1798 4049 possunt
1839 3977 2065 4048 intelligi

493 4075 672 4145 prima
701 4072 869 4142 hujus
896 4071 1004 4126 loci
1033 4069 1226 4135 verba,
1270 4089 1289 4122 ι
1338 4070 1395 4124 in
1426 4069 1750 4125 novissimis
1781 4069 2007 4136 diebus;
2042 4087 2062 4120 ι

491 4166 696 4238 quippe
717 4171 970 4236 apertum
995 4171 1081 4219 est
1101 4160 1252 4234 quod
1276 4162 1334 4216 in
1359 4162 1691 4218 sarculorum
1723 4176 2070 4218 consumma-

490 4259 641 4315 tione
669 4255 994 4313 manifestus
1013 4255 1189 4311 factus
1217 4268 1300 4310 εει
1317 4272 1336 4306 ι
1359 4269 1517 4310 mons
1539 4273 1558 4306 ι
1578 4254 1845 4326 spiritalis
1870 4273 1889 4307 ι
1911 4253 2028 4318 Dei,
2043 4273 2062 4304 ι

490 4351 548 4407 id
577 4358 684 4414 est,
716 4350 960 4406 divinum
1019 4364 1085 4404 ac
1130 4348 1360 4404 cmleste
1393 4347 1673 4416 Verbum;
1705 4349 1939 4419 ejusque
1968 4349 2067 4404 do-

491 4459 616 4498 mus
646 4441 894 4499 Ecclesia
920 4442 979 4498 in
1017 4442 1388 4514 apostolorum
1420 4449 1474 4498 et
1506 4442 1896 4513 prophetarum
1937 4441 2057 4496 iun-

492 4534 749 4590 damento
793 4532 1081 4598 aediﬁcata,
1142 4540 1197 4588 et
1257 4532 1380 4590 ideo
1434 4533 1490 4588 in
1543 4534 1754 4590 vertice
1796 4534 2062 4589 montium

2173 2062 2238 2114 γε
2275 2045 2382 2118 μὴν
2412 2045 2580 2116 ὑγιῶς
2609 2047 2689 2110 εἰς
2720 2047 2926 2118 Ἰησοῦν
2956 2048 3050 2103 τὸν
3083 2047 3320 2119 Χριστὸν
3362 2044 3457 2100 τοῦ
3487 2043 3622 2099 Θεοῦ
3654 2062 3760 2098 πε-

2174 2139 2492 2194 πιστευκόσι
2515 2138 2712 2210 ῥᾳδίως
2739 2139 2914 2193 ἔνεστι
2936 2141 3115 2194 πᾶσαν
3146 2138 3463 2211 ἐξομαλίσαι
3487 2138 3587 2211 τὴν
3620 2147 3758 2209 προ-

2173 2230 2422 2302 φητείαν,
2454 2231 2602 2286 θείαν
2644 2249 2706 2286 τε
2735 2232 2811 2296 ὡς
2849 2231 3064 2304 ἀληθῶς
3106 2234 3200 2287 καί
3246 2232 3547 2304 παράδοξον
3582 2228 3759 2303 αὐτὴν

2173 2322 2565 2391 ἐπιδεικνύναι,
2596 2324 2674 2396 τῷ
2702 2325 2797 2379 καί
2838 2324 2991 2390 τέλος
3017 2325 3308 2397 ἐσχηκέναι
3338 2324 3405 2379 τά
3439 2340 3756 2397 προφητευ-

2173 2414 2333 2468 θέντα
2359 2415 2654 2481 πιστεύειν,
2689 2418 2783 2470 καὶ
2813 2415 2888 2489 μὴ
2919 2417 3018 2488 τῆς
3045 2415 3302 2488 ἀληθείας
3328 2416 3640 2482 ἐκπίπτειν,
3671 2417 3758 2479 εἰς

2172 2507 2604 2579 ἀτερματίστους
2631 2508 3094 2580 ὑπερτιθεμένους
3137 2509 3360 2580 χρόνους
3399 2508 3508 2561 τῶν
3540 2525 3762 2580 προφητ

2171 2597 2332 2652 τειῶν
2367 2599 2436 2652 τὰ
2472 2599 2907 2670 ἀποτελέσματα.
2941 2599 3126 2670 Φαμὲν
3169 2598 3279 2670 γὰρ
3327 2599 3390 2672 δὴ
3428 2599 3524 2653 ἐπὶ
3561 2601 3630 2672 τῇ
3655 2597 3758 2652 τοῦ

2173 2689 2426 2762 Σωτῆρος
2449 2690 2608 2762 ἡμῶν
2648 2689 2822 2763 Ἰησοῦ
2858 2690 3094 2762 Χριστοῦ
3133 2692 3406 2764 παρουσίᾳ
3437 2693 3531 2746 καί
3565 2709 3758 2763 σωμα-

2169 2781 2338 2847 τικῶς
2362 2785 2426 2836 ἐκ
2462 2781 2601 2837 Σιὼν
2630 2783 3031 2856 ἐξεληλυθέναι,
3069 2783 3324 2838 κάκεῖθεν
3360 2785 3526 2838 πᾶσιν
3553 2785 3757 2838 ἀνακε-

2169 2875 2441 2948 κηρὺχθαι
2469 2879 2582 2941 τοῖς
2615 2877 2813 2944 ἔθνεσι,
2844 2877 2938 2932 τὸν
2965 2879 3129 2949 νόμον
3158 2877 3262 2949 τῆς
3307 2878 3516 2949 Καινῆς
3555 2877 3757 2947 Ataij-

2171 2985 2292 3039 κης,
2317 2968 2408 3022 τὸν
2441 2968 2583 3024 κατά
2603 2970 2664 3023 τὸ
2696 2968 3048 3040 Εὑαγγέλιον,
3082 2971 3169 3024 ὅτε
3196 2971 3290 3023 καὶ
3319 2970 3480 3033 αὐτὸς
3511 2972 3540 3023 ό
3579 2971 3756 3042 cuni;-

2174 3078 2284 3134 ριος
2333 3061 2524 3131 Λόγος,
2556 3063 2728 3132 Λόγος
2759 3053 2854 3116 τοῦ
2903 3063 3109 3135 Κυρίου
3148 3063 3525 3134 χρηματίζων,
3557 3063 3623 3116 ἐκ
3653 3064 3754 3133 τῆς

2181 3153 2537 3226 Ἰερουσαλὴμ
2566 3153 2884 3227 προελθὼν,
2942 3154 3071 3209 ἔνθα
3119 3154 3414 3228 διατρίϐων
3475 3153 3752 3218 ἐδίδασκε,

2168 3246 2310 3301 κατὰ
2329 3247 2410 3313 τὸ,
2432 3265 2453 3299 ι
2485 3247 2614 3303 Ἰδοὺ
2662 3248 2878 3318 ἀφίεται
2911 3249 3084 3319 ὑμῖνό
3115 3246 3263 3312 οἶκος
3288 3247 3441 3319 ὑμῶν
3465 3245 3676 3319 ἔρημος
3697 3263 3747 3300 Ἰ

2176 3357 2198 3391 ι
2219 3339 2346 3393 Ἐπὶ
2373 3340 2552 3394 πάντα
2578 3341 2647 3395 τά
2673 3339 2798 3412 ἔθνη
2826 3340 3007 3411 ἐξέχεε
3025 3339 3123 3412 τὴν
3141 3339 3335 3395 ἐαυτοῦ
3365 3340 3524 3412 χάριν
3538 3357 3552 3370 ·
3568 3360 3588 3392 ›
3608 3339 3646 3394 ἃ.
3661 3340 3754 3392 καὶ

2168 3433 2464 3505 κρινόμενα
2499 3433 2635 3505 πρὸς
2671 3433 2838 3487 αὑτοῦ
2877 3433 2972 3487 καὶ
3022 3432 3354 3504 ἐλεγχόμενα
3398 3432 3489 3485 ἐπί
3541 3448 3602 3486 τε
3630 3433 3754 3495 ταῖς

2168 3524 2461 3598 προτέραις
2520 3524 2727 3579 ἑαυτῶν
2762 3525 3089 3596 ἁμαρτίαις,
3143 3527 3224 3588 εἰς
3267 3523 3618 3596 συναίσθησιν
3658 3523 3754 3577 καὶ

2171 3617 2456 3687 μετάνοιαν
2514 3617 2819 3689 ἐρχόμενα,
2867 3617 3141 3670 πέπαυται
3195 3617 3297 3688 μὲν
3352 3615 3446 3670 τοῦ
3491 3616 3753 3688 πολέμοις

2166 3711 2280 3775 τοῖς
2311 3708 2453 3762 κατὰ
2479 3709 2548 3764 τὰ
2590 3709 2736 3781 πάθη
2781 3708 3063 3780 σχολάζειν
3087 3749 3101 3774 9
3141 3709 3200 3763 ἐν
3238 3711 3428 3782 εἰρήνῃ
3472 3709 3529 3762 δὲ
3573 3708 3752 3780 ψυχῆς

2164 3799 2337 3870 διάγει
2368 3799 2661 3873 βαθυτάτῃ,
2697 3801 2795 3873 τῆς
2837 3799 2985 3870 σφῶν
3031 3800 3214 3856 αὐτῶν
3267 3801 3507 3865 διανοίας
3553 3802 3750 3872 ἐπιμε-

2165 3889 2404 3961 λούμενα
2467 3891 2744 3962 γεωργίας
2787 3907 2849 3944 τε
2914 3892 3010 3945 καὶ
3074 3892 3473 3962 καρποφορίας.
3520 3893 3645 3946 Εἴτε
3692 3892 3751 3948 δέ

2167 3982 2310 4036 κατά
2337 3981 2434 4054 τὴν
2454 3981 2599 4048 λέξιν
2629 3981 2871 4053 βούλοιτό
2892 3998 2977 4046 τις
2997 3981 3146 4035 ταῦτ’
3175 3981 3560 4054 ἐκλαμϐάνειν,
3590 3984 3750 4054 ὑγιὴς

2165 4075 2194 4127 ό
2224 4075 2349 4138 νοῦς
2374 4073 2716 4128 ἀποδίδοταιο
2753 4073 2865 4128 εἴτε
2905 4074 3046 4129 κατά
3073 4073 3337 4138 διάνοιαν,
3372 4074 3552 4146 πολλῷ
3581 4078 3745 4148 ῥᾷον·

2167 4166 2292 4220 ἐπεὶ
2335 4167 2432 4221 καὶ
2472 4166 2900 4239 προηγουμένως
2955 4167 3050 4220 καὶ
3107 4166 3306 4239 μᾶλλον
3360 4167 3501 4221 κατά
3545 4166 3749 4240 ταύτην

2167 4257 2458 4313 πεπεῖσθαι
2491 4259 2597 4332 χρὴ
2641 4258 2710 4314 τὰ
2753 4257 2893 4312 κατά
2933 4259 3063 4322 τοὺς
3105 4259 3308 4323 τόπους
3340 4258 3450 4313 ἀπὸ
3479 4258 3589 4312 τῶν
3617 4259 3746 4330 (sic)

2167 4350 2650 4424 ἀποπληροῦσθαι.
2685 4352 2828 4424 πλὴν
2867 4351 2976 4407 ἀπὸ
3009 4351 3120 4406 τῶν
3147 4351 3453 4425 εἰρημένων
3492 4351 3750 4408 δύνανταί

2168 4461 2286 4509 πως
2312 4442 2449 4498 εἰναι
2477 4445 2622 4517 σαφῆ
2649 4445 2745 4500 καί
2776 4444 2844 4499 τὰ
2874 4444 3017 4500 κατά
3043 4445 3140 4516 τὴν
3167 4446 3345 4518 ἀρχὴν
3374 4447 3475 4518 τῆς
3503 4450 3562 4500 ἐν
3587 4449 3749 4520 χερσὶ

2167 4537 2473 4609 περικοπῆς
2488 4553 2503 4569 ·
2523 4539 2645 4591 «ἐν»
2663 4537 2774 4610 γάρ
2798 4557 2818 4589 ι
2843 4539 2966 4602 ταῖς
2993 4539 3250 4610 ἐσχάταις
3274 4539 3528 4611 ἡμέραις,
3543 4559 3560 4592 ι
3588 4539 3750 4611 δῆλον

492 4626 804 4698 pmdicata.
839 4625 903 4679 Et
944 4625 1062 4682 haec
1108 4624 1327 4696 quidem
1383 4624 1672 4682 manifesta
1723 4625 1867 4681 facta
1909 4633 2060 4693 sunt,

2170 4627 2209 4681 δ’
2243 4629 2324 4683 ὅτι
2351 4627 2447 4684 νῦν
2480 4630 2572 4682 ἐπὶ
2599 4628 2880 4701 συντελείᾳ
2901 4629 3010 4684 τῶν
3043 4627 3275 4694 αἰώνων,
3313 4629 3555 4702 ἐμφανὲς
3583 4629 3746 4700 γεγέ-

488 4728 614 4790 post
655 4717 970 4776 circumcisi
1013 4718 1200 4790 populi
1250 4719 1717 4790 reprobationem,
1749 4728 1875 4790 post
1910 4719 2063 4774 abla-

487 4821 604 4869 tum
664 4813 734 4868 ab
789 4827 854 4868 eo
914 4828 1143 4884 regnum
1201 4812 1491 4877 caelorum,
1559 4811 1781 4883 quando
1839 4811 2062 4882 impleta

489 4916 620 4964 sunt
678 4907 849 4963 relata
901 4922 1070 4978 supra
1125 4906 1268 4960 hanc
1325 4903 1671 4976 prophetiam
1731 4903 1919 4968 verba,
1971 4902 2061 4957 ubi

487 5001 697 5055 dictum
744 5007 830 5056 est
882 5019 893 5054 :
953 5017 972 5051 ‹
1034 4998 1100 5052 Ει
1152 4997 1568 5067 derelinquetur
1623 4995 1733 5050 illia
1789 4994 1948 5060 Sion,
2003 5001 2063 5050 ut

487 5092 871 5148 nmhraculum
913 5092 968 5146 in
1012 5091 1191 5156 vinea,
1235 5098 1291 5145 et
1332 5089 1482 5144 sicut
1531 5088 1812 5161 tugurium
1855 5087 1911 5143 in
1960 5104 2062 5144 cu-

487 5185 820 5249 cumerario,
879 5191 934 5238 et
991 5182 1134 5238 sicut
1193 5181 1390 5238 civitas
1451 5195 1573 5252 quae
1633 5187 1881 5236 vastatur
1930 5188 1973 5236 δ.
2038 5200 2056 5232 ι

489 5275 554 5329 Et
600 5277 822 5348 quando
869 5276 1152 5348 impletum
1206 5282 1291 5330 est
1355 5275 1493 5330 illud
1541 5295 1554 5330 :
1612 5294 1630 5328 ι
1684 5274 1883 5331 Audite
1942 5291 2065 5330 vero

483 5370 614 5427 hum
689 5367 961 5434 Domini,
1039 5369 1316 5440 principes
1400 5366 1798 5436 Sodomorum;
1875 5367 2055 5438 perci-

482 5464 596 5533 pite
661 5463 889 5518 auribus
962 5463 1135 5533 legem
1206 5459 1302 5515 Dei
1369 5461 1587 5526 nostri,
1661 5462 1895 5532 populus
1955 5457 2058 5513 Go-

480 5555 738 5610 morrha.
784 5551 904 5620 Quo
951 5552 1082 5608 mihi
1135 5553 1539 5608 multitudinem
1579 5554 1924 5614 victimarum
1963 5567 2058 5607 ve-

480 5655 740 5710 strarum,
785 5645 920 5701 dicit
960 5644 1263 5708 Dominus?
1292 5667 1310 5700 ι
1337 5656 1393 5704 ει
1430 5647 1676 5718 reliqua;
1723 5647 1925 5718 quibus
1956 5645 2056 5700 ad-

2159 4736 2317 4792 νηται
2365 4719 2427 4773 τὸ
2472 4738 2492 4772 ι
2548 4720 2698 4792 ὅρος,
2724 4739 2743 4772 ι
2792 4720 2854 4774 τὸ
2906 4721 3272 4793 πνευματικὸν
3311 4740 3329 4773 ι
3377 4720 3470 4773 τοῦ
3510 4720 3679 4786 Θεοῦ,
3721 4741 3742 4775 ι

2158 4811 2437 4865 τουτέστιν
2466 4813 2496 4864 ό
2527 4810 2669 4875 θεῖος
2695 4811 2790 4865 καὶ
2827 4812 3078 4885 οὐράνιος
3106 4813 3282 4882 Λόγος
3303 4829 3317 4843 ο
3342 4813 3438 4867 καὶ
3469 4815 3499 4867 ό
3523 4808 3668 4878 οἶκος
3685 4814 3747 4868 δέ

2159 4903 2323 4957 αὑτοῦ
2361 4906 2395 4974 ἡ
2433 4903 2729 4976 Ἐκκλησία
2759 4904 3226 4978 ἐπῳκοδομημένη
3271 4907 3363 4960 ἐπὶ
3393 4905 3473 4978 τῷ
3511 4905 3747 4978 θεμελίῳ

2159 4995 2267 5049 τῶν
2287 4996 2600 5050 ἀποστόλων
2633 4997 2727 5052 καὶ
2754 4996 3071 5070 προφητῶν,
3108 4998 3204 5052 καὶ¹
3231 4999 3319 5053 διὰ
3365 4999 3526 5053 τοῦτο
3557 4999 3744 5054 ἐπάνω

2159 5087 2298 5146 εἶναι
2327 5090 2435 5146 τῶν
2480 5091 2652 5164 ὁρέων
2699 5092 2988 5164 λεγομένη.
3035 5092 3145 5144 Καὶ
3192 5091 3369 5146 ταῦτά
3409 5109 3473 5162 γε
3523 5093 3744 5164 ἐμφανῆ
3791 5163 3794 5167 λ

2157 5186 2348 5254 γέγονε
2383 5183 2522 5255 μετὰ
2569 5184 2667 5256 τὴν
2699 5183 2970 5255 ἀποϐολὴν
3013 5182 3106 5237 τοῦ
3143 5184 3209 5238 ἐκ
3251 5185 3556 5256 περιτομῆς
3581 5184 3741 5249 λαοῦ,
3785 5179 3793 5192 ’

2160 5277 2255 5331 καὶ
2290 5277 2432 5348 μετὰ
2477 5277 2538 5329 τὸ
2571 5275 2805 5348 ἀρθῆναι
2839 5277 2931 5330 ἀπ’
2971 5273 3135 5329 αὐτοῦ
3173 5275 3273 5346 τὴν
3315 5274 3590 5346 βασιλείαν
3630 5274 3744 5328 τῶν

2160 5369 2427 5442 οὐρανῶν,
2459 5370 2546 5423 ὅτε
2575 5369 2749 5441 πέρας
2777 5369 3066 5439 εἰλήφασιν
3098 5369 3155 5421 αἰ
3181 5368 3436 5439 ἀνωτέρω
3458 5369 3557 5440 τῆς
3583 5371 3740 5422 ἐκτε-

2159 5462 2343 5534 θείσης
2371 5463 2705 5535 προφητείας
2734 5461 2927 5531 φωναὶ,
2958 5461 3025 5513 δι’
3054 5453 3129 5514 ὧν
3155 5459 3367 5532 εἴρηται
3385 5461 3465 5528 τὸ,
3493 5479 3512 5511 ι
3543 5461 3743 5529 Ἐγκαο

2159 5552 2579 5625 ταλειφθήσεται
2626 5555 2661 5624 ἡ
2702 5551 2948 5622 θυγάτηρ
2993 5548 3166 5613 Σιὼν,
3205 5549 3280 5613 ὠς
3315 5548 3488 5622 σκηνὴ
3536 5550 3595 5602 ἐν
3635 5549 3743 5620 ἀμ-

2162 5645 2363 5699 πελῶνι
2382 5688 2398 5714 ,
2435 5645 2530 5699 καὶ
2565 5645 2641 5709 ὡς
2667 5643 3114 5716 όπωροφυλάκιον
3157 5645 3215 5698 ἐν
3255 5640 3599 5714 σικυηλάτῳ,
3638 5639 3740 5694 καὶ

589 5828 604 5859 ⁸
627 5827 730 5882 lea.
767 5840 832 5893 tt,
863 5825 972 5881 1-4.
1051 5827 1070 5857 ³
1102 5823 1290 5880 Matth.
1332 5840 1490 5891 nm,
1516 5825 1605 5882 38.
1683 5826 1705 5858 ⁸
1728 5825 1848 5882 Act.
1883 5842 1934 5894 x,
1965 5825 2055 5881 45.
