4070 6464
345 340 483 397 1197

1379 341 1673 402 ιεριοωε
1713 340 2197 398 ΡΒΟΡΗΕΤΙΟᾸΞ.
2231 371 2302 382 -
2333 340 2462 399 LIB.
2504 340 2595 399 IV.

3460 347 3596 405 1198

338 465 419 529 ὡς
456 464 611 529 πόλις
626 465 1086 539 πολιορκουμένηθ
1112 488 1131 521 ι
1166 468 1263 522 καὶ
1294 468 1385 522 ὅτε
1430 466 1787 540 πεπλήρωται
1835 466 1911 532 τὸ,

2020 463 2099 519 dit
2140 484 2152 517 :
2196 483 2213 515 ι
2244 462 2594 520 Neomeniam
2654 474 2709 521 et
2783 468 3112 533 Sabbatum,
3170 473 3225 523 et
3271 466 3598 524 festivitates

343 576 368 610 α
390 558 681 613 ’Δκούσατε
714 560 889 629 λόγων
914 561 1141 633 Κυρίου,
1169 561 1427 633 ἄρχοντες
1445 560 1715 632 Σοδόμων·
1747 575 1917 632 προσ-

337 646 493 721 έχετε
523 651 683 721 νόμον
710 651 867 716 Θεοῦ,
886 652 1010 718 λαὸς
1039 653 1341 725 Γομόρρας.
1365 653 1430 706 Τί
1454 670 1543 724 μοι
1582 652 1786 723 πλῆθος
1811 650 1920 705 τῶν

339 739 540 795 θυσιῶν
567 742 719 814 ὑμῶν
741 743 1157 817 ;λέγειΚῦριος,
1182 764 1201 797 ι
1224 746 1316 799 καὶ
1346 743 1417 797 τὰ
1438 745 1563 816 ἑξῆς
1580 762 1594 775 ’
1620 740 1701 808 οἷς
1724 743 1919 814 ἐπιφέ-

343 847 446 903 ρειο
468 832 606 893 «Τὰς
622 835 912 907 νεομηνίας
934 836 1106 906 ὑμῶν,
1124 835 1339 899 καὶτὰς
1366 834 1559 906 ἑορτὰς
1589 834 1742 904 ὑμῶν
1771 835 1922 905 μισεῖ

340 924 377 995 ἡ
401 924 545 994 ψυχή
596 942 696 995 μου
718 944 731 956 ³
768 927 1061 999 ἐγενήθητε
1099 946 1187 999 μοι
1219 930 1298 991 εἰς
1346 927 1662 998 πλησμονὴν
1686 966 1700 991 ,
1735 926 1919 979 οὐκέτι

338 1017 525 1087 ἀνήσω
543 1016 641 1082 τὰς
664 1019 937 1090 ἁμαρτίας
966 1019 1138 1090 ὑμῶν.
1160 1018 1277 1074 ”Οτ’
1305 1018 1370 1072 ἂν
1400 1018 1497 1081 τὰς
1526 1022 1714 1089 χεῖρας
1740 1017 1917 1069 ἐκτεί-

340 1125 467 1180 νητε
499 1110 636 1181 πρὸς
667 1110 758 1179 μὲ,
798 1109 1124 1180 ἀποστρέψει)
1162 1110 1289 1173 τοῦς
1332 1106 1643 1178 ὀφθαλμούς
1689 1124 1790 1177 μου
1824 1106 1916 1175 ἀφ’

339 1201 523 1273 ὑμῶν·
548 1204 641 1256 καὶ
678 1203 772 1255 ἐὰν
815 1201 1119 1273 πληθύνητε
1147 1201 1245 1273 τὴν
1282 1200 1485 1271 δέησιν,
1533 1203 1631 1253 οὐκ
1661 1197 1914 1252 εἰσακού-

341 1313 502 1368 σομαι
530 1296 681 1368 ὑμῶν
702 1314 717 1329 ο
740 1297 797 1349 αί
821 1296 930 1368 γὰρ
962 1299 1141 1367 χεῖρες
1168 1294 1320 1366 ὑμῶν
1352 1296 1581 1366 αἵματος
1616 1294 1862 1366 πλήρεις.
1892 1312 1911 1345 ι

339 1388 451 1442 Καὶ
492 1389 593 1460 ὅρα
622 1388 739 1452 πῶς
778 1391 806 1442 6
852 1388 1011 1457 λόγος
1054 1388 1225 1442 ταῦτα
1272 1388 1447 1441 πάντα
1490 1387 1916 1457 ἁποτεινάμενος

339 1480 437 1534 οὐκ
459 1480 894 1553 εἰδωλολατρείαν
919 1481 1149 1535 ἐνταῦθα
1178 1481 1283 1534 οὐδ’
1310 1481 1502 1552 ἑτέραν
1529 1482 1710 1542 αὐτοῖς
1738 1482 1916 1551 ἁμαρ-

337 1573 458 1627 τίαν
490 1573 733 1643 ἐγκαλεῖ,
764 1572 883 1626 οὐδὲ
915 1574 1021 1643 μὴν
1063 1573 1308 1644 αἱμάτων
1356 1573 1595 1635 πολλῶν,
1632 1573 1745 1627 ἀλλ’
1797 1573 1915 1636 ἐνὸς

339 1664 617 1735 ἑξαιρέτου
644 1664 786 1726 τινὸς
819 1664 1069 1733 αἵματος,
1103 1662 1259 1733 δῆλον
1305 1662 1348 1714 δ’
1381 1663 1462 1715 ὅτι
1517 1662 1610 1716 τοῦ
1654 1658 1911 1734 Χριστοῦ,

336 1756 436 1828 τὴν
483 1755 725 1825 ἔκχυσιν,
760 1756 887 1827 περὶ
918 1749 980 1808 οὗ
1018 1754 1202 1823 σαφῶς
1235 1756 1263 1807 6
1313 1754 1467 1824 λόγος
1502 1754 1594 1808 τὸν
1642 1755 1769 1808 λαὸν
1804 1756 1915 1808 ἀπ-

337 1847 546 1918 ελέγχει
590 1846 787 1915 λέγων·
814 1865 831 1896 ι
864 1847 929 1898 Αἱ
958 1846 1066 1917 γὰρ
1109 1849 1287 1918 χεῖρες
1313 1847 1467 1916 ὑμῶν
1499 1848 1729 1916 αἵματος
1772 1846 1913 1918 πλήι
1945 1833 1987 1887 Β

338 1954 481 2011 ρεις’
508 1958 527 1989 ι
546 1937 611 1990 δι’
635 1938 701 2008 ἣν
724 1937 900 1991 αἰτίαν
929 1938 1055 2008 ἑξῆς
1078 1938 1386 2007 ὲπιλέγεται
1409 1939 1491 2003 τὸ,
1513 1959 1529 1988 ι
1552 1938 1675 2003 Πῶς
1701 1938 1914 2008 ἐγένετο

338 2032 509 2102 πόρνη
539 2030 692 2093 πόλις
711 2029 873 2101 πιστὴ
893 2028 1029 2082 Σιὼν
1058 2030 1272 2101 πλήρης
1297 2030 1550 2101 κρίσεως,
1579 2032 1637 2083 ὲν
1706 2030 1913 2085 δικαιο-

337 2124 471 2195 σύνη
497 2122 558 2194 (ῑ.
580 2124 670 2191 45)
694 2123 958 2195 ἐκοιμήθη
980 2126 1036 2176 ὲν
1052 2123 1211 2193 αὐτῇ,
1231 2122 1325 2177 νῦν
1351 2122 1407 2176 δὲ
1428 2123 1679 2192 φονευταὶ
1696 2140 1708 2187 ;
1724 2142 1741 2174 ι
1772 2123 1892 2193 μεθ’

334 2216 372 2270 ἆ
389 2216 563 2270 πάντα
589 2215 854 2268 τελευτῶν
884 2216 913 2267 6
936 2215 1091 2283 λόγος
1125 2212 1224 2268 αῦθ
1235 2233 1281 2279 ις
1308 2215 1406 2287 τὴν
1432 2214 1703 2285 ἀποϐολὴν
1731 2215 1911 2269 αὐτῶν

336 2306 663 2379 προμηνῦων
730 2305 924 2376 φησίν·
971 2324 990 2356 ι
1031 2306 1283 2359 Ἔσονται
1326 2305 1435 2375 γὰρ
1483 2304 1559 2369 ὠς
1604 2305 1911 2374 τερέϐινθος

332 2398 737 2471 ἁποόεόληκυῖα
758 2400 825 2452 τὰ
850 2396 1044 2468 φύλλα,
1074 2399 1169 2451 καὶ
1198 2398 1274 2461 ὡς
1302 2397 1631 2469 παράδεισος
1660 2398 1803 2469 ὕδωρ
1835 2398 1911 2471 μὴ

334 2493 491 2563 ἔχων.
529 2494 639 2547 Καὶ
678 2492 829 2547 ἔσται
875 2494 909 2563 ή
954 2493 1106 2562 ἰσχὺς
1138 2491 1318 2545 αὐτῶν
1364 2492 1586 2563 καλάμη
1630 2492 1908 2560 οτυπείου,

332 2589 427 2642 καὶ
460 2586 787 2657 αἱὲργασίαι
823 2584 1001 2640 αὐτῶν
1035 2584 1111 2648 ὼς
1149 2584 1462 2656 σπινθῆρες,
1503 2586 1597 2638 καὶ
1634 2601 1910 2639 κατακαυ-

332 2680 586 2754 θήσονται
616 2682 663 2734 οἱ
707 2680 893 2751 ἄνομοι
928 2681 1023 2732 καὶ
1060 2682 1107 2733 oi
1147 2677 1463 2749 ἁμαρτωλοὶ
1507 2677 1642 2747 ἅμα,
1680 2679 1773 2731 καὶ
1810 2680 1910 2732 οὐκ

332 2772 483 2827 ἔσται
501 2774 529 2826 6
560 2771 788 2825 σϐέσων.
818 2792 836 2823 ι
871 2769 1119 2825 Τοσαῦτα
1141 2770 1236 2823 καὶ
1256 2768 1558 2841 τηλικαῦτα
1584 2772 1703 2823 κατ’
1731 2771 1910 2824 αὐτῶν

332 2865 835 2937 προαποφηναμένη
892 2866 925 2935 ἡ
971 2863 1312 2935 προφητεία,
1349 2862 1476 2933 ἑξῆς
1518 2863 1765 2934 ἐπιφέρει
1808 2864 1908 2934 τὴν

333 2959 533 3031 ἀρτίως
562 2961 691 3029 ἡμῖν
725 2958 1034 3011 ὲκτεθεῖσαν
1064 2957 1389 3029 περικοπὴν,
1415 2957 1481 3010 δι’
1500 2951 1568 3029 ἧς
1588 2957 1802 3027 εἴρηται
1824 2956 1905 3019 τὸ,

339 3070 358 3102 ι
385 3051 505 3103 Ὀτι
548 3048 699 3102 ἔσται
746 3050 804 3101 ὲν
836 3052 955 3111 ταῖς
997 3049 1256 3119 ἐσχάταις
1295 3047 1530 3119 ἡμέραις
1570 3047 1815 3119 ἐμφανὲς
1846 3049 1907 3102 τὸ

329 3144 453 3217 ὅρος
476 3142 698 3215 Κυρίου.
731 3162 748 3192 ι
771 3141 963 3211 Σαφῶς
989 3142 1126 3214 μετὰ
1148 3143 1247 3213 τὴν
1276 3143 1499 3195 ἐκείνων
1524 3141 1780 3213 ὁλοσχερῆ
1807 3143 1901 3195 καὶ

2018 564 2232 612 vestras
2269 572 2379 611 non
2417 555 2613 623 feram,
2662 559 2837 631 iniqui
2884 568 3014 617 sunt
3045 570 3222 617 cmtus
3263 561 3474 617 vestri:
3506 575 3598 618 so-

2019 649 2328 704 lemnitates
2366 656 2579 705 vestras
2627 651 2803 707 odivit
2844 654 3027 709 anima
3077 669 3199 709 mea
3228 672 3242 707 :
3268 652 3414 709 facta
3466 661 3599 708 sunt

2019 740 2152 796 mihi
2181 742 2430 805 molesta,
2460 740 2701 797 laboravi
2732 744 3035 800 sustinens.
3073 744 3140 798 Et
3169 761 3294 801 cum
3342 746 3601 801 extende-

2019 832 2143 887 ritis
2168 848 2362 889 manus
2394 843 2629 899 vestras,
2668 844 2910 891 avertam
2938 838 3129 893 oculos
3160 853 3311 895 meos
3340 853 3371 892 a
3405 838 3598 894 vobis:

2018 931 2074 978 et
2101 939 2226 979 eum
2252 926 2749 997 multiplicaveritis
2772 929 3097 994 orationem,
3135 945 3243 984 non
3265 930 3555 985 exaudiam
3584 948 3598 984 :

2019 1029 2216 1071 manus
2254 1016 2399 1071 enim
2429 1026 2625 1072 vestrae
2672 1018 2939 1087 sanguine
2968 1020 3140 1090 plena:
3167 1029 3297 1074 sunt
3321 1021 3360 1076 ¹.
3394 1041 3412 1073 ι
3467 1020 3601 1076 Ani-

2019 1108 2295 1164 madverte
2327 1110 2602 1181 quomodo
2643 1111 2946 1182 Scriptura,
2992 1112 3078 1169 his
3111 1115 3369 1168 omnibus
3399 1128 3599 1184 expro-

2017 1199 2184 1264 batis,
2222 1217 2397 1272 neque
2430 1202 2799 1257 idololatriam
2830 1203 2940 1266 hic.
2985 1220 3164 1275 neque
3191 1206 3355 1260 aliam
3385 1207 3466 1263 eis
3499 1206 3599 1260 ini-

2018 1294 2280 1363 quitatem
2312 1294 2524 1364 objicit,
2568 1312 2746 1366 neque
2778 1298 3106 1368 sanguinum
3150 1302 3467 1365 multorum,
3500 1301 3597 1356 sed

2019 1387 2183 1441 unius
2212 1388 2498 1458 cujusdam
2526 1391 2909 1459 prrerellentis,
2958 1391 3164 1446 Christi
3203 1394 3433 1456 scilicet,
3463 1393 3600 1449 ellu-

2017 1478 2226 1533 sionem
2262 1480 2331 1533 ob
2363 1495 2523 1549 quem
2578 1479 2863 1549 Scriptura
2911 1496 3173 1551 expresse
3213 1483 3473 1552 populum
3516 1484 3599 1538 in-

2016 1581 2204 1640 crepat
2256 1571 2447 1627 dicens
2492 1589 2505 1627 :
2547 1591 2565 1623 ι
2598 1571 2792 1627 Manus
2854 1582 3049 1628 vestrae
3102 1574 3367 1645 sanguine
3424 1576 3599 1646 plena:

2017 1663 2186 1717 sunt?
2223 1683 2239 1713 ι
2277 1662 2619 1733 Quapropter
2646 1663 2910 1717 continuo
2962 1665 3151 1733 adjicit
3194 1685 3207 1720 :
3266 1684 3283 1716 ι
3316 1664 3598 1732 Quomodo

2018 1752 2162 1809 facta
2193 1764 2277 1809 est
2309 1756 2564 1809 meretrix
2597 1756 2795 1810 civitas
2830 1755 3025 1820 ﬁdelis,
3060 1757 3218 1827 plena
3244 1758 3477 1827 judicii?
3501 1756 3599 1812 Ju~

2015 1846 2163 1900 stitia
2198 1845 2464 1900 habitavit.
2492 1846 2545 1899 in
2569 1860 2654 1905 ea.
2684 1860 2830 1899 nunc
2859 1853 3040 1901 autem
3070 1847 3433 1909 homicidae}?
3462 1868 3480 1901 ι
3522 1850 3597 1903 Ac

2015 1945 2204 2008 postea
2250 1952 2472 1990 rursum
2520 1951 2711 1991 eorum
2764 1936 3205 2008 reprobationem
3247 1952 3427 1993 sermo
3478 1954 3599 2008 pro-

2014 2029 2322 2101 phetizans,
2354 2028 2442 2082 his
2486 2028 2669 2083 verbis
2713 2026 2917 2084 desinit
2947 2047 2959 2083 :
2989 2048 3007 2079 ι
3042 2029 3215 2083 Erunt
3243 2030 3400 2099 quasi
3441 2046 3600 2100 quer-

2014 2138 2113 2177 cus
2164 2119 2533 2177 deﬂuentibus
2584 2119 2766 2185 foliis,
2824 2128 2880 2177 et
2942 2122 3089 2177 velut
3148 2122 3340 2177 hortus
3393 2123 3599 2194 absque

2014 2227 2179 2282 aqua.
2213 2210 2278 2265 Et
2309 2213 2415 2267 erit
2448 2210 2716 2266 fortitudo
2740 2220 2947 2277 vestra,
2984 2219 3042 2266 ut
3076 2210 3257 2266 favilla
3292 2220 3520 2283 stuppae,
3544 2223 3598 2269 et

2013 2320 2153 2375 opus
2179 2313 2422 2360 vestrum
2446 2304 2607 2375 quasi
2629 2304 2870 2360 scintilla
2893 2306 2977 2359 εει
2995 2303 3363 2360 succendetur
3386 2311 3598 2360 utrum-

2014 2410 2121 2465 que
2166 2394 2352 2459 simul,
2388 2402 2443 2449 et
2490 2409 2602 2449 non
2649 2394 2754 2450 erit
2796 2394 2892 2465 qui
2922 2394 3303 2466 exstinguat‘.
3335 2415 3354 2447 ι
3390 2389 3516 2451 Ilaec
3544 2407 3599 2452 et

2014 2487 2210 2542 similia
2234 2488 2289 2540 in
2322 2486 2418 2542 eos
2444 2486 2819 2557 praenuntians
2844 2486 3149 2557 prophetia,
3176 2486 3437 2542 continuo
3462 2487 3595 2542 sub-

2007 2580 2132 2650 jicit
2184 2594 2249 2634 ea
2288 2594 2409 2649 quae
2466 2578 2579 2649 jam
2643 2579 2797 2649 prius
2855 2580 3163 2642 retulimus,
3204 2578 3437 2643 scilicet,
3475 2598 3493 2629 ι
3533 2578 3598 2633 Et

2010 2672 2114 2725 erit
2161 2670 2217 2725 in
2277 2669 2594 2725 novissimis
2631 2670 2825 2725 diebus
2881 2668 3205 2725 manifestus
3268 2683 3426 2724 mons
3493 2668 3598 2723 Dos

2014 2763 2147 2818 mihi
2174 2763 2216 2818 ’⁵.
2253 2783 2270 2815 ι
2308 2762 2511 2833 Aperte
2545 2770 2669 2833 post
2716 2762 2951 2818 istorum
2998 2762 3213 2832 plenam
3265 2758 3597 2831 perfectam-

2011 2869 2116 2923 que
2148 2855 2592 2923 reprobationcm
2621 2860 2675 2908 et
2707 2853 2944 2921 ruinam,
2972 2852 3107 2909 Novi
3136 2852 3476 2910 Testamettti
3511 2855 3597 2909 ina

2012 2945 2352 3000 stitutionem
2392 2935 2651 3009 os'temlit,
2685 2960 2792 3015 qua
2825 2946 3149 3000 manifestus
3178 2946 3436 3002 omnibus
3464 2962 3596 3018 gen-

2011 3035 2158 3090 tibus
2208 3050 2368 3090 mons
2406 3035 2584 3090 factus
2613 3045 2697 3091 est
2735 3036 2974 3091 Domini.
3014 3036 3204 3103 Qualis
3232 3053 3364 3095 vero
3412 3055 3591 3104 mons.

2010 3126 2118 3181 nisi
2153 3127 2247 3197 qui
2296 3126 2352 3180 in
2397 3128 2667 3197 principio
2711 3128 2854 3197 apud
2898 3126 3091 3192 Deum,
3137 3126 3278 3183 Deus
3308 3127 3595 3185 Verbum?

330 3191 553 3288 ἐὲἆέίξιῖ
566 3191 843 3302 illigati;
857 3191 926 3284 ἓξ
942 3191 1057 3283 ’κέὶ
1071 3191 1084 3195 ’
1096 3191 1388 3301 Ξρῆὶιοᾷέςίζ
1404 3191 1680 3301 agar
1688 3191 1900 3298 ἰὶἆιρᾖξ

2012 3217 2128 3288 ipse
2172 3217 2318 3271 enim
2358 3215 2606 3271 Salvator
2629 3224 2683 3272 et
2714 3215 2978 3273 Dominus
3020 3225 3229 3285 noster,
3253 3234 3412 3288 quem
3443 3220 3595 3290 prius

330 3324 605 3396 Διαθήκης
634 3322 1003 3393 ὑποφαίνουσα
1033 3321 1365 3392 οἰκονομίας,
1402 3320 1521 3373 καθ’
1566 3320 1633 3383 ἃς
1666 3322 1906 3391 ἐμφανὲς

329 3420 441 3481 τοῖς
472 3418 640 3470 πᾶσιν
690 3414 865 3468 ἔθνεσι
893 3413 955 3467 τὸ
993 3412 1115 3485 ὅρος
1138 3412 1332 3482 γέγονε
1356 3412 1451 3465 τοῦ
1482 3412 1709 3482 Κυρίου.
1748 3413 1906 3465 Ποῖον

328 3510 386 3563 δὲ
428 3509 573 3581 ὅρος,
610 3507 644 3580 ἦ
679 3510 707 3561 6
742 3510 797 3560 ὲν
839 3507 979 3578 ἀρχῇ
1036 3503 1171 3576 πρὸς
1203 3504 1295 3556 τὸν
1326 3502 1479 3568 Θεὸν,
1520 3505 1652 3569 Θεὸς
1698 3504 1903 3572 Λόγος;

331 3599 492 3661 αὐτὸς
524 3600 552 3651 6
594 3598 786 3667 Σωτὴρ
828 3599 918 3649 καὶ
957 3594 1158 3666 Κύριος
1206 3593 1395 3665 ἡμῶν,
1431 3592 1491 3645 ὃν
1525 3591 1906 3665 προαποδεδὼ-

332 3706 530 3760 καμεν,
565 3689 694 3760 περὶ
720 3683 780 3743 οὗ
809 3680 903 3741 καὶ
930 3688 987 3739 ὲν
1020 3686 1269 3755 Ψαλμοῖς
1308 3684 1545 3756 εἴρηται,
1576 3702 1595 3733 ι
1624 3682 1789 3755 Ὅρος
1808 3681 1905 3736 τοῦ

331 3781 488 3847 Θεοῦ,
512 3781 637 3853 ὅρος
667 3784 816 3834 ιτῖον⁸
850 3800 868 3831 ι
900 3780 992 3833 καὶ
1016 3778 1097 3843 τὸ,
1129 3796 1146 3828 ι
1177 3777 1384 3849 Ὅροςὸ
1416 3776 1749 3848 εὐδόκησενὸ
1772 3776 1904 3840 Θεὸς

333 3877 605 3927 κατοικεῖν
631 3874 687 3925 ὲν
718 3870 887 3941 αὐτῷ.
931 3889 951 3923 ι
993 3870 1137 3942 Πρὸς
1177 3868 1350 3940 τούτῳ
1380 3869 1437 3923 δὲ
1482 3868 1559 3940 τῷ
1589 3868 1705 3940 όρει
1743 3870 1840 3922 καὶ
1878 3870 1907 3921 6

330 3962 476 4030 οἶκος
508 3964 599 4020 τοῦ
652 3964 786 4019 Θεοῦ
841 3962 1091 4036 ἐμφανὴς
1128 3963 1385 4032 γέγονεν’
1426 3958 1576 4025 οἶκος
1620 3962 1665 4015 δ’
1720 3961 1786 4015 ἂν
1818 3961 1905 4031 εἴη

331 4057 465 4112 Θεοῦ
496 4060 528 4130 ἡ
572 4056 888 4129 Ἐκκλησία,
925 4056 959 4127 ἡ
990 4055 1075 4108 ἐπ’
1108 4053 1293 4125 ἄκρων
1318 4054 1428 4108 τῶν
1461 4054 1632 4126 όρέων
1668 4054 1900 4107 ἀποστο-

331 4151 496 4205 λικῶν
543 4169 603 4205 τε
653 4150 745 4205 καὶ
787 4148 1141 4221 προφητικῶν
1194 4148 1366 4217 λόγων
1416 4146 1859 4219 ὲπεστηριγμένη
1888 4164 1901 4176 ·

332 4242 534 4295 τούτων
575 4241 632 4295 δὲ
677 4238 937 4310 ἐμφανῶν
980 4238 1288 4310 γενομένων
1338 4239 1425 4291 ἐπ’
1465 4236 1598 4291 αὐτὸ
1629 4237 1790 4290 τοῦτο
1842 4238 1905 4290 τὸ

329 4333 474 4406 ὅρος,
505 4332 664 4403 δῆλον
701 4333 745 4385 δ’
775 4334 856 4385 ὃτι
884 4332 974 4385 τὸν
1012 4331 1150 4385 θεῖον
1197 4331 1371 4399 Λόγον
1414 4330 1477 4383 οὐ
1513 4330 1851 4402 κεκτημένος
1878 4333 1907 4383 6

342 4423 577 4495 Ἰσραὴλ,
611 4423 719 4476 οὐδ’
750 4424 779 4476 6
815 4421 1083 4493 πολλαχοῦ
1128 4420 1450 4493 δηλοῦμενος
1482 4417 1631 4485 οἶκος
1676 4419 1867 4473 Ἰακὼϐ
1888 4458 1903 4482 ,

330 4514 443 4569 ἀλλ’
465 4512 797 4578 ἁπαξαπλῶς
838 4515 1015 4569 πάντα
1042 4513 1112 4568 τὰ
1154 4514 1282 4585 ἔθνη
1302 4530 1316 4545 ο
1351 4510 1447 4567 καὶ
1475 4511 1539 4585 δὴ
1582 4512 1753 4582 σαφὲς
1787 4511 1904 4575 πῶς
1936 4547 1980 4602 D

330 4608 423 4662 καί
458 4608 578 4660 τίνα
606 4606 839 4678 τρόπον,
896 4607 1364 4661 ἀποτελεσθέντων
1392 4605 1480 4659 διὰ
1516 4604 1618 4677 τῆς
1663 4603 1754 4658 τοῦ
1788 4605 1903 4657 Σω-

328 4700 494 4774 τῆρος
520 4700 677 4771 ἡμῶν
703 4700 1024 4769 ἐπιφανείας
1048 4699 1156 4753 τῶν
1184 4698 1616 4771 προειρημένων,
1644 4698 1902 4770 ἐμφανῶν

329 4809 389 4847 τε
431 4792 737 4866 γενομένων
770 4792 861 4845 τοῦ
910 4809 970 4845 τε
1026 4792 1419 4864 ἀποδεδομένον
1467 4792 1626 4864 ὅρους
1672 4794 1764 4846 καὶ
1811 4791 1904 4846 τοῦ

326 4884 693 4964 δεδηλωμένου
741 4883 889 4938 οἴκου
916 4925 932 4950 ,
968 4886 1127 4955 ⁴ἡμεῖς
1162 4887 1212 4939 oi
1254 4876 1314 4952 ἐξ
1354 4884 1523 4938 ἐθνῶν
1556 4883 1645 4939 διὰ
1681 4886 1780 4956 τῆς
1827 4887 1906 4948 εἰς

324 4981 559 5053 Χριστὸν
591 4981 684 5035 τὸν
712 4980 840 5033 Υἱὸν
887 4978 981 5034 τοῦ
1015 4978 1151 5033 Θεοῦ
1184 4980 1419 5044 πίστεως
1448 4980 1907 5053 προσεληλυθότες

323 5070 402 5142 τῷ
434 5070 543 5123 τῶν
576 5071 709 5125 ὅλων
757 5071 896 5143 Θεῷ,
933 5072 1101 5126 πάλαι
1146 5072 1245 5142 μὲν
1284 5072 1602 5141 ἀγνοοῦντες
1646 5074 1715 5126 τὰ
1754 5072 1903 5144 τηλισ

326 5156 522 5227 καῦτα,
546 5165 663 5217 νυνὶ
690 5164 747 5218 δὲ
785 5165 875 5219 διὰ
904 5165 1002 5238 τὴν
1028 5165 1178 5220 θείαν
1211 5166 1369 5238 χάριν
1398 5166 1708 5233 ἐπιγνόντες
1744 5165 1905 5229 αὐτὰ,

326 5256 808 5329 προσεληλύθαμεν
849 5258 985 5312 Σιὼν
1028 5259 1141 5331 ὄρει
1185 5258 1279 5312 καὶ¹
1317 5258 1469 5312 πόλει
1498 5258 1630 5311 Θεοῦ
1683 5257 1902 5323 ζῶντος,

338 5347 693 5419 Ἰερουσαλὴμ
712 5350 844 5402 ὲπου
853 5349 1037 5420 ρανίῳο
1058 5350 1153 5403 καὶ
1171 5349 1266 5403 ἆτε
1289 5348 1668 5412 παιδευθέντες
1688 5348 1794 5402 ὑπὸ
1807 5348 1905 5402 τοῦ

328 5436 705 5509 ἐξεληλυθότος
738 5440 770 5511 ἢ
800 5442 895 5493 καὶ
922 5440 1360 5511 καταϐεϐηκότος
1381 5443 1443 5494 ἐκ
1463 5441 1563 5511 τῆς
1584 5440 1907 5513 ἐπουρανίου

340 5530 692 5604 Ἰερουσαλὴμ
718 5534 890 5602 Λόγου
913 5533 1068 5599 Θεοῦ,
1095 5535 1168 5599 ὡς
1190 5534 1342 5588 «Ὅτι
1372 5537 1405 5606 ἡ
1432 5534 1909 5606 ἄνωῚερουσαλὴμ

330 5624 590 5698 ἐλευθέρα
624 5628 793 5691 ἐστὶν,
818 5627 937 5695 ἦτις
985 5629 1103 5681 ἐστὶ
1137 5628 1319 5699 μήτηρ
1341 5627 1496 5698 ἡμῶν
1516 5644 1529 5656 ’
1559 5647 1573 5679 ι
1602 5628 1694 5679 ἐπὶ
1720 5626 1907 5681 τοῦτον

405 5829 422 5859 ¹
452 5828 553 5883 lsa.
593 5844 629 5896 ι,
659 5828 807 5885 815.
889 5831 909 5859 ’
951 5829 1076 5885 ibid.
1114 5827 1195 5883 ΞΗ.
1277 5828 1443 5883 3ibid.
1480 5828 1567 5881 30.

2008 3311 2571 3382 ostendimus,dequo
2587 3319 2640 3366 et
2662 3311 2715 3365 in
2748 3309 2978 3366 Psalmis
2996 3311 3216 3377 dicitur,-
3241 3330 3259 3363 ι
3292 3312 3447 3368 Mons
3474 3312 3592 3380 Dei,-

2006 3420 2167 3460 mons
2201 3404 2416 3475 pinguis
2440 3422 2485 3470 ;›
2507 3411 2580 3468 et,
2607 3420 2625 3453 ι
2660 3400 2814 3458 Mons
2844 3403 2901 3456 in
2937 3418 3046 3473 quo
3087 3402 3482 3474 beneplacitum
3512 3414 3596 3463 est

2008 3496 2119 3553 Deo
2162 3496 2415 3551 habitare
2469 3495 2523 3549 in
2576 3508 2642 3549 eo
2664 3496 2709 3548 ⁸.
2746 3513 2764 3546 ι
2807 3492 3008 3549 Praeter
3048 3495 3196 3550 hunc
3248 3504 3489 3552 montem
3541 3506 3595 3552 et

2006 3590 2203 3646 domus
2262 3588 2476 3643 Domini
2519 3584 2809 3642 manifesta
2871 3585 3015 3640 facta
3057 3596 3160 3643 est.
3216 3587 3417 3644 Domus
3466 3605 3597 3645 vero

2009 3692 2156 3741 esset
2183 3683 2279 3740 Dei
2316 3683 2586 3746 Ecclesia,
2618 3698 2741 3753 qum
2771 3683 2827 3737 in
2851 3684 3053 3737 vertice
3080 3683 3351 3737 montium
3380 3690 3595 3754 aposto-

2009 3777 2240 3831 licorum
2288 3785 2341 3830 et
2388 3774 2837 3845 prophetieorum
2887 3775 3178 3828 verborum
3223 3776 3433 3831 elevata
3485 3784 3591 3832 est.

2008 3868 2221 3935 Quibus
2252 3882 2383 3922 vero
2431 3865 2800 3921 manifestatis
2838 3883 3004 3937 super
3031 3867 3181 3922 hunc
3213 3868 3395 3938 ipsum
3432 3884 3592 3924 mou-

2008 3970 2139 4024 tem,
2176 3968 2424 4030 apertum
2460 3967 2545 4013 est
2590 3959 2738 4029 quod
2771 3959 3018 4013 divinum
3050 3960 3278 4013 verbum
3306 3976 3418 4014 non
3456 3975 3593 4015 con-

2009 4060 2231 4109 secutus
2279 4058 2366 4106 est
2405 4051 2599 4115 Israel,
2656 4067 2834 4122 neque
2879 4051 3070 4107 multis
3126 4052 3264 4108 locis
3307 4053 3593 4124 designata

2007 4145 2205 4199 domus
2246 4141 2440 4207 Jacob,
2490 4143 2587 4199 sed
2645 4142 2703 4198 in
2762 4144 3083 4199 universum
3130 4160 3323 4200 omnes
3378 4154 3589 4217 gentes.

2006 4236 2237 4293 Constat
2292 4235 2439 4291 enim
2491 4251 2600 4307 quo
2653 4236 2817 4291 modo
2870 4251 3049 4307 quave
3105 4237 3319 4295 ratione
3362 4239 3595 4310 expletis

2010 4330 2313 4386 Salvatoris
2362 4330 2538 4385 nostri
2592 4329 3037 4385 manil'estatione
3084 4332 3465 4401 przenuntiatis
3507 4348 3596 4387 re-

2009 4425 2110 4478 bus
2138 4422 2558 4492 manifestisque
2581 4420 2768 4487 factis,
2795 4437 2953 4477 mons
2982 4432 3040 4479 et
3066 4424 3261 4479 domus
3289 4438 3412 4495 qua:
3433 4424 3596 4479 modo

2010 4516 2357 4587 interpretati
2397 4530 2589 4570 sumus
2615 4553 2631 4579 ,
2678 4529 2782 4571 nos
2819 4530 2851 4571 e
2898 4516 3159 4586 gentibus
3205 4532 3301 4588 per
3347 4516 3507 4572 ﬁdem
3539 4517 3594 4573 in

2009 4609 2286 4665 Christum
2336 4607 2427 4664 Dei
2476 4607 2677 4663 Filium
2725 4609 2795 4664 ad
2829 4609 3078 4664 omnium
3117 4609 3285 4665 Deum
3319 4611 3594 4681 perducti,

2012 4706 2207 4761 horum
2232 4704 2452 4775 quidem
2479 4704 2755 4775 quondam
2775 4704 2961 4771 inscii,
2996 4718 3143 4758 nunc
3165 4716 3297 4757 vero
3324 4717 3422 4774 per
3452 4700 3595 4756 divi-

2013 4816 2138 4855 nam
2169 4800 2400 4871 gratiam
2438 4798 2621 4869 periti,
2658 4797 2725 4852 ad
2778 4796 2911 4851 Sion
2952 4801 3194 4849 montem
3230 4801 3286 4847 et
3316 4792 3597 4847 civitatem

2014 4893 2106 4948 Dei
2151 4891 2404 4954 viventis,
2440 4890 2855 4960 Jerusalemque
2897 4889 3176 4944 caelestem
3228 4886 3595 4955 pervenimus.

2014 4983 2081 5037 Et
2109 4984 2257 5038 velut
2281 4982 2459 5038 edocti
2498 4982 2567 5036 ab
2600 4981 2694 5036 illo
2728 4983 2821 5052 qui
2858 4996 3117 5053 egressus
3146 4988 3231 5035 est
3256 4980 3340 5036 vel
3364 4978 3597 5035 descen-

2015 5076 2094 5131 dit
2117 5076 2184 5131 de
2206 5076 2417 5131 caelesti
2442 5072 2769 5139 Jerusalem,
2795 5073 2977 5130 Verbo
3006 5073 3139 5137 Duo,
3171 5074 3424 5129 novimus
3451 5073 3598 5144 quod

2020 5186 2038 5219 ι
2066 5168 2157 5221 illa
2203 5184 2324 5239 qua:
2354 5183 2575 5223 sursum
2625 5175 2711 5223 est
2751 5166 3077 5231 Jerusalem,
3118 5168 3287 5222 libera
3334 5174 3441 5231 est,
3478 5182 3600 5238 qua

2013 5270 2098 5316 est
2144 5268 2320 5315 mater
2365 5269 2557 5315 nostra
2578 5260 2619 5314 ⁸.
2654 5280 2672 5313 ι
2723 5262 2807 5317 Ad
2846 5261 2994 5316 hanc
3044 5262 3324 5317 caelestem
3364 5262 3459 5318 Dei
3498 5261 3597 5318 do-

2013 5369 2184 5416 mum,
2216 5352 2285 5407 ad
2320 5351 2477 5418 Sion,
2522 5353 2802 5409 caelestem
2836 5362 3077 5409 montem
3109 5353 3347 5419 Domini,
3382 5369 3485 5409 nos
3515 5354 3597 5408 in-

2011 5444 2187 5499 vicem
2230 5445 2527 5501 invitantes
2562 5445 3026 5517 adhortantesque
3073 5446 3341 5503 doctrinis
3370 5456 3423 5503 et
3454 5447 3595 5502 inci-

2011 5536 2334 5603 tationi-bus,
2370 5537 2729 5595 dictitamus:
2770 5558 2788 5591 ι
2824 5536 3017 5596 Venite
3055 5548 3109 5596 et
3142 5542 3501 5597 ascendamus
3528 5538 3595 5594 ad

2012 5637 2250 5684 montem
2282 5629 2521 5697 Domini,
2565 5641 2621 5688 et
2660 5633 2730 5689 ad
2779 5633 3002 5689 domum
3046 5633 3143 5690 Dei
3170 5632 3381 5691 Iacob:
3412 5640 3468 5691 et
3496 5630 3599 5687 du~

1680 5829 1697 5858 ⁸
1724 5827 1826 5883 lsa.
1858 5843 1915 5893 tt,
1947 5829 1997 5884 1.
2028 5830 2097 5907 .-⁸
2128 5828 2273 5889 Psal.
2306 5846 2474 5904 vau,
2506 5831 2701 5903 15,16.
2780 5834 2801 5866 ⁸
2825 5834 2943 5891 Gal.
2978 5835 3167 5903 ιν,26.
