4070 6464
502 379 640 436 H99

1242 373 1508 429 EUSEBII
1549 371 2037 428 CESARIENSIS.
2069 372 2221 430 OPP.
2247 372 2445 460 PARS
2482 371 2570 428 111.
2609 404 2679 414 -
2717 370 3125 428 EXEGETICA.

3603 369 3743 424 1200

499 497 644 553 cebit
689 510 786 550 nos
834 495 948 550 vias
995 509 1144 557 suas,
1204 502 1258 548 et
1312 495 1709 549 ambulabimus
1758 495 1813 549 in
1857 496 2063 550 semitis

2168 497 2258 549 τὸν
2291 495 2608 568 ἐπουράνιον
2638 491 2784 549 οἷκον
2810 494 2904 548 τοῦ
2935 494 3091 557 Θεοῦ,
3127 493 3221 546 καὶ
3243 494 3333 546 ἐπὶ
3371 491 3432 544 τὸ
3453 489 3611 551 Σιὼν,
3648 493 3742 543 καὶ

498 590 620 658 ejus
644 590 682 642 ¹.
716 607 732 639 ι
767 587 976 654 Quibus
1018 603 1149 643 vero
1181 588 1432 657 expletis,
1463 596 1517 642 et
1561 587 1653 642 Dei
1689 589 1858 658 gratia
1910 587 2068 642 nobis

497 683 754 737 omnibus
803 679 1191 741 manifestatis,
1233 680 1338 734 alia
1368 695 1586 750 quoque
1625 681 1908 750 prophetia
1949 680 2068 734 exi-

499 787 612 829 tum
658 774 863 838 habuit,
906 787 1011 843 qua
1048 773 1223 842 ipsum
1269 773 1506 828 salutare
1548 771 1786 829 Verbum
1837 773 2067 827 manife-

499 868 640 922 stius
671 867 761 920 illa
785 881 907 935 qum
932 881 1075 919 nunc
1105 865 1266 918 nobis
1293 864 1615 918 elucidanda
1647 871 1730 918 est
1761 864 2066 932 prOphetia,

499 966 732 1014 testatur
780 957 968 1011 dicens
1004 975 1015 1010 :
1049 955 1422 1011 «Manifestus
1473 956 1652 1011 factus
1704 973 1826 1011 sum
1873 956 1940 1011 iis
1976 956 2070 1026 qui

499 1061 626 1107 ante
657 1067 764 1105 non
797 1051 1246 1120 interrogabant;
1280 1051 1605 1105 invenerunt
1650 1051 1743 1120 qui
1787 1065 1894 1104 non
1926 1065 2072 1119 qua:-

499 1147 710 1203 sieruut
741 1161 827 1198 me
855 1163 868 1208 ;
895 1143 1005 1198 dixi
1044 1163 1055 1197 :
1086 1143 1226 1198 Ecce
1277 1159 1397 1214 ego,
1437 1159 1566 1200 ecce
1603 1159 1703 1214 ego
1736 1145 1802 1198 ad
1829 1151 2066 1214 gentem,

496 1256 618 1310 quae
637 1255 745 1294 non
771 1237 1056 1307 invocabat
1083 1251 1280 1292 nomen
1311 1237 1546 1291 meum”.
1573 1256 1590 1286 ι
1627 1234 1684 1290 Si
1716 1237 1839 1306 quis
1868 1245 2069 1289 nostrae

497 1348 604 1387 non
633 1330 940 1386 consentiat
980 1329 1438 1399 interpretationi,
1473 1345 1632 1398 quem
1674 1330 1840 1382 alium
1872 1328 1938 1382 de
1966 1329 2068 1382 hoc

496 1432 680 1479 monte
713 1423 797 1477 vel
832 1423 994 1476 domo
1038 1420 1131 1475 Dei
1158 1437 1398 1477 sensum
1447 1422 1707 1477 exhibere
1756 1422 1931 1491 possit
1980 1437 2067 1476 ne-

498 1516 633 1581 scio,
668 1514 736 1570 de
765 1516 966 1584 quibus
1002 1515 1306 1583 prophetia,
1350 1515 1591 1568 nondum
1624 1529 1769 1568 nunc
1807 1529 2070 1583 corpora»

499 1610 622 1662 liter
666 1607 1051 1671 manifestatis,
1091 1623 1212 1677 quae
1258 1607 1410 1676 prius
1453 1608 1622 1662 relata
1670 1613 1798 1660 sunt
1838 1606 2065 1660 indicat.

499 1699 737 1756 Possunt
765 1701 876 1754 hac
916 1715 1135 1769 quoque
1159 1701 1316 1755 aliter
1343 1699 1639 1754 secundam
1662 1698 1866 1754 Christi
1895 1698 2068 1751 mani-

499 1791 842 1848 festationem
899 1793 1227 1864 signiﬁcare,
1286 1800 1418 1847 tunc
1465 1792 1648 1863 potius
1706 1807 1870 1862 quam
1922 1805 2067 1844 nunc

2171 589 2302 643 αὐτὸ
2332 589 2652 661 ἐπουράνιον
2686 587 2812 659 ὅρος
2843 588 3068 658 Κυρίου,
3100 585 3454 656 διεγείροντες
3480 583 3742 654 ἀλλήλους

2171 681 2264 733 καὶ
2285 678 2747 739 κατασπεύδοντες
2773 677 2862 729 διὰ.
2889 677 2987 746 τῆς
3019 674 3364 736 διδασκαλίας
3391 673 3482 726 καὶ
3508 688 3735 744 προτρο-

2171 773 2277 841 πῆς
2303 788 2511 842 φαμεν·
2549 790 2565 819 ι
2602 768 2785 831 Δεῦτε,
2823 769 2916 820 καὶ
2965 765 3253 836 ἀναδῶμεν
3280 768 3358 828 εἰς
3390 764 3450 817 τὸ
3483 764 3608 834 δρος
3632 765 3743 816 Κυ-

2172 864 2309 936 ρίου,
2326 864 2421 916 καὶ
2440 864 2517 925 εἱς
2532 863 2623 914 τὸν
2644 856 2791 914 οἷκον
2807 859 2898 912 τοῦ
2923 858 3056 910 Θεοῦ
3093 858 3285 910 Ἰακώϐ
3305 873 3319 886 ·
3340 858 3432 910 καὶ
3455 854 3748 922 ἀναγγελεῖ

2170 958 2301 1027 ἡμῖν
2337 956 2435 1025 τὴν
2481 954 2598 1007 ὁδὸν
2633 951 2819 1017 αὑτοῦ,
2866 952 2958 1005 καὶ
3003 948 3382 1020 πορευσόμεθα
3429 949 3488 998 ἐν
3526 947 3685 1015 αὐτῇ.
3720 965 3738 995 ι

2170 1046 2388 1100 Τούτων
2428 1046 2471 1098 δ’
2497 1044 2962 1099 ἀποτελεσθέντων
2986 1083 3000 1103 ,
3038 1044 3130 1096 καὶ
3177 1040 3312 1093 Θεοῦ
3353 1039 3536 1110 χάριτι
3578 1041 3746 1091 πᾶσιν

2168 1142 2301 1212 ἡμῖν
2346 1137 2601 1208 ἐμφανῶν
2639 1135 2966 1205 γενομένων,
2989 1135 3082 1186 καὶ
3134 1133 3265 1204 ἄλλη
3309 1149 3393 1194 τις
3439 1129 3746 1201 προφητεία

2171 1234 2342 1304 πέρας
2377 1231 2585 1300 εἴληφε,
2613 1229 2678 1282 δι’
2723 1223 2791 1298 ἧς
2822 1226 2981 1289 αὐτὸς
3005 1228 3034 1279 ὁ
3073 1226 3336 1296 σωτήριος
3361 1223 3533 1290 Λόγος
3573 1220 3743 1290 σαφέσ-

2172 1340 2358 1394 στερον
2399 1321 2765 1392 ἐπιμαρτυρεῖ
2809 1321 2874 1388 τῇ
2930 1317 3066 1387 μετὰ
3111 1319 3299 1387 χεῖρας
3343 1315 3615 1385 περικοπῇ
3646 1313 3748 1382 τῆς

2167 1416 2260 1470 τοῦ
2290 1415 2509 1470 Ἦσαῖου
2542 1411 2891 1485 προφητείας,
2909 1409 3082 1476 λέγων
3100 1425 3113 1438 ·
3139 1427 3158 1458 ι
3181 1406 3456 1478 Ἑμφανης
3478 1404 3746 1474 ἐγενήθην

2169 1513 2279 1573 τοῖς
2301 1509 2400 1580 ἐμὲ
2433 1506 2506 1579 μὴ
2548 1481 2926 1577 ἐπερωτῶσιν·
2976 1501 3206 1574 εὑρέθην
3245 1503 3357 1563 τοῖς
3395 1481 3494 1570 ἐμέ
3537 1499 3612 1569 μὴ
3647 1495 3746 1568 ζη-

2167 1601 2385 1655 τοῦσιν·
2434 1594 2584 1660 εἶπα,
2622 1597 2752 1650 Ἰδοὺ
2795 1595 2904 1664 ἐγώ
2947 1596 3059 1663 εἰμι
3103 1591 3278 1657 ἔθνει,
3315 1591 3364 1644 οἳ
3407 1591 3507 1644 οὐκ
3539 1589 3745 1643 ἐπεκά-

2167 1693 2328 1746 λεσαν
2350 1692 2409 1745 τὸ
2433 1689 2603 1760 δνομά
2636 1706 2757 1759 μου.
2786 1707 2803 1738 ι
2835 1688 2893 1740 El
2914 1685 2969 1738 δέ
2997 1684 3069 1755 μὴ
3098 1682 3270 1746 οὕτως
3309 1683 3528 1736 ἐκλάὁοι
3559 1699 3644 1744 τις
3675 1679 3744 1733 τὰ

2169 1784 2309 1838 κατὰ
2332 1783 2458 1845 τοῦς
2482 1781 2698 1844 τόπους,
2731 1780 2882 1830 ποῖον
2915 1777 2981 1830 ἂν
3007 1776 3130 1847 δρος
3169 1774 3202 1845 ἢ
3244 1777 3392 1826 ποῖον
3430 1772 3564 1825 Θεοῦ
3593 1767 3744 1824 οἷκον

495 1885 791 1953 perfectum
830 1886 1069 1941 oraculis
1095 1887 1301 1940 exitum
1337 1860 1626 1940 habituris.
1664 1860 1818 1940 seire
1849 1898 2063 1952 quoque

2168 1876 2338 1939 ἄλλως
2371 1873 2483 1944 ἔχοι
2526 1872 2592 1925 ἂν
2622 1868 2904 1934 ἐπιδεῖξαι,
2947 1868 3074 1941 περὶ
3111 1860 3185 1918 ὧν
3231 1867 3264 1936 ἡ
3295 1863 3598 1935 προφητεία
3619 1905 3634 1927 ,
3666 1863 3745 1926 ὡς

495 1993 672 2048 operae
707 1980 938 2048 pretium
965 1985 1048 2032 est
1095 1978 1210 2032 haec
1240 1978 1350 2032 fere
1379 1977 1444 2031 ad
1477 1979 1712 2031 litteram
1747 1975 1800 2028 in
1833 1974 2066 2028 Michaeae

497 2071 777 2141 prophetia
803 2071 1054 2125 inveniri.

2176 1968 2249 2038 μὴ
2301 1965 2423 2018 τότε
2461 1963 2630 2016 ὄντων
2666 1957 2992 2031 σωματικῶς
3037 1955 3296 2027 ἐμφανῶν
3318 1996 3331 2020 ,
3376 1954 3446 2008 τὰ
3483 1968 3746 2026 προεκτε-

2171 2060 2332 2113 Θέντα
2365 2055 2636 2128 σημαίνει.
2673 2052 2902 2106 Δύναται
2935 2050 2992 2103 δέ
3019 2048 3188 2102 ταῦτα
3217 2048 3308 2101 καὶ
3336 2046 3510 2110 ἄλλως
3540 2047 3620 2110 εἰς
3641 2045 3746 2116 τὴν

493 2138 748 2238 δευτέραν
781 2165 874 2218 τοῦ
897 2163 1130 2236 Χριστοῦ
1164 2162 1462 2234 παρουσίαν
1493 2162 1555 2235 (f.
1575 2162 1644 2215 45
1670 2161 1743 2230 νο)
1778 2155 2158 2232 ἁρμόττεσθαι,
2193 2153 2266 2216 ὡς
2294 2150 2415 2204 τότε
2453 2147 2648 2219 μᾶλλον
2675 2145 2707 2215 ἢ
2741 2143 2834 2196 νῦν
2861 2140 3368 2213 πληρωθησομένων
3392 2138 3611 2200 τελείως
3630 2138 3744 2190 τῶν

495 2232 1044 2335 προπεφητευμένων.
1076 2232 1266 2312 ’ἰστέον
1293 2259 1369 2322 δέ,
1394 2259 1468 2322 ὡς
1498 2232 1561 2311 τὰ
1595 2259 1730 2311 αὐτὰ
1762 2256 1901 2310 κατὰ
1928 2253 2070 2317 λέξιν
2103 2248 2284 2319 σχεδὸν
2316 2245 2611 2316 ἐμφέρεται
2649 2243 2743 2294 xui.
2766 2241 2823 2292 ἐν
2857 2240 2923 2308 τῇ
2949 2237 3043 2290 τοῦ
3065 2235 3295 2305 Μιχαίου
3328 2232 3652 2303 προφητείᾳ.

1109 2370 1339 2427 CAPUT
1381 2372 1448 2426 II.

1119 2464 1202 2518 Ex
1233 2463 1430 2519 eodem.

576 2580 594 2612 ι
622 2558 761 2615 Ecce
786 2558 928 2614 enim
960 2557 1269 2611 dominator
1308 2556 1569 2611 Dominus
1593 2556 1927 2610 exercituum
1965 2569 2064 2608 au-

496 2654 634 2710 feret
689 2668 718 2706 a
765 2650 1070 2708 Jerusalem
1115 2661 1166 2704 et
1215 2665 1244 2702 a
1275 2649 1415 2704 Juda
1465 2647 1703 2704 validum
1751 2655 1805 2703 et
1847 2647 2062 2709 fortem,

494 2761 654 2802 omne
691 2746 860 2801 robur
898 2742 1053 2814 panis
1103 2753 1155 2797 et
1202 2757 1364 2796 omne
1409 2741 1575 2796 robur
1615 2755 1808 2808 aquae:
1847 2737 2061 2798 fortem,

493 2849 548 2896 et
574 2841 750 2894 virum
785 2837 1123 2898 bellatorem,
1150 2834 1415 2904 judiccm,
1445 2824 1498 2888 et
1526 2831 1940 2902 prophetam,et
1964 2829 2065 2882 ha-

494 2936 714 2999 riolum,
745 2942 798 2987 et
845 2947 1066 2987 senem:
1101 2930 1402 3000 principem
1451 2943 1617 2996 super
1647 2922 2062 2996 quinquaginta,

492 3037 546 3081 et
575 3025 941 3082 honorabilem
966 3024 1139 3084 vultu,
1167 3029 1220 3076 et
1251 3019 1648 3083 consiliarium,
1681 3025 1734 3072 et
1767 3016 2064 3086 sapientem

494 3121 562 3176 de
596 3118 940 3180 architectis,
984 3124 1036 3170 et
1093 3115 1412 3184 prudentem
1462 3111 1662 3182 eloquii
1711 3109 1947 3180 mystici.
1999 3105 2064 3159 Et

493 3213 635 3266 dabo
678 3226 876 3282 pueros
910 3210 1183 3278 principes
1220 3222 1432 3272 eorum,
1457 3213 1512 3260 et
1546 3203 1840 3260 ell'eminati
1882 3200 2056 3255 domi-

495 3303 768 3357 nabuntur
805 3301 962 3365 eis';
993 3319 1012 3352 ι
1063 3308 1117 3354 et
1154 3299 1386 3369 reliqua,
1432 3299 1631 3367 quibus
1681 3295 1828 3349 addit
1875 3294 2053 3348 Deus:

501 3414 518 3444 ι
552 3392 733 3449 Nolite
780 3393 1117 3447 constituere
1170 3407 1255 3445 me
1311 3391 1612 3461 principem
1662 3389 1868 3459 populi.
1931 3384 2060 3439 Ruit

493 3487 636 3541 enim
658 3485 979 3549 Jerusalem,
1021 3492 1074 3541 et
1103 3483 1240 3538 Iuda
1275 3483 1512 3538 concidit
1541 3501 1552 3535 :
1579 3481 1705 3551 quia
1744 3480 1924 3550 lingua
1966 3493 2062 3533 eo-

496 3592 616 3631 rum
653 3586 704 3631 et
732 3576 1144 3630 adinventiones
1185 3591 1372 3630 eorum
1419 3583 1606 3628 contra
1649 3573 1962 3636 Dominum,
2005 3578 2063 3624 ut

493 3677 814 3740 provocaret
855 3669 1047 3722 oculos
1085 3668 1388 3737 majestatis
1439 3666 1577 3735 ejus.
1631 3664 1846 3735 Agnitio
1879 3663 2062 3717 vultus

493 3777 680 3816 eorum
716 3761 996 3830 respondit
1033 3760 1116 3815 eis
1145 3779 1158 3814 :
1184 3768 1237 3814 et
1265 3769 1551 3828 peccatum
1581 3773 1740 3812 suum
1769 3757 1925 3826 quasi
1961 3754 2063 3809 So-

492 3854 654 3910 doma
691 3853 1149 3925 praedicaverunt,
1193 3867 1294 3906 nec
1344 3850 1791 3906 absconderunt:
1824 3861 1905 3901 va;
1946 3846 2064 3899 ani-

492 3963 595 4003 mae
633 3962 846 4010 eorum,
889 3946 1147 4016 quoniam
1180 3945 1384 3997 malum
1414 3941 1658 3997 meditati
1703 3946 1833 3995 sunt
1879 3936 2062 3992 consi-

491 4043 629 4097 lium
668 4041 723 4096 in
765 4041 943 4110 seipsa
1000 4039 1283 4093 dicentes:
1315 4035 1628 4089 Vinciemus
1677 4031 1890 4100 justum
1929 4042 2064 4098 quo-

490 4135 639 4190 niam
672 4132 882 4189 inutilis
905 4139 1028 4193 est;
1063 4130 1317 4201 quoniam
1350 4127 1584 4181 fructum
1619 4120 2060 4177 adinventionum

490 4229 715 4282 suarum
745 4223 1084 4280 comedent‘.
1107 4243 1125 4274 ι
1170 4220 1333 4274 Liber
1353 4219 1447 4290 qui
1491 4214 1801 4271 Solomonis
1833 4211 2064 4283 Sapien-

490 4317 568 4373 tia
617 4315 841 4380 dicitur,
869 4313 986 4369 fere
1015 4313 1206 4367 eadem
1236 4311 1302 4365 de
1346 4310 1497 4380 justo
1523 4305 1800 4377 eloquitur
1836 4322 1851 4356 :
1888 4321 1908 4354 ι
1945 4301 2066 4355 Cir-

489 4407 904 4462 cumveniamus
935 4420 1065 4474 ergo
1095 4400 1599 4473 justum,quoniam
1624 4395 1833 4452 inutilis
1856 4400 1941 4449 est
1969 4408 2066 4447 no-

489 4496 577 4552 bis
605 4503 661 4552 et
692 4495 1008 4550 contrarius
1047 4501 1131 4548 est
1171 4489 1356 4546 verbis
1385 4487 1596 4544 nostris
1619 4487 1662 4540 ⁸.
1707 4503 1728 4536 ι
1762 4483 1939 4554 Ilujus
1960 4481 2065 4535 loci

2687 2349 3084 2406 ΚΕΦΑΛΑΙΟΝ
3130 2349 3204 2402 Β’.

2777 2474 2884 2528 Τοῦ
2918 2472 3124 2526 αὐτοῦ.

2241 2593 2260 2626 ι
2296 2572 2425 2626 ’ἰδοῦ
2486 2569 2570 2639 δὴ,
2631 2570 2660 2620 ὁ
2710 2564 2974 2634 δεσπότης
3033 2559 3257 2615 Σαϐαὼθ
3291 2557 3477 2628 ἀφελεῖ
3501 2556 3612 2611 ἀπὸ
3638 2556 3739 2625 τῆς

2174 2665 2432 2726 Ἰουδαίας
2481 2662 2574 2715 καὶ⁴
2607 2657 2713 2712 ἀπὸ
2745 2653 3095 2726 Ἰερουσαλὴμ
3125 2651 3376 2722 ἰσχύοντα
3405 2651 3500 2702 καὶ
3525 2649 3739 2718 ἰσχύου-

2163 2775 2284 2822 σαν,
2336 2755 2486 2824 ίσχὺν
2537 2752 2698 2821 ἄρτου
2739 2746 2832 2800 καὶ
2889 2746 3040 2814 ἰσχὺν
3097 2742 3309 2806 ὓδατος,
3367 2741 3598 2809 γίγαντα
3644 2739 3736 2791 καὶ

2165 2848 2437 2919 ἰσχύοντα,
2476 2845 2570 2897 καὶ
2610 2841 2894 2912 ἄνθρωπον
2942 2833 3294 2907 πολεμιστὴν,
3327 2834 3420 2886 καὶ
3451 2831 3736 2901 δικαστὴν,

2163 2940 2256 2993 καὶ
2288 2937 2591 3007 προφήτην,
2616 2933 2707 2986 καὶ
2736 2929 3056 3000 στοχαστὴν,
3089 2926 3184 2981 καὶ
3218 2922 3607 2996 πρεσϐύτερον,
3642 2924 3736 2974 καὶ

2163 3029 2655 3100 πεντηκόνταρχον,
2678 3024 2769 3077 καὶ
2790 3019 3095 3091 θαυμαστὸν
3117 3018 3177 3070 σύ
3188 3017 3434 3086 μὸουλον,
3455 3017 3550 3068 καὶ
3575 3016 3739 3082 σοφὶν

2163 3121 2540 3194 ἀρχιτέκτονα,
2573 3117 2667 3170 καὶ
2697 3113 2912 3167 συνετὸν
2947 3111 3237 3180 ἀκροατήν.
3302 3106 3410 3160 Καὶ
3457 3108 3736 3189 ἐπιστῄσω

2160 3213 2473 3275 νεανίσκους
2506 3210 2770 3280 ἄρχοντας
2809 3203 3018 3265 αὑτῶν,
3056 3202 3148 3254 καὶ
3180 3202 3476 3270 ἐμπαῖκται
3518 3198 3736 3267 κυριεύ-

2165 3320 2345 3358 σουσιν
2395 3300 2592 3361 αὐτῶν,
2624 3318 2644 3349 ι
2693 3295 2788 3349 καὶ
2834 3294 2903 3346 τὰ
2955 3291 3113 3361 ἐξῆςο
3150 3284 3232 3352 οἷς
3281 3287 3524 3354 ἐπιλέγει
3570 3286 3732 3348 Θεός”

2169 3414 2185 3445 ι
2212 3394 2327 3447 Ούκ
2356 3391 2547 3459 ἔσομαι
2583 3385 2821 3457 ἀρχηγὸς
2853 3380 2946 3434 τοῦ
2985 3378 3112 3432 λαοῦ
3159 3377 3344 3430 τούτου
3365 3415 3386 3441 ,
3410 3377 3491 3428 ὅτι
3528 3375 3734 3426 ἀνεῖται

2175 3481 2558 3556 Ἰερουσαλὴμ,
2607 3479 2700 3530 καί
2745 3477 2779 3545 ἡ
2841 3471 3065 3526 Ἰουδαία
3110 3469 3508 3542 συμπέπτωκε,
3550 3465 3646 3518 καὶ
3676 3465 3736 3516 αἱ

2162 3577 2403 3646 γλῶσσαι
2437 3570 2613 3624 αὑτῶν
2645 3566 2786 3640 μετὰ
2818 3563 3067 3634 ἀνομίας,
3090 3561 3155 3615 τὰ
3184 3560 3318 3630 πρὸς
3351 3559 3553 3629 Κύριον
3576 3557 3737 3609 ἀπει-

2164 3662 2406 3725 θοῦντες.
2426 3658 2571 3711 Διότι
2613 3656 2708 3708 νῦν
2738 3651 3073 3721 ἐταπεινώθη
3110 3651 3143 3721 ἡ
3185 3649 3310 3714 δόξα
3339 3646 3539 3710 αὐτῶν,
3572 3647 3668 3699 καὶ
3700 3648 3737 3715 ἡ

2164 3752 2388 3822 αἰσχύνη
2419 3749 2513 3802 τοῦ
2562 3745 2852 3819 προσώπου
2897 3741 3074 3797 αὐτῶν
3113 3739 3341 3810 ἀντέστη
3375 3739 3592 3801 αὐτοῖς’
3637 3736 3735 3807 τὴν

2162 3843 2218 3896 δέ
2247 3839 2524 3913 ἁμαρτίαν
2555 3837 2732 3890 αὐτῶν
2780 3836 2854 3898 ὼς
2883 3832 3128 3902 Σοδόμων
3159 3829 3483 3900 ἁνήγγειλαν
3516 3828 3610 3881 καὶ
3651 3829 3743 3880 ἐν-

2163 3933 2459 4003 εφάνισανο
2496 3929 2619 3982 οὐαὶ
2649 3932 2716 3998 τῇ
2747 3927 2892 3997 ψυχῇ
2945 3924 3143 3986 αὐτῶν,
3185 3923 3316 3976 διότι
3359 3920 3736 3992 βεϐούλευνται

2165 4026 2358 4098 βουλὴν
2387 4022 2650 4094 πονηρὰν,
2681 4020 2801 4073 καθ’
2838 4017 3042 4072 ἐαυτῶν
3069 4015 3342 4077 εἰπόντες·
3365 4014 3626 4085 Δήσωμεν
3646 4011 3740 4065 τὸν

2162 4118 2388 4180 δίκαιον,
2420 4116 2501 4168 ὅτι
2526 4113 2859 4183 δύσχρηστος
2885 4111 3016 4181 ἡμῖν
3065 4110 3219 4160 ἐστι·
3253 4105 3428 4159 τοίνυν
3447 4104 3514 4157 τὰ
3540 4106 3734 4174 γεννη-

2167 4226 2310 4279 ματα
2341 4205 2449 4260 τῶν
2480 4205 2656 4276 ἔργων
2695 4202 2874 4256 αὑτῶν
2905 4199 3187 4270 φάγονται.
3215 4218 3231 4249 ι
3263 4197 3374 4250 Καὶ
3408 4195 3738 4267 η’λεγομένη

2165 4300 2504 4370 Σολομῶντος
2534 4296 2703 4366 Σοφία
2741 4293 2816 4347 τὰ
2843 4291 3197 4363 παραπλήσια
3228 4290 3340 4351 τοῖς
3383 4286 3569 4340 ἐνθάδε
3609 4286 3734 4357 περὶ

2163 4391 2255 4444 τοῦ
2283 4389 2491 4445 δικαίου
2517 4386 2859 4458 λελεγμένοις
2891 4382 3062 4446 οὓτως
3084 4382 3228 4452 ἔχει·
3258 4398 3277 4430 ι
3301 4378 3736 4449 Ἐνεδρεύσωμεν

2164 4482 2256 4536 τὸν
2276 4481 2502 4544 δίκαιον,
2516 4481 2597 4532 ὅτι
2617 4477 2952 4548 δύσχρηστος
2967 4476 3098 4546 ἡμῖν
3119 4474 3256 4536 ἐστι,
3277 4470 3370 4524 καὶ
3398 4467 3736 4522 ἐναντιοῦται

488 4588 657 4644 verba
679 4588 960 4643 evidenter
975 4585 1042 4639 de
1071 4584 1294 4639 Christo
1317 4581 1466 4637 dicta
1489 4595 1612 4635 esse
1628 4576 1884 4633 videntur
1907 4593 1920 4641 ;
1952 4574 2061 4628 illic

2166 4575 2275 4635 τοῖς
2291 4572 2465 4640 λόγοις
2488 4569 2662 4642 ἡμῶν.
2679 4565 2891 4620 »Ταῦτα
2917 4564 2974 4617 δέ
2997 4566 3054 4617 ἐν
3091 4561 3316 4623 ἐκείνοις
3339 4557 3526 4628 σαφῶς
3557 4559 3620 4610 ἐκ
3635 4558 3735 4626 τῆς

489 4697 620 4739 vero
651 4681 720 4736 de
766 4677 1156 4735 insidiantibus
1183 4675 1256 4738 ei,
1283 4681 1444 4744 atque
1472 4673 1528 4725 in
1571 4670 1764 4741 primis
1803 4665 2063 4721 adversus

2166 4661 2529 4734 συμφράσεως
2557 4657 2875 4729 ἐμφαίνεται
2898 4655 3026 4726 περὶ
3047 4651 3145 4706 τοῦ
3169 4649 3404 4723 Χριστοῦ
3435 4648 3697 4720 εἰρημένα
3715 4665 3730 4676 ·

486 4791 586 4831 eos
607 4773 702 4845 qui
735 4773 935 4826 malum
965 4768 1207 4824 meditati
1242 4775 1369 4821 sunt
1397 4763 1688 4820 consilium
1722 4758 2063 4831 prOpbetiza-

488 4875 599 4920 tur.
624 4865 858 4932 ideoque
879 4859 1328 4931 imprecationem
1361 4856 1414 4908 in
1446 4869 1540 4909 eos
1579 4850 1860 4920 Scriptura
1890 4847 2064 4917 subji-

487 4958 562 5012 cit
589 4977 603 5011 :
635 4975 654 5008 ι
695 4956 788 5010 Vm
815 4952 1013 5008 animae
1047 4965 1269 5013 eorum;
1309 4968 1326 4998 ι
1363 4945 1456 5000 sed
1487 4952 1540 4998 et
1572 4956 1786 5013 pcenam
1812 4955 1932 5005 qua:
1965 4952 2059 4992 eos

488 5054 674 5105 manet
713 5047 885 5112 addit,
919 5045 1110 5100 dicens
1145 5061 1158 5098 :
1210 5059 1229 5091 ι
1302 5038 1562 5093 Fructum
1611 5031 2058 5088 adinventionum

487 5153 714 5193 suarum
772 5135 1074 5192 comedent.
1121 5152 1138 5183 ι
1176 5129 1308 5196 Quae
1352 5127 1496 5182 enim
1551 5123 1958 5179 seminaverunt
2003 5118 2059 5171 in

484 5229 787 5292 Christum,
811 5228 927 5282 haec
961 5233 1015 5280 et
1058 5231 1263 5278 metent
1301 5220 1354 5272 in
1399 5217 1493 5272 Dei
1533 5215 1760 5286 judicio.
1790 5211 1908 5266 Jam
1938 5211 2060 5280 qui-

486 5324 610 5377 dem
659 5321 715 5375 in
758 5321 860 5374 hac
901 5320 1011 5372 vita
1052 5316 1175 5369 vide
1221 5327 1402 5366 annon
1433 5312 1489 5364 in
1535 5324 1629 5364 eos
1674 5306 1928 5375 impletus
1976 5309 2058 5357 est

486 5421 610 5483 post
639 5426 769 5467 suas
799 5409 1064 5464 adversus
1114 5405 1394 5461 Christum
1448 5401 1673 5456 insidias
1732 5397 1893 5466 hujus
1925 5408 2053 5464 pro-

486 5503 684 5575 phetia:
716 5516 896 5556 sermo
920 5501 1110 5554 dicens
1143 5517 1158 5554 :
1206 5516 1224 5548 ι
1264 5495 1403 5550 Ecce
1444 5493 1752 5547 dominator
1793 5487 2056 5543 Dominus

485 5595 822 5651 exercituum
871 5591 1080 5646 auferet
1111 5605 1140 5643 a
1178 5587 1484 5644 Jerusalem
1510 5591 1564 5639 et
1587 5598 1616 5636 a
1644 5581 1784 5637 Iuda
1814 5577 2054 5634 validum

485 5697 538 5743 et
567 5687 784 5743 fortem.
811 5683 988 5740 iVere
1015 5685 1161 5738 enim
1194 5682 1374 5736 ablata
1412 5688 1494 5736 est
1526 5679 1594 5733 ab
1629 5677 1720 5742 iis,
1751 5691 1873 5746 quae
1901 5673 2054 5743 prius

555 5845 570 5874 ¹
598 5841 700 5899 lsa.
743 5859 800 5908 ιι,
826 5843 878 5895 5.
955 5843 974 5872 ²
1010 5840 1110 5892 lsa.
1149 5853 1269 5898 LXV,
1300 5837 1350 5890 l.
1432 5835 1450 5865 ⁸
1488 5832 1589 5888 lsa.
1629 5848 1710 5895 ιιι,
1750 5831 1799 5884 l.

1877 5831 1896 5861 ⁵
1936 5827 2037 5882 lsa.
2073 5843 2112 5889 ι,

2164 4758 2258 4812 καὶ
2290 4755 2359 4808 τὰ
2391 4753 2576 4808 ἐνθάδε
2612 4747 2902 4821 τοιγαροῦν
2933 4746 3063 4820 περὶ
3091 4745 3201 4799 τῶν
3231 4742 3733 4796 ἐπιδουλευσάντων

2162 4849 2310 4919 αὐτῷ
2336 4847 2428 4900 καὶ
2469 4843 2588 4899 καθ’
2615 4841 2820 4896 ἐαυτῶν
2851 4839 3048 4912 μᾶλλον
3077 4839 3218 4910 ἥπερ
3240 4835 3359 4890 κατ’
3384 4832 3547 4888 αὑτοῦ
3575 4847 3732 4899 πονη-

2167 4937 2265 5011 ρὰν
2301 4934 2490 5008 βουλὴν
2550 4929 2987 5003 βουλευσαμένων
3017 4923 3412 4997 προφητεύεται
3433 4939 3446 4952 ο
3474 4921 3548 4978 ,δι’
3587 4919 3614 4972 ὃ
3639 4919 3733 4971 καὶ

2163 5010 2514 5100 καταλλήλως
2546 5025 2636 5077 τὸν
2688 5020 3014 5092 ταλανισμὺν
3041 5019 3250 5081 ἑαυτοῖς
3279 5019 3306 5069 ὁ
3349 5015 3502 5082 λόγος
3537 5010 3730 5077 ἐπάγει

2160 5118 2248 5173 διὰ
2277 5098 2441 5179 «om.
2480 5115 2616 5168 eoat
2643 5116 2709 5183 τῇ
2753 5112 2896 5181 ψυχῇ
2937 5107 3142 5163 αὐτῶν·
3184 5125 3202 5158 ι
3230 5103 3366 5158 ἀλλά
3393 5103 3485 5156 και
3511 5101 3610 5171 τὴν
3635 5098 3729 5153 κό-

2161 5211 2315 5266 λασιν
2358 5208 2458 5278 τὴν
2499 5205 2896 5277 περιμένουσαν
2934 5200 3129 5262 αὐτοὺς
3173 5195 3462 5269 προτίθησι
3513 5193 3684 5260 λέγων
3710 5207 3726 5221 ο

2169 5320 2187 5353 ι
2228 5301 2417 5354 Τοίνυν
2443 5297 2512 5351 τὰ
2536 5297 2844 5366 γεννήματα
2863 5292 2970 5346 τῶν
2995 5290 3172 5361 ἔργων
3199 5287 3378 5341 αὐτῶν
3398 5285 3677 5354 φάγονταιο
3704 5303 3724 5335 ›

2164 5395 2320 5447 ὁποῖα
2349 5391 2456 5462 γὰρ
2487 5389 2743 5458 ἐσπειραν
2779 5385 2918 5438 κατὰ
2969 5381 3063 5436 τοῦ
3101 5377 3361 5450 Χριστοῦ,
3387 5375 3613 5429 τοιαῦτα
3637 5375 3730 5427 καὶ

2163 5483 2430 5556 θεριοῦσιν
2465 5483 2520 5533 ἐν
2550 5479 2627 5550 τῷ
2648 5478 2741 5530 τοῦ
2763 5476 2895 5529 Θεοῦ
2924 5473 3211 5546 κριτηρίῳ.
3233 5469 3369 5540 Ἤδη
3386 5469 3439 5520 δέ
3474 5469 3567 5521 καὶ
3589 5466 3730 5520 κατὰ

2158 5555 2250 5630 τὸν
2303 5572 2536 5628 ἐνταῦθα
2587 5570 2698 5640 βίον
2735 5570 2835 5639 ὅρα
2878 5568 2926 5619 εί
2985 5565 3058 5638 μὴ
3110 5562 3245 5635 μετὰ
3291 5560 3388 5631 τὴν
3439 5558 3578 5612 κατὰ
3631 5555 3726 5610 τοῦ

2160 5665 2395 5739 Χριστοῦ
2460 5662 2746 5731 ἐπιϐουλὴν
2810 5656 3099 5730 ἐπληρώθη
3145 5657 3226 5717 είς
3273 5652 3468 5713 αὐτούς
3511 5651 3544 5704 ὁ
3588 5665 3723 5716 προ-

2156 5824 2278 5878 HO.
2356 5823 2375 5852 ⁸
2409 5818 2536 5888 Sap.
2566 5833 2627 5881 ll,
2657 5816 2744 5869 12.
