4070 6464
503 337 524 388 1
534 335 642 391 203

1311 335 1578 393 EUSEBII
1620 336 2072 394 οΑΞδΑιιιεΝδιε

2174 341 2286 399 ll’P.
2326 342 2507 398 PARS
2545 343 2634 399 111.
2681 373 2747 384 -
2780 341 3192 402 EXEGETICA.

3613 340 3766 397 1204

496 455 626 507 tiam
659 453 714 508 in
748 459 904 507 otero
931 451 1161 523 accipiet
1189 460 1244 508 et
1275 453 1449 522 pariet
1482 451 1674 519 ﬁlium,
1694 454 1854 525 cujus
1876 470 2072 510 nomen

2178 458 2378 528 γαστρὶ
2423 456 2702 528 ληψομένη
2753 457 2844 510 καὶ⁵
2893 455 3122 521 τέξουσα
3165 457 3258 511 τὸν
3288 453 3767 527 ἐπονομαζόμενον

495 545 596 601 erit
633 543 1146 610 Emmanuel.Qnod
1179 544 1226 598 si
1256 545 1497 600 dixerint
1534 560 1642 598 non
1668 545 1952 617 virginem,
1977 545 2074 602 sed

495 637 732 708 puellam
765 636 907 706 apud
967 634 1308 709 Scripturam
1342 635 1606 691 liebraica
1635 651 1769 691 voce
1824 639 2076 691 nomina-

493 740 606 783 tam
646 745 794 794 esse,
827 729 1274 800 respondendum
1327 729 1475 800 quod
1508 731 1668 801 primi
1700 731 1794 800 qui
1829 730 2075 787 divinum

494 819 798 892 Scriptura:
819 837 1042 878 sensum
1075 823 1149 876 ita
1178 829 1306 876 sunt
1330 823 1694 892 interpretati,
1715 837 1823 877 non
1847 822 2076 893 quilibet

492 925 672 978 erant,
710 915 1057 985 septuaginta
1116 914 1330 971 scilicet
1374 929 1406 968 e
1436 915 1636 986 p0pulo
1666 915 2072 984 praestantiores

491 1007 711 1068 delecti,
749 1017 804 1062 et
853 1008 1091 1063 maxima
1140 1023 1239 1078 pro
1284 1007 1394 1062 illis
1430 1009 1766 1078 temporibus
1805 1009 2073 1078 sapientia

493 1099 726 1168 probati.
769 1097 1054 1165 Quodnam
1077 1099 1224 1154 enim
1256 1098 1457 1152 mirum
1488 1097 1679 1154 Sermo
1711 1099 2076 1170 pollicebatur

492 1192 707 1262 signum
739 1193 807 1246 ab
848 1192 965 1261 ipso
999 1191 1249 1263 Domino,
1286 1191 1442 1262 quasi
1489 1189 1796 1262 prodigium
1847 1191 2072 1262 aliquid,

491 1283 654 1339 domo
681 1283 848 1340 David
871 1285 1056 1340 datum
1081 1285 1148 1339 iri
1198 1283 1594 1356 praenuntians,
1626 1285 1671 1339 si
1699 1283 2077 1338 tantummodo

492 1377 725 1447 simplex
773 1377 955 1446 puella
1000 1375 1407 1446 designaretur.
1441 1375 1588 1430 Nihil
1636 1393 1768 1432 vero
1804 1377 2074 1448 prohibet,

491 1469 592 1522 etsi
644 1470 880 1538 puellam
919 1467 1076 1537 juxta
1115 1483 1210 1524 eos
1243 1469 1566 1524 Hebraicnm
1619 1470 1910 1540 signiticet,
1943 1469 2076 1539 quin

491 1558 777 1628 pmphetia
807 1558 1073 1627 virginem
1097 1557 1330 1626 indicari
1374 1560 1777 1615 existimemus.
1801 1559 2075 1616 Caeterum

491 1650 546 1704 in
575 1649 820 1707 Levitico
852 1667 1069 1726 quoque
1113 1652 1359 1709 invenies
1394 1653 1659 1724 virginem
1692 1653 1808 1710 viro
1841 1653 2077 1724 despon-

491 1751 766 1806 satatn,et
801 1759 922 1814 quae
974 1743 1084 1807 vim
1134 1744 1202 1798 ah
1245 1745 1353 1799 alio
1383 1746 1526 1812 tulit,
1572 1747 1807 1816 puellam
1857 1728 2075 1819 quoque

2185 547 2533 620 Ἐμμανουὴλ
2577 548 2723 602 υἱόν·
2769 546 2882 600 ἀλλ’
2923 548 2971 599 εἰ
3018 546 3275 615 φάσκοιεν
3326 547 3400 619 μὴ
3446 543 3769 616 γεγράφθαι

2174 640 2465 711 παρθένον,
2495 639 2633 694 ἀλλὰ
2676 641 2854 694 νεᾶνιν
2902 638 3047 694 κατὰ
3084 639 3146 692 τὸ
3179 638 3483 709 Ἐϐραῖκδν,
3513 635 3768 698 λεκτέον,

2173 733 2250 795 ὡς
2277 733 2376 803 οὑχ
2407 735 2453 785 οἱ
2482 733 2734 802 τυχόντες
2758 730 3050 805 ἐτύγχανον
3089 732 3137 784 οἱ
3171 729 3379 802 πρῶτοι
3411 729 3507 799 τὴν
3533 725 3769 798 Γραφὴν

2174 824 2317 878 κατά
2361 824 2509 878 Θείαν
2560 825 2992 897 ἐρμηνεύσαντες
3017 822 3351 893 οἰκονομίαν,
3386 821 3773 890 ἐϐδομήκοντα

2178 918 2277 989 μὲν
2305 917 2456 980 ὄντες
2485 917 2546 971 τὸ
2575 917 2798 988 πλῆθος,
2833 917 3250 989 ἀναλελεγμένοι
3293 913 3600 987 ἀριστίνδην
3650 909 3772 965 ἀπὸ

2175 1010 2377 1075 παντὸς
2411 1009 2506 1063 τοῦ
2536 1010 2688 1073 λαοῦ,
2725 1011 2952 1083 δοκιμήν
2982 1029 3042 1066 τε
3075 1010 3135 1064 οὐ
3172 1007 3409 1080 σμικρὰν
3447 1006 3588 1060 κατὰ
3630 1005 3772 1067 τοὺς

2175 1102 2355 1156 αὐτῶν
2383 1103 2609 1174 χρόνους
2633 1103 2726 1155 ἐπὶ
2754 1104 2915 1176 σοφίᾳ
2937 1103 3231 1166 δεδωκότες
3250 1117 3264 1132 ⁸
3296 1101 3350 1156 τί
3394 1101 3439 1153 δ’
3474 1099 3540 1154 ἂν
3571 1098 3769 1168 παρά-

2174 1195 2323 1262 δοξον
2345 1197 2374 1249 ό
2402 1195 2572 1263 Λόγος
2604 1197 2914 1266 ὑπισχνεῖτο
2946 1199 3168 1266 σημεῖον
3203 1194 3294 1248 ὑπ’
3321 1192 3486 1247 αὐτοῦ
3514 1189 3608 1245 τοῦ
3641 1192 3768 1244 Κυ-

2177 1288 2295 1360 ρίου
2325 1287 2512 1359 ὦσπερ
2537 1304 2590 1352 τι
2615 1286 2922 1358 θαυμαστὸν
2961 1287 3038 1359 τῷ
3066 1288 3199 1358 οἴκῳ
3236 1285 3398 1340 Δαυῖδ
3435 1281 3772 1353 δοθήσεσθαι

2177 1380 2726 1453 προμαρτυράμενος,
2749 1381 2796 1433 εἰ
2822 1397 2890 1444 πε
2901 1382 2950 1450 pi
2977 1379 3140 1452 ψιλῆς
3166 1377 3403 1440 νεάνιδος
3432 1379 3461 1431 6
3484 1375 3644 1443 λόγος
3668 1370 3766 1446 ἦν’

2176 1473 2328 1525 οὐδὲν
2359 1472 2416 1524 δέ
2443 1474 2593 1544 ἡμᾶς
2626 1471 2847 1536 κωλύει,
2885 1474 2933 1524 εἰ
2960 1474 3055 1538 καὶ
3084 1469 3376 1542 νεάνιδα[ν]
3406 1469 3525 1522 κατ’
3559 1465 3770 1527 αὐτοὺς

2177 1563 2420 1635 περιέχει
2446 1563 2506 1615 τὸ
2549 1563 2856 1635 Ἐὁραῖκὸν,
2890 1563 2965 1626 ὡς
2993 1563 3121 1634 περὶ
3155 1561 3424 1635 παρθένου
3465 1555 3769 1631 δηλοῦσθαι

2176 1652 2416 1724 νομίζειν
2445 1652 2512 1706 τά
2549 1653 2843 1725 εἰρημέναο
2890 1653 2984 1707 καὶ
3025 1652 3132 1723 γὰρ
3169 1647 3261 1704 οὖν
3293 1652 3348 1703 ἐν
3379 1649 3456 1720 τῷ
3487 1645 3770 1715 Λευῖτικῷ

2177 1745 2356 1816 εὕροις
2399 1744 2464 1798 ἂν
2511 1745 2606 1816 τὴν
2637 1744 3084 1816 ὁμολογουμένως
3117 1742 3383 1815 παρθένον
3419 1756 3771 1813 μεμνηστευσ

492 1837 778 1907 écriptura
809 1839 824 1868 ⁸
854 1837 1135 1908 appellari.
1173 1837 1239 1891 Et
1271 1839 1360 1893 hic
1389 1840 1609 1909 quidem
1641 1840 1900 1894 decorum
1927 1850 2071 1895 esset

2179 1835 2347 1906 μένην
2383 1835 2556 1906 ἀνδρὶ,
2605 1836 2693 1904 ὑφ’
2729 1834 2916 1906 ἐτέρου
2944 1835 2962 1904 (
2987 1833 3026 1891 f.
3053 1833 3121 1887 46
3152 1834 3248 1903 νο)
3281 1833 3336 1886 δὲ
3373 1829 3772 1902 βεϐιασμένην,

490 1930 654 1983 domo
681 1929 852 1984 Dat-id
886 1937 1109 2000 propter
1151 1945 1339 1984 eorum
1373 1931 1806 1991 incredulitatem
1838 1947 1868 1985 a
1895 1931 2076 1984 Domi-

489 2035 564 2074 no
591 2021 710 2076 dari
737 2020 977 2092 signum,
1006 2022 1273 2092 virginem
1311 2023 1572 2081 inusitate
1595 2022 1888 2092 parturire,
1917 2023 2075 2096 cujus

488 2109 809 2165 nasciturus
841 2125 978 2180 puer
1008 2109 1351 2163 admirabilis
1395 2108 1513 2163 fore
1545 2107 1952 2179 praedicaretur.
1989 2106 2077 2161 Si-

489 2200 709 2272 quidem
733 2217 763 2255 a
791 2203 1049 2271 pueritia,
1089 2210 1142 2258 et
1179 2210 1238 2258 ut
1268 2203 1341 2256 ita
1382 2202 1582 2264 dicam,
1627 2201 1696 2255 ab
1725 2201 1842 2272 ipsa
1873 2201 2074 2256 nativi-

489 2302 602 2348 tate
630 2294 853 2348 malitiae
886 2309 995 2348 non
1026 2295 1527 2366 obtemperaturus,
1545 2294 1860 2364 bonumque
1880 2294 2080 2349 electu-

487 2401 584 2440 rus
607 2385 1038 2455 prophetizatur.
1058 2385 1124 2440 Et
1152 2402 1354 2442 nomen
1383 2386 1504 2456 ejus
1531 2386 1730 2439 mirum
1767 2387 1820 2439 in
1856 2385 2076 2440 modum

487 2477 892 2546 praenuntiatur
956 2476 1279 2551 Emmanuel
1331 2477 1489 2544 fore,
1541 2477 1752 2533 scilicet
1803 2477 2076 2532 nobiscum

486 2563 653 2622 Deus.
685 2566 840 2633 Quod
884 2575 937 2622 et
980 2567 1290 2624 diceremus
1329 2583 1432 2623 nos
1467 2569 1593 2639 ipsi,
1628 2569 1721 2639 qui
1751 2584 1876 2624 eum
1906 2584 2076 2640 agno-

486 2658 696 2716 scimus
744 2669 800 2716 et
831 2659 1160 2716 conﬁtemur
1213 2662 1334 2732 ejus
1386 2661 1629 2716 divinam
1681 2669 1734 2716 et
1787 2662 2074 2733 mysticam

487 2751 633 2822 apud
684 2767 878 2808 omnes
927 2752 1180 2809 homines
1228 2753 1405 2824 ipsius
1459 2753 1702 2824 potentia
1750 2752 2080 2808 incarnatio-

489 2859 636 2899 nem.
693 2843 921 2899 Dicatur
969 2844 1170 2901 iterum
1226 2845 1580 2921 Emmanuel,
1609 2845 1879 2900 nobiscum
1909 2845 2074 2911 Deus,

486 2952 554 2991 eo
582 2936 730 3007 quod
761 2935 925 2992 Pater
953 2937 1197 3009 quidem,
1220 2937 1475 3009 Deusqne
1503 2939 1749 2994 omnium
1775 2953 1942 3008 supra
1967 2953 2076 2994 non

487 3034 699 3081 tantum
731 3027 1045 3094 mortalem,
1084 3027 1181 3084 sed
1215 3035 1270 3084 et
1317 3045 1534 3084 omnem
1594 3029 1938 3100 spiritualem
1979 3044 2079 3083 na—

487 3130 670 3174 turam
702 3121 806 3188 sit;
837 3120 1010 3178 Filius
1053 3135 1184 3178 vero
1209 3137 1321 3176 non
1343 3122 1615 3177 immerito
1631 3121 1900 3176 nobiscum
1934 3121 2076 3176 Deus

2177 1928 2356 1980 νεᾶνιν
2386 1926 2491 1979 ὑπὸ
2513 1927 2612 1998 τῆς
2641 1926 2865 1998 Γραφῆς
2887 1923 3292 1996 ὀνομαζομένην
3311 1939 3325 1955 ο
3367 1923 3461 1975 καὶ
3491 1921 3668 1994 ταύτῃ
3699 1935 3772 1988 γε

2176 2017 2505 2089 άξιοπρεπές
2547 2018 2614 2072 ἂν
2650 2019 2732 2089 εἴη
2762 2018 2838 2089 τῷ
2872 2017 3006 2088 οἴκῳ
3034 2015 3196 2070 Δαυῒδ
3227 2014 3316 2069 διὰ
3358 2014 3454 2086 τὴν
3496 2010 3768 2066 ἀπιστίαν

2175 2109 2353 2164 αὐτῶν
2391 2109 2544 2181 παρὰ
2569 2108 2776 2180 Κυρίου
2810 2108 3043 2162 δίδοσθαι
3073 2110 3316 2178 σημεῖον,
3352 2107 3412 2158 τὸ
3440 2101 3769 2176 παραδόξως

2178 2203 2446 2275 παρθένον
2463 2197 2770 2268 ἀποτεκεῖν,
2802 2201 2868 2254 δι’
2894 2201 2922 2254 6
2947 2201 3010 2273 δὴ
3042 2203 3136 2255 καὶ
3161 2203 3190 2254 6
3216 2198 3604 2270 τεχθησόμενος
3628 2194 3773 2247 θαυο

2181 2297 2384 2368 μαστός
2411 2313 2496 2360 τις
2519 2294 2594 2348 ὢν
2618 2294 3012 2366 ἀνηγόρευται·
3047 2295 3101 2347 εί
3125 2311 3188 2363 γε
3216 2294 3282 2346 ἐκ
3312 2291 3517 2356 παιδὸς,
3552 2289 3651 2342 καὶ
3686 2285 3774 2350 ὡς

2177 2388 2373 2452 εἰπεῖν,
2396 2387 2454 2454 ἐξ
2489 2385 2661 2456 αὐτῆς
2693 2386 2983 2455 γενέσεως,
3019 2383 3336 2456 ἁπειθήσειν
3372 2383 3468 2454 μὲν
3498 2376 3766 2450 πονηρίᾳ,

2176 2476 2499 2542 ἐκλέξασθαι
2531 2476 2588 2528 δὲ
2616 2475 2676 2538 τὸ
2702 2474 2904 2543 ἀγαθὸν
2932 2469 3483 2546 προφητεύεται.Κα“ι
3502 2469 3562 2521 τὸ
3581 2467 3769 2536 ὄνομα

2177 2570 2233 2624 δὲ
2273 2569 2437 2622 αὐτοῦ
2482 2568 2810 2640 θαυμαστῶς
2852 2564 3378 2641 προαναπεφώνηται
3409 2557 3771 2633 Ἐμμανουὴλ

2177 2661 2443 2732 τυγχάνον
2459 2678 2473 2691 ·
2510 2680 2529 2711 ι
2566 2661 2594 2714 ὃ
2617 2660 2754 2724 ἐστι,
2778 2661 2907 2730 μεθ’
2928 2657 3099 2728 ἡμῶν
3125 2648 3158 2712 ὁ
3179 2657 3420 2721 Θεός.⁴”0
3442 2655 3534 2709 καὶ⁹
3559 2654 3768 2723 φήσαι-

2181 2771 2278 2825 μεν
2310 2754 2377 2808 ἃν
2408 2756 2570 2826 ἡμεῖς
2594 2754 2644 2805 οἱ
2665 2751 3054 2824 ὁμολογοῦντες
3081 2751 3265 2812 αὑτὸν,
3291 2749 3386 2803 καὶ
3408 2744 3770 2814 συναισθόμε-

2178 2861 2258 2900 νοι
2291 2845 2390 2916 τῆς
2419 2843 2602 2900 ἐνθέου
2633 2845 2727 2898 καί
2755 2844 3067 2914 ἀπορρήτου
3093 2844 3173 2906 εἰς
3201 2841 3410 2904 πάντας
3437 2835 3768 2909 ἀνθρώπους

2176 2935 2264 2990 διὰ
2311 2936 2412 3005 τῆς
2464 2935 2628 2989 αὐτοῦ
2674 2935 2955 3006 δυνάμεως
3000 2931 3324 3005 ἐπιδημίαςο
3376 2930 3584 3002 λέγοιτο
3615 2927 3666 2980 δ’
3699 2926 3769 2980 ἂν

2177 3026 2340 3080 πάλιν
2383 3026 2747 3097 Ἐμμανουὴλ,
2774 3029 2806 3080 ό
2851 3026 2978 3096 μεθ’
3012 3023 3181 3094 ἡμῶν
3217 3022 3380 3087 Θεὸς,
3411 3020 3487 3092 τῷ
3535 3019 3627 3072 τὸν
3665 3018 3768 3089 μὲν

2177 3115 2396 3187 Πατέρα
2413 3116 2508 3169 καὶ
2527 3116 2661 3169 Θεὸν
2682 3115 2789 3168 τῶν
2812 3116 2948 3169 ὅλων
2972 3114 3226 3168 ἐπέκεινα
3245 3113 3306 3166 οὐ
3331 3112 3488 3183 μόνον
3509 3111 3605 3180 τῆς
3634 3108 3771 3179 θνη-

486 3213 827 3280 nominatur,
847 3231 973 3270 cum
1007 3216 1152 3286 apud
1183 3231 1285 3271 nos
1315 3225 1687 3272 commoratus
1719 3216 1810 3270 sit.
1844 3213 2000 3281 Quod
2027 3212 2070 3270 si

2175 3208 2294 3278 τῆς,
2329 3207 2462 3260 ἀλλὰ
2495 3208 2590 3260 καὶ
2621 3207 2796 3278 πάσης
2826 3207 2926 3277 τῆς
2958 3205 3182 3276 λογικῆς
3208 3203 3422 3274 φύσεως
3445 3200 3763 3271 τυγχάνειν

484 3301 658 3360 Judaei
701 3305 817 3361 ί.αο
865 3307 1047 3360 Achaz
1095 3307 1462 3377 praenuntiata
1495 3307 1562 3360 ad
1609 3305 1917 3367 Ezechiam,
1952 3303 2072 3374 ejus

489 3395 658 3450 ﬁlium
693 3396 958 3467 regnique
989 3411 1368 3452 successorem
1390 3435 1404 3462 ,
1430 3394 1692 3458 referant,
1721 3393 2068 3448 animadver-

485 3487 710 3544 tendum
768 3489 884 3546 haec
935 3490 1186 3560 ipsojam
1221 3499 1336 3546 tum
1381 3499 1536 3561 patre
1571 3489 1754 3543 Achaz
1808 3493 2072 3558 regnante

485 3580 789 3651 praedicta;
825 3581 1114 3648 Ezechiam
1151 3599 1283 3640 vero
1319 3594 1611 3653 antequam
1649 3597 1879 3653 regnum
1910 3595 2070 3634 acce-

484 3670 628 3742 perit
651 3671 856 3748 Achaz,
895 3673 1138 3745 genitum
1175 3689 1298 3732 esse
1319 3680 1558 3729 constat.
1588 3671 1872 3730 Sexdecim
1896 3685 2070 3726 annos

484 3772 810 3834 regnaverat
838 3762 1044 3843 Achaa,
1075 3779 1201 3833 cum
1233 3764 1283 3820 ei
1329 3767 1602 3822 successit
1653 3763 1939 3825 Ezechias,
1977 3761 2071 3832 qui

483 3865 603 3909 tum
635 3853 813 3910 aetatis
841 3855 1093 3925 quintum
1139 3863 1194 3911 et
1236 3857 1557 3924 vicesimum
1595 3870 1800 3910 annum
1838 3852 2069 3925 agebat;

483 3947 559 4002 ita
617 3953 679 4001 ut
726 3961 922 4001 novem
977 3949 1138 4004 annis
1201 3959 1493 4025 antequam
1540 3957 1696 4021 pater
1763 3949 1820 4003 in
1870 3946 2070 4002 solium

483 4039 834 4107 ascenderet,
861 4051 1026 4098 natus
1058 4042 1150 4098 sit.
1196 4041 1299 4098 Sed
1329 4042 1441 4113 jam
1475 4041 1726 4116 regnanti
1769 4042 1884 4096 haec
1929 4054 2070 4110 pra:-

482 4131 633 4186 dicta
663 4140 795 4187 sunt
825 4133 1004 4188 Aehaz
1033 4135 1101 4189 de
1139 4134 1366 4204 miriﬁca
1409 4117 1574 4207 atque
1600 4134 1825 4190 insolita
1861 4130 2070 4188 Christi

482 4226 797 4284 nativitate.
846 4225 1198 4299 Singulorum
1240 4244 1372 4283 vero
1396 4227 1562 4298 hujus
1606 4227 1904 4307 prophetia:
1945 4241 2068 4281 ver-

480 4316 679 4373 borum
710 4333 956 4383 sensum,
988 4319 1168 4391 qualis
1213 4319 1306 4384 sit,
1338 4323 1554 4377 noverit
1581 4323 1673 4392 qui
1701 4321 1756 4374 in
1789 4321 1888 4394 hos
1918 4319 2066 4374 locos

480 4409 754 4466 mirabilis
779 4411 881 4464 viri
911 4411 1204 4482 exegeticis
1237 4413 1483 4469 studiose
1512 4413 1829 4469 attenderit.

2173 3302 2264 3355 τὸν
2309 3302 2366 3356 δὲ
2401 3301 2542 3366 Υἱὸν,
2581 3301 2688 3354 τὸν
2711 3301 2838 3370 μεθ’
2872 3298 3043 3369 ἡμῶν
3072 3299 3220 3354 Θεὸν
3252 3297 3474 3360 εἰκότως
3494 3292 3764 3364 ὀνομάζεο

2177 3393 2300 3448 σθαι
2335 3393 2434 3464 τῆς
2468 3393 2659 3464 μέχρις
2683 3392 2841 3464 ἡμῶν
2867 3391 3159 3462 ἐπιδημίας
3185 3388 3352 3444 αὑτοῦ
3381 3389 3585 3441 ἕνεκεν.
3605 3385 3767 3438 Ἐπεὶ

2173 3489 2231 3543 δέ
2263 3505 2406 3551 τινος
2436 3486 2544 3541 τῶν
2572 3489 2636 3539 ἐκ
2657 3484 2960 3558 περιτομῆς
2983 3483 3265 3556 εἰρηκότος
3293 3479 3531 3542 ἀκούσας
3549 3477 3765 3549 μέμνη-

2177 3598 2275 3652 μαι
2327 3579 2499 3633 ταῦτα
2543 3577 2622 3648 τῷ
2667 3577 2834 3646 Ἀχὰζ
2879 3573 3314 3648 προφητεύεσθαι
3347 3571 3476 3642 περί
3514 3568 3762 3634 Ἐζεκίου

2172 3671 2267 3726 τοῦ
2310 3671 2369 3737 ἐξ
2401 3669 2568 3724 αὑτοῦ
2599 3669 2888 3744 γενομένου
2924 3668 3017 3721 καδ⁶
3054 3668 3170 3737 μετ’
3203 3665 3363 3719 αὑτὸν
3407 3660 3749 3735 βασιλεύσανι

2172 3781 2286 3829 τος,
2318 3761 2697 3832 ἐπιτηρητέον,
2725 3761 2804 3813 ὅτι
2847 3762 2953 3830 πρὸ
2983 3758 3074 3811 τοῦ
3105 3755 3420 3826 βασιλεῦσαι
3461 3753 3554 3807 τὸν
3592 3752 3764 3823 Ἀχάζ

2174 3858 2270 3912 καὶ
2320 3855 2426 3929 πρὸ
2465 3856 2565 3926 τῆς
2599 3854 2897 3926 εἰρημένης
2930 3851 3078 3921 αὑτῷ
3111 3851 3313 3922 ταύτης
3347 3849 3411 3921 δὴ
3460 3849 3630 3920 αὐτῆς
3660 3849 3764 3918 τῆς

2175 3947 2533 4021 προφητείας,
2565 3944 2813 4009 Ἐζεκίας
2857 3945 2958 4015 ἤδη
3002 3943 3168 3998 πάλαι
3209 3940 3572 4013 γεγενημένος
3623 3941 3764 3992 ἀπο-

2169 4039 2445 4093 δείκνυται
2471 4054 2484 4067 ·
2525 4035 2620 4089 ἐπὶ
2646 4035 2779 4088 δέκα
2810 4033 2938 4102 γοῦν
2968 4034 3061 4087 καὶ
3088 4033 3147 4099 ἐξ
3175 4033 3319 4086 ἔτεσι
3351 4031 3443 4085 τὸν
3481 4029 3648 4101 Ἀχὰζ
3671 4028 3762 4099 βα-

2177 4132 2498 4187 σιλεύσαντα
2539 4128 2866 4200 διαδέχεται,
2895 4127 3043 4194 ἄγων
3075 4125 3193 4190 ἐτος
3235 4125 3333 4196 τῆς
3367 4124 3583 4195 ἡλικίας
3615 4122 3762 4193 πέμ-

2174 4244 2307 4281 πτον
2350 4224 2446 4280 καί
2494 4221 2757 4285 εἰκοστὸν,
2796 4221 3032 4291 ὁπηνίκα
3082 4219 3181 4289 τῆς
3232 4214 3508 4288 βασιλείας
3535 4214 3758 4285 ἤρχετο,

2169 4316 2246 4382 ὡς
2295 4312 2702 4389 προλαμϐάνειν
2755 4309 2919 4362 αὐτοῦ
2953 4310 3051 4381 τὴν
3107 4309 3321 4376 γένεσιν
3367 4306 3543 4360 ἐτεσιν
3597 4303 3754 4358 ἐννέα

2168 4409 2267 4481 τὴν
2311 4407 2406 4463 τοῦ
2461 4405 2667 4479 πατρὸς
2720 4403 2812 4456 ἐπὶ
2859 4401 2960 4474 τὴν
3001 4397 3278 4470 βασιλείαν
3322 4397 3584 4468 πάροδον·
3619 4393 3757 4448 ἀλλὰ

479 4503 590 4574 γὰρ
643 4503 744 4575 ήδη
778 4502 1114 4572 βασιλεύοντι
1170 4507 1241 4582 τὰ
1309 4507 1646 4579 προκείμενα
1692 4508 1770 4579 τῷ
1813 4507 1980 4578 Ἀχάζ
2027 4502 2432 4577 προφητεύεται
2477 4500 2606 4573 περὶ
2655 4499 2756 4570 τῆς
2800 4491 3175 4566 δεδηλωμένης
3217 4489 3312 4544 τοῦ
3346 4486 3580 4562 Χριστοῦ
3647 4505 3757 4540 πα-

482 4598 704 4672 ραδόξου
756 4599 850 4652 καὶ
895 4599 1354 4676 θαυμασιωτάτης
1382 4603 1668 4672 γενέσεως.
1704 4603 1785 4657 Τὰ
1824 4603 1881 4657 δὲ
1927 4603 2066 4656 κατὰ
2097 4601 2196 4673 τὴν
2228 4598 2372 4674 λέξιν
2402 4598 2612 4652 ἐκαστα
2643 4595 2827 4648 ὁποῖον
2861 4589 2973 4660 ἔχει
3000 4586 3146 4655 νοῦν,
3195 4589 3310 4650 τοῖς
3353 4585 3434 4648 εἰς
3477 4585 3602 4648 τοὺς
3662 4583 3757 4638 τό·

479 4708 616 4755 πους
657 4690 752 4744 τοῦ
798 4691 1100 4762 θαυμασίου
1153 4695 1347 4767 ἀνδρὸς
1387 4694 1732 4779 ἐξηγητικοῖς
1773 4695 2008 4768 ἐντυχὼν
2034 4698 2062 4749 ὁ
2100 4690 2402 4765 φιλομαθὴς
2433 4687 2654 4744 εἴσεται.

1107 4810 1335 4866 CAPUT
1375 4810 1442 4866 γ.

554 4920 573 4953 ι
611 4901 680 4956 Ει
709 4900 848 4956 dixit
879 4899 1144 4957 Dominus
1188 4901 1255 4956 ad
1307 4917 1395 4959 me
1436 4921 1450 4959 :
1487 4902 1691 4974 Accipe
1737 4903 1832 4958 tibi
1864 4903 1968 4975 ipsi
1999 4905 2064 4959 lio

477 4993 642 5048 brum
672 5006 876 5048 novum
907 4991 1192 5062 grandem,
1225 5001 1280 5049 et
1313 4996 1492 5052 scribe
1519 4995 1574 5050 in
1611 5010 1677 5053 eo
1706 4996 1848 5067 stylo
1887 4997 2063 5058 homi-

475 5084 565 5140 nis
595 5125 612 5151 ,
669 5093 730 5139 ut
778 5084 1028 5141 celeriter
1081 5085 1441 5157 direptionem
1503 5087 1676 5144 facias
1741 5087 2064 5159 spoliorum.

476 5176 646 5232 Adest
677 5178 846 5242 enim,
880 5186 936 5233 et
967 5185 1139 5234 testes
1183 5179 1316 5232 mihi
1356 5178 1521 5234 facito
1567 5178 1754 5236 ﬁdeles
1793 5181 2064 5250 homines,

477 5267 667 5324 Uriam
697 5269 1058 5336 sacerdotem,
1087 5279 1142 5326 et
1186 5268 1509 5326 Zachariam
1554 5272 1725 5326 tilium
1766 5273 2064 5330 Barachize.

478 5359 553 5415 Et-
573 5361 784 5417 accessi
813 5361 883 5416 ad
913 5363 1336 5434 prophetissam,
1367 5371 1422 5419 et
1459 5364 1515 5419 in
1548 5373 1704 5421 utero
1733 5367 1963 5436 accepit,
2011 5373 2066 5422 et

477 5453 689 5524 peperit
718 5455 912 5512 ﬁliu.
943 5455 1010 5511 Et
1041 5458 1179 5512 dixit
1204 5456 1469 5514 Dominus
1516 5458 1584 5513 ad
1627 5474 1751 5514 me:
1785 5457 1936 5513 Voca
1965 5474 2062 5514 no-

477 5562 603 5602 men
654 5547 798 5618 ejus,
849 5548 1112 5605 Accelera
1166 5551 1340 5622 spolia
1414 5550 1724 5617 detrahere,
1770 5552 1882 5608 cito
1924 5567 2063 5623 prae-

434 5635 648 5723 .dare,
710 5636 838 5707 quia
894 5648 1187 5708 antequam
1247 5642 1387 5697 sciat
1443 5658 1581 5712 puer
1623 5658 1820 5699 vocare
1851 5650 2060 5713 patrem

550 5797 561 5825 ¹
605 5793 759 5850 Dcut.
788 5811 924 5858 xxvi,
964 5794 1051 5848 27.

2094 4848 2142 4906 D

2704 4799 3101 4856 ΚΕΦΑΛΑΙΟΝ
3145 4793 3218 4851 E’.

2242 4921 2261 4963 ι
2298 4899 2408 4954 Καὶ
2431 4895 2552 4952 εἷπε
2597 4897 2800 4968 Κύριος
2833 4893 2969 4967 πρὸς
3014 4893 3102 4963 μὲ,
3144 4889 3290 4943 Λάϐε
3335 4885 3546 4957 σεαυτῷ
3588 4886 3755 4957 τόμον

2168 4993 2415 5068 (χάρτου)
2448 4988 2638 5046 καινοῦ
2676 4988 2934 5061 μεγάλου,
2962 4985 3056 5041 καὶ
3085 4982 3293 5056 γράψον
3313 4981 3392 5044 εἰς
3418 4980 3579 5033 αὐτὸν
3610 4995 3752 5049 γρα-

2167 5086 2279 5157 φίδι
2305 5084 2617 5158 ἀνθρώπου,
2640 5082 2734 5136 τοῦ
2760 5081 2926 5151 ὀξέως
2957 5076 3233 5151 προνομὴν
3263 5074 3486 5146 ποιῆσαι
3507 5071 3751 5126 σκύλωνο

2166 5181 2399 5252 πάρεστι
2428 5178 2536 5250 γάρ
2556 5193 2570 5206 ’
2607 5177 2702 5230 καὶ
2728 5173 3009 5246 μάρτυράς
3037 5188 3127 5242 μοι
3147 5168 3372 5239 ποίησον
3407 5164 3632 5228 πιστοὺς
3659 5164 3754 5216 ἀν·-

2166 5271 2439 5344 θρώπους,
2472 5271 2564 5324 τὸν
2610 5267 2811 5341 Οὐρίαν
2835 5265 2926 5318 τὸν
2975 5264 3142 5334 ἱερέα,
3182 5261 3278 5315 καὶ
3326 5258 3602 5330 Ζαχαρίαν
3633 5255 3752 5310 υἱὸν

2165 5342 2456 5436 Βαραχίου.
2487 5361 2598 5416 Καὶ
2630 5357 2930 5433 προσῆλθον
2973 5356 3108 5428 πρὸς
3138 5355 3238 5426 τὴν
3271 5349 3748 5425 προφήτην(ἧτιν).

2164 5459 2260 5513 καὶ
2290 5459 2347 5514 ἐν
2396 5455 2594 5528 γαστρὶ
2627 5452 2806 5514 ἔλαϐε,
2842 5451 2934 5505 καὶ
2974 5449 3156 5503 ἔτεκεν
3188 5447 3332 5506 υἱόν’
3368 5446 3462 5500 καὶ
3487 5440 3608 5497 εἷπε
3633 5442 3748 5497 Κύ-

2166 5550 2280 5624 ριός
2323 5565 2443 5620 μοι·
2481 5547 2724 5615 Κάλεσον
2752 5545 2813 5620 τὸ
2836 5543 3005 5614 ὄνομα
3034 5540 3220 5619 αὑτοῦ,
3259 5538 3479 5610 Ταχέως
3517 5535 3746 5590 σκύλευ-

2164 5660 2276 5709 σον,
2317 5643 2482 5710 ὀξέως
2537 5640 2938 5712 προνόμευσονο
2986 5634 3140 5698 διότι,
3197 5633 3325 5704 πρὶν
3385 5627 3653 5705 ἢγνῶναι
3685 5627 3745 5680 τὸ
