4070 6464
358 332 499 387 ἰτέθό

1375 335 1670 393 ECLOGA;
1707 337 2195 399 peorns'ncaz.
2237 373 2304 384 —
2351 344 2479 400 LIB.
2525 331 2633 401 iv;

3460 336 3600 406 i206

351 450 563 507 παιδίον
609 451 790 504 καλεῖν
841 451 1049 524 πατέρα
1083 451 1115 524 ἢ
1152 453 1383 525 μητέρα,
1419 451 1646 524 λήψεται
1699 455 1925 528 δύναμιν

2036 469 2122 514 aut
2162 471 2412 526 matrem,
2447 463 2678 535 accipiet
2726 471 3047 536 potestatem
3084 461 3354 525 Damasci,
3385 472 3437 518 et
3467 479 3598 534 spo-

349 542 668 617 Δαμασκοῦ,
711 546 804 599 καὶ
842 545 910 598 τὰ
961 544 1134 600 σκῦλα
1168 545 1478 620 Σαμαρείας
1509 548 1745 602 ἐναντίον
1773 548 1927 619 βασι-

347 639 488 704 λέως
529 637 846 709 Ἀσσυρίων.
880 657 898 691 ι
952 639 1072 692 Ἐπὶ
1109 642 1176 712 τῇ
1211 639 1306 693 τοῦ
1343 639 1623 711 μέλλοντος
1653 641 1928 695 ἀποτελεῖ-

349 732 477 788 σθαι
533 731 834 804 παραδόξου
885 733 1174 803 ἀναγραφῇ
1220 733 1385 803 τόμον
1445 733 1632 786 καινοῦ
1692 733 1926 805 μεγάλου

346 827 598 898 ἀγράφου
655 825 1054 895 προστάσσεται
1099 824 1281 878 λαϐεῖν
1322 828 1352 879 ό
1398 827 1717 897 προφήτης·
1749 826 1815 879 δι’
1865 818 1926 880 οῦ

345 915 637 988 δηλοῦσθαι
679 915 883 986 νομίζω
912 915 972 968 τὸ
997 917 1094 987 τῆς
1130 917 1339 987 Καινῆς
1372 917 1647 990 Διαθήκης
1686 919 1929 988 Εὐαγγέ-

347 1006 460 1061 λιον
480 1025 493 1038 ο
528 1008 662 1062 ἀλλά
697 1008 790 1061 καὶ
838 1007 1119 1081 μάρτυρας
1151 1009 1229 1081 τῷ
1262 1011 1450 1082 Κυρίῳ
1479 1010 1806 1082 ποιήσασθαι
1836 1029 1926 1065 πιέ-

349 1100 510 1164 στοὺς
539 1099 888 1172 ἀνθρώπους,
909 1095 990 1155 ὧν.
1015 1104 1044 1154 ὀ
1075 1105 1172 1176 μὲν
1205 1107 1382 1177 ἱερεὺς
1412 1105 1628 1174 λέγεται
1658 1101 1816 1172 εἶναι,
1838 1107 1928 1161 ὁδ’

346 1191 555 1264 ἕτερος,
601 1189 776 1263 οἶμαι,
808 1196 1092 1266 προφήτης
1133 1191 1230 1268 ἦν’
1266 1198 1539 1271 μέμνηται
1582 1199 1713 1270 γοῦν
1763 1201 1927 1254 αὐτοῦ

347 1285 445 1338 καὶ
477 1286 508 1356 ή
535 1284 643 1338 τῶν
684 1284 1176 1358 Παραλειπομένων
1207 1291 1392 1365 γραφή
1413 1306 1428 1322 ο
1474 1289 1568 1355 οὓς
1607 1292 1702 1346 καὶ¹
1731 1293 1928 1359 αὐτοὺς

349 1375 717 1448 ὑπολαμϐάνω
745 1378 1011 1449 σύμϐολον
1039 1375 1176 1434 εἷναι
1204 1382 1312 1435 τῶν
1339 1383 1842 1456 μεμαρτυρηκότων
1861 1388 1927 1457 τῇ

346 1468 442 1523 τοῦ
474 1468 723 1540 Σωτῆρος
755 1471 911 1542 ήμῶν
955 1471 1129 1544 Ἰησοῦ
1160 1474 1396 1546 Χριστοῦ
1436 1477 1710 1549 παρουσίᾳ
1738 1476 1799 1550 (f.
1835 1477 1927 1548 47)

348 1561 664 1634 προφητῶν,
688 1564 781 1617 καὶ
808 1564 914 1618 τῶν
942 1566 1022 1629 είς
1047 1564 1138 1619 τὸν
1169 1564 1332 1620 αὑτοῦ
1370 1566 1541 1622 τύπον
1571 1569 1738 1624 πάλαι
1758 1569 1927 1624 καθε-

352 1653 570 1710 στώτων
617 1656 826 1729 ἱερέων.
866 1657 1022 1712 Μετὰ
1060 1658 1234 1712 ταῦτα
1287 1659 1532 1730 λέγεται·
1569 1680 1590 1714 ι
1626 1663 1738 1717 Καὶ
1759 1679 1927 1735 προσ-

349 1744 512 1816 ῆλθον
538 1748 675 1819 πρὸς
707 1748 806 1821 τὴν
837 1751 1128 1822 προφῆτιν,
1163 1754 1255 1806 καὶ
1281 1755 1338 1807 έν
1365 1756 1565 1827 γαστρὶ
1598 1755 1758 1809 ἔλαϐε
1783 1797 1799 1822 ,
1835 1757 1930 1811 καὶ

351 1838 694 1906 ἔτεκενιυίὸν,
720 1862 738 1895 ι
755 1843 848 1896 καὶ
863 1842 931 1896 τὰ
955 1843 1101 1916 ἑξῆς.
1132 1845 1347 1919 Σφόδρα
1371 1846 1427 1900 δὲ
1452 1848 1696 1920 ἀπρεπὲς
1715 1849 1810 1902 καὶ
1832 1850 1932 1921 τῆς
1963 1828 2004 1882 Β

349 1934 691 2004 προφητικῆς
743 1936 1069 2007 σεμνότητός
1111 1955 1171 1992 τε
1222 1939 1316 1993 καὶ
1359 1938 1726 2012 καθαρότητος
1771 1940 1930 1994 ἀλλό-

346 2039 496 2097 τριον
536 2025 599 2078 τὸ
633 2029 938 2100 προχείρως
984 2029 1156 2095 οὕτως
1191 2030 1400 2085 οἴεσθαι
1434 2032 1524 2087 τὸν
1563 2034 1851 2105 προφήτην
1874 2036 1932 2088 έν

347 2119 498 2191 αύτῷ
529 2120 607 2191 τῷ
635 2121 1006 2195 θεοφορεῖσθαι
1059 2123 1172 2179 ὲπὶ⁹
1197 2125 1491 2199 μαρτύρων
1519 2125 1628 2180 τῶν
1675 2125 1934 2198 προδεδη-

349 2211 607 2284 λωμένων
658 2217 942 2282 κοινωνίας
992 2218 1152 2290 χάριν
1204 2221 1434 2290 αίσχρᾶς
1480 2217 1932 2290 προσεληλυθέναι

348 2305 567 2371 γυναικὶ
599 2308 888 2379 προφήτιδι
922 2309 1016 2362 καὶ
1048 2310 1213 2382 αὐτῇ·
1261 2312 1388 2364 ποία
1418 2312 1479 2367 δὲ,
1507 2311 1608 2366 κᾶν
1639 2312 1934 2384 πιθανότης

348 2395 937 2470 τολμάτωιπροσελθεῖν
959 2402 1122 2456 αὐτὸν
1143 2403 1520 2474 συνειληφέναι
1541 2404 1636 2457 καὶ
1655 2406 1932 2460 τετοκέναι

349 2490 520 2562 αὐτὴν
552 2491 693 2552 υίόν’
735 2492 868 2547 ἀλλά
904 2495 1011 2567 γὰρ
1054 2494 1273 2565 ἔχεσθαι
1305 2495 1402 2557 κα)⁵
1437 2495 1642 2568 ταύτην
1673 2496 1772 2567 τὴν
1800 2514 1933 2568 προ-

351 2582 576 2653 φητείαν
603 2583 842 2664 ἡγοῦμαι
876 2585 970 2640 τοῦ
996 2585 1088 2640 νοῦ
1110 2589 1209 2658 τῆς
1251 2586 1696 2659 προεκτεθείσης,
1719 2586 1840 2641 καθ’
1867 2589 1933 2660 ἥν

353 2672 564 2746 είρητο-
597 2697 616 2728 ι
670 2677 798 2732 Ἰδοὺ
849 2681 882 2750 ὴ
928 2679 1199 2752 παρθένος
1245 2679 1304 2732 ὲν
1351 2679 1551 2752 γαστρὶ
1607 2678 1868 2749 λήψεται·
1907 2698 1948 2742 ι.

352 2769 531 2822 ἐκεῖσε
556 2770 654 2840 μὲν
685 2770 793 2844 γὰρ
815 2773 1094 2845 ὲνγαστρὶ
1130 2771 1394 2844 λήψεσθαι
1425 2773 1520 2828 καὶ⁸
1547 2770 1793 2842 τέξεσθαι
1819 2772 1932 2839 υἱὸν

352 2861 680 2932 προύλέγετο
728 2864 760 2935 ἡ
809 2865 1114 2938 παρθένοςσ
1163 2865 1397 2920 ἐνταῦθα
1433 2866 1491 2920 δὲ
1539 2866 1633 2920 καὶ
1665 2867 1693 2920 ό
1735 2865 1933 2938 τρόπος

353 2952 475 3007 καθ’
499 2953 558 3007 ὃν
585 2955 758 3026 πέρας
785 2955 1004 3028 εἴληφεν
1037 2959 1073 3026 ή
1111 2957 1422 3030 προφητεία
1449 2957 1701 3028 δηλοῦται
1723 2973 1737 2988 °
1781 2976 1799 3009 ι
1844 2957 1932 3010 Ἐν

353 3045 549 3116 γαστρὶ
595 3046 723 3115 γὰρ,
769 3048 952 3117 φησιν,
1001 3034 1194 3112 ἔλαϐε,
1222 3047 1317 3101 καὶ
1388 3047 1574 3101 ἔτεκεν
1605 3047 1743 3102 υἱόν.
1788 3066 1809 3101 ι
1837 3046 1932 3112 Τίς

2029 551 2100 606 lia
2147 551 2408 609 Samaria
2452 569 2634 610 coram
2682 571 2809 626 rege
2854 554 3201 626 Assyriorum
3243 555 3283 606 ί.
3335 576 3353 606 ι
3387 553 3469 608 Ad
3501 555 3602 608 mi-

2027 646 2230 702 randas
2260 662 2348 703 res
2376 663 2497 719 qua
2529 647 2724 704 futura
2768 657 2925 704 erant
2954 646 3377 703 conscribendas
3405 647 3603 702 librum

2028 751 2227 790 novum
2260 746 2314 792 et
2346 739 2605 808 grandem
2655 753 2870 794 sumere
2908 737 3132 808 jubetur
3177 736 3464 808 propheta,
3495 752 3606 806 quo

2029 828 2322 899 signiﬁcari
2341 829 2536 899 opinor
2563 828 2697 884 Novi
2731 828 3065 886 Testamenti
3092 828 3466 900 Evangelium.
3497 827 3607 882 Sed

2028 927 2082 976 et
2115 928 2283 977 testes
2329 920 2557 977 Domino
2602 930 2661 977 ut
2707 923 2910 978 faceret
2946 923 3132 979 ﬁdeles
3166 922 3436 984 homines,
3464 934 3600 988 quo-

2029 1029 2148 1067 rum
2183 1015 2400 1087 quidem
2431 1031 2574 1071 unus
2608 1015 2863 1070 sacerdos
2887 1031 3009 1070 esse
3049 1015 3269 1078 dicitur,
3304 1014 3445 1068 alius
3476 1021 3608 1068 vero

2030 1106 2290 1178 propheta
2317 1113 2467 1173 eral;
2516 1105 2763 1160 meminit
2811 1105 2976 1170 igitur
3000 1105 3119 1170 ejus
3149 1113 3202 1158 et
3238 1103 3609 1174 Paralipome-

2028 1212 2140 1252 non
2172 1196 2454 1266 Scriptura
2480 1213 2495 1262 ;
2527 1211 2664 1266 quos
2713 1203 2766 1251 et
2794 1197 2943 1267 ipsos
2992 1195 3242 1266 suspicor
3270 1204 3457 1268 typum
3484 1211 3607 1250 esse

2027 1303 2214 1346 eorum
2248 1289 2340 1358 qui
2384 1284 2682 1342 Salvatoris
2727 1286 2904 1343 nostri
2945 1285 3076 1342 Jesu
3117 1286 3318 1342 Christi
3350 1286 3604 1340 adventui

2029 1390 2198 1440 testes
2223 1381 2351 1437 facti
2398 1388 2529 1436 sunt
2578 1379 2880 1452 propheta,
2909 1387 2963 1434 et
3001 1380 3094 1449 qui
3130 1380 3184 1433 in
3219 1380 3338 1448 ejus
3379 1378 3606 1449 ﬁguram

2029 1478 2158 1533 olim
2195 1475 2480 1531 constituti
2520 1485 2650 1530 sunt
2691 1474 3024 1530 sacerdotes.
3060 1471 3192 1526 Post
3225 1472 3338 1526 hac
3363 1471 3603 1526 dicitur:

2036 1592 2054 1625 ι
2092 1571 2159 1625 Et
2191 1570 2399 1626 accessi
2428 1567 2496 1623 ad
2531 1567 2952 1640 pr0phetissam,
2985 1573 3038 1620 et
3081 1565 3133 1618 in
3185 1573 3341 1619 utero
3374 1563 3603 1632 acrepit,

2029 1675 2083 1722 et
2133 1665 2341 1737 peperit
2387 1663 2578 1728 ﬁlium,
2615 1680 2634 1713 ι
2669 1669 2723 1716 et
2747 1674 2868 1730 qua
2903 1664 3226 1728 sequuntur.
3284 1654 3607 1725 Magnopere

2031 1759 2249 1831 quidem
2291 1757 2573 1827 indignum
2615 1752 2932 1824 prophetica
2975 1749 3236 1820 dignitate
3279 1754 3333 1804 et
3377 1745 3608 1802 sinceri-

2032 1859 2144 1906 tate
2185 1849 2499 1904 existimare
2543 1845 2892 1917 prophetam,
2937 1841 3236 1912 prasertim
3284 1853 3410 1894 cum
3465 1837 3607 1893 inter

2033 1942 2324 2015 pradictos
2364 1947 2536 1995 testes
2581 1937 2845 1992 divinitus
2884 1935 3203 2004 inspiratur,
3227 1931 3402 2000 turpis
3439 1944 3607 1984 causa

2033 2035 2298 2091 consortii
2326 2034 2394 2088 ad
2416 2033 2720 2094 mulierem,
2748 2029 3146 2100 prophetissam
3177 2024 3303 2078 licet
3326 2023 3604 2078 accedere.

2031 2126 2289 2198 Nunquid
2335 2123 2630 2181 verisimile
2671 2130 2788 2176 erat
2823 2135 2946 2175 eum
2991 2117 3314 2180 accessisse,
3367 2123 3422 2169 et
3461 2113 3606 2167 illam

2033 2221 2356 2292 concepisse
2376 2227 2431 2273 et
2453 2216 2730 2288 peperisse
2746 2211 2952 2267 ﬁlium?
2971 2209 3140 2266 Nobis
3159 2209 3300 2264 enim
3324 2207 3464 2262 idem
3485 2220 3608 2261 esse

2033 2314 2244 2369 videtur
2271 2327 2466 2368 sensus
2483 2309 2667 2379 hujus,
2701 2321 2763 2362 ac
2777 2304 2977 2376 prioris
2998 2301 3311 2374 prophetia,
3336 2315 3440 2370 qua
3471 2298 3608 2352 dici-

2034 2414 2124 2461 tur
2155 2423 2167 2460 :
2202 2423 2222 2456 ‹
2261 2403 2401 2458 Ecce
2447 2403 2600 2470 virgo
2647 2399 2704 2453 in
2750 2405 2906 2453 utero
2953 2393 3228 2468 accipiet:
3269 2410 3289 2443 ι
3322 2391 3433 2446 illic
3463 2393 3606 2446 enim

2033 2500 2091 2556 in
2124 2507 2280 2553 utero
2311 2501 2655 2565 accepturam
2688 2489 2951 2556 etﬁljum
2988 2487 3287 2558 parituram
3330 2497 3454 2539 esse
3498 2483 3609 2536 vir-

2035 2591 2212 2664 ginem
2256 2569 2576 2660 praedictum
2608 2591 2758 2651 erat;
2807 2596 2952 2636 nunc
2998 2580 3087 2634 hic
3130 2578 3266 2633 ratio
3304 2573 3610 2632 ostenditur

2033 2667 2140 2753 qua
2160 2684 2360 2745 eventu
2390 2675 2618 2746 probata
2649 2681 2732 2728 est
2763 2670 3066 2742 prophetia.
3107 2688 3125 2721 ι
3165 2668 3223 2728 ln
3252 2675 3407 2722 utero
3438 2667 3607 2728 enim,

2034 2773 2130 2837 ait,
2181 2770 2391 2841 accepit
2422 2777 2478 2825 et
2528 2765 2737 2838 peperit
2784 2763 2974 2818 ﬁlium.
3015 2781 3034 2815 ι
3062 2759 3197 2828 Quis
3246 2760 3412 2831 igitur
3459 2765 3605 2814 esset

2033 2865 2223 2920 dicens
2253 2883 2267 2918 :
2307 2881 2326 2914 ι
2364 2861 2584 2916 Accessi
2617 2860 2686 2915 ad
2719 2857 3139 2931 prophetissam,
3174 2874 3193 2908 ι
3228 2853 3335 2907 nisi
3369 2851 3604 2922 Spiritus

2033 2968 2280 3024 sanctus,
2310 2971 2342 3011 a
2383 2970 2494 3027 quo
2543 2953 2753 3009 afﬂatus
2774 2950 3038 3025 propheta
3084 2945 3394 3009 divinabat,
3442 2951 3496 2998 et
3541 2941 3608 2996 de

2032 3067 2143 3124 quo
2173 3051 2380 3106 dictum
2404 3059 2485 3105 est
2515 3047 2696 3102 Maria
2724 3065 2738 3101 :
2778 3064 2796 3097 ι
2828 3043 3066 3115 Spiritus
3099 3045 3324 3096 sanctus
3350 3048 3610 3105 superve-

353 3133 424 3240 ἂν
447 3130 539 3188 οῦν
567 3136 650 3240 εἴη
681 3137 970 3240 διφάσκων
999 3139 1080 3203 τὸ,
1116 3159 1132 3191 ι
1172 3138 1486 3212 Προσῆλθον
1511 3140 1649 3212 πρὸς
1676 3139 1774 3212 τὴν
1801 3157 1933 3213 προ-

2036 3147 2147 3201 niet
2184 3145 2241 3199 in
2289 3149 2371 3206 te,
2407 3151 2462 3195 et
2490 3141 2666 3195 virtus
2706 3135 2970 3192 Altissimi
3011 3128 3357 3188 obumbrabit
3383 3125 3482 3182 tibi
3509 3127 3549 3176 ⁸.
3585 3142 3601 3176 ι

354 3227 534 3304 φῆτιν,
571 3248 588 3280 ι
622 3229 655 3300 ἢ
687 3228 755 3282 τδι
773 3228 996 3301 Πνεῦμα
1023 3231 1084 3283 τὸ
1122 3231 1274 3300 ἅγιον
1297 3231 1364 3284 τὰ
1395 3229 1589 3284 λαλοῦν
1617 3231 1675 3282 ὲν
1697 3230 1776 3302 τῷ
1805 3248 1936 3304 προ-

2036 3239 2270 3310 Ideoque
2309 3234 2653 3307 prophetissa
2691 3245 2802 3285 non
2847 3227 3119 3282 immerito
3155 3223 3428 3279 diceretur
3466 3217 3608 3290 ipsa,

356 3319 522 3392 φήτῃι,
556 3319 682 3390 περὶ
709 3313 769 3372 οῦ
817 3319 1064 3374 λέλεκται
1097 3323 1163 3391 τῇ
1194 3320 1411 3392 Μαρίᾳο
1449 3341 1468 3373 ι
1511 3321 1740 3393 Πνεῦμα
1783 3323 1936 3392 ἅγιον

355 3409 702 3465 ἐπελεύσεται
729 3412 820 3464 ἐπὶ
855 3412 932 3475 σὲ,
963 3413 1054 3466 καὶ
1079 3412 1304 3484 δύναμις
1341 3412 1594 3483 Ὑψίστου
1627 3415 1936 3470 ἐπισκιάσει

358 3518 459 3558 σοι.
500 3523 519 3556 ι
556 3504 648 3556 Διὸ
681 3503 773 3557 καὶ
815 3505 1085 3576 προφῆτις
1123 3506 1225 3558 οὐκ
1255 3505 1557 3569 ἀπεικότως
1581 3505 1674 3564 καὶ
1708 3506 1846 3577 αὐτὴ
1871 3504 1937 3560 ἂν

355 3597 570 3669 λεχθείη
590 3613 604 3626 ·
637 3597 745 3650 ἀπὸ
777 3595 908 3664 γοῦν
937 3595 1032 3649 τοῦ
1071 3597 1225 3664 ἁγίου
1260 3596 1576 3668 Πνεύματος
1601 3596 1939 3651 συλλαϐοῦσα

356 3688 543 3742 τέτοκε
586 3689 678 3742 τὸν
719 3691 897 3743 ἐκεῖσε
945 3689 1046 3761 μὲν
1092 3689 1520 3761 ὲπικεκλημένον
1561 3690 1935 3762 Ἐμμανουήλ,

356 3778 589 3833 ενταῦθα
608 3779 664 3832 δὲ
679 3779 852 3844 ἄλλως
879 3781 1418 3854 προσαγορευόμενον
1434 3797 1448 3812 '
1473 3801 1491 3834 ι
1515 3781 1759 3837 Κάλεσον
1807 3783 1937 3857 γὰρ,

359 3872 513 3945 φησὶ,
569 3872 632 3925 τὸ
692 3871 862 3942 ὄνομα
886 3873 980 3926 τοῦ
1025 3872 1418 3944 ἀποτεχθέντος
1447 3872 1681 3938 παιδίου,
1715 3873 1940 3944 Ταχέως

362 3963 678 4031 σκύλευσον,
721 3965 888 4031 ὀξέως
921 3967 1323 4038 προνόμευσονο
1368 3985 1388 4018 ι
1425 3967 1520 4021 καὶ
1559 3967 1667 4039 γάρ
1695 3967 1772 4030 ὡς
1811 3967 1943 4041 ἀλη-

357 4055 470 4122 θῶς
519 4057 843 4112 ἐσκύλευσεν
870 4053 1026 4123 οῦτος
1070 4059 1166 4114 καὶ
1208 4060 1606 4132 προενόμευσεν
1647 4061 1945 4135 ἀπορρήτῳ

2036 3346 2158 3403 quae
2195 3345 2226 3385 a
2269 3336 2460 3385 sancto
2503 3325 2708 3397 Spiritu
2739 3320 3075 3392 concipiens,
3114 3315 3326 3389 peperit
3359 3327 3483 3369 eum
3517 3313 3614 3383 qui

2037 3422 2148 3477 illic
2172 3426 2400 3476 vocatur
2441 3415 2781 3480 Emmanuel,
2813 3413 2904 3468 hic
2932 3425 3062 3466 vero
3093 3409 3248 3462 aliter
3277 3403 3611 3460 nominatur.

2043 3531 2062 3565 ι
2101 3509 2249 3568 Voca
2275 3510 2443 3574 enim,
2467 3509 2564 3576 ait,
2591 3521 2789 3565 nomen
2831 3503 2973 3573 ejus,
3021 3499 3280 3554 Accelera
3314 3493 3487 3566 spolia
3517 3489 3612 3546 de-

2037 3605 2276 3669 trahere,
2311 3604 2424 3659 cito
2461 3600 2724 3673 pradare.
2773 3617 2793 3651 ›
2824 3593 2965 3650 Vere
3021 3592 3168 3646 enim
3218 3587 3309 3643 ille
3361 3582 3614 3656 spoliavit

2037 3708 2092 3753 et
2121 3698 2396 3771 pradatus
2428 3703 2513 3751 est
2547 3692 2778 3765 mystica
2806 3695 2861 3744 et
2888 3686 3072 3742 divina
3092 3682 3292 3736 virtute
3331 3677 3612 3737 adversas,

2041 3767 2344 3844 invisibiles
2371 3786 2792 3857 spiritualesque
2829 3784 3146 3849 potestates,
3179 3772 3254 3826 ita
3282 3777 3342 3823 ut
3366 3767 3572 3822 diceret
3596 3782 3610 3816 :

2046 3903 2065 3936 ι
2104 3881 2217 3953 Ego
2257 3881 2359 3935 vici
2389 3877 2653 3932 mundum
2685 3873 2727 3926 ⁸.
2769 3891 2788 3924 ι
2814 3870 2860 3924 Α
2893 3868 3091 3940 quibus
3139 3860 3296 3933 quasi
3345 3857 3520 3928 Spolia
3539 3865 3614 3953 ⁸ιιι

2042 3943 2281 4046 praedam
2312 3970 2520 4024 animas
2548 3960 2874 4036 jampridem
2919 3957 2990 4024 ab
3034 3955 3102 4010 iis
3141 3963 3430 4022 oppressas
3463 3943 3635 4034 aufe-l

2044 4084 2192 4133 rens,
2229 4085 2247 4118 ‹
2285 4061 2580 4136 praedicare
2605 4053 2836 4126 captivis
2879 4047 3256 4106 remissionem
3280 4042 3303 4073 ⁸
3338 4061 3358 4094 ι
3390 4038 3615 4095 conﬁte-

360 4152 454 4206 καὶ
480 4151 601 4224 θείᾳ
617 4152 844 4224 δυνάμει
859 4153 958 4218 τὰς
980 4131 1360 4226 ἀντικειμένας
1381 4154 1644 4226 ἀοράτους
1673 4131 1768 4209 καῖ

2047 4173 2154 4229 tur,
2181 4131 2454 4230 accipiens
2483 4168 2514 4207 a
2537 4150 2699 4204 Patre
2727 4165 2748 4199 ι
2777 4151 2964 4217 gentes
2993 4139 3359 4196 hareditalem
3382 4133 3502 4202 ejus
3523 4131 3566 4195 ⁸,
3592 4148 3611 4179 ι

362 4245 597 4316 ματικὰς
619 4245 895 4318 δυνάμεις,
926 4245 1067 4301 ὥστε
1092 4224 1290 4314 εἰπεῖν,
1331 4266 1348 4299 ι
1399 4224 1539 4317 Ἐγὼ
1567 4249 1831 4320 νενίκηκα
1855 4250 1936 4304 τὸν

2046 4224 2167 4327 qua
2206 4224 2381 4322 spolia
2426 4244 2585 4300 facile
2625 4239 2735 4296 dici
2767 4241 3026 4309 possent;
3061 4250 3080 4283 ι
3117 4237 3172 4286 et
3215 4224 3618 4299 possessionem

359 4338 596 4410 κόσμον*
635 4359 656 4392 θ
685 4339 777 4409 ἀφ’
808 4333 883 4394 ῶν
922 4340 1094 4396 σκῦλα
1134 4341 1228 4395 καὶ
1261 4341 1540 4413 προνομὴν
1572 4341 1811 4412 εἰληφὼς
1846 4343 1936 4408 τὰς

2047 4321 2166 4418 ejus
2220 4321 2483 4398 terminos
2541 4344 2698 4390 terra
2728 4333 2772 4398 °,
2817 4349 2837 4384 ι
2875 4325 3022 4399 quod
3085 4322 3278 4378 merito
3331 4321 3618 4374 vocaretur

368 4431 538 4486 πάλαι
562 4433 1140 4506 κατατυραννουμένας
1166 4434 1258 4488 ὑπ’
1299 4432 1478 4486 αὐτῶν
1498 4433 1696 4504 ψυχὰς,
1717 4433 1936 4506 κηρῦξαι

2047 4416 2546 4510 prada.Praterea,
2570 4447 2589 4479 ι
2613 4420 2947 4494 Priusquam
2976 4416 3112 4474 sciat
3133 4428 3266 4484 puer
3291 4423 3490 4465 vocare
3519 4419 3615 4477 pa-

365 4522 730 4596 αἰχμαλώτοις
755 4500 946 4595 ἀφεσιν
1033 4525 1304 4598 ὁμολογεῖ,
1332 4500 1524 4581 λαϐὼν*
1539 4500 1691 4597 παρὰ
1712 4500 1806 4580 τοῦ
1840 4500 1936 4581 Ila-

2049 4500 2182 4587 irem
2208 4536 2262 4584 et
2287 4533 2537 4584 matrem,
2564 4517 2816 4588 accipiet,
2851 4513 2947 4577 ait,
2981 4515 3304 4582 potestatem
3344 4500 3614 4561 Damasci,

531 4634 548 4666 ι
586 4615 713 4688 ἔθνη
742 4589 840 4688 τὴν
887 4589 1248 4690 κληρονομίαν
1290 4589 1486 4673 αὐτοῦ·
1527 4639 1545 4672 ›
1571 4589 1840 4688 ἂ’λέγοιτ’
1877 4620 1936 4675 ἂν

2047 4633 2101 4679 et
2126 4619 2296 4691 spolia
2329 4613 2588 4671 Samaria
2632 4621 2816 4664 coram
2856 4617 2984 4675 rege
3016 4597 3392 4670 Assyriorum.
3430 4610 3449 4642 ι
3487 4589 3619 4657 Qua

365 4709 602 4772 εὐκόλως
622 4710 812 4765 σκῦλαο
838 4729 857 4762 ι
881 4713 975 4764 καὶ
997 4711 1094 4784 τὴν
1110 4712 1437 4785 κατάσχεσιν
1457 4711 1622 4768 αὑτοῦ
1637 4681 1936 4784 τὰπέρατα

2047 4681 2267 4784 quidem
2293 4717 2348 4764 ct
2376 4707 2492 4776 ipsa
2523 4717 2631 4757 uno
2661 4714 2848 4762 sensu,
2871 4697 2986 4752 sive
3015 4692 3083 4748 de
3111 4685 3468 4761 potestatibus
3498 4681 3619 4752 qui-

365 4803 466 4874 τῆς
489 4803 613 4874 γῆς,
641 4824 659 4856 ι
680 4803 716 4857 ἂ
745 4805 840 4858 καὶ
871 4805 1008 4858 αύτά
1026 4805 1251 4869 εἰκότως
1281 4807 1348 4861 ἃν
1389 4806 1606 4862 καλοῖτο
1641 4814 1938 4878 προνομήν.

365 4894 510 4964 Πρὸς
558 4894 788 4960 τούτοις,
831 4915 850 4948 ι
905 4896 1102 4968 Πρὶνῆ
1139 4897 1340 4966 γνῶναι
1399 4899 1460 4953 τὸ
1487 4901 1700 4954 παιδίον
1752 4900 1939 4954 καλεῖν

366 4988 583 5059 πατέρα
619 4988 654 5061 ἢ
702 4988 932 5060 μητέρα,
971 4988 1222 5062 λήψεται,
1259 4993 1414 5062 φησὶ,
1479 4992 1711 5064 δύναμιν
1766 4994 1946 5064 Δαμα-

368 5078 500 5133 σκοῦ
553 5081 645 5134 καὶ
677 5081 746 5135 τὰ
774 5080 945 5135 σκῦλα
975 5083 1288 5156 Σαμαρείας
1317 5083 1496 5138 ἔναντι
1525 5084 1788 5155 βασιλέως
1825 5087 1945 5138 Ἀσ-

369 5173 596 5244 συρίων’
639 5193 658 5226 ι
691 5174 832 5248 ἅπερ
865 5176 958 5228 καὶ
988 5177 1127 5230 αύτά
1156 5176 1298 5230 κατὰ
1347 5177 1515 5250 μόνην
1543 5179 1799 5244 διάνοιαν,
1827 5179 1947 5250 ἦτοι

367 5265 494 5337 περὶ
543 5267 820 5338 δυνάμεών
863 5269 1329 5342 τινωνζπονηρῶν,
1381 5267 1532 5342 οἶμαι
1562 5271 1836 5340 λέγεσθαι.
1879 5271 1946 5336 ἃς

368 5356 484 5428 ἆμα
507 5361 572 5430 τῇ
622 5362 831 5428 γενέσει
863 5361 1110 5416 καθεῖλεν
1140 5367 1174 5436 ή
1210 5364 1328 5417 θεία
1368 5365 1462 5418 τοῦ
1495 5365 1746 5436 Σωτῆρος
1788 5363 1944 5434 ἡμῶν

365 5451 613 5524 δύναμις,
640 5455 673 5524 ἢ
698 5457 794 5509 καὶ
826 5457 954 5527 περὶ
983 5458 1170 5530 ψυχῶν
1203 5459 1312 5513 τῶν
1341 5461 1422 5524 είς
1460 5460 1622 5514 αὐτὸν
1648 5476 1941 5513 πεπιστευ-

370 5544 539 5598 κότων
568 5545 855 5618 διαφορᾶς·
887 5541 961 5603 ὧν
981 5551 1077 5614 τὰς
1101 5553 1199 5621 μὲν
1232 5553 1289 5619 ἐξ
1316 5552 1755 5624 εἰδωλολατρείας
1785 5570 1947 5624 μετα-

367 5636 636 5704 ϐαλούσας
679 5642 770 5695 ἐπὶ
804 5643 894 5695 τὸν
939 5643 1288 5712 εύαγγελικὸν
1324 5644 1437 5716 βίον
1493 5645 1640 5710 εἰκὸς
1679 5640 1816 5699 εἶναι
1848 5643 1946 5716 τὴν

2049 4775 2279 4862 busdam
2335 4775 2588 4862 nefariis,
2645 4807 2782 4866 quas
2837 4802 2944 4843 una
2985 4793 3110 4840 ortu
3163 4777 3385 4838 sustulit
3435 4775 3620 4829 divina

2045 4894 2344 4954 Salvatoris
2371 4890 2546 4948 nostri
2574 4887 2770 4948 virtus,
2815 4882 2931 4939 sive
2969 4878 3038 4933 de
3077 4874 3380 4932 animarum
3419 4866 3619 4922 discri-

2043 4991 2191 5047 mine
2231 4989 2288 5044 in
2335 5000 2461 5042 eum
2509 4978 2900 5037 credentium:
2937 4984 3168 5042 quarum
3215 4964 3353 5018 alias
3400 4957 3621 5031 quidem

2044 5101 2112 5141 ex
2140 5077 2448 5137 idololatria
2489 5074 2558 5128 ad
2596 5068 2961 5140 evangelicam
2995 5062 3162 5117 vitam
3205 5066 3502 5112 conversas
3530 5049 3621 5104 hic

2045 5181 2368 5248 potestatem
2411 5163 2661 5221 Damasci
2691 5176 2812 5217 esse
2851 5171 3008 5222 reor;
3055 5153 3191 5209 alias
3233 5163 3384 5214 vero,
3411 5144 3623 5200 scilicet

2046 5241 2077 5325 ὲ
2111 5261 2530 5322 circumcisione
2558 5256 2762 5330 populi,
2796 5267 2918 5308 cum
2959 5248 3238 5305 Christum
3269 5241 3364 5297 Dei
3391 5251 3618 5306 accepe-

2046 5360 2179 5422 rint,
2209 5356 2383 5427 spolia
2417 5351 2677 5407 Samaria
2700 5345 2902 5402 vocari.
2937 5339 3048 5395 Has
3085 5352 3217 5393 vero
3247 5335 3458 5389 animas
3490 5342 3620 5400 spo-

2047 5453 2116 5508 lia
2141 5460 2197 5508 et
2229 5425 2462 5521 pradam
2491 5446 2558 5499 de
2599 5439 2935 5513 spiritalibus
2967 5431 3188 5503 capiens
3226 5425 3497 5521 hostibus,
3528 5436 3622 5521 co-

2047 5559 2164 5598 ram
2218 5514 2448 5612 spiritali
2505 5550 2632 5605 rege
2677 5529 3063 5602 Assyriorum,
3113 5522 3323 5579 scilicet
3375 5514 3620 5576 diabolo,

2048 5650 2197 5691 arma
2226 5604 2370 5701 cepit
2410 5639 2464 5683 et
2494 5604 2582 5681 ad
2606 5636 2839 5695 pugnam
2883 5624 3076 5675 contra
3105 5629 3230 5670 eum
3265 5625 3324 5667 se
3365 5604 3624 5664 accinxit.

462 5821 476 5852 ⁸
517 5818 617 5876 lsa.
645 5837 763 5887 vin,
815 5822 935 5879 ιιι.
1025 5827 1042 5855 ²
1074 5823 1208 5880 Luc.
1265 5840 1303 5891 ι,
1332 5824 1420 5880 55.
1500 5824 1519 5856 ³
1548 5821 1834 5892 Joan.xvt,
1857 5823 1936 5878 35.

2036 5817 2199 5874 *Luc.
2234 5834 2304 5883 iv,
2339 5813 2424 5871 18.
2502 5813 2522 5844 ⁸
2553 5811 2694 5867 Psal.
2726 5826 2783 5864 ll.
2810 5808 2862 5864 8.
2939 5803 2958 5836 ⁸
2993 5801 3122 5861 ibid.
