4096 6412
528 363 663 420 1207

1195 357 1467 418 EUSEBII
1503 354 1983 413 CESABIENSIS
2018 351 2170 408 OPP.
2212 348 2418 405 PARS.
2458 347 2545 402 Ill.
2586 376 2656 387 —-
2692 342 3104 400 EXEGETICA.

3634 338 3658 393 l
3669 336 3777 394 9.03

520 478 646 536 Hac
682 496 808 535 vero
858 479 1134 534 sulllcrunt
1180 489 1369 533 sancto
1417 477 1536 531 viro
1585 475 1993 538 commentaria,
2038 473 2093 528 in

2196 468 2493 542 λεγομένην
2539 465 2770 537 δύναμιν
2806 462 3121 535 Δαμασκοῦ,
3150 461 3247 525 τὰς
3286 460 3332 515 δ’
3371 460 3436 514 ὲκ
3482 458 3784 531 περιτομῆς

520 571 665 627 hunc
712 578 886 625 locum
932 571 1252 640 dignoscere
1292 569 1512 623 volenti.
1553 566 1608 622 Si
1651 568 1775 638 quis
1821 575 1999 622 autem
2032 580 2101 627 ex

516 659 722 716 ludatis
760 661 873 715 haec
928 662 1102 731 magis
1150 661 1506 729 corporaliter
1541 661 1816 731 inquirere
1848 660 1996 722 velit.
2033 660 2102 713 ab

517 770 583 808 eo
627 753 1008 824 postulandum
1058 738 1159 808 est‘
1194 771 1262 809 an
1317 756 1490 826 possit
1535 755 1892 824 corporaliter
1922 764 2102 819 osten-

518 847 648 899 dere
676 860 784 914 qua
827 846 1038 904 ratione
1073 846 1261 911 Isaias,
1298 854 1421 917 post
1461 846 1766 917 prmcitatos
1814 851 2000 906 testes.
2035 844 2100 899 ad

521 935 918 1008 prophetissam
947 936 1248 1005 corporalis
1276 936 1539 991 consortii
1573 951 1737 991 causa
1768 935 2098 1003 accesserit;

520 1045 766 1101 quaenam
799 1046 927 1086 vero
957 1038 1010 1085 et
1033 1030 1212 1100 qualis
1246 1029 1318 1084 sit
1349 1028 1463 1083 Ιιιιεο
1489 1028 1852 1101 prophetissa,
1882 1036 1936 1083 et
1965 1042 2101 1113 quo-

520 1124 680 1190 modo
706 1141 736 1179 e
766 1126 995 1196 vestigio
1024 1125 1355 1194 conceperit,
1380 1123 1774 1194 confestimque
1809 1123 2099 1195 pepererit,

519 1224 573 1272 et
599 1218 853 1287 quisnam
890 1218 993 1273 iste
1043 1233 1109 1279 ex
1159 1217 1503 1287 prophetissa
1540 1224 1700 1271 natus
1742 1216 1904 1277 ﬁlius,
1931 1232 2091 1286 quem

521 1323 717 1375 vocare
759 1308 910 1362 Isaize
964 1308 1284 1378 praeceperit
1326 1308 1442 1378 ipse
1491 1307 1795 1363 Dominusr
1844 1308 2102 1364 Celeriter

520 1400 742 1473 detrahe
769 1400 962 1471 spolia,
986 1401 1095 1454 cito
1124 1400 1398 1470 praedare;
1429 1421 1446 1453 ι
1469 1409 1523 1456 et
1555 1417 1801 1471 quaenam
1831 1402 1901 1456 sit
1935 1417 2099 1456 causa

521 1490 749 1561 hujusce
800 1492 1211 1561 appellationis;
1268 1499 1322 1546 et
1382 1493 1657 1562 quomodo
1706 1510 1770 1548 ex
1826 1494 2099 1548 communi

521 1598 684 1639 sensu
715 1583 1074 1654 corporaliter
1103 1583 1524 1638 existimandum
1572 1587 1644 1641 sit
1689 1586 1835 1640 hunc
1875 1601 2098 1656 puerum

2202 564 2294 617 τὸν
2323 561 2559 635 Χριστὸν
2594 559 2690 613 τοῦ
2738 557 2874 611 Θεοῦ
2901 553 3354 628 παραδεξαμένας
3399 551 3471 605 τὰ
3514 567 3787 624 προσαγο-

2204 656 2474 737 ρευόμενα
2524 652 2695 710 σκῦλα
2734 649 3077 724 Σαμαρείας
3126 647 3331 710 ταύτας
3376 645 3434 698 δὲ
3471 644 3570 707 τάς
3608 643 3787 737 ψυχὰς

2205 735 2375 803 σκῦλα
2405 747 2498 802 καὶ
2535 745 2812 820 προνομὴν
2855 744 3006 813 παρά
3047 741 3156 795 τῶν
3194 739 3400 809 νοητῶν
3444 735 3785 808 είληφὺς(ὼς)

2203 842 2493 913 πολεμίων.
2532 840 2590 908 ἐξ
2636 839 2882 901 ἐναντίας
2908 836 3001 890 τοῦ
3035 832 3227 906 νοητοῦ
3284 831 3543 903 βασιλέως
3592 831 3785 883 ’Δσσυ-

2204 935 2356 1006 ρίων,
2381 934 2627 987 τουτέστι
2669 931 2764 985 τοῦ
2818 929 3089 993 διαῦόλου,
3140 923 3451 981 καθώπλισέ
3475 941 3535 976 τε
3569 923 3663 977 καὶ
3693 939 3790 975 πο-

2202 1026 2387 1097 λεμεῖν
2434 1024 2583 1095 αὐτῷ
2633 1021 3032 1097 παρεσκεύασε.
3069 1021 3181 1075 Καὶ
3221 1017 3395 1072 ταῦτα
3426 1017 3483 1070 δὲ
3522 1016 3788 1087 πάρεστιν

2203 1121 2290 1172 ἐπ’
2343 1118 2568 1191 ἀκριόὲς
2598 1117 2677 1189 τῷ
2711 1115 3017 1187 βουλομένῳ
3044 1114 3108 1185 ὲκ
3140 1112 3250 1166 τῶν
3295 1112 3375 1175 είς
3417 1111 3544 1174 τοὺς
3590 1109 3790 1173 τόπους

2203 1210 2795 1282 ὑπομνηματισθέντων
2832 1207 2911 1279 τῷ
2952 1206 3082 1279 ἱερῷ
3108 1205 3263 1277 ἀνδρὶ
3301 1201 3627 1272 διαγνῶναι-ο
3658 1201 3708 1254 ει
3739 1200 3788 1254 δ’

2203 1304 2249 1356 ιι
2281 1303 2406 1375 (sic)
2444 1305 2725 1359 ἀπαιτοῖεν
2765 1300 2940 1355 ταῦτα
2972 1296 3424 1372 σωματικώτερον
3455 1298 3505 1348 oi
3536 1298 3599 1348 ὲκ
3632 1310 3790 1370 περι-

2200 1398 2396 1469 τομῆς,
2433 1397 2848 1465 ἀντεξεταστέον
2877 1396 3073 1459 αὐτοὺς
3102 1397 3150 1448 εί
3178 1394 3429 1449 δύνανται
3460 1389 3790 1462 σωματικῶς

2203 1491 2354 1555 αὐτοὶ
2410 1492 2760 1563 παραστῆσαι
2792 1491 2915 1544 τίνα
2970 1490 3169 1561 τρόπον
3210 1489 3239 1540 ὁ
3280 1485 3501 1547 Ἡσαΐας
3545 1482 3638 1535 ἐπὶ
3678 1480 3788 1545 τῶν

2203 1585 2615 1657 προειρημένων
2655 1583 2945 1656 μαρτύρων
2973 1581 3033 1651 (f.
3071 1581 3140 1635 47
3172 1579 3246 1651 τ’)
3274 1581 3343 1650 τῇ
3378 1573 3668 1651 προφήτιδι
3701 1573 3791 1644 μίο

525 1688 545 1719 σ
584 1678 903 1740 potestatem
929 1671 1205 1750 accepisse
1257 1673 1525 1738 Damasci,
1569 1682 1623 1731 et
1645 1677 1815 1745 spolia
1843 1664 2094 1733 Samaria?

2203 1676 2339 1742 ξεως
2389 1677 2707 1748 σωματικῆς
2754 1677 2939 1730 ἕνεκεν
2973 1673 3369 1748 προσελήλυθε’
3397 1672 3480 1734 τίς
3507 1669 3564 1723 δὲ
3611 1668 3707 1722 καὶ

522 1777 706 1816 coram
755 1778 881 1831 rege
908 1763 1258 1834 Assyriorum
1285 1783 1299 1832 ;
1337 1786 1354 1818 ι
1385 1767 1606 1837 [necque
1658 1770 1841 1822 lacere
1869 1788 1887 1820 ι
1917 1769 2094 1841 prius-

2203 1771 2427 1842 τοιαύτη
2478 1772 2767 1843 προφῆτις,
2815 1770 2911 1823 καὶ
2950 1769 3068 1834 πῶς
3106 1767 3445 1838 παραχρῆμα
3488 1765 3548 1817 ὲν
3586 1761 3790 1832 γαστρὶ

520 1870 682 1923 quam
717 1855 854 1910 sciat
878 1870 1072 1921 vocare
1106 1866 1314 1926 patrem
1347 1867 1401 1912 et
1431 1870 1677 1915 matrem.
1716 1879 1735 1912 ι
1773 1860 1944 1930 Atque
1973 1877 2094 1932 prae!

2205 1861 2385 1925 ἔλαϐε,
2415 1862 2511 1914 καὶ
2567 1861 2877 1934 παραυτίκα
2928 1862 3137 1923 τέτοκε,
3181 1861 3276 1914 καὶ
3323 1861 3472 1911 ποῖον
3516 1854 3676 1909 τοῦτο
3727 1854 3792 1907 τὺ

520 1956 688 2011 terea,
718 1948 763 2012 si
802 1949 868 2003 iis
896 1964 1016 2018 quae
1047 1964 1077 2004 a
1109 1951 1281 2021 {nobis
1315 1953 1560 2022 exposita
1605 1961 1734 2009 sunt
1775 1933 2094 2025 repugnant,

2203 1954 2391 2025 τεχθὲν
2431 1933 2713 2018 παιδίον,δ
2759 1955 3088 2028 προστάσσει
3137 1952 3215 2023 τῷ
3270 1951 3467 2022 Ἡσαΐᾳ
3516 1950 3544 2002 ὁ
3584 1947 3790 2019 Κύριος

519 2040 807 2094 ostendant
834 2042 936 2112 ipsi
960 2043 1234 2113 quomodo
1265 2052 1611 2114 exspectatus
1642 2045 1710 2101 ab
1747 2046 1815 2099 iis
1850 2045 2094 2124 Christus

2204 2046 2426 2117 ὀνόματι
2450 2048 2677 2100 καλέσαι
2702 2047 2799 2118 τῷ,
2830 2068 2847 2099 ι
2885 2047 3103 2117 Ταχέως
3134 2045 3445 2111 σκύλευσον,
3470 2042 3638 2109 ὀξέως
3662 2055 3794 2110 προ-

521 2132 908 2199 superveniens
931 2132 1162 2203 accipiet
1188 2132 1545 2202 corporaliter
1576 2133 1733 2203 juxta
1762 2134 2094 2203 prophetiam

2203 2139 2462 2209 νόμευσον
2478 2157 2494 2173 ’
2531 2160 2549 2192 ι
2576 2141 2695 2211 τίνα
2717 2141 2878 2194 δὲκαὶ
2897 2140 3054 2209 λόγον
3077 2140 3187 2210 ἔχει
3207 2139 3268 2192 τὸ
3296 2135 3573 2207 τηλικόνδε
3596 2134 3790 2204 ὄνομα,

527 2240 545 2272 ι
587 2230 908 2292 potestatem
943 2223 1211 2303 Damasci,
1245 2244 1263 2277 ι
1296 2232 1350 2279 et
1374 2241 1620 2295 quaenam
1657 2245 1675 2275 ι
1708 2226 1879 2295 spolia
1911 2223 2094 2280 Sama-

2203 2233 2236 2303 ἢ
2267 2231 2383 2296 πῶς
2405 2232 2625 2287 δυνατόν
2651 2237 2767 2306 ἐστι
2796 2233 2936 2296 κατὰ
2957 2231 3054 2304 τὴν
3081 2232 3367 2303 πρόχειρον
3396 2228 3637 2283 διάνοιαν
3654 2242 3791 2279 παι-

521 2315 633 2375 riae,
668 2333 686 2365 ι
713 2314 797 2369 vel
822 2329 1056 2384 quorum
1093 2333 1111 2365 ι
1150 2299 1497 2388 Assyriorum
1526 2331 1707 2371 coram
1739 2331 1883 2387 rege,
1923 2336 1941 2370 ι
1969 2331 2092 2370 cum

2202 2299 2313 2375 δίον
2340 2324 2522 2377 ὁποῖον
2560 2325 2623 2397 δὴ
2644 2303 2737 2379 οῦν
2764 2327 2996 2379 ἐπινοεῖν
3013 2299 3022 2304 τ
3042 2299 3367 2395 σωματικῶς
3410 2317 3791 2391 ἀπολήψεσθαι

520 2406 701 2469 nullus
741 2406 954 2462 illorum
984 2408 1070 2463 his
1099 2409 1432 2479 temporibus
1462 2410 1718 2479 supersit.

2199 2412 2295 2489 τὴν
2337 2413 2741 2489 ὀνομαζομένην
2791 2417 3017 2488 δύναμιν
3046 2415 3336 2488 Δαμασκοῦ
3397 2416 3489 2470 καὶ
3520 2412 3591 2471 τὰ
3630 2412 3791 2482 1576.-

526 2520 663 2574 μενα
696 2522 715 2555 ι
755 2504 926 2558 σκῦλα
954 2506 1264 2576 Σαμαρείας
1292 2507 1651 2578 ὲναντίων(ον)
1681 2506 1944 2578 βασιλέως
1986 2496 2303 2581 Ἀσσυρίων,
2345 2531 2363 2562 ι
2389 2512 2482 2569 καὶ
2545 2513 2717 2568 ταῦτα
2783 2516 3040 2587 πράττειν
3074 2534 3091 2566 ι
3130 2515 3260 2587 πρὶν
3314 2514 3346 2586 ἦ
3407 2512 3612 2582 γνῶναι
3658 2510 3793 2565 αὐτὸ

525 2597 707 2652 καλεῖν
728 2600 994 2672 πατέραῆ
1032 2601 1270 2673 μητέρα·
1306 2620 1324 2653 ι
1354 2603 1447 2655 καὶ
1491 2604 1629 2675 πρὸς
1692 2605 1901 2667 τούτοις
1968 2606 2018 2657 εἰ
2078 2605 2406 2675 ἀντιλέγοιεν
2463 2611 2575 2673 τοῖς
2631 2610 2762 2680 ἡμῖν
2810 2610 3362 2681 προαποδεδομένοις,
3420 2608 3791 2664 δεικνύτωσαν

520 2694 673 2748 αὐτοὶ
712 2694 829 2759 πῶς
860 2698 888 2749 ὁ
912 2695 1357 2770 προσδοκώμενος
1378 2697 1471 2751 ὑπ’
1492 2698 1673 2752 αὐτῶν
1692 2700 1925 2771 Χριστὸς
1963 2701 2403 2774 παραγενόμενος
2429 2704 2656 2775 λήψεται
2675 2705 2999 2776 σωματικῶς
3020 2707 3119 2778 τὴν
3147 2706 3287 2760 κατά
3319 2706 3420 2777 τὴν
3449 2706 3788 2779 προφητείαν

524 2809 543 2850 ς
572 2790 798 2859 δύναμιν
817 2792 1129 2863 Δαμασκοῦ,
1157 2812 1174 2845 ι
1196 2793 1292 2846 καὶ
1347 2797 1474 2847 ποῖα
1503 2812 1520 2846 ε
1555 2794 1725 2849 σκῦλα
1783 2796 2124 2869 Σαμαρείας,
2156 2817 2174 2849 ι
2208 2797 2241 2869 ἦ
2272 2799 2438 2864 ποίων
2477 2820 2495 2851 ι
2539 2799 2837 2871 Ἀσσυρίων
2868 2800 3129 2869 ἐναντίον,
3170 2819 3189 2852 ι
3222 2800 3448 2872 μηδενὸς
3470 2801 3550 2853 ἔτι
3580 2800 3788 2854 τούτων

518 2881 864 2960 ἐνεργοῦντος
890 2883 1030 2937 κατά
1060 2886 1185 2949 τοὺς
1215 2885 1513 2952 ὲνεστῶτας
1542 2888 1785 2960 χρόνους.
1952 2884 1955 2887 ’

1115 2999 1349 3057 CAPUT
1390 3001 1478 3075 Vl,

2723 3007 3118 3069 ΚΕΦΑΑΑΙΟΝ
3152 3009 3240 3075 ς’.

596 3113 613 3146 ι
646 3093 783 3173 Ecce
818 3112 917 3168 ego
946 3105 1001 3152 et
1031 3100 1186 3168 pueri
1216 3100 1352 3165 mei,
1384 3116 1524 3170 quos
1554 3101 1703 3156 dedit
1736 3103 1867 3159 mihi
1899 3102 2083 3163 Domi-

2269 3118 2286 3149 ι
2326 3096 2477 3162 Ἰδοὺ,
2513 3097 2623 3167 ἐγὼ
2648 3099 2742 3151 καὶ
2770 3099 2839 3157 τὰ
2867 3099 3080 3162 παιδία,
3110 3102 3144 3157 ά
3173 3116 3263 3165 μοι
3290 3098 3522 3153 δέδωκεν
3554 3101 3584 3153 ὁ
3610 3100 3747 3166 Θεός
3766 3117 3785 3133 ·

520 3200 624 3255 nus
654 3186 716 3255 in
762 3187 976 3258 signum
1025 3200 1080 3244 et
1121 3189 1176 3252 in
1221 3199 1534 3260 portentum
1579 3191 1748 3248 lsrael
1792 3208 1823 3247 a
1856 3193 2087 3249 Domino

2196 3190 2286 3242 καὶ
2345 3189 2495 3251 ἔσται
2532 3194 2729 3263 σημεῖα
2783 3192 2876 3245 καὶ
2917 3192 3124 3262 τέρατα
3172 3192 3230 3245 ὲν
3271 3190 3351 3262 τῷ
3397 3192 3532 3264 οἴκῳ
3570 3194 3789 3266 Ἰσραὴλ

524 3275 632 3331 Deo
677 3279 1036 3342 exercituum,
1063 3283 1156 3351 qui
1197 3282 1405 3336 habitat
1436 3284 1491 3337 in
1520 3292 1704 3339 monte
1746 3284 1876 3339 Sion
1909 3287 1947 3342 ¹.
1982 3306 1998 3336 ι
2028 3285 2091 3341 ll-

521 3368 646 3439 lod,
679 3386 699 3420 (
730 3385 858 3426 ecce
885 3387 985 3443 ego
1016 3382 1069 3428 et
1104 3374 1257 3443 pueri
1290 3371 1435 3442 mei,
1471 3392 1610 3445 quos
1638 3377 1787 3433 dedit
1822 3379 1951 3433 mihi
1984 3378 2089 3434 Do-

521 3459 704 3516 minus
734 3480 752 3511 ι
785 3477 816 3517 e
858 3451 1113 3532 personal
1136 3462 1436 3521 Salvatoris
1478 3465 1544 3520 de
1582 3470 1844 3537 apostolis
1865 3510 1879 3532 .
1912 3470 2090 3540 iisque

520 3550 615 3618 qui
646 3560 832 3619 postea
861 3553 914 3606 in
943 3569 1065 3607 eum
1097 3556 1482 3622 crediderunt,
1511 3568 1634 3628 apte
1664 3560 1717 3613 in
1754 3560 1993 3631 Epistula
2020 3562 2087 3616 ad

522 3641 780 3698 Hebraeos
831 3643 1091 3715 refertur,
1119 3647 1319 3716 quibus
1345 3647 1509 3719 igitur
1532 3652 1716 3716 addit,
1745 3671 1761 3702 ι
1790 3654 1842 3706 in
1874 3655 2087 3724 signum

521 3741 578 3787 et
606 3734 661 3788 in
688 3742 1000 3804 portentum
1030 3747 1191 3792 erunt
1219 3739 1383 3795 domo
1412 3740 1607 3805 Israel,
1645 3762 1664 3795 ι
1708 3753 1956 3813 apertum
2004 3752 2088 3801 est

524 3824 822 3881 Salvatoris
850 3828 1026 3891 nostri
1052 3829 1512 3889 manifestationis
1560 3845 1804 3904 tempore
1848 3836 2000 3906 signa
2030 3846 2085 3891 et

525 3923 779 3986 portenta
810 3917 955 3972 facta
1011 3919 1180 3977 fuisse
1208 3923 1261 3977 in
1288 3924 1451 3979 domo
1489 3925 1649 3984 Israel
1672 3968 1688 3992 ,
1742 3922 1922 4005 qualia
1949 3945 2090 3997 nun-

521 4022 683 4079 quam
710 4016 920 4079 patrata
950 4021 1098 4075 sunt,

1114 4125 1341 4184 CAPUT
1380 4128 1493 4184 VH.

597 4230 615 4262 ι
645 4210 711 4265 Ει
738 4213 958 4281 volent,
990 4215 1034 4276 si
1069 4216 1271 4272 fuerint
1303 4218 1428 4290 igne
1471 4222 1770 4279 combusti.
1816 4223 2086 4292 Quoniam

522 4306 780 4374 parvulus
809 4315 971 4363 natus
997 4316 1082 4367 est
1111 4311 1270 4373 nobis
1290 4350 1305 4375 ,
1334 4321 1387 4366 et
1414 4312 1559 4368 ﬁlius
1590 4315 1753 4371 datus
1779 4326 1863 4372 est
1895 4320 2084 4385 nobis,

522 4397 681 4466 cujus
711 4399 997 4469 imperium
1027 4418 1192 4473 super
1222 4403 1508 4460 humerum
1539 4406 1716 4477 ipsius
1735 4449 1750 4473 ,
1778 4418 1833 4464 et
1863 4419 2089 4465 vocatur

519 4504 719 4555 nomen
767 4492 886 4562 ejus
935 4491 1110 4564 Magni
1162 4497 1376 4551 consilii
1415 4498 1655 4569 Angelus
1684 4540 1699 4563 ,
1751 4501 2088 4559 admirabilis

519 4582 886 4640 consiliarius.
933 4585 1213 4657 Adducam
1257 4588 1403 4643 enim
1448 4568 1635 4659 pacem
1681 4608 1847 4664 super
1890 4594 2091 4664 princi-
2121 4568 2166 4625 ί)

521 4689 655 4747 pes,
694 4682 748 4729 et
787 4677 1074 4733 sanitatem
1117 4679 1190 4745 ei.
1234 4678 1487 4750 Magnum
1532 4683 1818 4753 imperium
1850 4689 2006 4754 ejus,
2038 4695 2090 4741 et

522 4767 674 4836 pacis
705 4766 827 4835 ejus
857 4783 965 4822 non
992 4776 1078 4828 est
1110 4770 1263 4836 linis,
1299 4787 1466 4841 super
1494 4773 1694 4828 solium
1726 4774 1897 4832 David
1928 4787 1982 4832 et
2011 4795 2093 4832 re-

517 4871 685 4928 gnum
716 4859 838 4929 ejus
868 4868 930 4913 ut
954 4861 1155 4931 dirigat
1195 4862 1329 4918 illud
1350 4903 1365 4929 ,
1397 4870 1453 4919 et
1498 4866 1768 4937 suscipiat
1796 4868 1852 4922 in
1880 4869 2091 4939 judicio

518 4959 573 5005 et
607 4950 822 5020 justitia
869 4967 934 5006 ex
984 4953 1090 5010 hoc
1120 4962 1366 5025 tempore
1392 4965 1449 5013 et
1482 4973 1656 5028 usque
1701 4960 1756 5014 in
1802 4964 2088 5020 saeculum.

520 5041 682 5100 Zelus
708 5041 922 5100 Domini
951 5042 1191 5103 Sabaoth
1227 5047 1387 5104 faciet
1408 5050 1525 5106 haec
1554 5054 1597 5105 ¹.
1628 5072 1647 5105 ι
1679 5053 1945 5110 Existimo
2001 5058 2090 5112 hic

519 5133 859 5206 designatum
886 5139 1171 5208 puerulum
1203 5140 1453 5197 eumdem
1485 5157 1638 5210 esse,
1668 5144 1762 5214 qui
1789 5146 1857 5201 de
1883 5147 2091 5226 virgine

520 5227 837 5284 nasciturus
882 5231 1137 5300 superius
1186 5231 1601 5304 prophetizatus
1651 5245 1765 5302 est,
1819 5230 1981 5313 quem
2033 5248 2088 5297 et

453 5335 460 5343 ·
518 5316 685 5388 paulo
738 5330 865 5375 ante
915 5322 1162 5392 paritura
1215 5324 1421 5379 dicitur
1479 5328 1847 5397 prophetissa.
1902 5332 2087 5393 Primo

518 5407 741 5478 quidem
771 5411 952 5469 dictus
976 5423 1060 5480 est
1095 5414 1437 5484 Emmanuel,
1468 5418 1595 5474 dein
1624 5440 1642 5473 ι
1671 5421 1934 5480 Celeriter
1960 5440 2088 5498 spo-

520 5499 591 5561 lia
642 5498 902 5592 detrahe,
951 5508 1060 5564 cito
1119 5509 1381 5579 praedare.
1420 5532 1438 5565 ι
1474 5511 1575 5568 Hic
1619 5525 1797 5588 autem
1845 5518 1993 5592 ipse,
2025 5527 2087 5586 ut

520 5591 663 5663 apud
684 5590 1035 5668 Septuaginta
1057 5599 1308 5672 legimus,
1330 5623 1349 5655 ι
1373 5602 1549 5676 Magni
1571 5608 1787 5666 consilii
1802 5590 2040 5684 Angelus
2061 5633 2079 5666 ι

519 5690 783 5755 vocatur;
813 5694 869 5742 et
901 5688 1056 5758 juxta
1096 5691 1346 5762 Aquilam
1388 5702 1550 5768 atque
1587 5698 1911 5757 llebraicum
1934 5743 1949 5773 ,
1994 5720 2087 5761 no-

595 5843 742 5901 v'lsa.
775 5846 1004 5910 vm,18.
1042 5846 1215 5925 _’lsa.
1251 5852 1456 5917 lx,5-7.

2192 3280 2342 3357 παρά
2390 3282 2592 3354 Κυρίου
2632 3283 2766 3337 Θεοῦ
2815 3283 3064 3346 Σαϐαὼθ,
3092 3284 3150 3347 ὃς
3183 3288 3428 3351 κατοικεῖ
3463 3288 3522 3339 ὲν
3553 3286 3631 3357 τῷ
3670 3287 3789 3358 ὄρει

2191 3373 2350 3427 Σιών.
2392 3394 2410 3428 ι
2450 3376 2562 3427 Καὶ
2593 3375 2671 3438 τὸ,
2711 3395 2729 3426 ι
2780 3376 2933 3441 Ἰδοὺ,
2973 3374 3084 3445 ἐγὼ
3128 3376 3224 3437 καὶ
3270 3376 3340 3429 τὰ
3383 3376 3592 3441 παιδία,
3626 3377 3663 3431 ἆ
3694 3392 3785 3448 μοι

2190 3464 2389 3533 ἔδωκεν
2416 3468 2444 3520 ὁ
2476 3467 2627 3531 Θεὸς,
2663 3488 2681 3519 ι
2712 3470 2775 3521 ὲκ
2803 3467 3095 3540 προσώπου
3139 3467 3231 3521 τοῦ
3272 3469 3524 3540 Σωτῆρος
3564 3470 3695 3541 περί
3726 3487 3785 3523 τε

2191 3557 2297 3611 τῶν
2320 3559 2633 3613 ἀποστόλων
2680 3562 2771 3614 καὶ
2803 3562 2911 3614 τῶν
2944 3561 3082 3631 μετά
3115 3561 3286 3614 ταῦτα
3318 3563 3398 3624 εἰς
3432 3562 3593 3614 αὐτὸν
3623 3579 3787 3615 πεπι-

2194 3653 2498 3705 στευκότων
2537 3653 2717 3716 καλῶς
2744 3655 2801 3706 ἐν
2835 3656 2900 3724 τῇ
2934 3653 3068 3725 πρὸς
3109 3653 3392 3724 Ἐϐραίους
3430 3653 3781 3723 ὲξείληπται·

2192 3743 2509 3817 ἐπιφέρεται
2549 3744 2681 3813 γοῦν
2709 3744 2942 3799 ἐνταῦθα
2971 3746 3051 3808 τὸ,
3088 3765 3106 3797 ι
3139 3746 3247 3799 Καὶ
3277 3745 3428 3799 ἔσται
3452 3749 3661 3817 σημεῖα
3691 3745 3786 3800 καὶ

2190 3834 2391 3905 τέρατα
2413 3838 2469 3889 ὲν
2508 3837 2640 3907 οἴκῳ
2687 3837 2929 3908 Ἰσραήλ·
2962 3856 2981 3888 ι
3018 3838 3113 3891 καὶ
3139 3839 3305 3908 σαφὲς
3336 3839 3483 3902 ὅπως
3522 3838 3668 3892 κατά
3693 3838 3786 3891 τὸν

2192 3930 2382 4000 καιρὸν
2394 3931 2494 4002 τῆς
2514 3929 2609 3984 τοῦ
2628 3931 2880 4003 Σωτῆρος
2912 3933 3212 4003 παρουσίας
3244 3935 3445 4004 σημεῖα
3466 3933 3560 3985 καὶ
3577 3933 3781 4005 τέρατα

2191 4022 2341 4092 εἰ(ὲν)
2373 4021 2451 4094 τῷ
2478 4023 2612 4095 οἴκῳ
2650 4024 2886 4096 Ἰσραὴλ,
2920 4020 3007 4079 οἷα
3036 4024 3380 4079 οὐδεπώποτε
3409 4024 3771 4097 ἀπετελέσθη.

2724 4138 3122 4192 ΚΕΦΑΛΑΙΟΝ
3158 4142 3232 4193 Ζ’.

2265 4245 2284 4278 ι
2322 4229 2433 4283 Καὶ
2483 4228 2817 4301 θελήσουσιν,
2861 4232 2908 4283 εἰ
2955 4230 3199 4298 ἐγένοντο
3247 4232 3630 4302 πυρίκαυστοι.
3660 4234 3780 4287 Ὅτι

2190 4320 2398 4374 παιδίον
2420 4321 2647 4393 ἐγενήθη
2669 4324 2818 4394 ἡμῖν,
2834 4322 2945 4385 υἱὸς
2961 4322 3115 4392 ἐδόθη
3137 4324 3286 4394 ἡμῖν,
3304 4318 3365 4377 οὗ
3384 4326 3416 4392 ή
3433 4325 3578 4395 ἀρχὴ
3590 4326 3780 4396 ἐγενή-

2191 4412 2256 4484 θη
2290 4413 2381 4465 ἐπὶ
2411 4413 2504 4467 τοῦ
2525 4413 2674 4485 ὤμου
2703 4412 2892 4477 αὑτοῦ,
2918 4414 3011 4467 καὶ
3036 4414 3282 4467 καλεῖται
3310 4414 3374 4467 τὸ
3394 4415 3569 4487 ὄνομα
3590 4416 3777 4481 αὐτοῦ,

2192 4504 2453 4576 Μεγάλης
2475 4506 2670 4578 βουλῆς
2698 4507 2961 4576 Ἀγγελος
2982 4523 2995 4537 ο
3029 4508 3141 4572 ἄξω
3164 4506 3274 4578 γὰρ
3301 4509 3525 4579 είρήνην
3547 4510 3641 4563 ἐπὶ
3656 4511 3780 4574 1:02»;

2193 4599 2480 4670 ἄρχοντας,
2526 4600 2621 4654 καὶ
2668 4600 2826 4669 ὑγεία
2858 4599 3025 4671 αὐτῷ.
3058 4598 3285 4672 Μεγάλη
3321 4603 3355 4673 ἡ
3400 4604 3548 4674 ἀρχὴ
3588 4604 3777 4664 αὐτοῦ,

2193 4692 2288 4746 καὶ
2314 4692 2415 4762 τῆς
2445 4694 2666 4767 εἰρήνης
2694 4692 2859 4748 αὐτοῦ
2899 4695 2999 4747 οὐκ
3029 4693 3177 4748 ἐστιν
3208 4697 3356 4768 δριον
3374 4713 3389 4726 ·
3420 4697 3515 4750 ἐπὶ
3536 4697 3633 4751 τὸν
3656 4696 3781 4767 θρό-

2193 4801 2281 4837 νον
2314 4783 2475 4845 Δαυῒδ
2500 4784 2596 4837 καὶ
2638 4784 2737 4856 τὴν
2767 4783 3042 4855 βασιλείαν
3075 4786 3264 4852 αὐτοῦ,
3302 4787 3649 4860 κατορθῶσαι
3683 4789 3779 4841 αὑ-

2193 4872 2312 4944 τὴν,
2343 4873 2438 4927 καὶ
2467 4873 2847 4939 ἀντιλαδέσθαι
2874 4878 2933 4928 εν
2973 4875 3199 4947 κρίματι
3227 4876 3321 4930 καὶ
3349 4878 3406 4930 ὲν
3438 4877 3777 4950 δικαιοσύνῃ.

2195 4964 2302 5022 ἀπὸ
2331 4964 2424 5033 τοῦ
2458 4964 2552 5019 νῦν
2588 4966 2683 5019 καὶ
2710 4967 2790 5030 είς
2825 4966 2916 5020 τὸν
2947 4966 3115 5020 αἰῶνα
3135 4984 3150 4999 ·
3180 4969 3208 5020 ὁ
3237 4967 3396 5040 ζῆλος
3433 4969 3640 5041 Κυρίου
3670 4971 3775 5023 Σα-

2196 5055 2341 5117 ϐαὼθ
2375 5058 2588 5129 ποιήσει
2609 5057 2802 5114 ταῦτα.
2845 5076 2865 5111 ι
2900 5054 3065 5129 Οἶμαι
3092 5060 3156 5131 δὴ
3184 5060 3244 5113 τὸ
3271 5061 3562 5130 λεγόμενον
3592 5061 3775 5116 ἐνθάδε

2196 5148 2407 5217 παιδίον
2439 5151 2539 5203 οὐκ
2570 5150 2697 5204 ἄλλο
2730 5146 2868 5205 εἶναι
2902 5152 2998 5206 τοῦ
3026 5153 3090 5206 ὲκ
3133 5152 3233 5223 τῆς
3262 5153 3536 5224 παρθένου
3584 5153 3775 5226 τεχθὴ-

2198 5241 2385 5296 σεσθαι
2407 5243 2661 5313 ἀνωτέρω
2695 5245 3235 5318 προπεφητευμένου,
3263 5246 3293 5299 ὃ
3312 5247 3406 5299 καὶ
3437 5247 3621 5318 μικρῷ
3642 5247 3775 5319 πρό-

2196 5352 2352 5409 τερον
2402 5338 2435 5406 ἡ
2467 5338 2734 5407 προφῆτις
2779 5339 3063 5392 ἀποτεκεῖν
3110 5338 3353 5407 ἐλέγετο·
3385 5338 3522 5392 ἀλλὰ.
3562 5341 3625 5393 τὸ
3675 5340 3773 5411 μὲν

2195 5428 2452 5500 ἀνωτέρω
2503 5429 2674 5500 δνομα
2724 5429 2897 5483 αὑτοῦ
2934 5430 3281 5502 Ἐμμανουὴλ
3315 5426 3405 5502 ἦν,
3444 5430 3506 5483 τὸ
3544 5430 3602 5483 δὲ
3632 5430 3773 5501 μετὰ

2192 5517 2384 5584 ταῦτα,
2420 5539 2441 5572 ‹
2476 5520 2699 5592 Ταχέως
2748 5521 3063 5586 σκύλευσον,
3104 5522 3270 5590 ὀξέως
3316 5522 3705 5596 προνόμευσον.
3743 5542 3764 5576 ι

2204 5613 2466 5670 Ἐνταῦθα
2501 5616 2558 5671 δὲ
2589 5620 2618 5672 ὁ
2648 5618 2808 5683 αὐτὸς
2839 5611 2992 5684 οὗτος
3028 5618 3166 5673 κατά
3191 5618 3291 5691 μὲν
3316 5618 3552 5689 τὴντῶν
3592 5617 3769 5673 Ἑϐδο-

2190 5708 2261 5776 ὶε(
2295 5710 2531 5781 μήκοντα
2552 5710 2863 5783 ἑρμηνείαν,
2901 5731 2919 5763 ‹
2954 5710 3212 5782 Μεγάλης
3227 5711 3418 5784 βουλῆς
3450 5709 3711 5779 Ἀγγελος
3740 5728 3761 5761 ι
