4096 6412
337 330 470 385 ίὲῦζ)

1350 332 1644 390 ECLOGA)
1680 331 2165 390 PROPIIETICAS.
2194 365 2262 374 —
2297 332 2428 393 LIB.
2465 333 2554 390 IV.

3441 336 3578 392 1210

337 450 401 516 κ
433 446 789 516 χρηματίζει⁸
843 445 982 500 κατά
1031 447 1088 501 δὲ
1124 447 1214 500 τὸν
1257 448 1486 501 Ἀκύλαν
1535 450 1630 502 καὶ
1674 448 1805 503 αὐτὸ
1842 447 1892 501 τὶ

2009 463 2133 504 tuen
2178 449 2301 518 ejus
2338 457 2424 507 est
2451 467 2471 499 ι
2501 448 2856 505 Adinirabilis
2901 450 3283 515 consiliarius,
3324 449 3480 507 fortis
3524 461 3580 507 et

336 540 398 608 κ
443 538 727 609 Ἐϐραῖκὸν
753 539 813 592 τὸ
836 539 1003 611 ὄνομα
1029 538 1191 593 αὑτοῦ
1221 541 1336 593 ἐστι
1375 559 1393 591 ι
1428 540 1747 611 Θαυμαστὸς
1768 540 1905 611 σύμ-

338 632 399 702 )ε(
430 627 638 692 ϐουλος,
682 628 931 699 ἰσχυρὸς,
959 628 1179 692 δυνατὸς
1210 628 1411 701 πατὴρ,
1439 628 1517 684 ἔτι
1537 630 1720 699 ἄρχων
1751 630 1903 700 εἰρή-

340 723 401 792 x
432 738 560 791 νης·
604 740 622 770 ι
657 722 751 773 καὶ
783 720 923 773 κατά
954 722 1043 774 τὸν
1075 722 1367 792 Σύμμαχον
1387 721 1466 785 δὲ,
1505 740 1523 773 ι
1561 721 1903 793 Κληθήσεται

336 815 393 867 τὸ
440 814 607 883 ὄνομα
656 813 748 866 τοῦ
805 812 1014 866 παιδίου
1049 811 1493 885 Παραδοξασμὸς,
1527 813 1900 884 βουλευτικὸς,

331 904 567 977 ἰσχυρὸς,
607 904 850 969 δυνατὸς,
889 904 1069 976 πατὴρ
1117 904 1332 968 αἰῶνος,
1377 904 1562 976 ἄρχων
1594 906 1836 978 εἰρήνης.
1878 925 1896 958 ι

340 999 690 1069 Ἀπαιτητέον
749 1000 931 1057 τοίνυν
988 1000 1113 1062 τοὺς
1162 1001 1226 1052 ἐκ
1279 1000 1578 1071 περιτομῆς
1632 1003 1782 1053 ποῖον
1834 999 1902 1054 ἂν

325 1089 542 1163 ἔχοι(εν)
577 1091 785 1149 παιδίον
901 1089 968 1144 τὰ
1000 1090 1296 1164 τηλικαῦτα
1351 1092 1717 1163 ὲφαρμόσαιεν
1764 1109 1902 1164 παρ-

327 1185 567 1237 ιστάναι*
616 1180 737 1236 καθ’
767 1184 913 1254 ἡμᾶς
945 1183 1054 1257 γάρ
1079 1184 1313 1239 ὲπίνοιαί
1345 1186 1483 1236 εἰσιν
1518 1177 1677 1239 αὗται
1717 1182 1781 1256 (f.
1808 1183 1900 1256 48)

321 1274 424 1344 τῆς
450 1274 598 1337 θείας
615 1274 709 1329 τοῦ
733 1273 966 1346 Χριστοῦ
993 1274 1295 1345 δυνάμεως,
1318 1276 1399 1338 εἰς
1420 1274 1478 1329 ὃν
1506 1277 1555 1328 οἱ
1584 1275 1658 1347 μὴ
1683 1276 1903 1331 πιστεύ-

322 1383 515 1429 σαντες
552 1365 866 1435 θελήσουσιν
900 1367 948 1419 εί
993 1365 1328 1437 ἐγενήθησαν
1371 1366 1730 1438 πυρίκαυστοι
1767 1365 1901 1436 μᾶλ-

319 1457 473 1529 λονῆ
509 1458 590 1511 ὅτι
641 1458 742 1528 τὴν
795 1456 1004 1515 ἑαυτῶν
1053 1456 1327 1529 ἀποϐολὴν
1363 1457 1490 1511 ἰδεῖν
1529 1457 1623 1512 καὶ
1661 1457 1761 1530 τὴν
1792 1458 1900 1511 τῶν

319 1544 492 1599 ἐθνῶν
517 1546 810 1616 σωτηρίαν,
839 1546 905 1614 ἢν
935 1548 963 1600 ὁ
991 1545 1148 1617 ζῆλος
1180 1547 1384 1621 Κυρίου
1408 1545 1631 1601 Σαϐαὼθ
1656 1548 1900 1619 ποιήσειν

316 1638 553 1710 εἷρηται’
579 1632 624 1707 ᾧ
642 1639 977 1711 παραθήσεις
1001 1640 1062 1692 τὸ
1082 1639 1234 1711 παρά
1260 1642 1487 1694 Μωῦσεῖ
1508 1640 1650 1694 οὕτω
1672 1658 1788 1704 πως
1811 1641 1898 1695 λε-

316 1730 608 1802 λεγμένον·
642 1752 660 1782 ι
690 1732 852 1791 Αὐτοὶ
898 1731 1290 1803 παρεζήλωσάν
1332 1749 1399 1802 με
1425 1733 1483 1783 ὲν
1515 1734 1625 1795 τοῖς
1662 1731 1899 1795 εἰδώλοις

2006 547 2201 612 potens
2228 550 2403 610 pater,
2433 540 2599 595 etiam
2627 542 2883 613 princeps
2909 541 3097 613 pacis;
3117 562 3135 594 ι
3159 549 3213 597 et
3237 542 3391 613 juxta
3421 542 3580 615 Sym-

2006 632 2258 686 machum
2282 652 2294 689 :
2320 652 2337 685 ι
2360 631 2658 689 Vocabitur
2677 650 2875 689 nomen
2900 635 3110 704 pueruli
3133 634 3574 700 Admirabilitas,

2004 725 2388 792 consiliarius,
2416 726 2574 780 fortis
2595 766 2610 790 ,
2640 736 2869 797 potens,
2896 738 3049 796 pater
3075 727 3258 781 saeculi
3281 766 3296 790 ,
3325 729 3578 797 princeps

2002 815 2175 884 pacis.
2210 836 2228 868 ι
2251 814 2549 872 Petendum
2583 824 2667 871 est
2694 818 2865 887 igitur
2887 833 2916 870 a
2942 816 3147 874 Iudaeis
3172 834 3462 889 quemnam
3491 818 3581 870 ha-

2002 905 2205 973 beant,
2236 907 2326 961 cui
2360 908 2474 962 haec
2503 907 2753 977 adoptari
2791 910 3036 978 possint,
3069 911 3359 982 puerulum
3399 919 3581 965 osten-

2001 999 2153 1057 dere.
2205 998 2420 1053 Etenim
2459 1001 2619 1069 juxta
2660 1015 2761 1054 nos
2803 999 3006 1055 indicia
3050 1012 3180 1058 sunt
3224 1002 3343 1073 ipsa
3377 1002 3579 1056 divina:

2001 1089 2208 1146 Christi
2255 1092 2580 1161 potestatis,
2622 1092 2677 1146 in
2716 1109 2878 1163 quem
2915 1094 3010 1164 qui
3055 1111 3163 1149 non
3207 1094 3576 1162 crediderint,

2001 1182 2188 1238 volent
2208 1222 2224 1247 ,
2252 1183 2298 1239 si
2326 1182 2531 1238 fuerint
2560 1183 2683 1254 igne
2706 1186 2976 1241 combusti
3003 1187 3184 1255 potius
3208 1203 3370 1257 quam
3397 1203 3581 1256 repro-

1999 1276 2278 1331 bationem
2329 1291 2484 1332 suam
2519 1276 2705 1332 videre
2730 1287 2785 1332 et
2814 1277 3054 1346 gentium
3102 1281 3366 1344 salutem,
3411 1295 3574 1350 quam

2003 1369 2157 1423 zelus
2204 1366 2423 1424 Domini
2471 1367 2712 1423 Sabaoth
2761 1370 3010 1424 facturus
3057 1386 3179 1425 esse
3223 1370 3443 1427 dicitur.
3494 1370 3577 1425 Ad

2003 1461 2149 1531 quod
2188 1470 2442 1531 spectant
2489 1461 2605 1516 haec
2645 1461 2791 1532 apud
2834 1461 3108 1534 Moysem:
3135 1481 3153 1513 ι
3186 1463 3291 1533 Ipsi
3333 1480 3418 1518 me
3458 1479 3579 1533 pro-

2000 1558 2345 1606 vocaverunt
2378 1552 2432 1605 in
2466 1550 2628 1606 idolis
2659 1554 2806 1615 suis,
2839 1560 2891 1606 et
2915 1567 3018 1622 ego
3047 1554 3358 1623 provocabo
3392 1570 3488 1610 eos
3517 1556 3574 1610 in

2000 1656 2069 1696 eo
2099 1642 2192 1712 qui
2227 1658 2338 1696 non
2371 1650 2459 1697 est
2490 1643 2754 1712 populus,
2785 1652 2839 1698 et
2869 1644 2923 1697 in
2952 1654 3113 1715 gente
3144 1646 3311 1698 stulta
3349 1646 3575 1701 irritabo

2000 1749 2097 1789 eos
2129 1734 2169 1787 ί.
2201 1753 2221 1786 ι
2249 1732 2450 1788 Verum
2484 1750 2584 1790 nec
2617 1735 2905 1804 praesentis
2934 1735 3215 1805 temporis,
3241 1752 3341 1791 nec
3388 1753 3576 1810 prepo-

314 1824 520 1888 αὐτῶν,
572 1824 727 1894 κάγὼ
774 1824 1155 1896 παραζηλώσω
1202 1824 1399 1888 αὐτοὺς
1444 1825 1529 1877 ἐπ’
1571 1825 1671 1877 οὐκ
1720 1823 1892 1878 ἔθνει·

2004 1826 2097 1881 siti
2151 1834 2239 1881 est
2279 1827 2495 1897 singula
2546 1827 2845 1897 prophetiae
2888 1828 3053 1882 verba
3099 1828 3419 1899 elucidare;
3472 1846 3575 1887 nec

313 1919 408 1970 ἐπ’
437 1916 579 1972 ἔθνει
613 1917 852 1986 ἀσυνέτῳ
874 1899 1158 1989 παροργιῶ
1187 1916 1400 1980 αὐτούς.
1433 1937 1451 1968 ι
1498 1917 1655 1971 Ἀλλὰ
1696 1916 1804 1989 γὰρ
1835 1917 1892 1971 οὐ

2004 1916 2286 1987 quomodo
2317 1917 2558 1980 dicatur,
2587 1936 2604 1967 ι
2632 1932 2796 1988 super
2830 1918 3027 1973 solium
3062 1918 3230 1973 David
3261 1928 3315 1974 et
3344 1937 3571 1991 regnum

315 2008 414 2063 τοῦ
446 2009 711 2081 παρόντος
742 2009 959 2082 καιροῦ,
982 2010 1101 2063 οὐδὲ
1132 2011 1237 2081 μὴν
1258 2009 1353 2064 τοῦ
1376 2008 1498 2062 καθ’
1527 2011 1671 2079 ἡμᾶς
1697 2010 1892 2081 τυγχά-

2000 2007 2122 2077 ejus
2166 2018 2226 2062 ut
2269 2007 2470 2079 dirigat
2517 2008 2673 2063 illud.
2710 2009 2874 2063 »11οο
2914 2010 3135 2081 quidem
3162 2010 3380 2068 Judaaos
3409 2013 3574 2069 otl‘en-

311 2120 396 2157 νει
428 2101 652 2165 σκοποῦ,
687 2103 920 2172 ἑκάστην
941 2102 1082 2169 λέξιν
1097 2102 1427 2172 διασαφῆσαι
1442 2101 1543 2173 τῆς
1558 2104 1892 2174 προφητείας

1997 2100 2120 2163 det,
2154 2107 2443 2169 propterea
2474 2099 2618 2171 quod
2652 2115 2762 2155 non
2794 2102 3151 2171 corporaliter
3179 2118 3343 2174 super
3375 2107 3572 2162 solium

310 2192 746 2263 παραστήσεται·
771 2190 895 2262 (sic)
909 2192 1053 2253 ὅπως
1083 2191 1296 2263 εἴρηται
1320 2191 1401 2254 τὸ,
1426 2208 1443 2241 ι
1476 2192 1569 2243 ἐπὶ
1588 2190 1678 2244 τὸν
1705 2191 1892 2261 θρόνον

1996 2191 2168 2247 David
2195 2193 2424 2263 ejusque
2457 2208 2685 2263 regnum
2717 2193 2858 2248 sedit
2900 2192 3149 2248 Salvator
3203 2195 3574 2270 Dominusque

307 2280 477 2335 Δαυῒδ
490 2282 582 2334 καὶ
612 2282 710 2352 τὴν
739 2279 1010 2350 βασιλείαν
1035 2279 1220 2344 αὐτοῦ,
1238 2277 1579 2349 κατορθῶσαι
1598 2277 1818 2349 αὐτήν»
1846 2272 1891 2347 ᾦ

1996 2292 2188 2349 noster
2214 2286 2375 2341 .Iesus
2404 2286 2676 2342 Christus.
2700 2285 2776 2342 De
2806 2303 2915 2356 quo
2943 2288 3221 2344 studiosos
3249 2290 3480 2349 lectores
3504 2292 3571 2347 ad

309 2375 410 2428 καὶ
426 2375 572 2439 είκδς
600 2375 666 2429 ἂν
694 2376 777 2448 εἴη
797 2375 1100 2446 προσκόψαι
1126 2374 1252 2437 τοῦς
1279 2376 1343 2427 ἐκ
1366 2371 1690 2444 περιτομῆς,
1716 2371 1803 2426 διὰ
1831 2372 1891 2426 τὸ

1997 2379 2393 2434 commentaria
2423 2380 2552 2432 olim
2585 2394 2615 2432 a
2645 2379 2803 2434 nobis
2844 2381 3051 2449 prolata
3082 2381 3432 2439 remittimus.

312 2467 391 2539 μὴ
419 2467 743 2539 σωματικῶς
773 2468 866 2521 ἐπὶ
894 2468 984 2521 τὸν
1013 2467 1198 2539 θρόνον
1226 2466 1321 2519 καὶ
1355 2465 1452 2536 τὴν
1483 2464 1755 2535 βασιλείαν
1784 2463 1877 2518 τοῦ
1915 2468 2077 2522 Δαυῖδ
2104 2469 2453 2524 κεκαθικέναι
2493 2471 2585 2524 τὸν
2615 2471 2844 2543 Σωτῆρα
2877 2473 2977 2525 καὶ
2998 2473 3200 2546 Κύριον
3250 2475 3403 2547 ἡμῶν
3474 2477 3576 2548 Ἰη-

307 2563 444 2617 σοῦν
465 2565 695 2635 Χριστόν
713 2579 726 2591 '
753 2564 817 2617 δι’
837 2564 972 2635 ὅπερ
987 2561 1406 2633 ἁναπέμψαντες
1427 2561 1554 2624 τοὺς
1574 2558 1891 2635 φιλομαθεῖς
1928 2563 2022 2618 ἐπὶ
2053 2564 2121 2618 τὰ
2149 2566 2228 2630 είς
2261 2566 2386 2629 τοὺς
2413 2566 2609 2629 τόπους
2654 2565 3043 2637 ὑπομνήματα,
3080 2571 3241 2639 ἡμεῖς
3274 2570 3333 2623 τὸ
3378 2586 3573 2641 προτε-

309 2657 405 2712 θὲν
436 2655 926 2728 διαπερανούμεθα.

840 2778 1236 2832 ΚΕΦΑΛΛῘΟΝ
1289 2779 1372 2832 Η’.

388 2891 408 2923 ι
452 2871 581 2925 Ἰδοὺ
611 2870 675 2944 δὴ
700 2873 728 2924 ὸ
759 2871 1025 2940 δεσπότης
1066 2870 1271 2942 Κύριος
1303 2867 1529 2923 Σαϐαὼθ
1569 2868 1892 2943 συνταράξει

304 2963 437 3025 τοὺς
462 2959 702 3025 ἐνδόξους
742 2959 879 3031 μετά
915 2959 1115 3030 ἰσχύος,
1149 2959 1241 3012 καὶ⁹
1270 2959 1463 3031 ὑψηλοὶ
1484 2962 1549 3031 τῇ
1585 2959 1740 3031 ῦϐρει
1771 2975 1895 3014 συν-

2585 2777 2813 2832 CAPUT
2858 2777 2992 2835 VIII.

2068 2887 2088 2920 ι
2130 2867 2271 2923 Ecce
2315 2868 2636 2925 dominator
2680 2868 2945 2925 Dominus
2996 2868 3234 2926 Sabaoth
3260 2870 3571 2943 confringet

1992 2959 2200 3014 nobiles
2243 2973 2367 3013 cum
2416 2957 2771 3023 fortitudine,
2807 2969 2862 3015 et
2888 2961 3093 3016 excelsi
3128 2970 3339 3017 statura
3376 2965 3562 3019 succi-

306 3054 679 3126 τριϐήσονται,
718 3053 811 3105 καὶ
846 3050 1364 3122 ταπεινωθήσονται,
1401 3050 1496 3104 καὶ
1528 3049 1891 3105 πεσοῦνταιοὶ

1995 3052 2213 3118 dentur,
2242 3058 2296 3107 et
2314 3051 2575 3106 sublimes
2607 3050 3063 3108 humiliahuntur.
3085 3051 3149 3107 Et
3180 3055 3572 3111 suhvertentur

306 3144 506 3215 ὑψηλοὶ
544 3143 786 3215 μαχαίρᾳ
805 3160 818 3175 ·
844 3144 872 3196 ό
896 3143 953 3194 δὲ
984 3141 1209 3205 Λίϐανος
1251 3143 1348 3195 σὺν
1379 3144 1491 3206 τοῖς
1531 3141 1751 3212 ὑψηλοῖς
1787 3159 1890 3194 πε-

306 3239 504 3291 σεῖται.
533 3236 643 3289 Καὶ
666 3233 1003 3299 ἐξελεύσεται
1038 3233 1232 3305 ῥάϐδος
1258 3234 1324 3287 ἐκ
1347 3233 1446 3305 τῆς
1473 3233 1630 3306 ῥίζης
1666 3233 1887 3297 Ἰεσσαὶ,

306 3329 408 3384 καὶ
437 3328 597 3392 ἄνθος
616 3330 681 3382 ὲκ
714 3328 810 3397 τῆς
836 3325 989 3398 ῥίζης
1017 3326 1367 3399 ἀναϐήσεται,
1399 3326 1493 3380 καὶ
1516 3325 1892 3382 ἐπαναπαύσε-

305 3441 398 3478 ται
436 3424 522 3476 ἐπ’
568 3422 728 3475 αὑτὸν
760 3420 974 3491 πνεῦμα
1000 3419 1091 3473 τοῦ
1125 3417 1280 3483 Θεοῦ,
1307 3418 1523 3490 πνεῦμα
1576 3418 1766 3489 σοφίας
1797 3420 1891 3473 καὶ

307 3515 600 3579 συνέσεως,
648 3513 864 3584 πνεῦμα
898 3512 1092 3583 βουλῆς
1122 3511 1215 3565 καὶ
1256 3511 1456 3581 ἰσχύος,
1494 3510 1709 3583 πνεῦμα
1751 3509 1891 3580 γνὼς

309 3625 452 3671 σεως
498 3608 591 3661 καὶ
626 3606 905 3670 εὐσεϐείας
949 3604 1216 3676 ἐμπλήσει
1257 3604 1452 3657 αὐτόν’
1479 3603 1697 3675 πνεῦμα
1722 3604 1889 3675 φόϐου

306 3698 447 3754 Θεοῦ
468 3700 528 3751 οὐ
561 3698 705 3752 κατὰ
731 3698 827 3769 τὴν
847 3697 1003 3761 δόξαν
1029 3698 1223 3769 κρινεῖ,
1247 3696 1366 3753 οὐδὲ
1399 3694 1542 3749 κατά
1573 3696 1671 3768 τὴν
1698 3695 1887 3751 λαλιὰν

306 3789 544 3858 ἐλέγξει,
581 3788 717 3842 ἁλλά
741 3791 915 3860 κρινεῖ
933 3786 1170 3858 ταπεινῷ
1195 3787 1393 3859 κρίσιν,
1419 3788 1512 3840 καὶ
1531 3786 1739 3855 ἐλέγξει
1762 3788 1889 3850 τοὺς

306 3881 602 3943 ταπεινοὺς
645 3879 745 3949 τῆς
792 3880 917 3950 γῆς,
964 3879 1059 3933 καὶ
1092 3877 1319 3942 πατάξει
1352 3878 1457 3949 γῆν
1503 3876 1582 3949 τῷ
1612 3878 1755 3951 λόγῳ
1792 3878 1887 3933 τοῦ

308 3970 581 4041 στόματος
610 3969 795 4032 αὐτοῦ,
822 3971 917 4023 καὶ
950 3972 1008 4022 ὲν
1038 3969 1304 4040 πνεύματι
1336 3968 1424 4023 διὰ
1450 3968 1672 4039 χειλέων
1712 3969 1891 4023 ἀνελεῖ

307 4064 517 4135 ἀσεϐῆ·
572 4065 666 4117 καὶ
706 4063 854 4117 ἔσται
899 4063 1209 4136 δικαιοσύνῃ
1254 4063 1559 4134 ὲζωσμένος
1594 4063 1692 4135 τὴν
1719 4065 1888 4133 ὀσφὺν

309 4155 512 4219 αὑτοῦ,
554 4156 647 4208 καὶ
689 4155 914 4223 ἀληθείᾳ.
958 4154 1243 4226 είλημένος
1278 4154 1378 4218 τὰς
1420 4154 1659 4227 πλευρὰς
1702 4155 1885 4209 αὑτοῦ.

308 4247 421 4303 Καὶ
466 4245 975 4318 συμϐοσκηθήσεται
1020 4245 1182 4310 λύκος
1217 4246 1354 4318 μετά
1394 4246 1575 4317 ἀρνὸς,
1609 4246 1704 4300 καὶ
1748 4247 1890 4320 πάρ-

306 4338 460 4401 δαλις
507 4338 976 4391 συναναπαύσεται
1034 4338 1239 4408 ἐρίφῳ,
1289 4337 1379 4391 καὶ
1449 4338 1742 4412 μοσχάριον
1793 4339 1887 4392 καὶ

1996 3142 2200 3198 excelsi
2246 3142 2430 3197 ferro:
2467 3150 2520 3197 et
2571 3139 2813 3198 Libanus
2862 3159 2987 3197 cum
3020 3144 3261 3200 excelsis
3290 3147 3468 3201 cadet.
3506 3146 3571 3203 Et

1995 3233 2310 3301 egredietur
2337 3232 2489 3303 virga
2518 3231 2585 3286 de
2617 3231 2802 3288 radice
2833 3232 3019 3297 Jesse,
3064 3241 3118 3288 et
3157 3235 3256 3291 llos
3289 3235 3359 3291 de
3387 3236 3573 3293 radice

1994 3326 2115 3395 ejus
2160 3325 2454 3391 ascendet,
2505 3333 2560 3380 et
2595 3326 2905 3395 requiescet
2953 3341 3117 3396 super
3161 3344 3288 3382 eum
3345 3329 3570 3400 spiritus

1997 3416 2125 3483 Dei,
2155 3418 2381 3488 spiritus
2408 3417 2690 3487 sapientia:
2711 3426 2768 3471 et
2796 3418 3104 3474 intellectus
3122 3457 3137 3482 ,
3165 3418 3399 3490 spiritus
3433 3436 3568 3476 con-

1994 3511 2106 3567 siIii
2151 3520 2205 3565 et
2248 3510 2619 3575 fortitudinis,
2663 3511 2897 3579 spiritus
2941 3511 3184 3567 scientia:
3217 3521 3272 3567 et
3302 3513 3565 3584 pietatis:

1995 3605 2226 3674 replebit
2263 3619 2387 3658 eum
2419 3606 2645 3674 spiritus
2674 3604 2891 3659 timoris
2928 3603 3021 3659 Dei
3052 3624 3066 3671 ;
3108 3621 3216 3659 non
3265 3605 3566 3660 secundum

1994 3695 2796 3766 opinionemjudicabit,neque
2824 3695 3123 3748 secundum
3151 3695 3422 3765 loquelam
3453 3695 3571 3750 red-

1995 3795 2222 3858 arguet,
2270 3787 2365 3841 scd
2403 3786 2675 3856 judicahit
2700 3787 2891 3839 humili
2931 3786 3231 3854 judicium,
3276 3795 3330 3840 et
3376 3786 3569 3841 redar-

1993 3884 2122 3950 guet
2162 3879 2397 3933 humiles
2429 3884 2623 3941 terrae,
2675 3884 2730 3932 et
2754 3878 3091 3947 eritjustitia
3118 3878 3397 3948 cingulum
3432 3878 3571 3931 lum-

1992 3971 2187 4025 borum
2220 3970 2341 4037 ejus
2367 4009 2382 4034 ,
2418 3977 2473 4025 et
2498 3970 2704 4024 veritas
2728 3969 3108 4024 indumentum
3140 3969 3371 4023 laterum
3404 3970 3568 4038 ejus;

1993 4072 2047 4119 et
2076 4071 2330 4135 pascetur
2351 4062 2516 4118 simul
2539 4063 2700 4132 lupus
2722 4076 2847 4118 cum
2875 4077 3017 4133 agno
3038 4101 3053 4126 ,
3087 4068 3141 4116 et
3164 4061 3371 4131 pardus
3404 4062 3570 4117 simul

1991 4152 2242 4221 quiescet
2268 4165 2393 4206 cum
2416 4150 2605 4212 bzedo,
2639 4159 2696 4205 et
2725 4150 2930 4206 vitulus
2961 4160 3016 4205 et
3046 4151 3145 4206 bos
3186 4159 3241 4207 et
3281 4153 3367 4206 leo
3407 4152 3566 4205 simul

1993 4250 2286 4312 pascentur
2313 4260 2326 4295 :
2360 4240 2523 4296 simul
2561 4241 2910 4310 requiescent
2939 4242 3106 4296 catuli
3139 4257 3329 4297 eorum
3354 4281 3370 4306 ,
3406 4253 3454 4296 et
3484 4244 3568 4298 leo

1990 4334 2145 4405 quasi
2170 4335 2269 4389 bos
2298 4332 2546 4389 comedet
2573 4335 2778 4405 paleas.
2812 4333 2877 4387 Et
2902 4334 3263 4389 delectabitur
3286 4333 3468 4389 infans
3498 4335 3567 4390 ab

306 4430 510 4502 ταῦρος
559 4429 655 4482 καὶ
712 4430 848 4484 λέων
883 4428 997 4500 ἅμα
1042 4428 1490 4499 βοσκηθήσονται,
1532 4430 1624 4483 καὶ
1660 4431 1776 4500 ἅμα
1817 4430 1885 4484 τὰ

1995 4430 2157 4484 ubere
2203 4441 2370 4498 super
2419 4426 2689 4481 foramine
2725 4426 2970 4495 aspidis,
3016 4433 3071 4481 ct
3108 4427 3165 4480 in
3211 4441 3446 4482 caverna
3480 4442 3569 4482 re-

306 4522 499 4578 παιδία
546 4521 724 4573 αὐτῶν
769 4520 1001 4585 ἔσονται,
1059 4522 1151 4575 καὶ
1196 4519 1332 4575 λέων
1368 4520 1444 4584 ὡς
1484 4518 1610 4589 βοῦς
1652 4521 1884 4589 φάγεται

306 4615 508 4688 ἄχυρα,
542 4616 635 4668 καὶ
678 4614 889 4668 παιδίον
914 4615 1106 4684 νήπιον
1131 4615 1222 4667 ἐπὶ
1253 4612 1502 4686 τρώγλην
1530 4612 1769 4666 ἀσπίδων
1794 4614 1891 4667 καὶ

310 4709 406 4762 ἐπὶ
435 4709 623 4778 κοίτην
657 4706 893 4776 ἐγγόνων
925 4706 1166 4759 ἀσπίδων
1191 4705 1289 4777 τὴν
1319 4708 1475 4778 χεῖρα
1503 4705 1771 4771 ὲπιϐαλεῖ,
1796 4706 1891 4760 καὶ

308 4802 371 4855 ὀὐ
400 4800 473 4871 μὴ
500 4800 959 4870 κακοποιήσωσιν,
976 4797 1095 4851 οὐδὲ
1123 4798 1196 4869 μὴ
1226 4798 1486 4853 δύνωνται
1507 4798 1769 4854 ἀπολέσαι
1802 4799 1892 4851 οὐ·

305 4892 433 4948 δένα
463 4892 555 4945 ἐπὶ
573 4892 634 4945 τὸ
666 4891 791 4963 ὅρος
816 4890 878 4944 τὸ
903 4890 1057 4959 ἅγιόν
1085 4907 1206 4960 μου,
1238 4890 1319 4944 ὃτι
1347 4891 1653 4964 ἐνεπλήσθη
1681 4893 1715 4963 ή
1747 4892 1888 4962 σύμ-

309 5003 458 5041 πασα
484 4986 556 5056 γῆ
580 4983 673 5037 τοῦ
696 4983 897 5053 γνῶναι
918 4983 1011 5036 τὸν
1032 4982 1259 5054 Κύριον,
1276 4982 1351 5047 ὡς
1384 4983 1528 5055 ὓδωρ
1557 4984 1691 5037 πολὺ
1720 5001 1888 5038 κατα-

306 5076 545 5145 καλύψαι
575 5075 868 5138 θαλάσσας·
910 5075 1006 5127 καὶ
1037 5074 1189 5128 ἔσται
1220 5075 1279 5127 ὲν
1316 5077 1381 5145 τῇ
1417 5074 1601 5146 ήμέρᾳ
1632 5075 1817 5148 ἐκείνῃ
1853 5076 1887 5149 ή

309 5168 433 5239 ῥίζα
469 5167 560 5221 τοῦ
610 5167 827 5227 Ἰεσσαὶ,
861 5166 954 5220 καὶ
985 5168 1014 5219 ό
1060 5166 1417 5236 ἀνιστάμενος
1460 5166 1649 5237 ἄρχειν
1697 5165 1886 5229 ἐθνῶν,

306 5259 393 5313 ἐπ’
424 5257 572 5330 αὐτῷ
612 5258 739 5328 ἔθνη
772 5257 1038 5322 ἐλπιοῦσι,
1074 5257 1169 5311 καὶ
1193 5256 1345 5310 ἔσται
1379 5259 1412 5328 ή
1446 5256 1755 5321 ἀνάπαυσις
1786 5258 1888 5311 αὐ-

308 5350 401 5405 τοῦ
444 5354 599 5423 τιμή.
632 5371 650 5402 ι
701 5350 823 5405 ούδ’
868 5351 1021 5405 αὐτοὶ
1061 5350 1112 5402 οἱ
1149 5352 1213 5403 ὲκ
1241 5349 1542 5421 περιτομῆς
1573 5347 1731 5403 ἄλλον
1766 5347 1887 5402 τινὰ

260 5480 270 5499 ρ
308 5444 401 5497 τοῦ
446 5441 683 5516 Χριστοῦ
722 5442 815 5496 τὸν
856 5440 1090 5496 ἐνταῦθα
1142 5441 1616 5515 προφητευόμενον
1666 5440 1887 5513 ὑπειλή-

312 5551 464 5605 φασι,
497 5534 636 5605 πλὴν
663 5534 786 5588 ὅσον
817 5533 910 5585 ἐπὶ
933 5532 1061 5606 ψιλῇ
1095 5535 1164 5603 τῇ
1195 5531 1294 5601 τῆς
1328 5529 1665 5602 προφητείας
1691 5529 1883 5603 ἐκδοχῇ

316 5623 767 5697 σωματικώτερον
814 5623 1031 5677 ἔσεσθαι
1076 5622 1468 5693 φανταζόμενοι
1512 5620 1580 5674 τά
1618 5621 1759 5679 κατά
1796 5623 1885 5677 τὸν

393 5788 406 5815 ι
433 5783 591 5841 Deut.
620 5800 793 5851 χχχιι,
821 5782 910 5838 ‘21.
988 5785 1005 5815 ¹
1033 5781 1138 5839 Isa.
1174 5798 1227 5846 κ,
1265 5782 1351 5844 55,
1381 5780 1448 5837 54
1472 5798 1485 5847 ,
1509 5798 1588 5843 λι.
1620 5781 1763 5836 l-IO.

1991 4521 2101 4592 guli
2126 4564 2141 4586 ,
2184 4521 2279 4589 qui
2314 4520 2618 4575 ablactatus
2659 4518 2823 4574 tuerit
2850 4560 2864 4582 ,
2909 4534 3128 4573 manum
3174 4536 3330 4574 suam
3371 4521 3564 4576 mittet.

1993 4612 2111 4666 Non
2143 4611 2455 4673 nocebunt,
2492 4619 2547 4663 et
2579 4626 2688 4664 non
2721 4610 2973 4664 occident
3006 4611 3059 4664 in
3095 4611 3354 4666 universo
3384 4621 3569 4666 monte

1994 4707 2184 4754 sancto
2210 4714 2332 4753 meo
2360 4716 2373 4752 :
2408 4703 2535 4768 quia
2568 4699 2776 4768 repleta
2807 4707 2893 4753 est
2925 4707 3072 4752 terra
3116 4701 3345 4755 scientia
3380 4699 3535 4755 Domi
3555 4729 3569 4742 -

1993 4791 2048 4845 ni
2070 4830 2085 4854 ,
2119 4790 2261 4845 sicut
2289 4804 2446 4861 aquae
2469 4789 2641 4844 maris
2671 4788 3001 4859 aperientes.
3036 4789 3103 4843 Et
3130 4791 3237 4844 erit
3267 4790 3320 4844 in
3350 4790 3440 4845 die
3473 4789 3564 4843 illa

1994 4887 2151 4940 radix
2202 4884 2391 4951 .lesse,
2439 4894 2493 4940 et
2534 4885 2627 4956 qui
2677 4885 2854 4955 surgit
2895 4896 2955 4938 ut
3005 4884 3233 4954 imperet
3278 4882 3564 4953 gentibus,

1992 4979 2173 5049 ipsum
2225 4986 2415 5048 gentes
2458 4976 2925 5049 deprecabuntur,
2987 4983 3041 5030 et
3093 4975 3196 5029 erit
3254 4974 3564 5043 sepulcrum

1992 5043 2114 5142 ejus
2142 5043 2440 5142 gloriosum
2468 5074 2510 5126 '.
2531 5043 2563 5123 ἰ
2590 5043 2777 5141 Neque
2802 5070 2905 5142 ipsi
2933 5068 3101 5124 Judaei
3130 5069 3294 5122 alium
3319 5067 3566 5137 quemvis

1990 5181 2056 5219 ac
2133 5165 2419 5220 Christum
2490 5164 2561 5218 ibi
2636 5164 3068 5234 prophetizatum
3134 5161 3561 5226 intellexerunt,

1992 5256 2100 5312 nisi
2143 5256 2403 5311 nimirum
2444 5255 2815 5324 corporaliter
2830 5264 3052 5324 accepta
3079 5253 3244 5323 hujus
3266 5252 3565 5324 prophetia:

1995 5350 2248 5421 simplice
2280 5348 2460 5404 littera
2482 5388 2496 5411 ,
2523 5349 2577 5402 in
2604 5347 2894 5402 Dominum
2922 5335 3167 5402 nostrum
3189 5345 3374 5403 Iesum
3397 5346 3526 5401 Chri
3542 5374 3561 5385 -
3624 5354 3629 5359 ‘

1989 5451 2133 5498 stum
2158 5441 2316 5495 iidem
2342 5439 2602 5496 adhibere
2625 5447 2878 5495 renuant.
2899 5439 3011 5495 Nos
3045 5454 3177 5495 vero
3204 5440 3387 5494 onmia
3404 5439 3561 5510 juxta

1991 5533 2327 5606 prophetiam
2378 5532 2541 5604 digna
2586 5546 2710 5588 esse
2755 5532 2867 5588 Deo
2899 5547 3219 5602 persuasum
3250 5532 3515 5589 habentes
3539 5569 3557 5594 ,

1988 5628 2056 5683 de
2118 5626 2363 5682 moribus
2411 5625 2696 5681 hominum
2743 5624 3043 5681 Salvatoris
3091 5624 3266 5681 nostri
3322 5623 3555 5679 adventu
