4070 6464
633 361 764 417 1211

1303 357 1571 415 EUSEBll
1603 356 2091 415 CESARIENSIS
2126 355 2278 413 OPP.
2320 353 2518 410 PARS.
2556 353 2643 409 Ill.
2685 384 2756 395 —
2791 347 3208 406 EXEGETICA.

3757 344 3891 399 12η

628 473 698 528 ab
747 471 1053 542 iniquitatis
1104 469 1379 541 profundo
1425 470 1484 526 in
1533 471 2011 528 mansuetudinem
2066 486 2177 527 con

2299 468 2464 523 τόπον
2488 468 2588 538 τὴν
2615 467 2697 531 είς
2728 465 2821 520 τὸν
2853 464 3059 536 Κύριον
3081 461 3238 535 ἡμῶν
3279 461 3486 533 Ἰησοῦν
3516 461 3766 533 Χριστὸν
3795 461 3891 532 οὐχ

626 563 804 619 versis
845 563 960 618 haec
1003 561 1112 618 dici
1147 560 1526 618 credidimus:
1562 577 1708 617 nunc
1742 579 1919 633 usque
1949 562 2199 618 videntes

623 657 898 727 quomodo
939 663 993 710 et
1024 669 1131 726 qua
1166 655 1380 709 ratione
1414 653 1471 708 in
1502 653 1764 711 Ecclesiis
1791 670 1914 726 qua:
1943 661 2074 710 sunt
2104 670 2197 709 su-

623 760 720 815 per
751 756 953 800 terram
978 785 992 807 ,
1049 745 1286 798 adventu
1333 742 1462 799 Jesu
1495 745 1702 800 Christi
1737 761 1768 802 e
1814 745 1999 801 radice
2041 743 2198 801 Jesse

617 835 940 906 germinati,
995 835 1241 906 plerique
1292 835 1572 890 hominum
1621 835 1996 892 transformati
2046 837 2192 903 sint,

617 935 782 996 atque
811 935 1002 980 natura
1036 942 1134 981 sua
1163 928 1434 983 immutati
1465 929 1617 998 prius
1649 928 1845 992 ferina,
1878 943 2006 982 cum
2033 930 2193 999 quasi

616 1019 729 1087 lupi
774 1018 958 1086 prius.
995 1026 1049 1072 ct
1083 1018 1235 1087 pardi
1266 1027 1320 1073 et
1355 1020 1539 1075 leones
1563 1060 1578 1084 ,
1616 1029 1923 1090 caeteraque
1953 1019 2191 1076 ferarum

615 1117 670 1164 et
711 1111 1049 1180 serpentium
1093 1125 1293 1179 genera
1350 1111 1635 1176 viverent,
1692 1112 1835 1168 sicut
1887 1128 1983 1168 eos
2033 1113 2193 1183 juxta

614 1204 893 1271 propriam
960 1203 1228 1272 cujusque
1283 1202 1545 1256 malitiam
1605 1212 1658 1258 et
1719 1203 2064 1274 iniquitatem
2124 1219 2191 1258 ex

616 1295 867 1366 analogia
914 1296 1198 1366 prophetia
1236 1304 1416 1350 vocat.
1451 1295 1552 1363 Qui
1582 1308 1636 1351 et
1667 1299 1920 1353 conversi
1945 1307 2000 1354 et
2030 1298 2188 1368 quasi

612 1388 986 1460 transfigurati
1046 1390 1101 1443 in
1165 1397 1378 1444 tantum
1441 1390 1884 1447 mansuetudinis
1944 1391 2188 1462 provecti

611 1487 772 1546 sunt,
829 1491 886 1535 ut
939 1483 1101 1536 simul
1156 1493 1529 1553 pascerentur,
1577 1483 1824 1538 eamdem
1870 1492 2186 1539 sanctorum

611 1571 707 1628 Dei
739 1575 1029 1628 verborum
1077 1590 1261 1629 escam
1305 1576 1652 1631 comedentes
1688 1591 1813 1630 cum
1855 1575 2188 1631 mansuetis—

610 1665 765 1720 simis
794 1666 904 1719 vita
943 1663 1032 1720 Dei
1067 1667 1198 1722 viris
1229 1666 1416 1736 justis,
1447 1682 1586 1736 quos
1621 1673 1845 1737 propter
1873 1666 2036 1720 talem
2071 1667 2186 1721 ani-

609 1772 707 1812 ma
743 1757 1108 1812 innocentiam
1146 1759 1372 1829 privatis
1398 1767 1452 1814 et
1481 1758 1943 1815 mansuetissimis
1975 1759 2185 1812 anima-

2297 558 2622 631 ὁμολογοῦσι
2657 558 2858 613 πίστιν·
2885 558 3048 628 ἡμεῖς
3074 554 3120 608 δ’
3149 554 3247 608 ὅλα
3269 552 3338 606 τά
3367 550 3510 606 κατὰ
3540 552 3644 622 τὴν
3672 567 3890 623 προφη-

2295 652 2446 706 τείαν
2487 651 2614 718 ἀξια
2652 645 2792 704 εἶναι
2836 648 2968 703 Θεοῦ
3005 646 3335 717 πειθόμενοι,
3373 645 3500 715 περὶ
3535 643 3768 715 τροπῶν
3801 644 3892 697 ἀν-

2297 742 2582 814 θρωπείων
2613 741 2724 796 τῶν
2751 739 2842 794 διὰ
2859 740 2958 811 τῆς
2979 737 3303 808 ἐπιφανείας
3326 735 3419 789 τοῦ
3445 735 3708 806 Σωτῆρος
3735 733 3891 803 ἡμῶν

2293 837 2404 890 ἀπὸ
2435 836 2527 890 τοῦ
2559 835 2752 907 βάθους
2789 833 2890 904 τῆς
2932 833 3130 896 κακίας
3169 832 3248 894 είς
3289 830 3605 901 ἡμερότητα
3643 826 3888 898 μεταϐεο

2295 928 2570 998 ϐληκότων
2589 927 2760 982 ταῦτα
2786 924 3042 994 λέγεσθαι
3067 921 3530 992 πεπιστεύκαμενο
3562 919 3643 973 ἔτι
3672 919 3772 971 καὶ
3793 917 3887 971 νῦν

2292 1019 2526 1093 δρῶντες
2555 1018 2673 1083 πῶς
2698 1017 2794 1072 καὶ
2816 1016 2940 1070 τίνα
2962 1015 3161 1087 τρόπον
3187 1015 3244 1067 ὲν
3266 1015 3386 1076 ταῖς
3408 1010 3550 1066 κατά
3569 1011 3672 1082 τὴν
3703 1012 3884 1062 οίκουο

2296 1114 2464 1185 μένην
2497 1114 2577 1186 [ἐν
2600 1111 2742 1185 ταῖς]
2773 1110 3120 1182 Ἐκκλησίαις
3160 1113 3296 1180 μετά
3325 1105 3419 1178 τὴν
3442 1105 3757 1176 παρουσίαν
3788 1101 3879 1156 τοῦ

2294 1208 2359 1260 ἐκ
2386 1207 2484 1278 τῆς
2520 1205 2676 1279 ῥίζης
2703 1203 2763 1273 (f.
2795 1203 2865 1258 48
2889 1203 2964 1274 νο)
3010 1201 3206 1254 Ἰεσσαὶ
3243 1197 3675 1271 βεϐλαστηκότος
3707 1195 3878 1265 Ἰησοῦ

2292 1297 2621 1372 Χριστοῦ,οἱ
2658 1295 2842 1350 πολλοὶ
2886 1295 2995 1348 τῶν
3044 1291 3344 1364 ἀνθρώπων
3395 1287 3875 1362 μετεπλάσθησαν,

2289 1392 2386 1446 καὶ
2428 1390 2526 1462 τὴν
2577 1389 2738 1460 φύσιν
2775 1387 2945 1458 αὐτὴν
2973 1386 3081 1440 ἀπὸ
3111 1383 3206 1438 τοῦ
3235 1381 3532 1454 θηριώδους
3578 1379 3876 1451 μετέϐαλον

2291 1483 2431 1555 βίου,
2467 1483 2620 1537 λύκοι
2651 1483 2792 1546 τινὲς
2829 1481 2982 1544 ὄντες
3023 1479 3086 1532 τὸ
3137 1478 3420 1550 πρότερον,
3441 1475 3535 1528 καὶ
3580 1473 3877 1546 παρδάλεις

2287 1574 2380 1627 τὸν
2411 1574 2606 1628 τοιονδὶ
2640 1573 2859 1646 τρόπον,
2885 1571 3099 1634 λέοντές
3130 1585 3187 1622 τε
3217 1569 3309 1622 καὶ
3323 1568 3424 1621 ὅσα
3451 1565 3585 1619 ἄλλα
3616 1564 3787 1636 θηρία
3816 1581 3874 1618 τε

2289 1667 2384 1720 καὶ
2415 1667 2620 1739 ἑρπετά
2652 1669 2771 1721 κατ’
2801 1665 3090 1734 ἀναλογίαν
3129 1663 3230 1733 τῆς
3272 1661 3328 1712 ὲν
3367 1658 3583 1729 ἑκάστῳ
3620 1656 3874 1726 ποικίλης

2287 1757 2487 1820 κακίας
2514 1774 2574 1810 τε
2609 1759 2700 1811 καὶ
2733 1756 2994 1828 πονηρίας
3030 1757 3064 1824 ἡ
3100 1750 3404 1826 προφητεία
3447 1747 3775 1816 καταλέγειο
3823 1746 3872 1798 οΖ

611 1847 791 1911 libus,
829 1858 992 1920 atque
1036 1850 1358 1906 lactentibus
1401 1851 1585 1920 pueris
1625 1849 1844 1904 divinus
1883 1850 2177 1921 aequiparal

2289 1851 2383 1902 καὶ
2433 1848 2790 1920 μεταθέμενοι
2837 1847 2932 1902 καὶ
2977 1843 3218 1914 ὡσπερεὶ
3269 1837 3766 1912 μεταπλασθέντες,
3793 1839 3871 1901 είς

611 1956 812 1996 sermo.
865 1943 923 1997 Si
969 1948 1092 2012 quis
1145 1943 1289 1997 haud
1340 1942 1501 1997 facile
1551 1941 1667 1997 haec
1716 1941 1986 2012 accipiat,
2038 1943 2186 1998 dicat

607 2034 882 2103 quomodo
913 2036 1071 2089 aliter
1099 2052 1129 2091 e
1163 2051 1328 2090 sensu
1375 2034 1651 2089 communi
1695 2034 1840 2088 hunc
1882 2035 2058 2106 possit
2096 2037 2183 2090 in-

607 2127 895 2194 terpretari
937 2127 1138 2182 locum.
1185 2127 1551 2191 Quamobrem
1599 2126 1766 2196 igitur
1810 2133 1863 2181 et
1910 2127 2185 2197 quomodo

606 2211 850 2272 Libanus
883 2233 1008 2272 cum
1038 2217 1273 2273 excelsis
1304 2217 1505 2271 cadet?
1535 2216 1821 2284 Quomodo
1847 2233 1954 2272 non
1983 2219 2185 2289 allego-

606 2309 720 2364 rice
743 2310 976 2380 accipiet
1016 2324 1193 2380 neque
1240 2309 1488 2380 virgam,
1543 2325 1722 2380 neque
1770 2309 1958 2366 ﬂorem
2003 2325 2070 2366 ex
2116 2327 2182 2366 ea

605 2403 1094 2472 germinaturum?
1157 2401 1426 2458 Ostendat
1483 2401 1758 2472 quomodo
1821 2403 2183 2474 corporaliter

603 2493 754 2564 virga
799 2509 1089 2565 egressura
1129 2496 1198 2550 de
1232 2496 1418 2550 radice
1459 2491 1616 2552 Jesse
1659 2493 1900 2558 dicatur,
1935 2502 1990 2548 et
2035 2494 2180 2550 unde

601 2582 706 2641 ﬂos
731 2601 764 2642 e
793 2585 978 2640 radice
1007 2586 1128 2654 ejus
1157 2601 1512 2641 ascensurus.
1552 2583 1608 2638 Si
1640 2593 1820 2640 autem
1841 2627 1856 2650 ,
1888 2587 2035 2656 quod
2066 2602 2182 2656 per-

602 2676 820 2733 dillicide
846 2685 963 2742 est,
993 2678 1062 2732 de
1091 2678 1176 2732 bis
1208 2677 1720 2747 interpretationem
1748 2676 2008 2732 exhibere
2038 2677 2179 2730 nita-

601 2781 712 2837 tur,
746 2771 964 2826 attende
997 2786 1180 2824 annon
1211 2769 1437 2840 pulchre
1471 2768 1630 2822 nobis
1657 2775 1712 2822 et
1741 2768 1949 2838 reliqua
1981 2765 2176 2821 Salva-

599 2866 739 2921 toris
786 2864 962 2920 nostri
1008 2863 1244 2918 adventu
1286 2861 1502 2932 plenum
1551 2868 1806 2915 eventum
1860 2859 2172 2915 habuerint.

601 2959 735 3024 Qum
779 2966 835 3013 et
885 2964 1253 3027 congruenter
1299 2970 1422 3008 cum
1469 2953 1754 3024 prolihetia
1804 2952 2168 3017 advenerunt,

603 3047 903 3104 confractis
937 3063 968 3101 a
1001 3047 1231 3102 Domino
1260 3043 1499 3100 Sabaoth
1536 3043 1742 3115 prioris
1773 3044 2170 3129 populiquon-

600 3137 727 3193 dam
759 3139 1070 3202 nobilibus,
1101 3154 1240 3208 quos
1271 3146 1324 3193 et
1353 3137 1596 3192 elevatos
1639 3135 1784 3189 facta
1825 3136 1882 3189 in
1917 3133 2170 3189 Salvato-

598 3247 714 3287 rem
747 3241 993 3288 nostrum
1026 3231 1226 3301 injuria
1246 3271 1260 3296 ,
1291 3230 1652 3286 conterendos
1681 3237 1734 3284 et
1766 3228 2133 3283 humiliandos
2153 3268 2168 3293 ,

599 3333 654 3380 et
685 3323 1019 3393 dejiciendos
1049 3339 1172 3379 esse
1204 3324 1558 3392 praenuntiat.
1595 3320 1731 3376 Cum
1784 3319 1890 3374 illis
1919 3329 1972 3374 et
2010 3317 2203 3373 l.iba--'

600 3433 730 3471 num
775 3417 1158 3487 prolapsorum
1192 3414 1474 3485 Scriptura
1515 3414 1668 3469 dicit.
1715 3412 1804 3468 Sic
1849 3413 1994 3468 enim
2043 3428 2178 3467 con-

601 3517 855 3566 sueverat
885 3507 1185 3564 Jerusalem
1214 3517 1560 3578 veteremque
1612 3507 1886 3578 quondam
1928 3506 2001 3562 ibi
2041 3508 2177 3561 cele-

599 3595 814 3649 bratum
853 3596 1057 3650 cultum
1086 3595 1374 3666 allegorice
1403 3595 1723 3661 nominare;
1756 3601 1815 3649 ut
1853 3603 2068 3652 constat
2109 3611 2173 3649 cx

603 3686 696 3739 illo
719 3684 1020 3742 Ezechielis
1047 3687 1168 3740 loco
1189 3731 1202 3751 ,
1228 3687 1318 3741 ubi
1346 3686 1552 3740 dictum
1581 3695 1665 3742 est
1693 3706 1703 3740 :
1739 3704 1758 3738 ι
1789 3687 1982 3756 Aquila
2013 3701 2175 3757 gran-

603 3777 710 3842 dis,
742 3793 1062 3847 magnarum
1093 3779 1336 3842 alarum,
1377 3778 1539 3850 longo
1568 3779 1940 3834 membrorum
1969 3777 2168 3842 ductu,

601 3871 762 3941 plena
793 3871 994 3940 plumis
1022 3879 1075 3926 et
1104 3873 1398 3935 varietate,
1433 3887 1553 3942 quae
1588 3872 1752 3927 habet
1785 3871 2172 3927 auctoritatem

603 3961 942 4033 ingrediendi
972 3963 1025 4017 in
1057 3963 1323 4018 Libanum
1345 4004 1360 4030 ,
1391 3972 1444 4018 et
1471 3964 1671 4019 evulsit
1699 3971 1889 4019 tenera
1916 3963 2063 4019 cedri
2094 3966 2167 4017 ί.»

602 4057 669 4113 Ει
705 4059 820 4114 haec
858 4061 976 4130 ipsa
1013 4060 1272 4130 deinceps
1323 4061 1624 4132 explanans
1674 4062 1816 4118 idem
1865 4063 2126 4134 propheta
2152 4101 2167 4128 ,

599 4154 784 4216 aperte
833 4146 1100 4203 Libanum
1152 4164 1278 4204 esse
1328 4148 1633 4206 Jerusalem
1683 4152 1876 4208 edocet
1930 4153 2168 4209 dicens:

603 4256 625 4291 ι
646 4236 745 4292 Fili
763 4238 1001 4296 hominis
1019 4282 1034 4304 ,
1052 4241 1140 4296 dic
1168 4242 1234 4296 ad
1252 4241 1473 4297 domum
1506 4253 1920 4314 exasperantem
1943 4266 1955 4300 :
1981 4245 2173 4302 Nesci-

598 4332 672 4387 tis
713 4332 843 4401 quid
881 4332 986 4388 ista
1021 4332 1362 4404 signiﬁcent?
1395 4333 1492 4390 Dic
1513 4376 1527 4398 ,
1557 4335 1693 4390 Cum
1720 4339 1930 4392 venerit
1959 4355 2052 4394 rex
2078 4339 2176 4394 Ba-

597 4422 816 4494 bylonis
841 4425 896 4478 in
923 4422 1225 4480 Jerusalem
1247 4466 1261 4490 ,
1285 4434 1338 4480 et
1356 4437 1601 4483 assumet
1618 4444 1800 4499 regem
1822 4441 1875 4484 et
1896 4431 2172 4501 principes

599 4516 721 4586 ejus
751 4521 791 4570 ³.
819 4538 837 4570 ι
868 4517 1215 4574 Manifestum
1253 4527 1338 4575 est
1377 4521 1547 4590 igitur
1581 4521 1724 4592 quod
1763 4530 1817 4577 et
1856 4522 1972 4593 ipse
2008 4523 2172 4578 Liba-

600 4621 707 4661 nus
737 4610 1218 4677 postexcelsorum
1236 4610 1494 4680 injuriam
1517 4613 1718 4668 cecidit
1740 4611 2041 4670 Salvatoris
2063 4631 2164 4670 no-

598 4697 699 4752 stri
732 4697 966 4754 adventu
997 4700 1064 4755 de
1079 4701 1263 4757 radice
1287 4699 1440 4758 Jesse
1455 4704 1567 4758 nati
1593 4722 1608 4771 ;
1639 4705 1695 4759 in
1738 4721 1847 4776 quo
1889 4708 2158 4778 requievit

599 4787 890 4857 plenitudo
927 4789 1196 4846 donorum
1236 4795 1412 4850 sancti
1462 4793 1730 4867 Spiritus,
1757 4797 1851 4868 qui
1888 4809 1943 4854 et
1970 4815 2169 4856 rursus

595 4879 777 4934 veniet
805 4883 1045 4936 secunda
1072 4892 1127 4938 et
1157 4887 1420 4956 prmclara
1444 4888 1918 4957 manifestatione,
1946 4910 2057 4949 non
2087 4911 2170 4951 se-

593 4970 835 5026 cundmn
865 4975 1177 5043 opinionem
1200 4978 1455 5047 judicans
1476 5024 1491 5050 ,
1523 5000 1542 5034 ι
1569 4981 1866 5038 Personam
1893 4987 2038 5041 enim
2068 4987 2168 5043 ho-

597 5062 762 5118 minis
804 5061 946 5120 Deus
986 5081 1095 5121 non
1137 5070 1340 5140 accipit
1370 5072 1391 5104 ³
1422 5053 1491 5140 »ξ
1524 5089 1700 5147 neque
1738 5079 2038 5134 secundum
2079 5081 2162 5136 lo-

591 5153 813 5221 quelam
853 5155 1190 5227 redarguens
1220 5179 1234 5215 :
1270 5180 1289 5213 ι
1323 5162 1592 5221 Scrutans
1628 5169 1774 5224 enim
1803 5178 1890 5226 est
1918 5187 2078 5228 renes
2111 5179 2169 5226 et

589 5244 792 5309 corda,
831 5255 885 5301 et
921 5249 1238 5320 pertingens
1277 5269 1454 5324 usque
1491 5257 1558 5312 ad
1599 5259 1930 5318 divisionem
1970 5263 2168 5319 anima:

591 5348 658 5387 ac
684 5335 910 5405 spiritus
929 5339 971 5397 ‘.
1005 5361 1023 5394 ι
1048 5340 1323 5400 Praeterea
1351 5362 1474 5401 cum
1501 5350 1615 5417 jam
1642 5350 1787 5407 facta
1814 5360 1899 5409 est
1929 5353 2049 5424 ejus
2081 5354 2169 5408 in-

591 5427 868 5493 carnatio,
899 5447 1063 5500 quam
1094 5434 1382 5491 verissime
1410 5440 1618 5509 repleta
1646 5453 1732 5499 est
1759 5453 1906 5500 terra
1937 5443 2166 5500 scientia

594 5515 834 5582 Domini,
867 5537 975 5576 non
1001 5523 1113 5592 jam
1142 5527 1273 5581 solis
1303 5526 1508 5586 Judzeis
1532 5547 1656 5587 eum
1685 5535 2164 5606 cognoscentibus.

593 5608 751 5665 Tunc
779 5612 944 5666 etiam
975 5617 1272 5686 pleniorem
1313 5631 1570 5680 eventum
1608 5626 1801 5683 habuit
1841 5629 2164 5701 prophetia,

2285 1938 2540 1993 τοσοῦτον
2576 1938 2914 2010 ἡμερότητος
2955 1937 3183 2008 ἡλασαν,
3227 1933 3302 1996 ὼς
3336 1929 3744 2003 συμϐόσκεσθαι
3775 1931 3871 1983 αύ-

2285 2033 2410 2096 τοὺς
2449 2032 2548 2103 τὴν
2578 2032 2748 2103 αὐτὴν
2781 2030 3035 2093 ἔσθοντας
3072 2028 3180 2082 τῶν
3213 2026 3375 2098 ίερῶν
3401 2025 3495 2079 τοῦ
3526 2023 3663 2078 Θεοῦ
3695 2023 3868 2092 λόγων

2285 2124 2491 2196 τροφὴν
2527 2127 2641 2187 τοῖς
2679 2121 3054 2194 ἡμερωτάτοις
3090 2121 3158 2174 τὰ
3205 2119 3310 2189 ῆθη
3359 2118 3587 2181 δικαίοις
3637 2117 3866 2188 ἀνδράσι

2280 2213 2375 2271 τοῦ
2405 2214 2561 2280 Θεοῦ,
2594 2214 2686 2280 οὒς
2723 2216 2810 2268 διὰ
2840 2215 2939 2286 τὴν
2963 2213 3166 2268 τοιανδὶ
3190 2213 3289 2283 τῆς
3310 2211 3487 2280 ψυχῆς
3511 2211 3752 2264 ἀκακίαν
3785 2227 3864 2265 τι-

2282 2310 2504 2375 θασσοῖς
2541 2310 2633 2364 κα)⁸
2673 2309 3047 2380 ἡμερωτάτοις
3081 2305 3260 2373 ζώοις,
3289 2308 3401 2370 τοῖς
3432 2322 3490 2358 τε
3514 2307 3867 2376 ἀναγεγραμο

2284 2402 2467 2472 μένοις
2498 2400 2736 2456 ἐνταῦθα
2766 2401 3000 2466 παιδίοις
3032 2403 3061 2454 6
3095 2400 3236 2464 θεῖος
3275 2399 3541 2453 ἀπείκασε
3575 2398 3758 2467 λόγος.
3803 2399 3864 2451 El

2278 2495 2334 2549 δὲ
2363 2495 2504 2566 πρὸς
2535 2494 2710 2549 ταῦτά
2740 2511 2825 2558 τις
2857 2493 3162 2558 δυσπειθῶς
3188 2493 3321 2564 ἔχοι,
3351 2492 3557 2561 λεγέτω
3585 2493 3634 2544 εί
3667 2485 3781 2544 οἷόν
3807 2508 3862 2543 τε

2278 2586 2452 2650 ἄλλως
2493 2585 2637 2640 κατὰ
2669 2585 2768 2658 τὴν
2807 2587 3100 2658 πρόχειρον
3130 2585 3368 2640 διάνοιαν
3410 2584 3602 2650 σώζειν
3645 2585 3750 2656 τὴν
3782 2586 3864 2638 λέ-

2280 2676 2379 2743 ξιν·
2403 2677 2489 2731 διὰ
2519 2679 2570 2731 τί
2595 2677 2704 2749 γὰρ
2733 2676 2764 2748 ἣ
2795 2678 2888 2732 καὶ
2916 2677 3033 2740 πῶς
3065 2679 3094 2730 ό
3115 2677 3343 2741 Λίϐανος
3377 2677 3473 2730 σὺν
3501 2679 3619 2740 τοῖς,
3637 2676 3863 2747 ὑψηλᾶς

2278 2770 2560 2833 “trauehat;
2606 2767 2698 2838 Μὴ
2741 2767 3140 2839 τροπολογείτω
3197 2768 3255 2820 δὲ
3303 2767 3440 2839 μήτε
3491 2767 3591 2838 τὴν
3640 2766 3858 2836 ῥάϐδον,

2280 2859 2413 2932 μηδὲ
2439 2859 2501 2913 τὸ
2533 2862 2598 2912 ὲκ
2626 2860 2830 2929 ταύτης
2861 2859 3038 2922 ἄνθοςο
3069 2857 3203 2912 ἀλλὰ
3230 2859 3491 2911 δεικνύτω
3528 2859 3644 2922 πῶς
3679 2875 3860 2928 σωμαο

2275 2953 2402 3024 τικὴ
2435 2950 2630 3021 ῥάϐδος
2657 2950 3036 3017 ἐξελεύσεσθαι
3064 2951 3129 3004 ὲκ
3152 2951 3252 3020 τῆς
3277 2950 3432 3022 ῥίζης
3478 2949 3682 3003 Ἰεσσαὶ
3710 2949 3863 3019 λέγει

2274 3063 2386 3110 ται,
2423 3045 2517 3098 καὶ
2548 3046 2792 3098 ποταπὸν
2828 3044 2987 3108 ἄνθος
3012 3044 3379 3116 ἀναϐήσεσθαι
3405 3043 3464 3108 ἐξ
3489 3044 3677 3114 αὐτῆς.
3712 3045 3775 3098 Εἰ
3804 3045 3861 3098 δὲ

2274 3138 2368 3192 καὶ
2407 3136 2496 3190 τὸν
2538 3136 2680 3190 πάνυ
2727 3135 2960 3208 σκληρὸν
3008 3134 3182 3190 ταῦτα
3223 3137 3315 3189 ἐπὶ
3359 3136 3598 3190 διάνοιαν
3653 3136 3862 3190 ἀνιέναι

2278 3229 2546 3300 βιάζεται,
2570 3231 2672 3303 ὅρα
2703 3231 2751 3283 εί
2779 3230 2852 3302 μὴ
2888 3229 3069 3292 καλῶς
3091 3230 3224 3302 ἡμῖν
3256 3230 3349 3284 καὶ
3378 3230 3447 3282 τά
3477 3230 3642 3284 λοιπά
3676 3234 3771 3284 ἐπὶ
3795 3237 3860 3303 τῇ

2273 3320 2368 3375 τοῦ
2397 3323 2646 3394 Σωτῆρος
2672 3322 2828 3394 ἡμῶν
2855 3322 3125 3393 παρουσίᾳ
3157 3321 3294 3376 κατά
3321 3323 3558 3378 διάνοιαν
3591 3327 3861 3396 παρίστα-

2274 3432 2366 3470 ται
2407 3414 2846 3486 πεπληρωμένα·
2885 3414 2920 3469 ἃ
2959 3417 3054 3470 καὶ
3087 3416 3394 3480 ἀκολούθως
3439 3421 3503 3488 τῇ
3552 3421 3880 3491 προφητείᾳ,

2274 3507 2468 3577 γέγονε
2525 3509 2662 3578 μετά
2709 3508 2770 3562 τὸ
2820 3507 3150 3581 συνταράξαι
3199 3510 3403 3580 Κύριον
3457 3511 3686 3565 Σαϐαὼθ
3736 3514 3864 3576 τοὺς

2275 3600 2443 3656 πάλαι
2472 3599 2716 3667 ἐνδόξους
2744 3599 2837 3653 τοῦ
2871 3601 3136 3673 προτέρου
3176 3600 3328 3654 λαοῦ*
3365 3601 3457 3666 οὓς
3490 3605 3586 3657 καὶ
3620 3603 3864 3674 ύψωθένε-

2273 3708 2373 3755 τας
2410 3695 2474 3762 τῇ
2509 3692 2650 3745 κατά
2688 3690 2782 3744 τοῦ
2824 3691 3076 3763 Σωτῆρος
3121 3692 3278 3763 ἡμῶν
3313 3691 3467 3765 ῦϐρει
3508 3694 3865 3766 συντριϐήσε-

2276 3779 2399 3834 σθαι
2425 3781 2520 3834 καὶ
2540 3780 3068 3852 ταπεινωθήσεσθαι,
3087 3782 3181 3835 καὶ
3196 3783 3476 3836 πεσεῖσθαι
3502 3786 3858 3857 προφητεύει·

2277 3876 2374 3929 σὺν
2419 3876 2602 3938 αὐτοῖς
2647 3875 2703 3927 δὲ
2750 3876 2843 3928 καὶ
2886 3873 2976 3928 τὸν
3025 3874 3256 3931 Λίϐανον
3306 3877 3587 3931 πεσεῖσθαι
3627 3882 3655 3932 6
3702 3879 3862 3950 λόγος

2276 3967 2457 4038 φησίψ
2487 3966 2629 4019 οῦτω
2657 3965 2714 4019 δὲ
2743 3965 2862 4030 ἔθος
2899 3966 3047 4037 αύτῷ
3081 3967 3183 4038 τὴν
3231 3969 3587 4041 Ἰερουσαλὴμ
3626 3972 3722 4026 καὶ
3759 3974 3863 4044 τὴν

2274 4059 2444 4113 πάλαι
2495 4060 2757 4132 πρότερον
2808 4059 2865 4112 ὲν
2913 4059 3049 4131 αὐτῇ
3106 4061 3434 4132 σωματικῶς
3488 4063 3862 4136 ἀποτελουμέ-

2272 4171 2372 4225 νην
2420 4152 2677 4226 λατρείαν
2725 4152 3044 4224 ὀνομάζεινο
3087 4153 3164 4217 ὡς
3211 4154 3366 4226 δῆλόν
3413 4157 3561 4210 ἐστιν
3608 4158 3716 4210 ἀπὸ
3758 4160 3860 4212 τοῦ

2273 4244 2559 4318 Ἰεζεκιὴλ,
2607 4246 2738 4302 ἔνθα
2789 4246 2980 4300 τοῦτον
3032 4246 3446 4318 ἀναγέγραπται
3493 4249 3583 4303 τὸν
3632 4251 3858 4322 τρόπον·

2278 4358 2298 4392 ι
2351 4340 2409 4394 '0
2453 4339 2610 4404 ἀετὸς
2649 4342 2678 4394 6
2729 4340 2902 4411 μέγας
2943 4343 2972 4394 6
3020 4341 3516 4412 μεγαλοπτέρυγος,
3561 4344 3590 4395 6
3642 4347 3860 4417 μακρὸς

2270 4433 2337 4502 τῇ
2392 4431 2638 4497 ἐκτάσει,
2698 4431 2913 4504 πλὴρης
2968 4433 3195 4504 ὀνύχων,
3249 4432 3308 4496 ὃς
3365 4431 3477 4503 ἔχει
3538 4435 3602 4488 τὸ
3661 4437 3864 4507 ἥγημα

2272 4524 2532 4579 εἰσελθεῖν
2579 4527 2660 4590 είς
2703 4524 2793 4578 τὸν
2838 4526 3091 4590 Λίϐανον,
3142 4527 3236 4580 καὶ
3280 4526 3438 4581 ἔλαϐε
3480 4530 3548 4582 τὰ
3595 4530 3863 4586 έπίλεκτα

2273 4615 2376 4686 τῆς
2398 4616 2610 4688 κέδρου.
2636 4635 2654 4668 ι
2688 4615 2956 4672 Ἐπιλύων
2988 4618 3120 4688 γοῦν
3150 4619 3250 4691 τὴν
3287 4620 3603 4692 παραϐολὴν
3631 4624 3799 4686 αὐτὸς
3832 4627 3864 4678 6

2277 4709 2612 4780 προφητικὸς
2654 4708 2810 4777 λόγος
2843 4710 3031 4780 σαφῶς
3061 4711 3152 4764 τὸν
3185 4697 3415 4768 Λίϐανον
3453 4713 3549 4785 τὴν
3587 4715 3866 4787 Ἰερουσαο

2275 4799 2388 4872 λὴμ
2411 4800 2672 4867 διδάσκει,
2706 4802 2881 4873 λέγων
2899 4820 2914 4832 '
2941 4824 2961 4856 ι
2989 4805 3086 4858 Υἱὲ
3112 4804 3421 4877 ἀνθρώπου,
3445 4809 3598 4862 εἰπὸν
3625 4810 3689 4881 δὴ
3717 4812 3861 4882 πρὸς

2273 4892 2368 4947 τὸν
2402 4889 2550 4947 οἷκον
2602 4894 2696 4948 τὸν
2744 4896 3282 4967 παραπικραίνοντα·
3314 4899 3427 4952 Ούκ
3472 4899 3766 4954 ἐπίστασθε
3801 4903 3861 4956 τί

2271 4981 2341 5057 ἦν
2369 4985 2576 5052 ταῦτα;
2623 4987 2813 5053 εἰπὸν,
2854 4990 3021 5042 Ὅταν
3065 4987 3192 5061 ἔλθῃ
3244 4988 3494 5060 βασιλεὺς
3533 4991 3862 5057 Βαϐυλῶνος

2273 5078 2369 5132 ἐπὶ
2397 5079 2772 5152 Ἰερουσαλὴμ,
2799 5081 2895 5134 καὶ
2923 5080 3151 5152 λήψεται
3183 5083 3274 5136 τὸν
3306 5082 3527 5153 βασιλέα
3559 5085 3731 5155 αὐτῆς
3757 5089 3863 5139 καὶ

2272 5172 2400 5234 τοὺς
2423 5170 2688 5242 ἄρχοντας
2718 5171 2910 5242 αὐτῆς.
2943 5191 2962 5224 ι
2990 5173 3260 5245 Πρόδηλον
3291 5170 3384 5228 οὖν
3407 5175 3555 5238 ὅπως
3579 5176 3673 5228 καὶ
3694 5169 3864 5240 οὗτος

2271 5266 2301 5318 6
2334 5265 2566 5329 Λίϐανος
2589 5266 2730 5337 μετὰ
2752 5265 2862 5320 τῶν
2894 5265 3113 5337 ὑψηλῶν
3145 5271 3209 5338 τῇ
3243 5266 3398 5340 ὕϐρει
3428 5269 3863 5340 περιπέπτωκεν

2271 5357 2366 5411 ἐπὶ
2401 5359 2468 5428 τῇ
2523 5357 2796 5429 παρουσία
2838 5357 2932 5411 τοῦ
2988 5359 3054 5412 ἐκ
3113 5357 3270 5428 ῥίζης
3310 5359 3507 5412 Ἰεσσαὶ
3553 5359 3862 5430 γενομένου

2277 5449 2530 5520 Σωτῆρος
2561 5448 2745 5520 ἡμῶνο
2781 5451 2865 5520 ἐφ’
2894 5449 2955 5504 ὃν
2981 5452 3074 5504 καὶ
3115 5451 3459 5506 ἀνεπαύσατο
3485 5454 3518 5522 ἡ
3572 5451 3860 5524 τελειότης

2275 5539 2382 5593 τῶν
2425 5539 2521 5594 τοῦ
2550 5542 2708 5609 ἁγίου
2751 5541 3068 5612 Πνεύματος
3104 5543 3480 5616 χαρισμάτων,
3518 5544 3578 5608 ὃς
3612 5546 3702 5598 καὶ
3734 5545 3860 5598 elo—

2273 5629 2432 5694 αῦθις
2458 5632 2738 5688 ἐλεύσεται
2759 5634 2899 5688 κατά
2926 5634 3024 5706 τὴν
3045 5635 3304 5708 δευτέραν
3330 5638 3424 5691 καὶ
3444 5636 3652 5704 ἔνδοξον
3677 5637 3860 5693 αὐτοῦ

662 5791 677 5807 ⁸
708 5788 905 5849 Ezech.
936 5809 1069 5860 xvn,
1097 5796 1149 5852 3.
1227 5801 1247 5830 '
1272 5801 1408 5856 ibid.
1444 5801 1528 5857 12.
1609 5804 1628 5835 ³
1661 5803 1777 5858 Gal.
1808 5821 1866 5873 ιι,
1889 5805 1940 5862 6.
2024 5807 2040 5836 ⁸
2065 5805 2232 5876 Apoc.
2261 5823 2320 5871 Il,
2353 5808 2452 5875 25;
2492 5808 2654 5865 Hebr.
2694 5826 2766 5876 Iv,
2805 5812 2885 5866 1‘2.
