4070 6464
298 279 440 336 1213

1389 285 1683 343 ECLOGAE
1716 287 2200 344 PROPHETICE.
2235 288 2364 344 LIB.
2403 289 2493 346 Π.

3404 291 3542 348 1214

292 405 616 474 παρουσίαν,
645 405 707 458 οὑ
741 403 882 458 κατά
923 407 1023 477 τὴν
1061 406 1222 472 δόξαν
1251 407 1566 480 κρινοῦντος
1586 428 1599 440 ο
1642 428 1661 462 ε
1689 410 1861 482 Πρόσ-

1970 424 2094 464 cum
2128 408 2466 478 plenitudine
2498 409 2739 480 gentium
2773 407 3116 480 ingrediente
3151 420 3276 460 cum
3316 404 3541 474 reliquis

290 512 442 549 ωπον
477 495 584 564 γὰρ
627 495 914 568 ἀνθρώπου
946 498 1078 563 Θεὸς
1103 500 1165 553 οὐ
1212 499 1481 572 λαμϐάνει
1502 521 1517 534 ·
1545 522 1564 556 ι
1593 501 1706 556 ἀλλ’
1747 503 1869 557 οὐδέ

290 587 434 640 κατὰ
457 587 555 657 τὴν
577 587 765 641 λαλιὰν
794 589 1031 660 ἐλέγχων
1047 608 1091 641 οι
1114 590 1352 656 Ἑτάζων
1381 593 1490 664 γάρ
1512 594 1627 647 ἐστι
1643 593 1870 665 καρδίας

290 681 390 732 καὶ
417 682 668 752 νεφροὺς,
706 682 799 733 καὶ
831 680 1200 752 διικνούμενος
1229 682 1355 753 ἄχρι
1390 682 1656 755 μερισμοῦ
1689 684 1868 755 ψυχῆς

292 773 389 826 καὶ
417 771 748 842 πνεύματος.
775 792 793 823 ι
838 773 948 825 Καὶ
974 773 1065 825 ἐπὶ
1090 776 1156 844 τῇ
1203 775 1471 848 γενομένῃ
1512 777 1611 846 μὲν
1641 773 1733 829 οὖν
1764 778 1866 831 αὑ-

288 862 388 916 τοῦ
418 863 519 934 ήδη
547 864 810 935 πρότερον
838 865 1111 936 παρουσίᾳ
1146 864 1450 937 ἐνεπλήσθη
1482 866 1559 930 ὡς
1584 866 1798 937 ἀληθῶς
1831 870 1865 940 ἡ

299 953 364 1024 τῆ
394 952 488 1006 τοῦ
521 951 721 1022 γνῶναι
745 954 837 1006 τὸν
866 953 1090 1024 Κύριον,
1130 954 1358 1026 μηδενὸς
1408 956 1469 1008 τὸ
1511 957 1642 1028 πρὶν
1675 958 1756 1012 ὅτι
1791 958 1867 1032 μὴ

289 1045 473 1115 μόνων
507 1044 615 1098 τῶν
645 1046 710 1098 ἐκ
757 1047 1060 1117 περιτομῆς
1093 1047 1470 1115 γινωσκόντων
1496 1049 1690 1102 αὐτόν’
1743 1050 1866 1104 τότε

285 1136 349 1190 δέ
382 1138 478 1190 καὶ
508 1137 706 1207 μᾶλλον
735 1139 816 1200 είς
846 1137 1022 1209 πέρας
1043 1138 1342 1210 ἀχθήσεται
1360 1141 1394 1210 ἡ
1429 1141 1754 1212 προφητεία,
1775 1142 1865 1196 ὅτε

285 1227 384 1281 τοῦ
437 1227 802 1299 πληρώματος
856 1227 965 1282 τῶν
1020 1228 1188 1282 ἐθνῶν
1235 1229 1566 1294 εἰσελθόντος
1605 1232 1703 1284 σὺν
1751 1233 1866 1296 τοῖς

285 1320 494 1385 λοιποῖς
513 1321 689 1375 ἔθνεσι
721 1325 815 1375 καὶ
851 1326 880 1376 ὁ
913 1326 1020 1387 πᾶς
1067 1322 1280 1394 Ἰσραὴλ
1315 1321 1638 1395 σωθήσεται,
1673 1326 1702 1376 ό
1733 1325 1867 1394 Χρι-

288 1414 417 1476 στὸς
444 1413 500 1466 δέ
539 1416 602 1466 ἐκ
646 1415 855 1486 νεκρῶν
897 1416 1136 1480 ἀναστὰς
1168 1417 1357 1487 ἄρχειν
1396 1415 1566 1470 ἐθνῶν
1622 1417 1726 1469 ὑπὸ
1769 1415 1863 1469 τοῦ

287 1504 426 1558 Θεοῦ
478 1506 818 1575 κατεστάθη,
856 1508 997 1562 κατὰ
1024 1509 1114 1571 τὺ,
1160 1527 1179 1560 ι
1203 1507 1313 1560 Καὶ
1353 1507 1566 1578 ἐσταιή
1603 1506 1727 1580 ῥίζα
1768 1506 1863 1560 τοῦ

301 1599 500 1650 Ἰεσσαὶ
529 1599 622 1651 καὶ
656 1601 684 1652 ὁ
705 1599 766 1662 (ι.
791 1599 882 1670 49)
912 1600 1268 1670 ἀνιστάμενος
1316 1598 1504 1671 ἄρχειν
1543 1599 1712 1652 ἐθνῶν
1735 1639 1750 1662 ,
1777 1599 1863 1652 ἐπ’

285 1689 437 1760 αὑτῷ
475 1689 600 1760 ἔθνη
650 1691 948 1745 ἐλπιοῦσιν.
976 1713 993 1743 ι
1027 1693 1167 1762 ’Όρα
1224 1691 1388 1759 γοῦν,
1434 1693 1510 1755 ὡς
1561 1692 1666 1746 οὐδ’
1727 1693 1865 1755 ὅλως

1974 501 2230 573 gentibus
2251 509 2306 556 et
2324 501 2503 556 omnis
2526 499 2693 556 lsrael
2719 500 3040 563 salvabitur,
3061 496 3315 552 Christus
3341 510 3372 549 a
3393 510 3542 549 mor-

1976 596 2083 651 tuis
2113 610 2408 664 resurgens
2438 593 2708 664 imperare
2739 592 2995 664 gentibus
3019 605 3049 644 a
3074 588 3183 644 Deo
3209 588 3542 644 constitutus

1971 696 2078 750 est,
2105 686 2262 755 juxta
2292 683 2425 739 illud
2460 703 2472 738 :
2501 701 2520 735 ‹
2545 682 2610 738 Ει
2634 684 2738 738 erit
2769 682 2918 736 radix
2949 681 3135 747 Jesse,
3168 690 3221 736 et
3245 680 3338 750 qui
3366 680 3541 750 surgit

1973 785 2033 830 ut
2059 777 2291 847 imperet
2322 775 2575 847 gentibus
2601 792 2615 838 ;
2651 775 2708 828 in
2739 789 2805 828 co
2831 784 3018 843 gentes
3048 773 3364 843 sperabunt.
3394 790 3414 824 ι
3443 772 3542 825 At.

1972 868 2134 923 tende
2173 868 2340 935 igitur
2381 867 2656 938 quomodo
2696 880 2806 918 non
2846 865 2935 919 hic
2972 864 3168 926 Israel,
3209 871 3303 918 aut
3338 861 3538 927 Iacob,

1973 968 2069 1014 aut
2101 959 2272 1015 Judas
2300 960 2676 1025 nominentur,
2709 957 2806 1013 sed
2844 964 3030 1027 aperte
3069 964 3287 1026 gentes,
3320 956 3373 1009 in
3413 969 3536 1010 eum

1973 1050 2070 1120 qui
2103 1059 2290 1121 surget
2340 1051 2408 1104 de
2451 1049 2636 1104 radice
2684 1045 2869 1113 Jesse,
2922 1056 3218 1118 speraturae
3263 1046 3540 1118 prOphcti-

1973 1151 2192 1205 αππιαν,
2227 1149 2566 1198 consonante
2597 1139 2700 1194 hoc
2728 1141 2848 1193 loco
2877 1155 3002 1194 cum
3035 1140 3103 1194 iis
3128 1142 3266 1209 apud
3301 1138 3541 1209 Moysem

1972 1235 2284 1290 (ﬁcentibus
2311 1254 2322 1290 :
2355 1252 2374 1287 ‹
2405 1234 2524 1290 Non
2564 1234 2841 1290 auferetur
2876 1239 3152 1302 sceptrum
3181 1231 3247 1286 de
3276 1229 3414 1286 Juda
3435 1271 3450 1296 ,
3482 1238 3539 1286 et

1972 1327 2088 1381 dux
2125 1326 2193 1382 de
2229 1327 2434 1383 femore
2470 1327 2626 1397 ejus,
2668 1327 2843 1381 donec
2880 1325 3064 1380 veniat
3101 1324 3194 1393 qui
3239 1322 3538 1377 mittendus

1971 1428 2091 1484 est,
2128 1426 2182 1472 et
2213 1419 2329 1488 ipse
2359 1419 2463 1473 erit
2493 1419 2830 1488 exspectatio
2863 1418 3100 1489 gentium
3135 1417 3150 1446 ²
3174 1456 3188 1480 ,
3224 1435 3243 1467 ›
3267 1430 3376 1468 non
3408 1427 3538 1470 vero

1972 1507 2162 1564 Israel.
2202 1509 2504 1578 Cujusnam
2544 1523 2671 1563 vero
2710 1509 2854 1562 alius
2890 1509 2994 1563 erit
3030 1507 3246 1576 requies
3284 1505 3338 1559 in
3386 1505 3540 1560 altis-

1972 1603 2128 1659 simis
2167 1601 2314 1672 apud
2355 1600 2524 1657 Deum
2557 1602 2862 1665 honorata,
2898 1601 3006 1655 nisi
3037 1600 3183 1653 illius
3211 1598 3300 1668 qui
3329 1606 3537 1668 patrem

1972 1696 2184 1751 audivit
2205 1695 2476 1750 dicentem
2498 1695 2601 1751 sibi
2628 1714 2641 1750 :
2671 1713 2690 1745 ι
2723 1692 2863 1750 Sede
2885 1708 2916 1746 a
2947 1691 3154 1748 dextris
3179 1691 3348 1750 meis.
3366 1691 3538 1745 donec

283 1783 521 1837 ἐνταῦθα
555 1784 790 1854 Ἰσραήλ,
835 1785 867 1856 ἢ
909 1783 1124 1848 Ἰακὼὸ,
1168 1783 1200 1853 ἢ
1263 1782 1460 1846 Ἰούδας
1508 1782 1861 1853 ὀνομάζεται,

1973 1802 2169 1857 ponam
2189 1786 2445 1840 inimicos
2467 1794 2591 1840 tuos
2628 1784 2925 1840 scabellum
2951 1782 3148 1852 pedum
3179 1790 3397 1836 tuorum
3423 1778 3483 1833 ’τ
3512 1797 3535 1831 ι

281 1877 472 1945 σαφῶς
509 1877 565 1930 δὲ
597 1877 667 1929 τὰ
715 1877 841 1948 ἔθνη
871 1879 962 1930 ἐπὶ
989 1879 1079 1930 τὸν
1121 1878 1187 1929 ἐκ
1221 1875 1377 1948 ῥίζης
1409 1877 1842 1948 ἀναστησόμενον
1875 1880 2073 1933 Ἰεσσαὶ
2110 1879 2316 1933 ἐλπιείν
2355 1877 2778 1951 προφητεύεται,
2816 1873 3141 1946 συνᾳδούσης
3175 1873 3274 1943 τῆς
3309 1868 3539 1926 ἐνταῦθα

279 1966 479 2033 λέξεως
504 1971 570 2039 τῇ
619 1968 772 2039 παρὰ
818 1969 1042 2022 Μωῢσεῖ
1088 1967 1389 2042 φασκούσῃ,
1419 1968 1574 2022 «Οὐκ
1607 1969 1845 2040 ἐκλείψει
1885 1971 2067 2043 ἄρχων
2101 1971 2160 2038 ἐξ
2202 1970 2392 2032 Ἰούδα,
2432 1970 2553 2023 ούδὲ
2592 1967 2888 2040 ἡγούμενος
2939 1968 3004 2019 ἐκ
3047 1965 3155 2018 τῶν
3201 1962 3389 2035 μηρῶν
3440 1962 3538 2017 αὒ-

279 2059 401 2122 τοῦ,
439 2059 543 2122 ἕως
571 2059 637 2114 ἂν
673 2061 799 2132 ἔλθη
840 2055 884 2128 ᾧ
930 2062 1253 2114 ἀπόκειται’
1289 2063 1384 2115 καὶ¹
1427 2061 1592 2126 αὐτὸς
1639 2065 1957 2136 προσδοκία,
1987 2087 2004 2118 ι
2035 2067 2156 2136 ούχὶ
2183 2065 2278 2119 τοῦ
2331 2064 2566 2137 Ἰσραὴλ,
2606 2061 2741 2117 ἀλλὰ
2783 2083 2801 2114 ι
2830 2061 2936 2115 τῶν
2974 2060 3161 2114 ἐθνῶν.
3193 2079 3210 2112 ι
3245 2060 3356 2112 Καὶ
3395 2057 3540 2122 τινος

274 2151 342 2204 ὁὶ
391 2151 554 2205 ἄλλου
612 2154 644 2223 ή
695 2155 1004 2217 ἀνάπαυσις
1049 2154 1107 2207 ἐν
1156 2155 1223 2224 τῇ
1293 2153 1555 2208 ἀνωτάτω
1609 2156 1764 2227 παρὰ
1809 2156 1926 2228 Θεῷ
1964 2158 2255 2228 γεγένηται
2305 2156 2528 2228 τιμῇ,ἢ
2584 2153 2678 2208 τοῦ
2721 2153 3052 2216 ἀκούσαντος
3097 2151 3344 2222 λέγοντος
3391 2150 3540 2223 αὐτῷ

275 2245 377 2298 τοῦ
407 2246 650 2318 Πατρός·
683 2265 702 2298 ι
726 2247 909 2301 Κάθου
936 2250 1001 2301 ἐκ
1019 2249 1208 2315 δεξιῶν
1236 2265 1359 2319 μου,
1392 2249 1498 2314 ἓως
1533 2250 1600 2305 ἂν
1629 2249 1706 2304 θῶ
1731 2251 1859 2316 τοὺς
1899 2252 2127 2324 ἐχθρούς
2159 2269 2256 2306 σου
2292 2251 2582 2305 ὑποπόδιον
2610 2247 2722 2303 τῶν
2758 2247 2935 2301 ποδῶν
2970 2264 3086 2301 σου.
3131 2267 3148 2297 ι

813 2364 1210 2418 ΚΕΦΑΛΑΙΟΝ
1257 2362 1332 2418 Θ’.

358 2468 377 2502 ι
405 2451 515 2504 Καὶ
551 2450 971 2521 διορθωθήσεται
1007 2452 1122 2522 μετ’
1154 2453 1338 2515 ἐλέους
1370 2454 1575 2525 θρόνος,
1607 2455 1702 2508 καὶ
1729 2456 1869 2510 καθ-

278 2546 442 2598 ιείται
502 2546 617 2613 μετ’
669 2543 792 2614 (sic)
859 2543 1026 2597 αὑτοῦ
1080 2545 1218 2615 μετά
1267 2547 1528 2618 ἀληθείας
1587 2552 1644 2601 ἐν
1693 2552 1866 2622 σκηνῇ

278 2634 466 2699 Δαυῒδ,
502 2635 703 2706 κρίνων
736 2636 830 2689 καὶ
879 2635 1124 2706 ἐκζητῶν
1155 2641 1352 2708 κρῖμα,
1383 2640 1476 2691 καὶ
1505 2639 1748 2693 σπεύδων
1792 2641 1871 2694 δι-

282 2727 600 2797 καιοσύνην.
635 2745 652 2777 ›
685 2727 819 2796 Περὶ
848 2727 947 2796 τῆς
976 2726 1234 2798 δευτέρας
1263 2728 1357 2780 τοῦ
1392 2729 1626 2800 Χριστοῦ
1661 2748 1865 2802 παρου-

282 2819 408 2882 σίας
443 2818 538 2872 και
571 2817 743 2873 ταῦτα
789 2819 1212 2890 προφητεύεται,
1263 2822 1498 2891 ὁπηνίκα
1529 2821 1623 2874 τοῦ
1673 2821 1807 2876 Θεοῦ
1834 2825 1864 2877 ὁ

284 2910 478 2979 Λόγος,
505 2908 892 2982 διορθωθείσης
945 2909 1093 2980 αὐτῷ
1132 2913 1248 2981 μετ’
1292 2912 1474 2976 ἐλέους
1521 2914 1616 2966 καὶ
1672 2914 1860 2983 φιλαν-

2591 2361 2822 2420 CAPUT
2860 2360 2954 2414 IX.

2047 2475 2067 2508 ι
2099 2456 2164 2511 Ει
2194 2455 2587 2527 praeparabitur
2614 2456 2669 2508 in
2695 2449 3073 2507 misericordia
3101 2449 3299 2504 solium
3319 2486 3334 2511 ,
3360 2454 3414 2502 et
3443 2462 3536 2503 se-

1969 2549 2118 2606 debit
2143 2565 2306 2620 super
2333 2549 2465 2603 illud
2497 2549 2551 2602 in
2579 2547 2806 2601 veritate
2826 2584 2841 2608 ,
2868 2545 2923 2597 in
2953 2542 3307 2597 tabernaculo
3331 2538 3498 2594 David
3517 2582 3532 2604 ,

1963 2641 2223 2714 judicans
2251 2647 2304 2694 et
2335 2655 2584 2710 quaerens
2616 2637 2906 2706 judicium,
2936 2644 2990 2688 et
3022 2633 3282 2687 velociter
3301 2630 3537 2686 reddens

1971 2733 2116 2806 quod
2144 2734 2356 2803 justum
2383 2740 2469 2787 est
2498 2733 2540 2788 ³.
2572 2749 2591 2782 ι
2618 2729 2693 2784 De.
2723 2726 2961 2784 secunda
2981 2724 3191 2781 Christi
3220 2723 3537 2778 manifesta-

1969 2826 2123 2880 tione
2151 2825 2266 2879 haec
2294 2839 2510 2895 quoque
2540 2822 3008 2893 prophetizantur,
3039 2818 3255 2889 quando
3287 2816 3378 2870 Dei
3402 2813 3540 2872 Ydr-

1969 2916 2099 2971 bum
2123 2955 2138 2981 ,
2179 2923 2486 2987 praeparato
2524 2915 2573 2970 ei
2614 2913 2672 2968 in
2711 2912 3086 2966 misericordia
3119 2917 3173 2964 et
3203 2908 3536 2978 benignitate
3641 2968 3646 2972 ,

282 3001 531 3073 θρωπίας
574 3003 673 3072 τῆς
707 3000 847 3054 κατὰ
887 3001 1104 3055 πάντων
1152 3002 1461 3073 βασιλείας,
1499 3006 1596 3059 σὺν
1637 3005 1861 3078 ἀληθείᾳ

1967 3011 2213 3064 omnium
2244 3009 2553 3081 principatu
2576 3048 2591 3073 ,
2626 3022 2749 3062 cum
2778 3003 3006 3060 veritate
3029 3003 3286 3072 judicans
3325 3000 3537 3057 sedebit

195 3109 200 3114 '
280 3094 482 3164 κρίνων
521 3092 914 3164 καθεσθήσεται
962 3095 1019 3146 ἐν
1053 3097 1225 3165 σκηνῇ
1261 3094 1451 3148 Δαυῖδο
1489 3095 1631 3150 οὕτω
1676 3096 1734 3150 δὲ
1766 3099 1861 3170 τήν

1968 3102 2024 3157 in
2056 3101 2411 3157 tabernaculo
2440 3099 2629 3154 David.
2671 3097 2761 3154 Sic
2794 3107 2975 3154 autem
3009 3105 3322 3154 sanctorum
3353 3102 3408 3150 et
3435 3109 3540 3148 an-

279 3186 392 3241 τῶν
422 3186 590 3254 ἁγίων
620 3188 713 3239 καὶ
745 3187 1102 3257 πρωτοτόκων
1134 3187 1240 3240 τῶν
1265 3189 1773 3261 ἀπογεγραμμένων
1802 3191 1861 3245 ἐν

1964 3194 2240 3264 tiquorum
2276 3193 2331 3247 in
2357 3191 2514 3248 cmlis
2542 3191 2932 3261 inscriptorum
2964 3187 3295 3250 Ecclesiam,
3324 3199 3534 3239 omnes-

280 3279 532 3350 οὐρανοῖς
581 3277 926 3348 Ἐκκλησίαν,
958 3279 1051 3332 καὶ
1085 3281 1294 3343 πάντας
1318 3281 1558 3352 ήγοῦμαι
1606 3283 1734 3346 τοὺς
1758 3283 1864 3336 ὑπὸ

274 3369 380 3440 τὴν
414 3367 604 3439 μερίδα
633 3366 728 3419 τοῦ
762 3366 920 3434 λόγου
947 3365 1043 3419 τοῦ
1070 3365 1205 3420 Θεοῦ
1239 3368 1656 3441 γεγενημένους,
1677 3367 1864 3438 ἁγίους

278 3459 665 3537 χρηματίζειν.

831 3571 1229 3625 ΚΕΦΑΛΑΙΟΝ
1265 3572 1300 3624 l'

360 3681 378 3713 ι
419 3663 548 3722 Ἰδοὺ
585 3663 792 3735 Κύριος
826 3664 1060 3736 κάθηται
1093 3665 1187 3717 ἐπὶ
1227 3663 1456 3735 νεφέλης
1489 3664 1732 3735 κούφης,
1767 3666 1862 3720 καὶ

275 3756 398 3826 ἥξει
432 3757 512 3832 είς
562 3755 858 3828 Αἴγυπτον,
891 3758 986 3810 καὶ
1034 3756 1379 3827 σεισθήσεται
1409 3755 1478 3808 τά
1511 3755 1861 3827 χειροποίητα

277 3846 556 3918 Αἰγύπτου
583 3847 692 3901 ἀπὸ
721 3848 1015 3919 προσώπου
1047 3848 1234 3913 αὐτοῦ,
1273 3848 1367 3902 καὶ
1396 3849 1428 3918 ή
1463 3847 1658 3919 καρδία
1683 3847 1861 3900 αὐτῶν

276 3935 646 4010 ήττηθήσεται
680 3939 738 3990 ἐν
764 3939 968 4001 αὐτοῖς.
1001 3958 1020 3991 ι
1050 3939 1183 4009 Περὶ
1211 3937 1308 4009 τὴς
1343 3938 1608 4009 ἀγενήτου
1634 3936 1728 3990 τοῦ
1751 3935 1860 3989 τῶν

275 4029 415 4083 ὂλων
440 4029 576 4102 Θεοῦ
607 4029 821 4099 φύσεως
855 4029 1218 4100 ἐκλαμϐάνειν
1261 4029 1331 4082 τὰ
1375 4028 1746 4101 προκείμενα,
1784 4028 1859 4094 ὼς

275 4123 342 4194 δὴ
399 4121 683 4195 μέλλοντος
728 4121 894 4176 αὑτοῦ
939 4121 1135 4192 νεφέλῃ
1191 4121 1298 4174 τινὶ
1340 4121 1616 4192 ὀχεῖσθαι,
1653 4120 1749 4174 καὶ
1791 4123 1859 4192 τῇ

278 4205 562 4284 σωματικῇ
585 4212 858 4283 παρεπιδη
868 4213 986 4282 μεῖν
1008 4211 1289 4283 Αἰγύπτῳ,
1310 4211 1433 4264 οὔτε
1471 4211 1718 4278 πιθανὸν,
1744 4209 1859 4264 οὗθ’

273 4303 421 4358 ὅσιον
453 4305 718 4378 ὑπάρχειν
754 4303 997 4375 ἡγοῦμαι
1025 4321 1038 4333 ·
1080 4303 1149 4357 δι’
1195 4305 1331 4374 ὅπερ
1366 4304 1458 4356 ἐπὶ
1486 4302 1578 4357 τὸν
1605 4303 1698 4356 τοῦ
1722 4301 1858 4356 Θεοῦ

276 4395 449 4463 Λόγον
479 4395 759 4450 ἐκδεκτέον
787 4395 882 4467 τὴν
898 4395 1256 4467 προφητείαν,
1285 4395 1381 4449 καὶ
1414 4394 1583 4466 αὐτὴν
1614 4393 1860 4468 ἐναργῶς

275 4481 377 4559 ἤδη
407 4487 548 4541 κατὰ
573 4489 670 4558 τὴν
702 4489 971 4561 προτέραν
1002 4489 1165 4543 αὑτοῦ
1185 4488 1487 4560 παρουσίαν
1510 4487 1858 4559 πεπερασμέ-

273 4595 396 4653 νην,
424 4580 545 4653 καθ’
578 4581 646 4651 ήν
670 4582 762 4635 ἐπὶ
780 4581 1008 4652 νεφέλης
1035 4581 1266 4652 κούφης,
1301 4580 1403 4650 τῆς
1448 4582 1512 4633 ἐκ
1543 4581 1858 4650 Πνεύματος

272 4670 434 4738 ἁγίου
469 4671 744 4743 συστάσης
788 4670 938 4740 αύτῷ
979 4672 1201 4743 σαρκὸς,
1244 4674 1323 4736 εἰς
1369 4672 1461 4724 τὸν
1501 4671 1614 4742 βίον
1647 4670 1855 4735 τοῦτον,

274 4762 548 4831 Αἴγυπτον
579 4763 856 4836 τροπικῶς
905 4763 1324 4834 ὀνομαζόμενον,
1365 4764 1726 4837 παρελήλυθε,
1765 4765 1860 4820 καὶ

275 4855 358 4918 είς
395 4854 563 4925 αὐτὴν
594 4854 651 4908 δὲ
699 4853 1028 4924 σωματικῶς
1073 4853 1171 4924 τὴν
1209 4853 1496 4922 Αἴγυπτον,
1538 4857 1618 4919 είς
1671 4857 1739 4926 ἢν
1778 4855 1859 4908 ἔτι

275 4947 407 5008 παῖς
433 4945 507 4997 ὣν
525 4946 660 5016 πρὸς
680 4945 783 5016 τῆς
814 4945 1019 5016 μητρὸς
1039 4944 1246 4998 καὶτοῦ
1277 4946 1473 5016 Ἰωσὴφ
1501 4946 1815 5019 διεκομίσθη
1837 4963 1851 4976 ·

270 5039 570 5111 τηνικαῦτα
623 5041 682 5094 δὲ
729 5041 872 5096 κατά
905 5058 1054 5106 τινας
1104 5042 1450 5114 ἀπορρήτους
1480 5040 1670 5110 λόγους
1710 5042 1855 5096 ἐσεί-

273 5133 480 5204 σθησαν
532 5134 628 5186 καὶ
669 5133 1000 5206 ἐκινήθησαν
1056 5134 1526 5205 ὑποταραχθέντες
1576 5135 1741 5189 αὐτοῦ
1785 5139 1853 5208 τῇ

271 5224 547 5297 παρουσία
579 5226 628 5279 οί
662 5227 719 5280 ἐν
747 5231 861 5292 τοῖς
884 5228 1192 5299 πανταχόσε
1219 5228 1617 5300 χειροποιήτοις
1650 5226 1856 5294 ξοάνοις

271 5316 607 5382 ἐνοικοῦντές
634 5335 693 5371 τε
723 5319 816 5372 καὶ
842 5319 1186 5390 ἐνεργοῦντες
1212 5319 1273 5372 τὸ
1299 5319 1561 5392 πρότερον
1577 5319 1849 5391 δαίμονες

270 5404 410 5476 ὅπερ
459 5403 711 5478 δηλοῦται
745 5407 834 5462 διὰ
862 5408 963 5479 τῆς
1000 5407 1262 5480 λεγούσης
1306 5409 1662 5480 προφητείας,
1695 5427 1715 5460 ί
1743 5410 1854 5463 Καὶ

275 5493 621 5566 σεισθήσεται
674 5497 744 5552 τὰ
801 5499 1155 5570 χειροποίητα
1203 5499 1498 5568 Αἰγύπτου.
1537 5520 1556 5553 ι
1584 5499 1768 5554 Ταῦτα
1795 5500 1852 5554 δὲ

275 5585 370 5639 καὶ
393 5586 536 5640 κατά
571 5587 671 5660 τὴν
697 5589 956 5661 δευτέραν
990 5590 1152 5644 αὑτοῦ
1184 5592 1276 5646 καὶ
1313 5591 1520 5658 ἔνδοξον
1561 5592 1658 5647 ἀπ’
1688 5593 1853 5665 οὐρα-

281 5740 296 5772 ¹
325 5739 459 5799 Gen.
502 5760 649 5810 XLII,
678 5746 760 5801 l0.
841 5751 860 5779 ²
885 5746 1030 5804 Psal.
1063 5763 1173 5816 crx,
1205 5749 1256 5805 l.
1335 5750 1354 5782 ³
1387 5749 1492 5806 Isa.
1523 5767 1636 5818 xvr,
1674 5751 1724 5806 5.

1963 3302 2071 3359 que
2098 3286 2352 3342 existimo
2396 3283 2548 3340 verbi
2580 3283 2674 3339 Dei
2705 3282 3126 3356 participatione
3167 3287 3386 3335 sanctos
3406 3276 3535 3334 ede-

1963 3385 2085 3435 ctos
2113 3375 2409 3448 designari.

2579 3570 2809 3628 CAPUT
2847 3570 2914 3626 X.

2037 3683 2056 3718 ‹
2092 3663 2235 3720 Ecce
2257 3662 2520 3719 Dominus
2549 3663 2701 3717 sedet
2732 3676 2895 3732 super
2927 3661 3070 3715 nube
3103 3659 3242 3722 levi,
3273 3667 3327 3714 et
3359 3659 3533 3715 veniet

1962 3753 2020 3808 in
2039 3751 2335 3824 Egyptum
2357 3770 2371 3805 :
2395 3758 2449 3806 et
2470 3758 2959 3806 commovebuntur
2978 3749 3290 3804 manufacta
3313 3746 3532 3819 Egypti

1962 3857 1994 3898 a
2024 3842 2163 3898 facie
2191 3843 2310 3912 ejus
2331 3881 2346 3907 ,
2374 3850 2428 3897 et
2455 3855 2552 3895 cor
2580 3854 2770 3894 eorum
2801 3839 3055 3894 vincetur
3083 3840 3140 3893 in
3173 3839 3310 3909 ipsis
3339 3838 3382 3894 ⁸.
3415 3857 3433 3890 ι
3459 3838 3533 3894 De

1961 3935 2211 3990 increata
2232 3934 2476 3988 omnium
2497 3930 2592 3986 Dei
2613 3937 2812 3985 natura
2834 3930 2948 3984 haec
2962 3930 3393 4000 accipere,quasi
3409 3945 3535 3985 ven-

1962 4035 2090 4082 turo
2121 4027 2240 4097 ipso
2268 4041 2433 4096 super
2463 4024 2608 4079 nube
2636 4023 2849 4093 aliqua,
2883 4031 3046 4093 atque
3100 4024 3155 4076 in
3192 4023 3532 4092 corporalem

1962 4117 2225 4174 accedere
2245 4117 2565 4190 Egyptum,
2582 4132 2760 4188 neque
2784 4114 2887 4170 fide
2909 4116 3167 4186 dignum,
3198 4127 3376 4183 neque
3405 4114 3531 4169 reli-

1963 4213 2177 4284 giosum
2209 4226 2332 4268 esse
2359 4212 2637 4266 cxistimo.
2670 4210 3014 4282 Quapmpter
3055 4209 3122 4264 ad
3161 4207 3257 4264 Dei
3292 4206 3530 4263 Verbum

1960 4303 2246 4360 referenda
2277 4312 2360 4359 est
2389 4303 2713 4374 prophetia;
2752 4311 2915 4374 atque
2948 4303 3066 4373 ipsa
3100 4299 3391 4356 manifeste
3416 4299 3531 4369 jam

1961 4404 2144 4472 priore
2171 4399 2291 4469 ejus
2325 4399 2562 4454 adventu
2600 4399 2820 4469 impleta
2847 4405 2966 4464 est,
3013 4412 3122 4468 quo
3179 4411 3344 4466 super
3389 4394 3534 4450 nube

1888 4469 1932 4525 Ι)
1962 4495 2088 4560 levi,
2141 4507 2305 4548 carne
2324 4492 2534 4547 scilicet
2555 4492 2605 4547 ei
2643 4507 2672 4545 a
2697 4489 2902 4560 Spiritu
2941 4499 3133 4546 sancto
3171 4489 3425 4554 formata,
3473 4488 3532 4544 in

1958 4587 2101 4641 hanc
2122 4585 2311 4649 vitam,
2337 4583 2630 4655 A‘ngptum
2659 4599 2755 4654 pcr
2783 4583 3149 4653 metaphoram
3173 4583 3528 4647 nominatam,

1959 4675 2194 4748 prodiit,
2225 4674 2358 4729 etin
2387 4675 2564 4744 ipsam
2597 4674 2954 4744 corporaliter
2983 4672 3299 4744 Egyptum,
3327 4673 3381 4726 in
3399 4686 3527 4742 qua,

1959 4783 2083 4823 cum
2115 4765 2292 4820 adhuc
2318 4774 2468 4821 esset
2490 4781 2645 4836 puer,
2669 4780 2700 4818 a
2727 4771 2900 4818 matre
2929 4772 2984 4816 et
3011 4761 3212 4834 Joseph
3235 4761 3530 4833 perductus

1960 4867 2066 4915 est.
2089 4857 2245 4914 Tunc
2269 4866 2449 4913 autem
2470 4859 2626 4928 juxta
2651 4858 2896 4928 quaedam
2927 4856 3157 4926 mystica
3179 4856 3364 4920 verba,
3386 4869 3531 4908 com-

1955 4952 2086 5006 moti
2109 4959 2240 5006 sunt
2267 4951 2390 5021 ejus
2417 4951 2653 5006 adventu
2677 4949 2987 5004 conturbati
3030 4948 3120 5018 qui
3151 4948 3304 5018 prius
3331 4949 3530 5016 ubique

1953 5041 2010 5096 in
2045 5040 2376 5096 manufactis
2415 5041 2728 5096 simulacris
2769 5039 3147 5094 inhabitabant
3185 5046 3240 5094 et
3276 5039 3529 5108 vigebant

1954 5131 2407 5199 dmmones.Quod
2424 5133 2640 5203 quidem
2658 5131 2964 5186 ostenditur
2978 5130 3194 5186 dicente
3208 5131 3488 5200 prophetia
3511 5151 3526 5186 :

1953 5221 2021 5276 Et
2049 5222 2543 5278 commovebuntur
2573 5221 2889 5276 manufacta
2912 5220 3152 5292 Egypti.
3187 5239 3208 5273 ι
3242 5218 3369 5276 Haec
3398 5236 3529 5291 quo—

1957 5331 2064 5386 que
2089 5331 2189 5386 per
2215 5314 2516 5371 secundum
2552 5315 2674 5386 ejus
2721 5323 2774 5370 et
2821 5316 3142 5386 praclarum
3169 5316 3223 5370 in
3254 5314 3410 5370 ccelis
3439 5330 3526 5369 re-

1956 5424 2122 5480 gnum
2173 5408 2569 5478 implebuntur,
2601 5422 2712 5478 quo
2760 5416 2815 5463 et
2873 5409 3048 5478 ipsam
3078 5406 3523 5463 commovendam

1955 5515 2169 5572 aequum
2219 5507 2384 5556 esset.
2435 5498 2502 5553 Et
2529 5508 2663 5556 tunc
2712 5502 2948 5556 maxime
2999 5501 3377 5558 conturbanda
3409 5503 3523 5558 haec

1967 5592 2284 5648 manufacta
2319 5591 2560 5665 Egypti,
2592 5608 2824 5664 quorum
2850 5607 2946 5650 cor
2972 5593 3342 5664 superabitur,
3368 5599 3428 5650 ut
3447 5594 3524 5649 ait

1806 5748 2172 5822 "lsa.x1x,ir.
