4070 6464
640 338 780 393 1215
1292 332 1380 390 EU
1392 332 1569 389 SEBll
1608 333 2094 391 (IASSABIENSIS
2129 333 2247 390 OPF

2319 334 2499 390 PARS
2531 334 2617 392 Ill.
2657 370 2722 378 —
2755 332 3167 391 EXEGETICA.
3758 333 3910 387 £3l6

624 453 932 527 Scriptura,
968 457 1023 508 in
1081 470 1163 509 eis
1190 454 1369 510 Verbo
1419 453 1604 508 divino
1666 453 1991 523 sulijiciente
2066 455 2199 518 sibi,

2306 454 2410 508 νῶν
2471 453 2748 525 βασιλείαν
2811 452 3250 525 πληρωθήσεται,
3314 448 3436 502 καθ’
3472 449 3541 519 ἢν
3590 452 3693 501 καὶ
3724 447 3908 520 αὐτὴν

623 555 683 602 et
701 546 1026 602 humiliante
1060 555 1191 601 tunc
1218 561 1435 601 omnem
1466 545 1807 601 altitudinem
1839 562 1983 600 nunc
2010 554 2204 602 contra

2312 544 2690 616 σεισθήσεσθαι
2720 544 2865 608 εἰκὸς
2897 543 2960 598 ἂν
2985 544 3069 613 είη
3093 560 3107 573 θ
3151 542 3247 595 καὶ
3277 541 3404 595 τότε
3446 540 3653 611 μᾶλλον
3698 540 3909 612 30.0w;-

624 640 718 694 Dei
741 640 1107 711 cognitionem
1132 640 1423 695 elcvatam.
1451 638 1646 694 Omnia
1672 638 1971 709 prophetia:
1992 639 2201 709 reliqua

2311 638 2571 710 θήσεσθαι
2598 638 2666 692 τὰ
2690 637 3053 708 ἀποδεδομένα
3081 632 3431 707 χειροποίητα
3460 633 3753 702 Αἰγύπτου
3775 674 3793 701 ,
3820 627 3910 688 ὧν

624 733 739 787 sola
768 732 1118 800 explicantur
1156 731 1442 801 allegoria.

2306 732 2401 784 καί
2427 731 2525 801 τὴν
2553 729 2779 801 καρδίαν
2824 725 3227 801 ἡττηθήσεσθαι
3270 742 3453 794 φασιν,
3480 726 3539 778 ἐν
3568 725 3766 788 αὐτοῖς
3803 724 3912 779 τοῦ

620 825 764 877 θείου
788 823 964 892 Λόγου
1027 824 1501 889 καθυποτάξαντος
1561 822 1742 895 ἐαυτῷ
1773 822 1865 875 καὶ
1910 820 2332 884 ταπεινώσοντος
2371 821 2492 873 τότε
2540 822 2647 874 πᾶν
2688 819 2888 890 ὕψωμα
2948 818 3009 872 τὸ
3049 818 3143 872 νῦν
3208 817 3566 887 ἐπαιρόμενον
3614 815 3770 868 κατά
3802 816 3908 885 τῆς

620 917 874 986 γνώσεως
937 917 1032 972 τοῦ
1084 918 1249 971 Θεοῦ⁸
1304 917 1375 970 τά
1423 916 1466 969 δ’
1529 916 1655 987 ἑξῆς
1701 916 1802 986 τῆς
1857 915 2193 988 προφητείας
2232 914 2447 972 ἅπαντα
2473 913 2562 968 διὰ
2587 915 2752 987 μόνης
2773 911 3163 983 ἀποδοθήσεται
3191 909 3564 982 τροπολογίας.

1233 1032 1462 1088 CAPUT
1501 1033 1591 1089 ιιι.
2674 1028 2737 1102 (ι.
2774 1030 2840 1085 49

2674 1028 2737 1102 (ι.
2774 1030 2845 1085 49
2872 1029 2950 1101 νο)
2982 1030 3201 1084 nam
3212 1029 3373 1082 AION
3403 1030 3505 1082 w.

698 1145 717 1179 ι
746 1127 805 1181 In
827 1127 915 1182 die
941 1128 1031 1181 illa
1077 1127 1182 1182 erit
1214 1127 1387 1181 altare
1420 1120 1649 1182 Domino
1677 1128 1732 1182 in
1777 1137 1921 1184 terra
1952 1127 2192 1200 Egypti,

2377 1143 2396 1177 ι
2431 1124 2509 1196 Τῇ
2531 1123 2715 1196 ἡμέρᾳ
2749 1123 2934 1195 ἐκείνῃ
2972 1122 3125 1177 ἔσται
3168 1121 3552 1192 θυσιαστήριον
3587 1121 3672 1193 τῷ
3704 1122 3908 1192 Κυρίῳ

620 1224 674 1271 et
703 1217 897 1272 titulus
937 1217 1096 1287 juxta
1131 1217 1426 1272 terminum
1464 1217 1585 1287 ejus
1613 1217 1844 1273 Domino
1875 1239 1887 1275 :
1916 1229 1969 1273 et
2005 1221 2109 1274 erit
2140 1220 2194 1273 in

2302 1220 2360 1272 ἐν
2391 1216 2543 1289 χώρᾳ
2588 1214 2924 1285 Αἰγυπτίων,
2965 1216 3061 1270 καὶ
3091 1213 3259 1285 στήλη
3289 1213 3425 1285 πρὸς
3450 1214 3513 1267 τὸ
3537 1214 3693 1287 ὅριον
3720 1214 3905 1283 αὐτῆς

622 1309 838 1379 signum
874 1311 927 1362 in
957 1316 1222 1363 aeternum
1257 1306 1488 1361 Domino
1520 1308 1573 1361 in
1604 1318 1746 1363 terra
1770 1307 1990 1381 Egypti
2021 1324 2196 1380 ;quo-

2300 1310 2379 1381 τῷ
2411 1310 2628 1382 Κυρίῳ·
2661 1310 2757 1363 καὶ
2805 1308 2957 1362 ἔσται
2988 1308 3068 1372 εἰς
3095 1309 3318 1379 σημεῖον
3346 1308 3426 1371 εἰς
3448 1305 3541 1360 τὸν
3567 1305 3749 1359 αἰῶνα
3786 1306 3907 1359 Κύο

621 1398 769 1452 niam
820 1398 1136 1453 clamabunt
1190 1403 1255 1450 ad
1312 1395 1599 1451 Dominum
1646 1399 2193 1469 prapteraﬂligeutes

2303 1419 2418 1475 ριος
2438 1404 2495 1455 ἐν
2523 1400 2677 1473 χώρα
2694 1400 2972 1471 Αἰγύπτου
2990 1416 3004 1431 ·
3033 1400 3115 1454 ὅτι
3139 1397 3495 1472 κεκράξονται
3514 1398 3656 1470 πρὸς
3686 1397 3905 1467 Κύριον

619 1504 698 1553 se,
729 1498 784 1544 et
827 1491 1006 1545 mittet
1055 1490 1136 1545 eis
1191 1488 1456 1543 Dominus
1493 1490 1791 1555 hominem,
1823 1491 1916 1560 qui
1963 1492 2195 1546 salvabit

2299 1495 2389 1550 διὰ
2414 1494 2541 1558 τοὺς
2564 1492 2845 1558 θλίϐοντας
2889 1493 3108 1556 αὐτοὺς.
3136 1492 3230 1546 καὶ
3258 1491 3545 1547 ἀποστελεῖ
3569 1491 3765 1554 αὐτοῖς
3799 1488 3904 1542 ἇν-

618 1595 737 1657 eos,
768 1581 1024 1651 judicans
1069 1582 1300 1638 salvabit
1341 1596 1458 1643 eos.
1502 1591 1553 1638 et
1589 1583 1839 1653 cognitus
1869 1583 1975 1639 erit
2021 1583 2196 1639 Domi-

2301 1584 2517 1657 θρωπον
2556 1584 2615 1645 ὃς
2669 1582 2831 1637 σώσει
2867 1582 3085 1648 αὐτοὺς,
3106 1582 3307 1656 κρίνων
3336 1579 3499 1635 σώσει
3525 1579 3769 1643 αὐτούς’
3806 1579 3906 1633 καὶ

620 1656 745 1728 ιιυε¹
778 1673 1083 1744 Egyptiis,
1135 1684 1189 1729 et
1238 1682 1569 1743 cognoscent
1605 1674 1845 1747 Egyptii
1903 1675 2191 1731 Dominum

2299 1656 2537 1747 γνωστὸς
2565 1676 2715 1730 ἔσται
2745 1674 2950 1747 Κύριος
2980 1677 3094 1739 τοίς
3137 1672 3456 1743 Αἰγυπτίοις
3475 1689 3490 1703 ο
3524 1674 3616 1726 καὶ
3651 1671 3906 1741 γνώσον-

620 1763 790 1817 Deum
822 1765 875 1817 in
911 1766 999 1820 die
1027 1766 1142 1825 illa.
1178 1774 1232 1822 et
1265 1766 1465 1822 facient
1496 1770 1785 1833 sacriﬁcia,
1838 1778 1891 1824 et
1919 1769 2194 1824 vovebunt

2299 1784 2388 1821 ται
2414 1769 2463 1820 οἱ
2496 1765 2786 1834 Αἰγύπτιοι
2809 1766 2900 1819 τὸν
2930 1766 3133 1839 Κύριον
3162 1764 3221 1817 ἐν
3242 1767 3308 1835 τῇ
3334 1764 3516 1838 ἡμέρᾳ
3537 1764 3727 1834 ἐκείνῃ
3748 1781 3765 1793 ο
3802 1764 3906 1818 καὶ

620 1864 746 1909 vota
802 1855 1055 1923 Domino,
1106 1866 1160 1914 et
1214 1862 1504 1917 reddent‘.
1543 1882 1561 1914 ι
1602 1862 1669 1916 Ει
1719 1863 1845 1933 quis
1889 1865 2030 1918 alius
2075 1880 2198 1919 esse

2298 1832 2585 1931 ποιήσουσι
2612 1859 2805 1922 θυσίας
2840 1858 2936 1912 καὶ
3233 1832 3324 1913 καὶ
3350 1832 3593 1925 εθξονται
3618 1832 3799 1928 εὐχὰς
3818 1856 3904 1927 τῷ

621 1959 804 2016 posset
851 1964 881 2001 a
928 1947 1160 2005 Domino
1236 1953 1440 2008 missus
1499 1954 1704 2019 homo,
1762 1954 1857 2024 qui
1912 1954 2196 2026 [Egyptios

2297 1951 2435 2024 Θεῷ.
2477 1971 2496 2005 ι
2533 1951 2642 2006 Καὶ
2681 1952 2766 2016 τίς
2801 1951 2865 2006 ἂν
2903 1951 3060 2015 ἄλλος
3102 1951 3189 2023 εἴη
3223 1955 3251 2006 6
3276 1952 3601 2015 ἀποσταλεὶς
3637 1952 3749 2007 ὑπὸ
3773 1951 3899 2004 Κυ-

618 2041 928 2095 salvaturus
997 2050 1081 2097 est
1156 2042 1458 2113 judicans,
1553 2046 1658 2100 nisi
1735 2044 1989 2102 Christus
2060 2048 2192 2125 Dei,

2299 2044 2412 2115 ρίου
2455 2044 2741 2115 ἄνθρωπος
2763 2085 2779 2109 ,
2815 2047 2909 2098 καὶ
2955 2044 3135 2109 σώσας
3171 2046 3298 2109 τοὺς
3328 2043 3661 2112 Αἰγυπτίους
3674 2042 3767 2096 διὰ
3794 2043 3902 2096 τοῦ

623 2133 902 2187 «formam
968 2136 1114 2190 servi
1164 2137 1459 2206 accipiens,
1509 2149 1564 2193 et
1611 2138 1801 2193 habitu
1846 2139 2102 2197 inventus
2137 2151 2196 2196 ut

2295 2136 2525 2207 κρίνειν,
2564 2136 2598 2207 ἢ
2642 2137 2671 2189 6
2716 2134 2952 2207 Χριστὸς
2977 2133 3070 2188 τοῦ
3123 2133 3281 2198 Θεοῦ,
3307 2136 3335 2187 6
3374 2151 3393 2184 ι
3440 2134 3655 2205 μορφὴν
3694 2131 3895 2187 δούλω

619 2228 780 2282 ἰιοιιιο
802 2230 843 2283 ³.
880 2249 898 2282 ι
935 2227 1171 2300 )Egypto
1205 2231 1424 2300 quidem
1469 2232 1765 2303 allegorice
1800 2233 2083 2289 hominum
2116 2238 2195 2291 vi-

2294 2227 2495 2292 λαϐὼν,
2529 2230 2623 2282 καί
2669 2229 2909 2300 σχήματι
2937 2227 3176 2299 εὑρεθεὶς
3205 2228 3282 2290 ώς
3314 2225 3620 2296 ἄνθρωπος.
3673 2244 3693 2277 ι
3728 2225 3899 2293 Αἰγύ-

616 2326 724 2373 tam
761 2320 1127 2391 signiﬁcante,
1158 2321 1401 2394 Egyptii
1444 2332 1630 2379 essent
1663 2327 1755 2395 qui
1790 2342 1820 2381 a
1852 2328 2191 2384 daemonibus

2293 2337 2430 2375 πτου
2451 2319 2508 2373 δέ
2535 2319 2814 2391 τροπικῶς
2840 2319 3131 2389 νοουμένου
3161 2318 3256 2371 τοῦ
3278 2317 3389 2370 τῶν
3406 2316 3716 2387 ἀνθρώπων
3741 2315 3891 2386 βίου,

614 2422 884 2467 vexantur
931 2420 985 2468 et
1035 2412 1103 2467 ad
1163 2429 1250 2469 res
1305 2422 1553 2471 terrenas
1606 2419 1991 2487 prepensiores
2039 2426 2187 2485 sunt,

2292 2409 2401 2467 εἷεν
2433 2413 2498 2467 ἂν
2530 2415 2577 2469 οἱ
2601 2412 2996 2484 δεισιδαίμονες
3028 2412 3123 2466 καὶ
3154 2413 3267 2473 τοῖς
3312 2409 3516 2473 ὑλικοῖς
3566 2423 3894 2480 προπεπον-

614 2520 754 2574 ηιιοε
778 2506 1020 2559 omnium
1053 2504 1197 2561 Deus
1229 2507 1522 2563 miseratus
1554 2517 1638 2563 est
1666 2511 1973 2566 daemonum
2005 2518 2191 2583 tyran-

2292 2506 2442 2570 θότες
2503 2505 2814 2575 Αἰγύπτιοι,
2843 2504 2937 2569 οὒς
2980 2506 3009 2557 6
3047 2502 3155 2557 τῶν
3204 2502 3339 2555 ὅλων
3374 2502 3506 2565 Θεὸς
3544 2500 3892 2571 κατελεήσας

614 2597 740 2652 nide
760 2612 1078 2667 Oppressus,
1116 2601 1288 2654 misso
1317 2601 1579 2669 praedicto
1613 2602 1852 2670 homine,
1883 2606 1974 2675 qui
2008 2607 2187 2661 salva-

2291 2599 2637 2667 θλιϐομένους
2669 2596 2779 2651 ὑπὸ
2810 2597 2917 2649 τῶν
2954 2595 3501 2667 κατατυραννούντων
3529 2593 3732 2655 αὐτοὺς
3771 2591 3894 2645 δαι-

611 2691 690 2743 vit
714 2690 945 2745 salutem
986 2688 1097 2744 Deo
1125 2690 1344 2760 dignam
1373 2692 1446 2746 ita
1472 2704 1528 2747 ut
1554 2709 1745 2751 omnes
1778 2698 2054 2767 quondam
2085 2701 2190 2757 sub

2292 2693 2487 2764 μόνων,
2539 2689 2865 2753 ἀποστείλας
2912 2689 3004 2743 τὸν
3052 2686 3451 2761 προειρημένον
3484 2684 3803 2757 ἄνθρωπον,
3832 2683 3891 2744 ὃς

612 2784 730 2854 lege
780 2783 851 2837 ab
890 2782 1134 2837 Ecclesia
1187 2782 1400 2838 Domini
1456 2787 1730 2852 exclusos,
1779 2805 1839 2844 se
1889 2791 2066 2861 ipsum
2121 2794 2187 2849 iis

2288 2783 2460 2837 ἔσωσε
2521 2783 2794 2854 σωτηρίαν
2827 2781 2945 2852 Θεῷ
2971 2780 3310 2853 πρέπουσαν,
3344 2778 3483 2831 ὥστε
3534 2778 3664 2840 τοὺς
3710 2775 3888 2828 παλαι

613 2872 974 2928 manifestans
1003 2872 1291 2933 Dominus,
1316 2875 1381 2929 ad
1412 2874 1628 2932 Domini
1658 2880 1943 2935 scientiam
1971 2883 2075 2938 hac
2097 2900 2185 2940 re-

2288 2877 2429 2931 κατὰ
2460 2877 2552 2930 τὸν
2574 2876 2739 2947 νόμον
2769 2873 3124 2948 εἰργομένους
3160 2872 3259 2942 τῆς
3306 2869 3632 2941 Ἐκκλησίας
3674 2868 3890 2938 Κυρίου

610 2964 881 3020 velatione
913 2966 1255 3035 perduceret.
1288 2965 1445 3022 Patet
1467 2971 1614 3039 quod
1653 2971 1707 3025 in
1734 2975 1991 3042 praedicta
2018 2976 2186 3050 Egy-

2290 2970 2374 3024 διὰ
2426 2969 2525 3040 τῆς
2562 2968 2860 3040 γενομένης
2890 2966 3075 3028 αὐτοῖς
3110 2961 3429 3034 ἐπιιρανείας
3458 2960 3763 3030 ἐπιγνῶναι
3795 2961 3897 3013 τὸν

611 3056 845 3126 ptiorum
868 3066 1012 3112 terra
1029 3067 1368 3115 exstructum
1386 3070 1470 3117 est
1485 3062 1718 3120 Domino
1737 3067 1907 3123 altare
1932 3072 2186 3129 omnibus

2286 3065 2514 3136 Κύριον,
2550 3061 2716 3119 αὺτοῦ
2744 3061 2839 3116 τοῦ
2866 3059 3072 3131 Κυρίου
3107 3055 3346 3126 γνωστὸν
3376 3053 3540 3109 αὑτὸν
3575 3054 3765 3115 αὐτοῖς
3788 3053 3890 3122 ἐμ-

610 3150 1127 3220 congregationihus
1155 3166 1278 3222 qua:
1320 3153 1376 3206 in
1404 3155 1552 3209 omni
1583 3156 1703 3209 loco
1753 3158 1887 3213 liunt
1930 3161 1997 3216 ad
2038 3164 2197 3221 invo-

2302 3157 2607 3221 ποιοῦντοςο
2666 3155 2834 3223 σαφὲς
2884 3151 2929 3206 δ’
2970 3153 3117 3214 ὅπως
3161 3152 3218 3204 ἐν
3250 3150 3315 3219 τῇ
3354 3146 3660 3219 δηλωθείσῃ
3688 3147 3757 3215 τῇ
3777 3143 3900 3196 τῶν.

609 3241 844 3294 candum
883 3242 1335 3315 adorandumquc
1379 3245 1567 3305 Deum.
1626 3249 1768 3305 Dicit
1812 3252 1956 3310 forte
1993 3257 2192 3328 aliquis

2297 3247 2610 3318 Αἰγυπτίων
2657 3246 2810 3319 χώρᾳ
2855 3244 3087 3313 συνέστη
3134 3240 3216 3313 τῷ
3253 3240 3444 3311 Κυρίῳ
3491 3237 3891 3308 θυσιαστήριον

613 3334 741 3389 huic
780 3335 901 3389 loco
940 3336 1281 3403 adversatus,
1332 3339 1543 3396 scilicet
1576 3361 1595 3393 ι
1633 3352 1689 3398 et
1731 3344 1834 3398 erit
1878 3348 2050 3407 altare
2083 3350 2192 3407 Do-

2293 3341 2403 3396 ἀπὸ
2426 3339 2535 3393 τῶν
2568 3340 2626 3394 ἐν
2650 3338 2815 3392 παντί⁸
2832 3338 2983 3407 τόπῳ
3015 3338 3095 3399 εἰς
3121 3334 3283 3404 εὐχὰς
3317 3332 3410 3387 καὶ
3427 3331 3559 3386 Θεοῦ
3582 3331 3888 3402 θρησκείαν

612 3428 760 3481 mino
800 3428 851 3482 in
887 3437 1032 3484 terra
1064 3430 1466 3501 Aﬂgyptiorum,
1509 3452 1528 3485 ι
1564 3434 1609 3488 si
1651 3436 1871 3504 quidem
1905 3438 2077 3496 altare
2114 3443 2193 3497 lo-

2291 3432 2723 3504 ὲπιτελουμένων
2755 3428 3159 3502 ἀθροισμάτων.
3199 3425 3357 3478 Εἴποι
3383 3422 3429 3476 δ’
3461 3422 3527 3477 ἄν
3556 3439 3640 3485 τις
3662 3420 3884 3474 ἐπιϐαί-

612 3533 711 3572 eus
740 3520 920 3588 quivis
950 3522 1021 3574 sit
1046 3522 1466 3589 sacriﬁciorum,
1488 3526 1653 3580 verbo
1680 3525 1773 3582 Dei
1803 3528 2190 3601 insipientibus

2292 3544 2397 3581 νων
2437 3528 2504 3597 τῇ
2547 3523 2691 3591 λέξει
2739 3524 2820 3586 εἰς
2864 3521 2947 3584 τὸ,
2993 3542 3010 3570 ι
3048 3518 3158 3573 Καὶ
3179 3516 3333 3570 ἔσται
3378 3513 3771 3583 θυσιαστήριον
3804 3510 3886 3580 τῷ

611 3606 801 3661 bestiis
851 3608 1169 3673 immolatis,
1211 3611 1421 3680 justius
1468 3621 1615 3672 esset
1658 3616 1857 3685 majus,
1907 3614 2191 3693 magisque

2291 3618 2481 3689 Κυρίῳ
2507 3618 2564 3670 ἐν
2593 3614 2747 3687 χώρᾳ
2771 3613 2880 3667 τῶν
2903 3610 3237 3681 Αἰγυπτίων,
3271 3628 3291 3661 ι
3318 3609 3367 3661 εἰ
3400 3606 3464 3679 δὴ
3487 3606 3548 3659 τὸ
3581 3604 3884 3675 θυσιαστή-

611 3713 797 3752 verum
822 3715 915 3769 per
943 3700 1223 3756 Christum
1260 3703 1376 3759 ﬁeri
1408 3703 1519 3765 Deo
1552 3706 1725 3761 altare
1764 3709 1819 3763 in
1843 3713 1993 3766 omni
2016 3720 2190 3769 terre-

2291 3728 2406 3783 ριον
2459 3708 2625 3772 τόπος
2655 3707 2740 3771 τίς
2783 3709 2902 3760 ἐστι
2941 3704 3217 3775 θυμάτων,
3253 3702 3346 3754 ἐπὶ
3377 3700 3520 3770 λόγῳ
3554 3697 3691 3752 Θεοῦ
3724 3695 3886 3760 ζώων

607 3789 708 3842 stri
750 3789 892 3855 loco,
924 3790 1162 3863 Egypto
1190 3809 1286 3863 per
1317 3796 1694 3866 metaphoram
1724 3801 2026 3869 nominato,
2062 3821 2190 3876 pro-

2286 3802 2499 3872 ἀλόγων
2561 3797 3035 3871 σφαγιαζομένων,
3096 3794 3415 3850 δικαιότατα
3457 3793 3523 3846 ἂν
3567 3791 3753 3863 μεῖξον
3784 3790 3882 3842 καὶ

610 3888 729 3949 pter
771 3897 963 3938 omnes
1019 3885 1221 3955 ubique
1264 3896 1554 3959 martyres,
1606 3891 1766 3959 quasi
1818 3894 2088 3951 sacriﬁcia
2134 3906 2190 3953 et

2288 3894 2651 3966 ἀληθέστερον
2715 3892 2805 3946 διὰ
2851 3888 3091 3963 Χριστοῦ
3148 3887 3433 3958 γεγονέναι
3482 3884 3559 3956 τῷ
3618 3882 3741 3954 Θεῷ
3782 3881 3882 3935 θυ-

608 3973 862 4030 victimas
916 3991 1012 4045 pro
1063 3976 1343 4033 hominum
1383 3981 1602 4049 generis
1646 3983 1823 4039 salute
1864 3984 1996 4052 Deo,
2031 3996 2086 4045 et
2130 3990 2186 4045 in

2291 3991 2606 4063 σιαστήριον
2679 3990 2738 4042 ἐν
2793 3987 2901 4060 ὃλῳ
2954 4005 3014 4040 τε
3071 3984 3149 4057 τῷ
3215 3983 3480 4057 περιγείῳ
3534 3982 3727 4049 τόπῳ,
3778 3980 3883 4032 ΔΞ-

610 4062 726 4130 ipsa
772 4064 1043 4133 corporali
1076 4058 1460 4138 Egyptiorum
1502 4079 1674 4135 terra,
1707 4073 1801 4129 ubi
1831 4084 1910 4130 tot
1953 4084 2008 4134 et
2050 4081 2187 4135 tanti

2287 4058 2502 4150 γύπτῳ
2549 4080 2825 4154 τροπικῶς
2874 4058 3314 4152 χρηματίζοντι,
3389 4075 3478 4129 διὰ
3558 4076 3684 4136 τοὺς
3748 4090 3883 4125 παν-

610 4166 876 4227 martyres
918 4160 1139 4228 proprio
1168 4161 1412 4231 ipsorum
1463 4165 1732 4233 sanguine
1778 4165 1947 4223 Deum
1978 4171 2183 4241 gloriﬁ—

2285 4178 2483 4248 ταχόσε
2545 4178 2826 4250 μάρτυρας
2887 4175 3104 4247 θύματα
3160 4172 3254 4227 καὶ
3298 4171 3465 4224 οἱονεὶ
3517 4168 3725 4238 σφάγια
3776 4162 3880 4218 τοῦ

608 4262 889 4305 caverunt.
926 4250 1083 4317 Quod
1131 4252 1178 4308 si
1209 4253 1343 4309 illud
1372 4254 1589 4313 diﬂicile
1616 4261 1903 4315 crederent
1940 4263 2183 4319 circum-

2287 4271 2480 4342 γένους
2522 4270 2631 4324 τῶν
2661 4274 2676 4341 ἰ
2682 4268 2985 4342 ἀνθρώπων
3027 4263 3446 4337 ἀναφερομένων
3484 4261 3561 4333 τῷ
3613 4258 3734 4329 Θεῷ
3779 4258 3883 4312 καὶ

607 4340 733 4407 eisi,
761 4343 949 4397 dicant
987 4345 1089 4415 ipsi
1123 4346 1344 4417 quando
1381 4356 1435 4403 et
1462 4350 1554 4405 ubi
1601 4359 1657 4406 et
1698 4353 1974 4423 quodnam
2014 4358 2185 4415 altare

2286 4340 2344 4417 ἐν
2400 4365 2535 4435 αὐτῇ
2593 4340 2671 4417 δέ
2703 4340 2797 4435 τῇή
2832 4361 3115 4433 σωματικῇ
3167 4357 3274 4411 τῶν
3323 4355 3638 4425 Αἰγυπτίων
3680 4350 3866 4425 χώρα,

609 4436 663 4488 in
697 4434 931 4507 Egypto
962 4445 1204 4494 erectum
1252 4441 1324 4496 sit
1373 4439 1627 4512 Domino,
1669 4446 1794 4523 quis
1846 4463 1977 4503 vero
2021 4450 2185 4505 homo

2288 4454 2418 4510 ἔνθα
2464 4453 2708 4509 τοσοῦτοι
2762 4434 2861 4507 καὶ
2925 4449 3232 4523 τηλικοῦτοι
3289 4447 3563 4519 μάρτυρες
3616 4441 3882 4508 ἐδόξασαν

606 4529 701 4597 qui
750 4529 1037 4602 {Egyptios
1098 4533 1282 4590 salvos
1334 4532 1554 4615 fecerit,
1618 4539 2081 4608 quemadmodum
2129 4552 2185 4600 et

2289 4546 2383 4601 τὸν
2433 4546 2566 4600 Θεὸν
2610 4545 2688 4616 τῷ
2754 4544 2868 4615 ἰδίῳ
2905 4540 3084 4597 αὐτῶν
3124 4540 3345 4611 αἴματν
3398 4536 3511 4591 ἀλλ’
3554 4536 3603 4588 εἰ
3652 4533 3880 4587 δυσπει-

606 4623 827 4689 quando
857 4626 1109 4694 cognitus
1163 4625 1329 4681 luerit
1365 4622 1632 4687 Dominus
1675 4630 1968 4704 Egyptiis,
2018 4636 2091 4689 ita
2125 4644 2184 4691 ut

2294 4638 2403 4702 θῶς
2449 4638 2622 4709 ἔχοιεν
2671 4636 2808 4708 πρὸς
2866 4633 2937 4688 τὰ
2990 4631 3364 4702 ἀποδεδομένα
3422 4630 3472 4682 οἰ
3522 4630 3585 4681 ἐκ
3653 4641 3882 4696 περιτο-

608 4714 710 4784 ipsi
739 4731 768 4768 a
796 4717 1069 4785 prioribus
1088 4719 1425 4777 declinantes
1448 4725 1731 4781 erroribus
1755 4724 1823 4780 ad
1854 4727 1974 4797 ejus
2000 4730 2179 4785 scien-

2291 4729 2419 4800 μῆς,
2454 4727 2760 4796 λεγέτωσαν
2788 4726 2942 4779 αὐτοὶ
2986 4724 3115 4779 πότε
3161 4724 3255 4776 καὶ
3281 4721 3520 4783 ποῦ,καί
3560 4718 3697 4790 πρὸς
3733 4717 3882 4780 τίνος

606 4808 738 4862 tiam
796 4812 1145 4879 pervenerint
1188 4831 1202 4868 :
1254 4814 1359 4870 hoc
1402 4822 1488 4871 est
1539 4816 1792 4874 videlicet
1846 4835 2180 4890 cognoscere

2287 4821 2669 4892 θυσιαστήριον
2698 4819 2935 4890 κατέστη
2961 4816 3039 4889 τῷ
3066 4816 3254 4890 Κυρίῳ
3289 4819 3346 4870 ἐν
3392 4814 3673 4884 Αἰγύπτῳ,
3712 4815 3796 4876 τίς
3824 4813 3884 4865 δὲ

608 4898 916 4957 Dominum.
951 4902 1159 4958 Caetera
1201 4922 1331 4961 vero
1372 4909 1557 4963 omnia
1602 4910 1903 4980 prophetiae
1930 4913 2180 4970 altiorem

2287 4915 2316 4967 6
2362 4912 2647 4982 ἄνθρωπος
2669 4914 2698 4967 6
2729 4909 2909 4974 σώσας
2944 4913 3071 4975 τοὺς
3107 4909 3460 4978 Αἰγυπτίους,
3497 4907 3618 4961 τίνα
3647 4924 3707 4959 τε
3751 4907 3882 4977 τρό-

606 5007 826 5049 sensum
892 4997 1200 5063 includunt,
1243 5016 1404 5070 quem
1452 5004 1741 5059 enucleare
1785 5020 2027 5074 praesens
2072 5023 2183 5062 non

2291 5022 2392 5058 πον
2444 5004 2538 5057 καὶ
2587 5004 2718 5057 πότε
2772 5003 3011 5072 γνωστὸς
3058 5002 3272 5071 ἐγένετο
3321 4999 3528 5073 Κύριος
3568 5001 3681 5062 τοῖς
3710 4999 3884 5065 Αἰγυ-

607 5082 739 5139 sinit
771 5093 1007 5156 tempus.
2291 5098 2488 5162 πτίοις,
2525 5095 2666 5150 ὥστε
2696 5096 2893 5160 αὐτοὺς
2938 5094 3281 5158 ἀποστάντας
3306 5093 3404 5164 τῆς
3435 5091 3707 5165 προτέρας
3740 5088 3883 5142 πλάο

606 5193 724 5248 νης,
754 5180 853 5253 τὴν
878 5185 1006 5255 περί
1046 5184 1211 5239 αὐτοῦ
1255 5186 1457 5256 γνῶσιν
1498 5190 1815 5246 ἀναλαδεῖνο
1844 5192 2084 5246 τοιοῦτον
2107 5192 2214 5264 γάρ
2252 5193 2367 5245 ἐστι
2389 5192 2451 5245 τὸ
2473 5189 2770 5260 ἐπιγνῶναι
2816 5189 3039 5262 Κύριον.
3083 5189 3193 5243 Καὶ
3239 5186 3336 5241 ὅλα
3408 5184 3461 5237 δέ
3502 5183 3573 5237 τὰ
3611 5181 3743 5252 ἑξῆς
3780 5182 3888 5253 τῆς

609 5273 939 5343 προφητείας
992 5275 1292 5350 βαθυτέρας
1336 5280 1566 5352 ἢρτηται
1608 5283 1860 5349 διανοίας,
1911 5284 1977 5355 ἢν
2019 5284 2118 5355 οὐχ
2157 5287 2186 5338 6
2218 5281 2408 5355 παρὼν
2447 5283 2809 5337 ἀναπτύσσειν
2844 5280 3052 5352 καιρός.

1195 5393 1425 5451 CAPUT
1463 5396 1574 5451 XII.

2814 5395 3210 5453 ΚΕΦΑΛΑΙΟΝ
3247 5394 3343 5450 IB‘.

687 5521 703 5552 ο
742 5505 989 5568 Domine,
1042 5524 1097 5561 ιιι
1140 5510 1395 5580 angustia
1439 5514 1757 5570 recordatus
1809 5531 1930 5571 sum
1977 5515 2090 5584 tui;
2126 5515 2181 5570 in

2367 5538 2385 5571 ι
2421 5517 2616 5591 Κύριε,
2651 5518 2708 5571 ἐν
2748 5515 2922 5587 θλίψει
2952 5514 3230 5587 ἐμνήσθην
3266 5488 3379 5565 σου·
3415 5511 3474 5564 ἐν
3496 5503 3673 5576 θλίψει
3698 5507 3880 5580 μικρᾷ

607 5597 960 5655 tribulatione
999 5616 1183 5672 parva,
1216 5604 1463 5665 doctrina
1514 5618 1604 5665 tua
1653 5611 1832 5667 nobis.
1882 5610 2035 5669 Sicut
2066 5629 2185 5684 qua:

2294 5616 2325 5685 ἠ
2362 5611 2579 5667 παιδεία
2612 5628 2707 5664 σου
2748 5610 2899 5680 ἡμῖν’
2941 5607 3034 5662 καὶ
3076 5605 3151 5671 ὡς
3181 5608 3214 5676 ἡ
3248 5602 3511 5658 ὠδινοῦσα
3540 5598 3751 5673 ἐγγίζει
3779 5598 3878 5654 τοῦ

680 5753 697 5786 ¹
726 5752 833 5810 lsa.
866 5771 982 5824 nx,
1026 5758 1204 5813 17-21.
