4096 6412
234 371 372 428 1217

1286 369 1580 426 ECLOGA)
1620 366 2100 423 PliOPIIE'I‘ItZE.
2134 397 2202 408 -—
2242 363 2368 420 LIB.
2413 362 2505 418 IV.

3361 363 3493 416 I‘ll8

227 490 427 550 τεκεῖν,
476 489 568 543 καὶ
610 489 701 542 ἐπὶ
746 491 810 560 τῇ
858 489 1004 543 ὠδῖνι
1049 491 1214 562 αὐτῆς
1258 489 1591 563 ἐκέκραξεν,
1639 487 1810 548 οῦτως

1921 481 2190 551 concepit,
2223 494 2345 534 cum
2376 474 2898 546 appropinquaverit
2927 474 2992 528 ad
3031 482 3270 544 partum,
3303 475 3495 530 dolens

228 580 564 651 ἐγενήθημεν
611 580 686 651 τῷ
722 581 1014 653 Ἀγαπητῷ
1063 600 1177 638 σου.
1215 601 1233 634 ι
1273 583 1578 653 Ἐπιγραφή
1620 597 1704 642 τις
1752 581 1808 630 ἐν

226 675 478 746 Ψαλμοῖς
507 695 524 727 ‹
565 675 736 748 ’Υπὲρ
761 674 854 728 τοῦ
889 674 1194 745 Ἀγαπητοῦ
1232 696 1249 728 ι
1289 676 1509 746 φέρεται
1533 692 1546 704 '
1577 675 1672 728 καὶ
1709 674 1811 726 πά-

227 768 580 841 λινοεξρηταιο
625 787 642 820 ι
685 770 742 821 Ὀ
774 767 1024 838 βασιλεὺς
1067 769 1176 821 τῶν
1207 767 1488 838 δυνάμεων
1515 765 1605 820 τοῦ
1647 767 1810 834 Ἀγα-

229 861 434 933 πητοῦο
478 882 494 913 ι
526 862 798 916 δείκνυται
833 862 877 915 δ’
912 863 969 916 ἐν
1007 864 1118 926 τοῖς
1158 862 1342 925 τόποις
1369 860 1428 933 (f.
1465 861 1554 932 50)
1588 862 1686 914 οὐκ
1721 861 1809 914 ἄλ-

228 952 322 1016 λος
360 951 434 1006 ῶν
462 952 554 1006 τοῦ
597 952 832 1024 Χριστοῦ
874 953 1164 1024 λεγόμενος
1181 951 1488 1023 Ἀγαπητὺς
1525 951 1618 1005 τοῦ
1651 951 1810 1005 Θεοῦ.

231 1043 435 1098 Τούτου
489 1045 651 1114 χάριν
702 1043 1168 1116 ἐπεσημηνάμεθα
1232 1046 1324 1096 καὶ
1377 1043 1469 1096 τὸν
1513 1045 1571 1098 ἐν
1627 1044 1814 1114 χερσὶν

230 1135 542 1206 ἀγαπητόν·
594 1136 756 1190 αὑτὸν
808 1138 1011 1190 ἐκεῖνον
1051 1135 1522 1206 ὑπολαμϐάνοντες
1564 1131 1720 1198 εἶναι,
1756 1135 1814 1188 δν

233 1227 326 1279 καὶ
371 1226 428 1291 ἐξ
473 1227 702 1297 ούρανοῦ
746 1227 896 1297 φωνὴ
961 1227 1147 1294 σαφῶς
1207 1224 1506 1296 ἀνεκήρυξε
1565 1225 1812 1294 φήσασα’

240 1336 260 1368 ι
302 1309 468 1383 Οὗτός
511 1320 658 1372 ἐστιν
703 1319 730 1369 6
772 1319 896 1380 Υἱός
947 1335 1044 1388 μου
1094 1319 1122 1369 6
1167 1317 1470 1388 ἀγαπητὸς,
1501 1317 1557 1369 ἐν
1589 1307 1632 1383 ᾧ
1665 1315 1815 1368 εὑδό-

237 1427 402 1482 κησα.
445 1429 461 1460 ι

756 1499 1146 1553 ΚΕΦΑΛΑΙΟΝ
1195 1501 1291 1552 II".

314 1612 333 1643 ι
370 1591 660 1646 Ἀκούσατε
681 1590 851 1660 λόγων
873 1591 1098 1662 Κυρίου,
1123 1591 1310 1662 ἄνδρες
1332 1589 1697 1661 τεθλιμμένοι,
1725 1590 1817 1642 καὶ

237 1685 495 1757 ἄρχοντες
523 1683 766 1754 τοῦξλαοῦ
793 1683 1002 1748 τούτου,
1025 1686 1071 1736 οἱ
1099 1685 1153 1735 ἐν
1183 1683 1534 1753 Ἰερουσαλήμ
1552 1699 1564 1711 ο
1599 1681 1718 1736 Ὀτι
1751 1683 1821 1736 εί·-

237 1794 400 1831 πατε·
417 1777 780 1846 Ἐποιήσαμεν
797 1775 1056 1846 διαθήκην
1079 1773 1216 1845 μετὰ
1250 1773 1342 1826 τοῦ
1387 1773 1538 1844 ᾅδου,
1565 1775 1656 1827 καὶ
1677 1775 1812 1845 μετὰ

1913 579 2111 629 clamat
2151 572 2204 626 in
2249 570 2530 625 doloribus
2580 569 2738 624 suis:
2776 569 2856 624 sic
2891 566 3018 621 facti
3066 582 3257 620 sumus
3289 566 3496 622 Dilecto

1911 677 2006 722 tuo
2029 669 2044 698 ¹
2073 687 2092 719 ι
2131 665 2348 718 Titulus
2391 661 2612 732 quidam
2651 662 2706 714 in
2744 659 2978 714 Psalmis
3030 659 3131 712 fert
3160 677 3178 709 ι
3213 657 3321 711 Pro
3355 657 3496 713 Dile«

1912 757 2080 820 cto';
2121 773 2138 804 ι
2173 761 2224 808 et
2261 767 2456 805 rursus
2495 749 2700 818 dictum
2735 757 2859 803 est:
2895 767 2912 799 ι
2951 747 3062 803 Rex
3096 751 3359 802 virtutum
3408 747 3495 801 Di-

1913 847 2038 900 lecti
2063 846 2105 899 ³.
2137 864 2156 896 ι
2193 842 2516 898 Ostenditur
2545 843 2598 894 in
2637 840 2722 893 his
2759 840 2895 893 locis
2934 855 3042 892 non
3091 840 3234 894 alius
3277 854 3401 893 esse
3433 854 3492 893 ac

1914 938 2189 1000 Christus,
2239 937 2288 992 is
2327 936 2420 1006 qui
2493 933 2584 988 Dei
2639 932 2880 988 Dilectus
2931 933 3256 1002 appellatur.
3322 931 3498 1001 Hujus

1915 1033 2089 1103 gratia
2127 1030 2506 1085 adnotavimus
2555 1042 2773 1098 quoque
2822 1026 2966 1079 hunc
3017 1026 3299 1090 dilectum,
3334 1039 3495 1094 quem

1915 1140 2038 1179 esse
2069 1124 2382 1195 putavimus
2425 1121 2674 1176 eumdem
2723 1119 2791 1174 de
2826 1134 2936 1188 quo
2984 1131 3091 1172 volt
3143 1116 3430 1173 manifeste
3467 1133 3497 1171 a

1916 1217 2071 1272 cretis
2100 1216 2287 1270 audita
2335 1222 2420 1270 est
2453 1213 2644 1268 dicens
2671 1231 2684 1266 :
2716 1229 2735 1263 ς
2771 1210 2870 1266 l-lic
2905 1220 2991 1266 est
3027 1210 3198 1266 Filius
3229 1227 3386 1266 meus
3419 1211 3497 1264 dio

1917 1311 2114 1378 lectus,
2151 1312 2205 1365 in
2233 1323 2344 1380 quo
2371 1306 2680 1378 complarui
2703 1306 2746 1358 ⁸.
2784 1324 2803 1356 ι

2503 1482 2732 1539 CAPUT
2774 1481 2914 1536 XIII.

1993 1601 2011 1634 ε
2047 1581 2245 1636 Audite
2273 1579 2503 1634 verbum
2543 1577 2781 1638 Domini,
2815 1576 2915 1630 viri
2958 1576 3238 1636 illusores,
3268 1575 3362 1644 qui
3397 1576 3498 1630 do-

1918 1675 2203 1731 minamini
2233 1689 2401 1743 super
2438 1672 2698 1742 populum
2738 1684 2917 1723 meum
2951 1668 3043 1736 qui
3084 1676 3169 1721 est
3206 1667 3259 1720 in
3283 1665 3500 1720 Jerusa-

1920 1778 2044 1827 lem.
2077 1769 2303 1825 Dixistis
2330 1766 2475 1822 enim
2510 1785 2521 1818 ε
2545 1763 2928 1818 Percussimns
2952 1761 3130 1814 feedus
3155 1777 3278 1814 cum
3304 1770 3498 1822 morte,

232 1865 330 1920 τοῦ
354 1865 582 1919 θανάτου
607 1865 876 1936 συνθήκας
894 1882 906 1895 °
931 1866 1185 1933 καταιγὶς
1202 1864 1472 1937 φερομένη
1495 1864 1592 1919 ἐὰν
1618 1867 1818 1937 παρέλ-

1922 1871 1974 1919 et
2005 1878 2129 1917 cum
2165 1860 2381 1914 inferno
2425 1858 2653 1911 fecimus
2701 1865 2943 1925 pactum.
2994 1853 3292 1923 Flagellum
3343 1854 3500 1907 inun-

233 1958 326 2034 θῃ,
352 1960 411 2012 ού
433 1959 504 2031 μὴ
530 1959 656 2032 ἔλθη
685 1961 767 2028 ἐφ’
795 1961 968 2030 ἡμᾶς
994 1959 1272 2030 ἐθήκαμεν
1297 1957 1490 2028 ψεῦδος
1509 1959 1608 2029 τὴν
1630 1960 1821 2014 ἐλπίδα

231 2050 413 2121 ἡμῶν,
430 2051 520 2104 καὶ
539 2049 816 2122 τῷψεύδει
839 2049 1345 2121 σκεπασθησόμεθα·
1370 2049 1456 2102 διὰ
1470 2050 1631 2104 τοῦτο
1651 2050 1823 2115 οὕτως

229 2145 381 2212 λέγει
407 2143 607 2215 Κύριος
641 2143 843 2214 Κύριος
871 2161 885 2175 ο
907 2145 1037 2197 Ἰδοὺ
1083 2142 1193 2213 ἐγὼ
1240 2143 1492 2214 ἐμϐάλλω
1521 2145 1599 2207 εἰς
1631 2144 1697 2198 τὰ
1733 2145 1821 2198 θε-

239 2235 404 2306 μέλια
434 2234 569 2288 Σιὼν
601 2234 743 2288 λίθον
787 2235 1072 2307 πολυτελῆ,
1103 2235 1378 2296 ἐκλεκτὸν,
1408 2236 1819 2306 ἀκρογωνιαίον,

235 2325 451 2397 ἔντιμον
501 2327 581 2388 είς
627 2325 695 2378 τὰ
737 2324 960 2395 θεμέλια
1005 2327 1194 2397 αὐτῆς,
1240 2328 1334 2379 καὶ
1365 2327 1392 2378 6
1423 2327 1690 2380 πιστεύων
1734 2328 1820 2380 ἐπ’

231 2417 382 2488 αὑτῷ
419 2418 479 2471 ού
529 2417 602 2488 μὴ
641 2417 1036 2488 καταισχυνθῇο
1072 2419 1167 2472 καὶ
1202 2418 1354 2490 θήσω
1395 2419 1576 2488 κρίσιν
1625 2421 1704 2483 είς
1747 2420 1824 2473 ὲλ-

233 2511 385 2573 πίδα,
415 2512 448 2582 ἠ
477 2511 533 2563 δὲ
561 2509 896 2582 ἐλεημοσύνη
936 2522 1038 2580 μου
1071 2511 1151 2573 εἰς
1181 2510 1476 2582 σταθμούς.
1515 2530 1534 2562 ι
1566 2511 1676 2564 Καὶ
1708 2512 1823 2576 πῶς

233 2606 335 2657 οὐκ
370 2603 583 2675 ἀληθῶς
614 2603 818 2674 ἠλίθιος
856 2604 951 2656 καὶ
990 2604 1184 2674 κομιδῆ
1219 2604 1622 2672 καταγέλαστος
1648 2606 1682 2676 ὴ
1716 2605 1823 2658 τῶν

239 2695 565 2768 σωματικῶς
616 2695 1062 2766 καραδοκούντων
1104 2695 1250 2748 λίθον
1320 2695 1441 2748 τινὰ
1491 2695 1696 2748 τούτων
1757 2699 1820 2768 δὴ

235 2788 346 2841 τῶν
391 2787 694 2840 πολυτελῶν
740 2789 834 2840 καὶ
887 2787 1200 2858 πολυτίμων
1257 2783 1393 2841 εἶναι
1450 2788 1822 2859 νομιζομένων

236 2882 319 2944 είς
351 2880 421 2934 τὰ
458 2879 680 2950 θεμέλιοι
729 2882 828 2951 τῆς
873 2881 1188 2951 σωματικῆς
1219 2878 1353 2933 Σιὼν
1389 2879 1822 2952 ἐμδληθήσεσθαι

237 2971 375 3043 πρὸς
404 2970 566 3025 αὐτοῦ
594 2969 688 3024 τοῦ
722 2971 926 3041 Κυρίου
965 2971 1254 3042 ὑπόληψις,
1291 2972 1375 3039 ἐφ’
1403 2971 1463 3025 δν
1497 2970 1641 3025 λίθον
1668 2974 1696 3025 6
1730 2990 1820 3024 πι-

241 3059 473 3124 στεύσας
501 3059 750 3130 οὐδαμῶς
789 3060 1352 3132 καταισχυνθήσεσθαι
1391 3062 1818 3132 προφητεύεται;

241 3153 350 3214 Τὰς
382 3153 569 3224 μωρὰς
597 3152 882 3225 τοιγαροῦν
912 3154 1004 3206 καὶ
1045 3153 1340 3217 Ἰουδαῖκὰς
1362 3155 1658 3225 διηγήσεις,
1693 3157 1818 3219 τούς
1845 3187 1884 3244 C

238 3263 298 3298 τε
338 3245 619 3315 γραώδεις
667 3244 758 3310 οὒς
813 3245 1095 3316 ὠνόμασεν
1139 3248 1168 3298 6
1222 3246 1539 3310 ’Δπόστολος
1583 3249 1815 3316 μύθους

239 3337 680 3407 ἀποσεισάμενοι,
711 3337 845 3390 Θεοῦ
884 3337 1048 3402 ἀξίως
1082 3338 1181 3401 τὰς
1208 3338 1598 3403 θεοπνεύστους
1647 3357 1821 3411 παρα-

238 3427 524 3500 δεχώμεθα
555 3429 918 3501 προφητείας·
952 3433 1116 3501 φησὶν
1163 3426 1280 3483 οὖν’
1322 3450 1340 3480 ι
1382 3431 1481 3484 Διὰ
1524 3430 1682 3484 τοῦτο
1711 3431 1820 3484 bacis

239 3523 351 3594 ἐγὼ
381 3523 632 3592 ἐμϐάλλω
661 3525 740 3587 είς
762 3524 831 3578 τὰ
872 3522 1096 3593 θεμέλια
1141 3523 1278 3576 Σιὼν
1299 3523 1464 3576 λίθον.
1504 3544 1522 3576 ι
1551 3524 1648 3577 Διὰ
1672 3529 1820 3578 ποῖον

235 3617 296 3670 δὲ
325 3614 504 3679 τοῦτο,
535 3616 567 3686 ἢ
592 3615 679 3669 διὰ
703 3615 764 3668 τὸ
797 3617 922 3678 τοὺς
955 3615 1222 3685 ἄρχοντας
1248 3614 1343 3668 τοῦ
1387 3615 1652 3687 προτέρου
1690 3615 1818 3669 λαοῦ

237 3706 597 3778 πεποιηκέναι
651 3706 920 3778 συνθήκας
982 3707 1119 3778 μετὰ
1172 3706 1263 3759 τοῦ
1308 3707 1560 3768 θανάτου.
1602 3708 1696 3761 καὶ
1734 3708 1822 3762 διὰ

236 3799 304 3854 τὸ
337 3799 658 3868 καταλεῖψαι
695 3799 791 3870 μὲν
837 3800 1034 3862 αὐτοὺς
1078 3798 1175 3869 τὴν
1219 3797 1312 3851 τοῦ
1360 3798 1494 3852 Θεοῦ
1533 3799 1818 3870 διαθήκην,

238 3891 363 3947 ἀντὶ
397 3892 454 3945 δὲ
480 3889 684 3961 ταύτης
735 3889 998 3961 διαθήκην
1043 3891 1178 3962 πρὸς
1211 3891 1302 3944 τὸν
1341 3891 1473 3962 ᾇδην
1535 3893 1821 3962 πεποιηκέ-

240 4000 353 4047 ναι,
404 3982 806 4053 ὑπολαμϐάνειν
851 3982 907 4034 δὲ
944 3981 1031 4035 διὰ
1067 3980 1238 4034 ταῦτα
1287 3981 1450 4050 μηδὲν
1489 3980 1657 4034 κακὸν
1691 3983 1818 4034 ἐαυο

238 4077 369 4140 τοὺς
437 4074 754 4129 πείσεσθαι·
806 4074 943 4128 ἀλλὰ
998 4075 1092 4127 καὶ
1152 4072 1242 4126 διὰ
1304 4073 1459 4126 τοῦτο
1519 4073 1821 4127 τεθεικέναι

245 4168 347 4238 μὲν
399 4168 491 4221 ἐπὶ
530 4166 724 4236 ψεῦδος
759 4166 860 4239 τὴν
905 4165 1094 4220 ἐλπίδα
1138 4165 1316 4220 αὐτῶν
1367 4165 1461 4218 καὶ
1493 4165 1699 4219 οἴεσθαι
1746 4166 1822 4238 τῷ

240 4260 430 4330 ψεύδει
460 4259 968 4331 σκεπασθήσεσθαι⁹
1003 4258 1093 4312 διὰ
1135 4259 1243 4330 γάρ
1278 4276 1359 4312 τοι
1407 4258 1600 4321 ταῦτα,
1635 4259 1710 4323 ὡς
1757 4261 1822 4313 ἂν

242 4352 727 4408 ἁποπεπτωκότων
750 4351 973 4404 ἐκείνων
1011 4349 1119 4403 ἀπὸ
1149 4352 1246 4421 τῆς
1279 4353 1358 4413 εἰς
1381 4351 1469 4403 τὸν
1507 4351 1638 4404 Θεὸν
1674 4351 1824 4404 ἐλπί-

241 4445 356 4509 δος,
377 4445 469 4498 τὸν
498 4443 861 4515 πολυτίμητον
882 4442 1027 4496 λίθον
1052 4444 1164 4506 τοῖς
1189 4442 1537 4496 πιστεύουσιν
1561 4443 1822 4511 ἐπαγγέλ-

1923 1957 2060 2010 dans
2097 1970 2221 2007 cum
2260 1951 2560 2011 transierit,
2611 1965 2720 2002 non
2767 1948 2946 2002 veniet
2984 1961 3148 2015 super
3196 1961 3296 2001 nos
3326 1965 3339 2000 :
3373 1948 3499 2016 quia

1926 2049 2208 2120 posuimus
2247 2044 2587 2099 mendacium
2623 2057 2774 2111 spem
2811 2047 3080 2102 nostram,
3114 2046 3167 2094 et
3219 2040 3501 2093 mendacio

1926 2141 2155 2212 protecti
2205 2154 2418 2194 sumus.
2454 2135 2662 2190 Idcirco
2705 2137 2818 2188 ha'c
2861 2135 2994 2188 dicit
3027 2132 3333 2188 Dominus:
3365 2131 3501 2186 Ecce

1924 2249 2023 2301 ego
2058 2231 2268 2285 mittam
2309 2230 2361 2283 in
2391 2228 2759 2282 fundamentis
2793 2227 2922 2281 Sion
2976 2225 3210 2296 lapidem
3242 2227 3497 2290 electum,

1925 2326 2260 2396 angularem,
2306 2323 2627 2393 pretiosum,
2685 2320 2998 2390 probatum,
3052 2318 3106 2371 in
3150 2317 3502 2372 fundamento

1907 2419 2233 2484 fundatum,
2267 2427 2318 2472 et
2357 2415 2447 2486 qui
2484 2415 2658 2468 credit
2697 2415 2750 2466 in
2798 2429 2920 2466 eum
2969 2427 3076 2465 non
3111 2411 3497 2464 confundetur.

1926 2512 1992 2565 Et
2043 2526 2240 2582 ponam
2288 2510 2342 2563 in
2387 2508 2625 2578 pondere
2674 2506 2976 2574 judicium,
3033 2510 3089 2558 et
3125 2503 3395 2572 justitiam
3445 2504 3498 2556 in

1926 2620 2183 2660 mensura
2209 2604 2254 2657 '.
2288 2622 2306 2655 ι
2347 2600 2630 2668 Quomodo
2673 2599 2819 2652 enim
2855 2613 2963 2650 non
3006 2611 3134 2651 vere
3172 2595 3400 2664 puerilis
3445 2604 3501 2649 et

1923 2700 2147 2754 omnino
2176 2695 2508 2751 deridendus
2555 2693 2771 2746 illorum
2799 2689 3103 2759 crror,-qui
3140 2687 3502 2758 corporaliter

1924 2795 2238 2849 existimant
2270 2791 2498 2860 lapidem
2524 2787 2815 2856 quemdam
2861 2800 2890 2837 e
2936 2782 3193 2853 pretiosis
3229 2781 3502 2850 probatis-

1923 2901 2030 2956 que
2063 2887 2116 2938 in
2144 2882 2512 2938 fundamentis
2534 2877 2839 2948 corporalis
2872 2874 3001 2930 Sion
3031 2873 3357 2928 mittendum
3381 2889 3502 2927 esse

1924 2979 1992 3032 ab
2015 2977 2131 3046 ipso
2165 2976 2414 3035 Domino,
2444 2988 2646 3040 eosque
2677 2973 2767 3040 qui
2799 2971 2851 3022 in
2882 2970 3026 3022 hunc
3057 2966 3290 3036 lapidem
3319 2965 3500 3019 credi-

1924 3069 2102 3122 derint
2148 3084 2258 3121 non
2305 3083 2426 3121 esse
2455 3063 2892 3124 confundendos,
2918 3061 3073 3129 juxta
3107 3059 3447 3128 prophetiam
3475 3059 3498 3110 ?

1926 3158 2134 3214 Stultas
2185 3159 2350 3229 igitur
2397 3165 2451 3211 et
2499 3155 2757 3210 Judaicas
2803 3153 3304 3222 interpretationes,
3362 3165 3500 3219 quas

1925 3254 2095 3307 aniles
2145 3252 2356 3320 fabulas
2410 3251 2707 3321 Apostolus
2769 3247 2965 3302 vocat6
3023 3245 3370 3314 ahjicientes,
3420 3243 3474 3295 di

1921 3361 2027 3417 gna
2081 3345 2190 3399 Deo
2237 3345 2555 3413 acceptione
2617 3340 2885 3395 divinitus
2947 3339 3070 3406 insp
3097 3347 3241 3390 ratas
3298 3335 3500 3389 inte”.-

1920 3453 2115 3510 gamus
2141 3436 2475 3508 prophetias.
2508 3433 2648 3486 Dicit
2683 3433 2846 3502 igitur
2875 3450 2886 3484 :
2925 3449 2942 3479 ι
2976 3428 3116 3482 Ecce
3149 3443 3248 3497 ego
3282 3427 3496 3480 mittam

1923 3533 1976 3585 in
2009 3529 2377 3584 fundamentis
2403 3527 2534 3580 Sion
2567 3526 2822 3595 Lapidem.
2860 3543 2876 3574 ι
2909 3523 3021 3577 Cur
3046 3522 3204 3581 illud.
3233 3521 3335 3573 nisi
3359 3534 3469 3588 quo

1921 3623 2064 3676 niam
2116 3620 2318 3690 prioris
2366 3618 2547 3689 populi
2592 3618 2868 3687 principes
2915 3631 3039 3669 cum
3095 3621 3270 3668 morte
3320 3612 3498 3667 fmdus

1923 3721 2351 3782 percusserunt,
2420 3713 2503 3765 vel
2551 3711 2811 3779 quoniam
2872 3709 3065 3764 relicto
3111 3706 3205 3761 Dei
3253 3706 3497 3768 findere,

1921 3812 2111 3859 contra
2147 3816 2364 3873 pactum
2401 3819 2526 3858 cum
2564 3804 2778 3856 inferno
2811 3801 3079 3865 fecerunt,
3117 3800 3503 3854 existimantes

1922 3906 2143 3969 propter
2164 3895 2296 3950 illud
2329 3911 2388 3951 se
2413 3896 2546 3949 nihil
2576 3895 2702 3947 mali
2735 3909 2858 3949 esse
2885 3906 3178 3962 passuras;
3211 3889 3305 3943 sed
3333 3890 3496 3942 etiam

1921 3991 2180 4061 quoniam
2221 3991 2276 4043 in
2329 3987 2613 4042 mendacio
2673 4002 2822 4055 Spem
2873 3991 3174 4053 posuerunt
3223 3997 3401 4044 suam,
3447 3989 3500 4034 et

1923 4082 2210 4138 mendacio
2239 4097 2298 4137 se
2325 4087 2599 4151 protectos
2622 4077 2993 4133 crediderunt.
3021 4074 3365 4144 Quapropter
3390 4074 3503 4128 illis

1925 4189 1954 4226 a
1980 4190 2075 4244 spe
2105 4173 2158 4227 in
2192 4173 2361 4228 Deum
2393 4171 2663 4241 disjectis,
2694 4169 2994 4240 pretiosum
3029 4168 3261 4238 lapidem
3280 4165 3507 4219 crcden-‘

1923 4267 2068 4320 tibus
2101 4265 2313 4318 mittere
2343 4264 2651 4333 pollicetur.
2691 4263 2770 4315 Ad
2812 4261 2948 4316 istos
2993 4269 3175 4315 autem
3205 4259 3449 4312 dicentes
3480 4275 3491 4310 :

1927 4373 1948 4407 σ
1975 4354 2358 4410 Percussimus
2400 4353 2577 4406 faedus
2607 4367 2731 4406 cum
2768 4359 2964 4416 morte,
3013 4360 3067 4405 et
3105 4365 3232 4405 cum
3283 4349 3503 4402 inferno

1924 4447 2152 4500 fecimus
2185 4453 2439 4514 pactum;
2482 4442 2750 4512 ﬂagellum
2793 4442 3070 4496 inundans
3104 4457 3228 4496 cum
3264 4441 3498 4493 transie-

242 4538 398 4591 λεται
459 4537 666 4610 θήσειν.
722 4537 864 4606 Πρὸς
923 4536 1164 4599 ἐκείνους
1215 4535 1272 4588 δὲ
1327 4535 1452 4599 τοὺς
1507 4537 1813 4607 εἰρηκότας,

1921 4539 2010 4603 rit,
2042 4553 2150 4592 non
2183 4537 2358 4592 veniet
2403 4553 2566 4606 super
2600 4552 2730 4602 nos;
2779 4536 2906 4606 quia
2949 4536 3232 4604 posuimus
3273 4533 3495 4585 menda~

249 4651 271 4682 ο
319 4629 682 4702 Ἐποιήσαμεν
709 4628 972 4700 διαθήκην
1017 4627 1158 4698 μετὰ
1185 4626 1275 4680 τοῦ
1324 4627 1472 4698 ᾅδου,
1522 4629 1613 4680 καὶ
1680 4627 1818 4697 μετὰ

244 4723 343 4778 τοῦ
365 4722 595 4777 θανάτου
621 4720 910 4793 συνθήκαςο
938 4720 1193 4788 καταιγὶς
1225 4719 1518 4790 φερομένη,
1557 4719 1652 4772 ἐὰν
1677 4715 1818 4788 παρ-

245 4815 400 4888 έλθῃ,
437 4815 499 4870 οὐ
544 4814 620 4886 μὴ
665 4811 798 4886 ἔλθῃ
827 4813 912 4882 ἐφ’
957 4812 1138 4883 ἡμᾶς’
1187 4810 1462 4881 ἐθήκαμεν
1493 4810 1684 4881 ψεῦδος
1719 4810 1817 4882 τὴν

245 4908 438 4962 ἐλπίδα
481 4907 659 4979 ἡμῶν,
718 4907 812 4959 καὶ
871 4904 949 4975 τῷ
1001 4902 1188 4972 ψεύδει
1233 4902 1743 4974 σκεπασθησόμεθα,
1795 4922 1814 4953 ι

248 4999 602 5064 ὑποκαταϐὰς
633 5001 663 5053 6
709 4998 866 5066 λόγος
907 4995 1098 5067 φησίνο
1137 5015 1154 5046 ί
1201 4996 1264 5048 Ol
1294 4993 1610 5059 πεποιθότες
1642 4995 1818 5066 μάτην

243 5092 450 5163 ψεύδει,
476 5092 538 5145 οὐ
572 5091 644 5162 μὴ
679 5089 924 5163 παρέλθῃ
948 5089 1090 5159 ὑμᾶς
1116 5088 1388 5156 καταιγὶς,
1414 5086 1488 5158 μὴ
1522 5089 1614 5140 xui.
1643 5087 1818 5159 ἀφέλῃ

245 5185 401 5258 ὑμῶν
423 5184 522 5256 τὴν
547 5183 807 5255 διαθήκην
837 5181 932 5236 τοῦ
965 5179 1214 5243 θανάτου,
1232 5179 1324 5232 καὶ
1351 5181 1384 5250 ἡ
1420 5178 1570 5240 ἐλπὶς
1597 5178 1748 5248 ὑμῶν
1783 5181 1820 5250 η

247 5278 385 5349 πρὸς
425 5277 518 5330 τὸν
560 5276 692 5348 ᾅδην
721 5276 782 5329 οὐ
817 5275 892 5346 μὴ
934 5273 1196 5344 ἐμμείνη·
1230 5271 1483 5339 καταιγὶς
1538 5271 1811 5342 φερομένη

247 5369 344 5423 ἐὰν
367 5369 592 5441 ἐπέλθῃ,
636 5367 823 5422 ἔσεσθε
865 5369 1000 5438 αὐτῇ
1030 5368 1110 5429 εἰς
1142 5365 1509 5434 καταπὰτημα
1534 5380 1546 5393 ⁸
1584 5384 1602 5416 ι
1654 5363 1690 5417 ἆ
1721 5363 1816 5417 καὶ

247 5460 512 5534 πρόδηλον
540 5462 689 5524 ὅπως
720 5461 812 5513 ἐπὶ⁹
840 5462 904 5531 τῇ
948 5459 1219 5530 παρουσίᾳ
1247 5458 1340 5510 τοῦ
1370 5459 1618 5528 Σωτῆρος
1659 5457 1814 5528 ἡμῶν

245 5560 325 5622 είς
377 5559 584 5611 ἐκεῖνον
628 5557 984 5629 πεπλήρωται
1021 5557 1112 5610 τὸν
1153 5556 1296 5608 λαόν.
1343 5553 1672 5617 Ἀκολούθως
1709 5553 1817 5626 ἄρα

245 5649 409 5718 ἡμεῖς
448 5650 548 5702 οὐκ
579 5649 736 5702 ἄλλον
775 5646 1055 5721 ἡγούμεθα
1088 5643 1224 5700 εἶναι
1251 5648 1341 5700 τὸν
1374 5645 1698 5717 δηλούμενον
1727 5649 1815 5700 ἐν-

1921 4631 2065 4684 cium
2098 4645 2247 4700 spem
2275 4637 2542 4693 nostram,
2565 4637 2618 4684 et
2644 4629 2926 4682 mendacio
2963 4627 3193 4695 protecti
3232 4639 3444 4680 sumus.
3474 4641 3497 4672 ›

1921 4723 2084 4793 paulo
2114 4731 2236 4793 post
2277 4722 2498 4792 subjicit
2534 4721 2817 4792 Scriptura
2850 4741 2861 4774 :
2899 4740 2917 4772 ι
2949 4719 3060 4774 Vos
3087 4719 3180 4788 qui
3213 4715 3495 4771 mendacio

1922 4816 2127 4871 frustra
2151 4814 2342 4869 conﬁsi
2365 4817 2522 4878 estis,
2568 4831 2678 4869 non
2713 4815 2968 4868 transibit
2993 4811 3279 4865 inundatio
3319 4821 3494 4876 aqum,

1922 4917 1976 4964 et
2017 4908 2288 4962 delebitur
2320 4906 2501 4963 fmdus
2533 4913 2778 4962 vestrum
2822 4921 2947 4958 cum
2976 4911 3152 4958 morte
3186 4910 3240 4955 et
3277 4907 3500 4970 pactum

1924 5010 2167 5057 vestrum
2209 5016 2332 5056 cum
2367 5000 2581 5056 inferno
2633 5016 2741 5054 non
2792 5000 2956 5054 stabit
2983 5017 2994 5052 :
3021 4995 3292 5066 flagellum
3337 4992 3497 5046 inun-

1925 5099 2063 5153 dans
2085 5112 2208 5151 cum
2234 5097 2537 5160 transierit,
2572 5098 2727 5152 eritis
2751 5096 2800 5150 ei
2825 5095 2880 5150 in
2910 5085 3438 5150 conculcationem’.
3472 5101 3502 5135 ι-

1925 5190 2058 5256 Qua:
2101 5189 2381 5245 evidenter
2415 5189 2716 5243 Salvatoris
2763 5187 2937 5244 nostri
2970 5185 3204 5239 adventu
3251 5180 3306 5234 in
3348 5177 3495 5231 hunc

1923 5282 2184 5352 populum
2217 5280 2434 5350 impleta
2460 5286 2608 5335 sunt.
2643 5277 2829 5347 Itaque
2852 5293 2951 5332 nos
2983 5291 3090 5330 non
3116 5274 3283 5326 alium
3305 5269 3494 5324 existi-

1922 5391 2136 5431 mamus
2169 5389 2312 5435 esse,
2349 5374 2440 5442 qui
2477 5373 2566 5427 hic
2603 5372 2930 5436 ostenditur,
2972 5368 3204 5439 lapidem
3235 5365 3490 5424 electum,

1923 5467 2211 5538 probatum
2265 5473 2319 5520 et
2363 5465 2687 5527 mirabilem,
2740 5466 2793 5518 in
2827 5477 2988 5533 quem
3032 5459 3124 5529 qui
3159 5457 3494 5512 crediderint

1922 5573 2032 5611 non
2087 5553 2514 5616 confundentur,
2573 5568 2637 5606 ac
2685 5562 2936 5607 sanctum
2987 5549 3082 5604 Dei
3133 5546 3395 5610 Verbum,
3437 5543 3500 5596 in=

1922 5661 2054 5718 quo,
2097 5647 2244 5700 velut
2293 5643 2507 5714 lapideo
2554 5642 2931 5706 fundamento,
2978 5638 3282 5711 spiritualis
3315 5635 3488 5690 caele-

424 5759 763 5823 a.,xxvr,16.
797 5758 981 5813 ’Psal.
1015 5775 1156 5816 κων.
1235 5760 1254 5790 ³
1279 5757 1422 5813 Psal.
1445 5775 1615 5826 valt,
1661 5761 1728 5816 12
1805 5761 1819 5791 ⁸

1921 5760 2040 5815 ιιιιι.
2109 5775 2187 5822 lll,
2245 5758 2329 5811 l7.
2408 5757 2786 5821 5lsa.)ntviu,
2847 5755 3028 5809 H-l'i.
3106 5750 3300 5805 “Phil.
3341 5763 3402 5817 ιι,
3428 5747 3491 5800 8.

315 5762 331 5792 ι

198 5749 270 5863 (⁷
315 5762 331 5792 ¹
367 5759 649 5882 Ilia-sxw,
679 5759 763 5816 16.
797 5761 817 5790 ²
839 5758 981 5813 Psal.
1015 5775 1156 5816 κων.
1235 5760 1254 5790 ³
1279 5757 1400 5813 Psal

307 5829 327 5882 ι
421 5846 515 5887 tm.
566 5846 640 5896 IV,
671 5830 721 5884 7.
780 5831 817 5902 ’⁸
846 5830 944 5885 lsa.
980 5845 1172 5897 xxvur,
1205 5831 1290 5896 17,
1318 5829 1405 5883 I8.
