4070 6464
633 329 772 384 1219

1277 323 1548 382 EUSEBII
1585 320 2063 381 CESARIENSIS
2094 319 2246 377 OPP.
2285 317 2467 374 PARS
2499 316 2586 371 111.
2624 347 2696 358 —
2736 314 3146 372 EXEGETICA.

3743 319 3894 375 {2'30

631 445 844 512 stisque
895 438 1028 495 Sion
1079 435 1458 501 ardilieabitur,
1518 435 1613 491 Dei
1671 435 1883 492 scilicet
1928 432 2190 488 Ecclesia.

2304 431 2466 485 ταῦθα
2508 431 2654 484 λίθον
2686 429 2942 484 ἐκλεκτὸν
3001 429 3308 501 θαυμαστόν
3338 449 3457 485 τινα
3489 432 3617 486 ὅντα
3645 433 3750 486 καὶ
3787 453 3894 489 πα-

633 549 653 584 ι
687 529 1120 585 Fundamentum
1159 525 1304 580 enim
1345 525 1494 580 aliud
1545 539 1707 580 nemo
1752 531 1932 594 potest
1973 537 2196 592 ponere,

630 628 830 692 prater
861 618 915 674 id
953 617 1097 690 quod
1121 617 1355 688 positum
1386 625 1493 682 est,
1523 616 1668 686 quod
1701 624 1786 672 est
1815 615 2072 671 Christus
2103 613 2197 669 Je-

630 729 728 771 sus
751 724 791 768 ι.
825 731 845 765 ›
881 712 956 766 De
986 725 1097 780 quo
1133 722 1188 764 et
1221 709 1276 764 in
1321 709 1556 764 Psalmis
1587 707 1795 762 dictum
1830 716 1955 762 est:
1989 726 2007 758 ι
2038 706 2200 776 Lapi-

628 805 753 862 dem
785 819 944 874 quem
977 801 1410 872 reprobaverunt
1431 799 1781 862 aediﬁcantes,
1807 799 1896 853 hic
1921 798 2095 852 factus
2114 804 2199 852 est

629 898 687 952 in
725 907 888 966 caput
918 896 1161 956 anguli”.
1198 916 1215 946 ι
1260 901 1313 949 et
1342 911 1360 944 ι
1391 892 1670 962 angularis
1702 911 1720 942 ι
1749 898 1996 945 vocatur.
2025 889 2195 956 Quem

628 1002 760 1041 vero
790 985 980 1040 Daniel
1013 1000 1228 1055 quoque
1265 982 1499 1053 lapidem
1531 983 1922 1052 interpretatur
1940 981 2007 1036 de
2037 980 2200 1035 Chri-

629 1080 700 1136 sti
730 1094 923 1149 regno.
948 1093 1071 1132 cum
1121 1076 1256 1130 dicit
1281 1093 1294 1128 :
1323 1095 1340 1126 ι
1371 1073 1535 1144 Lapis
1561 1084 1760 1137 autem,
1790 1076 1881 1144 qui
1907 1087 2195 1143 percusse-

629 1183 714 1226 rat
750 1179 1009 1235 statuam,
1045 1168 1223 1222 factus
1271 1175 1354 1222 est
1394 1181 1550 1220 mons
1577 1181 1828 1236 magnus,
1873 1172 1928 1220 et
1956 1165 2197 1236 implevit

635 1265 944 1319 universam
983 1261 1242 1316 terram’.
1273 1278 1292 1310 ι
1328 1259 1684 1314 Ᾰεῖᾱὶίὶοαηιεε
1716 1258 1884 1328 igitur
1920 1257 2076 1326 juxta
2120 1258 2196 1311 le-

629 1355 712 1426 gis
761 1355 997 1408 litteram
1048 1351 1362 1416 mdiﬂcium,
1399 1350 1545 1403 hunc
1594 1348 2026 1415 reprobaverunt
2059 1346 2197 1416 lapi-

627 1446 792 1499 dem:
824 1443 916 1513 qui
975 1442 1364 1504 nihilominus,
1407 1441 1476 1494 ab
1532 1441 1600 1495 iis
1643 1440 1988 1509 reprobatus,
2033 1445 2196 1507 caput

627 1535 833 1607 anguli,
857 1534 1098 1605 gentium
1127 1533 1383 1588 videlicet
1411 1531 1666 1586 Ecclesia:
1693 1530 2022 1593 ostenditur,
2041 1529 2194 1598 juxta

628 1625 761 1680 illud
797 1641 814 1680 :
859 1645 877 1677 ι
907 1624 1224 1680 Constitues
1279 1640 1366 1678 me
1409 1624 1464 1676 in
1516 1629 1679 1692 caput
1719 1623 1962 1692 gentium
1988 1622 2027 1676 “.
2064 1642 2081 1674 ι
2136 1620 2194 1675 1η

628 1721 776 1774 hunc
810 1719 979 1785 igitur
1005 1718 1237 1789 lapidem
1271 1719 1364 1786 qui
1404 1715 1724 1778 crediderit,
1789 1730 1898 1775 non
1967 1715 2195 1770 confun-

2302 523 2542 596 ράδοξον,
2567 523 2645 586 ὠς
2675 522 2801 586 τοὺς
2839 521 3235 586 πιστεύσαντας
3271 525 3351 586 εἰς
3376 525 3536 578 αὑτὸν
3573 523 3648 595 μὴ
3687 543 3893 581 καιται-

2300 615 2693 687 σχυνθήσεσθαι
2721 614 2816 668 τοῦ
2852 613 3000 686 ἱεροῦ
3042 614 3136 668 τοῦ
3171 614 3308 668 Θεοῦ
3352 615 3546 684 Λόγου,
3577 618 3660 684 ἐφ’
3700 616 3771 668 ὃν
3815 617 3891 682 ὡς

2298 709 2391 762 ἐπὶ
2432 707 2678 778 θεμέλιον
2711 707 2924 779 ἑδραῖον
2966 708 3000 777 ἡ
3050 705 3394 777 πνευματικὴ
3425 707 3517 760 καὶ
3555 706 3896 778 ὲπουράνπ

2297 798 2433 851 Σιὼν
2463 798 2826 871 ᾠκοδόμηται,
2870 799 2972 854 οὐκ
3012 799 3145 870 άλλη
3185 817 3268 863 τις
3300 795 3431 854 οὖσα
3459 800 3557 870 τῆς
3602 802 3700 854 τοῦ
3748 801 3893 856 Θεοῦ

2312 891 2667 961 Ἐκκλησίαςο
2722 911 2741 944 ι
2785 892 3046 963 Θεμέλιον
3086 892 3194 963 γάρ
3238 891 3396 947 ἄλλον
3441 893 3612 956 οὐδεὶς
3651 893 3893 947 δύναται

2301 979 2364 1050 (f.
2389 982 2457 1036 50
2483 984 2558 1053 v°)
2594 982 2765 1036 θεῖναι
2799 978 2950 1054 παρά
2970 983 3060 1036 τὸν
3093 983 3362 1054 κείμενον,
3397 985 3455 1047 ὃς
3483 987 3630 1037 ἐστιν
3666 984 3895 1055 Ἰησοῦς

2301 1070 2562 1144 Χριστός⁸
2600 1091 2620 1126 ι
2657 1075 2786 1145 περὶ
2821 1075 3010 1128 τούτου
3049 1075 3106 1128 δὲ
3151 1076 3245 1129 καὶ
3271 1078 3327 1128 ὲν
3354 1076 3594 1146 Ψαλμοῖς
3624 1078 3891 1147 εἴρηται·

2303 1180 2320 1212 ι
2363 1163 2542 1228 Λίθον,
2589 1165 2647 1218 6v
2693 1167 3106 1238 ἀπεδοκίμασαν
3154 1168 3203 1220 οί
3250 1167 3669 1238 οἰκοδομοῦντες,
3723 1161 3895 1229 οὗτος

2297 1254 2527 1325 ἐγενήθη
2559 1258 2654 1319 εἰς·
2681 1256 2920 1329 κεφαλὴν
2961 1258 3180 1327 γωνίας,
3208 1277 3226 1310 ι
3262 1261 3354 1313 καὶ
3384 1278 3402 1310 ι
3427 1263 3835 1330 ἀκρογωνιαίος
3868 1280 3888 1310 ι

2295 1345 2642 1416 ὠνόμασται·
2689 1349 2878 1402 τοῦτον
2916 1349 2972 1403 δὲ
3017 1351 3110 1403 καὶ
3147 1351 3343 1422 Δανιὴλ
3385 1351 3473 1404 τὸν
3516 1351 3656 1403 λίθον
3703 1353 3894 1422 ἑρμη-

2294 1436 2437 1490 νεύει
2483 1439 2575 1492 ἐπὶ
2615 1441 2714 1511 τὴν
2761 1440 2858 1494 τοῦ
2901 1443 3136 1514 Χριστοῦ
3181 1443 3474 1513 βασιλείαν,
3518 1444 3643 1496 ἔνθα
3685 1444 3890 1512 λέγει’

2300 1549 2319 1581 ι
2361 1531 2470 1583 Καὶ
2511 1533 2540 1584 6
2570 1531 2714 1596 λίθος
2753 1536 2782 1587 6
2826 1534 3072 1598 πατάξας
3114 1535 3212 1605 τὴν
3259 1535 3465 1599 εἰκόνα,
3492 1536 3709 1603 ἐγένετο
3759 1535 3894 1607 ὅρος

2297 1621 2458 1692 μέγα,
2484 1624 2577 1675 καί
2595 1625 2886 1690 ἐπάταξεν,
2919 1625 2952 1696 ἦ
2976 1627 3070 1678 καὶ
3090 1627 3371 1699 ἐπλήρωσε
3400 1629 3572 1679 πᾶσαν
3588 1627 3683 1697 τὴν
3711 1628 3885 1695 γῆν.»

2296 1715 2359 1766 Ol
2405 1715 2502 1785 μὲν
2548 1712 2641 1769 οὖν
2681 1717 3085 1787 οἰκοδομοῦντες
3111 1718 3209 1788 τὴν
3253 1718 3396 1772 κατὰ
3423 1719 3480 1772 τὸ
3517 1720 3760 1790 γράμμα
3791 1715 3890 1769 τοῦ

625 1813 806 1874 detur,
863 1820 922 1866 ut
953 1826 1080 1866 vere
1111 1809 1438 1880 praenuntiat
1495 1822 1736 1878 praesens
1784 1806 1851 1861 de
1901 1807 2019 1875 ipso
2071 1822 2196 1876 pro-

2304 1805 2459 1874 νόμου
2489 1808 2796 1880 οἰκοδομὴν,
2821 1809 3008 1863 τοῦτον
3029 1809 3436 1877 ἀπεδοκίμασαν
3465 1809 3552 1862 τὸν
3573 1808 3724 1860 λίθον
3747 1825 3762 1837 ι
3791 1809 3892 1861 αύ-

667 1904 826 1958 lietia.

669 1921 826 1958 neua.

627 1921 770 2067 ξαλὴ
807 1996 1006 2066 γωνίας
1043 1997 1139 2066 τῆς
1182 1994 1288 2046 τῶν
1339 1992 1396 2060 ἐξ
1441 1992 1610 2046 ἐθνῶν
1694 1990 2015 2061 Ἐκκλησίας

2299 1899 2391 1962 τὸς
2417 1900 2474 1953 δὲ
2502 1901 2651 1954 οὐδὲν
2688 1897 2848 1974 ἦττον
2883 1903 2973 1956 ὑπ’
3009 1904 3231 1955 ἐκείνων
3275 1903 3756 1971 ἀποδοκιμασθεὶς,
3790 1918 3884 1955 κε’

2097 1993 2460 2048 ἁναδὲδεικται
2505 1998 2644 2051 κατὰ
2689 1999 2750 2052 τὸ
2800 1999 3086 2070 είρημένον
3127 2016 3248 2063 που,
3299 2017 3317 2048 ‹
3381 1999 3761 2067 Καταστήσεις
3820 2006 3886 2068 μὲ

627 2093 706 2154 εἰς
739 2089 977 2159 κεφαλὴν
1011 2087 1199 2142 ὲθνῶν.
1239 2107 1256 2138 ι
1301 2085 1424 2140 Ἐπὶ
1458 2085 1644 2138 τοῦτον
1683 2083 1970 2156 τοιγαροῦν
1997 2083 2088 2138 τὸν
2137 2085 2282 2140 λίθον
2345 2091 2372 2143 6
2400 2090 2666 2144 πιστεύων
2715 2092 2776 2146 ού
2829 2089 3384 2162 καταισχυνθήσεται,
3438 2089 3884 2160 ἐπαληθευούσης

629 2186 720 2238 καὶ
757 2183 959 2255 ταύτης
989 2187 1088 2255 τῆς
1113 2183 1239 2252 περὶ
1267 2181 1430 2236 αὑτοῦ
1456 2181 1807 2252 προφητείας.

1269 2293 1497 2350 CAPUT
1529 2291 1672 2348 XIV.

705 2407 727 2440 ι
769 2387 908 2444 Ecce
929 2403 1127 2442 nomen
1158 2386 1371 2440 Dmnini
1399 2387 1547 2441 venit
1570 2384 1636 2438 de
1661 2385 1974 2455 longinquo,
2001 2385 2198 2442 ardens

629 2481 785 2538 [υτον
819 2481 940 2550 ejus
965 2488 1019 2535 et
1048 2479 1230 2549 gravis
1271 2479 1336 2532 ad
1380 2476 1710 2548 portandum
1752 2496 1764 2530 :
1793 2477 1934 2530 labia
1965 2477 2086 2546 ejus
2111 2491 2200 2530 re-

631 2576 776 2643 pleta
819 2582 947 2627 sunt
978 2571 1372 2640 indignatione,
1405 2577 1459 2624 et
1492 2570 1679 2640 lingua
1722 2570 1843 2640 ejus
1872 2570 2029 2638 quasi
2059 2568 2197 2638 ignis

630 2667 901 2721 devorans
929 2665 970 2718 ⁸.
995 2683 1014 2715 ι
1047 2661 1186 2729 Quid
1213 2670 1358 2717 esset
1387 2662 1592 2717 dictum
1624 2661 1712 2714 hic
1734 2675 1931 2714 nomen
1962 2658 2197 2723 Domini,

633 2757 739 2812 nisi
787 2755 932 2810 Deus
964 2752 1226 2816 Verbum,
1268 2769 1300 2806 a
1338 2767 1448 2821 quo
1483 2750 1667 2804 omnia
1713 2757 1896 2804 creata
1930 2751 2098 2804 sunt?
2126 2747 2200 2803 De

630 2847 871 2904 secunda
902 2847 1068 2918 igitur
1098 2855 1152 2901 et
1175 2845 1435 2915 praclara
1485 2843 1608 2913 ejus
1641 2841 2086 2897 manifestatione
2111 2855 2202 2895 ac—

628 2940 882 3010 eipienda
917 2947 1022 3004 est,
1057 2945 1115 2992 ut
1143 2937 1361 3008 opinor,
1392 2935 1508 2990 haec
1538 2935 1849 3006 prophetia.

1224 3137 1451 3196 CAPUT
1479 3137 1598 3193 XV.

713 3253 734 3286 ι
765 3232 890 3289 Haec
912 3233 1045 3288 dicit
1077 3231 1338 3286 Dominus
1371 3251 1384 3290 :
1419 3231 1616 3286 Beatus
1645 3229 1738 3301 qui
1777 3228 1940 3284 habet
1970 3228 2027 3282 in
2066 3224 2201 3281 Sion

633 3343 842 3390 semen,
872 3333 928 3380 et
981 3325 1192 3380 incolas
1248 3324 1302 3378 in
1356 3322 1681 3378 Jerusalem.
1717 3319 1859 3376 Ecce
1907 3319 2053 3374 enim
2104 3332 2202 3372 rex

628 3417 813 3488 justus
829 3417 1097 3486 regnabit,
1121 3428 1174 3469 et
1199 3415 1473 3486 principes
1500 3414 1553 3467 in
1582 3412 1792 3483 judicio
1817 3421 2092 3482 praeerunt
2119 3410 2195 3463 ⁸.»

629 3509 885 3562 Christus
914 3507 1009 3562 Dei
1047 3506 1271 3562 dicens:
1310 3526 1329 3557 ι
1363 3506 1475 3578 Ego
1534 3505 1870 3561 constitutus
1925 3517 2047 3558 sum
2103 3518 2198 3558 rex

633 3614 911 3669 supereos
948 3618 966 3650 ι
990 3599 1044 3652 in
1078 3599 1181 3651 hac
1205 3598 1488 3668 prephetia
1517 3596 1856 3666 designatur.
1881 3593 1987 3660 Qui
2019 3600 2200 3648 autem

632 3692 737 3747 sub
764 3705 829 3746 eo
848 3697 978 3745 sunt
1004 3690 1302 3760 principes,
1329 3689 1560 3758 apostoli
1595 3688 1827 3748 scilicet,
1847 3694 1900 3742 et
1929 3685 2200 3740 Ecclesias

633 3783 689 3837 in
709 3782 918 3851 judicio
945 3780 1040 3835 Dei
1075 3781 1394 3850 dirigentes,
1431 3780 1544 3834 sive
1577 3777 1747 3832 divini
1791 3776 1991 3846 angeli,
2023 3775 2201 3830 homio

632 3891 766 3930 num
813 3874 1004 3928 salutis
1057 3871 1393 3928 defensores.
1421 3869 1653 3940 Propter
1696 3869 1849 3922 illum
1883 3869 2069 3938 igitur,
2106 3867 2200 3936 qui

633 3967 774 4037 regit
806 3964 936 4019 Sion
960 3972 1014 4019 et
1050 3962 1373 4025 Jerusalem,
1393 3979 1411 4012 ι
1440 3960 1641 4015 Beatus
1670 3959 1764 4030 qui
1794 3959 1954 4013 habet
1980 3959 2035 4012 in
2070 3957 2202 4013 Sion

635 4073 821 4114 semen
837 4065 892 4112 et
911 4057 1120 4110 incolas
1143 4055 1196 4108 in
1217 4052 1523 4108 Jerusalem
1544 4069 1559 4117 ;
1587 4072 1605 4103 ο
1629 4065 1750 4122 qua:
1767 4059 1819 4104 et
1836 4059 2200 4120 congruenter

636 4148 705 4204 de
731 4146 1032 4218 apostolico
1059 4145 1255 4215 spiritu
1299 4143 1472 4212 accipi
1521 4149 1773 4211 possunt,
1809 4141 2072 4195 edocente
2099 4154 2204 4196 nos

637 4239 704 4294 de
730 4252 964 4308 superna
983 4235 1288 4291 Jerusalem
1319 4244 1374 4289 et
1402 4233 1469 4288 de
1495 4231 1705 4287 caelesti
1736 4239 1918 4287 monte
1950 4229 2104 4286 Sion.

2227 3113 2276 3178 C

2825 2295 3219 2348 ΚΕΦΑΛᾹΙΟΝ
3249 2297 3346 2347 lA'.

2376 2402 2396 2436 ι
2454 2385 2582 2439 Ἰδοὺ
2609 2385 2669 2438 τὸ
2699 2384 2869 2456 ὄνομα
2902 2385 3105 2457 Κυρίου
3145 2385 3360 2456 ἔρχεται
3398 2385 3485 2437 διὰ
3519 2385 3719 2440 πολλοῦ
3760 2389 3883 2457 χρό-

2300 2493 2414 2537 νου,
2443 2477 2728 2547 καιόμενος
2762 2477 2956 2548 θυμὸς,
2988 2477 3128 2548 μετὰ
3147 2477 3302 2547 δόξης
3332 2477 3392 2530 τὸ
3423 2476 3599 2546 λόγιον
3625 2479 3741 2531 τῶν
3771 2498 3882 2551 χει-

2300 2567 2438 2622 λέων
2467 2569 2652 2634 αὐτοῦ,
2683 2569 2744 2623 τὸ
2783 2570 2962 2638 λόγιον
2999 2569 3172 2640 ὀργῆς
3205 2571 3429 2642 πλῆρες,
3473 2571 3566 2623 καὶ
3602 2571 3749 2643 ὀργὴ
3791 2572 3882 2626 τοῦ

2301 2659 2475 2731 θυμοῦ
2514 2661 2589 2721 ὡς
2633 2662 2744 2733 πῦρ
2771 2662 2965 2715 ἔδεται.
3005 2681 3024 2714 ι
3060 2662 3170 2715 Καὶ
3197 2661 3248 2714 τί
3278 2660 3343 2714 ἂν
3366 2662 3449 2731 εξη
3494 2663 3553 2714 τὸ
3583 2662 3883 2733 λεγόμενον

2299 2752 2471 2823 ὄνομα
2501 2753 2704 2823 Κυρίου
2739 2754 2770 2824 ἢ
2805 2754 2834 2806 6
2861 2753 2992 2818 Θεὸς
3043 2753 3233 2820 Λόγος,
3279 2753 3347 2805 δι’
3375 2750 3436 2808 οὗ
3471 2756 3540 2807 τά
3584 2755 3882 2825 σύμπαντα

2300 2844 2592 2914 γεγένηται
2615 2862 2629 2911 ;
2661 2844 2742 2898 Τά
2775 2845 3025 2917 περὶτῆς
3053 2845 3308 2916 δευτέρας
3337 2845 3514 2898 τοίνυν
3544 2847 3642 2898 καὶ
3668 2845 3880 2911 ὲνδόξω

2303 2935 2468 2989 αὑτοῦ
2509 2937 2810 3009 παρουσίας
2841 2938 3048 3009 νομίζω
3074 2938 3167 2990 καὶ
3190 2937 3392 3010 ταύτην
3428 2938 3763 2992 αἰνίττεσθαι
3785 2941 3882 3009 τὴν

2303 3028 2657 3098 προφητείαν.

2823 3143 3218 3197 ΚΕΦΑΛΑΙΟΝ
3256 3144 3355 3196 IE’.

2378 3232 2516 3286 Τάδε
2543 3232 2692 3302 λέγει
2732 3233 2934 3306 Κύριος
2953 3251 2968 3266 ο
3009 3254 3028 3287 ‹
3059 3235 3365 3306 Μακάριος,
3390 3233 3450 3297 ὃς
3491 3233 3603 3305 ἔχει
3655 3236 3715 3288 ὲν
3747 3235 3883 3288 Σιὼν

2309 3325 2549 3396 σπέρμα,
2585 3326 2681 3378 καὶ
2722 3327 2953 3391 οἰκείους
2983 3328 3040 3380 ὲν
3081 3327 3387 3398 ἰερουσαλή
3399 3345 3470 3398 μ·
3504 3326 3614 3379 ἰδοὺ
3645 3327 3760 3399 γὰρ
3794 3327 3884 3397 βα-

2307 3414 2488 3479 σιλεὺς
2530 3417 2738 3480 δίκαιος
2783 3417 3110 3488 βασιλεύσει,
3151 3422 3248 3473 καὶ
3290 3419 3549 3490 ἄρχοντες
3591 3420 3734 3488 μετά
3760 3421 3882 3490 κρί-

2307 3523 2444 3572 σεως
2495 3509 2771 3579 ἄρξουσιν.
2809 3529 2829 3562 ι
2890 3511 2949 3564 ὐ
3005 3511 3237 3582 Χριστὸς
3279 3511 3373 3563 τοῦ
3423 3509 3559 3562 Θεοῦ
3607 3511 3639 3562 6
3691 3507 3882 3574 slm‘nv,

2311 3615 2330 3648 ι
2377 3597 2517 3666 Ἐγὼ
2549 3599 2605 3652 δὲ
2642 3603 2982 3674 κατεστάθην
3021 3602 3272 3674 βασιλεὺς
3297 3604 3387 3655 ὑπ’
3407 3603 3594 3667 αὑτοῦ,
3621 3620 3643 3655 ι
3675 3602 3775 3656 καὶ
3799 3601 3886 3656 διὰ

2304 3687 2508 3742 τούτων
2535 3689 2822 3760 δηλοῦται·
2855 3692 2965 3747 εἷεν
2992 3695 3036 3748 δ’
3081 3694 3147 3748 ἃν
3174 3696 3222 3748 οί
3255 3695 3348 3748 ὑπ’
3394 3695 3554 3747 αὑτὸν
3599 3693 3882 3765 ἄρχοντες,

2302 3778 2421 3849 ἢτοι
2453 3781 2758 3849 ἀπόστολοι,
2792 3786 2885 3838 καὶ
2927 3787 2976 3839 οί
3008 3787 3144 3857 μετὰ
3184 3786 3316 3839 Θεοῦ
3352 3788 3585 3856 κρίσεως
3619 3787 3731 3839 τῶν
3773 3787 3886 3842 Ἐκ·

2304 3871 2542 3944 κλησίὦν
2565 3875 2821 3945 ἄρχοντες
2842 3877 2874 3946 ἢ
2904 3877 3123 3947 ἄγγελοι
3149 3878 3302 3942 θεῖοι,
3332 3876 3431 3949 τῆς
3452 3876 3560 3931 τῶν
3577 3875 3886 3948 ἀνθρώπων

2305 3960 2489 4034 ἔφοροι
2521 3966 2825 4037 σωτηρίας⁶
2859 3967 2947 4021 διὰ
2978 3969 3168 4023 τοῦτον
3198 3970 3257 4023 δὲ
3283 3969 3374 4022 τὸν
3407 3969 3762 4040 βασιλεύοντα
3788 3967 3889 4036 τῆς

2306 4053 2445 4108 Σιὼν
2478 4058 2574 4110 καὶ
2603 4057 2704 4127 τῆς
2755 4054 3128 4132 Ἰερουσαλὴμ,
3152 4081 3171 4113 ι
3208 4062 3491 4128 Μακάριος
3510 4100 3526 4123 ,
3560 4059 3620 4123 ὃς
3667 4059 3783 4129 εχει
3829 4060 3889 4111 ὲν

2307 4144 2446 4199 Σιὼν
2477 4149 2719 4219 σπέρμα,
2757 4152 2852 4205 κα)⁸
2877 4152 3110 4216 οἰκείους
3139 4154 3197 4206 ὲν
3233 4151 3608 4224 Ἰερουσαλήμ·
3656 4170 3674 4203 ι
3712 4149 3755 4206 ἃ
3794 4148 3891 4214 κειὶ

2307 4236 2474 4304 ἀξίως
2498 4240 2592 4294 τοῦ
2626 4242 2985 4298 ἀποστολικοῦ
3020 4245 3329 4318 πνεύματος
3359 4242 3776 4315 ὲκλη[μ]πτέον,
3804 4241 3854 4295 δι
3873 4269 3888 4283 -

634 4333 921 4396 δάσκοντος
959 4333 1105 4404 ἡμᾶς
1133 4329 1206 4384 τὰ
1243 4330 1370 4401 περί⁹
1412 4329 1510 4400 τῆς
1540 4329 1651 4382 ἀνω
1685 4326 2062 4400 Ἰερουσαλὴμ,
2105 4328 2321 4384 καὶτοῦ
2348 4333 2488 4389 Σιὼν
2519 4337 2846 4410 ἐπουρανίου
2886 4341 3069 4414 ὅρους.

1219 4530 1450 4588 CAPUT
1479 4529 1623 4586 XVI.

715 4648 734 4680 ε
773 4628 1002 4691 Laetare,
1051 4625 1292 4683 solitudo
1341 4626 1556 4688 sitiens,
1591 4623 1832 4688 exsulta,
1859 4622 2120 4685 solitudo,
2153 4630 2208 4676 et

640 4720 866 4776 ﬂoribus
888 4734 1142 4792 spargere
1172 4727 1232 4775 ut
1264 4719 1456 4773 lilium.
1488 4715 1818 4771 Germinans
1855 4713 2206 4785 germinabit,

639 4821 693 4869 et
718 4811 1016 4868 exsultabit
1052 4809 1362 4865 laetabunda
1410 4815 1466 4864 et
1512 4807 1742 4862 laudans
1771 4826 1786 4862 :
1815 4805 1985 4875 gloria
2013 4803 2209 4859 Libani

639 4903 768 4958 data
789 4911 873 4958 est
900 4903 1012 4958 eiet
1033 4902 1197 4957 decor
1211 4899 1450 4957 Carmeli
1470 4917 1484 4964 ;
1502 4905 1556 4954 et
1568 4898 1805 4970 populus
1832 4912 1986 4952 meus
2005 4894 2210 4951 videbit

640 4995 869 5070 gloriam
896 4994 1112 5050 Domini
1147 5001 1202 5049 et
1225 4991 1571 5046 altitudinem
1593 4989 1707 5046 Dei.
1735 4987 2056 5044 Confortate
2085 5001 2203 5042 ma-

641 5103 746 5142 nus
793 5085 1112 5148 dissolutas,
1147 5091 1202 5139 et
1250 5099 1430 5154 genua
1477 5082 1675 5136 debilia
1705 5081 1982 5136 roborate.
2034 5077 2210 5135 Dicite

640 5174 1006 5246 pusillanimis
1042 5195 1056 5229 :
1089 5172 1485 5229 Confortamiui
1525 5181 1580 5227 et
1620 5173 1790 5228 nolite
1818 5171 2048 5228 timere:
2082 5187 2210 5228 ecce

642 5263 787 5320 Deus
813 5273 992 5320 vester
1018 5264 1282 5318 ultionem
1325 5263 1561 5317 adducet
1609 5263 1986 5318 retributionis
2014 5279 2034 5316 :
2064 5260 2207 5318 Deus

641 5356 759 5426 ipse
783 5356 962 5411 veniet
983 5363 1038 5412 et
1064 5355 1295 5412 salvabit
1331 5371 1454 5410 nos.
1499 5353 1656 5410 Tune
1700 5356 2016 5426 aperientur
2061 5355 2208 5410 oculi

642 5460 936 5512 caecorum,
967 5456 1022 5503 et
1051 5462 1212 5502 aures
1241 5445 1534 5503 surdorum
1561 5447 1842 5516 patebunt.
1875 5444 2032 5501 Tunc
2052 5447 2209 5502 saliet

644 5537 788 5593 sicut
819 5552 1016 5594 cervus
1050 5539 1299 5603 claudus,
1332 5548 1384 5595 et
1414 5546 1600 5609 aperta
1643 5538 1747 5593 erit
1791 5539 1974 5610 lingua
2026 5547 2206 5593 muto-

720 5698 736 5728 ¹
769 5697 787 5750 1
815 5695 943 5750 Cor.
983 5711 1063 5761 tu,
1098 5697 1181 5749 ll.
1261 5700 1280 5729 ¹
1311 5697 1452 5752 Psal.
1477 5711 1642 5762 cxvii,
1669 5694 1758 5748 Ἡ..

646 5783 818 5833 xxxii,
846 5767 895 5823 1.

1858 5695 1877 5726 ³
1916 5693 2047 5748 Dan.
2074 5710 2134 5760 ιι,
2159 5695 2248 5749 5‘5.

2833 4532 3224 4591 ΚΕΦΑΛΑῙΟΝ
3254 4535 3370 4604 Icr.

2364 4640 2384 4674 ‹
2407 4620 2772 4695 Εὐφράνθητι,
2797 4624 2999 4696 ἔρημος
3026 4625 3255 4695 διψῶσα.
3273 4625 3638 4696 ἀγαλλιάσθω,
3657 4626 3889 4698 ἔρημος,

2308 4713 2404 4768 καί
2431 4714 2660 4770 ἀνθείτω
2707 4716 2785 4780 ὡς
2831 4717 3014 4790 κρίνον
3032 4735 3048 4750 ο
3080 4718 3172 4771 καὶ
3197 4717 3480 4789 ὲξανθήσει
3506 4718 3600 4771 καὶ
3624 4717 3885 4786 ἀγαλλιά-

2311 4824 2462 4862 σεται
2503 4807 2684 4879 ἔρημα
2724 4808 2819 4863 τοῦ
2861 4810 3123 4881 Ἰορδάνου
3142 4827 3156 4840 ο
3189 4810 3283 4864 καὶ
3311 4813 3344 4880 ἠ
3378 4810 3506 4876 δόξα
3532 4808 3626 4862 τοῦ
3653 4809 3885 4863 Λιϐάνου

2309 4897 2652 4972 ὲδόθηδαύτῇ,
2669 4900 2765 4954 καὶ
2785 4903 2819 4973 ἡ
2842 4901 2976 4973 τιμὴ
2994 4901 3088 4956 τοῦ
3115 4901 3412 4974 Καρμήλου
3431 4918 3444 4932 ·
3471 4900 3565 4953 καὶ
3581 4901 3610 4953 6
3630 4899 3760 4964 λαός
3785 4913 3883 4972 μου

2307 4989 2496 5060 ὄψεται
2517 4991 2614 5064 τὴν
2635 4991 2793 5059 δόξαν
2811 4993 3015 5065 Κυρίου
3049 4993 3145 5048 καὶ
3185 4994 3247 5047 τὸ
3269 4993 3400 5063 ῦψος
3417 4993 3512 5046 τοῦ
3537 4991 3695 5045 Θεοῦ.
3713 4991 3884 5062 Ἰσχύ-

2313 5102 2463 5151 σατε,
2497 5089 2676 5158 χεῖρες
2718 5086 3019 5158 ἀνειμέναι,
3051 5090 3146 5140 καὶ
3188 5087 3389 5156 γόνατα
3430 5083 3846 5154 παραλελυμὲνα
3867 5100 3882 5114 ’

2313 5176 2755 5248 παρακαλέσατε,
2780 5175 3088 5246 ὀλιγόψυχοι
3128 5179 3193 5247 τῇ
3219 5175 3459 5247 διανοίᾳο
3497 5174 3774 5244 ἰσχύσατε,
3813 5173 3885 5243 μὴ

2314 5267 2594 5338 φοϐεῖσθε·
2632 5266 2740 5321 ἰδοὺ
2773 5267 2802 5319 6
2835 5267 2967 5330 Θεὸς
2988 5266 3146 5337 ἡμῶν
3168 5266 3350 5336 κρίσιν
3378 5263 3769 5319 ἀνταποδίδωσι
3795 5263 3886 5316 καὶ

2313 5355 2680 5411 ἀνταποδώσει
2704 5373 2718 5388 ο
2749 5357 2909 5421 αὐτὸς
2924 5357 3063 5428 ἥξει,
3085 5358 3178 5410 καὶ
3206 5356 3370 5410 σώσει
3395 5357 3569 5427 ἡμᾶς’
3599 5355 3722 5408 τότε
3752 5355 3888 5406 ἀνοι-

2314 5448 2600 5522 χθήσονται
2631 5448 2897 5520 ὀφθαλμοὶ
2937 5448 3177 5520 τυφλῶν,
3207 5451 3301 5502 καὶ
3341 5443 3457 5503 ὦτα
3496 5447 3694 5516 κωφῶν
3723 5445 3889 5499 ἀκούε-

2315 5553 2498 5594 σονται
2511 5556 2526 5569 ·
2551 5537 2670 5591 τότε
2690 5540 2899 5594 ἀλεῖται
2921 5540 2996 5604 ὡς
3011 5539 3206 5608 ἔλαφος
3227 5539 3418 5610 χωλὸς,
3433 5540 3525 5592 καὶ
3544 5537 3713 5610 τρανὴ
3736 5537 3886 5589 ἔσται

2357 5692 2543 5750 δΡεςιι.
2576 5711 2705 5760 xvu,
2743 5695 2828 5750 45.
2931 5697 2951 5728 ³
2978 5695 3080 5751 lsa.
3117 5713 3243 5750 xxx.
3273 5694 3342 5750 9.7
3426 5697 3446 5728 ⁸
3477 5693 3585 5750 lsa.
3622 5708 3776 5760 xm,
3811 5691 3881 5759 9;

3901 1119 3910 1166 l
