4070 6464
186 319 325 377 12⁸21
1215 303 1514 364 ECLOGA:
1553 297 2036 360 PROPHETICE.
2075 328 2147 340 —-
2181 296 2309 354 LIB.
2338 298 2430 358 IV.
3320 298 3459 354 me

186 435 413 507 γλῶσσα
457 433 781 508 μογιλάλων,
814 431 896 486 ὅτι
936 426 1149 500 ἐρράγη
1186 425 1246 480 ἐν
1284 427 1350 496 τῇ
1393 425 1587 496 ἐρήμῳ
1614 423 1780 493 ὕδωρ,

1913 435 2006 474 um
2037 437 2052 476 :
2085 419 2212 490 quia
2243 419 2430 475 scissa:
2457 427 2586 475 sunt
2620 420 2676 475 in
2699 419 2919 476 deserto
2949 434 3126 490 aquae,
3159 426 3214 475 et
3246 426 3461 475 torren-

188 529 294 584 καὶ
324 507 537 600 φάραγξ
586 529 644 582 ἐν
688 528 760 596 γῇ
798 519 1006 593 διψώσῃ
1027 536 1041 550 ·
1071 519 1168 573 καὶ
1189 519 1224 589 ἡ
1257 516 1483 588 ἄνυδρος
1517 515 1669 568 ἐσται
1699 516 1778 580 εἰς

1913 525 1964 565 es
1992 509 2048 563 in
2079 509 2394 599 solitudine.
2439 507 2506 562 Et
2550 525 2674 579 qua:
2721 516 2839 564 erat
2882 508 3036 564 arida
3087 508 3192 562 erit
3236 508 3290 562 in
3347 515 3462 563 sta-

187 620 317 694 ιλη,
337 597 438 676 ήκάι
474 597 554 685 εις
574 618 671 691 τὴν
697 615 938 687 διψῶσαν
963 611 1068 682 γῆν
1099 609 1249 680 πηγὴ
1295 608 1502 662 ὑδάτων
1545 605 1717 663 ἔσται.
1753 625 1774 659 ι

1917 615 2069 664 nuru,
2104 607 2159 656 et
2190 597 2384 655 sitiens
2431 599 2487 654 in
2538 599 2720 656 fontes
2747 615 3014 670 aquarum
3040 601 3079 654 ¹.
3121 619 3141 651 ι
3181 597 3274 654 Dei
3323 613 3463 670 pra!-

202 691 338 770 Ἐπὶ
377 717 443 786 τῇ
485 711 579 768 τοῦ
629 707 766 765 Θεοῦ
809 706 1082 779 παρουσίᾳ
1109 703 1208 768 τὰς
1241 701 1579 774 παραδόξους
1610 701 1781 764 ἰάσεις

1913 693 2060 749 entia
2115 693 2471 748 admirabiles
2543 691 2659 749 fore
2711 694 3026 749 sanationes
3101 692 3479 770 praenuntiat.;

191 775 443 860 laudem."
463 799 840 874 προαγορεύει.
865 775 1066 865 Σαφῶς*
1105 789 1197 846 οὖν
1237 791 1333 845 καὶ
1374 789 1561 844 ἐνθάδε
1587 791 1654 860 τῇ
1685 787 1780 841 τοῦ

1913 790 2084 854 ψει-ιθ
2117 783 2285 854 igitur
2311 783 2400 838 hic
2435 798 2654 854 quoque
2697 782 2790 838 Dei
2825 782 3178 852 praedictione
3206 775 3476 842 Christus,"

191 897 339 954 Θεοῦ
373 894 714 970 προσηγορίᾳ
754 893 782 944 ὁ
813 888 1048 962 Χριστὸς
1082 885 1176 940 τοῦ
1211 883 1346 938 Θεοῦ
1371 883 1687 955 τετίμηται·
1721 877 1782 936 οὐ

1913 876 1982 931 )ei
2013 875 2360 948 gloriﬁcatus
2388 883 2492 932 est.
2515 875 2688 945 Cujus
2714 877 3001 946 praesentia
3029 885 3081 931 et
3105 877 3465 946 corporaliter

193 991 298 1046 ἐπὶ
319 992 386 1061 τῇ
418 967 687 1058 παρουσίᾳ
714 983 808 1038 καὶ
833 977 1160 1052 σωματικῶς
1186 977 1284 1047 μὲν
1312 976 1368 1030 αἱ
1392 975 1782 1048 προειρημέναι

1913 969 2103 1040 [uidem
2130 967 2399 1040 praedictae
2420 970 2734 1025 sanationes
2766 969 2820 1022 in
2849 969 3224 1026 laborantibus
3273 970 3466 1040 imple-

195 1083 491 1158 θεραπεῖαι
520 1075 744 1133 ἐπὶτῶν
775 1072 1092 1144 πασχόντων
1120 1065 1584 1136 ἀπετελέσθησαν,
1607 1065 1669 1134 (f.
1693 1065 1784 1136 5i)

1913 1077 1954 1116 re
1975 1069 2126 1126 sunt,
2163 1063 2474 1118 mirabilius
2511 1078 2640 1117 vero
2670 1078 2816 1117 nunc
2846 1061 3030 1117 adhuc
3053 1072 3379 1118 exerrentur
3408 1063 3464 1116 in

195 1155 649 1248 θαυμασιώτερον
677 1171 721 1224 δ’
742 1169 822 1222 ἔτι
854 1165 948 1220 καὶ
981 1163 1078 1218 νῦν
1108 1158 1455 1232 ἐνεργοῦνται
1475 1159 1564 1212 διὰ
1584 1159 1684 1229 τῆς
1705 1159 1788 1223 είς

1913 1170 2011 1210 rum
2043 1155 2168 1220 ﬁde,
2195 1156 2344 1210 omni
2375 1155 2655 1210 hominum
2683 1171 2881 1226 genere
2901 1157 3116 1211 cunctis
3139 1157 3333 1211 anima:
3357 1170 3468 1210 ma-

197 1244 370 1323 αὐτδν
418 1264 673 1326 πίστεως,
703 1259 905 1322 παντὸς
957 1251 1292 1319 ἁπαξαπλῶς
1317 1249 1412 1303 τοῦ
1442 1249 1549 1303 τῶν
1579 1248 1788 1322 ἀνθρώ-

1913 1249 1960 1302 is
1990 1247 2216 1316 penitus
2244 1247 2518 1300 exsoluto.
2557 1244 2758 1302 Scissa:
2801 1245 3015 1302 suntin
3056 1247 3274 1302 deserto
3313 1261 3470 1317 aquas

199 1376 325 1414 πων
344 1357 532 1428 γένους
559 1353 665 1408 τῶν
694 1351 833 1407 κατὰ
860 1348 1037 1420 ψυχὴν
1067 1346 1259 1401 παθῶν
1292 1342 1784 1413 ἁπαλλαττομένου.

1913 1336 2096 1392 Ihristi
2135 1338 2446 1406 praesentia.
2489 1343 2544 1392 et
2599 1345 2870 1392 torrentes
2922 1338 2979 1391 in
3035 1345 3180 1392 terra
3226 1339 3466 1404 sitiente,

214 1451 459 1525 Ἐρῤάγη
485 1449 542 1502 δέ
568 1449 626 1500 ἐν
640 1448 706 1517 τῇ
741 1444 931 1516 ἐρήμῳ
950 1440 1094 1512 ὕδωρ
1127 1437 1296 1509 ἐπὶξτῇ
1326 1434 1560 1508 Χριστοῦ
1585 1451 1790 1525 παρου-

1913 1430 2125 1484 ιίιιυιιινί
2180 1439 2235 1484 et
2288 1429 2602 1485 viviﬁcante
2633 1431 2801 1486 verbo
2831 1444 3146 1505 emergente
3191 1431 3246 1484 in
3287 1447 3470 1500 quon-

205 1523 303 1615 σία
328 1541 424 1596 καὶ
464 1537 680 1612 φάραγξ
711 1538 768 1590 ἐν
816 1536 885 1606 γῇ
928 1529 1159 1602 διψώσῃ,
1189 1529 1283 1583 τοῦ
1311 1527 1539 1599 ποτίμου
1566 1526 1660 1580 καὶ
1684 1524 1790 1592 ζω-

1913 1525 2016 1578 lam
2059 1523 2278 1579 deserta
2315 1531 2368 1578 et
2399 1524 2621 1580 sitiente
2650 1533 2819 1588 terra,
2846 1528 3088 1596 gentium
3131 1527 3337 1582 scilicet
3367 1523 3472 1578 Ec-

203 1633 362 1689 τικοῦ
409 1633 568 1700 λόγου
613 1626 1016 1696 ἁναὸλύσαντος
1066 1625 1124 1676 ἐν
1170 1625 1237 1693 τῇ
1269 1621 1437 1675 πάλαι
1469 1619 1661 1692 ἐρήμῳ
1693 1618 1790 1672 καὶ

1913 1615 2084 1678 :le’sia,
2111 1615 2167 1669 in
2221 1631 2352 1685 qua,
2381 1631 2504 1670 cum
2543 1617 2675 1670 olim
2706 1617 2855 1673 sicca
2896 1625 2950 1672 et
2993 1615 3271 1672 sitibunda
3300 1622 3468 1679 esset,

203 1725 418 1796 διψώσῃ
465 1725 559 1794 γῇ,
592 1723 660 1791 τῇ
691 1719 750 1786 ἐξ
775 1716 942 1770 ἐθνῶν
988 1712 1303 1784 Ἐκκλησία,
1341 1713 1399 1766 ἐν
1529 1711 1792 1782 πρότερον

1913 1705 2187 1762 Iﬂuenter
2210 1707 2340 1764 Jesu
2373 1709 2659 1763 verborum
2695 1709 2814 1764 fons
2853 1727 2873 1760 ‹
2915 1725 3070 1780 aqum
3116 1709 3363 1765 salientis
3416 1709 3474 1763 in

610 1773 717 1866 iaciat
730 1773 971 1880 ’διψαλέα
1002 1773 1214 1878 ἀθρόως
1247 1773 1396 1876 πηγὴ
1421 1773 1516 1857 τοῦ
1544 1773 1654 1856 τῶν
1689 1773 1794 1874 Ἰη-

1913 1800 2066 1854 vitam
2090 1807 2348 1855 :eternam
2375 1804 2395 1834 ²
2435 1821 2453 1854 ι
2482 1800 2730 1872 proﬂuet.
2763 1801 2885 1870 Quo
2920 1773 3067 1859 l‘o'nte
3111 1803 3354 1874 irrigata,
3378 1801 3476 1856 llo-

210 1909 308 1964 συῦ
335 1907 508 1977 λόγων
538 1925 554 1954 ι
585 1904 774 1966 ὕδατος
808 1901 1010 1967 ζῶντος
1048 1897 1342 1970 ἁλλομένου
1385 1897 1463 1960 εἰς
1494 1895 1635 1968 ζωὴν
1665 1893 1793 1949 αἰώ-

1913 1900 2082 1949 rescet
2106 1901 2166 1948 ut
2189 1893 2386 1958 lilium,
2422 1895 2578 1966 prius
2608 1896 2820 1952 deserta
2843 1905 3010 1960 terra,
3044 1897 3275 1968 ideoque
3303 1897 3476 1952 laetari

211 2018 327 2057 νιον
357 2020 375 2052 ι
408 1997 767 2070 ἀνὼμΰρησεν
790 2011 804 2025 ·
832 1995 921 2064 ὑφ’
951 1989 1019 2066 ἧς
1050 1991 1232 2062 πηγῆς
1262 1987 1590 2060 ποτιζομένη
1629 1987 1796 2060 ἀνθή-

213 2107 330 2146 σειν
354 2089 430 2153 ὡς
462 2086 646 2160 κρίνον
680 2085 897 2154 λέγεται
925 2084 960 2154 ἡ
988 2081 1118 2135 ποτὲ
1161 2080 1386 2152 ἔρημος,
1413 2077 1797 2150 εὐφραίνεσθαι

211 2198 273 2236 π
307 2181 402 2234 καὶ
429 2177 691 2249 ἁγαλλιᾷν
741 2175 1167 2247 προστάττεται·
1203 2171 1297 2225 καὶ
1349 2173 1382 2244 ή
1426 2169 1575 2226 αἰτία
1607 2169 1665 2224 δὲ
1697 2169 1797 2241 τῆς

211 2271 550 2345 εὐφροσύνης
573 2269 668 2323 καὶ
695 2267 794 2338 τῆς
817 2265 1186 2336 ἀγαλλιάσεως
1208 2261 1733 2331 ἐπιλέγεται.ἐπείπε
1741 2279 1794 2333 ρ,

214 2367 380 2438 φησὶν
418 2383 436 2416 ι
466 2363 620 2434 ἐδόθη
664 2362 800 2430 αὐτῇ
831 2362 862 2430 ή
897 2358 1024 2424 δόξα
1065 2355 1160 2410 τοῦ
1221 2354 1477 2417 Λιϐάνου,
1503 2373 1522 2406 ι
1551 2354 1798 2408 τουτέστι

213 2458 316 2529 τῆς
351 2453 730 2527 Ἰερουσαλήμ⁵
758 2452 890 2521 περὶ
916 2445 984 2521 ἧς
1019 2451 1076 2502 ἐν
1107 2449 1226 2510 ταῖς
1253 2444 1556 2518 άνωτέραις
1583 2462 1799 2516 προφη-

215 2551 391 2614 τείαις
422 2547 656 2616 ἐλέγετο.
677 2545 752 2608 ὡς
777 2544 910 2608 ὃτι,‹
934 2541 1044 2595 Καὶ
1073 2541 1102 2593 ό
1132 2539 1364 2602 Λίϐανος
1393 2539 1490 2592 σὺν
1512 2539 1626 2600 τοῖς
1658 2536 1797 2608 ὑψη-

216 2643 330 2706 λοῖς
364 2643 627 2695 πεσεῖται.
655 2655 674 2690 ι
727 2627 801 2691 Οὐ
834 2633 1089 2696 πεσόντος
1114 2634 1148 2703 ἡ
1182 2630 1445 2703 πρότερον
1477 2630 1800 2700 ὑπάρχουσα

218 2737 278 2789 ἐν
309 2732 458 2804 αὐτῷ
488 2730 614 2796 δόξα
656 2731 724 2802 τῇ
774 2725 870 2780 νῦν
916 2723 1376 2794 εὐαγγελιζομένῃ
1405 2722 1618 2792 ἐρήμῳ,
1645 2737 1797 2774 τουτ-

220 2827 337 2881 έστι
384 2828 448 2897 τῇ
499 2823 559 2888 ἐξ
595 2821 765 2874 ἐθνῶν
799 2817 1113 2888 Ἐκκλησία,
1153 2814 1308 2886 ἐδόθη
1344 2815 1441 2867 σὺν
1471 2816 1538 2882 τῇ
1567 2816 1699 2885 τιμῇ
1732 2816 1798 2884 τῇ

221 2915 464 2990 προτέρᾳ.
496 2913 590 2968 τοῦ
628 2911 922 2983 λεγομένου
954 2907 1274 2979 Καρμήλου,
1304 2905 1462 2976 δῆλον
1503 2906 1547 2958 δ’
1581 2907 1665 2960 ὅτι
1705 2905 1800 2959 τοῦ

219 3006 487 3079 προτέρου
517 3003 667 3058 λαοῦ.
700 3002 888 3056 Ταῦτα
928 2999 984 3053 δέ
1020 2997 1206 3068 σαφῶς
1245 2996 1384 3067 μετὰ
1413 2995 1512 3068 τὴν
1539 2995 1636 3049 τοῦ
1663 2997 1800 3070 Χρι-

1900 1991 1955 2038 et
1972 1984 2251 2040 exsultare
2274 1984 2519 2055 jubetur.
2547 1985 2728 2044 Causa
2762 2005 2890 2043 vero
2921 1989 3122 2044 laetitiae
3147 1997 3198 2044 et
3227 1991 3478 2044 exsulta-

1901 2074 2068 2129 tionis
2099 2075 2414 2145 subjicitur,
2449 2078 2732 2148 quoniam,
2769 2079 2865 2144 ait,
2891 2097 2910 2130 ι
2939 2080 3066 2135 data
3105 2087 3188 2136 est
3225 2081 3273 2136 ei
3307 2081 3479 2150 gloria

1901 2164 2118 2230 Libani,
2156 2185 2175 2218 ι
2209 2166 2261 2222 id
2296 2175 2381 2224 est
2408 2167 2749 2238 Jerusalem;
2783 2171 2850 2225 de
2880 2187 2986 2241 qua
3017 2171 3070 2226 in
3101 2173 3480 2242 superioribus

1902 2259 2207 2329 prophetiis
2236 2259 2445 2316 dictum
2502 2270 2607 2325 est,
2651 2281 2670 2313 ι
2709 2264 2773 2318 Et
2810 2263 3051 2319 Libanus
3080 2279 3204 2318 cum
3246 2265 3480 2320 excelsis

1906 2351 2084 2406 cadet.
2127 2370 2146 2402 ι
2185 2351 2306 2418 Quo
2337 2352 2624 2409 decidente
2671 2370 2794 2425 qua:
2844 2356 2997 2426 prius
3045 2355 3095 2410 ei
3146 2363 3264 2410 erat
3306 2357 3481 2426 gloria

1903 2455 2054 2494 nunc
2084 2443 2473 2514 evangelizata:
2511 2445 2818 2508 solitudini.
2851 2448 3092 2517 gentium
3140 2447 3351 2502 scilicet
3380 2445 3483 2502 Ec-

1904 2535 2122 2602 clesia,
2169 2537 2296 2592 data
2352 2549 2438 2595 est
2492 2555 2615 2595 cum
2668 2542 2904 2612 pristino
2967 2543 3200 2598 Carmeli
3258 2543 3479 2608 decore,

1905 2629 2126 2700 prioris,
2159 2638 2220 2684 ut
2251 2631 2440 2702 liquet,
2476 2635 2684 2703 populi.
2715 2632 2842 2689 Haec
2893 2643 3075 2690 autem
3126 2643 3310 2705 aperte
3359 2643 3485 2706 post

1907 2723 2115 2781 Christi
2141 2726 2435 2782 adventum
2468 2729 2646 2800 reipsa
2670 2732 2877 2784 exitum
2909 2729 3150 2784 habuere
3177 2745 3484 2800 congruen-

1907 2825 2014 2870 tem
2050 2831 2175 2871 cum
2213 2826 2480 2888 praesente
2508 2821 2817 2890 prophetia,
2860 2837 2982 2892 qua:
3021 2822 3198 2891 ipsius
3233 2819 3486 2874 Salvato-

1907 2908 1984 2963 vis
2017 2923 2151 2964 voce
2179 2911 2314 2964 dicit
2348 2929 2361 2965 :
2401 2929 2420 2962 ι
2460 2910 2780 2966 Elevabitur
2813 2927 3040 2984 regnum
3078 2911 3195 2980 Dei,
3229 2922 3283 2967 et
3330 2911 3486 2968 dabi-

1907 3007 2000 3055 tur
2024 3003 2172 3072 genti
2205 3001 2428 3057 facienti
2459 3003 2674 3059 fructus
2697 3005 2818 3073 ejus
2848 3005 2890 3060 ³.
2931 3025 2950 3057 ι

223 3103 352 3158 στοῦ
396 3100 696 3174 παρουσίαν
743 3097 923 3170 ἔργοις
949 3093 1101 3159 τέλος
1136 3092 1358 3164 εἴληφεν
1387 3091 1695 3156 ἀκολούθως
1724 3095 1792 3165 τῇ
1830 3110 1893 3147 τε
1939 3094 2079 3166 μετὰ
2116 3100 2305 3170 χεῖρας
2353 3099 2688 3171 προφητείᾳ,
2737 3099 2833 3153 καὶ
2874 3101 2942 3170 τῇ
3002 3096 3285 3171 φασκούσῃ
3323 3096 3488 3152 αὐτοῦ

220 3196 318 3252 τοῦ
345 3196 595 3267 Σωτῆρος
621 3191 777 3264 ἡμῶν
807 3191 980 3262 φωνῇ,
1005 3188 1082 3252 ὡς
1139 3188 1247 3259 ἄρα
1278 3205 1297 3239 ι
1342 3185 1666 3258 Ἀρθήσεται
1694 3188 1728 3260 ή
1758 3187 2006 3258 βασιλεία
2037 3191 2132 3245 τοῦ
2175 3192 2333 3258 Θεοῦ,
2392 3195 2487 3248 καὶ
2532 3193 2820 3266 δοθήσεται
2861 3193 3004 3248 ἔθνει
3067 3193 3310 3247 ποιοῦντι
3362 3192 3490 3256 τούς

222 3291 470 3362 καρποὺς
501 3288 689 3358 αὐτῆς.
726 3305 745 3339 ι

745 3400 1141 3456 ΚΕΦΑΛΑΙΟΝ
1172 3402 1271 3455 IZ’.

307 3521 325 3554 ι
342 3501 496 3573 Φωνὴ
521 3501 750 3571 βοῶντος
770 3503 828 3553 ἐν
847 3500 913 3570 τῇ
939 3499 1129 3570 ἐρήμῳ
1142 3514 1156 3527 ·
1192 3494 1547 3568 Ἑτοιμάσατε
1568 3494 1668 3566 τὴν
1688 3495 1806 3550 ὁδὸν

231 3595 470 3666 Κυρίουο
507 3593 724 3657 εὐθείας
767 3595 972 3646 ποιεῖτε
1005 3589 1104 3654 τὰς
1146 3588 1365 3662 τρίόους
1411 3587 1612 3642 αὐτοῦ’
1657 3589 1810 3642 πᾶσα

231 3689 449 3764 φάραγξ
480 3689 919 3762 πληρωθήσεται,
947 3688 1041 3742 καὶ
1076 3687 1184 3740 πᾶν
1209 3685 1336 3758 ὅρος
1371 3685 1464 3738 καὶ
1499 3683 1686 3755 βουνὸς
1715 3699 1813 3737 τα-

229 3781 628 3852 πεινωθήσεται
647 3797 660 3811 ο
679 3781 772 3834 καὶ
796 3779 948 3834 ἔσται
979 3777 1156 3832 πάντα
1176 3775 1246 3830 τὰ
1277 3774 1463 3830 σκολιὰ
1491 3777 1570 3838 είς
1599 3774 1813 3828 εὐθεῖαν

230 3872 328 3928 καὶ
354 3874 388 3944 ἡ
421 3875 646 3944 τραχεῖα
679 3873 760 3936 εἰς
784 3871 969 3925 πεδία’
1005 3871 1100 3924 καὶ
1131 3867 1427 3940 ὀφθήσεται
1477 3869 1510 3940 ὴ
1553 3867 1679 3934 δόξα
1704 3867 1816 3919 Κυ-

235 3963 372 4034 ρίου,
401 3963 495 4016 atat
537 3963 725 4033 ὄψεται
773 3964 924 4016 πᾶσα
955 3961 1090 4034 σὰρξ
1119 3961 1180 4015 τὸ
1213 3961 1498 4032 Σωτήριον
1525 3957 1620 4012 τοῦ
1653 3955 1814 4022 Θεοῦ,

232 4053 317 4106 ὅτι
349 4051 552 4123 Κύριος
595 4051 872 4124 ἐλάλησεν.
902 4052 999 4104 »⁸0
1046 4049 1140 4104 τοῦ
1184 4048 1436 4120 Σωτῆρος
1489 4045 1644 4118 ἡμῶν
1678 4046 1815 4119 πρό-

233 4141 432 4217 δρομος
470 4141 718 4214 Ἰωάννης
756 4144 870 4206 τοῖς
913 4139 1267 4212 ἐπερωτῶσιν
1315 4137 1478 4191 αὐτὸν
1511 4137 1662 4200 ὅστις
1701 4135 1811 4208 εἴη,

237 4233 431 4305 φησίν⁸
470 4252 489 4286 ‹
513 4231 654 4302 Ἐγὼ
679 4232 828 4305 φωνὴ
858 4231 1088 4304 βοῶντος
1115 4233 1172 4284 ἐν
1198 4232 1263 4302 τῇ
1298 4229 1511 4301 ἐρήμῳ,
1542 4246 1562 4280 ι
1606 4227 1700 4282 καὶ
1748 4227 1820 4281 τὰ

237 4325 384 4396 ἑξῆς.
419 4323 621 4380 Τούτου
665 4324 730 4397 δὴ
776 4320 869 4378 οὖν
910 4323 1068 4396 χάριν
1105 4319 1402 4392 ἐξεθὲμεθα
1431 4319 1490 4372 τὸ
1523 4317 1818 4388 κεφάλαιον

239 4420 298 4471 ἐν
323 4419 438 4482 τοῖς
461 4415 589 4488 περὶ
615 4413 852 4488 Χριστοῦ
887 4412 1231 4486 μαρτυρίοις,
1261 4409 1323 4464 σύ
1334 4408 1528 4481 μῦολον
1559 4404 1697 4462 εἶναι
1728 4425 1819 4461 νο-

243 4506 490 4580 μίζοντες
541 4506 793 4578 Ἰωάννην
856 4504 950 4559 τοῦ
1002 4500 1360 4558 ἀποστολικοῦ
1422 4498 1778 4572 κηρύγματος
1801 4516 1816 4531 ο

239 4601 460 4671 τοιαύτη
487 4601 595 4673 γάρ
634 4599 719 4654 τοι
756 4601 903 4654 ἐστιν
932 4601 967 4671 ἡ
1001 4601 1058 4652 ἐν
1081 4599 1148 4670 τῇ
1194 4596 1389 4669 ἐρήμῳ
1423 4593 1604 4665 βοῶσα
1646 4593 1820 4664 φωνὴ,

239 4694 452 4765 ἄσημός
485 4709 569 4757 τις
595 4687 750 4758 οὐσα,
771 4692 866 4746 καὶ
891 4689 1260 4762 άδιάρθρωτος
1291 4688 1404 4751 τοῖς
1428 4685 1555 4758 ἄρτι
1589 4701 1820 4756 στοιχει-

2472 3403 2704 3462 CAPUT
2745 3404 2910 3460 XVII.

1984 3517 2003 3550 ι
2039 3497 2157 3553 Vox
2189 3497 2478 3554 clamantis
2518 3499 2573 3553 in
2608 3498 2829 3554 deserto
2863 3517 2876 3553 :
2909 3496 3110 3554 Parate
3135 3498 3280 3554 viam
3307 3497 3493 3554 Domi-

1909 3589 2042 3643 mini
2069 3607 2084 3658 ;
2113 3597 2292 3646 rectas
2336 3589 2501 3644 facile
2529 3590 2757 3646 semitas
2785 3589 2928 3661 ejus.
2973 3589 3167 3646 Omnis
3205 3592 3365 3647 vallis
3389 3591 3493 3647 im-

1910 3681 2170 3752 plebitur,
2196 3691 2250 3738 et
2282 3684 2463 3738 omnis
2494 3698 2653 3738 mons
2684 3691 2738 3738 et
2781 3685 2940 3758 collis
2973 3683 3357 3740 humiliabitur
3393 3704 3407 3740 :
3439 3692 3494 3742 et

1913 3781 2073 3827 erunt
2105 3790 2271 3844 prava
2303 3776 2359 3830 in
2392 3783 2596 3830 rectam
2621 3786 2674 3831 et
2702 3792 2896 3847 aspera
2923 3777 2977 3830 in
3022 3778 3139 3832 vias
3169 3777 3361 3846 planas
3394 3796 3407 3832 :
3438 3785 3494 3832 et

1912 3864 2188 3921 videbitur
2225 3867 2397 3938 gloria
2427 3867 2660 3924 Domini.
2703 3867 2768 3922 Et
2793 3869 2995 3924 videbit
3029 3871 3210 3925 omnis
3239 3885 3370 3924 caro
3393 3868 3496 3924 Sa-

1916 3957 2090 4011 lutare
2121 3955 2236 4020 Dei,
2275 3958 2532 4027 quoniam
2581 3958 2848 4014 Dominus
2889 3960 3108 4014 locutus
3137 3960 3282 4014 est‘.
3323 3981 3342 4013 ι
3380 3960 3496 4014 Sal-

1915 4051 2122 4106 vatoris
2164 4052 2337 4106 nostri
2388 4066 2696 4122 praeursor
2749 4051 2990 4109 Joannes
3030 4053 3495 4122 interrogantibus

1917 4155 2041 4196 eum
2064 4141 2188 4212 quis
2223 4149 2390 4209 esset,
2420 4144 2495 4197 ait
2521 4162 2533 4197 :
2573 4162 2590 4194 ι
2620 4142 2728 4213 Ego
2761 4157 2864 4196 vox
2898 4143 3190 4198 clamantis
3218 4144 3272 4196 in
3303 4143 3496 4200 deser-

1917 4243 1996 4296 to,
2030 4251 2048 4286 ι
2089 4241 2142 4287 et
2184 4249 2306 4304 qua:
2350 4243 2675 4302 sequuntur.
2711 4231 2887 4302 Hujus
2915 4249 3045 4288 vero
3080 4233 3252 4304 gratia
3296 4235 3494 4304 praeci-

1919 4340 2084 4395 puum
2117 4324 2405 4379 retulimus
2439 4324 2494 4378 in
2524 4324 2854 4379 testimoniis
2880 4322 2948 4378 de
2990 4321 3235 4387 Christo,
3275 4325 3496 4396 symboo

1922 4415 2032 4470 lum
2068 4431 2194 4472 esse
2223 4421 2538 4486 reputantes
2557 4415 2822 4471 Joannem
2867 4418 3181 4488 apostolica:
3234 4419 3491 4490 praedica-

1921 4509 2108 4564 tionis.
2143 4508 2292 4563 Talis
2316 4507 2462 4563 enim
2487 4515 2572 4563 est
2600 4507 2655 4561 in
2687 4507 2909 4562 deserto
2936 4507 3183 4563 clamans
3202 4523 3330 4573 vox,
3347 4509 3498 4580 igno-

1923 4605 2050 4661 bilis
2092 4603 2312 4674 quidem
2345 4608 2400 4656 et
2444 4601 2796 4656 inarticulata
2837 4601 2948 4658 illis
2986 4601 3080 4673 qui
3123 4601 3305 4656 adhuc
3333 4604 3499 4659 rudes

1922 4707 2098 4757 erant.
2131 4695 2190 4750 In
2221 4703 2370 4750 terra
2417 4694 2548 4749 olim
2596 4695 2834 4759 deserta,
2870 4697 3112 4766 gentium
3141 4696 3396 4751 videlicet
3442 4697 3500 4752 in

130 4809 140 4815 ·
239 4785 520 4858 ουμένοις·
558 4787 616 4839 ἐν
658 4787 726 4857 τῇ
777 4782 943 4838 πάλαι
973 4782 1032 4836 δέ
1063 4782 1279 4852 ἐρήμῳ,
1308 4782 1375 4852 τῇ
1404 4779 1465 4844 ἐξ
1491 4776 1661 4833 ἐθνῶν
1697 4776 1810 4830 Ἑκ-

1927 4790 2194 4854 Ecclesia,
2217 4788 2344 4844 talis
2371 4803 2478 4843 vox
2505 4786 2649 4841 edita
2674 4801 2870 4858 parare
2892 4787 3120 4856 jubebat
3148 4788 3290 4842 viam
3321 4786 3500 4842 Domi-

243 4877 460 4950 κλησίᾳ,
495 4878 532 4949 ή
558 4875 779 4946 τοιαύτη
807 4874 1073 4946 γενομένη
1113 4874 1264 4944 φωνὴ
1308 4873 1616 4944 ἑτοιμάζειν
1638 4889 1820 4944 παρα-

243 4967 523 5022 κελεύεται
565 4968 663 5040 τήν
707 4965 823 5021 ὁδὸν
869 4963 1099 5037 Κυρίου,
1133 4965 1229 5017 καὶ
1269 4963 1339 5017 τὰ
1359 4963 1519 5034 ἐξῆς’
1549 4964 1695 5036 άπερ
1728 4964 1820 5018 ἐπὶ

246 5061 440 5134 σχολῆς
472 5054 517 5131 ᾦ
547 5060 696 5134 μέλει
729 5057 832 5132 τῆς
890 5057 1094 5113 τούτων
1123 5055 1378 5127 γνώσεως
1408 5056 1705 5128 ἐρευνήσας
1735 5056 1815 5109 εῖ-

246 5171 419 5212 σεται.

767 5267 1164 5322 ΚΕΦΔΛΑΙΟΝ
1195 5266 1305 5321 lH'.

329 5382 347 5415 ι
367 5364 482 5417 Ἐπ’
515 5363 640 5434 ὅρος
702 5361 902 5432 ὑψηλὸν
963 5357 1219 5430 ἀνάϐηθι,
1266 5359 1295 5411 ὁ
1343 5353 1826 5426 εὐαγγελιζόμενος

250 5455 408 5521 Σιὼν,
426 5456 640 5527 ὐψωσον
669 5457 737 5528 τῇ
774 5454 919 5525 ἰσχύι
942 5453 1041 5527 τὴν
1069 5455 1256 5526 φωνήν
1291 5451 1452 5517 σου,ό
1479 5445 1827 5519 εὐαγγελιζό-

254 5563 412 5618 μενος
447 5545 827 5618 Ἰερουσαλήμο
883 5541 1158 5613 ὐψώσατε,
1205 5541 1279 5614 μὴ
1327 5538 1612 5612 φοϐεῖσθε·
1673 5532 1825 5592 εἷπον

253 5642 372 5703 ταῖς
407 5637 621 5692 πόλεσιν
654 5636 854 5690 Ἰούδα·
897 5634 1028 5688 Ἰδοὺ
1061 5636 1090 5687 ὁ
1121 5633 1253 5698 Θεὸς
1279 5631 1456 5705 ὑμῶν,
1491 5631 1696 5704 Κύριος
1716 5629 1828 5684 Κύ-

1927 4885 2003 4949 ni,
2059 4893 2115 4940 et
2158 4883 2367 4954 reiiqua
2422 4901 2436 4936 :
2491 4880 2637 4952 quod
2691 4879 2855 4950 hujus
2913 4881 3159 4936 scientia:
3215 4880 3501 4942 studiosus

1925 4979 2102 5033 otiose
2131 4985 2388 5032 scrutaris
2406 4973 2732 5044 comperiet.

2489 5249 2720 5307 CAPUT
2751 5249 2941 5306 XVIII.

2011 5368 2030 5402 ¢
2065 5348 2241 5421 Super
2273 5354 2514 5402 montem
2548 5346 2828 5402 excelsum
2861 5343 3097 5399 ascende
3127 5350 3209 5404 tu.
3233 5341 3512 5413 quievan-

1929 5443 2132 5515 gelizas
2172 5441 2303 5496 Sion
2336 5460 2349 5496 :
2390 5438 2572 5495 exalta
2605 5438 2662 5492 in
2711 5436 3036 5492 fortitudine
3092 5449 3280 5490 vocem
3329 5443 3502 5499 tuam,

1928 5534 2022 5605 qui
2071 5532 2414 5603 evangelizas
2457 5529 2810 5586 Jerusalem:
2854 5528 3060 5591 exalta,
3117 5527 3229 5582 noli
3285 5526 3503 5584 timere.

1931 5627 2053 5681 Dixi
2081 5624 2397 5681 civitatibus
2425 5622 2565 5678 Juda
2593 5643 2606 5678 :
2649 5621 2787 5679 Ecce
2816 5619 2959 5678 Deus
2987 5630 3170 5677 vester
3207 5641 3219 5675 :
3244 5636 3372 5678 ecce
3400 5619 3508 5676 Do-

340 5793 479 5850 ‘lsa.
513 5809 654 5849 xxxv
703 5792 810 5846 1-7.
889 5788 1084 5845 'Joan.
1117 5805 1190 5854 tv,
1220 5789 1308 5844 14.
1387 5789 1407 5820 ³
1438 5785 1622 5842 Matth.
1669 5802 1783 5852 xxi,

1987 5783 2127 5839 ‘lsa.
2173 5798 2258 5848 xL,
2285 5783 2393 5838 3-5.
