4096 6412
604 342 736 400 Ιίἓδ

1308 345 1577 402 EUSEBII
1612 340 2096 403 CAESARIENSIS
2124 346 2279 404 OPP.
2302 342 2484 403 PARS
2515 341 2606 406 ΙΙΙ.
2627 380 2698 391 —-
2725 346 3136 408 EXEGETICA.

3713 358 3850 415 1221

610 463 789 518 minus
843 462 989 520 Deus
1037 466 1095 520 in
1155 463 1479 522 fortitudine
1537 466 1737 530 veniet,
1798 474 1853 520 et
1898 465 2163 520 brachiun

2287 481 2400 536 ριος
2436 465 2577 537 μετά
2608 465 2788 537 ἰσχύος
2823 466 3040 539 ἔρχεται
3061 485 3074 498 δ
3105 467 3200 520 καὶ
3229 469 3260 521 6
3292 466 3530 540 βραχίων
3560 469 3729 525 αὑτοῦ
3757 489 3857 541 με·

600 555 727 625 ejus
775 556 1151 612 dominabitur
1187 577 1200 612 :
1244 573 1373 613 ecce
1408 573 1620 614 merces
1656 558 1777 626 ejus
1820 572 1947 629 cum
1999 572 2085 620 eo,
2123 565 2178 612 et

601 662 740 717 opus
772 647 919 703 illius
974 664 1157 703 coram
1183 650 1295 704 illo.
1332 648 1486 704 Sicut
1526 659 1712 721 pastor
1746 664 1960 720 gregem
2017 660 2175 703 suum

610 748 824 808 pascet:
859 741 915 795 in
975 741 1201 795 brachio
1234 757 1336 797 suo
1379 741 1733 812 congregabit
1772 754 1962 809 agnos,
2023 745 2077 792 et
2122 739 2176 792 in

609 832 728 887 sinu
755 848 856 887 suo
890 834 1116 897 levabit,
1148 833 1287 889 fetas
1319 835 1435 905 ipse
1475 834 1779 904 portabit‘.
1825 851 1843 883 ι
1889 830 2013 885 llzec
2040 840 2177 902 quo-

609 939 709 995 que
749 926 1132 980 existimamus
1180 927 1247 981 de
1297 925 1459 982 Verbi
1508 925 1602 980 Dei
1661 925 1898 979 adventu
1952 925 2082 986 dici,
2123 930 2177 979 et

607 1017 904 1083 praesertim
946 1016 1013 1069 de
1057 1016 1319 1077 secundo.
1356 1017 1412 1070 in
1459 1031 1567 1085 quo
1603 1016 1749 1069 velut
1782 1015 1968 1082 justus
2008 1015 2176 1083 judex

607 1115 867 1159 venturus
901 1107 1314 1175 prophetizatur
1359 1105 1662 1159 mercedem
1714 1106 1922 1161 habens
1971 1104 2175 1175 justam

606 1197 902 1267 unicuique
936 1198 1234 1252 secundum
1269 1213 1433 1268 opera
1460 1213 1579 1252 sua.
1615 1196 1845 1268 Reliqua
1878 1213 2006 1252 vero
2030 1212 2175 1252 nunc

604 1303 873 1359 exponere
908 1304 1015 1341 non
1054 1298 1267 1358 tempus
1311 1295 1426 1353 est;
1457 1302 1628 1356 quare
1681 1289 1845 1342 aliam
1891 1287 2175 1359 aggredia-

604 1393 725 1431 mur
752 1379 1096 1448 particulam.

1175 1568 1405 1624 CAPUT
1441 1568 1585 1622 XIX.

680 1677 699 1711 ι
748 1657 884 1725 Quis
947 1658 1231 1715 suscitavit
1282 1659 1351 1712 ab
1395 1656 1618 1713 Oriente
1662 1658 1896 1728 justum,
1953 1656 2172 1712 vocavit

604 1766 727 1805 eum
751 1758 1146 1821 utsequeretur
1176 1750 1266 1805 se?
1291 1749 1443 1803 dabit
1476 1751 1531 1803 in
1562 1757 1859 1821 conSpectu
1890 1748 2013 1819 ejus
2039 1764 2172 1819 gen-

2277 557 2347 610 τά
2380 558 2601 628 κυρίας’
2630 558 2739 612 ίδοὺ
2789 561 2818 611 6
2859 550 3047 630 μισθὸς
3078 558 3243 612 αὑτοῦ
3290 561 3407 630 μετ’
3440 560 3605 615 αὑτοῦ
3624 576 3640 591 ⁸
3672 562 3768 617 καὶ
3796 564 3860 618 τὸ

2274 648 2437 718 ἔργον
2483 648 2724 703 ἐναντίον
2773 649 2937 703 αὑτοῦ
2958 666 2972 680 ’
3003 647 3080 713 ὼς
3108 650 3312 722 ποιμὴν
3358 656 3611 723 ποιμανεῖ
3648 654 3711 708 τὸ
3737 656 3858 711 ποί-

2282 755 2432 809 μνιον
2465 737 2652 803 αὑτοῦ,
2676 738 2873 809 καὶτῷ
2907 736 3151 811 βραχίονι
3193 738 3357 794 αὑτοῦ
3401 742 3617 807 συνάξει
3666 744 3857 815 ἄρνας,

2278 828 2370 884 κα)⁸
2393 832 2449 883 ἐν
2485 832 2683 903 γαστρὶ
2707 832 2933 901 ἐχούσας
2968 830 3353 904 παρακαλέσει.
3389 848 3408 883 ι
3441 834 3552 887 Καὶ
3580 835 3755 888 ταῦτα
3786 854 3861 890 νο-

2280 923 2506 995 μίζομεν
2536 926 2663 997 περὶ
2696 925 2794 996 τῆς
2818 924 2912 978 τοῦ
2951 926 3122 995 Λόγου
3154 925 3247 979 τοῦ
3286 925 3420 980 Θεοῦ
3448 926 3751 997 παρουσίας
3779 926 3862 979 λέ-

2276 1016 2487 1085 γεσθαι,
2513 1016 2608 1068 καὶ
2638 1016 2781 1085 τάχα
2811 1032 2875 1083 γε
2906 1016 3103 1086 μᾶλλον
3133 1013 3261 1087 περὶ
3291 1015 3393 1085 τῆς
3422 1015 3703 1086 δευτέρας,
3728 1014 3853 1069 καθ’

2274 1106 2340 1178 ἢν
2368 1103 2455 1160 οἷα
2482 1106 2547 1177 δὴ
2576 1105 2782 1169 δίκαιος
2816 1104 3006 1176 κριτὴς
3035 1102 3185 1174 ἥξειν
3216 1098 3635 1175 προφητεύεται,
3655 1105 3749 1159 τὸν
3771 1122 3860 1177 μι-

2277 1193 2400 1247 σθὸν
2428 1192 2563 1264 ἔχων
2593 1193 2699 1246 τῶν
2722 1195 2842 1246 κατ’
2871 1191 3027 1258 ἀξίαν
3059 1193 3272 1263 ἑκάστῳ
3307 1194 3326 1264 (
3344 1194 3382 1247 f.
3415 1193 3477 1248 51
3517 1198 3604 1263 v°)
3650 1212 3860 1269 1:31:94:-

2274 1284 2489 1354 γμένων
2538 1285 2975 1355 ἀπονεμητικόν·
3026 1285 3094 1338 τὰ
3147 1283 3400 1356 μέντοιγε
3453 1285 3615 1340 λοιπὰ
3646 1288 3748 1341 οὐκ
3777 1289 3858 1341 ἐτι

2272 1372 2368 1427 νῦν
2394 1370 2584 1447 καιρὸς
2615 1374 2836 1427 ἀπαιτεῖ
2874 1373 3177 1445 διηγεῖσθαι
3197 1390 3210 1404 ’
3237 1375 3358 1427 ὅθεν
3385 1377 3471 1445 ἐφ’
3498 1374 3693 1449 ἑτέραν
3725 1395 3857 1450 τρα-

2274 1464 2562 1535 πησόμεθα
2590 1466 2918 1536 περικοπὴν.
3800 1496 3803 1499 -

2760 1577 3157 1631 ΚΕΦΑΛΑῙΟΝ
3190 1573 3290 1632 ῙΘ¹.

2348 1685 2369 1719 ι
2401 1667 2496 1730 Τίς
2518 1667 2797 1739 ἐξήγειρεν
2828 1668 2935 1724 ἀπὸ
2958 1666 3225 1741 ἀνατολῆς
3253 1671 3620 1742 δικαιοσύνην,
3661 1672 3854 1728 ἐκάλε-

2274 1775 2366 1813 σεν
2397 1759 2566 1831 αὑτὴν
2592 1759 2735 1813 κατά
2768 1760 2935 1824 πόδας
2956 1760 3141 1826 αὑτοῦ,
3169 1763 3262 1815 καὶ
3282 1763 3610 1836 πορεύσεται
3633 1782 3647 1831 ;
3679 1765 3853 1821 Δὼσει

605 1850 708 1909 tes,
741 1850 793 1896 et
814 1857 967 1913 reges
995 1842 1261 1897 obtinebit
1295 1860 1308 1896 :
1344 1842 1497 1896 dabit
1535 1842 1693 1911 quasi
1742 1842 2023 1912 pulverem
2056 1841 2163 1910 gla-

2274 1827 2727 1913 ἐναντίονέθνῶν,
2762 1853 2855 1906 καὶ
2888 1852 3122 1923 βασιλεῖς
3148 1827 3403 1926 ἐκστήσει
3423 1872 3436 1884 ·
3459 1856 3553 1911 καὶ
3582 1827 3745 1911 δωσει
3772 1862 3853 1923 είς

599 1936 690 1989 dio
729 1935 869 2003 ejus,
908 1934 1052 1989 sicut
1082 1935 1340 2005 stipulam
1374 1943 1536 1990 vento
1565 1944 1777 2004 raptam
1832 1935 1984 1987 arcui
2025 1932 2167 2001 ejus.

596 2023 963 2095 Persequetur
989 2040 1107 2089 eos,
1139 2026 1398 2081 transibit
1430 2026 1486 2079 in
1515 2040 1669 2095 pace,
1706 2024 1901 2079 semita
1930 2024 1986 2078 in
2018 2023 2172 2094 pedi-

597 2117 700 2173 bus
735 2118 856 2187 ejus
886 2132 993 2173 non
1026 2118 1333 2188 apparebit.
1363 2116 1498 2184 Quis
1522 2118 1635 2173 haec
1682 2125 1945 2187 Operatus
1975 2123 2083 2179 est,
2116 2123 2172 2171 et

597 2208 746 2271 fecit,
779 2224 987 2265 vocans
1014 2211 1397 2280 generationes
1430 2210 1499 2264 ab
1533 2207 1797 2264 exordio?
1834 2206 1946 2278 Ego
1982 2206 2169 2262 Domi-

595 2318 722 2366 nus,
754 2303 964 2372 primus
996 2312 1049 2356 et
1072 2303 1408 2357 novissimus
1431 2316 1534 2373 ego
1558 2315 1700 2355 sum.
1726 2299 1996 2355 Viderunt
2025 2300 2166 2356 insu~

597 2393 661 2448 la
697 2404 749 2448 et
781 2395 1103 2457 timuerunt,
1134 2400 1375 2448 extrema
1405 2400 1566 2447 terrae
1615 2392 2037 2462 obstupuerunt,
2067 2406 2169 2461 ap—

594 2486 1119 2554 propinquaveruut,
1187 2490 1244 2537 et
1318 2491 1694 2538 accesserunt.
1780 2482 2168 2553 Unusquisque

594 2578 843 2645 proximo
895 2592 997 2632 suo
1066 2576 1465 2637 auxiliabitur,
1516 2586 1573 2631 et
1604 2575 1763 2629 fratri
1812 2590 1915 2631 suo
1965 2575 2163 2630 dicet:

590 2665 935 2723 Confortare.
973 2666 1318 2722 Confortavit
1365 2666 1520 2722 faber
1565 2667 1794 2721 aerarius
1853 2664 2166 2735 percutiens

592 2757 789 2812 malleo
850 2773 1014 2820 eum,
1076 2759 1170 2826 qui
1230 2756 1466 2812 cudebat
1538 2765 1670 2811 tunc
1734 2757 2033 2826 temporis,
2079 2757 2159 2811 di.

589 2862 723 2902 cens
745 2866 759 2902 ε
782 2846 1008 2903 Glutino
1028 2849 1234 2902 bonum
1258 2860 1341 2904 est
1367 2867 1383 2911 ;
1417 2847 1823 2905 etconfortavit
1853 2864 1977 2903 eum
1995 2849 2166 2904 clavis

592 2944 651 2990 ut
697 2953 808 2991 non
857 2946 1168 2993 moveretur
1191 2939 1231 2991 ⁸.
1269 2957 1287 2991 ι
1330 2936 1552 2993 Justitia
1600 2937 1669 2991 ab
1720 2937 1939 2991 Oriente
1976 2946 2165 2992 exorta

588 3044 838 3100 qennam
882 3039 1028 3085 esset
1062 3031 1362 3084 secundum
1400 3030 1654 3084 essentize
1691 3027 2163 3097 circumscriptio-

2273 1932 2377 2011 γῆν
2398 1939 2495 2003 τάς
2521 1941 2793 2013 μαχαίρας
2814 1943 3012 2006 αὑτῶν,
3037 1947 3132 1999 καὶ
3150 1944 3282 1999 ὡσεὶ
3298 1946 3547 2018 φρύγανα
3569 1948 3853 2020 ἐξωσμένα

2271 2029 2340 2082 τὰ
2365 2029 2495 2096 τόξα
2519 2030 2729 2084 αὑτῶν’
2765 2032 2858 2085 καὶ
2889 2033 3134 2098 διώξεται
3165 2036 3365 2100 αὐτούς
3383 2052 3397 2067 ο
3434 2037 3768 2093 διελεύσεται
3792 2043 3851 2094 ἐν

2272 2122 2463 2194 εἰρήνῃ
2493 2126 2525 2195 ἠ
2554 2123 2671 2187 ὁδὸς
2703 2125 2809 2178 τῶν
2834 2125 3007 2179 ποδῶν
3038 2123 3231 2180 αὑτοῦ·
3259 2129 3357 2199 οὑχ
3383 2128 3505 2199 ήξει
3528 2147 3543 2161 ·
3572 2131 3661 2195 τίς
3688 2134 3850 2205 ἐνήρ-

2270 2229 2408 2285 γησε
2455 2215 2549 2268 καὶ
2577 2214 2801 2287 ἐποίησε
2827 2214 3034 2281 ταῦτα;
3075 2214 3359 2272 Ἐκάλεσεν
3403 2218 3574 2293 αὑτὴν
3604 2223 3634 2275 6
3666 2223 3850 2277 καλῶν

2269 2306 2439 2376 αὑτὴν
2469 2302 2577 2360 ἀπὸ
2603 2305 2805 2375 γενεῶν
2829 2307 3023 2378 ἀρχῆς.
3056 2307 3195 2377 Ἐγὼ
3224 2309 3356 2374 Θεὸς
3382 2311 3619 2382 πρῶτος,
3643 2315 3741 2367 καὶ
3769 2317 3849 2379 είς

2270 2397 2337 2451 τά
2365 2397 2708 2469 ἐπερχόμενα
2741 2398 2852 2468 ἐγώ
2880 2401 3018 2470 εἰμι.
3046 2399 3271 2454 Είδοσαν
3308 2402 3436 2473 ἔθνη
3468 2404 3564 2457 καὶ
3584 2404 3851 2476 ἐφοὸήθη-

2272 2506 2371 2544 σαν
2390 2508 2403 2521 ι
2437 2489 2506 2544 τὰ
2532 2490 2675 2562 ἄκρα
2701 2490 2802 2561 τῆς
2839 2492 2943 2563 γῆς
2969 2492 3374 2565 ἐξεπλάγησαν*
3401 2494 3659 2564 ἤγγισαν.
3685 2493 3848 2568 ἦλθον

2270 2581 2385 2651 ἅμα
2405 2582 2605 2653 κρίνων
2623 2583 2852 2647 ἕκαστος
2883 2583 2961 2655 τῷ
2985 2585 3230 2655 πλησίον,
3254 2588 3346 2640 καὶ
3374 2588 3452 2658 τῷ
3473 2588 3691 2660 ἀδελφῷ
3716 2590 3844 2662 βοη-

2268 2671 2431 2743 θῆσαι
2449 2690 2462 2705 ’
2482 2674 2574 2726 καὶ
2599 2675 2990 2746 ἐρεϊ,¹’Ῑσχυσεν
3016 2677 3155 2748 ἀνὴρ
3172 2678 3375 2732 τέκτων
3398 2695 3411 2708 ·
3437 2679 3532 2732 καὶ¹
3555 2681 3699 2753 ἀνὴρ
3719 2683 3847 2753 χαλει

2267 2766 2395 2829 κεὺς
2424 2765 2644 2819 τύπτων
2682 2767 2914 2839 σφύραν,
2934 2768 3050 2839 ἅμα
3092 2769 3329 2824 ἐλαύνων
3349 2786 3363 2801 ⁸
3396 2773 3528 2826 ποτὲ
3559 2774 3664 2844 μὲν
3695 2776 3844 2846 ἐρεῖ·

2267 2856 2571 2930 Σύμόλημα
2599 2858 2758 2913 καλόν
2780 2862 2948 2925 ἐστιν,
2977 2861 3278 2932 ίσχύρωσαν
3300 2862 3439 2916 αὑτά
3462 2866 3519 2917 ἐν
3547 2864 3723 2935 ἥλοις,
3747 2866 3846 2939 θή-

2268 2964 2449 3003 σουσιν
2477 2950 2638 3015 αὐτὰ,
2689 2950 2871 3004 καὶού
2917 2951 3287 3023 κινηθήσεται.
3314 2973 3335 3006 ι
3368 2954 3693 3027 Δικαιοσύνη
3731 2943 3843 3010 ἀπδ

2267 3041 2535 3096 ἀνατολῶν
2565 3041 2947 3115 ἐξεγειρομένη
2979 3044 3063 3108 τίς
3105 3044 3169 3098 ἀν
3202 3046 3287 3116 εἴη
3327 3046 3467 3100 κατὰ
3493 3049 3844 3120 περιγραφὴν

590 3136 713 3176 nem
749 3122 1022 3192 propriam
1064 3122 1428 3176 substantiam
1480 3121 1710 3184 habens,
1763 3120 1870 3174 nisi
1910 3118 2163 3175 Christus

2265 3133 2472 3197 οὐσίας,
2514 3133 2649 3187 ίδίαν
2699 3133 2994 3189 ὑπόστασιν
3044 3134 3260 3206 ἔχουσα,
3305 3137 3339 3209 ἢ
3389 3140 3419 3192 6
3461 3118 3701 3211 Xptot6c

592 3212 707 3279 Dei,
738 3214 806 3270 de
837 3229 947 3284 quo
975 3213 1107 3268 dicit
1137 3214 1430 3283 Apostolus
1457 3232 1471 3268 :
1500 3232 1518 3264 ι
1552 3212 1656 3278 Qui
1688 3212 1865 3268 factus
1891 3218 1976 3267 est
2008 3211 2163 3268 nobis

2267 3224 2422 3291 θεοῦ,
2452 3226 2582 3298 περὶ
2600 3221 2661 3281 οὑ
2684 3244 2847 3299 φησιν
2867 3230 2896 3281 ό
2920 3227 3265 3293 Ἀπόστολοςο
3294 3247 3313 3281 ι
3331 3231 3426 3294 ’ος
3448 3232 3681 3305 ἐγενήθη
3711 3235 3843 3305 ήμπν

590 3306 859 3377 sapientia
895 3322 925 3359 a
956 3305 1090 3371 Deo,
1118 3314 1174 3359 et
1210 3306 1448 3375 justitia,
1484 3313 1538 3359 et
1571 3302 1960 3367 sanctiﬁcatio,
1990 3311 2045 3359 et
2074 3319 2166 3359 re-

587 3400 828 3471 demptio
853 3401 912 3455 "2
941 3420 960 3452 ›
993 3400 1151 3453 llunc
1174 3408 1356 3453 autem
1387 3415 1417 3454 e
1449 3399 1627 3469 patrio
1649 3398 1798 3460 sinu,
1824 3411 1949 3450 cum
1980 3398 2167 3452 oriens

590 3492 665 3547 sit
703 3508 866 3547 omne
910 3492 1198 3562 spirituale
1232 3492 1439 3553 lumen,
1502 3491 1616 3545 sive
1678 3503 1773 3558 per
1829 3487 2163 3542 incarnatio-

589 3598 713 3638 nem
761 3583 1040 3646 excitavit,
1089 3583 1450 3652 providentia,
1502 3583 1617 3638 sive
1669 3584 1785 3653 ipse
1833 3580 2016 3647 Pater;
2069 3579 2163 3650 qui

588 3672 737 3728 dedit
773 3687 897 3727 eum
945 3673 1002 3727 in
1047 3681 1344 3741 conspectu
1379 3671 1660 3742 gentium;
1712 3680 1773 3725 ut
1810 3670 2024 3742 pristini
2070 3686 2165 3725 eo-

588 3781 710 3820 rum
747 3780 901 3836 reges
931 3764 1252 3829 invisibiles,
1294 3772 1594 3834 potestates
1639 3765 1850 3820 scilicet
1888 3764 2163 3835 nequissi-

587 3873 712 3923 tnze,
745 3859 812 3913 ad
844 3858 1094 3913 miraculi
1129 3858 1438 3928 prodigium
1470 3858 1942 3929 obstupescereut,
1975 3856 2163 3913 viden-

586 3959 669 4005 tes
694 3952 856 4006 talem
894 3951 983 4004 Dei
1018 3949 1214 4004 Filium
1249 3966 1424 4020 neque
1454 3950 1683 4005 formam
1715 3966 1889 4019 neque
1918 3950 2161 4020 pulchri-

586 4045 829 4099 tudinem
875 4043 1206 4110 habentem;
1237 4051 1403 4114 utque
1425 4051 1647 4113 stupore
1671 4044 1763 4097 illo
1788 4044 1842 4096 in
1879 4043 2159 4112 pulverem

585 4144 868 4190 vertantur
900 4151 1090 4192 eorum
1132 4136 1321 4207 gladii,
1362 4143 1417 4192 et
1445 4137 1588 4191 sicut
1631 4137 1845 4206 stipulae
1879 4142 2042 4190 vento
2071 4150 2160 4189 ra-

587 4235 693 4297 ptae
732 4227 863 4280 fiant
914 4242 1078 4282 arcus
1108 4243 1319 4290 eorum,
1377 4242 1479 4282 nec
1514 4227 1627 4297 jam
1667 4226 1888 4281 hostilia
1934 4227 2045 4283 sint
2079 4225 2159 4281 eis

583 4334 757 4383 arma,
792 4319 1032 4389 ignitave
1060 4321 1189 4383 tela,
1218 4320 1419 4390 quibus
1445 4319 1576 4373 olim
1614 4318 1719 4375 sibi
1753 4318 2020 4373 obnoxias
2047 4318 2162 4372 ani-

585 4429 701 4470 mas
750 4413 1111 4469 lacessebant.
1166 4410 1298 4467 Post
1340 4411 1456 4467 haec
1483 4411 1596 4476 ait,
1648 4430 1666 4462 ι
1700 4410 1764 4465 Et
1796 4417 2158 4481 persequetur

2268 3317 2429 3388 σοφία
2452 3319 2559 3372 ἀπὸ
2586 3319 2743 3385 Θεοῦ,
2762 3320 3073 3393 δικαιοσύνη
3096 3338 3155 3374 τε
3171 3322 3580 3395 καὶ-ἁγιασμὸς,
3600 3326 3697 3379 καὶ
3715 3328 3843 3381 ἀπο-

2265 3405 2563 3478 λύτρωσιςς
2602 3425 2621 3458 ι
2660 3405 2857 3462 Τοῦτον
2907 3409 2964 3463 δέ
3016 3411 3080 3462 ὲκ
3123 3410 3232 3464 τῶν
3266 3412 3548 3483 πατρικῶν
3598 3416 3836 3479 κόλπων,

2265 3497 2464 3561 παντὸς
2494 3498 2685 3569 νοητοῦ
2715 3500 2891 3568 φωτὸς
2918 3500 3189 3555 ἀνατολῶν
3223 3504 3598 3575 ὑπαρχόντων,
3633 3509 3668 3577 ἡ
3701 3508 3840 3561 κατὰ

2262 3586 2360 3658 τὴν
2388 3586 2792 3661 ἐνανθρώπησιν
2820 3589 3100 3662 ἐξήγειρεν
3119 3592 3416 3664 οἰκονομία,
3443 3595 3477 3665 ἢ
3500 3596 3598 3648 καὶ
3624 3595 3789 3660 αὐτὸς
3811 3599 3840 3650 6

2264 3678 2476 3751 Πατὴρ,
2515 3681 2543 3732 6
2580 3678 2703 3743 δοὺς
2733 3680 2895 3733 αὑτὸν
2925 3681 3163 3735 ἐναντίον
3194 3682 3300 3736 τῶν
3327 3682 3526 3738 ἐθνῶν·
3564 3685 3632 3739 ἶν’
3662 3688 3712 3740 οί
3739 3688 3839 3758 μὲν

2263 3766 2516 3840 πρότεροι
2535 3767 2769 3838 βασιλεῖς
2784 3769 2961 3823 αὐτῶν
2981 3771 3217 3844 ἀόρατοι,
3234 3771 3488 3843 δυνάμεις
3497 3770 3654 3828 οὖσαι
3667 3793 3837 3849 πονη-

2265 3860 2374 3929 ραι,
2393 3859 2674 3925 ἐξιστῶσιν
2691 3861 2798 3913 ἀπὸ
2812 3860 2905 3914 τοῦ
2925 3862 3225 3933 παραδόξου
3238 3863 3338 3935 τῆς
3349 3866 3687 3936 οἰκονομίας,
3701 3868 3838 3937 6ρῶ-

2262 3967 2351 4004 σαι
2379 3951 2469 4005 τὸν
2498 3950 2813 4023 τηλικοῦτον
2827 3952 2955 4007 Υίὸν
2980 3953 3073 4007 τοῦ
3085 3954 3218 4008 Θεοῦ
3242 3957 3317 4029 μὴ
3336 3956 3526 4028 ἔχοντα
3541 3953 3684 4022 εἶδος
3701 3959 3835 4030 μηδὲ

2260 4038 2481 4105 κάλλος·
2502 4042 2596 4095 καὶ
2612 4042 2698 4096 ἵνα
2719 4042 2855 4113 μετά
2876 4042 3082 4096 τοιάνδε
3105 4043 3359 4097 ἔκστασιν
3380 4044 3609 4101 δοθῶσιν
3630 4049 3712 4110 είς
3732 4048 3834 4118 γῆν

2258 4133 2314 4185 αἱ
2339 4134 2601 4204 ρομφαῖαι
2627 4134 2824 4200 αὑτῶν,
2841 4133 2934 4188 καὶ⁵
2951 4135 3026 4199 ὡς
3041 4135 3592 4207 φρύγαναςὲξωσμένα
3619 4138 3688 4192 τὰ
3705 4138 3835 4204 τόξα

2259 4224 2457 4292 αὐτῶν,
2490 4226 2626 4299 πρὸς
2652 4226 2713 4280 τὸ
2741 4227 2816 4299 μὴ
2863 4228 3109 4297 κατέχειν
3144 4228 3341 4292 αὑτοὺς
3381 4228 3521 4282 ὅπλα
3561 4230 3835 4302 πολεμικὰ

2258 4317 2352 4372 καὶ
2391 4318 2761 4392 πεπυρωμένα
2806 4318 2958 4391 βέλη,
3003 4316 3069 4371 δι’
3100 4311 3176 4373 ὧν
3217 4318 3481 4392 πρότερον
3531 4322 3833 4377 κατεπολέ-

2262 4428 2396 4482 μουν
2443 4411 2542 4475 τὰς
2596 4411 2941 4483 ὑποχειρίους
2981 4411 3162 4476 αὐτοῖς
3209 4410 3407 4483 ψυχάς.
3453 4411 3610 4466 Μετά
3658 4413 3837 4469 ταῦτά

585 4520 699 4569 eos,
726 4525 745 4557 ι
781 4516 839 4559 ιιι
869 4505 1018 4559 omni
1058 4504 1287 4560 telorum
1322 4518 1521 4573 genere
1560 4503 1633 4556 ita
1674 4509 1998 4571 persecutus
2033 4517 2150 4567 eos,

2264 4518 2410 4572 φησι,
2451 4520 2470 4554 ι
2509 4503 2617 4557 Καὶ
2661 4501 2906 4567 διώξεται
2935 4504 3156 4569 αὐτούς·
3201 4524 3217 4554 ι
3267 4505 3331 4558 ἵν’
3359 4503 3554 4570 οὕτως.
3590 4506 3733 4559 κατά
3770 4506 3833 4559 τὸ

585 4596 841 4668 procedat
876 4597 930 4649 in
958 4610 1091 4666 pace
1118 4594 1260 4648 viam
1296 4594 1491 4665 pedum
1523 4610 1767 4649 suorum.
1820 4612 1839 4643 ι
1872 4592 2008 4660 Quis
2039 4594 2153 4649 haec

584 4697 841 4760 operatus
868 4695 952 4742 est
986 4695 1041 4741 et
1072 4686 1239 4741 fecit?
1264 4706 1282 4737 ι
1318 4686 1416 4742 ait.
1451 4685 1841 4741 Existimamus
1877 4685 2024 4755 quod
2053 4701 2152 4740 ex-

584 4780 833 4835 cellentia
868 4785 923 4833 et
966 4776 1272 4846 benignitas
1313 4777 1555 4831 omnium
1606 4775 1700 4830 Dei
1728 4777 1977 4831 vocantis
2009 4791 2151 4843 eam,

584 4870 844 4938 justitiam
875 4869 1146 4934 videlicet,
1191 4884 1301 4925 ron
1354 4869 1514 4922 aliam
1555 4882 1619 4923 ac
1651 4868 1975 4938 sapientiam
2008 4868 2149 4937 ejus,

586 4975 749 5030 quam
798 4967 853 5014 et
900 4959 1333 5029 contemplantes
1384 4958 1571 5012 verita:
1627 4965 1756 5012 sunt
1811 4955 1978 5011 Deum
2031 4973 2152 5027 qum

585 5052 735 5122 prius
786 5052 841 5105 in
889 5048 986 5106 Dei
1033 5051 1441 5121 contemptione
1481 5049 1735 5104 vivebant
1787 5058 1997 5121 gentes.
2045 5050 2150 5117 Qui

584 5141 857 5213 quondam
895 5140 1251 5197 remotissimi
1297 5149 1475 5206 erant,
1514 5140 1751 5213 proximi
1790 5141 1940 5213 regni
1981 5141 2151 5196 cmlo-

587 5250 700 5287 rum
725 5232 857 5288 facti
885 5243 1030 5289 sunt.
1058 5231 1294 5304 Ideoque
1323 5233 1546 5289 fuerunt
1574 5233 1792 5289 attoniti
1824 5234 2020 5289 salutis
2046 5235 2149 5287 mi-

586 5324 791 5389 raculo,
828 5342 888 5381 se
922 5326 1158 5381 invicem
1197 5325 1480 5387 docentes.
1520 5334 1574 5382 et
1607 5325 1774 5381 frater
1806 5325 1959 5380 fratri
1992 5326 2150 5380 auxi-

587 5412 744 5480 tians,
782 5415 1183 5488 pristinumque
1224 5416 1556 5472 confitentur
1583 5415 1649 5471 de
1680 5417 1839 5471 idolis
1880 5430 2145 5481 errorem,

587 5504 698 5559 haec
722 5506 911 5562 cadent
942 5508 1207 5565 dicentes.
1239 5508 1415 5564 Faber
1442 5509 1643 5580 quippe
1671 5519 1787 5564 erat
1817 5517 1870 5564 et
1898 5510 2146 5574 aerarius,

583 5594 922 5666 quiinalleo,
970 5607 1025 5653 et
1054 5600 1248 5665 clavis,
1296 5609 1349 5655 et
1381 5600 1614 5655 humana
1670 5600 1923 5656 machina
1970 5602 2148 5655 susei-

658 5775 676 5806 ¹
708 5774 812 5831 lsa.
836 5774 985 5843 xt,9,
1020 5777 1107 5832 ll.
1185 5778 1204 5809 ⁸
1230 5777 1331 5833 isa.
1359 5794 1470 5845 xm,
1505 5779 1622 5835 2-7.
1702 5780 1719 5812 ³
1752 5777 1921 5835 lCor.
1952 5794 1990 5845 ι,
2024 5780 2145 5836 50.ε

2255 4592 2471 4648 πάντων
2514 4592 2664 4657 τέλος
2689 4593 3083 4665 ἐκδιωχθέντων
3109 4594 3307 4659 αὑτῶν,
3342 4594 3524 4668 διέλθῃ
3552 4597 3611 4648 ἐν
3637 4598 3831 4669 εἰρήνῃ

2252 4688 2285 4757 ἡ
2314 4686 2433 4749 ὁδὸς
2460 4685 2566 4740 τῶν
2597 4684 2770 4739 ποδῶν
2798 4683 2984 4739 αὑτοῦε
3021 4704 3038 4737 ι
3080 4686 3174 4750 Τίς
3205 4686 3261 4740 δὲ
3318 4687 3614 4758 ἐνήργησε,
3669 4691 3829 4760 φησι,

2251 4779 2343 4833 καὶ
2399 4777 2620 4848 ἐποίησε
2675 4777 2886 4843 ταῦτα;
2931 4798 2949 4829 ι
3015 4777 3509 4851 Προσυπακούομεν
3553 4781 3632 4842 δὲ,
3676 4783 3761 4835 ὅτι
3795 4786 3831 4853 ἡ

2251 4865 2553 4939 χρηστότης
2582 4866 2675 4920 καὶ
2711 4866 3089 4939 φιλανθρωπία
3121 4866 3215 4921 τοῦ
3250 4867 3359 4922 τῶν
3392 4868 3529 4924 ὅλων
3556 4868 3692 4923 θεοῦ
3726 4869 3823 4923 τοῦ

2251 4954 2539 5018 καλοῦντος
2570 4953 2758 5027 αὑτὴν,
2797 4955 2956 5026 δῆλον
2985 4956 3030 5009 δ’
3070 4956 3150 5010 ὅτι
3197 4956 3294 5028 τὴν
3324 4957 3690 5031 δικαιοσύνην,
3721 4961 3825 5014 οὑκ

2250 5046 2416 5119 ἀλλην
2458 5040 2623 5101 οὖσαν
2667 5046 2767 5117 τῆς
2805 5049 2997 5117 σοφίας
3029 5048 3213 5114 αὑτοῦ,
3257 5049 3323 5120 ἢν
3364 5050 3459 5103 καὶ
3507 5049 3823 5122 θεασάμενα

2250 5136 2489 5209 ἐφοϐήθη
2514 5134 2604 5191 τὸν
2632 5136 2764 5191 Θεὸν
2789 5139 2856 5192 τά
2874 5140 2933 5193 ἐν
2954 5140 3153 5213 ἁφοϐίᾳ
3176 5139 3309 5193 Θεοῦ
3334 5141 3598 5213 πρότερον
3624 5143 3824 5214 τυγχά-

2249 5245 2406 5284 νοντα
2437 5229 2595 5303 ἐθνη’
2628 5230 2665 5285 δ.
2702 5231 2797 5285 καὶ
2828 5231 2888 5297 ἐξ
2930 5232 3115 5305 ἄκρων
3158 5233 3252 5287 καὶ
3281 5233 3390 5287 ἀπὸ
3420 5238 3673 5306 περάτων
3722 5236 3823 5304 τῆς

2248 5322 2571 5394 οἰκουμένης
2603 5322 2869 5395 κληθέντα
2904 5326 3096 5397 imm
3127 5325 3206 5397 τῷ
3250 5324 3400 5396 Θεῷ·
3434 5329 3482 5380 oi
3511 5326 3640 5380 ποτέ
3667 5327 3821 5390 ὄντες

2253 5414 2673 5485 μκρὰνοέγγὺς
2720 5415 3000 5487 γενόμενοι
3040 5417 3140 5488 τῆς
3182 5416 3455 5487 βασιλείας
3503 5417 3612 5470 τῶν
3650 5419 3821 5489 οὐρα-

2248 5504 2355 5558 νῶν
2376 5522 2391 5536 ·
2438 5505 2519 5559 διὸ
2561 5507 2654 5560 καὶ
2694 5506 3067 5579 ἐξεπλάγησαν
3110 5509 3204 5563 ἐπὶ
3251 5508 3329 5580 τῷ
3380 5509 3668 5581 παραδόξῳ
3715 5509 3821 5579 τῆς

2249 5596 2541 5670 σωτηρίας,
2595 5597 2935 5663 διδάσκοντές
2988 5615 3048 5652 τε
3102 5598 3379 5673 ἀλλήλους,
3440 5601 3547 5654 και
3590 5598 3822 5668 ἀδελφὸς
