4096 6412
387 303 526 361 {29.5

1398 312 1688 370 Ειῖιοείε
1715 312 2195 371 PROPIIETlC/E.
2236 350 2305 359 ——
2343 318 2473 377 LIB.
2515 318 2603 377 IV.

3489 328 3512 381 1
3523 328 3625 383 226

383 424 601 498 ἀδελφῷ
632 429 860 501 βοηθῶν,
900 435 999 504 τὴν
1026 434 1293 505 προτέραν
1335 434 1776 505 ὲξομολογοῦνται
1821 436 1932 506 περ¹

2050 443 2176 490 tans
2215 444 2270 490 et
2314 437 2632 493 confortans
2700 455 2837 511 quos
2884 441 3037 512 prius
3080 441 3213 497 deos
3268 440 3602 499 ducebamus

380 517 453 574 ⁸ιὰ
481 520 674 577 εἴδωλα
704 525 931 598 πλάνην,
961 525 1100 580 αὐτὰ
1124 525 1188 598 δὴ
1220 526 1391 581 ταῦτα
1416 527 1663 596 λέγοντες
1683 545 1697 557 ο
1730 527 1947 582 Τέκτων

381 614 487 687 ἄρα
516 611 583 687 ἦν
616 617 709 671 καί
732 617 983 689 χαλκεὺς,
1006 621 1036 672 6
1065 618 1153 672 διὰ
1196 618 1405 692 σφύρας
1430 621 1525 674 καὶ
1547 620 1693 690 ἥλων
1717 620 1812 674 καὶ
1839 637 1946 691 μη-

379 707 549 778 χανῆς
602 709 946 783 ἀνθρωπίνης
990 712 1275 783 ἀνεγείρας
1328 712 1423 765 καὶ
1481 710 1767 781 ὲνισχύσας
1820 711 1946 773 τοὺς

379 799 640 872 πρότερον
667 802 1050 874 νομιζομένους
1090 805 1221 875 ήμῖν
1252 802 1432 867 θεούςο
1467 805 1517 856 oi
1560 803 1617 856 δὲ
1657 803 1810 857 οὐδὲν
1840 802 1950 873 ἄρα

375 884 514 959 ⁴ἦσαν
553 892 585 963 ἢ
631 892 815 965 ἀψυχα
858 893 1048 961 ξόανα,
1092 894 1346 966 οὐδεμίαν
1385 892 1447 960 ἐξ
1486 894 1696 949 ἑαυτῶν
1733 893 1946 964 κίνησιν

378 982 755 1055 ἐπιδεχόμενοι,
800 987 892 1040 καὶ
928 986 1004 1051 ὡς
1044 986 1213 1057 ψευδῆ
1259 987 1560 1059 ἐκτήσαντο
1601 988 1653 1040 oi
1707 974 1949 1057 πατέρες

2055 522 2158 589 Qui
2205 526 2423 595 quidem
2474 528 2607 584 nihil
2647 540 2826 596 erant,
2876 532 2984 587 nisi
3026 533 3268 588 inanima
3311 534 3626 602 simulacra,

2056 614 2269 669 nullum
2302 630 2330 668 a
2361 631 2422 670 se
2453 616 2589 687 ipsis
2618 628 2824 675 motum
2856 630 3172 686 consecuta,
3207 630 3263 679 et
3286 628 3445 695 quasi
3476 644 3628 684 men-

2058 706 2215 761 dacia
2247 720 2572 779 acceperant
2614 720 2797 783 patres
2847 714 3020 770 nostri
3064 716 3229 780 idola,
3279 725 3334 773 et
3370 732 3479 774 nm
3509 732 3626 777 erat

2059 798 2114 852 in
2144 802 2225 854 eis
2256 800 2486 857 utilitas.
2521 802 2679 869 Quod
2707 813 2888 861 autem
2922 804 3037 861 haec
3070 807 3145 861 ita
3185 805 3485 866 Salvatoris
3521 827 3624 864 no-

2057 892 2158 946 stri
2204 892 2423 962 impleta
2473 906 2601 951 sunt
2646 896 2905 961 adventu,
2943 899 3116 970 magis
3153 902 3411 969 operibus
3459 917 3625 972 quam

2054 985 2237 1040 verbis
2266 984 2695 1043 demonstratur.

376 1079 533 1151 ἡμῶν
572 1082 894 1145 είδωλα,καὶ
932 1085 1033 1138 οὐκ
1073 1081 1140 1157 ἦν
1181 1086 1239 1139 ἐν
1271 1086 1454 1149 αὐτοῖς
1492 1084 1776 1157 ὠφέλημα.
1814 1084 1935 1137 Ὅτι
1974 1082 2030 1136 δὲ
2054 1080 2205 1135 ταῦθ’
2235 1080 2409 1147 οὕτως
2430 1085 2522 1138 ἐπὶ
2545 1089 2604 1157 τῇ
2632 1085 2725 1138 τοῦ
2781 1086 3028 1157 Σωτῆρος
3079 1086 3237 1157 ήμῶν
3293 1088 3622 1160 ἀπετελέσθη

376 1174 645 1247 παρουσίᾳ
676 1175 873 1247 μᾶλλον
905 1175 1013 1231 τῶν
1035 1176 1211 1246 λόγων
1238 1179 1270 1248 ή
1306 1176 1373 1230 δι’
1409 1177 1585 1250 ἐργων
1620 1177 1681 1247 ([;
1716 1176 1805 1248 52)
1834 1177 2131 1249 παρίστησι
2168 1178 2463 1250 μαρτυρία.

894 1291 1288 1346 ΚΕΦΑΛΑῙΟΝ
1327 1294 1412 1346 Κ’.

448 1399 468 1432 ι
518 1379 711 1434 Ἰακὼϐ
736 1384 764 1436 6
788 1385 918 1446 παῖς
943 1401 1065 1454 μου,
1096 1384 1457 1455 ἀντιλήψομαι
1482 1385 1646 1440 αὐτοῦ
1667 1404 1681 1417 ·
1730 1388 1946 1460 Ἰσραὴλ

372 1470 402 1523 6
449 1472 702 1537 ἐκλεκτός
751 1491 875 1545 μου,
927 1475 1284 1548 προσεδέξατο
1330 1478 1490 1532 αὐτὸν
1536 1480 1570 1550 ή
1614 1479 1759 1550 ψυχή
1798 1496 1899 1551 μου
1924 1496 1938 1510 ο

373 1567 545 1621 ἔδωκα
577 1568 638 1621 τὸ
663 1569 887 1640 Πνεῦμά
915 1587 1016 1641 μου
1050 1570 1137 1624 ἐπ’
1165 1571 1326 1626 αὐτόν
1345 1589 1358 1602 ’
1387 1571 1565 1643 κρίσιν
1595 1575 1709 1636 τοῖς
1736 1572 1944 1626 ἔθνεσιν

371 1657 599 1723 ἐξοίσει·
640 1660 698 1713 οὐ
732 1659 1071 1732 κεκράξεται,
1111 1661 1230 1714 οὐδὲ
1267 1662 1473 1733 ἀνήσει,
1516 1662 1639 1715 οὐδὲ
1667 1662 1942 1735 ἀκουσθή-

2636 1291 2865 1348 CAPUT
2916 1292 3031 1347 XX.

2126 1399 2146 1433 ‹
2181 1379 2353 1436 Iacob
2405 1397 2539 1452 puer
2569 1397 2744 1447 meus,
2772 1384 3065 1453 suscipiam
3092 1398 3216 1438 eum
3249 1383 3455 1440 :lsrael
3510 1387 3622 1442 ele-

2046 1481 2169 1529 ctus
2197 1488 2373 1540 meus,
2402 1474 2698 1545 assumpsit
2733 1489 2857 1530 eum
2884 1475 3065 1529 anima
3094 1489 3213 1529 mea
3248 1494 3261 1531 :
3298 1476 3418 1532 dedi
3446 1475 3623 1547 Spiri—

2054 1571 2170 1620 tum
2197 1578 2377 1618 meum
2403 1577 2569 1634 super
2597 1579 2721 1619 eum
2744 1581 2760 1631 ;
2783 1563 3050 1633 judicium
3077 1565 3328 1635 gentibus
3347 1566 3618 1635 proferet;

2048 1670 2158 1710 non
2182 1656 2458 1721 clamabit,
2486 1672 2664 1728 neque
2691 1659 2953 1720 remittet,
2994 1671 3172 1727 neque
3200 1657 3454 1712 audietur
3486 1657 3620 1713 foris

354 1763 524 1800 eam
560 1745 664 1812 ἔξω
694 1750 728 1819 ἡ
775 1748 924 1820 φωνὴ
959 1749 1154 1804 αὐτοῦ’
1191 1750 1435 1821 κάλαμον
1469 1750 1830 1823 τεθλασμένον
1876 1755 1932 1807 οὔ

2047 1757 2154 1797 vox
2179 1744 2322 1814 ejus;
2348 1745 2615 1800 calamum
2645 1745 2944 1801 contritum
2972 1760 3082 1799 non
3111 1744 3344 1817 franget,
3372 1756 3427 1800 et
3447 1747 3619 1802 linum

373 1839 668 1911 συντρίψει,
718 1842 811 1895 καὶ
849 1842 991 1896 λίνον
1037 1843 1431 1914 καπνιζόμενον
1470 1843 1532 1896 οὑ
1574 1843 1784 1899 σϐέσει·
1821 1845 1940 1899 ἀλλ’

367 1933 448 1995 είς
477 1932 729 2005 ἀλήθειαν
753 1933 945 1998 ἐξοίσει
968 1934 1147 2006 κρίσιν
1168 1951 1183 1966 °
1210 1935 1517 2007 ἀναλάμψει
1549 1938 1644 1991 καὶ
1671 1937 1732 1990 οὐ
1776 1937 1941 2009 θραυ-

367 2021 623 2094 σθήσεται
654 2023 759 2086 ἓως
785 2022 851 2078 ἀν
880 2023 945 2096 θῇ
971 2024 1062 2079 ἐπὶ
1099 2024 1199 2095 τῆς
1225 2026 1326 2096 γῆς
1359 2025 1539 2098 κρίσιν
1558 2043 1571 2057 ο
1608 2027 1701 2080 καὶ
1745 2027 1839 2081 ἐπὶ
1861 2028 1941 2098 τῷ

365 2113 588 2183 ὀνόματι
629 2114 793 2167 αὐτοῦ
830 2115 955 2186 ἔθνη
988 2116 1281 2170 ἐλπιοῦσιν.
1320 2117 1508 2183 Οὕτως
1549 2118 1699 2187 λέγει
1739 2119 1939 2193 Κύριος

363 2207 394 2258 6
424 2205 556 2268 Θεὸς
594 2208 623 2259 6
669 2209 898 2279 ποιήσας
937 2208 1026 2262 τὸν
1066 2210 1288 2282 οὐρανὸν
1338 2210 1435 2263 καὶ
1478 2210 1655 2282 πήξας
1694 2213 1876 2276 αὐτὸν,
1909 2216 1937 2266 ὁ

364 2295 673 2369 περεὼσας
699 2298 796 2370 τὴν
820 2299 922 2371 γῆν
946 2300 1041 2354 καὶ
1067 2300 1135 2355 τά
1168 2303 1226 2354 ἐν
1249 2301 1410 2373 αὐτῇ,
1436 2303 1530 2357 καὶ
1556 2303 1731 2369 διδοὺς
1771 2305 1938 2377 πνοὴν

361 2387 441 2459 τῷ
482 2387 597 2459 λαῷ
640 2388 720 2459 τῷ
751 2391 837 2442 ἐπ’
884 2390 1072 2460 αὐτῆς,
1127 2392 1220 2445 καὶ
1264 2390 1481 2463 πνεῦμα
1527 2395 1640 2458 τοῖς
1677 2395 1937 2448 πατοῦσιν

364 2478 536 2548 αὐτήν
556 2497 572 2510 ·
596 2477 705 2546 ἐγὼ
735 2478 938 2551 Κύριος
959 2483 987 2533 6
1010 2480 1142 2544 Θεὸς
1170 2480 1405 2535 ἐκάλεσά
1431 2498 1489 2535 σε
1518 2484 1574 2536 ὲν
1599 2484 1935 2555 δικαιοσύνῃ,

363 2569 458 2623 καὶ
488 2571 747 2642 κρατήσω
786 2572 888 2642 τῆς
927 2572 1108 2643 χειρός
1148 2588 1240 2626 σου
1274 2574 1369 2627 καὶ
1403 2574 1668 2645 ἐνισχύσω
1707 2592 1800 2629 σε’
1846 2578 1938 2630 καὶ

361 2657 540 2715 ἐδωκά
568 2678 628 2715 σε
655 2664 735 2725 είς
762 2662 1024 2735 διαθήκην
1049 2664 1242 2732 γένους
1265 2667 1346 2730 εἰς
1373 2665 1489 2735 φῶς
1510 2666 1700 2732 ἐθνῶν,
1731 2668 1935 2733 ἀνοῖξαι

359 2748 669 2822 ὀφθαλμοὺς
700 2750 932 2821 τυφλῶν,
956 2753 1242 2823 ἐξαγαγεῖν
1264 2758 1329 2810 ἐκ
1351 2755 1567 2827 δεσμῶν
1596 2757 1931 2829 δεδεμένους,

359 2841 455 2895 καὶ
483 2841 539 2909 ἐξ
572 2842 718 2896 οἴκου
752 2844 995 2916 φυλακῆς
1037 2847 1377 2919 καθημένους
1410 2851 1467 2903 ἐν
1512 2852 1712 2906 σκότει.
1750 2871 1768 2903 ι
1809 2853 1933 2906 Ὅτι

365 2934 438 3005 μὴ
482 2935 611 3006 περὶ
655 2934 749 2988 τοῦ
785 2935 892 2989 τῶν
927 2938 1198 2993 Ἰουδαίων
1237 2941 1367 2997 λαοῦ
1416 2942 1814 3013 προφητεύεται
1864 2944 1934 2998 τά

360 3027 469 3078 ἀπο
495 3026 589 3079 τοῦ
613 3043 627 3059 ·
659 3046 679 3079 ι
722 3028 912 3083 Ἰακὼϐ
960 3032 988 3085 6
1031 3033 1162 3096 παῖς
1195 3051 1318 3103 μου,
1343 3035 1702 3108 ἀντιλήψομαι
1743 3036 1930 3097 αὐτοῦ,

2046 1834 2319 1906 fumigans
2360 1851 2473 1890 non
2506 1837 2853 1907 exstinguat;
2890 1837 2985 1893 sed
3016 1837 3072 1891 in
3115 1837 3342 1892 veritate
3382 1837 3620 1907 proferet

2038 1926 2331 1996 judicium,
2369 1928 2762 1998 resplendebit,
2793 1939 2847 1985 et
2872 1944 2983 1984 non
3012 1929 3492 1999 conquassabitur,
3518 1929 3620 1984 do-

2041 2034 2143 2074 nec
2167 2030 2332 2089 ponat
2347 2020 2404 2074 in
2420 2020 2868 2091 terrajudicium,
2892 2030 2946 2077 et
2968 2021 3023 2076 in
3045 2022 3267 2076 nomine
3285 2022 3407 2091 ejus
3427 2031 3616 2093 gentes

2041 2112 2358 2181 sperabunt.
2400 2110 2492 2168 Sic
2520 2111 2653 2168 dicit
2711 2111 2975 2168 Dominus
3040 2111 3205 2177 Deus,
3235 2114 3328 2182 qui
3360 2112 3484 2169 fecit
3507 2129 3621 2169 cm-

2040 2200 2174 2266 lum,
2197 2211 2250 2256 et
2278 2201 2508 2257 intendit
2535 2201 2692 2268 illud,
2721 2204 2816 2273 qui
2841 2202 3074 2259 ﬁrmavit
3093 2212 3298 2259 terram
3325 2215 3382 2260 et
3408 2220 3474 2261 ea
3496 2221 3619 2277 qua:

2040 2299 2168 2346 sunt
2198 2291 2255 2346 in
2281 2292 2420 2362 ipsa,
2455 2293 2663 2365 quique
2696 2293 2790 2348 dat
2819 2292 3007 2350 ﬂatum
3054 2295 3278 2366 populo,
3320 2295 3414 2366 qui
3443 2307 3529 2353 est
3563 2297 3619 2350 in

2038 2400 2124 2451 ea,
2151 2400 2205 2446 et
2223 2389 2477 2460 spiritum
2507 2387 2847 2443 calcantibus
2871 2401 3013 2442 eam.
3043 2386 3153 2459 Ego
3180 2386 3442 2444 Dominus
3464 2387 3610 2445 Deus

2038 2492 2167 2537 tuus
2197 2481 2388 2536 vocavi
2417 2487 2472 2535 te
2498 2480 2556 2533 in
2581 2478 2815 2549 justitia,
2850 2488 2903 2535 e't
2939 2479 3346 2550 apprehendam
3376 2495 3604 2535 manum

2037 2558 2208 2637 tuam,
2232 2582 2287 2628 et
2309 2570 2680 2628 corroborabo
2709 2582 2761 2626 te
2789 2590 2803 2626 :
2832 2579 2887 2627 et
2913 2570 3037 2627 dedi
3070 2579 3122 2627 te
3146 2572 3202 2627 in
3229 2579 3617 2627 testamentum

2037 2666 2256 2737 generis
2291 2665 2349 2719 in
2372 2665 2575 2719 .lumen
2606 2663 2872 2735 gentium,
2904 2671 2966 2718 ut
3000 2664 3243 2735 aperires
3283 2664 3472 2719 oculos
3510 2679 3619 2719 caa-

2036 2772 2248 2819 corum,
2269 2764 2323 2812 et
2347 2756 2610 2812 educeres
2644 2771 2712 2811 ex
2736 2756 2968 2811 vinculis
2993 2757 3251 2828 illigatos,
3281 2764 3337 2812 et
3364 2756 3431 2810 de
3454 2756 3617 2811 domo

2037 2850 2276 2904 carceris
2309 2847 2561 2904 sedentes
2590 2848 2647 2903 in
2673 2848 2918 2905 tenebris
2949 2849 2990 2904 ί.
3030 2868 3051 2901 ι
3082 2848 3240 2915 Quod
3276 2864 3383 2904 non
3411 2849 3478 2905 de
3514 2848 3615 2902 Iu-

2035 2939 2276 2996 rimorum
2302 2939 2503 3011 populo
2536 2940 2980 3011 prophetizantur
3014 2939 3128 2994 haec
3162 2958 3175 2994 :
3214 2957 3232 2991 ι
3259 2938 3431 2995 Iacob
3483 2955 3618 3010 puer

2037 3047 2213 3097 meus,
2248 3032 2543 3102 suscipiam
2567 3045 2725 3099 eum;
2749 3030 2914 3088 Israel
2954 3032 3162 3093 electus
3193 3047 3368 3095 meus,
3401 3046 3615 3088 assum-

373 3121 585 3194 Ἰσραὴλ
616 3125 644 3176 6
691 3123 940 3189 ἐκλεκτός
983 3141 1105 3196 μου,
1137 3128 1493 3198 προσεδέξατο
1522 3130 1683 3183 αὑτὸν
1724 3132 1759 3199 ἡ
1788 3129 1931 3201 ψυχή

2038 3124 2146 3193 psit
2174 3139 2298 3178 eum
2347 3124 2528 3178 anima
2563 3138 2705 3185 mea,
2736 3141 2756 3174 ι
2797 3131 2853 3178 et
2879 3124 3117 3193 reliqua,
3149 3123 3497 3180 manifestum
3531 3132 3615 3179 est

363 3231 486 3284 μου,
520 3235 537 3267 ι
571 3216 737 3285 σαφὲς
768 3217 918 3271 ἔσται
943 3221 1056 3282 τοῖς
1079 3218 1351 3274 ἐθέλουσιν
1386 3221 1621 3292 ἑκάστην
1646 3222 1791 3289 λέξιν
1821 3223 1932 3276 τῶν

361 3308 731 3378 προκειμένων
767 3307 1059 3373 ἐξετάζειν.
1098 3310 1233 3365 ἀλλά
1266 3313 1360 3366 καὶ
1408 3313 1515 3367 ἀπὸ
1554 3316 1654 3386 τῆς
1691 3314 1831 3369 κατά
1872 3316 1933 3369 τὸ

371 3398 656 3470 Ἑϐραῖκδν
703 3401 984 3472 ἀκριϐείας
1033 3402 1190 3459 τοῦτο
1236 3405 1391 3475 δῆλόν
1435 3408 1617 3459 ἐστιν’
1678 3407 1789 3462 οὔτ’
1837 3404 1931 3462 οὗν

358 3489 420 3544 τὸ
456 3489 649 3543 Ἰακὼϐ
697 3490 887 3561 ὄνομα,
931 3491 1054 3547 οὔτε
1096 3493 1159 3546 τὸ
1202 3494 1418 3567 Ἰσραὴλ
1456 3498 1514 3549 ἐν
1563 3497 1713 3567 αὖτῷ
1760 3499 1931 3569 ἐμφέ-

361 3596 541 3651 ρεται·
572 3580 691 3635 ὅθεν
734 3584 827 3637 καὶ
859 3582 1148 3637 ὠϐέλισται
1175 3585 1325 3656 παρά
1355 3588 1468 3650 τοῖς
1505 3588 1789 3659 ἀκριϐέσιν
1838 3592 1932 3643 ἀν-

357 3672 643 3742 τιγράφοις
696 3674 801 3727 τῶν
840 3675 1259 3747 Ἑϐδομήκοντα,
1287 3678 1476 3732 καθότι
1521 3695 1584 3748 γε
1623 3681 1723 3734 οὐκ
1773 3682 1930 3745 ἄλλος

356 3759 464 3812 τῶν
508 3761 729 3817 δικαίων
775 3764 914 3836 πλὴν
952 3765 1047 3818 τοῦ
1086 3766 1335 3838 Σωτῆρος
1374 3766 1531 3837 ήμῶν
1574 3769 1747 3840 Ἰησοῦ
1790 3772 1929 3842 Χριυ

362 3852 509 3917 στοῦ,
555 3855 673 3908 οὐδὲ
718 3856 823 3927 μὴν
866 3858 1027 3920 αὐτὸς
1070 3860 1099 3912 6
1146 3858 1242 3912 τοῦ
1286 3860 1470 3914 Ἰσαάκ
1511 3860 1545 3931 ἢ
1598 3861 1791 3915 Ἰακὼϐ
1832 3864 1928 3916 καὶ

373 3945 586 4017 Ἰσραὴλ
611 3949 1065 4020 προσαγορευθεὶς
1094 3950 1333 4016 τοιοῦτός
1364 3970 1448 4015 τις
1475 3947 1564 4024 ἧν,
1594 3952 1670 4015 ὡς
1692 3954 1929 4026 ἐφαρμὸ-

359 4037 471 4103 ζειν
512 4039 660 4110 αὐτῷ
702 4040 957 4096 δύνασθαι
1004 4042 1071 4097 τά
1113 4044 1483 4115 προκείμενα,
1536 4043 1725 4098 οὐδένα
1775 4042 1928 4117 οἶμαι

358 4129 743 4201 ἀμφιϐάλλεινο
786 4134 871 4185 ἵνα
913 4134 1021 4204 γάρ
1058 4136 1150 4188 καὶ
1188 4136 1394 4207 ἐτέροις
1439 4137 1672 4208 ἀρμόσοι
1705 4155 1789 4201 τις
1838 4139 1921 4191 τό·

2037 3214 2284 3287 singulas
2307 3214 2539 3285 hujusce
2560 3214 2858 3286 prophetia:
2886 3229 3047 3271 voces
3075 3215 3410 3285 perpendere
3430 3216 3609 3270 volen-

2032 3307 2204 3369 tibus,
2238 3305 2335 3364 sed
2368 3308 2531 3363 etiam
2578 3306 2700 3378 ipso
2733 3305 3003 3361 llebraico
3041 3314 3191 3363 textu
3224 3314 3393 3377 patet.
3424 3305 3613 3376 Neque

2030 3397 2222 3467 Iacob,
2250 3415 2430 3470 neque
2458 3397 2624 3455 Israel
2659 3400 2905 3453 nominat
2942 3417 2956 3453 :
2991 3399 3134 3468 apud
3182 3399 3332 3469 ipsos
3381 3398 3603 3469 quidem

2034 3491 2390 3564 Septuaginta
2428 3492 2589 3548 obelo
2618 3492 2892 3563 signatum
2931 3501 3012 3547 est
3057 3505 3255 3546 nomen
3303 3490 3458 3554 illud,
3481 3504 3615 3560 quo-

2032 3586 2179 3640 niam
2215 3601 2328 3640 non
2363 3584 2642 3655 iustorum
2674 3584 2837 3649 alius,
2870 3585 2979 3640 nisi
3008 3581 3259 3638 Salvator
3292 3589 3480 3638 noster
3514 3581 3609 3637 Ie-

2032 3692 2128 3731 sus
2157 3676 2436 3740 Christus,
2469 3693 2580 3731 non
2601 3676 2822 3748 quidem
2868 3677 2986 3746 ipse
3028 3675 3176 3730 Illius
3207 3674 3381 3738 Isaac,
3410 3672 3607 3732 Iacob.

2031 3768 2114 3823 vel
2142 3765 2310 3823 Israel
2334 3767 2743 3832 denominatur,
2773 3768 2822 3822 is
2842 3773 2964 3821 erat
2993 3765 3080 3819 cui
3111 3763 3360 3834 adaptari
3384 3773 3631 3833 possent

2032 3860 2295 3930 praedicta
2312 3861 2477 3915 verba
2500 3877 2515 3927 ;
2542 3868 2707 3930 atque
2730 3856 2883 3924 illud,
2910 3867 2967 3915 ut
2987 3859 3204 3929 opinor,
3222 3858 3356 3913 nulli
3378 3858 3605 3912 dubium

2030 3961 2134 4007 est.
2161 3948 2300 4007 Dato
2319 3952 2465 4006 enim
2483 3951 2631 4021 quod
2665 3951 2790 4006 aliis
2811 3965 3030 4021 quoque
3058 3949 3176 4004 haec
3205 3948 3560 4004 convenirent
3585 3966 3600 4001 :
3660 3972 3676 3995 ι
3710 3950 3717 3951 “

2032 4061 2052 4094 ι
2070 4041 2198 4097 Dedi
2211 4042 2470 4112 Spiritum
2489 4057 2666 4098 meum
2685 4057 2850 4114 super
2863 4041 3262 4107 eumpcuinam
3280 4039 3386 4094 dici
3400 4039 3603 4109 potuit:

2035 4151 2056 4185 ‹
2078 4132 2352 4189 Iudicium
2385 4134 2641 4205 gentibus
2670 4133 2929 4205 proferet,
2969 4152 2988 4186 ι
3032 4141 3086 4195 et
3114 4147 3236 4203 quae
3276 4142 3603 4202 sequuntur,

364 4241 383 4274 ι
419 4224 632 4278 Ἐδωκα
663 4224 724 4278 τὸ
750 4224 976 4297 ΙΙνεῦμά
1011 4244 1112 4296 μου
1142 4229 1228 4281 ἐπ’
1257 4230 1437 4294 αὑτὸν,
1475 4249 1495 4281 ο
1533 4229 1587 4282 τί
1611 4230 1655 4283 δ’
1684 4229 1753 4284 ἂν
1781 4230 1926 4284 εἴποι

2036 4227 2438 4298 praesertimque
2464 4227 2596 4281 illud
2627 4246 2641 4281 :
2671 4244 2690 4278 ι
2717 4224 2782 4280 Ει
2808 4225 2863 4281 in
2895 4227 3115 4281 nomine
3133 4225 3255 4294 ejus
3271 4232 3460 4295 gentes
3481 4239 3608 4294 spe.

355 4317 434 4380 είς
464 4316 542 4369 τό·
583 4336 602 4368 ι
636 4317 832 4389 Κρίσιν
874 4321 987 4382 τοῖς
1031 4318 1236 4373 ἔθνεσιν
1265 4319 1481 4385 ἐξοίσει,
1517 4340 1536 4373 ι
1588 4323 1683 4375 καὶ
1729 4325 1809 4384 είς
1855 4324 1924 4377 τά

2036 4317 2275 4372 rabunt?
2304 4337 2324 4369 ι
2365 4316 2653 4383 Quomodo
2683 4324 2864 4373 autem
2892 4316 3157 4372 credibile
3184 4321 3331 4370 esset
3361 4314 3476 4370 sive
3500 4313 3602 4369 Iu-

355 4407 499 4478 ἐξῆς,
528 4409 622 4462 καὶ
668 4408 897 4479 μάλιστα
936 4410 1017 4463 τό⁸
1066 4429 1085 4462 ι
1121 4412 1230 4465 Καὶ
1270 4412 1362 4464 ἐπὶ
1390 4410 1470 4482 τῷ
1500 4412 1723 4483 ὀνόματι
1757 4415 1922 4468 αὑτοῦ

2036 4408 2278 4463 decorum
2314 4411 2533 4479 populo,
2567 4410 2683 4466 sive
2706 4410 2814 4480 ipsi
2848 4408 2961 4463 lilio
2985 4409 3163 4474 Isaac,
3191 4409 3381 4476 Iacob,
3405 4409 3523 4463 sive
3548 4414 3605 4460 et

354 4498 479 4569 ἔθνη
504 4500 812 4567 ἐλπιοῦσιν;
860 4521 878 4553 ι
910 4502 1033 4565 Πῶς
1060 4503 1117 4557 δὲ
1154 4504 1259 4556 κᾶν
1286 4503 1508 4558 πιθανὸν
1550 4506 1634 4576 είη
1670 4506 1790 4578 ἦτοι
1812 4506 1922 4559 τῶν

2036 4502 2207 4555 cuivis
2233 4501 2508 4569 justorum
2532 4500 2647 4565 alii,
2679 4514 2744 4556 ea
2766 4498 3063 4555 convenire
3091 4520 3104 4555 :
3145 4519 3166 4551 ι
3199 4499 3332 4555 Dedi
3364 4507 3418 4553 te
3444 4497 3500 4553 in
3519 4505 3604 4551 te-

366 4588 630 4645 Ἶουδαίων
661 4592 849 4665 λαῷ,ἢ
885 4595 978 4647 καὶ¹
1003 4594 1150 4666 αὐτῷ
1178 4594 1257 4666 τῷ
1280 4597 1374 4649 τοῦ
1413 4596 1597 4650 ’Ῑσαάκ
1638 4596 1852 4661 Ἰακὼϐ,
1888 4598 1920 4667 ἦ

353 4682 449 4737 καὶ
478 4684 646 4753 ἐτέρῳ
674 4685 779 4737 τινὶ
803 4685 909 4738 τῶν
940 4685 1157 4739 δικαίων
1182 4687 1513 4758 ἐφαρμόζειν
1539 4688 1602 4742 τό
1622 4703 1637 4719 ·
1674 4707 1691 4738 ι
1710 4688 1926 4742 Ἔδωκά

358 4791 416 4830 σε
440 4777 518 4841 είς
540 4776 800 4850 διαθήκην
824 4778 1031 4847 γένους,
1054 4782 1132 4842 είς
1154 4779 1266 4848 φῶς
1289 4780 1477 4848 ἐθνῶν,
1501 4780 1706 4847 ἀνοῖξαι
1728 4782 1927 4852 ὀφθαλο

357 4868 490 4939 μοὺς
528 4869 762 4939 τυφλῶν,
781 4870 1082 4940 ἐξαγαγεῖν
1119 4873 1182 4925 ἐκ
1213 4872 1428 4943 δεσμῶν
1459 4874 1796 4945 δεδεμένους,
1827 4877 1922 4928 καὶ

354 4959 416 5025 ἐξ
453 4959 601 5014 οἴκου
648 4963 893 5033 φυλακῆς
935 4962 1275 5034 καθημένους
1319 4966 1375 5017 ἐν
1430 4966 1644 5031 σκότει;
1689 4987 1707 5018 ι
1758 4967 1921 5020 Ἀλλὰ

349 5048 522 5105 ταῦτα
545 5054 675 5123 ἡμῖν
697 5052 772 5117 ὡς
793 5054 929 5124 πρὸς
950 5055 1075 5117 τοὺς
1097 5055 1161 5108 ὲκ
1186 5057 1484 5127 περιτομῆς
1512 5058 1882 5129 ἐπηπορήσθω
1902 5076 1916 5087 ·

353 5142 539 5211 σαφῶς
566 5160 629 5211 γε
658 5145 762 5215 μὴν
786 5146 931 5216 ἡμᾶς
971 5145 1031 5199 τὸ
1070 5146 1399 5215 Εὑαγγέλιον
1427 5149 1521 5200 ἐπὶ
1547 5147 1642 5202 τοῦ
1668 5150 1920 5220 Σωτῆρος

348 5232 506 5305 ήμῶν
548 5234 718 5305 Ἰησοῦ
751 5235 991 5290 διδάσκει
1037 5239 1127 5290 καὶ
1163 5237 1366 5309 ταύτην
1400 5238 1791 5312 πεπληρῶσθαι
1820 5241 1920 5311 τὴν

350 5323 703 5394 προφητείαν,
755 5326 844 5378 ὅτε
882 5344 901 5376 ι
932 5325 1235 5393 ἐξελθόντες
1266 5329 1313 5380 oi
1366 5329 1647 5401 Φαρισαῖοι
1682 5328 1919 5400 συμϐού-

346 5411 459 5466 λιον
491 5413 610 5467 κατ’
652 5413 814 5467 αὐτοῦ
852 5414 1061 5480 ἔλαϐον,
1094 5417 1242 5482 ὅπως
1276 5418 1435 5471 αὑτὸν
1459 5418 1814 5473 ἀπολέσωσιν.
1856 5420 1916 5485 Ὀ

344 5503 404 5557 δὲ
447 5503 652 5575 Ἰησοῦς
692 5507 852 5575 γνοὺς
882 5507 1226 5580 ἀνεχώρησεν
1266 5508 1475 5563 ἐκεῖθεν
1500 5526 1514 5539 ⁸
1559 5511 1654 5565 καὶ
1684 5510 1915 5581 ἠκολού-

345 5592 518 5665 θησαν
551 5593 698 5665 αὐτῷ
723 5594 922 5661 πολλοὶ,
953 5597 1044 5650 καὶ
1069 5598 1435 5669 ἐθεράπευσεν
1456 5601 1653 5665 αὐτοὺς
1676 5602 1883 5666 πάντας
1898 5620 1911 5633 °

422 5747 582 5805 ‘Isai.
616 5765 748 5813 ml.
788 5752 904 5806 l-7.
982 5756 1001 5784 ²
1034 5752 1469 5818 Matth.,xn,'ll.

662 5844 932 5904 ΡΑτιιοι.
982 5846 1099 5907 Gn.
1148 5847 1345 5911 XXII.

2030 4600 2359 4647 stamentum
2402 4593 2622 4662 generis
2657 4593 2715 4648 in
2751 4592 2935 4649 lumen
2978 4594 3243 4665 gentium,
3269 4599 3329 4648 ut
3354 4592 3601 4663 aperires

2027 4683 2219 4738 oculos
2248 4696 2544 4748 caecorum,
2586 4693 2641 4739 et
2677 4684 2941 4741 educeres
2969 4700 3036 4740 ex
3070 4685 3302 4739 vinculis
3334 4684 3597 4754 illigatos.

2027 4780 2082 4825 et
2107 4772 2175 4827 de
2203 4771 2368 4827 domo
2395 4775 2635 4829 carceris
2684 4776 2936 4832 sedentes
2990 4776 3047 4830 in
3099 4773 3378 4830 tenebris?
3417 4792 3437 4826 ι
3471 4770 3599 4825 Haec

2028 4877 2160 4918 vero
2213 4864 2395 4930 nobis,
2445 4866 2602 4935 quasi
2629 4866 2999 4929 circumcisis.
3052 4862 3394 4920 discutienda
3443 4870 3591 4917 sunt.

2026 4952 2312 5010 Manifeste
2352 4970 2453 5011 nos
2490 4955 2841 5027 Evangelium
2868 4960 2901 5009 a’
2931 4955 3214 5010 Salvature
3242 4960 3431 5006 nostro
3462 4948 3593 5006 Iesu

2023 5044 2166 5100 banc
2187 5046 2347 5102 docet
2368 5046 2707 5117 prophetiam
2731 5048 3006 5119 impletam
3030 5046 3221 5110 fuisse,
3249 5059 3374 5099 cum
3409 5061 3428 5094 ι
3456 5041 3598 5098 Pha—
3694 5098 3698 5102 Α

2024 5137 2167 5192 risaei
2193 5148 2458 5194 exeuntes
2502 5140 2795 5195 consilium
2844 5140 3109 5195 adversus
3141 5151 3269 5192 eum
3307 5144 3593 5205 ceperunt,

2026 5237 2085 5282 ut
2127 5245 2252 5283 eum
2286 5230 2680 5288 interﬁcerent.
2710 5232 2869 5300 Quod
2917 5247 3047 5287 vero
3092 5229 3253 5286 Iesus
3283 5230 3481 5291 sciens,
3509 5243 3596 5283 se-

2022 5323 2191 5377 cessit
2233 5323 2360 5377 inde
2385 5342 2398 5377 :
2423 5333 2480 5378 et
2520 5332 2719 5381 secutze
2748 5333 2877 5379 sunt
2910 5339 3035 5379 eum
3083 5322 3258 5377 turba:
3297 5318 3500 5382 multze,
3540 5329 3597 5373 et

2024 5413 2238 5469 curavit
2266 5429 2362 5471 eos
2388 5432 2579 5472 omnes
2604 5456 2619 5481 ,
2650 5427 2704 5472 et
2736 5419 2992 5487 praecepit
3021 5417 3103 5472 eis
3141 5432 3211 5471 ne
3243 5411 3593 5469 manifestum

2026 5509 2203 5578 ipsum
2227 5508 2468 5564 facerent
2495 5511 2537 5562 ’.
2578 5530 2597 5560 ι
2632 5508 2728 5565 His
2758 5511 2902 5566 enim
2931 5510 3150 5566 additur
3170 5511 3225 5564 in
3254 5509 3545 5580 Evangelio
3574 5524 3603 5560 :.

2031 5622 2050 5655 ι
2086 5603 2152 5660 Ut
2183 5603 2500 5676 impleretur
2521 5603 2663 5674 quod
2689 5603 2892 5658 dictum
2920 5613 3003 5659 est
3026 5619 3122 5675 per
3143 5602 3336 5661 Isaiam
3370 5602 3593 5675 prophe-

3185 5851 3262 5908 39
