4070 6464
478 318 616 379 1227

1144 317 1409 375 ευεεωι
1449 285 1923 372 αιεεΑιιιΕΝειε
1959 314 2053 370 or.

2155 310 2334 368 PARS
2384 312 2472 368 III.
2514 342 2581 354 -
2622 311 3032 368 EXEGETICA.

3607 307 3756 362 1228

478 454 588 498 tam
611 441 877 497 dicentem
902 458 915 494 :
944 437 1083 495 Ecce
1121 455 1258 510 puer
1289 455 1443 495 meus
1476 439 1534 494 in
1570 454 1680 510 quo
1708 437 2040 509 complacui,

2155 436 2245 489 καὶ
2278 434 2607 507 ἐπετίμησεν
2634 436 2836 500 αὐτοῖς,
2872 434 2957 487 ἵνα
2997 432 3072 504 μὴ
3120 431 3353 502 φανερὸν
3379 430 3546 486 αὐτὸν
3583 430 3757 503 ποιῇ-Ἣ

475 534 709 587 dilectus
743 546 918 596 meus,
943 545 1106 600 quem
1131 530 1294 601 elegit
1322 530 1502 584 anima
1531 544 1671 585 mea.
1704 527 1911 584 Ponam
1938 529 2053 598 spi-

477 630 642 679 ritum
669 639 851 679 meum
899 639 1064 695 super
1122 638 1270 690 eum,
1319 641 1339 676 ι
1403 631 1459 677 et
1517 622 1748 693 reliqua,
1809 624 1953 677 sicut
1998 620 2055 675 in

477 703 761 787 prophetia
822 714 1151 770 referuntur.
1197 713 1316 784 Ipse
1379 714 1544 785 igitur
1608 720 1774 778 esset,
1831 714 1923 784 qui
1966 712 2056 769 bic

473 804 646 863 Jacob
680 813 928 874 vocatur,
974 806 1148 861 Filius
1208 804 1304 861 Dei
1354 805 1687 876 unigenitus;
1735 804 1879 860 sicut
1920 805 2054 861 alias

477 898 681 952 dictum
724 904 810 954 est
863 917 876 953 :
936 918 955 951 ι
986 898 1238 969 Magnum
1280 897 1380 953 tibi
1437 908 1522 953 est
1563 898 1749 953 vorari
1778 906 1833 954 te
1878 897 2051 953 filium

478 1005 678 1054 meum,
713 990 982 1046 suscitare
1007 991 1183 1045 tribus
1210 988 1401 1053 Jacob,
1434 996 1488 1045 et
1523 990 1680 1046 faeces
1710 989 1878 1046 Israel
1922 1004 2055 1045 con-

478 1089 690 1136 vertere
734 1082 774 1137 ί.
823 1100 843 1134 ›
882 1080 983 1136 Hie
1012 1083 1179 1154 igitur
1206 1096 1237 1136 a
1266 1080 1429 1137 Patre
1470 1096 1595 1135 cum
1627 1081 1768 1137 inter
1798 1081 1903 1137 alia
1929 1081 2051 1137 haec

478 1171 744 1228 audiisset
771 1190 785 1228 :
823 1191 843 1225 ι
880 1172 1013 1229 Dedi
1044 1183 1098 1229 te
1127 1175 1182 1228 in
1210 1181 1594 1230 testamentum
1623 1174 1860 1245 generis,
1886 1174 1943 1228 in
1967 1174 2052 1229 lu-

478 1271 600 1312 men
625 1258 889 1329 gentium,
912 1259 1182 1330 judicium
1211 1262 1393 1315 attulit
1415 1261 1687 1332 gentibus,
1724 1263 1849 1333 i‘ita
1876 1270 1935 1317 ut
1959 1261 2051 1333 ju~

477 1349 655 1403 dicata
697 1351 911 1407 ratione
937 1352 1094 1422 juxta
1133 1364 1380 1408 sanctum
1418 1352 1768 1425 Evangelium
1797 1355 1930 1425 ipsa:
1962 1354 2048 1408 di—

475 1439 782 1511 rigerentur
818 1462 832 1496 :
865 1443 1033 1514 liquet
1061 1444 1116 1499 in
1138 1444 1357 1501 nomine
1379 1445 1498 1515 ejus
1521 1446 1828 1517 speravisse
1863 1454 2049 1517 gentes

473 1547 600 1602 quae
630 1532 685 1586 in
712 1548 836 1589 eum
861 1534 1234 1600 crediderunt,
1260 1537 1549 1608 ipsumque
1571 1538 1639 1591 ad
1662 1553 1757 1592 eas
1782 1538 1838 1592 in
1865 1538 2047 1592 lumen

477 1626 720 1694 gentium
750 1626 986 1692 venisse,
1017 1636 1076 1682 ut
1105 1628 1251 1683 verbi
1282 1628 1369 1684 sui
1402 1629 1605 1683 lumine
1631 1630 1829 1685 mentis
1858 1629 2047 1686 oculos

479 1718 632 1788 prius
666 1719 1028 1789 caligantibus
1074 1722 1401 1777 recluderet.
1437 1720 1541 1777 Sed
1586 1722 1748 1777 etiam
1800 1722 1984 1779 eduxit
2016 1740 2046 1779 e

477 1812 714 1868 vinculis
741 1813 1012 1883 quondam
1042 1824 1388 1885 peccatorum
1415 1816 1645 1870 nexibus
1673 1815 1931 1886 illigatos,
1959 1824 2045 1871 at-

478 1921 585 1975 que
614 1920 644 1959 e
669 1905 832 1961 domo
856 1908 1095 1962 carceris
1125 1908 1325 1964 diaboli
1352 1909 1474 1963 illos
1497 1908 1590 1978 qui
1611 1908 1851 1963 omnium
1875 1908 2044 1965 Deum

481 1995 792 2067 ignorantes
826 1998 879 2051 in
912 1998 1153 2053 tenebris
1180 2000 1459 2055 sedebant.
1485 1998 1635 2054 Licet
1654 1998 1901 2055 studioso
1932 2000 2047 2056 sin-

479 2087 636 2156 gulas
651 2076 927 2157 inquirere
942 2091 1241 2160 prophetia:
1260 2106 1443 2156 voces,
1465 2091 1839 2161 reliquamque
1859 2091 2048 2147 dictioo

480 2194 627 2244 nem,
678 2180 819 2236 sicut
873 2181 1036 2236 modo
1085 2183 1459 2252 exposuimus,
1511 2182 1579 2237 ad
1623 2182 1900 2239 Christum
1950 2180 2044 2239 Dei

481 2276 798 2332 transferre.

2159 546 2324 585 σωσιν
2346 545 2358 558 ’
2404 546 2422 582 ι
2457 529 2669 592 τούτοις
2698 530 2808 601 γὰρ
2840 527 3159 601 ἐπιφέρεται
3183 530 3242 580 ἐν
3273 526 3352 598 τῷ
3380 524 3706 597 Εὐαγγελίῳ
3726 541 3746 556 ο

2162 641 2181 673 ι
2217 622 2332 675 ἰνα
2359 620 2617 693 πληρωθῇ
2651 620 2713 674 τὸ
2746 619 2909 692 ῥηθὲν
2940 619 3029 672 διὰ
3066 620 3290 673 Ἡσαΐου
3320 616 3411 671 τοῦ
3434 618 3747 689 προφήτου.

2154 713 2402 782 λέγοντος
2423 729 2436 743 ⁸
2482 712 2613 767 Ἰδοὺ
2638 715 2666 766 ό
2698 714 2826 777 παῖς
2861 729 2987 783 μου,
3016 710 3076 764 ὃν
3106 710 3331 782 ᾑρέτισα
3350 727 3362 740 ·
3394 712 3424 763 6
3453 709 3747 781 ἀγαπητός

2158 823 2280 877 μου,
2309 805 2368 858 ὃν
2393 803 2681 874 εὐδόκησεν
2709 805 2744 876 ἡ
2770 804 2915 875 ψυχή
2949 818 3080 874 μου⁶
3113 802 3263 873 θήσω
3292 799 3355 855 τὸ
3382 801 3609 872 ΙΙνεῦμά
3638 817 3743 871 μου

2155 898 2240 951 ἐπ’
2267 897 2450 961 αὐτὸν,
2488 915 2507 949 ι
2543 897 2635 951 καὶ
2676 895 2747 949 τὰ
2789 895 2936 966 ἑξῆς,
2971 895 3071 947 ὅσα
3106 893 3171 962 δὴ
3217 894 3276 945 ἐν
3320 894 3390 963 τῇ
3431 891 3746 962 προιρητεξα

2153 986 2517 1042 κατεὶλεκται.
2546 986 2718 1050 Αὐτὸς
2763 985 2807 1039 δ’
2855 984 2923 1039 ἂν
2971 979 3065 1038 οὖν
3105 983 3191 1053 εἴη
3235 982 3300 1036 ἂν
3347 983 3376 1034 6
3411 983 3505 1036 καὶ
3544 980 3745 1035 Ἰακὼϐ

2152 1081 2513 1153 χρηματίσας,
2550 1080 2686 1143 Παῖς
2715 1078 2791 1131 ὣν
2837 1076 3129 1149 μονογενὴς
3161 1074 3252 1129 τοῦ
3294 1074 3429 1128 Θεοῦ
3446 1092 3460 1105 ο
3506 1075 3584 1139 ὼς
3616 1075 3743 1129 ἑτέ.

2154 1171 2286 1243 ρωθι
2318 1171 2566 1225 λέλεκται
2598 1188 2612 1202 ’
2653 1189 2673 1222 ι
2725 1171 2883 1239 Μέγα
2937 1168 3018 1223 σοι
3067 1169 3185 1221 ἐστι
3234 1166 3331 1220 τοῦ
3374 1165 3645 1238 κληθῆναί
3678 1183 3742 1219 σε

2147 1265 2317 1319 παῖδά
2362 1281 2484 1336 μου,
2532 1262 2626 1318 τοῦ
2673 1263 2869 1333 στῆσαι
2912 1261 3013 1326 τὰς
3055 1260 3227 1331 φυλὰς
3260 1258 3473 1326 Ἰακὼϐ,
3504 1260 3601 1314 καὶ
3636 1257 3742 1322 τὰς

2147 1338 2447 1428 δωσπορᾶς
2474 1354 2569 1409 τοῦ
2611 1353 2826 1427 Ἰσραὴλ
2859 1353 3207 1423 ἐπιστρέψαι.
3246 1369 3266 1403 ι
3315 1346 3482 1415 Οὗτος
3528 1351 3599 1423 δὴ
3633 1351 3743 1405 toi-

2146 1465 2242 1501 νυν
2289 1446 2441 1520 παρὰ
2485 1445 2578 1500 τοῦ
2630 1447 2844 1519 Πατρὸς
2905 1445 3146 1509 ἀκούσας
3199 1444 3338 1516 μετὰ
3392 1444 3499 1498 τῶν
3557 1443 3739 1500 ἄλλων

2149 1540 2211 1611 (f.
2257 1539 2324 1594 52
2357 1538 2434 1610 v°)
2468 1539 2562 1593 καὶ
2588 1538 2677 1591 τό*
2723 1556 2742 1590 ι
2780 1536 3001 1591 Ἔδωκά
3028 1554 3086 1590 σε
3120 1538 3200 1600 εἰς
3225 1535 3491 1608 διαθήκην
3519 1535 3740 1607 γένους,

2147 1633 2228 1696 εἰς
2259 1630 2375 1700 φῶς
2415 1628 2609 1694 ἐθνῶν,
2639 1627 2822 1701 κρίσιν
2855 1627 3090 1700 ἐξήγαγε
3130 1630 3243 1692 τοῖς
3269 1627 3500 1693 ἔθνεσιν,
3540 1647 3561 1681 ι
3590 1622 3740 1681 ὥστε

2145 1722 2456 1794 κεκριμένῳ
2482 1719 2729 1792 λογισμῷ
2772 1719 2914 1774 κατὰ
2958 1720 3020 1773 τὸ
3049 1720 3192 1791 ἱερὸν
3219 1719 3553 1790 Εύαγγέλιον
3594 1719 3740 1773 αὑτὰ

2152 1812 2561 1869 πολιτεύεσθαι·
2611 1812 2778 1882 σαφὲς
2811 1812 2855 1864 δ’
2889 1812 3036 1876 ὅπως
3082 1812 3175 1865 ἐπὶ
3215 1812 3291 1884 τῷ
3314 1814 3538 1883 ὀνόματι
3567 1807 3736 1865 αύτοῦ

2149 1907 2219 1960 τὰ
2265 1904 2630 1960 πιστεύσαντα
2672 1906 2750 1968 εἰς
2785 1904 2943 1957 αὑτὸν
2994 1902 3121 1975 ἔθνη
3171 1903 3391 1974 ἧλπικε,
3436 1903 3534 1957 καὶ
3581 1899 3737 1966 ὅπως

2146 1997 2293 2069 αύτῷ
2339 1996 2416 2069 (ι)
2461 1998 2541 2061 εἰς
2592 1995 2705 2065 φῶς
2738 1996 2905 2050 ἐθνῶν
2929 1995 3318 2060 ἁναδέδεικται,
3349 1994 3490 2049 ὥστε
3518 1994 3611 2048 διὰ
3636 1993 3734 2048 τοῦ

2150 2092 2324 2161 φωτὸς
2360 2091 2455 2144 τοῦ
2489 2090 2648 2159 λόγου
2673 2089 2837 2143 αὐτοῦ
2879 2088 3459 2161 διανυγῆναι(οιγῆναι)
3480 2089 3610 2151 τοὺς
3633 2085 3737 2158 τῆς

2146 2182 2382 2245 διανοίας
2418 2181 2730 2253 ὀφθαλμοὺς
2767 2180 2873 2234 τῶν
2905 2180 3072 2233 πάλαι
3118 2179 3341 2244 τούτοις
3395 2178 3735 2250 πεπηρωμέ-

2147 2291 2252 2327 νων
2277 2291 2291 2306 ⁸
2322 2273 2458 2328 ἀλλὰ
2489 2274 2583 2328 καὶ
2624 2271 2893 2345 ἐξήγαγεν
2940 2273 3007 2327 ἐκ
3043 2272 3258 2344 δεσμῶν
3297 2271 3424 2335 τοὺς
3468 2271 3736 2342 πρότερον

484 2374 685 2443 σειραῖς
716 2370 825 2425 τῶν
866 2369 1010 2423 ἰδίων
1056 2370 1337 2441 ἁμαρτιῶν
1381 2369 1847 2441 κατεσφιγμένους
1878 2368 1938 2434 ἐξ
1981 2367 2131 2423 οἴκου
2170 2386 2230 2424 τε
2252 2370 2353 2441 τῆς
2411 2370 2503 2424 τοῦ
2568 2369 2811 2424 διαϐόλου
2859 2369 3103 2440 φυλακῆς
3160 2369 3288 2432 τοὺς
3335 2367 3421 2422 διὰ
3464 2368 3563 2440 τὴν
3605 2384 3736 2459 περὶ

481 2461 573 2513 τὸν
610 2462 717 2516 τῶν
737 2462 871 2515 ὅλων
894 2462 1025 2515 Θεὸν
1047 2461 1266 2530 ἄγνοιαν
1293 2463 1351 2515 ἐν
1377 2463 1555 2516 σκότει
1589 2461 1948 2535 καθημένους.
1972 2462 2260 2535 Πρόκειται
2283 2463 2340 2518 δὲ
2390 2463 2469 2535 τῷ
2509 2462 2798 2534 φιλομαθεῖ
2830 2463 3063 2533 ἑκάστην
3084 2460 3356 2529 ἐξετάζειν
3392 2461 3490 2532 τῆς
3520 2476 3737 2531 προφη,

479 2552 628 2615 τείας
653 2551 816 2617 λέξιν,
849 2553 942 2605 καὶ
975 2552 1248 2621 ἀναλόγως
1277 2554 1388 2617 τοῖς
1418 2553 1507 2622 ὑφ’
1534 2552 1690 2625 ἡμῶν
1710 2553 2016 2624 εἰρημένοις
2037 2554 2129 2606 ἐπὶ
2152 2554 2241 2608 τὸν
2263 2555 2496 2625 Χριστὸν
2519 2554 2612 2608 τοῦ
2640 2554 2774 2608 Θεοῦ
2804 2554 2875 2608 τὰ
2891 2554 3263 2607 ὑποπίπτοντα
3289 2551 3634 2623 μεταφέρειν.

1068 2646 1294 2703 CAPUT
1330 2645 1470 2701 XXI.

502 2784 507 2791 .
557 2757 578 2790 ι
619 2738 803 2795 Estote
822 2739 955 2793 mibi
990 2747 1178 2805 testes,
1200 2749 1254 2795 et
1282 2755 1382 2810 ego
1412 2741 1588 2809 testis,
1627 2739 1759 2796 dicit
1789 2740 2053 2797 Dominus

483 2831 648 2893 Deus.
674 2839 728 2886 et
766 2846 898 2902 puer
932 2847 1093 2902 quem
1145 2832 1280 2903 elegi
1309 2836 1351 2888 ³.
1389 2853 1408 2886 ι
1459 2832 1525 2888 Et
1556 2834 1680 2905 quis
1731 2840 1875 2889 esset
1921 2849 2056 2905 puer

479 2938 642 2994 quem
670 2922 829 2992 elegit
857 2920 1119 2978 Dominus
1167 2920 1311 2977 Deus
1337 2963 1352 2988 ,
1412 2937 1575 2993 quem
1618 2930 1671 2977 et
1723 2923 1828 2979 sibi
1860 2931 2053 2980 testem

486 3013 601 3068 fore
624 3010 881 3082 praedicat
913 3025 1106 3066 eorum
1133 3010 1227 3082 qui
1270 3010 1375 3083 ipsi
1404 3012 1775 3069 testimonium
1805 3014 2058 3084 perbibe-

484 3104 638 3168 bunt,
669 3102 775 3158 nisi
802 3103 912 3167 ille,
939 3103 1007 3158 de
1034 3119 1142 3174 quo
1165 3111 1220 3158 et
1249 3103 1306 3158 in
1346 3105 1673 3175 praecedenti
1702 3106 1941 3177 capitulo
1972 3105 2058 3161 di-

482 3203 628 3250 ctum
663 3202 785 3251 est:
822 3214 840 3247 ι
879 3193 1047 3250 Iacob
1102 3211 1237 3265 puer
1266 3211 1443 3264 meus,
1493 3198 1787 3268 suscipiam
1848 3213 1992 3262 eum,
2033 3217 2052 3249 ι

484 3296 539 3341 et
570 3302 690 3357 quae
719 3286 1060 3357 sequuntur?
1084 3285 1215 3354 Quae
1258 3287 1475 3358 quidem
1508 3288 1796 3345 manifeste
1841 3288 1907 3345 de
1938 3288 2056 3343 Sal-

485 3386 673 3434 vatore
701 3379 1038 3450 Dominoque
1064 3386 1254 3437 nostro
1272 3378 1401 3438 Jesu
1431 3381 1810 3453 prophetizata
1832 3381 2058 3438 demon-

487 3476 654 3521 strata
680 3475 830 3524 sunt.

1067 3579 1294 3639 CAPUT
1332 3581 1499 3638 XXII.

561 3689 581 3723 ι
616 3671 756 3728 Ecce
771 3687 871 3744 ego
896 3670 1158 3729 Dominus
1174 3673 1275 3730 feci
1295 3682 1517 3741 terram,
1535 3674 1875 3741 etbominem
1894 3689 2057 3744 super

485 3777 641 3830 eam;
674 3777 774 3833 ego
807 3776 970 3816 manu
992 3778 1111 3818 mea
1146 3763 1477 3820 consolidavi
1516 3763 1736 3827 ctelum,
1761 3778 1861 3834 ego
1880 3764 2056 3818 omni-

485 3855 588 3910 bus
616 3855 781 3910 astris
808 3852 1079 3912 mandavi.
1111 3855 1224 3925 Ego
1257 3854 1519 3911 suscitavi
1539 3870 1664 3909 eum
1690 3868 1816 3909 cum
1838 3853 2057 3923 justitia

476 3960 689 4017 regem,
712 3952 767 4001 et
793 3959 985 4001 omnes
1014 3945 1115 4001 viae
1153 3945 1272 4016 ejus
1306 3952 1489 4000 rectae.
1520 3941 1623 3999 Hic
1649 3943 1938 4000 azditicabit
1981 3943 2059 3999 ci-

487 4040 708 4094 vitatem
741 4054 938 4102 meam,
968 4047 1023 4093 et
1074 4038 1439 4107 captivitatem
1500 4035 1685 4107 populi
1738 4042 2054 4099 convertet,

489 4147 596 4186 non
629 4131 834 4201 pretio,
887 4145 1064 4200 neque
1098 4130 1453 4192 muneribus,
1507 4127 1639 4183 dicit
1672 4127 1933 4183 Dominus
1966 4126 2061 4183 Sa-

486 4221 672 4277 baoth.
704 4220 795 4278 Sic
818 4222 951 4277 dicit
983 4220 1247 4276 Dominus
1269 4219 1505 4277 Sabaoth
1534 4234 1548 4270 :
1581 4217 1872 4274 Laboravit
1884 4219 2055 4291 zEgy-

489 4321 632 4384 ptus,
658 4322 712 4369 et
740 4314 1034 4385 negotiatio
1067 4310 1384 4383 IEtbiopum
1404 4350 1420 4377 ,
1472 4319 1528 4366 et
1559 4309 1778 4365 Sabaim
1810 4310 1913 4365 viri
1962 4328 2055 4366 ex-

487 4403 618 4459 celsi
648 4404 716 4457 ad
747 4413 798 4459 te
830 4403 1164 4469 transibunt,
1194 4412 1249 4459 et
1271 4402 1349 4458 tui
1380 4408 1541 4458 erunt
1572 4400 1737 4465 servi,
1767 4410 1818 4456 et
1839 4415 1870 4454 a
1902 4408 2052 4471 tergo

489 4506 541 4552 te
567 4506 860 4566 sequentur
891 4496 1058 4552 vincti
1092 4494 1344 4559 manicis,
1371 4504 1425 4550 et
1464 4494 1772 4550 adorabunt
1799 4492 2053 4563 juvenes,

486 4597 542 4643 ct
574 4590 627 4643 in
660 4597 713 4644 te
740 4589 1008 4653 orabunt,
1054 4588 1311 4659 quoniam
1345 4588 1400 4642 in
1447 4596 1499 4641 te
1548 4584 1691 4640 Deus
1723 4594 1828 4649 est,
1859 4590 1913 4639 et
1944 4599 2053 4639 non

485 4689 572 4738 est
604 4680 745 4736 Deus
773 4688 969 4749 praeter
1003 4688 1055 4735 te
1084 4698 1100 4735 :
1137 4691 1193 4734 tu
1223 4680 1368 4734 enim
1398 4692 1459 4733 es
1489 4675 1664 4742 Deus,
1715 4684 1771 4731 et
1811 4692 1921 4731 non
1958 4692 2058 4730 no-

485 4788 761 4838 veramus,
802 4771 946 4828 Dens
975 4773 1139 4828 lsrael
1173 4770 1440 4826 Salvator.
1474 4767 1811 4824 Erubescent
1839 4775 1895 4824 et
1927 4783 2060 4823 con-

488 4867 785 4923 l'umlcuttn‘
812 4880 1003 4921 omnes
1026 4865 1120 4936 qui
1150 4866 1511 4920 adversantur
1554 4861 1689 4927 tibi,
1736 4870 1791 4916 et
1821 4861 2061 4916 ambula-

488 4962 624 5015 bunt
652 4958 707 5013 in
756 4956 964 5029 pudore
996 4957 1039 5011 ³.
1076 4976 1098 5010 ι
1160 4956 1439 5013 Christum
1472 4953 1633 5010 Pater
1688 4952 1978 5010 suscitavit
2028 4967 2058 5006 a

488 5052 744 5117 mortuis,
777 5050 1118 5106 constituens
1145 5064 1271 5105 eum
1316 5063 1440 5103 cum
1471 5045 1686 5118 justitia
1725 5058 1929 5115 regem,
1968 5060 2062 5100 su-

488 5159 585 5216 per
624 5142 755 5199 Sion
783 5142 1064 5198 cmlestcm
1084 5182 1099 5207 ,
1138 5148 1376 5195 montem
1405 5146 1652 5194 sanctum
1678 5135 1800 5205 ejus
1827 5150 2060 5205 regnan-

489 5248 629 5303 tem;
663 5233 891 5304 ideoque
917 5232 1201 5291 suscitavit
1216 5248 1362 5296 eum,
1387 5237 1675 5302 postquam
1698 5244 1718 5276 ι
1745 5240 1936 5282 omnes
1961 5226 2059 5281 viae

489 5328 631 5396 ejus,
662 5346 680 5378 ι
714 5328 812 5394 ait,
837 5325 994 5382 factae
1023 5336 1150 5384 sunt
1198 5333 1358 5381 rectae
1408 5344 1420 5379 :
1462 5338 1572 5379 non
1595 5331 1680 5381 est
1710 5323 1766 5377 in
1807 5320 1888 5377 eis
1933 5335 2058 5391 pra-

492 5437 616 5475 vum
645 5421 812 5491 quid,
864 5439 1041 5496 neque
1089 5433 1407 5492 perversum
1450 5419 1493 5475 ⁵.
1548 5437 1566 5470 ι
1602 5450 1670 5462 -
1696 5440 1716 5473 ι
1769 5419 2058 5475 Peccatum

2657 2649 3049 2703 ΚΕΦΑΛΔΙΟΝ
3080 2647 3215 2704 KA'.

2231 2760 2250 2792 ι
2286 2740 2512 2794 Γένεσθέ
2547 2759 2637 2813 μοι
2673 2742 2966 2813 μάρτυρες,
3002 2740 3157 2811 κάγὼ
3188 2743 3415 2814 μάρτυς,
3437 2740 3588 2810 λέγει
3621 2742 3742 2795 Κύ-

2162 2849 2271 2905 ριος
2295 2835 2323 2888 6
2348 2833 2498 2899 Θεὸς,
2531 2833 2625 2888 καὶ
2649 2834 2676 2887 6
2708 2836 2835 2899 παῖς
2858 2832 2916 2887 ὃν
2946 2830 3297 2904 ἐξελεξάμην.
3333 2853 3351 2885 ι
3389 2832 3501 2886 Καὶ
3529 2832 3617 2896 τίς
3666 2830 3735 2886 ἂν

2159 2924 2241 2996 εἴη
2274 2924 2302 2975 6
2332 2927 2460 2988 παῖς
2487 2924 2545 2978 ὃν
2577 2923 2852 2989 ἐξελέξατο
2888 2924 3089 2996 Κύριος
3115 2926 3143 2977 6
3169 2923 3323 2988 Θεὸς,
3347 2922 3404 2977 ὃν
3431 2925 3524 2977 καὶ
3555 2924 3736 2994 ἑαυτῴ

2160 3015 2551 3085 συγκαταλέγει
2588 3017 2838 3089 μάρτυρα
2870 3015 3232 3087 γενησόμενον
3264 3014 3373 3068 τῶν
3410 3014 3557 3086 αὐτῷ
3594 3033 3736 3088 μαρ-

2157 3105 2544 3178 τυρούντων,ῆ
2593 3102 2745 3171 οὗτος
2792 3105 2920 3177 περὶ
2960 3099 3021 3159 οὗ
3050 3105 3143 3158 καὶ
3185 3107 3243 3159 ἐν
3285 3104 3362 3177 τῷ
3409 3105 3514 3178 πρὸ
3538 3105 3735 3160 τούτου

2157 3196 2438 3268 κεφαλαίῳ
2471 3198 2707 3267 ἐλέγετο·
2746 3217 2764 3249 ι
2808 3196 3002 3251 Ἰακὼό
3045 3197 3073 3247 ό
3106 3199 3235 3261 παῖς
3274 3214 3409 3268 μου,
3440 3196 3730 3269 ἀντιλήψο-

2161 3308 2256 3361 μαι
2294 3290 2495 3355 αὑτοῦ,-
2525 3310 2543 3342 ι
2724 3288 2792 3342 τὰ
2842 3289 3004 3360 ἐξῆςς
3058 3287 3215 3342 ἅτινα
3266 3289 3454 3358 σαφῶς
3494 3289 3588 3343 ἐπὶ
3640 3288 3735 3341 τὸν

2156 3381 2387 3453 Σωτῆρα
2417 3382 2510 3435 καὶ
2542 3381 2745 3453 Κύριον
2774 3380 2932 3453 ἡμῶν
2969 3379 3174 3453 Ἰησοῦν
3221 3377 3575 3435 ἀπεδείκνυτο
3604 3397 3738 3452 προ-

2159 3488 2403 3544 πεφητευ
2411 3472 2567 3542 μένα.

2661 3584 3058 3640 ΚΕΦΔΛΔΙΟΝ
3104 3584 3233 3639 KB’.

2234 3694 2253 3727 ι
2279 3674 2420 3744 Ἐγὼ
2446 3674 2677 3746 ἐποίησα
2710 3675 2832 3746 γῆν,
2862 3676 2956 3729 καὶ
2982 3674 3267 3748 ἄνθρωπον
3283 3674 3553 3746 ὲπάύτῆς
3573 3691 3586 3703 ’
3619 3672 3737 3744 ἐγὼ

2154 3768 2221 3837 τῇ
2256 3765 2398 3836 χειρί
2432 3782 2533 3836 μου
2573 3765 2877 3837 ἐστερέωσα
2904 3766 2994 3820 τὸν
3021 3766 3279 3838 οὐρανόν·
3320 3765 3431 3835 ἐγὼ
3458 3767 3593 3819 πᾶσι
3618 3767 3737 3829 τοῖς

2157 3858 2377 3930 ἄστροις
2426 3855 2796 3927 ἐνετειλάμην.
2841 3855 2982 3925 Ἐγὼ
3024 3856 3222 3928 ἤγειρα
3263 3854 3424 3909 αὐτὸν
3469 3853 3606 3926 μετᾶ
3647 3854 3733 3908 δι·-

2158 3948 2449 4018 καιοσύνης
2485 3946 2728 4018 βασιλέα,
2763 3948 2856 4002 καὶ
2889 3948 3059 4000 πᾶσαι
3092 3949 3148 4001 αἱ
3175 3946 3285 4000 666i.
3309 3945 3475 4000 αὐτοῦ
3502 3944 3729 3998 εὐθεῖαι.

2158 4035 2325 4104 Οὗτος
2357 4041 2699 4112 οἰκοδομήσει
2735 4040 2832 4111 τὴν
2855 4040 3008 4095 πόλιν
3048 4058 3169 4112 μου,
3200 4040 3294 4094 καὶ
3326 4041 3424 4111 τὴν
3451 4039 3734 4110 αἰχμαλω-

2160 4133 2279 4187 σίαν
2310 4132 2403 4186 τοῦ
2435 4132 2564 4187 λαοῦ
2601 4150 2701 4206 μου
2734 4132 3068 4205 ἐπιστρέψει,
3097 4134 3157 4187 οὐ
3200 4131 3339 4203 μετὰ
3366 4132 3577 4204 δώρων,
3607 4132 3731 4186 οὐδὲ

2162 4226 2299 4297 μετὰ
2345 4225 2575 4297 λύτρων,
2621 4221 2772 4278 εἶπεν
2812 4223 3015 4296 Κύριος
3057 4223 3305 4277 Σαϐαὼθ.
3349 4222 3536 4287 Οὕτως
3582 4222 3735 4291 λέγει

2158 4316 2360 4388 Κύριος
2388 4314 2613 4369 Σαϐαὼθ
2636 4331 2650 4346 ο
2692 4315 3011 4368 Ἐκοπίασεν
3039 4314 3330 4383 Αἴγυπτος,
3365 4313 3461 4367 καὶ
3490 4314 3734 4386 ἐμπορία

2156 4406 2443 4469 Αἰθιόπων,
2472 4405 2564 4458 καὶ
2582 4402 2887 4476 οἱΣ-αὸαεὶμ
2907 4404 3093 4476 ἄνδρες
3124 4403 3315 4475 ὑψηλοὶ
3342 4405 3434 4457 ἐπὶ
3459 4403 3519 4457 σὲ
3541 4404 3730 4473 διαϐή-

2162 4515 2364 4563 σονται,
2392 4499 2486 4551 καὶ
2512 4498 2593 4551 σοι
2619 4497 2830 4552 ἔσονται
2854 4496 3050 4561 δοῦλοι,
3079 4499 3173 4550 καὶ
3200 4496 3375 4550 ὀπίσω
3396 4513 3491 4549 σου
3508 4496 3732 4550 ἀκολου-

2162 4588 2384 4657 θήσουσι
2417 4587 2685 4658 δεδεμένοι
2723 4587 3084 4658 χειροπέδαις,
3106 4586 3200 4638 καὶ
3226 4585 3571 4656 διαϐήσονται
3596 4585 3731 4657 πρὸς

2165 4680 2247 4745 σέ,
2284 4682 2376 4732 καὶ
2406 4679 2841 4751 προσκυνήσουσί
2871 4679 3084 4741 σοι,κα“ι
3114 4680 3172 4730 ἐν
3208 4678 3291 4731 σοὶ
3323 4676 3731 4748 προσεύξονται,

2164 4773 2247 4825 ὃτι
2267 4774 2324 4825 ἐν
2344 4773 2426 4825 σοὶ
2452 4774 2481 4824 6
2509 4771 2640 4835 Θεός
2667 4773 2804 4835 ἐστι,
2835 4769 2928 4823 καὶ
2953 4770 3051 4823 οὐκ
3070 4768 3182 4822 ἔστι
3198 4769 3329 4833 θεὸς
3356 4768 3493 4840 πλὴν
3510 4769 3632 4822 σοῦ·
3663 4769 3730 4822 σὺ

2160 4863 2267 4935 γὰρ
2292 4860 2339 4916 εἷ
2375 4862 2526 4927 Θεὸς,
2557 4862 2650 4916 καὶ
2680 4861 2781 4916 οὐκ
2804 4861 3050 4933 ᾔδειμεν,
3080 4859 3211 4923 θεὸς
3239 4858 3334 4913 τοῦ
3373 4859 3591 4931 Ἰσραὴλ
3620 4860 3730 4911 Σω-

2159 4957 2295 5027 τήρο
2335 4955 2783 5026 αἱσχυνθήσονται
2832 4954 2928 5008 καὶ
2970 4954 3399 5023 ἐντραπήσονται
3441 4952 3641 5014 πάντες
3677 4951 3730 5005 οἱ

2160 5045 2521 5117 ἁντικείμενοξ
2554 5062 2657 5109 σοι,
2687 5046 2783 5100 καὶ
2814 5044 3167 5114 πορεύσονται
3189 5044 3245 5096 ἐν
3273 5041 3525 5114 αἰσχύνῃ.
3554 5058 3575 5095 ι
3604 5041 3730 5112 Χριο

2162 5140 2285 5193 στὸν
2325 5142 2355 5192 6
2402 5139 2592 5211 Πατὴρ
2634 5140 2854 5209 ἦγειρεν
2888 5139 2956 5190 ἐκ
3002 5137 3209 5210 νεκρῶν
3251 5135 3343 5188 τοῦ
3385 5130 3526 5189 εἶναι
3565 5131 3731 5190 αὐτὸν

2166 5231 2301 5301 μετὰ
2347 5228 2687 5301 δικαιοσύνης
2733 5228 2974 5300 βασιλέα,
3008 5229 3101 5282 ἐπὶ
3135 5228 3271 5281 Σιὼν
3310 5227 3371 5281 τὸ
3408 5228 3731 5299 ἐπουράνιον

2160 5319 2286 5392 ὅρος
2322 5322 2381 5373 τὸ
2412 5320 2566 5389 ἆγιον
2597 5320 2762 5374 αὑτοῦ
2787 5318 3138 5392 βασιλεύοντα
3160 5335 3175 5349 ·
3216 5319 3310 5372 καὶ
3342 5319 3435 5372 ἐπὶ
3477 5318 3638 5371 τοῦτό
3663 5332 3729 5386 γε

2162 5413 2322 5467 αὑτὸν
2350 5415 2589 5485 ἤγειρεν,
2620 5412 2807 5484 ἐπειδὴ
2846 5430 2863 5463 ι
2903 5412 3073 5466 πᾶσαι
3098 5412 3156 5464 αἱ
3195 5410 3304 5464 ὁδοὶ
3339 5408 3526 5473 αὐτοῦ,
3564 5427 3582 5461 ο
3621 5425 3725 5476 φη-

488 5512 636 5567 enim
679 5526 789 5566 non
846 5512 995 5577 fecit,
1027 5527 1204 5583 neque
1248 5510 1500 5564 inventus
1554 5520 1639 5567 cst
1678 5511 1836 5567 dolus
1879 5509 1934 5563 in
1965 5520 2053 5562 ore

2165 5506 2269 5568 civ,
2305 5524 2323 5558 ι
2356 5505 2639 5574 γεγόνασιν
2664 5503 2889 5570 εὐθεῖαι,
2923 5501 3328 5574 μηδένξέχουσαι
3356 5500 3567 5555 σκολιὸν
3592 5498 3727 5569 μηδὲ

563 5623 581 5656 ⁸
602 5622 727 5679 Isai.
756 5638 901 5690 χιιι,
930 5622 981 5677 ϐ.
1057 5625 1078 5654 ²
1109 5622 1233 5676 lsai.
1259 5635 1415 5685 xun,
1448 5621 1535 5678 10.

560 5739 639 5811 (ι)
670 5738 829 5795 Forte
862 5739 965 5808 Icg.
1000 5737 1180 5801 αὐτὸς.
1222 5735 1375 5792 Eon.

1636 5622 1657 5653 ³
1684 5619 1805 5678 Isai.
1831 5635 1954 5679 xcv.
1986 5614 2169 5673 1246.
2248 5617 2268 5647 ⁸
2291 5615 2452 5673 Prov.
2496 5635 2611 5677 vm.
2658 5622 2709 5673 8.
