  <div class='ocr_page' id='page_1' title='image "/cluster/home/n/w/nwhite01/storage/ocr_20150623/22/hvd.32044073501140/622.png"; bbox 0 0 4070 6464; ppageno 0'>
   <div class='ocr_carea' id='block_1_1' title="bbox 434 276 574 332">
    <p class='ocr_par' dir='ltr' id='par_1_1' title="bbox 434 276 574 332">
     <span class='ocr_line' id='line_1_1' title="bbox 434 276 574 332; baseline 0.021 -2"><span class='ocrx_word' id='word_1_1' title='bbox 434 276 574 332; x_wconf 70' lang='grc'><strong>1229</strong></span> 
     </span>
    </p>
   </div>
   <div class='ocr_carea' id='block_1_2' title="bbox 1462 282 2656 345">
    <p class='ocr_par' dir='ltr' id='par_1_2' title="bbox 1462 282 2656 345">
     <span class='ocr_line' id='line_1_2' title="bbox 1462 282 2656 345; baseline 0.002 -3"><span class='ocrx_word' id='word_1_2' title='bbox 1462 283 1759 342; x_wconf 53' lang='lat' dir='ltr'><strong>ECLOGA</strong></span> <span class='ocrx_word' id='word_1_3' title='bbox 1800 282 2355 344; x_wconf 61' lang='lat' dir='ltr'><strong>PROPHETIC£.—-</strong></span> <span class='ocrx_word' id='word_1_4' title='bbox 2393 286 2524 344; x_wconf 80' lang='lat' dir='ltr'><strong>LIB.</strong></span> <span class='ocrx_word' id='word_1_5' title='bbox 2567 289 2656 345; x_wconf 80' lang='lat' dir='ltr'><strong>IV.</strong></span> 
     </span>
    </p>
   </div>
   <div class='ocr_carea' id='block_1_3' title="bbox 3544 298 3694 355">
    <p class='ocr_par' dir='ltr' id='par_1_3' title="bbox 3544 298 3694 355">
     <span class='ocr_line' id='line_1_3' title="bbox 3544 298 3694 355; baseline 0.02 -3"><span class='ocrx_word' id='word_1_6' title='bbox 3544 298 3694 355; x_wconf 69' lang='lat'><strong>1250</strong></span> 
     </span>
    </p>
   </div>
   <div class='ocr_carea' id='block_1_4' title="bbox 428 401 1993 485">
    <p class='ocr_par' dir='ltr' id='par_1_4' title="bbox 428 401 1993 480">
     <span class='ocr_line' id='line_1_4' title="bbox 428 401 1993 480; baseline 0.003 -22"><span class='ocrx_word' id='word_1_7' title='bbox 428 404 705 476; x_wconf 67' lang='grc' dir='ltr'>στράγγα)</span> <span class='ocrx_word' id='word_1_8' title='bbox 718 401 890 461; x_wconf 53' lang='lat' dir='ltr'><strong>me;</strong></span> <span class='ocrx_word' id='word_1_9' title='bbox 924 423 940 454; x_wconf 76' lang='grc' dir='ltr'><strong>ι</strong></span> <span class='ocrx_word' id='word_1_10' title='bbox 954 424 1047 457; x_wconf 75' lang='grc' dir='ltr'><strong>--ι</strong></span> <span class='ocrx_word' id='word_1_11' title='bbox 1069 406 1127 459; x_wconf 77' lang='grc' dir='ltr'>Ἀ</span> <span class='ocrx_word' id='word_1_12' title='bbox 1137 423 1371 480; x_wconf 87' lang='grc' dir='ltr'>μαρτιαν</span> <span class='ocrx_word' id='word_1_13' title='bbox 1387 408 1496 480; x_wconf 77' lang='grc' dir='ltr'><strong>γάρ</strong></span> <span class='ocrx_word' id='word_1_14' title='bbox 1515 425 1597 462; x_wconf 87' lang='grc' dir='ltr'><strong>τοι</strong></span> <span class='ocrx_word' id='word_1_15' title='bbox 1611 407 1711 462; x_wconf 79' lang='grc' dir='ltr'><strong>οὐκ</strong></span> <span class='ocrx_word' id='word_1_16' title='bbox 1726 408 1993 478; x_wconf 78' lang='grc' dir='ltr'>ἐποίησεν.</span> 
     </span>
    </p>
   </div>
   <div class='ocr_carea' id='block_1_5' title="bbox 2094 401 3699 485">
    <p class='ocr_par' dir='ltr' id='par_1_5' title="bbox 2105 406 3699 485">
     <span class='ocr_line' id='line_1_5' title="bbox 2105 406 3699 485; baseline 0.008 -23"><span class='ocrx_word' id='word_1_17' title='bbox 2105 406 2226 477; x_wconf 87' lang='lat' dir='ltr'><strong>ejus</strong></span> <span class='ocrx_word' id='word_1_18' title='bbox 2259 418 2298 464; x_wconf 81' lang='grc' dir='ltr'>ι.</span> <span class='ocrx_word' id='word_1_19' title='bbox 2336 428 2356 461; x_wconf 69' lang='grc' dir='ltr'><strong>ι</strong></span> <span class='ocrx_word' id='word_1_20' title='bbox 2390 407 2491 464; x_wconf 81' lang='lat' dir='ltr'><strong>Hic</strong></span> <span class='ocrx_word' id='word_1_21' title='bbox 2514 424 2733 481; x_wconf 86' lang='lat' dir='ltr'><strong>quoque</strong></span> <span class='ocrx_word' id='word_1_22' title='bbox 2774 411 3052 468; x_wconf 85' lang='lat' dir='ltr'><strong>civitatem</strong></span> <span class='ocrx_word' id='word_1_23' title='bbox 3080 414 3370 471; x_wconf 66' lang='lat' dir='ltr'><strong>adiﬁcavit</strong></span> <span class='ocrx_word' id='word_1_24' title='bbox 3398 416 3489 470; x_wconf 77' lang='lat' dir='ltr'><strong>Dei</strong></span> <span class='ocrx_word' id='word_1_25' title='bbox 3513 459 3530 485; x_wconf 89' lang='lat'><strong>,</strong></span> <span class='ocrx_word' id='word_1_26' title='bbox 3566 433 3699 474; x_wconf 83' lang='lat' dir='ltr'><strong>san-</strong></span> 
     </span>
    </p>
   </div>
   <div class='ocr_carea' id='block_1_6' title="bbox 424 496 2005 571">
    <p class='ocr_par' dir='ltr' id='par_1_6' title="bbox 424 496 2005 571">
     <span class='ocr_line' id='line_1_6' title="bbox 424 496 2005 571; baseline 0.003 -22"><span class='ocrx_word' id='word_1_27' title='bbox 424 496 549 551; x_wconf 60' lang='lat' dir='ltr'><strong>osse</strong></span> <span class='ocrx_word' id='word_1_28' title='bbox 569 496 766 570; x_wconf 81' lang='grc' dir='ltr'>εὑρέθη</span> <span class='ocrx_word' id='word_1_29' title='bbox 790 497 939 563; x_wconf 86' lang='grc' dir='ltr'>δόλος</span> <span class='ocrx_word' id='word_1_30' title='bbox 965 500 1023 553; x_wconf 85' lang='grc' dir='ltr'><strong>ὲν</strong></span> <span class='ocrx_word' id='word_1_31' title='bbox 1044 499 1122 570; x_wconf 80' lang='grc' dir='ltr'>τῷ</span> <span class='ocrx_word' id='word_1_32' title='bbox 1138 500 1368 571; x_wconf 89' lang='grc' dir='ltr'>στόματι</span> <span class='ocrx_word' id='word_1_33' title='bbox 1390 500 1578 554; x_wconf 82' lang='grc' dir='ltr'>αὐτοῦ.</span> <span class='ocrx_word' id='word_1_34' title='bbox 1607 496 1802 565; x_wconf 76' lang='grc' dir='ltr'>»Οὗτος</span> <span class='ocrx_word' id='word_1_35' title='bbox 1829 501 1886 555; x_wconf 79' lang='grc' dir='ltr'>δὲ</span> <span class='ocrx_word' id='word_1_36' title='bbox 1910 500 2005 554; x_wconf 62' lang='grc' dir='ltr'><strong>καλ⁸</strong></span> 
     </span>
    </p>
   </div>
   <div class='ocr_carea' id='block_1_7' title="bbox 422 588 2005 665">
    <p class='ocr_par' dir='ltr' id='par_1_7' title="bbox 422 588 2005 665">
     <span class='ocr_line' id='line_1_7' title="bbox 422 588 2005 665; baseline 0.001 -23"><span class='ocrx_word' id='word_1_37' title='bbox 422 589 526 661; x_wconf 78' lang='grc' dir='ltr'>τὴν</span> <span class='ocrx_word' id='word_1_38' title='bbox 562 588 715 643; x_wconf 89' lang='grc' dir='ltr'>πόλιν</span> <span class='ocrx_word' id='word_1_39' title='bbox 734 590 1049 662; x_wconf 78' lang='grc' dir='ltr'><strong>ᾠκοδόμησε</strong></span> <span class='ocrx_word' id='word_1_40' title='bbox 1071 590 1163 646; x_wconf 78' lang='grc' dir='ltr'><strong>τοῦ</strong></span> <span class='ocrx_word' id='word_1_41' title='bbox 1200 592 1356 656; x_wconf 82' lang='grc' dir='ltr'><strong>Θεοῦ,</strong></span> <span class='ocrx_word' id='word_1_42' title='bbox 1387 594 1489 665; x_wconf 75' lang='grc' dir='ltr'>τήν</span> <span class='ocrx_word' id='word_1_43' title='bbox 1507 611 1566 647; x_wconf 88' lang='grc' dir='ltr'><strong>τε</strong></span> <span class='ocrx_word' id='word_1_44' title='bbox 1589 596 1680 647; x_wconf 73' lang='grc' dir='ltr'>ἐπὶ</span> <span class='ocrx_word' id='word_1_45' title='bbox 1718 593 1824 663; x_wconf 79' lang='grc' dir='ltr'>γῆς</span> <span class='ocrx_word' id='word_1_46' title='bbox 1844 592 2005 657; x_wconf 88' lang='grc' dir='ltr'>ἀγίαν</span> 
     </span>
    </p>
   </div>
   <div class='ocr_carea' id='block_1_8' title="bbox 437 680 2002 767">
    <p class='ocr_par' dir='ltr' id='par_1_8' title="bbox 437 680 2002 767">
     <span class='ocr_line' id='line_1_8' title="bbox 437 680 2002 767; baseline 0.003 -33"><span class='ocrx_word' id='word_1_47' title='bbox 437 680 766 767; x_wconf 57' lang='grc' dir='ltr'>Ἐκκλησίαν</span> <span class='ocrx_word' id='word_1_48' title='bbox 797 682 962 736; x_wconf 79' lang='grc' dir='ltr'>αὐτοῦ</span> <span class='ocrx_word' id='word_1_49' title='bbox 996 683 1091 737; x_wconf 73' lang='grc' dir='ltr'><strong>καὶ</strong></span> <span class='ocrx_word' id='word_1_50' title='bbox 1122 683 1220 755; x_wconf 79' lang='grc' dir='ltr'><strong>τὴν</strong></span> <span class='ocrx_word' id='word_1_51' title='bbox 1248 685 1572 757; x_wconf 77' lang='grc' dir='ltr'><strong>ἐπουράνιον</strong></span> <span class='ocrx_word' id='word_1_52' title='bbox 1615 684 2002 758; x_wconf 81' lang='grc' dir='ltr'>Ἰερουσαλήμ·</span> 
     </span>
    </p>
   </div>
   <div class='ocr_carea' id='block_1_9' title="bbox 428 774 2005 848">
    <p class='ocr_par' dir='ltr' id='par_1_9' title="bbox 428 774 2005 848">
     <span class='ocr_line' id='line_1_9' title="bbox 428 774 2005 848; baseline 0.003 -21"><span class='ocrx_word' id='word_1_53' title='bbox 428 774 764 845; x_wconf 69' lang='grc' dir='ltr'>ἐπιστρέψας</span> <span class='ocrx_word' id='word_1_54' title='bbox 807 774 907 845; x_wconf 83' lang='grc' dir='ltr'><strong>τὴν</strong></span> <span class='ocrx_word' id='word_1_55' title='bbox 949 776 1325 847; x_wconf 76' lang='grc' dir='ltr'><strong>αἰχμαλωσίαν</strong></span> <span class='ocrx_word' id='word_1_56' title='bbox 1364 778 1460 831; x_wconf 89' lang='grc' dir='ltr'><strong>τοῦ</strong></span> <span class='ocrx_word' id='word_1_57' title='bbox 1510 776 1639 831; x_wconf 87' lang='grc' dir='ltr'>λαοῦ</span> <span class='ocrx_word' id='word_1_58' title='bbox 1686 776 1875 842; x_wconf 81' lang='grc' dir='ltr'>αὐτοῦ,</span> <span class='ocrx_word' id='word_1_59' title='bbox 1905 777 2005 848; x_wconf 79' lang='grc' dir='ltr'><strong>τὴν</strong></span> 
     </span>
    </p>
   </div>
   <div class='ocr_carea' id='block_1_10' title="bbox 428 868 2006 942">
    <p class='ocr_par' dir='ltr' id='par_1_10' title="bbox 428 868 2006 942">
     <span class='ocr_line' id='line_1_10' title="bbox 428 868 2006 942; baseline 0.002 -22"><span class='ocrx_word' id='word_1_60' title='bbox 428 870 726 939; x_wconf 76' lang='grc' dir='ltr'>γενομένην</span> <span class='ocrx_word' id='word_1_61' title='bbox 767 869 900 922; x_wconf 80' lang='grc' dir='ltr'>ποτὲ</span> <span class='ocrx_word' id='word_1_62' title='bbox 928 870 1032 923; x_wconf 81' lang='grc' dir='ltr'><strong>ὑπὸ</strong></span> <span class='ocrx_word' id='word_1_63' title='bbox 1058 868 1148 923; x_wconf 86' lang='grc' dir='ltr'><strong>τὸν</strong></span> <span class='ocrx_word' id='word_1_64' title='bbox 1183 870 1373 941; x_wconf 87' lang='grc' dir='ltr'>νοητὸν</span> <span class='ocrx_word' id='word_1_65' title='bbox 1396 869 1884 942; x_wconf 80' lang='grc' dir='ltr'>Ναϐουχοδονόσορ,</span> <span class='ocrx_word' id='word_1_66' title='bbox 1911 870 2006 924; x_wconf 77' lang='grc' dir='ltr'>καὶ</span> 
     </span>
    </p>
   </div>
   <div class='ocr_carea' id='block_1_11' title="bbox 426 961 2007 1034">
    <p class='ocr_par' dir='ltr' id='par_1_11' title="bbox 426 961 2007 1034">
     <span class='ocr_line' id='line_1_11' title="bbox 426 961 2007 1034; baseline 0.001 -21"><span class='ocrx_word' id='word_1_67' title='bbox 426 961 528 1025; x_wconf 74' lang='grc' dir='ltr'><strong>τὰς</strong></span> <span class='ocrx_word' id='word_1_68' title='bbox 561 961 655 1014; x_wconf 78' lang='grc' dir='ltr'>ὑπ’</span> <span class='ocrx_word' id='word_1_69' title='bbox 682 961 845 1015; x_wconf 80' lang='grc' dir='ltr'>αὐτὸν</span> <span class='ocrx_word' id='word_1_70' title='bbox 886 961 1143 1032; x_wconf 82' lang='grc' dir='ltr'>δυνάμεις</span> <span class='ocrx_word' id='word_1_71' title='bbox 1178 963 1421 1033; x_wconf 82' lang='grc' dir='ltr'>πονηράς</span> <span class='ocrx_word' id='word_1_72' title='bbox 1445 980 1459 993; x_wconf 79' lang='grc'><em>’</em></span> <span class='ocrx_word' id='word_1_73' title='bbox 1505 964 1600 1017; x_wconf 77' lang='grc' dir='ltr'><strong>καὶ</strong></span> <span class='ocrx_word' id='word_1_74' title='bbox 1637 962 1702 1034; x_wconf 86' lang='grc' dir='ltr'>δὴ</span> <span class='ocrx_word' id='word_1_75' title='bbox 1738 961 1838 1033; x_wconf 84' lang='grc' dir='ltr'><strong>τὴν</strong></span> <span class='ocrx_word' id='word_1_76' title='bbox 1871 978 2007 1034; x_wconf 85' lang='grc' dir='ltr'>προ-</span> 
     </span>
    </p>
   </div>
   <div class='ocr_carea' id='block_1_12' title="bbox 426 1052 2006 1128">
    <p class='ocr_par' dir='ltr' id='par_1_12' title="bbox 426 1052 2006 1128">
     <span class='ocr_line' id='line_1_12' title="bbox 426 1052 2006 1128; baseline 0.001 -23"><span class='ocrx_word' id='word_1_77' title='bbox 426 1052 725 1126; x_wconf 76' lang='grc' dir='ltr'>ειρημένην</span> <span class='ocrx_word' id='word_1_78' title='bbox 760 1054 1133 1125; x_wconf 80' lang='grc' dir='ltr'>αἰχμαλωσίαν</span> <span class='ocrx_word' id='word_1_79' title='bbox 1167 1054 1525 1127; x_wconf 68' lang='grc' dir='ltr'><strong>ὑπέστρεψεν,</strong></span> <span class='ocrx_word' id='word_1_80' title='bbox 1562 1055 1623 1108; x_wconf 83' lang='grc' dir='ltr'>οὐ</span> <span class='ocrx_word' id='word_1_81' title='bbox 1667 1055 1838 1128; x_wconf 86' lang='grc' dir='ltr'>λύτρα</span> <span class='ocrx_word' id='word_1_82' title='bbox 1881 1055 2006 1118; x_wconf 84' lang='grc' dir='ltr'>δοὺς</span> 
     </span>
    </p>
   </div>
   <div class='ocr_carea' id='block_1_13' title="bbox 424 1143 2002 1218">
    <p class='ocr_par' dir='ltr' id='par_1_13' title="bbox 424 1143 2002 1218">
     <span class='ocr_line' id='line_1_13' title="bbox 424 1143 2002 1218; baseline 0 -21"><span class='ocrx_word' id='word_1_83' title='bbox 424 1146 539 1208; x_wconf 80' lang='grc' dir='ltr'>τοῖς</span> <span class='ocrx_word' id='word_1_84' title='bbox 565 1145 1088 1216; x_wconf 85' lang='grc' dir='ltr'>αῐχμαλωτεύσασιν,</span> <span class='ocrx_word' id='word_1_85' title='bbox 1124 1145 1245 1199; x_wconf 82' lang='grc' dir='ltr'><strong>ούδέ</strong></span> <span class='ocrx_word' id='word_1_86' title='bbox 1278 1144 1383 1217; x_wconf 77' lang='grc' dir='ltr'>μὴν</span> <span class='ocrx_word' id='word_1_87' title='bbox 1415 1143 1609 1218; x_wconf 81' lang='grc' dir='ltr'><strong>δώροις</strong></span> <span class='ocrx_word' id='word_1_88' title='bbox 1639 1146 1836 1210; x_wconf 81' lang='grc' dir='ltr'>αὐτοὺς</span> <span class='ocrx_word' id='word_1_89' title='bbox 1882 1144 2002 1199; x_wconf 84' lang='grc' dir='ltr'>πεί-</span> 
     </span>
    </p>
   </div>
   <div class='ocr_carea' id='block_1_14' title="bbox 425 1234 2002 1308">
    <p class='ocr_par' dir='ltr' id='par_1_14' title="bbox 425 1234 2002 1308">
     <span class='ocr_line' id='line_1_14' title="bbox 425 1234 2002 1308; baseline 0.001 -19"><span class='ocrx_word' id='word_1_90' title='bbox 425 1254 545 1301; x_wconf 84' lang='grc' dir='ltr'>σας,</span> <span class='ocrx_word' id='word_1_91' title='bbox 572 1235 907 1308; x_wconf 78' lang='grc' dir='ltr'>στρατεύσας</span> <span class='ocrx_word' id='word_1_92' title='bbox 937 1236 995 1292; x_wconf 81' lang='grc' dir='ltr'><strong>δὲ</strong></span> <span class='ocrx_word' id='word_1_93' title='bbox 1020 1238 1138 1290; x_wconf 80' lang='grc' dir='ltr'>κατ’</span> <span class='ocrx_word' id='word_1_94' title='bbox 1161 1237 1341 1290; x_wconf 77' lang='grc' dir='ltr'>αὐτῶν</span> <span class='ocrx_word' id='word_1_95' title='bbox 1368 1237 1460 1290; x_wconf 78' lang='grc' dir='ltr'><strong>καὶ</strong></span> <span class='ocrx_word' id='word_1_96' title='bbox 1484 1235 1551 1290; x_wconf 82' lang='grc' dir='ltr'>δι’</span> <span class='ocrx_word' id='word_1_97' title='bbox 1572 1234 1782 1305; x_wconf 88' lang='grc' dir='ltr'>ἀγῶνος</span> <span class='ocrx_word' id='word_1_98' title='bbox 1803 1235 2002 1297; x_wconf 81' lang='grc' dir='ltr'>αὐτοὺς</span> 
     </span>
    </p>
   </div>
   <div class='ocr_carea' id='block_1_15' title="bbox 422 1329 2003 1404">
    <p class='ocr_par' dir='ltr' id='par_1_15' title="bbox 422 1329 2003 1404">
     <span class='ocr_line' id='line_1_15' title="bbox 422 1329 2003 1404; baseline -0.011 -4"><span class='ocrx_word' id='word_1_99' title='bbox 422 1331 847 1404; x_wconf 70' lang='grc' dir='ltr'><strong>χειρωσάμενος,</strong></span> <span class='ocrx_word' id='word_1_100' title='bbox 884 1330 1025 1384; x_wconf 77' lang='grc' dir='ltr'>ὥστε</span> <span class='ocrx_word' id='word_1_101' title='bbox 1067 1332 1161 1384; x_wconf 74' lang='grc' dir='ltr'>ἐπὶ</span> <span class='ocrx_word' id='word_1_102' title='bbox 1206 1330 1284 1402; x_wconf 81' lang='grc' dir='ltr'>τῷ</span> <span class='ocrx_word' id='word_1_103' title='bbox 1321 1329 1704 1401; x_wconf 83' lang='grc' dir='ltr'>κατορθώματι</span> <span class='ocrx_word' id='word_1_104' title='bbox 1750 1330 2003 1403; x_wconf 81' lang='grc' dir='ltr'>λαμπρυ-</span> 
     </span>
    </p>
   </div>
   <div class='ocr_carea' id='block_1_16' title="bbox 421 1419 2003 1492">
    <p class='ocr_par' dir='ltr' id='par_1_16' title="bbox 421 1419 2003 1492">
     <span class='ocr_line' id='line_1_16' title="bbox 421 1419 2003 1492; baseline 0.001 -20"><span class='ocrx_word' id='word_1_105' title='bbox 421 1419 652 1491; x_wconf 84' lang='grc' dir='ltr'>νάμενον</span> <span class='ocrx_word' id='word_1_106' title='bbox 686 1420 852 1488; x_wconf 81' lang='grc' dir='ltr'>φάναι</span> <span class='ocrx_word' id='word_1_107' title='bbox 871 1435 884 1448; x_wconf 82' lang='lat'><strong><em>°</em></strong></span> <span class='ocrx_word' id='word_1_108' title='bbox 922 1438 941 1471; x_wconf 80' lang='grc' dir='ltr'><strong>ι</strong></span> <span class='ocrx_word' id='word_1_109' title='bbox 976 1421 1118 1488; x_wconf 84' lang='grc' dir='ltr'>Ἐγὼ</span> <span class='ocrx_word' id='word_1_110' title='bbox 1140 1419 1400 1492; x_wconf 78' lang='grc' dir='ltr'>νενίκηκα</span> <span class='ocrx_word' id='word_1_111' title='bbox 1429 1421 1522 1474; x_wconf 88' lang='grc' dir='ltr'><strong>τὸν</strong></span> <span class='ocrx_word' id='word_1_112' title='bbox 1549 1420 1773 1486; x_wconf 87' lang='grc' dir='ltr'>κόσμον.</span> <span class='ocrx_word' id='word_1_113' title='bbox 1806 1440 1825 1473; x_wconf 68' lang='grc' dir='ltr'><strong>ι</strong></span> <span class='ocrx_word' id='word_1_114' title='bbox 1854 1422 2003 1491; x_wconf 88' lang='grc' dir='ltr'>Μαρ-</span> 
     </span>
    </p>
   </div>
   <div class='ocr_carea' id='block_1_17' title="bbox 419 1509 2003 1583">
    <p class='ocr_par' dir='ltr' id='par_1_17' title="bbox 419 1509 2003 1583">
     <span class='ocr_line' id='line_1_17' title="bbox 419 1509 2003 1583; baseline 0.001 -20"><span class='ocrx_word' id='word_1_115' title='bbox 419 1513 578 1581; x_wconf 83' lang='grc' dir='ltr'>τυρεῖ</span> <span class='ocrx_word' id='word_1_116' title='bbox 609 1510 671 1579; x_wconf 79' lang='grc' dir='ltr'><strong>(Ῑ.</strong></span> <span class='ocrx_word' id='word_1_117' title='bbox 705 1511 794 1583; x_wconf 82' lang='lat'><strong>5&#39;5)</strong></span> <span class='ocrx_word' id='word_1_118' title='bbox 826 1509 1035 1574; x_wconf 82' lang='grc' dir='ltr'>τούτοις</span> <span class='ocrx_word' id='word_1_119' title='bbox 1065 1510 1135 1564; x_wconf 79' lang='grc' dir='ltr'>τὰ</span> <span class='ocrx_word' id='word_1_120' title='bbox 1163 1510 1343 1582; x_wconf 77' lang='grc' dir='ltr'>πλήθη</span> <span class='ocrx_word' id='word_1_121' title='bbox 1376 1510 1482 1564; x_wconf 88' lang='grc' dir='ltr'><strong>τῶν</strong></span> <span class='ocrx_word' id='word_1_122' title='bbox 1526 1511 1635 1565; x_wconf 87' lang='grc' dir='ltr'><strong>ἀπὸ</strong></span> <span class='ocrx_word' id='word_1_123' title='bbox 1675 1511 1775 1583; x_wconf 83' lang='grc' dir='ltr'><strong>τῆς</strong></span> <span class='ocrx_word' id='word_1_124' title='bbox 1808 1511 2003 1583; x_wconf 85' lang='grc' dir='ltr'>προτέ-</span> 
     </span>
    </p>
   </div>
   <div class='ocr_carea' id='block_1_18' title="bbox 425 1600 1998 1674">
    <p class='ocr_par' dir='ltr' id='par_1_18' title="bbox 425 1600 1998 1674">
     <span class='ocr_line' id='line_1_18' title="bbox 425 1600 1998 1674; baseline 0.002 -21"><span class='ocrx_word' id='word_1_125' title='bbox 425 1618 524 1671; x_wconf 80' lang='grc' dir='ltr'><strong>ρας</strong></span> <span class='ocrx_word' id='word_1_126' title='bbox 553 1601 760 1672; x_wconf 83' lang='grc' dir='ltr'>πλάνης</span> <span class='ocrx_word' id='word_1_127' title='bbox 790 1600 882 1654; x_wconf 73' lang='grc' dir='ltr'><strong>ἐπὶ</strong></span> <span class='ocrx_word' id='word_1_128' title='bbox 906 1601 967 1655; x_wconf 88' lang='grc' dir='ltr'><strong>τὸ</strong></span> <span class='ocrx_word' id='word_1_129' title='bbox 992 1600 1278 1670; x_wconf 79' lang='grc' dir='ltr'>γινώσκειν</span> <span class='ocrx_word' id='word_1_130' title='bbox 1309 1602 1400 1655; x_wconf 85' lang='grc' dir='ltr'><strong>τὸν</strong></span> <span class='ocrx_word' id='word_1_131' title='bbox 1433 1602 1609 1674; x_wconf 87' lang='grc' dir='ltr'>ἀληθῆ</span> <span class='ocrx_word' id='word_1_132' title='bbox 1638 1602 1770 1656; x_wconf 92' lang='grc' dir='ltr'>Θεὸν</span> <span class='ocrx_word' id='word_1_133' title='bbox 1799 1603 1865 1656; x_wconf 89' lang='grc' dir='ltr'>δι’</span> <span class='ocrx_word' id='word_1_134' title='bbox 1899 1603 1998 1656; x_wconf 84' lang='grc' dir='ltr'>αύ-</span> 
     </span>
    </p>
   </div>
   <div class='ocr_carea' id='block_1_19' title="bbox 419 1687 1997 1766">
    <p class='ocr_par' dir='ltr' id='par_1_19' title="bbox 419 1687 1997 1766">
     <span class='ocr_line' id='line_1_19' title="bbox 419 1687 1997 1766; baseline 0.004 -26"><span class='ocrx_word' id='word_1_135' title='bbox 419 1687 516 1741; x_wconf 88' lang='grc' dir='ltr'><strong>τοῦ</strong></span> <span class='ocrx_word' id='word_1_136' title='bbox 549 1689 1096 1763; x_wconf 76' lang='grc' dir='ltr'>παλινδρομησάντων</span> <span class='ocrx_word' id='word_1_137' title='bbox 1115 1708 1128 1721; x_wconf 69' lang='grc'><strong><em>⁸</em></strong></span> <span class='ocrx_word' id='word_1_138' title='bbox 1145 1691 1179 1761; x_wconf 86' lang='grc' dir='ltr'><strong>ἥ</strong></span> <span class='ocrx_word' id='word_1_139' title='bbox 1202 1691 1510 1762; x_wconf 82' lang='grc' dir='ltr'>λεγέτωσαν</span> <span class='ocrx_word' id='word_1_140' title='bbox 1534 1694 1584 1746; x_wconf 90' lang='grc' dir='ltr'>οἱ</span> <span class='ocrx_word' id='word_1_141' title='bbox 1603 1694 1666 1746; x_wconf 88' lang='grc' dir='ltr'><strong>ἐκ</strong></span> <span class='ocrx_word' id='word_1_142' title='bbox 1690 1692 1997 1766; x_wconf 78' lang='grc' dir='ltr'>περιτομῆς</span> 
     </span>
    </p>
   </div>
   <div class='ocr_carea' id='block_1_20' title="bbox 423 1769 2075 1861">
    <p class='ocr_par' dir='ltr' id='par_1_20' title="bbox 423 1769 2075 1861">
     <span class='ocr_line' id='line_1_20' title="bbox 423 1769 2075 1861; baseline 0.004 -26"><span class='ocrx_word' id='word_1_143' title='bbox 423 1783 516 1836; x_wconf 78' lang='grc' dir='ltr'>ἐπὶ</span> <span class='ocrx_word' id='word_1_144' title='bbox 548 1782 668 1839; x_wconf 86' lang='grc' dir='ltr'>τίνα</span> <span class='ocrx_word' id='word_1_145' title='bbox 687 1784 732 1837; x_wconf 81' lang='grc' dir='ltr'>δ’</span> <span class='ocrx_word' id='word_1_146' title='bbox 753 1785 820 1839; x_wconf 82' lang='grc' dir='ltr'>ἂν</span> <span class='ocrx_word' id='word_1_147' title='bbox 867 1786 1159 1856; x_wconf 80' lang='grc' dir='ltr'>ἀρμόζοιεν</span> <span class='ocrx_word' id='word_1_148' title='bbox 1185 1787 1255 1841; x_wconf 81' lang='grc' dir='ltr'>τὰ</span> <span class='ocrx_word' id='word_1_149' title='bbox 1288 1788 1385 1859; x_wconf 85' lang='grc' dir='ltr'>τῆς</span> <span class='ocrx_word' id='word_1_150' title='bbox 1416 1788 1555 1861; x_wconf 87' lang='grc' dir='ltr'><strong>μετά</strong></span> <span class='ocrx_word' id='word_1_151' title='bbox 1578 1791 1766 1861; x_wconf 84' lang='grc' dir='ltr'>χεῖρας</span> <span class='ocrx_word' id='word_1_152' title='bbox 1789 1806 2001 1861; x_wconf 76' lang='grc' dir='ltr'>προφη-</span> <span class='ocrx_word' id='word_1_153' title='bbox 2035 1769 2075 1825; x_wconf 76' lang='grc' dir='ltr'><strong><em>Β</em></strong></span> 
     </span>
    </p>
   </div>
   <div class='ocr_carea' id='block_1_21' title="bbox 418 1876 1995 1954">
    <p class='ocr_par' dir='ltr' id='par_1_21' title="bbox 418 1876 1995 1954">
     <span class='ocr_line' id='line_1_21' title="bbox 418 1876 1995 1954; baseline 0.004 -25"><span class='ocrx_word' id='word_1_154' title='bbox 418 1876 570 1940; x_wconf 77' lang='grc' dir='ltr'>τείας</span> <span class='ocrx_word' id='word_1_155' title='bbox 605 1876 791 1945; x_wconf 69' lang='grc' dir='ltr'>σαφῶς</span> <span class='ocrx_word' id='word_1_156' title='bbox 822 1877 954 1932; x_wconf 86' lang='grc' dir='ltr'>Θεὸν</span> <span class='ocrx_word' id='word_1_157' title='bbox 978 1879 1345 1953; x_wconf 76' lang='grc' dir='ltr'>ὁμολογούσης</span> <span class='ocrx_word' id='word_1_158' title='bbox 1372 1880 1464 1935; x_wconf 88' lang='grc' dir='ltr'><strong>τὸν</strong></span> <span class='ocrx_word' id='word_1_159' title='bbox 1493 1883 1995 1954; x_wconf 78' lang='grc' dir='ltr'>προφητευόμενον·</span> 
     </span>
    </p>
   </div>
   <div class='ocr_carea' id='block_1_22' title="bbox 426 1969 1999 2042">
    <p class='ocr_par' dir='ltr' id='par_1_22' title="bbox 426 1969 1999 2042">
     <span class='ocr_line' id='line_1_22' title="bbox 426 1969 1999 2042; baseline 0.004 -23"><span class='ocrx_word' id='word_1_160' title='bbox 426 1987 444 2019; x_wconf 76' lang='grc' dir='ltr'><strong>ι</strong></span> <span class='ocrx_word' id='word_1_161' title='bbox 477 1970 540 2024; x_wconf 76' lang='lat' dir='ltr'><strong>Oi</strong></span> <span class='ocrx_word' id='word_1_162' title='bbox 562 1969 621 2023; x_wconf 81' lang='grc' dir='ltr'>δὲ</span> <span class='ocrx_word' id='word_1_163' title='bbox 645 1969 808 2038; x_wconf 77' lang='grc' dir='ltr'>γὰρ,ι</span> <span class='ocrx_word' id='word_1_164' title='bbox 836 1971 990 2042; x_wconf 77' lang='grc' dir='ltr'>φησὶ,</span> <span class='ocrx_word' id='word_1_165' title='bbox 1028 1990 1046 2022; x_wconf 85' lang='grc' dir='ltr'><strong>ι</strong></span> <span class='ocrx_word' id='word_1_166' title='bbox 1079 1972 1174 2025; x_wconf 74' lang='grc' dir='ltr'><strong>καὶ</strong></span> <span class='ocrx_word' id='word_1_167' title='bbox 1196 1972 1304 2027; x_wconf 81' lang='grc' dir='ltr'>οἵδε</span> <span class='ocrx_word' id='word_1_168' title='bbox 1332 1972 1416 2026; x_wconf 72' lang='grc' dir='ltr'><strong>σοὶ</strong></span> <span class='ocrx_word' id='word_1_169' title='bbox 1435 1973 1648 2027; x_wconf 75' lang='grc' dir='ltr'>ἔσονται</span> <span class='ocrx_word' id='word_1_170' title='bbox 1677 1974 1874 2037; x_wconf 90' lang='grc' dir='ltr'>δοῦλοι,</span> <span class='ocrx_word' id='word_1_171' title='bbox 1904 1974 1999 2028; x_wconf 74' lang='grc' dir='ltr'><strong>καὶ</strong></span> 
     </span>
    </p>
   </div>
   <div class='ocr_carea' id='block_1_23' title="bbox 416 2061 1995 2138">
    <p class='ocr_par' dir='ltr' id='par_1_23' title="bbox 416 2061 1995 2138">
     <span class='ocr_line' id='line_1_23' title="bbox 416 2061 1995 2138; baseline 0.003 -24"><span class='ocrx_word' id='word_1_172' title='bbox 416 2061 592 2116; x_wconf 82' lang='grc' dir='ltr'>ὀπίσω</span> <span class='ocrx_word' id='word_1_173' title='bbox 647 2079 739 2117; x_wconf 85' lang='grc' dir='ltr'><strong>σου</strong></span> <span class='ocrx_word' id='word_1_174' title='bbox 791 2063 1235 2134; x_wconf 77' lang='grc' dir='ltr'>ἀκολουθήσουσι,</span> <span class='ocrx_word' id='word_1_175' title='bbox 1267 2067 1361 2120; x_wconf 78' lang='grc' dir='ltr'>καὶ</span> <span class='ocrx_word' id='word_1_176' title='bbox 1404 2067 1842 2138; x_wconf 78' lang='grc' dir='ltr'>προσκυνήσουσί</span> <span class='ocrx_word' id='word_1_177' title='bbox 1891 2085 1995 2129; x_wconf 85' lang='grc' dir='ltr'>σοι,</span> 
     </span>
    </p>
   </div>
   <div class='ocr_carea' id='block_1_24' title="bbox 419 2155 1999 2227">
    <p class='ocr_par' dir='ltr' id='par_1_24' title="bbox 419 2155 1999 2227">
     <span class='ocr_line' id='line_1_24' title="bbox 419 2155 1999 2227; baseline 0.003 -19"><span class='ocrx_word' id='word_1_178' title='bbox 419 2156 514 2208; x_wconf 76' lang='grc' dir='ltr'><strong>καὶ</strong></span> <span class='ocrx_word' id='word_1_179' title='bbox 557 2156 613 2208; x_wconf 74' lang='grc' dir='ltr'><strong>ἐν</strong></span> <span class='ocrx_word' id='word_1_180' title='bbox 641 2155 722 2209; x_wconf 79' lang='grc' dir='ltr'><strong>σοὶ</strong></span> <span class='ocrx_word' id='word_1_181' title='bbox 757 2156 1165 2227; x_wconf 79' lang='grc' dir='ltr'>προσεύξονται,</span> <span class='ocrx_word' id='word_1_182' title='bbox 1194 2159 1276 2212; x_wconf 84' lang='grc' dir='ltr'>ὃτι</span> <span class='ocrx_word' id='word_1_183' title='bbox 1304 2159 1363 2212; x_wconf 78' lang='grc' dir='ltr'><strong>ἐν</strong></span> <span class='ocrx_word' id='word_1_184' title='bbox 1388 2159 1474 2213; x_wconf 74' lang='grc' dir='ltr'><strong>σοὶ</strong></span> <span class='ocrx_word' id='word_1_185' title='bbox 1513 2160 1543 2213; x_wconf 98' lang='lat'><strong>6</strong></span> <span class='ocrx_word' id='word_1_186' title='bbox 1573 2158 1708 2223; x_wconf 89' lang='grc' dir='ltr'>Θεός</span> <span class='ocrx_word' id='word_1_187' title='bbox 1738 2161 1876 2220; x_wconf 87' lang='grc' dir='ltr'>ἐστι,</span> <span class='ocrx_word' id='word_1_188' title='bbox 1904 2160 1999 2213; x_wconf 72' lang='grc' dir='ltr'><strong>καὶ</strong></span> 
     </span>
    </p>
   </div>
   <div class='ocr_carea' id='block_1_25' title="bbox 414 2244 1998 2321">
    <p class='ocr_par' dir='ltr' id='par_1_25' title="bbox 414 2244 1998 2321">
     <span class='ocr_line' id='line_1_25' title="bbox 414 2244 1998 2321; baseline 0.001 -20"><span class='ocrx_word' id='word_1_189' title='bbox 414 2247 516 2301; x_wconf 79' lang='grc' dir='ltr'><strong>οὐκ</strong></span> <span class='ocrx_word' id='word_1_190' title='bbox 544 2245 690 2301; x_wconf 80' lang='grc' dir='ltr'>ἔστιν</span> <span class='ocrx_word' id='word_1_191' title='bbox 718 2247 873 2312; x_wconf 81' lang='grc' dir='ltr'>ἄλλος</span> <span class='ocrx_word' id='word_1_192' title='bbox 906 2249 1045 2319; x_wconf 81' lang='grc' dir='ltr'>πλὴν</span> <span class='ocrx_word' id='word_1_193' title='bbox 1086 2248 1181 2303; x_wconf 88' lang='grc' dir='ltr'><strong>σοῦ</strong></span> <span class='ocrx_word' id='word_1_194' title='bbox 1205 2267 1220 2282; x_wconf 74' lang='grc' dir='ltr'><strong>ο</strong></span> <span class='ocrx_word' id='word_1_195' title='bbox 1260 2249 1324 2303; x_wconf 84' lang='grc' dir='ltr'><strong>σὺ</strong></span> <span class='ocrx_word' id='word_1_196' title='bbox 1356 2249 1465 2321; x_wconf 80' lang='grc' dir='ltr'><strong>γὰρ</strong></span> <span class='ocrx_word' id='word_1_197' title='bbox 1500 2244 1551 2302; x_wconf 83' lang='grc' dir='ltr'>εἷ</span> <span class='ocrx_word' id='word_1_198' title='bbox 1578 2248 1730 2313; x_wconf 84' lang='grc' dir='ltr'>Θεὸς,</span> <span class='ocrx_word' id='word_1_199' title='bbox 1763 2249 1858 2304; x_wconf 72' lang='grc' dir='ltr'>καὶ</span> <span class='ocrx_word' id='word_1_200' title='bbox 1895 2250 1998 2302; x_wconf 80' lang='grc' dir='ltr'><strong>οὐκ</strong></span> 
     </span>
    </p>
   </div>
   <div class='ocr_carea' id='block_1_26' title="bbox 412 2338 1997 2414">
    <p class='ocr_par' dir='ltr' id='par_1_26' title="bbox 412 2338 1997 2414">
     <span class='ocr_line' id='line_1_26' title="bbox 412 2338 1997 2414; baseline -0.001 -19"><span class='ocrx_word' id='word_1_201' title='bbox 412 2340 656 2412; x_wconf 67' lang='grc' dir='ltr'>ᾔδειμεν,</span> <span class='ocrx_word' id='word_1_202' title='bbox 685 2338 818 2404; x_wconf 86' lang='grc' dir='ltr'>Θεὸς</span> <span class='ocrx_word' id='word_1_203' title='bbox 849 2341 942 2395; x_wconf 85' lang='grc' dir='ltr'><strong>τοῦ</strong></span> <span class='ocrx_word' id='word_1_204' title='bbox 981 2341 1197 2414; x_wconf 81' lang='grc' dir='ltr'>Ἰσραὴλ</span> <span class='ocrx_word' id='word_1_205' title='bbox 1226 2342 1441 2413; x_wconf 80' lang='grc' dir='ltr'>Σωτήρ.</span> <span class='ocrx_word' id='word_1_206' title='bbox 1486 2360 1505 2394; x_wconf 73' lang='grc' dir='ltr'><strong>ι</strong></span> <span class='ocrx_word' id='word_1_207' title='bbox 1545 2341 1741 2411; x_wconf 79' lang='grc' dir='ltr'>Σαφῶς</span> <span class='ocrx_word' id='word_1_208' title='bbox 1776 2341 1885 2413; x_wconf 83' lang='grc' dir='ltr'><strong>γάρ</strong></span> <span class='ocrx_word' id='word_1_209' title='bbox 1914 2359 1997 2395; x_wconf 90' lang='grc' dir='ltr'><strong>τοι</strong></span> 
     </span>
    </p>
   </div>
   <div class='ocr_carea' id='block_1_27' title="bbox 416 2429 1989 2505">
    <p class='ocr_par' dir='ltr' id='par_1_27' title="bbox 416 2429 1989 2505">
     <span class='ocr_line' id='line_1_27' title="bbox 416 2429 1989 2505; baseline -0.001 -17"><span class='ocrx_word' id='word_1_210' title='bbox 416 2433 651 2491; x_wconf 78' lang='grc' dir='ltr'>ἐνταῦθα</span> <span class='ocrx_word' id='word_1_211' title='bbox 708 2429 752 2504; x_wconf 79' lang='grc' dir='ltr'><strong>ᾧ</strong></span> <span class='ocrx_word' id='word_1_212' title='bbox 780 2434 968 2505; x_wconf 79' lang='grc' dir='ltr'>λέγετο</span> <span class='ocrx_word' id='word_1_213' title='bbox 1019 2435 1107 2498; x_wconf 86' lang='grc' dir='ltr'><strong>τὸ,</strong></span> <span class='ocrx_word' id='word_1_214' title='bbox 1149 2434 1231 2488; x_wconf 84' lang='grc' dir='ltr'>ὅτι</span> <span class='ocrx_word' id='word_1_215' title='bbox 1280 2454 1298 2485; x_wconf 78' lang='grc' dir='ltr'><strong>ι</strong></span> <span class='ocrx_word' id='word_1_216' title='bbox 1338 2436 1367 2489; x_wconf 93' lang='lat'><strong>6</strong></span> <span class='ocrx_word' id='word_1_217' title='bbox 1407 2433 1541 2499; x_wconf 88' lang='grc' dir='ltr'>Θεὸς</span> <span class='ocrx_word' id='word_1_218' title='bbox 1582 2436 1641 2487; x_wconf 86' lang='grc' dir='ltr'><strong>ἐν</strong></span> <span class='ocrx_word' id='word_1_219' title='bbox 1679 2434 1761 2489; x_wconf 87' lang='grc' dir='ltr'><strong>σοί</strong></span> <span class='ocrx_word' id='word_1_220' title='bbox 1801 2438 1937 2497; x_wconf 77' lang='grc' dir='ltr'>ἐστι,</span> <span class='ocrx_word' id='word_1_221' title='bbox 1971 2454 1989 2486; x_wconf 83' lang='grc'><strong>›</strong></span> 
     </span>
    </p>
   </div>
   <div class='ocr_carea' id='block_1_28' title="bbox 415 2525 1995 2600">
    <p class='ocr_par' dir='ltr' id='par_1_28' title="bbox 415 2525 1995 2600">
     <span class='ocr_line' id='line_1_28' title="bbox 415 2525 1995 2600; baseline -0.001 -18"><span class='ocrx_word' id='word_1_222' title='bbox 415 2528 590 2600; x_wconf 83' lang='grc' dir='ltr'>τούτῳ</span> <span class='ocrx_word' id='word_1_223' title='bbox 615 2528 953 2600; x_wconf 73' lang='grc' dir='ltr'>προσφιιινῶν</span> <span class='ocrx_word' id='word_1_224' title='bbox 986 2545 1150 2598; x_wconf 78' lang='grc' dir='ltr'>φησιν</span> <span class='ocrx_word' id='word_1_225' title='bbox 1172 2528 1201 2580; x_wconf 87' lang='lat'><strong>6</strong></span> <span class='ocrx_word' id='word_1_226' title='bbox 1225 2527 1382 2596; x_wconf 86' lang='grc' dir='ltr'>λόγος</span> <span class='ocrx_word' id='word_1_227' title='bbox 1410 2525 1491 2591; x_wconf 80' lang='grc' dir='ltr'><strong>τὸ,</strong></span> <span class='ocrx_word' id='word_1_228' title='bbox 1529 2545 1549 2576; x_wconf 80' lang='grc' dir='ltr'><strong>ι</strong></span> <span class='ocrx_word' id='word_1_229' title='bbox 1587 2526 1682 2579; x_wconf 73' lang='grc' dir='ltr'>καὶ</span> <span class='ocrx_word' id='word_1_230' title='bbox 1711 2527 1813 2580; x_wconf 76' lang='grc' dir='ltr'><strong>οὐκ</strong></span> <span class='ocrx_word' id='word_1_231' title='bbox 1847 2526 1995 2582; x_wconf 78' lang='grc' dir='ltr'>ἔστιν</span> 
     </span>
    </p>
   </div>
   <div class='ocr_carea' id='block_1_29' title="bbox 414 2617 1989 2694">
    <p class='ocr_par' dir='ltr' id='par_1_29' title="bbox 414 2617 1989 2694">
     <span class='ocr_line' id='line_1_29' title="bbox 414 2617 1989 2694; baseline -0.002 -19"><span class='ocrx_word' id='word_1_232' title='bbox 414 2621 571 2686; x_wconf 77' lang='grc' dir='ltr'>ἄλλος</span> <span class='ocrx_word' id='word_1_233' title='bbox 593 2622 733 2693; x_wconf 71' lang='grc' dir='ltr'>πλὴν</span> <span class='ocrx_word' id='word_1_234' title='bbox 761 2620 854 2675; x_wconf 87' lang='grc' dir='ltr'><strong>σοῦ</strong></span> <span class='ocrx_word' id='word_1_235' title='bbox 879 2637 895 2651; x_wconf 83' lang='grc'><em>’</em></span> <span class='ocrx_word' id='word_1_236' title='bbox 932 2623 995 2676; x_wconf 62' lang='lat' dir='ltr'><strong>ci.</strong></span> <span class='ocrx_word' id='word_1_237' title='bbox 1020 2622 1131 2694; x_wconf 84' lang='grc' dir='ltr'>γὰρ</span> <span class='ocrx_word' id='word_1_238' title='bbox 1164 2617 1215 2675; x_wconf 73' lang='grc' dir='ltr'><strong>εἴ</strong></span> <span class='ocrx_word' id='word_1_239' title='bbox 1242 2620 1397 2685; x_wconf 88' lang='grc' dir='ltr'>Θεὸς,</span> <span class='ocrx_word' id='word_1_240' title='bbox 1431 2622 1526 2675; x_wconf 76' lang='grc' dir='ltr'>καὶ</span> <span class='ocrx_word' id='word_1_241' title='bbox 1555 2621 1658 2674; x_wconf 81' lang='grc' dir='ltr'><strong>οὐκ</strong></span> <span class='ocrx_word' id='word_1_242' title='bbox 1683 2620 1902 2692; x_wconf 76' lang='grc' dir='ltr'>ᾔδειμεν</span> <span class='ocrx_word' id='word_1_243' title='bbox 1922 2638 1936 2652; x_wconf 76' lang='grc' dir='ltr'>σ</span> <span class='ocrx_word' id='word_1_244' title='bbox 1971 2641 1989 2672; x_wconf 70' lang='grc' dir='ltr'><strong>ι</strong></span> 
     </span>
    </p>
   </div>
   <div class='ocr_carea' id='block_1_30' title="bbox 402 2711 1994 2784">
    <p class='ocr_par' dir='ltr' id='par_1_30' title="bbox 402 2711 1994 2784">
     <span class='ocr_line' id='line_1_30' title="bbox 402 2711 1994 2784; baseline -0.003 -14"><span class='ocrx_word' id='word_1_245' title='bbox 402 2713 451 2769; x_wconf 76' lang='grc' dir='ltr'>’ἀ</span> <span class='ocrx_word' id='word_1_246' title='bbox 487 2714 581 2770; x_wconf 74' lang='grc' dir='ltr'><strong>καὶ</strong></span> <span class='ocrx_word' id='word_1_247' title='bbox 609 2713 922 2780; x_wconf 76' lang='grc' dir='ltr'>ἐξακούεται</span> <span class='ocrx_word' id='word_1_248' title='bbox 951 2713 1028 2777; x_wconf 83' lang='grc' dir='ltr'>ὡς</span> <span class='ocrx_word' id='word_1_249' title='bbox 1067 2712 1134 2767; x_wconf 85' lang='grc' dir='ltr'>ἂν</span> <span class='ocrx_word' id='word_1_250' title='bbox 1172 2715 1236 2766; x_wconf 86' lang='grc' dir='ltr'><strong>ἐκ</strong></span> <span class='ocrx_word' id='word_1_251' title='bbox 1265 2711 1557 2784; x_wconf 82' lang='grc' dir='ltr'>προσώπου</span> <span class='ocrx_word' id='word_1_252' title='bbox 1584 2712 1854 2782; x_wconf 88' lang='grc' dir='ltr'>λεγόμενα</span> <span class='ocrx_word' id='word_1_253' title='bbox 1883 2711 1994 2766; x_wconf 88' lang='grc' dir='ltr'><strong>τῶν</strong></span> 
     </span>
    </p>
   </div>
   <div class='ocr_carea' id='block_1_31' title="bbox 413 2802 1988 2875">
    <p class='ocr_par' dir='ltr' id='par_1_31' title="bbox 413 2802 1988 2875">
     <span class='ocr_line' id='line_1_31' title="bbox 413 2802 1988 2875; baseline -0.001 -18"><span class='ocrx_word' id='word_1_254' title='bbox 413 2804 801 2873; x_wconf 80' lang='grc' dir='ltr'>ἐπεγνωκότων</span> <span class='ocrx_word' id='word_1_255' title='bbox 823 2802 1317 2875; x_wconf 82' lang='grc' dir='ltr'>ὲνανθρωπήσαντα</span> <span class='ocrx_word' id='word_1_256' title='bbox 1335 2802 1426 2856; x_wconf 89' lang='grc' dir='ltr'><strong>τὸν</strong></span> <span class='ocrx_word' id='word_1_257' title='bbox 1450 2803 1685 2874; x_wconf 83' lang='grc' dir='ltr'>Χριστὸν</span> <span class='ocrx_word' id='word_1_258' title='bbox 1705 2802 1801 2857; x_wconf 85' lang='grc' dir='ltr'><strong>τοῦ</strong></span> <span class='ocrx_word' id='word_1_259' title='bbox 1823 2803 1959 2857; x_wconf 86' lang='grc' dir='ltr'>Θεοῦ</span> <span class='ocrx_word' id='word_1_260' title='bbox 1974 2820 1988 2833; x_wconf 76' lang='grc' dir='ltr'><strong>ο</strong></span> 
     </span>
    </p>
   </div>
   <div class='ocr_carea' id='block_1_32' title="bbox 411 2888 1994 2966">
    <p class='ocr_par' dir='ltr' id='par_1_32' title="bbox 411 2888 1994 2966">
     <span class='ocr_line' id='line_1_32' title="bbox 411 2888 1994 2966; baseline -0.001 -18"><span class='ocrx_word' id='word_1_261' title='bbox 411 2896 470 2948; x_wconf 82' lang='grc' dir='ltr'><strong>ἐν</strong></span> <span class='ocrx_word' id='word_1_262' title='bbox 566 2894 859 2966; x_wconf 81' lang='grc' dir='ltr'>ἐτύγχανεν</span> <span class='ocrx_word' id='word_1_263' title='bbox 886 2895 1051 2949; x_wconf 81' lang='grc' dir='ltr'>οἰκῶν</span> <span class='ocrx_word' id='word_1_264' title='bbox 1075 2894 1207 2958; x_wconf 84' lang='grc' dir='ltr'>Θεὸς</span> <span class='ocrx_word' id='word_1_265' title='bbox 1234 2896 1263 2948; x_wconf 92' lang='lat'><strong>6</strong></span> <span class='ocrx_word' id='word_1_266' title='bbox 1291 2894 1500 2966; x_wconf 81' lang='grc' dir='ltr'>Πατὴρ,</span> <span class='ocrx_word' id='word_1_267' title='bbox 1532 2893 1672 2948; x_wconf 87' lang='grc' dir='ltr'>κατὰ</span> <span class='ocrx_word' id='word_1_268' title='bbox 1697 2895 1778 2948; x_wconf 83' lang='grc' dir='ltr'>τό·</span> <span class='ocrx_word' id='word_1_269' title='bbox 1813 2913 1831 2945; x_wconf 77' lang='grc' dir='ltr'><strong>ι</strong></span> <span class='ocrx_word' id='word_1_270' title='bbox 1853 2893 1994 2963; x_wconf 83' lang='grc' dir='ltr'>Ἐγὼ</span> 
     </span>
    </p>
   </div>
   <div class='ocr_carea' id='block_1_33' title="bbox 416 2984 1993 3058">
    <p class='ocr_par' dir='ltr' id='par_1_33' title="bbox 416 2984 1993 3058">
     <span class='ocr_line' id='line_1_33' title="bbox 416 2984 1993 3058; baseline -0.002 -20"><span class='ocrx_word' id='word_1_271' title='bbox 416 2986 475 3041; x_wconf 81' lang='grc' dir='ltr'><strong>ἐν</strong></span> <span class='ocrx_word' id='word_1_272' title='bbox 496 2984 574 3057; x_wconf 81' lang='grc' dir='ltr'>τῷ</span> <span class='ocrx_word' id='word_1_273' title='bbox 608 2986 802 3058; x_wconf 75' lang='grc' dir='ltr'>Πατρὶ,</span> <span class='ocrx_word' id='word_1_274' title='bbox 836 2985 930 3038; x_wconf 73' lang='grc' dir='ltr'><strong>καὶ</strong></span> <span class='ocrx_word' id='word_1_275' title='bbox 963 2986 991 3038; x_wconf 90' lang='lat'><strong>6</strong></span> <span class='ocrx_word' id='word_1_276' title='bbox 1024 2984 1215 3056; x_wconf 78' lang='grc' dir='ltr'>Πατὴρ</span> <span class='ocrx_word' id='word_1_277' title='bbox 1246 2985 1304 3039; x_wconf 81' lang='grc' dir='ltr'><strong>ἐν</strong></span> <span class='ocrx_word' id='word_1_278' title='bbox 1336 2984 1489 3055; x_wconf 74' lang='grc' dir='ltr'>ἐμοί’</span> <span class='ocrx_word' id='word_1_279' title='bbox 1525 3004 1545 3036; x_wconf 75' lang='grc' dir='ltr'><strong>ι</strong></span> <span class='ocrx_word' id='word_1_280' title='bbox 1574 2985 1641 3038; x_wconf 78' lang='grc' dir='ltr'>δι’</span> <span class='ocrx_word' id='word_1_281' title='bbox 1665 2984 1694 3037; x_wconf 84' lang='grc' dir='ltr'><strong>δ</strong></span> <span class='ocrx_word' id='word_1_282' title='bbox 1728 2985 1822 3039; x_wconf 78' lang='grc' dir='ltr'>καὶ</span> <span class='ocrx_word' id='word_1_283' title='bbox 1848 2985 1993 3056; x_wconf 76' lang='grc' dir='ltr'>μόνῳ</span> 
     </span>
    </p>
   </div>
   <div class='ocr_carea' id='block_1_34' title="bbox 418 3078 1992 3152">
    <p class='ocr_par' dir='ltr' id='par_1_34' title="bbox 418 3078 1992 3152">
     <span class='ocr_line' id='line_1_34' title="bbox 418 3078 1992 3152; baseline 0 -19"><span class='ocrx_word' id='word_1_284' title='bbox 418 3078 484 3133; x_wconf 83' lang='grc' dir='ltr'>ἂν</span> <span class='ocrx_word' id='word_1_285' title='bbox 510 3079 660 3151; x_wconf 82' lang='grc' dir='ltr'><strong>αὐτῷ</strong></span> <span class='ocrx_word' id='word_1_286' title='bbox 688 3079 918 3152; x_wconf 78' lang='grc' dir='ltr'>ἀρμόσοι</span> <span class='ocrx_word' id='word_1_287' title='bbox 943 3080 1023 3143; x_wconf 83' lang='grc' dir='ltr'><strong>τὸ,</strong></span> <span class='ocrx_word' id='word_1_288' title='bbox 1057 3098 1075 3130; x_wconf 69' lang='grc' dir='ltr'>ε</span> <span class='ocrx_word' id='word_1_289' title='bbox 1106 3080 1221 3133; x_wconf 75' lang='grc' dir='ltr'>Οὐκ</span> <span class='ocrx_word' id='word_1_290' title='bbox 1250 3078 1365 3134; x_wconf 77' lang='grc' dir='ltr'>ἔστι</span> <span class='ocrx_word' id='word_1_291' title='bbox 1391 3079 1524 3145; x_wconf 83' lang='grc' dir='ltr'>Θεὸς</span> <span class='ocrx_word' id='word_1_292' title='bbox 1554 3080 1693 3152; x_wconf 76' lang='grc' dir='ltr'>πλὴν</span> <span class='ocrx_word' id='word_1_293' title='bbox 1726 3080 1875 3146; x_wconf 79' lang='grc' dir='ltr'>σοῦ,›</span> <span class='ocrx_word' id='word_1_294' title='bbox 1916 3081 1992 3145; x_wconf 85' lang='grc' dir='ltr'>ὡς</span> 
     </span>
    </p>
   </div>
   <div class='ocr_carea' id='block_1_35' title="bbox 415 3170 1987 3245">
    <p class='ocr_par' dir='ltr' id='par_1_35' title="bbox 415 3170 1987 3245">
     <span class='ocr_line' id='line_1_35' title="bbox 415 3170 1987 3245; baseline 0 -19"><span class='ocrx_word' id='word_1_295' title='bbox 415 3171 480 3227; x_wconf 76' lang='grc' dir='ltr'>ἂν</span> <span class='ocrx_word' id='word_1_296' title='bbox 536 3173 703 3244; x_wconf 71' lang='grc' dir='ltr'>μόνης</span> <span class='ocrx_word' id='word_1_297' title='bbox 741 3173 841 3244; x_wconf 76' lang='grc' dir='ltr'>τῆς</span> <span class='ocrx_word' id='word_1_298' title='bbox 888 3170 978 3226; x_wconf 79' lang='grc' dir='ltr'><strong>τοῦ</strong></span> <span class='ocrx_word' id='word_1_299' title='bbox 1027 3171 1202 3241; x_wconf 85' lang='grc' dir='ltr'>Λόγου</span> <span class='ocrx_word' id='word_1_300' title='bbox 1250 3171 1503 3245; x_wconf 79' lang='grc' dir='ltr'>θεότητος</span> <span class='ocrx_word' id='word_1_301' title='bbox 1551 3172 1835 3245; x_wconf 79' lang='grc' dir='ltr'>ήνωμένης</span> <span class='ocrx_word' id='word_1_302' title='bbox 1894 3173 1987 3227; x_wconf 73' lang='grc' dir='ltr'><strong>καὶ</strong></span> 
     </span>
    </p>
   </div>
   <div class='ocr_carea' id='block_1_36' title="bbox 412 3264 1988 3338">
    <p class='ocr_par' dir='ltr' id='par_1_36' title="bbox 412 3264 1988 3338">
     <span class='ocr_line' id='line_1_36' title="bbox 412 3264 1988 3338; baseline 0.001 -19"><span class='ocrx_word' id='word_1_303' title='bbox 412 3265 865 3338; x_wconf 82' lang='grc' dir='ltr'>ἀνακεκραμένης</span> <span class='ocrx_word' id='word_1_304' title='bbox 896 3267 962 3337; x_wconf 83' lang='grc' dir='ltr'>τῇ</span> <span class='ocrx_word' id='word_1_305' title='bbox 995 3267 1230 3336; x_wconf 82' lang='grc' dir='ltr'>πατρικῇ</span> <span class='ocrx_word' id='word_1_306' title='bbox 1262 3264 1528 3337; x_wconf 78' lang='grc' dir='ltr'>βασιλεία,</span> <span class='ocrx_word' id='word_1_307' title='bbox 1567 3266 1664 3319; x_wconf 80' lang='grc' dir='ltr'><strong>καὶ</strong></span> <span class='ocrx_word' id='word_1_308' title='bbox 1707 3265 1796 3320; x_wconf 87' lang='grc' dir='ltr'><strong>διά</strong></span> <span class='ocrx_word' id='word_1_309' title='bbox 1830 3266 1988 3321; x_wconf 90' lang='grc' dir='ltr'>τοῦτο</span> 
     </span>
    </p>
   </div>
   <div class='ocr_carea' id='block_1_37' title="bbox 409 3357 1984 3433">
    <p class='ocr_par' dir='ltr' id='par_1_37' title="bbox 409 3357 1984 3433">
     <span class='ocr_line' id='line_1_37' title="bbox 409 3357 1984 3433; baseline 0.001 -22"><span class='ocrx_word' id='word_1_310' title='bbox 409 3361 536 3429; x_wconf 84' lang='grc' dir='ltr'>μιᾶς</span> <span class='ocrx_word' id='word_1_311' title='bbox 562 3358 663 3428; x_wconf 79' lang='grc' dir='ltr'>τῆς</span> <span class='ocrx_word' id='word_1_312' title='bbox 701 3357 1029 3430; x_wconf 77' lang='grc' dir='ltr'>ἀμφοτέρων</span> <span class='ocrx_word' id='word_1_313' title='bbox 1061 3358 1449 3430; x_wconf 83' lang='grc' dir='ltr'>ἐπινοουμένης</span> <span class='ocrx_word' id='word_1_314' title='bbox 1473 3357 1632 3431; x_wconf 78' lang='grc' dir='ltr'>δόξης</span> <span class='ocrx_word' id='word_1_315' title='bbox 1665 3375 1727 3412; x_wconf 88' lang='grc' dir='ltr'><strong>τε</strong></span> <span class='ocrx_word' id='word_1_316' title='bbox 1761 3359 1854 3412; x_wconf 72' lang='grc' dir='ltr'><strong>καὶ</strong></span> <span class='ocrx_word' id='word_1_317' title='bbox 1882 3360 1984 3433; x_wconf 85' lang='grc' dir='ltr'>ἀρ-</span> 
     </span>
    </p>
   </div>
   <div class='ocr_carea' id='block_1_38' title="bbox 405 3446 1985 3521">
    <p class='ocr_par' dir='ltr' id='par_1_38' title="bbox 405 3446 1985 3521">
     <span class='ocr_line' id='line_1_38' title="bbox 405 3446 1985 3521; baseline 0.002 -21"><span class='ocrx_word' id='word_1_318' title='bbox 405 3447 508 3518; x_wconf 82' lang='grc' dir='ltr'>χῆς</span> <span class='ocrx_word' id='word_1_319' title='bbox 531 3464 545 3479; x_wconf 75' lang='grc' dir='ltr'><strong>ο</strong></span> <span class='ocrx_word' id='word_1_320' title='bbox 577 3449 634 3501; x_wconf 87' lang='grc' dir='ltr'><strong>ἐν</strong></span> <span class='ocrx_word' id='word_1_321' title='bbox 661 3447 720 3500; x_wconf 83' lang='grc' dir='ltr'>δὲ</span> <span class='ocrx_word' id='word_1_322' title='bbox 751 3447 851 3519; x_wconf 81' lang='grc' dir='ltr'>τῷ,</span> <span class='ocrx_word' id='word_1_323' title='bbox 886 3465 905 3499; x_wconf 81' lang='grc' dir='ltr'><strong>ι</strong></span> <span class='ocrx_word' id='word_1_324' title='bbox 946 3448 1267 3501; x_wconf 87' lang='grc' dir='ltr'>Ἐκοπίασεν</span> <span class='ocrx_word' id='word_1_325' title='bbox 1295 3446 1590 3517; x_wconf 82' lang='grc' dir='ltr'>Αἴγυπτος,</span> <span class='ocrx_word' id='word_1_326' title='bbox 1623 3450 1718 3502; x_wconf 74' lang='grc' dir='ltr'><strong>καὶ</strong></span> <span class='ocrx_word' id='word_1_327' title='bbox 1743 3449 1985 3521; x_wconf 82' lang='grc' dir='ltr'>ἐμπορία</span> 
     </span>
    </p>
   </div>
   <div class='ocr_carea' id='block_1_39' title="bbox 402 3539 1984 3613">
    <p class='ocr_par' dir='ltr' id='par_1_39' title="bbox 402 3539 1984 3613">
     <span class='ocr_line' id='line_1_39' title="bbox 402 3539 1984 3613; baseline 0.002 -19"><span class='ocrx_word' id='word_1_328' title='bbox 402 3540 694 3604; x_wconf 86' lang='grc' dir='ltr'>Λίθιόπων,</span> <span class='ocrx_word' id='word_1_329' title='bbox 726 3542 821 3595; x_wconf 76' lang='grc' dir='ltr'><strong>καὶ</strong></span> <span class='ocrx_word' id='word_1_330' title='bbox 843 3542 893 3594; x_wconf 88' lang='grc' dir='ltr'><strong>οί</strong></span> <span class='ocrx_word' id='word_1_331' title='bbox 922 3540 1168 3611; x_wconf 70' lang='grc' dir='ltr'>Σαϐαεὶμ</span> <span class='ocrx_word' id='word_1_332' title='bbox 1203 3539 1396 3612; x_wconf 77' lang='grc' dir='ltr'>ἄνδρες</span> <span class='ocrx_word' id='word_1_333' title='bbox 1429 3540 1623 3613; x_wconf 76' lang='grc' dir='ltr'>ὑψηλοὶ</span> <span class='ocrx_word' id='word_1_334' title='bbox 1654 3541 1748 3595; x_wconf 80' lang='grc' dir='ltr'>ἐπὶ</span> <span class='ocrx_word' id='word_1_335' title='bbox 1780 3541 1840 3595; x_wconf 80' lang='grc' dir='ltr'>σὲ</span> <span class='ocrx_word' id='word_1_336' title='bbox 1866 3542 1984 3597; x_wconf 84' lang='grc' dir='ltr'>δια-</span> 
     </span>
    </p>
   </div>
   <div class='ocr_carea' id='block_1_40' title="bbox 404 3632 1982 3707">
    <p class='ocr_par' dir='ltr' id='par_1_40' title="bbox 404 3632 1982 3707">
     <span class='ocr_line' id='line_1_40' title="bbox 404 3632 1982 3707; baseline 0.001 -22"><span class='ocrx_word' id='word_1_337' title='bbox 404 3634 677 3707; x_wconf 74' lang='grc' dir='ltr'>ϐήσονται,</span> <span class='ocrx_word' id='word_1_338' title='bbox 720 3652 740 3685; x_wconf 73' lang='grc' dir='ltr'><strong>ι</strong></span> <span class='ocrx_word' id='word_1_339' title='bbox 786 3633 1076 3706; x_wconf 76' lang='grc' dir='ltr'>δηλοῦσθαι</span> <span class='ocrx_word' id='word_1_340' title='bbox 1124 3632 1328 3705; x_wconf 78' lang='grc' dir='ltr'>νομίζω</span> <span class='ocrx_word' id='word_1_341' title='bbox 1370 3633 1497 3705; x_wconf 77' lang='grc' dir='ltr'>περὶ</span> <span class='ocrx_word' id='word_1_342' title='bbox 1557 3633 1761 3704; x_wconf 82' lang='grc' dir='ltr'>νοητῶν</span> <span class='ocrx_word' id='word_1_343' title='bbox 1817 3651 1982 3689; x_wconf 88' lang='grc' dir='ltr'>τινων</span> 
     </span>
    </p>
   </div>
   <div class='ocr_carea' id='block_1_41' title="bbox 400 3722 1980 3797">
    <p class='ocr_par' dir='ltr' id='par_1_41' title="bbox 400 3722 1980 3797">
     <span class='ocr_line' id='line_1_41' title="bbox 400 3722 1980 3797; baseline -0.001 -19"><span class='ocrx_word' id='word_1_344' title='bbox 400 3724 792 3796; x_wconf 64' lang='grc' dir='ltr'>ἀντικειμένων</span> <span class='ocrx_word' id='word_1_345' title='bbox 838 3725 1120 3795; x_wconf 84' lang='grc' dir='ltr'>δυνάμεων</span> <span class='ocrx_word' id='word_1_346' title='bbox 1175 3723 1362 3793; x_wconf 86' lang='grc' dir='ltr'>ἀγῶνα</span> <span class='ocrx_word' id='word_1_347' title='bbox 1415 3722 1552 3795; x_wconf 84' lang='grc' dir='ltr'>πρὸς</span> <span class='ocrx_word' id='word_1_348' title='bbox 1600 3724 1692 3778; x_wconf 84' lang='grc' dir='ltr'><strong>τὸν</strong></span> <span class='ocrx_word' id='word_1_349' title='bbox 1745 3725 1980 3797; x_wconf 84' lang='grc' dir='ltr'>Χριστὸν</span> 
     </span>
    </p>
   </div>
   <div class='ocr_carea' id='block_1_42' title="bbox 402 3804 1981 3893">
    <p class='ocr_par' dir='ltr' id='par_1_42' title="bbox 402 3804 1981 3893">
     <span class='ocr_line' id='line_1_42' title="bbox 402 3804 1981 3893; baseline -0.003 -20"><span class='ocrx_word' id='word_1_350' title='bbox 402 3816 711 3893; x_wconf 70' lang='grc' dir='ltr'>ἀραμένων,</span> <span class='ocrx_word' id='word_1_351' title='bbox 736 3816 830 3870; x_wconf 76' lang='grc' dir='ltr'><strong>καὶ</strong></span> <span class='ocrx_word' id='word_1_352' title='bbox 856 3804 1182 3888; x_wconf 75' lang='grc' dir='ltr'>ὑποχειρίων</span> <span class='ocrx_word' id='word_1_353' title='bbox 1208 3813 1359 3885; x_wconf 81' lang='grc' dir='ltr'>αύτῷ</span> <span class='ocrx_word' id='word_1_354' title='bbox 1389 3814 1791 3887; x_wconf 83' lang='grc' dir='ltr'>γεγενημένων,</span> <span class='ocrx_word' id='word_1_355' title='bbox 1825 3815 1858 3886; x_wconf 75' lang='grc' dir='ltr'>ἢ</span> <span class='ocrx_word' id='word_1_356' title='bbox 1886 3816 1981 3870; x_wconf 82' lang='grc' dir='ltr'>καὶ</span> 
     </span>
    </p>
   </div>
   <div class='ocr_carea' id='block_1_43' title="bbox 397 3906 1981 3981">
    <p class='ocr_par' dir='ltr' id='par_1_43' title="bbox 397 3906 1981 3981">
     <span class='ocr_line' id='line_1_43' title="bbox 397 3906 1981 3981; baseline -0.001 -18"><span class='ocrx_word' id='word_1_357' title='bbox 397 3909 585 3980; x_wconf 70' lang='grc' dir='ltr'>ψυχῶν</span> <span class='ocrx_word' id='word_1_358' title='bbox 629 3909 843 3963; x_wconf 74' lang='grc' dir='ltr'>τοιωνδὶ</span> <span class='ocrx_word' id='word_1_359' title='bbox 894 3909 1014 3962; x_wconf 80' lang='grc' dir='ltr'>κατ’</span> <span class='ocrx_word' id='word_1_360' title='bbox 1061 3906 1234 3980; x_wconf 81' lang='grc' dir='ltr'>ἀρχὰς</span> <span class='ocrx_word' id='word_1_361' title='bbox 1291 3907 1390 3978; x_wconf 74' lang='grc' dir='ltr'>μὲν</span> <span class='ocrx_word' id='word_1_362' title='bbox 1440 3908 1848 3963; x_wconf 87' lang='grc' dir='ltr'>ἀντιτεινουσῶν</span> <span class='ocrx_word' id='word_1_363' title='bbox 1900 3909 1981 3981; x_wconf 78' lang='grc' dir='ltr'><strong>τῷ</strong></span> 
     </span>
    </p>
   </div>
   <div class='ocr_carea' id='block_1_44' title="bbox 397 3984 1980 4077">
    <p class='ocr_par' dir='ltr' id='par_1_44' title="bbox 397 3984 1980 4077">
     <span class='ocr_line' id='line_1_44' title="bbox 397 3984 1980 4077; baseline -0.002 -20"><span class='ocrx_word' id='word_1_364' title='bbox 397 4002 576 4073; x_wconf 74' lang='grc' dir='ltr'>Λόγῳ,</span> <span class='ocrx_word' id='word_1_365' title='bbox 611 3984 833 4077; x_wconf 74' lang='grc' dir='ltr'>ὕστερον</span> <span class='ocrx_word' id='word_1_366' title='bbox 861 4001 919 4055; x_wconf 83' lang='grc' dir='ltr'>δέ</span> <span class='ocrx_word' id='word_1_367' title='bbox 962 4017 1094 4054; x_wconf 87' lang='grc' dir='ltr'>ποτε</span> <span class='ocrx_word' id='word_1_368' title='bbox 1124 3999 1223 4071; x_wconf 80' lang='grc' dir='ltr'>τὴν</span> <span class='ocrx_word' id='word_1_369' title='bbox 1264 3999 1356 4054; x_wconf 75' lang='grc' dir='ltr'><strong>ὑπ’</strong></span> <span class='ocrx_word' id='word_1_370' title='bbox 1384 3999 1547 4053; x_wconf 82' lang='grc' dir='ltr'>αὐτὸν</span> <span class='ocrx_word' id='word_1_371' title='bbox 1578 3999 1821 4055; x_wconf 83' lang='grc' dir='ltr'>δουλείαν</span> <span class='ocrx_word' id='word_1_372' title='bbox 1850 4000 1980 4054; x_wconf 88' lang='grc' dir='ltr'>ἀνα-</span> 
     </span>
    </p>
   </div>
   <div class='ocr_carea' id='block_1_45' title="bbox 395 4090 1979 4166">
    <p class='ocr_par' dir='ltr' id='par_1_45' title="bbox 395 4090 1979 4166">
     <span class='ocr_line' id='line_1_45' title="bbox 395 4090 1979 4166; baseline -0.003 -17"><span class='ocrx_word' id='word_1_373' title='bbox 395 4094 733 4166; x_wconf 82' lang='grc' dir='ltr'>δεδεγμένων</span> <span class='ocrx_word' id='word_1_374' title='bbox 761 4094 856 4147; x_wconf 74' lang='grc' dir='ltr'>ἐπὶ</span> <span class='ocrx_word' id='word_1_375' title='bbox 891 4094 958 4164; x_wconf 83' lang='grc' dir='ltr'>τῇ</span> <span class='ocrx_word' id='word_1_376' title='bbox 995 4091 1204 4145; x_wconf 78' lang='grc' dir='ltr'>ἑαυτῶν</span> <span class='ocrx_word' id='word_1_377' title='bbox 1240 4090 1548 4163; x_wconf 82' lang='grc' dir='ltr'>εὐεργεσίᾳ.</span> <span class='ocrx_word' id='word_1_378' title='bbox 1596 4091 1731 4164; x_wconf 76' lang='grc' dir='ltr'>Περὶ</span> <span class='ocrx_word' id='word_1_379' title='bbox 1774 4091 1979 4145; x_wconf 86' lang='grc' dir='ltr'>τούτων</span> 
     </span>
    </p>
   </div>
   <div class='ocr_carea' id='block_1_46' title="bbox 398 4182 1977 4257">
    <p class='ocr_par' dir='ltr' id='par_1_46' title="bbox 398 4182 1977 4257">
     <span class='ocr_line' id='line_1_46' title="bbox 398 4182 1977 4257; baseline -0.004 -14"><span class='ocrx_word' id='word_1_380' title='bbox 398 4188 464 4257; x_wconf 75' lang='grc' dir='ltr'>γέ</span> <span class='ocrx_word' id='word_1_381' title='bbox 489 4205 571 4242; x_wconf 89' lang='grc' dir='ltr'><strong>τοι</strong></span> <span class='ocrx_word' id='word_1_382' title='bbox 610 4186 866 4240; x_wconf 75' lang='grc' dir='ltr'>λέγεσθαι</span> <span class='ocrx_word' id='word_1_383' title='bbox 906 4185 1111 4251; x_wconf 78' lang='grc' dir='ltr'>νομίζω</span> <span class='ocrx_word' id='word_1_384' title='bbox 1149 4183 1244 4238; x_wconf 71' lang='grc' dir='ltr'><strong>καὶ</strong></span> <span class='ocrx_word' id='word_1_385' title='bbox 1273 4182 1356 4248; x_wconf 84' lang='grc' dir='ltr'><strong>τὸ,</strong></span> <span class='ocrx_word' id='word_1_386' title='bbox 1392 4202 1410 4234; x_wconf 79' lang='grc' dir='ltr'><strong>ι</strong></span> <span class='ocrx_word' id='word_1_387' title='bbox 1446 4183 1699 4237; x_wconf 80' lang='grc' dir='ltr'>Ἐσονταί</span> <span class='ocrx_word' id='word_1_388' title='bbox 1730 4200 1813 4236; x_wconf 91' lang='grc' dir='ltr'><strong>σοι</strong></span> <span class='ocrx_word' id='word_1_389' title='bbox 1853 4183 1977 4236; x_wconf 83' lang='grc' dir='ltr'>δοῦ-</span> 
     </span>
    </p>
   </div>
   <div class='ocr_carea' id='block_1_47' title="bbox 395 4275 1977 4349">
    <p class='ocr_par' dir='ltr' id='par_1_47' title="bbox 395 4275 1977 4349">
     <span class='ocr_line' id='line_1_47' title="bbox 395 4275 1977 4349; baseline -0.004 -14"><span class='ocrx_word' id='word_1_390' title='bbox 395 4287 499 4345; x_wconf 80' lang='grc' dir='ltr'>λοι,</span> <span class='ocrx_word' id='word_1_391' title='bbox 526 4282 618 4336; x_wconf 75' lang='grc' dir='ltr'><strong>καὶ</strong></span> <span class='ocrx_word' id='word_1_392' title='bbox 648 4280 823 4335; x_wconf 73' lang='grc' dir='ltr'>ὀπίσω</span> <span class='ocrx_word' id='word_1_393' title='bbox 853 4296 945 4334; x_wconf 89' lang='grc' dir='ltr'><strong>σου</strong></span> <span class='ocrx_word' id='word_1_394' title='bbox 973 4276 1398 4349; x_wconf 82' lang='grc' dir='ltr'>ἀκολουθήσουσι</span> <span class='ocrx_word' id='word_1_395' title='bbox 1426 4275 1696 4347; x_wconf 85' lang='grc' dir='ltr'>δεδεμένοι</span> <span class='ocrx_word' id='word_1_396' title='bbox 1725 4275 1977 4347; x_wconf 86' lang='grc' dir='ltr'>χειροπὲ-</span> 
     </span>
    </p>
   </div>
   <div class='ocr_carea' id='block_1_48' title="bbox 394 4367 1968 4440">
    <p class='ocr_par' dir='ltr' id='par_1_48' title="bbox 394 4367 1968 4440">
     <span class='ocr_line' id='line_1_48' title="bbox 394 4367 1968 4440; baseline -0.005 -12"><span class='ocrx_word' id='word_1_397' title='bbox 394 4373 533 4438; x_wconf 88' lang='grc' dir='ltr'>δαις,</span> <span class='ocrx_word' id='word_1_398' title='bbox 570 4372 665 4427; x_wconf 72' lang='grc' dir='ltr'>καὶ</span> <span class='ocrx_word' id='word_1_399' title='bbox 691 4375 748 4425; x_wconf 80' lang='grc' dir='ltr'><strong>ἐν</strong></span> <span class='ocrx_word' id='word_1_400' title='bbox 787 4372 872 4425; x_wconf 74' lang='grc' dir='ltr'><strong>σοὶ</strong></span> <span class='ocrx_word' id='word_1_401' title='bbox 902 4369 1322 4440; x_wconf 83' lang='grc' dir='ltr'>προσεύξονται·</span> <span class='ocrx_word' id='word_1_402' title='bbox 1365 4388 1383 4421; x_wconf 86' lang='grc'><strong>›</strong></span> <span class='ocrx_word' id='word_1_403' title='bbox 1416 4368 1477 4421; x_wconf 85' lang='grc' dir='ltr'><strong>τὸ</strong></span> <span class='ocrx_word' id='word_1_404' title='bbox 1503 4367 1582 4421; x_wconf 83' lang='grc' dir='ltr'><strong>δέ·</strong></span> <span class='ocrx_word' id='word_1_405' title='bbox 1621 4385 1639 4418; x_wconf 83' lang='grc' dir='ltr'><strong>ι</strong></span> <span class='ocrx_word' id='word_1_406' title='bbox 1676 4367 1968 4438; x_wconf 85' lang='grc' dir='ltr'>Λίσχυνθή-</span> 
     </span>
    </p>
   </div>
   <div class='ocr_carea' id='block_1_49' title="bbox 2108 500 3702 578">
    <p class='ocr_par' dir='ltr' id='par_1_49' title="bbox 2108 500 3702 578">
     <span class='ocr_line' id='line_1_49' title="bbox 2108 500 3702 578; baseline 0.008 -26"><span class='ocrx_word' id='word_1_407' title='bbox 2108 508 2252 554; x_wconf 82' lang='lat' dir='ltr'><strong>ctam</strong></span> <span class='ocrx_word' id='word_1_408' title='bbox 2294 500 2352 555; x_wconf 92' lang='lat' dir='ltr'><strong>in</strong></span> <span class='ocrx_word' id='word_1_409' title='bbox 2404 509 2551 557; x_wconf 89' lang='lat' dir='ltr'><strong>terra</strong></span> <span class='ocrx_word' id='word_1_410' title='bbox 2580 500 2879 558; x_wconf 86' lang='lat' dir='ltr'><strong>Ecclesiam</strong></span> <span class='ocrx_word' id='word_1_411' title='bbox 2930 504 3072 575; x_wconf 85' lang='lat' dir='ltr'><strong>ejus,</strong></span> <span class='ocrx_word' id='word_1_412' title='bbox 3109 507 3502 578; x_wconf 76' lang='lat' dir='ltr'><strong>cmlesternque</strong></span> <span class='ocrx_word' id='word_1_413' title='bbox 3537 508 3702 566; x_wconf 77' lang='lat' dir='ltr'><strong>Jeru&#39;</strong></span> 
     </span>
    </p>
   </div>
   <div class='ocr_carea' id='block_1_50' title="bbox 2107 593 3699 672">
    <p class='ocr_par' dir='ltr' id='par_1_50' title="bbox 2107 593 3699 672">
     <span class='ocr_line' id='line_1_50' title="bbox 2107 593 3699 672; baseline 0.004 -21"><span class='ocrx_word' id='word_1_414' title='bbox 2107 593 2314 661; x_wconf 87' lang='lat' dir='ltr'><strong>salem;</strong></span> <span class='ocrx_word' id='word_1_415' title='bbox 2349 608 2474 649; x_wconf 90' lang='lat' dir='ltr'><strong>cum</strong></span> <span class='ocrx_word' id='word_1_416' title='bbox 2517 595 2882 652; x_wconf 79' lang='lat' dir='ltr'><strong>convertisset</strong></span> <span class='ocrx_word' id='word_1_417' title='bbox 2924 599 3296 670; x_wconf 72' lang='lat' dir='ltr'><strong>captivitatem</strong></span> <span class='ocrx_word' id='word_1_418' title='bbox 3342 601 3525 672; x_wconf 82' lang='lat' dir='ltr'><strong>populi</strong></span> <span class='ocrx_word' id='word_1_419' title='bbox 3584 605 3699 657; x_wconf 53' lang='lat' dir='ltr'><strong>sui,</strong></span> 
     </span>
    </p>
   </div>
   <div class='ocr_carea' id='block_1_51' title="bbox 2107 680 3703 758">
    <p class='ocr_par' dir='ltr' id='par_1_51' title="bbox 2107 680 3703 758">
     <span class='ocr_line' id='line_1_51' title="bbox 2107 680 3703 758; baseline 0.005 -17"><span class='ocrx_word' id='word_1_420' title='bbox 2107 701 2228 757; x_wconf 73' lang='lat' dir='ltr'><strong>qua:</strong></span> <span class='ocrx_word' id='word_1_421' title='bbox 2247 686 2428 741; x_wconf 87' lang='lat' dir='ltr'><strong>evenit</strong></span> <span class='ocrx_word' id='word_1_422' title='bbox 2455 687 2560 742; x_wconf 90' lang='lat' dir='ltr'><strong>sub</strong></span> <span class='ocrx_word' id='word_1_423' title='bbox 2579 688 2855 758; x_wconf 87' lang='lat' dir='ltr'><strong>spirituali</strong></span> <span class='ocrx_word' id='word_1_424' title='bbox 2886 688 3419 756; x_wconf 79' lang='lat' dir='ltr'><strong>Nabuchodonosor,</strong></span> <span class='ocrx_word' id='word_1_425' title='bbox 3447 680 3703 749; x_wconf 54' lang='lat' dir='ltr'><strong>nefariis-</strong></span> 
     </span>
    </p>
   </div>
   <div class='ocr_carea' id='block_1_52' title="bbox 2105 778 3701 852">
    <p class='ocr_par' dir='ltr' id='par_1_52' title="bbox 2105 778 3701 852">
     <span class='ocr_line' id='line_1_52' title="bbox 2105 778 3701 852; baseline 0.004 -20"><span class='ocrx_word' id='word_1_426' title='bbox 2105 794 2212 849; x_wconf 88' lang='lat' dir='ltr'><strong>que</strong></span> <span class='ocrx_word' id='word_1_427' title='bbox 2237 778 2473 833; x_wconf 90' lang='lat' dir='ltr'><strong>subditis</strong></span> <span class='ocrx_word' id='word_1_428' title='bbox 2494 778 2545 833; x_wconf 92' lang='lat' dir='ltr'><strong>ei</strong></span> <span class='ocrx_word' id='word_1_429' title='bbox 2584 780 2986 850; x_wconf 74' lang='lat' dir='ltr'><strong>potestatibus;</strong></span> <span class='ocrx_word' id='word_1_430' title='bbox 3010 789 3067 837; x_wconf 91' lang='lat' dir='ltr'><strong>et</strong></span> <span class='ocrx_word' id='word_1_431' title='bbox 3095 797 3228 837; x_wconf 89' lang='lat' dir='ltr'><strong>sane</strong></span> <span class='ocrx_word' id='word_1_432' title='bbox 3252 781 3569 852; x_wconf 83' lang='lat' dir='ltr'><strong>pra-dictam</strong></span> <span class='ocrx_word' id='word_1_433' title='bbox 3599 798 3663 838; x_wconf 90' lang='lat' dir='ltr'><strong>ca</strong></span> <span class='ocrx_word' id='word_1_434' title='bbox 3679 813 3701 825; x_wconf 84' lang='lat'><strong>-</strong></span> 
     </span>
    </p>
   </div>
   <div class='ocr_carea' id='block_1_53' title="bbox 2108 870 3701 943">
    <p class='ocr_par' dir='ltr' id='par_1_53' title="bbox 2108 870 3701 943">
     <span class='ocr_line' id='line_1_53' title="bbox 2108 870 3701 943; baseline 0.005 -20"><span class='ocrx_word' id='word_1_435' title='bbox 2108 870 2409 941; x_wconf 89' lang='lat' dir='ltr'><strong>ptivitatem</strong></span> <span class='ocrx_word' id='word_1_436' title='bbox 2435 871 2728 937; x_wconf 80' lang='lat' dir='ltr'><strong>convertit,</strong></span> <span class='ocrx_word' id='word_1_437' title='bbox 2767 886 2875 927; x_wconf 89' lang='lat' dir='ltr'><strong>non</strong></span> <span class='ocrx_word' id='word_1_438' title='bbox 2905 873 3140 943; x_wconf 90' lang='lat' dir='ltr'><strong>pretium</strong></span> <span class='ocrx_word' id='word_1_439' title='bbox 3172 874 3310 930; x_wconf 92' lang='lat' dir='ltr'><strong>dans</strong></span> <span class='ocrx_word' id='word_1_440' title='bbox 3334 874 3701 931; x_wconf 86' lang='lat' dir='ltr'><strong>custodienti-</strong></span> 
     </span>
    </p>
   </div>
   <div class='ocr_carea' id='block_1_54' title="bbox 2106 961 3694 1035">
    <p class='ocr_par' dir='ltr' id='par_1_54' title="bbox 2106 961 3694 1035">
     <span class='ocr_line' id='line_1_54' title="bbox 2106 961 3694 1035; baseline 0.002 -20"><span class='ocrx_word' id='word_1_441' title='bbox 2106 961 2230 1023; x_wconf 89' lang='lat' dir='ltr'><strong>bus,</strong></span> <span class='ocrx_word' id='word_1_442' title='bbox 2257 976 2435 1031; x_wconf 91' lang='lat' dir='ltr'><strong>neque</strong></span> <span class='ocrx_word' id='word_1_443' title='bbox 2463 976 2559 1017; x_wconf 89' lang='lat' dir='ltr'><strong>eos</strong></span> <span class='ocrx_word' id='word_1_444' title='bbox 2607 963 2931 1020; x_wconf 85' lang='lat' dir='ltr'><strong>muneribus</strong></span> <span class='ocrx_word' id='word_1_445' title='bbox 2954 974 3202 1035; x_wconf 84' lang='lat' dir='ltr'><strong>captans,</strong></span> <span class='ocrx_word' id='word_1_446' title='bbox 3234 966 3513 1035; x_wconf 73' lang='lat' dir='ltr'><strong>proeliatus</strong></span> <span class='ocrx_word' id='word_1_447' title='bbox 3563 981 3694 1022; x_wconf 77' lang='lat' dir='ltr'><strong>vero</strong></span> 
     </span>
    </p>
   </div>
   <div class='ocr_carea' id='block_1_55' title="bbox 2107 1053 3692 1127">
    <p class='ocr_par' dir='ltr' id='par_1_55' title="bbox 2107 1053 3692 1127">
     <span class='ocr_line' id='line_1_55' title="bbox 2107 1053 3692 1127; baseline 0.005 -22"><span class='ocrx_word' id='word_1_448' title='bbox 2107 1053 2372 1108; x_wconf 86' lang='lat' dir='ltr'><strong>adversus</strong></span> <span class='ocrx_word' id='word_1_449' title='bbox 2409 1069 2546 1117; x_wconf 82' lang='lat' dir='ltr'><strong>eos,</strong></span> <span class='ocrx_word' id='word_1_450' title='bbox 2601 1063 2656 1109; x_wconf 91' lang='lat' dir='ltr'><strong>et</strong></span> <span class='ocrx_word' id='word_1_451' title='bbox 2695 1055 2999 1112; x_wconf 85' lang='lat' dir='ltr'><strong>certamine</strong></span> <span class='ocrx_word' id='word_1_452' title='bbox 3041 1072 3136 1112; x_wconf 93' lang='lat' dir='ltr'><strong>eos</strong></span> <span class='ocrx_word' id='word_1_453' title='bbox 3186 1057 3475 1127; x_wconf 85' lang='lat' dir='ltr'><strong>dejiciens,</strong></span> <span class='ocrx_word' id='word_1_454' title='bbox 3507 1059 3582 1114; x_wconf 87' lang='lat' dir='ltr'><strong>ita</strong></span> <span class='ocrx_word' id='word_1_455' title='bbox 3631 1073 3692 1113; x_wconf 87' lang='lat' dir='ltr'><strong>ut</strong></span> 
     </span>
    </p>
   </div>
   <div class='ocr_carea' id='block_1_56' title="bbox 2103 1146 3793 1217">
    <p class='ocr_par' dir='ltr' id='par_1_56' title="bbox 2103 1146 3793 1217">
     <span class='ocr_line' id='line_1_56' title="bbox 2103 1146 3793 1217; baseline 0.005 -18"><span class='ocrx_word' id='word_1_456' title='bbox 2103 1158 2277 1199; x_wconf 88' lang='lat' dir='ltr'><strong>ovans</strong></span> <span class='ocrx_word' id='word_1_457' title='bbox 2306 1146 2679 1200; x_wconf 76' lang='lat' dir='ltr'><strong>exclamaret:</strong></span> <span class='ocrx_word' id='word_1_458' title='bbox 2721 1165 2741 1197; x_wconf 70' lang='grc' dir='ltr'><strong>ι</strong></span> <span class='ocrx_word' id='word_1_459' title='bbox 2792 1146 2904 1217; x_wconf 84' lang='lat' dir='ltr'><strong>Ego</strong></span> <span class='ocrx_word' id='word_1_460' title='bbox 2957 1147 3059 1202; x_wconf 87' lang='lat' dir='ltr'><strong>vici</strong></span> <span class='ocrx_word' id='word_1_461' title='bbox 3111 1149 3374 1204; x_wconf 92' lang='lat' dir='ltr'><strong>mundum</strong></span> <span class='ocrx_word' id='word_1_462' title='bbox 3402 1153 3446 1205; x_wconf 81' lang='grc'><strong>².</strong></span> <span class='ocrx_word' id='word_1_463' title='bbox 3489 1170 3510 1203; x_wconf 75' lang='grc' dir='ltr'><strong>ι</strong></span> <span class='ocrx_word' id='word_1_464' title='bbox 3567 1150 3696 1207; x_wconf 67' lang='lat' dir='ltr'><strong>Haec</strong></span> <span class='ocrx_word' id='word_1_465' title='bbox 3786 1166 3793 1179; x_wconf 91' lang='lat'><strong><em>&#39;</em></strong></span> 
     </span>
    </p>
   </div>
   <div class='ocr_carea' id='block_1_57' title="bbox 2106 1237 3690 1313">
    <p class='ocr_par' dir='ltr' id='par_1_57' title="bbox 2106 1237 3690 1313">
     <span class='ocr_line' id='line_1_57' title="bbox 2106 1237 3690 1313; baseline 0.004 -23"><span class='ocrx_word' id='word_1_466' title='bbox 2106 1238 2398 1292; x_wconf 83' lang='lat' dir='ltr'><strong>conﬁrmat</strong></span> <span class='ocrx_word' id='word_1_467' title='bbox 2432 1237 2724 1294; x_wconf 88' lang='lat' dir='ltr'><strong>multitudo</strong></span> <span class='ocrx_word' id='word_1_468' title='bbox 2749 1255 2938 1295; x_wconf 88' lang='lat' dir='ltr'><strong>eorum</strong></span> <span class='ocrx_word' id='word_1_469' title='bbox 2967 1241 3060 1313; x_wconf 93' lang='lat' dir='ltr'><strong>qui</strong></span> <span class='ocrx_word' id='word_1_470' title='bbox 3089 1255 3119 1296; x_wconf 92' lang='lat' dir='ltr'><strong>a</strong></span> <span class='ocrx_word' id='word_1_471' title='bbox 3152 1243 3384 1312; x_wconf 91' lang='lat' dir='ltr'><strong>pristino</strong></span> <span class='ocrx_word' id='word_1_472' title='bbox 3411 1259 3599 1299; x_wconf 88' lang='lat' dir='ltr'><strong>errore</strong></span> <span class='ocrx_word' id='word_1_473' title='bbox 3622 1243 3690 1297; x_wconf 87' lang='lat' dir='ltr'><strong>ad</strong></span> 
     </span>
    </p>
   </div>
   <div class='ocr_carea' id='block_1_58' title="bbox 2108 1327 3689 1404">
    <p class='ocr_par' dir='ltr' id='par_1_58' title="bbox 2108 1327 3689 1404">
     <span class='ocr_line' id='line_1_58' title="bbox 2108 1327 3689 1404; baseline 0.005 -25"><span class='ocrx_word' id='word_1_474' title='bbox 2108 1340 2294 1381; x_wconf 87' lang='lat' dir='ltr'><strong>veram</strong></span> <span class='ocrx_word' id='word_1_475' title='bbox 2344 1327 2440 1383; x_wconf 87' lang='lat' dir='ltr'><strong>Dei</strong></span> <span class='ocrx_word' id='word_1_476' title='bbox 2476 1329 2764 1383; x_wconf 86' lang='lat' dir='ltr'><strong>scientiam</strong></span> <span class='ocrx_word' id='word_1_477' title='bbox 2812 1330 3060 1399; x_wconf 86' lang='lat' dir='ltr'><strong>perducti</strong></span> <span class='ocrx_word' id='word_1_478' title='bbox 3106 1339 3235 1387; x_wconf 91' lang='lat' dir='ltr'><strong>sunt</strong></span> <span class='ocrx_word' id='word_1_479' title='bbox 3262 1348 3357 1404; x_wconf 89' lang='lat' dir='ltr'><strong>per</strong></span> <span class='ocrx_word' id='word_1_480' title='bbox 3388 1348 3511 1389; x_wconf 89' lang='lat' dir='ltr'><strong>eum</strong></span> <span class='ocrx_word' id='word_1_481' title='bbox 3544 1353 3559 1388; x_wconf 90' lang='lat'><strong>:</strong></span> <span class='ocrx_word' id='word_1_482' title='bbox 3600 1333 3689 1389; x_wconf 57' lang='lat' dir='ltr'><strong>die</strong></span> 
     </span>
    </p>
   </div>
   <div class='ocr_carea' id='block_1_59' title="bbox 2102 1419 3693 1497">
    <p class='ocr_par' dir='ltr' id='par_1_59' title="bbox 2102 1419 3693 1497">
     <span class='ocr_line' id='line_1_59' title="bbox 2102 1419 3693 1497; baseline 0.007 -26"><span class='ocrx_word' id='word_1_483' title='bbox 2102 1426 2230 1472; x_wconf 91' lang='lat' dir='ltr'><strong>eant</strong></span> <span class='ocrx_word' id='word_1_484' title='bbox 2264 1419 2359 1490; x_wconf 89' lang='lat' dir='ltr'><strong>qui</strong></span> <span class='ocrx_word' id='word_1_485' title='bbox 2398 1435 2466 1475; x_wconf 79' lang='lat' dir='ltr'><strong>ex</strong></span> <span class='ocrx_word' id='word_1_486' title='bbox 2493 1420 2916 1478; x_wconf 87' lang='lat' dir='ltr'><strong>circumcisione</strong></span> <span class='ocrx_word' id='word_1_487' title='bbox 2942 1432 3091 1487; x_wconf 88' lang='lat' dir='ltr'><strong>sunt,</strong></span> <span class='ocrx_word' id='word_1_488' title='bbox 3122 1425 3212 1479; x_wconf 90' lang='lat' dir='ltr'><strong>cui</strong></span> <span class='ocrx_word' id='word_1_489' title='bbox 3245 1427 3542 1482; x_wconf 89' lang='lat' dir='ltr'><strong>convenire</strong></span> <span class='ocrx_word' id='word_1_490' title='bbox 3563 1441 3693 1497; x_wconf 73' lang='lat' dir='ltr'><strong>pos~</strong></span> 
     </span>
    </p>
   </div>
   <div class='ocr_carea' id='block_1_60' title="bbox 2102 1510 3697 1585">
    <p class='ocr_par' dir='ltr' id='par_1_60' title="bbox 2102 1510 3697 1585">
     <span class='ocr_line' id='line_1_60' title="bbox 2102 1510 3697 1585; baseline 0.006 -20"><span class='ocrx_word' id='word_1_491' title='bbox 2102 1510 2212 1565; x_wconf 91' lang='lat' dir='ltr'><strong>sint</strong></span> <span class='ocrx_word' id='word_1_492' title='bbox 2238 1513 2402 1567; x_wconf 85' lang='lat' dir='ltr'><strong>verba</strong></span> <span class='ocrx_word' id='word_1_493' title='bbox 2438 1513 2605 1583; x_wconf 80' lang='lat' dir='ltr'><strong>hujus</strong></span> <span class='ocrx_word' id='word_1_494' title='bbox 2633 1514 2951 1585; x_wconf 63' lang='lat' dir='ltr'><strong>prophetiae,</strong></span> <span class='ocrx_word' id='word_1_495' title='bbox 2978 1515 3150 1572; x_wconf 89' lang='lat' dir='ltr'><strong>Deum</strong></span> <span class='ocrx_word' id='word_1_496' title='bbox 3205 1517 3496 1574; x_wconf 82' lang='lat' dir='ltr'><strong>manifeste</strong></span> <span class='ocrx_word' id='word_1_497' title='bbox 3522 1521 3697 1575; x_wconf 83' lang='lat' dir='ltr'><strong>conli-</strong></span> 
     </span>
    </p>
   </div>
   <div class='ocr_carea' id='block_1_61' title="bbox 2102 1604 3695 1690">
    <p class='ocr_par' dir='ltr' id='par_1_61' title="bbox 2102 1604 3695 1690">
     <span class='ocr_line' id='line_1_61' title="bbox 2102 1604 3695 1690; baseline 0.006 -32"><span class='ocrx_word' id='word_1_498' title='bbox 2102 1609 2284 1661; x_wconf 90' lang='lat' dir='ltr'><strong>tentis.</strong></span> <span class='ocrx_word' id='word_1_499' title='bbox 2319 1626 2338 1658; x_wconf 75' lang='grc' dir='ltr'><strong>ι</strong></span> <span class='ocrx_word' id='word_1_500' title='bbox 2384 1604 2449 1661; x_wconf 80' lang='lat' dir='ltr'><strong>Hi</strong></span> <span class='ocrx_word' id='word_1_501' title='bbox 2474 1608 2641 1674; x_wconf 91' lang='lat' dir='ltr'><strong>enim,</strong></span> <span class='ocrx_word' id='word_1_502' title='bbox 2669 1609 2765 1668; x_wconf 87' lang='lat' dir='ltr'><strong>ait,</strong></span> <span class='ocrx_word' id='word_1_503' title='bbox 2793 1608 2845 1662; x_wconf 91' lang='lat' dir='ltr'><strong>hi</strong></span> <span class='ocrx_word' id='word_1_504' title='bbox 2872 1609 2967 1663; x_wconf 86' lang='lat' dir='ltr'><strong>tibi</strong></span> <span class='ocrx_word' id='word_1_505' title='bbox 2997 1617 3160 1663; x_wconf 89' lang='lat' dir='ltr'><strong>erunt</strong></span> <span class='ocrx_word' id='word_1_506' title='bbox 3187 1610 3358 1674; x_wconf 79' lang='lat' dir='ltr'><strong>servi,</strong></span> <span class='ocrx_word' id='word_1_507' title='bbox 3392 1618 3448 1666; x_wconf 92' lang='lat' dir='ltr'><strong>et</strong></span> <span class='ocrx_word' id='word_1_508' title='bbox 3486 1617 3695 1690; x_wconf 30' lang='lat' dir='ltr'><strong>postate</strong></span> 
     </span>
    </p>
   </div>
   <div class='ocr_carea' id='block_1_62' title="bbox 2100 1698 3697 1773">
    <p class='ocr_par' dir='ltr' id='par_1_62' title="bbox 2100 1698 3697 1773">
     <span class='ocr_line' id='line_1_62' title="bbox 2100 1698 3697 1773; baseline 0.004 -23"><span class='ocrx_word' id='word_1_509' title='bbox 2100 1698 2480 1761; x_wconf 86' lang='lat' dir='ltr'><strong>ambulabunt,</strong></span> <span class='ocrx_word' id='word_1_510' title='bbox 2506 1707 2561 1755; x_wconf 91' lang='lat' dir='ltr'><strong>et</strong></span> <span class='ocrx_word' id='word_1_511' title='bbox 2588 1699 2896 1755; x_wconf 86' lang='lat' dir='ltr'><strong>adorabunt</strong></span> <span class='ocrx_word' id='word_1_512' title='bbox 2924 1708 2999 1764; x_wconf 90' lang='lat' dir='ltr'><strong>te,</strong></span> <span class='ocrx_word' id='word_1_513' title='bbox 3030 1708 3084 1755; x_wconf 92' lang='lat' dir='ltr'><strong>et</strong></span> <span class='ocrx_word' id='word_1_514' title='bbox 3120 1702 3174 1755; x_wconf 91' lang='lat' dir='ltr'><strong>in</strong></span> <span class='ocrx_word' id='word_1_515' title='bbox 3203 1712 3254 1756; x_wconf 93' lang='lat' dir='ltr'><strong>te</strong></span> <span class='ocrx_word' id='word_1_516' title='bbox 3275 1702 3531 1765; x_wconf 86' lang='lat' dir='ltr'><strong>orabunt,</strong></span> <span class='ocrx_word' id='word_1_517' title='bbox 3558 1718 3697 1773; x_wconf 90' lang='lat' dir='ltr'><strong>quo-</strong></span> 
     </span>
    </p>
   </div>
   <div class='ocr_carea' id='block_1_63' title="bbox 2103 1790 3690 1864">
    <p class='ocr_par' dir='ltr' id='par_1_63' title="bbox 2103 1790 3690 1864">
     <span class='ocr_line' id='line_1_63' title="bbox 2103 1790 3690 1864; baseline 0.004 -21"><span class='ocrx_word' id='word_1_518' title='bbox 2103 1790 2249 1844; x_wconf 87' lang='lat' dir='ltr'><strong>niam</strong></span> <span class='ocrx_word' id='word_1_519' title='bbox 2271 1790 2326 1845; x_wconf 91' lang='lat' dir='ltr'><strong>in</strong></span> <span class='ocrx_word' id='word_1_520' title='bbox 2351 1799 2404 1845; x_wconf 88' lang='lat' dir='ltr'><strong>te</strong></span> <span class='ocrx_word' id='word_1_521' title='bbox 2428 1798 2513 1846; x_wconf 91' lang='lat' dir='ltr'><strong>est</strong></span> <span class='ocrx_word' id='word_1_522' title='bbox 2540 1790 2704 1855; x_wconf 89' lang='lat' dir='ltr'><strong>Deus,</strong></span> <span class='ocrx_word' id='word_1_523' title='bbox 2736 1800 2791 1846; x_wconf 88' lang='lat' dir='ltr'><strong>et</strong></span> <span class='ocrx_word' id='word_1_524' title='bbox 2829 1807 2938 1847; x_wconf 91' lang='lat' dir='ltr'><strong>non</strong></span> <span class='ocrx_word' id='word_1_525' title='bbox 2964 1801 3049 1848; x_wconf 82' lang='lat' dir='ltr'><strong>est</strong></span> <span class='ocrx_word' id='word_1_526' title='bbox 3081 1791 3223 1849; x_wconf 88' lang='lat' dir='ltr'><strong>Deus</strong></span> <span class='ocrx_word' id='word_1_527' title='bbox 3256 1802 3458 1864; x_wconf 65' lang='lat' dir='ltr'><strong>praeter</strong></span> <span class='ocrx_word' id='word_1_528' title='bbox 3483 1802 3558 1850; x_wconf 91' lang='lat' dir='ltr'><strong>te.</strong></span> <span class='ocrx_word' id='word_1_529' title='bbox 3608 1794 3690 1849; x_wconf 85' lang='lat' dir='ltr'><strong>Tu</strong></span> 
     </span>
    </p>
   </div>
   <div class='ocr_carea' id='block_1_64' title="bbox 2101 1882 3694 1948">
    <p class='ocr_par' dir='ltr' id='par_1_64' title="bbox 2101 1882 3694 1948">
     <span class='ocr_line' id='line_1_64' title="bbox 2101 1882 3694 1948; baseline 0.002 -10"><span class='ocrx_word' id='word_1_530' title='bbox 2101 1882 2247 1938; x_wconf 91' lang='lat' dir='ltr'><strong>enim</strong></span> <span class='ocrx_word' id='word_1_531' title='bbox 2272 1898 2332 1938; x_wconf 90' lang='lat' dir='ltr'><strong>es</strong></span> <span class='ocrx_word' id='word_1_532' title='bbox 2369 1882 2532 1947; x_wconf 89' lang='lat' dir='ltr'><strong>Deus,</strong></span> <span class='ocrx_word' id='word_1_533' title='bbox 2577 1891 2633 1939; x_wconf 90' lang='lat' dir='ltr'><strong>et</strong></span> <span class='ocrx_word' id='word_1_534' title='bbox 2661 1885 3076 1948; x_wconf 85' lang='lat' dir='ltr'><strong>nesciebamus,</strong></span> <span class='ocrx_word' id='word_1_535' title='bbox 3122 1883 3268 1942; x_wconf 90' lang='lat' dir='ltr'><strong>Deus</strong></span> <span class='ocrx_word' id='word_1_536' title='bbox 3303 1886 3473 1943; x_wconf 86' lang='lat' dir='ltr'><strong>Israel</strong></span> <span class='ocrx_word' id='word_1_537' title='bbox 3512 1886 3694 1943; x_wconf 79' lang='lat' dir='ltr'><strong>Salva-</strong></span> 
     </span>
    </p>
   </div>
   <div class='ocr_carea' id='block_1_65' title="bbox 2102 1972 3690 2049">
    <p class='ocr_par' dir='ltr' id='par_1_65' title="bbox 2102 1972 3690 2049">
     <span class='ocr_line' id='line_1_65' title="bbox 2102 1972 3690 2049; baseline 0.002 -22"><span class='ocrx_word' id='word_1_538' title='bbox 2102 1981 2190 2027; x_wconf 89' lang='lat' dir='ltr'><strong>tor</strong></span> <span class='ocrx_word' id='word_1_539' title='bbox 2219 1973 2261 2026; x_wconf 88' lang='grc'><strong>⁸.</strong></span> <span class='ocrx_word' id='word_1_540' title='bbox 2300 1992 2319 2024; x_wconf 75' lang='grc' dir='ltr'><strong>ι</strong></span> <span class='ocrx_word' id='word_1_541' title='bbox 2355 1972 2643 2030; x_wconf 78' lang='lat' dir='ltr'><strong>Manifeste</strong></span> <span class='ocrx_word' id='word_1_542' title='bbox 2683 1982 2831 2045; x_wconf 87' lang='lat' dir='ltr'><strong>patet</strong></span> <span class='ocrx_word' id='word_1_543' title='bbox 2875 1977 2961 2030; x_wconf 89' lang='lat' dir='ltr'><strong>cui</strong></span> <span class='ocrx_word' id='word_1_544' title='bbox 2997 1976 3113 2030; x_wconf 76' lang='lat' dir='ltr'><strong>haec</strong></span> <span class='ocrx_word' id='word_1_545' title='bbox 3149 1976 3407 2032; x_wconf 83' lang='lat' dir='ltr'><strong>dicantur</strong></span> <span class='ocrx_word' id='word_1_546' title='bbox 3430 2019 3447 2044; x_wconf 88' lang='lat'><strong>,</strong></span> <span class='ocrx_word' id='word_1_547' title='bbox 3500 1996 3519 2028; x_wconf 75' lang='grc' dir='ltr'><strong>ι</strong></span> <span class='ocrx_word' id='word_1_548' title='bbox 3550 1994 3690 2049; x_wconf 90' lang='lat' dir='ltr'><strong>quo-</strong></span> 
     </span>
    </p>
   </div>
   <div class='ocr_carea' id='block_1_66' title="bbox 2100 2063 3692 2136">
    <p class='ocr_par' dir='ltr' id='par_1_66' title="bbox 2100 2063 3692 2136">
     <span class='ocr_line' id='line_1_66' title="bbox 2100 2063 3692 2136; baseline 0.003 -19"><span class='ocrx_word' id='word_1_549' title='bbox 2100 2064 2246 2118; x_wconf 88' lang='lat' dir='ltr'><strong>niam</strong></span> <span class='ocrx_word' id='word_1_550' title='bbox 2278 2064 2334 2118; x_wconf 92' lang='lat' dir='ltr'><strong>in</strong></span> <span class='ocrx_word' id='word_1_551' title='bbox 2360 2070 2413 2120; x_wconf 88' lang='lat' dir='ltr'><strong>te</strong></span> <span class='ocrx_word' id='word_1_552' title='bbox 2436 2072 2522 2121; x_wconf 91' lang='lat' dir='ltr'><strong>est</strong></span> <span class='ocrx_word' id='word_1_553' title='bbox 2556 2063 2701 2120; x_wconf 90' lang='lat' dir='ltr'><strong>Deus</strong></span> <span class='ocrx_word' id='word_1_554' title='bbox 2724 2105 2740 2128; x_wconf 92' lang='lat'><strong>,</strong></span> <span class='ocrx_word' id='word_1_555' title='bbox 2798 2085 2816 2120; x_wconf 71' lang='grc' dir='ltr'><strong>ι</strong></span> <span class='ocrx_word' id='word_1_556' title='bbox 2871 2066 3073 2136; x_wconf 82' lang='lat' dir='ltr'><strong>quibus</strong></span> <span class='ocrx_word' id='word_1_557' title='bbox 3125 2066 3275 2122; x_wconf 86' lang='lat' dir='ltr'><strong>addit</strong></span> <span class='ocrx_word' id='word_1_558' title='bbox 3314 2083 3520 2135; x_wconf 80' lang='lat' dir='ltr'><strong>sermo,</strong></span> <span class='ocrx_word' id='word_1_559' title='bbox 3555 2088 3575 2121; x_wconf 75' lang='grc' dir='ltr'><strong>ι</strong></span> <span class='ocrx_word' id='word_1_560' title='bbox 3633 2080 3692 2124; x_wconf 87' lang='lat' dir='ltr'><strong>et</strong></span> 
     </span>
    </p>
   </div>
   <div class='ocr_carea' id='block_1_67' title="bbox 2100 2154 3688 2228">
    <p class='ocr_par' dir='ltr' id='par_1_67' title="bbox 2100 2154 3688 2228">
     <span class='ocr_line' id='line_1_67' title="bbox 2100 2154 3688 2228; baseline 0.004 -19"><span class='ocrx_word' id='word_1_561' title='bbox 2100 2170 2210 2210; x_wconf 91' lang='lat' dir='ltr'><strong>non</strong></span> <span class='ocrx_word' id='word_1_562' title='bbox 2241 2166 2324 2212; x_wconf 88' lang='lat' dir='ltr'><strong>est</strong></span> <span class='ocrx_word' id='word_1_563' title='bbox 2349 2154 2493 2212; x_wconf 88' lang='lat' dir='ltr'><strong>Deus</strong></span> <span class='ocrx_word' id='word_1_564' title='bbox 2532 2165 2731 2228; x_wconf 81' lang='lat' dir='ltr'><strong>praeter</strong></span> <span class='ocrx_word' id='word_1_565' title='bbox 2766 2165 2836 2212; x_wconf 91' lang='lat' dir='ltr'><strong>te.</strong></span> <span class='ocrx_word' id='word_1_566' title='bbox 2880 2156 2961 2211; x_wconf 87' lang='lat' dir='ltr'><strong>Tu</strong></span> <span class='ocrx_word' id='word_1_567' title='bbox 3004 2158 3149 2213; x_wconf 91' lang='lat' dir='ltr'><strong>enim</strong></span> <span class='ocrx_word' id='word_1_568' title='bbox 3183 2174 3244 2215; x_wconf 88' lang='lat' dir='ltr'><strong>es</strong></span> <span class='ocrx_word' id='word_1_569' title='bbox 3279 2158 3458 2224; x_wconf 89' lang='lat' dir='ltr'><strong>Deus,</strong></span> <span class='ocrx_word' id='word_1_570' title='bbox 3502 2168 3556 2215; x_wconf 64' lang='lat' dir='ltr'><strong>et</strong></span> <span class='ocrx_word' id='word_1_571' title='bbox 3589 2175 3688 2215; x_wconf 86' lang='lat' dir='ltr'><strong>ne-</strong></span> 
     </span>
    </p>
   </div>
   <div class='ocr_carea' id='block_1_68' title="bbox 2098 2249 3690 2324">
    <p class='ocr_par' dir='ltr' id='par_1_68' title="bbox 2098 2249 3690 2324">
     <span class='ocr_line' id='line_1_68' title="bbox 2098 2249 3690 2324; baseline 0.004 -22"><span class='ocrx_word' id='word_1_572' title='bbox 2098 2249 2431 2305; x_wconf 83' lang='lat' dir='ltr'><strong>sciebamus.</strong></span> <span class='ocrx_word' id='word_1_573' title='bbox 2467 2268 2486 2302; x_wconf 76' lang='grc'><strong>»</strong></span> <span class='ocrx_word' id='word_1_574' title='bbox 2514 2249 2646 2318; x_wconf 63' lang='lat' dir='ltr'><strong>Quae.</strong></span> <span class='ocrx_word' id='word_1_575' title='bbox 2670 2251 2970 2307; x_wconf 87' lang='lat' dir='ltr'><strong>audiuntur</strong></span> <span class='ocrx_word' id='word_1_576' title='bbox 3000 2252 3160 2324; x_wconf 87' lang='lat' dir='ltr'><strong>quasi</strong></span> <span class='ocrx_word' id='word_1_577' title='bbox 3189 2267 3253 2308; x_wconf 79' lang='lat' dir='ltr'><strong>ex</strong></span> <span class='ocrx_word' id='word_1_578' title='bbox 3287 2267 3520 2323; x_wconf 87' lang='lat' dir='ltr'><strong>persona</strong></span> <span class='ocrx_word' id='word_1_579' title='bbox 3542 2253 3690 2308; x_wconf 86' lang='lat' dir='ltr'><strong>dicta</strong></span> 
     </span>
    </p>
   </div>
   <div class='ocr_carea' id='block_1_69' title="bbox 2099 2340 3682 2417">
    <p class='ocr_par' dir='ltr' id='par_1_69' title="bbox 2099 2340 3682 2417">
     <span class='ocr_line' id='line_1_69' title="bbox 2099 2340 3682 2417; baseline 0.003 -23"><span class='ocrx_word' id='word_1_580' title='bbox 2099 2354 2291 2394; x_wconf 87' lang='lat' dir='ltr'><strong>eorum</strong></span> <span class='ocrx_word' id='word_1_581' title='bbox 2339 2340 2432 2411; x_wconf 90' lang='lat' dir='ltr'><strong>qui</strong></span> <span class='ocrx_word' id='word_1_582' title='bbox 2467 2340 2747 2398; x_wconf 83' lang='lat' dir='ltr'><strong>Christum</strong></span> <span class='ocrx_word' id='word_1_583' title='bbox 2779 2343 2873 2400; x_wconf 89' lang='lat' dir='ltr'><strong>Dei</strong></span> <span class='ocrx_word' id='word_1_584' title='bbox 2907 2345 3250 2401; x_wconf 91' lang='lat' dir='ltr'><strong>incarnatum</strong></span> <span class='ocrx_word' id='word_1_585' title='bbox 3280 2355 3682 2417; x_wconf 74' lang='lat' dir='ltr'><strong>cognoverunt;</strong></span> 
     </span>
    </p>
   </div>
   <div class='ocr_carea' id='block_1_70' title="bbox 2097 2433 3682 2509">
    <p class='ocr_par' dir='ltr' id='par_1_70' title="bbox 2097 2433 3682 2509">
     <span class='ocr_line' id='line_1_70' title="bbox 2097 2433 3682 2509; baseline 0.003 -22"><span class='ocrx_word' id='word_1_586' title='bbox 2097 2433 2153 2487; x_wconf 84' lang='lat' dir='ltr'><strong>in</strong></span> <span class='ocrx_word' id='word_1_587' title='bbox 2180 2449 2292 2504; x_wconf 89' lang='lat' dir='ltr'><strong>quo</strong></span> <span class='ocrx_word' id='word_1_588' title='bbox 2330 2433 2604 2490; x_wconf 85' lang='lat' dir='ltr'><strong>inhabitat</strong></span> <span class='ocrx_word' id='word_1_589' title='bbox 2632 2435 2776 2491; x_wconf 89' lang='lat' dir='ltr'><strong>Deus</strong></span> <span class='ocrx_word' id='word_1_590' title='bbox 2809 2435 2992 2502; x_wconf 87' lang='lat' dir='ltr'><strong>Pater,</strong></span> <span class='ocrx_word' id='word_1_591' title='bbox 3018 2436 3174 2507; x_wconf 78' lang='lat' dir='ltr'><strong>juxta</strong></span> <span class='ocrx_word' id='word_1_592' title='bbox 3207 2437 3338 2493; x_wconf 76' lang='lat' dir='ltr'><strong>illud</strong></span> <span class='ocrx_word' id='word_1_593' title='bbox 3368 2456 3382 2492; x_wconf 91' lang='lat'>:</span> <span class='ocrx_word' id='word_1_594' title='bbox 3422 2455 3440 2488; x_wconf 79' lang='grc' dir='ltr'><strong>ι</strong></span> <span class='ocrx_word' id='word_1_595' title='bbox 3482 2437 3595 2509; x_wconf 71' lang='lat' dir='ltr'><strong>Ego</strong></span> <span class='ocrx_word' id='word_1_596' title='bbox 3626 2438 3682 2492; x_wconf 87' lang='lat' dir='ltr'><strong>in</strong></span> 
     </span>
    </p>
   </div>
   <div class='ocr_carea' id='block_1_71' title="bbox 2096 2522 3662 2598">
    <p class='ocr_par' dir='ltr' id='par_1_71' title="bbox 2096 2522 3662 2598">
     <span class='ocr_line' id='line_1_71' title="bbox 2096 2522 3662 2598; baseline 0.001 -20"><span class='ocrx_word' id='word_1_597' title='bbox 2096 2522 2276 2587; x_wconf 89' lang='lat' dir='ltr'><strong>Patre,</strong></span> <span class='ocrx_word' id='word_1_598' title='bbox 2305 2532 2359 2579; x_wconf 93' lang='lat' dir='ltr'><strong>et</strong></span> <span class='ocrx_word' id='word_1_599' title='bbox 2389 2523 2551 2581; x_wconf 86' lang='lat' dir='ltr'><strong>Pater</strong></span> <span class='ocrx_word' id='word_1_600' title='bbox 2584 2525 2637 2579; x_wconf 91' lang='lat' dir='ltr'><strong>in</strong></span> <span class='ocrx_word' id='word_1_601' title='bbox 2674 2541 2758 2581; x_wconf 89' lang='lat' dir='ltr'><strong>me</strong></span> <span class='ocrx_word' id='word_1_602' title='bbox 2791 2526 2834 2581; x_wconf 70' lang='grc'><strong>⁵.</strong></span> <span class='ocrx_word' id='word_1_603' title='bbox 2872 2546 2893 2579; x_wconf 72' lang='grc' dir='ltr'><strong>ι</strong></span> <span class='ocrx_word' id='word_1_604' title='bbox 2920 2527 3167 2598; x_wconf 67' lang='lat' dir='ltr'><strong>ideoque</strong></span> <span class='ocrx_word' id='word_1_605' title='bbox 3189 2527 3318 2583; x_wconf 89' lang='lat' dir='ltr'><strong>huic</strong></span> <span class='ocrx_word' id='word_1_606' title='bbox 3358 2528 3462 2585; x_wconf 90' lang='lat' dir='ltr'><strong>soli</strong></span> <span class='ocrx_word' id='word_1_607' title='bbox 3488 2540 3662 2583; x_wconf 62' lang='lat' dir='ltr'><strong>conv».</strong></span> 
     </span>
    </p>
   </div>
   <div class='ocr_carea' id='block_1_72' title="bbox 2096 2614 3684 2689">
    <p class='ocr_par' dir='ltr' id='par_1_72' title="bbox 2096 2614 3684 2689">
     <span class='ocr_line' id='line_1_72' title="bbox 2096 2614 3684 2689; baseline 0.002 -21"><span class='ocrx_word' id='word_1_608' title='bbox 2096 2615 2255 2669; x_wconf 91' lang='lat' dir='ltr'><strong>niunt</strong></span> <span class='ocrx_word' id='word_1_609' title='bbox 2283 2614 2375 2669; x_wconf 91' lang='lat' dir='ltr'><strong>illa</strong></span> <span class='ocrx_word' id='word_1_610' title='bbox 2411 2632 2426 2668; x_wconf 88' lang='lat'><strong>:</strong></span> <span class='ocrx_word' id='word_1_611' title='bbox 2464 2636 2484 2668; x_wconf 70' lang='grc' dir='ltr'><strong>ι</strong></span> <span class='ocrx_word' id='word_1_612' title='bbox 2521 2615 2641 2670; x_wconf 85' lang='lat' dir='ltr'><strong>Non</strong></span> <span class='ocrx_word' id='word_1_613' title='bbox 2673 2624 2759 2671; x_wconf 90' lang='lat' dir='ltr'><strong>est</strong></span> <span class='ocrx_word' id='word_1_614' title='bbox 2791 2615 2935 2673; x_wconf 91' lang='lat' dir='ltr'><strong>Deus</strong></span> <span class='ocrx_word' id='word_1_615' title='bbox 2964 2627 3163 2689; x_wconf 65' lang='lat' dir='ltr'><strong>praeter</strong></span> <span class='ocrx_word' id='word_1_616' title='bbox 3193 2627 3275 2684; x_wconf 89' lang='lat' dir='ltr'><strong>te;</strong></span> <span class='ocrx_word' id='word_1_617' title='bbox 3326 2637 3346 2669; x_wconf 74' lang='grc' dir='ltr'><strong>ι</strong></span> <span class='ocrx_word' id='word_1_618' title='bbox 3378 2618 3534 2689; x_wconf 86' lang='lat' dir='ltr'><strong>quasi</strong></span> <span class='ocrx_word' id='word_1_619' title='bbox 3567 2620 3684 2674; x_wconf 88' lang='lat' dir='ltr'><strong>sola</strong></span> 
     </span>
    </p>
   </div>
   <div class='ocr_carea' id='block_1_73' title="bbox 2095 2707 3687 2780">
    <p class='ocr_par' dir='ltr' id='par_1_73' title="bbox 2095 2707 3687 2780">
     <span class='ocr_line' id='line_1_73' title="bbox 2095 2707 3687 2780; baseline 0.002 -19"><span class='ocrx_word' id='word_1_620' title='bbox 2095 2707 2260 2764; x_wconf 77' lang='lat' dir='ltr'><strong>Verbi</strong></span> <span class='ocrx_word' id='word_1_621' title='bbox 2298 2709 2500 2764; x_wconf 81' lang='lat' dir='ltr'><strong>deitate</strong></span> <span class='ocrx_word' id='word_1_622' title='bbox 2541 2716 2771 2780; x_wconf 91' lang='lat' dir='ltr'><strong>paterno</strong></span> <span class='ocrx_word' id='word_1_623' title='bbox 2815 2709 3151 2780; x_wconf 83' lang='lat' dir='ltr'><strong>principatui</strong></span> <span class='ocrx_word' id='word_1_624' title='bbox 3179 2710 3330 2764; x_wconf 89' lang='lat' dir='ltr'><strong>unita</strong></span> <span class='ocrx_word' id='word_1_625' title='bbox 3371 2709 3687 2766; x_wconf 83' lang='lat' dir='ltr'><strong>commista-</strong></span> 
     </span>
    </p>
   </div>
   <div class='ocr_carea' id='block_1_74' title="bbox 2094 2800 3671 2874">
    <p class='ocr_par' dir='ltr' id='par_1_74' title="bbox 2094 2800 3671 2874">
     <span class='ocr_line' id='line_1_74' title="bbox 2094 2800 3671 2874; baseline -0.001 -18"><span class='ocrx_word' id='word_1_626' title='bbox 2094 2817 2221 2873; x_wconf 87' lang='lat' dir='ltr'><strong>que,</strong></span> <span class='ocrx_word' id='word_1_627' title='bbox 2253 2801 2485 2872; x_wconf 90' lang='lat' dir='ltr'><strong>ideoque</strong></span> <span class='ocrx_word' id='word_1_628' title='bbox 2513 2800 2631 2857; x_wconf 89' lang='lat' dir='ltr'><strong>sola</strong></span> <span class='ocrx_word' id='word_1_629' title='bbox 2663 2802 2949 2872; x_wconf 79' lang='lat' dir='ltr'><strong>utriusque</strong></span> <span class='ocrx_word' id='word_1_630' title='bbox 2974 2802 3149 2873; x_wconf 77' lang='lat' dir='ltr'><strong>gloria</strong></span> <span class='ocrx_word' id='word_1_631' title='bbox 3188 2811 3243 2857; x_wconf 90' lang='lat' dir='ltr'><strong>et</strong></span> <span class='ocrx_word' id='word_1_632' title='bbox 3279 2810 3548 2874; x_wconf 90' lang='lat' dir='ltr'><strong>potestate</strong></span> <span class='ocrx_word' id='word_1_633' title='bbox 3577 2818 3671 2873; x_wconf 74' lang='lat' dir='ltr'><strong>gn</strong></span> 
     </span>
    </p>
   </div>
   <div class='ocr_carea' id='block_1_75' title="bbox 2094 2891 3681 2965">
    <p class='ocr_par' dir='ltr' id='par_1_75' title="bbox 2094 2891 3681 2965">
     <span class='ocr_line' id='line_1_75' title="bbox 2094 2891 3681 2965; baseline 0 -16"><span class='ocrx_word' id='word_1_634' title='bbox 2094 2894 2381 2949; x_wconf 89' lang='lat' dir='ltr'><strong>bernante.</strong></span> <span class='ocrx_word' id='word_1_635' title='bbox 2427 2891 2524 2949; x_wconf 84' lang='lat' dir='ltr'><strong>His</strong></span> <span class='ocrx_word' id='word_1_636' title='bbox 2551 2899 2755 2957; x_wconf 86' lang='lat' dir='ltr'><strong>autem,</strong></span> <span class='ocrx_word' id='word_1_637' title='bbox 2793 2910 2812 2943; x_wconf 74' lang='grc' dir='ltr'><strong>ι</strong></span> <span class='ocrx_word' id='word_1_638' title='bbox 2853 2891 3147 2946; x_wconf 78' lang='lat' dir='ltr'><strong>Lahoravit</strong></span> <span class='ocrx_word' id='word_1_639' title='bbox 3179 2892 3465 2965; x_wconf 63' lang='lat' dir='ltr'><strong>Egyptus,</strong></span> <span class='ocrx_word' id='word_1_640' title='bbox 3496 2901 3551 2948; x_wconf 90' lang='lat' dir='ltr'><strong>et</strong></span> <span class='ocrx_word' id='word_1_641' title='bbox 3580 2908 3681 2949; x_wconf 87' lang='lat' dir='ltr'><strong>ne-</strong></span> 
     </span>
    </p>
   </div>
   <div class='ocr_carea' id='block_1_76' title="bbox 2096 2981 3679 3056">
    <p class='ocr_par' dir='ltr' id='par_1_76' title="bbox 2096 2981 3679 3056">
     <span class='ocr_line' id='line_1_76' title="bbox 2096 2981 3679 3056; baseline 0.001 -17"><span class='ocrx_word' id='word_1_642' title='bbox 2096 2986 2324 3056; x_wconf 79' lang='lat' dir='ltr'><strong>gotiatio</strong></span> <span class='ocrx_word' id='word_1_643' title='bbox 2348 2983 2706 3055; x_wconf 67' lang='lat' dir='ltr'><strong>Ethiopum,</strong></span> <span class='ocrx_word' id='word_1_644' title='bbox 2741 2991 2795 3039; x_wconf 90' lang='lat' dir='ltr'><strong>et</strong></span> <span class='ocrx_word' id='word_1_645' title='bbox 2825 2981 3046 3038; x_wconf 86' lang='lat' dir='ltr'><strong>Sabaim</strong></span> <span class='ocrx_word' id='word_1_646' title='bbox 3092 2982 3195 3038; x_wconf 89' lang='lat' dir='ltr'><strong>viri</strong></span> <span class='ocrx_word' id='word_1_647' title='bbox 3244 2983 3446 3040; x_wconf 79' lang='lat' dir='ltr'><strong>excelsi</strong></span> <span class='ocrx_word' id='word_1_648' title='bbox 3501 2984 3570 3039; x_wconf 87' lang='lat' dir='ltr'><strong>ad</strong></span> <span class='ocrx_word' id='word_1_649' title='bbox 3624 2992 3679 3040; x_wconf 83' lang='lat' dir='ltr'><strong>te</strong></span> 
     </span>
    </p>
   </div>
   <div class='ocr_carea' id='block_1_77' title="bbox 2094 3077 3673 3149">
    <p class='ocr_par' dir='ltr' id='par_1_77' title="bbox 2094 3077 3673 3149">
     <span class='ocr_line' id='line_1_77' title="bbox 2094 3077 3673 3149; baseline -0.001 -17"><span class='ocrx_word' id='word_1_650' title='bbox 2094 3079 2430 3143; x_wconf 85' lang='lat' dir='ltr'><strong>transibunt,</strong></span> <span class='ocrx_word' id='word_1_651' title='bbox 2466 3097 2485 3131; x_wconf 76' lang='grc' dir='ltr'><strong>ι</strong></span> <span class='ocrx_word' id='word_1_652' title='bbox 2524 3077 2742 3134; x_wconf 89' lang='lat' dir='ltr'><strong>ostendi</strong></span> <span class='ocrx_word' id='word_1_653' title='bbox 2787 3077 3044 3133; x_wconf 80' lang='lat' dir='ltr'><strong>existimo</strong></span> <span class='ocrx_word' id='word_1_654' title='bbox 3095 3077 3359 3149; x_wconf 85' lang='lat' dir='ltr'><strong>quasdam</strong></span> <span class='ocrx_word' id='word_1_655' title='bbox 3419 3077 3673 3133; x_wconf 58' lang='lat' dir='ltr'><strong>adversa.</strong></span> 
     </span>
    </p>
   </div>
   <div class='ocr_carea' id='block_1_78' title="bbox 2093 3168 3678 3243">
    <p class='ocr_par' dir='ltr' id='par_1_78' title="bbox 2093 3168 3678 3243">
     <span class='ocr_line' id='line_1_78' title="bbox 2093 3168 3678 3243; baseline -0.001 -17"><span class='ocrx_word' id='word_1_656' title='bbox 2093 3172 2206 3228; x_wconf 91' lang='lat' dir='ltr'><strong>rias</strong></span> <span class='ocrx_word' id='word_1_657' title='bbox 2230 3172 2546 3243; x_wconf 88' lang='lat' dir='ltr'><strong>spirituales</strong></span> <span class='ocrx_word' id='word_1_658' title='bbox 2575 3180 2874 3241; x_wconf 87' lang='lat' dir='ltr'><strong>potestates</strong></span> <span class='ocrx_word' id='word_1_659' title='bbox 2910 3187 3031 3242; x_wconf 67' lang='lat' dir='ltr'><strong>quae</strong></span> <span class='ocrx_word' id='word_1_660' title='bbox 3084 3172 3350 3228; x_wconf 84' lang='lat' dir='ltr'><strong>adversus</strong></span> <span class='ocrx_word' id='word_1_661' title='bbox 3397 3168 3678 3226; x_wconf 86' lang='lat' dir='ltr'><strong>Christum</strong></span> 
     </span>
    </p>
   </div>
   <div class='ocr_carea' id='block_1_79' title="bbox 2089 3261 3677 3339">
    <p class='ocr_par' dir='ltr' id='par_1_79' title="bbox 2089 3261 3677 3339">
     <span class='ocr_line' id='line_1_79' title="bbox 2089 3261 3677 3339; baseline -0.003 -19"><span class='ocrx_word' id='word_1_662' title='bbox 2089 3276 2366 3322; x_wconf 85' lang='lat' dir='ltr'><strong>certamen</strong></span> <span class='ocrx_word' id='word_1_663' title='bbox 2397 3266 2594 3330; x_wconf 87' lang='lat' dir='ltr'><strong>iniere,</strong></span> <span class='ocrx_word' id='word_1_664' title='bbox 2627 3263 2787 3339; x_wconf 84' lang='lat' dir='ltr'><strong>eique</strong></span> <span class='ocrx_word' id='word_1_665' title='bbox 2831 3262 3117 3319; x_wconf 86' lang='lat' dir='ltr'><strong>audientes</strong></span> <span class='ocrx_word' id='word_1_666' title='bbox 3152 3262 3309 3317; x_wconf 69' lang='lat' dir='ltr'><strong>factae</strong></span> <span class='ocrx_word' id='word_1_667' title='bbox 3351 3270 3479 3317; x_wconf 92' lang='lat' dir='ltr'><strong>sunt</strong></span> <span class='ocrx_word' id='word_1_668' title='bbox 3502 3301 3519 3327; x_wconf 90' lang='lat'><strong>,</strong></span> <span class='ocrx_word' id='word_1_669' title='bbox 3560 3261 3677 3318; x_wconf 80' lang='lat' dir='ltr'><strong>sive</strong></span> 
     </span>
    </p>
   </div>
   <div class='ocr_carea' id='block_1_80' title="bbox 2087 3352 3678 3429">
    <p class='ocr_par' dir='ltr' id='par_1_80' title="bbox 2087 3352 3678 3429">
     <span class='ocr_line' id='line_1_80' title="bbox 2087 3352 3678 3429; baseline -0.004 -16"><span class='ocrx_word' id='word_1_670' title='bbox 2087 3358 2353 3429; x_wconf 65' lang='lat' dir='ltr'><strong>quasdam</strong></span> <span class='ocrx_word' id='word_1_671' title='bbox 2385 3358 2599 3413; x_wconf 88' lang='lat' dir='ltr'><strong>animas</strong></span> <span class='ocrx_word' id='word_1_672' title='bbox 2635 3356 2873 3427; x_wconf 90' lang='lat' dir='ltr'><strong>primum</strong></span> <span class='ocrx_word' id='word_1_673' title='bbox 2930 3352 3109 3410; x_wconf 83' lang='lat' dir='ltr'><strong>Verbo</strong></span> <span class='ocrx_word' id='word_1_674' title='bbox 3160 3355 3552 3418; x_wconf 85' lang='lat' dir='ltr'><strong>adversantes,</strong></span> <span class='ocrx_word' id='word_1_675' title='bbox 3609 3367 3678 3407; x_wconf 87' lang='lat' dir='ltr'><strong>ac</strong></span> 
     </span>
    </p>
   </div>
   <div class='ocr_carea' id='block_1_81' title="bbox 2076 3446 3674 3525">
    <p class='ocr_par' dir='ltr' id='par_1_81' title="bbox 2076 3446 3674 3525">
     <span class='ocr_line' id='line_1_81' title="bbox 2076 3446 3674 3525; baseline -0.002 -20"><span class='ocrx_word' id='word_1_676' title='bbox 2076 3459 2276 3525; x_wconf 21' lang='lat' dir='ltr'><strong>[postea</strong></span> <span class='ocrx_word' id='word_1_677' title='bbox 2305 3450 2567 3506; x_wconf 89' lang='lat' dir='ltr'><strong>ditionem</strong></span> <span class='ocrx_word' id='word_1_678' title='bbox 2596 3450 2716 3519; x_wconf 91' lang='lat' dir='ltr'><strong>ejus</strong></span> <span class='ocrx_word' id='word_1_679' title='bbox 2744 3448 3022 3518; x_wconf 78' lang='lat' dir='ltr'><strong>amplexas</strong></span> <span class='ocrx_word' id='word_1_680' title='bbox 3044 3449 3279 3520; x_wconf 82' lang='lat' dir='ltr'><strong>propriis</strong></span> <span class='ocrx_word' id='word_1_681' title='bbox 3298 3448 3541 3518; x_wconf 86' lang='lat' dir='ltr'><strong>ipsarum</strong></span> <span class='ocrx_word' id='word_1_682' title='bbox 3569 3446 3674 3502; x_wconf 85' lang='lat' dir='ltr'><strong>bo-</strong></span> 
     </span>
    </p>
   </div>
   <div class='ocr_carea' id='block_1_82' title="bbox 2085 3538 3674 3613">
    <p class='ocr_par' dir='ltr' id='par_1_82' title="bbox 2085 3538 3674 3613">
     <span class='ocr_line' id='line_1_82' title="bbox 2085 3538 3674 3613; baseline -0.003 -17"><span class='ocrx_word' id='word_1_683' title='bbox 2085 3543 2173 3599; x_wconf 90' lang='lat' dir='ltr'><strong>nis</strong></span> <span class='ocrx_word' id='word_1_684' title='bbox 2215 3543 2494 3613; x_wconf 87' lang='lat' dir='ltr'><strong>operibus.</strong></span> <span class='ocrx_word' id='word_1_685' title='bbox 2558 3540 2633 3597; x_wconf 90' lang='lat' dir='ltr'><strong>De</strong></span> <span class='ocrx_word' id='word_1_686' title='bbox 2693 3540 2895 3612; x_wconf 89' lang='lat' dir='ltr'><strong>quibus</strong></span> <span class='ocrx_word' id='word_1_687' title='bbox 2948 3549 3007 3596; x_wconf 83' lang='lat' dir='ltr'><strong>&#39;ct</strong></span> <span class='ocrx_word' id='word_1_688' title='bbox 3063 3542 3196 3596; x_wconf 91' lang='lat' dir='ltr'><strong>illud</strong></span> <span class='ocrx_word' id='word_1_689' title='bbox 3255 3539 3364 3595; x_wconf 89' lang='lat' dir='ltr'><strong>dici</strong></span> <span class='ocrx_word' id='word_1_690' title='bbox 3426 3538 3674 3610; x_wconf 84' lang='lat' dir='ltr'><strong>opinor:</strong></span> 
     </span>
    </p>
   </div>
   <div class='ocr_carea' id='block_1_83' title="bbox 2090 3631 3672 3703">
    <p class='ocr_par' dir='ltr' id='par_1_83' title="bbox 2090 3631 3672 3703">
     <span class='ocr_line' id='line_1_83' title="bbox 2090 3631 3672 3703; baseline -0.002 -15"><span class='ocrx_word' id='word_1_691' title='bbox 2090 3655 2110 3687; x_wconf 83' lang='grc'><strong>‹</strong></span> <span class='ocrx_word' id='word_1_692' title='bbox 2141 3635 2314 3690; x_wconf 87' lang='lat' dir='ltr'><strong>Erunt</strong></span> <span class='ocrx_word' id='word_1_693' title='bbox 2353 3635 2451 3691; x_wconf 90' lang='lat' dir='ltr'><strong>tibi</strong></span> <span class='ocrx_word' id='word_1_694' title='bbox 2491 3635 2669 3692; x_wconf 85' lang='lat' dir='ltr'><strong>servi.</strong></span> <span class='ocrx_word' id='word_1_695' title='bbox 2702 3642 2757 3689; x_wconf 92' lang='lat' dir='ltr'><strong>et</strong></span> <span class='ocrx_word' id='word_1_696' title='bbox 2801 3649 2830 3687; x_wconf 93' lang='lat' dir='ltr'><strong>a</strong></span> <span class='ocrx_word' id='word_1_697' title='bbox 2873 3639 3028 3701; x_wconf 81' lang='lat' dir='ltr'><strong>tergo</strong></span> <span class='ocrx_word' id='word_1_698' title='bbox 3056 3639 3114 3688; x_wconf 88' lang='lat' dir='ltr'><strong>te</strong></span> <span class='ocrx_word' id='word_1_699' title='bbox 3148 3639 3452 3703; x_wconf 89' lang='lat' dir='ltr'><strong>sequentur</strong></span> <span class='ocrx_word' id='word_1_700' title='bbox 3501 3631 3672 3686; x_wconf 83' lang='lat' dir='ltr'><strong>vincti</strong></span> 
     </span>
    </p>
   </div>
   <div class='ocr_carea' id='block_1_84' title="bbox 2085 3721 3673 3792">
    <p class='ocr_par' dir='ltr' id='par_1_84' title="bbox 2085 3721 3673 3792">
     <span class='ocr_line' id='line_1_84' title="bbox 2085 3721 3673 3792; baseline -0.004 -12"><span class='ocrx_word' id='word_1_701' title='bbox 2085 3726 2341 3792; x_wconf 86' lang='lat' dir='ltr'><strong>manicis,</strong></span> <span class='ocrx_word' id='word_1_702' title='bbox 2364 3732 2419 3781; x_wconf 86' lang='lat' dir='ltr'><strong>et</strong></span> <span class='ocrx_word' id='word_1_703' title='bbox 2448 3726 2503 3779; x_wconf 93' lang='lat' dir='ltr'><strong>in</strong></span> <span class='ocrx_word' id='word_1_704' title='bbox 2537 3732 2592 3782; x_wconf 92' lang='lat' dir='ltr'><strong>te</strong></span> <span class='ocrx_word' id='word_1_705' title='bbox 2609 3724 2864 3780; x_wconf 90' lang='lat' dir='ltr'><strong>orabunt.</strong></span> <span class='ocrx_word' id='word_1_706' title='bbox 2896 3742 2917 3775; x_wconf 71' lang='grc' dir='ltr'><strong>ι</strong></span> <span class='ocrx_word' id='word_1_707' title='bbox 2946 3721 3059 3778; x_wconf 80' lang='lat' dir='ltr'><strong>Hoc</strong></span> <span class='ocrx_word' id='word_1_708' title='bbox 3083 3738 3247 3778; x_wconf 87' lang='lat' dir='ltr'><strong>vero:</strong></span> <span class='ocrx_word' id='word_1_709' title='bbox 3281 3741 3300 3776; x_wconf 74' lang='grc' dir='ltr'><strong>ι</strong></span> <span class='ocrx_word' id='word_1_710' title='bbox 3331 3722 3673 3778; x_wconf 82' lang='lat' dir='ltr'><strong>Erubescent</strong></span> 
     </span>
    </p>
   </div>
   <div class='ocr_carea' id='block_1_85' title="bbox 2081 3814 3671 3889">
    <p class='ocr_par' dir='ltr' id='par_1_85' title="bbox 2081 3814 3671 3889">
     <span class='ocr_line' id='line_1_85' title="bbox 2081 3814 3671 3889; baseline -0.002 -17"><span class='ocrx_word' id='word_1_711' title='bbox 2081 3827 2136 3872; x_wconf 89' lang='lat' dir='ltr'><strong>et</strong></span> <span class='ocrx_word' id='word_1_712' title='bbox 2187 3817 2597 3873; x_wconf 78' lang='lat' dir='ltr'><strong>confundentur</strong></span> <span class='ocrx_word' id='word_1_713' title='bbox 2652 3833 2844 3873; x_wconf 81' lang='lat' dir='ltr'><strong>omnes</strong></span> <span class='ocrx_word' id='word_1_714' title='bbox 2899 3818 2992 3889; x_wconf 90' lang='lat' dir='ltr'><strong>qui</strong></span> <span class='ocrx_word' id='word_1_715' title='bbox 3048 3817 3414 3873; x_wconf 81' lang='lat' dir='ltr'><strong>adversantur</strong></span> <span class='ocrx_word' id='word_1_716' title='bbox 3466 3814 3555 3878; x_wconf 88' lang='lat' dir='ltr'><strong>ei,</strong></span> <span class='ocrx_word' id='word_1_717' title='bbox 3614 3824 3671 3870; x_wconf 85' lang='lat' dir='ltr'><strong>et</strong></span> 
     </span>
    </p>
   </div>
   <div class='ocr_carea' id='block_1_86' title="bbox 2084 3908 3670 3982">
    <p class='ocr_par' dir='ltr' id='par_1_86' title="bbox 2084 3908 3670 3982">
     <span class='ocr_line' id='line_1_86' title="bbox 2084 3908 3670 3982; baseline -0.001 -18"><span class='ocrx_word' id='word_1_718' title='bbox 2084 3911 2445 3967; x_wconf 86' lang='lat' dir='ltr'><strong>ambulabunt</strong></span> <span class='ocrx_word' id='word_1_719' title='bbox 2475 3912 2532 3965; x_wconf 92' lang='lat' dir='ltr'><strong>in</strong></span> <span class='ocrx_word' id='word_1_720' title='bbox 2565 3910 2794 3981; x_wconf 87' lang='lat' dir='ltr'><strong>pudore,</strong></span> <span class='ocrx_word' id='word_1_721' title='bbox 2837 3930 2856 3963; x_wconf 72' lang='grc' dir='ltr'><strong>ι</strong></span> <span class='ocrx_word' id='word_1_722' title='bbox 2900 3909 3316 3982; x_wconf 81' lang='lat' dir='ltr'><strong>prophetizatur</strong></span> <span class='ocrx_word' id='word_1_723' title='bbox 3342 3909 3411 3965; x_wconf 84' lang='lat' dir='ltr'><strong>de</strong></span> <span class='ocrx_word' id='word_1_724' title='bbox 3459 3908 3529 3964; x_wconf 87' lang='lat' dir='ltr'><strong>iis</strong></span> <span class='ocrx_word' id='word_1_725' title='bbox 3573 3908 3670 3980; x_wconf 87' lang='lat' dir='ltr'><strong>qui</strong></span> 
     </span>
    </p>
   </div>
   <div class='ocr_carea' id='block_1_87' title="bbox 2082 4000 3672 4073">
    <p class='ocr_par' dir='ltr' id='par_1_87' title="bbox 2082 4000 3672 4073">
     <span class='ocr_line' id='line_1_87' title="bbox 2082 4000 3672 4073; baseline -0.001 -18"><span class='ocrx_word' id='word_1_726' title='bbox 2082 4018 2190 4058; x_wconf 92' lang='lat' dir='ltr'><strong>non</strong></span> <span class='ocrx_word' id='word_1_727' title='bbox 2221 4017 2385 4073; x_wconf 79' lang='lat' dir='ltr'><strong>egere</strong></span> <span class='ocrx_word' id='word_1_728' title='bbox 2425 4002 2806 4073; x_wconf 75' lang='lat' dir='ltr'><strong>pmnitentiam</strong></span> <span class='ocrx_word' id='word_1_729' title='bbox 2830 4042 2844 4066; x_wconf 91' lang='lat'><strong>,</strong></span> <span class='ocrx_word' id='word_1_730' title='bbox 2897 4003 3194 4072; x_wconf 87' lang='lat' dir='ltr'><strong>hostesque</strong></span> <span class='ocrx_word' id='word_1_731' title='bbox 3222 4008 3277 4055; x_wconf 92' lang='lat' dir='ltr'><strong>et</strong></span> <span class='ocrx_word' id='word_1_732' title='bbox 3310 4000 3520 4055; x_wconf 89' lang='lat' dir='ltr'><strong>inimici</strong></span> <span class='ocrx_word' id='word_1_733' title='bbox 3546 4015 3672 4069; x_wconf 89' lang='lat' dir='ltr'><strong>per-</strong></span> 
     </span>
    </p>
   </div>
   <div class='ocr_carea' id='block_1_88' title="bbox 2083 4092 3670 4163">
    <p class='ocr_par' dir='ltr' id='par_1_88' title="bbox 2083 4092 3670 4163">
     <span class='ocr_line' id='line_1_88' title="bbox 2083 4092 3670 4163; baseline 0.001 -18"><span class='ocrx_word' id='word_1_734' title='bbox 2083 4100 2427 4155; x_wconf 85' lang='lat' dir='ltr'><strong>manserunt.</strong></span> <span class='ocrx_word' id='word_1_735' title='bbox 2464 4099 2519 4149; x_wconf 92' lang='lat' dir='ltr'><strong>et</strong></span> <span class='ocrx_word' id='word_1_736' title='bbox 2557 4093 2707 4148; x_wconf 85' lang='lat' dir='ltr'><strong>verbi</strong></span> <span class='ocrx_word' id='word_1_737' title='bbox 2740 4093 2948 4148; x_wconf 86' lang='lat' dir='ltr'><strong>Christi</strong></span> <span class='ocrx_word' id='word_1_738' title='bbox 2982 4094 3173 4163; x_wconf 79' lang='lat' dir='ltr'><strong>jugum</strong></span> <span class='ocrx_word' id='word_1_739' title='bbox 3214 4107 3380 4161; x_wconf 86' lang='lat' dir='ltr'><strong>super</strong></span> <span class='ocrx_word' id='word_1_740' title='bbox 3408 4106 3469 4147; x_wconf 91' lang='lat' dir='ltr'><strong>se</strong></span> <span class='ocrx_word' id='word_1_741' title='bbox 3518 4092 3670 4161; x_wconf 80' lang='lat' dir='ltr'><strong>ipsos</strong></span> 
     </span>
    </p>
   </div>
   <div class='ocr_carea' id='block_1_89' title="bbox 2081 4181 3665 4254">
    <p class='ocr_par' dir='ltr' id='par_1_89' title="bbox 2081 4181 3665 4254">
     <span class='ocr_line' id='line_1_89' title="bbox 2081 4181 3665 4254; baseline -0.001 -17"><span class='ocrx_word' id='word_1_742' title='bbox 2081 4185 2271 4242; x_wconf 87' lang='lat' dir='ltr'><strong>tollere</strong></span> <span class='ocrx_word' id='word_1_743' title='bbox 2301 4186 2526 4240; x_wconf 84' lang='lat' dir='ltr'><strong>minime</strong></span> <span class='ocrx_word' id='word_1_744' title='bbox 2554 4186 2867 4240; x_wconf 90' lang='lat' dir='ltr'><strong>voluerunt.</strong></span> <span class='ocrx_word' id='word_1_745' title='bbox 2905 4183 2970 4238; x_wconf 88' lang='lat' dir='ltr'><strong>Et</strong></span> <span class='ocrx_word' id='word_1_746' title='bbox 3004 4185 3119 4239; x_wconf 68' lang='lat' dir='ltr'><strong>haec</strong></span> <span class='ocrx_word' id='word_1_747' title='bbox 3147 4181 3365 4254; x_wconf 81' lang='lat' dir='ltr'><strong>quidem</strong></span> <span class='ocrx_word' id='word_1_748' title='bbox 3398 4182 3558 4253; x_wconf 88' lang='lat' dir='ltr'><strong>quasi</strong></span> <span class='ocrx_word' id='word_1_749' title='bbox 3596 4181 3665 4236; x_wconf 81' lang='lat' dir='ltr'><strong>ad</strong></span> 
     </span>
    </p>
   </div>
   <div class='ocr_carea' id='block_1_90' title="bbox 2077 4273 3663 4346">
    <p class='ocr_par' dir='ltr' id='par_1_90' title="bbox 2077 4273 3663 4346">
     <span class='ocr_line' id='line_1_90' title="bbox 2077 4273 3663 4346; baseline -0.003 -13"><span class='ocrx_word' id='word_1_750' title='bbox 2077 4277 2281 4333; x_wconf 84' lang='lat' dir='ltr'><strong>Christi</strong></span> <span class='ocrx_word' id='word_1_751' title='bbox 2307 4277 2751 4335; x_wconf 85' lang='lat' dir='ltr'><strong>elucidationem.</strong></span> <span class='ocrx_word' id='word_1_752' title='bbox 2803 4276 3069 4333; x_wconf 90' lang='lat' dir='ltr'><strong>Citandus</strong></span> <span class='ocrx_word' id='word_1_753' title='bbox 3098 4275 3299 4346; x_wconf 85' lang='lat' dir='ltr'><strong>quippe</strong></span> <span class='ocrx_word' id='word_1_754' title='bbox 3345 4282 3432 4331; x_wconf 90' lang='lat' dir='ltr'><strong>est</strong></span> <span class='ocrx_word' id='word_1_755' title='bbox 3467 4274 3557 4329; x_wconf 89' lang='lat' dir='ltr'><strong>ille</strong></span> <span class='ocrx_word' id='word_1_756' title='bbox 3580 4273 3663 4328; x_wconf 89' lang='lat' dir='ltr'><strong>lo-</strong></span> 
     </span>
    </p>
   </div>
   <div class='ocr_carea' id='block_1_91' title="bbox 2076 4365 3661 4440">
    <p class='ocr_par' dir='ltr' id='par_1_91' title="bbox 2076 4365 3661 4440">
     <span class='ocr_line' id='line_1_91' title="bbox 2076 4365 3661 4440; baseline -0.004 -14"><span class='ocrx_word' id='word_1_757' title='bbox 2076 4382 2177 4427; x_wconf 89' lang='lat' dir='ltr'><strong>cus</strong></span> <span class='ocrx_word' id='word_1_758' title='bbox 2199 4388 2308 4428; x_wconf 93' lang='lat' dir='ltr'><strong>non</strong></span> <span class='ocrx_word' id='word_1_759' title='bbox 2339 4380 2552 4427; x_wconf 88' lang='lat' dir='ltr'><strong>tantum</strong></span> <span class='ocrx_word' id='word_1_760' title='bbox 2581 4370 3024 4428; x_wconf 87' lang='lat' dir='ltr'><strong>circumcisionis</strong></span> <span class='ocrx_word' id='word_1_761' title='bbox 3052 4369 3253 4440; x_wconf 87' lang='lat' dir='ltr'><strong>populo</strong></span> <span class='ocrx_word' id='word_1_762' title='bbox 3275 4410 3293 4436; x_wconf 91' lang='lat'><strong>,</strong></span> <span class='ocrx_word' id='word_1_763' title='bbox 3342 4368 3437 4424; x_wconf 87' lang='lat' dir='ltr'><strong>sed</strong></span> <span class='ocrx_word' id='word_1_764' title='bbox 3463 4376 3518 4424; x_wconf 89' lang='lat' dir='ltr'><strong>et</strong></span> <span class='ocrx_word' id='word_1_765' title='bbox 3549 4365 3661 4420; x_wconf 83' lang='lat' dir='ltr'><strong>illis</strong></span> 
     </span>
    </p>
   </div>
   <div class='ocr_carea' id='block_1_92' title="bbox 396 4459 1993 4558">
    <p class='ocr_par' dir='ltr' id='par_1_92' title="bbox 396 4459 1972 4537">
     <span class='ocr_line' id='line_1_92' title="bbox 396 4459 1972 4537; baseline -0.004 -18"><span class='ocrx_word' id='word_1_766' title='bbox 396 4482 582 4521; x_wconf 84' lang='grc' dir='ltr'>σονται</span> <span class='ocrx_word' id='word_1_767' title='bbox 628 4464 724 4519; x_wconf 78' lang='grc' dir='ltr'>καὶ</span> <span class='ocrx_word' id='word_1_768' title='bbox 780 4465 1213 4537; x_wconf 74' lang='grc' dir='ltr'>ἐντραπήσονται</span> <span class='ocrx_word' id='word_1_769' title='bbox 1257 4461 1458 4524; x_wconf 87' lang='grc' dir='ltr'>πάντες</span> <span class='ocrx_word' id='word_1_770' title='bbox 1509 4461 1558 4513; x_wconf 90' lang='grc' dir='ltr'><strong>οί</strong></span> <span class='ocrx_word' id='word_1_771' title='bbox 1607 4459 1972 4530; x_wconf 85' lang='grc' dir='ltr'>ἀντικείμενοι</span> 
     </span>
    </p>
   </div>
   <div class='ocr_carea' id='block_1_93' title="bbox 2094 4459 3658 4558">
    <p class='ocr_par' dir='ltr' id='par_1_93' title="bbox 2094 4460 3658 4535">
     <span class='ocr_line' id='line_1_93' title="bbox 2094 4460 3658 4535; baseline -0.004 -17"><span class='ocrx_word' id='word_1_772' title='bbox 2094 4463 2170 4534; x_wconf 74' lang='grc' dir='ltr'>ιιιί</span> <span class='ocrx_word' id='word_1_773' title='bbox 2221 4462 2503 4519; x_wconf 86' lang='lat' dir='ltr'><strong>Christum</strong></span> <span class='ocrx_word' id='word_1_774' title='bbox 2550 4463 2711 4535; x_wconf 90' lang='lat' dir='ltr'><strong>quasi</strong></span> <span class='ocrx_word' id='word_1_775' title='bbox 2747 4463 3050 4533; x_wconf 87' lang='lat' dir='ltr'><strong>simplicem</strong></span> <span class='ocrx_word' id='word_1_776' title='bbox 3105 4460 3379 4515; x_wconf 87' lang='lat' dir='ltr'><strong>hominem</strong></span> <span class='ocrx_word' id='word_1_777' title='bbox 3428 4463 3658 4529; x_wconf 88' lang='lat' dir='ltr'><strong>putant,</strong></span> 
     </span>
    </p>
   </div>
   <div class='ocr_carea' id='block_1_94' title="bbox 394 4548 1993 4628">
    <p class='ocr_par' dir='ltr' id='par_1_94' title="bbox 394 4552 1971 4628">
     <span class='ocr_line' id='line_1_94' title="bbox 394 4552 1971 4628; baseline -0.004 -16"><span class='ocrx_word' id='word_1_778' title='bbox 394 4575 498 4620; x_wconf 85' lang='grc' dir='ltr'>σοι,</span> <span class='ocrx_word' id='word_1_779' title='bbox 557 4558 653 4613; x_wconf 82' lang='grc' dir='ltr'>καὶ</span> <span class='ocrx_word' id='word_1_780' title='bbox 704 4556 1059 4628; x_wconf 87' lang='grc' dir='ltr'>πορεύσονται</span> <span class='ocrx_word' id='word_1_781' title='bbox 1105 4556 1165 4609; x_wconf 84' lang='grc' dir='ltr'><strong>ἐν</strong></span> <span class='ocrx_word' id='word_1_782' title='bbox 1207 4552 1458 4627; x_wconf 81' lang='grc' dir='ltr'>αἰσχύνῃ,</span> <span class='ocrx_word' id='word_1_783' title='bbox 1501 4571 1520 4603; x_wconf 68' lang='grc' dir='ltr'><strong>ι</strong></span> <span class='ocrx_word' id='word_1_784' title='bbox 1572 4552 1971 4623; x_wconf 80' lang='grc' dir='ltr'>προφητεύεται</span> 
     </span>
    </p>
   </div>
   <div class='ocr_carea' id='block_1_95' title="bbox 2094 4548 3663 4628">
    <p class='ocr_par' dir='ltr' id='par_1_95' title="bbox 2094 4548 3663 4624">
     <span class='ocr_line' id='line_1_95' title="bbox 2094 4548 3663 4624; baseline -0.003 -15"><span class='ocrx_word' id='word_1_785' title='bbox 2094 4554 2355 4612; x_wconf 75' lang='lat' dir='ltr'><strong>Ebionazis</strong></span> <span class='ocrx_word' id='word_1_786' title='bbox 2384 4555 2620 4624; x_wconf 83' lang='lat' dir='ltr'><strong>scilicet,</strong></span> <span class='ocrx_word' id='word_1_787' title='bbox 2649 4555 2735 4610; x_wconf 89' lang='lat' dir='ltr'><strong>vel</strong></span> <span class='ocrx_word' id='word_1_788' title='bbox 2759 4554 3072 4609; x_wconf 82' lang='lat' dir='ltr'><strong>Artemonis</strong></span> <span class='ocrx_word' id='word_1_789' title='bbox 3096 4592 3111 4615; x_wconf 93' lang='lat'><strong>,</strong></span> <span class='ocrx_word' id='word_1_790' title='bbox 3162 4552 3246 4608; x_wconf 85' lang='lat' dir='ltr'><strong>vel</strong></span> <span class='ocrx_word' id='word_1_791' title='bbox 3284 4550 3433 4605; x_wconf 88' lang='lat' dir='ltr'><strong>Pauli</strong></span> <span class='ocrx_word' id='word_1_792' title='bbox 3466 4548 3663 4605; x_wconf 86' lang='lat' dir='ltr'><strong>Samo-</strong></span> 
     </span>
    </p>
   </div>
   <div class='ocr_carea' id='block_1_96' title="bbox 391 4643 1966 4723">
    <p class='ocr_par' dir='ltr' id='par_1_96' title="bbox 391 4643 1966 4723">
     <span class='ocr_line' id='line_1_96' title="bbox 391 4643 1966 4723; baseline -0.006 -18"><span class='ocrx_word' id='word_1_793' title='bbox 391 4650 520 4723; x_wconf 79' lang='grc' dir='ltr'>περὶ</span> <span class='ocrx_word' id='word_1_794' title='bbox 581 4650 692 4704; x_wconf 87' lang='grc' dir='ltr'><strong>τῶν</strong></span> <span class='ocrx_word' id='word_1_795' title='bbox 761 4649 837 4722; x_wconf 82' lang='grc' dir='ltr'>μὴ</span> <span class='ocrx_word' id='word_1_796' title='bbox 901 4647 1349 4721; x_wconf 82' lang='grc' dir='ltr'>μετανοησάντων</span> <span class='ocrx_word' id='word_1_797' title='bbox 1373 4686 1389 4710; x_wconf 86' lang='grc'><strong>,</strong></span> <span class='ocrx_word' id='word_1_798' title='bbox 1453 4643 1846 4715; x_wconf 85' lang='grc' dir='ltr'>διαμεινάντων</span> <span class='ocrx_word' id='word_1_799' title='bbox 1909 4643 1966 4697; x_wconf 81' lang='grc' dir='ltr'>δὲ</span> 
     </span>
    </p>
   </div>
   <div class='ocr_carea' id='block_1_97' title="bbox 391 4732 1962 4816">
    <p class='ocr_par' dir='ltr' id='par_1_97' title="bbox 391 4732 1962 4816">
     <span class='ocr_line' id='line_1_97' title="bbox 391 4732 1962 4816; baseline -0.006 -18"><span class='ocrx_word' id='word_1_800' title='bbox 391 4743 599 4816; x_wconf 80' lang='grc' dir='ltr'>ἐχθρῶν</span> <span class='ocrx_word' id='word_1_801' title='bbox 634 4743 730 4797; x_wconf 78' lang='grc' dir='ltr'><strong>καὶ</strong></span> <span class='ocrx_word' id='word_1_802' title='bbox 774 4740 1066 4813; x_wconf 81' lang='grc' dir='ltr'>πολεμίων,</span> <span class='ocrx_word' id='word_1_803' title='bbox 1112 4738 1207 4793; x_wconf 80' lang='grc' dir='ltr'><strong>καὶ</strong></span> <span class='ocrx_word' id='word_1_804' title='bbox 1237 4734 1505 4810; x_wconf 82' lang='grc' dir='ltr'>μηδαμῶς</span> <span class='ocrx_word' id='word_1_805' title='bbox 1537 4732 1671 4808; x_wconf 81' lang='grc' dir='ltr'>ἆραι</span> <span class='ocrx_word' id='word_1_806' title='bbox 1707 4735 1793 4806; x_wconf 71' lang='grc' dir='ltr'><strong>ἐφ’</strong></span> <span class='ocrx_word' id='word_1_807' title='bbox 1834 4736 1962 4789; x_wconf 82' lang='grc' dir='ltr'>ἐαυ-</span> 
     </span>
    </p>
   </div>
   <div class='ocr_carea' id='block_1_98' title="bbox 2078 4641 3661 4718">
    <p class='ocr_par' dir='ltr' id='par_1_98' title="bbox 2078 4641 3661 4718">
     <span class='ocr_line' id='line_1_98' title="bbox 2078 4641 3661 4718; baseline -0.001 -17"><span class='ocrx_word' id='word_1_808' title='bbox 2078 4649 2319 4704; x_wconf 87' lang='lat' dir='ltr'><strong>satensis</strong></span> <span class='ocrx_word' id='word_1_809' title='bbox 2372 4648 2701 4705; x_wconf 80' lang='lat' dir='ltr'><strong>iatttoribus.</strong></span> <span class='ocrx_word' id='word_1_810' title='bbox 2736 4651 2934 4718; x_wconf 81' lang='lat' dir='ltr'><strong>Aperte</strong></span> <span class='ocrx_word' id='word_1_811' title='bbox 2963 4645 3111 4701; x_wconf 88' lang='lat' dir='ltr'><strong>enim</strong></span> <span class='ocrx_word' id='word_1_812' title='bbox 3145 4645 3251 4699; x_wconf 90' lang='lat' dir='ltr'><strong>hoc</strong></span> <span class='ocrx_word' id='word_1_813' title='bbox 3302 4643 3424 4699; x_wconf 92' lang='lat' dir='ltr'><strong>loco</strong></span> <span class='ocrx_word' id='word_1_814' title='bbox 3453 4641 3661 4699; x_wconf 80' lang='lat' dir='ltr'><strong>Christi</strong></span> 
     </span>
    </p>
   </div>
   <div class='ocr_carea' id='block_1_99' title="bbox 2072 4736 3485 4799">
    <p class='ocr_par' dir='ltr' id='par_1_99' title="bbox 2072 4736 3485 4799">
     <span class='ocr_line' id='line_1_99' title="bbox 2072 4736 3485 4799; baseline -0.003 -4"><span class='ocrx_word' id='word_1_815' title='bbox 2072 4740 2249 4797; x_wconf 87' lang='lat' dir='ltr'><strong>deitas</strong></span> <span class='ocrx_word' id='word_1_816' title='bbox 2273 4742 2413 4799; x_wconf 87' lang='lat' dir='ltr'><strong>male</strong></span> <span class='ocrx_word' id='word_1_817' title='bbox 2436 4740 2786 4798; x_wconf 88' lang='lat' dir='ltr'><strong>credentibus</strong></span> <span class='ocrx_word' id='word_1_818' title='bbox 2820 4738 2873 4792; x_wconf 93' lang='lat' dir='ltr'><strong>in</strong></span> <span class='ocrx_word' id='word_1_819' title='bbox 2900 4753 3025 4793; x_wconf 89' lang='lat' dir='ltr'><strong>eum</strong></span> <span class='ocrx_word' id='word_1_820' title='bbox 3059 4736 3485 4791; x_wconf 86' lang='lat' dir='ltr'><strong>demonstratur.</strong></span> 
     </span>
    </p>
   </div>
   <div class='ocr_carea' id='block_1_100' title="bbox 386 4831 3653 4911">
    <p class='ocr_par' dir='ltr' id='par_1_100' title="bbox 386 4831 3653 4911">
     <span class='ocr_line' id='line_1_100' title="bbox 386 4831 3653 4911; baseline -0.004 -14"><span class='ocrx_word' id='word_1_821' title='bbox 386 4845 513 4907; x_wconf 77' lang='grc' dir='ltr'>τοὺς</span> <span class='ocrx_word' id='word_1_822' title='bbox 536 4841 626 4895; x_wconf 88' lang='grc' dir='ltr'><strong>τὸν</strong></span> <span class='ocrx_word' id='word_1_823' title='bbox 647 4839 744 4894; x_wconf 90' lang='grc' dir='ltr'><strong>τοῦ</strong></span> <span class='ocrx_word' id='word_1_824' title='bbox 766 4839 927 4907; x_wconf 77' lang='grc' dir='ltr'>λόγου</span> <span class='ocrx_word' id='word_1_825' title='bbox 953 4836 1046 4891; x_wconf 87' lang='grc' dir='ltr'><strong>τοῦ</strong></span> <span class='ocrx_word' id='word_1_826' title='bbox 1073 4834 1306 4904; x_wconf 83' lang='grc' dir='ltr'>Χριστοῦ</span> <span class='ocrx_word' id='word_1_827' title='bbox 1336 4834 1498 4903; x_wconf 80' lang='grc' dir='ltr'>ζυγὸν</span> <span class='ocrx_word' id='word_1_828' title='bbox 1529 4831 1956 4903; x_wconf 80' lang='grc' dir='ltr'>βεϐουλημένων.</span> <span class='ocrx_word' id='word_1_829' title='bbox 1998 4838 2107 4892; x_wconf 74' lang='grc' dir='ltr'><strong>Καὶ</strong></span> <span class='ocrx_word' id='word_1_830' title='bbox 2137 4838 2309 4893; x_wconf 86' lang='grc' dir='ltr'>ταῦτα</span> <span class='ocrx_word' id='word_1_831' title='bbox 2369 4840 2469 4911; x_wconf 79' lang='grc' dir='ltr'><strong>μὲν</strong></span> <span class='ocrx_word' id='word_1_832' title='bbox 2497 4838 2574 4905; x_wconf 84' lang='grc' dir='ltr'>ὡς</span> <span class='ocrx_word' id='word_1_833' title='bbox 2634 4837 2771 4910; x_wconf 81' lang='grc' dir='ltr'>πρὸς</span> <span class='ocrx_word' id='word_1_834' title='bbox 2802 4835 2897 4906; x_wconf 79' lang='grc' dir='ltr'><strong>τὴν</strong></span> <span class='ocrx_word' id='word_1_835' title='bbox 2927 4833 3018 4889; x_wconf 87' lang='grc' dir='ltr'><strong>τοῦ</strong></span> <span class='ocrx_word' id='word_1_836' title='bbox 3054 4832 3291 4907; x_wconf 77' lang='grc' dir='ltr'>Χριστοῦ</span> <span class='ocrx_word' id='word_1_837' title='bbox 3334 4831 3653 4903; x_wconf 74' lang='grc' dir='ltr'>σαφήνειαψ</span> 
     </span>
    </p>
   </div>
   <div class='ocr_carea' id='block_1_101' title="bbox 390 4914 3656 5013">
    <p class='ocr_par' dir='ltr' id='par_1_101' title="bbox 390 4914 3656 5013">
     <span class='ocr_line' id='line_1_101' title="bbox 390 4914 3656 5013; baseline -0.004 -20"><span class='ocrx_word' id='word_1_838' title='bbox 390 4914 618 5013; x_wconf 65' lang='grc' dir='ltr'>ἀρμόξοι</span> <span class='ocrx_word' id='word_1_839' title='bbox 655 4938 700 4990; x_wconf 87' lang='grc' dir='ltr'>δ’</span> <span class='ocrx_word' id='word_1_840' title='bbox 726 4934 792 4990; x_wconf 77' lang='grc' dir='ltr'><strong>ἂν</strong></span> <span class='ocrx_word' id='word_1_841' title='bbox 812 4931 1166 5007; x_wconf 81' lang='grc' dir='ltr'>παρατιθέναι</span> <span class='ocrx_word' id='word_1_842' title='bbox 1201 4930 1301 5003; x_wconf 78' lang='grc' dir='ltr'><strong>τὴν</strong></span> <span class='ocrx_word' id='word_1_843' title='bbox 1347 4929 1654 5001; x_wconf 76' lang='grc' dir='ltr'>περικοπὴν</span> <span class='ocrx_word' id='word_1_844' title='bbox 1697 4931 1757 4983; x_wconf 86' lang='grc' dir='ltr'><strong>ού</strong></span> <span class='ocrx_word' id='word_1_845' title='bbox 1807 4930 1965 5000; x_wconf 85' lang='grc' dir='ltr'>μόνον</span> <span class='ocrx_word' id='word_1_846' title='bbox 2004 4936 2117 4998; x_wconf 89' lang='grc' dir='ltr'>τοῖς</span> <span class='ocrx_word' id='word_1_847' title='bbox 2161 4936 2227 4990; x_wconf 83' lang='grc' dir='ltr'><strong>ἐκ</strong></span> <span class='ocrx_word' id='word_1_848' title='bbox 2295 4935 2621 5006; x_wconf 82' lang='grc' dir='ltr'>περιτομῆς,</span> <span class='ocrx_word' id='word_1_849' title='bbox 2653 4931 2791 4987; x_wconf 83' lang='grc' dir='ltr'>ἀλλὰ</span> <span class='ocrx_word' id='word_1_850' title='bbox 2839 4932 2932 4986; x_wconf 73' lang='grc' dir='ltr'>καὶ</span> <span class='ocrx_word' id='word_1_851' title='bbox 2976 4932 3089 4994; x_wconf 81' lang='grc' dir='ltr'>τοῖς</span> <span class='ocrx_word' id='word_1_852' title='bbox 3164 4928 3317 5000; x_wconf 78' lang='grc' dir='ltr'>ψιλὸν</span> <span class='ocrx_word' id='word_1_853' title='bbox 3366 4927 3656 5000; x_wconf 68' lang='grc' dir='ltr'>ἄνθρωπον</span> 
     </span>
    </p>
   </div>
   <div class='ocr_carea' id='block_1_102' title="bbox 388 5017 3657 5103">
    <p class='ocr_par' dir='ltr' id='par_1_102' title="bbox 388 5017 3657 5103">
     <span class='ocr_line' id='line_1_102' title="bbox 388 5017 3657 5103; baseline -0.002 -23"><span class='ocrx_word' id='word_1_854' title='bbox 388 5029 712 5103; x_wconf 67' lang='grc' dir='ltr'>ὑπειληφόσι</span> <span class='ocrx_word' id='word_1_855' title='bbox 760 5027 1039 5099; x_wconf 75' lang='grc' dir='ltr'>γεγονέναι</span> <span class='ocrx_word' id='word_1_856' title='bbox 1086 5025 1180 5080; x_wconf 85' lang='grc' dir='ltr'><strong>τὸν</strong></span> <span class='ocrx_word' id='word_1_857' title='bbox 1242 5025 1503 5094; x_wconf 77' lang='grc' dir='ltr'>Σωτῆρα,</span> <span class='ocrx_word' id='word_1_858' title='bbox 1577 5022 1938 5089; x_wconf 81' lang='grc' dir='ltr'>Ἐϐιωναίοις,</span> <span class='ocrx_word' id='word_1_859' title='bbox 1983 5026 2016 5097; x_wconf 84' lang='grc' dir='ltr'>ἦ</span> <span class='ocrx_word' id='word_1_860' title='bbox 2054 5031 2164 5090; x_wconf 80' lang='grc' dir='ltr'>τοῖς</span> <span class='ocrx_word' id='word_1_861' title='bbox 2230 5029 2373 5084; x_wconf 84' lang='grc' dir='ltr'><strong>κατά</strong></span> <span class='ocrx_word' id='word_1_862' title='bbox 2426 5027 2765 5100; x_wconf 77' lang='grc' dir='ltr'>Ἀρτέμωνα,</span> <span class='ocrx_word' id='word_1_863' title='bbox 2818 5026 2913 5080; x_wconf 74' lang='grc' dir='ltr'><strong>καὶ</strong></span> <span class='ocrx_word' id='word_1_864' title='bbox 2972 5024 3064 5077; x_wconf 79' lang='grc' dir='ltr'><strong>τὸν</strong></span> <span class='ocrx_word' id='word_1_865' title='bbox 3114 5022 3449 5094; x_wconf 78' lang='grc' dir='ltr'>Σαμωσατὲα</span> <span class='ocrx_word' id='word_1_866' title='bbox 3506 5017 3657 5075; x_wconf 67' lang='lat' dir='ltr'><strong>ﬂat&quot;:-</strong></span> 
     </span>
    </p>
   </div>
   <div class='ocr_carea' id='block_1_103' title="bbox 359 5112 3651 5197">
    <p class='ocr_par' dir='ltr' id='par_1_103' title="bbox 359 5112 3651 5197">
     <span class='ocr_line' id='line_1_103' title="bbox 359 5112 3651 5197; baseline -0.005 -15"><span class='ocrx_word' id='word_1_867' title='bbox 359 5119 495 5182; x_wconf 60' lang='grc' dir='ltr'>Ωον.</span> <span class='ocrx_word' id='word_1_868' title='bbox 534 5125 730 5197; x_wconf 83' lang='grc' dir='ltr'>Σαφῶς</span> <span class='ocrx_word' id='word_1_869' title='bbox 766 5125 879 5197; x_wconf 81' lang='grc' dir='ltr'><strong>γάρ</strong></span> <span class='ocrx_word' id='word_1_870' title='bbox 911 5123 1006 5178; x_wconf 79' lang='grc' dir='ltr'><strong>καὶ</strong></span> <span class='ocrx_word' id='word_1_871' title='bbox 1055 5119 1143 5174; x_wconf 81' lang='grc' dir='ltr'>διὰ</span> <span class='ocrx_word' id='word_1_872' title='bbox 1213 5116 1417 5173; x_wconf 86' lang='grc' dir='ltr'>τούτων</span> <span class='ocrx_word' id='word_1_873' title='bbox 1484 5118 1518 5188; x_wconf 80' lang='grc' dir='ltr'>ἡ</span> <span class='ocrx_word' id='word_1_874' title='bbox 1562 5115 1748 5187; x_wconf 83' lang='grc' dir='ltr'>θεότης</span> <span class='ocrx_word' id='word_1_875' title='bbox 1815 5118 1906 5171; x_wconf 84' lang='grc' dir='ltr'><strong>τοῦ</strong></span> <span class='ocrx_word' id='word_1_876' title='bbox 1959 5121 2199 5192; x_wconf 84' lang='grc' dir='ltr'>Χριστοῦ</span> <span class='ocrx_word' id='word_1_877' title='bbox 2245 5126 2357 5186; x_wconf 85' lang='grc' dir='ltr'>τοῖς</span> <span class='ocrx_word' id='word_1_878' title='bbox 2404 5121 2532 5193; x_wconf 80' lang='grc' dir='ltr'>περὶ</span> <span class='ocrx_word' id='word_1_879' title='bbox 2577 5117 2742 5173; x_wconf 76' lang='grc' dir='ltr'>αὐτοῦ</span> <span class='ocrx_word' id='word_1_880' title='bbox 2803 5114 3109 5180; x_wconf 83' lang='grc' dir='ltr'>δυσπειθῶς</span> <span class='ocrx_word' id='word_1_881' title='bbox 3156 5115 3370 5187; x_wconf 76' lang='grc' dir='ltr'>ἔχουσιν</span> <span class='ocrx_word' id='word_1_882' title='bbox 3433 5112 3651 5167; x_wconf 82' lang='grc' dir='ltr'>ἀποδεί-</span> 
     </span>
    </p>
   </div>
   <div class='ocr_carea' id='block_1_104' title="bbox 385 5238 593 5275">
    <p class='ocr_par' dir='ltr' id='par_1_104' title="bbox 385 5238 593 5275">
     <span class='ocr_line' id='line_1_104' title="bbox 385 5238 593 5275; baseline 0 0"><span class='ocrx_word' id='word_1_883' title='bbox 385 5238 593 5275; x_wconf 78' lang='grc' dir='ltr'>κνυται.</span> 
     </span>
    </p>
   </div>
   <div class='ocr_carea' id='block_1_105' title="bbox 883 5334 1458 5393">
    <p class='ocr_par' dir='ltr' id='par_1_105' title="bbox 883 5334 1458 5393">
     <span class='ocr_line' id='line_1_105' title="bbox 883 5334 1458 5393; baseline -0.012 1"><span class='ocrx_word' id='word_1_884' title='bbox 883 5335 1279 5393; x_wconf 74' lang='grc' dir='ltr'><strong>ΚΕΦᾹΛΔΙΟΝ</strong></span> <span class='ocrx_word' id='word_1_885' title='bbox 1330 5334 1458 5388; x_wconf 76' lang='grc' dir='ltr'><strong>ΚΓ.</strong></span> 
     </span>
    </p>
   </div>
   <div class='ocr_carea' id='block_1_106' title="bbox 460 5422 1956 5504">
    <p class='ocr_par' dir='ltr' id='par_1_106' title="bbox 460 5422 1956 5504">
     <span class='ocr_line' id='line_1_106' title="bbox 460 5422 1956 5504; baseline -0.006 -17"><span class='ocrx_word' id='word_1_886' title='bbox 460 5452 480 5487; x_wconf 80' lang='grc' dir='ltr'><strong>ι</strong></span> <span class='ocrx_word' id='word_1_887' title='bbox 511 5433 706 5489; x_wconf 80' lang='grc' dir='ltr'>Ἀκουέ</span> <span class='ocrx_word' id='word_1_888' title='bbox 738 5448 861 5504; x_wconf 86' lang='grc' dir='ltr'>μου,</span> <span class='ocrx_word' id='word_1_889' title='bbox 902 5429 1118 5494; x_wconf 73' lang='grc' dir='ltr'>Ἰακὼϐ,</span> <span class='ocrx_word' id='word_1_890' title='bbox 1143 5430 1237 5483; x_wconf 79' lang='grc' dir='ltr'>καὶ</span> <span class='ocrx_word' id='word_1_891' title='bbox 1269 5427 1503 5499; x_wconf 77' lang='grc' dir='ltr'>Ἰσραὴλ,</span> <span class='ocrx_word' id='word_1_892' title='bbox 1529 5425 1589 5480; x_wconf 86' lang='grc' dir='ltr'><strong>δν</strong></span> <span class='ocrx_word' id='word_1_893' title='bbox 1624 5422 1736 5490; x_wconf 78' lang='grc' dir='ltr'><strong>ἐγὼ</strong></span> <span class='ocrx_word' id='word_1_894' title='bbox 1769 5423 1919 5479; x_wconf 83' lang='grc' dir='ltr'>καλῶ</span> <span class='ocrx_word' id='word_1_895' title='bbox 1940 5442 1956 5455; x_wconf 86' lang='grc'><strong>·</strong></span> 
     </span>
    </p>
   </div>
   <div class='ocr_carea' id='block_1_107' title="bbox 2626 5323 3079 5382">
    <p class='ocr_par' dir='ltr' id='par_1_107' title="bbox 2626 5323 3079 5382">
     <span class='ocr_line' id='line_1_107' title="bbox 2626 5323 3079 5382; baseline -0.013 0"><span class='ocrx_word' id='word_1_896' title='bbox 2626 5325 2856 5382; x_wconf 78' lang='lat' dir='ltr'><strong>CAPUT</strong></span> <span class='ocrx_word' id='word_1_897' title='bbox 2892 5323 3079 5380; x_wconf 73' lang='lat' dir='ltr'><strong>XXIII.</strong></span> 
     </span>
    </p>
   </div>
   <div class='ocr_carea' id='block_1_108' title="bbox 2141 5415 3647 5486">
    <p class='ocr_par' dir='ltr' id='par_1_108' title="bbox 2141 5415 3647 5486">
     <span class='ocr_line' id='line_1_108' title="bbox 2141 5415 3647 5486; baseline -0.004 -12"><span class='ocrx_word' id='word_1_898' title='bbox 2141 5441 2161 5474; x_wconf 81' lang='grc'>‹</span> <span class='ocrx_word' id='word_1_899' title='bbox 2196 5421 2464 5485; x_wconf 70' lang='lat' dir='ltr'><strong>Audime&#39;,</strong></span> <span class='ocrx_word' id='word_1_900' title='bbox 2486 5419 2677 5482; x_wconf 85' lang='lat' dir='ltr'><strong>Jacob.</strong></span> <span class='ocrx_word' id='word_1_901' title='bbox 2706 5426 2762 5474; x_wconf 89' lang='lat' dir='ltr'><strong>et</strong></span> <span class='ocrx_word' id='word_1_902' title='bbox 2787 5415 2978 5481; x_wconf 89' lang='lat' dir='ltr'><strong>Israel,</strong></span> <span class='ocrx_word' id='word_1_903' title='bbox 3010 5429 3172 5486; x_wconf 88' lang='lat' dir='ltr'><strong>quem</strong></span> <span class='ocrx_word' id='word_1_904' title='bbox 3198 5428 3298 5485; x_wconf 79' lang='lat' dir='ltr'><strong>ego</strong></span> <span class='ocrx_word' id='word_1_905' title='bbox 3331 5426 3469 5469; x_wconf 84' lang='lat' dir='ltr'><strong>voco</strong></span> <span class='ocrx_word' id='word_1_906' title='bbox 3500 5430 3517 5469; x_wconf 91' lang='lat'><strong>:</strong></span> <span class='ocrx_word' id='word_1_907' title='bbox 3544 5428 3647 5484; x_wconf 71' lang='lat' dir='ltr'><strong>ego</strong></span> 
     </span>
    </p>
   </div>
   <div class='ocr_carea' id='block_1_109' title="bbox 326 5505 1993 5595">
    <p class='ocr_par' dir='ltr' id='par_1_109' title="bbox 326 5515 1959 5595">
     <span class='ocr_line' id='line_1_109' title="bbox 326 5515 1959 5595; baseline -0.006 -16"><span class='ocrx_word' id='word_1_908' title='bbox 326 5552 329 5553; x_wconf 52' lang='grc' dir='ltr'><strong>ν</strong></span> <span class='ocrx_word' id='word_1_909' title='bbox 382 5522 494 5595; x_wconf 66' lang='grc' dir='ltr'><strong>ἐγώ</strong></span> <span class='ocrx_word' id='word_1_910' title='bbox 520 5526 633 5595; x_wconf 79' lang='grc' dir='ltr'>εἰμι</span> <span class='ocrx_word' id='word_1_911' title='bbox 683 5521 916 5594; x_wconf 74' lang='grc' dir='ltr'>πρῶτος,</span> <span class='ocrx_word' id='word_1_912' title='bbox 955 5521 1050 5575; x_wconf 78' lang='grc' dir='ltr'>καὶ</span> <span class='ocrx_word' id='word_1_913' title='bbox 1078 5519 1190 5590; x_wconf 85' lang='grc' dir='ltr'><strong>ἐγώ</strong></span> <span class='ocrx_word' id='word_1_914' title='bbox 1225 5522 1340 5589; x_wconf 80' lang='grc' dir='ltr'>εἰμι</span> <span class='ocrx_word' id='word_1_915' title='bbox 1384 5520 1465 5583; x_wconf 87' lang='grc' dir='ltr'><strong>είς</strong></span> <span class='ocrx_word' id='word_1_916' title='bbox 1489 5516 1581 5571; x_wconf 86' lang='grc' dir='ltr'><strong>τὸν</strong></span> <span class='ocrx_word' id='word_1_917' title='bbox 1612 5515 1802 5571; x_wconf 82' lang='grc' dir='ltr'>αἰῶνα.</span> <span class='ocrx_word' id='word_1_918' title='bbox 1846 5516 1959 5572; x_wconf 73' lang='grc' dir='ltr'>Καὶ</span> 
     </span>
    </p>
   </div>
   <div class='ocr_carea' id='block_1_110' title="bbox 2094 5505 3645 5595">
    <p class='ocr_par' dir='ltr' id='par_1_110' title="bbox 2094 5505 3645 5585">
     <span class='ocr_line' id='line_1_110' title="bbox 2094 5505 3645 5585; baseline -0.006 -16"><span class='ocrx_word' id='word_1_919' title='bbox 2094 5529 2179 5569; x_wconf 88' lang='lat' dir='ltr'><strong>um</strong></span> <span class='ocrx_word' id='word_1_920' title='bbox 2204 5519 2436 5585; x_wconf 87' lang='lat' dir='ltr'><strong>primus.</strong></span> <span class='ocrx_word' id='word_1_921' title='bbox 2466 5519 2523 5567; x_wconf 91' lang='lat' dir='ltr'><strong>et</strong></span> <span class='ocrx_word' id='word_1_922' title='bbox 2564 5524 2665 5582; x_wconf 74' lang='lat' dir='ltr'><strong>ego</strong></span> <span class='ocrx_word' id='word_1_923' title='bbox 2712 5524 2833 5565; x_wconf 90' lang='lat' dir='ltr'><strong>sum</strong></span> <span class='ocrx_word' id='word_1_924' title='bbox 2893 5508 2950 5563; x_wconf 92' lang='lat' dir='ltr'><strong>in</strong></span> <span class='ocrx_word' id='word_1_925' title='bbox 2978 5512 3267 5562; x_wconf 63' lang='lat' dir='ltr'><strong>sternam.</strong></span> <span class='ocrx_word' id='word_1_926' title='bbox 3329 5505 3394 5560; x_wconf 80' lang='lat' dir='ltr'><strong>Et</strong></span> <span class='ocrx_word' id='word_1_927' title='bbox 3448 5520 3645 5560; x_wconf 82' lang='lat' dir='ltr'><strong>manus</strong></span> 
     </span>
    </p>
   </div>
   <div class='ocr_carea' id='block_1_111' title="bbox 381 5596 1993 5690">
    <p class='ocr_par' dir='ltr' id='par_1_111' title="bbox 381 5608 1958 5690">
     <span class='ocr_line' id='line_1_111' title="bbox 381 5608 1958 5690; baseline -0.006 -20"><span class='ocrx_word' id='word_1_928' title='bbox 381 5619 417 5689; x_wconf 67' lang='grc' dir='ltr'><strong>ἡ</strong></span> <span class='ocrx_word' id='word_1_929' title='bbox 460 5617 582 5690; x_wconf 79' lang='grc' dir='ltr'>χείρ</span> <span class='ocrx_word' id='word_1_930' title='bbox 634 5630 733 5687; x_wconf 89' lang='grc' dir='ltr'><strong>μου</strong></span> <span class='ocrx_word' id='word_1_931' title='bbox 773 5613 1103 5687; x_wconf 77' lang='grc' dir='ltr'>ἐθεμελίωσι</span> <span class='ocrx_word' id='word_1_932' title='bbox 1144 5612 1241 5684; x_wconf 74' lang='grc' dir='ltr'>τὴν</span> <span class='ocrx_word' id='word_1_933' title='bbox 1287 5613 1411 5684; x_wconf 81' lang='grc' dir='ltr'>γῆν,</span> <span class='ocrx_word' id='word_1_934' title='bbox 1455 5610 1552 5664; x_wconf 75' lang='grc' dir='ltr'>καὶ</span> <span class='ocrx_word' id='word_1_935' title='bbox 1592 5610 1625 5682; x_wconf 73' lang='grc' dir='ltr'><strong>ἡ</strong></span> <span class='ocrx_word' id='word_1_936' title='bbox 1664 5608 1814 5675; x_wconf 82' lang='grc' dir='ltr'>δεξιά</span> <span class='ocrx_word' id='word_1_937' title='bbox 1856 5626 1958 5679; x_wconf 85' lang='grc' dir='ltr'><strong>μου</strong></span> 
     </span>
    </p>
   </div>
   <div class='ocr_carea' id='block_1_112' title="bbox 2094 5596 3681 5690">
    <p class='ocr_par' dir='ltr' id='par_1_112' title="bbox 2094 5596 3681 5670">
     <span class='ocr_line' id='line_1_112' title="bbox 2094 5596 3681 5670; baseline -0.001 -12"><span class='ocrx_word' id='word_1_938' title='bbox 2094 5620 2178 5663; x_wconf 70' lang='lat' dir='ltr'><strong>tea</strong></span> <span class='ocrx_word' id='word_1_939' title='bbox 2208 5603 2458 5660; x_wconf 76' lang='lat' dir='ltr'><strong>[undavit</strong></span> <span class='ocrx_word' id='word_1_940' title='bbox 2484 5612 2689 5660; x_wconf 88' lang='lat' dir='ltr'><strong>terram</strong></span> <span class='ocrx_word' id='word_1_941' title='bbox 2714 5644 2731 5670; x_wconf 88' lang='lat'><strong>,</strong></span> <span class='ocrx_word' id='word_1_942' title='bbox 2771 5608 2826 5658; x_wconf 90' lang='lat' dir='ltr'><strong>et</strong></span> <span class='ocrx_word' id='word_1_943' title='bbox 2875 5598 3099 5657; x_wconf 80' lang='lat' dir='ltr'><strong>dextera</strong></span> <span class='ocrx_word' id='word_1_944' title='bbox 3133 5614 3250 5655; x_wconf 86' lang='lat' dir='ltr'><strong>mea</strong></span> <span class='ocrx_word' id='word_1_945' title='bbox 3282 5596 3681 5657; x_wconf 69' lang='lat' dir='ltr'><strong>eonsolidavit;</strong></span> 
     </span>
    </p>
   </div>
   <div class='ocr_carea' id='block_1_113' title="bbox 450 5757 1993 5849">
    <p class='ocr_par' dir='ltr' id='par_1_113' title="bbox 450 5763 1993 5849">
     <span class='ocr_line' id='line_1_113' title="bbox 450 5763 1993 5849; baseline -0.008 -19"><span class='ocrx_word' id='word_1_946' title='bbox 450 5774 614 5832; x_wconf 83' lang='lat' dir='ltr'><strong>’lsai.</strong></span> <span class='ocrx_word' id='word_1_947' title='bbox 643 5789 761 5842; x_wconf 75' lang='lat' dir='ltr'><strong>tut,</strong></span> <span class='ocrx_word' id='word_1_948' title='bbox 794 5772 845 5827; x_wconf 80' lang='lat'><strong>9.</strong></span> <span class='ocrx_word' id='word_1_949' title='bbox 925 5770 1123 5828; x_wconf 80' lang='lat' dir='ltr'><strong>&#39;Joan.</strong></span> <span class='ocrx_word' id='word_1_950' title='bbox 1156 5786 1267 5837; x_wconf 75' lang='lat' dir='ltr'><strong>xvi,</strong></span> <span class='ocrx_word' id='word_1_951' title='bbox 1303 5768 1392 5824; x_wconf 69' lang='lat'><strong>5&#39;5.</strong></span> <span class='ocrx_word' id='word_1_952' title='bbox 1470 5767 1489 5799; x_wconf 78' lang='grc'><strong>³</strong></span> <span class='ocrx_word' id='word_1_953' title='bbox 1518 5765 1646 5824; x_wconf 85' lang='lat' dir='ltr'><strong>lsai.</strong></span> <span class='ocrx_word' id='word_1_954' title='bbox 1680 5780 1803 5849; x_wconf 62' lang='grc' dir='ltr'>ην,</span> <span class='ocrx_word' id='word_1_955' title='bbox 1834 5763 1921 5832; x_wconf 82' lang='lat' dir='ltr'><strong>l5,</strong></span> <span class='ocrx_word' id='word_1_956' title='bbox 1959 5764 1993 5818; x_wconf 69' lang='lat' dir='ltr'><strong>it</strong></span> 
     </span>
    </p>
   </div>
   <div class='ocr_carea' id='block_1_114' title="bbox 2094 5757 2589 5849">
    <p class='ocr_par' dir='ltr' id='par_1_114' title="bbox 2121 5757 2589 5823">
     <span class='ocr_line' id='line_1_114' title="bbox 2121 5757 2589 5823; baseline -0.006 -8"><span class='ocrx_word' id='word_1_957' title='bbox 2121 5757 2320 5816; x_wconf 72' lang='lat' dir='ltr'><strong>‘Joan.</strong></span> <span class='ocrx_word' id='word_1_958' title='bbox 2355 5775 2467 5823; x_wconf 74' lang='lat' dir='ltr'><strong>xiv,</strong></span> <span class='ocrx_word' id='word_1_959' title='bbox 2507 5758 2589 5812; x_wconf 85' lang='lat' dir='ltr'><strong>il.</strong></span> 
     </span>
    </p>
   </div>
  </div>
