4096 6412
463 336 593 394 ιεδι

1152 335 1423 392 EUSEBII
1451 337 1936 396 CESARIENSIS
1969 338 2121 395 OPP.
2157 337 2338 393 PARS
2375 338 2467 393 III.
2486 336 2983 393 —EXEGETICA.

3602 342 3623 395 I
3636 340 3736 396 ΞΒ

458 457 655 512 εωιοε.
693 454 906 511 Vocabo
941 469 1057 518 eos,
1091 461 1145 509 et
1181 455 1407 510 stabunt
1431 456 1617 520 simul,
1652 465 1707 512 et
1739 472 2039 530 congrega~

2152 456 2442 530 ὲστερέωσε
2469 456 2560 509 τὸν
2591 456 2817 528 οὐρανόν
2835 473 2848 486 ⁸
2878 456 3089 510 καλέσω
3110 455 3221 525 ἐγὼ
3252 456 3451 520 αὐτοὺς
3479 458 3616 522 ἅμα,
3642 459 3735 512 καὶ

462 547 670 602 buntur
696 561 909 609 omnes,
929 553 983 600 et
1012 545 1265 613 audient;
1284 546 1407 615 quis
1430 547 1511 602 eis
1529 549 1872 605 annuntiavit
1896 550 2052 606 haec?

462 634 748 705 Domitius,
781 639 875 709 qui
909 637 1088 709 diligit
1117 645 1171 694 te
1197 676 1211 702 ,
1265 637 1396 694 fecit
1444 640 1786 697 voluntatem
1815 649 1961 697 tuam
1995 642 2052 698 iu

465 731 742 804 Babylone
764 771 780 795 ,
842 737 901 785 ut
934 730 1150 785 tolleret
1184 744 1370 785 semen
1393 729 1795 788 Chaldaeorum.
1823 731 1937 804 Ego
1972 734 2053 788 lo-

463 833 624 883 cutus
652 840 797 891 sum,
831 832 886 880 et
912 839 1014 895 ego
1040 824 1255 879 vocavi.
1286 823 1428 879 Duxi
1458 840 1587 881 eum
1619 834 1675 882 et
1703 826 1878 882 direxi
1910 827 2052 882 viam

463 915 583 983 ejus
614 936 627 970 :
665 915 917 971 adducite
947 915 1015 970 ad
1045 930 1130 969 me
1159 924 1214 971 et
1244 915 1430 971 audite
1462 916 1579 972 haec
1606 935 1620 971 :
1654 932 1763 973 non
1790 918 1859 974 ab
1892 919 2051 976 initio

464 1008 517 1063 in
546 1009 765 1063 occulto
794 1009 1012 1063 loeutus
1048 1023 1169 1063 sum
1204 1025 1217 1061 :
1254 1007 1476 1079 quando
1525 1008 1708 1075 ﬁebat,
1738 1010 1849 1066 illic
1876 1027 2048 1067 eram.

465 1098 530 1154 Et
558 1115 705 1155 nunc
735 1098 998 1155 Dominus
1033 1098 1295 1154 Dominus
1354 1100 1503 1157 misit
1544 1115 1632 1157 me
1654 1140 1672 1168 ,
1730 1109 1785 1158 et
1816 1100 2052 1173 Spiritus

463 1190 585 1259 ejus
616 1191 655 1245 ¹.
696 1210 716 1242 ι
743 1190 897 1246 Unus
921 1206 1047 1245 cum
1067 1192 1138 1245 sit
1163 1193 1257 1261 qui
1282 1192 1339 1247 in
1364 1192 1468 1248 hoc
1493 1193 1615 1249 loco
1644 1195 1907 1266 loquitur,
1925 1200 2052 1267 quis

465 1285 607 1339 alius
636 1291 785 1340 esset
822 1303 841 1334 ι
881 1283 1144 1339 Dominus
1175 1285 1268 1354 qui
1302 1284 1432 1340 fecit
1465 1286 1667 1342 emlum
1719 1295 1770 1343 et
1822 1288 2054 1343 firmavit

466 1377 619 1442 illud,
649 1384 705 1432 et
734 1375 979 1431 fundavit
1002 1386 1222 1444 terram,
1249 1396 1267 1430 ι
1291 1378 1497 1449 quique
1531 1379 1700 1435 dicit:
1725 1399 1744 1432 ι
1783 1381 1897 1453 Ego
1928 1398 2053 1438 sum

463 1468 677 1540 primus
705 1475 759 1523 et
786 1481 887 1537 ego
926 1482 1049 1522 sum
1079 1468 1134 1522 in
1162 1476 1468 1538 aeternum;
1508 1489 1528 1523 ›
1563 1472 1829 1543 adjiciens
1878 1474 1935 1530 in
1987 1476 2055 1533 iis

463 1573 587 1630 qum
606 1566 930 1629 sequuntur,
947 1559 1105 1631 juxta
1131 1576 1320 1616 omnes
1333 1562 1427 1631 qui
1450 1562 1693 1618 divinam
1710 1565 1928 1637 Seriptu
1938 1584 2053 1622 ram

466 1651 809 1721 interpretati
839 1660 989 1716 sunt,
1028 1651 1160 1706 illud
1192 1668 1207 1703 :
1249 1670 1267 1703 ι
1299 1651 1365 1706 Et
1412 1669 1560 1709 nunc
1614 1655 1880 1713 Dominus
1910 1658 2054 1715 Deus

466 1741 617 1798 misit
645 1756 730 1796 me
749 1751 803 1796 et
825 1740 1065 1813 Spiritus
1100 1741 1269 1813 ejus»
1292 1759 1355 1798 ac
1384 1754 1634 1801 sanctum
1663 1745 1759 1803 Dei
1792 1747 2052 1817 Verbum,

2156 550 2441 620 στήσονται
2483 548 2577 603 καὶ
2620 547 3072 620 συναχθήσονται,
3120 548 3215 601 καὶ
3256 547 3602 602 ἀκούσονται.
3640 550 3735 613 Τίς

2153 645 2337 707 αὐτοῖς
2389 641 2711 714 ἀνήγγειλεν
2758 641 2964 705 ταῦτας
3007 645 3075 710 31(
3129 641 3334 713 Κύριος
3387 642 3618 710 ἀγαπῶν
3674 660 3734 697 σε

2153 734 2377 805 ἐποίησε
2426 733 2488 786 τὸ
2539 732 2753 804 θέλημά
2800 749 2893 786 σου
2946 732 3037 785 ἐπὶ
3083 732 3402 798 Βαὸυλῶνα,
3460 733 3554 786 τοῦ
3608 729 3737 805 ἆραι

2155 826 2376 898 σπέρμα
2409 825 2710 880 Χαλδαίων.
2749 823 2889 893 Ἐγὼ
2921 824 3179 895 ἐλάλησα,
3212 825 3306 878 καὶ
3335 824 3447 894 ἐγὼ
3468 826 3732 879 ἐκάλεσαο

2152 918 2359 990 ήγαγον
2385 917 2570 983 αὑτὸν,
2605 916 2699 970 καὶ
2738 915 2997 969 εὐὼδωσα
3055 915 3152 988 τὴν
3188 915 3306 969 ὁδὸν
3341 916 3540 969 αὐτοῦ·
3571 934 3738 989 προστ

2154 1012 2389 1081 αγάγετε
2420 1010 2556 1083 πρὸς
2586 1009 2673 1082 μὲ,
2706 1013 2806 1062 καὶ
2838 1008 3106 1063 ἀκούσατε
3138 1007 3343 1062 ταῦτα’
3375 1010 3476 1063 οὐκ
3507 1010 3602 1063 ἀπ’
3640 1012 3739 1081 ἀρφ

2153 1102 2254 1172 χῆς
2295 1103 2353 1154 ἐν
2391 1102 2575 1171 κρυφῇ
2604 1098 2912 1168 λελάληκεν
2947 1098 3107 1169 ἡνίκα
3134 1098 3352 1165 ἐγένετο
3394 1100 3512 1151 ἐκεῖ
3552 1100 3733 1171 ἤμην’

2155 1194 2248 1248 καὶ
2277 1194 2370 1246 νῦν
2404 1191 2607 1263 Κύριος
2636 1191 2841 1262 Κύριος
2867 1189 3153 1244 ἀπέστειλέ
3185 1206 3276 1260 με,
3306 1189 3399 1243 καὶ
3423 1189 3485 1242 τό
3514 1191 3739 1261 Πνεῦμα

2155 1283 2349 1339 αὐτοῦ.
2382 1301 2401 1334 ι
2438 1281 2589 1345 Ἐνὸς
2623 1280 2775 1342 ὄντος
2804 1278 2898 1332 τοῦ
2926 1276 3099 1331 ταῦτα
3133 1279 3190 1329 ἐν
3230 1278 3298 1348 τῇ
3339 1280 3612 1348 περικοπῇ
3646 1277 3737 1329 λέ-

2156 1392 2344 1446 γοντος
2366 1372 2680 1445 προσώπου,
2702 1370 2785 1435 τίς
2813 1370 2857 1423 δ’
2885 1369 2950 1423 ἂν
2977 1367 3134 1431 ἄλλος
3151 1368 3237 1439 εἴη
3268 1387 3287 1419 ι
3310 1366 3514 1440 Κύριος
3543 1370 3571 1420 6
3593 1369 3741 1439 ποιή·

2158 1486 2258 1533 σας
2286 1467 2378 1521 τὸν
2428 1464 2657 1537 οὐρανὸν
2700 1465 2796 1518 καὶ
2841 1462 3019 1536 πήξας
3057 1464 3241 1529 αὐτὸν,
3296 1463 3389 1516 καὶ
3430 1460 3738 1533 περεώσας

2155 1562 2254 1635 τὴν
2283 1560 2410 1631 γῆν,
2450 1579 2470 1612 ι
2503 1559 2532 1610 6
2564 1557 2771 1626 λέγων·
2820 1574 2838 1607 ι
2875 1553 3016 1625 Ἐγώ
3043 1557 3158 1626 είμι
3204 1553 3455 1627 πρῶτος,
3507 1555 3600 1608 καὶ
3629 1554 3741 1623 ἐγώ

2156 1657 2271 1726 είμι
2298 1656 2378 1717 είς
2403 1651 2496 1706 τὸν
2519 1650 2711 1715 αἰῶνα,
2743 1668 2761 1701 ι
2793 1649 2887 1702 καὶ
2914 1648 3189 1719 ἐπιφέρων
3212 1648 3268 1701 έν
3295 1649 3408 1711 τοῖς
3428 1646 3575 1718 ἑξῆς,
3601 1648 3739 1701 κατὰ

2157 1746 2367 1810 πάντας
2399 1745 2526 1808 τοὺς
2570 1740 3013 1814 ἑρμηνεύσαντας
3044 1739 3140 1811 τὴν
3182 1738 3330 1792 θείαν
3373 1739 3619 1811 Γραφὴν,
3653 1738 3737 1802 τὸ,

465 1833 559 1904 qui
603 1840 727 1903 post
766 1833 1065 1889 increatum
1115 1835 1330 1889 initium
1385 1846 1764 1894 creaturarum
1810 1843 2046 1897 omnium

2161 1859 2181 1892 ι
2215 1839 2325 1893 Kal.
2367 1838 2460 1893 νῦν
2517 1835 2722 1907 Κύριος
2769 1835 2797 1887 ὁ
2855 1832 2988 1897 Θεὸς
3036 1832 3345 1886 ἁπέσταλκέ
3393 1850 3484 1904 με,
3535 1833 3629 1886 καὶ⁵
3678 1832 3740 1885 τὸ

466 1925 680 1993 primus
719 1922 864 1980 Deus
912 1924 1228 1979 nominatus
1274 1932 1380 1992 est,
1413 1926 1481 1981 de
1509 1942 1616 1998 quo
1641 1935 1695 1983 et
1723 1929 1859 1984 alias
1912 1931 2051 1986 scri-

467 2024 621 2087 ptum
654 2023 737 2073 est
768 2034 783 2072 :
817 2034 835 2067 ι
865 2015 1013 2071 Misit
1042 2015 1280 2071 Verbum
1311 2018 1434 2083 ejus
1486 2027 1542 2074 et
1589 2023 1801 2077 curavit
1847 2023 1992 2078 eos?
2025 2041 2046 2076 ι

467 2109 588 2179 Ipse
617 2108 761 2166 enim
791 2116 875 2165 est
912 2128 930 2161 ι
967 2125 1064 2180 per
1085 2125 1247 2180 quem
1279 2112 1464 2165 omnia
1493 2111 1637 2166 facta
1670 2121 1820 2179 sunt,
1860 2114 1917 2169 in
1944 2131 2051 2172 coe-

466 2201 697 2257 lestibus
726 2210 781 2257 et
806 2202 863 2256 in
895 2201 1271 2268 terrestribus,
1300 2203 1417 2259 sive
1443 2204 1681 2260 visibilia
1710 2247 1728 2275 ,
1768 2206 1884 2263 sive
1915 2208 2055 2263 invi-

467 2293 683 2360 sibilia;
724 2311 744 2346 ι
777 2309 939 2365 quem
978 2302 1032 2350 et
1073 2295 1224 2351 misit
1254 2295 1518 2352 Dominus
1549 2296 1691 2354 Deus
1737 2298 1902 2355 Pater
1928 2344 1943 2368 ,
1997 2311 2052 2357 et

465 2400 592 2440 cum
625 2400 689 2441 eo
719 2385 986 2456 Spiritum
1037 2394 1310 2453 sanetum,
1345 2388 1413 2442 ad
1440 2389 1808 2445 aediﬁcandam
1835 2394 2050 2463 generis

465 2475 747 2533 hominum
769 2478 1036 2534 salutem?
1057 2478 1234 2550 Atque
1257 2480 1374 2535 haec
1399 2478 1605 2538 Judaeis
1634 2493 1761 2554 apte
1788 2483 1896 2540 dici
1931 2500 2053 2557 pos-

467 2578 611 2636 sent,
644 2586 768 2626 cum
798 2571 1030 2627 doceant
1064 2573 1230 2627 alium
1260 2589 1386 2630 esse
1415 2575 1706 2632 Dominum
1741 2579 1834 2649 qui
1866 2580 2050 2634 omnia

464 2663 676 2717 creavit
703 2670 903 2734 praeter
919 2664 1165 2719 omnium
1185 2664 1378 2731 Deum,
1403 2681 1432 2721 a
1449 2682 1560 2738 quo
1587 2683 1647 2723 se
1669 2668 1897 2724 missum
1921 2686 2053 2725 con-

464 2752 673 2822 ﬁtetur,
704 2754 931 2811 dicens:
974 2774 994 2809 ι
1046 2755 1111 2811 Et
1174 2772 1324 2812 nunc
1366 2757 1631 2816 Dominus
1685 2760 1836 2815 misit
1880 2776 1986 2816 me.
2026 2780 2045 2813 ι

463 2843 588 2915 Ipse
614 2844 762 2900 enim
801 2852 949 2902 esset
978 2847 1067 2901 cui
1099 2846 1423 2918 praecipiens
1468 2848 1524 2902 in
1552 2848 1741 2904 mundi
1776 2851 2051 2907 creatione

464 2936 602 2992 dicit
624 2935 883 2993 Patern
919 2937 1042 2993 Fiat
1105 2940 1218 3005 lux,
1275 2949 1330 2996 et
1384 2941 1518 2997 fiant
1574 2942 1690 2998 haec
1744 2950 1798 2999 et
1856 2944 1985 3011 illa;
2025 2964 2044 2998 ι

464 3035 631 3098 atque
664 3027 797 3083 illud
826 3047 841 3084 :
868 3048 888 3081 ι
927 3028 1216 3087 Faciamus
1247 3031 1521 3089 hominem
1544 3034 1613 3088 ad
1637 3035 2050 3092 similitudinem

463 3129 733 3178 nostram.
770 3141 791 3176 ι
832 3122 1015 3191 Quare
1064 3133 1120 3179 et
1163 3123 1218 3178 in
1270 3124 1504 3183 Psalmis
1555 3128 1819 3183 scribitur
1866 3131 2045 3185 illud:

2158 1931 2381 2002 Πνεῦμα
2416 1928 2606 1990 αὐτοῦ,
2648 1948 2666 1980 ι
2701 1927 2792 2000 ἣιὸ
2835 1925 2978 1998 ἱερὸς
3006 1924 3100 1978 τοῦ
3131 1924 3265 1977 Θεοῦ
3311 1925 3504 1994 Λόγος,
3535 1926 3562 1977 6
3601 1923 3741 1994 μετὰ

2156 2024 2256 2097 τὴν
2287 2021 2549 2092 ἀγένητον
2592 2019 2765 2092 ἀρχὴν
2809 2017 2919 2071 τῶν
2949 2015 3191 2087 γενητῶν
3236 2015 3493 2070 ἁπάντων
3526 2015 3743 2087 πρῶτος

2158 2117 2288 2180 Θεὸς
2311 2114 2729 2187 ὀνομαζόμενος,
2752 2112 2880 2183 περ)⁹
2906 2104 2968 2165 οὗ
2993 2112 3085 2166 καὶ
3106 2109 3367 2184 ἀλλαχόσε
3394 2104 3706 2179 γέγραπται
3721 2122 3737 2138 ⁸

2164 2230 2183 2265 ι
2232 2207 2544 2264 Ἀπέστειλε
2571 2207 2662 2261 τὸν
2692 2205 2865 2275 Λόγον
2896 2202 3062 2259 αὑτοῦ
3092 2203 3186 2258 ml.
3218 2202 3407 2256 ἰάσατο
3439 2200 3676 2264 αὐτούς;
3717 2218 3737 2250 ι

2156 2303 2329 2367 Αὐτὸς
2352 2304 2460 2374 γάρ
2493 2302 2641 2354 ἐστιν
2683 2300 2713 2352 6
2756 2317 2774 2351 ι
2809 2297 2877 2352 δι’
2907 2291 2967 2351 οὗ
2994 2298 3061 2351 τά
3091 2295 3270 2350 πάντα
3297 2293 3535 2365 ἐγένετο,
3573 2292 3646 2347 τά
3679 2308 3742 2346 τε

2157 2393 2216 2447 ὲν
2243 2396 2356 2458 τοῖς
2390 2393 2638 2464 οὐρανοῖς
2672 2391 2768 2444 καὶ
2798 2388 2867 2443 τά
2896 2389 2989 2442 ἐπὶ
3017 2388 3115 2458 τῆς
3149 2387 3271 2459 γῆς,
3298 2387 3408 2439 εἴτε
3430 2384 3605 2457 ὁρατὰ
3632 2383 3742 2437 εὖτε

2156 2486 2367 2557 ἀόρατα
2387 2499 2400 2513 ⁸
2439 2502 2459 2536 ι
2495 2483 2555 2538 ὃν
2579 2483 2672 2536 καὶ
2696 2480 2985 2536 ἀπέστειλε
3016 2478 3219 2553 Κύριος
3247 2478 3432 2543 ὁιΘεὸς
3463 2480 3492 2531 6
3528 2477 3742 2550 Πατὴρ,

2159 2573 2256 2626 σὺν
2288 2570 2440 2644 αὐτῷ
2462 2570 2519 2626 δὲ
2548 2571 2642 2625 καὶ
2674 2570 2736 2624 τὸ
2756 2570 2910 2640 άγιον
2945 2569 3190 2641 Πνεῦμα,
3217 2570 3642 2640 οἰκονομήσοντα
3671 2568 3743 2622 τά

2157 2665 2297 2737 ὑπὲρ
2326 2664 2428 2732 τῆς
2460 2662 2764 2735 ἀνθρώπων
2824 2662 3127 2734 σωτηρίας.
3157 2661 3259 2731 Εἴη
3303 2662 3348 2715 δ’
3392 2662 3457 2715 ἂν
3502 2659 3743 2733 ἁρμόζον

2158 2754 2234 2820 ὠς
2268 2756 2403 2827 πρὸς
2438 2756 2724 2819 Ἰουδαίους
2759 2754 2819 2809 τὸ
2861 2755 3043 2828 ῥητὸν,
3086 2753 3337 2809 διδάσκον
3373 2754 3562 2823 ἕτερον
3600 2748 3742 2806 εἶναι

2158 2848 2362 2922 Κύριον
2385 2849 2475 2904 τὸν
2513 2847 2998 2920 δημιουργήσαντα
3030 2846 3102 2899 τά
3135 2846 3312 2900 πάντα
3342 2844 3487 2917 παρά
3511 2845 3603 2897 τὸν
3629 2842 3745 2897 τῶν

2156 2941 2292 2996 ὃλων
2346 2942 2497 3006 Θεὸν,
2548 2943 2640 3011 ὑφ’
2692 2934 2753 2996 οὗ
2808 2940 3146 2995 ἀπεστάλθαι
3210 2936 3481 3009 ὁμολογεῖ,
3516 2936 3693 3005 λέγων
3721 2950 3740 2966 ⁸

2165 3052 2183 3084 ι
2232 3033 2343 3087 Καὶ
2382 3032 2477 3089 νῦν
2508 3034 2712 3105 Κύριος
2744 3032 3053 3087 άπέσταλκέ
3089 3047 3187 3104 με·
3229 3049 3250 3083 ι
3284 3028 3445 3092 αὐτὸς
3478 3028 3524 3081 δ’
3554 3027 3622 3082 ἂν
3653 3027 3738 3098 εῐη

2157 3119 2204 3193 ᾧ
2239 3126 2591 3197 προστάττων
2623 3127 2681 3179 ὲν
2723 3128 2789 3197 τῇ
2818 3123 3148 3196 κοσμοποιίρ⁴
3175 3122 3338 3192 φησὶν
3366 3123 3394 3173 ό
3425 3118 3616 3190 Πατὴρ
3654 3116 3740 3182 τὸ,

470 3233 489 3266 σ
529 3213 648 3287 Ipse
672 3214 831 3282 dixit,
862 3226 916 3274 et
945 3218 1087 3274 facta
1116 3227 1266 3283 sunt,
1321 3221 1440 3292 ipse
1477 3220 1756 3277 mandavit
1781 3230 1835 3278 et
1863 3233 2046 3279 creata

2157 3234 2178 3268 ί
2214 3218 2504 3290 Γενηθήτω
2527 3216 2665 3287 φῶς,
2691 3218 2785 3271 καὶ
2815 3214 3099 3287 γενηθήτω
3124 3212 3249 3267 τάδε
3282 3212 3376 3266 καὶ
3399 3211 3524 3264 τάδε
3544 3228 3556 3241 ⁸
3594 3229 3614 3262 ι
3642 3211 3741 3263 καὶ

464 3320 614 3364 sunt.
650 3328 671 3362 ι
712 3311 913 3382 Aperte
944 3313 1088 3368 enim
1139 3323 1357 3370 constat
1403 3315 1550 3385 quod
1595 3315 1919 3385 praecipiens
1948 3316 2047 3369 ali-

463 3398 595 3469 quid
628 3408 683 3457 et
714 3401 945 3472 loquens
972 3404 1066 3458 alii
1101 3419 1165 3459 ac
1209 3403 1539 3476 sibimetipsi
1580 3405 1828 3476 praecipit
1855 3412 1910 3460 et
1942 3405 2046 3459 im—

461 3501 637 3561 perat.
675 3492 902 3565 Singula
938 3510 1081 3559 vero
1136 3496 1366 3567 hujusce
1404 3496 1511 3552 loci
1563 3497 1731 3552 verba
1772 3497 2048 3568 inquirere

464 3599 575 3640 non
605 3586 893 3655 praesentis
927 3598 1011 3643 est
1030 3589 1233 3657 operis.

2153 3309 2232 3372 τὸ,
2284 3328 2303 3361 ι
2334 3310 2657 3381 Ποιήσωμεν
2697 3308 2979 3380 ἄνθρωπον
3008 3306 3129 3361 κατ’
3156 3303 3342 3358 εἰκόνα
3370 3302 3645 3374 ἡμετέραν
3664 3318 3678 3330 ⁸
3713 3318 3733 3351 ι

2152 3402 2437 3475 ταύτην(ῃ)
2488 3402 2598 3474 γάρ
2651 3404 2746 3456 καὶ
2785 3403 2842 3454 ὲν
2885 3399 3136 3470 Ψαλμοῖς
3183 3395 3599 3465 ἀναγέγραπται
3650 3391 3737 3453 τὸ,

2160 3514 2179 3547 ι
2225 3497 2350 3550 Ὅτι
2399 3495 2562 3560 αὐτὸς
2601 3492 2746 3559 εἷπε,
2784 3494 2877 3549 καὶ
2926 3490 3289 3563 ἐγενήθησαν
3336 3487 3497 3551 αὐτὸς
3543 3483 3739 3539 ὲνετεί·

2154 3590 2305 3655 λατο,
2347 3590 2439 3644 καὶ
2480 3588 2828 3660 ἐκτίσθησαν.
2866 3605 2884 3638 ι
2934 3582 3207 3656 Πρόδηλον
3234 3578 3365 3651 γάρ,
3389 3578 3466 3642 ὡς
3499 3581 3528 3632 6
3557 3575 3747 3631 ὲντελσ

461 3674 686 3747 λόμενός
741 3693 795 3729 τι
865 3678 959 3731 καὶ
1019 3678 1193 3748 λέγων
1250 3679 1422 3751 ἑτέρῳ
1484 3681 1613 3752 παρ’
1669 3680 1861 3735 ἑαυτὸν
1919 3677 2224 3734 ἐντέλλεται
2293 3696 2353 3732 τε
2402 3678 2496 3733 καὶ
2544 3678 2892 3751 προστάττει.
2945 3674 3216 3743 Ἐκάστην
3263 3670 3447 3742 μέντοι
3482 3685 3545 3738 γε
3591 3667 3736 3732 λέξιν

459 3769 560 3841 τῆς
616 3772 923 3843 περικοπῆς
977 3772 1250 3838 ἐξετάζειν
1295 3775 1356 3828 οὐ
1405 3776 1506 3848 τῆς
1564 3775 1849 3847 παρούσης
1896 3777 2045 3830 ὲστίν
2077 3775 2488 3848 πραγματείας.

1022 3888 1250 3945 CAPUT
1290 3888 1480 3948 XXIV.

538 4025 556 4056 ι
596 4002 796 4060 Audite
827 4021 946 4071 me,
999 4006 1220 4071 insulze,
1245 4014 1298 4063 et
1351 4007 1638 4074 attendite,
1670 4017 1861 4081 gentes
1897 4028 1910 4065 :
1943 4011 2049 4064 Per

459 4104 676 4169 tearpus
704 4098 935 4153 multum
967 4100 1256 4165 consistet,
1289 4101 1423 4155 dicit
1446 4100 1710 4158 Dominus
1741 4123 1752 4157 :
1784 4103 1853 4157 ab
1889 4111 2044 4158 utero

459 4191 654 4246 matris
700 4205 834 4246 mea:
881 4193 1097 4246 vocavit
1155 4208 1353 4249 nomen
1409 4209 1628 4258 meum,
1674 4201 1727 4250 et
1773 4197 1954 4266 posuit
1981 4211 2043 4253 os

458 4298 641 4339 meum
688 4282 847 4354 quasi
875 4284 1112 4354 gladium
1170 4293 1423 4353 acutum;
1486 4294 1539 4342 et
1579 4287 1685 4342 sub
1729 4296 2041 4358 legumento

457 4389 657 4431 manus
708 4389 822 4430 suae
862 4375 1160 4431 occultavit
1213 4392 1333 4445 me;
1374 4385 1428 4433 et
1453 4378 1591 4432 dixit
1616 4378 1749 4432 mihi
1786 4400 1798 4434 :
1831 4377 2037 4434 Servus

456 4480 613 4521 meus
671 4480 732 4522 es
788 4473 869 4529 tu,
903 4463 1112 4529 Israel,
1164 4467 1288 4537 quia
1325 4469 1466 4523 inte
1498 4469 1798 4541 gloriabor.
1830 4468 1897 4523 Et
1939 4487 2040 4542 ego

457 4555 608 4612 dixi:
648 4554 709 4612 In
727 4571 960 4613 vacuum
1008 4558 1284 4625 laboravi,
1318 4561 1437 4616 sine
1476 4575 1664 4623 causa,
1689 4568 1903 4617 etvane
1929 4563 2040 4617 for-

456 4649 747 4727 titudinem
789 4665 967 4706 meam
994 4653 1313 4722 consumpsi
1342 4667 1361 4707 :
1391 4669 1520 4725 ergo
1542 4653 1808 4723 judicium
1863 4671 2040 4711 meum

455 4757 581 4797 cum
606 4740 857 4808 Domino,
875 4749 929 4797 et
957 4758 1096 4813 opus
1113 4758 1293 4800 meum
1311 4761 1437 4799 cum
1472 4745 1579 4801 Deo
1621 4762 1762 4802 meo.
1795 4746 1861 4803 Et
1896 4764 2043 4804 nunc

455 4834 588 4890 dicit
614 4834 901 4902 Dominus,
927 4833 1170 4893 formans
1200 4826 1288 4893 me
1333 4854 1399 4894 ex
1447 4847 1604 4895 utero
1646 4856 1865 4897 servum
1913 4842 2041 4905 sibi,

454 4935 516 4982 ut
563 4927 822 4983 reducam
857 4926 1026 4984 Iacob
1054 4929 1121 4984 ad
1155 4944 1303 4994 eum,
1335 4940 1388 4985 et
1417 4930 1605 4989 Israel.
1654 4932 2045 5006 Congregabor

452 5028 511 5077 et
543 5021 890 5091 gloriﬁcabor
920 5037 976 5075 in
1011 5021 1189 5077 oculis
1217 5022 1453 5087 Domini,
1492 5031 1546 5079 et
1582 5023 1729 5081 Deus
1765 5041 1920 5081 meus
1949 5025 2037 5079 fa-

453 5122 581 5171 ctus
595 5120 680 5170 est
710 5112 973 5169 fortitudo
999 5129 1141 5170 mea.
1166 5110 1232 5168 Et
1254 5114 1391 5171 dixit
1417 5115 1704 5188 :Magnum
1733 5126 1814 5175 est
1847 5120 1945 5174 tibi
1983 5127 2040 5173 ut

455 5204 535 5261 sis
561 5205 696 5259 mihi
728 5220 922 5263 servus
938 5205 1004 5261 ad
1026 5206 1371 5263 suscitandas
1399 5211 1577 5266 tribus
1596 5208 1786 5276 Jacob,
1805 5221 1857 5267 et
1876 5211 2037 5267 fames

454 5295 624 5352 Israel
640 5298 1059 5354 convertendas.
1080 5297 1220 5356 Ecce
1236 5299 1360 5355 dedi
1382 5308 1436 5356 te
1461 5301 1516 5355 in
1538 5309 1924 5359 testamentum
1946 5318 2039 5373 ge-

454 5384 628 5448 neris,
679 5384 736 5440 in
770 5385 946 5442 lucem
979 5388 1243 5459 gentium,
1299 5399 1359 5445 ut
1395 5390 1474 5446 sis
1507 5391 1658 5446 salus
1690 5408 1812 5447 mea
1859 5408 2036 5462 usque

453 5476 525 5532 ad
557 5484 861 5532 extremum
892 5487 1070 5537 terrm.
1097 5480 1223 5536 Haec
1249 5480 1384 5536 dicit
1418 5482 1683 5538 Dominus
1717 5485 2035 5555 redemptor

455 5573 607 5629 tuus,
635 5564 780 5622 Deus
810 5566 978 5625 Israel
1012 5587 1027 5626 :
1062 5570 1411 5647 Sanctificate
1435 5589 1557 5629 eum
1589 5574 1680 5645 qui
1710 5575 1858 5645 parvi
1904 5574 2036 5631 facit

456 5661 693 5716 animam
729 5674 907 5726 suam,
927 5678 1088 5732 quem
1122 5663 1509 5723 abominantur
1529 5674 1738 5740 gentes,
1766 5668 1911 5724 servi
1933 5668 2034 5724 do-

523 5793 548 5827 ⁴
568 5792 694 5853 Isai.
723 5810 916 5862 xum,
946 5792 1133 5849 12-16.

2657 3885 3056 3941 ΚΕΦΛΛΑΙΟΝ
3087 3886 3213 3939 KA'.

2229 4023 2248 4054 ι
2290 4001 2583 4056 Ἀκούσατέ
2604 4018 2726 4071 μου,
2761 4000 2935 4071 νῆσοι,
2966 3998 3060 4051 καὶ
3080 3996 3398 4068 προσέχετε,
3428 3994 3589 4065 ἔθνη⁸
3634 3990 3736 4047 Διὰ

2151 4094 2343 4167 χρόνου
2374 4092 2567 4147 πολλοῦ
2601 4092 2891 4163 στήσεται,
2943 4088 3090 4158 λέγει
3123 4086 3359 4159 Κύριος
3414 4085 3479 4137 ὲκ
3527 4081 3736 4145 κοιλίας

2155 4188 2362 4261 μητρός
2400 4205 2499 4259 μου
2536 4186 2763 4240 ἐκάλεσε
2816 4185 2877 4239 τὸ
2914 4182 3086 4253 ὄνομά
3121 4198 3221 4253 μου
3244 4194 3260 4211 ⁸
3323 4179 3417 4232 καὶ
3461 4176 3625 4247 ἔθηκε
3673 4173 3734 4228 τὸ

2152 4282 2326 4353 στόμα
2360 4298 2459 4353 μου
2489 4281 2564 4344 ὡς
2590 4279 2864 4350 μάχαιραν
2896 4276 3076 4342 ὀξεῖαν
3096 4292 3110 4306 ⁸
3143 4274 3236 4328 καὶ
3263 4272 3369 4326 ὑπὸ
3398 4271 3497 4342 τήν
3522 4268 3733 4339 σκέπην

2147 4375 2248 4447 τῆς
2281 4376 2464 4446 χειρὸς
2494 4371 2659 4427 αὐτοῦ
2686 4371 2891 4443 ἔκρυψέ
2943 4386 3045 4441 με⁸
3081 4368 3175 4422 καὶ
3210 4362 3330 4419 εἶπέ
3378 4379 3500 4436 μοι’
3535 4360 3730 4423 Δοῦλός

2152 4484 2253 4539 μου
2278 4462 2329 4519 εἴ
2363 4467 2447 4531 σὺ,
2496 4465 2714 4538 Ἰσραὴλ
2738 4503 2754 4528 ,
2805 4463 2899 4515 καὶ
2932 4462 2990 4514 ὲν
3039 4459 3121 4514 σοὶ
3177 4457 3607 4528 δοξασθήσομαι’
3635 4451 3729 4506 καὶ

2147 4558 2258 4628 ἐγὼ
2307 4553 2468 4612 εἶπα⁸
2522 4557 2710 4620 Κενῶς
2764 4555 3064 4618 ἐκοπίασα,
3117 4552 3197 4615 είς
3250 4549 3477 4621 μάταιον
3508 4546 3605 4600 καὶ
3650 4546 3749 4608 είςΔ

2147 4652 2300 4705 οὐδὲν
2344 4650 2521 4703 ἔδωκα
2543 4648 2642 4719 τὴν
2675 4647 2829 4718 ίσχύν
2864 4662 2996 4717 μου·
3027 4643 3114 4698 διὰ
3141 4641 3303 4725 τοῦτο
3332 4644 3366 4713 ἡ
3413 4640 3593 4711 κρίσις
3627 4652 3729 4709 μου

2148 4742 2298 4814 παρά
2322 4741 2533 4814 Κυρίῳ,
2568 4739 2664 4793 καὶ
2687 4740 2715 4790 6
2737 4739 2901 4801 πόνος
2933 4754 3032 4807 μου
3065 4734 3303 4789 ἐναντίον
3322 4732 3417 4786 τοῦ
3440 4729 3575 4784 Θεοῦ
3603 4746 3726 4800 μου.

2147 4834 2259 4887 Καὶ
2291 4833 2385 4886 νῦν
2414 4830 2587 4894 οὓτως
2615 4829 2764 4900 λέγει
2793 4829 3018 4901 Κύριος,
3040 4830 3069 4881 6
3092 4826 3304 4889 πλάσας
3339 4839 3406 4894 με
3438 4824 3500 4876 ὲκ
3521 4819 3727 4881 κοιλίας

2146 4925 2331 4980 δοῦλον
2356 4924 2556 4996 ἐαυτῷ,
2583 4923 2678 4977 τοῦ
2706 4924 3032 4991 συναγαγεῖν
3056 4920 3148 4974 τὸν
3183 4915 3378 4972 Ἰακὼὸ
3404 4915 3541 4987 πρὸς
3567 4912 3725 4968 αὐτὸν

2147 5017 2242 5069 καὶ⁵
2296 5016 2387 5069 τὸν
2440 5014 2690 5087 Ἰσραήλ·
2739 5013 3146 5084 συναχθήσομαι
3177 5009 3274 5063 καὶ
3324 5005 3723 5077 δοξασθήσομαι

2148 5109 2389 5163 ἐναντίον
2436 5108 2680 5180 Κυρίου,
2716 5107 2810 5161 καὶ
2835 5109 2864 5159 6
2901 5105 3034 5168 Θεός
3060 5120 3162 5175 μου
3209 5101 3361 5155 ἔσται
3399 5115 3488 5170 μοι
3532 5094 3723 5167 ἰσχύς·

2126 5202 2241 5254 ’καὶ
2266 5196 2387 5254 εἷπε
2405 5218 2418 5229 ⁸
2443 5199 2601 5268 Μέγα
2633 5198 2714 5251 σοί
2748 5199 2863 5250 ἐστι
2885 5194 2980 5249 τοῦ
3015 5191 3280 5265 κληθῆναί
3319 5207 3378 5242 σε
3404 5186 3575 5241 παῖδά
3598 5202 3719 5257 μου,

2144 5294 2242 5347 τοῦ
2291 5293 2488 5363 στῆσαι
2513 5291 2613 5356 τὰς
2664 5290 2836 5360 φυλὰς
2890 5285 3083 5341 Ἰακὼϐ
3108 5326 3124 5351 ,
3162 5284 3257 5368 καὶ
3293 5281 3390 5345 τὰς
3422 5275 3722 5349 διασπορὰς

2142 5386 2238 5439 τοῦ
2292 5385 2507 5458 Ἰσραὴλ
2557 5382 2915 5455 ἐπιπρέψαι·
2955 5380 3065 5435 ίδοὺ
3116 5376 3339 5431 τέθεικά
3388 5390 3448 5427 σε
3481 5373 3561 5435 είς
3607 5369 3721 5428 δια·

2143 5477 2320 5552 θήκην
2356 5478 2565 5548 γένους,
2610 5477 2692 5540 είς
2724 5474 2841 5545 φῶς
2873 5473 3065 5536 ἐθνῶν,
3100 5469 3195 5524 τοῦ
3220 5465 3355 5523 εἷναί
3392 5482 3450 5519 σε
3490 5464 3573 5527 είς
3612 5479 3715 5515 σω·-

2142 5572 2336 5645 τηρίαν
2364 5573 2469 5636 ἕως
2495 5571 2725 5642 ἐσχάτου
2755 5569 2855 5639 τῆς
2879 5567 3002 5639 γῆς.
3029 5565 3215 5627 Οὕτως
3239 5563 3386 5631 λέγει
3422 5559 3650 5645 Κύριος,
3678 5554 3719 5645 6

2145 5644 2448 5737 ῥυσάμενός
2475 5679 2556 5729 σε,
2583 5664 2612 5715 6
2639 5661 2771 5725 Θεὸς
2810 5658 3044 5732 Ἰσραήλ·
3082 5654 3371 5726 Ἀγιάσατε
3407 5651 3500 5707 τὸν
3528 5644 3717 5721 φαυλί-
