4096 6412
372 384 507 441 1253

1400 382 1697 443 ECLOGA}
1736 388 2215 454 PBOPIiETICIE.
2254 431 2324 442 —
2362 401 2490 457 LIB.
2532 401 2615 458 IV.

3496 410 3517 465 Ι
3529 406 3635 465 25-6

371 504 532 569 ζοντα
557 502 656 574 τήν
684 502 861 589 ψυχήν
888 500 1072 566 αὐτοῦ,
1118 503 1660 581 τὸν.βδελυσσόμενον
1692 512 1798 567 ὑπὸ
1844 514 1952 569 τῶν

2064 519 2400 577 minantium.
2427 522 2600 595 Reges
2627 525 2885 582 videbunt
2905 527 3104 598 etnmjet
3120 530 3635 600 exsurgentprinci-

369 594 540 650 ἐθνῶν
564 595 674 648 τῶν
693 594 896 650 δούλων
919 596 1029 650 τῶν
1045 596 1423 667 ἀρχόντων.Βα
1432 600 1599 667 σιλεῖς
1613 603 1834 673 ὄψονται
1850 608 1949 661 αὐ-

367 687 479 750 τὸν,
513 687 609 741 καὶ⁹
624 688 1018 760 ἀναστήσονται
1044 688 1323 760 ἄρχοντες,
1364 693 1459 747 καὶ
1480 701 1952 769 προσκυνήσουσιν

366 780 516 852 αὐτῷ
538 780 725 834 ἕνεκεν
753 783 980 853 Κυρίου*
1006 785 1087 839 ὃτι
1114 788 1304 851 πιστός
1321 789 1470 842 ἐστιν
1491 790 1521 841 6
1543 788 1697 859 ἅγιος
1711 791 1948 864 Ἰσραὴλ,

366 871 465 927 καῖ
480 871 815 944 ἐξελεξάμην
841 891 921 928 σε.
948 876 1135 943 Οὕτως
1162 880 1307 949 λέγει
1326 880 1549 953 Κύριοςθ
1567 882 1760 955 Καιρῷ
1780 883 1951 957 δεκτῷ

366 964 648 1037 ἐπήκουσά
670 982 787 1030 σου,
820 968 915 1021 καὶ
938 970 995 1022 ἐν
1018 972 1203 1044 ἡμέρᾳ
1235 974 1508 1045 σωτηρίας
1536 974 1810 1046 ἐϐοήθησά
1842 994 1948 1041 σοι,

367 1058 463 1113 καὶ
484 1057 700 1113 ἐπλασά
726 1076 810 1122 σε,
833 1062 927 1114 καὶ
951 1061 1131 1119 ἔδωκά
1162 1083 1222 1119 σε
1246 1069 1327 1131 είς
1362 1067 1629 1140 διαθήκην
1661 1068 1829 1123 ἐθνῶν
1853 1069 1951 1123 τοῦ

365 1153 706 1225 καταστῆσαι
730 1152 829 1223 τὴν
860 1157 983 1229 γῆν,
1016 1157 1111 1211 καὶ
1148 1158 1554 1231 κληρονομῆσαι
1583 1161 1950 1235 κληρονομίας

366 1245 624 1316 ἐρήμους,
643 1247 868 1317 λέγοντα
884 1253 996 1314 τοῖς
1012 1252 1069 1303 ὲν
1088 1250 1306 1323 δεσμοῖς
1324 1268 1338 1282 θ
1387 1251 1679 1319 Ἐξέλθετε,
1714 1256 1811 1308 καὶ
1841 1259 1953 1321 τοῖς

365 1337 527 1408 ἐντῴ
555 1340 755 1406 σκότει,
778 1341 1242 1413 ἀνακαλυφθῆναι,
1273 1342 1366 1397 καὶ
1378 1346 1436 1399 ὲν
1465 1344 1665 1409 πάσαις
1683 1350 1802 1410 ταῖς
1816 1347 1955 1411 ὁδοῖς

368 1426 835 1502 βοσκηθήσονται,
868 1434 964 1486 καὶ
991 1434 1050 1486 ἐν
1085 1434 1288 1499 πάσαις
1316 1437 1435 1499 ταῖς
1481 1436 1689 1509 τρίϐοις
1726 1441 1759 1509 ή
1815 1438 1954 1512 νομὴ

366 1520 576 1576 αὐτῶνθ
610 1524 669 1577 οὐ
730 1525 1079 1580 πεινάσουσιν
1101 1566 1116 1591 ,
1156 1527 1276 1581 οὐδὲ
1315 1527 1653 1600 διψήσουσιν.
1682 1530 1803 1584 οὐδὲ
1851 1548 1958 1585 πα-

365 1611 515 1678 τάξει
566 1613 766 1680 αὐτοὺς
813 1615 1065 1682 καύσων,
1095 1617 1214 1671 οὐδὲ
1268 1620 1298 1671 6
1330 1618 1512 1690 ήλιος·
1554 1621 1668 1674 ἀλλ’
1710 1623 1739 1675 6
1789 1622 1954 1677 ἐλεῶν

367 1704 563 1770 αὐτοὺς
601 1707 969 1780 παρακαλέσει
1017 1710 1237 1775 αὐτοὺς,
1291 1711 1387 1764 καὶ
1436 1711 1525 1766 διά
1584 1714 1776 1786 πηγῶν
1830 1715 1958 1769 ὑδά-

365 1814 474 1852 των
500 1798 617 1863 ἀξει
650 1800 866 1866 αὐτοὺς,
921 1802 1014 1855 καὶ
1061 1801 1213 1873 θήσω
1262 1804 1371 1857 πᾶν
1416 1803 1542 1876 ὄρος
1568 1806 1648 1869 εἰς
1674 1805 1812 1871 666v,
1856 1806 1951 1860 καὶ

2053 620 2238 683 pes,et
2260 613 2567 670 adorabunt
2583 631 2705 673 eum
2726 625 2949 690 propter
2971 617 3258 675 Dominum
3279 621 3438 692 :quia
3461 619 3636 677 ﬁdelis

2051 708 2137 757 est
2171 700 2409 759 Sanctus
2447 705 2638 770 Israel,
2676 715 2730 761 et
2758 708 2894 780 elegi
2927 716 3001 766 te.
3028 708 3155 766 llam
3178 710 3591 768 dieitDominus
3618 732 3632 768 :

2051 793 2111 850 In
2144 805 2387 867 tempore
2400 797 2599 867 placito
2614 800 2863 856 exaudivi
2889 809 2964 868 te,
2988 810 3043 859 et
3062 804 3118 858 in
3146 802 3236 860 die
3257 803 3450 860 salutis
3483 805 3639 860 auxi-

2053 886 2219 941 liatus
2242 902 2362 942 sum
2390 888 2486 943 tibi
2507 907 2520 943 :
2541 896 2595 944 et
2615 891 2828 944 servavi
2853 900 2926 955 te,
2950 900 3005 947 et
3028 891 3150 947 dedi
3182 890 3304 948 tein
3333 891 3516 949 Imdus
3545 908 3637 963 po-

2052 978 2186 1048 puli,
2213 986 2272 1032 ut
2306 979 2604 1034 suscitares
2627 986 2851 1045 terram,
2876 989 2929 1035 et
2956 982 3269 1051 possideres
3288 980 3637 1039 hzereditates

2052 1069 2384 1139 dissipatas;
2414 1077 2473 1123 ut
2494 1070 2706 1126 diceres
2738 1071 2823 1126 his
2852 1072 2945 1142 qui
2966 1073 3134 1128 vincti
3161 1080 3291 1128 sunt
3321 1090 3332 1126 :
3364 1071 3541 1137 Exite,
3583 1079 3638 1129 et

2054 1160 2141 1216 bis
2163 1162 2258 1231 qui
2290 1162 2345 1215 in
2373 1162 2618 1217 tenebris
2650 1176 2666 1215 :
2698 1161 3053 1220 Revelamini.
3098 1163 3276 1236 Super
3298 1180 3489 1223 omnes
3516 1167 3636 1223 vias

2055 1262 2376 1325 pascentur,
2401 1260 2458 1309 et
2484 1254 2539 1308 in
2570 1254 2827 1310 omnibus
2852 1255 3030 1326 planis
3053 1270 3257 1326 pascua
3279 1271 3492 1313 eorum.
3514 1253 3635 1311 Non

2055 1360 2332 1426 esurient,
2373 1375 2551 1432 neque
2581 1360 2788 1427 sitient,
2832 1368 2885 1416 et
2915 1378 3021 1417 non
3058 1363 3325 1432 percutiet
3352 1380 3447 1420 eos
3471 1371 3639 1420 azstus

2056 1462 2110 1509 et
2138 1454 2221 1509 sol
2249 1472 2264 1509 :
2293 1454 2421 1525 quia
2450 1454 2742 1509 miserator
2779 1468 2966 1509 eorum
3002 1463 3151 1525 reget
3182 1472 3298 1521 eos,
3329 1465 3384 1513 et
3413 1456 3482 1512 ad
3516 1458 3639 1511 fon-

2056 1554 2138 1602 tes
2166 1559 2432 1616 aquarum
2464 1546 2678 1617 potabit
2706 1562 2824 1602 eos.
2860 1545 2928 1601 Et
2957 1561 3155 1617 ponam
3184 1564 3374 1604 omnes
3424 1558 3640 1605 montes

2056 1652 2209 1693 meos
2240 1637 2295 1692 in
2325 1638 2491 1703 viam,
2519 1648 2573 1694 et
2604 1653 2823 1693 omnem
2861 1640 3109 1695 semitam
3141 1640 3223 1696 eis
3248 1641 3300 1696 in
3337 1656 3538 1713 pascua
3561 1644 3635 1698 ’.ι

2059 1727 2373 1785 Verisimile
2406 1737 2493 1784 est
2523 1729 2736 1799 opinari
2783 1728 3041 1787 Hebraeos
3072 1731 3177 1787 sibi
3219 1731 3384 1798 hujus
3402 1733 3639 1803 prophe-

2060 1819 2150 1874 tia:
2173 1818 2340 1874 verba
2391 1818 2522 1884 dici,
2575 1819 2785 1876 scilicet
2823 1838 2836 1876 :
2882 1838 2899 1872 ι
2938 1819 3005 1874 Ει
3042 1820 3179 1877 dixit
3212 1821 3346 1876 milii
3380 1840 3395 1878 :
3435 1820 3640 1879 Servus

366 1893 548 1945 πᾶσαν
593 1892 775 1964 τρίϐον
836 1895 916 1959 είς
980 1893 1231 1965 βόσκημα
1294 1895 1495 1959 αὐτοῖς.
1553 1917 1571 1949 ι
1615 1897 1776 1961 Εἰκὸς
1830 1900 1956 1962 τοὺς

2064 1923 2213 1965 meus
2238 1923 2299 1963 es
2332 1916 2420 1972 tu,
2446 1907 2639 1976 Israel,
2670 1920 2725 1965 et
2768 1910 2826 1965 in
2874 1917 2930 1965 te
2983 1911 3277 1983 gloriabor.
3318 1932 3337 1966 ι
3370 1911 3492 1968 Non
3521 1914 3640 1970 istis

368 1985 433 2038 ἐκ
466 1987 767 2057 περιτομῆς
810 1986 1017 2040 οἴεσθαι
1064 1986 1192 2061 περὶ¹
1230 1988 1439 2042 ἑαυτῶν
1485 1988 1735 2060 εἰρῆσθαι
1775 1990 1845 2043 τά
1895 1992 1953 2044 ἐν

366 2079 434 2149 τῇ
471 2080 780 2151 προφητείᾳ
804 2119 818 2142 ,
854 2080 1087 2151 ἐπείπερ
1130 2079 1411 2133 λέλεκται·
1464 2098 1483 2132 ι
1516 2082 1625 2135 Καὶ
1666 2078 1787 2134 εἷπέ
1829 2098 1952 2153 μοι’

367 2167 564 2233 Δοῦλός
603 2187 704 2241 μου
744 2165 797 2224 ei
828 2171 918 2237 σὺ,
956 2171 1195 2243 Ἰσραὴλ,
1237 2171 1329 2225 καὶ
1365 2173 1424 2225 ἐν
1464 2174 1546 2226 σοὶ
1577 2172 1959 2246 ἐνδοξασθήσο-

373 2277 504 2331 μαι·
536 2282 554 2313 ι
586 2263 724 2334 πρὸς
750 2263 808 2317 δὲ
842 2262 921 2335 τῷ
969 2263 1044 2336 μὴ
1088 2262 1352 2336 ἁρμόζειν
1379 2262 1398 2335 (
1421 2264 1462 2333 f.
1488 2263 1597 2335 54)
1639 2265 1825 2328 αὐτοῖς
1857 2264 1958 2329 τὰς

368 2351 542 2417 λέξεις
574 2353 761 2424 σαφῶς
794 2354 1179 2409 ἀποδείκνυται
1212 2355 1306 2409 καὶ
1326 2355 1435 2408 ἀπὸ
1463 2354 1570 2409 τῶν
1602 2354 1750 2426 ἑξῆς,
1782 2355 1863 2409 ὅτι
1893 2354 1958 2427 δή

369 2444 500 2515 περὶ
544 2445 733 2516 ἐτέρου
805 2444 1021 2517 Ἰσραὴλ
1077 2445 1148 2498 τά
1197 2445 1467 2517 λεγόμενα
1520 2445 1954 2517 προφητεύεταιο

368 2534 680 2606 γέγραπται
731 2535 872 2607 γάρ’
922 2553 940 2587 ι
986 2536 1096 2589 Καὶ
1130 2536 1226 2590 νῦν
1277 2536 1451 2601 οὕτως
1482 2536 1631 2606 λέγει
1680 2536 1885 2609 Κύριος
1931 2538 1960 2590 6

370 2626 586 2691 πλάσας
623 2646 689 2699 με
719 2629 784 2682 ἐκ
815 2626 1026 2692 κοιλίας
1051 2627 1236 2683 δοῦλον
1270 2630 1449 2702 ἐαυτῷ
1488 2629 1584 2683 τοῦ
1634 2633 1959 2700 συναγαγεῖν

369 2719 461 2772 τὸν
496 2717 690 2772 Ἰακὼϐ
728 2721 824 2774 καλ⁵
853 2720 945 2774 τὸν
983 2720 1202 2791 Ἰσραὴλ
1241 2720 1378 2793 πρὸς
1416 2720 1578 2775 αὐτόν
1601 2737 1614 2751 ·
1651 2721 1747 2774 καὶ
1798 2720 1960 2775 πάλιν

370 2809 493 2867 εἶπέ
526 2832 646 2885 μοι’
676 2815 838 2885 Μέγα
872 2816 956 2869 σοί
978 2818 1127 2869 ἐστιν
1152 2817 1211 2870 τὸ
1238 2816 1506 2889 κληθῆναί
1546 2834 1605 2870 σε
1640 2817 1805 2871 παῖδά
1832 2835 1957 2888 μου,

368 2906 464 2960 τοῦ
500 2907 697 2978 στῆσαι
722 2907 822 2973 τάς
853 2908 1026 2979 φυλάς
1051 2908 1146 2963 τοῦ
1180 2907 1376 2963 Ἰακὼϐ
1410 2908 1504 2963 καὶ
1532 2910 1632 2973 τὰς
1659 2908 1959 2981 διασπορὰς

368 2999 466 3052 τοῦ
497 2999 713 3071 Ἰσραὴλ
729 3001 1074 3073 ἐπιστρέψαι.
1089 3019 1107 3052 ι
1142 3000 1303 3055 Ἀλλά
1326 3002 1420 3054 καὶ
1438 3001 1519 3053 τό·
1543 3019 1563 3053 ι
1587 3001 1717 3055 Ἰδοὺ
1741 3000 1962 3056 τέθεικά

375 3109 435 3146 σε
488 3094 569 3157 εἰς
617 3093 735 3163 φῶς
764 3094 956 3159 ἐθνῶν,
1001 3093 1096 3147 τοῦ
1139 3089 1280 3147 εἶναί
1326 3110 1386 3147 σε
1419 3094 1500 3157 είς
1549 3094 1825 3166 σωτηρίαν
1855 3094 1960 3159 ἕως

373 3186 602 3256 ἐσχάτου
650 3187 750 3258 τῆς
782 3186 907 3257 γῆς,
940 3205 960 3239 ι
1011 3185 1315 3258 παράδοξόν
1344 3203 1465 3240 τινα
1514 3185 1608 3240 καὶ
1649 3184 1961 3258 θαυμαστὸν

2057 2013 2186 2054 vero
2214 1999 2333 2054 bzec
2358 2000 2655 2056 convenire
2675 2000 3055 2057 demonstrant
3084 2019 3206 2073 qua:
3231 2012 3558 2075 sequuntur,
3589 2017 3643 2061 et

2057 2089 2125 2143 ad
2156 2089 2324 2144 alium
2350 2091 2520 2146 Israel
2556 2100 2843 2161 spectare;
2879 2090 3142 2162 scriptum
3174 2101 3258 2148 est
3286 2092 3432 2148 enim
3462 2111 3479 2148 :
3518 2111 3537 2143 ι
3577 2090 3643 2147 Et

2058 2197 2206 2237 nunc
2237 2182 2319 2238 sic
2342 2182 2475 2238 dicit
2506 2181 2793 2249 Dominus,
2850 2183 3095 2239 formans
3127 2199 3213 2240 me
3243 2200 3311 2240 ex
3341 2193 3498 2240 utero
3522 2200 3643 2241 ser-

2058 2291 2185 2331 vum
2216 2275 2344 2341 sibi,
2379 2282 2440 2330 ut
2462 2275 2719 2331 reducam
2758 2272 2925 2330 Iacob
2951 2273 3019 2329 ad
3049 2289 3196 2335 eum,
3249 2280 3304 2329 et
3346 2274 3536 2329 Israel.
3576 2271 3643 2329 Et

2059 2382 2254 2423 tursus
2283 2366 2422 2422 dixit
2452 2367 2621 2421 mihi:
2660 2364 2914 2438 Magnum
2959 2366 3058 2421 tibi
3112 2373 3197 2421 est
3245 2365 3433 2421 vocari
3470 2365 3641 2421 ﬁlium

2060 2475 2264 2527 meum,
2301 2459 2370 2516 ad
2398 2456 2753 2515 suscitandas
2777 2459 2954 2515 tribus
2974 2457 3165 2523 Iacob,
3208 2468 3261 2514 ct
3290 2456 3450 2514 faeces
3479 2456 3647 2513 Israel

2061 2565 2483 2623 convertendas.
2523 2584 2543 2617 ι
2577 2563 2685 2621 Sed
2716 2571 2770 2621 et
2799 2564 2929 2620 illud
2958 2582 2972 2620 :
3009 2584 3029 2619 ι
3063 2564 3202 2620 Ecce
3230 2563 3353 2621 dedi
3382 2572 3438 2620 te
3476 2564 3530 2619 in
3562 2564 3648 2618 ln-

2060 2673 2179 2714 cem
2209 2658 2474 2730 gentium,
2510 2663 2569 2711 ut
2600 2656 2678 2712 sis
2705 2657 2855 2712 salus
2888 2670 3009 2711 mea
3044 2669 3218 2726 usque
3246 2654 3314 2709 ad
3340 2662 3646 2710 extremum

2061 2759 2241 2816 teme,
2278 2768 2299 2802 ι
2330 2749 2702 2805 admirabilem
2730 2747 3025 2819 quemdam
3049 2755 3104 2802 et
3128 2746 3500 2817 prodigiosum
3532 2742 3648 2800 fore

2060 2842 2402 2898 demonstrat
2433 2855 2556 2895 eum
2588 2840 2657 2895 de
2688 2855 2797 2911 quo
2841 2854 3023 2894 sermo
3069 2838 3319 2892 habetur.
3369 2836 3506 2904 Quis
3551 2852 3649 2891 au-

2061 2942 2168 2989 tem
2204 2934 2295 2988 hic
2322 2939 2490 2998 esset,
2517 2932 2621 2987 nisi
2644 2929 2911 2986 Dominus
2941 2938 3129 2985 noster
3155 2928 3319 2985 Iesus
3348 2928 3605 2985 Christus
3629 2969 3644 2993 ,

2061 3025 2156 3097 qui
2184 3025 2299 3096 jam
2333 3026 2486 3097 prius
2519 3025 2575 3079 in
2601 3024 2670 3080 iis
2697 3039 2817 3095 qua:
2845 3038 3012 3094 supra
3058 3022 3228 3077 relata
3263 3027 3453 3087 sunt,‘
3479 3019 3648 3078 Iacob

2063 3128 2119 3174 et
2154 3118 2321 3174 Israel
2348 3116 2734 3173 manifestatus
2787 3125 2872 3172 est
2923 3115 3112 3170 dicens
3161 3133 3173 3169 :
3226 3134 3245 3166 ι
3282 3112 3471 3183 Iacob;
3515 3129 3650 3184 puer

2062 3226 2242 3277 meus,
2270 3210 2570 3282 suscipiam
2620 3224 2781 3275 cum,
2840 3215 2894 3262 et
2939 3207 3109 3263 Israel
3185 3206 3394 3262 electus
3444 3220 3649 3261 meus:

375 3280 663 3350 ὑποφαίνει
696 3280 787 3333 τὸν
818 3280 946 3351 περὶ
974 3272 1035 3332 οὗ
1069 3279 1097 3331 6
1120 3279 1297 3347 λόγος.
1315 3279 1413 3343 Τίς
1440 3279 1485 3332 δ’
1514 3278 1580 3333 ἂν
1613 3272 1769 3343 οὗτος
1795 3279 1881 3351 εἴη
1917 3279 1951 3350 ἦ

2064 3303 2310 3375 suscepit
2338 3318 2463 3358 eum
2519 3300 2699 3358 anima
2759 3299 2917 3357 mea?
2950 3319 2971 3353 ι
3034 3297 3135 3353 Hic
3171 3298 3318 3354 enim
3364 3307 3449 3375 est
3498 3296 3653 3353 solus

373 3374 405 3425 6
430 3370 635 3444 Κύριος
670 3372 824 3443 ήμῶν
856 3372 1063 3443 Ἰησοῦς
1090 3372 1344 3444 Χριστὸς,
1370 3374 1400 3425 6
1428 3373 1524 3426 καὶ
1561 3372 1662 3445 ἤδη
1688 3371 1955 3443 πρότερον

376 3466 437 3516 ἐν
460 3467 573 3523 τοῖς
600 3464 857 3536 ἀνωτέρω
900 3462 1095 3517 Ἰακὼϐ
1118 3464 1467 3535 χρηματίσας
1499 3464 1595 3518 καὶ
1625 3462 1843 3536 Ἰσραὴλ
1872 3460 1962 3516 διὰ

376 3555 494 3609 τοῦ·
519 3574 538 3606 ι
562 3555 756 3610 Ἰακὼϐ
779 3558 807 3609 ὁ
828 3559 957 3620 παῖς
989 3574 1111 3627 μου,
1136 3555 1497 3627 ἁντιλήψομαι
1530 3555 1719 3621 αὐτοῦ,
1746 3552 1964 3626 Ἰσραὴλ

376 3651 407 3703 6
437 3649 691 3713 ἐκλεκτός
725 3667 825 3721 μου
846 3689 861 3714 ,
908 3648 1270 3722 προσεδέξατο
1303 3650 1464 3702 αὑτὸν
1508 3651 1543 3721 ἡ
1581 3648 1729 3720 ψυχή
1770 3664 1906 3719 μου;
1938 3666 1958 3699 ι

378 3736 547 3807 Οὗτος
569 3744 678 3814 γάρ
727 3743 875 3796 ἐστιν
906 3744 936 3796 6
990 3742 1149 3814 μόνος
1194 3742 1318 3795 κατ’
1346 3739 1605 3813 ἀλήθειαν
1647 3739 1792 3810 ὁρῶν
1829 3738 1962 3793 Θεὸν

377 3834 469 3888 τὸν
498 3834 737 3905 Πατέρα,
781 3833 995 3906 Ἰσραὴλ
1033 3834 1135 3905 μὲν
1173 3833 1592 3904 ὀνομαζόμενος,
1621 3832 1760 3904 ὅπερ
1788 3832 1962 3903 ἑρμη-

379 3921 589 3976 νεύεται
621 3941 640 3973 ι
665 3922 811 3994 ὀρῶν
849 3922 942 3976 τὸν
979 3921 1135 3986 Θεὸν,
1166 3930 1183 3976 i
1213 3923 1335 3977 κατ’
1367 3923 1611 3976 ἐπίνοιαν
1661 3920 1827 3975 αὑτοῦ
1861 3920 1963 3991 τῆς

378 4013 630 4086 θεότητος
650 4032 664 4045 ·
694 4012 890 4068 Ἰακὼϐ
916 4014 996 4080 δέ,
1014 4016 1150 4087 ὅπερ
1174 4016 1291 4068 ἐστὶ
1325 4035 1343 4067 ι
1373 4013 1720 4088 πτερνιστὴς,
1749 4033 1768 4065 ι
1793 4012 1913 4068 καθ’
1936 4012 1965 4066 ὃ

378 4106 807 4179 ἐνανθρωπήσας
825 4106 1240 4178 κατηγωνίσατο
1262 4108 1442 4171 πάσας
1463 4108 1562 4173 τάς
1584 4104 1965 4178 ἀντικειμένας

377 4202 656 4272 δυνάμεις.
691 4200 837 4273 Ὅρα
888 4200 946 4254 δέ
998 4204 1047 4255 εἰ
1089 4202 1165 4273 μὴ
1221 4200 1541 4272 συνᾴδουσιν
1597 4199 1856 4271 ἀλλήλαις
1907 4200 1965 4253 αί

378 4295 705 4366 περικοπαὶ,
737 4295 772 4367 ἦ
805 4311 865 4348 τε
901 4294 1041 4366 μετά
1068 4297 1286 4366 χεῖρας,
1321 4293 1415 4347 καὶ
1458 4295 1516 4346 ἐν
1630 4292 1846 4362 ἐλέγετο
1871 4291 1965 4356 τὸ,

386 4409 406 4440 ι
429 4386 621 4441 Ἰακὼϐ
642 4390 671 4441 6
699 4390 829 4452 παῖς
853 4404 954 4459 μου
975 4407 994 4440 ι
1020 4390 1101 4453 εἰς
1126 4388 1221 4444 τὸν
1246 4387 1479 4459 Χριστὸν
1530 4386 1934 4459 ἀναφερόμενον
1950 4400 1966 4415 ·

378 4480 455 4544 ὡς
486 4479 596 4552 γάρ
637 4496 718 4533 τοι
765 4481 883 4534 ἐκεῖ
907 4480 969 4533 τὸ
1005 4498 1024 4532 ι
1070 4479 1264 4535 Ἰακὼϐ
1301 4481 1330 4533 6
1381 4481 1512 4543 παῖς
1548 4495 1651 4550 μου
1675 4497 1694 4530 ι
1733 4477 1968 4549 εἴρηται,

378 4570 552 4637 οὕτως
612 4572 801 4627 ἐνθάδε
849 4573 911 4626 τὸ
948 4591 967 4624 ι
1003 4573 1148 4644 μέγα
1186 4571 1269 4626 σοί
1312 4572 1428 4626 ἐστι
1470 4570 1565 4625 τοῦ
1604 4569 1870 4642 κληθῆναί
1910 4585 1972 4621 σε

381 4664 548 4718 παῖδά
568 4681 669 4735 μου
688 4681 702 4694 °
718 4684 736 4716 ι
762 4666 856 4718 καὶ
878 4663 953 4728 ὡς
980 4666 1097 4718 ἐκεῖ
1109 4665 1190 4731 τὸ,
1213 4684 1231 4717 ι
1256 4665 1474 4739 Ἰσραὴλ
1492 4666 1521 4718 6
1541 4663 1794 4728 ἐκλεκτός
1822 4680 1921 4735 μου
1944 4682 1963 4715 ι
2000 4644 2046 4701 D

379 4757 654 4821 λέλεκται,
679 4755 851 4821 οὕτως
876 4755 1061 4810 ἐνθάδε
1083 4756 1165 4822 τὸ,
1195 4776 1214 4809 ι
1233 4758 1315 4812 ὅτι
1354 4756 1546 4821 πιστός
1580 4758 1728 4811 ἐστιν
1756 4759 1784 4811 6
1815 4756 1970 4826 ἅγιος

396 4848 632 4918 Ἰσραήλ,
656 4850 750 4900 καὶ
786 4846 1117 4918 ἐξελεξάμην
1147 4863 1228 4900 σε.
1268 4867 1287 4901 ι
1321 4848 1491 4903 Πάλιν
1519 4864 1580 4901 τε
1614 4842 1682 4902 αὖ
1723 4849 1842 4901 ἐκεῖ
1871 4846 1970 4918 μὲν

382 4941 619 5012 εἴρηται·
660 4959 679 4992 ι
702 4939 921 4995 Ἐδωκά
947 4955 1007 4992 σε
1058 4941 1138 5003 εἰς
1179 4939 1444 5013 διαθήκην
1472 4940 1683 5010 γένους,
1716 4941 1796 5004 είς
1854 4938 1971 5009 φῶς

381 5032 587 5096 ἐθνῶν,
640 5029 850 5097 ἀνοῖξαι
908 5030 1222 5102 ὀφθαλμοὺς
1261 5031 1514 5101 τυφλῶν,
1566 5032 1856 5103 ἐξαγαγεῖν
1905 5031 1972 5084 ἐκ

381 5124 599 5195 δεσμῶν
619 5124 959 5196 δεδεμένους,
983 5123 1077 5176 καὶ
1099 5123 1159 5190 ἐξ
1178 5123 1329 5178 οἴκου
1350 5124 1599 5196 φυλακῆς
1621 5124 1965 5197 καθημένους

383 5213 445 5264 ἐν
479 5212 663 5266 σκότει
682 5229 695 5244 ·
736 5233 755 5265 ι
782 5215 838 5266 ἐν
858 5211 917 5266 δὲ
948 5215 1015 5284 τῇ
1052 5211 1192 5283 μετὰ
1212 5217 1419 5287 χεῖρας·
1451 5234 1470 5268 ι
1507 5215 1638 5270 Ἰδοὺ
1665 5213 1885 5269 τέθεικά
1910 5230 1969 5267 σε

388 5306 469 5369 είς
496 5305 614 5376 φῶς
643 5306 834 5374 ἐθνῶν,
866 5307 962 5362 τοῦ
989 5311 1332 5381 καταστῆσαι
1361 5309 1461 5382 τὴν
1494 5310 1618 5381 γῆν,
1655 5310 1750 5363 καὶ
1773 5309 1971 5380 κληρο-

385 5398 625 5469 νομῆσαι
696 5399 1061 5474 κληρονομίαν
1120 5404 1327 5477 ἐρήμου
1360 5445 1375 5468 ,
1438 5402 1667 5473 λέγοντα
1728 5405 1842 5466 τοῖς
1913 5404 1972 5456 ἐν

386 5491 606 5561 δεσμοῖς
630 5509 645 5523 ·
687 5491 961 5559 Ἐξέλθετε
982 5534 997 5558 ,
1048 5496 1142 5550 καὶ
1173 5499 1286 5560 τοῖς
1334 5498 1392 5549 ἐν
1435 5494 1515 5567 τῷ
1542 5496 1722 5549 σκότει
1756 5510 1771 5526 ⁸
1816 5495 1971 5551 Ἀνα-

388 5582 722 5655 καλύφθητε.
773 5605 791 5637 ι
842 5585 965 5641 Ὅτι
1015 5588 1113 5659 μὲν
1165 5586 1260 5643 οὖν
1313 5587 1490 5641 οὐδενὶ⁸
1540 5587 1683 5659 ἄλλῳ
1733 5586 1768 5658 ἢ
1824 5587 1969 5659 μόνῳ

386 5676 466 5751 τῷ
500 5678 713 5751 Σωτῆρι
746 5680 904 5751 ἡμῶν
944 5680 1170 5753 ἁρμόζει
1224 5681 1292 5737 τά
1324 5683 1381 5735 ἐν
1419 5685 1537 5747 ταῖς
1580 5680 1968 5754 προκειμέναις

467 5858 628 5916 'Isai.
655 5875 800 5927 ιιιι,
836 5861 985 5916 ί-Η.

2065 3412 2196 3452 vere
2222 3395 2415 3451 videns
2446 3392 2616 3451 Deum
2650 3392 2868 3448 Patrem
2891 3431 2907 3458 ,
2950 3390 3119 3447 Israel
3145 3389 3364 3461 quidem
3399 3389 3651 3444 nomina-

2066 3496 2176 3553 tus,
2201 3486 2348 3559 quod
2384 3485 2777 3558 interpretatur
2805 3482 2983 3538 videns
3018 3482 3183 3537 Deum
3203 3523 3217 3550 ,
3259 3482 3418 3552 juxta
3446 3479 3651 3535 divini-

2064 3593 2194 3651 tatis
2224 3609 2599 3651 suae-sensum
2625 3611 2641 3662 ;
2671 3590 2845 3648 Iacob
2886 3600 3090 3657 autem,
3147 3589 3203 3645 id
3236 3598 3322 3645 est
3378 3590 3609 3644 luctator
3635 3627 3650 3651 ,

2064 3688 2324 3759 quoniam
2369 3686 2691 3742 incarnatus
2740 3699 2933 3741 omnes
2964 3683 3309 3739 adversarias
3362 3681 3653 3737 debellavit

2064 3787 2383 3850 potestates.
2415 3777 2651 3834 Attende
2692 3776 2838 3832 enim
2868 3775 3146 3847 quomodo
3173 3773 3524 3830 consentiant
3570 3771 3655 3827 in-

2065 3883 2149 3930 ter
2180 3889 2239 3929 se
2271 3875 2609 3945 prophetiae;
2643 3873 2760 3928 hac
2788 3872 3033 3944 quidem,
3066 3873 3134 3928 de
3163 3887 3271 3943 qua
3291 3887 3439 3927 nunc
3472 3886 3659 3927 sermo

2066 3969 2317 4034 habetur,
2341 3970 2466 4023 etin
2495 3982 2605 4039 qua
2627 3968 2829 4021 dicitur
2852 3967 3009 4031 illud,
3035 3986 3051 4018 ι
3075 3965 3245 4021 Iacob
3269 3967 3414 4022 tilius
3442 3981 3662 4033 meus”.

2066 4066 2211 4137 quod
2239 4064 2306 4121 ad
2334 4063 2615 4121 Christum
2648 4071 2894 4134 spectat;
2931 4063 3076 4118 sicut
3102 4064 3248 4118 enim
3280 4063 3393 4118 illic
3438 4082 3458 4115 ι
3483 4062 3661 4119 Iacob

2066 4174 2203 4231 puer
2229 4173 2383 4214 meus
2420 4175 2440 4210 ι
2469 4156 2693 4221 dicitur,
2721 4156 2798 4209 ita
2825 4155 2916 4211 hic
2957 4174 2976 4208 ι
3014 4155 3268 4227 Magnum
3299 4155 3397 4209 tibi
3439 4162 3523 4210 est
3552 4169 3653 4208 vo-

2069 4251 2186 4308 cari
2217 4257 2269 4306 te
2300 4247 2471 4304 ﬁlium
2502 4262 2683 4303 meum
2707 4263 2724 4310 ;
2748 4266 2768 4299 ι
2789 4253 2845 4302 ει
2865 4245 3010 4302 sicut
3040 4246 3171 4310 illic,
3205 4265 3221 4297 ι
3252 4243 3421 4301 Israel
3438 4245 3659 4303 electus

2070 4359 2228 4400 meus
2262 4363 2280 4395 ι
2319 4341 2542 4407 dicitur,
2572 4340 2648 4395 ita
2678 4338 2790 4406 hic,
2819 4358 2839 4392 ι
2888 4339 3016 4410 quia
3064 4338 3241 4394 ﬁdelis
3290 4348 3374 4392 est
3431 4343 3658 4392 sanctus

2073 4437 2261 4502 Israel,
2292 4442 2349 4494 et
2380 4435 2518 4507 elegi
2546 4442 2621 4490 te.
2663 4455 2684 4486 ι
2718 4431 3044 4504 Rursusque
3071 4431 3183 4487 illic
3214 4431 3455 4487 dicitur:
3480 4448 3498 4482 ι
3524 4428 3658 4485 Dedi

2076 4554 2132 4602 te
2157 4545 2213 4600 in
2235 4552 2624 4601 testamentum
2652 4541 2890 4612 generis,
2942 4541 2999 4595 in
3036 4540 3219 4597 lumen
3265 4539 3510 4611 gentium
3534 4577 3552 4602 ,
3599 4542 3663 4593 ιιι

2074 4638 2319 4709 aperires
2344 4635 2536 4691 oculos
2568 4648 2840 4689 cmcorum
2863 4671 2879 4697 ,
2932 4640 2986 4687 et
3018 4631 3282 4687 educeres
3332 4629 3398 4685 de
3432 4627 3661 4685 conclu-

2081 4732 2237 4788 sione
2263 4730 2503 4794 vinctos,
2555 4726 2626 4783 de
2672 4724 2838 4781 domo
2870 4724 3115 4779 carceris
3146 4724 3400 4779 sedentes
3431 4722 3484 4777 in
3513 4729 3663 4777 tene-

2076 4826 2227 4891 bris;
2265 4842 2286 4878 ι
2321 4824 2375 4878 in
2400 4830 2670 4893 praesente
2710 4833 2841 4874 vero
2869 4815 3157 4888 prophetia
3190 4832 3204 4870 :
3236 4833 3254 4865 ι
3287 4814 3430 4870 Ecce
3456 4811 3582 4869 dedi
3611 4821 3667 4868 te

2078 4921 2134 4975 in
2167 4920 2342 4974 lucem
2362 4915 2629 4988 gentium,
2657 4921 2718 4968 ut
2750 4912 3053 4969 suscitares
3077 4918 3304 4973 terram,
3330 4915 3386 4963 et
3413 4905 3666 4977 posside-

2079 5028 2168 5069 res
2198 5008 2546 5066 batreditates
2570 5006 2904 5076 dissipatas;
2938 5010 3000 5058 ut
3024 5003 3238 5057 diceres
3262 5001 3350 5056 bis
3371 5001 3465 5070 qui
3492 4998 3663 5065 vincti

2075 5116 2205 5168 sunt
2237 5126 2250 5161 :
2288 5102 2469 5165 Exite,
2499 5106 2555 5156 et
2584 5097 2671 5153 bis
2702 5098 2794 5168 qui
2829 5097 2885 5151 in
2915 5095 3159 5151 tenebris
3186 5112 3200 5148 :
3239 5091 3597 5149 Revelamini.
3638 5111 3658 5145 ι

2078 5213 2236 5284 Quod
2272 5208 2492 5283 quidem
2552 5205 2688 5261 nulli
2735 5204 2828 5259 alii
2882 5217 2947 5257 ac
3005 5201 3108 5257 soli
3145 5199 3417 5255 Salvatori
3472 5206 3665 5255 nostro

2080 5306 2415 5365 conveniunt
2441 5301 2548 5355 illa:
2596 5295 2917 5369 prophetiae,
2948 5293 3301 5349 manifestum
3344 5291 3436 5348 ﬁet
3474 5292 3665 5348 multi-

2081 5401 2257 5458 tudini
2289 5396 2530 5468 gcntiutn
2559 5407 2683 5463 quas
2711 5392 2768 5445 in
2797 5404 2922 5467 eum
2972 5397 3138 5459 atque
3180 5401 3278 5457 per
3298 5401 3424 5442 eum
3455 5385 3512 5441 in
3543 5399 3666 5441 om-

2077 5497 2228 5551 nium
2251 5490 2422 5546 Deum
2448 5494 2826 5557 speraverunt,
2845 5482 3046 5553 quibus
3072 5494 3103 5533 a
3133 5478 3298 5535 Patre
3326 5479 3677 5535 constitutus

2077 5592 2165 5642 est
2195 5585 2254 5638 in
2287 5582 2491 5636 lumen.
2527 5577 2619 5631 Ait
2639 5577 2827 5648 igitur,
2857 5594 2875 5626 ι
2915 5581 2975 5627 ιιι
3006 5573 3305 5629 suscitares
3351 5579 3555 5628 terram
3581 5607 3597 5634 ,
3638 5587 3659 5620 ι

2082 5679 2295 5736 scilicet
2321 5675 2389 5732 ad
2420 5673 2656 5729 animam
2688 5670 2843 5741 prius
2870 5666 3105 5722 tumultu
3137 5673 3192 5723 et
3224 5666 3466 5737 procella
3492 5664 3668 5735 agita-
