4096 6412
469 364 618 419 1955

1126 358 1396 415 EUSEBII
1432 359 1908 417 CESARIENSIS
1947 361 2097 418 OPP.
2141 361 2318 418 PARS
2360 361 2446 418 111.
2485 392 2555 404 —-
2596 362 3004 419 EXECETlCA.

3584 360 3724 416 1256

467 483 578 527 tam
597 474 650 527 in
686 487 873 544 pacem
893 479 946 526 et
975 472 1419 542 tranquillitatem
1444 472 1836 540 reuucendam;
1870 473 1965 530 sed
1994 483 2035 528 el

2152 477 2546 546 προφητείαις,
2607 476 2766 546 δῆλον
2833 476 2983 530 ἔσται
3054 479 3166 540 τοῖς
3222 477 3576 546 ἐτιστήσασιν
3645 477 3725 547 τῷ

471 584 490 618 ι
527 573 586 618 ιιι
621 564 930 635 possideres
973 563 1318 618 haereditates
1347 563 1639 633 dissipatas
1667 604 1683 628 ,
1746 583 1764 616 ι
1802 568 2042 636 gentium

464 657 716 712 videlicet
749 656 1080 722 Ecclesiam;
1112 671 1274 727 quam
1307 663 1432 710 ante
1461 657 1650 726 ipsius
1709 659 2048 714 incarnatio-

465 765 590 804 nem
621 749 914 812 desertam,
945 749 1104 819 quasi
1139 748 1510 804 baereditatem
1564 749 1774 820 accepit
1825 751 1894 804 ab
1952 751 2046 805 illo

464 841 558 908 qui
581 840 718 893 dixit
742 841 789 894 ei
817 859 830 894 :
869 858 886 890 ι
919 838 1047 894 Pete
1085 854 1115 892 a
1148 855 1254 904 me,
1280 847 1334 894 et
1365 839 1506 894 dabo
1530 840 1625 893 tibi
1657 851 1846 909 gentes
1872 841 2043 898 hatre-

464 931 689 987 ditatem
721 940 866 986 tuam
902 933 940 988 ί.
973 955 992 986 ι
1029 932 1129 987 Hie
1159 941 1340 988 autem
1388 933 1544 1002 juxta
1588 936 1926 1005 prophetiam
1977 936 2047 992 de

465 1045 525 1083 se
553 1027 692 1096 ipso,
720 1042 814 1083 eos
845 1027 938 1097 qui
967 1027 1023 1080 in
1056 1028 1292 1083 vinculis
1317 1035 1493 1094 erant,
1521 1029 1670 1083 exire
1691 1030 1877 1098 jussit.
1901 1028 2044 1086 Sane

463 1119 609 1171 enim
643 1116 872 1182 Lazaro,
902 1133 1064 1188 quem
1097 1118 1283 1174 fasciis
1309 1120 1420 1188 jam
1449 1120 1760 1173 redimitum
1797 1128 1956 1191 atque
1986 1123 2042 1177 in

463 1210 716 1280 sepulcro
747 1226 778 1264 a
807 1211 1102 1278 quatriduo
1144 1209 1451 1280 depositum
1484 1212 1734 1276 viderat,
1797 1221 1854 1267 ut
1906 1213 2042 1269 liber

461 1303 634 1359 exiret
661 1303 966 1374 imperavit,
997 1304 1224 1358 dicens:
1274 1321 1292 1354 ι
1331 1300 1564 1366 ωιτη-εξ
1591 1305 1716 1360 veni
1747 1305 1893 1362 foras
1927 1310 1970 1360 ³.
2015 1328 2034 1360 ι

459 1395 683 1450 Necnon
728 1396 941 1450 ratione
968 1395 1146 1466 aliqua
1198 1397 1264 1449 ad
1313 1395 1476 1450 ﬁliam
1513 1395 1844 1463 Ahrahami,
1877 1414 2038 1468 quam

460 1489 867 1543 constrinxerat
904 1485 1140 1543 Satanas
1169 1488 1356 1543 decem
1384 1495 1438 1544 et
1475 1497 1598 1544 octo
1622 1504 1818 1555 annos,
1847 1507 2030 1561 quam-

459 1593 566 1647 que
601 1578 830 1646 pristina
869 1577 1184 1632 inﬁrmitate
1211 1577 1494 1632 liberatam
1521 1618 1535 1642 ,
1584 1578 1910 1635 incolumem
1965 1581 2041 1636 di-

459 1667 629 1723 misit.
653 1666 944 1732 Caeterum,
971 1668 1173 1737 ubique
1205 1668 1272 1724 iis
1301 1671 1392 1739 qui
1423 1678 1771 1740 peccatorum
1805 1672 2044 1727 vinculis

459 1760 918 1830 impediebantur,
963 1761 1206 1831 priorum
1253 1778 1472 1817 suarum
1511 1764 1857 1832 iniquitatum
1903 1767 2036 1822 mis—

2150 565 2343 635 πλήθει
2385 565 2493 618 τῶν
2541 568 2619 630 εἰς
2664 566 2825 619 αὐτὸν
2871 567 2965 619 καὶ
3012 566 3079 619 δι’
3133 567 3296 620 αὑτοῦ
3350 569 3444 620 ἐπὶ
3481 569 3571 620 τὸν
3613 569 3724 621 τῶν

2146 657 2280 710 ὅλων
2313 657 2446 710 Θεὸν
2498 657 2803 727 ⁴ι’γλπικότων
2857 657 3059 722 ἐθνῶν,
3094 653 3174 722 οἷς
3205 659 3309 712 ὑπὸ
3358 658 3454 711 τοῦ
3510 660 3724 729 Πατρὺς

2145 749 2302 821 ἐτέθη
2337 751 2416 814 είς
2450 751 2594 820 φῶς·
2629 751 2792 822 φησὶν
2810 750 2885 814 δέ,
2913 770 2930 801 ι
2952 751 3046 804 τοῦ
3073 751 3411 821 καταστῆσαι
3433 754 3531 821 τὴν
3559 753 3714 822 γῆν,ι

2143 843 2287 896 τοῦτ’
2333 843 2447 896 ἐστι
2483 843 2581 915 τὴν
2599 845 2654 896 ἐν
2680 843 2929 916 θορύϐοις
2967 845 3059 897 καὶ
3093 845 3519 908 ἀκαταστασίαις
3552 845 3720 898 πάλαι

2143 936 2514 1006 τυγχάνουσαν
2561 935 2737 1006 ψυχὴν
2789 937 2868 1000 είς
2901 936 2998 1008 τὴν
3032 937 3173 990 κατὰ
3212 937 3373 1006 φύσιν
3403 937 3722 990 εὐστάθειαν

2145 1029 2238 1080 καὶ
2265 1029 2600 1101 καταστολὴν
2627 1032 2851 1100 ἀγαγεῖν
2871 1048 2882 1061 ·
2914 1030 3048 1084 ἀλλά
3078 1030 3172 1083 καὶ
3202 1050 3220 1080 ι
3245 1029 3338 1082 τοῦ
3377 1029 3718 1100 κληρονομῆ-

2147 1137 2234 1172 σαι
2263 1120 2631 1192 κληρονομίαν
2663 1125 2891 1196 ἐρήμου,
2921 1145 2938 1175 ι
2969 1124 3068 1195 τὴν
3100 1122 3159 1186 ἐξ
3193 1122 3362 1176 ἐθνῶν
3395 1122 3720 1193 Ἐκκλησίαν

2143 1213 2319 1285 δηλῶν
2342 1230 2354 1242 ·
2389 1215 2456 1286 ἢν
2494 1217 2600 1287 πρὸ
2622 1217 2723 1286 τῆς
2747 1216 2910 1270 αὑτοῦ
2945 1217 3247 1288 παρουσίας
3280 1216 3485 1287 ἔρημον
3511 1217 3717 1286 τυγχά-

2143 1323 2363 1375 νουσαν,
2403 1309 2768 1380 κληρονομίαν
2815 1309 3004 1380 εἴληφε
3033 1309 3181 1380 παρά
3211 1308 3305 1362 τοῦ
3342 1309 3586 1371 εἰπόντος
3624 1310 3722 1361 αὑ-

2138 1398 2254 1470 τῷ·
2291 1420 2309 1451 ι
2335 1400 2566 1472 Αἵτησαι
2612 1404 2741 1474 παρ’
2788 1402 2954 1472 ἐμοῦ,
2991 1403 3084 1455 καὶ
3123 1401 3278 1455 δώσω
3325 1418 3405 1454 σοι
3449 1400 3576 1472 ἔθνη
3619 1402 3719 1472 τὴν

2142 1489 2510 1561 κληρονομίαν
2559 1508 2675 1544 σου.
2710 1511 2728 1544 ι
2773 1485 2940 1556 Οὗτος
2973 1491 3030 1545 δὲ
3073 1493 3213 1545 κατά
3246 1491 3342 1563 τὴν
3395 1492 3522 1562 περὶ
3553 1491 3715 1544 ac.ch

2147 1583 2486 1654 προφητείαν
2517 1587 2632 1647 τοῖς
2667 1585 2725 1638 ἐν
2773 1583 2990 1654 δεσμοῖς
3024 1582 3244 1656 εἴρηκεν
3282 1583 3545 1648 ἐξελθεῖν·
3585 1599 3718 1655 προ-

2142 1673 2338 1743 χείρως
2365 1673 2464 1743 μὲν
2497 1674 2573 1738 ὡς
2605 1675 2697 1727 ἐπὶ
2715 1674 2807 1728 τοῦ
2839 1674 3111 1747 Λαζάρου,
3145 1675 3205 1727 ὃν
3233 1675 3466 1746 κειρίαις
3494 1675 3721 1728 καταδε-

2143 1763 2364 1834 δεμένον
2422 1765 2516 1817 καὶ⁹
2563 1765 2620 1817 ἐν
2681 1766 2920 1835 μνήματι
2971 1768 3286 1836 τεταρταῖον
3347 1767 3713 1837 τυγχάνοντα,

456 1853 666 1907 sionem
713 1853 1008 1918 concessit,
1052 1862 1213 1923 prout
1252 1856 1404 1910 solus
1462 1865 1785 1934 potestatem
1830 1857 2035 1912 habens

2140 1854 2346 1908 εἰπών’
2395 1874 2413 1906 σ
2445 1855 2698 1926 Λάζαρε,
2741 1856 2898 1928 δεῦρο
2937 1856 3076 1922 ἔξω,
3131 1877 3149 1909 ι
3187 1857 3465 1925 ἐλεύθερον
3509 1858 3717 1929 ἀφῆκεν

454 1939 764 1995 dimittendi
793 1951 1032 2011 peccata.
1079 1942 1288 2008 Quibus
1337 1960 1484 2000 nunc
1534 1961 1752 2015 quoque
1789 1945 2036 2004 doctrina

456 2055 554 2092 sua
587 2038 818 2110 imperat
844 2048 922 2105 ut,
954 2041 1129 2110 ruptis
1155 2042 1431 2111 prioribus
1471 2042 1724 2106 vinculis,
1748 2043 2036 2112 egredian-

455 2140 564 2194 tur,
593 2132 889 2202 unicuique
924 2133 1183 2189 dictitans
1215 2153 1226 2187 :
1275 2153 1292 2184 ι
1338 2133 1478 2189 Ecce
1514 2150 1683 2189 sanus
1718 2133 1895 2188 factus
1924 2149 1988 2188 es
2019 2153 2032 2188 :

453 2223 561 2292 jam
591 2224 702 2277 noli
738 2240 966 2294 peccare
989 2225 1031 2282 ³.
1085 2245 1104 2276 ι
1155 2225 1426 2280 Praeterea
1461 2241 1607 2279 nunc
1659 2225 1837 2280 adhuc
1881 2225 2038 2295 igno-

454 2314 647 2369 rantiae
695 2322 748 2370 et
799 2316 1021 2370 malitia:
1052 2316 1296 2371 tenebris
1331 2316 1643 2372 obscuratis
1689 2316 1928 2386 praecipit
1978 2324 2040 2370 ut.

453 2409 783 2473 reveleutur,
815 2409 1014 2479 quippe
1041 2407 1134 2479 qui
1159 2407 1398 2462 Verbum
1431 2407 1525 2462 Dei
1575 2416 1688 2473 est,
1735 2408 2035 2478 przecordia

452 2509 506 2554 et
529 2515 688 2555 renes
724 2501 1029 2571 inquirens,
1061 2501 1352 2571 cordisque
1381 2501 1773 2571 cogitationum
1820 2509 1874 2555 et
1913 2518 2036 2557 sen-

451 2591 748 2646 tentiarum
776 2591 1086 2664 indagator.
1110 2590 1306 2647 Verum
1344 2603 1399 2648 ut
1425 2609 1588 2663 quam
1621 2592 1943 2648 brevissime
1967 2592 2035 2648 iis

451 2686 857 2748 incumbamus,
887 2685 1249 2754 praecedentia
1280 2687 1444 2746 verba
1479 2685 1545 2741 iis
1570 2701 1690 2756 quae
1723 2687 1790 2740 de
1815 2686 2035 2740 Christo

450 2780 597 2833 dicta
625 2786 753 2837 sunt
779 2777 1258 2832 accommodantes
1283 2818 1297 2841 ,
1354 2787 1516 2847 atque
1549 2778 1620 2832 ab
1667 2778 1826 2832 initio
1878 2793 2034 2832 resu-

451 2878 684 2934 nientes,
716 2878 961 2926 nostram
1005 2868 1072 2924 de
1103 2870 1210 2924 illis
1253 2869 1756 2939 interpretationem
1791 2867 2035 2939 profere-

450 2978 595 3017 nius.
629 2961 687 3016 ιιι
719 2961 902 3016 multis
928 2961 1095 3032 igitur
1115 2961 1562 3016 circumcisionis
1608 2961 1809 3032 populo
1849 2969 2036 3030 aperte

451 3052 864 3117 tnanil’estatus,
900 3067 1022 3106 cum
1072 3053 1297 3108 nomine
1345 3052 1460 3124 sive
1508 3049 1681 3106 Jacob
1709 3093 1724 3118 ,
1785 3052 1901 3107 sive
1953 3051 2034 3107 ls-

451 3147 563 3202 rael
606 3157 854 3211 vocatur,
899 3145 953 3200 in
990 3145 1245 3217 praesenti
1276 3161 1386 3201 non
1429 3144 1494 3198 ad
1519 3160 1614 3199 eos
1661 3145 2033 3215 prophetizat,

450 3237 548 3292 sed
599 3238 808 3294 insulas
858 3243 915 3292 et
971 3246 1161 3307 gentes
1235 3235 1302 3291 ad
1356 3236 1624 3290 audienda
1681 3251 1801 3303 quae
1853 3235 2033 3289 dictu-

449 3347 548 3387 rus
613 3338 698 3386 est
741 3327 1061 3397 ’convocat;
1125 3339 1318 3400 estque
1368 3329 1440 3384 ibi
1485 3329 1780 3399 promissio
1833 3328 2036 3382 Christi

449 3423 600 3478 dicta.
617 3423 684 3479 de
713 3422 1000 3478 vocatione
1032 3423 1257 3477 omnino
1287 3421 1415 3476 olim
1455 3421 1778 3484 infidelium,
1807 3429 1970 3490 atque
2004 3435 2037 3474 a

449 3515 652 3582 pietate
706 3514 759 3567 in
803 3513 971 3567 Deum
1001 3512 1305 3566 alienarum
1347 3511 1613 3583 gentium,
1647 3527 1879 3582 quarum
1917 3513 2036 3567 alia:

450 3604 806 3657 nominantur
878 3602 1073 3656 insulae
1115 3645 1128 3668 ,
1213 3602 1408 3655 anima:
1469 3601 1680 3656 scilicet
1728 3617 1852 3672 qua:
1903 3604 2034 3657 olim

447 3696 687 3767 quodam
744 3697 906 3750 modo
949 3695 1240 3750 maritimis
1282 3694 1404 3750 vita:
1453 3695 1705 3765 procellis
1733 3736 1746 3759 ,
1789 3695 2036 3766 agitatis-

448 3807 556 3860 que
613 3788 918 3859 iniquitatis
958 3786 1214 3843 ﬂuctibus
1259 3788 1632 3856 jactabantur.
1671 3786 1811 3853 Quid
1853 3787 1920 3842 de
1968 3788 2035 3844 iis

448 3887 520 3938 sit
547 3882 961 3952 intelligendum
995 3882 1111 3951 ipse
1133 3896 1234 3935 nos
1264 3882 1423 3936 docet
1470 3881 1757 3946 Dominus,
1791 3883 1983 3937 dicens
2016 3902 2029 3936 :

454 3995 472 4024 ι
513 3973 590 4028 Ex
636 3982 794 4028 utero
825 3975 1019 4028 matris
1064 3989 1199 4029 meze
1231 3975 1443 4028 vocavit
1493 3989 1692 4029 nomen
1743 3989 1959 4037 meum;
2009 3993 2026 4025 ι

445 4065 594 4134 quod
622 4073 678 4121 et
710 4072 899 4136 aperte
939 4065 1008 4120 de
1069 4065 1294 4121 Christo
1317 4107 1330 4130 ,
1363 4066 1537 4136 ipsius
1569 4067 1714 4121 enim
1750 4075 1879 4122 sunt
1920 4066 2033 4120 haec

447 4158 636 4221 verba,
662 4173 782 4228 quae
809 4173 874 4212 ex
899 4155 1183 4228 Evangelii
1214 4142 1486 4228 scriptura
1517 4158 1832 4214 didicimus.
1855 4157 2034 4214 [nscio

443 4246 822 4318 enimJoseph
855 4247 1078 4302 Mariam
1134 4251 1456 4320 concepisse
1511 4265 1635 4304 cum
1690 4251 2035 4320 apparuisset

449 4340 692 4409 Gabriel,
749 4348 990 4411 paternae
1033 4341 1290 4397 minister
1336 4342 1659 4406 voluntatis,
1699 4343 1752 4396 in
1803 4343 2032 4397 somniis

448 4431 591 4486 inter
637 4438 835 4486 caetera
868 4429 984 4484 haec
1015 4430 1090 4483 ait
1130 4450 1141 4484 :
1184 4449 1202 4483 ι
1244 4431 1426 4486 Pariet
1489 4440 1668 4487 autem
1730 4433 1922 4497 lilium,
1979 4443 2036 4488 et

2142 1947 2403 2016 ὑπάγεινο
2441 1948 2531 2000 καὶ
2559 1949 2617 2000 ἐν
2644 1947 2797 2020 μέρει
2831 1947 2886 2000 δέ
2917 1947 3153 2011 διανοίας
3188 1947 3282 2002 ἐπὶ
3317 1949 3416 2017 τῆς
3451 1947 3718 2020 θυγατρὸς

2152 2039 2422 2111 Ἀϐραάμ,
2453 2041 2519 2111 ἣν
2545 2040 2734 2112 ἔδησεν
2761 2042 2790 2093 ό
2811 2041 3057 2105 Σατανᾶς
3081 2040 3212 2094 δέκα
3240 2042 3334 2094 καὶ
3356 2041 3497 2094 ὀκτὼ
3520 2042 3716 2106 ἐτεσιν,

2138 2129 2205 2197 ἢν
2258 2128 2351 2182 καὶ
2405 2129 2574 2198 αὐτὴν
2608 2129 2706 2199 τῆς
2766 2128 3045 2193 ἀσθενείας
3087 2129 3400 2194 ἀπαλλάξας
3438 2130 3582 2184 σώαν
3613 2132 3718 2184 ἀπ-

2140 2220 2296 2272 έλυσε
2321 2237 2337 2250 °
2383 2219 2609 2276 καθόλου
2662 2221 2751 2286 δὲ,
2785 2223 3020 2293 ὁπηνίκα
3064 2224 3196 2275 πᾶσι
3241 2226 3353 2285 τοῖς
3375 2228 3582 2294 σειραῖς
3610 2223 3717 2276 τῶν

2143 2312 2287 2365 ἰδίων
2334 2312 2618 2382 ἁμαρτιῶν
2661 2314 3009 2384 ἐσφιγμένοις
3055 2315 3248 2384 ἄφεσιν
3287 2313 3395 2367 τῶν
3436 2315 3717 2387 προτέρων

2139 2402 2554 2473 ἁμαρτημάτων
2587 2403 2910 2475 παρέσχετο,
2945 2399 3031 2457 οἷα
3062 2405 3126 2477 δὴ
3165 2406 3322 2476 μόνος
3359 2406 3538 2478 (ἔχων)
3565 2408 3715 2474 ἐξου-

2146 2495 2267 2548 σίαν
2299 2497 2514 2565 ἀφιέναι
2559 2497 2860 2567 ἀμαρτίας’
2887 2491 2968 2560 οἷς
3005 2497 3084 2550 ἔτι
3110 2496 3212 2551 ’καὶ
3233 2497 3327 2552 νῦν
3354 2500 3416 2568 (f.
3438 2499 3506 2553 54
3528 2503 3601 2569 v°)
3628 2499 3719 2553 διὰ

2139 2585 2239 2655 τῆς
2278 2587 2444 2641 αὑτοῦ
2476 2587 2823 2652 διδασκαλίας
2851 2590 3280 2661 παρακελεύεται
3301 2591 3408 2644 τῶν
3436 2592 3719 2664 προτέρων

2139 2678 2353 2749 δεσμῶν
2391 2679 2649 2746 ἐξελθεῖν,
2677 2680 2851 2750 λέγων
2880 2683 2961 2750 ἐφ’
2981 2682 3195 2754 ἑκάστῳ
3225 2683 3306 2747 τὸ,
3340 2703 3358 2735 ι
3387 2684 3517 2746 Ἴδε,
3559 2683 3720 2754 ὑγιὴς

2138 2770 2388 2839 γέγονας,
2426 2771 2625 2841 μηκέτι
2671 2772 2971 2844 ἁμάρτανε.
3006 2792 3025 2825 ι
3070 2774 3192 2827 Ἐπ)⁴
3248 2775 3457 2839 τούτοις
3501 2775 3584 2827 ἔτι
3624 2776 3721 2828 καὶ

2138 2861 2232 2915 νῦν
2282 2864 2396 2925 τοῖς
2437 2862 2604 2916 εἰσέτι
2642 2865 2870 2932 ἀγνοίας,
2905 2881 2965 2916 τε
3017 2865 3108 2917 καὶ
3160 2865 3422 2938 πονηρίας
3477 2882 3722 2937 κατορω-

2143 2955 2438 3026 ρυγμένοις
2487 2955 2930 3026 ἀνακαλυφθῆναι
2982 2957 3342 3026 προστάττει,
3393 2957 3489 3010 ἅτε
3546 2956 3721 3024 Λόγος

2141 3051 2402 3121 ὑπάρχων
2429 3048 2587 3112 Θεοῦ,
2633 3049 2859 3121 καρδίας
2888 3066 2946 3102 τε
2974 3048 3180 3113 ἐτάζων
3225 3051 3318 3102 καὶ
3342 3051 3594 3121 νεφροὺς,
3625 3051 3722 3103 καὶ

2142 3142 2388 3215 κριτικὸς
2413 3141 2762 3213 ἐνθυμήσεων
2789 3141 2880 3194 καὶ
2905 3141 3122 3194 ἐννοιῶν
3149 3141 3394 3213 καρδίας.
3421 3142 3538 3195 Ἵνα
3563 3142 3622 3196 δὲ
3645 3142 3722 3206 ὡς

2139 3236 2219 3288 ἔνι
2280 3234 2516 3306 μάλιστα
2566 3234 2844 3304 συντόμως
2889 3234 3310 3306 διαδράμωμεν,
3359 3234 3454 3287 καὶ
3493 3234 3560 3288 τὰ
3613 3235 3722 3306 πρὸ

2137 3325 2343 3379 τούτων
2381 3324 2781 3396 ἐφαρμόζοντες
2809 3329 2923 3388 τοῖς
2954 3325 3083 3396 περὶ
3119 3325 3355 3398 Χριστοῦ
3383 3326 3720 3397 λεγομένοις,

2139 3416 2502 3480 ἀναλαϐόντες
2547 3416 2605 3482 ἐξ
2651 3416 2903 3486 ὑπαρχῆς
2943 3417 3038 3469 καὶ
3081 3417 3179 3486 τὴν
3218 3415 3420 3471 τούτων
3464 3419 3722 3472 ὑπόνοιαν

2136 3510 2295 3582 ἡμῶν
2317 3508 2682 3581 ἐκθησόμεθα.
2710 3509 2799 3562 Ἐν
2822 3507 3039 3570 πολλοῖς
3059 3507 3123 3578 δὴ
3151 3508 3335 3577 σαφῶς
3353 3509 3430 3580 τῷ
3463 3510 3528 3562 ἐκ
3560 3527 3721 3581 περι-

2136 3607 2316 3677 τομῆς
2368 3604 2484 3675 λαῴ
2555 3603 2995 3675 προσομιλήσας,
3052 3602 3141 3654 ὅτε
3199 3603 3294 3655 καὶ
3339 3602 3398 3668 ἐξ
3457 3602 3722 3672 ὀνόματος

2137 3699 2255 3768 ἦτοι
2303 3698 2393 3750 τὸν
2431 3695 2622 3750 Ἰακὼϐ
2658 3696 2776 3766 ἤτοι
2817 3693 2908 3746 τὸν
2944 3691 3155 3765 Ἰσραὴλ
3199 3692 3550 3749 ἀνακαλεῖται
3579 3734 3594 3758 ,
3628 3695 3722 3747 ἐπὶ

2135 3789 2230 3842 τοῦ
2262 3789 2529 3861 παρόντος
2552 3787 2612 3841 οὐ
2663 3787 2799 3857 πρὸς
2825 3786 3068 3848 ἐκείνους
3114 3786 3347 3836 ποιεῖται
3381 3785 3479 3855 τὴν
3509 3801 3722 3855 προφη-

2135 3879 2304 3946 τείαν,
2343 3878 2480 3932 ἀλλὰ.
2506 3878 2616 3950 γάρ
2666 3879 2861 3948 νήσους
2893 3876 2987 3930 καὶ
3021 3874 3146 3945 ἔθνη
3173 3876 3265 3928 ἐπὶ
3316 3874 3413 3947 τὴν
3458 3876 3720 3947 ἀκρόασιν

2135 3973 2243 4027 τῶν
2275 3969 2696 4042 λεχθησομένων
2729 3967 3068 4039 παρακαλεῖ’
3110 3970 3206 4022 καὶ
3252 3969 3365 4021 ἐστι
3393 3985 3456 4035 γε
3487 3967 3720 4021 ἐνταῦθα

2134 4069 2168 4138 ἡ
2196 4067 2484 4136 ὑπόσχεσις
2517 4063 2608 4117 τοῦ
2639 4062 2846 4134 Κυρίου
2891 4061 3158 4131 λεγομένη
3199 4061 3326 4132 περὶ
3349 4061 3448 4129 τῆς
3474 4061 3719 4132 κλήσεως

2134 4156 2245 4210 τῶν
2285 4157 2547 4228 πρότερον
2607 4154 2850 4209 ἀπίστων
2900 4153 3078 4223 πάντη
3135 4154 3231 4206 καὶ
3276 4151 3566 4223 ἀλλοτρίων
3620 4151 3720 4221 τῆς

2137 4248 2446 4312 θεοσεϐείας
2474 4247 2664 4311 ἐθνῶν,
2695 4239 2768 4300 ὧν
2799 4248 2855 4299 ἐν
2892 4245 3048 4317 μέρει
3075 4245 3319 4298 νοοῦνται
3356 4246 3450 4298 καὶ
3475 4247 3531 4296 al
3561 4243 3720 4313 λεγόέ

2144 4360 2302 4414 μεναι
2334 4342 2510 4412 νῆσοι,
2535 4340 2706 4412 ψυχαὶ
2734 4340 2856 4392 ὅσαι
2885 4338 2948 4390 τὸ
2971 4338 3137 4391 πάλαι
3162 4337 3424 4410 πρότερόν
3452 4354 3573 4390 τινα
3596 4337 3720 4408 τρό-

2136 4452 2235 4488 πον
2261 4434 2366 4488 ὑπὸ
2405 4433 2705 4491 θαλαττίων
2733 4430 2840 4483 τῶν
2864 4429 3005 4483 κατὰ
3025 4430 3115 4482 τὸν
3146 4430 3258 4500 βίον
3283 4429 3590 4501 τρικυμιῶν
3626 4429 3718 4482 καὶ

446 4524 672 4580 vocabis
697 4539 896 4579 nomen
926 4525 1045 4593 ejus
1068 4522 1254 4580 Jesum
1277 4544 1289 4579 :
1316 4525 1433 4595 ipse
1453 4526 1598 4580 enim
1621 4527 1833 4580 salvum
1866 4525 2032 4581 faciet

2140 4521 2240 4576 τῶν
2293 4521 2435 4576 κατὰ
2475 4522 2573 4592 τῆς
2618 4519 2815 4582 κακίας
2869 4518 3274 4590 ἁλμυρωτάτων
3325 4518 3720 4582 κατεκλὺζοντο

448 4615 709 4683 populum
760 4631 918 4669 suum
944 4615 984 4668 ⁸.
1013 4635 1030 4667 ι
1084 4615 1392 4686 Adjicitque
1432 4617 1487 4671 in
1533 4617 1817 4688 prophetia
1851 4637 1866 4674 :
1905 4641 1923 4669 ι
1962 4617 2028 4671 Et

447 4707 632 4778 posuit
658 4723 721 4763 os
755 4723 934 4762 meum
977 4710 1136 4778 quasi
1177 4709 1419 4780 gladium
1453 4718 1713 4775 acutum;
1748 4730 1766 4762 ι
1807 4727 2032 4766 rursus-

447 4815 603 4868 que:
650 4819 668 4852 ‹
708 4800 896 4855 Posuit
932 4816 1018 4855 me
1069 4801 1227 4868 quasi
1264 4803 1517 4873 sagittam
1575 4804 1830 4860 electam.
1889 4823 1908 4856 ι
1961 4795 2052 4846 -’

451 4912 469 4940 ι
509 4889 746 4946 Verbum
782 4892 926 4946 enim
974 4890 1187 4947 Domini
1218 4902 1302 4947 est
1327 4892 1515 4947 eﬂicax
1551 4901 1605 4946 et
1640 4894 2032 4962 penetrabilius

447 4985 599 5039 omni
633 4985 815 5056 gladio
847 4985 1096 5056 ancipiti,
1126 4994 1180 5040 et
1211 4986 1526 5056 pertingens
1574 5000 1749 5055 usque
1797 4985 1865 5040 ad
1894 4984 2035 5040 divi-

448 5073 659 5133 sionem
690 5082 888 5133 animaa
935 5094 1000 5132 ac
1055 5079 1281 5148 spiritus
1301 5078 1346 5141 ³,
1393 5097 1410 5129 ι
1453 5086 1510 5132 ut
1543 5077 1764 5134 divinus
1792 5079 2030 5134 ostendit

449 5168 774 5237 Apostolus.
821 5168 946 5225 Haec
975 5184 1193 5240 quoque
1228 5170 1331 5239 ipsi
1368 5169 1472 5224 soli
1512 5170 1794 5240 aptissime
1833 5185 2031 5225 conve-

448 5259 630 5320 niunt,
655 5259 934 5315 obedienti
964 5261 1106 5316 facto
1131 5259 1279 5316 Patri
1306 5277 1478 5331 usque
1511 5261 1578 5315 ad
1605 5269 1858 5325 mortem,
1890 5260 2033 5317 scili-

449 5359 571 5405 cet:
610 5369 628 5401 ι
679 5351 883 5406 Servus
908 5347 1069 5408 meus
1099 5369 1164 5408 es
1208 5360 1288 5417 tu,
1344 5354 1537 5417 Israel,
1570 5360 1625 5408 et
1659 5355 1713 5408 in
1746 5359 1798 5408 te
1833 5353 2033 5423 gloria-

451 5441 570 5498 hor.
612 5461 631 5494 ›
676 5440 812 5496 illud
835 5459 1001 5499 vero:
1042 5464 1060 5497 ι
1103 5444 1164 5500 Et
1196 5461 1298 5515 ego
1335 5445 1487 5502 dixi;
1523 5445 1578 5500 lu
1604 5461 1836 5504 vacuum
1880 5446 2031 5499 labo-

451 5534 590 5597 ravi,
633 5553 651 5585 ι
685 5545 738 5589 et
765 5551 887 5604 quae
923 5547 1250 5609 sequuntur,
1285 5538 1351 5592 ad
1387 5537 1725 5594 Salvatorem
1756 5546 2027 5609 spectant,

453 5638 675 5698 propter
713 5629 1043 5697 paucitatem
1076 5646 1267 5685 eorum
1303 5632 1397 5701 qui
1437 5631 1741 5687 secundum
1779 5631 2026 5704 Evange-

527 5801 544 5835 ⁸
573 5799 718 5859 Psal.
750 5819 808 5870 ιι,
843 5806 894 5862 8.

977 5807 995 5835 ’
1019 5803 1174 5860 Joan.
1212 5820 1286 5871 ιιι,
1316 5805 1406 5862 45.
1487 5806 1507 5837 ³
1530 5805 1687 5862 Joan.
1715 5823 1767 5875 ν,
1793 5806 1879 5862 Η.

1977 5807 1997 5839 ⁸
2021 5806 2209 5862 Matth.
2251 5821 2289 5872 ι,
2322 5804 2410 5860 21.

2138 4614 2442 4688 ῥευμάτων.
2494 4614 2629 4666 Τίνα
2679 4609 2772 4666 οῦν
2812 4612 3016 4674 ταύτας
3058 4613 3086 4664 ό
3129 4611 3333 4681 Κύριος
3375 4611 3537 4674 αὐτὸς
3592 4612 3720 4681 περὶ

2135 4706 2329 4761 ἐαυτοῦ
2354 4705 2592 4770 διδάσκει
2634 4705 3023 4775 κατανοητέον
3051 4722 3067 4754 ι
3106 4704 3202 4756 Ἐκ
3242 4703 3472 4767 κοιλίας,
3507 4723 3526 4755 ι
3564 4704 3715 4775 φησὶ,

2143 4819 2161 4851 ι
2188 4799 2395 4871 μητρός
2427 4815 2527 4870 μου
2570 4797 2796 4862 ἐκάλεσε
2825 4797 2886 4852 τὸ
2930 4795 3102 4866 ὄνομά
3132 4811 3262 4867 μου’
3291 4815 3309 4847 ι
3339 4795 3368 4848 ὃ
3407 4795 3503 4848 καὶ
3534 4795 3716 4865 σαφῶς

2137 4893 2229 4946 ἐπὶ
2249 4891 2342 4945 τοῦ
2370 4889 2607 4962 Χριστοῦ
2627 4906 2639 4919 ’
2665 4887 2832 4942 αὑτοῦ
2859 4888 2968 4960 γάρ
2991 4905 3074 4941 τοι
3092 4888 3449 4958 τυγχάνουσιν
3471 4888 3522 4940 oi
3548 4887 3714 4954 λόγοι,

2137 4985 2230 5049 οὒς
2273 4985 2340 5048 ἐκ
2368 4985 2466 5055 τῆς
2506 4983 2598 5047 τοῦ
2657 4981 2991 5050 Εὐάγγελίου
3020 4980 3239 5052 γραφῆς
3295 4979 3713 5050 μεμαθήκαμεν.

2147 5075 2455 5144 Ἀγνοοῦντι
2485 5074 2596 5146 γὰρ
2627 5073 2706 5144 τῷ
2742 5073 2938 5144 Ἰωσὴφ
2971 5072 3100 5143 περὶ
3138 5073 3237 5144 τῆς
3271 5071 3584 5143 συλλήψεως
3619 5072 3715 5142 τῆς

2133 5168 2352 5241 Μαρίας
2386 5166 2613 5231 ἐπιστὰς
2637 5169 2664 5220 ὁ
2680 5164 2940 5238 Γαϐριὴλ,
2963 5164 3206 5228 διάκονος
3226 5163 3302 5216 ῶν
3325 5162 3422 5216 τοῦ
3449 5161 3715 5236 πατρικοῦ

2136 5262 2494 5332 βουλήματος,
2531 5260 2649 5314 κατ’
2678 5258 2810 5330 δναρ
2854 5255 2974 5324 εἷπε
3004 5256 3120 5328 μεθ’
3145 5256 3309 5328 ἕτερα
3342 5258 3438 5311 καὶ
3464 5255 3545 5308 τό·
3579 5245 3715 5309 «τέ-

2137 5355 2283 5420 ξεται
2312 5354 2368 5409 δὲ
2395 5354 2530 5416 υἱὸν,
2575 5353 2670 5406 καὶ
2698 5351 2949 5414 καλέσεις
2976 5349 3036 5403 τὸ
3066 5349 3236 5420 ὄνομα
3277 5347 3441 5413 αὑτοῦ
3477 5347 3680 5417 Ἰησοῦν
3699 5363 3712 5376 ·

2134 5449 2298 5511 αὐτὸς
2329 5445 2438 5518 γὰρ
2481 5444 2644 5499 σώσει
2664 5445 2755 5498 τὸν
2788 5444 2917 5498 λαὸν
2950 5441 3114 5496 αὑτοῦ
3133 5459 3145 5471 ο
3175 5462 3192 5494 ι
3215 5443 3463 5512 ἐπιφέρει
3491 5440 3537 5492 δ’
3568 5442 3624 5493 ἐν
3649 5442 3714 5509 τῇ

2137 5538 2445 5610 προφητείᾳ
2477 5538 2673 5606 λέγων,
2700 5539 2783 5591 ὅτι
2831 5557 2848 5588 ι
2879 5535 2991 5590 Καὶ
3016 5533 3178 5606 ἔθηκε
3210 5535 3272 5587 τὸ
3300 5533 3472 5603 στόμα
3509 5548 3611 5612 μου
3641 5530 3716 5592 ὡς

2141 5629 2417 5699 μάχαιραν
2441 5627 2620 5703 ὀξεῖαν
2639 5645 2652 5657 ·
2689 5647 2708 5679 ι
2746 5628 2838 5680 καὶ
2869 5625 3057 5680 πάλιν·
3089 5643 3108 5676 ι
3139 5622 3342 5695 Ἔθηκέ
3371 5639 3439 5693 με
3467 5620 3543 5686 ὡς
3567 5619 3715 5693 βέλος

2492 5807 2511 5838 ⁸
2543 5803 2705 5860 ﬂeor.
2752 5821 2824 5872 Iv,
2859 5803 2920 5862 12
