4070 6464
281 316 420 374 {237
1315 318 1615 376 εοιοοι
1652 318 2139 377 ΡΒΟΡΒΕΤΙΕΕ.
2178 351 2249 364 --
2284 320 2410 381 LIB.
2456 325 2548 384 IV.
3415 330 3553 397 1233

280 437 559 494 ἐκλεκτόν.
580 457 702 492 ι--νι
724 438 784 494 '0
798 437 909 512 γὰρ
932 440 1104 509 Λόγος
1123 438 1258 494 θεοῦ
1285 441 1551 512 τυγχάνει
1568 442 1819 511 ἐνεργὴς,
1840 458 1864 490 ι

1975 440 2100 495 lium
2121 440 2244 512 ejus
2276 442 2484 500 vivunt.
2516 443 2582 499 Et
2596 447 2848 517 quoniam
2883 467 2903 502 ι
2927 464 3035 505 non
3051 454 3197 506 venit
3217 449 3329 506 nlsr'
3341 463 3414 505 ao
3434 462 3552 518 per-

280 530 401 585 1στι
437 547 459 583 ι
489 531 586 585 καὶ
610 529 923 603 τομώτερος
940 531 1081 603 ὑπὲρ
1115 533 1296 586 πᾶσαν
1321 532 1597 607 μάχαιραν
1619 530 1870 603 δίστομον

277 619 652 694 διικνούμενος
682 622 821 694 ἄχρι
844 620 1119 695 μερισμοῦ
1147 622 1329 694 ψυχῆς
1353 623 1452 676 καὶ
1480 620 1815 693 πνεύματος,
1841 640 1860 675 ι

277 714 357 780 ὡς
383 716 415 768 ό
440 713 725 779 θεσπέσιος
737 713 975 782 ἐδίδαξεν
992 714 1336 780 Ἀπόστολος.
1351 713 1712 784 Εὐλογώτατα
1736 714 1780 769 δ’
1803 714 1870 769 ἂν

278 807 431 881 αὐτῷ
461 808 608 880 μόνῳ
635 807 854 881 λεχθείη
895 808 1123 880 ὑπηκόῳ
1152 808 1428 881 γενομένῳ
1454 808 1532 880 τῷ
1560 808 1737 881 Πατρί
1775 808 1872 879 μέ-

278 916 374 972 χρι
402 902 498 955 καὶ
519 901 748 955 θανάτου
772 899 853 956 τόο
898 918 918 951 ι
936 899 1132 964 Δοῦλός
1164 917 1264 972 μου
1305 895 1355 956 εἰ
1381 902 1470 966 σὺ,
1497 899 1715 972 Ἰσραὴλ
1731 939 1746 963 ,
1777 899 1873 953 καί

278 995 342 1048 ἐν
393 993 477 1048 σοὶ
523 991 1018 1065 ἐνδοξασθήσομαιθ
1069 1011 1089 1044 ι
1119 992 1181 1046 τὸ
1211 992 1302 1047 δέ’
1341 1011 1361 1044 ι
1396 993 1508 1047 Kal
1538 991 1651 1062 ἐγὼ
1703 988 1868 1046 εἶπα*

279 1086 473 1150 Κενῶς
503 1086 773 1142 ἐκοπίασα
792 1126 809 1152 ,
842 1106 861 1140 ι
897 1089 992 1142 καὶ
1020 1088 1092 1143 τά
1121 1087 1272 1160 ἐξῆς,
1311 1086 1510 1159 λέγοιτ’
1551 1086 1620 1142 ἂν
1643 1086 1750 1140 ὑπὸ
1774 1085 1871 1141 τοῦ

280 1177 537 1251 Σωτῆρος
583 1179 671 1234 διὰ
710 1179 772 1233 τὸ
819 1180 1045 1235 σπάνιον
1085 1180 1197 1235 τῶν
1241 1179 1389 1234 κατά
1438 1180 1501 1234 τὸ
1540 1178 1873 1249 Εὐαγγέλιον

280 1269 457 1324 αὐτοῦ
487 1269 766 1341 βιούντων.
801 1271 914 1326 Kal
960 1270 1271 1345 ἐπειδήπερ
1301 1289 1321 1323 ι
1342 1274 1447 1326 οὐκ
1499 1266 1665 1343 ἦλθεν
1714 1272 1763 1324 εί
1796 1271 1871 1344 μὴ

279 1363 364 1426 εἰς
391 1361 459 1415 τά
490 1359 739 1433 πρόϐατα
763 1361 835 1416 τά
858 1361 1179 1417 ἀπολωλότα
1205 1362 1357 1417 οἴκου
1389 1362 1626 1435 Ἰσραὴλ,
1651 1382 1669 1415 ι
1692 1362 1874 1426 καλῶς

280 1452 715 1531 προηγουμένως
759 1453 859 1525 μὲν
916 1454 1137 1523 λέγεται
1194 1453 1648 1527 ἐπιδεδημηκέναι
1672 1494 1687 1519 ,
1729 1472 1748 1506 ι
1776 1452 1871 1507 τοῦ

282 1544 481 1615 στῆσαι
511 1544 612 1609 τὰς
659 1544 830 1615 φυλάς
880 1545 1108 1611 Ἰακὼϐ,
1159 1546 1255 1601 καὶ
1294 1546 1395 1618 τὴν
1443 1545 1744 1619 διασπορὰν
1776 1542 1872 1598 τοῦ

294 1636 512 1711 Ἰσραήλ
542 1638 904 1711 ὲπιστρέψαν
932 1657 952 1691 ι
986 1638 1268 1709 ἑπομένως
1297 1638 1377 1704 δὲ,
1404 1637 1493 1692 διὰ
1510 1637 1571 1692 τὸ
1595 1637 1672 1711 μὴ
1696 1654 1875 1709 παρα-

279 1727 535 1796 δέξασθαι
566 1727 728 1782 αὐτὸν
775 1730 903 1793 τοὺς
934 1728 994 1795 ἐξ
1029 1728 1254 1784 ἐκείνων
1292 1728 1524 1793 πάντας,
1552 1728 1874 1800 ἐπιφέρεται

1976 532 2120 589 ditas
2158 548 2289 591 oves
2331 533 2529 592 domus
2559 536 2747 602 Israel,
2788 559 2809 592 ι
2847 548 2994 598 recte
3016 549 3346 597 memoratur
3365 541 3552 613 praeci-

1974 637 2080 692 pue
2133 623 2189 678 in
2234 624 2500 679 mundum
2555 627 2773 684 venisse
2805 648 2824 681 ι
2868 629 2938 684 ad
2996 631 3349 687 suscitandas
3379 630 3554 686 tribus

1973 714 2144 787 Iacob
2176 725 2232 773 et
2281 716 2444 775 faeces
2489 719 2655 776 lsrael
2701 724 3118 780 convertendas.
3168 743 3200 777 ι.
3224 723 3356 780 Dein
3385 765 3400 789 ,
3427 740 3553 780 cum

1977 808 2125 864 inter
2150 809 2290 866 istos
2339 825 2534 867 omnes
2585 826 2695 867 non
2746 828 2872 869 eum
2927 816 3292 887 accepissent,
3333 814 3556 885 subjicit

1976 902 2134 971 quasi
2168 901 2234 955 ad
2265 902 2506 974 seipsum
2536 921 2552 958 :
2592 920 2612 954 ι
2658 901 2800 959 Ecce
2828 904 2951 961 dedi
3007 915 3061 962 te
3103 906 3158 960 in
3212 906 3389 961 lucem
3423 919 3555 975 gen-

1976 994 2138 1059 tium,
2163 1001 2222 1048 ut
2255 995 2334 1051 sis
2360 996 2512 1051 salus
2548 1008 2669 1050 mea
2695 1010 2869 1067 usque
2900 996 2969 1052 ad
2997 1006 3303 1054 extremum
3339 1007 3566 1053 term».

1977 1085 2142 1144 Jubet
2170 1103 2271 1145 nos
2305 1096 2429 1161 post
2449 1090 2566 1146 haec
2598 1090 2867 1147 Dominus
2905 1089 3133 1147 Deuset
3155 1092 3338 1157 Pater,
3365 1091 3460 1164 qui
3484 1091 3555 1145 li-

1978 1178 2185 1234 beravit
2217 1194 2342 1236 eum
2367 1181 2437 1236 ab
2471 1183 2729 1240 omnibus
2762 1183 2812 1240 ei
2842 1183 3284 1248 adversantibus,
3314 1181 3555 1239 sanctiilv

1975 1284 2103 1326 care
2154 1286 2302 1337 eum,
2356 1270 2587 1328 dicens:
2623 1291 2643 1325 ι
2683 1272 3038 1330 Sanctiﬁcate
3078 1274 3171 1345 qui
3222 1274 3376 1344 parvi
3426 1271 3556 1329 fecit

1980 1362 2220 1418 animam
2247 1379 2423 1421 suam.
2458 1384 2477 1417 ι
2512 1363 2614 1421 llic
2643 1366 2791 1421 enim
2847 1380 3011 1437 quam
3071 1366 3356 1421 verissime
3399 1363 3556 1435 parvi

1977 1454 2134 1510 duxit
2180 1456 2420 1512 animam
2476 1472 2655 1523 suam,
2690 1476 2709 1510 ι
2743 1458 3073 1515 exinaniens
3105 1459 3480 1529 semetipsum,
3500 1465 3557 1513 et

1984 1547 2167 1604 factus
2212 1563 2314 1620 pro
2362 1547 2526 1604 nobis
2582 1548 2967 1616 maledictum;
2999 1558 3063 1605 et.
3104 1555 3329 1620 peccata
3367 1555 3556 1605 nostra

1977 1640 2298 1712 suscipiens
2333 1640 2645 1697 bumiliavit
2692 1641 3048 1713 semetipsum
3097 1656 3271 1712 usque
3315 1640 3382 1696 ad
3409 1656 3559 1697 mor-

1976 1742 2128 1799 tem,
2166 1743 2394 1791 mortem
2463 1742 2646 1790 autem
2706 1734 2891 1790 crucis
2931 1734 2972 1787 ι.
3011 1753 3032 1787 ι
3091 1733 3256 1789 Addit
3323 1733 3555 1802 deinde,

280 1819 360 1885 ὡς
380 1820 517 1892 πρὸς
544 1820 725 1875 αὐτόν’
761 1838 780 1871 ι
827 1820 957 1875 Ἰδοὺ
982 1821 1202 1875 τέθεικά
1233 1837 1294 1874 σε
1321 1823 1401 1886 εἰς
1420 1819 1536 1890 φῶς
1558 1819 1748 1884 ἐθνῶν,
1768 1818 1864 1873 τοῦ

1975 1844 1991 1877 ι
2041 1840 2203 1896 quem
2239 1825 2636 1881 abominantur
2661 1832 2871 1897 gentes,
2905 1825 3049 1882 servi
3077 1825 3492 1881 dominantium.
3530 1844 3551 1877 ι

281 1909 429 1969 εἶναί
453 1930 514 1969 σε
545 1916 626 1977 εἰς
654 1913 929 1986 σωτηρίαν
960 1913 1067 1978 ἕως
1104 1914 1335 1985 ἐσχάτου
1365 1912 1469 1984 τῆς
1493 1912 1615 1984 γῆς.
1639 1932 1659 1965 ι
1690 1912 1867 1983 [lpos-

278 2009 465 2063 τάττει
491 2007 547 2061 δὲ
574 2009 706 2080 ήμίν
739 2006 875 2078 μετὰ
906 2005 1080 2063 ταῦτα
1101 2007 1307 2080 Κύριος
1325 2007 1354 2060 ό
1378 2006 1509 2070 Θεὸς
1530 2006 1625 2059 καὶ
1653 2004 1863 2077 Πατήρ,

277 2100 310 2155 ό
343 2098 648 2178 ῥυσάμενος
679 2097 843 2153 αὐτόν
872 2098 981 2153 ἀπὸ
1010 2099 1228 2154 πάντων
1258 2097 1368 2153 τῶν
1394 2095 1866 2168 ἐπισυναχθέντων

278 2192 401 2247 κατ’
441 2190 629 2257 αὑτοῦ,
667 2192 913 2261 ἀγιάζειν
939 2191 1126 2257 αὐτὸν,
1157 2190 1332 2260 λέγων
1353 2207 1368 2220 ·
1391 2207 1412 2241 ι
1450 2189 1743 2259 Ἀγιάσατε
1774 2188 1867 2242 τὸν

278 2282 608 2355 φαυλίζοντα
635 2287 735 2358 τὴν
775 2286 953 2359 ψυχήν
983 2286 1149 2343 αὐτοῦ
1174 2303 1189 2319 ’
1218 2279 1373 2351 οὗτος
1402 2285 1512 2358 γὰρ
1538 2284 1614 2350 ὡς
1651 2283 1868 2357 ἀληθῶς

275 2376 538 2446 ἐφαύλισε
563 2378 661 2450 τὴν
697 2379 877 2452 ψυχὴν
918 2377 1137 2445 ἐαυτοῦ,
1179 2397 1198 2431 ι
1225 2378 1470 2443 κενώσας
1501 2377 1694 2431 ἐαυτὸν
1715 2417 1730 2442 ,
1772 2377 1867 2430 καὶ

275 2470 568 2541 γενόμενος
592 2471 733 2544 ὑπὲρ
763 2472 921 2543 ήμῶν
947 2471 1191 2544 κατάρα·
1218 2470 1434 2535 καὶτὰς
1463 2470 1736 2543 ἁμαρτίας
1766 2467 1868 2533 τὰς

276 2563 554 2635 ἡμετέρας
595 2564 904 2629 ἀναλαϐών,
932 2563 1195 2636 αἰσχύνης
1222 2580 1287 2633 γε
1322 2564 1483 2636 μέχρι
1510 2561 1742 2617 θανάτου
1772 2561 1867 2614 καὶ

278 2655 513 2710 Θανάτου
547 2655 783 2731 σταυροῦ
814 2659 1253 2730 καταφρονήσας.
1285 2676 1304 2709 ι
1347 2656 1501 2711 Μετὰ
1525 2654 1703 2711 ταῦτά
1729 2670 1864 2726 φησι

275 2745 372 2801 τδν
402 2766 423 2799 ι
447 2747 871 2821 βδελυσσόμενον
915 2749 1022 2803 ὑπὸ
1052 2750 1161 2804 τῶν
1188 2748 1360 2803 ἐθνῶν
1389 2747 1497 2802 τῶν
1521 2746 1721 2801 δούλων
1759 2744 1868 2798 τῶν

276 2839 622 2913 ἁρχόντων·›
658 2844 755 2897 καὶ
781 2842 846 2915 δὴ
875 2842 1048 2913 σαφὲς
1081 2843 1229 2907 ὅπως
1274 2844 1323 2896 οἱ
1351 2842 1466 2905 τοῖς
1510 2839 1738 2912 ἄρχουσι
1771 2834 1868 2891 τοῦ

276 2931 476 2998 αἰῶνος
500 2933 690 2987 τούτου
717 2934 1104 3007 δεδουλωμένοι
1132 2934 1192 2988 ού
1223 2933 1384 3005 μόνον
1413 2932 1476 3003 (Ῑ.
1496 2932 1584 3003 55)
1613 2930 1752 2985 κατὰ
1776 2928 1870 2982 τὸν

1976 1914 2331 1972 Manifestum
2357 1917 2558 1987 quippe
2583 1923 2671 1972 est-
2692 1917 2837 1986 quod
2868 1916 3033 1986 bujus
3065 1916 3251 1972 saeculi
3296 1914 3561 1987 principi-

1976 2007 2080 2062 bus
2114 2006 2441 2071 servientes,
2478 2022 2589 2062 non
2622 2015 2831 2061 tantum
2871 2007 2927 2061 in
2962 2006 3239 2078 passionis
3271 2006 3393 2078 ejus
3419 2015 3560 2063 tem-

1976 2113 2111 2170 pore
2143 2098 2546 2154 maledixerunt
2595 2098 2646 2155 ei
2693 2099 2971 2155 dicentes:
3013 2116 3032 2151 ι
3069 2097 3264 2154 Gravis
3282 2109 3367 2154 est
3400 2099 3559 2156 nobis

1974 2191 2141 2247 etiam
2193 2190 2263 2246 ad
2319 2189 2617 2246 videndum
2641 2193 2687 2256 ²,
2718 2209 2738 2242 ι
2772 2189 2870 2246 sed
2907 2196 2962 2244 et
3007 2205 3158 2245 nunc
3202 2190 3554 2257 maledicunt,

1974 2280 2099 2350 ejus
2129 2279 2399 2336 doctrinae
2426 2279 2705 2335 obSistere
2743 2286 3030 2334 conantes.
3062 2276 3221 2332 llunc
3264 2276 3432 2348 igitur
3449 2274 3559 2331 Do-

1974 2371 2158 2427 minus
2211 2370 2565 2427 sanctiﬁcare
2613 2369 2791 2440 jubet,
2823 2370 3141 2442 praeclaram
3167 2369 3286 2440 ejus
3316 2384 3559 2441 praesen.

1974 2464 2105 2516 tiam
2136 2463 2536 2533 praenuntians.
2580 2461 2738 2529 Quod
2775 2472 2960 2518 autem
2998 2462 3067 2517 de
3116 2462 3358 2533 gentium
3392 2475 3558 2516 voca-

1974 2555 2123 2611 tione
2148 2556 2543 2626 propbetizans
2580 2569 2764 2611 sermo
2821 2556 3034 2627 reliqua
3088 2554 3299 2627 profert
3325 2553 3561 2626 prophe-

1973 2647 2082 2714 tiae,
2132 2648 2201 2701 ab
2233 2646 2321 2701 liis
2346 2645 2572 2702 verbis:
2611 2665 2630 2697 ι
2676 2644 2811 2702 Dedi
2837 2654 2890 2701 te
2926 2646 2983 2701 in
3014 2645 3196 2703 fmdus
3229 2645 3493 2716 gentium,
3532 2662 3555 2696 ι

1974 2747 2029 2796 et
2058 2755 2181 2810 qua:
2202 2749 2533 2810 sequuntur,
2564 2753 2688 2809 qua:
2723 2736 2947 2809 quidem
2985 2736 3168 2795 fusius
3202 2737 3558 2809 investigare,

1976 2847 2102 2888 cum
2143 2831 2735 2902 magisspiritualiter
2757 2837 2814 2885 et
2839 2829 2997 2901 juxta
3039 2830 3216 2887 solam
3252 2829 3563 2901 intelligen-

1977 2925 2109 2979 tiam
2140 2923 2287 2979 dicta
2317 2923 2450 2987 sint,
2475 2937 2586 2978 non
2611 2923 2902 2994 praesentis
2921 2923 3106 2994 operis
3133 2929 3240 2979 est.

274 3029 470 3101 καιρὸν
494 3028 587 3083 τοῦ
634 3030 837 3096 πάθους
861 3030 1027 3086 αύτοῦ
1060 3029 1414 3096 ἐϐδελύξαντο
1452 3030 1615 3085 αὐτὸν
1652 3027 1919 3090 εἰπόντες·
1961 3041 1980 3076 ι
2002 3023 2119 3077 Kal
2151 3020 2322 3092 βαρὺς
2346 3023 2479 3093 ήμῖν
2503 3022 2619 3074 ἐστι
2651 3021 2746 3075 καὶ
2777 3018 3127 3092 βλεπόμενος,
3160 3042 3179 3073 ι
3214 3019 3327 3075 ἀλλ’
3356 3020 3436 3073 ἐτι
3468 3021 3562 3075 καὶ

278 3122 376 3179 νῦν
409 3122 805 3194 βδελύσσονται,
836 3127 1162 3199 ἀνατρέπειν
1189 3126 1354 3181 αὑτοῦ
1399 3125 1500 3199 τήν
1531 3123 1881 3180 διδασκαλίαν
1903 3117 2255 3193 πειρώμενοι.
2285 3117 2487 3172 Τοῦτον
2514 3113 2607 3172 οὖν
2635 3117 2665 3170 ό
2696 3116 2901 3186 Κύριος
2935 3116 3182 3186 ἀγιάζειν
3212 3119 3559 3190 προστάττει.

274 3220 379 3289 τὴν
400 3217 608 3284 ἔνδοξον
636 3221 803 3276 αὐτοῦ
836 3223 1137 3296 παρουσίαν
1170 3222 1721 3296 προσημαίνων.’¹’οτι
1744 3220 1800 3275 δὲ
1831 3218 1959 3290 περί
1982 3217 2080 3287 τῆς
2100 3214 2159 3282 ἐξ
2187 3213 2359 3296 ἐθνῶν
2391 3213 2636 3286 κλήσεως
2659 3212 3040 3278 προθεσπίζων
3069 3215 3098 3267 6
3116 3214 3275 3285 λόγος
3305 3215 3406 3285 τὴν
3433 3212 3562 3283 ἑξῆς

279 3312 529 3383 ἐπιφέρει
558 3294 1042 3389 προφητείαν,ήτὴν
1064 3316 1173 3371 ἀπὸ
1199 3294 1316 3371 τοῦ·
1338 3294 1368 3368 ίέ
1401 3314 1620 3370 Ἔδωκά
1649 3331 1711 3368 σε
1740 3315 1821 3377 εἰς
1838 3311 2105 3382 διαθήκην
2136 3294 2330 3372 ἐθνῶν,
2361 3327 2381 3361 ι
2406 3309 2502 3362 καὶ
2520 3306 2588 3362 τά
2615 3308 2762 3380 ἑξῆς,
2784 3309 2928 3382 άπερ
2954 3305 3232 3362 ἐπιπλεῖον
3255 3304 3562 3378 βασανίζειν

280 3409 771 3485 πνευματικώτερα
792 3412 940 3478 ὄντα,
966 3426 1060 3468 και
1086 3414 1227 3469 κατά
1259 3413 1428 3486 μόνην
1453 3413 1693 3468 διάνοιαν
1718 3407 2102 3480 ἀποδιδόμενα,
2137 3405 2200 3460 ού
2231 3406 2333 3480 τῆς
2361 3402 2645 3479 παρούσης
2678 3406 3059 3479 πραγματείας
3092 3403 3370 3477 τυγχάνει.

798 3530 1197 3584 ΚΕΦΑΛΔΙΟΝ
1219 3532 1342 3586 KE'.

359 3637 378 3671 ι
413 3618 599 3685 Οὕτως
629 3620 776 3691 λέγει
806 3622 1011 3695 Κύριος
1035 3641 1048 3654 ·
1085 3624 1242 3677 Ποῖον
1269 3623 1430 3678 τοῦτο
1456 3624 1520 3678 τὸ
1543 3623 1746 3695 βιϐλίον
1772 3620 1866 3676 τοῦ

278 3711 610 3766 ἀποστασίου
628 3713 733 3785 τῆς
754 3714 959 3785 μητρὸς
983 3715 1159 3786 ὑμῶν,
1188 3708 1234 3783 ᾧ
1266 3715 1625 3784 ἐξαπέστειλα
1653 3715 1826 3784 αὐτήν
1851 3730 1867 3780 ;

279 3803 316 3873 ἢ
348 3803 454 3858 τίνι
482 3805 735 3877 ὐπόχρεῳ
757 3806 1017 3879 πέπρακα
1043 3808 1221 3879 ύμᾶςς
1267 3808 1398 3864 Ἰδοὺ
1425 3812 1543 3874 ταῖς
1573 3809 1871 3882 ἁμαρτίαις

281 3896 437 3968 ὑμῶν
468 3896 767 3970 ἐπράθητε,
804 3899 896 3953 καί
919 3902 1037 3964 ταῖς
1061 3900 1311 3972 άνομίαις
1337 3901 1491 3973 ὑμῶν
1515 3900 1873 3967 ἐξαπέστειλα

280 3990 381 4063 τὴν
414 3989 625 4063 μητέρα
645 3990 826 4062 ὑμῶν*
861 3991 996 4045 διότι
1020 3988 1205 4064 ἦλθον,
1227 3996 1324 4048 καί
1357 3996 1456 4049 οὐκ
1487 3990 1555 4067 ἦν
1584 3993 1872 4067 ἄνθρωπος

278 4079 313 4131 ὁ
340 4078 630 4132 ὑπακούων
653 4092 667 4108 ·
709 4080 783 4151 μὴ
810 4081 916 4135 οὐκ
941 4082 1115 4153 ἰσχύει
1140 4085 1173 4155 ἡ
1199 4084 1321 4157 χείρ
1340 4102 1441 4155 μου
1455 4085 1549 4140 τοῦ
1569 4084 1833 4157 ῥύσασθαι
1853 4100 1869 4150 ;

279 4171 317 4241 ἢ
354 4170 455 4223 οὐκ
484 4170 655 4242 ἰσχύει
718 4171 811 4226 τοῦ
869 4172 1190 4240 ἐξελέσθαις
1244 4176 1376 4230 ’ἰδοὺ
1406 4175 1485 4248 τῷ
1515 4176 1735 4249 ὲλεγμῷ
1768 4195 1870 4249 μου

280 4260 616 4335 ἐξερημώσω
646 4264 744 4334 τήν
783 4264 1078 4332 θάλασσαν,
1113 4267 1209 4320 καὶ
1263 4266 1413 4339 θήσω
1444 4270 1723 4340 ποταμοὺς
1752 4270 1874 4341 ἐρήη

283 4371 441 4427 μους,
495 4355 591 4408 καὶ
633 4353 1060 4429 ξηρανθήσονται
1115 4361 1164 4412 οἰ
1204 4357 1385 4429 ἰχθύες
1439 4360 1621 4414 αὐτῶν
1650 4360 1871 4416 ἀπὸτοῦ

238 4514 247 4521 .
283 4445 359 4518 μὴ
389 4441 527 4500 εἶναι
557 4445 723 4518 ὕδωρ,
777 4450 874 4502 καὶ
899 4449 1299 4504 ἀποθανοῦνται
1342 4453 1400 4506 ἐν
1431 4451 1597 4522 δίψει.
1641 4453 1873 4506 Ἐνδύσω

277 4537 372 4589 τὸν
397 4538 625 4609 οὐρανὸν
658 4539 868 4604 σκότος,
903 4541 997 4594 καὶ
1032 4542 1108 4606 ὡς
1141 4543 1343 4598 σάκκον
1375 4544 1526 4615 θήσω
1556 4544 1618 4598 τὸ
1652 4545 1875 4617 περιϐό-

279 4626 432 4680 λαιον
465 4627 655 4681 αὑτοῦ.
685 4628 888 4701 Κύριος
920 4630 1125 4702 Κύριος
1154 4631 1335 4686 δίδωσί
1368 4650 1457 4704 μοι
1481 4632 1731 4702 γλῶσσαν
1752 4651 1875 4691 παι.

275 4718 451 4784 δείαςο,
488 4720 584 4773 τοῦ
616 4721 820 4791 γνῶναι
843 4722 1004 4793 ήνίκα
1035 4723 1116 4777 δεῖ
1156 4726 1331 4779 εἰπεῖν
1373 4725 1529 4796 λόγον
1548 4744 1562 4759 ⁸
1595 4727 1759 4798 ἔθηκέ
1782 4744 1873 4797 μοι

281 4811 448 4884 πρωῒ,
472 4812 618 4885 πρωῒ
655 4814 960 4887 προσέθηκέ
1010 4832 1100 4881 μοι
1121 4816 1280 4872 ὠτίον
1296 4818 1535 4883 ἀκούειν,
1558 4819 1652 4878 καί
1681 4820 1714 4890 ἡ
1746 4836 1873 4872 παι-

278 4904 396 4958 δεία
419 4905 624 4976 Κυρίου
646 4905 851 4975 ἀνοίγει
883 4924 985 4978 μου
1013 4907 1083 4962 τά
1106 4901 1239 4962 ὦτα.
1279 4907 1421 4977 Ἐγὼ
1435 4909 1493 4964 δὲ
1525 4910 1625 4964 οὐκ
1657 4909 1870 4965 ἀπειθῶ
1902 4894 1944 4950 ί)

280 4993 405 5047 οὐδὲ
444 4993 707 5063 ἀντιλέγω
730 5012 743 5025 ·
777 4996 869 5049 τὸν
921 4997 1086 5050 νῶτόν
1132 5016 1232 5068 μου
1262 4997 1436 5063 ἔδωκα
1468 5000 1549 5063 εἰς
1580 5000 1870 5070 μάστιγας,

279 5085 381 5149 τὰς
438 5084 494 5139 δὲ
530 5087 786 5156 σιαγόνας
827 5103 930 5159 μου
964 5090 1044 5153 εἰς
1076 5090 1420 5161 ῥαπίσματα,
1476 5090 1537 5143 τὸ
1592 5091 1650 5144 δὲ
1698 5092 1869 5166 πρόσ-

278 5178 430 5231 ωπόν
449 5194 551 5249 μου
572 5178 672 5232 ούκ
687 5178 1417 5254 ἀπέστρεψαάπὸαὶσχύνης
1437 5184 1864 5255 ἐμπτυσμάτων·

279 5269 376 5325 καὶ
409 5270 613 5342 Κύριος
666 5271 872 5345 Κύριος
901 5273 1093 5345 βοηθός
1141 5292 1243 5347 μου
1272 5275 1499 5349 ἐγενήθη
1530 5293 1544 5307 ⁸
1589 5274 1679 5329 διὰ
1709 5276 1870 5331 τοῦτο

279 5359 381 5412 οὐκ
404 5358 730 5431 ἐνετράπην,
764 5360 878 5427 ἀλλ’
911 5362 1084 5434 ἔθηκα
1115 5364 1176 5417 τὸ
1203 5364 1493 5437 πρόσωπόν
1524 5382 1625 5437 μου
1649 5365 1725 5429 ὡς
1756 5365 1866 5419 ἐτέ-

283 5451 668 5522 ραν(στερεὰν)
688 5453 925 5525 πέτραν·
955 5457 1050 5509 καὶ
1070 5454 1435 5524 ἓγνων,ὅτιού
1462 5456 1536 5528 μή
1563 5456 1859 5527 αίσχυνθῶ,

279 5542 362 5595 ὅτι
395 5541 717 5625 ἐγγίζει-μοι
740 5549 769 5601 ό
794 5547 1091 5614 δικαιώσας
1120 5567 1187 5621 με
1205 5568 1219 5581 ο
1245 5549 1329 5614 τίς
1350 5551 1379 5603 ὁ
1404 5552 1719 5624 κρινόμενός
1745 5569 1856 5624 μοις

281 5634 708 5706 δγγισάτωΛὼὺ
730 5639 932 5709 Κύριος
960 5641 1162 5714 Κύριος
1196 5642 1380 5715 βοηθεῖ
1415 5660 1523 5715 μοι·
1559 5644 1653 5711 τίς·
1676 5643 1861 5701 κακώ-

2536 3523 2766 3581 CAPUT
2802 3523 2971 3581 XXV.

2056 3634 2078 3671 ι
2118 3618 2212 3675 Sic
2236 3618 2372 3675 dicit
2399 3617 2665 3673 Dominus
2699 3636 2714 3673 :
2750 3615 2941 3685 Qualis
2961 3623 3047 3671 est
3066 3614 3159 3669 hic
3184 3613 3325 3668 liber
3346 3610 3562 3681 repudii

1975 3717 2174 3776 matris
2222 3720 2441 3777 vestrae,
2470 3727 2581 3783 quo
2627 3709 2814 3766 dimisi
2864 3708 3026 3764 eam?
3058 3709 3163 3761 Aut
3207 3705 3296 3759 cui
3326 3704 3561 3760 debitori

1972 3808 2197 3867 vendidi
2221 3806 2373 3875 νοείῖ
2396 3800 2539 3859 Ecce
2558 3802 2801 3872 peccatis
2828 3799 3028 3855 vestris
3061 3794 3271 3852 venditi
3305 3793 3462 3861 estis,
3503 3799 3561 3849 et

1977 3898 2364 3973 iniquitatibus
2390 3894 2594 3952 vestris
2628 3892 2789 3948 emisi
2833 3899 3065 3945 matrem
3108 3897 3346 3942 vestram
3381 3900 3561 3957 :quo-

1972 3995 2123 4050 niam
2152 3990 2300 4055 veni,
2326 3996 2377 4046 et
2405 4002 2514 4043 non
2542 3991 2662 4042 erat
2695 3984 2861 4039 homo
2893 3982 2986 4054 qui
3019 3980 3254 4036 audiret.
3300 3976 3579 4048 Nunquid,

1977 4101 2089 4142 non
2114 4090 2297 4156 potest
2351 4094 2553 4136 manus
2582 4091 2702 4133 mea
2728 4076 3004 4133 liberare?
3034 4081 3128 4129 aut
3154 4071 3405 4143 nunquid
3448 4082 3587 4133 non,

1976 4192 2204 4252 possum
2241 4173 2492 4246 eripere?
2523 4171 2665 4227 Ecce
2692 4170 2746 4225 in
2790 4167 3168 4239 increpatione
3218 4178 3341 4220 mea
3371 4163 3580 4220 deser—.

1975 4282 2093 4328 tum
2122 4271 2321 4327 iaciam
2347 4281 2498 4323 mare
2531 4287 2543 4322 :
2567 4278 2766 4337 ponam
2790 4262 3014 4319 ﬂumina
3041 4261 3099 4316 in
3143 4260 3350 4316 siccum
3372 4275 3389 4327 ;
3411 4270 3563 4313 eom-

1975 4369 2296 4436 putrescent
2349 4360 2531 4431 pisces
2564 4357 2688 4414 sine
2731 4368 2897 4426 aqua,
2924 4360 2981 4411 et
3016 4351 3322 4409 morientur
3348 4348 3407 4417 in
3445 4348 3557 4404 siti.

1975 4455 2204 4514 lnduam
2227 4452 2398 4509 caelos
2438 4449 2770 4513 tenebris,et
2797 4459 3016 4507 saccum
3036 4458 3233 4515 ponam
3253 4442 3565 4509 operimen-

1975 4557 2090 4603 tum
2118 4559 2332 4602 eorum.
2364 4542 2631 4597 Dominus
2662 4538 2926 4597 Dominus
2954 4535 3120 4599 dedit
3152 4534 3285 4589 mihi
3319 4532 3562 4603 linguam

1975 4638 2336 4702 eruditam,ut
2353 4635 2523 4693 sciam
2540 4646 2826 4704 usquequo
2846 4636 3097 4703 oporteat
3112 4627 3296 4683 dicere
3309 4625 3557 4682 verbum.

1978 4732 2150 4803 Erigit
2177 4726 2358 4793 inane,
2392 4743 2552 4784 mane
2596 4726 2760 4797 erigit
2808 4723 2943 4779 mihi
2991 4736 3206 4789 aurem,
3247 4728 3308 4775 ut
3341 4718 3560 4773 audiam

1978 4824 2139 4896 quasi
2175 4823 2521 4893 magistrum.
2566 4818 2835 4878 Dominus
2869 4815 3014 4872 Deus
3044 4813 3261 4886 aperuit
3293 4811 3429 4868 mihi
3462 4825 3561 4865 au-
3588 4860 3594 4865 .

1974 4930 2089 4970 rem
2111 4932 2127 4981 ς
2149 4928 2251 4984 ego
2282 4919 2463 4966 autem
2499 4925 2608 4965 non
2629 4918 2922 4963 contumax
2953 4920 3095 4969 sum,
3128 4917 3305 4974 neque
3338 4912 3560 4958 contra-
3588 4954 3591 4955 ,

1975 5006 2148 5062 dico:
2194 5012 2406 5076 tergum
2441 5017 2620 5065 meum
2672 4999 2798 5055 dedi
2835 4997 2891 5053 in
2935 4996 3170 5070 ﬂagella,
3206 5006 3263 5049 et
3306 4993 3582 5052 maxillas.

1974 5112 2126 5152 meas
2147 5095 2199 5150 in
2226 5096 2443 5164 alapas;
2470 5092 2661 5146 faciem
2690 5104 2819 5145 vero
2845 5104 3019 5144 meam
3044 5101 3154 5143 non
3179 5084 3352 5141 averti
3380 5099 3409 5138 a
3431 5099 3561 5156 pro-

1973 5189 2074 5244 bro
2096 5195 2405 5260 sputorum.
2433 5183 2697 5239 Dominus
2720 5181 2862 5237 Deus
2890 5180 3184 5236 auxiliator
3205 5192 3361 5234 meus
3380 5177 3561 5236 factus
3585 5230 3594 5239 .

1972 5285 2086 5333 est:
2105 5278 2227 5333 ideo
2244 5291 2353 5331 non
2370 5290 2491 5331 sum
2520 5271 2820 5339 confusus;
2848 5272 2969 5328 ideo
2989 5269 3147 5342 posui
3160 5268 3357 5325 faciem
3381 5282 3575 5326 meam.

1970 5378 2032 5424 ut
2063 5377 2269 5441 petram
2299 5366 2677 5431 durissimam,
2701 5373 2756 5419 et
2772 5364 2888 5419 scio
2913 5363 3172 5435 quoniam
3191 5377 3300 5417 non
3331 5359 3561 5417 confun-

1971 5461 2091 5516 dar.
2143 5458 2305 5515 Juxta
2328 5468 2413 5515 est
2451 5458 2546 5529 qui
2596 5455 2865 5527 justiticat
2904 5471 2990 5511 me
3023 5453 3189 5525 :quis
3214 5450 3575 5509 contradicat

1971 5553 2149 5608 mihi?
2180 5550 2420 5610 Accedat
2447 5548 2516 5605 ad
2542 5563 2650 5603 me.
2684 5546 2825 5603 Ecce
2850 5545 3120 5602 Dominus
3147 5545 3291 5603 Deus
3326 5542 3559 5600 auxilia-

1970 5651 2058 5700 tor
2082 5660 2237 5701 meus
2273 5644 2442 5717 :quis
2469 5653 2552 5701 est
2580 5642 2669 5714 qui
2699 5641 3029 5701 condemnet
3053 5638 3176 5696 me?
3194 5636 3333 5695 Ecce
3368 5650 3570 5694 omnes

355 5793 382 5830 ί
407 5791 526 5852 Gal.
557 5812 644 5865 tu,
680 5796 785 5867 lt;
819 5796 984 5855 Hebr.
1017 5817 1114 5869 xu,
1146 5799 1215 5869 2;
1283 5799 1424 5858 Phil.
1453 5818 1511 5868 ιι,
1542 5803 1591 5857 8.
1679 5805 1697 5841 ι
1733 5802 1858 5874 5η).

1998 5802 2261 5858 15.κσ
