4096 6412
540 363 681 422 1259

1221 354 1487 416 Eusssn
1528 347 2001 415 cmsamsNst
2030 357 2082 414 ο

2183 397 2190 411 .
2228 355 2410 410 PARS
2449 354 2540 409 ιιι.
2573 385 2646 398 --
2682 337 3090 408 EXEGETICA.

3640 344 3778 400 F240

537 498 636 538 vos
675 482 832 552 quasi
861 480 1240 537 vestimentum
1288 480 1658 542 veterascetis,
1691 479 1834 533 tinea
1861 476 2082 533 comede

2210 489 2291 527 σει
2325 490 2427 544 iis;
2470 472 2597 526 Ἰδοὺ
2651 470 2847 532 πάντες
2884 468 3040 539 ὑμεῖς
3086 463 3162 527 ὼς
3208 464 3420 535 ίματίον
3460 461 3774 533 παλαιωθή-

535 590 653 630 vos.
695 572 831 639 Quis
853 589 917 629 ex
951 573 1106 627 vobis
1138 573 1336 627 timens
1362 568 1688 626 Dominum?
1709 568 1894 624 audiat
1917 583 2100 623 vocem

537 667 695 722 servi.
729 666 869 736 ejus.
925 664 1284 720 Ambulantes
1315 664 1371 718 in
1402 662 1664 727 tenebris,
1692 669 1748 719 et
1777 676 1884 716 non
1914 670 1999 716 est
2024 661 2104 716 eis

534 758 660 824 lux,
690 756 949 813 confidite
978 756 1036 811 in
1068 756 1290 811 nomine
1322 753 1559 821 Domini,
1586 761 1642 809 et
1671 752 1968 808 innitimini
1994 751 2104 807 Deo

530 858 741 906 vestro.
775 849 915 904 Ecce
939 863 1131 903 omnes
1160 862 1258 902 vos
1291 847 1470 919 ignem
1493 844 1809 909 incenditis,
1842 844 2106 900 corrobo-

532 944 670 998 ratis
697 941 988 996 ilammam.
1021 939 1311 995 Ambulate
1347 940 1400 993 in
1424 938 1627 993 lumine
1656 937 1801 1009 ignis
1822 939 2010 1000 vestri,
2048 945 2102 990 et

530 1033 748 1088 ﬂamma
780 1049 946 1102 quam
1005 1030 1356 1087 accendistis.
1397 1029 1628 1101 PrOpter
1673 1045 1763 1085 me
1804 1029 1946 1084 facta
1974 1038 2103 1084 sunt

532 1125 650 1180 haec
682 1124 860 1190 vobis,
897 1126 954 1179 in
980 1122 1202 1179 tristitia
1229 1121 1516 1177 dormietis
1543 1122 1581 1176 ¹.
1605 1138 1623 1173 ι
1647 1119 1937 1175 Manifeste
1969 1118 2101 1175 Ver-

529 1218 585 1274 bi
623 1218 887 1274 divinitas
928 1216 997 1272 iis
1027 1230 1149 1286 qua:
1179 1213 1469 1270 retulimus
1515 1212 1844 1276 ostenditur,
1879 1222 1932 1267 et
1959 1227 2099 1282 quo-

530 1309 677 1364 niam
722 1307 1091 1364 incarnationi
1143 1321 1257 1362 sua:
1295 1304 1719 1375 praeexsisteret,
1752 1311 1807 1358 et
1826 1303 2107 1374 quomodo

527 1399 710 1455 factus
738 1401 903 1454 homo
929 1398 1045 1453 haec
1081 1411 1347 1467 passurus
1376 1404 1523 1452 esset
1550 1410 1671 1464 quae
1692 1395 1749 1450 in
1791 1394 2099 1466 Evangeliis

529 1491 734 1561 scripta
762 1495 910 1545 sunt.
947 1486 1083 1552 Quis
1112 1486 1261 1542 enim
1290 1487 1431 1541 alius
1458 1494 1610 1542 .esset
1641 1486 1869 1541 dicens:
1897 1504 1916 1537 ι
1956 1484 2100 1540 Nun-

527 1582 659 1653 quid
712 1596 822 1635 non
856 1588 1036 1650 p0test
1066 1593 1263 1634 manus
1285 1593 1426 1643 mea,
1461 1596 1480 1630 ι
1515 1585 1569 1632 et
1598 1592 1719 1648 quae
1771 1585 2094 1649 sequuntur,

528 1689 703 1744 usque
731 1672 800 1727 ad
829 1673 954 1727 illa:
993 1689 1012 1723 ι
1041 1670 1268 1727 lnduam
1300 1670 1469 1727 caelos
1500 1671 1764 1737 tenebris,
1794 1679 1849 1726 et
1875 1686 2095 1727 saccum

526 1780 725 1836 ponam
765 1764 1162 1835 cperimentum
1210 1777 1422 1827 eorum,
1460 1781 1481 1815 ι
1530 1763 1637 1819 nisi
1677 1761 1773 1817 Dei
1816 1762 2096 1819 Verbum?

2204 562 2382 625 σεσθε,
2407 562 2502 614 καὶ
2526 560 2625 632 σὴς
2653 556 3026 627 καταφάγεται
3051 554 3212 624 ὑμᾶς.
3244 553 3341 618 Τίς
3370 557 3435 608 ὲν
3459 554 3586 625 ὑμῖν
3613 556 3642 609 ὁ
3680 570 3778 621 φο-

2202 651 2464 723 ϐούμενος
2524 651 2614 705 τὸν
2665 649 2900 721 Κύριονς
2938 644 3302 700 ὑπακουσάτω
3332 648 3432 715 τῆς
3462 645 3644 715 φωνῆς
3677 645 3775 698 τοῦ

2202 741 2391 805 παιδὸς
2445 740 2646 796 αὑτοῦ·
2695 741 2744 794 οἱ
2789 737 3142 810 πορευόμενοι
3179 738 3237 790 ὲν
3270 735 3473 800 σκότει,
3514 737 3609 789 καὶ
3672 736 3776 789 οὐκ

2201 833 2348 885 ἐστιν
2368 832 2548 895 αὐτοῖς
2581 829 2717 901 φῶς,
2752 828 3043 883 πεποίθατε
3077 827 3170 880 ἐπὶ
3188 826 3266 897 τῷ
3290 826 3514 898 ὀνόματι
3539 827 3770 897 Κυρίου,

2200 923 2297 977 καὶ
2321 923 2772 994 ἀντιστηρίσασθε
2818 921 2910 973 ἐπὶ
2939 918 3019 991 τῷ
3045 918 3183 988 Θεῷ.
3230 918 3357 974 ’1δοὺ
3385 919 3585 981 πάντες
3616 919 3773 988 ὑμεῖς

2202 1013 2314 1085 πῦρ
2343 1013 2548 1076 καίετε,
2604 1011 2699 1066 καὶ
2744 1008 3062 1080 κατισχὺετε
3103 1008 3277 1079 φλόγα
3304 1024 3317 1038 ·
3352 1008 3649 1080 πορεύεσθε
3693 1010 3777 1083 τῷ

2201 1106 2343 1175 φωτὶ
2370 1104 2461 1158 τοῦ
2491 1103 2662 1175 πυρὸς
2695 1100 2870 1172 ὑμῶν,
2922 1100 3017 1154 καὶ
3044 1102 3111 1172 τῆ
3155 1101 3314 1170 φλογὶ
3418 1100 3769 1168 ἐξεκαὺσατε.

2199 1200 2274 1252 Δι’
2298 1197 2397 1268 ἐμὲ
2413 1195 2633 1264 ἐγένετο
2654 1192 2825 1248 ταῦτα
2853 1192 3002 1263 ὑμῖν,
3024 1193 3082 1245 ὲν
3113 1190 3260 1264 λύπῃ
3288 1191 3707 1263 κοιμηθήσεσθε.
3744 1212 3772 1245 ι

2200 1289 2391 1358 Σαφῶς
2420 1290 2453 1358 ἡ
2481 1286 2575 1340 τοῦ
2591 1286 2763 1356 Λόγου
2794 1283 2983 1354 θεότης
3018 1288 3113 1338 καὶ
3135 1282 3224 1337 διὰ
3253 1283 3361 1338 τῶν
3396 1285 3775 1356 προκειμένων

2198 1379 2599 1445 ἀποδείκνυται,
2617 1378 2699 1431 ὅτι
2714 1394 2772 1431 τε
2801 1376 3154 1450 προϋπῆρχεν
3170 1375 3268 1446 τῆς
3283 1376 3437 1428 ὲνανθ
3444 1377 3602 1447 ρωπὴ
3610 1393 3766 1441 σεως,

2200 1468 2294 1523 καὶ
2326 1469 2401 1532 ὡς
2429 1466 2851 1539 ἐνανθρωπήσας
2882 1463 3057 1519 ταῦτα
3096 1464 3324 1535 πάσχειν
3354 1463 3584 1535 ἤμελλεν
3610 1464 3647 1518 ἃ.
3675 1467 3771 1520 καὶ

2198 1563 2256 1614 ὲν
2283 1561 2397 1623 τοῖς
2430 1556 2780 1627 Εὑαγγελίοις
2794 1554 3225 1626 ἀναγέγραπται.
3256 1554 3351 1618 Τίς
3378 1554 3488 1627 γὰρ
3515 1555 3583 1609 ἀν
3613 1556 3768 1621 ἄλλος

2196 1651 2282 1723 εἴη
2346 1651 2376 1704 ό
2431 1650 2676 1721 φάσκων·
2707 1666 2726 1699 ι
2762 1647 2854 1720 Μὴ
2891 1648 2992 1703 οὐκ
3027 1648 3201 1718 ίσχὺει
3232 1648 3264 1717 ἡ
3297 1646 3418 1717 χείρ
3452 1664 3574 1718 μου,
3615 1667 3634 1698 ι
3670 1649 3765 1701 καὶ

2195 1742 2262 1797 τά
2290 1742 2417 1814 ἑξῆς
2463 1740 2568 1805 ἕως
2610 1739 2724 1794 τοῦ·
2753 1758 2773 1792 ι
2808 1738 3041 1793 Ἐνδὺσω
3053 1740 3143 1792 τὸν
3179 1737 3405 1810 οὐρανὸν
3433 1738 3646 1805 σκότος,
3674 1740 3767 1793 καὶ

525 1822 648 1926 ipse
697 1822 866 1921 enni,
893 1855 979 1909 bis
1020 1852 1207 1918 dictis,
1258 1822 1526 1922 subjicit:
1568 1870 1587 1905 ‹
1646 1851 1911 1910 Dominus
1947 1854 2082 1909 dedit

2194 1834 2269 1898 ὡς
2303 1834 2502 1887 σάκκον
2534 1834 2595 1886 τὸ
2627 1830 2964 1904 περιϐόλαιον
2986 1827 3168 1894 αὑτοῦ,
3205 1847 3225 1881 ι
3254 1827 3287 1899 ἡ
3317 1827 3456 1882 ότοῦ
3494 1828 3630 1882 Θεοῦ
3663 1831 3766 1882 Λό-

526 1946 659 2002 mibi
699 1945 940 2016 linguam
966 1944 1262 2009 eruditam,
1297 1954 1357 1997 ut
1395 1944 1565 1999 sciam
1615 1958 1899 2014 usquequo
1928 1934 2093 2015 op'or-

520 2046 633 2093 teat
660 2036 845 2092 dicere
871 2037 1096 2092 verbum
1119 2052 1133 2101 ;
1156 2055 1176 2091 ›
1211 2051 1516 2106 rursusque
1539 2037 1745 2106 reliqua
1767 2035 1973 2105 adjicit,
2011 2036 2096 2091 di-

523 2143 656 2184 cens
681 2145 694 2182 :
735 2147 754 2181 ι
782 2126 894 2199 Ego
911 2137 1098 2183 autem
1126 2143 1235 2184 non
1271 2134 1565 2183 contumax
1596 2143 1739 2191 sum.
1766 2143 1943 2197 neque
1959 2142 2094 2181 con-

521 2217 735 2274 tradico
769 2238 781 2273 :
815 2227 1029 2291 tergum
1060 2233 1240 2275 meum
1271 2219 1395 2274 dedi
1430 2220 1485 2274 in
1510 2218 1746 2291 ﬂagella,
1765 2227 1819 2274 et
1841 2220 2093 2275 maxillas

519 2324 671 2366 meas
714 2310 770 2365 in
800 2311 1009 2381 alapas,
1049 2330 1068 2363 ι
1102 2319 1158 2365 et
1190 2320 1387 2366 caetera
1407 2326 1583 2382 usque
1615 2310 1682 2365 ad
1722 2311 1860 2379 illaj:
1896 2329 1914 2361 ι
1944 2309 2094 2377 Quo—

522 2401 670 2455 niam
711 2401 870 2471 juxta
915 2402 1125 2471 estqui
1171 2401 1438 2472 iustiﬁcat
1491 2417 1599 2458 me.
1634 2420 1655 2455 ι
1693 2400 1893 2472 Reipsa
1940 2403 2088 2459 enim

521 2506 743 2561 passum
770 2491 945 2549 fuisse
988 2491 1228 2548 dicimus
1252 2490 1516 2558 Verbum,
1553 2493 2090 2563 compatientemque

515 2595 677 2650 quem
706 2584 951 2653 suscepit
972 2581 1270 2638 hominem.
1293 2580 1581 2639 Nescimus
1607 2583 1774 2654 igitur
1806 2577 1876 2639 an
1907 2584 2089 2655 aliqua

514 2675 691 2745 possit
727 2673 796 2730 de
825 2676 931 2731 bac
960 2674 1247 2747 prophetia
1295 2676 1439 2730 ratio
1477 2676 1595 2732 dari
1631 2678 1700 2731 ab
1730 2677 1799 2733 iis
1828 2679 1920 2749 qui
1974 2696 2086 2734 non

515 2766 810 2821 admittunt
837 2767 1131 2838 quamdam
1182 2783 1307 2824 esse
1365 2768 1663 2824 secundam
1720 2771 2085 2826 substantiam

513 2854 610 2912 Dei
639 2855 821 2922 Verbi,
855 2866 980 2929 post
1012 2860 1243 2929 primam
1262 2899 1279 2924 ,
1304 2866 1359 2915 et
1392 2859 1699 2917 increatum
1731 2859 1947 2917 Patrem
1968 2877 2087 2918 om-

510 2946 774 3018 niumque
800 2946 991 3005 Deum.
1011 2948 1124 3006 Nos
1150 2957 1331 3006 autem
1354 2959 1500 3006 recte
1525 2967 1848 3023 persuasum
1875 2953 2081 3009 haben.

508 3045 595 3092 tes
630 3038 778 3094 hunc
805 3054 929 3096 esse
957 3056 1147 3097 revera
1180 3040 1360 3102 ,Deum
1400 3040 1637 3098 Verbum
1678 3044 2079 3111 existimamus,

508 3130 601 3200 qui
629 3137 686 3185 et
707 3130 798 3185 hic
826 3130 970 3187 inter
990 3140 1188 3187 caetera
1212 3131 1382 3188 dicit:
1419 3152 1439 3185 ι
1466 3133 1694 3190 induam
1721 3136 1891 3193 cmlos
1919 3144 2074 3193 tene-
2107 3157 2150 3217 ο

507 3216 648 3280 bris,
679 3236 697 3269 ι
725 3218 1060 3289 subjicitque
1080 3236 1149 3277 ex
1178 3236 1415 3292 persona
1452 3238 1616 3294 quam
1663 3227 1962 3297 assumpsit
1980 3227 2081 3282 ho-

508 3308 697 3374 minis,
728 3327 747 3361 ι
781 3308 1047 3368 Dominus
1068 3311 1215 3368 dedit
1252 3314 1386 3368 mihi
1413 3315 1655 3388 linguam
1682 3303 1979 3384 eruditam,
2019 3325 2079 3373 ut

507 3400 680 3454 sciam
715 3416 1001 3472 usquequo
1031 3411 1280 3474 oporteat
1319 3406 1502 3463 dicere
1538 3408 1786 3463 verbum.
1829 3428 1849 3462 ι
1878 3409 2080 3475 Quem-

504 3505 633 3545 ηοω
662 3507 791 3547 vero
815 3494 984 3547 alium
1013 3495 1122 3549 nisi
1151 3494 1487 3551 Salvatorem
1520 3509 1770 3553 nostrum
1799 3500 2076 3556 hominem

503 3580 708 3636 factum
742 3584 960 3638 deceret
991 3584 1106 3640 haec
1138 3600 1354 3656 quoque
1382 3586 1565 3643 dicere
1595 3607 1609 3643 :
1651 3606 1671 3640 ι
1710 3590 1844 3657 Quis
1864 3599 2081 3647 contra-

504 3669 648 3725 dicet
694 3671 866 3724 mihi?
887 3682 1096 3727 stemus
1142 3674 1340 3736 simul:
1383 3695 1401 3728 ι
1438 3677 1522 3733 vel
1569 3677 1636 3734 de
1668 3695 1776 3751 quo
1810 3681 1924 3738 haec
1964 3684 2073 3739 dici

503 3768 747 3831 possent,
770 3763 837 3817 ab
862 3764 973 3818 illis
1004 3784 1017 3820 :
1045 3783 1070 3816 ι
1089 3765 1223 3833 Quis
1246 3783 1315 3823 ex
1346 3769 1499 3825 vobis
1523 3770 1723 3827 timens
1753 3772 2073 3833 Dominum?

501 3851 690 3904 audiat
723 3866 911 3907 vocem
960 3855 1104 3909 servi
1130 3855 1272 3926 ejus,
1309 3875 1329 3909 ι
1363 3858 1468 3913 nisi
1531 3860 1598 3916 de
1652 3862 1773 3917 solo
1829 3861 2071 3931 Christo,

500 3944 592 4012 qui
620 3943 777 4013 juxta
825 3944 1142 4017 Scripturas
1172 3949 1523 4020 ignominiam
1555 3953 1832 4026 despexit,
1880 3958 2072 4013 exina-

496 4034 659 4092 niens
684 4039 1059 4108 semetipsum,
1089 4048 1144 4096 et
1176 4057 1351 4115 usque
1388 4044 1457 4098 ad
1485 4043 1695 4117 ﬂagella
1724 4048 2068 4117 humiliatus,

496 4142 651 4192 cum,
665 4130 964 4185 secundum
996 4130 1063 4187 de
1086 4131 1206 4204 ipso
1226 4136 1562 4206 prepheliam
1588 4137 1916 4211 ﬂagellatum
1946 4159 2070 4199 eum

494 4217 705 4277 Pilatus
730 4222 961 4278 tradidit
992 4225 1458 4297 cruciligendum;
1488 4239 1618 4286 tunc
1640 4248 1856 4304 quoque
1884 4235 2070 4307 alapas

493 4324 551 4366 et
579 4322 741 4384 sputa
773 4316 1018 4386 pertulit,
1050 4333 1173 4373 cum
1202 4318 1274 4374 ad
1304 4320 1426 4391 ejus
1455 4322 1623 4377 verba
1653 4334 1834 4380 vestes
1859 4326 2064 4384 dilaceo

492 4416 624 4457 rans
661 4419 911 4461 summus
939 4407 1202 4464 sacerdos
1231 4423 1355 4464 eum
1388 4409 1856 4480 blasphemavisse
1882 4414 2066 4468 excla-

491 4495 681 4549 mavit.
714 4493 870 4550 Tunc
900 4497 1044 4550 enim
1099 4508 1434 4568 exspuerunt
1484 4501 1541 4554 in
1594 4500 1789 4556 faciem
1842 4503 1963 4573 ejus
2010 4511 2066 4559 et

2183 4492 2301 4545 Γὸτε
2330 4491 2386 4546 δὲ
2424 4492 2518 4545 καὶ
2552 4493 2869 4566 ῥαπίσματα
2908 4495 3001 4549 καὶ
3046 4498 3400 4569 ἑμπτυσμοὺς
3448 4499 3739 4571 ὑπέμενεν,
3832 4540 3845 4555 .

489 4584 904 4656 colaphizabant
939 4604 1064 4667 eu_m
1085 4605 1100 4653 ;
1122 4591 1217 4644 alii
1246 4606 1376 4646 vero
1408 4592 1595 4663 alapas
1623 4594 1672 4648 ei
1700 4594 2067 4667 impegerunt,

487 4673 772 4731 dicentes:
808 4696 828 4728 ι
860 4658 1183 4748 Ρισορῖιειὶτα
1214 4680 1395 4746 nobis,
1418 4658 1658 4749 Christe,
1687 4658 1812 4755 quis
1847 4658 1901 4741 te
1940 4658 2065 4755 per;

486 4768 701 4824 cussit?
732 4789 752 4822 ι
788 4767 1058 4826 Videntur
1087 4781 1268 4827 autem
1328 4775 1552 4844 capituli
1582 4775 1761 4846 hujus
1798 4777 1953 4831 initia
1991 4777 2060 4832 ad

482 4856 795 4914 Judaeorum
817 4874 1150 4933 synagogam
1167 4871 1435 4933 spectare.
1472 4883 1492 4917 ι
1538 4864 1681 4922 Ecce
1708 4868 1877 4932 enim,
1917 4886 1935 4920 ι
1962 4869 2056 4934 ait,

489 4961 759 5028 «peccatis
780 4964 979 5019 vestris
1004 4965 1212 5020 venditi
1225 4968 1381 5033 estis,
1396 4978 1449 5024 et
1466 4970 1847 5040 iniquitatibus
1867 4976 2064 5032 vestris

481 5049 643 5104 emisi
668 5061 899 5109 matrem
927 5063 1188 5111 vestram.
1225 5077 1244 5109 ι
1289 5057 1450 5114 Venit
1474 5062 1620 5115 enim
1660 5081 1677 5115 ι
1720 5064 1787 5118 ad
1822 5066 2061 5134 perditas

489 5172 622 5212 oves
649 5158 845 5217 domus
882 5161 1048 5219 Israel
1078 5166 1122 5229 ³,
1164 5184 1183 5216 ι
1224 5173 1277 5220 et
1306 5166 1518 5222 nullum
1550 5169 1754 5224 invenit
1783 5170 1929 5241 apud
1964 5187 2059 5229 eos

486 5258 784 5326 hominem.
815 5268 910 5323 sed
940 5277 997 5324 et
1026 5271 1235 5341 primos
1261 5272 1478 5341 quidem
1509 5289 1604 5329 eos
1650 5277 1863 5333 vocavit
1892 5296 1904 5331 :
1948 5295 2060 5334 non

481 5374 662 5421 autem
685 5381 803 5426 erat
835 5376 1071 5446 populus
1098 5378 1347 5434 audiens.
1375 5378 1501 5435 Ideo
1527 5380 1688 5435 dicit:
1711 5400 1728 5432 ι
1753 5382 1881 5437 Ideo
1906 5383 2052 5448 veni,

475 5482 531 5521 et
581 5487 690 5526 non
718 5487 837 5530 erat
890 5477 1073 5546 homo,
1123 5484 1443 5552 vocavique,
1473 5493 1526 5538 et
1575 5484 1758 5541 nullus
1808 5493 1926 5541 erat
1957 5488 2050 5557 qui

474 5580 709 5635 audiret.
745 5599 764 5631 ι
798 5583 1082 5640 Postrema
1134 5605 1264 5643 vero
1317 5590 1481 5660 hujus
1531 5592 1639 5647 loci
1689 5602 2051 5667 congruenter

543 5760 557 5788 ‘
587 5758 712 5815 Issi.
736 5777 787 5824 ι.,
828 5760 977 5816 ίοΗ.
1057 5765 1074 5793 ³
1097 5763 1285 5821 Matth.
1323 5784 1410 5836 xv,
1446 5770 1536 5825 2L

2200 1943 2324 1994 γος;
2357 1925 2527 1988 Αὐτὸς
2587 1924 2651 1996 δὴ
2695 1920 2809 1987 οὑν,
2852 1922 2922 1975 τὰ
2948 1919 3248 1992 τηλικαῦτα
3280 1918 3468 1986 εἰπὼν,
3514 1922 3769 1993 ἐπιφέρει

2193 2018 2398 2086 λέγων·
2432 2036 2450 2068 ι
2489 2014 2691 2088 Κύριός
2723 2031 2815 2086 μοι
2846 2012 3025 2067 δίδωσι
3077 2010 3327 2082 γλῶσσαν
3375 2012 3625 2075 παιδείας
3667 2012 3763 2066 τοῦ

2193 2111 2395 2179 γνῶναι
2453 2110 2616 2180 ἡνίκα
2657 2108 2739 2161 δεῖ
2765 2109 2938 2161 εἰπεῖν
2982 2104 3171 2177 λόγον·
3201 2123 3219 2155 ι
3245 2103 3340 2157 καὶ
3369 2100 3526 2168 αὖθις
3568 2104 3765 2174 ὲπάγει

2194 2202 2368 2275 [vati]
2414 2199 2483 2253 τὰ
2537 2198 2700 2255 λοιπά
2749 2198 3003 2269 φάσκων·
3056 2216 3074 2248 ι
3131 2194 3272 2265 Ἐγὼ
3302 2195 3360 2249 δὲ
3400 2195 3499 2249 οὑκ
3533 2196 3767 2261 ἀπειθῶ,

2190 2293 2312 2347 οὑδὲ
2343 2291 2607 2360 ἀντιλέγω
2628 2306 2643 2321 ·
2673 2290 2765 2344 τὸν
2797 2289 2965 2343 νῶτόν
2987 2306 3086 2360 μου
3109 2287 3328 2342 τέθεικα
3356 2290 3437 2351 εἰς
3468 2288 3761 2359 μάστιγας,

2192 2385 2290 2449 τὰς
2304 2385 2362 2439 δὲ
2396 2384 2646 2453 σιαγόνας
2674 2400 2772 2454 μου
2812 2384 2892 2446 είς
2926 2381 3265 2453 ῥαπίσματα,
3308 2399 3328 2430 ι
3368 2382 3463 2434 καὶ
3494 2380 3565 2435 τὰ
3604 2382 3766 2454 μέχρι

2190 2477 2305 2532 τοῦ·
2339 2496 2356 2528 ι
2391 2477 2514 2529 Ὅτι
2544 2474 2748 2544 ἐγγίζει
2783 2490 2873 2545 μοι
2916 2475 2945 2527 ὁ
3000 2470 3291 2535 δικαιώσας
3333 2488 3419 2541 με.
3462 2490 3482 2523 ι
3522 2472 3761 2544 Δυνάμει

2189 2571 2297 2642 γάρ
2330 2585 2411 2623 τοι
2442 2566 2763 2621 πεπονθέναι
2803 2564 2982 2636 φαμὲν
3012 2565 3103 2619 τὸν
3142 2564 3335 2633 Λόγον,
3371 2565 3761 2636 συμπάσχοντα

2187 2661 2246 2715 δὲ
2298 2661 2356 2714 ὃν
2406 2658 2692 2731 ἀνείληφεν
2747 2655 3016 2729 ἀνθρώπῳ
3060 2656 3122 2727 (Ῑ.
3154 2657 3223 2711 55
3254 2656 3354 2727 νο).
3391 2657 3507 2710 Οὑκ
3538 2657 3762 2729 οἴδαμεν

2189 2750 2282 2807 οὖν
2326 2754 2375 2805 εί
2423 2751 2534 2816 ἕξει
2568 2768 2653 2813 τις
2704 2748 2833 2821 περὶ
2874 2749 2973 2819 τῆς
3017 2748 3386 2821 προκειμένης
3426 2750 3765 2820 προφητείας

2186 2842 2475 2896 ἀποδοῦναι
2511 2841 2688 2909 λόγον,
2721 2841 2797 2912 μὴ
2839 2838 3193 2910 προσιέμενος
3219 2839 3280 2892 τὸ
3316 2834 3453 2892 εἷναί
3484 2857 3610 2894 τινα
3640 2842 3765 2896 δευ-

2184 2932 2350 3005 τέραν
2393 2931 2690 2986 ὑπόστασιν
2716 2929 2810 2984 τοῦ
2851 2928 2987 2983 Θεοῦ
3036 2931 3208 2999 Λόγου
3241 2931 3378 3003 μετά
3407 2931 3507 3003 τὴν
3535 2933 3763 3006 πρώτην

2186 3024 2279 3077 καὶ
2311 3023 2573 3095 ἀγένητον
2602 3021 2691 3077 τὸν
2735 3022 2951 3094 Πατέρα
2972 3021 3068 3076 καὶ
3106 3021 3235 3076 Θεὸν
3256 3021 3364 3075 τῶν
3391 3023 3528 3077 ὅλων
3552 3041 3567 3055 ·
3593 3028 3755 3097 ἡμεῖς

2184 3133 2248 3185 γε
2302 3116 2407 3188 μὴν
2445 3114 2620 3188 ὀρθῶς
2647 3112 3000 3185 πεπεισμένοι
3033 3112 3220 3174 τοῦτον
3253 3112 3517 3185 ὑπάρχειν
3555 3114 3759 3190 δηλαδὴ

2179 3209 2271 3264 τὸν
2302 3209 2433 3263 Θεὸν
2464 3209 2634 3277 Λόγον
2656 3206 2956 3279 ἡγοῦμεθα,
2984 3207 3073 3262 τὸν
3099 3207 3191 3261 καὶ
3221 3207 3449 3263 ἐνταῦθα
3480 3209 3747 3281 φάσκοντα

2182 3286 2320 3373 μὲτά
2352 3300 2459 3354 τῶν
2487 3299 2660 3354 ἄλλων
2685 3299 2778 3353 τό·
2808 3318 2827 3351 ι
2859 3298 3090 3353 Ἐνδὺσω
3119 3299 3210 3354 τὸν
3245 3301 3472 3374 οὐρανὸν
3504 3303 3747 3369 necom

2180 3396 2274 3449 καὶ
2306 3393 2638 3466 ἐπιφέροντα
2680 3393 2745 3446 ὲκ
2774 3390 3065 3464 προσώπου
3109 3384 3169 3445 οὗ
3208 3393 3494 3466 ἀνείληφεν
3540 3392 3755 3465 ἀνθρώ-

2178 3505 2281 3542 που
2300 3486 2362 3541 τό
2387 3504 2400 3518 ·
2440 3505 2459 3538 ι
2500 3485 2702 3557 Κύριος
2745 3483 2928 3538 δίδωσί
2961 3502 3050 3556 μοι
3077 3484 3327 3554 γλῶσσαν
3361 3486 3629 3551 παιδείας,
3657 3488 3761 3543 ’τοῇ

2176 3580 2378 3649 γνῶναι
2432 3577 2597 3648 ἡνίκα
2621 3576 2726 3629 ιδεῖ
2777 3577 2949 3629 εἰπεῖν
3003 3576 3179 3644 λόγον.
3216 3596 3235 3629 ι
3267 3577 3384 3631 Τίνι
3428 3578 3474 3631 δ’
3502 3579 3567 3633 ἂν
3608 3579 3761 3650 ἄλλῳ.

2177 3669 2329 3741 παρὰ
2360 3669 2451 3722 τὸν
2504 3666 2786 3739 ἄνθρωπον
2819 3666 2912 3721 τοῦ
2949 3668 3200 3739 Σωτῆρος
3235 3668 3393 3741 ἡμῶν
3428 3670 3626 3740 πρέποι
3659 3671 3756 3726 λέ-

2176 3778 2293 3830 γειν
2321 3761 2413 3814 καὶ
2440 3758 2519 3813 τό·
2550 3778 2569 3812 ι
2604 3759 2744 3823 Τίςό
2772 3758 3086 3830 κρινόμενός
3115 3776 3228 3831 μοι;
3258 3761 3562 3833 ἀντιστήτω
3588 3780 3698 3834 μοι.
3725 3784 3745 3816 ι

2179 3851 2252 3904 Ἢ
2276 3849 2405 3922 περὶ¹
2426 3851 2571 3913 τίνος
2598 3848 2792 3919 λέγοιτ’
2822 3849 2887 3904 ἂν
2916 3850 2984 3904 τὰ
3009 3851 3118 3904 ἀπὸ
3144 3851 3237 3904 τοῦ
3258 3868 3271 3882 ·
3302 3871 3321 3903 ι
3364 3853 3460 3917 Τίς
3488 3855 3547 3907 ἐν
3570 3855 3700 3927 ὑμῖν
3719 3858 3750 3911 ό

2175 3941 2338 4013 φοϐοὑ
2345 3959 2504 4013 μενος
2529 3941 2622 3995 τὸν
2656 3940 2857 4014 Κύριον
2885 3960 2900 4010 ;
2928 3943 3289 3998 ὑπακουσάτω
3318 3944 3420 4015 τῆς
3441 3947 3625 4016 φωνῆς
3648 3946 3746 4001 τοῦ

2174 4035 2360 4099 παιδὸς
2386 4032 2571 4098 αὑτοῦ,
2613 4053 2633 4085 ι
2666 4033 2700 4104 ἢ
2737 4035 2878 4109 περὶ.
2902 4035 3061 4106 μόνου
3086 4034 3180 4088 τοῦ
3201 4034 3459 4108 Χριστοῦ,
3484 4037 3576 4091 τοῦ
3603 4039 3751 4093 κατά

2172 4127 2269 4190 τὰς
2300 4124 2523 4198 Γραφάς
2547 4124 2807 4197 αἰσχύνης
2837 4128 3372 4199 καταφρονήσαντος,
3409 4130 3745 4197 κενώσαντός

2170 4235 2229 4270 τε
2267 4217 2457 4271 ἑαυτὸν
2504 4219 2599 4271 καὶ
2632 4217 2791 4290 μέχρι
2845 4218 3123 4289 μαστίγων
3150 4219 3583 4287 ταπεινώσαντος
3602 4262 3619 4285 ,
3653 4224 3743 4277 ὅτε

2171 4308 2311 4363 κατά
2338 4310 2436 4380 τὴν
2468 4309 2832 4380 προκειμένην
2874 4311 3002 4377 περὶ
3037 4310 3200 4365 αὑτοῦ
3239 4314 3570 4385 προφητείαν
3603 4333 3753 4386 φρας

2169 4401 2445 4469 γελλώσας
2483 4402 2645 4456 αὑτὸν
2682 4405 2711 4457 ὀ
2738 4403 2966 4467 Πιλᾶτος
2994 4404 3308 4476 παρέδωκεν
3335 4407 3739 4480 σταυρωθῆναις

2171 4585 2259 4638 ὅτε
2312 4585 2404 4638 ἐπὶ
2446 4588 2558 4650 τοῖς
2593 4585 2773 4655 λόγοις
2802 4586 2967 4641 αὑτοῦ
3005 4590 3470 4662 περιρρηξάμενος
3491 4594 3521 4646 ό
3551 4594 3739 4664 ἀρχιε-

2172 4678 2318 4748 ρεὺς,
2347 4678 2661 4749 ἀπεφήνατο
2703 4678 3216 4752 βεϐλασφημηκέναι
3256 4682 3447 4736 αὑτόν·
3475 4683 3600 4735 τότε
3631 4684 3741 4758 γάρ

2168 4769 2464 4823 ἐνέπτυσαν
2514 4773 2594 4834 είς
2634 4770 2696 4824 τὸ
2746 4772 3033 4843 πρόσωπον
3075 4773 3238 4827 αὑτοῦ
3282 4774 3379 4827 καί
3419 4774 3739 4844 ἐκολάφιζον

2167 4861 2346 4916 αὐτόν.
2404 4863 2466 4914 Oi
2515 4863 2572 4915 δὲ
2611 4862 2913 4935 ὲρῤάπισαν
2968 4866 3126 4920 αὑτὸν
3162 4865 3441 4936 λέγοντες·
3476 4887 3493 4919 ι
3524 4868 3738 4941 Προφή-

2165 4968 2354 5006 τευσον
2382 4956 2512 5026 ἡμῖν
2532 4995 2547 5018 ,
2572 4955 2794 5027 Χριστὲ,
2819 4954 2900 5020 τίς
2921 4958 3066 5010 ἐστιν
3085 4959 3113 5011 ὁ
3143 4958 3345 5023 παίσας
3367 4976 3462 5026 σε;
3492 4979 3512 5013 ι
3551 4960 3733 5015 Ἐοικε

2165 5043 2221 5097 δὲ
2253 5045 2320 5097 τὰ
2347 5046 2446 5115 μὲν
2474 5046 2615 5100 κατά
2654 5046 2751 5118 τὴν
2796 5048 2970 5121 ἀρχὴν
3003 5048 3094 5103 τοῦ
3131 5050 3425 5119 κεφαλαίου
3467 5053 3595 5124 περὶ
3633 5054 3735 5124 τῆς

2164 5135 2271 5188 τῶν
2312 5138 2576 5192 Ἰουδαίων
2640 5138 2893 5208 λέγεσθαι
2942 5143 3289 5213 συναγωγῆς·
3330 5162 3349 5195 ι
3390 5142 3522 5197 Ἰδοὺ
3545 5143 3676 5215 γὰρ,
3706 5163 3726 5197 ι

2165 5229 2319 5299 φησὶ,
2357 5247 2375 5280 ι
2405 5232 2526 5293 ταῖς
2573 5232 2866 5304 ἁμαρτίαις
2919 5234 3072 5305 ὑμῶν
3116 5233 3425 5306 ὲπράθητε·
3477 5234 3577 5289 καὶ
3612 5237 3734 5301 ταῖς

2162 5322 2414 5391 ἀνομίαις
2474 5323 2626 5393 ὑμῶν
2674 5324 3028 5388 ὲξαπέστειλα
3068 5325 3167 5397 τὴν
3218 5328 3428 5399 μητέρα
3479 5325 3656 5397 ὑμῶν.
3702 5345 3726 5380 ι

2157 5407 2331 5467 Ἦλθε
2381 5414 2490 5486 γὰρ
2543 5434 2561 5467 ι
2591 5416 2683 5470 ἐπὶ
2730 5416 2800 5472 τὰ
2851 5417 3097 5488 πρόϐατα
3132 5419 3197 5473 τὰ
3230 5419 3545 5474 ἀπολωλότα
3575 5419 3730 5473 οἴκου

2171 5506 2564 5578 Ἰσραὴλμκαὶ
2611 5510 2708 5579 οὑχ
2756 5503 2883 5582 εὗρέ
2914 5527 3034 5563 τινα
3075 5513 3132 5564 ἐν
3190 5510 3370 5574 αὐτοῖς
3417 5510 3726 5583 ἄνθρωπον,

2156 5597 2293 5653 ἀλλὰ
2325 5599 2417 5654 καὶ
2443 5599 2688 5671 πρώτους
2723 5602 2822 5671 μὲν
2853 5603 3046 5666 αὐτοὺς
3081 5603 3362 5659 ἐκάλεσεν·
3392 5605 3492 5659 οὑκ
3525 5600 3593 5677 ῆν
3615 5604 3661 5658 δ’
3690 5605 3724 5658 ὁ
