4096 6412
315 385 467 442 I24!-

1332 379 1626 437 ECLOGIE
1662 380 2142 439 PROPHETICJE.
2182 411 2253 422 ——
2291 381 2419 439 LIB.
2459 381 2549 438 IV.

3429 386 3571 442 I262

314 502 441 565 λαὸς
489 500 801 556 ὑπακούων.
860 500 936 554 Δι’
967 501 996 555 6
1029 517 1180 571 φησι·
1224 519 1243 553 ι
1281 501 1426 555 Διάτι
1456 497 1642 574 ἦλθον,
1676 503 1772 557 καὶ
1792 503 1886 557 οὐκ

1994 512 2119 573 post
2155 503 2386 559 istorum
2439 503 2882 573 reprobationem
2932 505 3174 576 gentium
3224 504 3570 561 vocationem

312 588 383 665 ἦν
408 592 721 664 ἄνθρωπος’
748 591 980 646 ἐκάλεσα
1007 593 1102 646 καὶ
1133 593 1231 646 οὐκ
1261 588 1329 664 ἦν
1361 595 1390 646 6
1421 593 1730 649 ὐπακούων.
1767 614 1786 646 ι
1813 596 1894 650 Τά

312 686 357 739 δ’
377 686 470 739 ἐπὶ
497 684 638 739 τέλει
674 684 775 754 τῆς
809 685 1111 756 περικοπῆς
1134 684 1441 750 ἀκολούθως
1458 686 1598 757 μετά
1623 686 1723 760 τὴν
1755 689 1896 744 ὲκεί-

313 795 422 833 νων
449 778 721 848 ἀποϐολὴν
752 778 846 832 ἐπὶ
875 778 975 847 τὴν
1009 777 1069 843 ἐξ
1096 776 1264 831 ἐθνῶν
1304 778 1634 850 ἀναφέρεται
1667 781 1892 851 κλῆσιν.

314 869 423 925 ἀπὸ
448 869 566 932 τοῦ,
590 889 609 922 ι
633 870 729 934 Τίς
753 873 811 925 ἐν
835 872 964 939 ὐμίν
989 872 1017 923 6
1040 869 1372 940 φοϐούμενος
1392 870 1484 924 τὸν
1505 871 1742 941 Κύριον;
1797 874 1897 927 ὐπ‹

312 962 601 1016 ακουσάτω
626 961 728 1031 τῆς
751 963 934 1031 φωνῆς
959 961 1053 1016 τοῦ
1079 961 1265 1025 παιδὸς
1299 962 1485 1015 αὐτοῦ.
1518 981 1536 1015 ι
1570 964 1760 1034 Ἡμεῖς
1785 964 1895 1036 γὰρ

311 1052 528 1125 ἀληθῶς
547 1050 690 1126 ἦμεν
717 1073 736 1105 ι
769 1055 819 1108 οἱ
866 1055 1221 1126 πορευόμενοι
1266 1056 1325 1108 ἐν
1362 1054 1571 1109 σκότει·
1615 1074 1633 1107 ι
1672 1057 1766 1111 καὶ
1794 1058 1894 1112 οὐκ

310 1138 380 1215 ἦν
410 1144 542 1214 ημῖν
574 1144 683 1215 πρὸ
708 1145 805 1212 τῆς
824 1145 1125 1215 παρουσίας
1164 1128 1258 1198 τοῦ
1293 1145 1545 1216 Σωτῆρος
1573 1145 1728 1216 ἡμῶν
1752 1147 1887 1214 φῶς·

311 1233 447 1288 ἀλλά
473 1233 569 1288 νῦν
600 1233 689 1288 διὰ
717 1234 816 1306 τήν
841 1233 934 1288 τοῦ
964 1234 1100 1288 Θεοῦ
1128 1235 1288 1306 χάριν
1328 1232 1667 1303 πεποίθαμεν
1700 1236 1792 1288 ἐπὶ
1813 1234 1894 1306 τῷ

310 1327 535 1398 ὀνόματι
560 1325 789 1398 Κυρίου,
832 1328 927 1381 καὶ
976 1326 1447 1399 ἐπιστηριζόμεθα
1502 1328 1596 1383 ἐπὶ
1623 1327 1702 1398 τῷ
1739 1328 1886 1399 Θεῷ’

308 1420 422 1481 τοῖς
450 1417 507 1471 δὲ
533 1417 607 1489 μὴ
638 1417 992 1471 πιστεύσασιν
1022 1418 1104 1482 είς
1121 1417 1213 1471 τὸν
1242 1417 1498 1489 Χριστὸν,
1520 1412 1602 1480 οἷς
1626 1419 1719 1471 καὶ
1751 1418 1893 1472 ἅνω·-

309 1508 452 1581 τέρω
512 1510 697 1581 εἴρητο
732 1510 813 1564 τά
857 1530 876 1562 ι
925 1510 1055 1564 ’1δού
1097 1510 1297 1574 πάντες
1341 1511 1500 1580 ὑμεῖς
1549 1510 1625 1573 ὡς
1675 1510 1891 1581 ἱμάτιον

310 1599 778 1671 παλαιωθήσεσθε,
796 1601 890 1657 καὶ
914 1600 989 1664 ὡς
1013 1599 1111 1673 σὴς
1131 1601 1362 1669 φάγεται
1393 1601 1537 1672 ὑμᾶς
1560 1640 1574 1663 ,
1600 1619 1618 1650 ι
1641 1600 1890 1672 ἐπιφέρει

308 1692 513 1761 ὁλόγος
552 1691 777 1762 φάσκων
798 1710 812 1723 ⁸
856 1712 876 1745 ι
929 1692 1060 1747 Ἰδοὺ
1094 1694 1295 1757 πάντες
1322 1693 1481 1764 ὑμεῖς
1502 1694 1579 1758 ὡς
1622 1691 1735 1765 πῦρ
1767 1694 1861 1748 καί
1873 1724 1890 1735 -

308 1802 418 1849 ετε,
449 1804 469 1837 ι
512 1786 606 1840 καὶ⁵
637 1784 705 1840 τὰ
747 1784 904 1856 ἑξῆς·
931 1786 989 1838 ἐν
1022 1778 1103 1849 οἷς
1143 1784 1331 1855 σαφῶς
1369 1784 1466 1839 καὶ
1510 1784 1591 1838 τό·
1627 1804 1646 1838 ι
1684 1784 1764 1838 Δι’
1786 1784 1887 1856 ἐμὲ

1997 596 2233 650 innuunt
2257 614 2270 626 ·
2310 614 2329 647 ι
2366 595 2502 663 Quis
2555 612 2622 652 ex
2655 596 2812 653 vobis
2854 597 3056 653 timens
3102 596 3439 653 Dominum?
3473 614 3539 652 au

1998 688 2113 744 diat
2165 702 2350 743 vocem
2407 686 2552 743 servi
2599 688 2706 743 sui.
2763 707 2782 740 ι
2829 686 2941 744 Nos
2983 688 3128 743 enim
3184 702 3312 743 vere
3350 702 3571 745 eramus

2000 797 2020 831 ι
2056 778 2402 833 ambulantes
2431 780 2486 833 in
2519 778 2799 846 tenebris;
2834 798 2856 831 ι
2888 795 3066 850 neque
3119 789 3239 835 erat
3286 781 3447 837 nobis
3489 781 3574 835 lu-

1994 885 2121 925 men
2153 878 2281 924 ante
2321 868 2625 924 Salvatoris
2674 870 2849 924 nostri
2899 870 3235 938 adventum;
3272 870 3368 927 sed
3422 887 3573 927 nunc

1995 960 2089 1017 Dei
2123 962 2297 1032 gratia
2345 959 2685 1016 credidimus
2736 961 2793 1015 in
2836 963 3060 1019 nomine
3088 961 3327 1026 Domini,
3352 970 3408 1018 et
3459 960 3575 1018 Deo

1994 1056 2359 1111 adhaeremus.
2413 1052 2538 1109 Istis
2568 1068 2700 1109 vero
2736 1054 2832 1125 qui
2862 1070 2970 1110 non
2999 1056 3055 1110 in
3085 1056 3364 1111 Christum
3388 1054 3572 1111 credi-

1992 1146 2213 1207 derunt,
2243 1144 2447 1215 quibus
2478 1151 2532 1199 et
2553 1142 2811 1213 superius
2831 1144 3038 1200 dictum
3068 1152 3153 1199 est
3180 1161 3194 1196 :
3224 1162 3242 1195 ‹
3286 1142 3428 1199 Ecce
3454 1157 3577 1199 om-

1994 1254 2094 1293 nes
2125 1252 2219 1293 vos
2268 1237 2426 1307 quasi
2458 1237 2846 1301 vestimentum
2896 1236 3184 1292 inveterati
3205 1236 3383 1301 eritis,
3414 1243 3470 1292 et
3500 1236 3574 1290 ti-

1992 1345 2093 1385 nea
2132 1329 2382 1384 comedet
2421 1344 2542 1392 vos,
2587 1348 2605 1377 ι
2642 1328 2832 1396 adjicit
2880 1344 3061 1383 sermo
3109 1327 3345 1383 dicens:
3376 1346 3396 1380 ι
3429 1326 3575 1383 Ecce

1992 1435 2182 1474 omnes
2216 1435 2313 1475 vos
2345 1419 2523 1490 ignem
2556 1417 2870 1483 incenditis,
2899 1441 2918 1471 ι
2955 1425 3011 1473 et
3037 1418 3266 1488 reliqua.
3289 1416 3347 1472 In
3374 1417 3579 1488 quibus

1992 1509 2284 1565 manifeste
2311 1519 2369 1565 et
2400 1510 2598 1565 illudzc
2626 1510 2856 1580 Propter
2889 1525 2975 1565 me
3008 1508 3150 1563 facta
3182 1517 3311 1564 sunt
3333 1509 3449 1565 haec
3473 1523 3573 1563 vo-

1992 1602 2099 1663 bis,
2145 1621 2163 1653 ι
2195 1600 2263 1657 de
2303 1617 2540 1672 persona
2584 1602 2793 1658 dicitur
2823 1600 3031 1656 Christi
3081 1601 3429 1671 objurgantis
3452 1615 3574 1665 eos,

1991 1694 2489 1764 exprobrantisque
2531 1693 2732 1749 factam
2766 1696 2822 1749 in
2857 1694 3097 1765 seipsum
3133 1692 3447 1750 Iudaeorum
3477 1707 3576 1765 po.

1994 1788 2106 1856 puli
2134 1788 2666 1857 praevaricationem.

307 1878 523 1944 ἐγένετο
542 1876 716 1931 ταῦτα
744 1879 891 1949 ὑμῖν,
917 1879 1018 1932 »ἐκ
1043 1875 1334 1949 προσώπου
1358 1876 1607 1931 λέλεκται
1633 1876 1726 1931 τοῦ
1766 1878 2014 1949 ¹Χριστοῦ
2075 1880 2495 1946 ἐπονειδίξοντος
2535 1881 2721 1945 αὐτοῖς
2756 1880 2850 1935 καὶ
2907 1879 3299 1951 ἀπελέγχοντος
3353 1879 3450 1951 τὴν
3495 1880 3578 1942 είς

307 1970 469 2025 αὐτὸν
531 1972 912 2042 γεγενημένην
977 1971 1071 2026 τοῦ
1144 1971 1408 2026 Ἰουδαίων
1465 1971 1595 2026 λαοῦ
1649 1974 2013 2045 παρανομίαν.

806 2065 1199 2120 ΚΕΦΑΛΑΙΟΝ
1232 2066 1395 2136 aqua

382 2203 399 2234 ι
441 2183 580 2237 Τάδε
607 2181 753 2251 λέγει
782 2180 985 2253 Κύριος
1002 2199 1016 2212 ·
1040 2183 1163 2235 Δι⁹ὐ
1173 2184 1277 2254 μᾶς
1292 2182 1379 2236 διὰ
1404 2183 1605 2247 παντὸς
1629 2183 1692 2237 τὸ
1722 2183 1894 2255 ὄνομά

310 2292 412 2346 μου
449 2275 847 2345 βλασφημεῖται
875 2276 932 2327 ἐν
955 2276 1070 2338 τοῖς
1096 2273 1294 2328 ἔθνεσι·
1320 2274 1409 2329 διά
1437 2274 1596 2328 τοῦτο
1624 2274 1890 2344 γνώσεται

302 2372 333 2422 6
367 2367 497 2431 λαός
552 2385 653 2438 μου
706 2367 767 2420 τὸ
794 2366 964 2437 ὄνομά
996 2384 1096 2437 μου
1120 2384 1133 2397 ·
1195 2367 1284 2421 διὰ
1322 2367 1479 2421 τοῦτο
1526 2369 1586 2422 ἐν
1612 2371 1678 2439 τῇ
1707 2369 1893 2442 ήμέρα

304 2462 514 2533 ἐκείνῃ,
553 2463 635 2515 ὃτι
664 2460 774 2530 ἐγώ
805 2462 921 2532 εἰμι
945 2461 1105 2525 αὐτὸς
1136 2463 1164 2515 6
1192 2462 1391 2527 λαλῶν,
1418 2464 1648 2535 πάρειμι
1670 2465 1746 2528 ὡς
1772 2464 1892 2538 ὥρα

304 2554 397 2607 ἐπὶ
421 2553 530 2606 τῶν
549 2553 742 2624 ὀρέων,
773 2552 850 2618 ὡς
879 2553 1039 2619 πόδες
1088 2554 1572 2631 εὐαγγελιζομένου
1607 2556 1777 2627 ἀκοὴν
1810 2558 1889 2609 εί-

305 2644 495 2717 ρήνης,
555 2645 630 2708 ὼς
690 2645 1173 2717 εὐαγγελιζόμενος
1224 2645 1404 2715 ἀγαθά
1432 2688 1447 2711 ,
1484 2647 1566 2701 ὅτι
1617 2647 1890 2719 ἀκουστὴν

302 2739 513 2809 ποιήσω
534 2738 633 2809 τὴν
663 2737 936 2808 σωτηρίαν
983 2754 1096 2801 σου,
1129 2737 1305 2805 λέγων
1332 2754 1347 2769 ·
1385 2738 1545 2804 Σιὼν,
1579 2738 1889 2810 βασιλεύσει

304 2848 399 2884 σου
424 2832 453 2883 6
474 2830 625 2895 Θεός.
665 2849 684 2882 ι
719 2830 830 2883 Καὶ
859 2829 1000 2900 αὐτη
1044 2831 1137 2885 ἐπ)⁸
1164 2829 1255 2883 τὸν
1279 2831 1507 2903 Σωτῆρα
1544 2831 1890 2901 εὐλογώτατα

301 2923 532 2995 ἁρμόζοι
567 2925 635 2977 ἂν
677 2926 710 2994 ή
764 2924 1070 2996 προφητεία
1090 2964 1105 2987 ,
1143 2924 1234 2976 ἐπὶ
1266 2924 1365 2995 τῆς
1397 2925 1692 2997 ἐπιδημίας
1720 2926 1885 2981 αὐτοῦ

303 3014 680 3087 πληρωθέντος
718 3016 833 3069 τοῦ·
870 3035 889 3068 ι
934 3017 1054 3070 Ὅτι
1078 3016 1187 3086 ἐγώ
1227 3015 1291 3085 (Ῑ.
1347 3017 1435 3083 56)
1482 3019 1619 3088 εἰμι,
1662 3017 1824 3083 αὐτὸς
1860 3022 1891 3072 ὀ

300 3107 478 3160 λαλῶν
502 3108 751 3180 πάρειμι.
786 3129 805 3160 ι
838 3107 928 3179 Τῷ
965 3107 1066 3179 μὲν
1092 3102 1184 3162 οὖν
1207 3109 1456 3182 προτέρῳ
1479 3109 1591 3181 λαῷ
1614 3111 1694 3172 είς
1719 3112 1889 3182 πρόσ-

300 3216 449 3252 ωπον
506 3198 719 3272 εἴρηται
774 3199 844 3253 τὰ
881 3201 989 3254 ἀπὸ
1010 3198 1128 3253 τοῦο
1175 3219 1193 3251 ι
1220 3203 1295 3254 Δι’
1318 3202 1463 3272 ὑμᾶς
1498 3201 1584 3255 διὰ
1606 3203 1807 3265 παντὸς
1827 3203 1889 3257 τὸ

298 3290 473 3361 δνομά
505 3307 604 3361 μου
641 3289 1040 3363 βλασφημεῖται
1075 3293 1133 3345 ἐν
1159 3295 1271 3357 τοῖς
1305 3292 1479 3346 ἔθνεσι
1500 3310 1513 3325 ο
1549 3312 1568 3345 ι
1603 3293 1671 3347 τὰ
1708 3293 1753 3346 δ’
1780 3294 1890 3347 ἀπὸ

2522 2070 2753 2128 CAPUT
2822 2070 3017 2128 XXVI.

2069 2203 2090 2236 ι
2164 2184 2290 2240 llzcc
2343 2184 2477 2241 dicit
2527 2182 2797 2239 Dominus
2851 2182 3161 2254 :‘Propter
3206 2198 3304 2238 vos
3374 2197 3576 2239 nomen

1997 2292 2177 2331 meum
2212 2276 2629 2347 blasphematur
2658 2274 2714 2329 in
2734 2274 2988 2347 gentibus
3015 2293 3027 2328 :
3050 2273 3259 2328 idcirco
3284 2283 3578 2343 cognoscet

1995 2367 2231 2437 populus
2286 2382 2440 2422 meus
2484 2381 2685 2422 nomen
2734 2381 2914 2420 meum
2944 2383 2959 2433 ;
2990 2364 3197 2420 idcirco
3240 2366 3296 2420 in
3342 2365 3432 2420 die
3461 2364 3573 2431 illa,

1993 2457 2139 2527 quod
2170 2472 2271 2527 ego
2306 2473 2448 2524 sum,
2481 2456 2600 2527 ipse
2644 2457 2738 2527 qui
2771 2456 2986 2526 loquor,
3023 2456 3219 2511 adsum
3277 2464 3335 2511 ut
3369 2455 3576 2511 formo-

1994 2550 2131 2605 sitas
2167 2550 2222 2603 in
2252 2548 2553 2616 montibus,
2579 2558 2639 2603 ut
2666 2549 2833 2620 pedes
2853 2548 3287 2620 evangelizantis
3320 2548 3570 2604 auditum

1992 2641 2165 2712 pacis,
2190 2650 2251 2696 ut
2271 2642 2364 2712 qui
2381 2642 2603 2696 nuntiat
2629 2642 2794 2706 bona,
2828 2642 3088 2712 quoniam
3106 2640 3343 2695 auditam
3378 2640 3574 2694 faciam

1994 2736 2225 2789 salutem
2265 2744 2432 2800 tuam,
2466 2734 2659 2790 dicens
2690 2753 2706 2789 :
2737 2733 2893 2797 Sion,
2919 2750 3016 2789 rex
3050 2741 3179 2789 tuus
3203 2733 3309 2789 erit
3334 2732 3570 2789 Deus'.»

1992 2827 2118 2883 Haec
2140 2843 2359 2899 quoque
2391 2828 2677 2898 aptissime
2710 2827 2778 2883 ad
2815 2826 3154 2882 Salvatorem
3180 2825 3416 2882 refertur
3448 2837 3577 2890 pro-

1991 2921 2195 2991 phetia,
2222 2920 2383 2991 cujus
2408 2935 2506 2990 per
2524 2919 2960 2975 incarnationem
2994 2918 3275 2989 impletum
3294 2926 3378 2975 est
3401 2914 3572 2972 illud:

1999 3032 2018 3065 ι
2054 3011 2166 3084 Ego
2195 3027 2340 3076 sum,
2375 3013 2494 3081 ipse
2536 3011 2629 3081 qui
2664 3010 2862 3080 loquor
2887 3008 3103 3063 adsum.
3142 3028 3160 3059 ι
3191 3005 3370 3062 Priori
3408 3007 3577 3079 igitur

1989 3104 2192 3175 papulo
2216 3119 2315 3175 per
2350 3102 2576 3174 figuram
2609 3102 2814 3157 dicitur
2856 3119 2870 3155 :
2910 3119 2929 3153 ι
2961 3100 3195 3171 Pr0pter
3226 3116 3326 3155 vos
3374 3116 3575 3156 nomen

1990 3211 2171 3252 meum
2202 3196 2617 3266 blasphematur
2652 3195 2707 3249 in
2746 3193 3021 3265 gentibus,
3062 3212 3081 3245 ›
3120 3201 3173 3248 et
3194 3200 3413 3249 caetera.
3446 3188 3575 3249 Haec

1989 3305 2121 3346 vero
2151 3308 2164 3343 :
2198 3307 2216 3340 ι
2251 3288 2379 3344 ideo
2413 3297 2707 3359 cognoscet
2732 3287 2965 3359 populus
2989 3302 3143 3342 meus
3168 3301 3368 3341 nomen
3392 3301 3576 3341 meum

299 3385 417 3441 τσῦ*
464 3404 483 3436 ι
515 3385 611 3439 Διά
631 3384 787 3439 τοῦτο
818 3385 1085 3455 γνώσεται
1108 3386 1281 3450 ὁλαός
1299 3403 1400 3457 μου
1428 3386 1487 3440 τὸ
1512 3385 1683 3457 δνομά
1699 3403 1800 3458 μου
1828 3388 1886 3440 ἐν

1993 3380 2049 3435 in
2075 3380 2163 3436 die
2192 3380 2308 3443 illa,
2350 3398 2368 3431 ι
2398 3380 2465 3434 de
2503 3379 2758 3451 gentibus
2806 3393 2929 3448 quae
2977 3378 3034 3432 in
3059 3393 3182 3432 eum
3222 3374 3577 3432 crediderunt

299 3478 366 3548 τῇ
391 3476 572 3548 ἡμέρᾳ
598 3476 801 3547 ἐκείνῃ,
842 3495 860 3528 ι
889 3480 1058 3531 νοοῖτο
1093 3479 1157 3533 ἃν
1190 3480 1318 3551 περὶ
1357 3480 1464 3534 τῶν
1492 3483 1569 3545 είς
1597 3482 1757 3535 αὐτὸν
1788 3499 1885 3536 πε-

300 3568 669 3622 πιστευκότων
725 3568 911 3621 ἐθνῶν.
951 3570 1126 3633 Αὐτὸς
1149 3566 1241 3624 οῦν
1270 3574 1417 3625 ἐστιν
1442 3575 1471 3625 6
1500 3574 1597 3628 καὶ
1617 3574 1883 3646 πρότερον

301 3660 377 3729 πὴ
407 3660 503 3729 μὲν
529 3659 596 3711 δι’
629 3659 894 3728 ἀγγέλων,
926 3660 1003 3732 πὴ
1023 3660 1078 3714 δὲ
1105 3662 1198 3715 καὶ
1230 3661 1316 3716 διὰ
1346 3664 1641 3735 προφητῶν
1672 3665 1881 3735 ἀνθρὼ-

300 3768 425 3815 ποις
445 3752 736 3823 ὁμιλήσας·
771 3753 865 3805 καὶ
899 3753 1083 3825 μέντοι
1118 3754 1356 3820 ἐκείνους
1389 3756 1462 3827 (l)
1498 3753 1652 3820 αὖθις
1695 3775 1881 3828 παρα-

301 3844 614 3911 γενόμενος,
635 3844 727 3896 καὶ
744 3844 811 3898 δι’
826 3844 1017 3899 ἐαυτοῦ
1040 3846 1139 3917 τὴν
1162 3847 1437 3919 σωτηρίαν
1463 3850 1598 3902 πᾶσι
1613 3849 1877 3921 κηρύξας,

298 3935 482 3987 ὁποῖον
502 3931 617 4003 ἔχει
646 3931 770 3987 νοῦν
800 3936 827 3986 6
856 3933 1159 4006 φιλομαθὴς
1183 3937 1484 4009 ἐρευνήσας
1511 3937 1734 3994 εἵσεται.

804 4026 1201 4081 ΚΕΦΑΛΑΙΟΝ
1242 4031 1365 4083 ΚΖ’.

373 4135 395 4169 r
440 4119 550 4171 Καὶ
578 4117 914 4190 ἀποκαλύψει
953 4120 1158 4193 Κύριος
1202 4122 1294 4176 τὸν
1322 4121 1580 4196 βραχίονα
1603 4123 1694 4178 τὸν
1727 4124 1881 4194 ἅγιον

295 4208 465 4262 αὐτοῦ
494 4209 721 4263 ἐνώπιον
746 4212 962 4266 πάντων
988 4212 1093 4267 τῶν
1117 4212 1307 4278 ἐθνῶν,
1339 4217 1434 4269 καὶ
1460 4216 1680 4286 ὄψονται
1705 4217 1881 4271 πάντα

298 4301 367 4355 τὰ
408 4301 534 4373 ἐθνη
576 4302 647 4356 τὰ
675 4303 819 4375 ἄκρα
844 4304 946 4375 τῆς
986 4306 1092 4375 γῆς
1147 4307 1246 4378 τὴν
1295 4309 1567 4380 σωτηρίαν
1600 4310 1696 4381 τὴν
1731 4310 1883 4383 παρά

299 4394 393 4448 τοῦ
438 4395 593 4449 Θεοῦ.
631 4396 958 4468 Ἀπόστητε,
1010 4398 1305 4469 ἀπόστητε,
1351 4397 1592 4463 ἐξέλθετε
1650 4401 1878 4466 ἐκεῖθεν,

300 4487 395 4543 καὶ
424 4488 736 4559 ἀκαθάρτου
762 4489 836 4560 μὴ
870 4488 1105 4560 ἆψησθε·
1132 4487 1374 4554 ὲξέλθετε
1402 4491 1466 4544 ἐκ
1493 4490 1659 4561 μέσου
1689 4494 1877 4564 αὐτῆς,

298 4581 392 4634 καὶ
414 4580 769 4653 ἀφορίσθητε,
803 4583 852 4635 οἱ
891 4582 1147 4653 φέροντες
1198 4582 1266 4635 τά
1312 4582 1477 4655 σκεύη
1532 4585 1767 4656 Κυρίου·
1798 4586 1880 4639 ὅτι

296 4672 358 4725 οὐ
397 4673 531 4743 μετά
567 4673 814 4745 ταραχῆς
846 4673 1212 4739 ἐξελεύσεσθε,
1264 4674 1386 4728 οὐδέ
1425 4679 1567 4748 φυγῇ
1615 4676 1879 4746 πορεύσε-

1914 3429 1961 3483 C

1990 3482 2225 3543 possunt
2271 3471 2518 3541 intelligi.
2553 3469 2675 3541 Ipse
2727 3470 2892 3542 igitur
2924 3477 3009 3525 est
3036 3469 3130 3541 qui
3164 3469 3318 3541 prius
3353 3467 3571 3540 quidem

1990 3580 2087 3635 per
2114 3564 2357 3635 angelos,
2392 3562 2589 3618 deinde
2620 3578 2719 3633 per
2764 3562 3057 3634 prophetas
3091 3577 3215 3617 cum
3261 3561 3578 3616 hominibus

1993 3666 2357 3713 conversatus
2386 3663 2492 3712 est.
2538 3659 2717 3726 Atque
2748 3665 2871 3727 post
2910 3655 3036 3711 illos
3074 3670 3271 3710 rursus
3308 3668 3572 3726 superve-

1988 3750 2169 3813 niens,
2204 3764 2303 3820 per
2331 3763 2389 3803 se
2418 3749 2593 3819 ipsum
2640 3749 2871 3804 salutem
2916 3747 3173 3801 omnibus
3203 3745 3571 3800 annuntiavit.

1992 3844 2238 3909 Quorum
2273 3857 2499 3897 sensum
2542 3840 2824 3896 studiosus
2858 3839 3145 3911 indagator
3181 3837 3439 3909 perfacile
3472 3852 3573 3893 no—

1986 3934 2146 3989 verit.

2532 4022 2764 4079 CAPUT
2804 4021 3019 4079 XXVII.

2068 4136 2087 4170 ‹
2122 4117 2191 4171 Et
2222 4116 2486 4173 revelabit
2516 4115 2781 4170 Dominus
2810 4114 3097 4169 brachium
3130 4121 3378 4169 sanctum
3410 4129 3572 4169 suum

1987 4214 2044 4268 in
2088 4220 2388 4284 conspectu
2417 4209 2661 4263 omnium
2697 4208 2962 4277 gentium,
3004 4214 3059 4261 et
3092 4205 3356 4261 videbunt
3389 4204 3573 4259 omnia

1986 4319 2236 4365 extrema
2267 4316 2427 4360 terra:
2455 4303 2685 4357 salutem
2733 4316 2763 4354 a
2794 4298 2905 4355 Deo
2937 4307 3148 4356 nostro.
3180 4296 3457 4362 Recedite,
3481 4313 3573 4353 re-

1986 4399 2188 4463 cedite,
2219 4397 2363 4453 exite
2393 4396 2544 4457 inde,
2579 4393 2847 4464 pollutum
2867 4391 3037 4446 nolite
3059 4398 3301 4461 tangere.
3323 4388 3478 4444 Exite
3506 4386 3572 4443 de

1987 4493 2169 4548 medio
2200 4491 2341 4562 ejus,
2406 4487 2744 4543 mundamini
2782 4485 2876 4556 qui
2932 4483 3088 4540 fertis
3146 4499 3276 4538 vasa
3327 4480 3567 4538 Domini.

1987 4584 2258 4651 Quoniam
2289 4596 2398 4636 non
2433 4579 2487 4634 in
2520 4578 2757 4632 tumultu
2790 4575 3039 4637 exibilis,
3070 4587 3173 4628 nec
3202 4572 3256 4628 in
3290 4571 3415 4644 fuga
3452 4586 3573 4641 pro-

1987 4676 2251 4748 perabitis
2284 4694 2297 4730 :
2332 4672 2604 4745 praecedet
2635 4670 2779 4725 enim
2812 4685 2911 4724 vos
2943 4666 3229 4748 Dominus,
3257 4672 3311 4720 et
3340 4678 3571 4734 congre-

300 4741 422 4816 cOsV'
466 4741 793 4835 πορεύσεται
836 4764 945 4837 γὰρ
993 4766 1257 4837 πρότερος
1294 4741 1448 4838 ὐμῶν
1476 4741 1700 4839 Κύριος,
1736 4770 1829 4824 καὶ
1854 4772 1882 4823 6

1991 4741 2143 4844 galiit
2169 4784 2267 4824 vos
2294 4766 2439 4824 Deus
2473 4763 2665 4821 Israel.
2697 4764 2835 4818 licCe
2871 4741 3138 4832 intelliget
3173 4776 3363 4817 servus
3392 4773 3569 4825 meus,

302 4857 549 4926 συνάγων
595 4858 739 4929 ὑμᾶς
780 4858 913 4921 Θεὸς
948 4859 1185 4930 Ἰσραήλ.
1236 4860 1367 4914 ’1δού
1422 4863 1641 4934 συνήσει
1690 4864 1718 4916 6
1756 4866 1882 4927 παῖς

302 4966 428 5020 μου,
459 4950 552 5004 καὶ
578 4949 946 5022 ὑψωθήσεται,
978 4952 1072 5004 καὶ
1112 4952 1607 5026 μετεωρισθήσεται
1643 4956 1879 5027 σφόδραο

297 5040 358 5094 ὃν
395 5042 596 5114 τρόπον
628 5044 983 5114 ἐκστήσονται
1018 5045 1111 5097 ἐπὶ
1138 5044 1221 5097 σοί
1246 5043 1451 5110 πολλοὶ,
1480 5047 1653 5113 οὕτως
1693 5048 1884 5122 ἀδοξή-

301 5150 385 5187 σει
414 5133 523 5188 ἀπὸ
552 5133 854 5206 ἀνθρώπων
879 5134 940 5188 τὸ
975 5131 1114 5200 εἶδός
1152 5152 1267 5201 σου,
1298 5138 1391 5191 καὶ
1419 5139 1453 5209 ἡ
1482 5138 1609 5205 δόξα
1644 5155 1738 5192 σου
1777 5140 1883 5193 ἀπὸ

296 5225 407 5278 τῶν
440 5224 759 5298 ἀνθρώπων.
801 5225 957 5280 Οῦτω
988 5225 1358 5298 θαυμάσονται
1406 5229 1532 5303 ἔθνη
1575 5231 1745 5286 πολλά
1794 5233 1881 5286 ἐπ’

299 5318 469 5389 αὐτῷ,
498 5319 592 5372 καὶ
628 5318 901 5384 συνέξουσι
948 5319 1187 5391 βασιλεῖς
1230 5322 1291 5375 τὸ
1334 5323 1507 5394 στόμα
1551 5324 1759 5377 αὐτῶνθ
1799 5325 1880 5378 ὅτι

298 5406 381 5475 οἷς
428 5411 527 5464 οὐκ
577 5410 849 5482 ἀνηγγέλη
886 5412 1013 5483 περὶ
1051 5412 1237 5479 αὐτοῦ,
1266 5413 1504 5484 ὄψονται,
1558 5415 1653 5469 καὶ⁵
1696 5415 1745 5469 οἳ
1781 5416 1881 5470 οὐκ

299 5502 593 5572 ἀκηκόασι,
630 5504 942 5574 συνήσουσι.
979 5504 1171 5577 Κύριε,
1216 5506 1298 5572 τίς
1318 5508 1603 5561 ἐπίστευσε
1632 5511 1698 5580 τῇ
1742 5509 1876 5582 ἀκοῇ

300 5594 495 5663 ἡμῶν,
551 5596 645 5648 καὶ
694 5597 723 5648 6
774 5594 1014 5667 βραχίων
1052 5598 1274 5671 ¹Κυρίου
1325 5599 1431 5653 τίνι
1483 5599 1877 5670 ἀπεκαλύφθη;

315 5685 739 5757 ’Λνηγγείλαμεν
767 5687 843 5750 ὡς
878 5687 1086 5740 παιδίον
1133 5689 1373 5743 ἐναντίον
1423 5689 1611 5751 αὐτοῦ,
1653 5690 1729 5753 ὡς
1754 5688 1878 5760 ῥίζα

371 5805 385 5835 ¹
417 5804 541 5861 lsai.
572 5819 667 5869 tm.
704 5805 819 5861 5-7.

1990 4862 2342 4925 exaltabitur,
2398 4867 2453 4915 et
2503 4855 2828 4915 elevabitur.
2879 4865 2931 4908 et
2976 4852 3228 4909 sublimis
3255 4852 3359 4906 erit
3391 4850 3569 4907 valde.

1993 4954 2150 5010 Sicut
2182 4955 2585 5023 obstupuerunt
2607 4964 2773 5018 super
2794 4958 2847 5003 te
2868 4947 3045 5008 multi,
3066 4946 3146 5001 sic
3172 4945 3437 5016 inglorius
3464 4944 3572 4999 erit

1991 5048 2132 5102 inter
2144 5046 2294 5099 viros
2314 5053 2568 5114 aspectus
2588 5041 2729 5111 ejus,
2752 5047 2807 5096 et
2826 5038 3003 5094 forma
3019 5037 3140 5109 ejus
3155 5037 3298 5092 inter
3321 5036 3459 5092 filios
3477 5035 3573 5091 ho-

1994 5138 2224 5193 minum.
2264 5136 2355 5189 Sic
2397 5134 2743 5188 mirabuntur
2788 5138 2982 5202 gentes
3014 5130 3200 5183 multa:
3234 5144 3398 5198 super
3418 5144 3569 5197 eum,

1992 5245 2160 5301 super
2184 5230 2361 5300 ipsum
2397 5225 2759 5282 continebunt
2781 5238 2940 5295 reges
2965 5237 3028 5277 os
3060 5236 3220 5276 suum
3253 5220 3415 5290 :quia
3445 5222 3570 5292 qui-

1988 5322 2093 5377 bus
2137 5336 2244 5375 non
2284 5327 2370 5374 est
2407 5323 2689 5371 narratum
2722 5316 2790 5369 de
2822 5329 2907 5377 eo,
2933 5313 3208 5374 viderunt,
3242 5318 3297 5365 et
3325 5310 3418 5381 qui
3455 5327 3565 5367 non

1986 5415 2296 5475 audierunt,
2330 5406 2687 5479 contemplati
2721 5412 2870 5461 sunt.
2908 5403 3136 5459 Domine
3168 5402 3293 5473 quis
3333 5402 3566 5457 credidit

1992 5505 2201 5560 auditui
2236 5503 2463 5559 nostro?
2488 5508 2540 5556 et
2572 5500 2857 5555 brachium
2890 5495 3106 5551 Domini
3140 5496 3231 5549 cui
3267 5497 3563 5551 revelatum

1990 5596 2113 5651 est?
2138 5594 2205 5648 Et
2230 5592 2485 5648 ascendet
2511 5592 2652 5647 sicut
2675 5589 2971 5660 virgultum
3000 5600 3186 5641 coram
3221 5600 3307 5651 eo,
3337 5595 3392 5640 et
3417 5585 3562 5641 sicut

1988 5690 2141 5745 radix
2168 5689 2235 5743 de
2267 5694 2413 5741 terra
2447 5683 2675 5740 sitienti.
2721 5678 2843 5737 Non
2889 5688 2972 5738 est
3017 5677 3225 5751 species
3260 5676 3332 5745 ei,
3382 5687 3561 5747 neque
3586 5746 3602 5761 ﬂ

372 5901 449 5973 (Ι)
482 5898 577 5957 Vel
600 5901 881 5972 legendum
907 5901 1042 5972 μετά
1071 5915 1167 5971 pro
1204 5899 1404 5970 μέντοι,
1425 5898 1505 5954 vel
1529 5896 1755 5961 ἐκείνοις
1781 5911 1879 5968 pro

1991 5895 2165 5960 ιίνους.
2203 5896 2359 5952 Eutr.
