4070 6464
535 296 677 354 1245

1239 307 1511 366 EUSEBII
1560 307 2044 371 CESARHLNSIS
2081 316 2232 373 OPP.
2263 318 2459 376 PARS.
2498 319 2588 376 Ill.
2626 350 2700 363 —-
2737 307 3151 378 EXEGETlCA.

3650 319 3817 377 ιηιι

528 414 698 469 decor
731 434 744 470 :
778 424 833 472 et
860 417 1097 477 vidimus
1133 437 1284 489 eum,
1317 434 1376 481 et
1417 441 1523 482 non
1571 428 1808 486 habebat
1832 442 2104 503 aspectum

2216 435 2276 490 ἐν
2302 438 2372 507 γῇ
2402 435 2611 510 διψώσῃ
2633 453 2648 466 ·
2681 435 2781 490 οὐκ
2825 434 2973 489 ἐστιν
3005 430 3146 497 εἶδος
3173 432 3338 488 αὑτοῦ
3370 433 3491 488 οὺδέ
3516 433 3680 502 δόξαο
3715 437 3814 489 καὶ

529 519 707 595 neque
732 510 1228 582 pulchritudinem;
1261 516 1358 574 sed
1380 528 1638 589 aspectus
1666 520 1790 592 ejus
1820 524 2108 595 inglorius.

528 593 789 652 deﬁciens
843 615 953 662 pra:
1003 603 1130 659 tiliis
1180 605 1500 674 hominum;
1561 609 1726 667 homo
1770 593 2109 683 percussus,

526 690 710 746 sciens
770 691 914 749 ferre
968 695 1385 769 inlirmitatem;
1454 702 1585 772 quia
1640 703 1983 763 deformatus
2027 717 2113 764 est

526 782 712 840 vultus
759 785 903 856 ejus,
934 786 1232 869 deSpectus
1265 803 1352 849 est
1383 803 1439 850 et
1477 812 1588 852 non
1635 806 1939 869 reputatus.
1967 798 2115 854 Lan-

523 887 728 946 guores
753 886 974 934 nostros
1008 867 1125 952 ipse
1155 884 1303 947 tulit,
1358 894 1414 941 et
1445 887 1667 946 dolores
1700 867 1934 948 nostros
1995 893 2112 962 ipse

524 966 765 1035 portavit
801 985 816 1022 :
848 977 902 1023 et
930 984 1031 1026 nos
1069 976 1384 1042 putavimus
1438 993 1566 1033 eum
1616 980 1776 1050 quasi
1811 981 2115 1052 leprosum,

524 1061 1124 1126 etpercussumaDeo
1182 1074 1238 1121 et
1308 1067 1680 1125 humiliatum.
1747 1073 1869 1143 Ipse
1929 1083 2110 1130 autem

525 1148 847 1208 vulneratus
879 1164 964 1209 est
1016 1166 1240 1227 propter
1290 1159 1612 1230 iniquitates
1655 1174 1898 1228 nostras.
1955 1168 2114 1221 attri-

525 1251 613 1295 tus
674 1251 762 1298 est
804 1253 1028 1315 propter
1087 1251 1298 1306 scelera
1357 1261 1551 1308 nostra
1607 1273 1621 1310 :
1679 1255 1970 1328 disciplina
2010 1274 2111 1328 pa-

524 1329 607 1386 cis
638 1343 840 1389 nosme
866 1350 1033 1406 super
1065 1353 1211 1400 cum.
1236 1350 1291 1394 et
1313 1340 1485 1398 livore
1522 1344 1644 1414 ejus
1672 1347 1851 1401 sanati
1885 1363 2106 1404 sumus.

524 1420 730 1480 Omnes
763 1440 865 1482 nos
905 1428 1066 1498 quasi
1095 1443 1226 1486 oves
1258 1433 1601 1502 erravimus;
1649 1439 2028 1509 unusquisque
2055 1442 2111 1495 in

527 1516 668 1572 viam
721 1533 877 1573 suam
939 1519 1237 1577 declinavit
1280 1542 1293 1578 :
1332 1534 1387 1579 et
1438 1528 1625 1596 posuit
1656 1527 1921 1587 Dominus
1956 1532 2012 1586 in
2044 1548 2112 1588 eo

522 1609 873 1680 iniquitatem
897 1613 1143 1668 omnium
1166 1627 1442 1671 nostrum.
1473 1617 1704 1677 Oblatus
1731 1634 1815 1679 est
1840 1624 1968 1694 quia
1994 1624 2113 1695 ipse

521 1701 714 1766 voluit,
732 1710 909 1757 etnon
923 1706 1138 1774 aperuit
1163 1720 1225 1761 os
1248 1724 1411 1763 suum
1437 1727 1450 1763 :
1483 1710 1763 1768 sicutovis
1790 1713 1857 1768 ad
1870 1714 2111 1769 occisio-

2217 527 2433 600 εῐδομεν
2460 528 2645 592 αὔτὸν,
2668 529 2761 582 καὶ
2774 528 2876 582 οὐκ
2890 523 3037 599 εἶχεν
3050 523 3189 591 εἶδος
3210 526 3331 581 οὑδέ
3343 526 3563 591 κάλλος·
3582 526 3726 580 ἀλλά
3746 527 3811 581 τὸ

2216 615 2355 685 εἶδος
2368 620 2533 675 αὑτοῦ
2550 621 2741 692 ἄτιμον
2763 621 2857 674 καὶ⁵
2881 619 3146 685 ἐκλεῖπον,
3169 618 3319 690 παρά
3352 619 3480 682 τοὺς
3505 619 3661 683 υἱοὺς
3698 620 3812 671 τῶν

2216 712 2517 785 ἀνθρώπων
2535 730 2550 744 ’
2585 713 2873 788 ἄνθρωπος
2897 714 2954 765 ἐν
2982 711 3162 784 πληγῇ
3188 710 3284 777 ὢν,
3311 713 3405 767 καὶ
3428 710 3585 775 εἰδὼς
3615 712 3810 782 φέρειν

2219 803 2509 877 μαλακίαν,
2534 805 2616 858 ὅτι
2643 805 3026 876 ἀπέστραπται
3049 803 3111 856 τὸ
3142 805 3433 876 πρόσωπον
3464 802 3655 865 αὐτοῦ,
3687 803 3814 871 ἡτι-

2220 898 2424 970 μάσθη,
2456 899 2552 953 καὶ
2582 899 2683 952 οὐκ
2708 898 2980 970 ἐλογίσθη.
3016 892 3185 962 Οὗτος
3219 896 3320 962 τὰς
3346 896 3622 968 ἁμαρτίας
3647 894 3813 966 ἡμῶν

2218 991 2394 1064 φέρει,
2418 993 2658 1064 καὶπερὶ
2680 990 2835 1063 ἡμῶν
2856 991 3126 1052 όδυνᾶται.
3145 990 3240 1044 καὶ
3254 991 3415 1060 ἡμεῖς
3436 985 3813 1058 ἐλογισάμεθα

2217 1085 2377 1138 αὑτὸν
2389 1081 2526 1139 εἶναι
2543 1085 2601 1137 ἐν
2618 1085 2762 1154 πόνῳ
2779 1085 2871 1138 καὶ
2891 1087 2950 1138 ἐν
2965 1082 3204 1137 κακώσει
3220 1083 3316 1136 καὶ
3335 1084 3394 1135 ἐν
3410 1081 3607 1154 πληγῇ.
3630 1081 3812 1147 Δῦτδς

2215 1177 2271 1231 δὲ
2303 1176 2704 1250 ἐτραυματίσθη
2735 1177 2823 1231 διὰ
2852 1177 2954 1240 τάς
2971 1176 3243 1249 ἁμαρτίας
3260 1174 3437 1247 ήμῶν·
3474 1174 3699 1230 παιδεία
3727 1175 3817 1227 εί-

2218 1271 2386 1342 ρήνης
2406 1269 2562 1341 ήμῶν
2578 1270 2664 1322 ἐπ’
2695 1268 2973 1340 αὐτὸν,τῷ
3005 1266 3232 1339 μώλωπι
3251 1266 3416 1320 αὐτοῦ
3447 1268 3609 1338 ἡμεῖς
3645 1264 3812 1337 ίάθη·

2220 1376 2337 1430 μεν.
2364 1360 2573 1424 Πάντες
2600 1360 2677 1424 ὡς
2702 1358 2950 1431 πρόϐατα
2976 1357 3360 1430 ἐπλανήθημεν
3378 1372 3392 1387 ⁸
3416 1355 3712 1428 ἄνθρωπος
3736 1356 3809 1425 τῇ

2216 1451 2322 1522 ὀδῷ
2339 1451 2504 1506 αὐτοῦ
2528 1451 2829 1524 ἐπλανήθη,
2845 1453 2939 1505 καὶ
2954 1451 3161 1523 Κύριος
3176 1449 3489 1523 παρέδωκεν
3507 1449 3812 1512 αὐτὸνταῖς

2216 1544 2514 1617 ἁμαρτίαις
2548 1543 2705 1616 ἡμῶν
2728 1560 2741 1574 ο
2773 1543 2869 1597 καὶ
2897 1543 3058 1608 αὐτὸς
3092 1542 3179 1598 διὰ
3215 1541 3279 1596 τὸ
3319 1541 3676 1596 κεκακῶσθαι
3703 1542 3811 1595 οὐκ

2217 1638 2424 1707 ἀνοίγει
2442 1637 2505 1690 τὸ
2533 1636 2706 1708 στόμα
2721 1653 2734 1666 ·
2755 1635 2832 1701 ὡς
2864 1634 3135 1707 πρόὸατον
3160 1635 3253 1688 ἐπὶ
3283 1634 3497 1704 σφαγὴν
3519 1633 3688 1707 ήχθη,
3709 1637 3809 1688 καὶ

2216 1727 2293 1792 ὡς
2321 1728 2492 1799 ἀμνὸς
2520 1728 2760 1783 ἐναντίον
2805 1727 2898 1782 τοῦ
2947 1728 3223 1799 κείροντος
3257 1728 3489 1796 ἄφωνος,
3516 1720 3679 1790 οὗτος
3704 1726 3810 1781 οὐκ

523 1809 648 1848 nem
680 1794 884 1849 ductus
906 1803 1013 1860 est,
1047 1805 1102 1852 et
1133 1800 1295 1869 quasi
1332 1816 1510 1873 agnus
1541 1817 1729 1857 coram
1760 1805 2025 1861 tondente
2047 1823 2104 1863 se

2210 1794 2416 1890 ἀνοίγει
2452 1819 2515 1874 τὸ
2550 1820 2726 1892 στόμα
2766 1819 2964 1873 αὐτοῦ’
2997 1794 3054 1873 ἐν
3081 1824 3148 1892 τῇ
3180 1794 3507 1875 ταπεινώσει
3547 1822 3581 1891 ή
3619 1819 3812 1890 κρίσις

520 1882 908 1939 obmutescens
936 1886 1015 1940 sic
1069 1903 1179 1942 non
1207 1890 1412 1958 aperiet
1434 1908 1696 1949 ossuum.
1731 1892 1807 1950 De
1827 1897 2103 1966 angustia,

519 1981 576 2029 et
607 1973 675 2029 de
697 1974 908 2044 judicro
938 1978 1191 2035 sublatus
1214 1990 1298 2035 est
1334 2000 1347 2035 :
1374 1982 1783 2052 generationem
1819 1987 1941 2056 ejus
1980 1989 2106 2057 quis

520 2065 839 2120 enarrabili
871 2065 1013 2133 Quia
1052 2070 1336 2138 abscissus
1366 2083 1450 2128 est
1484 2074 1552 2128 de
1578 2083 1726 2130 terra
1752 2077 2050 2133 viventium
2086 2099 2099 2135 :

517 2165 743 2229 propter
786 2161 970 2217 scelus
1004 2164 1191 2233 populi
1246 2166 1349 2218 mei
1385 2168 1641 2236 percussi
1673 2184 1820 2224 eum.
1865 2168 1933 2224 Et
1961 2170 2106 2228 dabo

520 2252 718 2316 impios
762 2267 862 2327 pro
905 2256 1213 2325 sepultura,
1248 2263 1303 2310 et
1345 2257 1570 2313 divitem
1599 2274 1699 2330 pro
1730 2270 1908 2317 morte
1955 2279 2100 2318 sua:

516 2359 583 2398 eo
595 2342 739 2415 quod
760 2344 1105 2415 iniquitatem
1120 2363 1230 2401 non
1249 2350 1459 2414 tecerit,
1488 2366 1667 2422 neque
1687 2352 1848 2410 dolus
1875 2354 2106 2411 fueritin

516 2451 613 2492 ore
645 2436 783 2506 ejus.
807 2438 870 2492 Et
896 2438 1161 2497 Dominus
1195 2442 1368 2496 voluit
1389 2452 1674 2501 conterere
1696 2461 1821 2501 eum
1847 2447 1905 2501 in
1950 2447 2106 2503 inllr-

516 2529 742 2597 mitate;
775 2533 962 2602 siquis
986 2534 1234 2603 posuerit
1270 2548 1371 2604 pro
1398 2543 1623 2605 peccato
1654 2538 1893 2593 animam
1923 2555 2106 2605 suam,

514 2621 722 2677 videbit
773 2639 960 2680 semen
1016 2626 1341 2698 longaevum,
1373 2635 1428 2682 et
1470 2628 1725 2685 voluntas
1776 2630 1993 2687 Domini
2047 2634 2101 2688 iu

516 2730 681 2769 manu
711 2716 832 2786 ejus
862 2718 1149 2789 dirigetur.
1178 2718 1286 2774 Pro
1328 2734 1394 2775 eo
1428 2721 1575 2791 quod
1620 2722 1890 2779 laboravit
1921 2726 2106 2780 anima

512 2805 657 2876 ejus,
686 2807 911 2873 videbit,
936 2818 991 2864 et
1023 2811 1400 2866 saturabitur:
1430 2811 1487 2866 in
1517 2812 1747 2868 scientia
1775 2830 1874 2871 sua
1898 2816 2105 2887 justiti-

513 2896 665 2951 cabit
697 2896 814 2968 ipse
841 2896 1030 2968 justus
1073 2915 1269 2955 servus
1321 2916 1477 2957 meus
1512 2904 1737 2965 mullos.
1784 2906 2104 2978 iniquitates

513 3000 707 3040 eorum
738 2987 857 3057 ipse
884 2989 1145 3059 portabit.
1187 2990 1313 3046 Ideo
1357 2993 1683 3065 dispertiam
1722 2996 1771 3051 ei
1811 2997 2100 3068 plurimos,

513 3084 573 3133 et
622 3077 845 3134 fortium
900 3080 1106 3138 dividet
1154 3084 1361 3155 spolia,
1413 3102 1514 3158 pro
1560 3102 1626 3142 eo
1677 3089 1822 3158 quod
1880 3088 2105 3145 tradidit

517 3168 575 3223 in
608 3177 836 3225 mortem
869 3171 1104 3225 animam
1142 3189 1323 3241 suam,
1355 3183 1410 3231 et
1443 3192 1567 3231 cum
1613 3178 1897 3234 sceleratis
1937 3194 2101 3252 repu-

518 3270 669 3317 tatus
700 3268 786 3317 est
817 3280 830 3316 :
860 3270 915 3316 et
963 3262 1082 3333 ipse
1126 3275 1351 3335 peccata
1386 3267 1684 3321 multorum
1714 3269 1862 3333 tulit,
1906 3280 1960 3325 et
2003 3287 2103 3342 pro

517 3354 1024 3424 transgressoribus
1066 3357 1302 3428 rogavit.
1351 3356 1560 3425 Lauda,
1591 3360 1800 3416 sterilis
1828 3377 1951 3431 qua:
1994 3379 2103 3419 non

516 3442 700 3513 paris:
723 3441 955 3499 decanta
979 3445 1221 3512 laudem,
1246 3455 1300 3501 et
1328 3446 1504 3511 hinni,
1534 3463 1657 3519 quae
1677 3464 1786 3502 non
1811 3450 2101 3521 pariebas:

515 3533 779 3603 quoniam
811 3535 968 3589 multi
1001 3536 1095 3590 lilii
1146 3536 1398 3603 desertae,
1433 3539 1610 3611 magis
1641 3554 1804 3611 quam
1829 3541 1950 3608 ejus
1983 3558 2105 3613 qua:

516 3626 682 3681 habet
719 3627 899 3683 virum
933 3628 973 3683 ¹.
1014 3647 1033 3679 ι
1071 3626 1302 3696 Quando
1336 3632 1484 3685 enim
1519 3632 1680 3695 alias,
1722 3631 1827 3688 nisi
1856 3648 1951 3704 per
1979 3630 2103 3687 Sal-

513 3718 724 3774 vatoris
754 3720 930 3775 nostri
952 3718 1083 3775 Jesu
1111 3721 1315 3778 Christi
1348 3723 1638 3779 adventum
1667 3723 1952 3780 brachium
1984 3740 2102 3802 ma-

514 3826 705 3878 gnum,
737 3811 947 3868 scilicet
967 3810 1133 3869 Verbi
1162 3813 1285 3883 ejus
1318 3815 1627 3881 brachium,
1658 3815 1822 3872 Pater
1851 3816 2104 3890 Deusque

515 3904 764 3958 omnium
815 3904 872 3958 in
905 3914 1209 3977 conspectu
1246 3908 1489 3978 gentium
1531 3909 1816 3974 revelavit,
1846 3925 1985 3981 quas
2018 3912 2103 3966 vi-

514 3993 709 4051 dentes
747 3997 929 4051 datam
970 3997 1109 4067 ipsis
1154 4014 1184 4053 a
1219 3997 1334 4054 Deo
1369 4000 1625 4064 salutem,
1661 4001 1731 4056 ab
1765 4016 1957 4072 errore
1991 4005 2104 4073 pri-

513 4087 659 4145 stino
677 4089 834 4160 jubet
862 4091 1142 4155 recedere,
1173 4107 1276 4146 nec
1308 4091 1420 4162 jam
1450 4092 1712 4162 pollutas.
1749 4093 1949 4163 quibus
1974 4094 2103 4149 olim

513 4183 847 4245 serviebant.
882 4186 1136 4256 turpibus
1193 4193 1249 4240 et
1297 4184 1599 4240 immundis
1649 4185 1831 4241 rebus.
1858 4186 2096 4256 deditas,

513 4274 782 4344 tangere?
810 4273 875 4329 Et
911 4277 1174 4348 quoniam
1192 4292 1302 4331 non
1326 4291 1460 4331 casu
1494 4275 1627 4330 litut
1660 4276 2042 4334 deterreantur
2072 4293 2104 4343 a

512 4366 749 4437 pristina
776 4367 1048 4436 majorum
1073 4370 1289 4424 vivendi
1314 4368 1531 4424 ratione
1558 4379 1613 4425 et
1645 4385 1673 4424 a
1696 4371 1972 4427 communi
2003 4371 2103 4426 ho~

2212 1908 2377 1963 αὑτοῦ
2414 1908 2579 1982 ήρθη,
2610 1910 2711 1981 τὴν
2741 1910 2797 1963 δὲ
2827 1908 3019 1979 γενεὰν
3045 1908 3208 1963 αὐτοῦ
3234 1908 3317 1973 τίς
3332 1908 3691 1981 ,διηγήσεταις
3720 1908 3811 1963 δτι

2211 2000 2428 2073 αἴρεται
2456 2002 2564 2056 ἀπὸ
2590 2003 2688 2073 τῆς
2716 2002 2821 2072 γῆς
2845 2004 2879 2073 ἡ
2904 1999 3016 2072 ζωὴ
3049 1999 3236 2066 αὐτοῦ,
3283 1999 3393 2054 ἀπὸ
3426 1998 3535 2053 τῶν
3558 1998 3807 2071 ἀνομιῶν

2206 2094 2301 2149 τοῦ
2331 2093 2461 2148 λαοῦ
2492 2110 2595 2166 μου
2628 2094 2767 2167 ήχθη
2813 2097 2893 2158 εἰς
2936 2093 3182 2148 θάνατον.
3208 2094 3318 2148 Καὶ
3345 2092 3503 2148 δώσω
3540 2093 3668 2157 τοὺς
3700 2110 3804 2146 πο-

2211 2187 2411 2259 νηροὺς
2445 2186 2568 2240 ἀντὶ
2606 2187 2707 2258 τῆς
2762 2187 2937 2258 ταφῆς
2980 2186 3167 2251 αὑτοῦ,
3200 2188 3296 2241 καὶ
3339 2186 3467 2249 τοὺς
3509 2184 3805 2248 πλουσίους

2210 2278 2333 2332 ἀντὶ
2373 2277 2467 2332 τοῦ
2503 2278 2735 2332 θανάτου
2775 2277 2964 2344 αὐτοῦ,
2998 2278 3079 2331 ὅτι
3110 2277 3338 2349 ἀνομίαν
3384 2277 3484 2331 οὐκ
3515 2276 3799 2347 ἐποίησεν,

2206 2366 2328 2421 οῦδέ
2356 2368 2555 2441 εὑρέθη
2584 2368 2735 2433 δόλος
2776 2371 2834 2422 ἐν
2861 2368 2941 2441 τῷ
2980 2368 3206 2440 στόματι
3236 2366 3420 2422 αὐτοῦ.
3451 2369 3565 2422 Καὶ
3593 2368 3803 2440 Κύριος

2209 2458 2455 2530 βούλεται
2487 2459 2781 2532 καθαρίσαι
2809 2460 2969 2514 αὑτὸν
2996 2459 3104 2514 ἀπὸ
3128 2459 3228 2530 τῆς
3261 2459 3509 2531 πληγῆςο
3540 2458 3635 2512 ἐάν
3662 2459 3800 2512 δῶτε

2207 2554 2334 2626 περὶ
2361 2553 2656 2625 ἁμαρτίας,
2682 2554 2715 2625 ἡ
2743 2552 2888 2625 ψυχὴ
2918 2553 3070 2625 ὑμῶν
3111 2552 3299 2623 ὄψεται
3329 2552 3552 2625 σπέρμα
3583 2553 3801 2623 μακρό-

2206 2645 2354 2699 6ιον’
2411 2647 2507 2700 καὶ
2554 2646 2802 2717 βούλεται
2858 2646 3059 2719 Κύριος
3098 2649 3156 2703 ἐν
3188 2646 3331 2718 χειρὶ
3366 2645 3534 2700 αὑτοῦ
3574 2646 3800 2715 ἀφελεῖν

2206 2739 2314 2792 ἀπὸ
2342 2737 2434 2791 τοῦ
2473 2739 2636 2792 πόνου
2668 2739 2768 2811 τῆς
2800 2738 2981 2809 ψυχῆς
3018 2737 3206 2802 αὑτοῦ,
3240 2737 3409 2804 δεῖξαι
3447 2739 3597 2809 αὐτῷ
3631 2738 3697 2810 (Ῑ.
3725 2736 3800 2794 56

2204 2840 2281 2899 νο)
2317 2830 2453 2900 φῶς,
2489 2832 2584 2885 καὶ
2617 2830 2818 2885 πλάσαι
2861 2834 2927 2903 τῇ
2970 2831 3223 2898 συνέσει,
3252 2830 3540 2885 δικαιῶσαι
3583 2830 3799 2885 δίκαιον

2210 2913 2268 2972 εὖ
2303 2917 2622 2972 δουλεύοντα
2642 2916 2893 2981 πολλοῖς
2912 2916 3113 2980 καὶτὰς
3128 2915 3404 2988 ἁμαρτίας
3434 2916 3613 2970 αὐτῶν
3631 2916 3799 2980 αὐτὸς

2208 3009 2444 3064 ἀνοίσει·
2475 3009 2562 3065 διὰ
2590 3008 2748 3064 τοῦτο
2793 3009 2953 3078 αὐτὸς
2982 3008 3387 3081 κληρονομήσει
3420 3008 3671 3071 πολλοὺς,
3702 3010 3797 3063 καὶ

2206 3102 2314 3156 τῶν
2367 3100 2602 3175 ἰσχυρῶν
2646 3104 2823 3174 μεριεῖ
2859 3101 3062 3159 σκῦλα·
3118 3101 3234 3155 ἀνθ’
3272 3095 3347 3155 ὧν
3392 3099 3662 3173 παρεδόθη
3714 3103 3799 3165 εἰς

2208 3193 2438 3249 θάνατον
2467 3196 2503 3266 ή
2533 3193 2679 3267 ψυχὴ
2700 3192 2888 3259 αὐτοῦ,
2919 3194 3012 3248 καὶ
3030 3194 3089 3249 ἐν
3123 3196 3236 3258 τοῖς
3261 3195 3485 3265 ἀνόμοις
3507 3194 3791 3264 ἐλογίσθη·

2205 3288 2301 3342 καὶ
2349 3287 2510 3352 αὐτὸς
2542 3287 2811 3361 ἁμαρτίας
2857 3287 3067 3343 πολλῶν
3117 3289 3403 3360 ἀνήνεγκε,
3439 3288 3534 3342 καὶ
3577 3287 3668 3342 διὰ
3694 3287 3796 3351 τὰς

2204 3378 2436 3450 ἀνομίας
2467 3378 2646 3433 αὐτῶν
2679 3379 2967 3452 παρεδόθη.
3005 3378 3374 3451 Εὐφράνθητι,
3413 3380 3603 3452 στείρα
3645 3380 3681 3450 ἡ
3729 3381 3792 3434 οὐ

2204 3468 2485 3534 τίκτουσα,
2510 3469 2672 3540 ῥῆξον
2697 3470 2791 3525 καὶ
2831 3469 3024 3542 βόησον
3078 3472 3170 3523 καὶ
3210 3470 3433 3543 τέρπου,
3466 3473 3501 3542 ή
3532 3472 3633 3524 οὐκ
3663 3470 3794 3525 ὠδί-

2205 3578 2372 3616 νουσα
2390 3578 2403 3592 ο
2436 3561 2519 3615 ὄτι
2551 3560 2720 3617 πολλὰ
2749 3562 2818 3616 τά
2844 3561 3014 3616 τέκνα
3036 3561 3137 3631 τῆς
3168 3563 3375 3634 ἐρήμου
3403 3562 3604 3635 μᾶλλον
3626 3566 3660 3636 ἢ
3690 3565 3795 3636 τῆς

2204 3654 2438 3724 ἐχούσης
2483 3653 2576 3706 τὸν
2616 3653 2802 3725 ἄνδρα.
2844 3671 2863 3705 ι
2902 3654 3013 3707 Καὶ
3050 3654 3170 3707 πότ’
3214 3654 3403 3708 ἄλλοτε
3447 3656 3522 3719 ὡς
3576 3658 3671 3710 ἐπὶ
3721 3660 3791 3728 τῇ

2205 3746 2479 3817 παρουσίᾳ
2522 3745 2618 3800 τοῦ
2670 3747 2921 3818 Σωτῆρος
2972 3745 3129 3817 ἡμῶν
3184 3747 3357 3819 Ἰησοῦ
3410 3748 3646 3819 Χριστοῦ
3699 3749 3795 3802 τὸν

2207 3835 2466 3908 βραχίονα
2507 3836 2599 3891 τὸν
2648 3838 2842 3909 μέγαν,
2889 3838 2989 3891 οὐκ
3032 3836 3187 3891 ἄλλον
3217 3836 3345 3891 ὄντα
3372 3837 3466 3891 τοῦ
3499 3838 3674 3907 Λόγου
3693 3839 3799 3894 αὖ.

2202 3929 2319 3992 τοῦ,
2343 3931 2372 3982 ὁ
2412 3928 2601 4002 Πατὴρ
2625 3930 2718 3984 καὶ
2748 3929 2879 3993 Θεὸς
2924 3928 3033 3982 τῶν
3069 3931 3205 3984 ὅλων
3231 3929 3461 3985 ἐνώπιον
3482 3931 3591 3985 τῶν
3619 3931 3794 3985 ἐθνῶν

2207 4019 2580 4091 ἀπεκάλυψεν,
2627 4019 2663 4076 ἃ.
2701 4021 2796 4075 καὶ
2834 4020 3013 4075 ἰδόντα
3051 4021 3149 4092 τὴν
3188 4021 3569 4095 δεδωρημένην
3604 4024 3794 4089 αὐτοῖς

2205 4112 2310 4166 ὑπὸ
2364 4110 2459 4164 τοῦ
2510 4110 2646 4165 Θεοῦ
2699 4111 2971 4184 σωτηρίαν
3012 4112 3342 4181 ἀφίστασθαι
3373 4113 3470 4185 τῆς
3514 4114 3795 4186 προτέρας

2206 4203 2602 4278 προστάττεται
2627 4203 2855 4274 πλάνης,
2874 4204 2967 4258 καὶ
2997 4203 3193 4275 μηκέτι
3214 4204 3322 4258 τῶν
3342 4204 3691 4277 ἀκαθάρτων,
3704 4200 3794 4272 οἷς

2205 4298 2471 4370 πρότερον
2517 4297 2866 4362 ἐκαλινδεῖτο,
2902 4299 3146 4369 αἰσχροῖς
3181 4299 3277 4352 καὶ
3305 4301 3520 4371 μιαροῖς
3555 4297 3797 4353 ἐνειλούο

2209 4406 2343 4460 μενα
2370 4389 2691 4461 πράγμασιν
2725 4390 3096 4460 ἐφάπτεσθαις
3130 4389 3242 4445 Καὶ
3270 4391 3396 4444 ἐπεὶ
3433 4391 3494 4443 οὺ
3527 4390 3590 4444 τὸ
3622 4392 3793 4463 τυχόν

513 4457 721 4509 minum
770 4457 1034 4513 societate
1104 4458 1271 4530 hujus
1303 4462 1479 4531 gratia
1516 4462 1633 4531 ipse
1672 4459 1940 4516 Dominus
1971 4475 2097 4515 cum

2208 4457 2321 4536 ἐστι
2362 4457 2429 4535 τό
2458 4457 2822 4554 ἀποδιορίζειν
2862 4457 3089 4548 ἑαυτοὺς
3129 4483 3228 4554 τῆς
3262 4483 3535 4557 προτέρας
3581 4457 3792 4555 πατρο-

513 4547 585 4603 iis
635 4546 1043 4605 ambulaturum
1105 4568 1166 4607 se
1218 4568 1418 4623 eosque
1463 4562 1921 4625 congregaturum
1965 4569 2094 4624 prn-

513 4638 703 4704 mittit,
740 4650 1024 4710 portantes
1059 4659 1190 4699 vasa
1249 4660 1369 4711 sua,
1417 4654 1609 4699 sancta
1660 4645 1913 4701 videlicet
1960 4661 2098 4716 prae-

514 4739 694 4802 eepta,
735 4732 1067 4805 divinosque
1115 4750 1419 4794 sermones.
1459 4735 1676 4793 Rursus
1713 4739 1794 4793 eis
1835 4739 2097 4809 quemad-

514 4825 739 4880 modum
770 4826 824 4880 in
855 4828 1134 4897 prioribus
1159 4829 1463 4899 prophetiis
1493 4827 1709 4884 diverse
1741 4827 1916 4885 Filius
1938 4828 2098 4884 Chri-

515 4924 636 4974 stus
653 4918 1039 4974 nominabatur
1057 4918 1174 4984 Dei,
1195 4922 1271 4975 ita
1292 4929 1343 4976 et
1363 4923 1450 4976 hic
1472 4922 1695 4979 dicitur.
1716 4922 2098 4982 lntellecturus

514 5012 719 5065 autem.
742 5015 797 5061 et
823 5006 1142 5072 elevandus,
1167 5020 1220 5065 et
1255 5025 1587 5082 magnopere
1617 5013 1942 5070 exaltandus
1972 5030 2099 5085 pro-

515 5095 822 5167 phetizatur
840 5108 1061 5172 pr0pter
1078 5102 1467 5159 humanitatem
1486 5119 1665 5168 suam,
1684 5105 1752 5161 de
1768 5122 1873 5179 qua
1894 5107 2008 5164 hazc
2023 5109 2109 5163 (11-

514 5197 733 5245 cuntur.
755 5189 892 5248 Vere
906 5194 1051 5248 enim
1075 5194 1477 5266 obstupuerunt
1494 5199 1773 5253 etattouiti
1790 5208 1917 5254 sunt
1934 5215 2100 5270 super

512 5295 639 5336 eum
671 5283 849 5351 multi,
885 5285 1159 5341 hominem
1191 5303 1315 5343 eum
1354 5288 1461 5344 sibi
1499 5289 1734 5346 similem
1758 5299 2094 5362 reputantes.

517 5370 1042 5449 Obstupueruntque
1084 5379 1237 5434 nulla
1286 5381 1653 5451 praecellentia
1701 5382 1787 5438 vel
1820 5382 2099 5438 mundana

518 5465 692 5537 gloria
721 5467 1122 5526 circumdatum
1154 5487 1280 5527 eum
1312 5473 1586 5538 videntes,
1618 5489 1769 5540 cum,
1804 5473 1979 5529 forma
2004 5473 2099 5529 Dei

519 5556 792 5630 deposita,
817 5559 1107 5632 ipsumque
1141 5579 1200 5620 se
1222 5563 1569 5630 exinaniens,
1604 5571 1659 5619 et
1681 5564 1824 5620 servi
1866 5564 2098 5620 formam

520 5651 821 5722 accipiens,
874 5653 1236 5712 admiratione
1292 5665 1346 5713 et
1397 5657 1875 5729 obstupefactione
1936 5660 2098 5732 digna

630 5763 794 5823 ‘lsai.
829 5781 928 5837 ιιι,
965 5766 1165 5836 Ιθ-Ιὸς
1203 5785 1319 5837 ιιιι,
1355 5770 1413 5838 l;
1446 5784 1558 5837 uv,
1600 5771 1645 5827 1.

2199 4572 2507 4644 παραδότου
2558 4572 2862 4636 πολιτείας,
2916 4573 3010 4625 καὶ
3054 4571 3155 4643 τῆς
3204 4571 3390 4641 κοινῆς
3435 4571 3542 4623 τῶν
3580 4570 3795 4642 ἀνθρώ-

2198 4682 2315 4717 πων
2364 4664 2842 4735 πναναστροφῆς,
2887 4664 3076 4717 τούτου
3106 4664 3264 4734 χάριν
3309 4662 3475 4727 αὐτὸς
3515 4665 3543 4716 ό
3583 4663 3795 4734 Κύριος

2202 4754 2677 4827 συμπορεόσεσθαι
2751 4756 2843 4809 καὶ
2904 4754 3152 4820 συνάξειν
3211 4753 3601 4824 ἐπαγγέλλεται
3659 4755 3792 4818 τοὺς

2200 4850 2464 4921 φέροντας
2514 4846 2584 4902 τὰ
2647 4846 2816 4919 σκεύη
2876 4846 3081 4912 αὐτοῦ,
3127 4845 3284 4918 δῆλον
3330 4844 3374 4898 δ’
3417 4847 3500 4900 ὅτι
3551 4844 3622 4899 τὰ
3663 4847 3793 4918 ἱερά

2202 4942 2449 5012 δόγματα
2478 4941 2573 4996 καὶ
2612 4941 2740 5005 τοὺς
2778 4939 2956 5004 θείους
2985 4939 3197 5008 λόγους.
3244 4937 3413 4991 Πάλιν
3452 4937 3497 4991 δ’
3536 4936 3629 4991 ἐπὶ
3655 4938 3789 4991 τού-

2200 5052 2315 5099 τοις
2347 5034 2405 5090 ὃν
2439 5034 2640 5107 τρόπον
2671 5035 2731 5087 ἐν
2760 5035 2881 5098 ταῖς
2915 5032 3171 5103 ἀνωτέρω
3209 5030 3569 5103 προφητείαις
3598 5030 3792 5100 διαφό-

2207 5127 2469 5199 ρας(ως)
2507 5127 2645 5190 Παῖς
2716 5128 2746 5180 ό
2801 5125 3038 5198 Χριστὸς
3090 5124 3404 5196 ὠνομάζετο
3457 5122 3551 5177 τοῦ
3609 5121 3789 5192 Θεοῦ,

2202 5218 2468 5284 ὡσαύτως
2498 5220 2709 5291 εῖρηται
2751 5218 2847 5272 καὶ
2874 5216 3079 5271 ἐνθάδε·
3122 5216 3372 5288 συνήσειν
3405 5215 3463 5269 δέ
3502 5215 3596 5269 καὶ
3633 5214 3792 5284 ὕψω-

2202 5312 2485 5384 θήσεσθαι,
2510 5316 2603 5368 καὶ
2654 5313 2857 5385 σφόδρα
2900 5312 3326 5385 δοξασθήσεσθαι
3380 5311 3791 5383 προφητεύεται

2203 5403 2301 5458 τοῦ
2338 5404 2683 5476 ἀνθρωπίνου
2717 5401 2883 5458 αὑτοῦ
2909 5402 3318 5474 ἐπινοουμένου,
3355 5403 3483 5475 περὶ
3513 5397 3574 5457 οῦ
3605 5401 3788 5458 ταῦτα

2211 5496 2445 5566 λέγεται·
2479 5496 2696 5569 ἀληθῶς
2724 5495 2780 5549 δὲ
2811 5494 3107 5569 ἐξέστησαν
3131 5497 3226 5551 καὶ
3248 5495 3664 5571 ἐξηπορήθησαν
3692 5496 3784 5549 ὕπ’

2211 5589 2358 5660 αὖτῷ
2387 5588 2590 5653 πολλοὶ,
2623 5587 2904 5662 ἄνθρωπον
2939 5589 3149 5653 ἑαυτοῖς
3181 5589 3363 5663 ὅμοιος
3395 5585 3634 5663 (ὁμοίως)
3678 5585 3748 5640 αὐ
