4070 6464
203 349 360 406 ms

1243 340 1536 398 κριοοΕ
1576 339 2057 400 ΡΒΟΡΙΙΕἹΊΟΕ.
2093 373 2163 383 -
2186 342 2316 400 LIB.
2353 342 2442 401 iV.

3337 350 3481 406 £216

202 476 311 519 τον
342 459 721 530 ὑπειληφότες
761 458 856 512 καὶ
897 456 1191 527 ἐξέστησαν
1215 472 1279 525 γε
1312 456 1581 527 μηδεμίαν
1624 456 1796 528 ὑπερ-

1904 457 2127 528 pert'ecit
2157 457 2428 529 prodigia,
2470 457 2547 511 ita
2597 464 2656 512 ut
2702 458 3136 530 contemplantes
3190 475 3316 518 eum
3358 473 3483 520 stu-

205 554 361 625 οχήν
389 551 424 623 ἢ
452 550 609 616 δόξαν
646 547 918 618 κοσμικὴν
942 544 1406 620 περισεσλημένον
1430 546 1592 615 αὑτὸν
1619 548 1794 618 ἐωρα-

204 647 396 710 κότες,
418 646 534 709 ὅτε,
556 643 656 714 τὴν
679 642 774 695 τοῦ
801 639 937 695 Θεοῦ
972 638 1185 713 μορφὴν
1213 639 1569 711 ἀποθέμενος,
1602 640 1794 695 ἐαυτόν

200 735 547 800 «κενώσας
579 736 673 788 καὶ
702 732 889 786 δούλου
920 730 1229 802 ἀνειληφὼς
1266 729 1499 802 μορφήν,
1533 729 1796 800 ἐξε(σ)τά-

209 847 358 894 usu;
393 828 518 894 ἀξια
551 827 646 880 καὶ⁵
685 823 1079 895 καταπλήξεως
1110 822 1359 877 ἀπετέλει
1392 822 1689 894 παράδοξα,
1720 822 1795 886 ὡς

203 924 345 985 τοὺς
400 919 742 992 θεωροῦντας
796 918 936 972 αὑτά
990 916 1536 987 καταπληττομένους
1590 915 1792 985 λέγειν’

210 1032 240 1066 4
268 1014 386 1083 Οὐχ
413 1004 569 1074 οὗτός
600 1012 746 1063 ἐστιν
783 1011 812 1062 ό
846 1010 960 1072 υίὸς
991 1009 1189 1079 Ἰωσήφ
1214 1026 1228 1074 ;
1264 1006 1385 1077 οὐχὶ
1416 1009 1449 1077 ή
1490 1007 1672 1077 μήτηρ
1701 1006 1797 1059 καὶ

204 1107 265 1160 οι
298 1104 519 1175 ἀδελφοὶ
539 1103 704 1157 αὑτοῦ
739 1105 846 1156 εἰσι
881 1102 1012 1174 παρ’
1042 1103 1208 1173 ήμίν;
1251 1120 1270 1153 ι
1308 1099 1420 1154 Καὶ
1444 1102 1524 1163 είς
1548 1099 1708 1171 δεῦρο
1738 1100 1798 1153 δέ

208 1197 460 1251 πλεῖστοι
489 1196 575 1249 ἐπ’
605 1194 767 1248 αὐτὸν
800 1192 1107 1258 ἐξίστανται
1135 1193 1230 1245 καὶ
1262 1188 1671 1263 ἐξαποροῢνται,
1698 1190 1797 1262 τὴν

196 1289 565 1345 διδασκαλίαν
602 1287 766 1344 αὑτοῦ
794 1286 1206 1360 διαδραμοῦσαν
1233 1285 1335 1338 καὶ
1358 1285 1437 1338 ἔτι
1460 1283 1554 1338 νῦν
1583 1283 1800 1354 διατρέ-

202 1399 419 1454 χουσαν
451 1382 535 1451 ἐφ’
557 1380 685 1453 ὅλην
718 1378 953 1452 ὁρῶντες
980 1379 1080 1450 τὴν
1109 1377 1455 1448 οἰκουμένην,
1485 1375 1596 1429 τῶν
1623 1392 1683 1428 τε
1716 1377 1795 1440 είς

207 1476 380 1531 αὐτὸν
425 1472 866 1527 πεπιστευκότων
914 1469 1013 1540 τὴν
1061 1469 1258 1532 ἀκλινῆ
1317 1468 1411 1523 καὶ
1463 1464 1801 1537 ἀμετάθετον

198 1566 454 1621 διάθεσιν
469 1563 879 1625 κατανοοῦντες.
908 1559 1093 1614 Ταῦτα
1117 1560 1176 1614 δὲ
1188 1559 1560 1632 θαυμάζοντες
1580 1558 1643 1613 οὐν
1669 1574 1797 1610 συν-

208 1661 332 1713 lact
360 1659 462 1729 τήν
483 1656 633 1710 θείαν
662 1655 889 1726 δύναμιν
928 1652 1050 1706 καθ’
1077 1653 1147 1725 ἢν
1184 1652 1461 1725 ἐνήργησε,
1486 1667 1546 1705 τε
1568 1649 1664 1703 καί
1685 1651 1797 1702 είσ-

1896 554 2094 617 pentes
2141 546 2386 602 dicerent
2421 566 2436 601 :
2474 565 2494 598 ι
2531 546 2724 603 Nonne
2758 548 2849 603 hic
2890 558 2975 604 est
3006 548 3170 607 Jesus
3202 553 3347 610 illius
3377 553 3475 612 Jo-

1894 640 2029 711 sepb
2052 638 2286 696 ?Nonne
2303 648 2477 695 mater
2492 648 2548 697 et
2573 640 2772 696 fratres
2793 641 2916 711 ejus
2942 652 3075 698 sunt
3092 645 3235 700 inter
3250 662 3352 702 nos
3367 648 3384 680 ¹
3400 649 3426 703 ?
3451 670 3473 703 ο

1896 731 1964 786 Ει
1996 747 2144 788 nunc
2177 747 2355 802 usque
2383 747 2551 802 super
2578 749 2702 788 eum
2765 732 3111 789 admirantur
3134 747 3188 791 et
3216 736 3478 809 obstupe-

1895 826 2337 896 scuutplerique,
2355 825 2664 880 doctrinam
2690 826 2812 896 ejus
2835 827 3088 882 diﬂ‘usam
3118 838 3173 882 et
3202 846 3348 885 nunc
3376 832 3481 886 ad-

1894 918 2003 972 huc
2035 924 2414 987 penetrantem
2434 916 2681 972 videntes
2715 918 2771 972 in
2795 920 3103 974 universam
3133 929 3356 988 terram,
3378 938 3478 978 eo-

1897 1026 2131 1082 rumque
2168 1010 2263 1082 qui
2292 1008 2645 1065 crediderunt
2679 1011 2734 1065 in
2763 1026 2887 1065 eum
2904 1020 3247 1067 constantem
3284 1015 3486 1070 immo-

1896 1112 2120 1175 tamque
2136 1103 2596 1175 perseverantiam
2615 1111 2952 1175 reputantes.
2971 1103 3094 1159 Haec
3117 1117 3297 1161 autem
3312 1106 3483 1163 adrui-

1897 1198 2027 1261 rati,
2048 1213 2158 1252 non
2186 1195 2427 1251 divinam
2460 1197 2846 1251 intellexerunt
2873 1205 3193 1267 potestatem
3222 1215 3329 1270 qua
3352 1215 3479 1270 ope-

1899 1298 2054 1345 ratus
2071 1295 2157 1344 est
2176 1296 2230 1344 et
2253 1302 2403 1343 nunc
2434 1303 2610 1358 usque
2638 1289 2853 1358 operari
2893 1295 2971 1342 tot
3006 1296 3061 1343 et
3090 1298 3237 1343 tanta
3265 1291 3475 1358 valeat;

1896 1382 2287 1436 continuerunt
2300 1391 2477 1435 autem
2493 1395 2620 1434 vere
2644 1395 2813 1450 super
2825 1395 2949 1435 eum
2965 1382 3379 1437 etoccluserunt
3400 1399 3487 1440 re-

1899 1488 1996 1545 ges
2019 1488 2083 1527 os
2113 1486 2296 1538 suum,
2318 1471 2437 1527 sive
2460 1471 2556 1541 qui
2590 1472 2908 1541 congregati
2935 1471 3152 1528 fuerant
3206 1474 3487 1544 passionis

1895 1570 2017 1640 ejus
2033 1579 2298 1642 tempore,
2316 1570 2383 1626 de
2400 1571 2605 1641 quibus
2623 1570 2831 1624 dictum
2845 1577 2929 1623 est
2948 1568 3306 1623 :«Astiterunt
3326 1580 3491 1637 reges

1896 1673 2077 1726 terrae,
2112 1671 2167 1718 et
2204 1662 2486 1735 principes
2528 1668 2907 1717 convenerunt
2934 1661 2992 1713 in
3020 1674 3190 1712 unum
3218 1656 3482 1720 adversus

206 1750 300 1803 ἐτι
333 1748 430 1804 νῦν
462 1749 709 1820 ἐνεργεῖν
740 1745 808 1800 τά
862 1744 1170 1815 τηλικαῦτα
1200 1743 1504 1813 δεδύνηται·
1540 1742 1795 1812 συνέσχον

1904 1768 2021 1808 eum
2039 1770 2054 1821 ;
2074 1753 2248 1808 'rsive
2272 1753 2365 1824 qui
2396 1761 2525 1806 tunc
2538 1759 2695 1806 erant
2715 1748 2990 1820 principes
3005 1747 3246 1818 gentium
3263 1755 3487 1809 :etcon-

198 1842 274 1897 δὲ
304 1839 518 1913 ἀληθῶς
572 1839 667 1893 καὶ
710 1840 1056 1893 συνέστειλαν
1102 1837 1190 1890 ἐπ’
1232 1836 1396 1889 αὑτὸν
1447 1833 1686 1905 βασιλεῖς
1737 1834 1799 1887 τὸ

1904 1844 2182 1897 tinuerunt
2197 1843 2445 1914 profecto
2461 1857 2524 1898 os
2555 1857 2738 1906 suum,
2761 1856 2886 1895 cum
2904 1842 3105 1909 saepius
3120 1838 3486 1894 intercludere

210 1933 396 2004 στόμα
434 1931 633 1996 αὐτῶν,
660 1931 769 1985 εἴτε
797 1933 846 1986 oi
877 1929 1232 2001 συναχθέντες
1259 1926 1403 1982 κατά
1424 1927 1486 1981 τὸ
1512 1925 1682 1989 πάθος
1701 1925 1798 1981 αὑ-

207 2026 335 2091 τοῦ,
372 2026 500 2097 περὶ
543 2018 618 2079 ὧν
660 2023 852 2096 ἐλέχθη
885 2024 965 2077 τό·
1015 2042 1035 2073 ι
1073 2022 1432 2094 Παρέστησαν
1474 2019 1524 2072 οἱ
1560 2016 1800 2089 βασιλεῖς

205 2121 319 2191 τῆς
352 2119 479 2190 γῆς,
505 2119 601 2173 καὶ
618 2119 668 2172 oi
700 2119 957 2189 ἄρχοντες
989 2114 1332 2186 συνήχθησαν
1362 2113 1454 2166 ἐπὶ
1481 2112 1543 2165 τὸ
1572 2111 1722 2176 αὐτό,
1774 2129 1795 2163 ι

209 2212 330 2267 αἵτε
362 2213 457 2267 καὶ
482 2214 532 2265 oi
576 2211 717 2265 κατά
760 2211 985 2282 καιροὺς
1026 2209 1287 2281 ἄρχοντες
1326 2205 1434 2261 τῶν
1472 2204 1670 2260 ἐθνῶν·
1706 2204 1803 2257 καὶ

212 2305 479 2374 συνέσχον
511 2319 573 2371 γε
608 2302 783 2372 στόμα
821 2298 1030 2354 ἑαυτῶν
1062 2298 1138 2367 τῷ
1170 2297 1430 2361 πολλάκις
1475 2297 1573 2369 μὲν
1602 2296 1801 2360 αὐτοὺς

206 2387 567 2466 ἐπιχειρῆσαι
602 2391 844 2447 κωλῦσαι
882 2392 972 2446 τὸν
998 2389 1158 2459 λόγον
1188 2388 1351 2443 αὐτοῦ
1386 2389 1481 2442 καὶ
1520 2388 1619 2459 τὴν
1653 2386 1800 2440 διδαο

212 2487 472 2549 σκαλίαν,
510 2485 660 2540 οὐδὲν
700 2485 756 2538 δὲ
793 2478 956 2556 ἦττον
993 2481 1344 2553 ὑπερισχύειν
1374 2480 1536 2534 αὑτὸν
1567 2479 1661 2533 καὶ
1684 2478 1802 2531 δια-

208 2578 457 2650 λάμπειν
488 2574 840 2645 δοξαζόμενον
875 2573 969 2627 καὶ
999 2574 1079 2636 είς
1106 2570 1238 2641 ὕψος
1265 2568 1576 2641 αἰρόμενον,
1612 2567 1676 2638 (f.
1709 2567 1799 2638 57)

208 2672 297 2734 ὡς
330 2668 564 2740 φανερὸν
612 2666 805 2720 ἑαυτὸν
850 2663 1176 2718 καθιστάναι
1219 2662 1282 2715 οὐ
1331 2660 1515 2733 μόνοις
1560 2662 1673 2723 τοῖς
1702 2657 1803 2723 τὰς

210 2763 353 2836 περὶ
396 2759 562 2814 αὐτοῦ
599 2759 938 2831 προφητείας
979 2758 1045 2812 ἐκ
1090 2755 1343 2826 πατέρων
1390 2752 1804 2825 παρειληφόσιν,

215 2855 382 2918 ἀλλά,
428 2854 492 2907 τὸ
534 2851 993 2926 παραδοξότατον,
1030 2845 1112 2913 οἷς
1152 2846 1495 2902 οὐδεπώποτε
1528 2844 1806 2916 ἀνηγγέλη

210 2965 273 3002 τι
304 2947 432 3019 περὶ
459 2944 647 3009 αὑτοῦ,
688 2943 832 2997 τοῦτ’
866 2941 1011 2995 ἐστιν
1046 2944 1180 3012 ήμῖν
1210 2942 1324 3003 τίς
1367 2939 1596 2992 ἔθνεσιν·
1632 2936 1681 2990 οἳ
1709 2936 1806 2989 καὶ

220 3039 349 3112 μηδ’
376 3037 511 3102 ὅλως
547 3036 699 3109 παρά
736 3034 845 3088 τῶν
881 3032 1161 3104 προγόνων
1201 3032 1503 3104 ἀκηκοότες
1543 3047 1618 3094 τι,
1668 3028 1806 3101 μηδὲ

214 3130 717 3204 προμεμαθηκότες
743 3128 871 3200 περί
895 3127 994 3198 τῆς
1021 3124 1188 3181 αὑτοῦ
1222 3123 1542 3195 παρουσίας,
1568 3123 1804 3192 συνῆκα-

216 3238 327 3294 μεν
364 3219 524 3274 αὐτὸν
563 3217 804 3283 ἐλθόντα,
843 3218 938 3271 καὶ
979 3215 1079 3279 τὰς
1111 3215 1238 3287 περὶ
1274 3213 1438 3274 αὑτοῦ
1467 3212 1804 3286 προφητείας

217 3310 646 3383 κατεδεξάμεθα.
702 3309 885 3363 Ταῦτα
934 3309 993 3362 δὲ
1042 3307 1276 3381 προϊδὼν
1325 3309 1353 3362 ὁ
1408 3308 1696 3378 προφήτης
1744 3308 1802 3360 ὲν

213 3404 494 3475 πνεύματι
526 3404 798 3472 ἀναφωνεῐ
817 3401 1319 3472 ἀποθαυμαστικῶς
1338 3400 1510 3469 λέγων
1535 3399 1615 3452 τόο
1648 3418 1665 3449 ι
1700 3397 1806 3451 Κύ-

222 3511 329 3566 ριε,
353 3494 437 3557 τίς
468 3493 788 3547 ἐπίστευσεν
810 3494 878 3563 τῇ
911 3493 1046 3563 ἁκοῇ
1069 3491 1260 3563 ήμῶνς
1300 3511 1319 3543 ι
1360 3492 1537 3562 Ὅπερ
1565 3490 1663 3543 οὐκ
1686 3488 1802 3543 ἐστι

209 3585 418 3640 ταύτὸν
450 3583 547 3657 τῷ·
587 3584 771 3647 Οὐδεὶς
814 3584 1103 3639 ἐπίστευσε
1154 3586 1223 3657 τῇ
1238 3584 1372 3653 ἁκοῇ
1403 3582 1581 3653 ἡμῶν·
1618 3580 1805 3650 σαφῶς

217 3675 332 3747 γάρ
363 3692 445 3729 τοι
488 3675 657 3730 πολλά
697 3674 873 3747 πλήθη
908 3674 1018 3728 τῶν
1060 3673 1121 3745 ἐξ
1164 3674 1355 3737 ἐθνῶν,
1401 3673 1495 3728 καὶ
1519 3673 1698 3728 αὐτῶν
1730 3674 1793 3745 δή

218 3785 369 3833 τινες
407 3767 515 3822 τῶν
549 3770 612 3822 ἐκ
645 3768 976 3838 περιτομῆς,
1029 3766 1425 3823 πεπιστεύκασι
1454 3767 1520 3837 τῇ
1552 3766 1681 3836 περὶ
1712 3763 1806 3817 τοῦ

218 3859 647 3932 Χριστοῦἀκοῇ·
679 3861 772 3914 καὶ
799 3880 815 3909 ι
840 3859 870 3917 ὁ
898 3858 1135 3930 βραχίων
1159 3858 1236 3924 δὲ,
1261 3878 1280 3910 ι
1315 3858 1469 3929 φησι,
1497 3876 1517 3909 ι
1542 3857 1802 3928 Κυρίου,ι

218 3951 366 4005 τοῦτ’
400 3950 546 4006 ἐστιν
582 3954 611 4005 ὁ
650 3950 834 4023 προὼν
862 3950 957 4012 τοῦ
991 3950 1124 4005 Θεοῦ
1160 3952 1354 4019 Λόγος,
1392 3968 1411 4001 ι
1452 3951 1559 4003 τίνι
1596 3950 1806 4003 ἀπεκα-

218 4043 430 4116 λύφθης
469 4065 488 4095 ι
521 4045 693 4109 Αὐτὸς
719 4047 752 4100 ἁ
776 4044 931 4114 λόγος
962 4047 1019 4099 ἐν
1046 4046 1189 4116 ἀρχῇ
1213 4044 1314 4115 τῆς
1361 4042 1699 4116 προφητείας
1730 4042 1809 4095 δι·

219 4137 411 4192 δάσκει
437 4136 630 4207 λέγων·
669 4158 686 4188 ι
708 4138 816 4197 Καὶ
841 4136 1182 4195 ἀποκαλύψει
1207 4138 1408 4208 Κύριος
1433 4136 1523 4189 τὸν
1551 4134 1810 4209 βραχίονα

219 4227 316 4281 τὸν
345 4229 497 4297 ἆγιον
529 4227 694 4283 αὑτοῦ
725 4227 954 4282 ἐνώπιον
985 4228 1203 4282 πάντων
1227 4228 1335 4281 τῶν
1365 4227 1555 4281 ἐθνῶν.
1589 4246 1607 4277 ι
1649 4226 1808 4296 Ἑξῆς

220 4328 409 4389 αὐτοῖς
442 4324 661 4392 λέγεται
682 4340 695 4355 ⁸
749 4341 770 4375 ι
817 4320 1242 4392 Ἀνηγγείλαμεν
1274 4320 1503 4375 ἐνώπιον
1536 4320 1699 4374 αὑτοῦ
1734 4320 1811 4382 ὼς

218 4418 463 4482 παιδίον,
497 4416 572 4480 ὡς
603 4416 726 4487 ῥίζα
760 4416 816 4469 ἐν
838 4418 909 4487 γῇ
934 4414 1163 4487 διψώσῃ*
1188 4414 1290 4467 οὐκ
1318 4413 1463 4467 ἐστιν
1497 4409 1634 4477 εἶδος
1661 4412 1810 4483 αὐτῷ

1902 1950 2186 1992 sermones
2206 1936 2330 2006 ejus
2365 1936 2549 1991 conati
2579 1941 2766 1990 essent
2805 1943 2967 2003 atque
2982 1932 3487 1999 doctrinam,etillo

1902 2026 2265 2081 nihilominus
2281 2025 2336 2080 in
2359 2026 2537 2096 majus
2559 2024 2946 2089 invalesceret,
2970 2023 3289 2092 praeclarus,
3320 2023 3489 2095 incly-

1902 2125 2013 2181 tus,
2038 2126 2093 2171 et
2123 2116 2378 2173 sublimis
2415 2115 2709 2182 factus,ita
2744 2125 2802 2169 ut
2832 2114 3160 2171 manifestus
3196 2114 3346 2170 ﬁeret
3374 2128 3484 2170 non

1902 2207 2066 2262 modo
2082 2207 2150 2262 iis
2162 2207 2255 2278 qui
2274 2222 2303 2259 a
2321 2205 2573 2277 patribus
2585 2204 2653 2260 de
2670 2205 2792 2275 ipso
2808 2204 3121 2275 prcphetias
3138 2210 3485 2274 acceperant,

1904 2301 2186 2370 sed,quod
2221 2301 2393 2354 multo
2409 2300 2586 2370 magis
2607 2299 2911 2352 mirandum
2945 2304 3123 2359 est,et
3152 2296 3262 2350 illis
3286 2294 3501 2365 quibus.

1903 2391 2038 2445 nihil
2072 2406 2311 2461 unquam
2340 2388 2409 2444 de
2440 2404 2507 2444 eo
2532 2388 2916 2443 annuntiatum
2932 2386 3131 2450 fuerat,
3154 2386 3364 2441 scilicet
3389 2399 3493 2440 no-

1899 2484 1987 2539 bis
2024 2485 2299 2554 gentibus.
2325 2480 2430 2548 Qui
2462 2488 2517 2536 et
2548 2480 2771 2534 minime
2799 2478 3096 2550 quidquam
3124 2490 3156 2530 a
3179 2476 3501 2544 majoribus.

1903 2577 2279 2639 audieramus,
2331 2588 2469 2628 nere
2527 2572 2595 2626 de
2644 2572 2766 2641 ejus
2814 2570 3054 2625 adventu
3097 2568 3499 2630 didiceramus,

1903 2685 2029 2725 eum
2075 2668 2294 2723 venisse
2337 2666 2718 2735 cognovimus,
2775 2663 3198 2733 accepimusque
3250 2660 3317 2715 de
3366 2659 3501 2727 ipso.

1905 2760 2245 2832 prophetias.
2273 2756 2406 2825 Qum
2436 2765 2617 2811 autem
2645 2755 2950 2827 praevidens
2980 2754 3265 2825 propheta,
3292 2754 3491 2825 spiritu

1905 2852 2121 2909 alllatus
2142 2852 2351 2917 divino,
2376 2848 2678 2904 admiratus
2708 2848 2981 2902 exclamat
3005 2866 3018 2901 :
3047 2866 3066 2898 ι
3094 2846 3336 2911 Domine,
3365 2846 3501 2917 quis

1907 2946 2141 3003 credidit
2178 2944 2391 3000 auditui
2434 2941 2666 2997 nostro?
2710 2961 2730 2994 ι
2765 2939 2923 3007 Quod
2955 2955 3066 2995 non
3119 2939 3260 2995 idem
3295 2946 3380 2994 est
3426 2954 3513 2995 ac:

1908 3040 1954 3095 si
1980 3041 2194 3094 (liceret
2223 3056 2237 3092 :
2274 3034 2467 3091 Nullus
2489 3034 2676 3090 credet
2708 3033 2920 3087 auditui
2958 3041 3172 3089 nostro.
3205 3030 3494 3088 Manifesta

1907 3133 2054 3188 enim
2096 3145 2291 3201 magna
2343 3126 2638 3184 multitudo
2689 3127 2957 3197 gentium,
2994 3125 3349 3196 ipsorumque
3392 3122 3494 3179 Ju-

1907 3223 2149 3277 daeorum
2182 3219 2432 3275 nonnulli
2479 3218 2548 3273 de
2594 3216 2818 3273 Christo
2871 3214 3083 3270 auditui
3117 3213 3489 3269 crediderunt.

1904 3313 1970 3367 Et
1995 3332 2013 3365 ι
2038 3312 2343 3375 brachium,
2370 3331 2389 3363 ι
2410 3311 2506 3378 ait,
2530 3331 2548 3360 ι
2575 3308 2811 3371 Domini,
2829 3327 2849 3361 ι
2876 3308 3084 3363 scilicet
3107 3306 3493 3377 praeexsistens

1905 3406 2001 3461 Dei
2031 3405 2287 3465 Verbum,
2312 3424 2331 3456 ι
2356 3404 2444 3459 cui
2470 3403 2767 3458 revelatum
2800 3401 2924 3457 est?
2946 3418 2966 3452 ι
2995 3398 3113 3470 Ipse
3145 3399 3291 3454 enim
3311 3413 3494 3453 sermo

1906 3496 1961 3550 in
1989 3495 2144 3548 initio
2169 3492 2467 3564 prophetiae
2497 3494 2658 3547 docet
2683 3491 2875 3546 dicens
2908 3507 2923 3543 :
2958 3508 2978 3540 ι
3009 3486 3076 3542 Et
3102 3486 3360 3543 revelabit
3388 3486 3497 3541 Do-

1907 3586 2092 3640 minus
2137 3584 2425 3639 brachium
2458 3590 2708 3638 sanctum
2756 3596 2916 3637 suum
2962 3580 3015 3634 in
3057 3586 3353 3650 conspectu
3385 3592 3497 3631 om-

1909 3679 2062 3732 nium
2096 3677 2363 3748 gentium.
2408 3696 2425 3727 ι
2459 3673 2593 3731 Post
2644 3676 2762 3729 haec
2789 3675 2994 3729 dicitur
3026 3692 3039 3728 :
3069 3692 3088 3724 ι
3129 3672 3197 3726 Ει
3227 3672 3492 3727 ascendet

1908 3772 2053 3826 sicut
2085 3771 2381 3839 virgultum
2412 3783 2597 3822 coram
2637 3782 2726 3832 eo,
2769 3776 2824 3822 et
2863 3766 3008 3821 sicut
3039 3764 3198 3820 radix
3227 3765 3295 3820 de
3335 3771 3481 3819 terra

1910 3862 2137 3919 sitienti.
2166 3860 2285 3915 Non
2315 3867 2400 3915 est
2434 3860 2646 3931 species
2676 3858 2748 3924 ei,
2795 3874 2973 3928 neque
3007 3858 3175 3912 decor
3208 3874 3225 3912 :
3266 3868 3319 3911 et
3354 3856 3493 3910 vidi-

1909 3970 2034 4010 mus
2062 3969 2210 4021 eum,
2255 3960 2310 4008 et
2360 3966 2469 4006 non
2500 3959 2618 4006 erat
2675 3962 2953 4021 aspectus,
3010 3964 3189 4019 neque
3235 3947 3493 4003 formosi-

1911 4057 2018 4110 tas,
2049 4065 2068 4099 ι
2093 4056 2147 4101 et
2175 4060 2297 4116 quae
2342 4052 2669 4114 sequuntur,
2700 4058 2821 4113 quae
2855 4043 3039 4097 omnia
3074 4041 3293 4109 impleta
3328 4045 3482 4105 sunt,

1909 4138 2132 4210 quando
2169 4138 2498 4192 exinaniens
2525 4135 2899 4205 semetipsum,
2934 4134 3144 4203 abjecta
3170 4130 3263 4187 Dei
3293 4130 3489 4197 forma,

1915 4233 2150 4304 speciem
2181 4230 2367 4301 elegit,
2402 4244 2511 4284 non
2545 4242 2666 4299 quae
2699 4226 2845 4297 apud
2881 4225 3131 4281 homines
3172 4223 3412 4279 formosa
3439 4235 3494 4280 et

1910 4325 2109 4380 decora
2143 4322 2396 4385 habetur,
2429 4322 2708 4390 vitamque
2737 4318 2885 4387 degit
2912 4316 3205 4370 humanam
3236 4314 3356 4370 sine
3391 4312 3495 4369 bo-

1913 4417 2124 4470 minum
2154 4414 2349 4484 gloria,
2384 4413 2504 4468 sine
2532 4413 2715 4482 aliqua
2741 4410 3033 4465 mundanae
3051 4407 3334 4479 dignitatis
3357 4422 3497 4479 prae-

217 4508 344 4567 οὐδὲ
376 4507 524 4573 δόξα,
558 4508 654 4560 κα)⁸
686 4505 899 4578 εἴδομεν
951 4507 1135 4570 αὑτὸν,
1186 4506 1280 4560 καὶ
1325 4506 1428 4559 οὐκ
1474 4501 1619 4575 εἶχεν
1669 4501 1802 4568 εἶδος

1912 4507 2188 4570 cellentia,
2228 4505 2459 4561 formam
2490 4520 2621 4559 vero
2665 4504 2809 4559 servi
2843 4510 2898 4559 et
2944 4500 3181 4556 ministri
3213 4500 3490 4571 accipiens

219 4602 344 4657 οὐδὲ
382 4600 597 4665 κάλλος,
629 4620 648 4652 ι
671 4599 766 4653 καὶ
790 4601 859 4654 τά
884 4600 1033 4671 ἑξῆς,
1063 4600 1101 4655 ὃ.
1133 4599 1227 4653 καὶ
1255 4599 1394 4655 αὐτά
1423 4598 1801 4671 πεπλήρωται,

217 4693 312 4747 ὅτε
343 4690 585 4755 κενώσας
619 4690 807 4744 ἐαυτὸν
845 4691 942 4761 τῆς
975 4689 1069 4744 τοῦ
1112 4690 1248 4763 Θεοῦ
1289 4690 1527 4763 μορφῆς,
1562 4689 1682 4743 οὺδέ
1707 4690 1806 4760 τὴν

217 4785 298 4851 ὡς
339 4786 397 4837 ἐν
434 4782 741 4855 ἀνθρώποις
783 4782 963 4852 εὐειδῆ
1006 4784 1100 4836 καὶ
1135 4784 1449 4855 εὐσχήμονα
1480 4780 1807 4849 κατελέξατο

222 4875 691 4949 προσωποποιίαν,
728 4875 848 4928 οὐδὲ
883 4874 982 4946 μὲν
1009 4874 1137 4947 δόξῃ
1174 4877 1240 4946 τῇ
1278 4877 1410 4946 παρ’
1435 4874 1741 4946 ἀνθρώποις
1769 4874 1805 4946 ἦ

221 4969 495 5047 κοσμικῆς
540 4985 689 5032 τινος
735 4967 1007 5039 ὑπεροχῆς
1041 4966 1299 5039 περιϐολῇ
1341 4967 1433 5021 τὸν
1466 4966 1804 5040 ἀνθρώπινον

216 5058 464 5131 διεξῆλθε
500 5059 633 5131 βίον,
664 5059 877 5132 μορφὴν
904 5058 961 5112 δέ
990 5058 1177 5112 δούλου
1210 5059 1305 5113 καὶ
1340 5058 1588 5113 διακόνου
1626 5059 1806 5113 λαϐὼν

222 5151 586 5211 ἐταπείνωσεν
632 5151 823 5205 ἐαυτὸν
870 5150 963 5204 καὶ
1013 5150 1237 5219 γέγονεν
1275 5150 1351 5216 ὡς
1392 5151 1696 5223 ἄνθρωπος,
1745 5155 1804 5206 ὲν

224 5241 414 5316 πληγῇ
439 5241 513 5295 ὢν
540 5242 634 5296 καὶ
659 5241 814 5305 είδὼς
839 5242 1028 5314 φέρειν
1058 5242 1352 5313 μαλακίαν,
1376 5243 1731 5318 ἀπέστραπτο
1751 5244 1810 5298 δὲ

224 5333 321 5389 καὶ⁵
352 5334 741 5407 ἀποκέκρυπτο
785 5333 860 5405 (I)
890 5335 990 5405 τῆς
1018 5333 1274 5406 θεότητος
1306 5334 1474 5389 αὑτοῦ
1505 5336 1566 5389 τὸ
1603 5335 1811 5400 ἔνδοξον

224 5427 320 5481 καὶ
341 5426 521 5480 θεῖκδν
538 5426 849 5499 πρόσωπον·
874 5426 942 5480 δι’
958 5427 987 5481 δ
1017 5428 1112 5481 καὶ
1137 5427 1413 5500 ήτιμάσθη
1437 5428 1588 5500 παρά
1620 5431 1732 5491 τοῖς
1749 5428 1811 5481 τὸ

224 5518 564 5591 ἀνθρώπινον
591 5520 756 5574 αὑτοῦ
793 5520 952 5591 μόνον
978 5520 1425 5592 κατανενοηκόσι,
1453 5523 1581 5593 παρ’
1608 5515 1689 5584 οἷς
1716 5521 1808 5576 καὶ

223 5611 326 5670 οὐκ
352 5610 604 5683 ἐλογίσθη
624 5612 722 5681 οὐχ
761 5612 908 5677 ὅπως
944 5613 1025 5676 είς
1056 5613 1190 5666 Υἱὸν
1229 5611 1386 5675 Θεοῦ,
1426 5612 1543 5667 ἀλλ’
1584 5613 1691 5667 οὐδ’
1724 5615 1806 5677 είς

1913 4596 2219 4653 humiliavit
2245 4596 2603 4666 semetipsum
2631 4603 2686 4649 et
2718 4594 2897 4648 factus
2922 4601 3007 4647 est
3037 4600 3093 4645 ut
3110 4591 3275 4645 homo
3294 4604 3494 4657 verus;

1912 4691 2209 4760 despectus
2239 4696 2293 4743 et
2322 4689 2504 4743 sciens
2527 4686 2895 4747 inﬁrmitates,
2929 4684 3079 4739 exuit
3102 4680 3498 4752 absconditque

1913 4780 2220 4835 divinitatis
2245 4793 2360 4834 suae
2394 4778 2712 4849 praeclaram
2745 4776 3100 4846 divinamque
3130 4774 3379 4845 ﬁguram.
3409 4771 3497 4829 ldo

1914 4875 2063 4929 circo
2094 4874 2391 4944 despectus
2425 4880 2510 4928 est
2537 4872 2607 4927 ab
2648 4872 2715 4927 iis
2756 4871 2851 4942 qui
2888 4867 3265 4924 tantummodo
3298 4868 3496 4922 huma-

1912 4967 2141 5023 nitatem
2170 4966 2293 5035 ejus
2321 4967 2710 5037 respiciebant,
2754 4982 2856 5020 nec
2905 4977 3031 5019 eum
3064 4961 3157 5017 Dei
3189 4958 3385 5015 Filium
3410 4974 3498 5015 re-

1911 5058 2198 5129 putabant,
2235 5073 2339 5113 nec
2374 5059 2537 5113 etiam
2573 5058 2785 5129 justum
2828 5056 3087 5127 aliquem.
3140 5052 3338 5109 Dicunt
3367 5067 3497 5109 vero

1911 5152 2005 5223 qui
2035 5152 2151 5207 haec
2175 5151 2373 5221 spiritu
2402 5151 2733 5223 intelligunt,
2756 5148 2916 5221 quasi
2939 5153 3263 5205 enarrantes
3294 5147 3498 5202 docen-

1908 5252 2104 5314 tesque
2132 5242 2301 5313 hujus
2336 5244 2583 5315 mysterii
2618 5244 2921 5298 rationem:
2949 5259 2967 5292 ι
3002 5240 3101 5295 llic
3135 5244 3357 5308 peccata
3391 5251 3497 5292 nos

1908 5344 2022 5391 stra
2051 5337 2176 5391 tulit
2206 5344 2260 5389 et
2291 5351 2390 5406 pro
2421 5336 2581 5391 nobis
2609 5351 2807 5407 passus
2836 5342 2941 5389 est.
2975 5353 2995 5385 ι
3030 5331 3299 5388 Videbant
3322 5331 3492 5392 enim,

1907 5437 2071 5500 prout
2092 5429 2392 5499 prophetae.
2417 5444 2655 5499 quonam
2686 5428 2848 5483 modo
2876 5427 2965 5482 liet
2990 5444 3010 5477 ι
3044 5426 3233 5496 Agnus
3257 5423 3372 5487 Dei,
3401 5424 3498 5493 qui

1906 5522 2047 5576 tollit
2081 5531 2300 5591 peccata
2332 5521 2533 5577 mundi
2556 5521 2598 5573 ³.
2638 5541 2660 5575 ι
2694 5520 2825 5576 Post
2855 5520 2968 5574 haec
3001 5518 3331 5589 subjicitur:
3368 5531 3388 5567 ι
3428 5512 3498 5569 Et

1907 5629 2007 5670 nos
2042 5613 2356 5691 putavimus
2383 5629 2508 5671 eum
2538 5613 2694 5686 quasi
2740 5613 3039 5684 leprosum,
3071 5620 3124 5668 et
3166 5621 3493 5683 percussum

297 5702 493 5757 'Joan.
530 5719 605 5765 vl,
636 5703 738 5768 ης
767 5703 956 5758 Matth.
1002 5720 1126 5770 xm,
1159 5704 1248 5760 55.
1328 5708 1349 5737 ³
1380 5705 1523 5764 Psal.
1561 5721 1619 5771 Il,
1657 5705 1711 5761 2.
1792 5706 1813 5737 ³
1837 5704 1975 5761 Joan
2006 5721 2044 5771 ι,
2074 5704 2164 5761 29.

301 5795 379 5871 (I)
407 5792 665 5854 Fortasse
686 5796 785 5866 leg.
806 5794 1210 5867 ἀπεκέκρυπτο.
1235 5796 1391 5855 Eon.
