4070 6464
576 371 716 426 125.7
1326 364 1594 421 EUSEB"
1613 360 2112 432 LESARIENSiS
2152 359 2164 409 ί

2265 357 2305 412 ).
2340 353 2522 411 PARS
2557 354 2648 411 ιιι.
2683 385 2753 397 ——
2792 350 3202 408 EXEGETICA.
3727 344 3860 400 1348

574 507 603 546 a
639 490 771 553 Deo,
803 495 857 543 et
905 488 1274 543 humiliatum.
1330 484 1452 557 Ipse
1505 491 1686 538 autem
1719 482 2039 538 vulneratus
2079 484 2164 535 est

2266 474 2358 528 τὸν
2387 473 2621 545 τυχόντα
2650 470 2877 527 δίκαιον.
2903 468 3114 528 Φασὶ,δ’
3142 468 3190 521 οἱ
3224 467 3304 538 τῷ
3334 463 3610 536 πνεύματι

573 591 800 654 propter
827 580 1151 651 iniquitates
1181 588 1418 633 nostras.
1470 596 1492 630 ι
1542 576 1755 631 Revera
1792 575 1938 629 enim
1971 572 2163 628 vulne-

2267 564 2450 620 αὐτῶν
2485 561 2905 636 συνῃσθημένοι,
2943 559 3187 632 ὡσπερεὶ
3229 556 3579 628 διηγούμενοι
3611 555 3727 654 ’καὶ

572 679 730 728 ratus
765 679 871 735 est,
918 686 1043 726 cum
1083 668 1290 740 lapides
1342 682 1489 738 quos
1535 666 1873 736 conjicerent
1906 665 1963 718 in
2013 677 2160 727 eum,

2266 657 2448 711 αίτίαν
2487 657 2586 727 τῆς
2614 655 2869 725 τοιαύτης
2912 651 3225 722 οἰκονομίας
3255 645 3744 716 διδάσκοντοςϐες)

574 765 947 835 arripuerunt.
983 762 1049 816 Et
1069 782 1087 814 ι
1111 734 1333 817 attritus
1358 734 1463 824 est,
1488 761 1585 827 ait,
1610 734 1833 830 propter
1844 758 2054 815 scelera
2065 773 2164 812 no-

2271 766 2291 799 ι
2325 742 2497 808 Οῦτος
2541 742 2642 807 τὰς
2692 741 2967 814 ἁμαρτίας
3010 738 3170 835 ἡμῶν
3220 738 3396 809 φέρει,
3420 737 3515 790 καὶ
3539 736 3676 835 περὶ
3699 734 3857 835 ἡμῶν

573 866 710 911 stra.
726 874 743 907 ι
769 854 962 911 Melius
983 855 1130 910 enim
1155 869 1318 924 quam
1340 853 1543 908 Paulus
1568 852 1800 907 inﬁrmis
1821 849 2165 920 compatiens

572 946 829 1002 Christus
866 945 1052 1002 dicere
1102 946 1278 1017 potuit
1314 961 1331 1001 :
1374 966 1391 995 ι
1415 943 1551 1011 Quis
1595 942 1929 1007 inﬁrmatur,
1955 949 2013 996 et
2052 957 2165 996 non

574 1038 825 1095 infirmor
856 1038 921 1092 ‘?
965 1058 983 1091 ι
1023 1038 1147 1093 llaec
1177 1052 1304 1092 vero
1335 1037 1518 1091 onmia
1560 1034 1859 1091 conﬁtetur
1901 1033 2164 1104 propheta

574 1141 799 1203 propter
831 1131 1034 1201 ipsum,
1071 1145 1400 1199 omnemque
1433 1128 1692 1198 populum
1718 1141 2011 1198 passurum
2041 1141 2166 1181 esse

576 1224 754 1287 illum,
790 1223 859 1279 de
906 1237 1016 1294 quo
1058 1221 1264 1277 dicitur
1299 1237 1314 1273 :
1356 1240 1375 1272 ι
1422 1219 1759 1275 Vulneratus
1803 1227 1892 1275 est
1942 1226 2168 1291 prOpter

577 1316 895 1388 iniquitates
930 1324 1175 1381 nostras,
1198 1322 1253 1369 et
1292 1313 1516 1367 attritus
1551 1321 1637 1368 est
1684 1322 1911 1383 propter
1953 1311 2167 1368 scelera

574 1416 793 1464 nostra.
830 1426 850 1461 ι
884 1406 957 1461 Se
990 1409 1168 1477 ipsum
1195 1420 1419 1476 quoque
1445 1405 1744 1475 designans
1762 1404 1953 1474 adjicit
1984 1423 1997 1456 :
2034 1422 2053 1455 ι
2084 1402 2169 1458 Ι..ἰ-

574 1516 709 1556 vore
755 1502 876 1571 ejus
926 1501 1105 1554 sanati
1150 1514 1362 1556 sumus.
1406 1518 1426 1550 ι
1485 1498 1771 1554 Manifeste
1822 1499 2166 1570 prospiciens

574 1604 736 1661 quem
762 1591 818 1644 in
841 1606 1084 1645 errorem
1111 1590 1414 1644 declinaret
1438 1589 1883 1645 circumcisionis
1907 1590 2162 1660 populus,

573 1684 886 1753 certiorque
916 1683 1129 1738 nullum
1162 1697 1391 1752 prorsus
1421 1681 1698 1736 hominem
1732 1682 1945 1752 peccati
1968 1682 2168 1735 immu-

574 1792 700 1831 nem
733 1791 877 1841 csse,
909 1777 1008 1830 etsi
1038 1775 1387 1844 justissimus
1424 1774 1698 1839 videatur,
1745 1772 1897 1828 addit
1931 1792 1944 1827 :
1982 1792 2000 1825 ι
2034 1772 2167 1827 Om»

575 1884 674 1923 nes
698 1884 798 1923 nos
820 1869 975 1939 quasi
997 1884 1129 1924 oves
1157 1867 1465 1923 erravimus
1492 1886 1505 1921 :
1541 1866 1919 1938 unusquisque
1939 1866 1994 1921 in
2022 1867 2164 1921 viam

576 1975 733 2014 suam
771 1961 1069 2015 declinavit
1106 1978 1120 2015 :
1152 1968 1208 2015 et
1255 1962 1439 2031 posuit
1468 1959 1737 2017 Dominus
1772 1961 1827 2016 in
1856 1977 1923 2017 eo
1961 1961 2168 2033 iniqui-

579 2061 747 2107 tatem
781 2055 1026 2107 omnium
1071 2061 1346 2116 nostrum,
1383 2071 1403 2105 ι
1443 2062 1497 2108 et
1530 2069 1653 2123 qua:
1682 2063 2011 2125 sequuntur,
2046 2070 2168 2125 quae

574 2146 764 2213 procul
800 2144 970 2201 dubio
998 2163 1094 2217 per
1125 2163 1295 2207 unum
1329 2145 1671 2203 Salvatorem
1696 2155 1948 2205 nostrum
1976 2146 2167 2203 Jesum

574 2236 785 2289 exitum
813 2236 1075 2293 habuisse
1106 2238 1575 2292 demonstrantur.
1602 2236 1814 2293 Exinde
1835 2253 2167 2309 magnopere

574 2327 825 2382 miranda
865 2337 950 2384 est
981 2329 1200 2383 illorum
1234 2329 1535 2393 induratio,
1592 2330 1685 2400 qui
1735 2328 1879 2399 apud
1928 2329 2167 2399 priorem

573 2421 831 2491 lepidum
858 2436 983 2476 eum
1016 2435 1315 2493 agnoscere
1343 2421 1661 2485 noluerunt,
1687 2431 1986 2478 causantes
2014 2437 2163 2486 eum,

572 2528 735 2581 quem
756 2513 1070 2584 opprobriis
1100 2513 1455 2570 etderisione
1485 2514 1907 2576 lacessiverant,
1942 2512 2167 2584 indigna

575 2617 798 2673 passum
844 2619 969 2660 esse
999 2603 1095 2660 Dei
1126 2605 1182 2658 in
1216 2606 1394 2675 ipsum
1447 2605 1843 2661 sollicitudine.
1880 2604 2170 2662 Manifesta

573 2703 841 2765 praeterea
875 2695 1219 2752 exclamante
1270 2696 1535 2767 propinata
1568 2696 1635 2752 de
1671 2712 1758 2761 eo,
1794 2698 1942 2768 quod
1976 2717 1995 2751 ι
2025 2698 2170 2754 sicut

573 2784 694 2839 ovis
727 2785 793 2838 ad
839 2784 1178 2841 occisionem
1223 2785 1427 2842 ductus
1456 2795 1562 2853 est,
1591 2795 1647 2843 et
1675 2789 1837 2859 quasi
1868 2803 2044 2861 agnus
2072 2805 2168 2846 co-

574 2890 694 2929 ram
728 2875 986 2932 tondente
1015 2893 1075 2934 se
1104 2879 1384 2932 obmutuit
1416 2896 1519 2935 nec
1561 2881 1777 2950 aperuit
1807 2896 1870 2937 os
1908 2896 2102 2948 suum;
2141 2900 2165 2933 ι

573 2975 628 3023 et
668 2986 686 3019 ι
722 2970 848 3039 quia
894 2970 1180 3026 abscissus
1221 2981 1305 3027 est
1338 2973 1407 3028 de
1432 2982 1577 3042 terra
1612 2974 1934 3029 viventium.
1972 2994 1991 3028 ι
2029 2973 2169 3042 Quis

582 3070 764 3115 autem
810 3077 920 3116 non
985 3062 1289 3119 admiretur
1343 3081 1464 3136 qum
1527 3074 1652 3136 post
1702 3067 1821 3123 haec
1864 3066 2163 3134 adduntur,

2264 838 2538 891 όδυνᾶται·
2587 853 2606 888 ι
2642 833 2831 906 ἑώρων
2860 831 2990 903 γάρ,
3025 827 3110 884 οἷα
3143 830 3207 901 δὴ
3247 829 3541 901 προφῆται,
3572 827 3705 880 τίνα
3735 825 3859 896 τρό-

2266 946 2368 984 πον
2389 930 2682 1000 γενήοεται
2707 926 2878 997 ἀμνὸς
2900 924 2994 979 τοῦ
3017 923 3176 990 Θεοῦ,
3213 942 3234 975 ι
3266 923 3434 993 αἴρων
3457 919 3556 993 τὴν
3574 919 3860 991 ἁμαρτίαν

2263 1021 2358 1075 τοῦ
2385 1022 2614 1092 κόσμου.
2651 1040 2669 1072 ι
2715 1018 3065 1088 Ἐπιφέρεται
3092 1015 3323 1079 τούτοις·
3364 1032 3383 1066 ι
3426 1014 3621 1084 Ἡμεῖς
3648 1010 3717 1065 δὲ
3744 1011 3862 1064 ἑλο-

2263 1112 2538 1185 γισάμεθα
2575 1112 2737 1166 αὐτὸν
2769 1106 2907 1164 εἶναι
2937 1111 2995 1163 ὲν
3027 1109 3174 1178 πόνῳ
3210 1107 3304 1162 καὶ
3342 1108 3402 1159 ἐν
3442 1103 3624 1177 πληγῇ
3664 1103 3770 1157 καὶ
3800 1105 3860 1157 ὲν

2267 1204 2528 1261 κακὼσεν
2577 1204 2739 1269 αὐτὸς
2792 1204 2850 1257 δὲ
2890 1200 3299 1275 ἐτρωματίσθη
3342 1198 3432 1253 διὰ
3478 1200 3581 1263 τὰς
3622 1197 3860 1268 ἀνομίας

2264 1303 2443 1375 ἡμῶν·
2478 1321 2496 1354 ι
2520 1300 2749 1370 δυνάμει
2780 1297 2888 1370 γὰρ
2910 1297 3006 1352 καὶ
3029 1294 3456 1369 ὲτραυματίσθη,
3486 1294 3576 1347 ὅτε
3600 1288 3754 1363 ἦραν
3779 1289 3860 1341 λοξ-

2267 1395 2394 1460 θους
2419 1394 2602 1466 βαλεῖν
2627 1392 2712 1446 ἐπ’
2732 1391 2913 1446 αὐτόν·
2933 1390 3026 1443 καὶ
3058 1408 3077 1440 ι
3109 1387 3510 1460 μεμαλάκισται
3529 1405 3547 1438 ι
3580 1385 3662 1448 δὲ,
3700 1383 3859 1455 φησὶ,

2272 1504 2291 1538 ι
2320 1485 2407 1540 διὰ
2432 1484 2530 1550 τὰς
2559 1486 2835 1560 ἁμαρτίας
2858 1482 3038 1555 ἡμῶν.
3064 1501 3082 1534 ι
3119 1480 3334 1535 Μᾶλλον
3362 1479 3472 1551 γὰρ
3503 1478 3729 1532 Παύλου
3750 1478 3862 1539 τοῖς

2267 1578 2517 1633 ἀσθενέσι
2563 1575 2965 1649 συνασθενήσας
3007 1573 3262 1646 Χριστὸς,
3308 1569 3461 1626 εἶπεν
3489 1573 3558 1626 ἀν
3587 1571 3672 1624 τό·
3714 1590 3737 1621 ‹
3765 1569 3863 1632 Τίς

2269 1670 2503 1737 ἀσθενεῖ,
2537 1671 2631 1725 καὶ⁵
2650 1672 2752 1725 οὐκ
2775 1667 2989 1724 ἀσθενῶ
3011 1686 3025 1735 ;
3066 1686 3084 1720 ι
3114 1667 3299 1721 Ταῦτα
3324 1665 3381 1719 δὲ
3405 1666 3583 1719 πάντα
3600 1662 3865 1735 ὁμολογεῖ

2268 1766 2298 1818 ὁ
2330 1766 2620 1835 προφήτης
2667 1762 2733 1816 δι’
2764 1762 2924 1815 αὐτόν
2955 1778 3015 1814 τε
3043 1761 3138 1815 καὶ
3166 1761 3259 1814 τὸν
3305 1758 3485 1813 πάντα
3512 1756 3644 1811 λαὸν
3674 1756 3864 1809 πείσε-

2195 1835 2243 1895 B
2271 1855 2394 1911 σθαι
2440 1856 2532 1909 τὸν
2574 1855 2706 1926 περὶ
2737 1851 2798 1911 οὗ
2832 1856 2862 1907 ὁ
2888 1854 3063 1922 λόγος·
3102 1872 3121 1905 ι
3175 1849 3616 1927 Ἐτραυματίσθη
3656 1868 3678 1901 ι
3729 1850 3860 1920 γὰρ,

2269 1949 2426 2019 φησὶ,
2455 1966 2474 1998 ι
2504 1946 2593 2001 διά
2619 1947 2720 2012 τὰς
2750 1947 2980 2019 ἀνομίας
3008 1948 3041 2017 ἡ
3052 1945 3190 2017 μῶν,
3219 1947 3315 2000 καί⁹
3341 1942 3863 2017 μεμαλάκισταιδιά

2265 2040 2365 2104 τὰς
2388 2038 2676 2111 ’ἁμαρτίας
2707 2042 2739 2111 ἡ
2750 2040 2885 2110 μῶν·
2917 2058 2935 2092 ι
2982 2038 3401 2108 συγκαταλέγων
3423 2053 3483 2091 τε
3514 2036 3713 2090 ἑαυτὸν
3741 2036 3861 2087 ὲπι-

2268 2132 2422 2204 φέρει
2458 2130 2650 2200 λέγων’
2688 2150 2707 2181 ι
2750 2129 2841 2201 Τῷ
2874 2130 3102 2202 μώλωπι
3133 2129 3297 2184 αὐτοῦ
3335 2130 3495 2200 ἡμεῖς
3541 2126 3798 2198 ίάθημεν.
3833 2145 3853 2177 ι

2269 2223 2463 2292 Σαφῶς
2496 2240 2554 2276 τε
2586 2222 2786 2295 ἐνορῶν
2820 2223 2916 2294 τὴν
2949 2223 3247 2294 γενομένην
3287 2224 3372 2275 ἐπ’
3405 2220 3556 2292 αύτῷ
3588 2221 3758 2273 παντὶ
3783 2219 3861 2288 τῷ

2268 2316 2334 2368 ὲκ
2365 2314 2667 2386 περιτομῆς
2696 2313 2812 2386 λαῷ
2840 2314 3071 2385 πλάνην,
3108 2315 3201 2367 καὶ
3232 2314 3315 2367 ὅτι
3354 2312 3428 2386 μὴ
3460 2312 3608 2366 ἔστιν
3640 2312 3858 2383 ἀνθρω-

2268 2426 2369 2474 πος
2393 2409 2450 2473 ὃς
2493 2410 2593 2481 οὐχ
2622 2410 3024 2482 ἁμαρτήσεται,
3066 2409 3168 2463 κᾶν
3203 2412 3233 2463 ὁ
3271 2410 3489 2464 πάντων
3516 2408 3859 2473 δικαιότατος

2267 2494 2407 2553 εἶναι
2437 2499 2592 2571 δοκῇ,
2632 2500 2895 2570 ἐπιλέγειο
2925 2519 2943 2552 ι
2971 2500 3178 2564 Πάντες
3203 2500 3281 2565 ὼς
3304 2500 3550 2569 πρόϐατα
3586 2499 3648 2569 (f.
3687 2499 3757 2554 57
3781 2504 3858 2569 τ’)

2273 2593 2680 2665 ὲπλανήθημεψ
2720 2593 3005 2666 ἄνθρωπος
3034 2595 3135 2667 τὴν
3175 2593 3293 2649 ὁδὸν
3338 2593 3503 2648 αὑτοῦ
3551 2592 3859 2665 ἐπλανήθηο

2270 2687 2368 2740 καὶ
2386 2686 2591 2759 Κύριος
2608 2687 2924 2760 παρέδωκεν
2945 2687 3106 2740 αὐτὸν
3135 2689 3254 2750 ταῖς
3287 2687 3587 2758 ἁμαρτίαις
3624 2684 3807 2757 ήμῶν·
3832 2705 3853 2738 ι

2271 2780 2365 2834 καὶ
2392 2779 2464 2833 τά
2492 2780 2704 2845 τούτοις
2732 2779 3023 2845 ἀκόλουθα,
3048 2778 3085 2833 ὃ.
3110 2780 3206 2833 καὶ
3227 2779 3614 2851 ἀναμφιλόγως
3642 2781 3741 2833 ἐπὶ
3762 2779 3861 2851 μό-

2268 2893 2363 2931 νου
2380 2875 2476 2930 τοῦ
2508 2877 2763 2948 Σωτῆρος
2788 2876 2945 2946 ἡμῶν
2981 2874 3155 2946 Ἰησοῦ
3177 2877 3347 2947 πέρας
3373 2874 3633 2947 εἰληφότα
3653 2874 3859 2927 δείκνυο

2266 2985 2378 3022 ται-
2406 2968 2531 3022 ὅθεν
2558 2970 2653 3022 καὶ
2679 2969 2978 3041 θαυμάζειν
2999 2968 3148 3033 ἄξιον
3175 2968 3276 3040 τῆς
3297 2966 3606 3040 πωρώσεως
3627 2968 3757 3031 τοὺς
3780 2967 3859 3038 μὴ

2270 3061 2664 3133 προσιεμένους
2694 3063 2855 3115 αὐτὸν
2881 3061 2976 3115 τοῦ
3006 3062 3270 3134 προτέρου
3309 3060 3439 3114 λαοῦ
3476 3063 3747 3132 προφάσει
3786 3060 3859 3113 δι’

575 3154 898 3223 prophetam
928 3154 1201 3212 dicentem
1234 3156 1466 3214 audiens
1493 3174 1507 3210 :
1538 3176 1558 3210 ι
1598 3157 1830 3230 Propter
1859 3160 2042 3217 scelus
2066 3175 2164 3230 po-

2269 3148 2345 3209 ὦν
2370 3153 2713 3218 ἐπεδείξαντο
2736 3155 2857 3207 κατ’
2892 3154 3078 3217 αὑτοῦ,
3114 3154 3198 3223 ἐφ’
3226 3148 3307 3217 οἷς
3330 3154 3587 3225 ἐπιγελᾷν
3618 3155 3718 3209 καὶ
3735 3155 3858 3209 δια-

575 3247 689 3316 ρυιίί
718 3247 824 3302 mei
851 3248 1053 3304 ductus
1076 3257 1161 3304 est
1200 3249 1267 3304 ad
1300 3252 1573 3306 mortem?
1607 3270 1625 3303 ι
1652 3252 1760 3305 Aut
1794 3252 1969 3308 cuivis
2001 3253 2166 3308 verba

574 3352 686 3391 non
720 3338 1039 3404 deﬁcerent,
1084 3340 1326 3410 propriis
1374 3343 1606 3398 auribus
1666 3344 1907 3400 audienti
1955 3342 2167 3401 Christi

574 3446 788 3497 vocem,
821 3448 924 3488 nec
960 3434 1307 3506 intelligenti,
1352 3437 1438 3491 vel
1488 3436 1788 3506 ipsissimis
1821 3438 2001 3494 oculis
2044 3439 2167 3508 ejus

574 3527 923 3594 praesentiam
943 3527 1280 3598 inspieienti,
1321 3545 1420 3586 nec
1438 3530 1684 3584 videnti?
1700 3530 2003 3597 Quemnam
2020 3532 2168 3587 enim

577 3617 743 3670 alium
780 3616 1042 3673 haberent
1069 3618 1364 3676 ostendere
1404 3620 1683 3691 justorum
1720 3631 1941 3702 propter
1972 3639 2169 3679 eorum

576 3708 784 3763 scelera
824 3709 892 3763 ad
942 3717 1177 3766 mortem
1214 3710 1604 3767 ductum?aut
1635 3716 1757 3784 quis
1801 3717 1930 3772 talis
1978 3715 2163 3782 fuerit,

577 3801 670 3868 qui
719 3800 1037 3872 iniquitates
1072 3804 1253 3859 omnis
1287 3804 1497 3874 populi,
1533 3806 1893 3878 ipsorumque
1927 3809 2166 3880 prophe-

578 3900 758 3944 tarum
792 3892 1031 3953 tulisset,
1074 3901 1129 3949 et
1178 3909 1275 3964 pro
1305 3897 1389 3951 eis
1433 3911 1634 3966 passus
1684 3906 1853 3962 esset,
1886 3899 1960 3953 ita
1991 3909 2052 3954 ut
2099 3899 2168 3954 li-

575 4000 706 4039 vere
751 3984 873 4053 ejus
908 4000 1101 4042 omnes
1147 3986 1272 4042 illos
1319 3998 1545 4044 sanatos
1597 3988 1768 4046 fuisse
1811 3991 2165 4048 conﬁteretur

575 4077 842 4147 propheta
871 4077 1062 4133 dicens
1092 4096 1107 4134 :
1141 4097 1160 4129 ι
1191 4076 1292 4134 llic
1334 4080 1659 4150 iniquitates
1692 4090 1908 4138 nostras
1935 4085 2081 4148 tulit,
2113 4094 2167 4140 et

576 4183 678 4238 pro
697 4167 857 4221 nobis
880 4182 1080 4238 passus
1101 4174 1207 4232 est,
1240 4176 1296 4223 et
1326 4167 1499 4225 livore
1524 4168 1649 4238 ejus
1677 4170 1858 4224 sanati
1885 4171 2116 4226 sumus?
2139 4190 2159 4222 ι

575 4261 714 4326 Quis
757 4261 1011 4315 humana:
1040 4261 1317 4332 particeps
1367 4270 1580 4317 naturaa
1609 4262 1738 4319 talis
1768 4262 1940 4329 ﬁeret,
1974 4270 2035 4318 ut
2072 4278 2165 4320 ne-

575 4368 685 4423 que
723 4351 904 4407 verbis
948 4368 1126 4422 neque
1174 4353 1437 4423 operibus
1485 4354 1787 4424 quidquam
1832 4355 2161 4423 peccaverit,

501 4452 504 4455 ’
577 4452 638 4499 ιιι
680 4446 748 4501 de
788 4446 909 4515 ipso
956 4431 1142 4500 divina
1189 4457 1422 4501 testatur
1469 4445 1757 4517 Scriptura
1804 4447 1891 4503 his
1930 4448 2159 4504 verbis:

2273 3245 2458 3318 σύρειν
2500 3247 2685 3308 αὐτοῖς
2715 3245 2856 3311 ἔθος,
2898 3248 2974 3311 ὡς
3015 3246 3088 3319 μὴ
3121 3247 3245 3314 ἄξια
3289 3247 3594 3302 πεπονθότα
3630 3249 3736 3319 τῆς
3757 3248 3857 3304 τοῦ

2268 3338 2404 3393 Θεοῦ
2438 3340 2570 3412 περὶ
2594 3339 2758 3393 αὑτοῦ
2792 3340 3072 3413 φροντίδος
3098 3357 3111 3369 °
3153 3341 3338 3410 σαφῶς
3379 3342 3515 3414 πρὸς
3555 3345 3670 3406 τοῖς
3698 3345 3857 3416 εἰρη-

2272 3434 2453 3504 μένοις
2483 3432 2823 3497 ἀναόοῶντος
2859 3432 2954 3487 τοῦ
2985 3436 3265 3507 προφήτου
3297 3436 3426 3505 περὶ
3462 3434 3647 3496 αὑτοῦ,
3679 3435 3761 3489 ὅτι
3796 3453 3858 3489 τι

2274 3544 2294 3577 ι
2329 3525 2404 3589 ὡς
2457 3525 2727 3597 πρόϐατον
2748 3526 2841 3579 ἐπὶ
2871 3528 3085 3598 σφαγὴν
3112 3528 3274 3600 ῆχθη,
3305 3528 3400 3581 καὶ
3420 3528 3496 3591 ὡς
3513 3527 3686 3598 ἀμνὸς
3707 3530 3859 3581 ἐναν-

2266 3615 2381 3669 τίον
2416 3614 2512 3669 τοῦ
2545 3616 2820 3688 κείροντος
2859 3619 3021 3672 αὐτὸν
3050 3618 3283 3689 ἄφωνος,
3318 3618 3491 3683 οῦτως
3516 3619 3615 3671 οῦκ
3644 3620 3860 3687 ἀνοίγει

2266 3708 2327 3761 τὸ
2363 3709 2537 3780 στόμα
2571 3710 2758 3763 αὐτοῦ·
2798 3729 2816 3762 ι
2853 3711 2948 3765 καὶ
2971 3712 3052 3764 ὅτι
3090 3729 3109 3762 ι
3159 3711 3371 3783 αἴρεται
3400 3711 3507 3765 ἀπὺ
3543 3710 3645 3781 τῆς
3680 3711 3787 3782 γῆς
3820 3713 3857 3783 ἡ

2267 3799 2381 3871 ζωὴ
2411 3801 2600 3857 αὐτοῦ.
2638 3821 2656 3854 ι
2697 3802 2794 3866 Τίς
2823 3802 2868 3855 δ’
2895 3803 2995 3857 οὐκ
3023 3801 3088 3857 ἂν
3120 3802 3527 3875 ἀποθαυμάσειε
3569 3804 3703 3857 πᾶσι
3736 3806 3859 3867 τοῖς

2266 3890 2819 3963 προκατειλεγμένοις
2863 3892 3276 3965 ἐπιφερόμενον,
3324 3893 3535 3948 ἀκούων
3577 3892 3712 3964 πρὸς
3750 3893 3858 3946 τοῦ

2268 3985 2547 4055 προφήτου
2581 3983 2831 4054 λέγοντος
2859 3985 2941 4039 τόδ
2974 4004 2991 4036 ι
3016 3985 3150 4039 Ἀπὸ
3180 3985 3290 4038 τῶν
3320 3985 3559 4055 ἀνομιῶν
3589 3984 3684 4038 τοῦ
3714 3984 3856 4037 λαοῦ

2270 4092 2371 4147 μου
2405 4075 2547 4149 ἤχθη
2581 4078 2659 4140 εἰς
2688 4076 2947 4142 θάνατον;
2980 4097 2999 4130 ι
3035 4079 3068 4150 ἢ
3100 4078 3153 4130 τί
3179 4078 3225 4131 δ’
3247 4077 3312 4133 ἂν
3334 4080 3471 4149 πρὸς
3493 4078 3665 4131 ταῦτα
3693 4078 3858 4147 εὑρε-

2271 4170 2609 4241 σιλογήσειεν
2654 4169 2704 4222 οἱ
2752 4168 2812 4223 τὸ
2852 4167 3020 4233 ὅντως
3053 4170 3175 4240 (sic)
3221 4171 3358 4242 ἀκοῇ
3394 4170 3722 4235 ἀκούσαντες
3744 4172 3857 4242 τῆς

2267 4259 2361 4313 τοῦ
2390 4258 2630 4332 Χριστοῦ
2653 4259 2857 4330 φωνῆς,
2872 4260 2967 4313 καὶ
2987 4259 3063 4331 μὴ
3080 4258 3544 4323 συνέντες,αύτοίς
3561 4277 3621 4312 τε
3652 4258 3860 4329 ὀφθαλε

2271 4355 2393 4424 μοῖς
2437 4351 2812 4423 ἐμϐλέψαντες
2852 4354 2935 4417 είς
2981 4353 3081 4425 τὴν
3151 4355 3459 4425 παρουσίαν
3509 4354 3698 4422 αὐτοῦ,
3748 4357 3858 4409 καὶ

2269 4442 2345 4515 μὴ
2386 4442 2628 4510 ίδόντες;
2665 4443 2802 4498 Τίνα
2827 4444 2937 4514 γὰρ
2973 4443 3132 4499 ἄλλον
3176 4444 3348 4515 ἔχοιεν
3392 4446 3458 4499 ἂν
3490 4446 3598 4499 τῶν
3622 4445 3857 4500 δικαίων

581 4536 981 4609 «iniquitatem
1036 4554 1145 4593 non
1183 4538 1331 4604 fecit,
1360 4554 1538 4609 neque
1584 4540 1841 4595 inventus
1886 4547 1970 4595 est
2001 4540 2160 4595 dolus

2269 4537 2619 4608 παραστῆσαι
2663 4536 2771 4590 ἀπὸ
2814 4536 2924 4590 τῶν
2970 4537 3255 4609 ἁμαρτιῶν
3293 4538 3474 4591 αὐτῶν
3501 4538 3729 4610 ἀχθέντα
3764 4542 3855 4606 είς

576 4629 632 4683 in
672 4644 768 4685 ore
798 4630 953 4699 ejus?
982 4649 999 4681 ι
1045 4628 1220 4696 Quam
1253 4630 1325 4684 ob
1354 4646 1600 4696 causam,
1649 4640 1938 4702 postquam
1966 4632 2164 4703 praedi-

2266 4626 2531 4694 θάνατονς
2565 4628 2636 4681 Ἦ
2670 4627 2755 4691 τίς
2795 4627 3039 4691 τοιοῦτος
3075 4631 3389 4703 γεγένηται,
3430 4632 3506 4695 ὡς
3530 4631 3626 4695 τὰς
3659 4632 3854 4703 ἁμαρ·

574 4728 731 4775 catus
762 4729 848 4777 est
873 4720 1164 4776 ducendus
1193 4721 1335 4776 sicut
1362 4721 1482 4776 ovis
1504 4721 1569 4775 ad
1594 4722 1956 4788 occisionem,
1979 4722 2161 4793 ipsum

2265 4720 2386 4783 τίας
2413 4720 2617 4783 παντὸς
2659 4720 2754 4774 τοῦ
2792 4719 2923 4774 λαοῦ
2952 4723 3047 4775 καὶ
3070 4722 3250 4777 αὐτῶν
3276 4724 3385 4777 τῶν
3416 4725 3708 4797 προφητῶν
3741 4726 3857 4795 φέ-

574 4811 906 4883 praenuntiat
944 4810 1231 4882 Scriptura
1258 4819 1484 4882 propter
1512 4811 1836 4883 iniquitates
1868 4814 2057 4885 populi
2091 4813 2161 4869 ad

573 4915 810 4962 mortem
843 4904 1215 4960 damnandum
1246 4907 1410 4961 esse?
1449 4903 1642 4960 Dicant
1669 4921 1802 4961 vero
1847 4920 1919 4960 an
1964 4921 2162 4978 exspe-

575 5008 758 5054 ctatus
795 4998 864 5053 ab
895 4998 964 5053 iis
994 4997 1251 5055 Christus
1290 5007 1558 5055 venturus
1605 4998 1722 5054 hate
1753 4999 1937 5054 omnia
1966 5014 2163 5071 passu-

575 5106 672 5147 rus
697 5091 789 5156 sit,
848 5108 970 5163 quze
1009 5093 1308 5163 prophetiae
1341 5090 1409 5148 de
1456 5105 1523 5147 eo
1565 5092 2025 5163 praenuntiavere,
2072 5093 2160 5149 vel

575 5183 782 5253 aliquid
826 5184 1008 5241 simile
1041 5185 1185 5256 apud
1222 5186 1403 5255 ipsum
1443 5183 1692 5240 futurum
1730 5184 1823 5240 sit.
1866 5183 2071 5240 Verum
2110 5184 2159 5242 si

574 5284 799 5346 propter
843 5290 907 5331 ea
937 5292 1058 5347 qua:
1090 5275 1361 5331 Salvatori
1404 5286 1596 5332 nostro
1627 5276 1948 5331 acciderunt
1992 5291 2023 5331 a
2055 5276 2159 5333 ﬁde

573 5370 632 5425 in
676 5385 803 5424 eum
862 5370 1233 5436 deterrentur,
1290 5386 1402 5426 non
1452 5371 1639 5427 dicere
1683 5370 1885 5427 habent
1932 5370 2002 5427 de
2049 5386 2158 5443 quo

574 5465 691 5520 haec
724 5473 1064 5536 exspectent.
1103 5463 1365 5537 Superest
1417 5466 1585 5538 igitur
1608 5467 1768 5536 juxta
1811 5480 1908 5521 eos
1955 5473 2157 5519 utnon

575 5558 725 5614 exitu
772 5559 1129 5628 comprobata
1162 5569 1215 5613 et
1262 5559 1553 5615 manifeste
1594 5558 1813 5614 fallacia
1844 5558 2010 5615 verba
2060 5557 2157 5613 Dei

576 5646 1054 5716 demonstrentur;
1082 5663 1193 5703 non
1223 5664 1355 5706 vero
1377 5649 1536 5720 juxta
1576 5665 1701 5719 nos,
1732 5650 1932 5722 quibus
1963 5649 2096 5705 nihil
2126 5666 2156 5705 a

649 5830 729 5887 ‘Il
764 5831 890 5887 Cor.
932 5847 1004 5897 γε,
1040 5828 1128 5885 ‘29.

2267 4831 2402 4887 ρειν,
2440 4814 2535 4867 καὶ
2578 4813 2863 4868 ὀδυνᾶσθαι
2904 4815 3037 4887 περὶ
3075 4815 3275 4880 αὐτῶν,
3319 4816 3456 4870 ὥστε
3504 4817 3581 4888 τῷ
3611 4817 3854 4888 μώλωπι

2262 4906 2428 4961 αὐτοῦ
2462 4906 2644 4961 ἰᾶσθαι
2689 4906 2900 4972 πάντας
2942 4909 3140 4974 αὐτοὺς
3173 4908 3477 4980 ὁμολογεῖν,
3506 4910 3852 4981 φάσκοντας*

2267 5018 2285 5050 ι
2324 4992 2494 5065 Οὗτος
2521 4999 2622 5065 τὰς
2658 5001 2934 5073 ἁμαρτίας
2976 5000 3130 5072 ήμῶν
3166 5002 3343 5074 φέρει,
3386 5002 3481 5056 καὶ
3522 5005 3651 5075 περὶ
3683 5003 3853 5075 ἡμῶν

2258 5092 2533 5156 ὀδυνᾶται,
2584 5093 2679 5147 καὶ
2721 5093 2801 5165 τῷ
2856 5092 3084 5165 μώλωπι
3115 5093 3280 5148 αὐτοῦ
3312 5097 3473 5167 ἡμεῖς
3518 5095 3785 5167 ίάθημενς
3821 5116 3845 5149 ι

2259 5185 2358 5250 Τίς
2378 5185 2424 5238 δ’
2448 5184 2798 5260 ἀνθρωπίνης
2824 5185 3005 5257 λαχὼν
3029 5184 3245 5256 φύσεως
3264 5185 3461 5256 γένοιτ’
3485 5186 3553 5242 ἂν
3576 5186 3845 5253 τοιοῦτος,

2261 5279 2401 5333 ὥστε
2438 5281 2571 5351 μήτε
2601 5280 2744 5351 λόγῳ
2764 5281 2900 5353 μήτε
2931 5281 3075 5352 ἔργῳ
3104 5283 3455 5353 ήμαρτῆσθαί
3482 5301 3536 5336 τι
3569 5282 3738 5354 αὐτῷ,
3758 5284 3848 5348 ὡς

2260 5371 2548 5444 ἀληθεύειν
2588 5371 2851 5440 λέγουσαν
2895 5373 3024 5444 περὶ
3061 5372 3225 5426 αὑτοῦ
3265 5373 3362 5445 τὴν
3401 5374 3551 5429 θείαν
3593 5374 3845 5447 Γραφὴν,

2261 5466 2346 5519 ὅτι
2375 5483 2395 5516 ι
2426 5464 2657 5537 ἀνομίαν
2704 5465 2804 5519 οὐκ
2826 5464 3099 5537 ἐποίησεν,
3122 5465 3241 5519 οὐδὲ
3260 5466 3406 5531 δόλος
3431 5469 3488 5521 ὲν
3514 5466 3593 5536 τῷ
3612 5468 3848 5538 στόματι

2259 5558 2463 5623 αύτοῦς
2501 5579 2520 5613 ι
2562 5560 2693 5614 Ἐπὶ
2724 5560 2852 5632 ποὲᾳ
2882 5559 2935 5612 δὲ
2971 5561 3118 5633 αἰτία
3153 5561 3242 5614 τὸν
3272 5563 3362 5616 ἐπὶ
3390 5560 3599 5627 τούτοις
3625 5578 3845 5635 μαρτυο

2264 5650 2523 5724 ρούμενον
2551 5652 2627 5715 ὡς
2668 5650 2938 5725 πρόὸατον
2973 5653 3063 5706 ἐπὶ
3094 5653 3309 5724 σφαγὴν
3357 5652 3712 5725 ἀχθήσεσθαι,
3742 5652 3848 5708 καὶ
