4096 6412
283 366 427 421 1259

1317 370 1608 428 ECLOGIE
1650 374 2129 433 PROPIIETICAS.
2160 408 2229 418 --
2256 379 2384 435 LIB.
2420 382 2507 439 IV.

3415 399 3556 452 1⁸2⁸ἐο

278 480 388 534 ἀπὸ
415 479 522 533 τῶν
547 481 788 552 ἀνομιῶν
823 481 916 534 τοῦ
943 481 1070 535 λαοῦ
1109 483 1204 554 τὴν
1235 485 1327 538 ἐπὶ
1356 485 1573 558 Θανάτῳ
1600 507 1833 562 κατακρι

1965 493 2264 564 majoribus
2307 498 2691 554 annuntiatum
2735 510 2837 570 est,
2873 505 3008 560 nihil
3040 507 3110 563 de
3138 509 3258 579 ipso
3288 511 3552 569 traditum

279 573 539 645 θήσεσθαι
567 574 596 625 ό
621 573 776 642 λόγος
806 575 1163 647 προαγορεύει
1188 593 1202 641 ;
1231 578 1554 646 Λεγέτωσαν
1590 582 1646 634 δὲ
1687 585 1783 638 καὶ
1810 586 1859 637 εί

277 665 947 736 προσδοκώμενοςαὺτοίς
984 668 1133 738 ἥξειν
1168 669 1404 739 Χριστὸς
1438 671 1610 725 ταῦτα
1644 674 1861 739 πάντως

277 756 546 816 πείσεται,
577 758 720 830 ἅπερ
756 760 810 810 αἱ
845 763 1168 831 προφητεῖαι
1209 761 1336 835 περὶ
1379 763 1542 815 αὐτοῦ
1578 764 1861 830 θεσπίζου-

277 865 383 914 σιν,
413 849 448 921 ἢ
479 849 629 903 οὐδέν
657 869 708 904 τι
741 851 981 905 τοιοῦτον
1019 853 1148 925 περὶ
1186 855 1390 908 ἐκεῖνον
1418 855 1590 910 ἔσται.
1635 858 1772 912 Ἀλλ’
1810 860 1859 912 εί

272 941 362 995 διὰ
403 941 473 994 τὰ
503 942 886 1014 συμϐεὸηκότα
909 944 985 1015 τῷ
1026 947 1237 1018 Σωτῆρι
1272 948 1428 1017 ήμῶν
1453 949 1858 1019 προσκόπτουσι

271 1033 339 1104 τῇ
369 1033 450 1096 είς
481 1032 642 1086 αὑτὸν
675 1035 876 1101 πίστει,
912 1037 1010 1089 οὐκ
1044 1036 1110 1089 ἂν
1151 1038 1394 1106 φείσαιεν
1427 1040 1699 1112 (φήσαιεν)
1731 1044 1858 1114 περὶ

269 1118 333 1179 οὗ
366 1125 707 1197 προσδοκῶσι
749 1126 819 1180 τὰ
869 1128 1112 1184 τοιαῦτα.
1149 1129 1289 1201 Ὦρα
1334 1127 1426 1184 οὖν
1473 1131 1682 1194 ἀτελεῖς
1735 1135 1855 1186 κατ’

270 1217 471 1280 αὐτοὺς
507 1218 602 1271 καὶ
639 1218 838 1291 δηλαδὴ
873 1220 1085 1289 ψευδεῖς
1133 1221 1528 1290 ἀποφαίνεσθαι
1564 1224 1663 1286 τὰς
1707 1223 1858 1288 Θείας

270 1308 474 1378 φωνάς·
495 1307 607 1362 ἀλλ’
627 1310 686 1362 οὺ
706 1309 827 1362 καθ’
844 1311 990 1382 ἡμᾶς
1002 1329 1067 1379 γε
1088 1313 1210 1374 τοὺς
1225 1307 1305 1374 οἷς
1321 1312 1422 1364 οῦκ
1445 1312 1719 1384 ἀνηγγέλη
1758 1315 1855 1384 μὲν

268 1403 336 1456 ὲκ
362 1401 636 1473 πατέρων·
659 1402 779 1455 οὐδὲ
809 1401 1075 1475 παρεδόθη
1100 1404 1167 1457 τά
1189 1404 1317 1476 περὶ
1340 1405 1526 1468 αὑτοῦ,
1549 1405 1857 1477 θεωρήσαν-

268 1511 371 1557 τας
399 1493 442 1546 δ’
467 1494 616 1564 ὅμως
663 1494 824 1548 αὑτὸν
863 1496 957 1550 καὶ
995 1495 1468 1566 παραδεξαμένους
1515 1498 1655 1551 κατὰ
1695 1497 1756 1550 τὺ
1796 1499 1854 1550 ἐν

266 1586 446 1649 ἄλλοις
461 1587 582 1657 είρη
591 1586 768 1657 μένον·
784 1606 802 1637 ι
815 1587 956 1652 Aab;
968 1587 1025 1640 ὃν
1042 1587 1140 1641 οὐκ
1162 1588 1331 1656 ἔγνων
1347 1587 1627 1641 ἐδούλευσέ
1649 1606 1760 1660 μοι,
1775 1591 1854 1652 είς

266 1677 434 1749 ἀκοὴν
455 1676 619 1730 ὠτίου
657 1679 933 1750 ὑπήκουσέ
962 1697 1061 1750 μου
1081 1695 1094 1710 ο
1111 1699 1128 1732 ι
1151 1679 1244 1734 καὶ
1273 1680 1338 1732 δι’
1361 1679 1487 1750 ὅλης
1510 1680 1566 1733 δὲ
1593 1681 1692 1751 τῆς
1717 1697 1852 1752 προ-

265 1770 496 1839 φητείας
524 1769 854 1840 πλατύτερον
879 1771 972 1824 καὶ
996 1771 1424 1843 τηλαυγέστερον
1443 1772 1511 1824 τὰ
1537 1776 1658 1826 κατ’
1689 1773 1850 1826 αὑτὸν

1963 594 2069 649 est,
2121 587 2212 657 qui
2246 596 2428 642 tamen
2473 606 2596 644 eum
2633 598 2988 666 contemplati
3031 616 3223 657 sumus
3267 614 3432 674 atque
3464 622 3554 662 rev

1963 679 2232 748 cepimus,
2260 683 2416 751 juxta
2462 685 2593 739 illud
2625 688 2768 756 quod
2812 691 2949 745 alias
2983 692 3191 748 dictum
3231 707 3315 751 est
3351 716 3363 751 :
3397 716 3415 748 ι
3449 699 3554 753 Pu-

1961 772 2121 840 pulus
2152 790 2313 842 quem
2369 792 2478 831 non
2524 780 2754 848 cognovi
2807 784 2999 837 serviit
3038 785 3194 850 mihi,
3244 787 3298 843 in
3359 791 3552 848 auditu

1961 863 2114 919 auris
2141 866 2384 921 obedivit
2424 868 2578 925 mihi.
2615 889 2634 922 ι
2674 871 2852 942 Atque
2880 875 2932 928 in
2965 876 3114 930 omni
3145 879 3434 949 prophetia
3464 898 3554 937 ex-

1960 955 2206 1022 pressius
2248 963 2302 1012 et
2356 957 2520 1012 latius
2563 960 2948 1030 exprimuntur
3003 981 3125 1034 quae
3178 977 3430 1036 spectant
3481 973 3550 1027 ad

1958 1061 2106 1111 eum,
2159 1047 2579 1121 ostenditurque
2620 1067 2784 1121 quam
2833 1053 2888 1106 in
2947 1057 3247 1123 perniciem
3301 1059 3550 1116 incident

1957 1137 2052 1208 qui
2090 1139 2139 1194 ei
2174 1140 2416 1196 insidiati
2449 1150 2600 1208 sunt,
2635 1144 2721 1199 bis
2750 1146 2932 1200 verbis
2961 1165 2973 1200 :
3009 1167 3026 1198 ‹
3057 1147 3122 1202 Ει
3159 1150 3300 1205 dabo
3348 1154 3548 1225 impios

1958 1245 2060 1300 pro
2110 1232 2396 1300 sepultura
2439 1233 2583 1302 ejus,
2620 1240 2674 1286 et
2697 1234 2895 1290 divites
2931 1251 3032 1305 pro
3082 1247 3258 1294 morte
3303 1257 3402 1296 sua
3432 1263 3445 1298 :
3479 1261 3546 1300 eo

1955 1315 2102 1385 quod
2148 1317 2490 1387 iniquitatem
2540 1334 2650 1372 non
2703 1318 2916 1386 fecerit,
2961 1337 3140 1391 neque
3185 1323 3346 1380 dolus
3373 1325 3541 1384 fuerit

1957 1407 2138 1460 inore
2179 1407 2318 1474 ejus.
2353 1425 2371 1456 ›
2413 1405 2563 1462 Talis
2593 1408 2738 1461 enim
2781 1425 2906 1463 cum
2945 1409 3128 1474 fuerit,
3167 1416 3262 1478 ait,
3303 1421 3546 1474 sustule-

1955 1501 2084 1548 runt
2127 1511 2276 1560 eum,
2317 1496 2430 1550 haec
2465 1497 2706 1552 vicissim
2757 1501 2994 1567 passuri.
3027 1501 3156 1557 Post
3198 1503 3312 1558 haze
3346 1499 3542 1562 iterum

1952 1587 2193 1657 gentium
2228 1587 2474 1644 Ecclesia
2513 1591 2684 1644 electa
2720 1599 2885 1661 atque
2920 1603 3142 1664 accepta
3179 1596 3381 1665 prioris
3424 1599 3543 1654 loro

1953 1680 2137 1749 populi
2193 1681 2555 1734 annuntiatur
2608 1681 2694 1736 his
2756 1683 2939 1738 verbis
2978 1703 2991 1740 :
3030 1704 3048 1736 ι
3080 1685 3288 1751 Lauda,
3339 1692 3541 1746 sterilis

1953 1786 2074 1840 quae
2124 1785 2232 1825 non
2292 1773 2480 1842 paris:
2515 1773 2748 1827 decanta
2795 1774 3036 1838 laudem,
3087 1785 3140 1831 et
3185 1779 3360 1844 hinni,
3417 1798 3538 1851 qua:

264 1861 582 1933 ἐμφέρεται,
618 1863 710 1915 καὶ
741 1863 811 1915 τὰ
838 1863 967 1934 περὶ
995 1862 1089 1916 τοῦ
1125 1863 1513 1934 κατειληφότος
1539 1865 1596 1916 δὲ
1625 1864 1833 1936 όλέθροι

1948 1877 2054 1914 non
2083 1861 2369 1932 pariebas;
2419 1864 2680 1932 quoniam
2731 1865 2886 1918 multi
2925 1865 3020 1918 lilii
3064 1867 3314 1934 desertae,
3366 1873 3538 1942 magis

261 1955 389 2018 τοὺς
421 1954 936 2019 ἐπιϐεϐουλευκότας
960 1956 1106 2027 αὐτῷ
1135 1956 1386 2028 δηλοῦται
1414 1957 1503 2009 διὰ
1522 1956 1614 2010 τοῦ
1639 1976 1650 1988 ·
1677 1976 1695 2008 ι
1734 1959 1845 2012 Kal.

259 2045 418 2100 δώσω
449 2048 572 2110 τοὺς
604 2049 870 2118 πονηροὺς
905 2049 1025 2102 ἀντὶ⁸
1052 2050 1152 2121 τῆς
1175 2049 1352 2118 ταφῆς
1377 2049 1563 2113 αὐτοῦ,
1596 2049 1691 2103 καὶ
1718 2051 1842 2114 τοὺς

259 2136 550 2201 πλουσίους
578 2139 698 2191 ἀντὶ
739 2138 829 2191 τοῦ
867 2137 1096 2193 θανάτου
1131 2140 1294 2194 αὑτοῦ
1315 2159 1328 2170 υ
1369 2141 1450 2193 ὄτι
1481 2141 1710 2212 ἀνομίαν
1742 2141 1843 2194 οὐκ

260 2227 534 2296 ἐποίησεν,
565 2227 687 2280 οὐδὲ
714 2227 862 2292 δόλος
893 2231 950 2281 ὲν
979 2229 1056 2300 τῷ
1088 2230 1312 2300 στόματι
1333 2231 1495 2284 αὐτοῦ
1515 2248 1529 2262 ·
1567 2251 1586 2282 ι
1616 2232 1708 2284 ἐπὶ
1732 2229 1840 2303 γὰρ

256 2313 498 2367 τοιοῦτον
527 2314 677 2378 ὄντα,
712 2318 897 2388 φησὶν,
933 2319 1139 2378 ἀνεῖλον
1164 2319 1351 2373 τούτου
1379 2321 1537 2392 χάριν
1568 2320 1636 2373 τὰ
1672 2322 1844 2374 τοιαδὶ

257 2406 533 2459 πείσοντα.
571 2407 632 2476 (f.
658 2407 748 2476 58)
772 2408 991 2472 Τούτοις
1023 2409 1149 2480 ἑξῆς
1177 2405 1329 2473 αὖθις
1355 2412 1388 2480 ἡ
1427 2411 1486 2475 ἐξ
1508 2411 1676 2464 ἐθνῶν
1720 2412 1841 2464 Ἐκ-

255 2495 456 2568 χλησία
475 2497 880 2566 εὐαγγελίζεται
905 2501 1300 2573 συγκρινομένη
1327 2502 1421 2555 καὶ
1435 2502 1838 2574 προκρινομένη

1947 1969 2113 2024 quam
2157 1953 2278 2023 ejus
2310 1971 2432 2025 qua“.
2460 1955 2623 2010 habet
2655 1956 2852 2010 virum.
2891 1977 2909 2010 ι
2944 1956 3155 2024 Quibus
3201 1978 3326 2016 cum
3369 1967 3534 2021 multa

1945 2060 2084 2116 opus
2117 2045 2189 2100 sit
2221 2045 2641 2117 investigatione
2667 2053 2722 2101 et
2742 2047 3129 2117 explanatione
3161 2053 3263 2106 hoc
3299 2053 3354 2108 in
3386 2057 3530 2119 loco,

1946 2135 2033 2190 hic
2087 2136 2173 2190 cui
2238 2136 2390 2190 cordi
2440 2136 2544 2190 erit
2601 2145 2930 2206 praeceptum
2995 2137 3125 2192 illud
3177 2139 3530 2199 Salvatoris:

1949 2246 1968 2280 ι
2002 2226 2336 2282 Scrutamini
2387 2227 2720 2297 Seripturas,
2758 2226 2888 2295 quia
2918 2243 3016 2282 vos
3049 2231 3257 2298 putatis
3291 2231 3344 2284 in
3391 2232 3531 2302 ipsis

1943 2320 2112 2373 vitam
2154 2327 2414 2374 aeternam
2459 2318 2660 2372 habere
2690 2337 2702 2372 :
2730 2326 2783 2372 et
2819 2317 2922 2372 illa:
2964 2328 3091 2372 sunt
3126 2336 3248 2390 quae
3284 2323 3534 2377 testimo‘

1941 2410 2093 2463 nium
2116 2409 2404 2478 perhibent
2448 2407 2516 2462 de
2555 2423 2640 2462 me
2671 2409 2712 2472 ',
2747 2426 2766 2458 ι
2802 2407 3104 2464 studiosius
3143 2421 3196 2466 et
3228 2413 3531 2482 impensius

1942 2509 2220 2556 scrutatus
2249 2517 2312 2556 ea
2353 2499 2658 2571 dignoscct.

251 2591 348 2644 τοῦ
381 2592 643 2662 προτέρου
688 2594 817 2648 λαοῦ
845 2595 932 2648 διὰ
957 2597 1072 2650 τοῦ·
1111 2615 1129 2648 ι
1174 2597 1542 2668 Εὐφράνθητι,
1581 2597 1768 2670 στείρα
1797 2599 1830 2669 ἡ
1858 2597 1918 2650 οὐ
1949 2595 2229 2650 τίκτουσα’
2275 2595 2435 2667 ῥῆξον
2475 2597 2567 2649 καὶ
2601 2597 2817 2667 βόησον,
2867 2599 2899 2668 ή
2962 2599 3062 2651 οὐκ
3116 2597 3413 2652 ὠδίνουσα·
3449 2597 3531 2652 ὅτι

253 2685 511 2740 πολλάτὰ
530 2687 695 2742 τέκνα
723 2690 820 2760 τῆς
846 2691 1073 2762 ἐρήμου,
1105 2692 1358 2764 μᾶλλονῆ
1392 2693 1492 2764 τῆς
1522 2692 1752 2764 ἐχούσης
1774 2692 1866 2748 τὸν
1895 2693 2080 2764 ἄνδρα.
2121 2711 2139 2743 ι
2176 2690 2380 2762 Πολλῆς
2401 2690 2458 2743 δὲ
2491 2691 2757 2762 δεομένων
2814 2693 3148 2764 ὲρευνήσεως
3189 2693 3279 2746 καὶ
3342 2693 3529 2759 ἐξετά-

255 2799 395 2846 σεως
429 2782 538 2837 τῶν
573 2785 713 2838 κατὰ
739 2787 828 2839 τὸν
855 2787 1041 2856 τόπον,
1078 2782 1122 2857 ᾧ
1156 2789 1307 2859 μέλει
1331 2789 1430 2860 τῆς
1456 2789 1550 2842 τοῦ
1579 2790 1833 2861 Σωτῆρος
1870 2787 2091 2857 ἐντολῆς
2133 2786 2398 2856 λεγούσης
2420 2803 2432 2816 ·
2469 2804 2488 2838 ι
2554 2788 2844 2858 Ἐρευνᾶτε
2882 2788 2983 2853 τὰς
3042 2787 3286 2860 Γραφὰς,
3329 2791 3386 2841 ὲν
3437 2784 3528 2854 αἷς

251 2879 456 2936 δοκεῖτε
489 2882 633 2954 ζωὴν
661 2879 877 2935 αἰώνιον
919 2881 1098 2953 ἔχειν’
1124 2885 1220 2937 καὶ
1246 2876 1406 2938 αὗταί
1441 2884 1580 2939 εἰσιν
1639 2886 1696 2937 αἱ
1758 2883 2128 2956 μαρτυροῦσαι
2181 2882 2310 2954 περὶ
2351 2881 2507 2952 ἐμοῦ,
2551 2903 2570 2934 ι
2615 2882 3035 2954 ἐπιμελέστερον
3098 2879 3248 2948 οὗτος
3301 2885 3528 2956 ὲρευνήοο

253 2991 355 3038 σας
389 2975 456 3028 τὰ
483 2978 540 3029 ὲν
566 2976 747 3040 αὐτοῖς
775 2975 1004 3030 εἴσεται.

757 3089 1149 3144 ΚΕΦΑΛΑῙΟΝ
1191 3091 1324 3144 KH'.

330 3199 349 3232 ι
395 3180 688 3235 Ἀκούσατέ
723 3198 842 3252 μου,
869 3181 960 3234 καὶ
996 3181 1234 3250 φάγεσθε
1273 3181 1474 3250 ἀγαθὰ,
1511 3183 1605 3236 καὶ
1639 3183 1828 3253 ἐντρυ-
1859 3167 1906 3232 C

251 3273 413 3343 φήσει
441 3274 499 3326 ἐν
531 3272 752 3340 ἀγαθοῖς
783 3273 816 3342 ἡ
843 3272 987 3344 ψυχὴ
1020 3274 1192 3344 ὑμῶν.
1231 3275 1533 3345 Προσέχετε
1556 3277 1666 3339 τοῖς
1698 3275 1829 3328 ὠσὶν

250 3363 282 3415 ὑ
291 3363 428 3433 μῶν,
465 3364 558 3417 καὶ
587 3362 1056 3434 ἐπακολουθήσατε
1082 3368 1202 3428 ταῖς
1234 3365 1372 3429 ὁδοῖς
1417 3383 1515 3435 μου
1536 3382 1548 3394 ·
1578 3364 1828 3419 εἰσακού-

251 3455 382 3509 σατέ
423 3473 546 3526 μου,
571 3457 666 3509 καὶ
699 3455 924 3526 ζήσεται
947 3458 1004 3509 ὲν
1033 3457 1253 3525 ἀγαθοῖς
1294 3459 1326 3527 ή
1355 3457 1501 3527 ψυχὴ
1527 3457 1699 3528 ὑμῶν,
1735 3456 1827 3509 καὶ

245 3547 573 3620 διαθήσομαι
600 3550 728 3620 ὑμῖν
759 3550 1022 3622 διαθήκην
1051 3548 1288 3613 αἰώνιον,
1320 3549 1390 3602 τὰ
1417 3551 1539 3604 ὅσια
1567 3549 1727 3602 Δαυῒδ
1759 3549 1828 3602 τὰ

247 3640 434 3694 πιστά.
473 3641 624 3705 Ἰδοὺ,
655 3642 951 3713 μαρτύριον
974 3642 1032 3695 ἐν
1065 3641 1273 3696 ἔθνεσιν
1306 3641 1485 3696 ἔδωκα
1514 3643 1696 3705 αὐτὸν,
1730 3643 1825 3712 ἄρ-

244 3750 408 3803 χοντα
439 3734 533 3786 καὶ
556 3735 963 3804 προστάσσοντα
1001 3735 1058 3786 ὲν
1086 3732 1318 3786 ἔθνεσιν·
1355 3731 1463 3786 ἰδοὺ
1491 3732 1638 3802 ἔθνη,
1661 3732 1696 3786 ἃ
1725 3733 1825 3786 οὐκ

242 3825 418 3880 οἶδασί
451 3841 530 3890 σε,
580 3826 992 3879 ὲπικαλέσονταί
1043 3843 1124 3889 σε,
1169 3827 1264 3879 καὶ
1303 3825 1422 3878 λαοὶ
1447 3866 1461 3890 ,
1499 3826 1547 3879 οἳ
1592 3826 1690 3878 οὐκ
1723 3827 1823 3878 ὲπ-

245 3917 490 3973 ίστανταί
525 3937 606 3983 σε,
626 3919 717 3972 ἐπὶ
734 3919 792 3971 σὲ
815 3918 1263 3987 καταφεύξονται,
1290 3918 1474 3972 ἕνεκεν
1496 3919 1699 3989 Κυρίου
1727 3916 1821 3971 τοῦ

242 4009 378 4064 Θεοῦ
414 4027 508 4063 σου
549 4009 644 4062 τοῦ
686 4009 840 4078 ἁγίου
877 4008 1114 4080 Ἰσραὴλ,
1145 4009 1226 4062 ὅτι
1266 4007 1487 4074 ἑδόξασέ
1519 4025 1600 4061 σε.
1641 4027 1659 4060 ι
1687 4007 1822 4060 Τού-

241 4120 358 4167 τοις
379 4102 446 4156 τὰ
463 4103 729 4174 λεγόμενα
747 4105 1003 4155 συνιεῖσιν
1025 4101 1417 4172 ὑποδεχόμενος
1437 4105 1465 4154 ό
1487 4101 1642 4170 λόγος
1664 4120 1821 4156 πνευ-

242 4195 479 4267 ματικὰς
512 4194 739 4266 τροφὰς,
766 4194 916 4247 θείαν
961 4210 1020 4246 τε
1060 4195 1154 4246 καί¹
1193 4193 1443 4266 οὐράνιον
1475 4193 1708 4266 τρυφὴν,
1738 4195 1818 4247 ἔτι

235 4305 298 4342 τε
330 4287 474 4359 ζωὴν
503 4289 562 4342 οὐ
609 4287 706 4358 τὴν
747 4287 946 4358 σαρκὸς
977 4286 1289 4358 ἀδιάφορον,
1326 4285 1461 4339 ἀλλὰ
1510 4287 1608 4356 τὴν
1650 4287 1818 4341 ἀΐδιον

234 4383 336 4452 τῆς
385 4383 595 4452 ψυχῆς,
639 4383 1122 4454 προσυπισχνεῖται
1165 4383 1275 4443 τοῖς
1324 4381 1506 4445 αὐτοῖς
1556 4381 1819 4452 διαθήκην

235 4474 453 4528 αἰώνιον
484 4474 855 4545 διαθήσεσθαι,
886 4474 1075 4544 ἥντινά
1099 4490 1230 4542 φησι
1259 4492 1277 4525 ι
1318 4471 1386 4526 τὰ
1415 4473 1536 4526 ὅσια
1567 4473 1730 4526 Δαυῖδ
1750 4473 1818 4527 τὰ

2469 3081 2699 3140 CAPUT
2738 3081 2975 3137 XXVIII.

2014 3199 2033 3232 ι
2070 3178 2274 3233 Audite
2317 3177 2604 3233 audientes
2645 3193 2752 3242 me,
2801 3185 2856 3231 et
2891 3176 3162 3233 comedite
3208 3179 3434 3247 bonum,
3467 3194 3522 3238 et

1931 3271 2292 3328 delectabitur
2319 3270 2375 3324 in
2407 3267 2780 3324 crassitudine
2808 3269 2990 3322 anima
3019 3277 3220 3324 vestra.
3255 3271 3518 3328 lnelinate

1931 3380 2116 3420 aurem
2159 3369 2420 3426 vestram,
2459 3369 2514 3416 et
2543 3363 2725 3415 venite
2757 3360 2824 3414 ad
2867 3375 2992 3415 me:
3027 3361 3234 3427 auclite,
3272 3371 3327 3417 et
3367 3367 3514 3419 vivet

1929 3459 2110 3512 anima
2145 3464 2327 3511 vestra
2359 3471 2371 3508 :
2401 3463 2454 3508 et
2499 3452 2692 3507 feriam
2727 3452 3010 3508 vobiscum
3055 3464 3269 3523 pactum
3312 3457 3518 3526 sempi-

1928 3557 2169 3613 ternum,
2220 3545 2629 3602 misericordias
2678 3543 2848 3599 David
2887 3544 3094 3601 ﬁdeles.
3133 3545 3272 3602 Ecce
3319 3555 3514 3603 testem

1927 3641 2142 3713 populis
2174 3625 2297 3696 dedi
2346 3655 2495 3701 cum,
2539 3639 2736 3694 ducem
2789 3652 2852 3692 ac
2900 3645 3287 3707 praeceptorem
3335 3645 3511 3709 genti-

1929 3734 2054 3790 bus.
2112 3734 2252 3788 Ecce
2303 3740 2541 3801 gentem,
2593 3747 2758 3801 quam
2803 3730 3109 3791 nesciebas,
3158 3730 3379 3785 vocabis
3416 3750 3428 3785 :
3461 3741 3515 3786 et

1926 3835 2113 3896 gentes
2140 3839 2260 3893 qua:
2294 3832 2345 3877 te
2373 3837 2483 3876 non
2519 3830 2916 3892 cognoverunt,
2953 3820 3019 3872 ad
3055 3829 3106 3875 te
3133 3829 3360 3874 current
3383 3838 3514 3891 pro-

1924 3925 2046 3987 pter
2103 3913 2396 3967 Dominum
2458 3911 2627 3966 Deum
2681 3919 2858 3973 tuum,
2914 3917 2968 3963 et
3011 3917 3266 3963 sanctum
3318 3909 3510 3977 Israel,

1923 4007 2054 4077 quia
2083 4002 2408 4076 gloriﬁcavit
2444 4009 2496 4056 te
2517 4003 2558 4056 ².
2593 4019 2612 4053 ι
2642 4001 2713 4054 lis
2743 4000 2836 4069 qui
2861 3999 2974 4053 lucc
2995 3998 3297 4069 intelligent
3320 4001 3507 4064 verba,

1926 4097 2211 4167 Scriptura
2243 4093 2534 4165 pollicetur
2564 4091 2881 4162 spirituales
2914 4089 3089 4152 cibos,
3132 4089 3374 4142 divinam
3400 4105 3510 4145 co)-

1921 4191 2225 4258 lestemque
2272 4184 2685 4251 abundantiam,
2733 4183 3013 4252 vitamque
3059 4195 3167 4234 non
3204 4180 3507 4235 secundum

1922 4297 2168 4344 carnem,
2201 4277 2296 4333 sed
2335 4277 2530 4332 anima:
2565 4274 2980 4344 sempiternam,
3010 4271 3390 4341 promittitque
3427 4272 3508 4326 eis

1922 4375 2146 4443 insuper
2177 4380 2393 4442 pactum
2430 4367 2842 4436 sempiternum,
2882 4363 3063 4432 quodt
3095 4361 3501 4415 misericordias

1923 4468 2109 4523 ﬁdeles
2130 4465 2292 4518 David
2321 4483 2337 4514 ι
2360 4470 2538 4516 vocat.
2559 4458 2842 4525 Quodnam
2863 4456 2966 4511 erit
2991 4456 3146 4522 illud,
3167 4467 3287 4526 post
3304 4455 3509 4525 Moysis

233 4569 404 4620 πιστά
437 4585 456 4618 ι
486 4566 774 4637 περιέξειν.
813 4567 909 4630 Τίς
937 4565 1001 4619 ἂν
1029 4559 1120 4619 οῦν
1152 4565 1236 4636 εἴη
1263 4565 1356 4620 καὶ
1385 4564 1519 4635 αῦτη
1559 4565 1695 4636 μετὰ
1717 4565 1816 4637 τήν

1935 4569 2166 4631 pactum,
2199 4557 2304 4614 nisi
2335 4571 2535 4611 novum
2562 4561 2616 4609 et
2652 4551 3044 4621 sempiternum
3070 4550 3501 4612 Testamentum,

234 4659 374 4734 πρὸς
401 4661 590 4731 καιρὸν
619 4660 718 4730 τὴν
750 4657 837 4711 διὰ
868 4657 1142 4721 Μωῦσέως
1171 4659 1327 4729 καινή
1357 4674 1438 4722 τις
1471 4659 1562 4710 καὶ
1600 4655 1815 4721 αἰώνιος

232 4751 476 4823 Διαθήκη
491 4751 808 4823 δοθήσεσθαι
822 4749 1050 4814 τούτοις,
1078 4750 1212 4820 πρὸς
1227 4749 1318 4813 οῦς
1345 4752 1373 4803 ό
1391 4749 1569 4817 λόγος,
1599 4766 1812 4821 προφη-

229 4841 532 4913 τευομένη;
573 4841 636 4894 Ἥ
672 4840 831 4910 καινὴ
874 4838 982 4892 τῶν
1027 4837 1188 4909 ἱερῶν
1230 4837 1575 4906 Εὑαγγελίων
1601 4837 1811 4909 Γραφὴ,

230 4935 304 4988 τὰ
330 4936 452 4988 ὅσια
494 4934 656 4987 Δαυῒδ
689 4931 1016 5004 περιέχουσα
1047 4930 1134 4983 διὰ
1161 4930 1253 4982 τὸν
1281 4932 1342 4983 ὲκ
1375 4930 1687 5002 σπέρματος
1714 4931 1813 4983 αὑ-

229 5026 327 5080 τοῦ
355 5026 642 5096 γενόμενον
682 5021 886 5095 Ἰησοῦν
907 5023 1000 5076 τὸν
1031 5020 1263 5092 Χριστὸν
1287 5020 1381 5073 τοῦ
1409 5020 1542 5073 Θεοῦ
1565 5034 1577 5046 ·
1626 5019 1814 5074 τοῦτον

229 5118 288 5171 δὲ
320 5118 416 5171 καὶ
467 5115 758 5187 μαρτύριον
803 5111 1090 5167 δεδωκέναι
1123 5111 1286 5180 φησιν
1330 5111 1358 5162 ὁ
1390 5108 1522 5171 Θεὸς
1569 5109 1688 5179 οὐχὶ
1734 5107 1812 5179 τῷ

242 5208 481 5282 Ἰσραὴλ,
512 5207 645 5260 ἀλλὰ
669 5209 780 5270 τοῖς
807 5204 1033 5264 ἔθνεσιν,
1067 5200 1298 5273 ἄρξοντα
1329 5199 1534 5254 τούτων
1565 5201 1659 5253 καὶ
1690 5200 1812 5252 τού-

228 5318 346 5365 τοις
391 5298 778 5371 προστάξοντα,
820 5295 940 5366 οὐχὶ
972 5295 1028 5348 δὲ
1059 5293 1135 5364 τῷ
1165 5291 1415 5365 προτέρῳ
1442 5291 1518 5361 τῷ
1544 5294 1608 5345 ὲκ
1651 5309 1809 5362 περι-

226 5393 405 5464 τομῆς
449 5391 580 5462 λαῷ.
612 5391 795 5444 Ταῦτα
838 5389 893 5442 δὲ
944 5387 1013 5441 τὰ
1050 5387 1200 5458 ἔθνη,
1248 5385 1511 5457 πρότερον
1554 5383 1808 5455 οὐδαμῶς

226 5485 392 5539 αὐτὸν
443 5483 798 5554 ὲπιστάμενα,
840 5481 926 5533 ὅτε
975 5478 1115 5546 ἔγνω
1150 5477 1310 5531 αὑτὸν
1352 5477 1481 5529 Υίδν
1524 5475 1618 5530 τοῦ
1666 5475 1802 5529 Θεοῦ

225 5577 586 5648 τυγχάνοντα,
640 5575 868 5645 Σωτῆρα
907 5572 1000 5625 καὶ
1029 5570 1160 5624 Θεὸν
1190 5569 1558 5623 ἐπεκαλέσατο
1603 5569 1766 5622 αὐτόν
1786 5585 1800 5599 ο

225 5668 365 5724 ἀλλὰ
409 5667 504 5722 καὶ
551 5668 599 5719 οί
654 5662 1006 5736 μηδεπώποτε
1027 5663 1189 5716 αὑτὸν
1223 5661 1598 5730 ἐπεγνωκότες
1643 5662 1805 5732 ἡμεῖς

305 5828 322 5857 ‘
357 5827 516 5882 Joan.
549 5843 601 5894 ν,
632 5825 722 5881 39.
800 5825 819 5854 ²
859 5819 964 5878 lsa.
997 5835 1083 5884 Lv,
1114 5816 1228 5910 2:5.

1921 4653 2067 4723 quod
2101 4651 2257 4706 feriet
2303 4664 2429 4704 cum
2482 4647 2591 4700 illis
2640 4645 2706 4700 ad
2756 4657 2895 4713 quos
2941 4647 3150 4712 spectat
3179 4639 3507 4710 prophetia?

1920 4746 2070 4801 Nova
2115 4750 2431 4798 sanctorum
2476 4736 2894 4808 Evangeliorum
2931 4732 3240 4802 Scriptura,
3286 4730 3504 4785 miseri-

1919 4838 2120 4895 cordize
2163 4836 2372 4890 scilicet
2423 4831 2614 4894 David,
2669 4835 2894 4900 pr0pter
2936 4837 3124 4880 natum
3175 4824 3242 4878 de
3293 4821 3505 4877 semine

1919 4928 2038 4998 ejus
2069 4927 2256 4982 Jesum
2293 4924 2570 4978 Christum
2609 4919 2722 4975 Dei.
2759 4917 2917 4972 Hunc
2955 4924 3008 4972 et
3047 4924 3243 4971 testem
3281 4913 3503 4969 dedisse

1917 5023 1992 5076 ait
2025 5019 2167 5075 Deus
2213 5033 2323 5072 non
2359 5015 2556 5077 Israel,
2606 5013 2698 5068 sed
2750 5010 3024 5081 gentibus,
3064 5009 3132 5063 iis
3184 5007 3502 5062 dominatu-

1911 5127 2031 5166 rum
2061 5121 2224 5180 atque
2262 5110 2679 5178 imperaturum,
2708 5117 2818 5155 non
2849 5107 3030 5153 autem
3058 5099 3226 5154 veteri
3260 5089 3502 5153 circum-

1909 5202 2138 5258 cisionis
2185 5199 2406 5271 populo.
2458 5195 2553 5250 Ha:
2602 5201 2783 5248 autem
2839 5199 3029 5261 gentes
3068 5190 3224 5260 prius
3269 5189 3497 5242 minime

1907 5311 2031 5351 eum
2063 5298 2457 5364 cognoverant,
2487 5303 2611 5342 eum
2651 5286 2932 5340 sciverunt
2961 5298 3083 5337 eum
3115 5295 3238 5336 esse
3268 5279 3362 5334 Dei
3395 5278 3492 5333 Fi-

1909 5387 2060 5450 lium,
2117 5397 2354 5451 eumque
2405 5379 2743 5433 Salvatorem
2798 5390 2862 5428 ac
2914 5372 3086 5427 Deum
3130 5380 3489 5426 vocaverunt.

1913 5474 2115 5531 Verum
2141 5488 2239 5528 nos
2268 5472 2486 5541 quoque
2511 5467 2604 5537 qui
2634 5467 2784 5536 prius
2815 5478 2940 5519 eum
2970 5463 3398 5528 nesciveramus,
3423 5461 3492 5515 ad

1913 5582 2035 5624 eum
2060 5563 2427 5634 confugimus,
2461 5579 2489 5614 a
2520 5557 2754 5630 pristino
2783 5570 2972 5612 errore
3000 5554 3257 5626 digressi,
3289 5554 3483 5608 adver—

1913 5661 2169 5729 sariaque
2215 5655 2427 5726 abjecta
2478 5651 2704 5708 ditione.
2741 5649 2902 5705 Tales
2943 5662 3097 5719 ergo,
3138 5649 3213 5702 ait
3253 5645 3489 5719 prophe-
