  <div class='ocr_page' id='page_1' title='image "/cluster/home/n/w/nwhite01/storage/ocr_20150623/22/hvd.32044073501140/633.png"; bbox 0 0 4096 6412; ppageno 0'>
   <div class='ocr_carea' id='block_1_1' title="bbox 623 326 757 383">
    <p class='ocr_par' dir='ltr' id='par_1_1' title="bbox 623 326 757 383">
     <span class='ocr_line' id='line_1_1' title="bbox 623 326 757 383; baseline -0.007 0"><span class='ocrx_word' id='word_1_1' title='bbox 623 326 757 383; x_wconf 71' lang='grc'><strong>1251</strong></span> 
     </span>
    </p>
   </div>
   <div class='ocr_carea' id='block_1_2' title="bbox 1224 326 3141 386">
    <p class='ocr_par' dir='ltr' id='par_1_2' title="bbox 1224 326 3141 386">
     <span class='ocr_line' id='line_1_2' title="bbox 1224 326 3141 386; baseline 0.002 -4"><span class='ocrx_word' id='word_1_2' title='bbox 1224 326 1493 385; x_wconf 80' lang='lat' dir='ltr'><strong>EUSEBII</strong></span> <span class='ocrx_word' id='word_1_3' title='bbox 1531 326 2016 384; x_wconf 63' lang='lat' dir='ltr'><strong>CESARIENSIS</strong></span> <span class='ocrx_word' id='word_1_4' title='bbox 2053 326 2205 384; x_wconf 83' lang='lat' dir='ltr'><strong>OPP.</strong></span> <span class='ocrx_word' id='word_1_5' title='bbox 2268 326 2469 383; x_wconf 74' lang='lat' dir='ltr'><strong>PARS.</strong></span> <span class='ocrx_word' id='word_1_6' title='bbox 2511 327 2600 386; x_wconf 82' lang='lat' dir='ltr'><strong>lli.</strong></span> <span class='ocrx_word' id='word_1_7' title='bbox 2628 360 2689 372; x_wconf 87' lang='lat'><strong>—</strong></span> <span class='ocrx_word' id='word_1_8' title='bbox 2730 329 3141 385; x_wconf 73' lang='lat' dir='ltr'><strong>EXEGETICA.</strong></span> 
     </span>
    </p>
   </div>
   <div class='ocr_carea' id='block_1_3' title="bbox 3764 328 3896 385">
    <p class='ocr_par' dir='ltr' id='par_1_3' title="bbox 3764 328 3896 385">
     <span class='ocr_line' id='line_1_3' title="bbox 3764 328 3896 385; baseline 0.008 -1"><span class='ocrx_word' id='word_1_9' title='bbox 3764 328 3896 385; x_wconf 67' lang='grc' dir='ltr'>ιεξει</span> 
     </span>
    </p>
   </div>
   <div class='ocr_carea' id='block_1_4' title="bbox 623 440 2183 515">
    <p class='ocr_par' dir='ltr' id='par_1_4' title="bbox 623 440 2183 513">
     <span class='ocr_line' id='line_1_4' title="bbox 623 440 2183 513; baseline -0.001 -18"><span class='ocrx_word' id='word_1_10' title='bbox 623 441 721 507; x_wconf 79' lang='lat' dir='ltr'><strong>tia,</strong></span> <span class='ocrx_word' id='word_1_11' title='bbox 781 440 975 498; x_wconf 75' lang='lat' dir='ltr'><strong>ﬂemus</strong></span> <span class='ocrx_word' id='word_1_12' title='bbox 1025 450 1249 513; x_wconf 83' lang='lat' dir='ltr'><strong>propter</strong></span> <span class='ocrx_word' id='word_1_13' title='bbox 1300 440 1592 496; x_wconf 90' lang='lat' dir='ltr'><strong>Dominum</strong></span> <span class='ocrx_word' id='word_1_14' title='bbox 1649 440 1819 496; x_wconf 89' lang='lat' dir='ltr'><strong>Deum</strong></span> <span class='ocrx_word' id='word_1_15' title='bbox 1881 441 2024 511; x_wconf 84' lang='lat' dir='ltr'><strong>ejus.</strong></span> <span class='ocrx_word' id='word_1_16' title='bbox 2079 443 2183 513; x_wconf 88' lang='lat' dir='ltr'><strong>qui:</strong></span> 
     </span>
    </p>
   </div>
   <div class='ocr_carea' id='block_1_5' title="bbox 2291 440 3896 515">
    <p class='ocr_par' dir='ltr' id='par_1_5' title="bbox 2312 441 3896 515">
     <span class='ocr_line' id='line_1_5' title="bbox 2312 441 3896 515; baseline 0.001 -19"><span class='ocrx_word' id='word_1_17' title='bbox 2312 441 2687 512; x_wconf 73' lang='grc' dir='ltr'>κατεφύγομεν</span> <span class='ocrx_word' id='word_1_18' title='bbox 2739 441 2825 496; x_wconf 70' lang='grc' dir='ltr'><strong>ἐπ’</strong></span> <span class='ocrx_word' id='word_1_19' title='bbox 2854 442 3041 508; x_wconf 76' lang='grc' dir='ltr'>αὑτὸν,</span> <span class='ocrx_word' id='word_1_20' title='bbox 3072 443 3169 515; x_wconf 81' lang='grc' dir='ltr'><strong>τῆς</strong></span> <span class='ocrx_word' id='word_1_21' title='bbox 3204 441 3474 514; x_wconf 79' lang='grc' dir='ltr'><strong>προτέρας</strong></span> <span class='ocrx_word' id='word_1_22' title='bbox 3525 442 3896 512; x_wconf 76' lang='grc' dir='ltr'><strong>ἀποφυγόντες</strong></span> 
     </span>
    </p>
   </div>
   <div class='ocr_carea' id='block_1_6' title="bbox 622 531 2207 605">
    <p class='ocr_par' dir='ltr' id='par_1_6' title="bbox 622 531 2207 605">
     <span class='ocr_line' id='line_1_6' title="bbox 622 531 2207 605; baseline 0 -17"><span class='ocrx_word' id='word_1_23' title='bbox 622 533 949 605; x_wconf 70' lang='lat' dir='ltr'><strong>gloriﬁcavit</strong></span> <span class='ocrx_word' id='word_1_24' title='bbox 977 549 1125 589; x_wconf 91' lang='lat' dir='ltr'><strong>eum.</strong></span> <span class='ocrx_word' id='word_1_25' title='bbox 1166 531 1515 589; x_wconf 77' lang='lat' dir='ltr'><strong>Manifestum</strong></span> <span class='ocrx_word' id='word_1_26' title='bbox 1546 542 1631 588; x_wconf 88' lang='lat' dir='ltr'><strong>est</strong></span> <span class='ocrx_word' id='word_1_27' title='bbox 1660 549 1768 603; x_wconf 80' lang='lat' dir='ltr'><strong>qua</strong></span> <span class='ocrx_word' id='word_1_28' title='bbox 1796 533 2009 589; x_wconf 77' lang='lat' dir='ltr'><strong>ratione</strong></span> <span class='ocrx_word' id='word_1_29' title='bbox 2035 535 2207 605; x_wconf 57' lang='lat' dir='ltr'><strong>glori»</strong></span> 
     </span>
    </p>
   </div>
   <div class='ocr_carea' id='block_1_7' title="bbox 624 624 2207 694">
    <p class='ocr_par' dir='ltr' id='par_1_7' title="bbox 624 624 2207 694">
     <span class='ocr_line' id='line_1_7' title="bbox 624 624 2207 694; baseline 0.002 -14"><span class='ocrx_word' id='word_1_30' title='bbox 624 627 869 682; x_wconf 83' lang='lat' dir='ltr'><strong>licaverit</strong></span> <span class='ocrx_word' id='word_1_31' title='bbox 892 642 1016 682; x_wconf 89' lang='lat' dir='ltr'><strong>eum</strong></span> <span class='ocrx_word' id='word_1_32' title='bbox 1052 624 1234 689; x_wconf 84' lang='lat' dir='ltr'><strong>Pater,</strong></span> <span class='ocrx_word' id='word_1_33' title='bbox 1263 626 1421 694; x_wconf 79' lang='lat' dir='ltr'><strong>juxta</strong></span> <span class='ocrx_word' id='word_1_34' title='bbox 1458 625 1601 680; x_wconf 91' lang='lat' dir='ltr'><strong>hanc</strong></span> <span class='ocrx_word' id='word_1_35' title='bbox 1634 625 1702 680; x_wconf 86' lang='lat' dir='ltr'><strong>ad</strong></span> <span class='ocrx_word' id='word_1_36' title='bbox 1732 642 1857 680; x_wconf 90' lang='lat' dir='ltr'><strong>eum</strong></span> <span class='ocrx_word' id='word_1_37' title='bbox 1889 641 1921 681; x_wconf 94' lang='lat' dir='ltr'><strong>e</strong></span> <span class='ocrx_word' id='word_1_38' title='bbox 1941 629 2082 682; x_wconf 86' lang='lat' dir='ltr'><strong>coelo</strong></span> <span class='ocrx_word' id='word_1_39' title='bbox 2108 627 2207 683; x_wconf 71' lang='lat' dir='ltr'><strong>de-</strong></span> 
     </span>
    </p>
   </div>
   <div class='ocr_carea' id='block_1_8' title="bbox 621 715 2207 773">
    <p class='ocr_par' dir='ltr' id='par_1_8' title="bbox 621 715 2207 773">
     <span class='ocr_line' id='line_1_8' title="bbox 621 715 2207 773; baseline 0.001 -2"><span class='ocrx_word' id='word_1_40' title='bbox 621 718 846 773; x_wconf 84' lang='lat' dir='ltr'><strong>missam</strong></span> <span class='ocrx_word' id='word_1_41' title='bbox 894 732 1081 772; x_wconf 89' lang='lat' dir='ltr'><strong>vocem</strong></span> <span class='ocrx_word' id='word_1_42' title='bbox 1111 736 1124 771; x_wconf 90' lang='lat'><strong>:</strong></span> <span class='ocrx_word' id='word_1_43' title='bbox 1154 735 1174 767; x_wconf 77' lang='grc' dir='ltr'><strong>ι</strong></span> <span class='ocrx_word' id='word_1_44' title='bbox 1212 715 1274 770; x_wconf 87' lang='lat' dir='ltr'><strong>Et</strong></span> <span class='ocrx_word' id='word_1_45' title='bbox 1320 716 1616 771; x_wconf 83' lang='lat' dir='ltr'><strong>clariﬁcavi</strong></span> <span class='ocrx_word' id='word_1_46' title='bbox 1672 723 1726 771; x_wconf 91' lang='lat' dir='ltr'><strong>et</strong></span> <span class='ocrx_word' id='word_1_47' title='bbox 1763 718 1960 772; x_wconf 90' lang='lat' dir='ltr'><strong>iterum</strong></span> <span class='ocrx_word' id='word_1_48' title='bbox 2004 718 2207 773; x_wconf 78' lang='lat' dir='ltr'><strong>clariﬁ-</strong></span> 
     </span>
    </p>
   </div>
   <div class='ocr_carea' id='block_1_9' title="bbox 618 809 2205 882">
    <p class='ocr_par' dir='ltr' id='par_1_9' title="bbox 618 809 2205 882">
     <span class='ocr_line' id='line_1_9' title="bbox 618 809 2205 882; baseline 0.001 -17"><span class='ocrx_word' id='word_1_49' title='bbox 618 812 759 865; x_wconf 89' lang='lat' dir='ltr'><strong>cabo</strong></span> <span class='ocrx_word' id='word_1_50' title='bbox 786 810 826 864; x_wconf 82' lang='grc'><strong>¹.</strong></span> <span class='ocrx_word' id='word_1_51' title='bbox 862 829 882 862; x_wconf 73' lang='grc' dir='ltr'><strong>ι</strong></span> <span class='ocrx_word' id='word_1_52' title='bbox 915 809 1213 864; x_wconf 82' lang='lat' dir='ltr'><strong>Videamus</strong></span> <span class='ocrx_word' id='word_1_53' title='bbox 1266 816 1448 864; x_wconf 85' lang='lat' dir='ltr'><strong>autem</strong></span> <span class='ocrx_word' id='word_1_54' title='bbox 1499 824 1682 863; x_wconf 89' lang='lat' dir='ltr'><strong>annon</strong></span> <span class='ocrx_word' id='word_1_55' title='bbox 1729 818 2036 879; x_wconf 79' lang='lat' dir='ltr'><strong>congruant</strong></span> <span class='ocrx_word' id='word_1_56' title='bbox 2081 827 2205 882; x_wconf 74' lang='lat' dir='ltr'><strong>qua:</strong></span> 
     </span>
    </p>
   </div>
   <div class='ocr_carea' id='block_1_10' title="bbox 619 900 2205 975">
    <p class='ocr_par' dir='ltr' id='par_1_10' title="bbox 619 900 2205 975">
     <span class='ocr_line' id='line_1_10' title="bbox 619 900 2205 975; baseline 0.001 -17"><span class='ocrx_word' id='word_1_57' title='bbox 619 903 711 958; x_wconf 82' lang='lat' dir='ltr'><strong>hic</strong></span> <span class='ocrx_word' id='word_1_58' title='bbox 738 904 1018 966; x_wconf 90' lang='lat' dir='ltr'><strong>dicuntur,</strong></span> <span class='ocrx_word' id='word_1_59' title='bbox 1050 902 1262 957; x_wconf 77' lang='lat' dir='ltr'><strong>scilicet</strong></span> <span class='ocrx_word' id='word_1_60' title='bbox 1290 919 1303 953; x_wconf 93' lang='lat'><strong>:</strong></span> <span class='ocrx_word' id='word_1_61' title='bbox 1337 920 1355 951; x_wconf 85' lang='grc' dir='ltr'><strong>ι</strong></span> <span class='ocrx_word' id='word_1_62' title='bbox 1388 900 1528 957; x_wconf 85' lang='lat' dir='ltr'><strong>Ecce</strong></span> <span class='ocrx_word' id='word_1_63' title='bbox 1554 910 1770 972; x_wconf 77' lang='lat' dir='ltr'><strong>gentem</strong></span> <span class='ocrx_word' id='word_1_64' title='bbox 1789 920 1958 975; x_wconf 80' lang='lat' dir='ltr'><strong>quam</strong></span> <span class='ocrx_word' id='word_1_65' title='bbox 1988 906 2205 961; x_wconf 86' lang='lat' dir='ltr'><strong>nescie-</strong></span> 
     </span>
    </p>
   </div>
   <div class='ocr_carea' id='block_1_11' title="bbox 618 997 2199 1067">
    <p class='ocr_par' dir='ltr' id='par_1_11' title="bbox 618 997 2199 1067">
     <span class='ocr_line' id='line_1_11' title="bbox 618 997 2199 1067; baseline 0.001 -16"><span class='ocrx_word' id='word_1_66' title='bbox 618 997 720 1051; x_wconf 88' lang='lat' dir='ltr'><strong>bas</strong></span> <span class='ocrx_word' id='word_1_67' title='bbox 753 997 978 1051; x_wconf 85' lang='lat' dir='ltr'><strong>vocabis</strong></span> <span class='ocrx_word' id='word_1_68' title='bbox 1009 1014 1021 1049; x_wconf 94' lang='lat'>:</span> <span class='ocrx_word' id='word_1_69' title='bbox 1054 1006 1107 1050; x_wconf 82' lang='lat' dir='ltr'><strong>et</strong></span> <span class='ocrx_word' id='word_1_70' title='bbox 1136 1003 1326 1065; x_wconf 80' lang='lat' dir='ltr'><strong>gentes</strong></span> <span class='ocrx_word' id='word_1_71' title='bbox 1357 1010 1478 1065; x_wconf 66' lang='lat' dir='ltr'><strong>quae</strong></span> <span class='ocrx_word' id='word_1_72' title='bbox 1512 1003 1566 1050; x_wconf 91' lang='lat' dir='ltr'><strong>te</strong></span> <span class='ocrx_word' id='word_1_73' title='bbox 1591 1010 1699 1049; x_wconf 91' lang='lat' dir='ltr'><strong>non</strong></span> <span class='ocrx_word' id='word_1_74' title='bbox 1728 1007 2106 1067; x_wconf 78' lang='lat' dir='ltr'><strong>cognoverunt</strong></span> <span class='ocrx_word' id='word_1_75' title='bbox 2133 998 2199 1052; x_wconf 91' lang='lat' dir='ltr'><strong>ad</strong></span> 
     </span>
    </p>
   </div>
   <div class='ocr_carea' id='block_1_12' title="bbox 619 1086 2201 1158">
    <p class='ocr_par' dir='ltr' id='par_1_12' title="bbox 619 1086 2201 1158">
     <span class='ocr_line' id='line_1_12' title="bbox 619 1086 2201 1158; baseline 0 -16"><span class='ocrx_word' id='word_1_76' title='bbox 619 1098 674 1144; x_wconf 85' lang='lat' dir='ltr'><strong>te</strong></span> <span class='ocrx_word' id='word_1_77' title='bbox 700 1097 945 1152; x_wconf 90' lang='lat' dir='ltr'><strong>current,</strong></span> <span class='ocrx_word' id='word_1_78' title='bbox 976 1107 995 1140; x_wconf 68' lang='grc' dir='ltr'><strong>ι</strong></span> <span class='ocrx_word' id='word_1_79' title='bbox 1036 1104 1159 1142; x_wconf 89' lang='lat' dir='ltr'><strong>cum</strong></span> <span class='ocrx_word' id='word_1_80' title='bbox 1204 1088 1313 1142; x_wconf 88' lang='lat' dir='ltr'><strong>illis</strong></span> <span class='ocrx_word' id='word_1_81' title='bbox 1345 1102 1467 1158; x_wconf 73' lang='lat' dir='ltr'><strong>qua:</strong></span> <span class='ocrx_word' id='word_1_82' title='bbox 1496 1090 1548 1141; x_wconf 89' lang='lat' dir='ltr'><strong>in</strong></span> <span class='ocrx_word' id='word_1_83' title='bbox 1582 1086 1924 1157; x_wconf 74' lang='lat' dir='ltr'><strong>praecedente</strong></span> <span class='ocrx_word' id='word_1_84' title='bbox 1949 1087 2201 1143; x_wconf 81' lang='lat' dir='ltr'><strong>referun—</strong></span> 
     </span>
    </p>
   </div>
   <div class='ocr_carea' id='block_1_13' title="bbox 616 1181 2198 1253">
    <p class='ocr_par' dir='ltr' id='par_1_13' title="bbox 616 1181 2198 1253">
     <span class='ocr_line' id='line_1_13' title="bbox 616 1181 2198 1253; baseline -0.001 -17"><span class='ocrx_word' id='word_1_85' title='bbox 616 1190 709 1237; x_wconf 90' lang='lat' dir='ltr'><strong>tur</strong></span> <span class='ocrx_word' id='word_1_86' title='bbox 754 1182 1017 1253; x_wconf 86' lang='lat' dir='ltr'><strong>capitulo,</strong></span> <span class='ocrx_word' id='word_1_87' title='bbox 1076 1182 1310 1245; x_wconf 88' lang='lat' dir='ltr'><strong>scilicet,</strong></span> <span class='ocrx_word' id='word_1_88' title='bbox 1350 1199 1369 1233; x_wconf 83' lang='grc' dir='ltr'><strong>ι</strong></span> <span class='ocrx_word' id='word_1_89' title='bbox 1401 1181 1602 1252; x_wconf 86' lang='lat' dir='ltr'><strong>quibus</strong></span> <span class='ocrx_word' id='word_1_90' title='bbox 1652 1196 1761 1236; x_wconf 91' lang='lat' dir='ltr'><strong>non</strong></span> <span class='ocrx_word' id='word_1_91' title='bbox 1810 1182 2198 1236; x_wconf 89' lang='lat' dir='ltr'><strong>annuntiatum</strong></span> 
     </span>
    </p>
   </div>
   <div class='ocr_carea' id='block_1_14' title="bbox 616 1274 2202 1346">
    <p class='ocr_par' dir='ltr' id='par_1_14' title="bbox 616 1274 2202 1346">
     <span class='ocr_line' id='line_1_14' title="bbox 616 1274 2202 1346; baseline 0.001 -17"><span class='ocrx_word' id='word_1_92' title='bbox 616 1284 701 1332; x_wconf 82' lang='lat' dir='ltr'><strong>est</strong></span> <span class='ocrx_word' id='word_1_93' title='bbox 733 1275 801 1332; x_wconf 89' lang='lat' dir='ltr'><strong>dc</strong></span> <span class='ocrx_word' id='word_1_94' title='bbox 829 1292 915 1337; x_wconf 90' lang='lat' dir='ltr'><strong>eo,</strong></span> <span class='ocrx_word' id='word_1_95' title='bbox 948 1276 1225 1338; x_wconf 85' lang='lat' dir='ltr'><strong>viderunt,</strong></span> <span class='ocrx_word' id='word_1_96' title='bbox 1267 1282 1322 1330; x_wconf 88' lang='lat' dir='ltr'><strong>et</strong></span> <span class='ocrx_word' id='word_1_97' title='bbox 1354 1274 1446 1346; x_wconf 89' lang='lat' dir='ltr'><strong>qui</strong></span> <span class='ocrx_word' id='word_1_98' title='bbox 1483 1292 1591 1329; x_wconf 83' lang='lat' dir='ltr'><strong>non</strong></span> <span class='ocrx_word' id='word_1_99' title='bbox 1624 1274 1921 1330; x_wconf 86' lang='lat' dir='ltr'><strong>audierunt</strong></span> <span class='ocrx_word' id='word_1_100' title='bbox 1952 1283 2202 1330; x_wconf 88' lang='lat' dir='ltr'><strong>contem—</strong></span> 
     </span>
    </p>
   </div>
   <div class='ocr_carea' id='block_1_15' title="bbox 615 1366 2200 1439">
    <p class='ocr_par' dir='ltr' id='par_1_15' title="bbox 615 1366 2200 1439">
     <span class='ocr_line' id='line_1_15' title="bbox 615 1366 2200 1439; baseline 0.001 -18"><span class='ocrx_word' id='word_1_101' title='bbox 615 1368 747 1438; x_wconf 79' lang='lat' dir='ltr'><strong>plati</strong></span> <span class='ocrx_word' id='word_1_102' title='bbox 796 1374 944 1423; x_wconf 88' lang='lat' dir='ltr'><strong>sunt.</strong></span> <span class='ocrx_word' id='word_1_103' title='bbox 977 1387 996 1419; x_wconf 73' lang='grc' dir='ltr'><strong>ι</strong></span> <span class='ocrx_word' id='word_1_104' title='bbox 1062 1367 1158 1422; x_wconf 82' lang='lat' dir='ltr'><strong>llis</strong></span> <span class='ocrx_word' id='word_1_105' title='bbox 1201 1368 1402 1423; x_wconf 89' lang='lat' dir='ltr'><strong>similia</strong></span> <span class='ocrx_word' id='word_1_106' title='bbox 1458 1366 1814 1422; x_wconf 86' lang='lat' dir='ltr'><strong>inveniuntur</strong></span> <span class='ocrx_word' id='word_1_107' title='bbox 1857 1367 1914 1422; x_wconf 91' lang='lat' dir='ltr'><strong>in</strong></span> <span class='ocrx_word' id='word_1_108' title='bbox 1968 1369 2200 1439; x_wconf 82' lang='lat' dir='ltr'><strong>septimo</strong></span> 
     </span>
    </p>
   </div>
   <div class='ocr_carea' id='block_1_16' title="bbox 615 1459 2199 1532">
    <p class='ocr_par' dir='ltr' id='par_1_16' title="bbox 615 1459 2199 1532">
     <span class='ocr_line' id='line_1_16' title="bbox 615 1459 2199 1532; baseline 0.001 -17"><span class='ocrx_word' id='word_1_109' title='bbox 615 1461 831 1516; x_wconf 81' lang='lat' dir='ltr'><strong>decimo</strong></span> <span class='ocrx_word' id='word_1_110' title='bbox 895 1461 1136 1532; x_wconf 85' lang='lat' dir='ltr'><strong>psalmo,</strong></span> <span class='ocrx_word' id='word_1_111' title='bbox 1197 1475 1227 1515; x_wconf 89' lang='lat' dir='ltr'><strong>e</strong></span> <span class='ocrx_word' id='word_1_112' title='bbox 1289 1459 1497 1514; x_wconf 91' lang='lat' dir='ltr'><strong>Christi</strong></span> <span class='ocrx_word' id='word_1_113' title='bbox 1569 1474 1802 1531; x_wconf 85' lang='lat' dir='ltr'><strong>persona</strong></span> <span class='ocrx_word' id='word_1_114' title='bbox 1850 1476 1864 1512; x_wconf 89' lang='lat'><strong>:</strong></span> <span class='ocrx_word' id='word_1_115' title='bbox 1907 1459 2199 1530; x_wconf 67' lang='lat' dir='ltr'><strong>«Populus</strong></span> 
     </span>
    </p>
   </div>
   <div class='ocr_carea' id='block_1_17' title="bbox 615 1552 2198 1623">
    <p class='ocr_par' dir='ltr' id='par_1_17' title="bbox 615 1552 2198 1623">
     <span class='ocr_line' id='line_1_17' title="bbox 615 1552 2198 1623; baseline 0 -16"><span class='ocrx_word' id='word_1_116' title='bbox 615 1568 777 1623; x_wconf 85' lang='lat' dir='ltr'><strong>quem</strong></span> <span class='ocrx_word' id='word_1_117' title='bbox 813 1552 1129 1623; x_wconf 78' lang='lat' dir='ltr'><strong>ignorabam</strong></span> <span class='ocrx_word' id='word_1_118' title='bbox 1161 1552 1388 1607; x_wconf 76' lang='lat' dir='ltr'><strong>servivit</strong></span> <span class='ocrx_word' id='word_1_119' title='bbox 1415 1552 1573 1616; x_wconf 90' lang='lat' dir='ltr'><strong>mihi,</strong></span> <span class='ocrx_word' id='word_1_120' title='bbox 1615 1554 1668 1606; x_wconf 89' lang='lat' dir='ltr'><strong>in</strong></span> <span class='ocrx_word' id='word_1_121' title='bbox 1698 1552 1884 1606; x_wconf 90' lang='lat' dir='ltr'><strong>auditu</strong></span> <span class='ocrx_word' id='word_1_122' title='bbox 1928 1552 2044 1607; x_wconf 89' lang='lat' dir='ltr'><strong>oris</strong></span> <span class='ocrx_word' id='word_1_123' title='bbox 2069 1552 2198 1607; x_wconf 80' lang='lat' dir='ltr'><strong>obe-</strong></span> 
     </span>
    </p>
   </div>
   <div class='ocr_carea' id='block_1_18' title="bbox 614 1642 2194 1715">
    <p class='ocr_par' dir='ltr' id='par_1_18' title="bbox 614 1642 2194 1715">
     <span class='ocr_line' id='line_1_18' title="bbox 614 1642 2194 1715; baseline 0.001 -17"><span class='ocrx_word' id='word_1_124' title='bbox 614 1645 749 1699; x_wconf 83' lang='lat' dir='ltr'><strong>divit</strong></span> <span class='ocrx_word' id='word_1_125' title='bbox 778 1645 909 1698; x_wconf 87' lang='lat' dir='ltr'><strong>mihi</strong></span> <span class='ocrx_word' id='word_1_126' title='bbox 935 1646 975 1697; x_wconf 78' lang='grc'><strong>².</strong></span> <span class='ocrx_word' id='word_1_127' title='bbox 1005 1664 1024 1695; x_wconf 74' lang='grc' dir='ltr'><strong>ι</strong></span> <span class='ocrx_word' id='word_1_128' title='bbox 1063 1642 1354 1715; x_wconf 82' lang='lat' dir='ltr'><strong>Nos&#39;igitur</strong></span> <span class='ocrx_word' id='word_1_129' title='bbox 1374 1660 1532 1698; x_wconf 81' lang='lat' dir='ltr'><strong>veras</strong></span> <span class='ocrx_word' id='word_1_130' title='bbox 1547 1644 1831 1700; x_wconf 82' lang='lat' dir='ltr'><strong>credentes</strong></span> <span class='ocrx_word' id='word_1_131' title='bbox 1849 1644 2194 1714; x_wconf 86' lang='lat' dir='ltr'><strong>prophetias,</strong></span> 
     </span>
    </p>
   </div>
   <div class='ocr_carea' id='block_1_19' title="bbox 615 1734 2197 1806">
    <p class='ocr_par' dir='ltr' id='par_1_19' title="bbox 615 1734 2197 1806">
     <span class='ocr_line' id='line_1_19' title="bbox 615 1734 2197 1806; baseline -0.001 -15"><span class='ocrx_word' id='word_1_132' title='bbox 615 1737 867 1806; x_wconf 86' lang='lat' dir='ltr'><strong>impletas</strong></span> <span class='ocrx_word' id='word_1_133' title='bbox 921 1735 1091 1791; x_wconf 78' lang='lat' dir='ltr'><strong>fuisse</strong></span> <span class='ocrx_word' id='word_1_134' title='bbox 1142 1752 1236 1791; x_wconf 88' lang='lat' dir='ltr'><strong>eas</strong></span> <span class='ocrx_word' id='word_1_135' title='bbox 1276 1734 1579 1791; x_wconf 87' lang='lat' dir='ltr'><strong>Salvatoris</strong></span> <span class='ocrx_word' id='word_1_136' title='bbox 1625 1734 1796 1791; x_wconf 89' lang='lat' dir='ltr'><strong>nostri</strong></span> <span class='ocrx_word' id='word_1_137' title='bbox 1830 1734 2064 1791; x_wconf 81' lang='lat' dir='ltr'><strong>adventu</strong></span> <span class='ocrx_word' id='word_1_138' title='bbox 2098 1750 2197 1805; x_wconf 87' lang='lat' dir='ltr'><strong>pro</strong></span> 
     </span>
    </p>
   </div>
   <div class='ocr_carea' id='block_1_20' title="bbox 2315 533 3893 607">
    <p class='ocr_par' dir='ltr' id='par_1_20' title="bbox 2315 533 3893 607">
     <span class='ocr_line' id='line_1_20' title="bbox 2315 533 3893 607; baseline 0.003 -20"><span class='ocrx_word' id='word_1_139' title='bbox 2315 534 2543 603; x_wconf 83' lang='grc' dir='ltr'>πλάνης,</span> <span class='ocrx_word' id='word_1_140' title='bbox 2563 533 2655 586; x_wconf 76' lang='grc' dir='ltr'>καὶ</span> <span class='ocrx_word' id='word_1_141' title='bbox 2680 533 2786 587; x_wconf 81' lang='grc' dir='ltr'><strong>ὑπὸ</strong></span> <span class='ocrx_word' id='word_1_142' title='bbox 2807 533 2905 597; x_wconf 83' lang='grc' dir='ltr'>τὰς</span> <span class='ocrx_word' id='word_1_143' title='bbox 2925 534 3308 606; x_wconf 77' lang='grc' dir='ltr'><strong>ἀντικειμένας</strong></span> <span class='ocrx_word' id='word_1_144' title='bbox 3333 536 3614 607; x_wconf 73' lang='grc' dir='ltr'>ἐνεργείας</span> <span class='ocrx_word' id='word_1_145' title='bbox 3635 534 3893 601; x_wconf 76' lang='grc' dir='ltr'>δουλείας.</span> 
     </span>
    </p>
   </div>
   <div class='ocr_carea' id='block_1_21' title="bbox 2314 624 3897 697">
    <p class='ocr_par' dir='ltr' id='par_1_21' title="bbox 2314 624 3897 697">
     <span class='ocr_line' id='line_1_21' title="bbox 2314 624 3897 697; baseline 0 -18"><span class='ocrx_word' id='word_1_146' title='bbox 2314 624 2500 680; x_wconf 83' lang='grc' dir='ltr'>Ταῦτα</span> <span class='ocrx_word' id='word_1_147' title='bbox 2520 625 2597 687; x_wconf 83' lang='grc' dir='ltr'>δὲ,</span> <span class='ocrx_word' id='word_1_148' title='bbox 2629 626 2793 695; x_wconf 72' lang='grc' dir='ltr'>φησὶν</span> <span class='ocrx_word' id='word_1_149' title='bbox 2821 626 2854 696; x_wconf 86' lang='grc' dir='ltr'><strong>ή</strong></span> <span class='ocrx_word' id='word_1_150' title='bbox 2892 624 3216 697; x_wconf 79' lang='grc' dir='ltr'><strong>προφητεία,</strong></span> <span class='ocrx_word' id='word_1_151' title='bbox 3250 624 3546 697; x_wconf 76' lang='grc' dir='ltr'>γενήσεσθε</span> <span class='ocrx_word' id='word_1_152' title='bbox 3578 625 3770 679; x_wconf 80' lang='grc' dir='ltr'>ἕνεκεν</span> <span class='ocrx_word' id='word_1_153' title='bbox 3793 628 3897 679; x_wconf 78' lang='grc' dir='ltr'><strong>Κυ-</strong></span> 
     </span>
    </p>
   </div>
   <div class='ocr_carea' id='block_1_22' title="bbox 2317 716 3897 790">
    <p class='ocr_par' dir='ltr' id='par_1_22' title="bbox 2317 716 3897 790">
     <span class='ocr_line' id='line_1_22' title="bbox 2317 716 3897 790; baseline 0.001 -19"><span class='ocrx_word' id='word_1_154' title='bbox 2317 718 2432 790; x_wconf 83' lang='grc' dir='ltr'>ρίου</span> <span class='ocrx_word' id='word_1_155' title='bbox 2449 716 2543 769; x_wconf 89' lang='grc' dir='ltr'><strong>τοῦ</strong></span> <span class='ocrx_word' id='word_1_156' title='bbox 2558 716 2693 770; x_wconf 84' lang='grc' dir='ltr'>Θεοῦ</span> <span class='ocrx_word' id='word_1_157' title='bbox 2710 716 2897 780; x_wconf 85' lang='grc' dir='ltr'>αὑτοῦ,</span> <span class='ocrx_word' id='word_1_158' title='bbox 2920 717 3003 769; x_wconf 87' lang='grc' dir='ltr'>ὃτι</span> <span class='ocrx_word' id='word_1_159' title='bbox 3022 717 3272 782; x_wconf 78' lang='grc' dir='ltr'>ἐδόξασεν</span> <span class='ocrx_word' id='word_1_160' title='bbox 3287 718 3470 771; x_wconf 80' lang='grc' dir='ltr'>αὐτόν·</span> <span class='ocrx_word' id='word_1_161' title='bbox 3493 718 3663 787; x_wconf 80' lang='grc' dir='ltr'>σαφὲς</span> <span class='ocrx_word' id='word_1_162' title='bbox 3684 719 3731 772; x_wconf 65' lang='grc' dir='ltr'>δ’</span> <span class='ocrx_word' id='word_1_163' title='bbox 3755 719 3897 782; x_wconf 76' lang='grc' dir='ltr'>ὅπως</span> 
     </span>
    </p>
   </div>
   <div class='ocr_carea' id='block_1_23' title="bbox 2310 808 3896 881">
    <p class='ocr_par' dir='ltr' id='par_1_23' title="bbox 2310 808 3896 881">
     <span class='ocr_line' id='line_1_23' title="bbox 2310 808 3896 881; baseline 0 -18"><span class='ocrx_word' id='word_1_164' title='bbox 2310 809 2564 875; x_wconf 75' lang='grc' dir='ltr'>ἐδόξασεν</span> <span class='ocrx_word' id='word_1_165' title='bbox 2594 808 2752 863; x_wconf 71' lang='grc' dir='ltr'>αὑτὸν</span> <span class='ocrx_word' id='word_1_166' title='bbox 2779 811 2808 862; x_wconf 88' lang='grc' dir='ltr'><strong>ό</strong></span> <span class='ocrx_word' id='word_1_167' title='bbox 2838 809 3028 881; x_wconf 80' lang='grc' dir='ltr'>Πατὴρ</span> <span class='ocrx_word' id='word_1_168' title='bbox 3074 810 3215 864; x_wconf 81' lang='grc' dir='ltr'>κατὰ</span> <span class='ocrx_word' id='word_1_169' title='bbox 3254 810 3351 881; x_wconf 80' lang='grc' dir='ltr'>τὴν</span> <span class='ocrx_word' id='word_1_170' title='bbox 3404 809 3724 881; x_wconf 84' lang='grc' dir='ltr'>ἐνεχθεῖσαν</span> <span class='ocrx_word' id='word_1_171' title='bbox 3764 810 3896 880; x_wconf 76' lang='grc' dir='ltr'>πρὸς</span> 
     </span>
    </p>
   </div>
   <div class='ocr_carea' id='block_1_24' title="bbox 2311 900 3895 974">
    <p class='ocr_par' dir='ltr' id='par_1_24' title="bbox 2311 900 3895 974">
     <span class='ocr_line' id='line_1_24' title="bbox 2311 900 3895 974; baseline -0.001 -18"><span class='ocrx_word' id='word_1_172' title='bbox 2311 901 2475 956; x_wconf 80' lang='grc' dir='ltr'>αὐτὸν</span> <span class='ocrx_word' id='word_1_173' title='bbox 2516 902 2576 966; x_wconf 83' lang='grc' dir='ltr'>ἐξ</span> <span class='ocrx_word' id='word_1_174' title='bbox 2618 900 2851 973; x_wconf 84' lang='grc' dir='ltr'>ούρανοῦ</span> <span class='ocrx_word' id='word_1_175' title='bbox 2877 902 3084 972; x_wconf 79' lang='grc' dir='ltr'>φωνὴν,</span> <span class='ocrx_word' id='word_1_176' title='bbox 3125 904 3259 974; x_wconf 82' lang='grc' dir='ltr'>τήν·</span> <span class='ocrx_word' id='word_1_177' title='bbox 3303 921 3322 954; x_wconf 80' lang='grc' dir='ltr'><strong>ι</strong></span> <span class='ocrx_word' id='word_1_178' title='bbox 3368 903 3480 956; x_wconf 75' lang='grc' dir='ltr'><strong>Καὶ</strong></span> <span class='ocrx_word' id='word_1_179' title='bbox 3521 902 3774 970; x_wconf 75' lang='grc' dir='ltr'>ἐδόξασα,</span> <span class='ocrx_word' id='word_1_180' title='bbox 3807 902 3895 956; x_wconf 75' lang='grc' dir='ltr'>καὶ</span> 
     </span>
    </p>
   </div>
   <div class='ocr_carea' id='block_1_25' title="bbox 2310 993 3895 1067">
    <p class='ocr_par' dir='ltr' id='par_1_25' title="bbox 2310 993 3895 1067">
     <span class='ocr_line' id='line_1_25' title="bbox 2310 993 3895 1067; baseline 0.003 -21"><span class='ocrx_word' id='word_1_181' title='bbox 2310 993 2474 1047; x_wconf 85' lang='grc' dir='ltr'>πάλιν</span> <span class='ocrx_word' id='word_1_182' title='bbox 2495 993 2718 1059; x_wconf 82' lang='grc' dir='ltr'>δοξάσω.</span> <span class='ocrx_word' id='word_1_183' title='bbox 2761 1014 2779 1046; x_wconf 76' lang='grc' dir='ltr'><strong>ι</strong></span> <span class='ocrx_word' id='word_1_184' title='bbox 2807 996 2948 1067; x_wconf 83' lang='grc' dir='ltr'><strong>Ὅρα</strong></span> <span class='ocrx_word' id='word_1_185' title='bbox 2973 996 3018 1049; x_wconf 76' lang='grc' dir='ltr'>δ’</span> <span class='ocrx_word' id='word_1_186' title='bbox 3046 999 3096 1051; x_wconf 85' lang='grc' dir='ltr'><strong>εί</strong></span> <span class='ocrx_word' id='word_1_187' title='bbox 3124 995 3199 1067; x_wconf 82' lang='grc' dir='ltr'>μὴ</span> <span class='ocrx_word' id='word_1_188' title='bbox 3224 996 3460 1066; x_wconf 84' lang='grc' dir='ltr'>συγγενῆ</span> <span class='ocrx_word' id='word_1_189' title='bbox 3495 996 3758 1065; x_wconf 77' lang='grc' dir='ltr'>τυγχάνει</span> <span class='ocrx_word' id='word_1_190' title='bbox 3786 998 3895 1061; x_wconf 85' lang='grc' dir='ltr'>τοῖς</span> 
     </span>
    </p>
   </div>
   <div class='ocr_carea' id='block_1_26' title="bbox 2310 1088 3891 1161">
    <p class='ocr_par' dir='ltr' id='par_1_26' title="bbox 2310 1088 3891 1161">
     <span class='ocr_line' id='line_1_26' title="bbox 2310 1088 3891 1161; baseline 0.003 -20"><span class='ocrx_word' id='word_1_191' title='bbox 2310 1088 2498 1142; x_wconf 83' lang='grc' dir='ltr'>ἐνθάδε</span> <span class='ocrx_word' id='word_1_192' title='bbox 2531 1092 2717 1161; x_wconf 76' lang='grc' dir='ltr'>ῥητοῖς</span> <span class='ocrx_word' id='word_1_193' title='bbox 2741 1090 3009 1159; x_wconf 81' lang='grc' dir='ltr'>φάσκουσι</span> <span class='ocrx_word' id='word_1_194' title='bbox 3033 1091 3115 1145; x_wconf 79' lang='grc' dir='ltr'><strong>τόο</strong></span> <span class='ocrx_word' id='word_1_195' title='bbox 3153 1110 3171 1141; x_wconf 84' lang='grc' dir='ltr'><strong>ι</strong></span> <span class='ocrx_word' id='word_1_196' title='bbox 3213 1090 3383 1160; x_wconf 84' lang='grc' dir='ltr'>Ἕθνη</span> <span class='ocrx_word' id='word_1_197' title='bbox 3410 1089 3447 1144; x_wconf 76' lang='grc' dir='ltr'>ἃ</span> <span class='ocrx_word' id='word_1_198' title='bbox 3474 1090 3579 1143; x_wconf 76' lang='grc' dir='ltr'>οὐκ</span> <span class='ocrx_word' id='word_1_199' title='bbox 3607 1088 3787 1142; x_wconf 79' lang='grc' dir='ltr'>οἴδασί</span> <span class='ocrx_word' id='word_1_200' title='bbox 3811 1104 3891 1153; x_wconf 75' lang='grc' dir='ltr'><strong>σε,</strong></span> 
     </span>
    </p>
   </div>
   <div class='ocr_carea' id='block_1_27' title="bbox 2308 1178 3891 1250">
    <p class='ocr_par' dir='ltr' id='par_1_27' title="bbox 2308 1178 3891 1250">
     <span class='ocr_line' id='line_1_27' title="bbox 2308 1178 3891 1250; baseline 0.002 -19"><span class='ocrx_word' id='word_1_201' title='bbox 2308 1178 2723 1233; x_wconf 81' lang='grc' dir='ltr'>ἐπικαλέσονταί</span> <span class='ocrx_word' id='word_1_202' title='bbox 2768 1197 2859 1249; x_wconf 87' lang='grc' dir='ltr'><strong>σε,</strong></span> <span class='ocrx_word' id='word_1_203' title='bbox 2883 1183 2979 1236; x_wconf 86' lang='grc' dir='ltr'>καὶ</span> <span class='ocrx_word' id='word_1_204' title='bbox 3014 1181 3135 1237; x_wconf 83' lang='grc' dir='ltr'>λαοὶ</span> <span class='ocrx_word' id='word_1_205' title='bbox 3173 1182 3224 1235; x_wconf 84' lang='grc' dir='ltr'>οἳ</span> <span class='ocrx_word' id='word_1_206' title='bbox 3251 1182 3351 1236; x_wconf 88' lang='grc' dir='ltr'><strong>ούκ</strong></span> <span class='ocrx_word' id='word_1_207' title='bbox 3387 1180 3633 1250; x_wconf 77' lang='grc' dir='ltr'>ἕγνωσάν</span> <span class='ocrx_word' id='word_1_208' title='bbox 3679 1197 3761 1243; x_wconf 88' lang='grc' dir='ltr'><strong>σε,</strong></span> <span class='ocrx_word' id='word_1_209' title='bbox 3801 1181 3891 1234; x_wconf 69' lang='grc' dir='ltr'>ἐπὶ</span> 
     </span>
    </p>
   </div>
   <div class='ocr_carea' id='block_1_28' title="bbox 2313 1272 3888 1346">
    <p class='ocr_par' dir='ltr' id='par_1_28' title="bbox 2313 1272 3888 1346">
     <span class='ocr_line' id='line_1_28' title="bbox 2313 1272 3888 1346; baseline 0.001 -22"><span class='ocrx_word' id='word_1_210' title='bbox 2313 1272 2373 1325; x_wconf 82' lang='grc' dir='ltr'><strong>σέ</strong></span> <span class='ocrx_word' id='word_1_211' title='bbox 2404 1272 2856 1343; x_wconf 79' lang='grc' dir='ltr'>καταφεύξονται,</span> <span class='ocrx_word' id='word_1_212' title='bbox 2893 1295 2912 1325; x_wconf 72' lang='grc' dir='ltr'><strong>ι</strong></span> <span class='ocrx_word' id='word_1_213' title='bbox 2938 1275 3006 1328; x_wconf 82' lang='grc' dir='ltr'><strong>τά</strong></span> <span class='ocrx_word' id='word_1_214' title='bbox 3038 1276 3097 1328; x_wconf 89' lang='grc' dir='ltr'><strong>ἐν</strong></span> <span class='ocrx_word' id='word_1_215' title='bbox 3126 1273 3206 1345; x_wconf 80' lang='grc' dir='ltr'><strong>τῷ</strong></span> <span class='ocrx_word' id='word_1_216' title='bbox 3237 1274 3343 1346; x_wconf 84' lang='grc' dir='ltr'>πρὸ</span> <span class='ocrx_word' id='word_1_217' title='bbox 3362 1273 3555 1327; x_wconf 90' lang='grc' dir='ltr'>τούτου</span> <span class='ocrx_word' id='word_1_218' title='bbox 3586 1272 3888 1345; x_wconf 72' lang='grc' dir='ltr'>κεφαλαίῳ,</span> 
     </span>
    </p>
   </div>
   <div class='ocr_carea' id='block_1_29' title="bbox 2307 1360 3891 1438">
    <p class='ocr_par' dir='ltr' id='par_1_29' title="bbox 2307 1360 3891 1438">
     <span class='ocr_line' id='line_1_29' title="bbox 2307 1360 3891 1438; baseline 0.003 -23"><span class='ocrx_word' id='word_1_219' title='bbox 2307 1362 2435 1416; x_wconf 81' lang='grc' dir='ltr'>ἔνθα</span> <span class='ocrx_word' id='word_1_220' title='bbox 2462 1362 2701 1432; x_wconf 81' lang='grc' dir='ltr'><strong>ἐλέγετο,</strong></span> <span class='ocrx_word' id='word_1_221' title='bbox 2726 1364 2808 1418; x_wconf 81' lang='grc' dir='ltr'>ὃτι</span> <span class='ocrx_word' id='word_1_222' title='bbox 2826 1385 2844 1415; x_wconf 86' lang='grc' dir='ltr'><strong>ι</strong></span> <span class='ocrx_word' id='word_1_223' title='bbox 2867 1360 2949 1430; x_wconf 73' lang='grc' dir='ltr'>οἷς</span> <span class='ocrx_word' id='word_1_224' title='bbox 2977 1366 3079 1420; x_wconf 86' lang='grc' dir='ltr'>οὐκ</span> <span class='ocrx_word' id='word_1_225' title='bbox 3099 1365 3371 1438; x_wconf 80' lang='grc' dir='ltr'>ἀνηγγέλη</span> <span class='ocrx_word' id='word_1_226' title='bbox 3394 1365 3520 1437; x_wconf 58' lang='grc' dir='ltr'><strong>περὶ⁸</strong></span> <span class='ocrx_word' id='word_1_227' title='bbox 3536 1364 3711 1419; x_wconf 86' lang='grc' dir='ltr'>αὑτοῦ</span> <span class='ocrx_word' id='word_1_228' title='bbox 3736 1365 3891 1434; x_wconf 52' lang='lat' dir='ltr'><strong>Emu-</strong></span> 
     </span>
    </p>
   </div>
   <div class='ocr_carea' id='block_1_30' title="bbox 2304 1457 3891 1531">
    <p class='ocr_par' dir='ltr' id='par_1_30' title="bbox 2304 1457 3891 1531">
     <span class='ocr_line' id='line_1_30' title="bbox 2304 1457 3891 1531; baseline 0.001 -21"><span class='ocrx_word' id='word_1_229' title='bbox 2304 1474 2416 1519; x_wconf 86' lang='grc' dir='ltr'>ται,</span> <span class='ocrx_word' id='word_1_230' title='bbox 2450 1458 2546 1512; x_wconf 79' lang='grc' dir='ltr'>καὶ</span> <span class='ocrx_word' id='word_1_231' title='bbox 2578 1457 2628 1510; x_wconf 84' lang='grc' dir='ltr'>οἶ</span> <span class='ocrx_word' id='word_1_232' title='bbox 2658 1458 2760 1512; x_wconf 85' lang='grc' dir='ltr'><strong>ούκ</strong></span> <span class='ocrx_word' id='word_1_233' title='bbox 2786 1458 3056 1531; x_wconf 82' lang='grc' dir='ltr'>ἀκηκόασι</span> <span class='ocrx_word' id='word_1_234' title='bbox 3087 1460 3397 1531; x_wconf 83' lang='grc' dir='ltr'>συνήσουσι.</span> <span class='ocrx_word' id='word_1_235' title='bbox 3438 1477 3457 1509; x_wconf 76' lang='grc' dir='ltr'><strong>ι</strong></span> <span class='ocrx_word' id='word_1_236' title='bbox 3486 1457 3713 1522; x_wconf 81' lang='grc' dir='ltr'>Τούτοις</span> <span class='ocrx_word' id='word_1_237' title='bbox 3733 1459 3891 1527; x_wconf 81' lang='grc' dir='ltr'>ὅμοια</span> 
     </span>
    </p>
   </div>
   <div class='ocr_carea' id='block_1_31' title="bbox 2304 1548 3891 1621">
    <p class='ocr_par' dir='ltr' id='par_1_31' title="bbox 2304 1548 3891 1621">
     <span class='ocr_line' id='line_1_31' title="bbox 2304 1548 3891 1621; baseline 0.002 -19"><span class='ocrx_word' id='word_1_238' title='bbox 2304 1549 2561 1620; x_wconf 82' lang='grc' dir='ltr'>τυγχάνει</span> <span class='ocrx_word' id='word_1_239' title='bbox 2593 1551 2687 1604; x_wconf 81' lang='grc' dir='ltr'>καὶ</span> <span class='ocrx_word' id='word_1_240' title='bbox 2736 1548 2805 1604; x_wconf 79' lang='grc' dir='ltr'><strong>τὰ</strong></span> <span class='ocrx_word' id='word_1_241' title='bbox 2838 1552 2897 1604; x_wconf 88' lang='grc' dir='ltr'><strong>ἐν</strong></span> <span class='ocrx_word' id='word_1_242' title='bbox 2922 1550 3369 1621; x_wconf 78' lang='grc' dir='ltr'>ἑπτακαιδεκάτῳ</span> <span class='ocrx_word' id='word_1_243' title='bbox 3396 1549 3599 1621; x_wconf 77' lang='grc' dir='ltr'>ψαλμῷ</span> <span class='ocrx_word' id='word_1_244' title='bbox 3631 1553 3698 1605; x_wconf 82' lang='grc' dir='ltr'><strong>ἐκ</strong></span> <span class='ocrx_word' id='word_1_245' title='bbox 3726 1567 3891 1621; x_wconf 86' lang='grc' dir='ltr'>προσ-</span> 
     </span>
    </p>
   </div>
   <div class='ocr_carea' id='block_1_32' title="bbox 2304 1636 3890 1712">
    <p class='ocr_par' dir='ltr' id='par_1_32' title="bbox 2304 1636 3890 1712">
     <span class='ocr_line' id='line_1_32' title="bbox 2304 1636 3890 1712; baseline 0.001 -21"><span class='ocrx_word' id='word_1_246' title='bbox 2304 1636 2455 1691; x_wconf 85' lang='grc' dir='ltr'>ὠπου</span> <span class='ocrx_word' id='word_1_247' title='bbox 2504 1637 2598 1692; x_wconf 88' lang='grc' dir='ltr'><strong>τοῦ</strong></span> <span class='ocrx_word' id='word_1_248' title='bbox 2643 1637 2881 1712; x_wconf 77' lang='grc' dir='ltr'>Χριστοῦ</span> <span class='ocrx_word' id='word_1_249' title='bbox 2932 1640 3075 1694; x_wconf 74' lang='grc' dir='ltr'>κατὰ</span> <span class='ocrx_word' id='word_1_250' title='bbox 3114 1639 3199 1693; x_wconf 79' lang='grc' dir='ltr'>τό’</span> <span class='ocrx_word' id='word_1_251' title='bbox 3256 1658 3276 1691; x_wconf 84' lang='grc' dir='ltr'><strong>ι</strong></span> <span class='ocrx_word' id='word_1_252' title='bbox 3322 1639 3466 1704; x_wconf 65' lang='lat' dir='ltr'><strong>Aab;</strong></span> <span class='ocrx_word' id='word_1_253' title='bbox 3501 1640 3560 1693; x_wconf 79' lang='grc' dir='ltr'>ὃν</span> <span class='ocrx_word' id='word_1_254' title='bbox 3586 1640 3690 1695; x_wconf 81' lang='grc' dir='ltr'>οὐκ</span> <span class='ocrx_word' id='word_1_255' title='bbox 3720 1639 3890 1711; x_wconf 76' lang='grc' dir='ltr'>ἔγνων</span> 
     </span>
    </p>
   </div>
   <div class='ocr_carea' id='block_1_33' title="bbox 2304 1730 3884 1805">
    <p class='ocr_par' dir='ltr' id='par_1_33' title="bbox 2304 1730 3884 1805">
     <span class='ocr_line' id='line_1_33' title="bbox 2304 1730 3884 1805; baseline 0.002 -22"><span class='ocrx_word' id='word_1_256' title='bbox 2304 1730 2583 1784; x_wconf 87' lang='grc' dir='ltr'>ἐδούλευσέ</span> <span class='ocrx_word' id='word_1_257' title='bbox 2637 1746 2748 1802; x_wconf 88' lang='grc' dir='ltr'>μοι,</span> <span class='ocrx_word' id='word_1_258' title='bbox 2793 1733 2873 1795; x_wconf 86' lang='grc' dir='ltr'><strong>εἰς</strong></span> <span class='ocrx_word' id='word_1_259' title='bbox 2926 1731 3096 1801; x_wconf 79' lang='grc' dir='ltr'>ἀκοὴν</span> <span class='ocrx_word' id='word_1_260' title='bbox 3146 1731 3309 1786; x_wconf 81' lang='grc' dir='ltr'>ὠτίου</span> <span class='ocrx_word' id='word_1_261' title='bbox 3367 1732 3649 1804; x_wconf 83' lang='grc' dir='ltr'>ὑπήκουσέ</span> <span class='ocrx_word' id='word_1_262' title='bbox 3707 1752 3817 1805; x_wconf 81' lang='grc' dir='ltr'>μοι.</span> <span class='ocrx_word' id='word_1_263' title='bbox 3863 1752 3884 1786; x_wconf 73' lang='grc' dir='ltr'><strong>ι</strong></span> 
     </span>
    </p>
   </div>
   <div class='ocr_carea' id='block_1_34' title="bbox 612 1822 2183 1900">
    <p class='ocr_par' dir='ltr' id='par_1_34' title="bbox 612 1828 2183 1900">
     <span class='ocr_line' id='line_1_34' title="bbox 612 1828 2183 1900; baseline -0.001 -15"><span class='ocrx_word' id='word_1_264' title='bbox 612 1840 766 1886; x_wconf 87' lang='lat' dir='ltr'><strong>certo</strong></span> <span class='ocrx_word' id='word_1_265' title='bbox 797 1830 1083 1895; x_wconf 81' lang='lat' dir='ltr'><strong>habemus,</strong></span> <span class='ocrx_word' id='word_1_266' title='bbox 1111 1830 1582 1900; x_wconf 86' lang='lat' dir='ltr'><strong>intelligimusque</strong></span> <span class='ocrx_word' id='word_1_267' title='bbox 1614 1844 1715 1885; x_wconf 93' lang='lat' dir='ltr'><strong>nos</strong></span> <span class='ocrx_word' id='word_1_268' title='bbox 1738 1829 2012 1900; x_wconf 80' lang='lat' dir='ltr'><strong>quondam</strong></span> <span class='ocrx_word' id='word_1_269' title='bbox 2047 1828 2183 1898; x_wconf 72' lang='lat' dir='ltr'><strong>ipso:</strong></span> 
     </span>
    </p>
   </div>
   <div class='ocr_carea' id='block_1_35' title="bbox 2291 1822 3890 1900">
    <p class='ocr_par' dir='ltr' id='par_1_35' title="bbox 2314 1822 3890 1898">
     <span class='ocr_line' id='line_1_35' title="bbox 2314 1822 3890 1898; baseline 0.001 -19"><span class='ocrx_word' id='word_1_270' title='bbox 2314 1827 2507 1897; x_wconf 80' lang='grc' dir='ltr'><strong>Ἡμεῖς</strong></span> <span class='ocrx_word' id='word_1_271' title='bbox 2539 1825 2637 1896; x_wconf 86' lang='grc' dir='ltr'>μὲν</span> <span class='ocrx_word' id='word_1_272' title='bbox 2659 1822 2753 1879; x_wconf 84' lang='grc' dir='ltr'>οὖν</span> <span class='ocrx_word' id='word_1_273' title='bbox 2781 1825 3001 1895; x_wconf 82' lang='grc' dir='ltr'>ἀληθεῖς</span> <span class='ocrx_word' id='word_1_274' title='bbox 3053 1825 3399 1889; x_wconf 81' lang='grc' dir='ltr'>πιστεύοντες</span> <span class='ocrx_word' id='word_1_275' title='bbox 3422 1825 3523 1889; x_wconf 85' lang='grc' dir='ltr'><strong>τὰς</strong></span> <span class='ocrx_word' id='word_1_276' title='bbox 3550 1827 3890 1898; x_wconf 76' lang='grc' dir='ltr'>προφητείας</span> 
     </span>
    </p>
   </div>
   <div class='ocr_carea' id='block_1_36' title="bbox 610 1921 2191 1993">
    <p class='ocr_par' dir='ltr' id='par_1_36' title="bbox 610 1921 2191 1993">
     <span class='ocr_line' id='line_1_36' title="bbox 610 1921 2191 1993; baseline -0.002 -14"><span class='ocrx_word' id='word_1_277' title='bbox 610 1924 953 1979; x_wconf 80' lang='lat' dir='ltr'><strong>errabundas</strong></span> <span class='ocrx_word' id='word_1_278' title='bbox 1003 1930 1192 1993; x_wconf 82' lang='lat' dir='ltr'><strong>gentes</strong></span> <span class='ocrx_word' id='word_1_279' title='bbox 1240 1921 1433 1984; x_wconf 82' lang='lat' dir='ltr'><strong>fuisse,</strong></span> <span class='ocrx_word' id='word_1_280' title='bbox 1489 1922 1827 1993; x_wconf 79' lang='lat' dir='ltr'><strong>malignitate</strong></span> <span class='ocrx_word' id='word_1_281' title='bbox 1880 1921 2191 1976; x_wconf 80' lang='lat' dir='ltr'><strong>daemonum</strong></span> 
     </span>
    </p>
   </div>
   <div class='ocr_carea' id='block_1_37' title="bbox 610 2014 2190 2085">
    <p class='ocr_par' dir='ltr' id='par_1_37' title="bbox 610 2014 2190 2085">
     <span class='ocr_line' id='line_1_37' title="bbox 610 2014 2190 2085; baseline -0.003 -14"><span class='ocrx_word' id='word_1_282' title='bbox 610 2017 666 2073; x_wconf 92' lang='lat' dir='ltr'><strong>in</strong></span> <span class='ocrx_word' id='word_1_283' title='bbox 697 2033 912 2071; x_wconf 82' lang='lat' dir='ltr'><strong>omnem</strong></span> <span class='ocrx_word' id='word_1_284' title='bbox 972 2016 1335 2070; x_wconf 73' lang='lat' dir='ltr'><strong>ialololatriam</strong></span> <span class='ocrx_word' id='word_1_285' title='bbox 1393 2022 1719 2085; x_wconf 84' lang='lat' dir='ltr'><strong>provectos,</strong></span> <span class='ocrx_word' id='word_1_286' title='bbox 1782 2029 1958 2083; x_wconf 88' lang='lat' dir='ltr'><strong>neque</strong></span> <span class='ocrx_word' id='word_1_287' title='bbox 2011 2014 2190 2068; x_wconf 77' lang='lat' dir='ltr'><strong>solum</strong></span> 
     </span>
    </p>
   </div>
   <div class='ocr_carea' id='block_1_38' title="bbox 607 2104 2193 2177">
    <p class='ocr_par' dir='ltr' id='par_1_38' title="bbox 607 2104 2193 2177">
     <span class='ocr_line' id='line_1_38' title="bbox 607 2104 2193 2177; baseline -0.003 -15"><span class='ocrx_word' id='word_1_288' title='bbox 607 2124 735 2164; x_wconf 85' lang='lat' dir='ltr'><strong>vere</strong></span> <span class='ocrx_word' id='word_1_289' title='bbox 765 2107 935 2163; x_wconf 89' lang='lat' dir='ltr'><strong>Deum</strong></span> <span class='ocrx_word' id='word_1_290' title='bbox 965 2112 1384 2177; x_wconf 78' lang='lat' dir='ltr'><strong>cognoscentes,</strong></span> <span class='ocrx_word' id='word_1_291' title='bbox 1420 2120 1595 2175; x_wconf 85' lang='lat' dir='ltr'><strong>neque</strong></span> <span class='ocrx_word' id='word_1_292' title='bbox 1628 2105 1791 2158; x_wconf 88' lang='lat' dir='ltr'><strong>ullam</strong></span> <span class='ocrx_word' id='word_1_293' title='bbox 1821 2104 2193 2174; x_wconf 87' lang='lat' dir='ltr'><strong>propheticam</strong></span> 
     </span>
    </p>
   </div>
   <div class='ocr_carea' id='block_1_39' title="bbox 609 2195 2190 2267">
    <p class='ocr_par' dir='ltr' id='par_1_39' title="bbox 609 2195 2190 2267">
     <span class='ocr_line' id='line_1_39' title="bbox 609 2195 2190 2267; baseline -0.004 -10"><span class='ocrx_word' id='word_1_294' title='bbox 609 2201 896 2257; x_wconf 84' lang='lat' dir='ltr'><strong>audientes</strong></span> <span class='ocrx_word' id='word_1_295' title='bbox 956 2215 1177 2267; x_wconf 83' lang='lat' dir='ltr'><strong>vocem;</strong></span> <span class='ocrx_word' id='word_1_296' title='bbox 1227 2204 1606 2253; x_wconf 84' lang='lat' dir='ltr'><strong>verumtamen</strong></span> <span class='ocrx_word' id='word_1_297' title='bbox 1662 2195 1967 2252; x_wconf 86' lang='lat' dir='ltr'><strong>Salvatoris</strong></span> <span class='ocrx_word' id='word_1_298' title='bbox 2011 2196 2190 2252; x_wconf 78' lang='lat' dir='ltr'><strong>nostri</strong></span> 
     </span>
    </p>
   </div>
   <div class='ocr_carea' id='block_1_40' title="bbox 604 2288 2189 2359">
    <p class='ocr_par' dir='ltr' id='par_1_40' title="bbox 604 2288 2189 2359">
     <span class='ocr_line' id='line_1_40' title="bbox 604 2288 2189 2359; baseline -0.004 -10"><span class='ocrx_word' id='word_1_299' title='bbox 604 2293 733 2350; x_wconf 85' lang='lat' dir='ltr'><strong>Jesu</strong></span> <span class='ocrx_word' id='word_1_300' title='bbox 766 2292 1039 2356; x_wconf 84' lang='lat' dir='ltr'><strong>doctrina,</strong></span> <span class='ocrx_word' id='word_1_301' title='bbox 1077 2290 1144 2344; x_wconf 92' lang='lat' dir='ltr'><strong>ad</strong></span> <span class='ocrx_word' id='word_1_302' title='bbox 1183 2289 1426 2344; x_wconf 88' lang='lat' dir='ltr'><strong>onmium</strong></span> <span class='ocrx_word' id='word_1_303' title='bbox 1476 2288 1569 2345; x_wconf 86' lang='lat' dir='ltr'><strong>Dei</strong></span> <span class='ocrx_word' id='word_1_304' title='bbox 1614 2290 1902 2345; x_wconf 87' lang='lat' dir='ltr'><strong>scientiam</strong></span> <span class='ocrx_word' id='word_1_305' title='bbox 1935 2289 2189 2359; x_wconf 82' lang='lat' dir='ltr'><strong>perveni-</strong></span> 
     </span>
    </p>
   </div>
   <div class='ocr_carea' id='block_1_41' title="bbox 604 2381 2192 2453">
    <p class='ocr_par' dir='ltr' id='par_1_41' title="bbox 604 2381 2192 2453">
     <span class='ocr_line' id='line_1_41' title="bbox 604 2381 2192 2453; baseline -0.009 -8"><span class='ocrx_word' id='word_1_306' title='bbox 604 2404 749 2447; x_wconf 84' lang='lat' dir='ltr'><strong>mus.</strong></span> <span class='ocrx_word' id='word_1_307' title='bbox 780 2386 1091 2453; x_wconf 79' lang='lat' dir='ltr'><strong>divinisque</strong></span> <span class='ocrx_word' id='word_1_308' title='bbox 1125 2383 1461 2438; x_wconf 86' lang='lat' dir='ltr'><strong>credidimus</strong></span> <span class='ocrx_word' id='word_1_309' title='bbox 1486 2381 1810 2452; x_wconf 89' lang='lat' dir='ltr'><strong>Scripturis,</strong></span> <span class='ocrx_word' id='word_1_310' title='bbox 1840 2390 1894 2436; x_wconf 83' lang='grc' dir='ltr'><strong>οι</strong></span> <span class='ocrx_word' id='word_1_311' title='bbox 1911 2381 2192 2452; x_wconf 70' lang='lat' dir='ltr'><strong>propheti.</strong></span> 
     </span>
    </p>
   </div>
   <div class='ocr_carea' id='block_1_42' title="bbox 605 2471 2188 2544">
    <p class='ocr_par' dir='ltr' id='par_1_42' title="bbox 605 2471 2188 2544">
     <span class='ocr_line' id='line_1_42' title="bbox 605 2471 2188 2544; baseline -0.005 -10"><span class='ocrx_word' id='word_1_312' title='bbox 605 2487 786 2534; x_wconf 81' lang='lat' dir='ltr'><strong>zatum</strong></span> <span class='ocrx_word' id='word_1_313' title='bbox 826 2474 920 2531; x_wconf 88' lang='lat' dir='ltr'><strong>Dei</strong></span> <span class='ocrx_word' id='word_1_314' title='bbox 954 2474 1192 2531; x_wconf 78' lang='lat' dir='ltr'><strong>Verbum</strong></span> <span class='ocrx_word' id='word_1_315' title='bbox 1219 2473 1555 2544; x_wconf 89' lang='lat' dir='ltr'><strong>accepimus,</strong></span> <span class='ocrx_word' id='word_1_316' title='bbox 1584 2471 1743 2542; x_wconf 86' lang='lat' dir='ltr'><strong>cujus</strong></span> <span class='ocrx_word' id='word_1_317' title='bbox 1778 2471 1932 2542; x_wconf 91' lang='lat' dir='ltr'><strong>prius</strong></span> <span class='ocrx_word' id='word_1_318' title='bbox 1961 2473 2188 2527; x_wconf 89' lang='lat' dir='ltr'><strong>omnino</strong></span> 
     </span>
    </p>
   </div>
   <div class='ocr_carea' id='block_1_43' title="bbox 603 2562 2185 2636">
    <p class='ocr_par' dir='ltr' id='par_1_43' title="bbox 603 2562 2185 2636">
     <span class='ocr_line' id='line_1_43' title="bbox 603 2562 2185 2636; baseline -0.005 -10"><span class='ocrx_word' id='word_1_319' title='bbox 603 2568 778 2626; x_wconf 87' lang='lat' dir='ltr'><strong>nescii</strong></span> <span class='ocrx_word' id='word_1_320' title='bbox 811 2582 1054 2623; x_wconf 89' lang='lat' dir='ltr'><strong>eramus.</strong></span> <span class='ocrx_word' id='word_1_321' title='bbox 1089 2565 1205 2620; x_wconf 83' lang='lat' dir='ltr'><strong>Hoc</strong></span> <span class='ocrx_word' id='word_1_322' title='bbox 1236 2565 1403 2636; x_wconf 83' lang='lat' dir='ltr'><strong>igitur</strong></span> <span class='ocrx_word' id='word_1_323' title='bbox 1431 2571 1644 2617; x_wconf 87' lang='lat' dir='ltr'><strong>tantum</strong></span> <span class='ocrx_word' id='word_1_324' title='bbox 1678 2562 1980 2620; x_wconf 89' lang='lat' dir='ltr'><strong>Salvatoris</strong></span> <span class='ocrx_word' id='word_1_325' title='bbox 2009 2563 2185 2619; x_wconf 89' lang='lat' dir='ltr'><strong>nostri</strong></span> 
     </span>
    </p>
   </div>
   <div class='ocr_carea' id='block_1_44' title="bbox 603 2657 2186 2728">
    <p class='ocr_par' dir='ltr' id='par_1_44' title="bbox 603 2657 2186 2728">
     <span class='ocr_line' id='line_1_44' title="bbox 603 2657 2186 2728; baseline -0.003 -11"><span class='ocrx_word' id='word_1_326' title='bbox 603 2661 856 2717; x_wconf 89' lang='lat' dir='ltr'><strong>doctrina</strong></span> <span class='ocrx_word' id='word_1_327' title='bbox 898 2659 1221 2715; x_wconf 82' lang='lat' dir='ltr'><strong>beneﬁcium</strong></span> <span class='ocrx_word' id='word_1_328' title='bbox 1248 2658 1554 2721; x_wconf 89' lang='lat' dir='ltr'><strong>consecuti,</strong></span> <span class='ocrx_word' id='word_1_329' title='bbox 1591 2657 1870 2728; x_wconf 89' lang='lat' dir='ltr'><strong>quomodo</strong></span> <span class='ocrx_word' id='word_1_330' title='bbox 1901 2673 2010 2712; x_wconf 92' lang='lat' dir='ltr'><strong>non</strong></span> <span class='ocrx_word' id='word_1_331' title='bbox 2037 2657 2186 2726; x_wconf 86' lang='lat' dir='ltr'><strong>justc</strong></span> 
     </span>
    </p>
   </div>
   <div class='ocr_carea' id='block_1_45' title="bbox 604 2748 2186 2826">
    <p class='ocr_par' dir='ltr' id='par_1_45' title="bbox 604 2748 2186 2826">
     <span class='ocr_line' id='line_1_45' title="bbox 604 2748 2186 2826; baseline -0.004 -17"><span class='ocrx_word' id='word_1_332' title='bbox 604 2757 981 2826; x_wconf 82' lang='lat' dir='ltr'><strong>acciperemus</strong></span> <span class='ocrx_word' id='word_1_333' title='bbox 1029 2760 1083 2808; x_wconf 88' lang='lat' dir='ltr'><strong>et</strong></span> <span class='ocrx_word' id='word_1_334' title='bbox 1125 2751 1558 2823; x_wconf 71' lang='lat' dir='ltr'><strong>pnedicaremus</strong></span> <span class='ocrx_word' id='word_1_335' title='bbox 1605 2766 1730 2807; x_wconf 89' lang='lat' dir='ltr'><strong>eum</strong></span> <span class='ocrx_word' id='word_1_336' title='bbox 1782 2755 1927 2806; x_wconf 88' lang='lat' dir='ltr'><strong>sicut</strong></span> <span class='ocrx_word' id='word_1_337' title='bbox 1954 2748 2051 2806; x_wconf 91' lang='lat' dir='ltr'><strong>Dei</strong></span> <span class='ocrx_word' id='word_1_338' title='bbox 2095 2748 2186 2803; x_wconf 80' lang='lat' dir='ltr'><strong>Fi-</strong></span> 
     </span>
    </p>
   </div>
   <div class='ocr_carea' id='block_1_46' title="bbox 601 2841 1534 2912">
    <p class='ocr_par' dir='ltr' id='par_1_46' title="bbox 601 2841 1534 2912">
     <span class='ocr_line' id='line_1_46' title="bbox 601 2841 1534 2912; baseline -0.005 -12"><span class='ocrx_word' id='word_1_339' title='bbox 601 2845 733 2900; x_wconf 88' lang='lat' dir='ltr'><strong>limn</strong></span> <span class='ocrx_word' id='word_1_340' title='bbox 769 2841 1217 2912; x_wconf 86' lang='lat' dir='ltr'><strong>Salvatoremque</strong></span> <span class='ocrx_word' id='word_1_341' title='bbox 1250 2841 1534 2897; x_wconf 84' lang='lat' dir='ltr'><strong>nostrum?</strong></span> 
     </span>
    </p>
   </div>
   <div class='ocr_carea' id='block_1_47' title="bbox 2300 1915 3889 1989">
    <p class='ocr_par' dir='ltr' id='par_1_47' title="bbox 2300 1915 3889 1989">
     <span class='ocr_line' id='line_1_47' title="bbox 2300 1915 3889 1989; baseline 0.001 -19"><span class='ocrx_word' id='word_1_342' title='bbox 2300 1916 2365 1988; x_wconf 78' lang='lat' dir='ltr'><strong>(f.</strong></span> <span class='ocrx_word' id='word_1_343' title='bbox 2394 1916 2462 1972; x_wconf 83' lang='lat'><strong>58</strong></span> <span class='ocrx_word' id='word_1_344' title='bbox 2485 1916 2585 1987; x_wconf 83' lang='lat' dir='ltr'><strong>v&#39;),</strong></span> <span class='ocrx_word' id='word_1_345' title='bbox 2616 1915 3008 1987; x_wconf 79' lang='grc' dir='ltr'>πεπληρῶσθαι</span> <span class='ocrx_word' id='word_1_346' title='bbox 3047 1917 3218 1981; x_wconf 77' lang='grc' dir='ltr'>αὑτάς</span> <span class='ocrx_word' id='word_1_347' title='bbox 3260 1916 3352 1969; x_wconf 78' lang='grc' dir='ltr'>ἐπὶ</span> <span class='ocrx_word' id='word_1_348' title='bbox 3384 1919 3448 1987; x_wconf 76' lang='grc' dir='ltr'><strong>τῇ</strong></span> <span class='ocrx_word' id='word_1_349' title='bbox 3496 1917 3592 1971; x_wconf 87' lang='grc' dir='ltr'><strong>τοῦ</strong></span> <span class='ocrx_word' id='word_1_350' title='bbox 3637 1917 3889 1989; x_wconf 82' lang='grc' dir='ltr'>Σωτῆρος</span> 
     </span>
    </p>
   </div>
   <div class='ocr_carea' id='block_1_48' title="bbox 2299 2008 3886 2082">
    <p class='ocr_par' dir='ltr' id='par_1_48' title="bbox 2299 2008 3886 2082">
     <span class='ocr_line' id='line_1_48' title="bbox 2299 2008 3886 2082; baseline 0.002 -20"><span class='ocrx_word' id='word_1_351' title='bbox 2299 2008 2456 2081; x_wconf 79' lang='grc' dir='ltr'>ἡμῶν</span> <span class='ocrx_word' id='word_1_352' title='bbox 2507 2009 2781 2082; x_wconf 81' lang='grc' dir='ltr'>παρουσίᾳ</span> <span class='ocrx_word' id='word_1_353' title='bbox 2839 2009 3217 2081; x_wconf 84' lang='grc' dir='ltr'>πεπείσμεθα,</span> <span class='ocrx_word' id='word_1_354' title='bbox 3274 2010 3693 2082; x_wconf 80' lang='grc' dir='ltr'>συναισθόμενοι</span> <span class='ocrx_word' id='word_1_355' title='bbox 3740 2012 3886 2074; x_wconf 76' lang='grc' dir='ltr'>ὅπως</span> 
     </span>
    </p>
   </div>
   <div class='ocr_carea' id='block_1_49' title="bbox 2300 2100 3883 2174">
    <p class='ocr_par' dir='ltr' id='par_1_49' title="bbox 2300 2100 3883 2174">
     <span class='ocr_line' id='line_1_49' title="bbox 2300 2100 3883 2174; baseline 0.001 -19"><span class='ocrx_word' id='word_1_356' title='bbox 2300 2103 2461 2173; x_wconf 82' lang='grc' dir='ltr'>ήμεῖς</span> <span class='ocrx_word' id='word_1_357' title='bbox 2492 2103 2666 2166; x_wconf 70' lang='grc' dir='ltr'>αὐτοὶ,</span> <span class='ocrx_word' id='word_1_358' title='bbox 2700 2100 3029 2172; x_wconf 83' lang='grc' dir='ltr'>πλανώμενα</span> <span class='ocrx_word' id='word_1_359' title='bbox 3061 2100 3188 2174; x_wconf 75' lang='grc' dir='ltr'>ἔθνη</span> <span class='ocrx_word' id='word_1_360' title='bbox 3216 2101 3277 2156; x_wconf 83' lang='grc' dir='ltr'>τὸ</span> <span class='ocrx_word' id='word_1_361' title='bbox 3307 2102 3475 2156; x_wconf 79' lang='grc' dir='ltr'>πάλαι</span> <span class='ocrx_word' id='word_1_362' title='bbox 3496 2104 3883 2174; x_wconf 84' lang='grc' dir='ltr'>τυγχάνοντες,</span> 
     </span>
    </p>
   </div>
   <div class='ocr_carea' id='block_1_50' title="bbox 2301 2194 3886 2267">
    <p class='ocr_par' dir='ltr' id='par_1_50' title="bbox 2301 2194 3886 2267">
     <span class='ocr_line' id='line_1_50' title="bbox 2301 2194 3886 2267; baseline 0 -18"><span class='ocrx_word' id='word_1_363' title='bbox 2301 2194 2645 2266; x_wconf 82' lang='grc' dir='ltr'>ἐλαυνόμενοι</span> <span class='ocrx_word' id='word_1_364' title='bbox 2692 2212 2751 2249; x_wconf 86' lang='grc' dir='ltr'><strong>τε</strong></span> <span class='ocrx_word' id='word_1_365' title='bbox 2779 2195 2885 2248; x_wconf 79' lang='grc' dir='ltr'><strong>ὑπὸ</strong></span> <span class='ocrx_word' id='word_1_366' title='bbox 2936 2194 3188 2267; x_wconf 86' lang='grc' dir='ltr'>χαλεπῶν</span> <span class='ocrx_word' id='word_1_367' title='bbox 3221 2195 3493 2267; x_wconf 83' lang='grc' dir='ltr'>δαιμόνων</span> <span class='ocrx_word' id='word_1_368' title='bbox 3523 2196 3671 2250; x_wconf 81' lang='grc' dir='ltr'>κατὰ</span> <span class='ocrx_word' id='word_1_369' title='bbox 3707 2198 3886 2250; x_wconf 78' lang='grc' dir='ltr'>πᾶσαν</span> 
     </span>
    </p>
   </div>
   <div class='ocr_carea' id='block_1_51' title="bbox 2296 2286 3883 2360">
    <p class='ocr_par' dir='ltr' id='par_1_51' title="bbox 2296 2286 3883 2360">
     <span class='ocr_line' id='line_1_51' title="bbox 2296 2286 3883 2360; baseline 0.001 -20"><span class='ocrx_word' id='word_1_370' title='bbox 2296 2286 2757 2359; x_wconf 85' lang='grc' dir='ltr'>είδωλολατρείαν,</span> <span class='ocrx_word' id='word_1_371' title='bbox 2793 2288 2886 2341; x_wconf 74' lang='grc' dir='ltr'>καὶ</span> <span class='ocrx_word' id='word_1_372' title='bbox 2910 2289 3046 2359; x_wconf 87' lang='grc' dir='ltr'>μήτε</span> <span class='ocrx_word' id='word_1_373' title='bbox 3084 2288 3175 2343; x_wconf 79' lang='grc' dir='ltr'>τὸν</span> <span class='ocrx_word' id='word_1_374' title='bbox 3212 2288 3371 2359; x_wconf 81' lang='grc' dir='ltr'>μόνον</span> <span class='ocrx_word' id='word_1_375' title='bbox 3398 2287 3579 2360; x_wconf 88' lang='grc' dir='ltr'>άληθῆ</span> <span class='ocrx_word' id='word_1_376' title='bbox 3615 2288 3751 2343; x_wconf 82' lang='grc' dir='ltr'>Θεὸν</span> <span class='ocrx_word' id='word_1_377' title='bbox 3787 2291 3883 2343; x_wconf 75' lang='grc' dir='ltr'><strong>ἒπ-</strong></span> 
     </span>
    </p>
   </div>
   <div class='ocr_carea' id='block_1_52' title="bbox 2299 2379 3884 2450">
    <p class='ocr_par' dir='ltr' id='par_1_52' title="bbox 2299 2379 3884 2450">
     <span class='ocr_line' id='line_1_52' title="bbox 2299 2379 3884 2450; baseline 0.001 -17"><span class='ocrx_word' id='word_1_378' title='bbox 2299 2380 2593 2450; x_wconf 86' lang='grc' dir='ltr'>ιστάμενοι,</span> <span class='ocrx_word' id='word_1_379' title='bbox 2619 2380 2757 2450; x_wconf 89' lang='grc' dir='ltr'>μήτε</span> <span class='ocrx_word' id='word_1_380' title='bbox 2779 2379 3121 2450; x_wconf 77' lang='grc' dir='ltr'>προφητικῆς</span> <span class='ocrx_word' id='word_1_381' title='bbox 3143 2379 3423 2443; x_wconf 76' lang='grc' dir='ltr'>ἐπαΐοντες</span> <span class='ocrx_word' id='word_1_382' title='bbox 3448 2380 3658 2450; x_wconf 84' lang='grc' dir='ltr'>φωνῆς,</span> <span class='ocrx_word' id='word_1_383' title='bbox 3681 2380 3769 2434; x_wconf 80' lang='grc' dir='ltr'><strong>διά</strong></span> <span class='ocrx_word' id='word_1_384' title='bbox 3788 2379 3884 2448; x_wconf 77' lang='grc' dir='ltr'><strong>τῆς</strong></span> 
     </span>
    </p>
   </div>
   <div class='ocr_carea' id='block_1_53' title="bbox 2294 2468 3881 2543">
    <p class='ocr_par' dir='ltr' id='par_1_53' title="bbox 2294 2468 3881 2543">
     <span class='ocr_line' id='line_1_53' title="bbox 2294 2468 3881 2543; baseline -0.001 -18"><span class='ocrx_word' id='word_1_385' title='bbox 2294 2470 2388 2525; x_wconf 87' lang='grc' dir='ltr'><strong>τοῦ</strong></span> <span class='ocrx_word' id='word_1_386' title='bbox 2419 2473 2672 2542; x_wconf 83' lang='grc' dir='ltr'>Σωτῆρος</span> <span class='ocrx_word' id='word_1_387' title='bbox 2703 2470 2859 2542; x_wconf 82' lang='grc' dir='ltr'>ἡμῶν</span> <span class='ocrx_word' id='word_1_388' title='bbox 2906 2468 3081 2541; x_wconf 87' lang='grc' dir='ltr'>Ἰησοῦ</span> <span class='ocrx_word' id='word_1_389' title='bbox 3112 2469 3461 2534; x_wconf 83' lang='grc' dir='ltr'>διδασκαλίας</span> <span class='ocrx_word' id='word_1_390' title='bbox 3497 2471 3593 2525; x_wconf 76' lang='grc' dir='ltr'>ἐπὶ</span> <span class='ocrx_word' id='word_1_391' title='bbox 3620 2471 3723 2543; x_wconf 79' lang='grc' dir='ltr'>τὴν</span> <span class='ocrx_word' id='word_1_392' title='bbox 3749 2472 3881 2539; x_wconf 84' lang='grc' dir='ltr'><strong>γνῶ-</strong></span> 
     </span>
    </p>
   </div>
   <div class='ocr_carea' id='block_1_54' title="bbox 2294 2561 3881 2635">
    <p class='ocr_par' dir='ltr' id='par_1_54' title="bbox 2294 2561 3881 2635">
     <span class='ocr_line' id='line_1_54' title="bbox 2294 2561 3881 2635; baseline -0.001 -18"><span class='ocrx_word' id='word_1_393' title='bbox 2294 2582 2378 2617; x_wconf 90' lang='grc' dir='ltr'><strong>σιν</strong></span> <span class='ocrx_word' id='word_1_394' title='bbox 2410 2564 2503 2618; x_wconf 88' lang='grc' dir='ltr'><strong>τοῦ</strong></span> <span class='ocrx_word' id='word_1_395' title='bbox 2536 2562 2671 2618; x_wconf 91' lang='grc' dir='ltr'>Θεοῦ</span> <span class='ocrx_word' id='word_1_396' title='bbox 2704 2562 2814 2617; x_wconf 86' lang='grc' dir='ltr'><strong>τῶν</strong></span> <span class='ocrx_word' id='word_1_397' title='bbox 2841 2562 2979 2616; x_wconf 84' lang='grc' dir='ltr'>ὅλων</span> <span class='ocrx_word' id='word_1_398' title='bbox 3007 2561 3485 2635; x_wconf 83' lang='grc' dir='ltr'>παρεληλύθαμεν,</span> <span class='ocrx_word' id='word_1_399' title='bbox 3510 2562 3881 2617; x_wconf 83' lang='grc' dir='ltr'>πεπιστεύκα-</span> 
     </span>
    </p>
   </div>
   <div class='ocr_carea' id='block_1_55' title="bbox 2295 2655 3881 2728">
    <p class='ocr_par' dir='ltr' id='par_1_55' title="bbox 2295 2655 3881 2728">
     <span class='ocr_line' id='line_1_55' title="bbox 2295 2655 3881 2728; baseline -0.001 -17"><span class='ocrx_word' id='word_1_400' title='bbox 2295 2658 2394 2728; x_wconf 82' lang='grc' dir='ltr'>μὲν</span> <span class='ocrx_word' id='word_1_401' title='bbox 2423 2674 2484 2711; x_wconf 86' lang='grc' dir='ltr'><strong>τε</strong></span> <span class='ocrx_word' id='word_1_402' title='bbox 2509 2659 2630 2721; x_wconf 85' lang='grc' dir='ltr'>ταῖς</span> <span class='ocrx_word' id='word_1_403' title='bbox 2673 2656 3050 2719; x_wconf 86' lang='grc' dir='ltr'>θεοπνεύστοις</span> <span class='ocrx_word' id='word_1_404' title='bbox 3088 2655 3353 2727; x_wconf 68' lang='grc' dir='ltr'>Γραφαῖς,</span> <span class='ocrx_word' id='word_1_405' title='bbox 3394 2655 3491 2709; x_wconf 68' lang='grc' dir='ltr'>καὶ</span> <span class='ocrx_word' id='word_1_406' title='bbox 3520 2655 3617 2710; x_wconf 83' lang='grc' dir='ltr'>τὸν</span> <span class='ocrx_word' id='word_1_407' title='bbox 3669 2672 3881 2728; x_wconf 77' lang='grc' dir='ltr'>προφη-</span> 
     </span>
    </p>
   </div>
   <div class='ocr_carea' id='block_1_56' title="bbox 2291 2747 3882 2820">
    <p class='ocr_par' dir='ltr' id='par_1_56' title="bbox 2291 2747 3882 2820">
     <span class='ocr_line' id='line_1_56' title="bbox 2291 2747 3882 2820; baseline -0.001 -16"><span class='ocrx_word' id='word_1_408' title='bbox 2291 2748 2549 2804; x_wconf 83' lang='grc' dir='ltr'>τευθέντα</span> <span class='ocrx_word' id='word_1_409' title='bbox 2573 2749 2668 2803; x_wconf 84' lang='grc' dir='ltr'><strong>τοῦ</strong></span> <span class='ocrx_word' id='word_1_410' title='bbox 2697 2749 2833 2802; x_wconf 84' lang='grc' dir='ltr'>Θεοῦ</span> <span class='ocrx_word' id='word_1_411' title='bbox 2863 2748 3036 2816; x_wconf 84' lang='grc' dir='ltr'>Λόγον</span> <span class='ocrx_word' id='word_1_412' title='bbox 3074 2747 3544 2820; x_wconf 69' lang='grc' dir='ltr'>παραδεδέγμεθα,</span> <span class='ocrx_word' id='word_1_413' title='bbox 3591 2747 3718 2819; x_wconf 72' lang='grc' dir='ltr'>μηδ’</span> <span class='ocrx_word' id='word_1_414' title='bbox 3749 2747 3882 2810; x_wconf 80' lang='grc' dir='ltr'>ὅλως</span> 
     </span>
    </p>
   </div>
   <div class='ocr_carea' id='block_1_57' title="bbox 2293 2838 3880 2927">
    <p class='ocr_par' dir='ltr' id='par_1_57' title="bbox 2293 2838 3880 2927">
     <span class='ocr_line' id='line_1_57' title="bbox 2293 2838 3880 2927; baseline -0.003 -30"><span class='ocrx_word' id='word_1_415' title='bbox 2293 2842 2456 2897; x_wconf 78' lang='grc' dir='ltr'>αὐτὸν</span> <span class='ocrx_word' id='word_1_416' title='bbox 2480 2842 2542 2896; x_wconf 81' lang='grc' dir='ltr'>τὸ</span> <span class='ocrx_word' id='word_1_417' title='bbox 2579 2843 2707 2914; x_wconf 81' lang='grc' dir='ltr'>πρὶν</span> <span class='ocrx_word' id='word_1_418' title='bbox 2750 2842 3126 2912; x_wconf 86' lang='grc' dir='ltr'>ἐπιστάμενοι.</span> <span class='ocrx_word' id='word_1_419' title='bbox 3154 2840 3404 2895; x_wconf 88' lang='grc' dir='ltr'>Τοσαῦτα</span> <span class='ocrx_word' id='word_1_420' title='bbox 3431 2841 3496 2913; x_wconf 83' lang='grc' dir='ltr'><strong>δή</strong></span> <span class='ocrx_word' id='word_1_421' title='bbox 3527 2840 3620 2927; x_wconf 73' lang='grc' dir='ltr'>διὰ</span> <span class='ocrx_word' id='word_1_422' title='bbox 3650 2841 3755 2913; x_wconf 83' lang='grc' dir='ltr'><strong>τῆς</strong></span> <span class='ocrx_word' id='word_1_423' title='bbox 3784 2838 3880 2894; x_wconf 83' lang='grc' dir='ltr'><strong>τοῦ</strong></span> 
     </span>
    </p>
   </div>
   <div class='ocr_carea' id='block_1_58' title="bbox 600 2931 3882 3009">
    <p class='ocr_par' dir='ltr' id='par_1_58' title="bbox 600 2931 3882 3009">
     <span class='ocr_line' id='line_1_58' title="bbox 600 2931 3882 3009; baseline -0.002 -18"><span class='ocrx_word' id='word_1_424' title='bbox 600 2937 854 3009; x_wconf 85' lang='grc' dir='ltr'>Σωτῆρος</span> <span class='ocrx_word' id='word_1_425' title='bbox 882 2935 1037 3008; x_wconf 81' lang='grc' dir='ltr'>ἡμῶν</span> <span class='ocrx_word' id='word_1_426' title='bbox 1062 2934 1512 3007; x_wconf 79' lang='grc' dir='ltr'>εὐεργετηθέντες</span> <span class='ocrx_word' id='word_1_427' title='bbox 1538 2932 1904 3000; x_wconf 78' lang='grc' dir='ltr'>διδασκαλίας,</span> <span class='ocrx_word' id='word_1_428' title='bbox 1928 2933 2046 2998; x_wconf 80' lang='grc' dir='ltr'><strong>πῶς</strong></span> <span class='ocrx_word' id='word_1_429' title='bbox 2077 2934 2178 2988; x_wconf 80' lang='grc' dir='ltr'><strong>οῦκ</strong></span> <span class='ocrx_word' id='word_1_430' title='bbox 2234 2933 2302 2988; x_wconf 79' lang='grc' dir='ltr'>ἂν</span> <span class='ocrx_word' id='word_1_431' title='bbox 2333 2934 2558 2999; x_wconf 85' lang='grc' dir='ltr'>δικαίως</span> <span class='ocrx_word' id='word_1_432' title='bbox 2591 2931 3037 3003; x_wconf 75' lang='grc' dir='ltr'>παραδεχοίμεθὰ</span> <span class='ocrx_word' id='word_1_433' title='bbox 3089 2949 3149 2986; x_wconf 86' lang='grc' dir='ltr'><strong>τε</strong></span> <span class='ocrx_word' id='word_1_434' title='bbox 3204 2934 3299 2988; x_wconf 75' lang='grc' dir='ltr'>καὶ</span> <span class='ocrx_word' id='word_1_435' title='bbox 3343 2932 3726 3005; x_wconf 76' lang='grc' dir='ltr'>ἐκθειάξοιμεν</span> <span class='ocrx_word' id='word_1_436' title='bbox 3782 2933 3882 2986; x_wconf 76' lang='grc' dir='ltr'>αύ-</span> 
     </span>
    </p>
   </div>
   <div class='ocr_carea' id='block_1_59' title="bbox 598 3031 2326 3104">
    <p class='ocr_par' dir='ltr' id='par_1_59' title="bbox 598 3031 2326 3104">
     <span class='ocr_line' id='line_1_59' title="bbox 598 3031 2326 3104; baseline 0 -17"><span class='ocrx_word' id='word_1_437' title='bbox 598 3033 711 3102; x_wconf 77' lang='grc' dir='ltr'>τδν,</span> <span class='ocrx_word' id='word_1_438' title='bbox 739 3036 834 3088; x_wconf 81' lang='grc' dir='ltr'>ἆτε</span> <span class='ocrx_word' id='word_1_439' title='bbox 868 3033 996 3088; x_wconf 83' lang='grc' dir='ltr'><strong>Υἱὸν</strong></span> <span class='ocrx_word' id='word_1_440' title='bbox 1027 3031 1162 3086; x_wconf 84' lang='grc' dir='ltr'>Θεοῦ</span> <span class='ocrx_word' id='word_1_441' title='bbox 1197 3032 1355 3103; x_wconf 84' lang='grc' dir='ltr'>ήμῶν</span> <span class='ocrx_word' id='word_1_442' title='bbox 1385 3049 1444 3085; x_wconf 88' lang='grc' dir='ltr'><strong>τε</strong></span> <span class='ocrx_word' id='word_1_443' title='bbox 1477 3031 1656 3085; x_wconf 77' lang='grc' dir='ltr'>αὐτῶν</span> <span class='ocrx_word' id='word_1_444' title='bbox 1696 3032 2029 3102; x_wconf 85' lang='grc' dir='ltr'>τυγχάνοντα</span> <span class='ocrx_word' id='word_1_445' title='bbox 2062 3032 2326 3104; x_wconf 75' lang='grc' dir='ltr'>Σωτῆρας</span> 
     </span>
    </p>
   </div>
   <div class='ocr_carea' id='block_1_60' title="bbox 1137 3147 1608 3206">
    <p class='ocr_par' dir='ltr' id='par_1_60' title="bbox 1137 3147 1608 3206">
     <span class='ocr_line' id='line_1_60' title="bbox 1137 3147 1608 3206; baseline 0.002 -1"><span class='ocrx_word' id='word_1_446' title='bbox 1137 3147 1368 3205; x_wconf 80' lang='lat' dir='ltr'><strong>CAPUT</strong></span> <span class='ocrx_word' id='word_1_447' title='bbox 1409 3147 1608 3206; x_wconf 75' lang='lat' dir='ltr'><strong>XXIX.</strong></span> 
     </span>
    </p>
   </div>
   <div class='ocr_carea' id='block_1_61' title="bbox 676 3241 2183 3315">
    <p class='ocr_par' dir='ltr' id='par_1_61' title="bbox 676 3241 2183 3315">
     <span class='ocr_line' id='line_1_61' title="bbox 676 3241 2183 3315; baseline 0.002 -20"><span class='ocrx_word' id='word_1_448' title='bbox 676 3265 695 3295; x_wconf 73' lang='grc' dir='ltr'><strong>ι</strong></span> <span class='ocrx_word' id='word_1_449' title='bbox 722 3245 914 3301; x_wconf 82' lang='lat' dir='ltr'><strong>Justus</strong></span> <span class='ocrx_word' id='word_1_450' title='bbox 947 3242 1111 3315; x_wconf 89' lang='lat' dir='ltr'><strong>perit.</strong></span> <span class='ocrx_word' id='word_1_451' title='bbox 1137 3251 1192 3297; x_wconf 91' lang='lat' dir='ltr'><strong>et</strong></span> <span class='ocrx_word' id='word_1_452' title='bbox 1234 3258 1346 3296; x_wconf 84' lang='lat' dir='ltr'><strong>non</strong></span> <span class='ocrx_word' id='word_1_453' title='bbox 1389 3252 1476 3297; x_wconf 88' lang='lat' dir='ltr'><strong>est</strong></span> <span class='ocrx_word' id='word_1_454' title='bbox 1499 3242 1595 3313; x_wconf 90' lang='lat' dir='ltr'><strong>qui</strong></span> <span class='ocrx_word' id='word_1_455' title='bbox 1638 3242 1901 3314; x_wconf 73' lang='lat' dir='ltr'><strong>recogitet</strong></span> <span class='ocrx_word' id='word_1_456' title='bbox 1931 3241 1985 3296; x_wconf 90' lang='lat' dir='ltr'><strong>in</strong></span> <span class='ocrx_word' id='word_1_457' title='bbox 2017 3241 2183 3298; x_wconf 90' lang='lat' dir='ltr'><strong>corde</strong></span> 
     </span>
    </p>
   </div>
   <div class='ocr_carea' id='block_1_62' title="bbox 600 3334 2183 3406">
    <p class='ocr_par' dir='ltr' id='par_1_62' title="bbox 600 3334 2183 3406">
     <span class='ocr_line' id='line_1_62' title="bbox 600 3334 2183 3406; baseline -0.002 -13"><span class='ocrx_word' id='word_1_458' title='bbox 600 3353 724 3402; x_wconf 83' lang='lat' dir='ltr'><strong>suo.</strong></span> <span class='ocrx_word' id='word_1_459' title='bbox 758 3345 812 3393; x_wconf 89' lang='lat' dir='ltr'><strong>et</strong></span> <span class='ocrx_word' id='word_1_460' title='bbox 839 3336 940 3391; x_wconf 91' lang='lat' dir='ltr'><strong>viri</strong></span> <span class='ocrx_word' id='word_1_461' title='bbox 972 3334 1365 3391; x_wconf 73' lang='lat' dir='ltr'><strong>misericordiae</strong></span> <span class='ocrx_word' id='word_1_462' title='bbox 1394 3335 1752 3406; x_wconf 77' lang='lat' dir='ltr'><strong>colliguntur,</strong></span> <span class='ocrx_word' id='word_1_463' title='bbox 1782 3335 1909 3405; x_wconf 88' lang='lat' dir='ltr'><strong>quia</strong></span> <span class='ocrx_word' id='word_1_464' title='bbox 1952 3349 2060 3389; x_wconf 94' lang='lat' dir='ltr'><strong>non</strong></span> <span class='ocrx_word' id='word_1_465' title='bbox 2098 3341 2183 3390; x_wconf 89' lang='lat' dir='ltr'><strong>est</strong></span> 
     </span>
    </p>
   </div>
   <div class='ocr_carea' id='block_1_63' title="bbox 598 3422 2184 3499">
    <p class='ocr_par' dir='ltr' id='par_1_63' title="bbox 598 3422 2184 3499">
     <span class='ocr_line' id='line_1_63' title="bbox 598 3422 2184 3499; baseline -0.002 -17"><span class='ocrx_word' id='word_1_466' title='bbox 598 3429 692 3499; x_wconf 90' lang='lat' dir='ltr'><strong>qui</strong></span> <span class='ocrx_word' id='word_1_467' title='bbox 742 3426 1010 3496; x_wconf 78' lang='lat' dir='ltr'><strong>intelligat</strong></span> <span class='ocrx_word' id='word_1_468' title='bbox 1045 3444 1059 3480; x_wconf 91' lang='lat'><strong>:</strong></span> <span class='ocrx_word' id='word_1_469' title='bbox 1090 3442 1120 3478; x_wconf 88' lang='lat' dir='ltr'><strong>a</strong></span> <span class='ocrx_word' id='word_1_470' title='bbox 1156 3422 1295 3478; x_wconf 80' lang='lat' dir='ltr'><strong>facie</strong></span> <span class='ocrx_word' id='word_1_471' title='bbox 1334 3424 1478 3479; x_wconf 90' lang='lat' dir='ltr'><strong>enim</strong></span> <span class='ocrx_word' id='word_1_472' title='bbox 1533 3424 1758 3478; x_wconf 66' lang='lat' dir='ltr'><strong>malitiae</strong></span> <span class='ocrx_word' id='word_1_473' title='bbox 1805 3424 2071 3479; x_wconf 90' lang='lat' dir='ltr'><strong>collectus</strong></span> <span class='ocrx_word' id='word_1_474' title='bbox 2100 3433 2184 3479; x_wconf 82' lang='lat' dir='ltr'><strong>est</strong></span> 
     </span>
    </p>
   </div>
   <div class='ocr_carea' id='block_1_64' title="bbox 595 3517 2180 3591">
    <p class='ocr_par' dir='ltr' id='par_1_64' title="bbox 595 3517 2180 3591">
     <span class='ocr_line' id='line_1_64' title="bbox 595 3517 2180 3591; baseline -0.002 -16"><span class='ocrx_word' id='word_1_475' title='bbox 595 3522 801 3591; x_wconf 85' lang='lat' dir='ltr'><strong>justus.</strong></span> <span class='ocrx_word' id='word_1_476' title='bbox 839 3517 1037 3573; x_wconf 82' lang='lat' dir='ltr'><strong>Veniat</strong></span> <span class='ocrx_word' id='word_1_477' title='bbox 1087 3532 1213 3587; x_wconf 77' lang='lat' dir='ltr'><strong>pax,</strong></span> <span class='ocrx_word' id='word_1_478' title='bbox 1256 3517 1565 3586; x_wconf 81' lang='lat' dir='ltr'><strong>requiescat</strong></span> <span class='ocrx_word' id='word_1_479' title='bbox 1613 3517 1669 3572; x_wconf 91' lang='lat' dir='ltr'><strong>in</strong></span> <span class='ocrx_word' id='word_1_480' title='bbox 1724 3517 1892 3574; x_wconf 87' lang='lat' dir='ltr'><strong>cubili</strong></span> <span class='ocrx_word' id='word_1_481' title='bbox 1942 3533 2043 3574; x_wconf 91' lang='lat' dir='ltr'><strong>suo</strong></span> <span class='ocrx_word' id='word_1_482' title='bbox 2087 3518 2180 3589; x_wconf 90' lang='lat' dir='ltr'><strong>qui</strong></span> 
     </span>
    </p>
   </div>
   <div class='ocr_carea' id='block_1_65' title="bbox 599 3605 2182 3664">
    <p class='ocr_par' dir='ltr' id='par_1_65' title="bbox 599 3605 2182 3664">
     <span class='ocr_line' id='line_1_65' title="bbox 599 3605 2182 3664; baseline 0.001 -2"><span class='ocrx_word' id='word_1_483' title='bbox 599 3607 901 3664; x_wconf 82' lang='lat' dir='ltr'><strong>ambulavit</strong></span> <span class='ocrx_word' id='word_1_484' title='bbox 950 3608 1006 3662; x_wconf 90' lang='lat' dir='ltr'><strong>in</strong></span> <span class='ocrx_word' id='word_1_485' title='bbox 1048 3606 1350 3661; x_wconf 90' lang='lat' dir='ltr'><strong>directione</strong></span> <span class='ocrx_word' id='word_1_486' title='bbox 1385 3621 1507 3662; x_wconf 90' lang='lat' dir='ltr'><strong>sua.</strong></span> <span class='ocrx_word' id='word_1_487' title='bbox 1554 3605 1666 3662; x_wconf 88' lang='lat' dir='ltr'><strong>Vos</strong></span> <span class='ocrx_word' id='word_1_488' title='bbox 1704 3616 1888 3662; x_wconf 84' lang='lat' dir='ltr'><strong>autem</strong></span> <span class='ocrx_word' id='word_1_489' title='bbox 1935 3606 2182 3664; x_wconf 88' lang='lat' dir='ltr'><strong>accedite</strong></span> 
     </span>
    </p>
   </div>
   <div class='ocr_carea' id='block_1_66' title="bbox 604 3698 2176 3771">
    <p class='ocr_par' dir='ltr' id='par_1_66' title="bbox 604 3698 2176 3771">
     <span class='ocr_line' id='line_1_66' title="bbox 604 3698 2176 3771; baseline -0.001 -14"><span class='ocrx_word' id='word_1_490' title='bbox 604 3702 737 3767; x_wconf 88' lang='lat' dir='ltr'><strong>huc,</strong></span> <span class='ocrx_word' id='word_1_491' title='bbox 773 3700 869 3755; x_wconf 80' lang='lat' dir='ltr'><strong>lilii</strong></span> <span class='ocrx_word' id='word_1_492' title='bbox 889 3698 1281 3771; x_wconf 78' lang='lat' dir='ltr'><strong>auguratricis,</strong></span> <span class='ocrx_word' id='word_1_493' title='bbox 1311 3714 1496 3754; x_wconf 88' lang='lat' dir='ltr'><strong>semen</strong></span> <span class='ocrx_word' id='word_1_494' title='bbox 1514 3699 1747 3755; x_wconf 85' lang='lat' dir='ltr'><strong>adulteri</strong></span> <span class='ocrx_word' id='word_1_495' title='bbox 1772 3708 1826 3755; x_wconf 89' lang='lat' dir='ltr'><strong>et</strong></span> <span class='ocrx_word' id='word_1_496' title='bbox 1851 3699 2176 3756; x_wconf 71' lang='lat' dir='ltr'><strong>fornicaritc.</strong></span> 
     </span>
    </p>
   </div>
   <div class='ocr_carea' id='block_1_67' title="bbox 601 3789 2180 3866">
    <p class='ocr_par' dir='ltr' id='par_1_67' title="bbox 601 3789 2180 3866">
     <span class='ocr_line' id='line_1_67' title="bbox 601 3789 2180 3866; baseline -0.001 -17"><span class='ocrx_word' id='word_1_497' title='bbox 601 3793 780 3866; x_wconf 77' lang='lat' dir='ltr'><strong>Super</strong></span> <span class='ocrx_word' id='word_1_498' title='bbox 810 3808 971 3862; x_wconf 89' lang='lat' dir='ltr'><strong>quem</strong></span> <span class='ocrx_word' id='word_1_499' title='bbox 1004 3791 1257 3847; x_wconf 85' lang='lat' dir='ltr'><strong>lusistis?</strong></span> <span class='ocrx_word' id='word_1_500' title='bbox 1303 3789 1479 3862; x_wconf 86' lang='lat' dir='ltr'><strong>Super</strong></span> <span class='ocrx_word' id='word_1_501' title='bbox 1503 3807 1665 3863; x_wconf 88' lang='lat' dir='ltr'><strong>quem</strong></span> <span class='ocrx_word' id='word_1_502' title='bbox 1696 3792 1966 3849; x_wconf 87' lang='lat' dir='ltr'><strong>dilatastis</strong></span> <span class='ocrx_word' id='word_1_503' title='bbox 2000 3808 2084 3856; x_wconf 85' lang='lat' dir='ltr'><strong>os,</strong></span> <span class='ocrx_word' id='word_1_504' title='bbox 2125 3799 2180 3848; x_wconf 88' lang='lat' dir='ltr'><strong>et</strong></span> 
     </span>
    </p>
   </div>
   <div class='ocr_carea' id='block_1_68' title="bbox 597 3880 2174 3956">
    <p class='ocr_par' dir='ltr' id='par_1_68' title="bbox 597 3880 2174 3956">
     <span class='ocr_line' id='line_1_68' title="bbox 597 3880 2174 3956; baseline -0.003 -15"><span class='ocrx_word' id='word_1_505' title='bbox 597 3884 842 3956; x_wconf 88' lang='lat' dir='ltr'><strong>ejccistis</strong></span> <span class='ocrx_word' id='word_1_506' title='bbox 880 3882 1160 3954; x_wconf 82' lang='lat' dir='ltr'><strong>linguam?</strong></span> <span class='ocrx_word' id='word_1_507' title='bbox 1203 3880 1455 3952; x_wconf 88' lang='lat' dir='ltr'><strong>Nunquid</strong></span> <span class='ocrx_word' id='word_1_508' title='bbox 1503 3899 1613 3938; x_wconf 91' lang='lat' dir='ltr'><strong>non</strong></span> <span class='ocrx_word' id='word_1_509' title='bbox 1655 3899 1754 3939; x_wconf 84' lang='lat' dir='ltr'><strong>vos</strong></span> <span class='ocrx_word' id='word_1_510' title='bbox 1798 3884 1890 3938; x_wconf 89' lang='lat' dir='ltr'><strong>ﬁlii</strong></span> <span class='ocrx_word' id='word_1_511' title='bbox 1933 3885 2174 3950; x_wconf 87' lang='lat' dir='ltr'><strong>scelesti,</strong></span> 
     </span>
    </p>
   </div>
   <div class='ocr_carea' id='block_1_69' title="bbox 599 3972 2176 4033">
    <p class='ocr_par' dir='ltr' id='par_1_69' title="bbox 599 3972 2176 4033">
     <span class='ocr_line' id='line_1_69' title="bbox 599 3972 2176 4033; baseline -0.002 0"><span class='ocrx_word' id='word_1_512' title='bbox 599 3992 785 4033; x_wconf 86' lang='lat' dir='ltr'><strong>semen</strong></span> <span class='ocrx_word' id='word_1_513' title='bbox 835 3974 1064 4030; x_wconf 85' lang='lat' dir='ltr'><strong>mendax</strong></span> <span class='ocrx_word' id='word_1_514' title='bbox 1091 3974 1202 4028; x_wconf 70' lang='grc'><strong>³⁸1»</strong></span> <span class='ocrx_word' id='word_1_515' title='bbox 1246 3972 1502 4030; x_wconf 84' lang='lat' dir='ltr'><strong>Christus</strong></span> <span class='ocrx_word' id='word_1_516' title='bbox 1545 3974 1636 4029; x_wconf 90' lang='lat' dir='ltr'><strong>Dei</strong></span> <span class='ocrx_word' id='word_1_517' title='bbox 1677 3974 1829 4030; x_wconf 92' lang='lat' dir='ltr'><strong>solus</strong></span> <span class='ocrx_word' id='word_1_518' title='bbox 1863 3990 1991 4031; x_wconf 86' lang='lat' dir='ltr'><strong>vere</strong></span> <span class='ocrx_word' id='word_1_519' title='bbox 2033 3974 2176 4030; x_wconf 87' lang='lat' dir='ltr'><strong>inter</strong></span> 
     </span>
    </p>
   </div>
   <div class='ocr_carea' id='block_1_70' title="bbox 597 4062 2172 4137">
    <p class='ocr_par' dir='ltr' id='par_1_70' title="bbox 597 4062 2172 4137">
     <span class='ocr_line' id='line_1_70' title="bbox 597 4062 2172 4137; baseline 0 -16"><span class='ocrx_word' id='word_1_520' title='bbox 597 4082 790 4122; x_wconf 88' lang='lat' dir='ltr'><strong>omnes</strong></span> <span class='ocrx_word' id='word_1_521' title='bbox 812 4065 907 4137; x_wconf 88' lang='lat' dir='ltr'><strong>qui</strong></span> <span class='ocrx_word' id='word_1_522' title='bbox 938 4079 1179 4134; x_wconf 86' lang='lat' dir='ltr'><strong>unquam</strong></span> <span class='ocrx_word' id='word_1_523' title='bbox 1207 4062 1469 4119; x_wconf 82' lang='lat' dir='ltr'><strong>exstitere</strong></span> <span class='ocrx_word' id='word_1_524' title='bbox 1495 4063 1680 4134; x_wconf 91' lang='lat' dir='ltr'><strong>justos</strong></span> <span class='ocrx_word' id='word_1_525' title='bbox 1715 4064 1842 4119; x_wconf 87' lang='lat' dir='ltr'><strong>talis</strong></span> <span class='ocrx_word' id='word_1_526' title='bbox 1874 4064 2172 4121; x_wconf 83' lang='lat' dir='ltr'><strong>invenitur.</strong></span> 
     </span>
    </p>
   </div>
   <div class='ocr_carea' id='block_1_71' title="bbox 596 4154 2174 4228">
    <p class='ocr_par' dir='ltr' id='par_1_71' title="bbox 596 4154 2174 4228">
     <span class='ocr_line' id='line_1_71' title="bbox 596 4154 2174 4228; baseline -0.001 -16"><span class='ocrx_word' id='word_1_527' title='bbox 596 4158 829 4228; x_wconf 87' lang='lat' dir='ltr'><strong>Ideoque</strong></span> <span class='ocrx_word' id='word_1_528' title='bbox 859 4154 1206 4227; x_wconf 81' lang='lat' dir='ltr'><strong>peculiariter</strong></span> <span class='ocrx_word' id='word_1_529' title='bbox 1243 4155 1424 4224; x_wconf 91' lang='lat' dir='ltr'><strong>justus</strong></span> <span class='ocrx_word' id='word_1_530' title='bbox 1480 4161 1729 4215; x_wconf 81' lang='lat' dir='ltr'><strong>voeatur,</strong></span> <span class='ocrx_word' id='word_1_531' title='bbox 1787 4161 1841 4209; x_wconf 89' lang='lat' dir='ltr'><strong>et</strong></span> <span class='ocrx_word' id='word_1_532' title='bbox 1891 4155 2174 4225; x_wconf 87' lang='lat' dir='ltr'><strong>prophetia</strong></span> 
     </span>
    </p>
   </div>
   <div class='ocr_carea' id='block_1_72' title="bbox 595 4245 2175 4317">
    <p class='ocr_par' dir='ltr' id='par_1_72' title="bbox 595 4245 2175 4317">
     <span class='ocr_line' id='line_1_72' title="bbox 595 4245 2175 4317; baseline -0.001 -13"><span class='ocrx_word' id='word_1_533' title='bbox 595 4251 662 4306; x_wconf 88' lang='lat' dir='ltr'><strong>de</strong></span> <span class='ocrx_word' id='word_1_534' title='bbox 689 4265 756 4306; x_wconf 92' lang='lat' dir='ltr'><strong>eo</strong></span> <span class='ocrx_word' id='word_1_535' title='bbox 780 4248 855 4304; x_wconf 90' lang='lat' dir='ltr'><strong>ait</strong></span> <span class='ocrx_word' id='word_1_536' title='bbox 882 4269 896 4305; x_wconf 92' lang='lat'><strong>:</strong></span> <span class='ocrx_word' id='word_1_537' title='bbox 933 4267 952 4300; x_wconf 86' lang='grc' dir='ltr'><strong>ι</strong></span> <span class='ocrx_word' id='word_1_538' title='bbox 980 4247 1119 4304; x_wconf 79' lang='lat' dir='ltr'><strong>Ecce</strong></span> <span class='ocrx_word' id='word_1_539' title='bbox 1143 4248 1325 4317; x_wconf 91' lang='lat' dir='ltr'><strong>justus</strong></span> <span class='ocrx_word' id='word_1_540' title='bbox 1359 4248 1518 4317; x_wconf 89' lang='lat' dir='ltr'><strong>perit.</strong></span> <span class='ocrx_word' id='word_1_541' title='bbox 1549 4267 1568 4300; x_wconf 73' lang='grc' dir='ltr'><strong>ι</strong></span> <span class='ocrx_word' id='word_1_542' title='bbox 1604 4245 1758 4303; x_wconf 90' lang='lat' dir='ltr'><strong>Unde</strong></span> <span class='ocrx_word' id='word_1_543' title='bbox 1811 4256 1992 4303; x_wconf 82' lang='lat' dir='ltr'><strong>autem</strong></span> <span class='ocrx_word' id='word_1_544' title='bbox 2023 4247 2175 4303; x_wconf 82' lang='lat' dir='ltr'><strong>abla-</strong></span> 
     </span>
    </p>
   </div>
   <div class='ocr_carea' id='block_1_73' title="bbox 596 4339 2171 4397">
    <p class='ocr_par' dir='ltr' id='par_1_73' title="bbox 596 4339 2171 4397">
     <span class='ocr_line' id='line_1_73' title="bbox 596 4339 2171 4397; baseline -0.001 -2"><span class='ocrx_word' id='word_1_545' title='bbox 596 4351 685 4397; x_wconf 89' lang='lat' dir='ltr'><strong>tus</strong></span> <span class='ocrx_word' id='word_1_546' title='bbox 708 4343 780 4397; x_wconf 87' lang='lat' dir='ltr'><strong>sit</strong></span> <span class='ocrx_word' id='word_1_547' title='bbox 807 4342 931 4397; x_wconf 87' lang='lat' dir='ltr'><strong>dein</strong></span> <span class='ocrx_word' id='word_1_548' title='bbox 958 4341 1163 4396; x_wconf 89' lang='lat' dir='ltr'><strong>indicat</strong></span> <span class='ocrx_word' id='word_1_549' title='bbox 1192 4340 1382 4396; x_wconf 87' lang='lat' dir='ltr'><strong>dicens</strong></span> <span class='ocrx_word' id='word_1_550' title='bbox 1410 4358 1423 4394; x_wconf 92' lang='lat'><strong>:</strong></span> <span class='ocrx_word' id='word_1_551' title='bbox 1464 4358 1483 4391; x_wconf 87' lang='grc' dir='ltr'><strong>ι</strong></span> <span class='ocrx_word' id='word_1_552' title='bbox 1516 4339 1558 4393; x_wconf 80' lang='grc' dir='ltr'><strong>Α</strong></span> <span class='ocrx_word' id='word_1_553' title='bbox 1594 4339 1734 4395; x_wconf 85' lang='lat' dir='ltr'><strong>l&#39;acie</strong></span> <span class='ocrx_word' id='word_1_554' title='bbox 1766 4341 1911 4396; x_wconf 89' lang='lat' dir='ltr'><strong>enim</strong></span> <span class='ocrx_word' id='word_1_555' title='bbox 1946 4340 2171 4395; x_wconf 71' lang='lat' dir='ltr'><strong>malitia:</strong></span> 
     </span>
    </p>
   </div>
   <div class='ocr_carea' id='block_1_74' title="bbox 595 4432 2167 4504">
    <p class='ocr_par' dir='ltr' id='par_1_74' title="bbox 595 4432 2167 4504">
     <span class='ocr_line' id='line_1_74' title="bbox 595 4432 2167 4504; baseline 0 -16"><span class='ocrx_word' id='word_1_556' title='bbox 595 4434 811 4491; x_wconf 86' lang='lat' dir='ltr'><strong>ablatus</strong></span> <span class='ocrx_word' id='word_1_557' title='bbox 848 4441 933 4488; x_wconf 91' lang='lat' dir='ltr'><strong>est</strong></span> <span class='ocrx_word' id='word_1_558' title='bbox 979 4433 1186 4504; x_wconf 87' lang='lat' dir='ltr'><strong>justus.</strong></span> <span class='ocrx_word' id='word_1_559' title='bbox 1223 4451 1243 4484; x_wconf 72' lang='grc' dir='ltr'><strong>ι</strong></span> <span class='ocrx_word' id='word_1_560' title='bbox 1297 4432 1434 4499; x_wconf 85' lang='lat' dir='ltr'><strong>Quis</strong></span> <span class='ocrx_word' id='word_1_561' title='bbox 1474 4440 1656 4487; x_wconf 88' lang='lat' dir='ltr'><strong>autem</strong></span> <span class='ocrx_word' id='word_1_562' title='bbox 1700 4449 1825 4488; x_wconf 91' lang='lat' dir='ltr'><strong>eum</strong></span> <span class='ocrx_word' id='word_1_563' title='bbox 1860 4434 2167 4499; x_wconf 89' lang='lat' dir='ltr'><strong>sustulerit,</strong></span> 
     </span>
    </p>
   </div>
   <div class='ocr_carea' id='block_1_75' title="bbox 593 4523 2169 4595">
    <p class='ocr_par' dir='ltr' id='par_1_75' title="bbox 593 4523 2169 4595">
     <span class='ocr_line' id='line_1_75' title="bbox 593 4523 2169 4595; baseline 0 -14"><span class='ocrx_word' id='word_1_564' title='bbox 593 4526 815 4581; x_wconf 89' lang='lat' dir='ltr'><strong>noveris</strong></span> <span class='ocrx_word' id='word_1_565' title='bbox 868 4541 932 4581; x_wconf 77' lang='lat' dir='ltr'><strong>ex</strong></span> <span class='ocrx_word' id='word_1_566' title='bbox 992 4525 1112 4595; x_wconf 89' lang='lat' dir='ltr'><strong>ipso</strong></span> <span class='ocrx_word' id='word_1_567' title='bbox 1169 4525 1431 4580; x_wconf 88' lang='lat' dir='ltr'><strong>dicente:</strong></span> <span class='ocrx_word' id='word_1_568' title='bbox 1466 4523 1680 4580; x_wconf 67' lang='lat' dir='ltr'><strong>«Nemo</strong></span> <span class='ocrx_word' id='word_1_569' title='bbox 1739 4526 1885 4580; x_wconf 87' lang='lat' dir='ltr'><strong>tollit</strong></span> <span class='ocrx_word' id='word_1_570' title='bbox 1933 4528 2169 4582; x_wconf 88' lang='lat' dir='ltr'><strong>animam</strong></span> 
     </span>
    </p>
   </div>
   <div class='ocr_carea' id='block_1_76' title="bbox 593 4618 2170 4691">
    <p class='ocr_par' dir='ltr' id='par_1_76' title="bbox 593 4618 2170 4691">
     <span class='ocr_line' id='line_1_76' title="bbox 593 4618 2170 4691; baseline 0.001 -18"><span class='ocrx_word' id='word_1_571' title='bbox 593 4632 770 4674; x_wconf 87' lang='lat' dir='ltr'><strong>meam</strong></span> <span class='ocrx_word' id='word_1_572' title='bbox 814 4632 848 4674; x_wconf 91' lang='lat' dir='ltr'><strong>a</strong></span> <span class='ocrx_word' id='word_1_573' title='bbox 895 4634 983 4673; x_wconf 89' lang='lat' dir='ltr'><strong>me</strong></span> <span class='ocrx_word' id='word_1_574' title='bbox 1034 4618 1175 4689; x_wconf 88' lang='lat' dir='ltr'><strong>ipso,</strong></span> <span class='ocrx_word' id='word_1_575' title='bbox 1232 4627 1287 4675; x_wconf 82' lang='lat' dir='ltr'><strong>et</strong></span> <span class='ocrx_word' id='word_1_576' title='bbox 1327 4625 1655 4691; x_wconf 90' lang='lat' dir='ltr'><strong>potestatem</strong></span> <span class='ocrx_word' id='word_1_577' title='bbox 1702 4619 1880 4675; x_wconf 89' lang='lat' dir='ltr'><strong>habeo</strong></span> <span class='ocrx_word' id='word_1_578' title='bbox 1928 4620 2170 4690; x_wconf 85' lang='lat' dir='ltr'><strong>ponendi</strong></span> 
     </span>
    </p>
   </div>
   <div class='ocr_carea' id='block_1_77' title="bbox 592 4709 2164 4781">
    <p class='ocr_par' dir='ltr' id='par_1_77' title="bbox 592 4709 2164 4781">
     <span class='ocr_line' id='line_1_77' title="bbox 592 4709 2164 4781; baseline -0.001 -15"><span class='ocrx_word' id='word_1_579' title='bbox 592 4726 737 4776; x_wconf 89' lang='lat' dir='ltr'><strong>eam,</strong></span> <span class='ocrx_word' id='word_1_580' title='bbox 769 4718 822 4765; x_wconf 90' lang='lat' dir='ltr'><strong>et</strong></span> <span class='ocrx_word' id='word_1_581' title='bbox 850 4717 1177 4781; x_wconf 83' lang='lat' dir='ltr'><strong>potestatem</strong></span> <span class='ocrx_word' id='word_1_582' title='bbox 1218 4710 1394 4766; x_wconf 89' lang='lat' dir='ltr'><strong>habeo</strong></span> <span class='ocrx_word' id='word_1_583' title='bbox 1422 4713 1618 4765; x_wconf 90' lang='lat' dir='ltr'><strong>iterum</strong></span> <span class='ocrx_word' id='word_1_584' title='bbox 1652 4709 1905 4767; x_wconf 89' lang='lat' dir='ltr'><strong>sumendi</strong></span> <span class='ocrx_word' id='word_1_585' title='bbox 1931 4725 2052 4767; x_wconf 90' lang='lat' dir='ltr'><strong>eam</strong></span> <span class='ocrx_word' id='word_1_586' title='bbox 2072 4710 2116 4764; x_wconf 71' lang='grc'><strong>⁸.</strong></span> <span class='ocrx_word' id='word_1_587' title='bbox 2142 4729 2164 4764; x_wconf 70' lang='grc' dir='ltr'><strong>ι</strong></span> 
     </span>
    </p>
   </div>
   <div class='ocr_carea' id='block_1_78' title="bbox 591 4803 2174 4876">
    <p class='ocr_par' dir='ltr' id='par_1_78' title="bbox 591 4803 2174 4876">
     <span class='ocr_line' id='line_1_78' title="bbox 591 4803 2174 4876; baseline -0.001 -17"><span class='ocrx_word' id='word_1_588' title='bbox 591 4804 727 4859; x_wconf 88' lang='lat' dir='ltr'><strong>Dein</strong></span> <span class='ocrx_word' id='word_1_589' title='bbox 760 4804 863 4858; x_wconf 90' lang='lat' dir='ltr'><strong>ait:</strong></span> <span class='ocrx_word' id='word_1_590' title='bbox 889 4825 907 4856; x_wconf 88' lang='grc' dir='ltr'><strong>ι</strong></span> <span class='ocrx_word' id='word_1_591' title='bbox 936 4803 994 4859; x_wconf 85' lang='lat' dir='ltr'><strong>In</strong></span> <span class='ocrx_word' id='word_1_592' title='bbox 1024 4820 1157 4876; x_wconf 88' lang='lat' dir='ltr'><strong>pace</strong></span> <span class='ocrx_word' id='word_1_593' title='bbox 1197 4805 1478 4876; x_wconf 87' lang='lat' dir='ltr'><strong>sepultura</strong></span> <span class='ocrx_word' id='word_1_594' title='bbox 1507 4806 1645 4876; x_wconf 81' lang='lat' dir='ltr'><strong>ejus.</strong></span> <span class='ocrx_word' id='word_1_595' title='bbox 1672 4824 1692 4859; x_wconf 73' lang='grc' dir='ltr'><strong>ι</strong></span> <span class='ocrx_word' id='word_1_596' title='bbox 1724 4804 1803 4860; x_wconf 79' lang='lat' dir='ltr'><strong>Ex</strong></span> <span class='ocrx_word' id='word_1_597' title='bbox 1830 4819 1941 4876; x_wconf 92' lang='lat' dir='ltr'><strong>quo</strong></span> <span class='ocrx_word' id='word_1_598' title='bbox 1972 4811 2174 4858; x_wconf 87' lang='lat' dir='ltr'><strong>notan-</strong></span> 
     </span>
    </p>
   </div>
   <div class='ocr_carea' id='block_1_79' title="bbox 591 4896 2166 4968">
    <p class='ocr_par' dir='ltr' id='par_1_79' title="bbox 591 4896 2166 4968">
     <span class='ocr_line' id='line_1_79' title="bbox 591 4896 2166 4968; baseline -0.001 -15"><span class='ocrx_word' id='word_1_599' title='bbox 591 4898 745 4961; x_wconf 88' lang='lat' dir='ltr'><strong>dum,</strong></span> <span class='ocrx_word' id='word_1_600' title='bbox 787 4896 933 4968; x_wconf 90' lang='lat' dir='ltr'><strong>quod</strong></span> <span class='ocrx_word' id='word_1_601' title='bbox 981 4913 1088 4952; x_wconf 91' lang='lat' dir='ltr'><strong>non</strong></span> <span class='ocrx_word' id='word_1_602' title='bbox 1121 4897 1283 4953; x_wconf 90' lang='lat' dir='ltr'><strong>modo</strong></span> <span class='ocrx_word' id='word_1_603' title='bbox 1313 4906 1563 4962; x_wconf 89' lang='lat' dir='ltr'><strong>mortem,</strong></span> <span class='ocrx_word' id='word_1_604' title='bbox 1593 4898 1686 4954; x_wconf 90' lang='lat' dir='ltr'><strong>sed</strong></span> <span class='ocrx_word' id='word_1_605' title='bbox 1729 4905 1782 4953; x_wconf 87' lang='lat' dir='ltr'><strong>et</strong></span> <span class='ocrx_word' id='word_1_606' title='bbox 1825 4896 2166 4968; x_wconf 88' lang='lat' dir='ltr'><strong>sepulturam</strong></span> 
     </span>
    </p>
   </div>
   <div class='ocr_carea' id='block_1_80' title="bbox 591 4989 2166 5063">
    <p class='ocr_par' dir='ltr' id='par_1_80' title="bbox 591 4989 2166 5063">
     <span class='ocr_line' id='line_1_80' title="bbox 591 4989 2166 5063; baseline -0.002 -16"><span class='ocrx_word' id='word_1_607' title='bbox 591 4994 710 5063; x_wconf 83' lang='lat' dir='ltr'><strong>ejus</strong></span> <span class='ocrx_word' id='word_1_608' title='bbox 732 4991 1046 5063; x_wconf 89' lang='lat' dir='ltr'><strong>prophetica</strong></span> <span class='ocrx_word' id='word_1_609' title='bbox 1077 4990 1324 5061; x_wconf 77' lang='lat' dir='ltr'><strong>designat</strong></span> <span class='ocrx_word' id='word_1_610' title='bbox 1351 4989 1657 5060; x_wconf 86' lang='lat' dir='ltr'><strong>Scriptura,</strong></span> <span class='ocrx_word' id='word_1_611' title='bbox 1681 4989 1826 5046; x_wconf 89' lang='lat' dir='ltr'><strong>unde</strong></span> <span class='ocrx_word' id='word_1_612' title='bbox 1852 4997 1907 5044; x_wconf 88' lang='lat' dir='ltr'><strong>et</strong></span> <span class='ocrx_word' id='word_1_613' title='bbox 1938 4999 2166 5045; x_wconf 90' lang='lat' dir='ltr'><strong>sanctus</strong></span> 
     </span>
    </p>
   </div>
   <div class='ocr_carea' id='block_1_81' title="bbox 591 5080 2165 5153">
    <p class='ocr_par' dir='ltr' id='par_1_81' title="bbox 591 5080 2165 5153">
     <span class='ocr_line' id='line_1_81' title="bbox 591 5080 2165 5153; baseline -0.001 -17"><span class='ocrx_word' id='word_1_614' title='bbox 591 5084 885 5153; x_wconf 82' lang='lat' dir='ltr'><strong>Apostolus</strong></span> <span class='ocrx_word' id='word_1_615' title='bbox 933 5082 999 5136; x_wconf 89' lang='lat' dir='ltr'><strong>ad</strong></span> <span class='ocrx_word' id='word_1_616' title='bbox 1049 5081 1362 5138; x_wconf 87' lang='lat' dir='ltr'><strong>Corinthios</strong></span> <span class='ocrx_word' id='word_1_617' title='bbox 1394 5082 1642 5138; x_wconf 90' lang='lat' dir='ltr'><strong>scribens</strong></span> <span class='ocrx_word' id='word_1_618' title='bbox 1689 5082 1862 5138; x_wconf 88' lang='lat' dir='ltr'><strong>dicit:</strong></span> <span class='ocrx_word' id='word_1_619' title='bbox 1896 5102 1914 5133; x_wconf 88' lang='grc' dir='ltr'><strong>ι</strong></span> <span class='ocrx_word' id='word_1_620' title='bbox 1942 5080 2165 5136; x_wconf 84' lang='lat' dir='ltr'><strong>Tradidi</strong></span> 
     </span>
    </p>
   </div>
   <div class='ocr_carea' id='block_1_82' title="bbox 591 5174 2162 5246">
    <p class='ocr_par' dir='ltr' id='par_1_82' title="bbox 591 5174 2162 5246">
     <span class='ocr_line' id='line_1_82' title="bbox 591 5174 2162 5246; baseline 0 -19"><span class='ocrx_word' id='word_1_621' title='bbox 591 5175 735 5229; x_wconf 82' lang='lat' dir='ltr'><strong>enim</strong></span> <span class='ocrx_word' id='word_1_622' title='bbox 791 5174 948 5229; x_wconf 89' lang='lat' dir='ltr'><strong>vobis</strong></span> <span class='ocrx_word' id='word_1_623' title='bbox 1008 5174 1063 5228; x_wconf 91' lang='lat' dir='ltr'><strong>in</strong></span> <span class='ocrx_word' id='word_1_624' title='bbox 1114 5174 1307 5243; x_wconf 91' lang='lat' dir='ltr'><strong>primis</strong></span> <span class='ocrx_word' id='word_1_625' title='bbox 1354 5174 1502 5245; x_wconf 89' lang='lat' dir='ltr'><strong>quod</strong></span> <span class='ocrx_word' id='word_1_626' title='bbox 1555 5181 1609 5229; x_wconf 88' lang='lat' dir='ltr'><strong>et</strong></span> <span class='ocrx_word' id='word_1_627' title='bbox 1647 5175 2162 5246; x_wconf 81' lang='lat' dir='ltr'><strong>accepizquouiam</strong></span> 
     </span>
    </p>
   </div>
   <div class='ocr_carea' id='block_1_83' title="bbox 590 5257 2164 5339">
    <p class='ocr_par' dir='ltr' id='par_1_83' title="bbox 590 5257 2164 5339">
     <span class='ocr_line' id='line_1_83' title="bbox 590 5257 2164 5339; baseline 0 -19"><span class='ocrx_word' id='word_1_628' title='bbox 590 5257 845 5324; x_wconf 82' lang='lat' dir='ltr'><strong>Christus</strong></span> <span class='ocrx_word' id='word_1_629' title='bbox 872 5277 1120 5324; x_wconf 90' lang='lat' dir='ltr'><strong>mortuus</strong></span> <span class='ocrx_word' id='word_1_630' title='bbox 1137 5276 1221 5323; x_wconf 89' lang='lat' dir='ltr'><strong>est</strong></span> <span class='ocrx_word' id='word_1_631' title='bbox 1248 5282 1348 5339; x_wconf 89' lang='lat' dir='ltr'><strong>pro</strong></span> <span class='ocrx_word' id='word_1_632' title='bbox 1367 5269 1608 5339; x_wconf 81' lang='lat' dir='ltr'><strong>peccatis</strong></span> <span class='ocrx_word' id='word_1_633' title='bbox 1628 5269 1837 5325; x_wconf 89' lang='lat' dir='ltr'><strong>nostris</strong></span> <span class='ocrx_word' id='word_1_634' title='bbox 1860 5266 2164 5324; x_wconf 88' lang='lat' dir='ltr'><strong>secundum</strong></span> 
     </span>
    </p>
   </div>
   <div class='ocr_carea' id='block_1_84' title="bbox 594 5357 2163 5432">
    <p class='ocr_par' dir='ltr' id='par_1_84' title="bbox 594 5357 2163 5432">
     <span class='ocr_line' id='line_1_84' title="bbox 594 5357 2163 5432; baseline 0.001 -20"><span class='ocrx_word' id='word_1_635' title='bbox 594 5357 926 5430; x_wconf 84' lang='lat' dir='ltr'><strong>Scripturas,</strong></span> <span class='ocrx_word' id='word_1_636' title='bbox 976 5368 1031 5416; x_wconf 90' lang='lat' dir='ltr'><strong>et</strong></span> <span class='ocrx_word' id='word_1_637' title='bbox 1068 5361 1196 5432; x_wconf 90' lang='lat' dir='ltr'><strong>quia</strong></span> <span class='ocrx_word' id='word_1_638' title='bbox 1240 5360 1487 5431; x_wconf 88' lang='lat' dir='ltr'><strong>sepultus</strong></span> <span class='ocrx_word' id='word_1_639' title='bbox 1528 5368 1613 5417; x_wconf 90' lang='lat' dir='ltr'><strong>est</strong></span> <span class='ocrx_word' id='word_1_640' title='bbox 1630 5364 1671 5417; x_wconf 85' lang='grc'><strong>⁸.</strong></span> <span class='ocrx_word' id='word_1_641' title='bbox 1704 5380 1724 5414; x_wconf 77' lang='grc' dir='ltr'><strong>ι</strong></span> <span class='ocrx_word' id='word_1_642' title='bbox 1760 5360 1934 5431; x_wconf 89' lang='lat' dir='ltr'><strong>Cujus</strong></span> <span class='ocrx_word' id='word_1_643' title='bbox 1981 5367 2163 5415; x_wconf 85' lang='lat' dir='ltr'><strong>autem</strong></span> 
     </span>
    </p>
   </div>
   <div class='ocr_carea' id='block_1_85' title="bbox 594 5449 2165 5524">
    <p class='ocr_par' dir='ltr' id='par_1_85' title="bbox 594 5449 2165 5524">
     <span class='ocr_line' id='line_1_85' title="bbox 594 5449 2165 5524; baseline 0.001 -21"><span class='ocrx_word' id='word_1_644' title='bbox 594 5449 909 5522; x_wconf 68' lang='lat' dir='ltr'><strong>Scriptum,</strong></span> <span class='ocrx_word' id='word_1_645' title='bbox 945 5453 1048 5508; x_wconf 90' lang='lat' dir='ltr'><strong>nisi</strong></span> <span class='ocrx_word' id='word_1_646' title='bbox 1079 5467 1202 5524; x_wconf 72' lang='lat' dir='ltr'><strong>quae</strong></span> <span class='ocrx_word' id='word_1_647' title='bbox 1228 5452 1426 5508; x_wconf 80' lang='lat' dir='ltr'><strong>dixerit</strong></span> <span class='ocrx_word' id='word_1_648' title='bbox 1452 5468 1466 5504; x_wconf 91' lang='lat'><strong>:</strong></span> <span class='ocrx_word' id='word_1_649' title='bbox 1498 5471 1517 5503; x_wconf 83' lang='grc' dir='ltr'><strong>ι</strong></span> <span class='ocrx_word' id='word_1_650' title='bbox 1548 5452 1588 5505; x_wconf 83' lang='grc' dir='ltr'><strong>Δ</strong></span> <span class='ocrx_word' id='word_1_651' title='bbox 1627 5451 1767 5507; x_wconf 81' lang='lat' dir='ltr'><strong>facie</strong></span> <span class='ocrx_word' id='word_1_652' title='bbox 1814 5450 2038 5508; x_wconf 65' lang='lat' dir='ltr'><strong>malitiae</strong></span> <span class='ocrx_word' id='word_1_653' title='bbox 2065 5465 2165 5521; x_wconf 89' lang='lat' dir='ltr'><strong>po-</strong></span> 
     </span>
    </p>
   </div>
   <div class='ocr_carea' id='block_1_86' title="bbox 592 5541 2165 5615">
    <p class='ocr_par' dir='ltr' id='par_1_86' title="bbox 592 5541 2165 5615">
     <span class='ocr_line' id='line_1_86' title="bbox 592 5541 2165 5615; baseline -0.001 -19"><span class='ocrx_word' id='word_1_654' title='bbox 592 5543 704 5613; x_wconf 85' lang='lat' dir='ltr'><strong>puli</strong></span> <span class='ocrx_word' id='word_1_655' title='bbox 734 5543 839 5599; x_wconf 89' lang='lat' dir='ltr'><strong>mei</strong></span> <span class='ocrx_word' id='word_1_656' title='bbox 876 5543 1073 5601; x_wconf 85' lang='lat' dir='ltr'><strong>ductus</strong></span> <span class='ocrx_word' id='word_1_657' title='bbox 1107 5552 1191 5601; x_wconf 89' lang='lat' dir='ltr'><strong>est</strong></span> <span class='ocrx_word' id='word_1_658' title='bbox 1232 5543 1300 5599; x_wconf 85' lang='lat' dir='ltr'><strong>ad</strong></span> <span class='ocrx_word' id='word_1_659' title='bbox 1341 5551 1598 5610; x_wconf 87' lang='lat' dir='ltr'><strong>mortem,</strong></span> <span class='ocrx_word' id='word_1_660' title='bbox 1634 5550 1687 5599; x_wconf 91' lang='lat' dir='ltr'><strong>et</strong></span> <span class='ocrx_word' id='word_1_661' title='bbox 1715 5544 1769 5599; x_wconf 94' lang='lat' dir='ltr'><strong>in</strong></span> <span class='ocrx_word' id='word_1_662' title='bbox 1812 5559 1945 5615; x_wconf 88' lang='lat' dir='ltr'><strong>pace</strong></span> <span class='ocrx_word' id='word_1_663' title='bbox 1977 5541 2165 5612; x_wconf 86' lang='lat' dir='ltr'><strong>sepul-</strong></span> 
     </span>
    </p>
   </div>
   <div class='ocr_carea' id='block_1_87' title="bbox 590 5634 2160 5710">
    <p class='ocr_par' dir='ltr' id='par_1_87' title="bbox 590 5634 2160 5710">
     <span class='ocr_line' id='line_1_87' title="bbox 590 5634 2160 5710; baseline 0.002 -23"><span class='ocrx_word' id='word_1_664' title='bbox 590 5641 713 5689; x_wconf 82' lang='lat' dir='ltr'><strong>tura</strong></span> <span class='ocrx_word' id='word_1_665' title='bbox 776 5634 895 5704; x_wconf 83' lang='lat' dir='ltr'><strong>ejus</strong></span> <span class='ocrx_word' id='word_1_666' title='bbox 927 5634 948 5687; x_wconf 83' lang='grc'><strong>1</strong></span> <span class='ocrx_word' id='word_1_667' title='bbox 986 5655 1004 5688; x_wconf 76' lang='grc' dir='ltr'><strong>ι</strong></span> <span class='ocrx_word' id='word_1_668' title='bbox 1054 5635 1175 5692; x_wconf 87' lang='lat' dir='ltr'><strong>Non</strong></span> <span class='ocrx_word' id='word_1_669' title='bbox 1231 5636 1382 5694; x_wconf 85' lang='lat' dir='ltr'><strong>solus</strong></span> <span class='ocrx_word' id='word_1_670' title='bbox 1439 5637 1734 5710; x_wconf 59' lang='lat' dir='ltr'><strong>praedictus</strong></span> <span class='ocrx_word' id='word_1_671' title='bbox 1788 5636 1948 5693; x_wconf 91' lang='lat' dir='ltr'><strong>nobis</strong></span> <span class='ocrx_word' id='word_1_672' title='bbox 1973 5637 2160 5706; x_wconf 90' lang='lat' dir='ltr'><strong>justus</strong></span> 
     </span>
    </p>
   </div>
   <div class='ocr_carea' id='block_1_88' title="bbox 660 5791 1142 5858">
    <p class='ocr_par' dir='ltr' id='par_1_88' title="bbox 660 5791 1142 5858">
     <span class='ocr_line' id='line_1_88' title="bbox 660 5791 1142 5858; baseline 0.002 -11"><span class='ocrx_word' id='word_1_673' title='bbox 660 5796 675 5826; x_wconf 86' lang='grc'>¹</span> <span class='ocrx_word' id='word_1_674' title='bbox 715 5791 873 5848; x_wconf 79' lang='lat' dir='ltr'><strong>Joan.</strong></span> <span class='ocrx_word' id='word_1_675' title='bbox 907 5808 980 5846; x_wconf 79' lang='lat' dir='ltr'><strong>xu</strong></span> <span class='ocrx_word' id='word_1_676' title='bbox 1003 5831 1016 5858; x_wconf 86' lang='lat'><strong>,</strong></span> <span class='ocrx_word' id='word_1_677' title='bbox 1052 5792 1142 5848; x_wconf 74' lang='lat'><strong>28.</strong></span> 
     </span>
    </p>
   </div>
   <div class='ocr_carea' id='block_1_89' title="bbox 2212 3159 2260 3220">
    <p class='ocr_par' dir='ltr' id='par_1_89' title="bbox 2212 3159 2260 3220">
     <span class='ocr_line' id='line_1_89' title="bbox 2212 3159 2260 3220; baseline 0 -2"><span class='ocrx_word' id='word_1_678' title='bbox 2212 3159 2260 3220; x_wconf 86' lang='lat' dir='ltr'><strong>C</strong></span> 
     </span>
    </p>
   </div>
   <div class='ocr_carea' id='block_1_90' title="bbox 2794 3152 3360 3209">
    <p class='ocr_par' dir='ltr' id='par_1_90' title="bbox 2794 3152 3360 3209">
     <span class='ocr_line' id='line_1_90' title="bbox 2794 3152 3360 3209; baseline -0.004 -2"><span class='ocrx_word' id='word_1_679' title='bbox 2794 3154 3192 3209; x_wconf 80' lang='grc' dir='ltr'><strong>ΚΕΦΑΛΑΙΟΝ</strong></span> <span class='ocrx_word' id='word_1_680' title='bbox 3232 3152 3360 3206; x_wconf 88' lang='grc' dir='ltr'>ΚΘ’.</span> 
     </span>
    </p>
   </div>
   <div class='ocr_carea' id='block_1_91' title="bbox 2365 3240 3877 3315">
    <p class='ocr_par' dir='ltr' id='par_1_91' title="bbox 2365 3240 3877 3315">
     <span class='ocr_line' id='line_1_91' title="bbox 2365 3240 3877 3315; baseline 0.002 -21"><span class='ocrx_word' id='word_1_681' title='bbox 2365 3261 2385 3294; x_wconf 82' lang='grc' dir='ltr'><strong>ι</strong></span> <span class='ocrx_word' id='word_1_682' title='bbox 2423 3242 2612 3304; x_wconf 84' lang='grc' dir='ltr'>Ἴδετε,</span> <span class='ocrx_word' id='word_1_683' title='bbox 2655 3245 2731 3308; x_wconf 81' lang='grc' dir='ltr'><strong>ὡς</strong></span> <span class='ocrx_word' id='word_1_684' title='bbox 2770 3246 2800 3298; x_wconf 85' lang='grc' dir='ltr'><strong>ό</strong></span> <span class='ocrx_word' id='word_1_685' title='bbox 2827 3244 3033 3309; x_wconf 87' lang='grc' dir='ltr'>δίκαιος</span> <span class='ocrx_word' id='word_1_686' title='bbox 3064 3244 3298 3315; x_wconf 73' lang='grc' dir='ltr'>αἴρεται,</span> <span class='ocrx_word' id='word_1_687' title='bbox 3329 3241 3425 3294; x_wconf 75' lang='grc' dir='ltr'>καὶ</span> <span class='ocrx_word' id='word_1_688' title='bbox 3457 3240 3637 3306; x_wconf 71' lang='grc' dir='ltr'>οὐδεὶς</span> <span class='ocrx_word' id='word_1_689' title='bbox 3669 3242 3877 3314; x_wconf 73' lang='grc' dir='ltr'>ἐκδέχεσ</span> 
     </span>
    </p>
   </div>
   <div class='ocr_carea' id='block_1_92' title="bbox 2287 3333 3876 3408">
    <p class='ocr_par' dir='ltr' id='par_1_92' title="bbox 2287 3333 3876 3408">
     <span class='ocr_line' id='line_1_92' title="bbox 2287 3333 3876 3408; baseline 0.001 -20"><span class='ocrx_word' id='word_1_690' title='bbox 2287 3351 2378 3389; x_wconf 90' lang='grc' dir='ltr'><strong>ται</strong></span> <span class='ocrx_word' id='word_1_691' title='bbox 2398 3337 2463 3406; x_wconf 82' lang='grc' dir='ltr'>τῇ</span> <span class='ocrx_word' id='word_1_692' title='bbox 2484 3334 2701 3407; x_wconf 76' lang='grc' dir='ltr'>καρδίᾳ,</span> <span class='ocrx_word' id='word_1_693' title='bbox 2732 3337 2826 3391; x_wconf 78' lang='grc' dir='ltr'>καὶ</span> <span class='ocrx_word' id='word_1_694' title='bbox 2845 3336 3037 3408; x_wconf 81' lang='grc' dir='ltr'>ἄνδρες</span> <span class='ocrx_word' id='word_1_695' title='bbox 3057 3335 3252 3389; x_wconf 88' lang='grc' dir='ltr'>δίκαιοι</span> <span class='ocrx_word' id='word_1_696' title='bbox 3277 3333 3546 3405; x_wconf 74' lang='grc' dir='ltr'>αἴρονται,</span> <span class='ocrx_word' id='word_1_697' title='bbox 3575 3335 3672 3388; x_wconf 73' lang='grc' dir='ltr'>καὶ</span> <span class='ocrx_word' id='word_1_698' title='bbox 3699 3335 3876 3399; x_wconf 69' lang='grc' dir='ltr'>οὐδεὶς</span> 
     </span>
    </p>
   </div>
   <div class='ocr_carea' id='block_1_93' title="bbox 2288 3420 3873 3499">
    <p class='ocr_par' dir='ltr' id='par_1_93' title="bbox 2288 3420 3873 3499">
     <span class='ocr_line' id='line_1_93' title="bbox 2288 3420 3873 3499; baseline 0.001 -21"><span class='ocrx_word' id='word_1_699' title='bbox 2288 3428 2542 3479; x_wconf 80' lang='grc' dir='ltr'>κατανοεῖ</span> <span class='ocrx_word' id='word_1_700' title='bbox 2558 3440 2572 3455; x_wconf 77' lang='grc'><strong><em>⁸</em></strong></span> <span class='ocrx_word' id='word_1_701' title='bbox 2600 3425 2709 3479; x_wconf 81' lang='grc' dir='ltr'><strong>ἀπὸ</strong></span> <span class='ocrx_word' id='word_1_702' title='bbox 2723 3425 2833 3497; x_wconf 85' lang='grc' dir='ltr'><strong>γὰρ</strong></span> <span class='ocrx_word' id='word_1_703' title='bbox 2851 3426 3143 3499; x_wconf 85' lang='grc' dir='ltr'>προσώπου</span> <span class='ocrx_word' id='word_1_704' title='bbox 3170 3424 3382 3489; x_wconf 85' lang='grc' dir='ltr'>ἀδικίας</span> <span class='ocrx_word' id='word_1_705' title='bbox 3408 3420 3577 3498; x_wconf 80' lang='grc' dir='ltr'>ἦρται</span> <span class='ocrx_word' id='word_1_706' title='bbox 3591 3427 3619 3479; x_wconf 86' lang='grc' dir='ltr'><strong>ό</strong></span> <span class='ocrx_word' id='word_1_707' title='bbox 3640 3425 3873 3491; x_wconf 70' lang='grc' dir='ltr'>δίκαιος,</span> 
     </span>
    </p>
   </div>
   <div class='ocr_carea' id='block_1_94' title="bbox 2287 3514 3875 3592">
    <p class='ocr_par' dir='ltr' id='par_1_94' title="bbox 2287 3514 3875 3592">
     <span class='ocr_line' id='line_1_94' title="bbox 2287 3514 3875 3592; baseline 0.003 -22"><span class='ocrx_word' id='word_1_708' title='bbox 2287 3517 2437 3570; x_wconf 78' lang='grc' dir='ltr'>ἔσται</span> <span class='ocrx_word' id='word_1_709' title='bbox 2465 3518 2523 3571; x_wconf 84' lang='grc' dir='ltr'><strong>ἐν</strong></span> <span class='ocrx_word' id='word_1_710' title='bbox 2546 3519 2738 3592; x_wconf 76' lang='grc' dir='ltr'>εἰρήνῃ</span> <span class='ocrx_word' id='word_1_711' title='bbox 2758 3520 2791 3589; x_wconf 84' lang='grc' dir='ltr'>ἡ</span> <span class='ocrx_word' id='word_1_712' title='bbox 2815 3517 2960 3590; x_wconf 83' lang='grc' dir='ltr'>ταφὴ</span> <span class='ocrx_word' id='word_1_713' title='bbox 2991 3517 3176 3579; x_wconf 82' lang='grc' dir='ltr'>αὐτοῦ,</span> <span class='ocrx_word' id='word_1_714' title='bbox 3205 3514 3369 3592; x_wconf 80' lang='grc' dir='ltr'>ἦρται</span> <span class='ocrx_word' id='word_1_715' title='bbox 3392 3518 3459 3572; x_wconf 80' lang='grc' dir='ltr'><strong>ἐκ</strong></span> <span class='ocrx_word' id='word_1_716' title='bbox 3473 3519 3647 3590; x_wconf 78' lang='grc' dir='ltr'>μέσου</span> <span class='ocrx_word' id='word_1_717' title='bbox 3666 3537 3683 3552; x_wconf 68' lang='grc' dir='ltr'><strong>ι</strong></span> <span class='ocrx_word' id='word_1_718' title='bbox 3713 3520 3875 3591; x_wconf 78' lang='grc' dir='ltr'>ὑμεῖς</span> 
     </span>
    </p>
   </div>
   <div class='ocr_carea' id='block_1_95' title="bbox 2285 3602 3873 3680">
    <p class='ocr_par' dir='ltr' id='par_1_95' title="bbox 2285 3602 3873 3680">
     <span class='ocr_line' id='line_1_95' title="bbox 2285 3602 3873 3680; baseline 0.001 -20"><span class='ocrx_word' id='word_1_719' title='bbox 2285 3607 2342 3661; x_wconf 83' lang='grc' dir='ltr'><strong>δέ</strong></span> <span class='ocrx_word' id='word_1_720' title='bbox 2371 3608 2748 3680; x_wconf 86' lang='grc' dir='ltr'>προσαγάγετε</span> <span class='ocrx_word' id='word_1_721' title='bbox 2774 3602 2898 3671; x_wconf 82' lang='grc' dir='ltr'>ὦδε,</span> <span class='ocrx_word' id='word_1_722' title='bbox 2921 3608 3027 3660; x_wconf 72' lang='grc' dir='ltr'>υἱοὶ</span> <span class='ocrx_word' id='word_1_723' title='bbox 3050 3606 3263 3677; x_wconf 80' lang='grc' dir='ltr'>ἄνομοι,</span> <span class='ocrx_word' id='word_1_724' title='bbox 3293 3608 3516 3678; x_wconf 77' lang='grc' dir='ltr'>σπέρμα</span> <span class='ocrx_word' id='word_1_725' title='bbox 3545 3607 3755 3678; x_wconf 79' lang='grc' dir='ltr'>μοιχῶν</span> <span class='ocrx_word' id='word_1_726' title='bbox 3778 3610 3873 3662; x_wconf 83' lang='grc' dir='ltr'>καὶ</span> 
     </span>
    </p>
   </div>
   <div class='ocr_carea' id='block_1_96' title="bbox 2285 3699 3871 3773">
    <p class='ocr_par' dir='ltr' id='par_1_96' title="bbox 2285 3699 3871 3773">
     <span class='ocr_line' id='line_1_96' title="bbox 2285 3699 3871 3773; baseline -0.001 -19"><span class='ocrx_word' id='word_1_727' title='bbox 2285 3701 2510 3773; x_wconf 86' lang='grc' dir='ltr'>πόρνης.</span> <span class='ocrx_word' id='word_1_728' title='bbox 2556 3701 2646 3754; x_wconf 87' lang='grc' dir='ltr'><strong>Ἐν</strong></span> <span class='ocrx_word' id='word_1_729' title='bbox 2679 3699 2784 3754; x_wconf 84' lang='grc' dir='ltr'>τίνι</span> <span class='ocrx_word' id='word_1_730' title='bbox 2836 3701 3275 3771; x_wconf 82' lang='grc' dir='ltr'>ἐνετρυφήσατε;</span> <span class='ocrx_word' id='word_1_731' title='bbox 3306 3700 3400 3753; x_wconf 73' lang='grc' dir='ltr'>καὶ</span> <span class='ocrx_word' id='word_1_732' title='bbox 3440 3700 3533 3752; x_wconf 77' lang='grc' dir='ltr'>ἐπὶ</span> <span class='ocrx_word' id='word_1_733' title='bbox 3574 3699 3701 3753; x_wconf 84' lang='grc' dir='ltr'>τίνα</span> <span class='ocrx_word' id='word_1_734' title='bbox 3721 3699 3871 3770; x_wconf 76' lang='grc' dir='ltr'>ἠνοί-</span> 
     </span>
    </p>
   </div>
   <div class='ocr_carea' id='block_1_97' title="bbox 2286 3789 3872 3862">
    <p class='ocr_par' dir='ltr' id='par_1_97' title="bbox 2286 3789 3872 3862">
     <span class='ocr_line' id='line_1_97' title="bbox 2286 3789 3872 3862; baseline -0.002 -16"><span class='ocrx_word' id='word_1_735' title='bbox 2286 3789 2412 3857; x_wconf 82' lang='grc' dir='ltr'>ξατε</span> <span class='ocrx_word' id='word_1_736' title='bbox 2457 3792 2518 3845; x_wconf 83' lang='grc' dir='ltr'>τὸ</span> <span class='ocrx_word' id='word_1_737' title='bbox 2570 3792 2744 3862; x_wconf 88' lang='grc' dir='ltr'>στόμα</span> <span class='ocrx_word' id='word_1_738' title='bbox 2778 3790 2973 3862; x_wconf 83' lang='grc' dir='ltr'><strong>ὑμῶν;</strong></span> <span class='ocrx_word' id='word_1_739' title='bbox 3020 3789 3114 3844; x_wconf 73' lang='grc' dir='ltr'><strong>καὶ</strong></span> <span class='ocrx_word' id='word_1_740' title='bbox 3143 3791 3239 3843; x_wconf 77' lang='grc' dir='ltr'>ἐπὶ</span> <span class='ocrx_word' id='word_1_741' title='bbox 3278 3790 3401 3844; x_wconf 84' lang='grc' dir='ltr'>τίνα</span> <span class='ocrx_word' id='word_1_742' title='bbox 3428 3789 3735 3861; x_wconf 80' lang='grc' dir='ltr'>ἐχαλάσατε</span> <span class='ocrx_word' id='word_1_743' title='bbox 3773 3789 3872 3861; x_wconf 80' lang='grc' dir='ltr'><strong>τήν</strong></span> 
     </span>
    </p>
   </div>
   <div class='ocr_carea' id='block_1_98' title="bbox 2282 3880 3869 3955">
    <p class='ocr_par' dir='ltr' id='par_1_98' title="bbox 2282 3880 3869 3955">
     <span class='ocr_line' id='line_1_98' title="bbox 2282 3880 3869 3955; baseline -0.001 -18"><span class='ocrx_word' id='word_1_744' title='bbox 2282 3884 2534 3955; x_wconf 82' lang='grc' dir='ltr'>γλῶσσαν</span> <span class='ocrx_word' id='word_1_745' title='bbox 2590 3882 2783 3954; x_wconf 82' lang='grc' dir='ltr'><strong>ὑμῶν;</strong></span> <span class='ocrx_word' id='word_1_746' title='bbox 2818 3882 2930 3953; x_wconf 85' lang='grc' dir='ltr'><strong>Οὐχ</strong></span> <span class='ocrx_word' id='word_1_747' title='bbox 2992 3883 3149 3953; x_wconf 82' lang='grc' dir='ltr'>ὑμεῖς</span> <span class='ocrx_word' id='word_1_748' title='bbox 3197 3883 3321 3934; x_wconf 81' lang='grc' dir='ltr'>ἐστε</span> <span class='ocrx_word' id='word_1_749' title='bbox 3364 3880 3530 3934; x_wconf 79' lang='grc' dir='ltr'>τέκνα</span> <span class='ocrx_word' id='word_1_750' title='bbox 3568 3882 3869 3946; x_wconf 76' lang='grc' dir='ltr'>ἀπωλείας,</span> 
     </span>
    </p>
   </div>
   <div class='ocr_carea' id='block_1_99' title="bbox 2284 3972 3871 4049">
    <p class='ocr_par' dir='ltr' id='par_1_99' title="bbox 2284 3972 3871 4049">
     <span class='ocr_line' id='line_1_99' title="bbox 2284 3972 3871 4049; baseline -0.003 -18"><span class='ocrx_word' id='word_1_751' title='bbox 2284 3978 2505 4049; x_wconf 79' lang='grc' dir='ltr'>σπέρμα</span> <span class='ocrx_word' id='word_1_752' title='bbox 2543 3976 2781 4047; x_wconf 76' lang='grc' dir='ltr'>ἄνομονς</span> <span class='ocrx_word' id='word_1_753' title='bbox 2813 3994 2833 4028; x_wconf 73' lang='grc' dir='ltr'><strong>ι</strong></span> <span class='ocrx_word' id='word_1_754' title='bbox 2883 3976 2941 4028; x_wconf 79' lang='lat'><strong>&#39;0</strong></span> <span class='ocrx_word' id='word_1_755' title='bbox 2968 3973 3203 4046; x_wconf 84' lang='grc' dir='ltr'>Χριστὸς</span> <span class='ocrx_word' id='word_1_756' title='bbox 3232 3973 3329 4027; x_wconf 81' lang='grc' dir='ltr'><strong>τοῦ</strong></span> <span class='ocrx_word' id='word_1_757' title='bbox 3360 3972 3497 4027; x_wconf 83' lang='grc' dir='ltr'>Θεοῦ</span> <span class='ocrx_word' id='word_1_758' title='bbox 3540 3972 3704 4044; x_wconf 83' lang='grc' dir='ltr'>μόνος</span> <span class='ocrx_word' id='word_1_759' title='bbox 3747 3974 3871 4027; x_wconf 82' lang='grc' dir='ltr'>κατ’</span> 
     </span>
    </p>
   </div>
   <div class='ocr_carea' id='block_1_100' title="bbox 2281 4063 3870 4141">
    <p class='ocr_par' dir='ltr' id='par_1_100' title="bbox 2281 4063 3870 4141">
     <span class='ocr_line' id='line_1_100' title="bbox 2281 4063 3870 4141; baseline -0.004 -17"><span class='ocrx_word' id='word_1_760' title='bbox 2281 4068 2538 4141; x_wconf 85' lang='grc' dir='ltr'>ἀλήθειαν</span> <span class='ocrx_word' id='word_1_761' title='bbox 2580 4067 2730 4139; x_wconf 85' lang='grc' dir='ltr'>παρά</span> <span class='ocrx_word' id='word_1_762' title='bbox 2769 4067 2975 4130; x_wconf 87' lang='grc' dir='ltr'>πάντας</span> <span class='ocrx_word' id='word_1_763' title='bbox 3000 4065 3127 4129; x_wconf 79' lang='grc' dir='ltr'>τοὺς</span> <span class='ocrx_word' id='word_1_764' title='bbox 3163 4063 3385 4119; x_wconf 82' lang='grc' dir='ltr'>πώποτε</span> <span class='ocrx_word' id='word_1_765' title='bbox 3415 4064 3870 4136; x_wconf 79' lang='grc' dir='ltr'>χρηματίσαντας</span> 
     </span>
    </p>
   </div>
   <div class='ocr_carea' id='block_1_101' title="bbox 2279 4154 3870 4225">
    <p class='ocr_par' dir='ltr' id='par_1_101' title="bbox 2279 4154 3870 4225">
     <span class='ocr_line' id='line_1_101' title="bbox 2279 4154 3870 4225; baseline -0.003 -13"><span class='ocrx_word' id='word_1_766' title='bbox 2279 4159 2520 4223; x_wconf 88' lang='grc' dir='ltr'>δικαίους</span> <span class='ocrx_word' id='word_1_767' title='bbox 2552 4158 2793 4222; x_wconf 86' lang='grc' dir='ltr'>τοιοῦτος</span> <span class='ocrx_word' id='word_1_768' title='bbox 2817 4155 3192 4211; x_wconf 77' lang='grc' dir='ltr'>ἀναδέδεικται</span> <span class='ocrx_word' id='word_1_769' title='bbox 3209 4172 3223 4185; x_wconf 75' lang='grc' dir='ltr'><strong>ο</strong></span> <span class='ocrx_word' id='word_1_770' title='bbox 3253 4155 3333 4209; x_wconf 84' lang='grc' dir='ltr'>διὸ</span> <span class='ocrx_word' id='word_1_771' title='bbox 3357 4156 3452 4209; x_wconf 75' lang='grc' dir='ltr'>καὶ</span> <span class='ocrx_word' id='word_1_772' title='bbox 3475 4155 3683 4225; x_wconf 84' lang='grc' dir='ltr'>κυρίως</span> <span class='ocrx_word' id='word_1_773' title='bbox 3707 4154 3870 4225; x_wconf 84' lang='grc' dir='ltr'>μόνος</span> 
     </span>
    </p>
   </div>
   <div class='ocr_carea' id='block_1_102' title="bbox 2279 4249 3870 4325">
    <p class='ocr_par' dir='ltr' id='par_1_102' title="bbox 2279 4249 3870 4325">
     <span class='ocr_line' id='line_1_102' title="bbox 2279 4249 3870 4325; baseline -0.004 -17"><span class='ocrx_word' id='word_1_774' title='bbox 2279 4252 2345 4308; x_wconf 81' lang='grc' dir='ltr'>ἂν</span> <span class='ocrx_word' id='word_1_775' title='bbox 2368 4253 2529 4318; x_wconf 79' lang='grc' dir='ltr'>αὐτὸς</span> <span class='ocrx_word' id='word_1_776' title='bbox 2548 4250 2875 4325; x_wconf 78' lang='grc' dir='ltr'>χρηματίζοι</span> <span class='ocrx_word' id='word_1_777' title='bbox 2903 4250 3130 4315; x_wconf 86' lang='grc' dir='ltr'>δίκαιος,</span> <span class='ocrx_word' id='word_1_778' title='bbox 3154 4250 3297 4305; x_wconf 78' lang='grc' dir='ltr'>ὥστε</span> <span class='ocrx_word' id='word_1_779' title='bbox 3329 4250 3459 4323; x_wconf 69' lang='grc' dir='ltr'>περὶ</span> <span class='ocrx_word' id='word_1_780' title='bbox 3490 4249 3657 4305; x_wconf 77' lang='grc' dir='ltr'>αὐτοῦ</span> <span class='ocrx_word' id='word_1_781' title='bbox 3685 4249 3870 4323; x_wconf 65' lang='grc' dir='ltr'>λέχειν</span> 
     </span>
    </p>
   </div>
   <div class='ocr_carea' id='block_1_103' title="bbox 2278 4341 3862 4419">
    <p class='ocr_par' dir='ltr' id='par_1_103' title="bbox 2278 4341 3862 4419">
     <span class='ocr_line' id='line_1_103' title="bbox 2278 4341 3862 4419; baseline -0.004 -19"><span class='ocrx_word' id='word_1_782' title='bbox 2278 4347 2377 4419; x_wconf 75' lang='grc' dir='ltr'>τὴν</span> <span class='ocrx_word' id='word_1_783' title='bbox 2425 4345 2792 4418; x_wconf 83' lang='grc' dir='ltr'>προφητείαν·</span> <span class='ocrx_word' id='word_1_784' title='bbox 2835 4361 2856 4395; x_wconf 76' lang='grc' dir='ltr'><strong>ι</strong></span> <span class='ocrx_word' id='word_1_785' title='bbox 2899 4341 3090 4407; x_wconf 85' lang='grc' dir='ltr'>Ἴδετε,</span> <span class='ocrx_word' id='word_1_786' title='bbox 3138 4343 3215 4407; x_wconf 84' lang='grc' dir='ltr'>ὡς</span> <span class='ocrx_word' id='word_1_787' title='bbox 3245 4343 3273 4396; x_wconf 82' lang='grc' dir='ltr'><strong>ὁ</strong></span> <span class='ocrx_word' id='word_1_788' title='bbox 3303 4341 3507 4406; x_wconf 83' lang='grc' dir='ltr'>δίκαιος</span> <span class='ocrx_word' id='word_1_789' title='bbox 3538 4342 3790 4413; x_wconf 59' lang='lat' dir='ltr'><strong>alpes-av</strong></span> <span class='ocrx_word' id='word_1_790' title='bbox 3841 4362 3862 4393; x_wconf 71' lang='grc' dir='ltr'><strong>ι</strong></span> 
     </span>
    </p>
   </div>
   <div class='ocr_carea' id='block_1_104' title="bbox 2279 4433 3867 4507">
    <p class='ocr_par' dir='ltr' id='par_1_104' title="bbox 2279 4433 3867 4507">
     <span class='ocr_line' id='line_1_104' title="bbox 2279 4433 3867 4507; baseline -0.002 -17"><span class='ocrx_word' id='word_1_791' title='bbox 2279 4436 2386 4490; x_wconf 81' lang='grc' dir='ltr'><strong>ἀπὸ</strong></span> <span class='ocrx_word' id='word_1_792' title='bbox 2409 4438 2553 4502; x_wconf 89' lang='grc' dir='ltr'>τίνος</span> <span class='ocrx_word' id='word_1_793' title='bbox 2602 4437 2659 4490; x_wconf 83' lang='grc' dir='ltr'>δὲ</span> <span class='ocrx_word' id='word_1_794' title='bbox 2688 4436 2922 4507; x_wconf 76' lang='grc' dir='ltr'>αἴρεται,</span> <span class='ocrx_word' id='word_1_795' title='bbox 2978 4434 3231 4506; x_wconf 77' lang='grc' dir='ltr'>ἐπιφέρει</span> <span class='ocrx_word' id='word_1_796' title='bbox 3269 4436 3328 4488; x_wconf 84' lang='grc' dir='ltr'><strong>ἐν</strong></span> <span class='ocrx_word' id='word_1_797' title='bbox 3367 4433 3467 4506; x_wconf 74' lang='grc' dir='ltr'><strong>τῷο</strong></span> <span class='ocrx_word' id='word_1_798' title='bbox 3508 4453 3528 4485; x_wconf 85' lang='grc' dir='ltr'><strong>ι</strong></span> <span class='ocrx_word' id='word_1_799' title='bbox 3578 4434 3713 4488; x_wconf 77' lang='grc' dir='ltr'><strong>Ἀπὸ</strong></span> <span class='ocrx_word' id='word_1_800' title='bbox 3751 4434 3867 4507; x_wconf 73' lang='grc' dir='ltr'><strong>γὰρ</strong></span> 
     </span>
    </p>
   </div>
   <div class='ocr_carea' id='block_1_105' title="bbox 2276 4523 3869 4603">
    <p class='ocr_par' dir='ltr' id='par_1_105' title="bbox 2276 4523 3869 4603">
     <span class='ocr_line' id='line_1_105' title="bbox 2276 4523 3869 4603; baseline -0.001 -20"><span class='ocrx_word' id='word_1_801' title='bbox 2276 4528 2567 4603; x_wconf 79' lang='grc' dir='ltr'>προσώπου</span> <span class='ocrx_word' id='word_1_802' title='bbox 2618 4528 2828 4593; x_wconf 74' lang='grc' dir='ltr'>ἀδικίας</span> <span class='ocrx_word' id='word_1_803' title='bbox 2874 4523 3040 4600; x_wconf 81' lang='grc' dir='ltr'>ἦρται</span> <span class='ocrx_word' id='word_1_804' title='bbox 3084 4528 3113 4580; x_wconf 89' lang='grc' dir='ltr'><strong>ὀ</strong></span> <span class='ocrx_word' id='word_1_805' title='bbox 3144 4526 3353 4590; x_wconf 88' lang='grc' dir='ltr'>δίκαιος</span> <span class='ocrx_word' id='word_1_806' title='bbox 3376 4544 3389 4558; x_wconf 74' lang='grc' dir='ltr'><strong>ο</strong></span> <span class='ocrx_word' id='word_1_807' title='bbox 3421 4545 3441 4579; x_wconf 70' lang='grc' dir='ltr'><strong>ι</strong></span> <span class='ocrx_word' id='word_1_808' title='bbox 3478 4526 3561 4591; x_wconf 88' lang='grc' dir='ltr'><strong>τίς</strong></span> <span class='ocrx_word' id='word_1_809' title='bbox 3608 4526 3668 4580; x_wconf 76' lang='grc' dir='ltr'>δὲ</span> <span class='ocrx_word' id='word_1_810' title='bbox 3707 4528 3802 4581; x_wconf 76' lang='grc' dir='ltr'>καὶ</span> <span class='ocrx_word' id='word_1_811' title='bbox 3837 4530 3869 4581; x_wconf 78' lang='grc' dir='ltr'><strong>ό</strong></span> 
     </span>
    </p>
   </div>
   <div class='ocr_carea' id='block_1_106' title="bbox 2278 4618 3867 4696">
    <p class='ocr_par' dir='ltr' id='par_1_106' title="bbox 2278 4618 3867 4696">
     <span class='ocr_line' id='line_1_106' title="bbox 2278 4618 3867 4696; baseline -0.002 -19"><span class='ocrx_word' id='word_1_812' title='bbox 2278 4624 2445 4696; x_wconf 85' lang='grc' dir='ltr'>αίρων</span> <span class='ocrx_word' id='word_1_813' title='bbox 2471 4622 2634 4676; x_wconf 78' lang='grc' dir='ltr'>αὐτὸν</span> <span class='ocrx_word' id='word_1_814' title='bbox 2663 4620 2829 4676; x_wconf 82' lang='grc' dir='ltr'>αὑτοῦ</span> <span class='ocrx_word' id='word_1_815' title='bbox 2863 4619 3010 4673; x_wconf 78' lang='grc' dir='ltr'>εστιν</span> <span class='ocrx_word' id='word_1_816' title='bbox 3039 4619 3269 4674; x_wconf 80' lang='grc' dir='ltr'>ἀκοῦσαι</span> <span class='ocrx_word' id='word_1_817' title='bbox 3289 4618 3540 4689; x_wconf 80' lang='grc' dir='ltr'>λέγοντος</span> <span class='ocrx_word' id='word_1_818' title='bbox 3561 4637 3576 4652; x_wconf 89' lang='grc'><strong>·</strong></span> <span class='ocrx_word' id='word_1_819' title='bbox 3608 4639 3627 4671; x_wconf 78' lang='grc' dir='ltr'><strong>ι</strong></span> <span class='ocrx_word' id='word_1_820' title='bbox 3672 4620 3867 4686; x_wconf 74' lang='grc' dir='ltr'>Οὐδεὶς</span> 
     </span>
    </p>
   </div>
   <div class='ocr_carea' id='block_1_107' title="bbox 2277 4710 3867 4786">
    <p class='ocr_par' dir='ltr' id='par_1_107' title="bbox 2277 4710 3867 4786">
     <span class='ocr_line' id='line_1_107' title="bbox 2277 4710 3867 4786; baseline -0.001 -19"><span class='ocrx_word' id='word_1_821' title='bbox 2277 4714 2423 4786; x_wconf 79' lang='grc' dir='ltr'>αἴρει</span> <span class='ocrx_word' id='word_1_822' title='bbox 2450 4715 2549 4786; x_wconf 82' lang='grc' dir='ltr'>τὴν</span> <span class='ocrx_word' id='word_1_823' title='bbox 2580 4713 2761 4786; x_wconf 79' lang='grc' dir='ltr'>ψυχήν</span> <span class='ocrx_word' id='word_1_824' title='bbox 2793 4729 2893 4786; x_wconf 87' lang='grc' dir='ltr'><strong>μου</strong></span> <span class='ocrx_word' id='word_1_825' title='bbox 2930 4713 3024 4767; x_wconf 81' lang='grc' dir='ltr'><strong>ἀπ’</strong></span> <span class='ocrx_word' id='word_1_826' title='bbox 3051 4710 3187 4782; x_wconf 84' lang='grc' dir='ltr'>ἐμοῦ</span> <span class='ocrx_word' id='word_1_827' title='bbox 3211 4729 3225 4743; x_wconf 78' lang='grc' dir='ltr'><strong>ο</strong></span> <span class='ocrx_word' id='word_1_828' title='bbox 3258 4710 3508 4777; x_wconf 76' lang='grc' dir='ltr'>ἐξουσίαν</span> <span class='ocrx_word' id='word_1_829' title='bbox 3549 4711 3658 4782; x_wconf 76' lang='grc' dir='ltr'><strong>ἐχω</strong></span> <span class='ocrx_word' id='word_1_830' title='bbox 3690 4712 3867 4766; x_wconf 74' lang='grc' dir='ltr'>θεῖναι</span> 
     </span>
    </p>
   </div>
   <div class='ocr_carea' id='block_1_108' title="bbox 2277 4798 3867 4877">
    <p class='ocr_par' dir='ltr' id='par_1_108' title="bbox 2277 4798 3867 4877">
     <span class='ocr_line' id='line_1_108' title="bbox 2277 4798 3867 4877; baseline -0.001 -18"><span class='ocrx_word' id='word_1_831' title='bbox 2277 4805 2468 4877; x_wconf 81' lang='grc' dir='ltr'>αὐτὴν,</span> <span class='ocrx_word' id='word_1_832' title='bbox 2503 4804 2598 4860; x_wconf 72' lang='grc' dir='ltr'>καὶ</span> <span class='ocrx_word' id='word_1_833' title='bbox 2626 4803 2786 4859; x_wconf 91' lang='grc' dir='ltr'>πάλιν</span> <span class='ocrx_word' id='word_1_834' title='bbox 2810 4802 3060 4869; x_wconf 82' lang='grc' dir='ltr'>ἐξουσίαν</span> <span class='ocrx_word' id='word_1_835' title='bbox 3097 4801 3207 4873; x_wconf 71' lang='grc' dir='ltr'>ἔχω</span> <span class='ocrx_word' id='word_1_836' title='bbox 3233 4801 3418 4856; x_wconf 81' lang='grc' dir='ltr'>λαϐεῖν</span> <span class='ocrx_word' id='word_1_837' title='bbox 3444 4803 3637 4872; x_wconf 79' lang='grc' dir='ltr'>αὐτήν.</span> <span class='ocrx_word' id='word_1_838' title='bbox 3671 4823 3692 4855; x_wconf 74' lang='grc' dir='ltr'><strong>ι</strong></span> <span class='ocrx_word' id='word_1_839' title='bbox 3726 4798 3867 4857; x_wconf 81' lang='grc' dir='ltr'>Εἶτά</span> 
     </span>
    </p>
   </div>
   <div class='ocr_carea' id='block_1_109' title="bbox 2278 4896 3866 4973">
    <p class='ocr_par' dir='ltr' id='par_1_109' title="bbox 2278 4896 3866 4973">
     <span class='ocr_line' id='line_1_109' title="bbox 2278 4896 3866 4973; baseline 0 -22"><span class='ocrx_word' id='word_1_840' title='bbox 2278 4916 2442 4972; x_wconf 80' lang='grc' dir='ltr'>φησιν</span> <span class='ocrx_word' id='word_1_841' title='bbox 2466 4911 2482 4927; x_wconf 79' lang='grc'><em>⁴</em></span> <span class='ocrx_word' id='word_1_842' title='bbox 2512 4917 2532 4949; x_wconf 82' lang='grc' dir='ltr'><strong>ι</strong></span> <span class='ocrx_word' id='word_1_843' title='bbox 2581 4899 2671 4953; x_wconf 86' lang='grc' dir='ltr'>Ἐν</span> <span class='ocrx_word' id='word_1_844' title='bbox 2696 4900 2891 4973; x_wconf 81' lang='grc' dir='ltr'>εἰρήνῃ</span> <span class='ocrx_word' id='word_1_845' title='bbox 2917 4902 2949 4971; x_wconf 79' lang='grc' dir='ltr'><strong>ἡ</strong></span> <span class='ocrx_word' id='word_1_846' title='bbox 2979 4897 3123 4971; x_wconf 82' lang='grc' dir='ltr'>ταφὴ</span> <span class='ocrx_word' id='word_1_847' title='bbox 3146 4896 3334 4952; x_wconf 79' lang='grc' dir='ltr'>αὐτοῦ.</span> <span class='ocrx_word' id='word_1_848' title='bbox 3367 4915 3389 4948; x_wconf 86' lang='grc'><strong>›</strong></span> <span class='ocrx_word' id='word_1_849' title='bbox 3424 4896 3594 4950; x_wconf 84' lang='grc' dir='ltr'>Ἔνθα</span> <span class='ocrx_word' id='word_1_850' title='bbox 3622 4913 3866 4968; x_wconf 85' lang='grc' dir='ltr'>σημειω-</span> 
     </span>
    </p>
   </div>
   <div class='ocr_carea' id='block_1_110' title="bbox 2273 4988 3864 5067">
    <p class='ocr_par' dir='ltr' id='par_1_110' title="bbox 2273 4988 3864 5067">
     <span class='ocr_line' id='line_1_110' title="bbox 2273 4988 3864 5067; baseline -0.001 -20"><span class='ocrx_word' id='word_1_851' title='bbox 2273 4994 2417 5058; x_wconf 79' lang='grc' dir='ltr'>τέον,</span> <span class='ocrx_word' id='word_1_852' title='bbox 2445 4995 2527 5047; x_wconf 83' lang='grc' dir='ltr'>ὅτι</span> <span class='ocrx_word' id='word_1_853' title='bbox 2554 4993 2616 5049; x_wconf 85' lang='grc' dir='ltr'>οὐ</span> <span class='ocrx_word' id='word_1_854' title='bbox 2649 4994 2810 5065; x_wconf 89' lang='grc' dir='ltr'>μόνον</span> <span class='ocrx_word' id='word_1_855' title='bbox 2838 4993 3071 5067; x_wconf 68' lang='grc' dir='ltr'>τάσπερὶ</span> <span class='ocrx_word' id='word_1_856' title='bbox 3097 4991 3195 5045; x_wconf 84' lang='grc' dir='ltr'><strong>τοῦ</strong></span> <span class='ocrx_word' id='word_1_857' title='bbox 3219 4990 3475 5053; x_wconf 84' lang='grc' dir='ltr'>θανάτου,</span> <span class='ocrx_word' id='word_1_858' title='bbox 3506 4988 3645 5043; x_wconf 83' lang='grc' dir='ltr'>ἀλλὰ</span> <span class='ocrx_word' id='word_1_859' title='bbox 3676 4989 3864 5045; x_wconf 76' lang='grc' dir='ltr'>καὶτὰ</span> 
     </span>
    </p>
   </div>
   <div class='ocr_carea' id='block_1_111' title="bbox 2277 5083 3863 5160">
    <p class='ocr_par' dir='ltr' id='par_1_111' title="bbox 2277 5083 3863 5160">
     <span class='ocr_line' id='line_1_111' title="bbox 2277 5083 3863 5160; baseline -0.004 -19"><span class='ocrx_word' id='word_1_860' title='bbox 2277 5088 2524 5160; x_wconf 73' lang='grc' dir='ltr'>περὶτῆς</span> <span class='ocrx_word' id='word_1_861' title='bbox 2552 5088 2731 5158; x_wconf 82' lang='grc' dir='ltr'>ταφῆς</span> <span class='ocrx_word' id='word_1_862' title='bbox 2756 5085 2920 5141; x_wconf 84' lang='grc' dir='ltr'>αὐτοῦ</span> <span class='ocrx_word' id='word_1_863' title='bbox 2943 5088 2977 5158; x_wconf 90' lang='grc' dir='ltr'><strong>ή</strong></span> <span class='ocrx_word' id='word_1_864' title='bbox 3007 5084 3319 5159; x_wconf 84' lang='grc' dir='ltr'>προφητικὴ</span> <span class='ocrx_word' id='word_1_865' title='bbox 3345 5084 3603 5157; x_wconf 83' lang='grc' dir='ltr'>σημαίνει</span> <span class='ocrx_word' id='word_1_866' title='bbox 3626 5083 3825 5156; x_wconf 74' lang='grc' dir='ltr'>Γραφή</span> <span class='ocrx_word' id='word_1_867' title='bbox 3845 5101 3863 5116; x_wconf 79' lang='grc' dir='ltr'><strong>ο</strong></span> 
     </span>
    </p>
   </div>
   <div class='ocr_carea' id='block_1_112' title="bbox 2273 5177 3862 5252">
    <p class='ocr_par' dir='ltr' id='par_1_112' title="bbox 2273 5177 3862 5252">
     <span class='ocr_line' id='line_1_112' title="bbox 2273 5177 3862 5252; baseline -0.002 -19"><span class='ocrx_word' id='word_1_868' title='bbox 2273 5179 2509 5234; x_wconf 82' lang='grc' dir='ltr'>ὃθεν“κα“ι</span> <span class='ocrx_word' id='word_1_869' title='bbox 2535 5180 2564 5232; x_wconf 82' lang='grc' dir='ltr'><strong>ὁ</strong></span> <span class='ocrx_word' id='word_1_870' title='bbox 2593 5180 2736 5252; x_wconf 72' lang='grc' dir='ltr'>ἱερὸς</span> <span class='ocrx_word' id='word_1_871' title='bbox 2766 5177 3087 5244; x_wconf 81' lang='grc' dir='ltr'>Ἀπόστολος</span> <span class='ocrx_word' id='word_1_872' title='bbox 3108 5177 3338 5251; x_wconf 86' lang='grc' dir='ltr'>γράφων</span> <span class='ocrx_word' id='word_1_873' title='bbox 3353 5177 3667 5250; x_wconf 85' lang='grc' dir='ltr'>Κορινθίοις</span> <span class='ocrx_word' id='word_1_874' title='bbox 3689 5177 3827 5249; x_wconf 75' lang='grc' dir='ltr'>φησί</span> <span class='ocrx_word' id='word_1_875' title='bbox 3843 5194 3862 5208; x_wconf 88' lang='grc'><strong>·</strong></span> 
     </span>
    </p>
   </div>
   <div class='ocr_carea' id='block_1_113' title="bbox 2280 5269 3865 5345">
    <p class='ocr_par' dir='ltr' id='par_1_113' title="bbox 2280 5269 3865 5345">
     <span class='ocr_line' id='line_1_113' title="bbox 2280 5269 3865 5345; baseline -0.001 -21"><span class='ocrx_word' id='word_1_876' title='bbox 2280 5291 2299 5324; x_wconf 81' lang='grc' dir='ltr'><strong>ι</strong></span> <span class='ocrx_word' id='word_1_877' title='bbox 2338 5273 2637 5345; x_wconf 82' lang='grc' dir='ltr'>Παρὲδωκα</span> <span class='ocrx_word' id='word_1_878' title='bbox 2669 5269 2778 5344; x_wconf 80' lang='grc' dir='ltr'><strong>γάρ</strong></span> <span class='ocrx_word' id='word_1_879' title='bbox 2810 5271 2939 5342; x_wconf 81' lang='grc' dir='ltr'>ὑμῖν</span> <span class='ocrx_word' id='word_1_880' title='bbox 2969 5272 3028 5325; x_wconf 81' lang='grc' dir='ltr'><strong>ἐν</strong></span> <span class='ocrx_word' id='word_1_881' title='bbox 3055 5269 3314 5343; x_wconf 85' lang='grc' dir='ltr'>πρώτοις,</span> <span class='ocrx_word' id='word_1_882' title='bbox 3341 5270 3372 5325; x_wconf 79' lang='grc' dir='ltr'><strong>ὃ</strong></span> <span class='ocrx_word' id='word_1_883' title='bbox 3394 5270 3491 5324; x_wconf 77' lang='grc' dir='ltr'>καὶ</span> <span class='ocrx_word' id='word_1_884' title='bbox 3522 5269 3865 5341; x_wconf 77' lang='grc' dir='ltr'>παρέλαὸον,</span> 
     </span>
    </p>
   </div>
   <div class='ocr_carea' id='block_1_114' title="bbox 2272 5360 3869 5434">
    <p class='ocr_par' dir='ltr' id='par_1_114' title="bbox 2272 5360 3869 5434">
     <span class='ocr_line' id='line_1_114' title="bbox 2272 5360 3869 5434; baseline -0.002 -18"><span class='ocrx_word' id='word_1_885' title='bbox 2272 5363 2355 5417; x_wconf 83' lang='grc' dir='ltr'>ὅτι</span> <span class='ocrx_word' id='word_1_886' title='bbox 2378 5362 2612 5434; x_wconf 72' lang='grc' dir='ltr'>Χριστὸς</span> <span class='ocrx_word' id='word_1_887' title='bbox 2640 5361 2911 5416; x_wconf 79' lang='grc' dir='ltr'>ἀπέθανεν</span> <span class='ocrx_word' id='word_1_888' title='bbox 2937 5361 3080 5433; x_wconf 80' lang='grc' dir='ltr'>ὑπὲρ</span> <span class='ocrx_word' id='word_1_889' title='bbox 3096 5360 3206 5415; x_wconf 85' lang='grc' dir='ltr'><strong>τῶν</strong></span> <span class='ocrx_word' id='word_1_890' title='bbox 3226 5360 3509 5434; x_wconf 76' lang='grc' dir='ltr'>άμαρτιιῖιν</span> <span class='ocrx_word' id='word_1_891' title='bbox 3534 5360 3695 5433; x_wconf 79' lang='grc' dir='ltr'>ἡμῶν</span> <span class='ocrx_word' id='word_1_892' title='bbox 3714 5360 3869 5414; x_wconf 68' lang='grc' dir='ltr'>κατὰ</span> 
     </span>
    </p>
   </div>
   <div class='ocr_carea' id='block_1_115' title="bbox 2270 5452 3865 5527">
    <p class='ocr_par' dir='ltr' id='par_1_115' title="bbox 2270 5452 3865 5527">
     <span class='ocr_line' id='line_1_115' title="bbox 2270 5452 3865 5527; baseline 0.001 -20"><span class='ocrx_word' id='word_1_893' title='bbox 2270 5455 2370 5518; x_wconf 84' lang='grc' dir='ltr'><strong>τάς</strong></span> <span class='ocrx_word' id='word_1_894' title='bbox 2415 5454 2666 5526; x_wconf 81' lang='grc' dir='ltr'>Γραφάς,</span> <span class='ocrx_word' id='word_1_895' title='bbox 2695 5456 2791 5510; x_wconf 72' lang='grc' dir='ltr'>καὶ</span> <span class='ocrx_word' id='word_1_896' title='bbox 2829 5457 2912 5511; x_wconf 83' lang='grc' dir='ltr'>ὃτι</span> <span class='ocrx_word' id='word_1_897' title='bbox 2958 5456 3152 5527; x_wconf 86' lang='grc' dir='ltr'>ἐτάφη.</span> <span class='ocrx_word' id='word_1_898' title='bbox 3188 5473 3208 5508; x_wconf 75' lang='grc' dir='ltr'><strong>ι</strong></span> <span class='ocrx_word' id='word_1_899' title='bbox 3239 5453 3404 5518; x_wconf 88' lang='grc' dir='ltr'>Ποίας</span> <span class='ocrx_word' id='word_1_900' title='bbox 3443 5453 3503 5508; x_wconf 82' lang='grc' dir='ltr'><strong>δέ</strong></span> <span class='ocrx_word' id='word_1_901' title='bbox 3544 5452 3792 5527; x_wconf 76' lang='grc' dir='ltr'>Γραφὰς,</span> <span class='ocrx_word' id='word_1_902' title='bbox 3825 5452 3865 5522; x_wconf 68' lang='grc' dir='ltr'><strong>ἢ</strong></span> 
     </span>
    </p>
   </div>
   <div class='ocr_carea' id='block_1_116' title="bbox 2270 5546 3865 5621">
    <p class='ocr_par' dir='ltr' id='par_1_116' title="bbox 2270 5546 3865 5621">
     <span class='ocr_line' id='line_1_116' title="bbox 2270 5546 3865 5621; baseline 0.003 -22"><span class='ocrx_word' id='word_1_903' title='bbox 2270 5546 2369 5610; x_wconf 83' lang='grc' dir='ltr'>τὰς</span> <span class='ocrx_word' id='word_1_904' title='bbox 2388 5546 2721 5614; x_wconf 75' lang='grc' dir='ltr'>φασκούσαςο</span> <span class='ocrx_word' id='word_1_905' title='bbox 2749 5566 2769 5598; x_wconf 84' lang='grc' dir='ltr'><strong>ι</strong></span> <span class='ocrx_word' id='word_1_906' title='bbox 2791 5547 2926 5602; x_wconf 78' lang='grc' dir='ltr'>Ἀπὸ</span> <span class='ocrx_word' id='word_1_907' title='bbox 2944 5546 3053 5601; x_wconf 84' lang='grc' dir='ltr'><strong>τῶν</strong></span> <span class='ocrx_word' id='word_1_908' title='bbox 3068 5548 3307 5619; x_wconf 79' lang='grc' dir='ltr'>ἀνομιῶν</span> <span class='ocrx_word' id='word_1_909' title='bbox 3327 5547 3421 5604; x_wconf 87' lang='grc' dir='ltr'><strong>τοῦ</strong></span> <span class='ocrx_word' id='word_1_910' title='bbox 3432 5547 3565 5603; x_wconf 85' lang='grc' dir='ltr'>λαοῦ</span> <span class='ocrx_word' id='word_1_911' title='bbox 3597 5565 3699 5621; x_wconf 82' lang='grc' dir='ltr'><strong>μου</strong></span> <span class='ocrx_word' id='word_1_912' title='bbox 3714 5547 3865 5618; x_wconf 74' lang='grc' dir='ltr'>ἤχθη</span> 
     </span>
    </p>
   </div>
   <div class='ocr_carea' id='block_1_117' title="bbox 2270 5638 3868 5714">
    <p class='ocr_par' dir='ltr' id='par_1_117' title="bbox 2270 5638 3868 5714">
     <span class='ocr_line' id='line_1_117' title="bbox 2270 5638 3868 5714; baseline 0.004 -24"><span class='ocrx_word' id='word_1_913' title='bbox 2270 5640 2351 5704; x_wconf 84' lang='grc' dir='ltr'><strong>εἰς</strong></span> <span class='ocrx_word' id='word_1_914' title='bbox 2379 5638 2627 5704; x_wconf 89' lang='grc' dir='ltr'>θάνατον,</span> <span class='ocrx_word' id='word_1_915' title='bbox 2661 5640 2756 5694; x_wconf 74' lang='grc' dir='ltr'>καὶ</span> <span class='ocrx_word' id='word_1_916' title='bbox 2779 5641 2838 5694; x_wconf 86' lang='grc' dir='ltr'><strong>ἐν</strong></span> <span class='ocrx_word' id='word_1_917' title='bbox 2862 5640 3052 5713; x_wconf 77' lang='grc' dir='ltr'>εἰρήνῃ</span> <span class='ocrx_word' id='word_1_918' title='bbox 3080 5641 3115 5708; x_wconf 79' lang='grc' dir='ltr'><strong>ἠ</strong></span> <span class='ocrx_word' id='word_1_919' title='bbox 3135 5641 3280 5714; x_wconf 82' lang='grc' dir='ltr'>ταφὴ</span> <span class='ocrx_word' id='word_1_920' title='bbox 3297 5641 3501 5709; x_wconf 74' lang='grc' dir='ltr'>αὐτοῦς</span> <span class='ocrx_word' id='word_1_921' title='bbox 3541 5659 3561 5694; x_wconf 77' lang='grc' dir='ltr'><strong>ι</strong></span> <span class='ocrx_word' id='word_1_922' title='bbox 3592 5641 3670 5696; x_wconf 79' lang='grc' dir='ltr'><strong>Οὐ</strong></span> <span class='ocrx_word' id='word_1_923' title='bbox 3694 5640 3868 5713; x_wconf 62' lang='grc' dir='ltr'>μόνως</span> 
     </span>
    </p>
   </div>
   <div class='ocr_carea' id='block_1_118' title="bbox 1218 5792 2183 5866">
    <p class='ocr_par' dir='ltr' id='par_1_118' title="bbox 1218 5792 2183 5861">
     <span class='ocr_line' id='line_1_118' title="bbox 1218 5792 2183 5861; baseline 0.001 -14"><span class='ocrx_word' id='word_1_924' title='bbox 1218 5797 1238 5825; x_wconf 83' lang='grc'>¹</span> <span class='ocrx_word' id='word_1_925' title='bbox 1272 5792 1416 5849; x_wconf 80' lang='lat' dir='ltr'><strong>Psal.</strong></span> <span class='ocrx_word' id='word_1_926' title='bbox 1451 5809 1597 5860; x_wconf 76' lang='lat' dir='ltr'><strong>ml,</strong></span> <span class='ocrx_word' id='word_1_927' title='bbox 1633 5794 1722 5851; x_wconf 67' lang='grc'><strong>43.</strong></span> <span class='ocrx_word' id='word_1_928' title='bbox 1802 5795 1822 5827; x_wconf 82' lang='grc'>⁸</span> <span class='ocrx_word' id='word_1_929' title='bbox 1863 5796 1966 5852; x_wconf 82' lang='lat' dir='ltr'><strong>lsa.</strong></span> <span class='ocrx_word' id='word_1_930' title='bbox 2001 5810 2141 5861; x_wconf 76' lang='lat' dir='ltr'><strong>trn,</strong></span> <span class='ocrx_word' id='word_1_931' title='bbox 2181 5818 2183 5826; x_wconf 61' lang='grc' dir='ltr'><strong>ι</strong></span> 
     </span>
    </p>
   </div>
   <div class='ocr_carea' id='block_1_119' title="bbox 2291 5792 3449 5866">
    <p class='ocr_par' dir='ltr' id='par_1_119' title="bbox 2291 5794 3449 5866">
     <span class='ocr_line' id='line_1_119' title="bbox 2291 5794 3449 5866; baseline 0.004 -16"><span class='ocrx_word' id='word_1_932' title='bbox 2291 5839 2296 5850; x_wconf 88' lang='grc'>.</span> <span class='ocrx_word' id='word_1_933' title='bbox 2376 5796 2394 5826; x_wconf 78' lang='grc'><strong>⁸</strong></span> <span class='ocrx_word' id='word_1_934' title='bbox 2425 5795 2581 5852; x_wconf 80' lang='lat' dir='ltr'><strong>Joan.</strong></span> <span class='ocrx_word' id='word_1_935' title='bbox 2612 5814 2687 5864; x_wconf 70' lang='grc' dir='ltr'>ι,</span> <span class='ocrx_word' id='word_1_936' title='bbox 2724 5798 2808 5854; x_wconf 83' lang='grc'><strong>18.</strong></span> <span class='ocrx_word' id='word_1_937' title='bbox 2885 5798 2907 5830; x_wconf 86' lang='grc'><strong><em>⁸</em></strong></span> <span class='ocrx_word' id='word_1_938' title='bbox 2949 5794 3127 5854; x_wconf 89' lang='lat' dir='ltr'><strong>lCor.</strong></span> <span class='ocrx_word' id='word_1_939' title='bbox 3164 5815 3253 5865; x_wconf 79' lang='lat' dir='ltr'><strong>xv,</strong></span> <span class='ocrx_word' id='word_1_940' title='bbox 3293 5799 3361 5866; x_wconf 81' lang='lat'><strong>5,</strong></span> <span class='ocrx_word' id='word_1_941' title='bbox 3392 5799 3449 5855; x_wconf 68' lang='grc'><strong>4.</strong></span> 
     </span>
    </p>
   </div>
  </div>
