4070 6464
250 326 386 382 1253

1275 321 1569 379 εειοϐίε
1608 318 2088 378 ΡΗΟΡΠΕΤΙΟᾸΞ.
2131 351 2202 363 —-
2238 322 2370 379 LIB.
2411 322 2525 394 Νη

3376 331 3515 391 ιεει

243 440 302 495 Bt
322 442 355 495 ό
386 437 780 512 προειρημένος
809 438 938 509 ἡμῖν
968 438 1172 502 δίκαιος
1203 432 1368 511 ἦρται
1409 443 1474 495 ἐκ
1511 440 1676 513 μέσου
1717 440 1819 495 ἀδι-

1937 438 2150 497 ablatus
2179 452 2265 499 est
2338 444 2553 502 medeio
2580 445 2910 517 iniquitatis,
2961 448 3055 505 sed
3091 457 3145 505 et
3178 466 3198 500 ι
3227 449 3328 505 viri
3352 450 3516 521 justi,

244 531 393 595 κίας,
435 528 575 584 ἀλλά
619 529 713 583 καὶ
748 548 767 581 ι
817 528 1009 601 ἄνδρες
1047 527 1268 595 δίκαιοι,
1309 548 1327 581 ι
1366 531 1553 602 φησιν,
1590 548 1608 581 ι
1647 531 1828 603 αἴρον-

240 640 356 687 ται,
396 641 415 675 ι
442 622 493 675 οἳ
526 623 621 676 καὶ
647 622 799 675 αὐτοὶ⁸
824 617 933 674 εἷεν
959 620 1025 674 ἂν
1057 621 1106 674 οἱ
1139 621 1275 693 ἱεροὶ
1304 622 1399 676 τοῦ
1426 621 1664 694 Χριστοῦ
1692 623 1828 676 ἀπό·

241 714 442 775 στολοι,
468 713 561 769 καὶ
596 714 648 766 οἱ
691 712 982 783 θαυμάσιοι
1023 706 1184 765 αὐτοῦ
1217 713 1511 785 μάρτυρες,
1545 714 1595 766 oi
1625 716 1825 786 μετοχῇ

238 810 344 881 ⁴τῆς
393 807 561 863 αὑτοῦ
605 806 949 879 δικαιοσύνης
982 807 1185 861 δίκαιοι
1231 806 1325 860 καὶ
1369 806 1523 861 αὐτοὶ
1554 807 1830 880 χρηματί-

239 900 427 966 ζοντες
449 918 463 932 ο
489 900 721 955 ’τούτων
777 900 820 954 δ’
869 898 1298 970 ἐπιτελουμένων
1360 898 1533 963 οὐδεὶς
1552 938 1568 961 ,
1627 899 1790 969 φησὶν
1810 937 1827 963 ,

238 994 459 1059 ιϐλεπε,
491 994 584 1050 καὶ
606 994 782 1059 οὐδεὶς
806 992 1074 1056 κατενόει,
1098 992 1206 1046 τῶν
1230 991 1633 1064 παχυνθέντων,
1663 991 1824 1064 δῆλον

234 1086 286 1139 δ’
316 1088 399 1142 ὅτι
423 1088 523 1159 τὴν
547 1085 793 1158 καρδίαν,
813 1084 1039 1139 καὶτῶν
1057 1084 1345 1157 μυσόιντων
1369 1084 1495 1147 τοὺς
1517 1082 1830 1155 ὀφθαλμοὺς

235 1177 338 1233 τοῦ
373 1176 449 1250 μὴ
495 1177 730 1249 βλέπειν,
762 1176 899 1249 πρὸς
953 1173 1047 1239 οὒς
1074 1174 1144 1229 τὰ
1186 1174 1316 1245 ἑξῆς
1352 1173 1453 1244 τῆς
1488 1174 1827 1246 προφητείας

234 1270 480 1341 λέγεται,
509 1271 578 1325 τὰ
608 1271 716 1324 ἀπὸ
746 1268 860 1324 τοῦ·
897 1286 917 1320 ι
969 1268 1157 1340 Ὑμεῖς
1185 1267 1242 1321 δὲ
1285 1267 1669 1339 προσαγάγετε
1700 1260 1825 1334 ὧδε,

235 1364 349 1418 utet
373 1362 583 1435 ἄνομοι,
614 1362 838 1434 σπέρμα
869 1359 1072 1432 μοιχῶν
1097 1361 1192 1414 καὶ
1224 1359 1451 1432 πόρνης.
1488 1377 1508 1410 ι

654 1476 720 1548 (r.
757 1474 844 1544 59)
879 1473 1275 1528 ΚΕΦΑΛΔΙΟΝ
1316 1474 1405 1527 Λν.

319 1587 340 1621 ι
360 1568 472 1623 Kal.
485 1566 881 1639 φοϐηθήσονται
902 1567 950 1618 οί
972 1564 1079 1619 ἀπὸ
1098 1562 1317 1635 δυσμῶν
1332 1562 1392 1617 τὸ
1411 1562 1584 1635 ὄνομα
1594 1562 1826 1635 Κυρίου,

234 1658 337 1713 καὶ
379 1659 428 1711 oi
454 1659 547 1711 ἀπ’
580 1656 855 1711 ἀνατολῶν
878 1656 1029 1729 ἡλίου
1066 1654 1129 1709 τὸ
1158 1654 1330 1725 ὄνομα
1353 1654 1414 1707 τὸ
1442 1652 1653 1719 ἔνδοξον
1668 1670 1681 1682 ⁸
1705 1652 1828 1725 ἥξει

1932 539 2029 601 ait,
2071 535 2417 600 auferuntur,
2450 556 2471 590 ο
2523 541 2618 610 qui
2670 547 2725 597 et
2775 542 2881 612 ipsi
2931 549 3062 597 sunt
3101 543 3277 597 sancti
3309 539 3518 600 Chrisli

1932 630 2189 699 apostoli.
2222 631 2610 702 mirabilesque
2656 633 2776 702 ejus
2810 641 3101 706 martyres,
3152 636 3244 706 qui
3292 635 3520 705 justitiam

1931 720 2053 790 ejus
2083 721 2501 791 participatione
2533 732 2585 779 et
2624 723 2726 795 ipsi
2752 724 2888 793 justi
2920 724 3095 781 ell‘ecti
3130 732 3279 781 sunt.
3309 724 3518 781 llorum
3636 794 3647 805 ’

1931 827 2061 867 vero
2096 811 2463 882 perfectorum
2506 815 2715 879 nullus,
2750 817 2846 881 ait,
2893 816 3049 880 vidit,
3087 818 3383 888 nullusque
3424 833 3515 874 re-

1932 905 2142 975 putavit
2194 913 2420 976 propter
2465 906 2652 962 cordis
2703 910 3153 972 erassitudinent,
3193 912 3516 966 oculorum-

1931 1013 2039 1067 que
2067 996 2357 1052 obductam
2398 998 2707 1069 caliginem,
2745 1000 2812 1054 ad
2847 1017 2989 1070 quos
3016 1002 3227 1072 reliqua
3266 1010 3518 1073 spectant

1932 1088 2253 1158 prophetia),
2294 1088 2507 1145 scilicet
2527 1089 2596 1144 ab
2629 1088 2714 1146 his
2750 1090 2934 1147 verbis
2963 1111 2977 1147 :
3010 1111 3030 1143 ι
3060 1090 3171 1148 Vos
3205 1102 3389 1149 autem
3420 1108 3517 1150 ae-

1931 1178 2107 1233 cedite
2130 1177 2257 1243 huc,
2283 1178 2379 1233 ﬁlii
2409 1181 2797 1250 auguratrieis,
2836 1197 3022 1238 semen
3057 1184 3293 1241 adulteri
3319 1197 3375 1241 et
3408 1185 3518 1242 for-

1930 1286 2174 1326 ntcartae.
2208 1289 2228 1323 ι

2502 1466 2734 1523 CAPUT
2774 1468 2943 1525 XXX.

2010 1577 2031 1611 ι
2062 1556 2128 1611 Ει
2157 1556 2461 1623 timebunt,
2497 1560 2591 1630 qui
2625 1560 2696 1615 ab
2724 1561 3015 1616 occidente
3036 1602 3052 1626 ,
3092 1579 3296 1620 nomen
3332 1562 3518 1621 Domi-

1932 1650 1986 1725 ni
2007 1691 2023 1716 ,
2053 1660 2109 1707 et
2142 1653 2234 1722 qui
2265 1653 2335 1707 ab
2356 1662 2477 1708 ortu
2511 1653 2648 1708 solis
2668 1693 2682 1717 ,
2714 1655 2946 1724 gloriam
2975 1656 3116 1721 ejus.
3143 1654 3343 1712 Veniet
3368 1659 3516 1714 enim

235 1752 350 1824 γὰρ
382 1750 458 1814 ὡς
502 1749 742 1822 ποταμὸς
777 1748 951 1820 βίαιος
977 1751 1011 1821 ή
1039 1747 1176 1819 ὀργὴ
1220 1745 1370 1818 παρά
1403 1746 1613 1818 Κυρίου
1634 1786 1649 1811 ,
1703 1744 1819 1818 ἥξει

1934 1745 2092 1816 quasi
2144 1745 2343 1802 ﬂuvius
2399 1747 2675 1802 violentus
2724 1747 2807 1802 ira
2856 1746 3110 1812 Domini,
3157 1750 3341 1806 veniet
3388 1767 3514 1806 cum

239 1814 384 1913 μετά
416 1840 610 1914 θυμοῦ.
644 1814 789 1895 ’Καί
810 1839 930 1911 ἥξει
958 1814 1312 1892 ’ἐνεκεννΣιὼν
1336 1838 1366 1891 ό
1397 1814 1690 1909 ῥυόμενος,
1728 1814 1819 1888 καὶ

1931 1814 2235 1896 iracundia.
2284 1839 2350 1894 Et
2399 1840 2584 1896 veniet
2635 1839 2768 1895 Sion
2809 1840 3144 1912 redemptor,
3194 1851 3249 1898 et
3294 1844 3378 1899 eis
3418 1844 3541 1915 qui”

232 1934 569 2006 ἀποστρέψει
615 1933 870 1998 ἀσεϐείας
896 1932 1006 1986 ἀπὸ
1035 1928 1251 1996 Ἰακὼϐ,
1294 1923 1416 1983 εἶπε
1453 1926 1679 2000 Κύριος.
1710 1926 1822 1979 Καὶ

234 2025 378 2097 αῦτη
397 2027 580 2091 αὐτοῖς
607 2028 641 2098 ή
664 2027 793 2098 παρ’
816 2024 949 2098 ἐμοῦ
969 2022 1224 2094 διαθήκη·
1247 2020 1321 2075 Τὸ
1335 2019 1561 2092 Πνεῦμα
1582 2019 1642 2074 τὸ
1664 2019 1819 2091 ὲμδν,

232 2121 265 2173 δ
288 2123 438 2175 ἐστιν
457 2122 551 2174 ἐπὶ
584 2121 686 2183 σοὶ.
715 2120 808 2175 καὶ
826 2119 894 2173 τὰ
918 2120 1138 2190 ῥήματα
1157 2158 1170 2180 ,
1193 2115 1229 2170 ἃ
1256 2115 1436 2170 ἔδωκα
1460 2116 1540 2177 είς
1560 2113 1621 2167 τὸ
1646 2112 1822 2183 στόμα

236 2231 334 2268 σου
352 2255 367 2277 ,
398 2213 460 2268 οὐ
493 2212 565 2286 μὴ
598 2212 825 2287 ἐκλείπῃ
855 2213 921 2265 ὲκ
950 2209 1043 2265 τοῦ
1068 2206 1339 2281 στόματός
1367 2223 1461 2260 σου
1482 2245 1497 2270 ,
1520 2205 1615 2259 καὶ
1636 2206 1702 2258 ὲκ
1727 2202 1821 2257 τοῦ

237 2306 506 2379 στόματος
536 2305 632 2360 τοῦ
666 2304 979 2377 σπέρματός
1009 2320 1100 2357 σου
1126 2342 1141 2363 ,
1164 2295 1286 2355 εἷπε
1318 2297 1523 2369 Κύριος
1543 2336 1558 2361 ,
1587 2294 1695 2349 ἀπὺ
1724 2295 1821 2349 τοῦ

234 2399 334 2453 νῦν
362 2400 457 2453 καὶ
500 2400 579 2463 είς
609 2398 702 2452 τὸν
729 2397 919 2452 αίῶνα.
942 2415 961 2448 ι
1022 2393 1190 2449 Πάλιν
1218 2392 1288 2447 τά
1319 2392 1418 2463 τῆς
1444 2389 1693 2462 κλήσεως
1720 2388 1824 2459 τῆς

234 2492 328 2547 διὰ
355 2493 449 2546 τοῦ
468 2488 896 2562 Σωτῆροςιήμῶν
919 2487 1195 2557 συστάσης
1215 2484 1274 2552 ἐξ
1295 2481 1465 2537 ἐθνῶν
1492 2479 1822 2551 Ἐκκλησίας

236 2582 335 2635 καὶ
360 2580 447 2634 διὰ
474 2578 678 2633 τούτων
705 2579 734 2631 ό
758 2575 916 2647 λόγος
951 2574 1303 2649 προφητεύει.
1352 2572 1509 2636 Τίνες
1538 2570 1649 2641 γάρ
1673 2570 1822 2625 ἄλλοι

236 2669 348 2726 εἷεν
369 2673 418 2726 οί
447 2671 726 2742 λεγόμενοι
761 2688 779 2721 ι
808 2667 918 2724 ἀπὸ
942 2667 1161 2740 δυσμῶν
1182 2708 1196 2733 ,
1224 2685 1243 2718 ι
1277 2665 1311 2737 ἢ
1337 2662 1424 2718 διά
1455 2662 1599 2728 τίνος
1626 2661 1825 2733 εφοϐή-

237 2762 411 2833 θησαν
449 2760 511 2813 τὸ
547 2759 718 2831 ὄνομα
749 2757 956 2829 Κυρίου
984 2756 1056 2810 τὰ
1087 2753 1403 2811 παντοδαπά
1440 2752 1567 2825 ἔθνη
1591 2791 1606 2816 ,
1635 2751 1705 2805 τά
1735 2750 1825 2804 διὰ

232 2852 341 2923 τῆς
375 2851 548 2923 Ἰησοῦ
580 2848 924 2913 διδασκαλίας
954 2847 1353 2918 καταλείψαντα
1383 2845 1479 2918 μὲν
1499 2844 1597 2917 τὴν
1625 2843 1823 2915 προτέ-

238 2962 343 3018 ραν
398 2941 493 2997 τοῦ
526 2942 665 2997 κατά
697 2942 797 3014 τὴν
829 2941 1053 3011 ἀγνοίαν
1087 2939 1313 3002 σκότους
1346 2937 1554 3007 πλάνην
1577 2976 1593 3001 ,
1627 2937 1721 2989 ἐπὶ
1766 2933 1825 2988 δὲ

234 3038 331 3092 τὸν
347 3037 454 3091 τῶν
470 3037 608 3091 ὅλων
627 3036 760 3090 Θεὸν
784 3032 1263 3103 καταπεφευγότα;
1290 3029 1386 3094 Τίς
1402 3028 1448 3082 δ’
1464 3031 1493 3083 ὁ
1519 3025 1671 3099 ἥξειν
1698 3044 1825 3099 προ-

1925 1931 2158 1987 redeunt
2216 1930 2286 1986 ab
2336 1931 2629 2001 iniquitate
2684 1932 2741 1986 in
2791 1931 2963 1988 Jacob
3020 1933 3155 1988 dicit
3208 1933 3512 1993 Dominus:

1926 2020 2042 2077 Hoc
2082 2022 2262 2078 fmdus
2293 2037 2476 2078 meum
2505 2039 2630 2079 cum
2669 2024 2786 2087 eis,
2826 2023 2962 2079 dicit
2999 2024 3301 2083 Dominus:
3340 2025 3518 2099 Spiri—

1924 2126 2014 2173 tus
2045 2132 2234 2182 meus,
2265 2117 2358 2188 qui
2389 2124 2474 2172 est
2504 2119 2559 2172 iu
2593 2125 2647 2173 te
2670 2158 2685 2182 ,
2745 2125 2801 2174 et
2861 2119 3026 2174 verba
3064 2135 3185 2175 mea
3206 2161 3221 2185 ,
3257 2136 3381 2192 qua:
3411 2136 3514 2192 po-

1926 2209 2011 2265 sui
2046 2211 2099 2263 iu
2129 2224 2225 2264 ore
2267 2216 2384 2271 tuo,
2414 2225 2524 2265 non
2571 2209 2826 2265 recedent
2862 2209 3040 2265 deore
3067 2219 3181 2277 tuo,
3217 2222 3272 2267 et
3310 2211 3379 2267 de
3418 2227 3515 2266 ore

1925 2300 2150 2356 seminis
2178 2298 2295 2364 tui,
2328 2306 2384 2354 et
2428 2299 2495 2356 de
2520 2315 2615 2356 ore
2675 2299 2902 2355 seminis
2939 2299 3169 2356 seminis
3216 2300 3333 2365 tui',
3381 2301 3516 2357 dicit

1925 2393 2231 2457 Dominus,
2286 2393 2485 2448 amodo
2536 2401 2591 2448 et
2642 2410 2819 2464 usque
2857 2396 2914 2449 in
2954 2395 3356 2465 sempiternum
3394 2393 3436 2450 ⁸.
3484 2412 3505 2446 ι

1927 2485 2142 2542 Rursus
2190 2486 2259 2542 de
2311 2487 2554 2557 gentium
2610 2487 2918 2552 electione,
2959 2486 3042 2542 vel
3084 2485 3362 2555 Ecclesia,
3413 2502 3515 2558 per

1927 2576 2269 2633 Salvatorem
2303 2586 2553 2633 nostrum
2600 2577 2958 2648 propheticus
2980 2578 3276 2633 annuntiat
3305 2593 3510 2635 sermo.

1925 2668 2162 2736 Quinam
2203 2668 2349 2723 enim
2395 2669 2487 2723 alii
2538 2678 2725 2724 essent
2754 2669 2847 2740 qui
2884 2669 2977 2724 hic
3008 2687 3028 2721 ι
3064 2669 3133 2724 ab
3171 2669 3456 2725 occidente
3487 2689 3507 2723 ι

1923 2769 2212 2825 vocantur,
2264 2762 2350 2817 vel
2400 2762 2757 2832 quamobrem
2810 2777 3010 2816 nomen
3046 2762 3262 2817 Domini
3307 2761 3512 2817 timue-

1926 2855 2036 2908 rint
2068 2854 2252 2910 omnis
2286 2854 2507 2924 generis
2539 2861 2733 2925 gentes
2755 2895 2768 2918 ,
2800 2869 2923 2925 quae
2950 2852 3080 2908 Jesu
3110 2853 3364 2908 doctrina
3397 2852 3514 2925 pri-

1925 2948 2130 3004 stinum
2193 2962 2482 3011 errorem,
2548 2962 2771 3017 suaeque
2833 2946 3160 3018 ignorantiae
3218 2945 3511 3016 caliginem

1925 3041 2202 3110 reliquere
2227 3050 2392 3110 atque
2424 3038 2493 3094 ad
2522 3026 2768 3094 omnium
2805 3039 2974 3095 Deum
3012 3038 3312 3110 confugere
3331 3040 3357 3094 Ἰ
3384 3039 3512 3110 quis

235 3130 606 3202 φητευόμενος
623 3130 687 3182 ἐκ
709 3126 870 3191 Σιὼν,
901 3126 1195 3199 ῥυσόμενος
1222 3124 1313 3178 καί⁵
1335 3120 1694 3194 ἀποστρέψων
1718 3119 1819 3213 τῆς

1925 3141 2107 3187 autem
2157 3140 2427 3187 venturus
2471 3146 2596 3187 esse
2633 3130 3050 3202 prophetizatus
3082 3130 3151 3186 de
3190 3129 3361 3195 Sion,
3413 3130 3510 3201 qui

236 3223 507 3295 προτέρας
535 3220 789 3284 ἀσεϐείας
809 3220 900 3273 τὸν
940 3216 1134 3272 Ἰακὼϐ
1152 3257 1167 3282 ,
1196 3216 1230 3289 ἢ
1256 3217 1286 3269 ό
1315 3215 1486 3269 σῶσαι
1512 3212 1819 3285 παραγενό-

1925 3221 2219 3278 redimeret
2245 3230 2302 3278 et
2333 3237 2361 3277 a
2399 3222 2635 3292 pristina
2668 3222 2961 3292 iniquitate
2991 3221 3283 3278 reduceret
3311 3220 3507 3286 Iacob.

238 3332 399 3386 μενος
419 3314 486 3368 τὰ
510 3311 824 3367 ἀπολωλότα
849 3310 942 3365 καὶ
962 3311 1019 3363 ἐν
1040 3307 1266 3379 ἀσεϐείᾳ
1283 3305 1544 3377 γεγονότα
1567 3304 1819 3376 πρόϐατα

233 3407 386 3462 οἴκου
428 3405 678 3478 Ἰσραὴλ,
719 3399 801 3468 οἷς
844 3400 1194 3474 διαθήσεσθαι
1243 3415 1376 3470 φησι
1407 3398 1469 3451 τὸ
1501 3400 1560 3454 ὲν
1600 3396 1821 3470 Χριστῷ

234 3500 459 3569 Πνεῦμα
477 3499 571 3553 τοῦ
597 3496 734 3552 Θεοῦ
773 3498 989 3569 ῥήματα
1020 3495 1121 3566 τῆς
1146 3493 1366 3548 αἰωνίου
1400 3490 1575 3562 ζωῆς,
1611 3488 1648 3543 ἀ
1668 3489 1825 3543 δέδω-

233 3610 330 3648 κεν
350 3592 379 3644 ὁ
404 3593 592 3665 Πατὴρ
617 3594 698 3657 είς
720 3591 781 3646 τὸ
815 3590 910 3645 τοῦ
932 3587 1065 3643 Υίοῦ
1095 3587 1271 3659 στόμα
1289 3604 1302 3618 ·
1331 3586 1368 3641 ἃ
1398 3584 1491 3639 καί
1517 3600 1650 3654 φησι
1677 3584 1819 3655 μήτε

233 3686 294 3753 ἰξ
333 3685 530 3749 αὑτοῦ,
568 3686 704 3757 μήτε
735 3683 842 3756 μὴν
874 3685 937 3737 ὲκ
971 3680 1065 3736 τοῦ
1093 3680 1358 3752 στόματος
1379 3677 1474 3732 τοῦ
1507 3678 1823 3749 σπέρματος

228 3778 397 3834 αὐτοῦ
425 3778 717 3849 διαλείψειν
750 3777 858 3831 ἀπὸ
889 3774 984 3830 τοῦ
1013 3774 1107 3830 νῦν
1137 3774 1231 3828 καὶ
1263 3774 1344 3836 είς
1370 3772 1462 3826 τὸν
1494 3769 1665 3826 αίῶνα
1690 3770 1820 3841 χρό-

227 3889 360 3937 νον;
390 3870 573 3925 Ταῦτα
602 3871 648 3925 δ’
673 3870 739 3925 ἀν
772 3869 858 3941 εἴη
885 3868 956 3923 τά
984 3870 1206 3942 ῥήματα
1232 3866 1326 3920 τοῦ
1353 3866 1688 3936 Εὐαγγελεου
1718 3867 1822 3938 τῆς

228 3965 441 4037 Καινῆς
471 3963 765 4036 Διαθήκης,
790 3962 848 4025 ἀ,
883 3962 1058 4015 καίτοι
1090 3960 1358 4016 τοσούτων
1394 3960 1817 4015 ἐπιϐουλευσάν-

227 4074 340 4111 των
372 4073 432 4110 τε
464 4056 632 4110 πάλαι
665 4056 759 4111 καὶ
784 4054 864 4109 ἔτι
891 4055 985 4108 νῦν
1018 4053 1478 4108 ἐπιϐουλευόντων
1500 4054 1685 4118 αὐτοῖς
1710 4094 1724 4117 ,
1753 4054 1815 4107 οὐ

227 4150 512 4215 διέλειπεν,
542 4148 663 4204 οὐδὲ
690 4148 796 4222 μὴν
823 4147 1090 4219 ἐπιλείψει
1113 4149 1177 4202 ἐκ
1203 4146 1298 4201 τοῦ
1327 4146 1594 4220 στόματος
1624 4148 1724 4219 τῆς
1750 4149 1816 4201 ὲκ

228 4243 325 4296 τοῦ
346 4241 562 4312 λογικοῦ
582 4244 676 4296 καὶ
694 4241 886 4314 νοητοῦ
916 4241 1228 4313 σπέρματος
1246 4239 1342 4294 τοῦ
1362 4238 1601 4311 Χριστοῦ
1626 4240 1817 4295 συστά-

232 4352 333 4407 σης
377 4335 702 4407 Ἐκκλησίας
722 4352 737 4367 ο
779 4331 899 4389 εἷπε
933 4336 1045 4407 γὰρ
1072 4334 1277 4406 Κύριος
1303 4333 1398 4387 καὶ
1429 4316 1814 4403 ἀποπέφανται

227 4428 324 4483 τοῦ
350 4428 423 4501 μὴ
449 4428 751 4499 ὲξαλείψειν
776 4428 914 4482 αύτά
946 4427 1054 4480 ἀπὸ
1083 4426 1177 4480 τοῦ
1210 4425 1304 4482 νῦν
1327 4427 1423 4480 καὶ
1451 4428 1532 4490 είς
1557 4426 1649 4480 τὸν
1680 4426 1813 4481 αίῶ-

1923 3316 2008 3371 vel
2041 3314 2434 3387 superveniens
2463 3316 2705 3386 perditas
2737 3314 2977 3370 salvaret
3011 3324 3175 3385 atque
3216 3315 3273 3369 in
3317 3316 3512 3386 impie-

1924 3396 2033 3464 tate
2068 3409 2390 3479 provolutas
2424 3424 2555 3465 oves
2584 3409 2783 3464 domus
2822 3408 2991 3464 Israel
3014 3448 3030 3472 ,
3066 3408 3267 3479 quibus
3300 3409 3512 3464 consti-

1925 3508 2172 3556 tuturum
2202 3500 2267 3557 'se
2301 3502 2358 3556 in
2382 3501 2605 3557 Christo
2629 3497 2870 3569 Spiritus
2895 3497 2991 3556 Dei
3024 3499 3315 3570 pollicetur
3342 3499 3510 3555 verba

1925 3594 2049 3649 vitae
2106 3600 2326 3649 aeternae
2354 3634 2370 3658 ,
2402 3609 2525 3665 quae
2565 3592 2717 3649 dedit
2750 3592 2915 3648 Pater
2952 3591 3008 3647 in
3050 3607 3148 3647 ore
3177 3589 3345 3659 Filii;
3388 3607 3512 3664 qua!

1921 3694 1977 3743 et
2005 3687 2139 3741 dicit
2168 3702 2347 3757 neque
2385 3686 2454 3742 de
2492 3702 2588 3742 ore
2630 3686 2751 3756 ejus
2772 3726 2787 3748 ,
2834 3700 3015 3756 neque
3047 3685 3117 3741 de
3148 3699 3245 3740 ore
3277 3684 3510 3740 seminis

1921 3780 2042 3847 ejus
2084 3794 2362 3849 nunquam
2396 3793 2688 3833 recessura
2726 3778 2926 3833 amodo
2952 3785 3008 3834 et
3059 3793 3235 3850 usque
3268 3780 3321 3833 in
3365 3794 3513 3835 sem-

1921 3871 2246 3942 piternum?
2301 3868 2429 3926 Haec
2487 3870 2709 3941 quidem
2763 3878 2949 3925 essent
3000 3871 3168 3926 verba
3227 3870 3509 3941 Evangelii

1919 3964 2057 4019 Novi
2090 3963 2461 4027 Testamenti,
2496 3979 2652 4035 quae,
2690 3964 2792 4019 etsi
2850 3971 2932 4019 tot
2963 3964 3046 4020 eis
3086 3964 3216 4020 olim
3260 3964 3509 4020 insidiati

1921 4061 2031 4116 sint
2059 4068 2113 4115 et
2144 4074 2293 4115 nunc
2322 4074 2500 4130 usque
2537 4058 2905 4127 insidientur,
2934 4072 3219 4129 nunquam
3249 4056 3509 4112 deﬁcient

1919 4167 2097 4222 neque
2162 4149 2421 4206 recedent
2473 4150 2542 4205 de
2589 4164 2686 4205 ore
2750 4149 3037 4205 rationalis
3095 4147 3510 4217 spiritualisque

1920 4243 2150 4300 seminis
2177 4241 2382 4298 Christi
2426 4240 2710 4297 Ecclesiae.
2762 4239 2911 4294 Dixit
2939 4239 3084 4294 enim
3145 4236 3408 4293 Dominus
3451 4244 3509 4291 et

1919 4336 2236 4408 praedicavit
2262 4350 2326 4391 ea
2359 4350 2470 4390 non
2501 4333 2787 4391 defectura
2820 4348 2887 4389 ex
2924 4332 3029 4388 hoc
3059 4347 3209 4387 nunc
3247 4338 3302 4386 et
3329 4344 3508 4400 usque

1918 4430 1973 4484 in
2028 4429 2309 4484 saeculum.
2362 4427 2600 4497 Ideoque
2642 4425 2803 4496 juxta
2842 4424 3107 4481 Joannem
3164 4442 3184 4475 ι
3236 4430 3503 4478 aternum

227 4538 320 4575 ναο
453 4522 547 4575 καί⁵
575 4498 718 4575 κατά
740 4520 832 4574 τὸν
857 4521 1110 4590 Ἰωάννην
1141 4538 1161 4570 ι
1184 4518 1401 4574 αἰώνιον
1425 4518 1760 4588 Εὑαγγέλιον
1787 4539 1805 4571 ι

1923 4521 2275 4592 Evangelium
2325 4520 2503 4575 visum
2559 4528 2645 4575 est
2696 4521 2787 4586 ’,ι
2820 4517 3025 4573 Christi
3077 4516 3290 4571 scilicet
3333 4511 3507 4568 Evan-

224 4613 421 4685 ὁρᾶται
446 4613 509 4666 τὸ
534 4614 628 4667 τοῦ
663 4612 899 4685 Χριστοῦ
930 4612 1280 4681 Εὑαγγέλιον.

732 4705 1131 4760 ΚΕΦΑΛΑΙΟΝ
1184 4706 1313 4759 AA'.

304 4816 326 4851 ι
347 4796 568 4869 Πνεῦμα
595 4798 800 4870 Κυρίου
827 4798 912 4850 ἐπ’
942 4796 1065 4868 ἐμὲ,
1095 4788 1155 4849 οῦ
1181 4796 1366 4850 ἕνεκεν
1393 4796 1578 4868 ἐχρισὲ
1606 4813 1672 4868 με
1692 4813 1707 4829 ’
1743 4797 1811 4865 X

224 4889 431 4962 Κύριος
466 4888 919 4960 εὐαγγελίσασθαι
941 4892 1173 4959 πτωχοῖς
1199 4887 1507 4943 ἀπέσταλκε
1534 4905 1599 4960 με
1616 4930 1631 4953 ,
1657 4889 1812 4942 ἰάσα-

228 4982 354 5038 σθαι
395 4984 524 5048 τοὺς
575 4982 1069 5056 συντετριμμένους
1105 4981 1204 5053 τὴν
1250 4981 1508 5053 καρδίαν,
1573 4981 1809 5054 κηρύξαι

225 5077 591 5151 αἰχμαλώτοις
614 5078 828 5148 ἄφεσιν,
862 5075 956 5130 καὶ
982 5074 1203 5144 τυφλοῖς
1234 5073 1547 5144 ἀνάϐλεψιν,
1583 5076 1809 5130 καλέσαι

220 5170 469 5239 ἐνιαυτὸν
488 5170 695 5242 Κυρίου
710 5169 917 5234 δεκτὸν,
947 5169 1042 5223 καὶ
1068 5168 1284 5241 ἡμέραν
1303 5167 1710 5232 ἀνταποδόσεως
1740 5170 1808 5238 ζ(

231 5260 305 5335 τῷ
322 5260 443 5333 Θεῷ
461 5262 619 5335 ήμῶν
635 5279 650 5293 υ
681 5261 1061 5335 παρακαλέσαι
1082 5260 1290 5325 πάντας
1311 5262 1436 5325 τοὺς
1456 5259 1809 5326 πενθοῦντας,

223 5354 444 5428 δοθῆναι
462 5358 573 5419 τοῖς
595 5353 849 5409 πενθοῦσι
875 5354 1017 5408 Σιὼν
1040 5354 1198 5421 δόξαν
1221 5353 1341 5407 ἀντὶ
1372 5354 1591 5418 σποδοῦ,
1622 5354 1812 5426 ἀλειμ-

225 5463 305 5519 μα
328 5447 665 5521 εὐφροσύνης
685 5451 798 5512 τοῖς
829 5447 1103 5513 πενθοῦσι,
1138 5446 1472 5519 καταστολὴν
1496 5446 1653 5521 δόξης
1685 5450 1808 5504 ἀντὶ

227 5538 532 5611 πνεύματος
571 5540 800 5613 ἀκηδίας
815 5558 828 5570 ⁸
871 5542 969 5595 καὶ
999 5540 1362 5612 κληθήσονται
1393 5540 1578 5608 γενεαὶ
1604 5540 1807 5595 δικαιο-

225 5627 413 5702 σύνης,
448 5628 700 5703 φύτευμα
732 5631 936 5705 Κυρίου
960 5635 1041 5696 είς
1064 5631 1240 5699 δόξαν.
1273 5651 1292 5684 ι
1336 5633 1394 5684 '0
1428 5634 1491 5686 ὲκ
1520 5631 1619 5702 τῆς
1651 5633 1805 5707 ῥίζης

298 5786 317 5817 ⁸
356 5783 459 5843 lsa.
500 5801 625 5851 LII,
668 5787 848 5844 {99.1.
927 5790 945 5821 ’
985 5788 1153 5860 Apsc.
1192 5805 1302 5855 XIV,
1341 5789 1392 5843 ϐ.

1919 4613 2139 4684 gelium.
2611 4636 2613 4638 ·

2467 4701 2701 4758 CAPUT
2742 4699 2935 4756 XXXI.

1998 4819 2015 4850 ι
2050 4796 2292 4868 Spiritus
2337 4795 2558 4852 Domini
2604 4810 2775 4866 super
2816 4809 2942 4858 me,
2990 4806 3057 4849 eo
3093 4788 3243 4862 quod
3281 4786 3506 4845 unxerit

1918 4892 2184 4947 Dominus
2238 4905 2367 4947 me:
2421 4889 2491 4945 ad
2541 4885 2983 4943 annuntiandum
3031 4882 3302 4939 mendicis
3353 4878 3506 4936 misit

1918 5000 2039 5051 me,
2083 4991 2144 5038 ut
2188 4983 2442 5039 mederer
2486 4980 2743 5036 contritis
2788 4978 2991 5044 corde,
3039 4985 3095 5033 et
3144 4972 3504 5046 praedicarem

1916 5077 2147 5148 captivis
2188 5075 2621 5148 indulgentiam,
2658 5079 2714 5127 et
2753 5070 2964 5125 clausis
3009 5067 3395 5139 apertionem;
3443 5071 3505 5117 ut

1916 5169 2273 5240 pra-dicarem
2321 5182 2527 5222 annum
2578 5163 2902 5236 placabilem
2953 5159 3225 5223 Domino,
3271 5163 3328 5212 et
3355 5155 3500 5211 diem

1915 5261 2145 5315 ultionis
2186 5259 2299 5314 Deo
2343 5265 2569 5323 nostro;
2610 5264 2673 5312 ut
2712 5254 3032 5311 consolarer
3075 5265 3286 5307 omnes.
3313 5249 3505 5320 lugen-

1916 5360 2039 5417 tes;
2070 5360 2132 5407 ut
2158 5365 2418 5424 ponerem
2451 5349 2768 5421 lugentibus
2798 5345 2933 5402 Sion
2972 5354 3027 5402 et
3057 5344 3246 5399 darem
3289 5342 3371 5399 eis
3408 5355 3505 5397 co-

1915 5460 2110 5501 ronam
2139 5460 2241 5517 pro
2271 5444 2492 5508 cinere,
2541 5444 2724 5498 oleum
2772 5438 2957 5511 gaudii
2999 5453 3103 5511 pro
3146 5436 3336 5499 luctu,
3380 5434 3503 5506 pal-

1915 5540 2048 5596 lium
2079 5539 2260 5596 laudis
2286 5554 2388 5611 pro
2415 5537 2615 5610 spiritu
2651 5535 2908 5592 mmroris
2933 5553 2946 5589 :
2981 5540 3037 5590 et
3065 5531 3414 5589 vocabuntur
3438 5529 3499 5585 in

1913 5649 1978 5689 ea
2012 5633 2184 5690 fortes
2206 5632 2475 5705 justitia,
2509 5629 2778 5703 plantatio
2811 5626 3029 5686 Domini
3061 5627 3130 5683 ad
3171 5624 3499 5701 gloriﬁcan-
