4096 6412
611 320 751 387 1255

1304 330 1574 387 EUSEBII
1612 327 2092 386 CESARIENSIS
2127 326 2278 383 OPP.
2320 325 2501 380 PARS
2536 324 2625 382 Ill.
2656 356 2712 368 —
2767 322 3177 384 EXEGETICA.

3721 334 3842 389 1'256

604 446 735 504 dum
770 448 809 503 ³.
843 466 862 500 ι
894 446 997 514 Qui
1028 447 1095 503 de
1123 446 1305 501 radice
1335 446 1492 501 Jesse
1516 458 1671 501 ortus
1702 458 1785 501 est
1813 445 1974 502 Jesus
2006 446 2159 502 Chri-

2286 442 2480 496 Ἰεσσαὶ
2519 440 2796 513 προελθὼν
2842 442 3051 514 Ἰησοῦς
3102 445 3131 496 6
3164 441 3399 515 Χριστὸς
3418 431 3525 497 ⁸τοῦ
3556 444 3694 497 Θεοῦ
3720 485 3736 508 ,
3769 448 3843 516 ἐφ’

590 549 726 595 -stus
766 536 895 603 Dei,
930 546 983 593 in
1027 555 1189 609 quem
1237 539 1627 608 requieverunt
1668 547 1880 609 septem
1925 537 2021 595 Dei
2057 540 2172 610 spi-

602 631 778 693 ritus,
808 631 1078 698 justitiam
1112 631 1206 699 qui
1239 629 1464 694 dilexit,
1512 630 1737 700 oditque
1781 630 2169 701 iniquitatem,

606 725 805 773 unctus
837 727 921 773 est
952 734 981 773 a
1012 718 1123 774 Deo
1155 730 1209 774 et
1238 719 1400 774 Patre
1438 720 1561 790 ejus
1608 721 1882 790 spirituali
1925 723 2171 776 exsulta-

603 810 773 865 tionis
803 810 959 878 oleo;
999 810 1092 880 qui
1127 820 1181 864 et
1225 820 1452 880 accepto
1492 812 1771 881 quondam
1816 813 1871 866 in
1915 814 2170 869 manibus

605 901 760 957 Isaias
794 903 934 957 libro
955 943 967 963 .
1004 910 1251 973 tempore
1281 918 1390 975 quo
1421 904 1598 958 factus
1632 912 1751 958 erat
1782 904 1950 958 homo
1974 945 1989 968 ,
2022 906 2171 959 hunc

604 994 720 1064 ipse
769 995 897 1065 legit
925 996 1152 1048 citatum
1186 996 1362 1048 locum
1410 1013 1424 1047 :
1483 1013 1501 1045 ι
1543 994 1749 1051 Claude
1777 997 2008 1059 librum,
2057 997 2169 1061 ait,

604 1084 763 1140 hodie
789 1086 1007 1154 impleta
1035 1094 1119 1140 est
1145 1086 1258 1139 haec
1288 1084 1569 1155 Scriptura
1599 1087 1620 1117 '
1646 1102 1660 1151 ;
1689 1105 1708 1137 ›
1728 1086 1846 1157 ipse
1871 1088 2015 1143 enim
2049 1103 2174 1142 vere

602 1186 719 1231 erat
765 1192 795 1230 a
850 1175 1013 1231 Patre
1057 1177 1295 1239 missus,
1345 1178 1721 1246 evangelizare
1754 1194 1980 1249 regnum
2005 1180 2173 1234 cario-

600 1286 720 1324 rum
750 1270 1081 1340 pauperibus
1112 1268 1310 1338 spiritu
1330 1309 1343 1335 ,
1373 1269 1575 1338 quibus
1604 1268 1780 1323 dixit:
1808 1288 1827 1322 ι
1858 1269 2008 1326 Beati
2036 1286 2174 1341 pau-

601 1378 759 1433 peres
811 1360 1049 1430 spiritu,
1106 1361 1235 1430 quia
1285 1360 1534 1429 ipsorum
1561 1369 1664 1415 -est
1717 1377 1946 1432 regnum
1998 1362 2170 1418 caelo-

601 1472 720 1509 rum
756 1455 821 1521 ³;
863 1473 882 1505 ι
924 1462 978 1510 et
1005 1472 1022 1504 ι
1056 1452 1261 1508 mederi
1309 1453 1564 1509 contritis
1611 1452 1777 1509 corde
1806 1474 1825 1506 ι
1855 1455 1923 1509 de
1970 1455 2172 1525 quibus

598 1546 804 1600 dictum
834 1553 920 1600 est
955 1565 968 1600 :
994 1557 1018 1596 ἰ
1052 1544 1160 1600 Cor
1189 1546 1485 1600 contritum
1505 1553 1559 1600 et
1604 1546 1974 1612 humiliatum,
1998 1546 2165 1612 Deus,

598 1653 708 1691 non
739 1637 1008 1706 despicies
1044 1636 1085 1691 δ.
1126 1656 1143 1689 ι
1171 1637 1438 1692 Praeterea
1489 1646 1543 1691 et
1590 1640 1973 1693 aununtiatum
2022 1641 2173 1695 venit

597 1737 946 1799 peccatorum
992 1728 1370 1784 remissionem
1411 1729 1478 1784 iis
1520 1731 1614 1799 qui
1655 1731 1809 1800 prius
1855 1731 1958 1787 sub
2006 1732 2169 1802 spiri-

2274 533 2334 586 6v
2365 533 2744 587 ἀναπέπαυται
2776 533 2846 587 τὰ
2868 535 3009 588 ἐπτά
3037 534 3131 588 τοῦ
3158 532 3293 587 Θεοῦ
3320 535 3624 605 πνεύματα,
3653 536 3841 590 δικαιοο

2277 623 2441 693 σύνην
2473 625 2763 697 ἀγαπήσας
2793 626 2886 679 καὶ
2926 627 3162 697 μισήσας
3194 627 3455 698 ἀνομίαν,
3492 627 3718 699 ἐχρίσθη
3751 629 3842 683 ὑπὸ

2271 714 2366 768 τοῦ
2392 715 2526 770 Θεοῦ
2555 717 2647 769 καὶ
2668 717 2880 789 Πατρὸς
2910 717 3074 771 αὑτοῦ
3103 718 3181 788 τῷ
3202 716 3478 789 λεγομένῳ
3499 720 3841 791 πνευματικῷ

2271 806 2372 876 τῆς
2401 807 2769 875 ἀγαλλιάσεως
2796 808 2986 879 ελαίῳο
3017 808 3076 872 ὃς
3097 808 3192 861 καὶ
3214 806 3392 862 λαϐὼν
3418 826 3548 863 ποτε
3576 809 3717 879 μετά
3745 814 3843 880 χεῖ-

2275 917 2375 971 ρας
2416 900 2507 952 τὸν
2550 902 2776 954 Ἡσαΐαν
2813 901 2933 955 καθ’
2969 902 3028 955 ὃν
3066 903 3160 955 καὶ
3200 902 3608 973 ὲνηνθρωπήκει
3640 903 3838 975 χρόνον,

2272 991 2541 1060 ἀναγνούς
2572 1009 2630 1046 τε
2671 992 2769 1064 τὴν
2802 993 3169 1065 προκειμένην
3199 992 3506 1064 περικοπὴν
3526 1033 3540 1058 ,
3602 1013 3621 1045 ι
3647 993 3840 1059 πτύξας

2271 1084 2332 1135 τὸ
2386 1069 2626 1154 βιδλίιν,
2670 1085 2822 1155 φησὶ,
2866 1085 3114 1156 Σήμερον
3161 1085 3516 1156 πεπλήρωται
3569 1085 3604 1155 ἡ
3660 1085 3701 1137 Γ
3706 1084 3839 1155 ραφὴ

2271 1172 2430 1243 αὕτη.
2461 1194 2481 1225 ι
2540 1174 2712 1238 Αὐτὸς
2749 1177 2858 1246 γὰρ
2882 1171 2951 1247 ἦν
2973 1176 3049 1240 ὼς
3078 1175 3295 1247 ἀληθῶς
3327 1178 3355 1229 6
3382 1177 3491 1229 ἀπὸ
3513 1174 3608 1230 τοῦ
3640 1177 3840 1247 Πατρὸς

2268 1267 2594 1332 ἀποσταλεὶς
2646 1267 3098 1336 εὐαγγελίσασθαι
3125 1269 3224 1341 τὴν
3255 1268 3533 1339 βασιλείαν
3556 1267 3665 1322 τῶν
3690 1268 3841 1340 οὐρα-

2271 1357 2376 1412 νῶν
2394 1363 2507 1422 τοῖς
2526 1359 2602 1431 τῷ
2626 1360 2894 1431 πνεύματι
2919 1364 3173 1431 πτωχοῖς,
3199 1361 3335 1433 πρὸς
3353 1360 3448 1424 οὓς
3469 1362 3564 1415 καὶ
3581 1362 3812 1430 ἔφασκεν
3824 1378 3837 1392 ·

2278 1474 2294 1505 ι
2320 1454 2595 1523 Μακάριοι
2635 1453 2686 1505 οἱ
2735 1453 2798 1524 (f.
2827 1452 2894 1508 59
2928 1454 3014 1525 v°)
3062 1453 3269 1523 πτωχοὶ
3314 1452 3394 1524 τῷ
3425 1453 3734 1524 πνεύματι,
3769 1456 3839 1508 ὅτι

2271 1546 2448 1601 αὐτῶν
2491 1549 2639 1600 ἐστιν
2670 1546 2704 1616 ή
2735 1544 2981 1614 βασιλεία
3007 1543 3117 1597 τῶν
3142 1544 3387 1616 οὐρανῶν
3406 1562 3420 1575 ’
3448 1563 3466 1596 ι
3492 1546 3589 1598 καὶ
3623 1564 3644 1596 ι
3670 1544 3839 1598 ἰᾶσθαι

2270 1641 2396 1703 τοὺς
2421 1639 2520 1711 τὴν
2561 1638 2789 1710 καρδίαν
2819 1638 3341 1709 συντετριμμένους,
3364 1656 3384 1689 ι
3420 1639 3551 1710 περὶ
3592 1632 3669 1692 ὦν
3701 1638 3841 1710 εἴρη-

2271 1746 2385 1784 ται*
2433 1748 2453 1781 ι
2477 1728 2720 1801 Καρδίαν
2748 1729 3214 1801 συντετριμμένην
3251 1730 3346 1783 καὶ
3378 1730 3840 1801 τεταπεινωμένην

597 1822 762 1876 tualis
839 1820 1343 1877 Nabuchodonosor
1415 1822 1707 1892 tyrannide
1762 1824 2159 1893 premebantur.

2269 1823 2298 1874 6
2320 1821 2452 1885 Θεὸς
2481 1822 2584 1875 οὐκ
2611 1820 2973 1885 ὲξουδενώσει.
3000 1840 3018 1871 ι
3068 1820 3212 1891 Πρὸς
3233 1820 3441 1884 τούτοις
3466 1821 3525 1875 δὲ
3553 1823 3649 1875 καὶ
3674 1821 3838 1893 κηρύ-

595 1906 830 1978 ldeoque
856 1908 1174 1964 confortans
1224 1910 1362 1964 dixit
1395 1912 1733 1982 paralytico:
1765 1932 1783 1965 ι
1811 1911 1949 1978 Fili,
1980 1915 2169 1970 remit-

595 2007 786 2054 tuntur
826 2000 924 2054 tibi
956 2009 1180 2069 peccata
1206 2002 1250 2065 ⁵,
1285 2021 1304 2053 ι
1334 2002 1434 2056 sed
1480 2010 1536 2057 et
1580 2003 1690 2058 illis
1723 2004 1925 2073 quibus
1962 2006 2166 2062 mentis

594 2092 975 2147 oculiocclusi
1004 2100 1169 2161 sunt,
1200 2094 1404 2163 quique
1454 2110 1487 2148 a
1534 2094 1918 2164 spiritualibus
1966 2097 2167 2152 alieni-

592 2182 747 2252 genis
764 2190 818 2236 et
841 2181 1154 2254 Babyloniis
1182 2185 1325 2239 sicut
1347 2182 1581 2239 Samson
1603 2193 1658 2240 et
1689 2184 1950 2242 Sedecias
1972 2188 2165 2242 caecati

592 2279 753 2337 sunt,
794 2273 975 2328 visum
1015 2275 1164 2329 venit
1210 2275 1546 2330 redditurus.
1586 2274 1645 2329 in
1690 2290 1919 2330 numero
1970 2291 2164 2331 eorum

588 2365 687 2436 qui
716 2366 894 2420 curati
920 2376 1050 2423 sunt
1078 2369 1147 2423 ab
1176 2384 1243 2424 eo
1271 2370 1635 2439 corporaliter
1661 2371 1788 2425 caeci
1817 2378 2013 2436 erant,
2041 2372 2162 2441 qui-

592 2462 695 2513 bus
724 2457 905 2512 visum
951 2458 1228 2524 restituit,
1272 2466 1560 2531 postquam
1595 2462 1651 2515 in
1685 2477 1745 2517 se
1773 2463 2160 2527 crediderunt,

592 2555 647 2602 et
675 2563 807 2603 voce
846 2562 1044 2620 magna
1092 2551 1446 2607 clamabant:
1479 2570 1499 2603 ι
1534 2552 1793 2610 Miserere
1840 2556 2038 2622 nobis,
2087 2557 2159 2611 ﬁli

587 2638 760 2694 David
790 2641 830 2696 ⁸.
865 2660 883 2692 ι
909 2640 1011 2695 Hic
1038 2654 1124 2698 est
1153 2643 1299 2697 enim
1328 2645 1422 2715 qui
1448 2647 1663 2702 vocavit
1690 2664 1711 2700 ι
1742 2663 1944 2703 annum
1972 2650 2163 2719 placa-

588 2732 750 2787 bilem
790 2731 1028 2797 Domini,
1052 2753 1071 2785 ι
1112 2750 1274 2804 quem
1293 2738 1620 2794 annuntiare
1667 2741 1871 2810 C(Bpil,
1913 2741 2162 2810 conjecto

588 2823 645 2878 in
674 2839 953 2879 carcerem
999 2824 1243 2894 Joanne;
1277 2828 1369 2898 qui
1402 2836 1457 2884 et
1492 2830 1716 2886 edocuit
1760 2848 1987 2903 regnum
2020 2831 2159 2900 Dei,

581 2914 962 2985 judiciumque
1005 2924 1287 2984 nostrum,
1323 2920 1378 2973 in
1410 2936 1521 2991 quo
1559 2923 1821 2978 reddetur
1862 2924 2161 2994 unicuique

583 3023 652 3062 ex
699 3008 883 3063 verbis
932 3019 987 3065 et
1037 3010 1317 3079 operibus.
1370 3008 1603 3084 insuper
1648 3016 1799 3071 venit
1845 3017 1914 3072 ad
1956 3032 2160 3075 conso~

585 3098 780 3154 landos
805 3115 997 3159 omnes
1028 3101 1176 3156 luctu
1209 3117 1394 3157 coram
1435 3103 1549 3161 Deo
1591 3116 1819 3179 accepto
1863 3110 2154 3181 lugentes;
2187 3160 2228 3181 η

2269 1911 2354 1977 ξιι
2378 1911 2569 1980 ἄφεσιν
2598 1910 2876 1983 ἁμαρτιῶν
2900 1908 3125 1982 ἐλήλυθε
3153 1914 3264 1973 τοῖς
3292 1910 3396 1964 ὑπὸ
3423 1909 3534 1963 τῶν
3563 1909 3703 1980 (τοῦ)
3728 1928 3840 1982 νοη-

2265 2002 2373 2056 τῶν
2408 2002 2546 2074 (τοῦ)
2585 2001 3053 2073 Ναὸουχοδονὸσορ
3093 2001 3457 2072 αἰχμαλώτοις
3492 2003 3689 2073 ἄφεσιν
3723 2004 3838 2073 (sic)

2267 2095 2434 2149 πάλαι
2464 2094 2849 2165 γεγενημένος
2872 2111 2887 2126 ·
2923 2093 3005 2146 διὸ
3029 2095 3124 2147 καὶ
3154 2093 3369 2165 θαρρῶν
3390 2093 3544 2164 ἔλεγε
3569 2096 3649 2167 τῷ
3672 2114 3840 2168 παρα-

2265 2182 2495 2254 λυτικῷο
2539 2202 2558 2234 ι
2587 2184 2810 2248 Τέκνον,
2842 2182 3117 2251 ἀφεωνταί
3144 2199 3225 2235 σοι
3253 2184 3309 2236 αἱ
3328 2183 3597 2255 ἁμαρτίαι
3620 2202 3633 2214 ·
3661 2205 3682 2238 ι
3716 2186 3842 2239 ἀλλὰ

2264 2274 2358 2326 καὶ
2405 2276 2514 2337 τοῖς
2545 2274 2643 2344 τῆς
2671 2273 2909 2337 διανοίας
2945 2273 3256 2345 ὀφθαλμοὺς
3284 2274 3685 2347 βεϐλαμμένοις
3704 2318 3720 2342 ,
3754 2279 3841 2333 καὶ

2264 2366 2367 2418 ὑπὸ
2403 2365 2512 2418 τῶν
2556 2366 2762 2436 νοητῶν
2784 2365 3095 2434 ἀλλοφύλων
3128 2368 3222 2420 καὶ
3249 2367 3606 2423 Βαϐυλωνίων
3646 2370 3841 2440 ὁμοίως

2262 2456 2339 2527 τῷ
2365 2456 2600 2528 Σαμψὼν
2634 2457 2728 2511 καὶ
2759 2456 2838 2527 τῷ
2864 2457 3089 2529 Σεδεκίᾳ
3116 2458 3538 2527 ὲκτυφλωθεζσιν
3557 2498 3574 2522 ,
3614 2461 3839 2515 ἀνάϐλε-

2261 2548 2353 2619 ψιν
2392 2546 2616 2620 ἐλήλυθε
2648 2548 2931 2619 παρέξων
2980 2551 3040 2602 ἐν
3082 2550 3238 2621 μέρει
3290 2550 3350 2604 δὲ
3398 2551 3507 2604 τῶν
3551 2553 3645 2605 ὑπ’
3680 2553 3839 2607 αὑτοῦ

2263 2640 2714 2711 θεραπευομένων
2764 2636 2905 2712 ἦσαν
2932 2644 3025 2695 καὶ
3053 2645 3102 2695 οἰ
3143 2643 3444 2712 σωματικοὶ
3476 2643 3705 2714 τυφλοὶ,
3753 2644 3839 2706 οὓς

2260 2730 2555 2802 ἀναϐλέψαι
2586 2732 2853 2802 πεποίηκε
2882 2733 3278 2792 πιστεύσαντας
3301 2737 3380 2798 είς
3402 2737 3589 2801 αὑτὸν,
3617 2740 3717 2792 καὶ
3751 2758 3836 2811 με·

2259 2824 2328 2876 τά
2377 2822 2506 2895 βοῆς
2556 2824 2870 2895 εἰρηκότας·
2932 2844 2951 2877 ι
2989 2826 3239 2899 Ἐλέησον
3267 2830 3449 2899 ἡμᾶς,
3482 2830 3567 2882 υἱὲ
3595 2832 3761 2884 Δαυῐδ
3780 2849 3793 2863 ν
3816 2852 3834 2882 ι

2258 2909 2413 2981 οὗτος
2452 2915 2510 2970 δέ
2548 2917 2695 2970 ἐστιν
2725 2920 2754 2970 6
2786 2917 3022 2983 καλέσας
3068 2937 3087 2971 ι
3114 2919 3206 2974 τὸν
3251 2919 3437 2974 δεκτὸν
3468 2923 3722 2978 ἐνιαυτὸν
3752 2925 3840 2979 τοῦ

2259 3007 2465 3081 Κυρίου
2488 3050 2504 3076 ,
2531 3028 2550 3060 ι
2601 3008 2662 3063 ὃν
2701 3009 2933 3082 ἐκήρυξε
2964 3012 3102 3084 μετά
3137 3013 3235 3086 τὴν
3271 3017 3350 3079 εἰς
3380 3015 3443 3070 τὸ
3467 3016 3840 3091 δεσμωτήριον

2259 3100 2352 3153 τοῦ
2396 3101 2642 3155 Ἰωάννου
2685 3102 2962 3173 κάθειρξιν
2983 3144 2999 3169 ,
3051 3107 3146 3160 καὶ
3177 3102 3206 3157 6
3236 3108 3452 3174 διδάξας
3478 3109 3551 3165 τά
3584 3130 3652 3165 πε
3662 3113 3716 3183 pi.
3745 3113 3842 3182 τῆς

584 3205 724 3261 quos
756 3197 812 3246 et
838 3190 1029 3248 beatos
1075 3192 1373 3264 prmdicat,
1420 3194 1650 3254 dicens:
1682 3218 1700 3250 ι
1724 3169 1883 3255 Beati
1923 3169 2021 3271 qui
2065 3169 2153 3256 lu-I

2267 3191 2539 3262 βασιλείας
2561 3191 2655 3246 τοῦ
2690 3169 2865 3259 Θεοῦ,
2900 3196 2995 3250 καὶ
3017 3196 3084 3250 τὰ
3122 3199 3249 3270 περὶ
3403 3169 3684 3274 ἡμετέρας
3721 3169 3842 3276 κρέξ

585 3289 750 3353 gent,
779 3285 1034 3353 quoniam
1065 3284 1169 3355 ipsi
1202 3287 1637 3344 consolabuntur
1660 3292 1704 3344 ⁷,
1738 3310 1758 3344 ι
1787 3290 1952 3346 Venit
1984 3293 2152 3347 etiam

586 3380 649 3429 ut
689 3373 845 3430 daret
871 3394 891 3427 ι
922 3377 1233 3447 lugentibus
1280 3376 1413 3433 Sion
1453 3381 1702 3450 gloriam.
1733 3400 1753 3435 ι
1779 3381 2010 3448 Quinam
2055 3399 2154 3438 au-

585 3472 696 3547 tem
724 3472 913 3520 essent
939 3466 1054 3531 illi,
1088 3468 1196 3522 nisi
1229 3469 1325 3538 qui
1358 3468 1608 3539 ipsorum
1637 3473 1872 3541 patriam
1902 3489 2154 3544 quaeren-

582 3563 687 3618 tes,
711 3556 1059 3626 cmlestisque
1078 3557 1315 3616 civitatis
1340 3560 1393 3614 in
1418 3561 1813 3632 sempiternum
1833 3567 2151 3621 memoriam

583 3648 939 3703 revocantes?
988 3648 1179 3714 Qualis
1225 3659 1342 3707 erat
1391 3653 1515 3719 ille,
1563 3653 1681 3725 qui,
1729 3657 1994 3725 praescius
2039 3675 2154 3715 suae

582 3740 727 3811 apud
759 3740 1010 3799 homines
1042 3748 1525 3813 commorationis,
1557 3750 1899 3805 exclamabat
1926 3770 1940 3806 :
1978 3770 1996 3803 ι
2035 3752 2149 3808 Heu

579 3831 750 3895 mihi,
788 3832 918 3902 quia
959 3833 1233 3894 incolatus
1263 3854 1419 3894 meus
1460 3841 1813 3912 prolongatus
1840 3850 1925 3899 est
1952 3844 2014 3898 'l
2048 3864 2068 3898 ι
2097 3854 2151 3900 et

580 3927 636 3982 hi
682 3942 942 3998 quoque,
983 3930 1077 4000 qui
1130 3945 1295 4001 super
1324 3931 1551 3988 ﬂumina
1598 3934 1897 4006 Babylonis
1948 3936 2150 3993 ﬂebant

578 4034 704 4075 cum
750 4022 1175 4078 recordarentur
1201 4022 1336 4080 Sion
1364 4026 1411 4080 '.
1449 4026 1542 4081 His
1572 4028 1717 4082 enim
1742 4028 1997 4086 Christus
2045 4030 2145 4086 Dei

576 4112 950 4169 consolatione
977 4113 1206 4185 fungens
1231 4130 1396 4186 quam
1421 4117 1735 4187 lugentibus
1780 4119 2144 4189 promiserat,

577 4202 725 4257 luctu
747 4204 1028 4260 exsolutos
1053 4204 1374 4275 glorificabit
1389 4244 1405 4271 ,
1433 4213 1486 4262 et
1508 4222 1606 4276 pro
1627 4208 1811 4264 cinere
1833 4224 1942 4279 quo
1967 4209 2147 4279 sparsi

575 4305 733 4350 erant
762 4297 817 4350 in
852 4297 953 4375 hac
988 4297 1099 4351 vita
1141 4298 1422 4367 lugentes,
1460 4298 1658 4354 laetitiae
1688 4300 1869 4356 oleum
1914 4310 2145 4372 praesta-

576 4386 691 4452 bit,
752 4403 960 4457 ungens
1003 4396 1059 4443 et
1109 4403 1205 4443 eos
1252 4390 1636 4447 exsultationis
1689 4392 1848 4457 oleo,
1903 4404 1965 4448 ut
2013 4394 2146 4448 ﬁant

2263 3298 2401 3345 σεως
2423 3320 2437 3346 ,
2468 3284 2525 3335 ἐν
2612 3284 2825 3356 ἑκάστῳ
2864 3284 2971 3339 τῶν
3020 3290 3421 3360 πεπραγμένων
3451 3293 3484 3362 ἡ
3533 3296 3659 3347 κατ’
3688 3295 3841 3361 ἀξίαν

2261 3374 2648 3447 ἀποδοθήσεται
2676 3375 2820 3449 δίκη.
2854 3378 3001 3450 Πρὸς
3022 3379 3230 3444 τούτοις
3262 3381 3306 3434 δ’
3327 3380 3552 3454 ἐλήλυθε
3588 3404 3842 3457 παρακα-

2260 3464 2412 3517 λέσαι
2450 3465 2574 3529 τοὺς
2617 3466 2946 3532 πενθοῦντας
2968 3469 3029 3523 τὸ
3057 3470 3198 3525 κατά
3232 3473 3364 3526 Θεὸν
3392 3476 3679 3533 ἐπαινετὸν
3711 3480 3841 3533 πέν-

2260 3558 2349 3621 θος
2368 3573 2384 3588 ⁹
2436 3552 2517 3623 οἷς
2550 3561 2642 3613 καὶ
2687 3562 3035 3633 μακαρισμὸν
3066 3563 3401 3635 ἐπήγγελται
3424 3566 3628 3620 εἰπών·
3676 3589 3697 3621 α
3723 3572 3840 3625 Μα-

2259 3647 2437 3719 κάριοι
2470 3650 2518 3701 οἱ
2564 3648 2885 3713 πενθοῦντες
2906 3689 2921 3710 ,
2956 3651 3037 3704 ὃτι
3066 3653 3221 3706 αὐτοὶ
3254 3654 3788 3728 παρακληθήσονται.
3816 3680 3835 3713 ι

2258 3737 2426 3793 ’Ἦλθε
2478 3741 2535 3794 δὲ
2577 3743 2669 3796 ἐπὶ
2713 3742 2921 3807 τούτοις
2949 3744 3042 3797 καὶ⁵
3088 3745 3229 3817 ὑπὲρ
3277 3747 3371 3800 τοῦ
3403 3748 3622 3821 δοθῆναι
3685 3772 3705 3804 ι
3732 3758 3841 3819 τοῖς

2259 3831 2514 3886 πενθοῦσι
2554 3833 2690 3887 Σιὼν
2725 3834 2902 3902 δόξαν.
2929 3855 2949 3888 ι
2986 3837 3144 3902 Τίνες
3179 3838 3222 3891 δ’
3253 3839 3320 3893 ἂν
3343 3836 3451 3893 εἶεν
3472 3844 3568 3896 καὶ
3599 3839 3779 3910 οὗτοι,
3805 3847 3838 3919 ἦ

2256 3924 2304 3977 οἱ
2332 3921 2429 3994 τὴν
2453 3924 2660 3979 ἑαυτῶν
2684 3926 2917 3997 πατρίδα
2938 3927 3247 3999 ζητοῦντες,
3275 3931 3491 4003 καὶτῆς
3510 3935 3838 4007 ἐπουρανίου

2257 4014 2462 4079 πόλεως
2510 4016 2684 4070 εἰσαεὶ
2714 4017 2811 4088 τὴν
2843 4020 3062 4091 μνήμην
3089 4020 3604 4094 ἀναζωπυροῦντες
3639 4021 3752 4091 οἶος
3769 4023 3839 4099 ἦν

2255 4108 2460 4172 ἐκεῖνος
2481 4151 2495 4173 ,
2526 4109 2584 4173 ὃς
2631 4110 2891 4181 πάροικον
2930 4114 3027 4166 καὶ
3055 4114 3433 4187 παρεπίδημον
3476 4118 3573 4170 ἐπὶ
3600 4119 3703 4189 τῆς
3733 4121 3839 4189 γῆς

2254 4201 2444 4255 ἑαυτὸν
2471 4203 2848 4275 ἐπιστάμενος,
2880 4206 3045 4259 καὶτὸ
3065 4227 3082 4259 ι
3107 4208 3286 4279 Οίμοι,
3309 4229 3329 4262 ι
3345 4211 3687 4282 ἀνοιμώζων,
3710 4235 3728 4265 ι
3754 4217 3836 4269 ὅτι

2252 4296 2286 4365 ὴ
2322 4296 2582 4367 παροικία
2612 4314 2712 4365 μου
2740 4298 3055 4370 ὲμακρύνθη
3076 4317 3090 4331 ’
3118 4319 3136 4352 ι
3176 4301 3258 4354 ἔτι
3286 4319 3348 4355 τε
3381 4306 3429 4357 οἱ
3474 4306 3566 4359 ἐπὶ
3595 4310 3705 4362 τῶν
3737 4324 3834 4362 πο-

2252 4387 2442 4457 ταμῶν
2461 4388 2777 4454 Βαϐυλῶνος
2803 4391 3079 4457 κλαίοντες
3110 4395 3170 4445 ἐν
3195 4394 3273 4466 τῷ
3303 4397 3605 4469 μνησθῆναι
3635 4402 3833 4465 αὐτοὺς

575 4479 892 4536 chrismatis
917 4490 973 4535 et
1001 4482 1152 4551 regni
1185 4482 1270 4535 sui
1301 4484 1594 4553 participes
1614 4524 1629 4549 ,
1658 4483 1817 4553 juxta
1850 4485 1963 4540 hac
1991 4484 2139 4556 Apo-

2259 4478 2351 4548 τῆς
2372 4478 2535 4533 Σιών·
2563 4480 2770 4545 τούτοις
2808 4481 2916 4553 γὰρ
2960 4479 3051 4536 οῦν
3078 4486 3106 4537 6
3140 4482 3374 4557 Χριστὸς
3400 4488 3492 4541 τοῦ
3523 4489 3659 4543 Θεοῦ
3688 4493 3831 4564 πλη-

575 4573 702 4627 stoli
743 4572 910 4627 verba
955 4590 968 4626 :
1003 4589 1021 4622 ι
1052 4571 1355 4642 Participes
1393 4574 1538 4628 enim
1579 4575 1786 4631 Christi
1828 4576 2007 4632 etiecti
2050 4592 2147 4632 su-

574 4678 699 4718 mus
727 4663 791 4719 ¹⁰.
826 4683 844 4715 ι
876 4662 1142 4720 Praaterea
1177 4664 1488 4735 lugentibus
1516 4662 1645 4719 Sion
1677 4666 1827 4721 dabit
1853 4665 2106 4724 Christus
2128 4709 2142 4731 .

571 4756 727 4824 juxta
747 4755 1087 4826 prephetiam
1105 4795 1120 4820 ,
1162 4774 1181 4806 ι
1205 4755 1428 4825 pallium
1456 4755 1634 4811 laudis
1659 4771 1758 4826 pro
1779 4757 1973 4827 spiritu
2012 4774 2149 4831 ma;-

574 4850 754 4911 roris,
787 4868 805 4901 ι
833 4847 879 4903 si
920 4862 1010 4905 res
1049 4847 1174 4902 vita:
1214 4848 1585 4917 neglexerint,
1640 4846 1921 4901 hominum
1964 4851 2149 4918 operi-

577 4940 680 4994 bus
707 4936 1013 5008 despectis;
1047 4945 1101 4992 et
1134 4938 1224 4993 hic
1251 4939 1485 4994 maxime
1518 4938 1799 5008 lugentes,
1833 4954 1943 4993 non
1978 4941 2143 4995 modo

573 5032 829 5102 quoniam
860 5032 1052 5103 procul
1095 5030 1190 5086 Dei
1233 5031 1500 5100 promissa
1538 5030 1819 5094 viderent,
1850 5030 1944 5086 sed
1985 5040 2039 5085 et
2076 5048 2142 5089 eo

574 5125 751 5194 quod,
783 5136 1002 5196 propter
1034 5124 1427 5178 humanitatem
1460 5130 1514 5177 et
1545 5122 1940 5193 benignitatem
1981 5140 2136 5180 suam

572 5232 763 5271 eorum
787 5216 1043 5273 .miseriis
1073 5223 1128 5271 et
1155 5215 1437 5271 doloribus
1467 5220 1909 5284 compaterentur
1940 5225 1995 5271 et
2034 5217 2140 5270 hoc

574 5306 751 5361 solum
796 5308 1094 5377 apostolica
1142 5321 1276 5361 voce
1321 5305 1693 5361 exclamantes
1723 5325 1737 5359 :
1770 5324 1789 5357 ι
1820 5306 1955 5372 Quis
1986 5306 2144 5360 inﬁr~

575 5404 757 5457 matur
783 5409 837 5452 et
867 5414 966 5466 ego
996 5414 1101 5454 non
1141 5398 1385 5453 inlirmor
1409 5438 1424 5462 ,
1458 5397 1582 5468 quis
1614 5398 2051 5463 scandalizatur,
2089 5405 2146 5454 et

572 5502 678 5558 ego
702 5503 809 5543 neu
841 5506 966 5545 uror
999 5493 1037 5523 “
1064 5492 1088 5544 ?
1114 5511 1133 5541 ι

650 5641 666 5670 ¹
707 5640 810 5696 lsa.
844 5657 931 5697 ιιι
955 5684 969 5700 .
1005 5646 1116 5700 1-5.
1190 5646 1210 5676 ¹
1248 5644 1382 5699 Luc.
1419 5660 1491 5708 Iv,
1522 5644 1613 5702 2|.

557 5710 597 5792 λ’
636 5710 824 5768 Matth.
861 5730 911 5777 ν,
944 5714 998 5770 4.
1072 5717 1094 5745 ³⁸
1129 5712 1274 5769 Psal.
1306 5731 1431 5771 cxtx
1452 5754 1467 5783 ,
1498 5714 1549 5770 5.

2254 4572 2384 4642 ρῶν,
2411 4571 2476 4641 ἢν
2525 4575 2637 4635 τοῖς
2687 4571 2941 4626 πενθοῦσι
2973 4575 3239 4646 ὑπέσχετο
3267 4578 3642 4650 παράκλησιν,
3675 4581 3832 4650 δόξαν

2255 4661 2520 4716 ἀποδώσει
2548 4661 2904 4733 ἀπαλλαγεῖσι
2932 4664 3025 4718 τοῦ
3049 4666 3296 4730 πένθους,
3322 4669 3416 4721 καὶ
3437 4671 3557 4722 ἀντὶ
3578 4671 3677 4742 τῆς
3700 4687 3832 4726 σπο-

2246 4752 2338 4806 δοῦ
2358 4749 2425 4824 ἦς
2446 4755 2754 4809 ὲκονίσαντο
2774 4755 2915 4811 κατά
2932 4756 3025 4810 τὸν
3044 4758 3275 4813 ἐνταῦθα
3300 4759 3414 4830 βίον
3439 4762 3606 4834 πενθη
3615 4780 3825 4828 σαντες,

2245 4845 2484 4917 ἄλειμμα
2503 4848 2838 4921 εὐφροσύνης
2856 4850 3102 4923 παρέξει,
3126 4854 3294 4924 χρίων
3320 4855 3415 4908 καὶ
3437 4856 3636 4921 αὐτοὺς
3659 4858 3831 4930 ἐλαξῳ

2244 4938 2632 5006 ἀγαλλιάσεως,
2657 4941 2742 4993 ἵνα
2761 4942 3025 5009 γένωνται
3045 4945 3144 5015 τῆς
3170 4945 3333 4999 αὐτοῦ
3358 4946 3573 5017 μέτοχοι
3595 4949 3832 5021 κρίσεώς

2240 5046 2300 5081 τε
2332 5032 2425 5083 καὶ
2455 5031 2751 5102 βασιλείας,
2785 5032 2924 5087 ὥστε
2958 5038 3053 5090 καὶ
3090 5038 3284 5101 αὐτοὺς
3312 5041 3485 5093 εἰπεῖν
3508 5056 3520 5069 ·
3561 5041 3831 5112 «Μέτοχοι

2239 5119 2347 5191 γὰρ
2375 5121 2468 5174 τοῦ
2500 5123 2735 5193 Χριστοῦ
2763 5125 3087 5196 γεγόναμεν.
3120 5146 3139 5177 ι
3173 5127 3292 5179 Ἔτι
3328 5127 3465 5198 πρὸς
3486 5128 3695 5193 τούτοις
3722 5130 3830 5183 δὼ-

2240 5227 2353 5265 σειν
2376 5213 2404 5264 6
2426 5213 2659 5283 Χριστὸς
2682 5217 2793 5279 τοῖς
2819 5216 3073 5270 πενθοῦσι
3099 5216 3235 5271 Σιὼν
3257 5218 3659 5290 προφητεύεται
3688 5241 3706 5273 ι
3725 5241 3831 5275 κα-

2238 5302 2501 5375 ταστολὴν
2536 5304 2725 5375 δόξης,
2758 5308 2880 5362 ἀντὶ
2923 5307 3016 5361 τοῦ
3049 5308 3354 5379 πνεύματος
3381 5310 3481 5378 τῆς
3507 5312 3768 5383 ἀκηδῐας,
3800 5334 3822 5364 ι

2240 5396 2333 5450 ἐπὶ
2364 5396 2455 5470 (εὶ)
2489 5402 2601 5462 τοῖς
2630 5399 2724 5453 τοῦ
2758 5400 2871 5472 βίου
2904 5402 3220 5473 πράγμασιν
3257 5382 3560 5473 ἡκηδίασαν
3580 5382 3827 5475 ,ὥσπερ

2240 5486 2725 5563 δυσαρεστούμενοι
2768 5496 2890 5557 ταῖς
2930 5491 3041 5545 τῶν
3071 5490 3372 5565 ἀνθρώπων
3412 5496 3675 5567 πράξεσι·
3722 5500 3829 5552 καὶ

1710 5646 1747 5721 '_
1770 5644 1958 5721 Matth.
1989 5661 2041 5707 ν,
2078 5646 2130 5701 5.
2162 5714 2176 5721 _
2208 5644 2233 5677 ⁸
2270 5645 2415 5721 Psal.
2449 5666 2514 5712 1.,
2558 5652 2643 5705 l7.
2681 5656 2686 5663 ‘
2721 5654 2742 5683 ⁸
2785 5650 2975 5709 Matth.
3012 5674 3065 5712 ix
3088 5699 3101 5716 .
3132 5658 3187 5715 2.
3264 5659 3285 5690 ‘
3324 5657 3514 5714 Matth.
3547 5672 3653 5721 xx,
3684 5655 3782 5712 51.

1654 5719 1673 5750 ’
1715 5715 1855 5771 Psal.
1885 5732 2121 5797 cxxxvi,
2157 5714 2207 5768 Ι.
2290 5718 2332 5749 ιο
2375 5718 2535 5777 Hebr.
2576 5738 2669 5789 in,
2712 5726 2794 5781 Η.
2871 5727 2914 5757 ¹¹
2958 5727 2999 5780 ΙΙ
3032 5714 3159 5783 Car.
3195 5744 3287 5794 xt,
3323 5730 3411 5787 29.
