4070 6464
355 295 492 351 42:57
1378 280 1671 350 ECLOGA;
1709 291 1926 350 essen

2026 290 2192 349 ιϐιδ
2227 323 2294 334 --
2337 291 2465 350 LIB.
2503 291 2598 349 IV.
3477 296 3616 351 £258

351 409 522 480 ταύτῃ
553 406 787 480 μάλιστα
813 405 1153 472 πενθοῦντες,
1181 407 1241 460 οὐ
1269 408 1425 478 μόνον
1444 405 1535 460 διὰ
1560 405 1623 459 τὸ
1648 404 1931 477 πόρρωθεν
1978 404 2203 478 θεωρεῖν
2230 403 2335 469 τὰς
2363 402 2456 458 τοῦ
2510 401 2645 457 θεοῦ
2683 402 3016 475 ἐπαγγελίας
3039 430 3056 466 ι
3095 403 3232 459 ἀλλά
3280 405 3377 459 καὶ
3413 404 3504 461 διὰ
3552 409 3614 464 τὸ

351 506 637 578 συμπαθὲς
657 505 754 560 καὶ
782 503 1161 577 φιλάνθρωπον
1189 503 1594 575 συμπάσχοντες
1620 503 1716 556 καὶ
1745 502 2138 571 συναλγοῦντες
2150 505 2270 566 τοῖς
2306 499 2628 554 ἀσθενοῦσιν
2686 498 2893 555 ἐαυτῶν
2928 500 3136 570 μέλεσι,
3190 502 3283 558 καὶ
3330 506 3614 577 μονονουχὶ

352 600 584 671 βοῶντες
619 602 680 672 τῇ
707 598 802 654 τοῦ
838 599 1159 654 Ἀποστόλου
1191 599 1443 663 διαθέσει,
1462 598 1571 669 τῷ,
1608 614 1628 653 t
1652 599 1747 663 Τίς
1766 598 2002 664 ἀσθενεῖ,
2035 599 2131 654 καὶ
2157 600 2258 652 οὑκ
2286 596 2526 663 ἀσθενῶς
2575 595 2660 662 τίς
2720 596 3131 661 σκανδαλίζεται
3205 597 3301 652 καί
3349 599 3450 653 οὐκ
3503 599 3615 669 ἐγὼ

351 692 663 763 πυροῦμαις
695 710 712 742 ι

863 787 1260 842 ΚΕΦᾹΛΑΙΟΝ
1293 786 1414 845 AB’.

429 893 448 925 ι
471 873 841 942 ’Λγαλλιάσθω
872 877 907 947 ἡ
938 875 1081 948 ψυχή
1115 894 1214 948 μου
1244 877 1336 931 ἐπὶ
1361 877 1442 948 τῷ
1461 877 1680 949 Κυρίῳο
1717 876 1932 930 ἐνέδυσε

350 965 462 1037 γάρ
515 983 581 1037 με
629 966 843 1038 ἱμάτιον
883 967 1173 1039 σωτηρίου,
1205 971 1297 1023 καὶ
1329 968 1530 1041 χιτῶνα
1560 969 1929 1041 εὐφροσύνηςο

350 1058 646 1137 περιέθηκέ
699 1076 789 1130 μοι
831 1060 906 1123 ὡς
937 1061 1156 1132 νυμφίῳ
1192 1061 1410 1134 μίτραν,
1449 1062 1543 1115 καὶ
1588 1062 1664 1125 ὡς
1714 1061 1932 1133 νύμφην

349 1150 732 1221 κατεκόσμησέ
758 1168 826 1222 με
856 1152 1062 1223 κόσμῳ.
1087 1153 1199 1207 Καὶ
1227 1154 1303 1216 ὡς
1329 1154 1431 1225 γῆν
1455 1153 1723 1218 αῦξουσαν
1755 1153 1816 1206 τὸ
1834 1154 1931 1208 ἀν-

350 1241 444 1305 θος
472 1242 663 1313 αὐτῆς,
694 1242 789 1295 καὶ
813 1242 888 1306 ὡς
914 1243 1089 1315 κῆπος
1120 1243 1190 1297 τὰ
1215 1244 1503 1317 σπέρματα
1524 1246 1688 1299 αὐτοῦ
1719 1246 1933 1300 ἀνατέλ-

348 1330 453 1397 λει,
482 1331 656 1395 οὕτως
686 1332 930 1386 ἀνατελεῖ
957 1334 1157 1406 Κύριος
1200 1336 1403 1408 Κύριος
1446 1337 1810 1409 δικαιοσύνην,
1838 1340 1932 1392 καὶ

351 1423 669 1495 ἀγαλλίαμα
699 1425 937 1479 ἐναντίον
969 1427 1184 1480 πάντων
1212 1428 1320 1482 τῶν
1348 1428 1537 1482 ἐθνῶν.
1570 1449 1587 1480 ι
1608 1430 1672 1483 Ἦ
1702 1429 1798 1483 τοῦ
1822 1432 1933 1483 Κυ-

353 1515 472 1585 ρίου
506 1515 663 1587 ὴμῶν
696 1516 874 1588 ’ἱησοῦ
917 1519 1152 1590 Χριστοῦ
1192 1520 1358 1593 ψυχὴ,
1394 1524 1521 1594 περί¹
1547 1518 1615 1595 ἧς
1647 1524 1797 1593 ἔλεγε
1828 1526 1889 1578 τό
1912 1541 1927 1555 ⁸

355 1626 377 1659 ι
408 1608 714 1679 Περίλυπός
736 1610 884 1665 ἐστιν
911 1612 943 1682 ἡ
967 1612 1111 1684 ψυχή
1139 1630 1261 1685 μου,
1288 1633 1306 1665 ι
1340 1615 1434 1669 καὶ
1466 1616 1557 1669 τό·
1595 1636 1613 1668 ι
1644 1616 1757 1670 Νῦν
1781 1620 1814 1689 ἡ
1836 1618 1932 1687 ψυ-

349 1701 419 1772 χή
450 1713 550 1771 μου
583 1701 934 1773 τετάρακται,
960 1722 979 1756 ι
1018 1705 1104 1757 ἐπ’
1140 1705 1316 1759 οὐδενὶ
1348 1707 1455 1760 τῶν
1494 1708 1734 1780 γενητῶν
1762 1709 1931 1778 ἀγαλ-

347 1788 441 1860 λιᾷ
469 1790 565 1843 καὶ
586 1791 953 1862 εὐφραίνεται,
983 1791 1015 1864 ἢ
1045 1794 1136 1846 ἐπὶ
1169 1795 1315 1865 μόνῳ
1355 1796 1433 1869 τῷ
1473 1797 1650 1869 Πατρὶ
1682 1798 1775 1851 καὶ
1821 1801 1930 1851 Κυ-

354 1879 454 1950 ρίῳ
471 1896 484 1910 ·
519 1880 733 1934 ἐνέδυσε
758 1882 865 1953 γάρ
904 1898 986 1935 τοι
1033 1884 1195 1936 αὑτὸν
1221 1881 1283 1937 τὸ
1302 1885 1401 1955 τῆς
1423 1885 1672 1958 θεότητος
1695 1887 1928 1958 ἱμάτιον,

349 1972 447 2024 καὶ
470 1968 562 2024 τὸν
589 1972 687 2043 τῆς
717 1972 950 2046 ἀληθοῦς
975 1976 1066 2028 καὶ
1097 1974 1309 2039 τελείας
1341 1976 1680 2049 εὐφροσύνης
1705 1977 1925 2049 χιτῶνω

347 2060 488 2114 ἀλλὰ
523 2063 619 2115 καὶ
655 2064 689 2134 ή
723 2062 792 2135 (ό)
829 2064 930 2135 μὲν
960 2065 1192 2136 νυμφίος
1224 2066 1435 2138 ὑπῆρχε
1465 2068 1562 2140 τῆς
1597 2068 1671 2139 μὴ
1700 2067 1930 2141 ἐχούσης

351 2152 541 2206 σπῖλον
581 2154 614 2226 ἢ
656 2156 840 2227 ῥυτίδα
870 2156 1087 2229 νύμφης
1119 2157 1462 2228 Ἐκκλησίας,
1495 2159 1572 2222 ὡς
1601 2160 1816 2231 νυμφίῳ
1848 2160 1933 2231 μί-

348 2258 484 2316 τραν
511 2247 646 2317 αὐτῇ
680 2247 765 2318 (ᾦ)
800 2247 1147 2322 περιέθηκεν,
1172 2251 1207 2321 ἡ
1244 2250 1301 2304 δὲ
1331 2250 1514 2321 νύμφη
1541 2251 1642 2320 τῆς
1672 2251 1933 2305 ἀνωτάτω

346 2334 444 2387 τοῦ
471 2334 640 2404 ψόγου
660 2336 929 2409 θεότητος,
951 2338 1017 2410 ἦν
1045 2338 1122 2403 ὡς
1150 2340 1367 2411 νύμφην
1394 2340 1564 2412 αὐτὴν
1584 2341 1930 2412 κατεκόσμη-

351 2442 414 2480 σε
461 2426 539 2496 τῷ
573 2429 833 2500 πρέποντι
878 2429 1147 2501 πνεύματι
1178 2431 1477 2502 Κυρίῳ(ου)
1526 2431 1745 2503 κόσμῳ’
1797 2432 1935 2487 ἀλλὰ

349 2518 445 2572 καὶ
476 2518 551 2582 ὡς
587 2517 818 2592 εὔφορον
866 2520 959 2574 καὶ
987 2521 1201 2594 ἀγαθὴν
1230 2524 1333 2594 γῆν
1359 2524 1709 2595 ἐγεώργησεν
1738 2523 1928 2594 αὐτὴν,

349 2609 432 2663 ἐτι
461 2608 519 2662 τε
545 2610 622 2674 ὡς
647 2611 824 2682 κῆπον
851 2611 1084 2679 αὔξοντα
1114 2616 1209 2668 καὶ
1233 2613 1494 2668 θάλλοντα
1534 2617 1647 2678 τοῖς
1677 2615 1738 2668 ἐν
1782 2614 1931 2686 αὐτῷ

351 2699 715 2773 βλαστήμασι,
743 2697 827 2767 οἷς
871 2705 967 2758 ml.
1015 2707 1045 2758 ό
1094 2706 1261 2777 μέγας
1291 2705 1388 2760 τοῦ
1433 2705 1567 2759 Θεοῦ
1607 2706 1931 2778 παράδεισος

348 2794 864 2864 καταπεφυτεῦσθαι
908 2795 1351 2865 λέγεται.⁹Εσται
1394 2795 1452 2849 δὲ
1500 2794 1694 2860 ταῦτα,
1743 2796 1926 2866 φησὶν,

350 2886 474 2939 ἐπεὶ
498 2885 703 2950 δίκαιος
724 2886 800 2940 ῶν
827 2888 1051 2960 Κύριος,
1084 2888 1178 2943 καὶ
1200 2889 1260 2942 οὐ
1288 2888 1445 2960 μόνον
1476 2890 1764 2953 Ἰουδαίων,
1795 2890 1930 2945 ἀλλά

353 2979 447 3031 καί
477 2977 647 3032 ἐθνῶν
668 2980 927 3051 ὑπάρχων
948 2980 1100 3043 Θεὸς,
1120 2981 1357 3034 ἀνέτειλε
1385 2982 1484 3053 τὴν
1512 2981 1705 3036 ἑαυτοῦ
1730 2981 1931 3034 δικαιο-

356 3070 539 3143 σύνην,
572 3070 713 3126 τοῦτ’
745 3071 862 3125 ἐστι
896 3073 988 3125 τὸν
1023 3071 1254 3145 Χριστὸν
1296 3074 1482 3137 αὐτοῦ,
1521 3075 1760 3128 ἐναντίον
1787 3075 1927 3129 πάν-

348 3179 459 3216 των
486 3162 594 3217 τῶν
619 3162 685 3216 δι’
711 3163 875 3217 αὐτοῦ
904 3164 1269 3218 πιστευόντων
1294 3164 1484 3218 ἐθνῶν.

857 3256 1251 3312 ΚΕΦΑΛΑΙΟΝ
1281 3245 1413 3312 ‘Ai".

426 3348 661 3419 «Ἄρατε
695 3344 970 3420 σύσσημον
1018 3351 1098 3413 είς
1139 3350 1209 3404 τὰ
1234 3350 1531 3422 ἔθνη.⁹Ιδοὺ
1562 3351 1689 3421 γὰρ,
1726 3353 1929 3424 Κύριος

349 3440 602 3511 ἐποίησεν
633 3441 898 3495 ἀκουστὸν
939 3441 1042 3504 ἕως
1074 3442 1302 3513 ἐσχάτου
1331 3443 1431 3514 τῆς
1461 3445 1585 3515 γῆς.
1620 3443 1826 3498 Εἴπατε
1860 3448 1922 3515 τῇ

349 3533 579 3606 θυγατρὶ
608 3532 747 3588 Σιών
769 3552 783 3565 ’
826 3532 955 3587 ἰδού
985 3550 1068 3588 σοι
1098 3537 1128 3589 ὁ
1154 3534 1344 3607 Σωτὴρ
1379 3536 1751 3607 παραγέγονεν
1785 3536 1924 3607 ἔχων

348 3626 440 3679 τὸν
485 3625 681 3680 ἑαυτοῦ
733 3626 921 3697 μισθὸν
953 3627 1070 3698 μετ’
1104 3627 1289 3691 αὐτοῦ,
1323 3628 1418 3681 καὶ
1468 3628 1529 3681 τὸ
1574 3628 1734 3701 ἔργον
1760 3628 1922 3682 αὐτοῦ

350 3712 457 3784 πρὸ
485 3711 773 3784 προσώπου
806 3714 971 3768 αὐτοῦ
991 3731 1004 3745 ·
1039 3714 1133 3768 καὶ
1166 3715 1381 3769 καλέσει
1410 3716 1570 3770 αὐτὸν
1595 3715 1722 3770 λαὸν
1748 3717 1921 3785 ἅγιον,

350 3802 753 3875 λελυτρωμένον
780 3804 885 3859 ὑπὸ
913 3805 1118 3878 Κυρίου
1137 3823 1150 3835 ·
1183 3807 1247 3859 σὺ
1271 3805 1327 3859 δὲ
1365 3806 1611 3880 κληθήσῃ
1636 3808 1924 3878 ἐπιζητου-

351 3892 487 3965 μένη
509 3892 681 3958 πόλις,
710 3895 804 3947 καὶ
817 3895 917 3947 οὐκ
943 3894 1499 3968 ἐγκαταλελειμμένη.
1515 3916 1638 3950 ι-ι
1665 3897 1759 3960 Τίς
1774 3894 1926 3964 οὗτος

348 3984 833 4056 ὁπαραγενόμενος
849 3984 1121 4058 ἐξἘδὼμ,
1149 3987 1399 4061 ἐρύθημα
1431 3988 1661 4060 ἱματίων
1672 3990 1836 4044 αὑτοῦ
1860 3996 1924 4045 ἐκ

348 4071 550 4145 Βοσόρς
577 4074 763 4139 Οὕτως
781 4075 983 4147 ὡραῖος
998 4078 1054 4130 ἐν
1072 4081 1230 4149 στολῇ
1249 4078 1433 4143 αὐτοῦ,
1450 4079 1539 4152 βίᾳ
1556 4080 1692 4151 μετά
1711 4082 1921 4152 ίσχύοςς

360 4163 502 4233 Ἐγὼ
518 4165 834 4238 διαλέγομαι
849 4166 1191 4240 δικαιοσύνην
1213 4168 1308 4223 καὶ
1331 4169 1506 4241 κρίσιν
1524 4188 1812 4243 σωτηριου.
1828 4172 1926 4226 Διά

346 4256 400 4311 τί
424 4273 514 4310 σου
545 4257 750 4329 ἐρυθρὰ
773 4258 844 4315 τὰ
874 4259 1084 4331 ἱμάτια,
1105 4261 1200 4314 καὶ
1222 4260 1292 4316 τὰ
1313 4262 1586 4334 ἐνδύματά
1608 4280 1700 4317 σου
1725 4264 1801 4327 ὡς
1819 4265 1925 4318 ἀπὸ

348 4347 589 4417 πατητοῦ
620 4348 822 4421 ληνοῦ;
851 4350 1071 4422 Πλήρης
1100 4352 1651 4425 καταπεπατημένης,
1685 4353 1776 4406 καὶ
1816 4353 1923 4405 τῶν

347 4437 516 4492 ἐθνῶν
537 4438 635 4491 οὐκ
659 4438 805 4492 ἐστιν
838 4439 977 4511 ἀνὴρ
1013 4442 1129 4511 μετ’
1159 4440 1317 4511 ἐμοῦ,
1336 4442 1430 4494 καὶ⁵
1459 4442 1809 4513 κατεπάτησα
1830 4444 1926 4495 αὺ-

344 4533 471 4594 τοὺς
495 4533 555 4585 ἐν
582 4529 739 4603 θυμῷ
782 4549 904 4603 μου.
929 4552 947 4583 ι
983 4532 1151 4587 Πάλιν
1178 4534 1412 4587 ἐνταῦθα
1433 4536 1467 4605 ἡ
1493 4534 1793 4606 προφητεία
1821 4552 1926 4587 ποι-ο

348 4620 697 4692 ρακελεύεται
728 4620 911 4676 λαϐεῖν
946 4623 1222 4696 σύσσημον
1248 4613 1376 4696 περὶ
1402 4626 1497 4695 τῆς
1534 4624 1592 4691 ἐξ
1620 4624 1787 4678 ἐθνῶν
1803 4626 1923 4678 Ἑκ-

345 4714 596 4785 γλησίας,
631 4715 1035 4787 ὑπισχνουμένη
1079 4715 1402 4781 ἐξάκουστόν
1449 4735 1500 4771 τι
1549 4718 1795 4789 ποιήσειν
1832 4716 1923 4770 τὸν

344 4804 553 4877 Κύριον
593 4805 699 4870 ἕως
741 4806 969 4877 ἐσχάτου
1016 4806 1114 4877 τῆς
1158 4808 1260 4878 γῆς
1281 4824 1295 4838 ·
1328 4807 1357 4861 ὃ
1384 4809 1476 4861 καὶ
1507 4808 1680 4880 πέρας
1709 4807 1923 4880 εἴληχεν

2027 4808 2231 4879 pletum
2246 4818 2331 4865 cst
2344 4807 2645 4865 Salvatoris
2665 4810 2839 4865 nostri
2857 4809 2999 4882 Iesu;
3013 4810 3270 4880 adventu,
3302 4814 3359 4870 in
3384 4829 3599 4871 omnem
3620 4887 3626 4897 ν

345 4896 488 4971 (φεν)
516 4898 611 4952 ἐπὶ
628 4900 696 4970 τῇ
721 4897 812 4951 τοῦ
843 4896 1095 4974 Σωτῆρος
1120 4899 1275 4969 ἡμῶν
1319 4900 1491 4970 Ἰησοῦ
1520 4903 1812 4973 παρουσίᾳ,
1843 4903 1922 4964 εἰς

345 4993 526 5046 πᾶσαν
554 4991 653 5063 τὴν
687 4991 791 5063 γῆν
822 4991 1129 5060 ἐξελθόντος
1159 4992 1253 5046 τοῦ
1292 4991 1530 5062 φθόγγου
1558 4993 1666 5047 τῶν
1695 4995 1921 5049 ἀποστό-

341 5084 454 5138 λων
478 5082 666 5146 αύτοῦ,
702 5086 796 5138 καὶ
840 5084 921 5148 είς
964 5082 1033 5137 τὰ
1077 5084 1287 5157 πέρατα
1319 5085 1416 5157 τῆς
1462 5081 1785 5159 οἰκουμένης
1811 5088 1919 5142 τῶν

348 5175 607 5247 ῥημάτων
638 5174 834 5229 αὐτῶν.
852 5175 1012 5248 Ἑξῆς
1032 5178 1280 5248 εἴρηται*
1322 5195 1341 5228 ι
1367 5178 1570 5232 Εἴπατε
1599 5182 1718 5243 ταῖς
1751 5180 1919 5250 θυγα-

342 5265 506 5339 τράσι
530 5265 688 5320 Σιών.
722 5286 741 5318 ι
772 5266 990 5339 (δηλαδὴ
1024 5270 1143 5333 ταῖς
1171 5268 1234 5335 ἐξ
1256 5269 1424 5322 ἐθνῶν
1439 5270 1802 5343 Ἐκκλησίαις·
1833 5266 1925 5326 αῦ-

342 5374 436 5414 ται
470 5358 580 5431 γάρ
610 5375 693 5414 τοι
719 5359 1012 5433 θυγατέρες
1036 5360 1103 5414 ἂν
1134 5357 1245 5415 εἷεν
1274 5361 1373 5432 τῆς
1400 5362 1721 5434 ἐπουρανίου
1749 5363 1885 5417 Σιὼν
1906 5405 1920 5430 ,

350 5451 519 5523 «ἥτις
562 5453 679 5506 ἐστὶ
725 5454 910 5524 μήτηρ
952 5453 1108 5525 ἡμῶν
1152 5474 1173 5505 ι
1220 5452 1362 5508 κατὰ
1399 5453 1492 5507 τὸν
1525 5454 1921 5526 ’Δπόστολονή

351 5564 371 5598 ι
392 5545 524 5600 Ἰδού
557 5562 636 5599 σοι
662 5547 690 5599 ό
724 5545 912 5617 Σωτὴρ
938 5546 1294 5617 παραγίνεται
1325 5546 1467 5618 ἔχων
1496 5548 1589 5602 τὸν
1616 5547 1804 5602 ἐαυτοῦ
1828 5566 1921 5620 μι-

421 5664 439 5736 ξ
481 5659 584 5736 isa.
619 5676 743 5736 ut,
775 5663 861 5729 10,
906 5664 992 5716 Η.
1068 5665 1088 5694 ⁸
1129 5664 1320 5720 Matth.
1355 5682 1514 5736 xxvi,
1552 5667 1640 5725 58.

350 5733 372 5765 ‘
401 5732 520 5789 Gal.
562 5749 636 5796 tv,
670 5731 760 5785 26.

587 5825 860 5885 Ρηιιοι..
892 5822 1008 5883 Gn.
1036 5821 1244 5886 XXII.

1958 794 2006 850 Α

1757 5669 1779 5701 ³
1817 5667 1975 5725 Joan.
2008 5683 2089 5724 xu
2106 5666 2215 5734 ,27.

2581 781 2812 838 CAPUT
2849 781 3068 838 XXXII.

2110 894 2130 927 ι
2165 874 2410 932 Gaudeat
2433 877 2615 930 anima
2636 890 2759 930 mea
2781 876 2838 930 in
2869 874 3100 931 Domino
3126 895 3140 931 :
3169 876 3296 947 quia
3321 877 3500 936 induit
3522 896 3613 937 me

2032 967 2374 1025 vestimentis
2412 968 2649 1023 salutis:
2679 973 2736 1021 et
2764 966 3083 1023 indumento
3115 951 3347 1038 jitstitia:
3370 969 3610 1027 circum-

2032 1056 2183 1114 dedit
2206 1073 2311 1122 me,
2335 1058 2493 1129 quasi
2508 1072 2771 1128 sponsum
2789 1057 3105 1114 decoratum
3120 1072 3345 1123 corona,
3369 1068 3423 1116 et
3448 1065 3607 1131 quasi

2033 1165 2290 1221 sponsam
2317 1157 2570 1207 ornatam
2604 1149 2901 1205 monilibus
2933 1150 3069 1205 suis.
3101 1149 3255 1206 Sicut
3273 1150 3421 1208 enim
3458 1160 3607 1209 terra

2032 1239 2242 1312 profert
2268 1255 2490 1311 germen
2522 1254 2717 1304 suum,
2747 1247 2803 1294 et
2830 1239 2976 1295 sicut
3011 1238 3203 1296 hortus
3229 1254 3419 1295 semen
3445 1254 3607 1296 suum

2032 1332 2303 1404 geminat
2321 1371 2338 1395 ,
2365 1331 2448 1387 sic
2474 1330 2744 1388 Dominus
2772 1330 2918 1388 Deus
2947 1331 3275 1403 germinabit
3294 1332 3567 1403 justitiam
3587 1372 3607 1401 ,

2032 1433 2088 1481 et
2134 1423 2351 1479 laudem
2405 1439 2593 1479 coram
2644 1422 2919 1479 universis
2969 1424 3226 1494 gentibus
3268 1425 3307 1477 ⁸.
3341 1444 3361 1477 ι
3390 1424 3605 1479 Domini

2031 1515 2358 1575 nostriJesu
2374 1514 2581 1571 Christi
2624 1517 2838 1578 anima,
2893 1515 2960 1571 de
3004 1531 3113 1586 qua
3155 1516 3333 1571 dixit:
3363 1533 3381 1568 ι
3411 1514 3607 1572 Tristis

2032 1617 2119 1665 est
2151 1609 2344 1665 anima
2387 1623 2507 1664 mea
2544 1612 2591 1674 ’,
2625 1627 2645 1660 ι
2677 1616 2770 1664 et:
2803 1627 2820 1659 ι
2853 1606 3010 1664 Nunc
3031 1609 3212 1663 anima
3249 1622 3370 1665 mea
3388 1607 3607 1663 turbata

2032 1707 2117 1754 est
2154 1699 2199 1764 ³,
2230 1719 2248 1752 ι
2277 1699 2332 1753 in
2375 1698 2524 1755 nulla
2563 1704 2944 1752 creaturarum
2989 1697 3191 1767 gaudet
3234 1706 3291 1752 et
3338 1698 3605 1759 exsultat,

2034 1788 2139 1844 nisi
2175 1790 2229 1842 in
2264 1788 2385 1844 solo
2415 1786 2573 1842 Patre
2601 1795 2656 1843 et
2684 1787 2937 1845 Domino.
2981 1786 3163 1844 induit
3191 1788 3340 1843 enim
3367 1803 3493 1843 eum
3521 1789 3607 1842 di-

2030 1879 2276 1934 vinitatis
2306 1878 2657 1942 vestimento,
2688 1893 2938 1948 veraeque
2985 1888 3040 1933 et
3080 1876 3338 1948 perfectae
3378 1878 3610 1949 justitia

2031 1971 2377 2027 indumento.
2411 1970 2521 2026 Sed
2549 1977 2605 2026 et
2634 1984 2872 2041 sponsus
2895 1970 3108 2025 exstitit
3129 1986 3305 2043 neque
3336 1972 3606 2027 maculam

2036 2078 2216 2133 neque
2254 2077 2443 2135 rugam
2472 2062 2723 2117 habentis
2751 2076 2969 2132 sponsae
2995 2061 3290 2127 Ecclesiae,
3322 2078 3444 2134 quae
3480 2078 3606 2119 eum

1964 2142 2008 2198 Β
2032 2157 2192 2225 quasi
2222 2170 2427 2211 corona
2472 2154 2868 2220 circumdedit,
2912 2169 3116 2225 sponsa
3154 2170 3286 2211 vero
3318 2157 3609 2229 integerri-

2034 2262 2137 2302 mas
2163 2248 2501 2314 divinitatis,
2531 2261 2697 2319 quam
2731 2246 2879 2302 velut
2905 2262 3165 2317 sponsam
3208 2248 3472 2320 praeclaro
3501 2248 3609 2303 Do,

2033 2340 2169 2395 mini
2221 2340 2419 2411 spiritu
2475 2341 2775 2397 decoravit.
2833 2342 3108 2399 Praeterea
3162 2341 3311 2398 sicut
3367 2340 3608 2397 fertilem

2031 2430 2414 2500 egregiamque
2437 2436 2643 2484 terram
2669 2429 2914 2487 excoluit
2938 2445 3057 2486 eam
3077 2468 3095 2496 ,
3119 2438 3284 2500 atque
3308 2428 3454 2486 sicut
3479 2426 3641 2487 hor-.

2033 2531 2147 2575 tum
2192 2506 2592 2593 germinantem
2637 2530 2693 2577 et
2732 2522 3074 2593 germinibus
3120 2522 3238 2579 suis
3285 2519 3605 2581 ﬂorentem,

2032 2613 2233 2683 quibus
2264 2620 2320 2668 et
2350 2628 2583 2685 magnus
2610 2612 2706 2669 Dei
2736 2612 3028 2683 paradisus
3065 2623 3293 2669 ornatus
3321 2612 3491 2668 fuisse
3518 2612 3606 2667 di-

2032 2706 2198 2760 citur.
2230 2704 2356 2761 Haec
2377 2715 2565 2773 erunt,
2598 2707 2707 2771 ait,
2758 2713 3048 2777 postquam
3083 2705 3268 2775 justus
3300 2705 3559 2763 Dominus
3585 2700 3614 2771 ,’

2032 2813 2135 2853 nec
2187 2796 2351 2851 modo
2400 2794 2715 2852 Judaeorum
2766 2796 2860 2853 sed
2908 2802 2965 2850 et
3013 2797 3254 2866 gentium
3299 2795 3608 2852 dominator

2031 2890 2199 2954 Deus,
2228 2905 2381 2946 suam
2407 2889 3101 2962 germinaveritjustitiam,
3130 2889 3185 2943 id
3212 2895 3298 2946 est
3324 2886 3603 2943 Christum

2032 2997 2228 3047 suum,
2273 2996 2458 3050 coram
2501 2981 2771 3038 universis
2818 2994 2942 3051 qua:
2982 2979 3038 3033 in
3075 2994 3202 3034 eum
3246 2974 3602 3034 crediderunt

2031 3076 2305 3145 gentibus.

2561 3250 2792 3308 CAPUT
2831 3248 3071 3309 XXXIII.
3281 3310 3286 3317 δ

2103 3363 2122 3396 ι
2161 3343 2381 3428 Elevate
2408 3343 2624 3416 signum
2657 3345 2726 3399 ad
2755 3345 3009 3415 populos.
3041 3344 3183 3400 Ecce
3213 3341 3479 3402 Dominus
3506 3358 3604 3401 au-

2023 3435 2200 3491 ditum
2221 3434 2351 3491 fecit
2371 3434 2426 3490 in
2452 3435 2712 3493 extremis
2727 3443 2906 3492 teme.
2928 3434 3102 3507 Dicite
3123 3434 3248 3491 lilia:
3270 3434 3403 3492 Sion
3425 3452 3440 3489 :
3465 3432 3606 3491 Ecce

2031 3525 2283 3581 Salvator
2310 3535 2437 3582 tuus
2465 3531 2612 3581 venit
2642 3546 2658 3583 :
2686 3541 2815 3583 ecce
2844 3541 3059 3583 merces
3104 3524 3225 3599 ejus
3270 3541 3395 3583 cum
3426 3541 3522 3593 eo,
3551 3535 3606 3582 et

2028 3634 2165 3688 opus
2195 3618 2315 3688 ejus
2336 3633 2518 3674 coram
2540 3619 2653 3675 iilo.
2683 3606 2751 3672 Et
2780 3620 3055 3675 vocabunt
3073 3634 3190 3685 eos,
3221 3619 3453 3689 populus
3472 3635 3605 3675 san-

1968 3704 1975 3711 ’
2028 3720 2173 3772 ctus,
2207 3709 2473 3779 redempti
2531 3724 2560 3762 a
2616 3708 2867 3766 Domino.
2923 3708 3007 3766 Tu
3046 3719 3227 3766 autem
3272 3710 3603 3766 vocaberis:

2028 3800 2264 3868 Quaasita
2293 3801 2487 3856 civitas
2536 3808 2589 3857 et
2621 3817 2732 3857 non
2784 3802 3043 3858 derelicta
3063 3803 3105 3859 ⁸.
3145 3823 3165 3856 )
3203 3834 3269 3853 -τ-
3302 3824 3322 3857 ι
3352 3803 3491 3871 .Quis
3520 3816 3605 3863 est

2027 3896 2130 3951 iste
2154 3893 2249 3965 qui
2278 3892 2425 3948 venit
2456 3894 2525 3950 de
2559 3893 2723 3950 Edom
2746 3930 2764 3960 ,
2805 3895 2991 3951 tinctis
3026 3897 3266 3953 vestibus
3308 3898 3376 3953 de
3401 3898 3607 3955 Bosra?

2025 3978 2134 4039 iste
2166 3982 2440 4038 formosus
2467 3982 2522 4037 in
2555 3984 2692 4039 stola
2723 3999 2843 4049 sua,
2878 3984 3133 4056 gradiens
3166 3986 3220 4040 in
3255 3987 3604 4043 multitudine

2027 4069 2360 4129 fortitudinis
2379 4057 2533 4128 suae?
2555 4071 2666 4145 Ego
2688 4073 2779 4143 qui
2810 4074 3000 4144 loquor
3015 4073 3307 4143 justitiam,
3329 4084 3382 4130 et
3398 4091 3602 4148 propn-

2025 4174 2217 4236 gnator
2247 4174 2368 4219 sum
2402 4163 2469 4219 ad
2512 4165 2852 4221 salvandum.
2882 4164 3062 4232 Quare
3101 4181 3231 4238 ergo
3260 4170 3485 4225 rubrum
3520 4181 3605 4225 est

2026 4255 2402 4311 indumentum
2434 4265 2620 4320 tuum,
2658 4265 2712 4312 et
2740 4257 3064 4313 vestimenta
3090 4266 3182 4312 tua
3212 4259 3356 4314 sicut
3381 4260 3602 4317 calcan-

2026 4349 2161 4402 tium
2197 4348 2250 4402 in
2285 4347 2577 4403 torculari?
2622 4345 2890 4403 Tarcular
2937 4349 3140 4406 calcavi
3190 4351 3371 4417 solus,
3428 4361 3482 4409 et
3535 4356 3603 4412 de

2029 4440 2278 4512 gentibus
2300 4455 2409 4495 non
2440 4440 2624 4496 estvir
2655 4452 2869 4495 mecum
2903 4460 2917 4495 :
2953 4441 3159 4497 calcavi
3188 4458 3284 4499 eos
3331 4446 3384 4500 in
3420 4446 3602 4503 furore

2026 4546 2148 4587 meo
2162 4532 2205 4587 ⁸.
2241 4550 2262 4584 ι
2290 4531 2486 4587 lterum
2520 4531 2609 4586 hic
2636 4531 2920 4603 prophetia
2943 4530 3100 4602 jubet
3123 4534 3371 4605 accipere
3386 4537 3601 4609 signum

2025 4622 2093 4677 de
2118 4624 2358 4694 gentium
2393 4621 2659 4687 Ecclesia,
2686 4624 3010 4695 promittens
3036 4625 3184 4696 quod
3207 4624 3472 4687 Dominus
3504 4646 3602 4686 au-

2025 4714 2201 4770 ditum
2231 4714 2391 4772 faciet
2422 4730 2598 4786 usque
2625 4716 2695 4770 ad
2726 4723 2968 4772 extrema
3013 4724 3208 4786 terrae;
3240 4721 3386 4792 quod
3415 4730 3470 4779 et
3499 4724 3603 4777 im-

2028 4909 2230 4968 terram
2265 4899 2461 4956 dill'usa
2486 4903 2856 4973 apostolorum
2896 4903 3017 4973 ejus
3054 4904 3459 4975 praedicatione,
3477 4925 3602 4963 ver-

2027 4992 2220 5065 bisque
2262 5002 2449 5050 eorum
2499 4994 2567 5048 ad
2619 5002 2859 5048 extrema
2914 5002 3095 5051 terrae.
3147 4995 3283 5052 Dein
3325 4997 3527 5055 dicitur
3585 5022 3599 5056 :

2032 5105 2052 5138 ι
2086 5084 2260 5144 Dicite
2288 5085 2501 5142 filiabus
2541 5082 2672 5141 Sion
2704 5105 2724 5138 ι
2759 5085 3019 5157 (gentium
3062 5088 3273 5144 scilicet
3305 5088 3598 5147 Ecciesiis:

2027 5178 2156 5249 ipsa:
2169 5178 2313 5234 enim
2341 5179 2464 5233 ﬁliae
2488 5185 2615 5235 sunt
2647 5178 2891 5235 cmisstis
2934 5177 3085 5245 Sion,
3121 5199 3141 5232 ι
3170 5197 3291 5253 quas
3313 5190 3399 5237 est
3428 5194 3602 5239 mater

2024 5278 2237 5337 nostra,
2276 5291 2297 5324 ι
2323 5272 2480 5342 juxta
2508 5271 2830 5342 Apostolum
2854 5270 2932 5344 ‘):
2966 5291 2985 5324 ι
3026 5271 3164 5329 Ecce
3193 5272 3440 5331 Salvator
3471 5283 3600 5333 tuus

2023 5365 2194 5428 ‘venit,
2221 5380 2348 5420 ecce
2377 5379 2588 5420 merces
2608 5363 2728 5435 ejus
2754 5380 2883 5420 cum
2912 5380 2998 5430 eo,
3033 5384 3053 5419 ι
3077 5373 3132 5422 et
3154 5366 3383 5439 reliqua,
3400 5370 3598 5441 quibus

2024 5454 2329 5512 ostenditur
2381 5454 2656 5512 secundus
2701 5453 2907 5512 Christi
2936 5455 3224 5524 adventus,
3256 5474 3380 5515 cum
3428 5462 3598 5532 judcx

2025 5550 2222 5614 veniet,
2293 5546 2525 5604 reddens
2585 5548 2875 5620 unicuique
2917 5547 3082 5619 hujus
3155 5550 3280 5609 vitae
3324 5553 3595 5611 factorum

2319 5659 2371 5700 δ’
2399 5679 2481 5722 sa.
2529 5678 2648 5738 txu
2672 5703 2688 5731 ,
2720 5663 2822 5732 10,
2879 5665 2964 5721 Η.
3074 5665 3096 5697 ⁸
3131 5664 3235 5722 lsa.
3268 5683 3441 5737 unt,
3474 5671 3593 5730 1-3.

2808 6436 2825 6437 κ
2844 6433 2937 6439 γε..
2956 6422 3359 6439 ,λψρ-ι..
