4070 6464
506 276 648 334 {259
1208 259 1479 330 EUSEBII
1515 270 1999 330 CESARIENSIS
2033 273 2183 330 OPP.
2221 273 2404 330 PARS
2442 272 2530 331 Ill.
2570 302 2642 316 —
2677 271 3087 330 EXEGETICA.
3641 278 3790 332 ιεειη

503 394 849 458 rrercedem,
920 393 1356 464 ﬂagitiorumque
1423 409 1546 465 qua:
1603 395 1731 465 quis
1806 395 2056 452 admiseri

2154 433 2162 456 ι
2194 399 2338 462 σθὸν,
2369 417 2388 450 ι
2423 398 2518 452 καὶ
2560 397 2629 451 τὰ
2660 397 2868 461 τούτοις
2898 397 3044 468 ἐξῆς,
3075 395 3143 450 δι’
3177 388 3252 450 ὧν
3284 395 3538 468 δηλοῦται
3586 399 3621 468 ἡ
3664 399 3789 451 δευο

502 504 742 561 pmnam.
770 487 904 544 Dein
932 488 1279 558 interrogans
1299 487 1491 558 adjicit
1525 504 1745 545 sermo:
1787 507 1806 542 ι
1849 491 1984 558 Quis
2006 507 2056 547 es

2190 491 2325 562 τέρα
2348 489 2442 543 τοῦ
2471 489 2708 562 Χριστοῦ
2739 489 3029 560 παρουσία,
3068 489 3156 541 ὅτε
3187 489 3380 560 κριτὴς
3415 489 3536 559 ἣξει
3561 489 3784 542 ἀποδῶ-

503 581 607 636 iste
635 579 730 651 qui
759 581 909 634 venit
929 579 996 634 de
1023 579 1215 643 Edom,
1239 581 1426 635 tinctis
1460 581 1701 637 vestibus
1748 582 1818 638 de
1851 582 2031 655 Bosral

2191 599 2298 635 σων
2330 582 2544 651 ἑκάστῳ
2571 579 2680 634 τῶν
2728 581 2820 633 ἐπὶ
2860 579 2952 632 τοῦ
2990 579 3256 650 παρόντος
3304 580 3479 632 πόνων
3530 580 3660 643 τοῦς
3693 597 3787 650 μι-

484 673 668 750 Ι(ιιιιολ
696 673 1085 741 interpretatur
1141 673 1476 743 terrestris),
1509 690 1527 724 ι
1567 674 1669 730 iste
1700 673 1976 731 formosus
2031 677 2056 730 ἰ]

2190 673 2369 736 σθους,
2400 673 2493 726 καὶ
2539 667 2612 725 ὧν
2663 671 2893 734 ἕκαστος
2922 669 3140 740 φαύλων
3187 669 3480 740 εἰργάσατο
3534 669 3630 722 νῦν
3681 670 3783 731 τὰς

501 765 643 820 stola
673 765 811 819 sua?
840 784 858 816 ι
907 763 1021 818 Hoc
1072 763 1284 820 videtur
1316 765 1497 822 dicere
1523 773 1578 822 et
1605 775 1728 838 post
1751 767 2056 822 incarnatio

2187 763 2436 834 ἀμοιϐάς.
2455 762 2611 834 Ἑξῆς
2634 761 2841 825 τούτοις
2866 762 3028 814 οἱονεὶ
3056 760 3348 832 ἐπερωτῶν
3374 763 3403 813 6
3429 761 3596 827 λόγος
3620 762 3776 831 φησί’

500 870 645 920 nem,
664 863 717 910 et
746 865 868 926 post
889 856 1341 922 exinanitionem,
1364 867 1418 912 et
1449 857 1505 911 in
1535 866 1682 914 terra
1698 861 2056 914 commoratio

2191 877 2208 910 ι
2238 859 2332 922 Τίς
2363 851 2563 922 οὖτοςό
2586 856 3019 927 παραγινόμενος
3048 854 3108 918 ἐξ
3135 852 3334 925 Ἐδὼμ,
3366 853 3622 926 ἐρύθημα
3644 857 3777 926 ίμα-

498 963 643 1012 nem,
677 955 731 1003 et
763 949 1070 1017 passionem
1097 992 1113 1016 ,
1167 959 1222 1005 et
1255 949 1324 1004 ad
1353 959 1601 1007 mortuos
1646 951 2056 1008 descensionem

2183 950 2330 1014 τίων,
2379 971 2397 1003 ι
2433 951 2502 1021 (6
2529 949 2891 1022 ἑρμηνεύεται
2928 947 3181 1019 quita-cc.)
3217 967 3235 998 ι
3264 946 3515 1018 ἐρύθημα
3542 949 3778 1019 ἱματίων

496 1037 796 1093 admiratus
850 1038 1312 1108 pulchritudinem
1365 1047 1420 1095 et
1477 1040 1732 1096 decorem
1781 1039 2056 1097 Salvatori:

2181 1044 2246 1096 ἐκ
2273 1044 2442 1114 Βοσόρ
2461 1062 2474 1074 ο
2509 1042 2681 1105 οῦτως
2713 1042 2913 1113 ὡραῖος
2948 1042 3005 1093 ἐν
3025 1040 3088 1112 (f.
3115 1039 3182 1093 60
3211 1039 3293 1110 ιο)
3327 1040 3521 1112 στολῇς
3555 1061 3574 1091 ι
3604 1042 3778 1094 Τοῦτο

496 1131 616 1186 sine
653 1131 761 1184 ulla
783 1131 1183 1196 commistione,
1219 1147 1394 1206 neque
1425 1148 1639 1205 rugam,
1669 1149 1848 1206 neque
1897 1151 2084 1190 macu-

495 1223 622 1285 lam,
653 1240 829 1294 neque
876 1224 1273 1280 deformitatem
1319 1239 1350 1280 e
1401 1227 1650 1281 terrestri
1695 1228 2079 1300 corporaliqne

493 1314 828 1371 habitatione
870 1317 1078 1372 medias
1112 1317 1251 1372 inter
1309 1331 1396 1372 res
1432 1317 1714 1373 hominum
1767 1322 2072 1378 consecuti.

493 1406 604 1487 lmo
639 1407 1010 1464 fortitudinem
1058 1409 1178 1479 ejus
1222 1425 1550 1481 magnopere
1603 1412 1945 1480 admiratur,
1981 1417 2074 1487 qui

489 1482 705 1554 om'nem
740 1500 938 1555 diaboli
969 1502 1266 1558 exercitum
1305 1504 1618 1564 debellavit.
1654 1509 1819 1564 Addit
1859 1482 2025 1582 igitur
2057 1530 2070 1564 :

494 1605 512 1644 ι
544 1591 678 1657 Quis
705 1592 809 1646 iste
839 1593 1115 1649 formosus
1154 1594 1210 1648 in
1247 1596 1387 1650 stola
1411 1613 1529 1662 sua,
1563 1597 1820 1669 gradiens
1851 1599 1904 1655 in
1938 1602 2075 1655 mul-

489 1689 719 1742 titudine
742 1686 1079 1745 fortitudinis
1107 1690 1262 1744 suae?
1296 1709 1314 1742 ι
1348 1689 1429 1744 Ad
1475 1707 1638 1760 quam
1684 1691 2073 1763 interrogatio-

2179 1135 2236 1188 δὲ
2270 1135 2442 1189 ἔοικεν
2487 1133 2764 1207 εἰρηκέναι
2799 1132 3206 1204 ἀποθαυμάζων
3251 1131 3311 1184 τὸ
3358 1133 3452 1184 καὶ
3495 1134 3632 1204 μετά
3674 1128 3777 1204 τὴν

2177 1227 2589 1300 ἐνανθρώπησιν
2619 1227 2714 1280 καὶ
2770 1226 2869 1298 τὴν
2898 1226 3146 1290 κένωσιν,
3179 1227 3272 1279 καὶ
3297 1229 3393 1297 τὴν
3417 1226 3510 1278 ἐπὶ
3531 1226 3635 1295 γῆς
3655 1227 3778 1279 δια-

2175 1319 2387 1392 τριϐὴν,
2424 1319 2518 1372 καὶ
2564 1318 2702 1389 μετὰ
2743 1317 2805 1371 τὸ
2849 1316 3016 1380 πάθος
3065 1317 3158 1369 καὶ
3183 1316 3280 1388 τὴν
3308 1315 3530 1370 κάθοδον
3561 1316 3661 1386 τὴν
3694 1316 3776 1379 είς

2175 1412 2422 1482 νεκροὺς,
2453 1411 2652 1482 ὡραῖον
2685 1409 2780 1464 καὶ
2813 1409 3063 1481 λαμπρὸν
3112 1408 3205 1461 τοῦ
3250 1409 3478 1472 κάλλους
3524 1407 3620 1461 τοῦ
3652 1409 3773 1462 Σω-

2172 1503 2340 1574 τῆρος
2379 1505 2434 1555 ἐν
2476 1502 2664 1574 μηδενὶ
2697 1500 3077 1572 συγχυθέντος,
3113 1501 3250 1570 μηδέ
3278 1500 3447 1571 ῥύπον
3486 1501 3625 1571 μήτε
3662 1500 3772 1570 μὴν

2172 1593 2365 1664 κηλίδα
2392 1593 2484 1646 καὶ
2509 1591 2694 1646 σπῖλον
2721 1592 2828 1645 ἀπὸ
2853 1592 2952 1662 τῆς
2986 1590 3174 1660 ὑλικῆς
3200 1592 3294 1644 καὶ
3325 1589 3643 1660 σωματικῆς
3675 1606 3770 1641 κα-

2169 1683 2481 1748 ταστάσεως
2515 1683 2620 1736 τῶν
2650 1701 2709 1735 τε
2740 1683 2941 1754 γηΐνων
2985 1681 3078 1736 καὶ
3121 1681 3474 1754 ἀνθρωπείων
3509 1680 3773 1752 πραγμάο

487 1796 608 1833 nem
630 1779 878 1835 Salvator
895 1795 981 1835 res
989 1779 1417 1850 pondet,docens
1435 1783 1558 1851 quis
1575 1781 2045 1854 esset,dicensque

2177 1791 2284 1826 των
2306 1773 2701 1846 ἀναδεξαμένου
2727 1790 2742 1804 θ
2779 1773 2858 1827 ἔτι
2887 1773 2943 1826 δὲ
2971 1774 3064 1826 καὶ
3089 1772 3187 1844 τὴν
3220 1775 3371 1844 ἰσχὺν
3402 1772 3568 1827 αὑτοῦ
3597 1789 3772 1826 κατα-

492 1891 510 1922 ι
543 1871 653 1941 Ego
682 1871 773 1942 qui
803 1873 994 1943 loquor
1027 1872 1318 1943 justitiam,
1352 1883 1405 1929 et
1443 1886 1817 1945 propugnator
1855 1891 1974 1931 sum
2004 1875 2073 1930 ad

486 1963 825 2018 salvandum.
867 1984 884 2016 ι
925 1962 1246 2034 Rursusque
1279 1965 1346 2019 ad
1377 1981 1502 2019 eum
1539 1981 1718 2021 sermo
1747 1969 1902 2036 quasi
1949 1983 2071 2037 pro-

485 2063 602 2122 pter
631 2053 940 2123 passionem
969 2053 1101 2107 dicit
1130 2073 1142 2108 :
1176 2071 1193 2105 ι
1223 2054 1401 2119 Quare
1433 2069 1563 2122 ergo
1593 2056 1817 2110 rubrum
1855 2063 1934 2110 est
1983 2057 2072 2110 in-

482 2141 796 2196 (iumentum
832 2143 1025 2194 tuum?
1064 2161 1082 2193 ι
1111 2150 1164 2196 et
1191 2157 1312 2210 quae
1342 2151 1667 2213 sequuntur.
1714 2145 1883 2212 Quasi
1922 2146 2067 2201 enim

481 2233 668 2302 Agnus
693 2231 808 2295 Dei,
835 2234 1031 2290 tollens
1080 2235 1137 2288 in
1167 2236 1405 2305 seipsum
1446 2245 1666 2307 peccata
1700 2238 1912 2302 mundi,
1943 2254 2060 2308 pec-

476 2325 617 2380 catis
647 2327 852 2380 nostris
882 2326 1045 2380 rubra
1091 2326 1268 2382 induit
1319 2329 1665 2385 vestimenta.
1722 2329 2067 2401 Quapropter

469 2425 533 2469 (et
560 2416 613 2470 in
647 2416 913 2472 Zacharia
945 2419 1206 2488 propheta
1242 2419 1483 2474 dicitur:
1519 2439 1538 2472 ε
1565 2419 1726 2477 Jesus
1757 2432 1876 2476 erat
1905 2423 2066 2477 indu—

475 2512 567 2564 tus
597 2509 840 2565 vestibus
879 2509 1116 2566 sordid;s
1148 2511 1187 2564 ¹.
1236 2531 1254 2563 ι
1294 2511 1418 2566 Haec
1447 2513 1593 2568 enim
1627 2522 1784 2568 erant
1809 2522 2064 2583 peccato-

474 2610 595 2653 rum
629 2607 940 2653 nostrorum
973 2599 1314 2656 indumenta.
1346 2601 1470 2656 Ideo
1505 2603 1666 2673 paulo
1694 2605 1949 2672 superius
1978 2605 2063 2659 di-

475 2698 622 2744 ctum
659 2699 815 2746 erat:
855 2709 872 2742 ι
904 2689 1004 2745 llic
1037 2692 1354 2761 iniquitates
1404 2702 1622 2749 nostras
1670 2695 1824 2758 tulit,
1871 2703 1925 2749 et
1961 2711 2060 2765 pro

477 2781 634 2835 nobis
659 2795 855 2851 passus
885 2788 987 2836 est.
1039 2801 1057 2834 ι
1092 2783 1212 2853 Ipse
1239 2783 1382 2838 enim
1415 2803 1433 2835 ι
1463 2784 1806 2854 iniquitatem
1846 2800 1954 2840 non
1981 2786 2058 2841 fe-

473 2872 570 2935 cit,
600 2888 775 2944 neque
801 2874 1056 2930 inventus
1076 2883 1160 2933 est
1183 2875 1342 2932 dolus
1363 2875 1418 2931 in
1445 2892 1540 2932 ore
1558 2877 1680 2947 ejus
1709 2880 1750 2929 ³.
1798 2896 1816 2929 ι
1857 2878 2056 2933 lterum

476 2961 728 3018 Salvator
779 2966 1193 3036 interrogationi
1224 2970 1583 3038 respondens,
1614 2967 1756 3023 unde
1781 2969 1946 3024 rubra
1979 2971 2056 3026 fa-

473 3065 559 3112 cta
590 3058 700 3113 sint
734 3058 1055 3114 vestimenta
1110 3073 1210 3115 sua
1250 3059 1410 3114 docet
1461 3060 1651 3117 dicens
1684 3079 1697 3115 :
1737 3080 1756 3112 ‹
1808 3061 1851 3115 E
1879 3064 2054 3133 genti-

471 3151 595 3206 bus.
636 3169 654 3202 ι
689 3149 837 3217 Quas
871 3152 1088 3222 quidem
1119 3159 1328 3222 gentes,
1376 3154 1527 3208 nullo
1563 3154 1843 3209 hominum
1875 3156 1924 3210 ei
1959 3172 2056 3210 au-

469 3241 716 3305 xiliante,
743 3241 892 3298 solus
929 3242 1241 3308 constituit,
1294 3243 1529 3299 refracta
1562 3246 1925 3316 malignorum
1957 3248 2054 3303 ad-

468 3333 940 3404 versariorumque
970 3333 1262 3404 spirituum
1291 3334 1546 3392 universa
1580 3345 1870 3406 potestate.

2173 1866 2558 1938 πληττόμενος.
2587 1870 2685 1937 τὴν
2710 1869 2886 1920 πᾶσαν
2926 1866 3021 1920 τοῦ
3061 1866 3307 1921 διάϐολον
3342 1867 3605 1938 στρατιάν
3627 1883 3765 1919 κατ-

2171 1958 2599 2028 αγωνιπαμένου.
2635 1957 2914 2028 Ἐπιφέρει
2948 1955 3030 2021 τὸ,
3067 1976 3083 2008 ι
3115 1955 3302 2020 Οῦτως
3327 1957 3527 2028 ὡραῖος
3559 1960 3616 2009 ἐν
3643 1971 3770 2008 στο-

2169 2047 2257 2118 λῇ.
2278 2048 2370 2120 βίᾳ
2405 2049 2544 2119 μετά
2580 2049 2795 2119 ίσχύος;
2824 2068 2843 2100 ι
2871 2050 3008 2121 πρὸς
3035 2048 3326 2121 ἣν..πεῦσιν
3352 2051 3380 2102 6
3409 2048 3601 2120 Σωτὴρ
3626 2049 3768 2101 ἀπο-

2168 2141 2433 2211 κρίνεται,
2462 2141 2726 2195 διδάσκων
2759 2142 2908 2207 ὅστις
2937 2143 3070 2196 ποτὲ
3089 2137 3210 2214 εἴη,
3243 2143 3334 2196 καί
3367 2159 3592 2212 φησιν’(
3617 2139 3764 2208 Ἐγὼ

2166 2231 2481 2305 διαλέγομαι
2507 2235 2874 2309 δικαιοσύνην,
2909 2237 3005 2290 καὶ
3032 2241 3206 2308 κρῖμα
3236 2236 3557 2308 σωτηρίου.»
3590 2235 3763 2287 Πάλιν

2166 2324 2222 2378 δὲ
2244 2326 2380 2398 πρὸς
2404 2329 2566 2381 αὑτὸν
2595 2331 2624 2383 6
2663 2329 2828 2397 λόγος
2848 2329 2922 2392 ὼς
2948 2329 3036 2382 διὰ
3063 2329 3124 2382 τὸ
3151 2327 3324 2390 πάθος
3349 2329 3502 2398 φησί’
3535 2346 3554 2378 ι
3586 2326 3689 2379 Διὰ
3708 2325 3762 2380 τί

2167 2419 2260 2472 σοῦ
2291 2420 2497 2491 ἐρυθρὰ
2524 2425 2592 2475 τά
2629 2422 2856 2492 ίμάτια;
2892 2442 2910 2474 ι
2929 2423 3023 2476 καὶ
3046 2422 3113 2474 τά
3139 2421 3288 2492 ἐξῆς.
3319 2417 3421 2474 Οἷα
3436 2417 3764 2491 γάρἈμνδς

2162 2510 2257 2564 τοῦ
2288 2512 2445 2575 Θεοῦ,
2475 2513 2612 2584 ἄρας
2641 2516 2721 2578 είς
2753 2514 2942 2567 ἐαδτδν
2968 2514 3067 2578 τὰς
3096 2513 3374 2584 ἁμαρτίας
3400 2511 3494 2566 τοῦ
3520 2511 3758 2580 κόσμου,

2163 2606 2226 2656 ἐκ
2258 2605 2363 2657 τῶν
2390 2606 2671 2677 ἡμετέρων
2705 2606 2990 2678 ἁμαρτιῶν
3042 2605 3250 2678 ἐρυθρά
3276 2604 3346 2658 τὰ
3380 2603 3570 2674 ἱμάτια
3593 2619 3759 2674 περι-

2163 2695 2384 2748 ἐϐάλετο
2404 2713 2418 2728 ·
2464 2696 2540 2760 ὡς
2561 2695 2652 2749 διὰ
2693 2694 2852 2750 τοῦτο
2892 2698 2985 2750 καὶ¹
3012 2696 3070 2748 ἐν
3103 2696 3350 2766 Ζαχαρία
3385 2692 3463 2763 τῷ
3495 2692 3754 2764 προφήτῃ

2160 2787 2412 2856 λέγεσθαι
2453 2787 2551 2842 τό·
2596 2807 2614 2839 ι
2645 2789 2754 2842 Καὶ
2799 2788 3006 2859 Ἰησοῦς
3052 2784 3120 2858 ἦν
3165 2787 3511 2858 ἐνδεδυμένος
3559 2786 3754 2855 ἱμάτια

2161 2881 2382 2951 ῥυπαρά
2429 2899 2448 2931 ι
2488 2880 2672 2933 Ταῦτα
2697 2881 2741 2934 δ’
2764 2877 2832 2952 ἦν
2861 2881 2931 2934 τὰ
2959 2882 3020 2933 ἐκ
3045 2879 3155 2933 τῶν
3183 2879 3466 2951 ἡμετέρων
3498 2878 3757 2947 άμαρτη·

2161 2972 2346 3043 μάτων
2367 2972 2637 3043 ἐνδύματα
2657 2990 2670 3004 °
2696 2973 2763 3025 δι’
2780 2974 2815 3027 ἃ
2843 2972 3024 3044 μικρῴ
3058 2972 3294 3044 πρόσθεν
3323 2972 3544 3039 ἐλέγετο
3566 2987 3580 3001 ·
3603 2989 3621 3020 ι
3645 2964 3754 3024 Uia-

2156 3082 2247 3128 τος
2278 3064 2375 3128 τάς
2409 3065 2680 3137 ἁμαρτίας
2708 3066 2864 3136 ἡμῶν
2896 3064 3069 3136 φέρει,
3103 3066 3196 3118 καὶ
3220 3065 3349 3136 περὶ
3375 3063 3533 3134 ἡμῶν
3555 3062 3751 3115 ὀδυνᾶ-

2083 3135 2124 3190 C
2145 3153 2265 3210 ται.
2301 3177 2318 3208 ι
2346 3135 2647 3230 Αὐτὸςήγάρ
2681 3135 2760 3211 τοι
2806 3177 2823 3208 ι
2853 3135 3126 3229 ἁμαρτίαν
3168 3158 3269 3210 οὐκ
3300 3135 3594 3227 ἐποίησεν,
3623 3155 3750 3230 οὐδὲ

2155 3249 2353 3319 εὑρέθη
2380 3248 2527 3311 δόλος
2561 3250 2618 3301 ἐν
2646 3248 2722 3318 τῷ
2754 3249 2982 3318 στόματι
3023 3247 3208 3302 αὑτοῦ.
3241 3267 3259 3299 ι
3307 3247 3477 3301 Πάλιν
3502 3247 3546 3314 δ’
3570 3249 3599 3299 ό
3629 3248 3750 3300 Σω-

2149 3340 2256 3413 τὴρ
2289 3341 2646 3412 ἀμειϐόμενος
2673 3341 2773 3414 τὴν
2801 3339 3090 3412 ἐρώτησιν,
3118 3341 3239 3395 ὅθεν
3288 3339 3493 3412 ἐρυθρά
3532 3341 3748 3409 γένοιτο

468 3429 630 3482 αὐτοῦ
661 3429 730 3482 τὰ
779 3429 970 3500 ἱμάτια
1015 3430 1252 3483 διδάσκει
1279 3429 1471 3499 λέγων,
1505 3449 1524 3482 ι
1563 3431 1660 3485 Ἐκ
1683 3431 1792 3485 τῶν
1824 3432 2015 3486 ἐθνῶν.
2048 3453 2066 3486 ι
2107 3433 2286 3506 Ἀπερ
2316 3435 2464 3508 ἔθνη,
2500 3436 2728 3508 μηδενὸς
2779 3433 3082 3508 ἀνθρώπων
3117 3435 3265 3507 αύτῷ
3328 3434 3745 3508 συνεργοῦντος,

471 3527 629 3596 μόνος
659 3525 944 3591 ὑπέταξεν,
974 3527 1369 3596 καταπατήσας
1403 3526 1501 3597 τὴν
1558 3527 1942 3600 ἀντικειμένην
1995 3533 2176 3585 πᾶσαν
2227 3531 2458 3604 δύναμιν
2499 3533 2608 3587 τῶν
2655 3532 2930 3605 πολεμίων
2965 3531 3115 3604 αὐτῷ
3169 3533 3424 3605 πονηρῶν
3489 3531 3744 3602 πνευμά-

465 3640 574 3674 των
581 3665 594 3678 ο

991 3735 1218 3792 CAPUT
1276 3734 1516 3793 XXXIV.

541 3849 559 3881 ι
600 3829 666 3884 Et
689 3828 1008 3885 recordatus
1037 3838 1119 3885 est
1143 3828 1354 3884 dierum
1385 3845 1708 3886 swcuiorum
1743 3848 1755 3884 :
1791 3830 1882 3901 qui
1915 3829 2048 3885 edu-

2666 3735 3062 3790 ΚΕΦΑΛΑΙΟΝ
3102 3735 3222 3790 ΛΔ’.

2230 3849 2248 3882 ι
2278 3831 2389 3883 Καὶ
2418 3827 2662 3900 ἐμνήσθη
2702 3827 2906 3899 Κύριος
2934 3826 3156 3898 ἡμερῶν
3184 3827 3445 3879 αἰωνίων·
3475 3829 3504 3881 6
3539 3830 3735 3883 ἀναϐι-

462 3924 540 3980 xit
569 3939 600 3979 e
627 3934 770 3979 terra
811 3929 1085 3994 pastorem
1119 3923 1302 3977 ovium
1337 3938 1592 3994 magnum
1619 3963 1634 3988 ,
1667 3924 1957 3994 posuitque
1987 3925 2043 3979 in

2154 3923 2320 3988 ϐάσας
2354 3925 2418 3976 ἐκ
2439 3922 2540 3992 τῆς
2563 3921 2664 3992 γῆς
2686 3921 2776 3973 τὸν
2801 3919 3034 3990 ποιμένα
3064 3918 3173 3971 τῶν
3202 3919 3488 3991 προϐάτων
3513 3920 3604 3974 τὸν
3633 3923 3737 3992 μὲ-

459 4017 640 4073 medio
669 4032 856 4072 eorum
899 4016 1160 4087 Spiritum
1192 4023 1442 4071 sanctum
1485 4031 1646 4072 suum
1675 4017 1715 4073 ³.
1755 4036 1772 4068 ι
1821 4016 1886 4070 Ει
1915 4017 2041 4086 quis

2154 4033 2267 4085 γαν,
2303 4018 2330 4070 6
2362 4017 2472 4078 Osi;
2505 4016 2562 4066 ἐν
2589 4015 2770 4076 αὐτοῖς
2795 4013 2856 4066 τὸ
2896 4009 3122 4083 Πνεῦμα
3148 4011 3209 4064 τὺ
3243 4013 3416 4080 ἅγιον.
3445 4031 3468 4064 ι
3503 4015 3616 4067 Καὶ
3643 4016 3731 4082 τίς

458 4110 600 4165 alius
629 4119 770 4165 esset
794 4123 825 4161 a
854 4107 1084 4163 Domino
1117 4108 1184 4164 de
1213 4118 1358 4165 terra
1407 4108 1638 4164 eductus
1699 4115 1886 4178 pastor
1942 4108 2038 4166 Dei

2154 4106 2206 4160 Ξιν
2234 4106 2390 4170 ἄλλος
2422 4105 2506 4176 εἴη
2533 4107 2560 4158 6
2586 4103 2691 4158 ὑπὸ
2718 4103 2813 4156 τοῦ
2843 4103 3051 4172 Κυρίου
3095 4102 3486 4168 ἀναϐιϐασθεὶς
3524 4107 3588 4159 ἐκ
3626 4107 3728 4179 τῆς

457 4203 661 4270 ovium,
687 4203 793 4259 nisi
828 4202 1077 4258 Salvator
1106 4211 1314 4268 noster,
1354 4202 1449 4273 qui
1489 4201 1640 4257 venit
1672 4201 1741 4256 ad
1794 4202 2036 4272 perditas

2154 4199 2245 4268 γῆς
2270 4197 2470 4268 ποιμὴν
2491 4197 2598 4250 τῶν
2621 4194 2714 4249 τοῦ
2740 4194 2873 4248 Θεοῦ
2900 4194 3208 4268 προϐάτων,
3228 4194 3302 4267 ἢό
3330 4195 3723 4268 Σωτὴρήμῶν,

457 4309 586 4351 oves
617 4296 808 4352 domus
836 4295 1040 4352 Israel?
1089 4294 1190 4350 llic
1243 4302 1324 4351 est
1369 4294 1545 4350 bonus
1575 4300 1784 4365 pastor,
1815 4293 1908 4364 qui
1937 4309 2036 4363 po-

2154 4291 2168 4342 5
2197 4288 2364 4342 ἐλθὼν
2412 4289 2506 4342 ἐπὶ
2549 4288 2616 4342 τά
2664 4287 2978 4342 ἀπολωλότα
3009 4286 3257 4358 πρόϐατα
3287 4288 3435 4341 οἴκου
3466 4289 3721 4361 Ἰσραήλς

457 4388 568 4442 suit
591 4387 826 4442 animam
856 4404 1012 4443 suam
1039 4403 1139 4458 pro
1167 4387 1384 4448 ovibus.
1405 4402 1569 4459 quem
1600 4385 1762 4440 Pater
1782 4385 2034 4440 eductum

2154 4376 2307 4447 351:0;
2360 4381 2461 4452 γάρ
2503 4383 2649 4435 ἐστιν
2682 4381 2710 4433 6
2741 4381 2904 4444 καλὸς
2933 4379 3157 4451 ποιμὴν,
3191 4381 3220 4432 6
3250 4379 3364 4442 θεὶς
3403 4379 3500 4451 τὴν
3540 4380 3722 4452 ψυχὴν

455 4477 520 4533 de
539 4487 686 4532 terra
713 4478 990 4542 exaltavit,
1020 4496 1038 4530 ι
1076 4485 1129 4532 et
1169 4475 1394 4531 donavit
1424 4477 1502 4531 illi
1545 4492 1743 4532 nomen
1767 4475 1913 4547 quod
1955 4485 2040 4532 est

2154 4475 2303 4528 ιύτοῦ
2349 4474 2490 4546 ὑπὲρ
2532 4475 2640 4527 τῶν
2689 4473 2998 4545 προϐάτων,
3029 4472 3087 4525 6v
3109 4474 3139 4526 6
3163 4472 3353 4543 Πατὴρ
3382 4472 3722 4536 ἀναϐιϐάσας

454 4585 619 4638 super
641 4585 801 4625 omne
832 4585 1030 4626 nomen
1061 4569 1102 4624 ⁸.
1135 4589 1154 4622 ι

995 4747 1223 4804 CAPUT
1257 4746 1474 4803 XXXV.
2000 4792 2004 4796 .

528 4859 548 4892 ι
581 4839 788 4897 Civitas
816 4838 1000 4895 Sancti
1026 4841 1105 4895 tui
1137 4839 1277 4895 facta
1327 4848 1413 4896 est
1460 4839 1677 4895 deserta
1701 4879 1717 4905 ,
1771 4840 1901 4895 Sion
1946 4839 2036 4896 de-

453 4939 599 4986 serta
648 4930 792 4987 facta
846 4940 964 4995 est,
1026 4929 1327 4988 Jerusalem
1379 4933 1623 4988 desolata
1671 4941 1771 4986 est.
1832 4931 2033 4988 Domus

453 5020 904 5078 sanctiﬁcationis
963 5034 1204 5088 nostrae,
1280 5031 1334 5078 et
1394 5025 1581 5094 gloria:
1641 5032 1873 5090 nostrae,
1936 5024 2031 5080 ubi

455 5109 810 5168 laudaveram
841 5122 892 5168 te
917 5121 1098 5184 patres
1130 5115 1335 5180 nostri,
1379 5113 1522 5170 facta
1565 5124 1650 5172 est
1696 5115 1751 5169 in
1785 5116 2030 5171 exustio-

453 5218 578 5257 nem
617 5202 760 5274 ignis
788 5243 802 5269 ,
851 5212 904 5259 et
950 5205 1132 5260 omnia
1189 5205 1578 5262 desiderabilia
1641 5216 1829 5263 nostra
1870 5223 2029 5262 versa

454 5301 582 5348 sunt
611 5293 664 5348 in
696 5297 905 5352 ruinas.
938 5295 1192 5352 quuid
1245 5315 1407 5369 super
1451 5299 1539 5355 his
1580 5300 1890 5355 continebis
1941 5307 2027 5365 te,

453 5384 711 5440 Domine:
747 5389 952 5444 tacebis
994 5397 1047 5444 et
1087 5390 1290 5461 aﬂliges
1318 5407 1421 5448 nos
1445 5392 1791 5447 vehementer
1813 5391 1873 5444 ⁸2
1909 5409 1928 5444 ι
1958 5419 2030 5429 ——-

456 5498 479 5533 ι
516 5478 839 5536 Manifestus
864 5481 1040 5539 factus
1069 5500 1188 5540 sum
1215 5485 1283 5540 iis
1305 5485 1399 5557 qui
1423 5499 1533 5540 non
1562 5492 1688 5540 ante
1722 5486 2024 5554 interroga-

361 5567 370 5573 ’
449 5571 581 5629 bant
607 5588 725 5628 me:
763 5573 1088 5630 invenerunt
1110 5577 1202 5646 qui
1227 5592 1337 5632 non
1369 5576 1704 5649 qumsierunt
1732 5593 1820 5633 me
1846 5595 1860 5632 :
1883 5575 2024 5632 dixi:

520 5729 538 5759 ⁸
575 5729 740 5787 Zach.
776 5744 869 5795 ιιι,
902 5729 958 5785 4.
1035 5731 1055 5762 ³
1093 5731 1111 5785 1
1142 5729 1261 5786 Pet:
1327 5748 1402 5798 ιι,
1432 5731 1522 5790 22.
1581 5735 1627 5817 _’
1667 5733 1769 5790 lsa.
1809 5745 1976 5800 Lxut,
2004 5731 2102 5804 ll.
2183 5729 2206 5765 ⁸
2243 5729 2384 5789 Phil.
2420 5746 2494 5800 ιι,
2524 5730 2579 5789 9.

2137 4567 2203 4619 ἐκ
2224 4566 2320 4636 τῆς
2348 4566 2452 4636 γῆς
2474 4565 2823 4636 ύπερύψωσε,
2847 4583 2864 4616 ι
2888 4565 3255 4636 χαρισάμενος
3281 4563 3429 4635 αὐτῷ
3467 4565 3528 4619 τὸ
3545 4565 3720 4637 ὄνομα

2137 4657 2199 4711 τδ
2223 4658 2362 4729 ὑπὲρ
2391 4660 2497 4711 πᾶν
2525 4658 2712 4727 ὄνομα.
2739 4676 2756 4707 ι

2655 4747 3052 4800 ΚΕΦΑΛΑΙΟΝ
3091 4747 3214 4800 AE'.

2212 4856 2234 4891 ‹
2263 4840 2422 4904 Πόλις
2462 4840 2555 4893 τοῦ
2595 4838 2778 4907 Ἀγίου
2824 4856 2914 4891 σου
2960 4839 3193 4910 ἐγενήθη
3222 4838 3446 4910 ἔρημος,
3475 4836 3612 4892 Σιὼν
3638 4839 3722 4904 ὡς

2133 4933 2338 5005 ἕρημος
2367 4931 2618 5004 ἐγενήθη,
2635 4930 2986 5003 Ἰερουσαλὴμ
3015 4931 3094 4994 είς
3120 4932 3362 5002 κατάραν
3380 4948 3394 4961 ο
3426 4933 3455 4984 6
3482 4925 3631 4993 οἶκος
3653 4930 3718 4983 τὸ

2133 5025 2287 5094 ἆγιον
2316 5024 2495 5096 ἡμῶν,
2523 5025 2618 5078 καὶ
2654 5025 2687 5092 ἡ
2730 5023 2875 5089 δόξα,
2907 5023 2973 5094 ἣν
3023 5021 3330 5094 ηὑλόγησαν
3372 5024 3420 5076 οἱ
3475 5022 3717 5092 πατέρες

2129 5119 2162 5188 ἡ
2174 5117 2309 5189 μῶν,
2353 5117 2581 5189 ἐγενήοη
2632 5117 3022 5189 πυρίκαυστος,
3055 5117 3148 5170 καὶ
3192 5115 3368 5169 πάντα
3394 5115 3463 5170 τά
3487 5115 3714 5179 ἐπίδοξα

2134 5210 2168 5278 ἡ
2175 5207 2292 5279 μῶν
2307 5209 2627 5261 συνέπεσανο
2645 5207 2740 5262 καὶ
2754 5207 2846 5260 ἐπὶ
2858 5209 2990 5260 πᾶσι
3006 5206 3211 5270 τούτοις
3241 5205 3490 5277 ἀνέσχου,
3510 5205 3711 5277 Κύριε,

2134 5299 2230 5352 καὶ
2247 5297 2585 5372 ἐσιώπησας·
2607 5300 2699 5353 καὶ
2729 5298 3099 5362 ἐταπείνωσας
3123 5298 3269 5369 ἡμᾶς
3297 5297 3402 5360 ἕως
3432 5296 3658 5368 σφόδρα.
3683 5316 3706 5347 ι

2128 5422 2200 5432 —
2219 5411 2237 5442 ι
2262 5391 2541 5463 Ἐμφανὴς
2563 5389 2825 5462 ἐγενήθην
2847 5389 2960 5452 τοῖς
2983 5388 3084 5458 ἐμὲ
3113 5387 3188 5460 μὴ
3209 5387 3559 5460 ἐπερωτῶσιν
3576 5403 3590 5416 °
3613 5387 3713 5438 εὑ-

2135 5483 2296 5554 ρέθην
2341 5487 2452 5546 τοῖς
2486 5483 2586 5553 ἐμέ
2619 5481 2692 5553 μὴ
2723 5479 3004 5552 ζητοῦσινο
3036 5475 3194 5532 εἶπα·
3235 5478 3362 5534 Ἰδού
3403 5480 3519 5550 εἰμι
3562 5475 3708 5530 εθνει

2129 5574 2178 5628 οἳ
2203 5574 2303 5628 οὐκ
2329 5573 2725 5628 ἐπεκαλέσαντό
2760 5591 2860 5644 μου
2893 5573 2953 5626 τὺ
2981 5573 3181 5643 ὄνομα·
3209 5572 3301 5626 ἐπὶ
3331 5571 3387 5625 δέ
3427 5570 3487 5626 σὲ
3513 5568 3714 5637 ἐξεκέν-

2715 5746 2820 5790 asa.
2857 5747 3007 5801 uiv,
3044 5731 3228 5788 10-12.
