  <div class='ocr_page' id='page_1' title='image "/cluster/home/n/w/nwhite01/storage/ocr_20150623/22/hvd.32044073501140/638.png"; bbox 0 0 4070 6464; ppageno 0'>
   <div class='ocr_carea' id='block_1_1' title="bbox 330 364 466 422">
    <p class='ocr_par' dir='ltr' id='par_1_1' title="bbox 330 364 466 422">
     <span class='ocr_line' id='line_1_1' title="bbox 330 364 466 422; baseline -0.044 0"><span class='ocrx_word' id='word_1_1' title='bbox 330 364 466 422; x_wconf 70' lang='grc'><strong>4261</strong></span> 
     </span>
    </p>
   </div>
   <div class='ocr_carea' id='block_1_2' title="bbox 1521 345 2408 406">
    <p class='ocr_par' dir='ltr' id='par_1_2' title="bbox 1521 345 2408 406">
     <span class='ocr_line' id='line_1_2' title="bbox 1521 345 2408 406; baseline -0.002 0"><span class='ocrx_word' id='word_1_2' title='bbox 1521 349 1609 406; x_wconf 86' lang='lat' dir='ltr'><strong>DE</strong></span> <span class='ocrx_word' id='word_1_3' title='bbox 1647 350 1764 406; x_wconf 78' lang='lat' dir='ltr'><strong>Vl~T</strong></span> <span class='ocrx_word' id='word_1_4' title='bbox 1769 349 1832 406; x_wconf 88' lang='lat' dir='ltr'>IS</span> <span class='ocrx_word' id='word_1_5' title='bbox 1869 345 2408 405; x_wconf 78' lang='lat' dir='ltr'><strong>PROPHETARUM.</strong></span> 
     </span>
    </p>
   </div>
   <div class='ocr_carea' id='block_1_3' title="bbox 3448 342 3587 400">
    <p class='ocr_par' dir='ltr' id='par_1_3' title="bbox 3448 342 3587 400">
     <span class='ocr_line' id='line_1_3' title="bbox 3448 342 3587 400; baseline 0.007 -1"><span class='ocrx_word' id='word_1_6' title='bbox 3448 342 3587 400; x_wconf 65' lang='grc'><strong>1262</strong></span> 
     </span>
    </p>
   </div>
   <div class='ocr_carea' id='block_1_4' title="bbox 327 466 1911 547">
    <p class='ocr_par' dir='ltr' id='par_1_4' title="bbox 327 470 1904 547">
     <span class='ocr_line' id='line_1_4' title="bbox 327 470 1904 547; baseline -0.008 -12"><span class='ocrx_word' id='word_1_7' title='bbox 327 496 470 536; x_wconf 82' lang='grc' dir='ltr'>τασα</span> <span class='ocrx_word' id='word_1_8' title='bbox 494 477 590 540; x_wconf 77' lang='grc' dir='ltr'><strong>τὰς</strong></span> <span class='ocrx_word' id='word_1_9' title='bbox 612 471 797 547; x_wconf 79' lang='grc' dir='ltr'>χεῖράς</span> <span class='ocrx_word' id='word_1_10' title='bbox 822 487 922 545; x_wconf 84' lang='grc' dir='ltr'><strong>μου</strong></span> <span class='ocrx_word' id='word_1_11' title='bbox 942 473 1072 544; x_wconf 81' lang='grc' dir='ltr'>ὅλην</span> <span class='ocrx_word' id='word_1_12' title='bbox 1094 470 1195 544; x_wconf 80' lang='grc' dir='ltr'>τὴν</span> <span class='ocrx_word' id='word_1_13' title='bbox 1219 470 1432 543; x_wconf 79' lang='grc' dir='ltr'>ἡμέραν</span> <span class='ocrx_word' id='word_1_14' title='bbox 1454 470 1589 542; x_wconf 80' lang='grc' dir='ltr'>πρὸς</span> <span class='ocrx_word' id='word_1_15' title='bbox 1609 471 1736 525; x_wconf 77' lang='grc' dir='ltr'>λαδν</span> <span class='ocrx_word' id='word_1_16' title='bbox 1757 470 1904 522; x_wconf 77' lang='grc' dir='ltr'>ἀπεισ</span> 
     </span>
    </p>
   </div>
   <div class='ocr_carea' id='block_1_5' title="bbox 2011 466 3588 547">
    <p class='ocr_par' dir='ltr' id='par_1_5' title="bbox 2011 466 3588 538">
     <span class='ocr_line' id='line_1_5' title="bbox 2011 466 3588 538; baseline -0.003 -16"><span class='ocrx_word' id='word_1_17' title='bbox 2011 467 2148 522; x_wconf 86' lang='lat' dir='ltr'><strong>Ecce</strong></span> <span class='ocrx_word' id='word_1_18' title='bbox 2189 481 2291 538; x_wconf 89' lang='lat' dir='ltr'><strong>ego</strong></span> <span class='ocrx_word' id='word_1_19' title='bbox 2344 467 2411 521; x_wconf 89' lang='lat' dir='ltr'><strong>ad</strong></span> <span class='ocrx_word' id='word_1_20' title='bbox 2455 473 2671 537; x_wconf 84' lang='lat' dir='ltr'><strong>gentem</strong></span> <span class='ocrx_word' id='word_1_21' title='bbox 2703 482 2825 537; x_wconf 77' lang='lat' dir='ltr'><strong>qua:</strong></span> <span class='ocrx_word' id='word_1_22' title='bbox 2890 481 2998 520; x_wconf 92' lang='lat' dir='ltr'><strong>non</strong></span> <span class='ocrx_word' id='word_1_23' title='bbox 3043 466 3332 522; x_wconf 97' lang='lat' dir='ltr'><strong>invocabat</strong></span> <span class='ocrx_word' id='word_1_24' title='bbox 3383 482 3588 523; x_wconf 82' lang='lat' dir='ltr'><strong>nomen</strong></span> 
     </span>
    </p>
   </div>
   <div class='ocr_carea' id='block_1_6' title="bbox 331 559 1906 632">
    <p class='ocr_par' dir='ltr' id='par_1_6' title="bbox 331 559 1906 632">
     <span class='ocr_line' id='line_1_6' title="bbox 331 559 1906 632; baseline -0.01 -8"><span class='ocrx_word' id='word_1_25' title='bbox 331 569 530 624; x_wconf 84' lang='grc' dir='ltr'>θοῦντα</span> <span class='ocrx_word' id='word_1_26' title='bbox 550 568 642 621; x_wconf 79' lang='grc' dir='ltr'><strong>καὶ</strong></span> <span class='ocrx_word' id='word_1_27' title='bbox 664 565 1031 632; x_wconf 81' lang='grc' dir='ltr'>ἀντιλέγοντα,</span> <span class='ocrx_word' id='word_1_28' title='bbox 1049 562 1098 616; x_wconf 83' lang='grc' dir='ltr'>οἳ</span> <span class='ocrx_word' id='word_1_29' title='bbox 1124 562 1222 615; x_wconf 78' lang='grc' dir='ltr'><strong>οὐκ</strong></span> <span class='ocrx_word' id='word_1_30' title='bbox 1253 560 1626 632; x_wconf 77' lang='grc' dir='ltr'>ἐπορεύθησαν</span> <span class='ocrx_word' id='word_1_31' title='bbox 1654 559 1756 630; x_wconf 78' lang='grc' dir='ltr'><strong>ὁδῷ</strong></span> <span class='ocrx_word' id='word_1_32' title='bbox 1776 559 1906 629; x_wconf 84' lang='grc' dir='ltr'><strong>ἀλη-</strong></span> 
     </span>
    </p>
   </div>
   <div class='ocr_carea' id='block_1_7' title="bbox 330 647 1907 732">
    <p class='ocr_par' dir='ltr' id='par_1_7' title="bbox 330 647 1907 732">
     <span class='ocr_line' id='line_1_7' title="bbox 330 647 1907 732; baseline -0.009 -17"><span class='ocrx_word' id='word_1_33' title='bbox 330 661 472 732; x_wconf 79' lang='grc' dir='ltr'>θινῇ,</span> <span class='ocrx_word' id='word_1_34' title='bbox 490 659 603 713; x_wconf 75' lang='grc' dir='ltr'>ἀλλ’</span> <span class='ocrx_word' id='word_1_35' title='bbox 622 657 796 711; x_wconf 82' lang='grc' dir='ltr'>ὀπίσω</span> <span class='ocrx_word' id='word_1_36' title='bbox 819 655 926 709; x_wconf 89' lang='grc' dir='ltr'><strong>τῶν</strong></span> <span class='ocrx_word' id='word_1_37' title='bbox 954 653 1237 726; x_wconf 82' lang='grc' dir='ltr'>ἁμαρτιῶν</span> <span class='ocrx_word' id='word_1_38' title='bbox 1258 651 1459 706; x_wconf 79' lang='grc' dir='ltr'>αὐτῶν.</span> <span class='ocrx_word' id='word_1_39' title='bbox 1489 671 1507 704; x_wconf 73' lang='grc' dir='ltr'><strong>ι</strong></span> <span class='ocrx_word' id='word_1_40' title='bbox 1537 653 1646 705; x_wconf 75' lang='grc' dir='ltr'><strong>Καὶ</strong></span> <span class='ocrx_word' id='word_1_41' title='bbox 1673 647 1907 704; x_wconf 77' lang='grc' dir='ltr'>ἐνταῦθα</span> 
     </span>
    </p>
   </div>
   <div class='ocr_carea' id='block_1_8' title="bbox 330 739 1903 824">
    <p class='ocr_par' dir='ltr' id='par_1_8' title="bbox 330 739 1903 824">
     <span class='ocr_line' id='line_1_8' title="bbox 330 739 1903 824; baseline -0.009 -18"><span class='ocrx_word' id='word_1_42' title='bbox 330 749 798 824; x_wconf 81' lang='grc' dir='ltr'>προφητευθείσης</span> <span class='ocrx_word' id='word_1_43' title='bbox 828 747 1090 818; x_wconf 82' lang='grc' dir='ltr'>πρότερον</span> <span class='ocrx_word' id='word_1_44' title='bbox 1123 745 1222 816; x_wconf 86' lang='grc' dir='ltr'>τῆς</span> <span class='ocrx_word' id='word_1_45' title='bbox 1246 744 1341 798; x_wconf 83' lang='grc' dir='ltr'><strong>τοῦ</strong></span> <span class='ocrx_word' id='word_1_46' title='bbox 1371 742 1584 815; x_wconf 79' lang='grc' dir='ltr'>Ἰσραὴλ</span> <span class='ocrx_word' id='word_1_47' title='bbox 1611 739 1903 810; x_wconf 77' lang='grc' dir='ltr'>ἀποϐολῆς,</span> 
     </span>
    </p>
   </div>
   <div class='ocr_carea' id='block_1_9' title="bbox 329 832 1904 915">
    <p class='ocr_par' dir='ltr' id='par_1_9' title="bbox 329 832 1904 915">
     <span class='ocr_line' id='line_1_9' title="bbox 329 832 1904 915; baseline -0.008 -17"><span class='ocrx_word' id='word_1_48' title='bbox 329 845 460 915; x_wconf 78' lang='grc' dir='ltr'><strong>ἑξῆς</strong></span> <span class='ocrx_word' id='word_1_49' title='bbox 485 841 806 913; x_wconf 79' lang='grc' dir='ltr'>σημαίνεται</span> <span class='ocrx_word' id='word_1_50' title='bbox 831 843 864 911; x_wconf 77' lang='grc' dir='ltr'>ἡ</span> <span class='ocrx_word' id='word_1_51' title='bbox 883 839 990 892; x_wconf 89' lang='grc' dir='ltr'><strong>τῶν</strong></span> <span class='ocrx_word' id='word_1_52' title='bbox 1018 838 1186 892; x_wconf 84' lang='grc' dir='ltr'>ὲθνῶν</span> <span class='ocrx_word' id='word_1_53' title='bbox 1217 837 1415 908; x_wconf 79' lang='grc' dir='ltr'>ἐκλογὴ</span> <span class='ocrx_word' id='word_1_54' title='bbox 1445 835 1533 890; x_wconf 82' lang='grc' dir='ltr'><strong>διὰ</strong></span> <span class='ocrx_word' id='word_1_55' title='bbox 1553 833 1646 888; x_wconf 87' lang='grc' dir='ltr'><strong>τοῦ</strong></span> <span class='ocrx_word' id='word_1_56' title='bbox 1671 832 1904 906; x_wconf 79' lang='grc' dir='ltr'><strong>Χριστοῦ</strong></span> 
     </span>
    </p>
   </div>
   <div class='ocr_carea' id='block_1_10' title="bbox 330 926 1907 1007">
    <p class='ocr_par' dir='ltr' id='par_1_10' title="bbox 330 926 1907 1007">
     <span class='ocr_line' id='line_1_10' title="bbox 330 926 1907 1007; baseline -0.007 -18"><span class='ocrx_word' id='word_1_57' title='bbox 330 935 595 1007; x_wconf 79' lang='grc' dir='ltr'><strong>γενομένη</strong></span> <span class='ocrx_word' id='word_1_58' title='bbox 617 951 631 965; x_wconf 78' lang='grc' dir='ltr'><strong>ο</strong></span> <span class='ocrx_word' id='word_1_59' title='bbox 667 936 732 986; x_wconf 76' lang='grc' dir='ltr'><strong>ὲκ</strong></span> <span class='ocrx_word' id='word_1_60' title='bbox 765 931 1052 1004; x_wconf 84' lang='grc' dir='ltr'><strong>προσώπου</strong></span> <span class='ocrx_word' id='word_1_61' title='bbox 1084 930 1190 1001; x_wconf 86' lang='grc' dir='ltr'>γάρ</span> <span class='ocrx_word' id='word_1_62' title='bbox 1206 948 1288 983; x_wconf 90' lang='grc' dir='ltr'><strong>τοι</strong></span> <span class='ocrx_word' id='word_1_63' title='bbox 1318 929 1412 982; x_wconf 87' lang='grc' dir='ltr'><strong>τοῦ</strong></span> <span class='ocrx_word' id='word_1_64' title='bbox 1438 927 1568 981; x_wconf 90' lang='grc' dir='ltr'>λαοῦ</span> <span class='ocrx_word' id='word_1_65' title='bbox 1597 926 1761 996; x_wconf 83' lang='grc' dir='ltr'>εὐχὴν</span> <span class='ocrx_word' id='word_1_66' title='bbox 1778 926 1907 978; x_wconf 80' lang='grc' dir='ltr'>ἀνα-</span> 
     </span>
    </p>
   </div>
   <div class='ocr_carea' id='block_1_11' title="bbox 331 1014 1906 1100">
    <p class='ocr_par' dir='ltr' id='par_1_11' title="bbox 331 1014 1906 1100">
     <span class='ocr_line' id='line_1_11' title="bbox 331 1014 1906 1100; baseline -0.01 -18"><span class='ocrx_word' id='word_1_67' title='bbox 331 1029 646 1100; x_wconf 81' lang='grc' dir='ltr'>πέμψαντος</span> <span class='ocrx_word' id='word_1_68' title='bbox 679 1024 773 1078; x_wconf 87' lang='grc' dir='ltr'><strong>τοῦ</strong></span> <span class='ocrx_word' id='word_1_69' title='bbox 819 1024 1121 1095; x_wconf 79' lang='grc' dir='ltr'>προφήτου,</span> <span class='ocrx_word' id='word_1_70' title='bbox 1156 1024 1184 1075; x_wconf 85' lang='grc' dir='ltr'><strong>ὁ</strong></span> <span class='ocrx_word' id='word_1_71' title='bbox 1209 1020 1270 1083; x_wconf 74' lang='grc'><strong>(1⁵.</strong></span> <span class='ocrx_word' id='word_1_72' title='bbox 1304 1019 1586 1091; x_wconf 81' lang='grc' dir='ltr'>61)Λὸγος</span> <span class='ocrx_word' id='word_1_73' title='bbox 1614 1014 1906 1086; x_wconf 79' lang='grc' dir='ltr'>ἀποκρίνε-</span> 
     </span>
    </p>
   </div>
   <div class='ocr_carea' id='block_1_12' title="bbox 328 1104 1907 1190">
    <p class='ocr_par' dir='ltr' id='par_1_12' title="bbox 328 1104 1907 1190">
     <span class='ocr_line' id='line_1_12' title="bbox 328 1104 1907 1190; baseline -0.011 -16"><span class='ocrx_word' id='word_1_74' title='bbox 328 1137 420 1174; x_wconf 80' lang='grc' dir='ltr'><strong>ται</strong></span> <span class='ocrx_word' id='word_1_75' title='bbox 461 1119 556 1190; x_wconf 80' lang='grc' dir='ltr'>τὴν</span> <span class='ocrx_word' id='word_1_76' title='bbox 591 1115 852 1188; x_wconf 85' lang='grc' dir='ltr'>σκληρίαν</span> <span class='ocrx_word' id='word_1_77' title='bbox 880 1115 973 1168; x_wconf 78' lang='grc' dir='ltr'><strong>καὶ</strong></span> <span class='ocrx_word' id='word_1_78' title='bbox 998 1114 1061 1166; x_wconf 83' lang='grc' dir='ltr'>τὸ</span> <span class='ocrx_word' id='word_1_79' title='bbox 1085 1113 1306 1176; x_wconf 78' lang='grc' dir='ltr'>ἀπειθὲς</span> <span class='ocrx_word' id='word_1_80' title='bbox 1345 1110 1437 1164; x_wconf 89' lang='grc' dir='ltr'><strong>τοῦ</strong></span> <span class='ocrx_word' id='word_1_81' title='bbox 1466 1111 1731 1180; x_wconf 81' lang='grc' dir='ltr'>προτέρου</span> <span class='ocrx_word' id='word_1_82' title='bbox 1779 1104 1907 1160; x_wconf 88' lang='grc' dir='ltr'>λαοῦ</span> 
     </span>
    </p>
   </div>
   <div class='ocr_carea' id='block_1_13' title="bbox 327 1199 1902 1281">
    <p class='ocr_par' dir='ltr' id='par_1_13' title="bbox 327 1199 1902 1281">
     <span class='ocr_line' id='line_1_13' title="bbox 327 1199 1902 1281; baseline -0.01 -15"><span class='ocrx_word' id='word_1_83' title='bbox 327 1211 640 1281; x_wconf 77' lang='grc' dir='ltr'><strong>διελέγχων,</strong></span> <span class='ocrx_word' id='word_1_84' title='bbox 667 1210 760 1262; x_wconf 77' lang='grc' dir='ltr'><strong>καὶ</strong></span> <span class='ocrx_word' id='word_1_85' title='bbox 788 1207 848 1260; x_wconf 83' lang='grc' dir='ltr'><strong>τὸ</strong></span> <span class='ocrx_word' id='word_1_86' title='bbox 879 1204 1255 1278; x_wconf 85' lang='grc' dir='ltr'>φιλάνθρωπον</span> <span class='ocrx_word' id='word_1_87' title='bbox 1281 1202 1342 1257; x_wconf 87' lang='grc' dir='ltr'>τὸ</span> <span class='ocrx_word' id='word_1_88' title='bbox 1375 1199 1569 1256; x_wconf 84' lang='grc' dir='ltr'>ἑαυτοῦ</span> <span class='ocrx_word' id='word_1_89' title='bbox 1612 1199 1902 1270; x_wconf 73' lang='grc' dir='ltr'>παριστὰς.</span> 
     </span>
    </p>
   </div>
   <div class='ocr_carea' id='block_1_14' title="bbox 332 1290 1908 1372">
    <p class='ocr_par' dir='ltr' id='par_1_14' title="bbox 332 1290 1908 1372">
     <span class='ocr_line' id='line_1_14' title="bbox 332 1290 1908 1372; baseline -0.008 -17"><span class='ocrx_word' id='word_1_90' title='bbox 332 1302 456 1365; x_wconf 81' lang='grc' dir='ltr'>Πῶς</span> <span class='ocrx_word' id='word_1_91' title='bbox 485 1302 612 1372; x_wconf 82' lang='grc' dir='ltr'>γὰρ,</span> <span class='ocrx_word' id='word_1_92' title='bbox 640 1299 793 1370; x_wconf 80' lang='grc' dir='ltr'>φησὶ,</span> <span class='ocrx_word' id='word_1_93' title='bbox 823 1297 996 1352; x_wconf 83' lang='grc' dir='ltr'>ταῦτά</span> <span class='ocrx_word' id='word_1_94' title='bbox 1016 1296 1262 1368; x_wconf 85' lang='grc' dir='ltr'>φατε,ὼς</span> <span class='ocrx_word' id='word_1_95' title='bbox 1291 1294 1423 1366; x_wconf 77' lang='grc' dir='ltr'>ἐμοῦ</span> <span class='ocrx_word' id='word_1_96' title='bbox 1458 1293 1594 1365; x_wconf 83' lang='grc' dir='ltr'>πρὸς</span> <span class='ocrx_word' id='word_1_97' title='bbox 1623 1293 1683 1345; x_wconf 75' lang='grc' dir='ltr'><strong>τὸ</strong></span> <span class='ocrx_word' id='word_1_98' title='bbox 1713 1290 1908 1354; x_wconf 79' lang='grc' dir='ltr'><strong>σώζειν</strong></span> 
     </span>
    </p>
   </div>
   <div class='ocr_carea' id='block_1_15' title="bbox 331 1381 1909 1464">
    <p class='ocr_par' dir='ltr' id='par_1_15' title="bbox 331 1381 1909 1464">
     <span class='ocr_line' id='line_1_15' title="bbox 331 1381 1909 1464; baseline -0.007 -18"><span class='ocrx_word' id='word_1_99' title='bbox 331 1394 478 1464; x_wconf 79' lang='grc' dir='ltr'>ὑμᾶς</span> <span class='ocrx_word' id='word_1_100' title='bbox 519 1391 835 1455; x_wconf 84' lang='grc' dir='ltr'>όκνοῦντος;</span> <span class='ocrx_word' id='word_1_101' title='bbox 879 1391 989 1443; x_wconf 74' lang='grc' dir='ltr'><strong>Καὶ</strong></span> <span class='ocrx_word' id='word_1_102' title='bbox 1016 1388 1120 1460; x_wconf 81' lang='grc' dir='ltr'>μὴν</span> <span class='ocrx_word' id='word_1_103' title='bbox 1158 1387 1386 1449; x_wconf 74' lang='grc' dir='ltr'>καὶτοῖς</span> <span class='ocrx_word' id='word_1_104' title='bbox 1429 1385 1502 1456; x_wconf 79' lang='grc' dir='ltr'>μὴ</span> <span class='ocrx_word' id='word_1_105' title='bbox 1533 1381 1909 1456; x_wconf 79' lang='grc' dir='ltr'>ὲπερωτήσασί</span> 
     </span>
    </p>
   </div>
   <div class='ocr_carea' id='block_1_16' title="bbox 335 1475 1906 1555">
    <p class='ocr_par' dir='ltr' id='par_1_16' title="bbox 335 1475 1906 1555">
     <span class='ocr_line' id='line_1_16' title="bbox 335 1475 1906 1555; baseline -0.006 -18"><span class='ocrx_word' id='word_1_106' title='bbox 335 1502 425 1555; x_wconf 85' lang='grc' dir='ltr'><strong>με,</strong></span> <span class='ocrx_word' id='word_1_107' title='bbox 465 1483 599 1554; x_wconf 76' lang='grc' dir='ltr'><strong>μηδέ</strong></span> <span class='ocrx_word' id='word_1_108' title='bbox 639 1483 937 1553; x_wconf 79' lang='grc' dir='ltr'>ζητήσασιν</span> <span class='ocrx_word' id='word_1_109' title='bbox 985 1478 1242 1550; x_wconf 75' lang='grc' dir='ltr'><strong>ἐμφανῶς</strong></span> <span class='ocrx_word' id='word_1_110' title='bbox 1291 1477 1523 1548; x_wconf 75' lang='grc' dir='ltr'>ἐμαυτὸν</span> <span class='ocrx_word' id='word_1_111' title='bbox 1568 1475 1906 1547; x_wconf 80' lang='grc' dir='ltr'>παρέστησα.</span> 
     </span>
    </p>
   </div>
   <div class='ocr_carea' id='block_1_17' title="bbox 332 1565 1912 1646">
    <p class='ocr_par' dir='ltr' id='par_1_17' title="bbox 332 1565 1912 1646">
     <span class='ocr_line' id='line_1_17' title="bbox 332 1565 1912 1646; baseline -0.011 -16"><span class='ocrx_word' id='word_1_112' title='bbox 332 1576 442 1629; x_wconf 77' lang='grc' dir='ltr'><strong>Καὶ</strong></span> <span class='ocrx_word' id='word_1_113' title='bbox 482 1576 546 1646; x_wconf 85' lang='grc' dir='ltr'>δὴ</span> <span class='ocrx_word' id='word_1_114' title='bbox 576 1573 840 1645; x_wconf 82' lang='grc' dir='ltr'>πρόδηλον</span> <span class='ocrx_word' id='word_1_115' title='bbox 869 1573 1014 1635; x_wconf 83' lang='grc' dir='ltr'>ὅπως</span> <span class='ocrx_word' id='word_1_116' title='bbox 1044 1573 1072 1624; x_wconf 87' lang='grc' dir='ltr'>ὁ</span> <span class='ocrx_word' id='word_1_117' title='bbox 1097 1568 1191 1624; x_wconf 85' lang='grc' dir='ltr'><strong>τοῦ</strong></span> <span class='ocrx_word' id='word_1_118' title='bbox 1240 1568 1374 1621; x_wconf 83' lang='grc' dir='ltr'>Θεοῦ</span> <span class='ocrx_word' id='word_1_119' title='bbox 1409 1567 1602 1634; x_wconf 84' lang='grc' dir='ltr'>Λόγος,</span> <span class='ocrx_word' id='word_1_120' title='bbox 1631 1566 1692 1618; x_wconf 82' lang='grc' dir='ltr'>τὸ</span> <span class='ocrx_word' id='word_1_121' title='bbox 1720 1565 1912 1637; x_wconf 84' lang='grc' dir='ltr'>πρότε-</span> 
     </span>
    </p>
   </div>
   <div class='ocr_carea' id='block_1_18' title="bbox 336 1657 1911 1739">
    <p class='ocr_par' dir='ltr' id='par_1_18' title="bbox 336 1657 1911 1739">
     <span class='ocr_line' id='line_1_18' title="bbox 336 1657 1911 1739; baseline -0.009 -17"><span class='ocrx_word' id='word_1_122' title='bbox 336 1684 429 1739; x_wconf 91' lang='grc' dir='ltr'><strong>ρον</strong></span> <span class='ocrx_word' id='word_1_123' title='bbox 455 1665 813 1737; x_wconf 83' lang='grc' dir='ltr'>ἀγνοούμενος</span> <span class='ocrx_word' id='word_1_124' title='bbox 841 1667 950 1727; x_wconf 87' lang='grc' dir='ltr'>τοῖς</span> <span class='ocrx_word' id='word_1_125' title='bbox 975 1663 1203 1723; x_wconf 77' lang='grc' dir='ltr'>ἔθνεσιν,</span> <span class='ocrx_word' id='word_1_126' title='bbox 1226 1661 1320 1714; x_wconf 72' lang='grc' dir='ltr'><strong>ἐπὶ</strong></span> <span class='ocrx_word' id='word_1_127' title='bbox 1346 1658 1624 1728; x_wconf 71' lang='grc' dir='ltr'>συντελείᾳ</span> <span class='ocrx_word' id='word_1_128' title='bbox 1651 1657 1758 1710; x_wconf 88' lang='grc' dir='ltr'><strong>τῶν</strong></span> <span class='ocrx_word' id='word_1_129' title='bbox 1778 1657 1911 1710; x_wconf 69' lang='grc' dir='ltr'><strong>αἰώ-</strong></span> 
     </span>
    </p>
   </div>
   <div class='ocr_carea' id='block_1_19' title="bbox 331 1746 1908 1830">
    <p class='ocr_par' dir='ltr' id='par_1_19' title="bbox 331 1746 1908 1830">
     <span class='ocr_line' id='line_1_19' title="bbox 331 1746 1908 1830; baseline -0.009 -17"><span class='ocrx_word' id='word_1_130' title='bbox 331 1776 439 1813; x_wconf 85' lang='grc' dir='ltr'><strong>νων</strong></span> <span class='ocrx_word' id='word_1_131' title='bbox 475 1758 767 1830; x_wconf 77' lang='grc' dir='ltr'>ἀγαθότητι</span> <span class='ocrx_word' id='word_1_132' title='bbox 801 1756 894 1810; x_wconf 72' lang='grc' dir='ltr'><strong>καὶ</strong></span> <span class='ocrx_word' id='word_1_133' title='bbox 919 1753 1295 1825; x_wconf 81' lang='grc' dir='ltr'>φιλανθρωπίᾳ</span> <span class='ocrx_word' id='word_1_134' title='bbox 1315 1751 1408 1805; x_wconf 89' lang='grc' dir='ltr'><strong>τοῦ</strong></span> <span class='ocrx_word' id='word_1_135' title='bbox 1433 1748 1649 1820; x_wconf 66' lang='grc' dir='ltr'>Πατρὸς,</span> <span class='ocrx_word' id='word_1_136' title='bbox 1667 1748 1760 1802; x_wconf 76' lang='grc' dir='ltr'><strong>καὶ</strong></span> <span class='ocrx_word' id='word_1_137' title='bbox 1776 1746 1908 1800; x_wconf 87' lang='grc' dir='ltr'>Θεοῦ</span> 
     </span>
    </p>
   </div>
   <div class='ocr_carea' id='block_1_20' title="bbox 329 1840 1910 1920">
    <p class='ocr_par' dir='ltr' id='par_1_20' title="bbox 329 1840 1910 1920">
     <span class='ocr_line' id='line_1_20' title="bbox 329 1840 1910 1920; baseline -0.008 -16"><span class='ocrx_word' id='word_1_138' title='bbox 329 1851 440 1904; x_wconf 82' lang='grc' dir='ltr'><strong>τῶν</strong></span> <span class='ocrx_word' id='word_1_139' title='bbox 473 1851 608 1904; x_wconf 81' lang='grc' dir='ltr'>ὅλων</span> <span class='ocrx_word' id='word_1_140' title='bbox 637 1847 880 1920; x_wconf 76' lang='grc' dir='ltr'>ἐμφανὴς</span> <span class='ocrx_word' id='word_1_141' title='bbox 925 1847 1108 1909; x_wconf 81' lang='grc' dir='ltr'>αὐτοῖς</span> <span class='ocrx_word' id='word_1_142' title='bbox 1140 1842 1392 1914; x_wconf 78' lang='grc' dir='ltr'>ἐγενήθη,</span> <span class='ocrx_word' id='word_1_143' title='bbox 1427 1840 1786 1914; x_wconf 85' lang='grc' dir='ltr'>μηδεπώποτε</span> <span class='ocrx_word' id='word_1_144' title='bbox 1811 1840 1910 1892; x_wconf 82' lang='grc' dir='ltr'><strong>αὑ·-</strong></span> 
     </span>
    </p>
   </div>
   <div class='ocr_carea' id='block_1_21' title="bbox 330 1925 1900 2013">
    <p class='ocr_par' dir='ltr' id='par_1_21' title="bbox 330 1925 1900 2013">
     <span class='ocr_line' id='line_1_21' title="bbox 330 1925 1900 2013; baseline -0.007 -19"><span class='ocrx_word' id='word_1_145' title='bbox 330 1941 424 1994; x_wconf 76' lang='grc' dir='ltr'><strong>τδν</strong></span> <span class='ocrx_word' id='word_1_146' title='bbox 453 1941 517 1994; x_wconf 82' lang='grc' dir='ltr'><strong>δι’</strong></span> <span class='ocrx_word' id='word_1_147' title='bbox 547 1942 616 2013; x_wconf 83' lang='grc' dir='ltr'>ἢν</span> <span class='ocrx_word' id='word_1_148' title='bbox 649 1937 794 2012; x_wconf 82' lang='grc' dir='ltr'>εἶχον</span> <span class='ocrx_word' id='word_1_149' title='bbox 832 1940 961 2010; x_wconf 77' lang='grc' dir='ltr'>περὶ</span> <span class='ocrx_word' id='word_1_150' title='bbox 984 1937 1055 1990; x_wconf 82' lang='grc' dir='ltr'><strong>τὰ</strong></span> <span class='ocrx_word' id='word_1_151' title='bbox 1073 1936 1268 1990; x_wconf 74' lang='grc' dir='ltr'>εἴδωλα</span> <span class='ocrx_word' id='word_1_152' title='bbox 1301 1935 1504 2004; x_wconf 77' lang='grc' dir='ltr'>πλάνην</span> <span class='ocrx_word' id='word_1_153' title='bbox 1533 1932 1660 2004; x_wconf 75' lang='grc' dir='ltr'>περὶ</span> <span class='ocrx_word' id='word_1_154' title='bbox 1692 1925 1767 1985; x_wconf 86' lang='grc' dir='ltr'>ὧν</span> <span class='ocrx_word' id='word_1_155' title='bbox 1796 1931 1900 1984; x_wconf 78' lang='grc' dir='ltr'>ἐδέ-</span> 
     </span>
    </p>
   </div>
   <div class='ocr_carea' id='block_1_22' title="bbox 330 2023 1910 2105">
    <p class='ocr_par' dir='ltr' id='par_1_22' title="bbox 330 2023 1910 2105">
     <span class='ocr_line' id='line_1_22' title="bbox 330 2023 1910 2105; baseline -0.008 -18"><span class='ocrx_word' id='word_1_156' title='bbox 330 2047 452 2088; x_wconf 84' lang='grc' dir='ltr'>οντο</span> <span class='ocrx_word' id='word_1_157' title='bbox 490 2033 818 2105; x_wconf 81' lang='grc' dir='ltr'>ὲρωτήσασι,</span> <span class='ocrx_word' id='word_1_158' title='bbox 851 2030 1045 2102; x_wconf 77' lang='grc' dir='ltr'>εὑρέθη</span> <span class='ocrx_word' id='word_1_159' title='bbox 1087 2046 1144 2081; x_wconf 87' lang='grc' dir='ltr'><strong>τε</strong></span> <span class='ocrx_word' id='word_1_160' title='bbox 1186 2030 1318 2098; x_wconf 81' lang='grc' dir='ltr'>ἡμῖν</span> <span class='ocrx_word' id='word_1_161' title='bbox 1353 2028 1465 2089; x_wconf 85' lang='grc' dir='ltr'>τοῖς</span> <span class='ocrx_word' id='word_1_162' title='bbox 1496 2025 1569 2096; x_wconf 81' lang='grc' dir='ltr'>μὴ</span> <span class='ocrx_word' id='word_1_163' title='bbox 1612 2023 1910 2095; x_wconf 76' lang='grc' dir='ltr'>ζητήσασιν</span> 
     </span>
    </p>
   </div>
   <div class='ocr_carea' id='block_1_23' title="bbox 330 2114 1910 2194">
    <p class='ocr_par' dir='ltr' id='par_1_23' title="bbox 330 2114 1910 2194">
     <span class='ocr_line' id='line_1_23' title="bbox 330 2114 1910 2194; baseline -0.008 -15"><span class='ocrx_word' id='word_1_164' title='bbox 330 2125 517 2188; x_wconf 71' lang='grc' dir='ltr'>αὑτὸν,</span> <span class='ocrx_word' id='word_1_165' title='bbox 551 2123 687 2177; x_wconf 81' lang='grc' dir='ltr'>ἀλλὰ</span> <span class='ocrx_word' id='word_1_166' title='bbox 711 2124 804 2177; x_wconf 77' lang='grc' dir='ltr'><strong>καὶ</strong></span> <span class='ocrx_word' id='word_1_167' title='bbox 845 2121 918 2194; x_wconf 79' lang='grc' dir='ltr'>μὴ</span> <span class='ocrx_word' id='word_1_168' title='bbox 943 2118 1425 2189; x_wconf 75' lang='grc' dir='ltr'>ἐπικαλεσαμένοις</span> <span class='ocrx_word' id='word_1_169' title='bbox 1459 2114 1625 2170; x_wconf 86' lang='grc' dir='ltr'>αὑτοῦ</span> <span class='ocrx_word' id='word_1_170' title='bbox 1654 2115 1715 2169; x_wconf 82' lang='grc' dir='ltr'>τὸ</span> <span class='ocrx_word' id='word_1_171' title='bbox 1737 2115 1910 2186; x_wconf 73' lang='grc' dir='ltr'>ὄνομα</span> 
     </span>
    </p>
   </div>
   <div class='ocr_carea' id='block_1_24' title="bbox 331 2207 1909 2286">
    <p class='ocr_par' dir='ltr' id='par_1_24' title="bbox 331 2207 1909 2286">
     <span class='ocr_line' id='line_1_24' title="bbox 331 2207 1909 2286; baseline -0.006 -16"><span class='ocrx_word' id='word_1_172' title='bbox 331 2216 757 2286; x_wconf 79' lang='grc' dir='ltr'>ὲνανθρωπήσας</span> <span class='ocrx_word' id='word_1_173' title='bbox 781 2213 1133 2286; x_wconf 80' lang='grc' dir='ltr'>ἀπεκρίνατο,</span> <span class='ocrx_word' id='word_1_174' title='bbox 1159 2210 1440 2283; x_wconf 80' lang='grc' dir='ltr'>μονονουχὶ</span> <span class='ocrx_word' id='word_1_175' title='bbox 1466 2209 1604 2280; x_wconf 84' lang='grc' dir='ltr'>βοῶν</span> <span class='ocrx_word' id='word_1_176' title='bbox 1632 2209 1692 2262; x_wconf 89' lang='grc' dir='ltr'><strong>τό</strong></span> <span class='ocrx_word' id='word_1_177' title='bbox 1711 2226 1756 2259; x_wconf 79' lang='grc' dir='ltr'><strong>ἰ</strong></span> <span class='ocrx_word' id='word_1_178' title='bbox 1780 2207 1909 2261; x_wconf 82' lang='grc' dir='ltr'>Ἰδοὺ</span> 
     </span>
    </p>
   </div>
   <div class='ocr_carea' id='block_1_25' title="bbox 334 2297 1913 2378">
    <p class='ocr_par' dir='ltr' id='par_1_25' title="bbox 334 2297 1913 2378">
     <span class='ocr_line' id='line_1_25' title="bbox 334 2297 1913 2378; baseline -0.008 -17"><span class='ocrx_word' id='word_1_179' title='bbox 334 2307 586 2378; x_wconf 80' lang='grc' dir='ltr'>πάρειμι.</span> <span class='ocrx_word' id='word_1_180' title='bbox 619 2325 638 2357; x_wconf 74' lang='grc' dir='ltr'><strong>ι</strong></span> <span class='ocrx_word' id='word_1_181' title='bbox 676 2305 859 2358; x_wconf 87' lang='grc' dir='ltr'>Ταῦτα</span> <span class='ocrx_word' id='word_1_182' title='bbox 888 2304 988 2374; x_wconf 79' lang='grc' dir='ltr'>μὲν</span> <span class='ocrx_word' id='word_1_183' title='bbox 1018 2297 1110 2356; x_wconf 81' lang='grc' dir='ltr'>οὖν</span> <span class='ocrx_word' id='word_1_184' title='bbox 1138 2301 1265 2371; x_wconf 69' lang='grc' dir='ltr'>περὶ</span> <span class='ocrx_word' id='word_1_185' title='bbox 1306 2300 1406 2370; x_wconf 79' lang='grc' dir='ltr'>τῆς</span> <span class='ocrx_word' id='word_1_186' title='bbox 1442 2298 1552 2352; x_wconf 84' lang='grc' dir='ltr'><strong>τῶν</strong></span> <span class='ocrx_word' id='word_1_187' title='bbox 1587 2297 1752 2352; x_wconf 72' lang='grc' dir='ltr'>ἐθνῶν</span> <span class='ocrx_word' id='word_1_188' title='bbox 1781 2297 1913 2368; x_wconf 83' lang='grc' dir='ltr'><strong>κλή-</strong></span> 
     </span>
    </p>
   </div>
   <div class='ocr_carea' id='block_1_26' title="bbox 336 2385 1913 2466">
    <p class='ocr_par' dir='ltr' id='par_1_26' title="bbox 336 2385 1913 2466">
     <span class='ocr_line' id='line_1_26' title="bbox 336 2385 1913 2466; baseline -0.005 -16"><span class='ocrx_word' id='word_1_189' title='bbox 336 2414 477 2461; x_wconf 82' lang='grc' dir='ltr'>σεως</span> <span class='ocrx_word' id='word_1_190' title='bbox 517 2396 700 2466; x_wconf 89' lang='grc' dir='ltr'>σαφῶς</span> <span class='ocrx_word' id='word_1_191' title='bbox 731 2398 759 2449; x_wconf 88' lang='grc' dir='ltr'><strong>ὁ</strong></span> <span class='ocrx_word' id='word_1_192' title='bbox 795 2396 952 2464; x_wconf 86' lang='grc' dir='ltr'>λόγος</span> <span class='ocrx_word' id='word_1_193' title='bbox 981 2392 1331 2466; x_wconf 80' lang='grc' dir='ltr'>προφητεύει·</span> <span class='ocrx_word' id='word_1_194' title='bbox 1357 2390 1483 2463; x_wconf 77' lang='grc' dir='ltr'>έξῆς</span> <span class='ocrx_word' id='word_1_195' title='bbox 1516 2390 1574 2444; x_wconf 85' lang='grc' dir='ltr'>δὲ</span> <span class='ocrx_word' id='word_1_196' title='bbox 1605 2385 1760 2454; x_wconf 79' lang='grc' dir='ltr'>αὖθις</span> <span class='ocrx_word' id='word_1_197' title='bbox 1786 2389 1913 2443; x_wconf 86' lang='grc' dir='ltr'>δυσ-</span> 
     </span>
    </p>
   </div>
   <div class='ocr_carea' id='block_1_27' title="bbox 334 2480 1914 2560">
    <p class='ocr_par' dir='ltr' id='par_1_27' title="bbox 334 2480 1914 2560">
     <span class='ocr_line' id='line_1_27' title="bbox 334 2480 1914 2560; baseline -0.005 -18"><span class='ocrx_word' id='word_1_198' title='bbox 334 2487 738 2560; x_wconf 76' lang='grc' dir='ltr'>ωπητικὼτατα</span> <span class='ocrx_word' id='word_1_199' title='bbox 769 2487 904 2559; x_wconf 83' lang='grc' dir='ltr'>πρὸς</span> <span class='ocrx_word' id='word_1_200' title='bbox 950 2485 1041 2539; x_wconf 83' lang='grc' dir='ltr'>τὸν</span> <span class='ocrx_word' id='word_1_201' title='bbox 1077 2485 1186 2538; x_wconf 82' lang='grc' dir='ltr'><strong>τῶν</strong></span> <span class='ocrx_word' id='word_1_202' title='bbox 1224 2482 1493 2537; x_wconf 84' lang='grc' dir='ltr'>Ἰουδαίων</span> <span class='ocrx_word' id='word_1_203' title='bbox 1522 2480 1682 2550; x_wconf 85' lang='grc' dir='ltr'>λόγον</span> <span class='ocrx_word' id='word_1_204' title='bbox 1723 2481 1914 2550; x_wconf 77' lang='grc' dir='ltr'>ἐπιφέ-</span> 
     </span>
    </p>
   </div>
   <div class='ocr_carea' id='block_1_28' title="bbox 339 2572 1910 2650">
    <p class='ocr_par' dir='ltr' id='par_1_28' title="bbox 339 2572 1910 2650">
     <span class='ocr_line' id='line_1_28' title="bbox 339 2572 1910 2650; baseline -0.004 -19"><span class='ocrx_word' id='word_1_205' title='bbox 339 2595 422 2650; x_wconf 87' lang='grc' dir='ltr'><strong>ρει</strong></span> <span class='ocrx_word' id='word_1_206' title='bbox 472 2578 643 2647; x_wconf 84' lang='grc' dir='ltr'>λέγων</span> <span class='ocrx_word' id='word_1_207' title='bbox 664 2597 677 2608; x_wconf 76' lang='grc' dir='ltr'><strong>ο</strong></span> <span class='ocrx_word' id='word_1_208' title='bbox 715 2597 734 2631; x_wconf 80' lang='grc' dir='ltr'><strong>ι</strong></span> <span class='ocrx_word' id='word_1_209' title='bbox 757 2579 879 2631; x_wconf 76' lang='grc' dir='ltr'><strong>Ἐπὶ</strong></span> <span class='ocrx_word' id='word_1_210' title='bbox 906 2578 962 2631; x_wconf 82' lang='grc' dir='ltr'>δὲ</span> <span class='ocrx_word' id='word_1_211' title='bbox 992 2578 1049 2631; x_wconf 82' lang='grc' dir='ltr'>σὲ</span> <span class='ocrx_word' id='word_1_212' title='bbox 1076 2576 1380 2642; x_wconf 78' lang='grc' dir='ltr'>ἐξεπέτασα</span> <span class='ocrx_word' id='word_1_213' title='bbox 1413 2573 1511 2636; x_wconf 77' lang='grc' dir='ltr'><strong>τὰς</strong></span> <span class='ocrx_word' id='word_1_214' title='bbox 1551 2572 1738 2644; x_wconf 77' lang='grc' dir='ltr'>χεῖράς</span> <span class='ocrx_word' id='word_1_215' title='bbox 1788 2590 1910 2643; x_wconf 89' lang='grc' dir='ltr'>μου,</span> 
     </span>
    </p>
   </div>
   <div class='ocr_carea' id='block_1_29' title="bbox 335 2662 1911 2742">
    <p class='ocr_par' dir='ltr' id='par_1_29' title="bbox 335 2662 1911 2742">
     <span class='ocr_line' id='line_1_29' title="bbox 335 2662 1911 2742; baseline -0.005 -19"><span class='ocrx_word' id='word_1_216' title='bbox 335 2669 473 2742; x_wconf 80' lang='grc' dir='ltr'>πρὸς</span> <span class='ocrx_word' id='word_1_217' title='bbox 507 2670 632 2723; x_wconf 86' lang='grc' dir='ltr'>λαὸν</span> <span class='ocrx_word' id='word_1_218' title='bbox 663 2669 990 2723; x_wconf 80' lang='grc' dir='ltr'>ἀπειθοῦντα</span> <span class='ocrx_word' id='word_1_219' title='bbox 1011 2669 1107 2722; x_wconf 74' lang='grc' dir='ltr'><strong>καὶ</strong></span> <span class='ocrx_word' id='word_1_220' title='bbox 1130 2667 1502 2735; x_wconf 82' lang='grc' dir='ltr'>ἀντιλέγοντα.</span> <span class='ocrx_word' id='word_1_221' title='bbox 1542 2683 1561 2718; x_wconf 71' lang='grc' dir='ltr'><strong>ι</strong></span> <span class='ocrx_word' id='word_1_222' title='bbox 1590 2662 1821 2720; x_wconf 76' lang='grc' dir='ltr'>Δύναταξ</span> <span class='ocrx_word' id='word_1_223' title='bbox 1849 2681 1911 2732; x_wconf 87' lang='grc' dir='ltr'><strong>γε</strong></span> 
     </span>
    </p>
   </div>
   <div class='ocr_carea' id='block_1_30' title="bbox 338 2755 1913 2832">
    <p class='ocr_par' dir='ltr' id='par_1_30' title="bbox 338 2755 1913 2832">
     <span class='ocr_line' id='line_1_30' title="bbox 338 2755 1913 2832; baseline -0.004 -18"><span class='ocrx_word' id='word_1_224' title='bbox 338 2759 444 2832; x_wconf 76' lang='grc' dir='ltr'>μὴν</span> <span class='ocrx_word' id='word_1_225' title='bbox 475 2759 563 2813; x_wconf 84' lang='grc' dir='ltr'>διὰ</span> <span class='ocrx_word' id='word_1_226' title='bbox 595 2760 796 2814; x_wconf 85' lang='grc' dir='ltr'>τούτων</span> <span class='ocrx_word' id='word_1_227' title='bbox 828 2761 920 2814; x_wconf 77' lang='grc' dir='ltr'><strong>καὶ</strong></span> <span class='ocrx_word' id='word_1_228' title='bbox 946 2758 1006 2813; x_wconf 80' lang='grc' dir='ltr'>τὸ</span> <span class='ocrx_word' id='word_1_229' title='bbox 1041 2760 1227 2830; x_wconf 80' lang='grc' dir='ltr'>σχῆμα</span> <span class='ocrx_word' id='word_1_230' title='bbox 1253 2757 1344 2811; x_wconf 89' lang='grc' dir='ltr'><strong>τοῦ</strong></span> <span class='ocrx_word' id='word_1_231' title='bbox 1373 2756 1513 2811; x_wconf 75' lang='grc' dir='ltr'>κατὰ</span> <span class='ocrx_word' id='word_1_232' title='bbox 1556 2756 1646 2810; x_wconf 84' lang='grc' dir='ltr'>τὸν</span> <span class='ocrx_word' id='word_1_233' title='bbox 1683 2755 1913 2826; x_wconf 69' lang='grc' dir='ltr'>σταυρὸν</span> 
     </span>
    </p>
   </div>
   <div class='ocr_carea' id='block_1_31' title="bbox 335 2849 1832 2924">
    <p class='ocr_par' dir='ltr' id='par_1_31' title="bbox 335 2849 1832 2924">
     <span class='ocr_line' id='line_1_31' title="bbox 335 2849 1832 2924; baseline -0.003 -21"><span class='ocrx_word' id='word_1_234' title='bbox 335 2849 541 2915; x_wconf 82' lang='grc' dir='ltr'>πάθους</span> <span class='ocrx_word' id='word_1_235' title='bbox 567 2853 736 2905; x_wconf 80' lang='grc' dir='ltr'>αὐτοῦ</span> <span class='ocrx_word' id='word_1_236' title='bbox 764 2850 1146 2924; x_wconf 85' lang='grc' dir='ltr'>σημαίνεσθαι.</span> <span class='ocrx_word' id='word_1_237' title='bbox 1829 2911 1832 2914; x_wconf 24' lang='grc'><strong>,</strong></span> 
     </span>
    </p>
   </div>
   <div class='ocr_carea' id='block_1_32' title="bbox 405 2937 1916 3010">
    <p class='ocr_par' dir='ltr' id='par_1_32' title="bbox 405 2937 1916 3010">
     <span class='ocr_line' id='line_1_32' title="bbox 405 2937 1916 3010; baseline -0.005 -13"><span class='ocrx_word' id='word_1_238' title='bbox 405 2945 655 2999; x_wconf 83' lang='grc' dir='ltr'>Τοσαῦτα</span> <span class='ocrx_word' id='word_1_239' title='bbox 677 2947 772 2999; x_wconf 70' lang='grc' dir='ltr'><strong>καὶ</strong></span> <span class='ocrx_word' id='word_1_240' title='bbox 790 2944 861 2997; x_wconf 73' lang='grc' dir='ltr'><strong>τὰ</strong></span> <span class='ocrx_word' id='word_1_241' title='bbox 880 2943 987 2997; x_wconf 77' lang='grc' dir='ltr'>ἀπὸ</span> <span class='ocrx_word' id='word_1_242' title='bbox 1009 2941 1100 2995; x_wconf 84' lang='grc' dir='ltr'><strong>τοῦ</strong></span> <span class='ocrx_word' id='word_1_243' title='bbox 1121 2942 1342 2995; x_wconf 78' lang='grc' dir='ltr'>Ἡσαΐου</span> <span class='ocrx_word' id='word_1_244' title='bbox 1369 2939 1560 2992; x_wconf 65' lang='grc' dir='ltr'>’Ἀλλὰ</span> <span class='ocrx_word' id='word_1_245' title='bbox 1586 2937 1694 3010; x_wconf 80' lang='grc' dir='ltr'><strong>γὰρ</strong></span> <span class='ocrx_word' id='word_1_246' title='bbox 1719 2940 1774 2992; x_wconf 80' lang='grc' dir='ltr'>ἐν</span> <span class='ocrx_word' id='word_1_247' title='bbox 1793 2938 1916 2991; x_wconf 75' lang='grc' dir='ltr'>τέτο</span> 
     </span>
    </p>
   </div>
   <div class='ocr_carea' id='block_1_33' title="bbox 334 3029 1916 3112">
    <p class='ocr_par' dir='ltr' id='par_1_33' title="bbox 334 3029 1916 3112">
     <span class='ocr_line' id='line_1_33' title="bbox 334 3029 1916 3112; baseline -0.006 -20"><span class='ocrx_word' id='word_1_248' title='bbox 334 3056 492 3112; x_wconf 84' lang='grc' dir='ltr'>ταρσι</span> <span class='ocrx_word' id='word_1_249' title='bbox 523 3038 616 3091; x_wconf 77' lang='grc' dir='ltr'><strong>καὶ</strong></span> <span class='ocrx_word' id='word_1_250' title='bbox 641 3037 858 3108; x_wconf 77' lang='grc' dir='ltr'>τὴντῶν</span> <span class='ocrx_word' id='word_1_251' title='bbox 875 3035 1166 3104; x_wconf 69' lang='grc' dir='ltr'><strong>Ἐκλοτῶν</strong></span> <span class='ocrx_word' id='word_1_252' title='bbox 1191 3032 1446 3088; x_wconf 81' lang='grc' dir='ltr'>ὑπόθεσιν</span> <span class='ocrx_word' id='word_1_253' title='bbox 1468 3033 1526 3084; x_wconf 84' lang='grc' dir='ltr'>ἐν</span> <span class='ocrx_word' id='word_1_254' title='bbox 1554 3029 1630 3100; x_wconf 82' lang='grc' dir='ltr'>τῷ</span> <span class='ocrx_word' id='word_1_255' title='bbox 1650 3031 1746 3101; x_wconf 84' lang='grc' dir='ltr'>τῆς</span> <span class='ocrx_word' id='word_1_256' title='bbox 1768 3032 1916 3084; x_wconf 86' lang='grc' dir='ltr'>Καθ-</span> 
     </span>
    </p>
   </div>
   <div class='ocr_carea' id='block_1_34' title="bbox 335 3121 1984 3212">
    <p class='ocr_par' dir='ltr' id='par_1_34' title="bbox 335 3121 1984 3212">
     <span class='ocr_line' id='line_1_34' title="bbox 335 3121 1984 3212; baseline -0.009 -28"><span class='ocrx_word' id='word_1_257' title='bbox 335 3132 484 3184; x_wconf 75' lang='grc' dir='ltr'>όλου</span> <span class='ocrx_word' id='word_1_258' title='bbox 515 3127 934 3198; x_wconf 82' lang='grc' dir='ltr'>στοιχειώδους</span> <span class='ocrx_word' id='word_1_259' title='bbox 973 3123 1308 3196; x_wconf 71' lang='grc' dir='ltr'>εἰσαγωγῆς</span> <span class='ocrx_word' id='word_1_260' title='bbox 1358 3123 1532 3194; x_wconf 74' lang='grc' dir='ltr'>ἐνάτῳ</span> <span class='ocrx_word' id='word_1_261' title='bbox 1580 3121 1765 3212; x_wconf 78' lang='grc' dir='ltr'>τούτῳ</span> <span class='ocrx_word' id='word_1_262' title='bbox 1784 3137 1915 3212; x_wconf 79' lang='grc' dir='ltr'>συγ-</span> <span class='ocrx_word' id='word_1_263' title='bbox 1943 3155 1984 3212; x_wconf 77' lang='lat' dir='ltr'>c</span> 
     </span>
    </p>
   </div>
   <div class='ocr_carea' id='block_1_35' title="bbox 335 3211 1913 3293">
    <p class='ocr_par' dir='ltr' id='par_1_35' title="bbox 335 3211 1913 3293">
     <span class='ocr_line' id='line_1_35' title="bbox 335 3211 1913 3293; baseline -0.008 -16"><span class='ocrx_word' id='word_1_264' title='bbox 335 3222 625 3293; x_wconf 82' lang='grc' dir='ltr'>γράμματι</span> <span class='ocrx_word' id='word_1_265' title='bbox 649 3219 1105 3293; x_wconf 77' lang='grc' dir='ltr'>περιγράψαντες,</span> <span class='ocrx_word' id='word_1_266' title='bbox 1123 3217 1180 3271; x_wconf 84' lang='grc' dir='ltr'>ὲν</span> <span class='ocrx_word' id='word_1_267' title='bbox 1203 3216 1280 3287; x_wconf 82' lang='grc' dir='ltr'>τῷ</span> <span class='ocrx_word' id='word_1_268' title='bbox 1301 3214 1511 3285; x_wconf 80' lang='grc' dir='ltr'>δεκάτῳ</span> <span class='ocrx_word' id='word_1_269' title='bbox 1535 3215 1647 3276; x_wconf 84' lang='grc' dir='ltr'>τοῖς</span> <span class='ocrx_word' id='word_1_270' title='bbox 1676 3211 1783 3266; x_wconf 83' lang='grc' dir='ltr'><strong>ἀπὸ</strong></span> <span class='ocrx_word' id='word_1_271' title='bbox 1804 3211 1913 3265; x_wconf 87' lang='grc' dir='ltr'><strong>τῶν</strong></span> 
     </span>
    </p>
   </div>
   <div class='ocr_carea' id='block_1_36' title="bbox 337 3302 1916 3385">
    <p class='ocr_par' dir='ltr' id='par_1_36' title="bbox 337 3302 1916 3385">
     <span class='ocr_line' id='line_1_36' title="bbox 337 3302 1916 3385; baseline -0.008 -17"><span class='ocrx_word' id='word_1_272' title='bbox 337 3314 514 3368; x_wconf 84' lang='grc' dir='ltr'>ἀθέων</span> <span class='ocrx_word' id='word_1_273' title='bbox 543 3314 806 3385; x_wconf 83' lang='grc' dir='ltr'>αἱρέσεων</span> <span class='ocrx_word' id='word_1_274' title='bbox 835 3312 925 3365; x_wconf 80' lang='grc' dir='ltr'>τὸν</span> <span class='ocrx_word' id='word_1_275' title='bbox 957 3309 1215 3381; x_wconf 80' lang='grc' dir='ltr'>λογισμὸν</span> <span class='ocrx_word' id='word_1_276' title='bbox 1240 3304 1780 3376; x_wconf 74' lang='grc' dir='ltr'>καταϐεϐλαμμένοις</span> <span class='ocrx_word' id='word_1_277' title='bbox 1801 3302 1916 3356; x_wconf 77' lang='grc' dir='ltr'>ἐτέ-</span> 
     </span>
    </p>
   </div>
   <div class='ocr_carea' id='block_1_37' title="bbox 337 3394 1818 3477">
    <p class='ocr_par' dir='ltr' id='par_1_37' title="bbox 337 3394 1818 3477">
     <span class='ocr_line' id='line_1_37' title="bbox 337 3394 1818 3477; baseline -0.002 -21"><span class='ocrx_word' id='word_1_278' title='bbox 337 3421 441 3477; x_wconf 86' lang='grc' dir='ltr'><strong>ραν</strong></span> <span class='ocrx_word' id='word_1_279' title='bbox 465 3405 838 3477; x_wconf 85' lang='grc' dir='ltr'>ἁρμόττουσαν</span> <span class='ocrx_word' id='word_1_280' title='bbox 872 3403 1056 3473; x_wconf 75' lang='grc' dir='ltr'>ἔφοδον</span> <span class='ocrx_word' id='word_1_281' title='bbox 1088 3403 1387 3474; x_wconf 82' lang='grc' dir='ltr'>παρασχεῖν</span> <span class='ocrx_word' id='word_1_282' title='bbox 1423 3394 1818 3468; x_wconf 86' lang='grc' dir='ltr'>πειρασόμεθα.</span> 
     </span>
    </p>
   </div>
   <div class='ocr_carea' id='block_1_38' title="bbox 2010 558 3592 630">
    <p class='ocr_par' dir='ltr' id='par_1_38' title="bbox 2010 558 3592 630">
     <span class='ocr_line' id='line_1_38' title="bbox 2010 558 3592 630; baseline -0.003 -16"><span class='ocrx_word' id='word_1_283' title='bbox 2010 576 2212 615; x_wconf 89' lang='lat' dir='ltr'><strong>meum.</strong></span> <span class='ocrx_word' id='word_1_284' title='bbox 2247 558 2491 629; x_wconf 78' lang='lat' dir='ltr'><strong>Expandi</strong></span> <span class='ocrx_word' id='word_1_285' title='bbox 2522 573 2719 615; x_wconf 90' lang='lat' dir='ltr'><strong>manus</strong></span> <span class='ocrx_word' id='word_1_286' title='bbox 2760 572 2909 613; x_wconf 88' lang='lat' dir='ltr'><strong>meas</strong></span> <span class='ocrx_word' id='word_1_287' title='bbox 2947 565 3060 612; x_wconf 91' lang='lat' dir='ltr'><strong>tota</strong></span> <span class='ocrx_word' id='word_1_288' title='bbox 3087 558 3176 613; x_wconf 90' lang='lat' dir='ltr'><strong>die</strong></span> <span class='ocrx_word' id='word_1_289' title='bbox 3205 558 3274 612; x_wconf 86' lang='lat' dir='ltr'><strong>ad</strong></span> <span class='ocrx_word' id='word_1_290' title='bbox 3325 559 3592 630; x_wconf 85' lang='lat' dir='ltr'><strong>populum</strong></span> 
     </span>
    </p>
   </div>
   <div class='ocr_carea' id='block_1_39' title="bbox 2008 651 3586 722">
    <p class='ocr_par' dir='ltr' id='par_1_39' title="bbox 2008 651 3586 722">
     <span class='ocr_line' id='line_1_39' title="bbox 2008 651 3586 722; baseline -0.001 -15"><span class='ocrx_word' id='word_1_291' title='bbox 2008 651 2346 707; x_wconf 87' lang='lat' dir='ltr'><strong>incredulum</strong></span> <span class='ocrx_word' id='word_1_292' title='bbox 2368 691 2383 716; x_wconf 96' lang='lat'><strong>,</strong></span> <span class='ocrx_word' id='word_1_293' title='bbox 2414 651 2504 719; x_wconf 92' lang='lat' dir='ltr'><strong>qui</strong></span> <span class='ocrx_word' id='word_1_294' title='bbox 2537 651 2783 722; x_wconf 91' lang='lat' dir='ltr'><strong>graditur</strong></span> <span class='ocrx_word' id='word_1_295' title='bbox 2815 651 2869 704; x_wconf 90' lang='lat' dir='ltr'><strong>in</strong></span> <span class='ocrx_word' id='word_1_296' title='bbox 2893 651 2980 704; x_wconf 91' lang='lat' dir='ltr'><strong>via</strong></span> <span class='ocrx_word' id='word_1_297' title='bbox 3011 666 3120 706; x_wconf 89' lang='lat' dir='ltr'><strong>non</strong></span> <span class='ocrx_word' id='word_1_298' title='bbox 3147 651 3288 706; x_wconf 80' lang='lat' dir='ltr'><strong>bona</strong></span> <span class='ocrx_word' id='word_1_299' title='bbox 3331 660 3454 722; x_wconf 89' lang='lat' dir='ltr'><strong>post</strong></span> <span class='ocrx_word' id='word_1_300' title='bbox 3495 667 3586 707; x_wconf 88' lang='lat' dir='ltr'><strong>co-</strong></span> 
     </span>
    </p>
   </div>
   <div class='ocr_carea' id='block_1_40' title="bbox 2009 742 3590 815">
    <p class='ocr_par' dir='ltr' id='par_1_40' title="bbox 2009 742 3590 815">
     <span class='ocr_line' id='line_1_40' title="bbox 2009 742 3590 815; baseline 0.001 -17"><span class='ocrx_word' id='word_1_301' title='bbox 2009 745 2298 814; x_wconf 88' lang='lat' dir='ltr'><strong>gitationes</strong></span> <span class='ocrx_word' id='word_1_302' title='bbox 2328 759 2456 799; x_wconf 91' lang='lat' dir='ltr'><strong>suas</strong></span> <span class='ocrx_word' id='word_1_303' title='bbox 2491 744 2530 800; x_wconf 87' lang='grc'><strong>¹.</strong></span> <span class='ocrx_word' id='word_1_304' title='bbox 2584 763 2603 796; x_wconf 85' lang='grc'>›</span> <span class='ocrx_word' id='word_1_305' title='bbox 2638 742 2737 798; x_wconf 85' lang='lat' dir='ltr'><strong>Hic</strong></span> <span class='ocrx_word' id='word_1_306' title='bbox 2766 759 2983 814; x_wconf 91' lang='lat' dir='ltr'><strong>quoque</strong></span> <span class='ocrx_word' id='word_1_307' title='bbox 3035 745 3406 814; x_wconf 78' lang='lat' dir='ltr'><strong>pr0phetizata</strong></span> <span class='ocrx_word' id='word_1_308' title='bbox 3435 745 3590 815; x_wconf 87' lang='lat' dir='ltr'><strong>prius</strong></span> 
     </span>
    </p>
   </div>
   <div class='ocr_carea' id='block_1_41' title="bbox 2008 837 3589 909">
    <p class='ocr_par' dir='ltr' id='par_1_41' title="bbox 2008 837 3589 909">
     <span class='ocr_line' id='line_1_41' title="bbox 2008 837 3589 909; baseline 0.002 -19"><span class='ocrx_word' id='word_1_309' title='bbox 2008 837 2172 892; x_wconf 87' lang='lat' dir='ltr'><strong>Israel</strong></span> <span class='ocrx_word' id='word_1_310' title='bbox 2236 837 2620 906; x_wconf 75' lang='lat' dir='ltr'><strong>reprobatione</strong></span> <span class='ocrx_word' id='word_1_311' title='bbox 2649 876 2664 901; x_wconf 90' lang='lat'><strong>,</strong></span> <span class='ocrx_word' id='word_1_312' title='bbox 2714 838 2978 893; x_wconf 90' lang='lat' dir='ltr'><strong>continuo</strong></span> <span class='ocrx_word' id='word_1_313' title='bbox 3025 839 3298 892; x_wconf 90' lang='lat' dir='ltr'><strong>indicatur</strong></span> <span class='ocrx_word' id='word_1_314' title='bbox 3346 841 3589 909; x_wconf 87' lang='lat' dir='ltr'><strong>gentium</strong></span> 
     </span>
    </p>
   </div>
   <div class='ocr_carea' id='block_1_42' title="bbox 2008 926 3589 1000">
    <p class='ocr_par' dir='ltr' id='par_1_42' title="bbox 2008 926 3589 1000">
     <span class='ocr_line' id='line_1_42' title="bbox 2008 926 3589 1000; baseline 0 -16"><span class='ocrx_word' id='word_1_315' title='bbox 2008 930 2200 984; x_wconf 77' lang='lat' dir='ltr'><strong>electio</strong></span> <span class='ocrx_word' id='word_1_316' title='bbox 2225 944 2348 998; x_wconf 70' lang='lat' dir='ltr'><strong>quae</strong></span> <span class='ocrx_word' id='word_1_317' title='bbox 2380 943 2478 998; x_wconf 90' lang='lat' dir='ltr'><strong>per</strong></span> <span class='ocrx_word' id='word_1_318' title='bbox 2502 926 2780 984; x_wconf 88' lang='lat' dir='ltr'><strong>Christum</strong></span> <span class='ocrx_word' id='word_1_319' title='bbox 2809 928 2950 984; x_wconf 77' lang='lat' dir='ltr'><strong>facta</strong></span> <span class='ocrx_word' id='word_1_320' title='bbox 2979 935 3084 985; x_wconf 82' lang='lat' dir='ltr'><strong>est.</strong></span> <span class='ocrx_word' id='word_1_321' title='bbox 3117 928 3158 981; x_wconf 86' lang='lat' dir='ltr'>E</span> <span class='ocrx_word' id='word_1_322' title='bbox 3191 944 3421 1000; x_wconf 84' lang='lat' dir='ltr'><strong>persona</strong></span> <span class='ocrx_word' id='word_1_323' title='bbox 3444 932 3589 985; x_wconf 88' lang='lat' dir='ltr'><strong>enim</strong></span> 
     </span>
    </p>
   </div>
   <div class='ocr_carea' id='block_1_43' title="bbox 2009 1020 3588 1091">
    <p class='ocr_par' dir='ltr' id='par_1_43' title="bbox 2009 1020 3588 1091">
     <span class='ocr_line' id='line_1_43' title="bbox 2009 1020 3588 1091; baseline 0.001 -17"><span class='ocrx_word' id='word_1_324' title='bbox 2009 1021 2412 1091; x_wconf 82' lang='lat' dir='ltr'><strong>populipreces</strong></span> <span class='ocrx_word' id='word_1_325' title='bbox 2444 1020 2723 1076; x_wconf 86' lang='lat' dir='ltr'><strong>emittente</strong></span> <span class='ocrx_word' id='word_1_326' title='bbox 2748 1021 3028 1091; x_wconf 84' lang='lat' dir='ltr'><strong>propheta,</strong></span> <span class='ocrx_word' id='word_1_327' title='bbox 3069 1021 3363 1090; x_wconf 86' lang='lat' dir='ltr'><strong>respondet</strong></span> <span class='ocrx_word' id='word_1_328' title='bbox 3396 1020 3588 1077; x_wconf 87' lang='lat' dir='ltr'><strong>Sermo</strong></span> 
     </span>
    </p>
   </div>
   <div class='ocr_carea' id='block_1_44' title="bbox 2012 1110 3589 1182">
    <p class='ocr_par' dir='ltr' id='par_1_44' title="bbox 2012 1110 3589 1182">
     <span class='ocr_line' id='line_1_44' title="bbox 2012 1110 3589 1182; baseline 0.001 -17"><span class='ocrx_word' id='word_1_329' title='bbox 2012 1110 2446 1166; x_wconf 85' lang='lat' dir='ltr'><strong>incredulitatem</strong></span> <span class='ocrx_word' id='word_1_330' title='bbox 2483 1118 2537 1166; x_wconf 90' lang='lat' dir='ltr'><strong>et</strong></span> <span class='ocrx_word' id='word_1_331' title='bbox 2559 1111 2911 1181; x_wconf 77' lang='lat' dir='ltr'><strong>iniquitatem</strong></span> <span class='ocrx_word' id='word_1_332' title='bbox 2953 1112 3153 1180; x_wconf 90' lang='lat' dir='ltr'><strong>prioris</strong></span> <span class='ocrx_word' id='word_1_333' title='bbox 3191 1112 3374 1182; x_wconf 89' lang='lat' dir='ltr'><strong>populi</strong></span> <span class='ocrx_word' id='word_1_334' title='bbox 3410 1113 3589 1166; x_wconf 89' lang='lat' dir='ltr'><strong>incre-</strong></span> 
     </span>
    </p>
   </div>
   <div class='ocr_carea' id='block_1_45' title="bbox 2010 1202 3592 1274">
    <p class='ocr_par' dir='ltr' id='par_1_45' title="bbox 2010 1202 3592 1274">
     <span class='ocr_line' id='line_1_45' title="bbox 2010 1202 3592 1274; baseline 0.003 -20"><span class='ocrx_word' id='word_1_335' title='bbox 2010 1217 2167 1272; x_wconf 89' lang='lat' dir='ltr'><strong>pans,</strong></span> <span class='ocrx_word' id='word_1_336' title='bbox 2204 1202 2588 1272; x_wconf 86' lang='lat' dir='ltr'><strong>propriamque</strong></span> <span class='ocrx_word' id='word_1_337' title='bbox 2625 1206 2678 1256; x_wconf 91' lang='lat' dir='ltr'><strong>in</strong></span> <span class='ocrx_word' id='word_1_338' title='bbox 2714 1218 2808 1258; x_wconf 88' lang='lat' dir='ltr'><strong>eos</strong></span> <span class='ocrx_word' id='word_1_339' title='bbox 2847 1203 3231 1274; x_wconf 78' lang='lat' dir='ltr'><strong>benignitatem</strong></span> <span class='ocrx_word' id='word_1_340' title='bbox 3266 1221 3592 1262; x_wconf 87' lang='lat' dir='ltr'><strong>commemo-</strong></span> 
     </span>
    </p>
   </div>
   <div class='ocr_carea' id='block_1_46' title="bbox 2011 1293 3593 1369">
    <p class='ocr_par' dir='ltr' id='par_1_46' title="bbox 2011 1293 3593 1369">
     <span class='ocr_line' id='line_1_46' title="bbox 2011 1293 3593 1369; baseline 0.004 -21"><span class='ocrx_word' id='word_1_341' title='bbox 2011 1309 2162 1349; x_wconf 87' lang='lat' dir='ltr'><strong>rans.</strong></span> <span class='ocrx_word' id='word_1_342' title='bbox 2188 1293 2472 1360; x_wconf 84' lang='lat' dir='ltr'><strong>Quomodo</strong></span> <span class='ocrx_word' id='word_1_343' title='bbox 2499 1295 2666 1361; x_wconf 90' lang='lat' dir='ltr'><strong>enim,</strong></span> <span class='ocrx_word' id='word_1_344' title='bbox 2692 1299 2795 1358; x_wconf 88' lang='lat' dir='ltr'><strong>ait,</strong></span> <span class='ocrx_word' id='word_1_345' title='bbox 2831 1296 2944 1351; x_wconf 67' lang='lat' dir='ltr'><strong>haec</strong></span> <span class='ocrx_word' id='word_1_346' title='bbox 2968 1297 3172 1362; x_wconf 89' lang='lat' dir='ltr'><strong>dicitis,</strong></span> <span class='ocrx_word' id='word_1_347' title='bbox 3203 1299 3359 1369; x_wconf 89' lang='lat' dir='ltr'><strong>quasi</strong></span> <span class='ocrx_word' id='word_1_348' title='bbox 3382 1315 3468 1356; x_wconf 91' lang='lat' dir='ltr'><strong>me</strong></span> <span class='ocrx_word' id='word_1_349' title='bbox 3502 1316 3593 1356; x_wconf 84' lang='lat' dir='ltr'><strong>sa-</strong></span> 
     </span>
    </p>
   </div>
   <div class='ocr_carea' id='block_1_47' title="bbox 2011 1386 3588 1463">
    <p class='ocr_par' dir='ltr' id='par_1_47' title="bbox 2011 1386 3588 1463">
     <span class='ocr_line' id='line_1_47' title="bbox 2011 1386 3588 1463; baseline 0.004 -23"><span class='ocrx_word' id='word_1_350' title='bbox 2011 1386 2179 1441; x_wconf 88' lang='lat' dir='ltr'><strong>lutem</strong></span> <span class='ocrx_word' id='word_1_351' title='bbox 2204 1397 2442 1443; x_wconf 88' lang='lat' dir='ltr'><strong>vestram</strong></span> <span class='ocrx_word' id='word_1_352' title='bbox 2486 1389 2828 1459; x_wconf 87' lang='lat' dir='ltr'><strong>negligente?</strong></span> <span class='ocrx_word' id='word_1_353' title='bbox 2877 1388 3141 1459; x_wconf 86' lang='lat' dir='ltr'><strong>Equidem</strong></span> <span class='ocrx_word' id='word_1_354' title='bbox 3183 1392 3292 1446; x_wconf 91' lang='lat' dir='ltr'><strong>illis</strong></span> <span class='ocrx_word' id='word_1_355' title='bbox 3337 1393 3432 1463; x_wconf 91' lang='lat' dir='ltr'><strong>qui</strong></span> <span class='ocrx_word' id='word_1_356' title='bbox 3480 1409 3588 1447; x_wconf 89' lang='lat' dir='ltr'><strong>non</strong></span> 
     </span>
    </p>
   </div>
   <div class='ocr_carea' id='block_1_48' title="bbox 2013 1475 3595 1550">
    <p class='ocr_par' dir='ltr' id='par_1_48' title="bbox 2013 1475 3595 1550">
     <span class='ocr_line' id='line_1_48' title="bbox 2013 1475 3595 1550; baseline 0.003 -21"><span class='ocrx_word' id='word_1_357' title='bbox 2013 1475 2424 1548; x_wconf 79' lang='lat' dir='ltr'><strong>interrogabant</strong></span> <span class='ocrx_word' id='word_1_358' title='bbox 2485 1493 2569 1532; x_wconf 88' lang='lat' dir='ltr'><strong>me</strong></span> <span class='ocrx_word' id='word_1_359' title='bbox 2616 1493 2719 1532; x_wconf 91' lang='lat' dir='ltr'><strong>nec</strong></span> <span class='ocrx_word' id='word_1_360' title='bbox 2763 1478 3079 1548; x_wconf 61' lang='lat' dir='ltr'><strong>quaerebant</strong></span> <span class='ocrx_word' id='word_1_361' title='bbox 3127 1479 3392 1550; x_wconf 88' lang='lat' dir='ltr'><strong>meipsum</strong></span> <span class='ocrx_word' id='word_1_362' title='bbox 3428 1481 3595 1534; x_wconf 86' lang='lat' dir='ltr'><strong>mani-</strong></span> 
     </span>
    </p>
   </div>
   <div class='ocr_carea' id='block_1_49' title="bbox 2016 1569 3590 1641">
    <p class='ocr_par' dir='ltr' id='par_1_49' title="bbox 2016 1569 3590 1641">
     <span class='ocr_line' id='line_1_49' title="bbox 2016 1569 3590 1641; baseline 0.002 -18"><span class='ocrx_word' id='word_1_363' title='bbox 2016 1569 2228 1626; x_wconf 80' lang='lat' dir='ltr'><strong>festavi.</strong></span> <span class='ocrx_word' id='word_1_364' title='bbox 2263 1569 2407 1625; x_wconf 83' lang='lat' dir='ltr'><strong>Sane</strong></span> <span class='ocrx_word' id='word_1_365' title='bbox 2455 1570 2621 1640; x_wconf 79' lang='lat' dir='ltr'><strong>igitur</strong></span> <span class='ocrx_word' id='word_1_366' title='bbox 2680 1569 3027 1625; x_wconf 82' lang='lat' dir='ltr'><strong>manifestum</strong></span> <span class='ocrx_word' id='word_1_367' title='bbox 3069 1571 3214 1641; x_wconf 91' lang='lat' dir='ltr'><strong>quod</strong></span> <span class='ocrx_word' id='word_1_368' title='bbox 3247 1571 3338 1626; x_wconf 87' lang='lat' dir='ltr'><strong>Dei</strong></span> <span class='ocrx_word' id='word_1_369' title='bbox 3402 1570 3590 1639; x_wconf 90' lang='lat' dir='ltr'><strong>Filius,</strong></span> 
     </span>
    </p>
   </div>
   <div class='ocr_carea' id='block_1_50' title="bbox 2013 1661 3657 1732">
    <p class='ocr_par' dir='ltr' id='par_1_50' title="bbox 2013 1661 3657 1732">
     <span class='ocr_line' id='line_1_50' title="bbox 2013 1661 3657 1732; baseline 0.002 -16"><span class='ocrx_word' id='word_1_370' title='bbox 2013 1663 2267 1732; x_wconf 81' lang='lat' dir='ltr'><strong>gentibus</strong></span> <span class='ocrx_word' id='word_1_371' title='bbox 2292 1661 2421 1717; x_wconf 89' lang='lat' dir='ltr'><strong>olim</strong></span> <span class='ocrx_word' id='word_1_372' title='bbox 2462 1663 2706 1732; x_wconf 91' lang='lat' dir='ltr'><strong>ignotus,</strong></span> <span class='ocrx_word' id='word_1_373' title='bbox 2751 1661 2806 1715; x_wconf 90' lang='lat' dir='ltr'><strong>in</strong></span> <span class='ocrx_word' id='word_1_374' title='bbox 2849 1665 3324 1718; x_wconf 87' lang='lat' dir='ltr'><strong>consummatione</strong></span> <span class='ocrx_word' id='word_1_375' title='bbox 3365 1665 3594 1719; x_wconf 60' lang='lat' dir='ltr'><strong>saeculo-</strong></span> <span class='ocrx_word' id='word_1_376' title='bbox 3644 1689 3657 1701; x_wconf 89' lang='lat'><strong><em>-</em></strong></span> 
     </span>
    </p>
   </div>
   <div class='ocr_carea' id='block_1_51' title="bbox 2017 1752 3593 1823">
    <p class='ocr_par' dir='ltr' id='par_1_51' title="bbox 2017 1752 3593 1823">
     <span class='ocr_line' id='line_1_51' title="bbox 2017 1752 3593 1823; baseline 0.003 -19"><span class='ocrx_word' id='word_1_377' title='bbox 2017 1767 2160 1816; x_wconf 87' lang='lat' dir='ltr'><strong>rum,</strong></span> <span class='ocrx_word' id='word_1_378' title='bbox 2194 1752 2525 1822; x_wconf 81' lang='lat' dir='ltr'><strong>benignitate</strong></span> <span class='ocrx_word' id='word_1_379' title='bbox 2558 1761 2612 1806; x_wconf 91' lang='lat' dir='ltr'><strong>et</strong></span> <span class='ocrx_word' id='word_1_380' title='bbox 2639 1753 3015 1807; x_wconf 78' lang='lat' dir='ltr'><strong>benevolentia</strong></span> <span class='ocrx_word' id='word_1_381' title='bbox 3043 1752 3222 1809; x_wconf 88' lang='lat' dir='ltr'><strong>Patris</strong></span> <span class='ocrx_word' id='word_1_382' title='bbox 3251 1753 3452 1823; x_wconf 87' lang='lat' dir='ltr'><strong>Deique</strong></span> <span class='ocrx_word' id='word_1_383' title='bbox 3473 1771 3593 1811; x_wconf 87' lang='lat' dir='ltr'><strong>om-</strong></span> 
     </span>
    </p>
   </div>
   <div class='ocr_carea' id='block_1_52' title="bbox 1947 1823 3594 1917">
    <p class='ocr_par' dir='ltr' id='par_1_52' title="bbox 1947 1823 3594 1917">
     <span class='ocr_line' id='line_1_52' title="bbox 1947 1823 3594 1917; baseline 0.002 -21"><span class='ocrx_word' id='word_1_384' title='bbox 1947 1823 1986 1876; x_wconf 76' lang='lat' dir='ltr'><strong>B</strong></span> <span class='ocrx_word' id='word_1_385' title='bbox 2015 1844 2166 1897; x_wconf 84' lang='lat' dir='ltr'><strong>nium</strong></span> <span class='ocrx_word' id='word_1_386' title='bbox 2209 1859 2414 1908; x_wconf 89' lang='lat' dir='ltr'><strong>rerum,</strong></span> <span class='ocrx_word' id='word_1_387' title='bbox 2443 1842 2762 1899; x_wconf 80' lang='lat' dir='ltr'><strong>manifestus</strong></span> <span class='ocrx_word' id='word_1_388' title='bbox 2787 1845 2870 1898; x_wconf 91' lang='lat' dir='ltr'><strong>eis</strong></span> <span class='ocrx_word' id='word_1_389' title='bbox 2900 1843 3077 1900; x_wconf 83' lang='lat' dir='ltr'><strong>factus</strong></span> <span class='ocrx_word' id='word_1_390' title='bbox 3137 1853 3242 1908; x_wconf 87' lang='lat' dir='ltr'><strong>est,</strong></span> <span class='ocrx_word' id='word_1_391' title='bbox 3308 1847 3401 1917; x_wconf 89' lang='lat' dir='ltr'><strong>qui</strong></span> <span class='ocrx_word' id='word_1_392' title='bbox 3451 1861 3594 1900; x_wconf 85' lang='lat' dir='ltr'><strong>nun-</strong></span> 
     </span>
    </p>
   </div>
   <div class='ocr_carea' id='block_1_53' title="bbox 2011 1936 3593 2007">
    <p class='ocr_par' dir='ltr' id='par_1_53' title="bbox 2011 1936 3593 2007">
     <span class='ocr_line' id='line_1_53' title="bbox 2011 1936 3593 2007; baseline 0.001 -18"><span class='ocrx_word' id='word_1_393' title='bbox 2011 1952 2174 2007; x_wconf 87' lang='lat' dir='ltr'><strong>quam</strong></span> <span class='ocrx_word' id='word_1_394' title='bbox 2225 1936 2692 2006; x_wconf 81' lang='lat' dir='ltr'><strong>interrogaveram</strong></span> <span class='ocrx_word' id='word_1_395' title='bbox 2731 1951 2855 1991; x_wconf 89' lang='lat' dir='ltr'><strong>eum</strong></span> <span class='ocrx_word' id='word_1_396' title='bbox 2885 1936 3012 1990; x_wconf 90' lang='lat' dir='ltr'><strong>dum</strong></span> <span class='ocrx_word' id='word_1_397' title='bbox 3064 1936 3332 1990; x_wconf 89' lang='lat' dir='ltr'><strong>idolorum</strong></span> <span class='ocrx_word' id='word_1_398' title='bbox 3369 1952 3593 1992; x_wconf 83' lang='lat' dir='ltr'><strong>suorum</strong></span> 
     </span>
    </p>
   </div>
   <div class='ocr_carea' id='block_1_54' title="bbox 2011 2025 3593 2098">
    <p class='ocr_par' dir='ltr' id='par_1_54' title="bbox 2011 2025 3593 2098">
     <span class='ocr_line' id='line_1_54' title="bbox 2011 2025 3593 2098; baseline 0 -16"><span class='ocrx_word' id='word_1_399' title='bbox 2011 2027 2293 2082; x_wconf 90' lang='lat' dir='ltr'><strong>erroribus</strong></span> <span class='ocrx_word' id='word_1_400' title='bbox 2322 2027 2490 2082; x_wconf 87' lang='lat' dir='ltr'><strong>vincti</strong></span> <span class='ocrx_word' id='word_1_401' title='bbox 2525 2032 2741 2093; x_wconf 81' lang='lat' dir='ltr'><strong>essent_;</strong></span> <span class='ocrx_word' id='word_1_402' title='bbox 2780 2025 3149 2097; x_wconf 88' lang='lat' dir='ltr'><strong>inventusque</strong></span> <span class='ocrx_word' id='word_1_403' title='bbox 3174 2027 3334 2082; x_wconf 79' lang='lat' dir='ltr'><strong>nobis</strong></span> <span class='ocrx_word' id='word_1_404' title='bbox 3362 2035 3467 2091; x_wconf 92' lang='lat' dir='ltr'><strong>est,</strong></span> <span class='ocrx_word' id='word_1_405' title='bbox 3499 2028 3593 2098; x_wconf 89' lang='lat' dir='ltr'><strong>qui</strong></span> 
     </span>
    </p>
   </div>
   <div class='ocr_carea' id='block_1_55' title="bbox 2012 2117 3596 2190">
    <p class='ocr_par' dir='ltr' id='par_1_55' title="bbox 2012 2117 3596 2190">
     <span class='ocr_line' id='line_1_55' title="bbox 2012 2117 3596 2190; baseline 0.001 -17"><span class='ocrx_word' id='word_1_406' title='bbox 2012 2135 2121 2174; x_wconf 91' lang='lat' dir='ltr'><strong>non</strong></span> <span class='ocrx_word' id='word_1_407' title='bbox 2161 2119 2556 2190; x_wconf 65' lang='lat' dir='ltr'><strong>quaesieramus</strong></span> <span class='ocrx_word' id='word_1_408' title='bbox 2610 2134 2732 2173; x_wconf 89' lang='lat' dir='ltr'><strong>eum</strong></span> <span class='ocrx_word' id='word_1_409' title='bbox 2759 2157 2775 2182; x_wconf 97' lang='lat'><strong>,</strong></span> <span class='ocrx_word' id='word_1_410' title='bbox 2831 2117 2925 2174; x_wconf 90' lang='lat' dir='ltr'><strong>sed</strong></span> <span class='ocrx_word' id='word_1_411' title='bbox 2957 2126 3014 2174; x_wconf 89' lang='lat' dir='ltr'><strong>et</strong></span> <span class='ocrx_word' id='word_1_412' title='bbox 3053 2133 3164 2174; x_wconf 90' lang='lat' dir='ltr'><strong>non</strong></span> <span class='ocrx_word' id='word_1_413' title='bbox 3213 2118 3596 2174; x_wconf 79' lang='lat' dir='ltr'><strong>invocantibus</strong></span> 
     </span>
    </p>
   </div>
   <div class='ocr_carea' id='block_1_56' title="bbox 2013 2209 3596 2281">
    <p class='ocr_par' dir='ltr' id='par_1_56' title="bbox 2013 2209 3596 2281">
     <span class='ocr_line' id='line_1_56' title="bbox 2013 2209 3596 2281; baseline -0.001 -15"><span class='ocrx_word' id='word_1_414' title='bbox 2013 2220 2211 2266; x_wconf 85' lang='lat' dir='ltr'><strong>nomen</strong></span> <span class='ocrx_word' id='word_1_415' title='bbox 2250 2211 2370 2281; x_wconf 86' lang='lat' dir='ltr'><strong>ejus</strong></span> <span class='ocrx_word' id='word_1_416' title='bbox 2401 2211 2719 2272; x_wconf 84' lang='lat' dir='ltr'><strong>incarnatus</strong></span> <span class='ocrx_word' id='word_1_417' title='bbox 2748 2211 3065 2280; x_wconf 87' lang='lat' dir='ltr'><strong>respondit,</strong></span> <span class='ocrx_word' id='word_1_418' title='bbox 3099 2211 3479 2265; x_wconf 90' lang='lat' dir='ltr'><strong>tantummodo</strong></span> <span class='ocrx_word' id='word_1_419' title='bbox 3499 2209 3596 2265; x_wconf 63' lang='grc' dir='ltr'><strong>εκ..</strong></span> 
     </span>
    </p>
   </div>
   <div class='ocr_carea' id='block_1_57' title="bbox 2013 2302 3593 2375">
    <p class='ocr_par' dir='ltr' id='par_1_57' title="bbox 2013 2302 3593 2375">
     <span class='ocr_line' id='line_1_57' title="bbox 2013 2302 3593 2375; baseline -0.002 -17"><span class='ocrx_word' id='word_1_420' title='bbox 2013 2304 2294 2360; x_wconf 82' lang='lat' dir='ltr'><strong>clamans:</strong></span> <span class='ocrx_word' id='word_1_421' title='bbox 2332 2321 2350 2354; x_wconf 79' lang='grc' dir='ltr'><strong>ι</strong></span> <span class='ocrx_word' id='word_1_422' title='bbox 2392 2302 2531 2358; x_wconf 88' lang='lat' dir='ltr'><strong>Ecce</strong></span> <span class='ocrx_word' id='word_1_423' title='bbox 2590 2302 2803 2358; x_wconf 88' lang='lat' dir='ltr'><strong>adsum.</strong></span> <span class='ocrx_word' id='word_1_424' title='bbox 2844 2323 2863 2356; x_wconf 71' lang='grc' dir='ltr'><strong>ι</strong></span> <span class='ocrx_word' id='word_1_425' title='bbox 2901 2302 3028 2358; x_wconf 67' lang='lat' dir='ltr'><strong>Haec</strong></span> <span class='ocrx_word' id='word_1_426' title='bbox 3064 2303 3230 2375; x_wconf 85' lang='lat' dir='ltr'><strong>igitur</strong></span> <span class='ocrx_word' id='word_1_427' title='bbox 3253 2304 3322 2358; x_wconf 93' lang='lat' dir='ltr'><strong>de</strong></span> <span class='ocrx_word' id='word_1_428' title='bbox 3353 2303 3593 2374; x_wconf 85' lang='lat' dir='ltr'><strong>gentium</strong></span> 
     </span>
    </p>
   </div>
   <div class='ocr_carea' id='block_1_58' title="bbox 2013 2395 3595 2469">
    <p class='ocr_par' dir='ltr' id='par_1_58' title="bbox 2013 2395 3595 2469">
     <span class='ocr_line' id='line_1_58' title="bbox 2013 2395 3595 2469; baseline -0.001 -19"><span class='ocrx_word' id='word_1_429' title='bbox 2013 2397 2298 2452; x_wconf 88' lang='lat' dir='ltr'><strong>vocatione</strong></span> <span class='ocrx_word' id='word_1_430' title='bbox 2349 2396 2638 2452; x_wconf 79' lang='lat' dir='ltr'><strong>manifeste</strong></span> <span class='ocrx_word' id='word_1_431' title='bbox 2699 2396 2983 2466; x_wconf 82' lang='lat' dir='ltr'><strong>Scriptura</strong></span> <span class='ocrx_word' id='word_1_432' title='bbox 3040 2397 3400 2469; x_wconf 85' lang='lat' dir='ltr'><strong>prnphetizat.</strong></span> <span class='ocrx_word' id='word_1_433' title='bbox 3459 2395 3595 2467; x_wconf 86' lang='lat' dir='ltr'><strong>Dein</strong></span> 
     </span>
    </p>
   </div>
   <div class='ocr_carea' id='block_1_59' title="bbox 2014 2487 3598 2558">
    <p class='ocr_par' dir='ltr' id='par_1_59' title="bbox 2014 2487 3598 2558">
     <span class='ocr_line' id='line_1_59' title="bbox 2014 2487 3598 2558; baseline -0.001 -16"><span class='ocrx_word' id='word_1_434' title='bbox 2014 2489 2278 2544; x_wconf 84' lang='lat' dir='ltr'><strong>acerrime</strong></span> <span class='ocrx_word' id='word_1_435' title='bbox 2302 2489 2596 2544; x_wconf 81' lang='lat' dir='ltr'><strong>confutatis</strong></span> <span class='ocrx_word' id='word_1_436' title='bbox 2638 2487 2949 2544; x_wconf 64' lang='lat' dir='ltr'><strong>Iudaeorum</strong></span> <span class='ocrx_word' id='word_1_437' title='bbox 2997 2489 3210 2554; x_wconf 79' lang='lat' dir='ltr'><strong>verbis,</strong></span> <span class='ocrx_word' id='word_1_438' title='bbox 3261 2488 3480 2558; x_wconf 86' lang='lat' dir='ltr'><strong>subjicit</strong></span> <span class='ocrx_word' id='word_1_439' title='bbox 3514 2489 3598 2542; x_wconf 85' lang='lat' dir='ltr'><strong>di-</strong></span> 
     </span>
    </p>
   </div>
   <div class='ocr_carea' id='block_1_60' title="bbox 2014 2577 3593 2651">
    <p class='ocr_par' dir='ltr' id='par_1_60' title="bbox 2014 2577 3593 2651">
     <span class='ocr_line' id='line_1_60' title="bbox 2014 2577 3593 2651; baseline 0 -19"><span class='ocrx_word' id='word_1_440' title='bbox 2014 2593 2185 2633; x_wconf 90' lang='lat' dir='ltr'><strong>cens:</strong></span> <span class='ocrx_word' id='word_1_441' title='bbox 2229 2595 2248 2629; x_wconf 81' lang='grc' dir='ltr'><strong>ι</strong></span> <span class='ocrx_word' id='word_1_442' title='bbox 2289 2577 2532 2648; x_wconf 81' lang='lat' dir='ltr'><strong>Exp‘andi</strong></span> <span class='ocrx_word' id='word_1_443' title='bbox 2577 2594 2772 2634; x_wconf 88' lang='lat' dir='ltr'><strong>manus</strong></span> <span class='ocrx_word' id='word_1_444' title='bbox 2826 2590 2976 2634; x_wconf 87' lang='lat' dir='ltr'><strong>meas</strong></span> <span class='ocrx_word' id='word_1_445' title='bbox 3016 2579 3084 2633; x_wconf 91' lang='lat' dir='ltr'><strong>ad</strong></span> <span class='ocrx_word' id='word_1_446' title='bbox 3114 2581 3200 2645; x_wconf 83' lang='lat' dir='ltr'><strong>te,</strong></span> <span class='ocrx_word' id='word_1_447' title='bbox 3241 2579 3309 2634; x_wconf 91' lang='lat' dir='ltr'><strong>ad</strong></span> <span class='ocrx_word' id='word_1_448' title='bbox 3336 2581 3593 2651; x_wconf 90' lang='lat' dir='ltr'><strong>populum</strong></span> 
     </span>
    </p>
   </div>
   <div class='ocr_carea' id='block_1_61' title="bbox 2016 2667 3596 2742">
    <p class='ocr_par' dir='ltr' id='par_1_61' title="bbox 2016 2667 3596 2742">
     <span class='ocr_line' id='line_1_61' title="bbox 2016 2667 3596 2742; baseline 0.002 -19"><span class='ocrx_word' id='word_1_449' title='bbox 2016 2669 2354 2725; x_wconf 90' lang='lat' dir='ltr'><strong>incredulum</strong></span> <span class='ocrx_word' id='word_1_450' title='bbox 2381 2678 2437 2725; x_wconf 90' lang='lat' dir='ltr'><strong>et</strong></span> <span class='ocrx_word' id='word_1_451' title='bbox 2472 2667 2876 2725; x_wconf 79' lang='lat' dir='ltr'><strong>adversantem.</strong></span> <span class='ocrx_word' id='word_1_452' title='bbox 2914 2690 2932 2723; x_wconf 75' lang='grc' dir='ltr'><strong>ι</strong></span> <span class='ocrx_word' id='word_1_453' title='bbox 2967 2669 3152 2726; x_wconf 78' lang='lat' dir='ltr'><strong>Potest</strong></span> <span class='ocrx_word' id='word_1_454' title='bbox 3198 2671 3333 2726; x_wconf 90' lang='lat' dir='ltr'><strong>illud</strong></span> <span class='ocrx_word' id='word_1_455' title='bbox 3377 2687 3596 2742; x_wconf 86' lang='lat' dir='ltr'><strong>quoque</strong></span> 
     </span>
    </p>
   </div>
   <div class='ocr_carea' id='block_1_62' title="bbox 2015 2760 3060 2834">
    <p class='ocr_par' dir='ltr' id='par_1_62' title="bbox 2015 2760 3060 2834">
     <span class='ocr_line' id='line_1_62' title="bbox 2015 2760 3060 2834; baseline 0.002 -20"><span class='ocrx_word' id='word_1_456' title='bbox 2015 2760 2083 2815; x_wconf 92' lang='lat' dir='ltr'><strong>de</strong></span> <span class='ocrx_word' id='word_1_457' title='bbox 2101 2762 2357 2831; x_wconf 87' lang='lat' dir='ltr'><strong>passione</strong></span> <span class='ocrx_word' id='word_1_458' title='bbox 2386 2775 2450 2816; x_wconf 87' lang='lat' dir='ltr'><strong>ac</strong></span> <span class='ocrx_word' id='word_1_459' title='bbox 2477 2777 2644 2817; x_wconf 91' lang='lat' dir='ltr'><strong>cruce</strong></span> <span class='ocrx_word' id='word_1_460' title='bbox 2673 2763 2793 2832; x_wconf 87' lang='lat' dir='ltr'><strong>ejus</strong></span> <span class='ocrx_word' id='word_1_461' title='bbox 2811 2763 3060 2834; x_wconf 84' lang='lat' dir='ltr'><strong>intelligi.</strong></span> 
     </span>
    </p>
   </div>
   <div class='ocr_carea' id='block_1_63' title="bbox 2088 2938 3595 3012">
    <p class='ocr_par' dir='ltr' id='par_1_63' title="bbox 2088 2938 3595 3012">
     <span class='ocr_line' id='line_1_63' title="bbox 2088 2938 3595 3012; baseline 0 -20"><span class='ocrx_word' id='word_1_462' title='bbox 2088 2938 2214 2994; x_wconf 65' lang='lat' dir='ltr'><strong>Haec</strong></span> <span class='ocrx_word' id='word_1_463' title='bbox 2249 2949 2378 2996; x_wconf 88' lang='lat' dir='ltr'><strong>sunt</strong></span> <span class='ocrx_word' id='word_1_464' title='bbox 2427 2957 2550 3012; x_wconf 68' lang='lat' dir='ltr'><strong>qua:</strong></span> <span class='ocrx_word' id='word_1_465' title='bbox 2597 2941 2667 2997; x_wconf 88' lang='lat' dir='ltr'><strong>ab</strong></span> <span class='ocrx_word' id='word_1_466' title='bbox 2699 2942 2838 3012; x_wconf 84' lang='lat' dir='ltr'><strong>lsaia</strong></span> <span class='ocrx_word' id='word_1_467' title='bbox 2859 2952 3152 3012; x_wconf 81' lang='lat' dir='ltr'><strong>excerpere</strong></span> <span class='ocrx_word' id='word_1_468' title='bbox 3187 2939 3366 2995; x_wconf 86' lang='lat' dir='ltr'><strong>libuit.</strong></span> <span class='ocrx_word' id='word_1_469' title='bbox 3391 2938 3595 2996; x_wconf 81' lang='lat' dir='ltr'><strong>Verum</strong></span> 
     </span>
    </p>
   </div>
   <div class='ocr_carea' id='block_1_64' title="bbox 2019 3029 3596 3097">
    <p class='ocr_par' dir='ltr' id='par_1_64' title="bbox 2019 3029 3596 3097">
     <span class='ocr_line' id='line_1_64' title="bbox 2019 3029 3596 3097; baseline -0.002 -11"><span class='ocrx_word' id='word_1_470' title='bbox 2019 3031 2321 3097; x_wconf 90' lang='lat' dir='ltr'><strong>enimvero,</strong></span> <span class='ocrx_word' id='word_1_471' title='bbox 2360 3034 2416 3087; x_wconf 88' lang='lat' dir='ltr'><strong>in</strong></span> <span class='ocrx_word' id='word_1_472' title='bbox 2447 3033 2554 3089; x_wconf 85' lang='lat' dir='ltr'><strong>hoc</strong></span> <span class='ocrx_word' id='word_1_473' title='bbox 2581 3049 2727 3089; x_wconf 92' lang='lat' dir='ltr'><strong>nono</strong></span> <span class='ocrx_word' id='word_1_474' title='bbox 2753 3029 3024 3087; x_wconf 79' lang='lat' dir='ltr'><strong>Generatis</strong></span> <span class='ocrx_word' id='word_1_475' title='bbox 3044 3034 3398 3088; x_wconf 81' lang='lat' dir='ltr'><strong>elementaria:</strong></span> <span class='ocrx_word' id='word_1_476' title='bbox 3428 3032 3596 3085; x_wconf 80' lang='lat' dir='ltr'><strong>intro-</strong></span> 
     </span>
    </p>
   </div>
   <div class='ocr_carea' id='block_1_65' title="bbox 2019 3122 3596 3196">
    <p class='ocr_par' dir='ltr' id='par_1_65' title="bbox 2019 3122 3596 3196">
     <span class='ocr_line' id='line_1_65' title="bbox 2019 3122 3596 3196; baseline 0 -21"><span class='ocrx_word' id='word_1_477' title='bbox 2019 3122 2282 3178; x_wconf 79' lang='lat' dir='ltr'><strong>ductiom‘s</strong></span> <span class='ocrx_word' id='word_1_478' title='bbox 2335 3125 2478 3180; x_wconf 90' lang='lat' dir='ltr'><strong>libro</strong></span> <span class='ocrx_word' id='word_1_479' title='bbox 2509 3125 2610 3196; x_wconf 90' lang='lat' dir='ltr'><strong>(l),</strong></span> <span class='ocrx_word' id='word_1_480' title='bbox 2646 3125 2806 3194; x_wconf 73' lang='lat' dir='ltr'><strong>ﬁnem</strong></span> <span class='ocrx_word' id='word_1_481' title='bbox 2837 3123 3073 3194; x_wconf 74' lang='lat' dir='ltr'><strong>Eclogis,</strong></span> <span class='ocrx_word' id='word_1_482' title='bbox 3127 3140 3265 3196; x_wconf 86' lang='lat' dir='ltr'><strong>quas</strong></span> <span class='ocrx_word' id='word_1_483' title='bbox 3306 3126 3361 3179; x_wconf 91' lang='lat' dir='ltr'><strong>in</strong></span> <span class='ocrx_word' id='word_1_484' title='bbox 3399 3123 3504 3178; x_wconf 89' lang='lat' dir='ltr'><strong>hoc</strong></span> <span class='ocrx_word' id='word_1_485' title='bbox 3543 3130 3596 3175; x_wconf 86' lang='lat' dir='ltr'><strong>et</strong></span> 
     </span>
    </p>
   </div>
   <div class='ocr_carea' id='block_1_66' title="bbox 2021 3215 3592 3289">
    <p class='ocr_par' dir='ltr' id='par_1_66' title="bbox 2021 3215 3592 3289">
     <span class='ocr_line' id='line_1_66' title="bbox 2021 3215 3592 3289; baseline 0.001 -21"><span class='ocrx_word' id='word_1_486' title='bbox 2021 3215 2195 3271; x_wconf 90' lang='lat' dir='ltr'><strong>tribus</strong></span> <span class='ocrx_word' id='word_1_487' title='bbox 2222 3218 2656 3286; x_wconf 70' lang='lat' dir='ltr'><strong>praecedentibus</strong></span> <span class='ocrx_word' id='word_1_488' title='bbox 2690 3220 3012 3283; x_wconf 86' lang='lat' dir='ltr'><strong>evolvimus,</strong></span> <span class='ocrx_word' id='word_1_489' title='bbox 3037 3219 3404 3289; x_wconf 88' lang='lat' dir='ltr'><strong>imponentes,</strong></span> <span class='ocrx_word' id='word_1_490' title='bbox 3447 3216 3592 3272; x_wconf 88' lang='lat' dir='ltr'><strong>aliud</strong></span> 
     </span>
    </p>
   </div>
   <div class='ocr_carea' id='block_1_67' title="bbox 2020 3305 3596 3381">
    <p class='ocr_par' dir='ltr' id='par_1_67' title="bbox 2020 3305 3596 3381">
     <span class='ocr_line' id='line_1_67' title="bbox 2020 3305 3596 3381; baseline 0.002 -22"><span class='ocrx_word' id='word_1_491' title='bbox 2020 3305 2509 3365; x_wconf 89' lang='lat' dir='ltr'><strong>demonstrationis</strong></span> <span class='ocrx_word' id='word_1_492' title='bbox 2539 3325 2730 3380; x_wconf 87' lang='lat' dir='ltr'><strong>genus,</strong></span> <span class='ocrx_word' id='word_1_493' title='bbox 2753 3310 2862 3366; x_wconf 91' lang='lat' dir='ltr'><strong>illis</strong></span> <span class='ocrx_word' id='word_1_494' title='bbox 2887 3311 3217 3366; x_wconf 86' lang='lat' dir='ltr'><strong>conveniens</strong></span> <span class='ocrx_word' id='word_1_495' title='bbox 3248 3309 3342 3381; x_wconf 90' lang='lat' dir='ltr'><strong>qui</strong></span> <span class='ocrx_word' id='word_1_496' title='bbox 3366 3309 3596 3364; x_wconf 86' lang='lat' dir='ltr'><strong>rationis</strong></span> 
     </span>
    </p>
   </div>
   <div class='ocr_carea' id='block_1_68' title="bbox 2021 3397 3595 3474">
    <p class='ocr_par' dir='ltr' id='par_1_68' title="bbox 2021 3397 3595 3474">
     <span class='ocr_line' id='line_1_68' title="bbox 2021 3397 3595 3474; baseline 0.004 -27"><span class='ocrx_word' id='word_1_497' title='bbox 2021 3397 2490 3465; x_wconf 86' lang='lat' dir='ltr'><strong>perturbationem</strong></span> <span class='ocrx_word' id='word_1_498' title='bbox 2523 3401 2592 3456; x_wconf 90' lang='lat' dir='ltr'><strong>ab</strong></span> <span class='ocrx_word' id='word_1_499' title='bbox 2619 3401 2803 3474; x_wconf 83' lang='lat' dir='ltr'><strong>impiis</strong></span> <span class='ocrx_word' id='word_1_500' title='bbox 2832 3401 3132 3458; x_wconf 73' lang='lat' dir='ltr'><strong>haeresibus</strong></span> <span class='ocrx_word' id='word_1_501' title='bbox 3178 3402 3509 3464; x_wconf 87' lang='lat' dir='ltr'><strong>sustinuere,</strong></span> <span class='ocrx_word' id='word_1_502' title='bbox 3539 3400 3595 3454; x_wconf 88' lang='lat' dir='ltr'><strong>in</strong></span> 
     </span>
    </p>
   </div>
   <div class='ocr_carea' id='block_1_69' title="bbox 335 3487 2093 3567">
    <p class='ocr_par' dir='ltr' id='par_1_69' title="bbox 335 3487 2093 3567">
     <span class='ocr_line' id='line_1_69' title="bbox 335 3487 2093 3567; baseline -0.004 -16"><span class='ocrx_word' id='word_1_503' title='bbox 335 3493 444 3553; x_wconf 86' lang='lat' dir='ltr'><strong>hoc</strong></span> <span class='ocrx_word' id='word_1_504' title='bbox 491 3498 704 3554; x_wconf 86' lang='lat' dir='ltr'><strong>decimo</strong></span> <span class='ocrx_word' id='word_1_505' title='bbox 733 3499 896 3562; x_wconf 89' lang='lat' dir='ltr'><strong>libro,</strong></span> <span class='ocrx_word' id='word_1_506' title='bbox 931 3503 1198 3567; x_wconf 90' lang='lat' dir='ltr'><strong>quantum</strong></span> <span class='ocrx_word' id='word_1_507' title='bbox 1239 3497 1296 3549; x_wconf 89' lang='lat' dir='ltr'><strong>in</strong></span> <span class='ocrx_word' id='word_1_508' title='bbox 1327 3493 1489 3548; x_wconf 89' lang='lat' dir='ltr'><strong>nobis</strong></span> <span class='ocrx_word' id='word_1_509' title='bbox 1518 3491 1644 3555; x_wconf 88' lang='lat' dir='ltr'><strong>erit,</strong></span> <span class='ocrx_word' id='word_1_510' title='bbox 1679 3487 2093 3559; x_wconf 88' lang='lat' dir='ltr'><strong>usurpabimus.</strong></span> 
     </span>
    </p>
   </div>
   <div class='ocr_carea' id='block_1_70' title="bbox 414 3631 907 3703">
    <p class='ocr_par' dir='ltr' id='par_1_70' title="bbox 414 3631 907 3703">
     <span class='ocr_line' id='line_1_70' title="bbox 414 3631 907 3703; baseline 0.006 -18"><span class='ocrx_word' id='word_1_511' title='bbox 414 3632 430 3663; x_wconf 86' lang='grc'>¹</span> <span class='ocrx_word' id='word_1_512' title='bbox 471 3631 574 3689; x_wconf 88' lang='lat' dir='ltr'><strong>lsa.</strong></span> <span class='ocrx_word' id='word_1_513' title='bbox 611 3649 737 3698; x_wconf 76' lang='lat' dir='ltr'><strong>va,</strong></span> <span class='ocrx_word' id='word_1_514' title='bbox 771 3635 838 3703; x_wconf 78' lang='lat' dir='ltr'><strong>l,</strong></span> <span class='ocrx_word' id='word_1_515' title='bbox 870 3635 907 3688; x_wconf 80' lang='lat'><strong>2</strong></span> 
     </span>
    </p>
   </div>
   <div class='ocr_carea' id='block_1_71' title="bbox 403 3751 3596 3827">
    <p class='ocr_par' dir='ltr' id='par_1_71' title="bbox 403 3751 3596 3827">
     <span class='ocr_line' id='line_1_71' title="bbox 403 3751 3596 3827; baseline -0.009 -14"><span class='ocrx_word' id='word_1_516' title='bbox 403 3761 474 3827; x_wconf 66' lang='grc' dir='ltr'><strong>(ι)</strong></span> <span class='ocrx_word' id='word_1_517' title='bbox 499 3762 616 3827; x_wconf 75' lang='lat' dir='ltr'><strong>inde</strong></span> <span class='ocrx_word' id='word_1_518' title='bbox 639 3763 937 3827; x_wconf 80' lang='lat' dir='ltr'><strong>concludere</strong></span> <span class='ocrx_word' id='word_1_519' title='bbox 961 3768 1040 3827; x_wconf 84' lang='lat' dir='ltr'><strong>est</strong></span> <span class='ocrx_word' id='word_1_520' title='bbox 1067 3759 1265 3827; x_wconf 65' lang='lat' dir='ltr'><strong>Ecloga;</strong></span> <span class='ocrx_word' id='word_1_521' title='bbox 1283 3757 1587 3827; x_wconf 59' lang='lat' dir='ltr'><strong>prophetica;</strong></span> <span class='ocrx_word' id='word_1_522' title='bbox 1613 3761 1874 3827; x_wconf 76' lang='lat' dir='ltr'><strong>excerptas</strong></span> <span class='ocrx_word' id='word_1_523' title='bbox 1891 3765 2010 3827; x_wconf 67' lang='lat' dir='ltr'><strong>esse</strong></span> <span class='ocrx_word' id='word_1_524' title='bbox 2035 3766 2100 3827; x_wconf 43' lang='lat' dir='ltr'><strong>ea.</strong></span> <span class='ocrx_word' id='word_1_525' title='bbox 2133 3763 2296 3827; x_wconf 51' lang='lat' dir='ltr'><strong>opere</strong></span> <span class='ocrx_word' id='word_1_526' title='bbox 2329 3751 2597 3827; x_wconf 65' lang='lat' dir='ltr'><strong>grandiori,</strong></span> <span class='ocrx_word' id='word_1_527' title='bbox 2615 3753 3064 3827; x_wconf 38' lang='lat' dir='ltr'><strong>pura-deperdita,</strong></span> <span class='ocrx_word' id='word_1_528' title='bbox 3085 3754 3169 3827; x_wconf 46' lang='lat' dir='ltr'><strong>leui</strong></span> <span class='ocrx_word' id='word_1_529' title='bbox 3208 3753 3596 3827; x_wconf 29' lang='lat' dir='ltr'><strong>malatia“.</strong></span> 
     </span>
    </p>
   </div>
   <div class='ocr_carea' id='block_1_72' title="bbox 339 3814 1195 3877">
    <p class='ocr_par' dir='ltr' id='par_1_72' title="bbox 339 3814 1195 3877">
     <span class='ocr_line' id='line_1_72' title="bbox 339 3814 1195 3877; baseline -0.005 -1"><span class='ocrx_word' id='word_1_530' title='bbox 339 3814 786 3877; x_wconf 55' lang='lat' dir='ltr'><strong>ralis&#39;elementaria</strong></span> <span class='ocrx_word' id='word_1_531' title='bbox 811 3823 1128 3875; x_wconf 80' lang='lat' dir='ltr'><strong>Introductio.</strong></span> <span class='ocrx_word' id='word_1_532' title='bbox 1155 3814 1195 3872; x_wconf 81' lang='lat' dir='ltr'><strong>ll</strong></span> 
     </span>
    </p>
   </div>
   <div class='ocr_carea' id='block_1_73' title="bbox 342 3885 1302 3952">
    <p class='ocr_par' dir='ltr' id='par_1_73' title="bbox 342 3885 1302 3952">
     <span class='ocr_line' id='line_1_73' title="bbox 342 3885 1302 3952; baseline -0.006 -14"><span class='ocrx_word' id='word_1_533' title='bbox 342 3887 958 3952; x_wconf 80' lang='lat' dir='ltr'><strong>Oxoniensemlgnoravit.</strong></span> <span class='ocrx_word' id='word_1_534' title='bbox 981 3888 1115 3937; x_wconf 74' lang='lat' dir='ltr'><strong>Enn.</strong></span> <span class='ocrx_word' id='word_1_535' title='bbox 1150 3885 1302 3935; x_wconf 71' lang='lat' dir='ltr'><strong>Pun.</strong></span> 
     </span>
    </p>
   </div>
   <div class='ocr_carea' id='block_1_74' title="bbox 1201 3813 3597 3885">
    <p class='ocr_par' dir='ltr' id='par_1_74' title="bbox 1201 3813 3597 3885">
     <span class='ocr_line' id='line_1_74' title="bbox 1201 3813 3597 3885; baseline -0.003 -13"><span class='ocrx_word' id='word_1_536' title='bbox 1201 3813 1314 3883; x_wconf 78' lang='lat' dir='ltr'><strong>uju&#39;s</strong></span> <span class='ocrx_word' id='word_1_537' title='bbox 1336 3813 1486 3885; x_wconf 75' lang='lat' dir='ltr'><strong>pauca</strong></span> <span class='ocrx_word' id='word_1_538' title='bbox 1511 3813 1785 3882; x_wconf 78' lang='lat' dir='ltr'><strong>fragmenta</strong></span> <span class='ocrx_word' id='word_1_539' title='bbox 1807 3817 1948 3866; x_wconf 89' lang='lat' dir='ltr'><strong>dedit</strong></span> <span class='ocrx_word' id='word_1_540' title='bbox 1971 3813 2230 3864; x_wconf 85' lang='lat' dir='ltr'><strong>cardinalis</strong></span> <span class='ocrx_word' id='word_1_541' title='bbox 2257 3813 2348 3862; x_wconf 73' lang='lat' dir='ltr'><strong>Mai</strong></span> <span class='ocrx_word' id='word_1_542' title='bbox 2376 3814 2520 3876; x_wconf 79' lang='lat' dir='ltr'><strong>(infra</strong></span> <span class='ocrx_word' id='word_1_543' title='bbox 2553 3815 2646 3863; x_wconf 86' lang='lat' dir='ltr'><strong>col.</strong></span> <span class='ocrx_word' id='word_1_544' title='bbox 2690 3813 2864 3877; x_wconf 73' lang='lat'><strong>1271),</strong></span> <span class='ocrx_word' id='word_1_545' title='bbox 2899 3817 2984 3878; x_wconf 87' lang='lat' dir='ltr'><strong>qut</strong></span> <span class='ocrx_word' id='word_1_546' title='bbox 3013 3813 3302 3880; x_wconf 77' lang='lat' dir='ltr'><strong>Bclogarum</strong></span> <span class='ocrx_word' id='word_1_547' title='bbox 3327 3814 3597 3866; x_wconf 83' lang='lat' dir='ltr'><strong>editionem</strong></span> 
     </span>
    </p>
   </div>
   <div class='ocr_carea' id='block_1_75' title="bbox 744 4010 3184 4210">
    <p class='ocr_par' dir='ltr' id='par_1_75' title="bbox 744 4010 3184 4210">
     <span class='ocr_line' id='line_1_75' title="bbox 744 4010 3184 4210; baseline -0.004 -3"><span class='ocrx_word' id='word_1_548' title='bbox 744 4010 1304 4210; x_wconf 60' lang='lat' dir='ltr'><strong>EUSEBH</strong></span> <span class='ocrx_word' id='word_1_549' title='bbox 1387 4086 1566 4199; x_wconf 92' lang='lat' dir='ltr'><strong>DE</strong></span> <span class='ocrx_word' id='word_1_550' title='bbox 1650 4083 2048 4202; x_wconf 82' lang='lat' dir='ltr'><strong>vms</strong></span> <span class='ocrx_word' id='word_1_551' title='bbox 2126 4083 3184 4200; x_wconf 82' lang='lat' dir='ltr'><strong>PROPHETARUM</strong></span> 
     </span>
    </p>
   </div>
   <div class='ocr_carea' id='block_1_76' title="bbox 1609 4255 2358 4351">
    <p class='ocr_par' dir='ltr' id='par_1_76' title="bbox 1609 4255 2358 4351">
     <span class='ocr_line' id='line_1_76' title="bbox 1609 4255 2358 4351; baseline 0.004 -3"><span class='ocrx_word' id='word_1_552' title='bbox 1609 4255 2358 4351; x_wconf 81' lang='lat' dir='ltr'><strong>FRAGMENTA.</strong></span> 
     </span>
    </p>
   </div>
   <div class='ocr_carea' id='block_1_77' title="bbox 340 4453 3598 4550">
    <p class='ocr_par' dir='ltr' id='par_1_77' title="bbox 340 4453 3598 4550">
     <span class='ocr_line' id='line_1_77' title="bbox 340 4453 3598 4550; baseline -0.002 -10"><span class='ocrx_word' id='word_1_553' title='bbox 340 4481 426 4540; x_wconf 74' lang='lat' dir='ltr'><strong>Ea:</strong></span> <span class='ocrx_word' id='word_1_554' title='bbox 455 4481 778 4548; x_wconf 69' lang='lat' dir='ltr'><strong>Pra’lauone</strong></span> <span class='ocrx_word' id='word_1_555' title='bbox 804 4473 1032 4549; x_wconf 79' lang='lat' dir='ltr'><strong>oanms</strong></span> <span class='ocrx_word' id='word_1_556' title='bbox 1071 4453 1418 4550; x_wconf 61' lang='lat' dir='ltr'><strong>cartcriiad</strong></span> <span class='ocrx_word' id='word_1_557' title='bbox 1440 4473 1507 4550; x_wconf 58' lang='grc' dir='ltr'>Β,</span> <span class='ocrx_word' id='word_1_558' title='bbox 1553 4472 1815 4550; x_wconf 64' lang='lat' dir='ltr'><strong>Joannem</strong></span> <span class='ocrx_word' id='word_1_559' title='bbox 1861 4469 2317 4550; x_wconf 58' lang='lat' dir='ltr'><strong>Rupjfucaldium,</strong></span> <span class='ocrx_word' id='word_1_560' title='bbox 2354 4473 2582 4550; x_wconf 66' lang='lat' dir='ltr'><strong>Majoria</strong></span> <span class='ocrx_word' id='word_1_561' title='bbox 2634 4473 2945 4550; x_wconf 64' lang='lat' dir='ltr'><strong>&quot;annuet-ii</strong></span> <span class='ocrx_word' id='word_1_562' title='bbox 2976 4474 3235 4550; x_wconf 56' lang='lat' dir='ltr'><strong>abbatem,</strong></span> <span class='ocrx_word' id='word_1_563' title='bbox 3261 4477 3598 4550; x_wconf 69' lang='lat' dir='ltr'><strong>i_n__Procopr&#39;i</strong></span> 
     </span>
    </p>
   </div>
   <div class='ocr_carea' id='block_1_78' title="bbox 409 4541 3594 4622">
    <p class='ocr_par' dir='ltr' id='par_1_78' title="bbox 409 4541 3594 4622">
     <span class='ocr_line' id='line_1_78' title="bbox 409 4541 3594 4622; baseline -0.001 -14"><span class='ocrx_word' id='word_1_564' title='bbox 409 4541 657 4622; x_wconf 61' lang='lat' dir='ltr'><strong>sophistae</strong></span> <span class='ocrx_word' id='word_1_565' title='bbox 679 4543 970 4622; x_wconf 59' lang='lat' dir='ltr'><strong>Christiani</strong></span> <span class='ocrx_word' id='word_1_566' title='bbox 998 4549 1264 4622; x_wconf 69' lang='lat' dir='ltr'><strong>variarum</strong></span> <span class='ocrx_word' id='word_1_567' title='bbox 1301 4547 1364 4622; x_wconf 54' lang='lat' dir='ltr'><strong>in</strong></span> <span class='ocrx_word' id='word_1_568' title='bbox 1386 4545 1594 4622; x_wconf 73' lang='lat' dir='ltr'><strong>_lsaiam</strong></span> <span class='ocrx_word' id='word_1_569' title='bbox 1618 4541 1922 4611; x_wconf 81' lang='lat' dir='ltr'><strong>prophetam</strong></span> <span class='ocrx_word' id='word_1_570' title='bbox 1951 4541 2463 4598; x_wconf 73' lang='lat' dir='ltr'><strong>Cbmmentationum</strong></span> <span class='ocrx_word' id='word_1_571' title='bbox 2491 4545 2735 4616; x_wconf 73' lang='lat' dir='ltr'><strong>epitonia.</strong></span> <span class='ocrx_word' id='word_1_572' title='bbox 2765 4577 2837 4586; x_wconf 88' lang='lat'><strong>-—</strong></span> <span class='ocrx_word' id='word_1_573' title='bbox 2871 4547 3118 4612; x_wconf 81' lang='lat' dir='ltr'><strong>Parisiis,</strong></span> <span class='ocrx_word' id='word_1_574' title='bbox 3151 4541 3290 4617; x_wconf 88' lang='lat' dir='ltr'><strong>apud</strong></span> <span class='ocrx_word' id='word_1_575' title='bbox 3313 4541 3594 4606; x_wconf 81' lang='lat' dir='ltr'><strong>Nicolaum</strong></span> 
     </span>
    </p>
   </div>
   <div class='ocr_carea' id='block_1_79' title="bbox 407 4616 1608 4688">
    <p class='ocr_par' dir='ltr' id='par_1_79' title="bbox 407 4616 1608 4688">
     <span class='ocr_line' id='line_1_79' title="bbox 407 4616 1608 4688; baseline -0.011 -8"><span class='ocrx_word' id='word_1_576' title='bbox 407 4616 716 4686; x_wconf 72' lang='lat' dir='ltr'><strong>Cliesneau,</strong></span> <span class='ocrx_word' id='word_1_577' title='bbox 755 4621 913 4684; x_wconf 79' lang='grc'>1580,</span> <span class='ocrx_word' id='word_1_578' title='bbox 948 4618 1150 4683; x_wconf 77' lang='lat' dir='ltr'><strong>in-fol.,</strong></span> <span class='ocrx_word' id='word_1_579' title='bbox 1183 4633 1305 4688; x_wconf 87' lang='lat' dir='ltr'><strong>pag.</strong></span> <span class='ocrx_word' id='word_1_580' title='bbox 1334 4616 1406 4670; x_wconf 68' lang='grc'><strong>24</strong></span> <span class='ocrx_word' id='word_1_581' title='bbox 1443 4631 1549 4684; x_wconf 77' lang='lat' dir='ltr'><strong>seq.</strong></span> <span class='ocrx_word' id='word_1_582' title='bbox 1595 4631 1608 4667; x_wconf 87' lang='lat'><strong>:</strong></span> 
     </span>
    </p>
   </div>
   <div class='ocr_carea' id='block_1_80' title="bbox 411 4705 3598 4782">
    <p class='ocr_par' dir='ltr' id='par_1_80' title="bbox 411 4705 3598 4782">
     <span class='ocr_line' id='line_1_80' title="bbox 411 4705 3598 4782; baseline -0 -14"><span class='ocrx_word' id='word_1_583' title='bbox 411 4753 426 4768; x_wconf 95' lang='lat'><strong>.</strong></span> <span class='ocrx_word' id='word_1_584' title='bbox 470 4755 484 4768; x_wconf 93' lang='lat'><strong>.</strong></span> <span class='ocrx_word' id='word_1_585' title='bbox 528 4755 542 4768; x_wconf 93' lang='lat'><strong>.</strong></span> <span class='ocrx_word' id='word_1_586' title='bbox 573 4732 593 4766; x_wconf 74' lang='grc' dir='ltr'><strong>ι</strong></span> <span class='ocrx_word' id='word_1_587' title='bbox 627 4712 811 4781; x_wconf 78' lang='lat' dir='ltr'><strong>Adjeci</strong></span> <span class='ocrx_word' id='word_1_588' title='bbox 844 4721 1102 4782; x_wconf 67' lang='lat' dir='ltr'><strong>praeterea</strong></span> <span class='ocrx_word' id='word_1_589' title='bbox 1135 4719 1189 4767; x_wconf 90' lang='lat' dir='ltr'><strong>et</strong></span> <span class='ocrx_word' id='word_1_590' title='bbox 1217 4711 1603 4782; x_wconf 88' lang='lat' dir='ltr'><strong>prophetarum</strong></span> <span class='ocrx_word' id='word_1_591' title='bbox 1633 4707 1875 4762; x_wconf 89' lang='lat' dir='ltr'><strong>omnium</strong></span> <span class='ocrx_word' id='word_1_592' title='bbox 1909 4705 2074 4782; x_wconf 60' lang='lat' dir='ltr'><strong>Vitas,</strong></span> <span class='ocrx_word' id='word_1_593' title='bbox 2099 4724 2410 4782; x_wconf 88' lang='lat' dir='ltr'><strong>quas,cum</strong></span> <span class='ocrx_word' id='word_1_594' title='bbox 2437 4713 2712 4766; x_wconf 86' lang='lat' dir='ltr'><strong>nonnullis</strong></span> <span class='ocrx_word' id='word_1_595' title='bbox 2746 4711 2887 4775; x_wconf 87' lang='lat' dir='ltr'><strong>aliis,</strong></span> <span class='ocrx_word' id='word_1_596' title='bbox 2925 4711 3158 4767; x_wconf 83' lang='lat' dir='ltr'><strong>Eusebio</strong></span> <span class='ocrx_word' id='word_1_597' title='bbox 3177 4712 3466 4782; x_wconf 87' lang='lat' dir='ltr'><strong>ascriptas,</strong></span> <span class='ocrx_word' id='word_1_598' title='bbox 3503 4714 3598 4768; x_wconf 64' lang='lat' dir='ltr'><strong>ha.</strong></span> 
     </span>
    </p>
   </div>
   <div class='ocr_carea' id='block_1_81' title="bbox 340 4775 3596 4857">
    <p class='ocr_par' dir='ltr' id='par_1_81' title="bbox 340 4775 3596 4857">
     <span class='ocr_line' id='line_1_81' title="bbox 340 4775 3596 4857; baseline -0.001 -17"><span class='ocrx_word' id='word_1_599' title='bbox 340 4785 501 4857; x_wconf 87' lang='lat' dir='ltr'><strong>bebat</strong></span> <span class='ocrx_word' id='word_1_600' title='bbox 527 4793 683 4857; x_wconf 81' lang='lat' dir='ltr'><strong>vetus</strong></span> <span class='ocrx_word' id='word_1_601' title='bbox 706 4775 972 4857; x_wconf 69' lang='lat' dir='ltr'><strong>Marébali</strong></span> <span class='ocrx_word' id='word_1_602' title='bbox 1003 4781 1169 4836; x_wconf 83' lang='lat' dir='ltr'><strong>codex</strong></span> <span class='ocrx_word' id='word_1_603' title='bbox 1197 4775 1446 4857; x_wconf 58' lang='lat' dir='ltr'><strong>{partim</strong></span> <span class='ocrx_word' id='word_1_604' title='bbox 1479 4781 1696 4852; x_wconf 88' lang='lat' dir='ltr'><strong>quidem</strong></span> <span class='ocrx_word' id='word_1_605' title='bbox 1747 4785 1806 4830; x_wconf 91' lang='lat' dir='ltr'><strong>ut</strong></span> <span class='ocrx_word' id='word_1_606' title='bbox 1841 4792 1916 4857; x_wconf 76' lang='lat' dir='ltr'><strong>ex_</strong></span> <span class='ocrx_word' id='word_1_607' title='bbox 1935 4775 2239 4857; x_wconf 68' lang='lat' dir='ltr'><strong>fragmento</strong></span> <span class='ocrx_word' id='word_1_608' title='bbox 2264 4781 2527 4852; x_wconf 81' lang='lat' dir='ltr'><strong>haberent</strong></span> <span class='ocrx_word' id='word_1_609' title='bbox 2565 4782 3064 4857; x_wconf 80' lang='lat' dir='ltr'><strong>ecclesiasticorum</strong></span> <span class='ocrx_word' id='word_1_610' title='bbox 3099 4775 3429 4857; x_wconf 68' lang='lat' dir='ltr'><strong>scriptorum</strong></span> <span class='ocrx_word' id='word_1_611' title='bbox 3452 4775 3596 4838; x_wconf 75' lang='lat' dir='ltr'><strong>sm-</strong></span> 
     </span>
    </p>
   </div>
   <div class='ocr_carea' id='block_1_82' title="bbox 338 4850 3596 4926">
    <p class='ocr_par' dir='ltr' id='par_1_82' title="bbox 338 4850 3596 4926">
     <span class='ocr_line' id='line_1_82' title="bbox 338 4850 3596 4926; baseline -0.001 -16"><span class='ocrx_word' id='word_1_612' title='bbox 338 4856 479 4926; x_wconf 81' lang='lat' dir='ltr'><strong>diOsi</strong></span> <span class='ocrx_word' id='word_1_613' title='bbox 509 4853 653 4909; x_wconf 91' lang='lat' dir='ltr'><strong>unde</strong></span> <span class='ocrx_word' id='word_1_614' title='bbox 681 4868 820 4926; x_wconf 81' lang='lat' dir='ltr'><strong>opus</strong></span> <span class='ocrx_word' id='word_1_615' title='bbox 853 4852 1055 4921; x_wconf 90' lang='lat' dir='ltr'><strong>ipsum,</strong></span> <span class='ocrx_word' id='word_1_616' title='bbox 1095 4867 1159 4906; x_wconf 81' lang='lat' dir='ltr'><strong>ex</strong></span> <span class='ocrx_word' id='word_1_617' title='bbox 1185 4867 1293 4926; x_wconf 80' lang='lat' dir='ltr'><strong>quo</strong></span> <span class='ocrx_word' id='word_1_618' title='bbox 1325 4850 1660 4922; x_wconf 70' lang='lat' dir='ltr'><strong>deprompta:</strong></span> <span class='ocrx_word' id='word_1_619' title='bbox 1690 4857 1840 4926; x_wconf 80' lang='lat' dir='ltr'><strong>sunt.</strong></span> <span class='ocrx_word' id='word_1_620' title='bbox 1873 4850 2170 4926; x_wconf 62' lang='lat' dir='ltr'><strong>siquando</strong></span> <span class='ocrx_word' id='word_1_621' title='bbox 2210 4852 2264 4905; x_wconf 93' lang='lat' dir='ltr'><strong>in</strong></span> <span class='ocrx_word' id='word_1_622' title='bbox 2301 4850 2492 4926; x_wconf 80' lang='lat' dir='ltr'><strong>eorum</strong></span> <span class='ocrx_word' id='word_1_623' title='bbox 2539 4867 2732 4908; x_wconf 84' lang='lat' dir='ltr'><strong>manus</strong></span> <span class='ocrx_word' id='word_1_624' title='bbox 2776 4853 3004 4915; x_wconf 88' lang='lat' dir='ltr'><strong>incidat,</strong></span> <span class='ocrx_word' id='word_1_625' title='bbox 3039 4850 3300 4923; x_wconf 85' lang='lat' dir='ltr'><strong>tanquam</strong></span> <span class='ocrx_word' id='word_1_626' title='bbox 3348 4855 3596 4926; x_wconf 74' lang='grc' dir='ltr'>αναγνω-</span> 
     </span>
    </p>
   </div>
   <div class='ocr_carea' id='block_1_83' title="bbox 343 4919 3598 4996">
    <p class='ocr_par' dir='ltr' id='par_1_83' title="bbox 343 4919 3598 4996">
     <span class='ocr_line' id='line_1_83' title="bbox 343 4919 3598 4996; baseline -0 -17"><span class='ocrx_word' id='word_1_627' title='bbox 343 4925 480 4996; x_wconf 73' lang='lat' dir='ltr'><strong>plcet</strong></span> <span class='ocrx_word' id='word_1_628' title='bbox 505 4926 654 4996; x_wconf 81' lang='lat' dir='ltr'><strong>justa</strong></span> <span class='ocrx_word' id='word_1_629' title='bbox 687 4919 994 4994; x_wconf 44' lang='lat' dir='ltr'><strong>probat—um,</strong></span> <span class='ocrx_word' id='word_1_630' title='bbox 1027 4919 1245 4996; x_wconf 81' lang='lat' dir='ltr'><strong>parenti</strong></span> <span class='ocrx_word' id='word_1_631' title='bbox 1276 4937 1376 4974; x_wconf 90' lang='lat' dir='ltr'><strong>suo</strong></span> <span class='ocrx_word' id='word_1_632' title='bbox 1397 4919 1476 4976; x_wconf 48' lang='lat' dir='ltr'><strong>‘et</strong></span> <span class='ocrx_word' id='word_1_633' title='bbox 1527 4919 1762 4996; x_wconf 68' lang='lat' dir='ltr'><strong>posteris</strong></span> <span class='ocrx_word' id='word_1_634' title='bbox 1809 4919 2162 4996; x_wconf 76' lang='lat' dir='ltr'><strong>restituerent</strong></span> <span class='ocrx_word' id='word_1_635' title='bbox 2193 4941 2204 4976; x_wconf 93' lang='lat'><strong>:</strong></span> <span class='ocrx_word' id='word_1_636' title='bbox 2232 4923 2436 4996; x_wconf 81' lang='lat' dir='ltr'><strong>partim</strong></span> <span class='ocrx_word' id='word_1_637' title='bbox 2474 4937 2623 4988; x_wconf 86' lang='lat' dir='ltr'><strong>vero,</strong></span> <span class='ocrx_word' id='word_1_638' title='bbox 2655 4931 2713 4976; x_wconf 88' lang='lat' dir='ltr'><strong>ut</strong></span> <span class='ocrx_word' id='word_1_639' title='bbox 2744 4937 2864 4996; x_wconf 55' lang='lat' dir='ltr'><strong>qua:</strong></span> <span class='ocrx_word' id='word_1_640' title='bbox 2895 4931 3082 4978; x_wconf 86' lang='lat' dir='ltr'><strong>tantus</strong></span> <span class='ocrx_word' id='word_1_641' title='bbox 3123 4919 3318 4996; x_wconf 78' lang='lat' dir='ltr'><strong>auctor</strong></span> <span class='ocrx_word' id='word_1_642' title='bbox 3355 4925 3424 4978; x_wconf 89' lang='lat' dir='ltr'><strong>de</strong></span> <span class='ocrx_word' id='word_1_643' title='bbox 3465 4919 3598 4996; x_wconf 75' lang='lat' dir='ltr'><strong>pro-</strong></span> 
     </span>
    </p>
   </div>
   <div class='ocr_carea' id='block_1_84' title="bbox 339 4989 3596 5077">
    <p class='ocr_par' dir='ltr' id='par_1_84' title="bbox 339 4989 3596 5077">
     <span class='ocr_line' id='line_1_84' title="bbox 339 4989 3596 5077; baseline -0 -26"><span class='ocrx_word' id='word_1_644' title='bbox 339 4989 523 5077; x_wconf 64' lang='lat' dir='ltr'><strong>pnetis</strong></span> <span class='ocrx_word' id='word_1_645' title='bbox 546 4989 880 5058; x_wconf 77' lang='lat' dir='ltr'><strong>adnotasset,</strong></span> <span class='ocrx_word' id='word_1_646' title='bbox 907 4989 1174 5060; x_wconf 82' lang='lat' dir='ltr'><strong>tantisper</strong></span> <span class='ocrx_word' id='word_1_647' title='bbox 1205 4999 1504 5055; x_wconf 76' lang='lat' dir='ltr'><strong>exstarent,</strong></span> <span class='ocrx_word' id='word_1_648' title='bbox 1528 4989 1678 5044; x_wconf 58' lang='lat' dir='ltr'><strong>&#39;dum</strong></span> <span class='ocrx_word' id='word_1_649' title='bbox 1724 4989 1776 5042; x_wconf 92' lang='lat' dir='ltr'><strong>in</strong></span> <span class='ocrx_word' id='word_1_650' title='bbox 1822 4989 1997 5042; x_wconf 90' lang='lat' dir='ltr'><strong>lucem</strong></span> <span class='ocrx_word' id='word_1_651' title='bbox 2034 4989 2352 5048; x_wconf 82' lang='lat' dir='ltr'><strong>melioribus</strong></span> <span class='ocrx_word' id='word_1_652' title='bbox 2401 4993 2586 5048; x_wconf 82' lang='lat' dir='ltr'><strong>forsan</strong></span> <span class='ocrx_word' id='word_1_653' title='bbox 2631 4989 2892 5064; x_wconf 85' lang='lat' dir='ltr'><strong>auspiciis</strong></span> <span class='ocrx_word' id='word_1_654' title='bbox 2933 5009 3070 5064; x_wconf 90' lang='lat' dir='ltr'><strong>opus</strong></span> <span class='ocrx_word' id='word_1_655' title='bbox 3120 4994 3302 5066; x_wconf 88' lang='lat' dir='ltr'><strong>ipsum</strong></span> <span class='ocrx_word' id='word_1_656' title='bbox 3354 4989 3596 5064; x_wconf 87' lang='lat' dir='ltr'><strong>prodiret</strong></span> 
     </span>
    </p>
   </div>
   <div class='ocr_carea' id='block_1_85' title="bbox 341 5065 687 5138">
    <p class='ocr_par' dir='ltr' id='par_1_85' title="bbox 341 5065 687 5138">
     <span class='ocr_line' id='line_1_85' title="bbox 341 5065 687 5138; baseline -0.014 -17"><span class='ocrx_word' id='word_1_657' title='bbox 341 5065 632 5138; x_wconf 85' lang='lat' dir='ltr'><strong>inlegrum.</strong></span> <span class='ocrx_word' id='word_1_658' title='bbox 667 5083 687 5116; x_wconf 77' lang='grc' dir='ltr'><strong>ι</strong></span> 
     </span>
    </p>
   </div>
   <div class='ocr_carea' id='block_1_86' title="bbox 872 5262 3087 5357">
    <p class='ocr_par' dir='ltr' id='par_1_86' title="bbox 872 5262 3087 5357">
     <span class='ocr_line' id='line_1_86' title="bbox 872 5262 3087 5357; baseline -0.005 -2"><span class='ocrx_word' id='word_1_659' title='bbox 872 5265 1451 5357; x_wconf 87' lang='lat' dir='ltr'><strong>EUSEBIUS</strong></span> <span class='ocrx_word' id='word_1_660' title='bbox 1525 5264 1671 5351; x_wconf 90' lang='lat' dir='ltr'><strong>DE</strong></span> <span class='ocrx_word' id='word_1_661' title='bbox 1745 5263 2080 5356; x_wconf 87' lang='lat' dir='ltr'><strong>VITIS</strong></span> <span class='ocrx_word' id='word_1_662' title='bbox 2151 5262 3087 5355; x_wconf 80' lang='lat' dir='ltr'><strong>PBOPHETARUM.</strong></span> 
     </span>
    </p>
   </div>
   <div class='ocr_carea' id='block_1_87' title="bbox 357 5491 1911 5571">
    <p class='ocr_par' dir='ltr' id='par_1_87' title="bbox 357 5498 1904 5571">
     <span class='ocr_line' id='line_1_87' title="bbox 357 5498 1904 5571; baseline -0.007 -8"><span class='ocrx_word' id='word_1_663' title='bbox 357 5508 446 5563; x_wconf 78' lang='grc' dir='ltr'><strong><em>Εκ</em></strong></span> <span class='ocrx_word' id='word_1_664' title='bbox 477 5507 596 5562; x_wconf 79' lang='grc' dir='ltr'>τῶν</span> <span class='ocrx_word' id='word_1_665' title='bbox 649 5504 943 5560; x_wconf 81' lang='grc' dir='ltr'>Εὑσεόἰου</span> <span class='ocrx_word' id='word_1_666' title='bbox 995 5503 1101 5558; x_wconf 83' lang='grc' dir='ltr'><strong>τοῦ</strong></span> <span class='ocrx_word' id='word_1_667' title='bbox 1142 5501 1458 5571; x_wconf 71' lang='grc' dir='ltr'>Παμφίλου</span> <span class='ocrx_word' id='word_1_668' title='bbox 1489 5499 1622 5568; x_wconf 79' lang='grc' dir='ltr'>περὶ</span> <span class='ocrx_word' id='word_1_669' title='bbox 1657 5498 1904 5571; x_wconf 51' lang='lat' dir='ltr'><strong>(ﬁctor?</strong></span> 
     </span>
    </p>
   </div>
   <div class='ocr_carea' id='block_1_88' title="bbox 2011 5491 3564 5571">
    <p class='ocr_par' dir='ltr' id='par_1_88' title="bbox 2011 5491 3564 5571">
     <span class='ocr_line' id='line_1_88' title="bbox 2011 5491 3564 5571; baseline -0.006 -18"><span class='ocrx_word' id='word_1_670' title='bbox 2011 5495 2059 5553; x_wconf 86' lang='lat' dir='ltr'><strong><em>E</em></strong></span> <span class='ocrx_word' id='word_1_671' title='bbox 2086 5495 2293 5571; x_wconf 66' lang='lat' dir='ltr'><strong>scriptis</strong></span> <span class='ocrx_word' id='word_1_672' title='bbox 2343 5493 2576 5571; x_wconf 51' lang='lat' dir='ltr'><strong>Eusebii</strong></span> <span class='ocrx_word' id='word_1_673' title='bbox 2612 5493 2690 5571; x_wconf 53' lang='lat' dir='ltr'><strong>de</strong></span> <span class='ocrx_word' id='word_1_674' title='bbox 2721 5491 3446 5571; x_wconf 57' lang='lat' dir='ltr'><strong>prophetieorumjibrorum</strong></span> <span class='ocrx_word' id='word_1_675' title='bbox 3496 5506 3564 5560; x_wconf 79' lang='lat' dir='ltr'><strong>ap</strong></span> 
     </span>
    </p>
   </div>
   <div class='ocr_carea' id='block_1_89' title="bbox 403 5568 1908 5644">
    <p class='ocr_par' dir='ltr' id='par_1_89' title="bbox 403 5568 1908 5644">
     <span class='ocr_line' id='line_1_89' title="bbox 403 5568 1908 5644; baseline -0.005 -14"><span class='ocrx_word' id='word_1_676' title='bbox 403 5579 644 5644; x_wconf 74' lang='grc' dir='ltr'>βιϐλίου</span> <span class='ocrx_word' id='word_1_677' title='bbox 680 5575 798 5628; x_wconf 79' lang='grc' dir='ltr'><strong>τῶν</strong></span> <span class='ocrx_word' id='word_1_678' title='bbox 821 5573 1140 5644; x_wconf 69' lang='grc' dir='ltr'>προφητῶν</span> <span class='ocrx_word' id='word_1_679' title='bbox 1155 5568 1482 5642; x_wconf 59' lang='grc' dir='ltr'>ὀνομασίαι*</span> <span class='ocrx_word' id='word_1_680' title='bbox 1538 5571 1636 5625; x_wconf 72' lang='grc' dir='ltr'><strong>καὶ</strong></span> <span class='ocrx_word' id='word_1_681' title='bbox 1667 5569 1786 5626; x_wconf 80' lang='grc' dir='ltr'><strong>ὰπὸ</strong></span> <span class='ocrx_word' id='word_1_682' title='bbox 1803 5568 1908 5639; x_wconf 80' lang='grc' dir='ltr'><strong>μέ-</strong></span> 
     </span>
    </p>
   </div>
   <div class='ocr_carea' id='block_1_90' title="bbox 401 5645 1222 5720">
    <p class='ocr_par' dir='ltr' id='par_1_90' title="bbox 401 5645 1222 5720">
     <span class='ocr_line' id='line_1_90' title="bbox 401 5645 1222 5720; baseline -0.004 -17"><span class='ocrx_word' id='word_1_683' title='bbox 401 5667 552 5720; x_wconf 85' lang='grc' dir='ltr'>ρους</span> <span class='ocrx_word' id='word_1_684' title='bbox 577 5648 636 5702; x_wconf 82' lang='grc' dir='ltr'>τί</span> <span class='ocrx_word' id='word_1_685' title='bbox 664 5646 919 5715; x_wconf 79' lang='grc' dir='ltr'>περιέχει</span> <span class='ocrx_word' id='word_1_686' title='bbox 947 5645 1222 5709; x_wconf 80' lang='grc' dir='ltr'>ἕκαστος.</span> 
     </span>
    </p>
   </div>
   <div class='ocr_carea' id='block_1_91' title="bbox 970 5729 1270 5789">
    <p class='ocr_par' dir='ltr' id='par_1_91' title="bbox 970 5729 1270 5789">
     <span class='ocr_line' id='line_1_91' title="bbox 970 5729 1270 5789; baseline -0.003 -1"><span class='ocrx_word' id='word_1_687' title='bbox 970 5729 1167 5789; x_wconf 78' lang='grc' dir='ltr'><strong>ΩΣΗΕ.</strong></span> <span class='ocrx_word' id='word_1_688' title='bbox 1191 5735 1270 5787; x_wconf 82' lang='lat' dir='ltr'><strong>A’.</strong></span> 
     </span>
    </p>
   </div>
   <div class='ocr_carea' id='block_1_92' title="bbox 407 5772 1902 5900">
    <p class='ocr_par' dir='ltr' id='par_1_92' title="bbox 407 5772 1902 5900">
     <span class='ocr_line' id='line_1_92' title="bbox 407 5772 1902 5900; baseline -0.003 -18"><span class='ocrx_word' id='word_1_689' title='bbox 407 5830 662 5899; x_wconf 83' lang='grc' dir='ltr'>Γεγόνασι</span> <span class='ocrx_word' id='word_1_690' title='bbox 691 5830 787 5900; x_wconf 76' lang='grc' dir='ltr'>μὲν</span> <span class='ocrx_word' id='word_1_691' title='bbox 815 5829 908 5883; x_wconf 72' lang='grc' dir='ltr'><strong>καὶ</strong></span> <span class='ocrx_word' id='word_1_692' title='bbox 951 5827 1058 5899; x_wconf 77' lang='grc' dir='ltr'><strong>πρὸ</strong></span> <span class='ocrx_word' id='word_1_693' title='bbox 1112 5772 1302 5880; x_wconf 69' lang='grc' dir='ltr'>τούτου</span> <span class='ocrx_word' id='word_1_694' title='bbox 1337 5827 1613 5898; x_wconf 77' lang='grc' dir='ltr'>προφῆται</span> <span class='ocrx_word' id='word_1_695' title='bbox 1639 5841 1652 5857; x_wconf 88' lang='grc'><strong>·</strong></span> <span class='ocrx_word' id='word_1_696' title='bbox 1685 5824 1776 5878; x_wconf 74' lang='grc' dir='ltr'><strong>ἐπὶ</strong></span> <span class='ocrx_word' id='word_1_697' title='bbox 1804 5821 1902 5894; x_wconf 79' lang='grc' dir='ltr'>μὲν</span> 
     </span>
    </p>
   </div>
   <div class='ocr_carea' id='block_1_93' title="bbox 2081 5561 3592 5690">
    <p class='ocr_par' dir='ltr' id='par_1_93' title="bbox 2081 5561 3592 5690">
     <span class='ocr_line' id='line_1_93' title="bbox 2081 5561 3592 5690; baseline -0.002 -72"><span class='ocrx_word' id='word_1_698' title='bbox 2081 5565 2451 5690; x_wconf 49' lang='lat' dir='ltr'><strong>piutationibus</strong></span> <span class='ocrx_word' id='word_1_699' title='bbox 2482 5572 2532 5618; x_wconf 80' lang='lat' dir='ltr'><strong>et</strong></span> <span class='ocrx_word' id='word_1_700' title='bbox 2564 5561 2690 5634; x_wconf 78' lang='lat' dir='ltr'><strong>quid</strong></span> <span class='ocrx_word' id='word_1_701' title='bbox 2719 5564 3026 5618; x_wconf 78' lang='lat' dir='ltr'><strong>summatim</strong></span> <span class='ocrx_word' id='word_1_702' title='bbox 3083 5563 3300 5634; x_wconf 72' lang='lat' dir='ltr'><strong>quisque</strong></span> <span class='ocrx_word' id='word_1_703' title='bbox 3363 5572 3592 5632; x_wconf 75' lang='lat' dir='ltr'><strong>compte-</strong></span> 
     </span>
     <span class='ocr_line' id='line_1_94' title="bbox 2085 5653 2279 5690; baseline 0.005 -1"><span class='ocrx_word' id='word_1_704' title='bbox 2085 5653 2279 5690; x_wconf 58' lang='grc' dir='ltr'>σοαπ</span> 
     </span>
    </p>
   </div>
   <div class='ocr_carea' id='block_1_94' title="bbox 2085 5653 2279 5694">
    <p class='ocr_par' dir='ltr' id='par_1_94' title="bbox 2085 5653 2279 5694">
     <span class='ocr_line' id='line_1_95' title="bbox 2085 5653 2279 5694; baseline 0.015 -4"><span class='ocrx_word' id='word_1_705' title='bbox 2085 5653 2279 5694; x_wconf 72' lang='lat' dir='ltr'><strong>oratur.</strong></span> 
     </span>
    </p>
   </div>
   <div class='ocr_carea' id='block_1_95' title="bbox 2668 5722 2938 5781">
    <p class='ocr_par' dir='ltr' id='par_1_95' title="bbox 2668 5722 2938 5781">
     <span class='ocr_line' id='line_1_96' title="bbox 2668 5722 2938 5781; baseline -0.004 0"><span class='ocrx_word' id='word_1_706' title='bbox 2668 5723 2863 5781; x_wconf 88' lang='lat' dir='ltr'><strong>OSEE.</strong></span> <span class='ocrx_word' id='word_1_707' title='bbox 2895 5722 2938 5780; x_wconf 82' lang='grc' dir='ltr'><strong>Ι.</strong></span> 
     </span>
    </p>
   </div>
   <div class='ocr_carea' id='block_1_96' title="bbox 2088 5767 3589 5877">
    <p class='ocr_par' dir='ltr' id='par_1_96' title="bbox 2088 5767 3589 5877">
     <span class='ocr_line' id='line_1_97' title="bbox 2672 5767 2938 5792; baseline -0.004 -11"><span class='ocrx_word' id='word_1_708' title='bbox 2672 5767 2938 5792; x_wconf 63' lang='grc' dir='ltr'><strong>νη-μ,η</strong></span> 
     </span>
     <span class='ocr_line' id='line_1_98' title="bbox 2088 5809 3589 5877; baseline -0.003 -5"><span class='ocrx_word' id='word_1_709' title='bbox 2088 5817 2329 5876; x_wconf 82' lang='lat' dir='ltr'><strong>Fuerunt</strong></span> <span class='ocrx_word' id='word_1_710' title='bbox 2354 5834 2482 5876; x_wconf 85' lang='lat' dir='ltr'><strong>vero</strong></span> <span class='ocrx_word' id='word_1_711' title='bbox 2528 5825 2582 5876; x_wconf 89' lang='lat' dir='ltr'><strong>et</strong></span> <span class='ocrx_word' id='word_1_712' title='bbox 2629 5824 2756 5874; x_wconf 88' lang='lat' dir='ltr'><strong>ante</strong></span> <span class='ocrx_word' id='word_1_713' title='bbox 2796 5818 2960 5874; x_wconf 91' lang='lat' dir='ltr'><strong>istum</strong></span> <span class='ocrx_word' id='word_1_714' title='bbox 2985 5815 3307 5875; x_wconf 76' lang='lat' dir='ltr'><strong>oroohetae:</strong></span> <span class='ocrx_word' id='word_1_715' title='bbox 3348 5811 3452 5871; x_wconf 84' lang='lat' dir='ltr'><strong>sub</strong></span> <span class='ocrx_word' id='word_1_716' title='bbox 3484 5809 3589 5877; x_wconf 69' lang='lat' dir='ltr'><strong>Da-</strong></span> 
     </span>
    </p>
   </div>
  </div>
