4070 6464
483 323 625 382 1965
1225 318 1494 376 EUSEBII
1531 315 2008 374 CESA‘RIENSIS
2047 313 2200 373 OPP.
2236 311 2421 369 PARS
2461 312 2547 367 III.
2588 343 2658 354 ——
2693 312 3106 373 EXEGETICA.
3613 321 3756 376 ιεοι

485 444 608 498 vide
661 439 880 511 quidem
931 435 1172 492 Samuel.
1215 433 1450 500 Nathan,
1485 433 1641 502 Gad;
1683 435 1786 490 sub
1825 432 2067 488 Roboam

2189 432 2263 486 τοῦ
2297 431 2480 495 Δαυῖδ,
2514 431 2870 502 Σαμουὴλκαὶ
2900 431 3108 496 Νάθαν,
3147 432 3241 484 καὶ
3279 431 3386 484 Γάδ
3411 449 3423 463 ο
3461 433 3553 487 ἐπὶ
3579 433 3638 488 δὲ
3660 430 3756 490 τοῦ

479 551 615 594 νεετο
657 543 710 590 et
758 533 894 589 Abia
928 540 982 587 et
1025 531 1156 594 Asa,
1205 528 1408 585 Achias
1459 528 1752 591 Silonites,
1803 527 2076 584 Samaias.

2195 523 2429 595 Ῥοϐοάμ
2477 523 2572 576 καὶ
2605 522 2758 576 Ἀὁιὰ
2785 525 2879 578 καὶ
2945 524 3096 587 ’Δσὰ,
3148 524 3334 594 ’Ᾱχίας
3366 525 3395 577 ό
3432 526 3756 600 Σελωνίτης,

485 629 681 692 Addo.
720 627 982 690 Azarias.
1037 624 1256 688 Anani;
1317 624 1420 678 sub
1465 621 1730 692 .losaphat
1788 630 1970 675 autem
2026 629 2081 675 et

2189 615 2275 668 καὶ
2303 615 2569 686 Σαμαῖας,
2605 617 2700 668 καὶ
2735 610 2920 678 ’Δδδὼ,
2943 615 3034 668 καὶ
3068 613 3344 685 Ἀζαρίας,
3376 618 3470 671 καὶ
3516 619 3754 672 ’Δνανείο

488 720 696 784 Achab,
732 718 901 784 Elias,
943 717 1190 782 Eliszeus,
1236 722 1290 770 et
1330 715 1426 785 qui
1479 716 1765 770 victoriam
1809 715 1876 768 de
1928 711 2080 783 Syris

2189 708 2270 760 int
2321 707 2376 759 δὲ
2428 706 2518 760 τοῦ
2584 706 2847 776 Ἰωσαφὰθ
2899 707 2993 760 καὶ
3030 707 3123 761 τοῦ
3177 709 3402 778 Ἀχαᾶϐ,
3449 711 3634 776 Ἠλίας
3663 711 3759 766 καὶ

489 811 712 866 Acliabo
767 810 1038 880 praedixit,
1077 811 1280 880 quique
1326 808 1429 863 sibi
1477 807 1580 877 ipsi
1623 808 1822 862 vulnus
1863 804 2076 870 inﬂixit,

2191 799 2472 863 Ἐλισαῖος,
2507 800 2599 852 καὶ
2646 800 2675 850 ὁ
2716 799 3099 871 προφητεύσας
3133 800 3212 872 τῷ
3265 802 3472 873 Ἀχαὰὸ
3505 804 3759 876 περὶτῆς

489 913 544 957 et
574 904 667 973 qui
699 903 985 959 Acbabum
1017 900 1388 973 reprehendit,
1419 907 1472 955 et
1519 898 1658 954 Jehu
1702 899 1845 953 Iilius
1879 897 2078 961 Anani,

2189 891 2396 962 Συρίας,
2426 891 2520 944 καὶ
2546 892 2574 944 ό
2599 889 2840 954 πατάξας
2871 893 3062 946 ἑαυτὸν
3081 894 3380 965 τραύματι,
3413 897 3508 949 καὶ
3528 896 3758 965 ἐλέγξας

501 1004 558 1052 et
588 995 738 1050 Oziel
772 1004 829 1050 et
868 994 1095 1048 Eliada:
1137 1008 1371 1062 quorum
1414 991 1563 1046 nulla
1602 999 1817 1046 exstant
1861 993 2078 1060 propria

493 1086 718 1156 scripta,
747 1084 845 1140 sed
884 1098 1169 1140 sermones
1203 1088 1414 1136 tantum
1461 1081 1731 1144 nonnulli,
1766 1081 1860 1150 qui
1888 1082 1942 1134 in
1971 1078 2078 1135 Re-

492 1195 618 1251 gum
668 1187 722 1234 et
773 1177 1229 1247 Paralipomenon
1292 1175 1537 1230 historiis
1599 1175 1870 1244 leguntur.
1933 1171 2078 1228 Inter

493 1289 588 1330 eos
621 1279 826 1336 autem,
858 1271 953 1340 qui
980 1270 1177 1324 litteris
1203 1267 1529 1321 mandarunt
1557 1263 1784 1336 aliquid,
1817 1278 2077 1334 quorum—

493 1381 598 1436 que
632 1364 835 1434 scripta
862 1371 1098 1426 exstant,
1129 1359 1286 1431 primi
1318 1369 1447 1414 sunt
1478 1357 1616 1413 Osee
1645 1367 1698 1412 et
1736 1356 1926 1412 Isaias.
1961 1356 2074 1412 Sub

494 1455 687 1510 iisdem
714 1455 860 1510 enim
888 1451 1042 1506 Iudae
1072 1451 1293 1521 regibus
1321 1447 1475 1511 Ozia,
1511 1446 1784 1510 Joatham,
1813 1447 1994 1502 Achas
2024 1457 2076 1500 et

492 1549 788 1614 Ezechias;
825 1546 928 1602 sub
966 1544 1289 1598 Hieroboam
1322 1543 1484 1597 etiam
1531 1539 1658 1595 Joas
1704 1541 1834 1603 lilio,
1866 1541 1958 1608 qui
1989 1555 2074 1595 rc-

492 1643 678 1713 gnavit
731 1641 784 1694 in
834 1637 1020 1701 Israel,
1076 1637 1490 1707 prOphetarunt.
1535 1631 1732 1687 Factus
1779 1640 1861 1688 est
1895 1641 2073 1687 autem

493 1746 674 1787 sermo
705 1729 916 1786 Domini
949 1728 1016 1783 ad
1045 1743 1190 1789 eum,
1226 1735 1280 1782 et
1309 1727 1635 1781 vaticinatus
1666 1731 1748 1778 est
1796 1725 1850 1778 in
1889 1739 2074 1780 sacer-

2175 985 2268 1036 τὸν
2303 983 2525 1054 Ἀχαὰϐ,
2559 985 2652 1036 καὶ
2687 985 2787 1036 Ἰοὺ
2818 987 2847 1038 ὁ
2870 984 2964 1038 τοῦ
2994 987 3166 1056 Ἀμεὶ,
3209 985 3361 1059 [nota
3401 988 3458 1042 in
3485 991 3757 1060 margine,

2191 1074 2392 1145 ‘Avavlj
2429 1075 2521 1128 ml.
2581 1075 2785 1146 Ὀζιὴλ,
2829 1074 2925 1128 καὶ
2967 1075 3210 1130 Ἑλιαδάο
3263 1078 3377 1132 ἀλλ’
3419 1080 3483 1132 οὗ
3528 1080 3760 1151 φέρεται

2180 1164 2383 1219 τούτων
2438 1166 2544 1218 ἴδια
2597 1165 3006 1237 συγγράμματα
3032 1184 3045 1197 ·
3089 1169 3138 1220 εί
3177 1170 3250 1240 μὴ
3297 1171 3457 1240 μόνον
3512 1173 3563 1225 οί
3610 1172 3760 1242 λόγοι

2181 1257 2360 1311 αὐτῶν
2411 1260 2469 1311 ὲν
2515 1260 2636 1319 ταῖς
2682 1256 2986 1321 Βασιλείαις
3032 1259 3126 1312 καὶ
3182 1262 3300 1323 ταῖς
3340 1262 3761 1334 Παραλειπομέο

2177 1364 2315 1412 ναις.
2359 1346 2446 1399 Ἑν
2478 1347 2534 1399 δὲ
2565 1349 2679 1410 τοῖς
2729 1348 3128 1420 συγγράψασιν,
3151 1342 3224 1402 ὧν
3254 1350 3348 1403 καὶ
3375 1351 3444 1404 τὰ
3474 1354 3763 1425 συγγράμ-

2181 1458 2324 1510 ματα
2373 1440 2619 1511 φέρεται,
2653 1438 2858 1511 πρῶτοι
2900 1440 3186 1509 γεγόνασιν
3233 1435 3406 1496 οὗτοι·
3461 1445 3622 1515 Ὠσηὲ
3666 1446 3764 1499 καὶ

2190 1532 2439 1594 Ἡσαΐας.
2507 1532 2628 1583 Ἐπὶ
2681 1531 2789 1598 γὰρ
2827 1531 2936 1584 τῶν
2980 1531 3160 1586 αὐτῶν
3213 1533 3494 1602 βασιλέων,
3539 1536 3647 1589 τῶν
3699 1552 3763 1590 τε

2190 1623 2357 1676 ’ἰούδα
2386 1624 2584 1688 Ὀζίου,
2617 1625 2712 1676 καὶ
2750 1621 3010 1692 Ἰωάθαμ,
3042 1625 3334 1695 καὶἈχὰς,
3363 1627 3460 1679 καὶ
3499 1625 3763 1697 Ἐξηκίου

2180 1715 2444 1786 βασιλέων
2506 1715 2706 1778 Ἰούδα,
2758 1719 2852 1770 καὶ
2903 1719 2962 1770 ὲν
3007 1717 3242 1790 ἡμέραις
3308 1719 3592 1792 Ἵεροϐοὰμ
3643 1721 3765 1775 uio-3

493 1825 672 1887 dotes,
721 1823 775 1875 in
827 1820 1013 1884 Israel,
1060 1821 1114 1872 in
1173 1819 1393 1872 domum
1436 1819 1603 1887 regis,
1633 1816 1807 1886 deque
1855 1817 2074 1870 interitu

2191 1808 2339 1871 Ίὼας
2374 1807 2633 1878 βασιλέως
2693 1806 2904 1878 Ἰσραὴλ
2950 1808 3385 1879 ἐπροφήτευσαν.
3424 1810 3679 1880 Ἐγένετο
3705 1811 3766 1865 δὲ

495 1914 775 1971 Samaria.
841 1911 1136 1981 Postquam
1194 1910 1363 1964 etiam
1425 1907 1848 1977 reprehensione
1910 1924 2074 1972 usus,

481 2023 786 2065 anansuros
834 2005 1145 2060 incredulos
1176 2018 1300 2058 esse
1348 2002 1648 2066 conclusit;
1685 2001 1982 2056 Ecclesiam
2013 2001 2079 2056 de

479 2101 747 2174 gentibus
776 2115 842 2154 eo
869 2106 1120 2154 eoactum
1154 2096 1221 2150 iri
1261 2093 1586 2164 significavit
1611 2136 1626 2158 ,
1654 2093 1799 2163 quod
1839 2103 2077 2148 scortum

493 2197 599 2253 sibi
633 2196 687 2249 in
730 2207 956 2248 uxorem
1001 2189 1319 2259 assumpsit,
1352 2203 1516 2258 quam
1550 2188 1617 2242 ad
1648 2187 1772 2240 vita:
1815 2185 2081 2241 sobrieta-

485 2294 603 2344 tem
630 2286 1042 2353 castitatemque
1069 2281 1364 2336 revocavit.
1394 2277 1732 2334 Vaticinatus
1759 2292 1888 2332 vero
1917 2279 2078 2332 etiam

483 2391 581 2439 aest
597 2381 676 2436 de
699 2377 1009 2434 Salvatoris
1045 2375 1304 2430 adventu.

1120 2643 1330 2711 AMOS,
1368 2643 1458 2704 IIl.

559 2764 718 2820 Vixit
765 2772 819 2820 et
876 2764 967 2818 hic
1015 2764 1206 2819 eodem
1256 2771 1527 2833 tempore,
1583 2760 1678 2818 sed
1725 2759 1913 2823 initio,
1958 2771 2082 2813 cum

496 2859 638 2918 Osee
684 2866 740 2913 et
802 2859 976 2923 Isaia,
1022 2855 1150 2912 Ozia
1213 2855 1366 2911 Judae
1419 2866 1474 2912 et
1525 2855 1852 2910 Hieroboam
1899 2849 2082 2908 Israeli

488 2948 928 3022 imperantibus,
970 2954 1096 3004 ante
1124 2947 1264 3004 duos
1297 2962 1474 3002 annos
1513 2953 1672 3000 terra:
1704 2955 1900 3000 motus.
1935 2942 2084 2998 Vidit

500 3055 679 3099 autem
704 3055 1020 3106 sermones,
1052 3050 1106 3096 et
1134 3039 1469 3094 vaticinatur
1517 3038 1780 3093 adversus
1827 3035 2084 3091 Hierusa-

500 3138 648 3201 lem,
701 3135 966 3216 adversqs
1020 3133 1272 3189 lsraelem
1322 3143 1376 3188 et
1426 3130 1770 3194 Samariam,
1822 3130 2083 3185 adversus

501 3239 690 3300 gentes
739 3230 926 3293 etiam,
976 3227 1323 3292 Damascum,
1359 3224 1582 3289 Gazam,
1634 3225 1890 3287 Ascalon,
1945 3221 2085 3276 Azo-

501 3334 638 3387 tum,
688 3323 958 3386 Accaron,
1003 3320 1229 3394 Tyrum,
1263 3318 1574 3383 Idumaaam,
1629 3317 1908 3378 Thmman,
1950 3315 2089 3370 ﬁlios

499 3417 768 3478 Ammon,
814 3422 870 3470 et
918 3412 1108 3478 Moab;
1141 3428 1280 3482 quos
1328 3426 1518 3466 omnes
1559 3425 1590 3462 a
1621 3425 1681 3464 se
1727 3409 2088 3480 reprehensos

501 3505 749 3562 inﬁdeles
776 3521 900 3562 esse
927 3505 1226 3559 concludit.
1262 3502 1449 3572 Neque
1479 3517 1629 3567 vero,
1675 3515 1800 3556 cum
1838 3507 1986 3556 esset
2021 3501 2091 3556 ab

501 3597 725 3653 Amazia
761 3594 1045 3654 sacerdote
1081 3595 1267 3651 Betbel
1311 3595 1524 3650 delatus
1573 3592 1714 3665 apud
1735 3587 1922 3664 regem
1963 3591 2091 3648 Hie-

504 3689 755 3753 roboam,
782 3695 1042 3758 tanquam
1063 3685 1159 3757 qui
1189 3685 1454 3740 adversus
1479 3683 1782 3739 Samariam
1810 3683 2092 3753 populum-

505 3797 614 3852 que
657 3779 886 3843 I'aceret,
940 3777 1058 3848 ipse
1106 3776 1402 3847 quidquam
1455 3776 1522 3831 de
1572 3773 1790 3830 dicendi
1842 3773 2092 3828 libertate

506 3873 756 3939 remisit,
803 3870 896 3927 sed
939 3870 1228 3924 vaticinari
1276 3883 1509 3940 pergens
1552 3867 1620 3923 de
1659 3864 1960 3921 Salvatoris
1990 3863 2088 3917 ad-

505 3973 670 4022 ventu
705 3966 920 4020 locutus
945 3973 1048 4020 est.

1051 4162 1405 4227 MICHIEAS,
1438 4161 1524 4223 VL

583 4279 872 4337 Secundus
905 4279 994 4334 hic
1031 4279 1251 4349 quidem
1289 4293 1320 4332 a
1374 4277 1751 4348 superioribus
1793 4277 1917 4344 fuit,
1960 4292 2096 4347 quo-

507 4373 656 4430 niam
705 4386 828 4445 post
872 4371 1018 4428 Oziaa
1064 4381 1307 4441 tempora
1344 4373 1674 4427 vaticinatus
1707 4378 1792 4426 est
1824 4389 1837 4425 :
1869 4371 1965 4427 sed
2005 4385 2096 4426 ea-

2180 1901 2334 1968 λόγος
2366 1901 2499 1970 πρὸς
2531 1900 2691 1973 αὐτὸν
2737 1900 2832 1953 καὶ
2860 1900 3192 1973 προφητεύει
3216 1895 3370 1968 οὗτος
3408 1903 3502 1957 ἐπὶ
3537 1905 3668 1967 τοὺς
3691 1906 3768 1958 ξε-

2183 1992 2333 2063 ρέας,
2372 1992 2465 2044 καὶ
2497 1991 2589 2044 ἐπὶ
2612 1991 2704 2044 τὸν
2747 1991 2980 2064 Ἰσραὴλ,
3012 1993 3106 2046 καὶ
3131 1994 3221 2046 ἐπὶ
3247 1995 3339 2048 τὸν
3370 1991 3516 2049 οἶκον
3541 1996 3637 2050 τοῦ
3665 1996 3765 2067 βαρ

2183 2085 2394 2148 σιλέως,
2431 2085 2680 2156 καὶπερὶ
2717 2085 2815 2156 τῆς
2843 2083 3118 2148 ἀπωλείας
3158 2087 3257 2156 τῆς
3291 2087 3633 2159 Σαμαρείαςο
3672 2089 3768 2144 καὶ

2182 2176 2423 2246 ἐλέγξας,
2449 2179 2543 2231 καὶ
2579 2177 2906 2246 συγκλείσας
2930 2178 3127 2241 αὐτοὺς
3149 2181 3227 2242 εἰς
3247 2179 3520 2244 ἀπειθίαν,
3575 2178 3772 2252 σημαί-

2183 2288 2260 2324 νει
2298 2272 2397 2341 τὴν
2433 2269 2490 2336 ἐξ
2529 2269 2699 2324 ἐθνῶν
2752 2271 3104 2342 Ἐκκλησίαν,
3135 2272 3204 2325 δι’
3235 2265 3310 2326 ὧν
3348 2272 3506 2327 ἔλασε
3561 2273 3771 2348 πόρνην

2182 2366 2436 2428 γυναῖκα,
2469 2363 2535 2434 ἥν
2569 2364 2664 2417 καὶ
2690 2363 2873 2417 λαϐὼν
2910 2365 3311 2435 ἐσωφρόνησεν,
3343 2367 3561 2436 ἀνάγων
3592 2369 3771 2441 αὐτὴν

2183 2455 2319 2526 πρὸς
2341 2456 2550 2509 ἑαυτόν.
2588 2456 2928 2528 Προφητεύει
2956 2457 3014 2510 δὲ
3050 2459 3142 2510 καὶ
3175 2459 3304 2529 περὶ
3331 2460 3428 2531 τῆς
3459 2459 3552 2513 τοῦ
3585 2463 3773 2535 Σωτῆ-

2183 2563 2277 2620 ρος
2315 2546 2637 2617 παρουσίας.

2820 2659 3028 2726 ΑΜΩΣ,
3053 2661 3126 2716 1".

2255 2778 2366 2832 Καὶ
2391 2771 2544 2840 οὗτος
2603 2778 2948 2850 συνεχρόνισε
2975 2780 3117 2834 κατὰ
3153 2781 3249 2852 τὴν
3273 2783 3448 2854 ἀρχὴν
3467 2784 3544 2854 τῷ
3587 2785 3772 2858 Ὠσηὲ,

2185 2869 2280 2922 καὶ
2308 2869 2385 2940 τῷ
2428 2870 2649 2942 Ἡσαΐᾳ,
2700 2871 2793 2923 ἐπὶ
2837 2869 3014 2934 Ὀξίου
3053 2873 3317 2943 βασιλέως
3363 2877 3553 2942 Ἰούδα,
3594 2880 3690 2932 καὶ
3715 2881 3780 2934 ὲν

2185 2962 2421 3034 ἡμέραις
2463 2961 2744 3035 Ὶεροϐοὰμ
2762 2963 2853 3018 τοῦ
2909 2965 3062 3029 Ὶωὰς
3094 2965 3356 3036 βασιλέως
3399 2969 3637 3041 Ἰσραὴλ,
3675 2970 3775 3039 γέ-

2186 3071 2307 3124 γονε
2349 3057 2454 3128 πρὸ
2490 3055 2584 3110 δύο
2613 3057 2748 3111 ἐτῶν
2786 3057 2880 3112 τοῦ
2917 3058 3164 3130 σεισμοῦ.
3193 3060 3399 3130 Λόγους
3427 3061 3484 3114 δὲ
3510 3058 3635 3126 εἶδε,
3681 3063 3776 3116 καὶ

2112 3187 2154 3245 c
2188 3149 2520 3245 προφητεύει
2563 3150 2703 3204 κατά
2756 3152 2854 3222 τῆς
2917 3151 3293 3224 Ἰερουσαλὴμ,
3341 3153 3435 3207 κα)⁸
3485 3156 3626 3207 κατά
3676 3155 3774 3209 τοῦ

2204 3241 2440 3314 Ἰσραὴλ,
2485 3244 2580 3296 καὶ
2613 3243 2711 3314 τῆς
2743 3243 3082 3315 Σαμαρείας,
3133 3245 3222 3297 καὶ
3264 3245 3408 3298 κατά
3448 3245 3556 3299 τῶν
3578 3246 3774 3311 ἐθνῶν,

2191 3334 2505 3404 Δαμασκοῦ,
2537 3333 2735 3405 Γάζης,
2770 3335 3125 3399 Ἀσκάλωνος,
3170 3335 3425 3401 ’Λζώτου,
3467 3339 3774 3412 ’Δκκάρων,

2191 3423 2390 3494 Τύρου,
2442 3423 2764 3494 Ἰδουμαίας,
2817 3424 3047 3495 Θαμαᾶν
3086 3425 3239 3495 [nota
3280 3425 3337 3480 in
3379 3428 3644 3499 margine,
3696 3429 3777 3484 ίσ.

2190 3511 2449 3584 Θαιμὰν],
2477 3513 2607 3565 υίῶν
2649 3515 2892 3586 Ἀμμὼν,
2918 3517 3012 3569 καὶ
3057 3517 3233 3570 Μωά6
3255 3535 3267 3546 ·
3301 3518 3396 3571 καὶ
3419 3518 3590 3584 οὓτως
3616 3521 3780 3590 ἐλέγ-

2191 3620 2295 3674 χει,
2346 3605 2441 3657 καὶ
2497 3604 2771 3674 συγκλείει
2803 3608 3011 3671 πάντας
3055 3609 3134 3672 είς
3167 3610 3442 3669 ἀπειθίαν.
3490 3611 3651 3666 Ἀλλὰ
3681 3615 3781 3667 καὶ

2204 3695 2462 3766 Ἀμασίου
2492 3696 2587 3750 τοῦ
2624 3697 2816 3769 ἱερέως
2850 3699 3053 3770 Βαιθὴλ
3096 3699 3441 3766 διαϐαλόντος
3490 3704 3650 3758 αὑτὸν
3697 3706 3783 3778 τῷ

2192 3782 2400 3854 βασιλεί
2437 3785 2718 3857 Ίεροϐυὰμ
2759 3787 2835 3850 ὼς
2859 3788 3090 3856 λέγοντα
3121 3789 3264 3844 κατὰ
3296 3795 3396 3862 τῆς
3435 3793 3780 3866 Σαμαρείας,

2193 3878 2288 3930 καὶ
2319 3878 2460 3932 κατὰ
2488 3877 2584 3930 τοῦ
2621 3878 2775 3945 λαοῦ,
2812 3881 2974 3946 αὐτὸς
3005 3881 3158 3934 οὐδὲν
3184 3876 3346 3955 ἦττον
3368 3883 3468 3937 ούκ
3495 3885 3778 3940 ἐπαύσατο

2193 3967 2722 4040 παρρησιαζόμενος,
2760 3973 2854 4025 καὶ
2893 3972 3068 4029 λέγων
3105 3975 3173 4030 τὰ
3203 3975 3358 4046 λόγια
3390 3977 3482 4030 καὶ
3514 3980 3639 4049 περὶ
3672 3978 3779 4048 τῆς

2194 4061 2496 4133 παρουσίας
2518 4061 2612 4115 τοῦ
2636 4065 2906 4137 Σωτῆρος.

2771 4180 3080 4246 ΜΙΧΑΙΑΣ,
3117 4185 3206 4249 εῖν.

2264 4287 2524 4358 Δεύτερος
2554 4289 2650 4359 μὲν
2684 4287 2794 4341 τῶν
2824 4291 3235 4362 προειρημένων
3259 4293 3501 4360 γέγονεν.
3532 4293 3613 4346 ὃτι
3638 4290 3784 4351 μετὰ

2207 4379 2388 4444 Ὀξίαν
2417 4381 2810 4451 ὲπροφήτευσε.
2841 4382 3153 4454 Συνεχρόνει
3178 4383 3237 4441 δὲ
3261 4384 3465 4453 αὐτοῖς.
3515 4386 3664 4444 Ἐπεὶ
3685 4391 3786 4444 καὶ

511 4466 634 4523 dem
661 4481 785 4522 cum
818 4466 929 4520 illis
957 4473 1114 4520 aetate
1143 4464 1329 4520 ﬂoruit
1359 4483 1371 4518 :
1404 4464 1532 4534 quia
1555 4472 1609 4518 et
1636 4465 1752 4533 ipse
1781 4460 2086 4528 Joathamo.

2197 4469 2359 4533 αὐτὸς
2387 4470 2480 4523 ἐπὶ
2495 4468 2733 4540 Ἰωαθάμ
2753 4471 2847 4524 καὶ
2865 4469 3028 4541 Ἀχὰζ
3044 4471 3140 4528 καὶ
3169 4472 3413 4539 Ἐζεκίου
3431 4477 3632 4550 ἤρξατο
3655 4497 3786 4550 προ-

513 4559 752 4621 Achazo,
807 4565 863 4613 et
911 4555 1143 4612 Ezechia
1203 4555 1424 4626 regibus
1483 4551 1844 4624 prophetandi
1895 4567 2086 4606 munus

2201 4559 2475 4631 φητεύειν.
2512 4538 2760 4630 Ἐγένετο
2775 4562 2829 4614 δὲ
2845 4564 2872 4615 ὁ
2887 4538 3047 4632 λόγος
3074 4566 3210 4637 πρὸς
3230 4538 3394 4622 αὑτὸν
3426 4538 3531 4624 «£66
3545 4538 3782 4643 Κυρίου,

515 4664 806 4720 aggressus
843 4657 949 4704 est.
981 4647 1181 4703 Factus
1215 4658 1298 4704 est
1319 4654 1502 4702 autem
1535 4645 1602 4699 ad
1632 4660 1754 4700 eum
1781 4659 1961 4700 sermo
1992 4641 2098 4696 Do-

516 4739 672 4804 mini,
706 4749 760 4794 et
793 4739 1122 4794 vaticinatus
1163 4745 1248 4794 est
1292 4738 1349 4792 in
1393 4729 1756 4799 Hierusalem,
1805 4735 1857 4789 in
1907 4735 2097 4788 Sama-

516 4833 675 4901 riam,
711 4834 764 4887 in
791 4833 1086 4904 prophetas
1115 4848 1210 4888 eos
1238 4831 1331 4902 qui
1358 4831 1618 4902 p0pulum
1650 4831 1703 4884 in
1745 4825 1984 4885 errorem
2015 4829 2099 4882 in-

516 4929 823 4995 ducebant;
870 4927 924 4981 in
960 4927 1239 4980 Achabum
1283 4925 1536 4995 denique.
1579 4921 1841 4976 Praedixit
1883 4928 1936 4973 et
1976 4917 2098 4974 Sal—

516 5022 721 5076 vatoris
773 5019 1100 5084 adventum,
1152 5017 1243 5071 ubi
1302 5015 1593 5086 postremis
1634 5014 1827 5068 diebus
1872 5010 2097 5067 manife-

519 5121 663 5170 stum
693 5113 908 5170 Domini
939 5119 1178 5167 montem
1215 5111 1331 5164 fore
1357 5109 1648 5179 significat.

1170 5219 1354 5284 ωειλ,
1398 5219 1464 5274 II.

595 5315 788 5373 Sermo
821 5315 1035 5372 Domini
1073 5315 1249 5368 Iactus
1287 5319 1372 5367 est
1408 5312 1473 5364 ad
1514 5312 1715 5382 ipsum,
1743 5309 2098 5383 prmdixitque

521 5410 833 5467 senioribus
862 5409 1228 5480 omnibusque
1253 5409 1346 5478 qui
1389 5412 1596 5460 terram
1625 5405 1954 5470 incolebant,
1982 5404 2100 5472 ejus

520 5501 816 5565 excidium,
859 5508 915 5557 et
956 5501 1061 5555 alia
1107 5517 1228 5571 qua:
1281 5499 1383 5570 ipsi
1429 5498 1776 5569 contigerunt
1822 5496 2101 5551 servitutis

523 5604 788 5665 tempore.
817 5590 1159 5646 Vaticinatur
1205 5607 1333 5647 vero
1377 5591 1543 5646 etiam
1585 5589 1651 5644 de
1699 5588 1936 5659 Spiritus
1972 5603 2101 5644 san-

524 5685 596 5737 cti
625 5685 800 5756 gratia
841 5682 898 5737 in
948 5698 1138 5738 omnes
1172 5685 1263 5754 qui
1297 5684 1400 5739 sub
1434 5683 1717 5738 Salvatore
1757 5681 1920 5736 futuri
1954 5691 2100 5747 sunt,

521 5774 866 5832 effundenda.
917 5773 1289 5830 Concionatur
1342 5775 1578 5844 denique
1624 5773 1692 5829 de
1750 5772 1990 5842 jejunio,
2037 5772 2103 5826 de

2197 4653 2294 4704 καὶ
2320 4651 2648 4723 προφητεύει
2678 4652 2770 4704 ἐπὶ
2785 4650 3158 4728 Ἰερουσαλὴμ,
3183 4659 3276 4711 καὶ
3300 4661 3429 4732 περὶ
3449 4662 3782 4734 Σαμαρείας,

2201 4744 2293 4796 καί
2313 4744 2404 4795 ἐπὶ
2423 4745 2548 4806 τοὺς
2576 4744 2859 4816 προφήτας
2883 4749 3007 4811 τοὺς
3046 4748 3363 4814 πλανῶντας
3393 4752 3485 4805 τὸν
3515 4753 3660 4817 λαὸν,
3689 4756 3787 4807 καὶ

2202 4835 2344 4890 κατὰ
2357 4837 2450 4888 τοῦ
2487 4836 2711 4909 Ἀχαάϐ.
2735 4840 3108 4912 Προσημαίνει
3135 4842 3192 4895 δὲ
3227 4843 3320 4897 καὶ
3347 4843 3445 4916 τὴν
3478 4849 3785 4916 παρουσίαν

2201 4928 2294 4982 τοῦ
2312 4929 2562 5004 Σωτῆρος
2593 4932 2786 5002 λέγων·
2806 4934 2892 4987 Ἐν
2920 4936 3038 4997 ταῖς
3054 4934 3309 5005 ἐσχάταις
3339 4939 3571 5009 ἡμέραις
3599 4941 3784 5009 ἐμίξα-

2205 5022 2292 5085 νὲς
2322 5022 2474 5078 ἔσται
2507 5027 2567 5079 τὸ
2588 5025 2711 5096 ὅρος
2740 5025 2834 5080 τοῦ
2863 5025 3090 5098 Κυρίου.

2838 5230 2995 5283 ΙΩΠΛ
3019 5270 3034 5294 ,
3076 5231 3149 5284 B'.

2278 5317 2447 5385 Λόγος
2474 5318 2678 5389 Κυρίου
2714 5321 2930 5389 ἐγένετο
2959 5324 3094 5395 πρὸς
3126 5324 3287 5378 αὐτὸν
3320 5325 3413 5379 καὶ
3452 5326 3791 5396 προφητεύει

2207 5410 2316 5470 τοῖς
2339 5407 2727 5482 πρεσϐυτέροις
2780 5415 2871 5465 καὶ
2900 5415 3032 5466 πᾶσι
3059 5417 3171 5478 τοῖς
3197 5415 3504 5470 κατοικοῦσι
3533 5418 3630 5488 τὴν
3656 5417 3787 5487 γῆν,

2207 5498 2336 5568 περὶ
2366 5498 2464 5568 τῆς
2490 5498 2740 5564 ἁλώσεως
2768 5502 2867 5572 τῆς
2895 5503 3020 5575 γῆς,
3044 5505 3264 5560 καὶτῶν
3296 5508 3355 5561 ὲν
3379 5507 3537 5579 αὑτῇο
3563 5525 3790 5580 προφη-

2209 5591 2354 5643 τεύει
2382 5590 2438 5644 δὲ
2466 5592 2560 5645 καὶ
2593 5595 2720 5664 περὶ
2757 5595 2854 5664 τῆς
2883 5596 2974 5649 τοῦ
3015 5597 3173 5664 ἁγίου
3214 5597 3531 5668 Πνεύματος
3563 5601 3789 5670 χάριτος

2210 5684 2305 5754 τῆς
2341 5685 2420 5746 εἰς
2453 5685 2659 5749 πάντας
2687 5688 3044 5758 γενησόμενος
3085 5688 3226 5760 [lege
3253 5688 3644 5761 γενησομένης]
3678 5691 3792 5742 ὑπὸ

2210 5774 2302 5826 τοῦ
2337 5775 2602 5846 Σωτῆρος.
2635 5777 2903 5847 Κηρύττει
2931 5777 2987 5830 δὲ
3022 5781 3264 5852 καὶπερὶ
3294 5782 3544 5851 νηστείας
3569 5782 3659 5835 καὶ
3687 5799 3789 5847 μεν-
