4070 6464
287 343 429 402 1265

1493 330 1583 384 DE
1625 326 1808 384 VITIS
1845 323 2389 383 PROPIIETARUM.

3411 319 3547 375 1266

285 457 653 531 τανοίας.,,κα’ί
680 458 810 529 περὶ
841 455 938 527 τῆς
978 453 1070 507 τοῦ
1109 454 1356 525 Σωτῆρος
1391 452 1721 523 παρουσίας,
1768 451 1859 502 καὶ
1889 458 1921 512 Α

2022 446 2300 509 cnitentia,
2335 446 2402 498 de
2432 443 2731 499 Salvatoris
2756 444 3022 507 adventu,
3057 447 3113 496 et
3133 439 3200 496 de
3230 439 3402 511 signis
3431 455 3551 508 qua:

286 552 398 605 τῶν
433 551 526 604 ξτιι
559 548 651 602 τοῦ
691 547 923 619 σταυροῦ
956 546 1260 616 γενομένων
1291 544 1550 614 σημειων.

889 661 1154 723 ΑΒΔΙΟΥ,
1196 657 1268 712 Δ’.

365 756 596 826 Ὅρασιν
625 752 957 822 ἀπαγγέλλει
983 751 1123 806 κατὰ
1151 751 1248 821 τῆς
1291 748 1614 818 Ἰδουμαίας.
1651 761 1744 798 και
1774 745 1867 797 τοῦ

293 849 482 912 τέλους
519 848 714 918 αὐτῆς⁸
751 846 846 899 καὶ
880 844 1020 899 κατὰ
1053 843 1161 898 τῶν
1195 841 1360 895 ὲθνῶν
1399 839 1506 894 τῶν
1539 841 1871 910 ὲμπαροινη-

1970 541 2025 594 in
2063 553 2226 593 cruce
2261 546 2387 592 sunt
2415 537 2582 590 edita.

2574 645 2836 712 ABDIAS,
2865 645 2949 700 ιν.
3037 723 3044 730 ,

2043 740 2324 798 Visionem
2363 740 2648 796 denuntiat
2680 737 2941 792 adversus
2970 734 3283 802 Idumaeam,
3314 743 3367 792 et
3383 751 3552 806 quem

1976 832 2135 887 ﬁnem
2195 831 2386 886 eadem
2440 830 2514 886 sit
2574 827 2848 883 habitura.
2893 826 3235 882 Vaticinatur
3280 829 3441 882 etiam
3500 827 3554 880 in

298 942 508 995 σάντων
546 940 622 1011 τῷ
667 937 900 1011 Ἰσραήλ.
962 933 1427 1006 Ἀναλωθήσεσθαι
1470 933 1577 1004 γὰρ
1604 931 1693 984 τὸν
1725 929 1871 984 οἷκον

2022 935 2166 980 entes
2215 940 2334 995 quae
2387 923 2573 980 Israeli
2630 925 2982 980 insultarunt.
3029 921 3168 977 Fore
3218 923 3381 977 etiam
3419 935 3559 991 prae-

309 1033 482 1088 Ἦσαύ
517 1033 621 1086 ὑπὸ
648 1031 740 1086 τοῦ
786 1029 980 1084 Ἰακὼϐ
1011 1028 1393 1100 προσημαίνει.

915 1208 1118 1262 ῙΩΝΛΣ
1133 1250 1146 1273 ,
1183 1208 1256 1262 E’.

375 1306 542 1374 Λόγος
598 1303 801 1375 Κυρίου
865 1301 1080 1370 ἐγένετο
1136 1300 1274 1372 πρὸς
1309 1297 1470 1352 αὑτὸν
1507 1294 1760 1350 ἀπελθεῖν
1799 1294 1878 1354 είς

1972 1018 2128 1082 dixit,
2161 1028 2219 1072 ut
2260 1016 2403 1073 Esau
2441 1018 2656 1083 domus,
2693 1017 2760 1073 ab
2801 1033 2864 1073 ea
2904 1033 3024 1087 qua:
3055 1015 3241 1071 Jacobi
3277 1022 3381 1079 est,
3430 1013 3560 1070 sub-

1978 1120 2242 1168 vertatur.

2606 1199 2842 1268 JONAS,
2871 1200 2936 1254 V.

2051 1296 2243 1352 Sermo
2269 1295 2483 1350 Domini
2517 1293 2695 1351 factus
2743 1305 2826 1350 est
2875 1295 2941 1348 ad
2975 1294 3172 1364 ipsum.
3211 1300 3270 1348 ut
3310 1291 3561 1347 Ninivam

299 1398 503 1468 Νινευὴ
532 1398 627 1450 καὶ
659 1394 890 1467 κηρῦξαι
920 1397 977 1448 ὲν
1007 1392 1165 1464 αὐτῇ,
1193 1392 1274 1445 ὅτι
1300 1391 1380 1444 ἔτι
1403 1391 1552 1462 τρεῖς
1575 1387 1649 1459 (1)
1673 1386 1878 1457 ἡμέραι

2022 1386 2256 1443 rol'ectus
2298 1387 2352 1442 in
2400 1402 2464 1443 ea
2494 1387 2735 1452 doceret,
2777 1387 2952 1442 tribus
2997 1393 3208 1440 tantum
3252 1384 3445 1438 diebus
3474 1398 3567 1435 ur-

304 1490 400 1543 καὶ
422 1487 932 1559 καταστραφήσεται
961 1486 994 1555 ἡ
1020 1484 1242 1554 Νινευή.
1285 1481 1422 1534 Ἀλλ’
1457 1480 1638 1543 Ἰωνᾶς
1665 1476 1880 1548 φεύγων

2022 1494 2104 1533 ειη
2126 1494 2245 1533 eam
2277 1478 2344 1534 ab
2367 1478 2590 1533 interitu
2619 1477 2830 1533 abesse.
2861 1474 2966 1530 Sed
2998 1492 3119 1529 cum
3147 1472 3387 1528 mandati
3424 1487 3567 1528 onus

301 1581 366 1635 τὸ
401 1582 684 1653 κήρυγμα,
727 1577 892 1650 ἀνέϐη
943 1579 1022 1640 είς
1055 1575 1116 1628 τὸ
1149 1575 1350 1629 πλοῖον.
1401 1569 1684 1642 Χειμῶνός
1713 1567 1789 1639 (Ξ)
1822 1583 1880 1618 τε

306 1674 595 1746 γενομένου
624 1672 906 1744 ἐξεϐλήθη,
941 1671 1036 1724 καὶ
1066 1668 1339 1738 κατεπόθη
1372 1667 1477 1720 ὑπὸ
1500 1666 1665 1737 κήτου
1692 1662 1886 1717 Θαλασ-

1985 1571 2305 1635 declinaret,
2335 1571 2564 1641 contigit
2587 1577 2646 1624 ut
2673 1585 2830 1634 nave,
2872 1568 2928 1622 in
2959 1583 3121 1638 quam
3149 1565 3565 1628 conscenderat,

1985 1660 2402 1731 tempestatibus
2445 1660 2670 1730 agitata,
2706 1660 2763 1713 in
2814 1673 2963 1712 mare
3010 1658 3218 1726 ejectus
3271 1671 3302 1709 a
3344 1655 3568 1725 pistrice

306 1768 444 1822 σίου.
479 1763 612 1820 Εἶτα
640 1765 779 1837 μετὰ
805 1766 952 1836 τρεῖς
1010 1763 1219 1834 ἡμέρας
1256 1748 1472 1825 ἐξέϐαλε
1510 1758 1568 1810 τὸ
1603 1757 1764 1827 κῆτος
1793 1754 1883 1806 τὸν
1918 1823 1921 1836 ἵ

2022 1753 2420 1808 bsorberetur:
2466 1767 2586 1822 qua:
2641 1751 2890 1806 eumdem
2962 1749 3140 1804 triduo
3193 1756 3316 1818 post
3385 1747 3565 1800 vivunt

321 1821 504 1915 Ἴωνὰν
530 1821 724 1924 ζῶντα.
758 1821 870 1912 Καὶ
1114 1821 1177 1910 ἐκ
1200 1821 1459 1924 δευτέρας
1487 1852 1640 1920 λόγος
1663 1821 1883 1919 ’Κυρίου
1918 1823 1921 1875 Ῑ

2022 1844 2246 1896 vomuit.
2275 1821 2705 1897 Iteratoideinde
2743 1838 2810 1894 ad
2861 1854 2987 1894 eum
3031 1837 3245 1892 Domini
3294 1852 3568 1898 sermone.

309 1955 526 2024 ἐγένετο
553 1952 690 2025 πρὸς
721 1951 904 2006 αὐτόν.
948 1951 1056 2004 Καὶ
1099 1947 1347 2002 ἀπελθὼν
1390 1945 1652 2018 ἐκήρυξεν
1687 1944 1766 2005 εἰς
1790 1941 1889 2009 τὴν

2022 1931 2240 1986 linivam
2299 1933 2580 2002 appulsus,
2636 1931 2820 2000 ibique
2875 1928 3258 1994 concionatus,
3307 1927 3456 1982 cives
3504 1927 3572 1980 ad

311 2049 532 2120 Νινευὴ,
571 2045 767 2100 ἐκεῖνοί
792 2062 849 2098 τε
877 2044 1205 2104 ἀκούσαντες
1234 2033 1729 2112 ὲμετανόησαν,καὶ
1753 2050 1892 2102 παρ-

1991 2024 2428 2095 resipiscentiam
2478 2023 2732 2089 adduxit,
2778 2032 2833 2079 et
2883 2023 3018 2076 iram
3067 2019 3280 2076 Domini
3325 2019 3395 2074 ab
3439 2019 3574 2089 ipsis

311 2111 731 2211 ἡγαγέΚύριος
787 2135 884 2208 τὴν
929 2135 1099 2207 ὀργὴν
1142 2134 1237 2187 ἀπ’
1271 2111 1491 2186 αὐτῶν.
1551 2128 1666 2198 Τῆς
1715 2126 1894 2198 μέντοι

2022 2116 2212 2172 κει-ιη.
2247 2113 2371 2170 Fuit
2398 2116 2614 2185 quidem
2658 2122 2806 2170 certe
2839 2112 3137 2168 Salvatoris
3181 2111 3382 2182 imago,
3411 2124 3574 2180 quem

315 2206 747 2304 παρουσίας-τοῦ
782 2206 1035 2298 Σωτῆρος
1078 2227 1302 2294 σημεῖον
1347 2221 1505 2284 αὐτὸς
1545 2219 1756 2288 γέγονε,
1804 2215 1898 2268 καὶ

2022 2207 2194 2262 iistrix
2232 2207 2458 2262 illwsum
2492 2206 2765 2278 absorpsit
2793 2214 2846 2262 et
2874 2206 3137 2261 evomuit.

318 2322 643 2387 καταποθεὶς
672 2321 777 2375 ύπὺ
803 2319 897 2374 τοῦ
926 2320 1144 2389 κήτους,
1187 2316 1280 2370 καὶ
1319 2311 1604 2384 ἐκϐληθεὶς
1633 2307 1898 2378 ἀϐλαϐής.

571 2434 814 2489 ΝΑΟΥΜ
860 2435 900 2488 0
946 2430 1086 2484 ΤΟΥ
1130 2425 1540 2487 ΕΛΚΕΣΑΙΟΥ,
1579 2425 1650 2476 Z'.

389 2527 594 2596 Λῆμμα
645 2523 774 2595 περ)⁸
822 2523 920 2594 τῆς
966 2520 1240 2583 ἀπωλείας
1286 2516 1485 2586 Νινευῆ
1529 2513 1650 2586 (sic)
1703 2510 1903 2582 βιϐλίον

321 2619 584 2690 ὁράσεως.
620 2615 960 2690 Προφητεύει
989 2614 1084 2668 καὶ
1113 2610 1372 2684 κηρύττει
1400 2609 1497 2680 μὲν
1523 2607 1616 2661 καὶ
1636 2606 1765 2676 περὶ
1788 2605 1906 2674 ἑορ-

323 2712 438 2781 τῆς.
471 2710 843 2784 Προσημαίνει
876 2708 931 2760 δὲ
964 2709 1020 2760 ὲν
1059 2707 1197 2776 αὐτῇ
1230 2704 1359 2775 περὶ
1386 2700 1479 2755 τοῦ
1508 2698 1782 2770 Σωτῆρος.
1813 2696 1908 2748 καὶ

328 2801 394 2854 τὰ
430 2801 592 2855 λοιπὰ
639 2801 814 2853 πάντα
862 2799 1000 2851 κατὰ
1044 2797 1143 2866 τῆς
1187 2793 1428 2863 Νινευῆ,
1473 2787 1690 2844 καὶτοῦ
1724 2786 1907 2848 τέλους

331 2894 514 2966 αὐτῆς,
543 2888 764 2946 καὶτῶν
797 2890 1005 2962 ἐχθρῶν
1026 2886 1120 2941 τοῦ
1156 2884 1370 2956 Ἰσραὴλ
1391 2879 1776 2953 παραγγέλλει.

720 2989 722 2991 ’
840 2998 1256 3060 ΑΜΒΑΧΟΥΜ,
1310 2997 1437 3050 Ην.

400 3095 606 3168 Λῆμμα
617 3095 711 3149 καὶ
721 3093 884 3157 αὐτὸς
897 3087 1053 3145 εἶδεν·
1070 3086 1401 3161 προφητεύει
1411 3085 1660 3155 δεόμενος
1679 3080 1775 3152 μὲν
1789 3096 1854 3132 πε
1863 3078 1915 3150 pl

332 3190 427 3260 τῆς
451 3151 703 3250 άλιίδσεως
722 3186 821 3256 τῆς
852 3151 1221 3255 ’ίερουσαλΙήμλ
1242 3151 1648 3250 ’Προσημαίνων
1685 3151 1745 3225 δὲ
1780 3171 1907 3241 περὶ
1933 3151 1979 3211 c

333 3277 434 3347 τῆς
458 3275 756 3348 παρουσίας
772 3273 866 3327 τοῦ
887 3273 1156 3343 Σωτῆρος.
1181 3269 1344 3338 Λέγει
1375 3269 1430 3320 δὲ
1461 3267 1556 3320 καὶ
1578 3261 1907 3336 προφητεύει

336 3369 476 3424 κατὰ
496 3368 604 3421 τῶν
624 3364 1067 3438 καταφρονητῶν.
1096 3360 1227 3416 Εἶτα
1262 3359 1462 3432 μεταξὺ
1495 3356 1768 3429 προσευχή
1799 3357 1910 3407 ἐστι

336 3459 428 3516 τοῦ
459 3460 735 3532 προφήτου
771 3459 885 3529 μετ’
922 3455 1083 3527 ᾠδῆς.
1115 3454 1222 3507 Καὶ
1249 3453 1375 3525 τρία
1403 3448 1750 3520 διαψάλματά
1766 3451 1911 3501 ἐστιν

339 3557 397 3607 ὲν
413 3555 478 3624 τῇ
495 3550 762 3623 λεγομένῃ
789 3548 896 3619 ᾠδῇ
915 3547 1130 3618 ᾅδοντος
1149 3543 1312 3598 αὑτοῦ
1341 3543 1468 3614 περὶ
1489 3544 1586 3613 τῆς
1617 3539 1914 3610 παρουσίας

339 3643 433 3700 τοῦ
458 3645 727 3716 Σωτῆρος,
751 3631 847 3696 καὶ
867 3641 968 3712 τῆς
988 3638 1128 3693 κατὰ
1147 3637 1373 3692 θανάτου
1395 3635 1568 3707 νίκης.
1739 3642 1742 3646 ’

626 3846 960 3900 ΣΟΦΟΝΙΑΣ
1002 3846 1042 3899 0
1078 3843 1214 3902 ΤΟΥ
1251 3841 1522 3903 ΧΟΥΣΕΙ,
1558 3840 1635 3894 6'.

417 3935 586 4005 οὗτος
611 3941 706 3994 καὶ
750 3938 1018 4010 Ἱερεμίας
1051 3935 1445 4006 συνεχρόνησαν
1477 3931 1745 4002 ἀλλήλοις.
1788 3930 1920 4000 ’Λμ-

349 4037 566 4107 φότεροι
587 4034 695 4106 γάρ
718 4032 810 4086 ἐπὶ
837 4031 930 4086 τοῦ
972 4031 1151 4084 Ἰωσία
1179 4026 1443 4098 βασιλέως
1482 4024 1650 4078 Ἰούδα
1681 4023 1922 4094 ἐπροφή-

349 4146 565 4184 τευσαν.
613 4127 783 4195 Λόγος
823 4124 880 4178 δὲ
909 4123 1115 4195 Κυρίου
1166 4120 1383 4189 ἐγένετο
1430 4117 1565 4188 πρὸς
1611 4114 1792 4178 αὑτὸν,
1831 4113 1925 4168 καὶ

353 4219 684 4294 προφητεύει
715 4221 775 4271 ὲν
799 4219 866 4288 τῇ
895 4214 1269 4286 Ἰερουσαλὴμ,
1301 4211 1394 4265 καὶ
1424 4211 1583 4264 παντὶ
1612 4207 1799 4279 Ἰούδα·
1834 4206 1925 4259 καί⁸

354 4311 607 4384 προλέγει
634 4311 761 4381 περὶ
792 4308 1003 4380 ἡμέρας
1027 4305 1290 4376 ἐσομένης
1316 4302 1577 4374 μεγάλης,
1605 4301 1742 4367 ὥστε
1769 4298 1930 4369 ἐξαρ-

356 4405 515 4477 Θῆναι
541 4405 716 4459 πάντα
744 4403 812 4456 τὰ
843 4400 1055 4464 εἴδωλα,
1087 4398 1184 4452 καὶ
1212 4396 1280 4459 τὰ
1307 4394 1464 4462 ἄλση.
1495 4392 1589 4446 καὶ
1615 4391 1780 4444 πολὺν
1807 4389 1930 4460 θρῆ-

2225 2411 2508 2479 ΝΑΗυΜ,
2553 2409 2867 2467 ELCESAEI
2907 2408 3167 2475 FILIUS,
3209 2407 3322 2462 VII.

2073 2504 2524 2574 Assumptionem
2557 2504 2623 2559 de
2658 2504 2884 2560 interitu
2913 2502 3124 2558 Niniva‘:
3155 2501 3384 2557 visionis
3415 2500 3584 2569 hujus

2007 2597 2146 2652 liber
2166 2597 2571 2667 complectitur.
2599 2596 2943 2652 Vaticinatur
2959 2604 3015 2651 et
3040 2595 3402 2651 concionatnr
3416 2596 3580 2650 etiam

2007 2687 2074 2743 de
2110 2687 2270 2744 l‘esto.
2303 2687 2562 2744 Praedicit
2609 2697 2790 2745 autem
2845 2689 2904 2743 in
2945 2702 3008 2743 ea
3053 2687 3121 2742 de
3171 2684 3475 2748 Salvatore,
3516 2684 3585 2738 de

2009 2780 2225 2836 czetcris
2258 2780 2536 2849 omnibus,
2565 2797 2688 2853 quae
2727 2781 2997 2837 adversus
3025 2778 3278 2836 Ninivam
3314 2786 3473 2841 sunt,
3517 2776 3585 2832 de

2011 2873 2132 2944 ejus
2165 2871 2272 2929 line
2300 2872 2540 2945 denique
2566 2881 2622 2930 et
2647 2874 2870 2931 lsraelis
2899 2872 3164 2928 hostium.

2525 2986 2853 3043 ABBACUM
2873 3028 2890 3053 ,
2930 2984 3068 3041 VIII.

2089 3076 2535 3148 Assumptionem
2585 3087 2642 3134 et
2689 3078 2779 3133 hic
2838 3077 3073 3134 intuitus
3105 3085 3210 3134 est.
3247 3073 3588 3130 Vaticinatur

2015 3179 2196 3226 autem
2229 3170 2369 3227 fusis
2396 3171 2616 3242 quidem
2654 3170 2912 3242 precibus
2941 3169 3449 3240 llierosolymitanaa
3493 3179 3588 3217 ur-

2016 3264 2103 3320 bis
2124 3265 2346 3319 nomine
2376 3282 2390 3317 :
2422 3262 2518 3319 sed
2547 3262 2614 3318 de
2639 3260 2940 3317 Salvatoris
2974 3260 3214 3317 adventu
3250 3256 3591 3330 pronuntiat.

2019 3356 2162 3412 Dicit
2191 3371 2323 3412 vero
2347 3364 2401 3412 et
2431 3371 2552 3427 qua:
2583 3355 2971 3426 spernentibus
2987 3362 3248 3410 eventura
3266 3359 3414 3409 sunt.
3436 3349 3593 3405 Post-

2021 3465 2083 3506 ea
2129 3459 2436 3521 sequuntur
2482 3463 2674 3521 preces
2731 3463 2857 3503 cum
2887 3447 3128 3511 cantico,
3159 3445 3216 3501 iu
3246 3460 3355 3517 quo
3378 3444 3486 3498 tria
3508 3456 3598 3499 ro-

2022 3544 2204 3614 perias
2231 3542 2509 3614 prophetae
2525 3541 2912 3612 diapsalmata,
2941 3538 3246 3595 Salvatoris
3275 3537 3594 3600 adventum,

2023 3645 2076 3691 et
2105 3653 2269 3706 quam
2316 3637 2384 3692 de
2417 3646 2592 3690 morte
2638 3635 2924 3690 victoriam
2967 3633 3201 3704 adeptus
3242 3640 3350 3695 est,
3395 3633 3598 3687 decan-

2026 3729 2212 3783 tantis.

2281 3837 2668 3898 SOPHONIAS
2707 3837 2915 3894 CHUSI
2959 3834 3217 3899 FILIUS,
3260 3833 3349 3889 IX.

2100 3935 2299 3992 Iisdem
2356 3935 2462 3990 iste
2495 3941 2552 3988 et
2597 3930 2900 3986 Hieremias
2931 3929 3189 3984 vixerunt
3237 3925 3598 3997 temporibus.

2031 4028 2204 4083 Ambo
2229 4027 2376 4083 enim
2407 4023 2690 4080 vaticinati
2726 4029 2875 4086 sunt,
2908 4035 3032 4075 cum
3064 4018 3220 4073 Iuda“:
3247 4032 3475 4088 regnum
3511 4014 3607 4068 Jo-

2033 4121 2144 4178 sias
2173 4127 2402 4176 teneret.
2433 4116 2637 4171 Factus
2685 4123 2769 4170 est
2821 4120 3002 4167 autem
3051 4126 3233 4166 sermo
3277 4107 3493 4163 Domini
3536 4107 3606 4161 ad

2035 4216 2250 4284 ipsum,
2305 4225 2616 4281 munusque
2663 4221 2824 4264 suum
2870 4207 2926 4260 in
2961 4203 3326 4267 Hierusalem,
3384 4207 3609 4269 totoque

2036 4304 2174 4360 Iuda
2208 4304 2364 4359 obiit.
2417 4300 2677 4356 Praedixit
2722 4301 2890 4355 etiam
2948 4297 3016 4352 de
3068 4303 3301 4350 venturo
3359 4292 3466 4356 die,
3513 4289 3609 4360 qui

2038 4414 2270 4469 magnus
2301 4396 2526 4460 dicitur,
2550 4410 2663 4465 quo
2691 4393 2834 4448 idola
2859 4390 3043 4447 omnia
3069 4388 3288 4457 lucique
3319 4385 3608 4448 tollentur;

355 4516 446 4552 νον
493 4497 589 4552 καὶ
615 4494 842 4550 κοπετὸν
875 4491 1176 4562 γίγνεσθαι.
1212 4483 1552 4560 Προφητεύει
1591 4483 1647 4535 δὲ
1680 4483 1774 4535 καὶ
1802 4482 1921 4552 περῖ

2041 4491 2185 4546 unde
2221 4491 2400 4545 luctus
2428 4496 2482 4543 et
2511 4489 2783 4542 clamores
2816 4483 2970 4538 multi
3022 4479 3217 4535 futuri.
3269 4476 3614 4532 Vaticinatur

355 4590 451 4645 τοῦ
473 4588 744 4660 Σωτῆρος,
781 4587 874 4640 καὶ
903 4585 1002 4655 τῆς
1025 4583 1389 4642 ἀναστάσεως,
1420 4579 1483 4647 ἣν
1507 4575 1570 4628 δι’
1605 4575 1750 4646 ἡμᾶς
1773 4576 1930 4627 ποιεῖ.

362 4684 472 4738 Καὶ
511 4680 656 4736 κατὰ
676 4679 854 4748 Γάζης
881 4678 976 4732 καί⁸
1008 4674 1365 4736 Ἀσκάλωνος,
1413 4670 1504 4723 καὶ
1536 4666 1790 4733 Ἀζώτου,
1842 4666 1937 4719 καὶ

363 4777 463 4846 τῆς
505 4774 809 4844 Ἀκκάρων,
843 4771 936 4824 καὶ
976 4769 1117 4822 κατὰ
1164 4764 1358 4830 Μωὰὸ,
1407 4764 1500 4816 καὶ
1552 4759 1796 4831 Ἀμμὼν,
1845 4757 1939 4811 καὶ

366 4865 508 4922 κατὰ
538 4861 851 4937 Δαμασκοῦ,
886 4863 981 4916 καὶ
1015 4858 1156 4914 κατὰ
1184 4859 1406 4926 Νινευῆ,
1430 4855 1523 4910 καὶ
1557 4853 1699 4906 κατὰ
1720 4853 1827 4905 τῶν
1848 4851 1941 4904 Αἰ-

368 4961 590 5015 θιόπων.

955 5068 1261 5131 ΔΓΓΛΙΟΣ,
1302 5067 1358 5118 I'.

439 5161 608 5231 Οὗτος
644 5166 780 5239 μετὰ
809 5165 907 5236 τὴν
935 5159 1311 5234 αἰχμαλωσίαν
1339 5159 1397 5210 ὲν
1425 5159 1490 5227 τῇ
1521 5153 1762 5224 ὲπανόδφ
1790 5157 1845 5206 ὲν
1877 5155 1942 5223 τῇ

381 5259 755 5333 Ἰερουσαλὴμ,
782 5259 873 5312 ἐπὶ
893 5256 1118 5328 Δαρείου
1141 5251 1402 5324 βασιλέως
1421 5248 1666 5320 Περσῶν,
1697 5247 1944 5316 δευτέρου

373 5355 528 5420 ἔτους
566 5355 751 5417 αὐτοῦ,
797 5351 873 5423 τῷ
909 5351 1050 5420 ἕκτῳ
1086 5346 1215 5419 μηνὶ
1253 5345 1492 5414 γέγονεν.
1531 5344 1700 5410 Λόγος
1742 5339 1946 5411 Κυρίου

375 5448 589 5515 ἐγένετο
619 5449 674 5500 ἐν
704 5447 848 5519 χειρὶ
876 5443 1060 5508 αὐτοῦ,
1097 5441 1191 5495 καὶ
1232 5436 1560 5508 προφητεύει
1602 5435 1678 5506 τῷ
1714 5433 1949 5505 Ζοροϐά-

377 5541 490 5605 ϐελ,
534 5540 629 5594 καὶ
669 5539 746 5610 τῷ
805 5537 980 5608 Ἰησοῦ
1025 5535 1101 5605 τῷ
1141 5531 1232 5586 τοῦ
1288 5531 1553 5594 Ἰωσεδὲκ,
1597 5530 1688 5583 καὶ
1731 5529 1810 5599 τῷ
1837 5524 1950 5595 λαῷ

455 5722 531 5792 (Ι)
573 5718 833 5790 Sequitur
884 5717 1166 5792 Eusebius
1217 5695 1746 5792 ίηιρι-βιξςξιίιῑῑσηιξη]⁸
1776 5706 1951 5792 ΠΧ,

382 5779 593 5850 "ebriati
618 5779 747 5848 véro
770 5788 1122 5862 quadraginta
1151 5779 1376 5845 habent:
1405 5784 1618 5842 Videsis
1642 5779 1698 5836 S.
1718 5780 1953 5848 August.

2039 4599 2168 4640 vero
2221 4585 2385 4638 etiam
2414 4581 2481 4636 de
2514 4581 2633 4652 ipso
2665 4577 2972 4640 Salvatore,
3007 4574 3184 4644 deque
3213 4572 3334 4642 ejus
3361 4571 3414 4624 in
3448 4569 3612 4622 vitam

2039 4677 2242 4740 reditu,
2280 4674 2376 4746 qui
2413 4673 2482 4727 ab
2512 4688 2578 4726 eo
2606 4671 2780 4726 nostri
2829 4683 2999 4724 causa
3031 4668 3210 4722 Iactus
3249 4671 3354 4720 est.
3391 4662 3532 4716 Sunt
3564 4668 3618 4714 et

2039 4773 2160 4843 ejus
2189 4768 2448 4825 vaticinia
2478 4767 2534 4821 in
2565 4766 2790 4827 Gazam,
2818 4762 2872 4816 in
2899 4761 3246 4818 Ascalonem.
3277 4759 3331 4812 in
3360 4758 3614 4818 Azotutn,

2041 4867 2096 4919 in
2133 4865 2404 4923 Accaron,
2440 4861 2494 4913 in
2532 4859 2711 4924 Moab,
2742 4856 2798 4911 in
2826 4856 3080 4919 Ammon,
3107 4853 3163 4907 in
3189 4852 3537 4914 Damascum,
3565 4848 3618 4900 in

2044 4954 2322 5018 Ninivam,
2356 4951 2410 5005 in
2445 4947 2753 5016 Ethiopas.

2619 5053 2923 5112 AGG/EUS
2939 5095 2954 5120 ,
2988 5054 3058 5109 Χ.

2119 5153 2248 5208 Fuit
2281 5153 2383 5208 istc
2416 5160 2538 5220 post
2570 5148 2968 5219 captivitatem,
3003 5161 3126 5201 cum
3159 5144 3394 5215 p0pulus
3427 5139 3624 5196 Hieru-

2054 5248 2224 5302 salem
2253 5243 2533 5306 rediisset,
2570 5240 2717 5293 Darii
2775 5239 2922 5310 regis
2969 5253 3115 5292 anno
3145 5234 3406 5296 secundo,
3439 5247 3628 5287 mense

2053 5348 2226 5394 sexto.
2267 5334 2470 5389 Factus
2509 5345 2594 5388 εει
2623 5340 2803 5386 autem
2847 5343 3030 5384 sermo
3073 5327 3287 5381 Domini
3345 5325 3400 5379 in
3462 5339 3628 5379 manu

2053 5431 2248 5501 ipsius,
2279 5427 2727 5495 vaticinatusque
2766 5429 2852 5479 est
2883 5420 3230 5481 Zorobabeli,
3270 5428 3326 5474 et
3373 5417 3500 5474 Jesu
3533 5415 3652 5501 Jo-f

2056 5491 2243 5578 s-edeci
2297 5520 2432 5584 tilio,
2483 5491 2793 5590 populoque
2840 5513 2943 5582 ipsi
3000 5511 3068 5566 de
3125 5491 3652 5582 Hierosolymoruml

2055 5703 2132 5760 De
2173 5702 2382 5757 civitate
2413 5697 2529 5752 Dei.
2560 5697 2654 5750 lib.
2687 5707 2842 5758 xvm,
2872 5707 2904 5745 c
2955 5691 3047 5746 44.

2098 5756 2204 5840 λε)
2247 5772 2388 5828 Edit.
2416 5768 2648 5824 Curterii
2673 5756 2910 5834 γιμῶνος
2941 5763 3122 5819 habet.
3164 5757 3318 5817 Enn.
3353 5756 3599 5816 BttnOL.

3711 5849 3851 5951 Af
