4070 6464
522 367 544 421 I
556 365 658 420 967

1210 363 1478 420 EUSEBII
1517 359 1997 420 CAESARIENSIS
2034 355 2190 414 OPP.
2233 355 2417 414 PARS
2452 357 2612 415 IH.—
2643 356 3054 414 EXEGETICA.

3631 358 3770 414 1268

516 489 940 552 instauratione,
975 487 1042 542 de
1085 488 1404 544 umbrarum
1441 491 1570 546 item
1603 489 1866 557 transitu,
1915 487 2077 558 deque

2189 485 2320 555 περὶ
2344 487 2441 556 τῆς
2472 485 2760 556 οἰκοδομῆς
2786 487 2886 555 τῆς
2929 483 3300 555 Ἰερουσαλήμο
3343 482 3679 553 προφητεύει
3712 483 3770 535 δὲ

517 584 761 654 gentium
786 583 1094 637 vocatione.

762 757 1156 813 ZACHARIAS
1195 758 1424 814 SADDO
1463 759 1720 828 FILIUS,
1759 757 1852 814 X1.

585 845 928 904 Vaticinatus
950 858 1035 905 est
1062 860 1116 906 et
1137 851 1237 905 iste
1254 867 1397 905 anno
1427 849 1570 904 Darii
1597 851 1858 915 secundo,
1886 867 2092 909 mense-

515 958 619 1012 que
632 953 826 998 octavo
851 942 1028 998 factus
1054 951 1135 998 est
1156 959 1340 999 sermo
1356 942 1570 998 Domini
1595 945 1662 998 ad
1687 944 1863 1015 ipsum
1886 963 1898 999 :
1921 946 1977 1000 in
1999 961 2092 1000 eo-

514 1050 621 1104 que
638 1034 854 1090 Domini
872 1036 1087 1091 Iocutus
1103 1043 1188 1091 cst
1216 1036 1463 1107 angelus.
1492 1035 1692 1108 Dirigit
1711 1053 1876 1108 porro
1903 1038 1967 1091 ad
1995 1054 2083 1109 pa-

515 1135 628 1183 tres
650 1127 986 1183 Hierusalem
1009 1129 1264 1184 visiones.
1283 1144 1413 1183 suas
1432 1145 1570 1198 quas
1595 1130 1796 1185 multas
1823 1145 1886 1183 ac
1909 1131 2090 1186 varias

513 1223 684 1279 videt.
717 1223 942 1280 Disserit
969 1231 1148 1277 autem
1175 1223 1386 1293 prolixa
1410 1223 1657 1280 oratione
1687 1224 1754 1279 de
1787 1223 2087 1289 Salvatore,

510 1328 566 1374 et
594 1318 866 1389 signiﬁcat
892 1315 1142 1372 eumdem
1172 1317 1340 1373 asinae
1377 1316 1607 1386 ejusque
1655 1319 1803 1387 pullo
1847 1319 2089 1376 insiden-

509 1419 620 1467 tem
653 1419 945 1466 venturum
980 1425 1122 1464 esse.

1002 1500 1400 1555 MALACHIAS
1420 1542 1435 1564 ,
1476 1499 1593 1554 XII.

581 1592 706 1648 Fuit
737 1602 793 1648 et
835 1593 942 1649 iste
985 1594 1150 1648 etiam
1197 1602 1320 1663 post
1365 1594 1738 1664 captivitatem
1795 1591 1959 1647 Dario
2003 1608 2090 1647 re-

508 1691 728 1746 guante.
767 1681 1112 1738 Vaticinatur
1143 1692 1325 1738 autem
1361 1684 1788 1752 assumptione-In
1815 1684 2088 1739 sermonis

508 1774 720 1830 Domini
749 1775 804 1830 in
835 1791 999 1829 manu
1033 1776 1210 1846 angeli
1242 1777 1325 1830 sui
1359 1819 1371 1830 .
1407 1777 1460 1829 in
1494 1791 1601 1846 qua
1631 1777 1810 1847 arguit
1831 1775 2083 1832 lsraelem

509 1868 1011 1938 transgressiouum
1045 1869 1282 1933 nomine,
1309 1877 1363 1923 et
1391 1878 1636 1932 accusat,
1665 1869 1809 1939 quod
1843 1869 2084 1924 decima-

506 1975 628 2016 rum
661 1968 715 2015 et
745 1974 1046 2030 pauperum
1070 1975 1256 2015 curam
1283 1976 1391 2015 non
1410 1961 1628 2016 habeat.
1663 1961 1895 2017 Disserit
1918 1963 2083 2017 etiam

505 2051 576 2106 de
632 2051 720 2106 die
769 2051 1005 2121 iudicii,
1051 2053 1118 2107 de
1179 2051 1480 2107 Salvatoris
1540 2053 1850 2123 splendore,
1911 2051 2085 2122 deque

506 2142 640 2200 Elite
671 2151 797 2200 aute
825 2145 946 2216 ejus
979 2144 1273 2199 adventum
1304 2144 1586 2200 missione.

922 2398 1145 2454 ISAIAS
1187 2397 1414 2454 FILIUS
1453 2397 1660 2453 AMOS.

575 2492 682 2546 Iste
712 2498 766 2544 et
791 2489 930 2546 Osce
966 2490 1130 2562 (sicut
1155 2507 1186 2545 a
1220 2507 1304 2545 me
1333 2489 1539 2544 dictum
1565 2499 1645 2544 est
1673 2490 1855 2559 antea)
1887 2491 2078 2545 iisdem

504 2581 810 2636 ﬂoruerunt
842 2583 1202 2651 temporibus.
1245 2580 1392 2635 Vixit
1426 2581 1571 2636 enim
1627 2581 1716 2634 hic
1757 2580 1908 2645 Ozia,
1955 2580 2080 2635 Joa-

507 2675 713 2738 thamo,
747 2674 988 2737 Achazo,
1022 2681 1076 2729 et
1105 2673 1336 2728 Ezccliia
1364 2672 1564 2728 Iudaea:
1611 2690 1836 2743 regnum
1887 2682 2078 2726 tenen-

506 2765 672 2819 tibus.
707 2763 987 2818 Visiouem
1019 2773 1202 2818 autem
1233 2765 1486 2826 intuitus,
1520 2764 1850 2818 vaticinatus
1880 2774 1960 2818 cst
1985 2762 2082 2816 ad-

503 2871 698 2910 versus
759 2853 1000 2910 Judatam
1061 2865 1112 2910 et
1164 2854 1530 2910 Hierusalem.
1573 2854 1774 2910 Factus
1835 2863 1918 2910 est
1953 2871 2081 2909 vero

503 2964 690 3003 sermo
718 2948 937 3002 Domini
971 2947 1038 3001 ad
1077 2949 1256 3019 ipsum
1290 2949 1544 3019 bonaque
1576 2949 1748 3018 ipsius
1783 2949 2080 3020 prophetia:

506 3055 636 3110 pars
667 3041 895 3095 nuntius
914 3049 998 3096 est
1028 3039 1251 3110 quidam
1283 3040 1350 3096 de
1381 3040 1540 3096 Verbi
1569 3041 1659 3096 Dei
1688 3043 1947 3105 adventu,
1985 3041 2080 3097 de-

2191 577 2284 630 καὶ
2317 577 2446 648 περὶ
2475 580 2573 648 τῆς
2606 576 2984 648 παρελεύαεως
3014 575 3125 628 τῶν
3156 574 3342 640 σκιῶν,
3378 583 3472 630 καὶ
3507 576 3636 644 περὶ
3667 577 3770 643 τῆς

2190 668 2433 740 κλήσεως
2471 669 2578 722 τῶν
2607 668 2790 722 ἐθνῶν.

2494 759 2833 812 ΖΑΧΑΡΙΑΣ
2872 760 3030 813 ΥΙΟΣ
3066 758 3304 819 ΣΑΔΔΩ.
3345 759 3447 812 ΙΔ’.

2261 851 2371 904 Καὶ
2402 846 2553 915 οὗτος
2703 853 2940 925 δευτέρῳ
2984 852 3092 906 ἔτει
3137 850 3360 923 Δαρείου
3405 850 3765 923 προφητεύει.

2203 945 2362 999 Ἀλλά
2406 945 2483 1017 τῷ
2524 945 2692 1016 ὀγδόῳ
2738 947 2869 1016 μηνὶ
2908 944 3064 1014 λόγος
3113 945 3317 1017 Κυρίου
3364 945 3578 1013 ἐγένετο
3627 943 3770 1016 πρὸς

2190 1037 2372 1101 αὐτὸν,
2404 1037 2498 1090 καὶ
2523 1037 2750 1106 ἄγγελος
2781 1038 2984 1109 Κυρίου
3008 1037 3184 1092 ἐλάλει
3215 1038 3270 1089 ἐν
3304 1036 3474 1106 αὐτῷ,
3501 1036 3596 1090 καὶ
3634 1053 3770 1107 προ-

2192 1127 2413 1197 φητεύει
2447 1128 2582 1199 πρὸς
2625 1130 2752 1192 τοὺς
2790 1129 3034 1200 πατέρας
3057 1169 3072 1193 ,
3114 1130 3205 1182 καὶ
3245 1130 3345 1200 τὴν
3389 1129 3765 1200 Ἰερουσαλήμ.

2191 1217 2399 1282 Πολλὰς
2431 1218 2487 1271 δὲ
2514 1219 2608 1273 καὶ
2651 1219 2896 1282 ποικίλας
2937 1219 3155 1291 ὁράσεις
3183 1219 3390 1291 βλέπει,
3420 1223 3514 1275 καὶ
3547 1239 3767 1292 προφη-

2189 1308 2334 1361 τεύει
2366 1311 2494 1381 περὶ⁹
2531 1310 2624 1364 τοῦ
2657 1311 2909 1383 Σωτῆρος
2940 1312 3030 1367 διὰ
3064 1313 3310 1376 πολλῶν,
3346 1315 3441 1366 καὶ
3483 1313 3768 1384 σημαίνων

2191 1402 2350 1456 αὐτὸν
2375 1401 2630 1475 ἔρχεσθαι
2661 1403 2753 1456 ἐπὶ
2789 1403 2906 1456 ὅνον
2936 1405 3029 1458 καὶ
3064 1404 3248 1456 πῶλον
3281 1404 3600 1474 ὑποζυγίου.

2712 1497 3072 1550 ΜΑΛΑΧΙΑΣ
3091 1537 3105 1560 ,
3141 1497 3240 1550 IB’.

2258 1587 2368 1638 Καὶ
2417 1577 2571 1650 οὗτος
2631 1586 2768 1658 μετὰ
2819 1587 2918 1658 τὴν
2973 1589 3350 1659 αἰχμαλωσίαν
3401 1589 3624 1658 γέγονεν
3675 1589 3768 1642 ἐπὶ

2187 1678 2410 1750 Δαρείου
2497 1679 2690 1751 λῆμμα
2719 1680 2776 1732 δὲ
2805 1681 2962 1749 λόγου
3006 1683 3211 1754 Κυρίου
3252 1687 3310 1737 ἐν
3340 1685 3482 1754 χειρὶ
3529 1684 3766 1753 ἀγγέλου

2189 1767 2350 1820 αὑτοῦ
2395 1769 2488 1823 ἐπὶ
2514 1770 2607 1824 τὸν
2645 1771 2861 1843 Ἰσραὴλ
2891 1773 3240 1843 προφητεύει.
3289 1774 3562 1839 Ὀνειδίζει
3591 1776 3644 1828 δὲ
3674 1773 3768 1828 τδν

2198 1860 2413 1932 Ἰσραὴλ
2441 1862 2532 1914 ἐπὶ
2560 1866 2679 1926 ταῖς
2710 1864 3052 1934 παραϐάσεσι
3073 1903 3087 1928 ,
3134 1866 3228 1918 καὶ
3253 1867 3526 1937 μέμφεται
3559 1867 3652 1920 ἐπὶ
3698 1869 3766 1940 τῇ

2185 1951 2414 2026 ἀμελείᾳ
2436 1953 2545 2007 τῶν
2571 1954 2844 2019 δεκάτων,
2882 1958 2976 2010 καὶ
3022 1957 3122 2027 τῆς
3155 1957 3292 2029 πρὸς
3339 1959 3464 2019 τοὺς
3516 1960 3768 2028 πτωχοὺς

2185 2044 2486 2108 κοινωνίαςο
2530 2046 2860 2119 προφητεύει
2890 2048 2946 2101 δέ
2981 2047 3230 2120 περὶτῆς
3270 2049 3480 2120 ἡμέρας
3510 2049 3610 2118 τῆς
3638 2048 3765 2119 κρί-

2187 2155 2358 2202 σεως,
2403 2140 2496 2194 καὶ
2540 2139 2640 2209 τῆς
2691 2140 2784 2193 τοῦ
2819 2141 3068 2213 Σωτῆρος
3101 2141 3479 2212 ἐπιλάμψεως,
3520 2143 3614 2195 καὶ
3660 2143 3769 2214 πρὸ

2183 2232 2281 2302 τῆς
2306 2232 2603 2302 παρουσίας
2623 2233 2715 2286 τοῦ
2742 2235 2991 2305 Σωτῆρος
3017 2235 3437 2295 ἀποστέλλεσθαι
3464 2234 3554 2288 τὸν
3579 2234 3766 2288 Ἠλίαν

2187 2323 2462 2393 σημαίνει.

2625 2416 2873 2468 ΗΣΑΙΑΣ
2911 2417 3068 2470 ΥῐΟΣ
3107 2417 3314 2470 ΑΜΩΣ.

2257 2497 2425 2569 Οὗτος
2458 2505 2553 2558 καὶ
2599 2506 2788 2576 Ὠσηὲ,
2832 2506 2974 2560 καθά
3025 2511 3320 2580 προεῖπον,
3363 2507 3766 2578 συνεχρόνησαν

2185 2596 2467 2668 ἀλλήλοις·
2507 2598 2600 2650 καὶ
2640 2598 2749 2669 γὰρ
2797 2598 2890 2652 καὶ
2924 2594 3077 2662 οὗτος
3117 2601 3210 2652 ἐπὶ
3245 2599 3440 2664 Ὀζίου,
3482 2600 3574 2652 καὶ
3621 2600 3766 2652 Ἰωα-

2184 2688 2315 2760 θὰμ,
2346 2690 2440 2743 καὶ
2474 2687 2640 2759 Ἀχὰζ
2657 2730 2671 2754 ,
2705 2689 2800 2742 xui
2842 2690 3080 2760 Ἐζεκίου
3127 2690 3389 2761 βασιλέων
3428 2691 3626 2756 Ἰούδα,
3668 2691 3765 2758 γέ-

2184 2797 2374 2850 γονεν’
2411 2781 2602 2850 ὅρασιν
2648 2780 2704 2834 δὲ
2756 2779 3014 2851 ἑωρακὼς
3092 2781 3424 2853 προφητεύει
3476 2783 3618 2836 κατὰ
3661 2783 3768 2854 τῆς

2195 2871 2474 2936 Ἰουδαίας,
2506 2872 2598 2927 καὶ
2634 2871 2774 2926 κατὰ
2816 2873 3185 2944 Ἰερουσαλήμ.
3233 2875 3343 2928 Καὶ
3381 2874 3536 2944 λόγος
3560 2874 3617 2928 δέ
3651 2876 3767 2928 Κυ-

2188 2964 2300 3036 ρίου
2335 2964 2472 3036 πρὸς
2507 2965 2668 3017 αὑτὸν
2705 2965 2929 3033 γέγονε’
2969 2966 3062 3018 καὶ
3105 2966 3166 3018 τὸ
3201 2966 3450 3019 πλεῖστον
3488 2965 3585 3036 τῆς
3623 2979 3765 3037 προ-

2184 3055 2410 3126 φητείας
2443 3056 2609 3110 αὐτοῦ
2662 3058 2809 3109 ἐστιν
2843 3055 3135 3124 εὐαγγελία
3189 3059 3315 3128 περὶ
3350 3056 3450 3125 τῆς
3494 3055 3763 3125 ἐνσάρκου

504 3147 611 3201 que
647 3132 714 3185 iis
750 3148 869 3203 qua:
891 3142 1082 3188 nostro
1114 3135 1335 3188 nomine
1367 3150 1563 3204 passus
1595 3143 1698 3191 est.
1736 3133 2077 3190 Vaticinatur

2187 3148 2487 3218 παρουσίας
2517 3148 2610 3201 τοῦ
2661 3148 2834 3216 Λόγου
2869 3147 2962 3201 τοῦ
2994 3147 3157 3211 Θεοῦ,
3200 3148 3293 3202 καὶ
3329 3141 3405 3201 ὧν
3432 3149 3498 3202 ἂν
3540 3140 3766 3214 ἐδέξατο

503 3229 684 3275 autem
714 3220 782 3275 de
814 3223 1071 3291 gentibus
1117 3239 1240 3293 qum
1285 3231 1592 3294 sequuntur
1625 3243 1638 3279 :
1675 3225 1938 3281 adversus
1971 3227 2042 3280 Ba

502 3313 782 3382 bylouem;
806 3312 860 3367 in
885 3313 1235 3385 alienigenas,
1269 3322 1322 3370 et
1347 3315 1612 3371 adversus
1641 3316 1992 3380 Damascum,
2022 3318 2074 3370 in

505 3401 822 3474 Egyptum,
874 3404 927 3457 in
971 3403 1286 3466 Idumaaam,
1335 3404 1388 3458 in
1428 3406 1622 3460 vallem
1658 3405 1863 3469 Sionis,
1896 3408 1951 3461 in
1979 3407 2079 3478 Ty-

500 3511 646 3561 rum,
682 3505 806 3566 post
847 3512 969 3566 qua:
1003 3498 1255 3568 sequitur
1285 3499 1425 3553 visio
1459 3499 1897 3570 quadrupedum,
1956 3515 2077 3570 qua:

503 3597 633 3643 sunt
663 3589 715 3643 in
757 3603 963 3644 eremo.
1006 3589 1207 3644 Narrat
1235 3598 1290 3644 et
1328 3591 1721 3648 Senuacherim
1772 3593 2076 3663 expeditio-

500 3697 646 3744 nem,
694 3690 746 3736 et
780 3683 1042 3752 Rapsaca:
1079 3683 1460 3752 jactationem,
1496 3685 1950 3758 excidionemque
1979 3704 2074 3743 eo-

499 3785 643 3832 rum,
676 3778 730 3826 et
761 3771 1062 3827 interitum.
1082 3773 1316 3828 Additet
1339 3773 1582 3829 Ezechia:
1614 3778 1885 3841 morbum,
1908 3787 2078 3848 utque

501 3860 662 3914 morti
706 3861 1009 3930 proximus,
1044 3861 1182 3917 fusis
1215 3863 1282 3918 ad
1314 3862 1484 3918 Deum
1509 3867 1789 3935 precibus,
1824 3867 1879 3922 in
1910 3869 2074 3938 quin-

504 3954 678 4015 decim
737 3970 913 4009 annos
936 3954 1059 4010 vita:
1108 3955 1214 4009 sibi
1244 3958 1687 4026 prorogationem
1739 3959 2074 4028 impetravit.

507 4044 849 4101 Vaticinatur
882 4062 1044 4117 porro
1075 4048 1368 4112 eunuchis,
1397 4056 1452 4104 et
1493 4049 1770 4120 gentibus,
1801 4051 1986 4106 addito
2007 4051 2075 4106 ad

505 4139 664 4192 liuent
694 4138 798 4193 diei
822 4138 1050 4206 judicio.

777 4229 1152 4286 HIEREMIAS
1188 4229 1508 4285 (3118ιοΙῶ
1549 4231 1798 4296 FILIUS,

1049 4321 1097 4375 E
1124 4322 1504 4377 sacerdotibus.

571 4413 698 4479 Iste,
727 4415 874 4484 quod
902 4415 1053 4484 prius
1087 4414 1221 4481 dixi,
1256 4423 1310 4469 et
1338 4414 1673 4486 SOpIionias,
1701 4416 1892 4472 iisdem
1925 4419 2074 4474 vixe-

2185 3237 2250 3289 δι’
2285 3239 2430 3308 ἡμᾶς
2466 3237 2672 3292 παθών.
2704 3238 3039 3308 Προφητεύει
3065 3239 3120 3293 δέ
3152 3241 3243 3292 καὶ
3271 3240 3362 3292 ἐπὶ
3396 3239 3521 3309 ἔθνη
3549 3237 3724 3291 ταῦτα
3745 3253 3762 3270 ο

2188 3331 2326 3384 κατὰ
2378 3331 2694 3394 Βαϐυλῶνος
2717 3373 2732 3397 ,
2779 3333 2870 3384 ἐπὶ
2910 3333 3039 3396 τοὺς
3075 3331 3436 3400 ἀλλοφύλους,
3481 3331 3622 3386 κατὰ
3656 3334 3764 3384 Aa-

2190 3422 2422 3492 μασκοῦ,
2458 3424 2649 3495 ὅρασιν
2693 3423 3002 3494 Αἰγύπτου,
3052 3425 3234 3496 ὅραμα
3279 3423 3379 3492 τῆς
3420 3423 3760 3494 Ἰδουμαίας,

2183 3517 2365 3588 ὅραμα
2401 3519 2500 3588 τῆς
2541 3519 2826 3587 φάραγγος
2875 3515 3046 3580 Σιὼν,
3103 3519 3286 3588 ὅραμα
3317 3517 3528 3587 Τύρου,
3571 3517 3764 3588 ὅρασιν

2183 3610 2292 3664 τῶν
2319 3611 2663 3682 τετραπόδων
2706 3611 2812 3664 τῶν
2834 3613 2890 3663 ἐν
2921 3613 2986 3682 τῇ
3025 3611 3239 3682 ἐρήμῳ.
3267 3612 3548 3680 Διηγεῖται
3578 3609 3635 3662 δέ
3667 3609 3765 3661 καὶ

2183 3705 2282 3776 τὴν
2307 3703 2492 3772 ἔφοδον
2538 3703 2924 3775 Σεμναχηρεὶμ
2945 3743 2960 3766 ,
2995 3703 3089 3756 καὶ
3123 3702 3392 3770 Ῥαψάκου
3420 3701 3519 3772 τὴν
3561 3699 3762 3765 ἀλαζο-

2184 3797 2322 3858 νίαν,
2352 3797 2450 3868 τήν
2483 3812 2544 3848 τε
2591 3795 2798 3848 πτῶσιν
2843 3796 2937 3849 καὶ
2986 3793 3262 3848 ἀπώλειαν
3297 3793 3505 3848 αὐτῶν·
3545 3796 3637 3849 καὶ
3679 3795 3763 3846 ὅτι

2184 3890 2412 3960 νοσήσας
2451 3887 2726 3952 Ἐζεκίας,
2765 3887 2860 3940 καὶ
2909 3887 3115 3958 μέλλων
3163 3885 3565 3958 ἀποθνήσκειν,
3596 3887 3762 3951 εὐξά-

2187 3997 2346 4051 μενος
2376 3979 2693 4051 προσθήκην
2722 3978 2880 4050 ἔσχεν
2911 3979 3046 4032 ἐτῶν
3071 3978 3386 4034 δεκαπέντε.
3417 3980 3761 4051 Προφητεύει

2181 4073 2236 4124 δὲ
2270 4072 2364 4125 καὶ
2393 4070 2699 4141 εὐνούχοις,
2734 4072 2830 4124 καὶ
2857 4075 2967 4135 τοῖς
2992 4071 3169 4126 ἔθνεσι
3220 4073 3280 4125 ἐν
3322 4071 3401 4143 τῷ
3445 4072 3588 4127 τέλει
3630 4072 3763 4144 περὶ

2180 4165 2280 4234 τῆς
2311 4163 2522 4236 ἡμέρας
2557 4162 2658 4232 τῆς
2689 4163 2942 4235 κρίσεως.

2491 4255 2818 4308 ΙΕΡΕΜΙᾹΣ
2872 4256 2913 4308 0
2954 4255 3091 4308 ΤΟΥ
3127 4255 3457 4321 ΧΕΛΧΙΟΥ,

2721 4347 2817 4400 Ἐκ
2850 4345 2968 4399 τῶν⁸
2997 4345 3218 4414 ἱερέων.

2255 4433 2444 4503 Οὗτος,
2475 4438 2618 4493 καθὰ
2645 4440 2923 4510 προεῖπον,
2957 4439 3053 4491 καὶ
3086 4439 3347 4508 Σοφονίας
3371 4439 3761 4511 συνεχρόνισαν

497 4516 628 4562 runt
682 4507 1042 4577 temporibus,
1107 4507 1200 4562 sed
1257 4509 1461 4563 mansit
1508 4507 1812 4565 Hieremias
1853 4511 1920 4565 ad
1956 4509 2077 4566 Joa-

2185 4533 2392 4594 ἑαυτοῖς
2413 4547 2427 4561 ⁸
2463 4507 2761 4602 παρέμείνε
2797 4529 2854 4583 δὲ
2885 4523 3040 4594 οὗτος
3076 4507 3181 4596 ἕως
3222 4507 3620 4602 Ἰωακεὶμξκαὶ
3650 4533 3760 4596 ἕως

496 4601 700 4655 cimum
740 4615 933 4670 usque,
965 4608 1019 4656 et
1053 4601 1402 4656 undecimum
1438 4600 1678 4658 Sedecia:
1725 4603 1896 4680 Judze.
1929 4607 2074 4676 regis

497 4705 726 4752 annum,
779 4691 831 4745 id
866 4698 950 4746 est
981 4690 1048 4745 ad
1097 4692 1281 4763 p0puli
1313 4709 1490 4764 usque
1521 4695 1914 4765 captivitatem.
1971 4697 2075 4750 Fa-

499 4791 646 4840 ctum
671 4791 756 4839 est
783 4792 964 4838 autem
1012 4786 1236 4841 verbum
1275 4786 1489 4842 Domini
1529 4789 1598 4844 ad
1627 4805 1774 4856 eum,
1806 4799 1860 4845 et
1889 4791 2076 4847 multis

498 4873 1002 4948 Hierosolymorum
1027 4878 1344 4950 iniquitates
1377 4882 1578 4952 arguit,
1611 4883 1786 4952 deque
1833 4885 1990 4953 ipsis,
2025 4892 2078 4940 et

501 4965 568 5022 de
595 4969 844 5025 siccitate
881 4969 1214 5026 vaticinatus
1243 4983 1349 5029 est.
1395 4973 1654 5029 Pracdixit
1694 4976 1822 5031 item
1851 4977 1920 5033 de
1952 4977 2076 5032 Ela-

504 5063 655 5119 mitis
681 5065 959 5134 gentibus,
1013 5064 1237 5136 foreque
1269 5075 1327 5120 ut
1357 5067 1630 5139 Egyptus
1663 5084 1692 5122 a
1745 5086 1871 5141 rege
1901 5070 2076 5142 Baby-

500 5155 648 5211 lonio
675 5159 1109 5216 exscinderetur.
1142 5161 1365 5216 Addidit
1392 5171 1446 5217 et
1486 5165 1826 5234 praphetiam
1879 5167 1934 5221 in
1973 5166 2076 5220 Ba-

501 5249 775 5319 bylonem,
807 5262 861 5308 et
893 5267 1203 5308 sermonem
1235 5269 1396 5326 quem
1431 5254 1624 5310 habuit
1645 5255 1804 5325 jussu
1835 5256 2072 5322 Domini,

499 5345 569 5398 ad
602 5342 847 5401 Saraiam
881 5346 1054 5403 Neria:
1107 5348 1300 5411 Illium,
1347 5349 1414 5404 ad
1460 5349 1774 5414 lduumam,
1827 5351 1894 5404 ad
1936 5351 2074 5405 ﬁlios

501 5437 760 5498 Ammon.
791 5446 845 5494 et
869 5437 933 5493 ad
959 5438 1138 5495 Cedar
1160 5441 1402 5511 reginam
1433 5441 1572 5496 aulae
1603 5458 1768 5512 quam
1800 5443 2076 5513 percussit

499 5529 974 5597 Nabugodonosor
1004 5549 1094 5588 rex
1137 5533 1454 5605 Babylonis.
1507 5533 1818 5604 Alloquitur
1861 5545 1916 5591 et
1963 5536 2072 5590 Da-

500 5637 768 5684 mascum.
788 5632 842 5677 et
872 5622 1030 5678 Moab
1059 5635 1112 5679 et
1137 5623 1498 5688 Hierusalem,
1527 5635 1580 5680 et
1614 5623 1836 5690 Judam.
1865 5635 1920 5682 et
1943 5625 2077 5683 Rheo

502 5715 808 5770 cabitarum
847 5715 1132 5779 familiam.
1167 5727 1222 5774 et
1265 5719 1501 5772 liliorum
1547 5716 1820 5784 Jouadab,
1869 5731 1923 5777 et
1978 5720 2075 5776 Ju-

502 5805 671 5871 θεοῦ,
721 5807 811 5878 qui
888 5816 1090 5865 terram
1146 5808 1385 5881 Egypti,
1441 5811 1534 5883 qui
1591 5809 1916 5882 Magdalum,
1981 5815 2073 5886 qui

2179 4625 2462 4679 ἑνδεκάτου
2490 4623 2642 4687 ἔτους
2662 4623 2908 4677 Σεδεκίου
2938 4622 3201 4694 βασιλέως
3215 4625 3403 4691 Ἰούδα,
3423 4626 3530 4688 ἓως
3556 4629 3760 4696 αἰχμα-

2178 4716 2380 4779 λωσίας
2406 4714 2499 4768 τοῦ
2529 4714 2678 4768 λαοῦ.
2722 4715 2900 4786 Ῥἧμα
2920 4715 2977 4768 δὲ
3003 4716 3138 4769 Θεοῦ
3162 4716 3378 4784 ἐγένετο
3407 4719 3545 4789 πρὸς
3567 4719 3756 4782 αὐτὸν,

2177 4807 2251 4869 ὡς
2298 4806 2556 4877 ἐγεννήθη
2605 4803 2760 4873 λόγος
2786 4804 2990 4874 Κυρίου
3023 4805 3158 4876 πρὸς
3195 4805 3356 4858 αὐτόν
3378 4823 3392 4836 ο
3417 4807 3510 4859 καὶ
3543 4805 3756 4875 ἐλέγχει

2178 4897 2276 4959 τὰς
2323 4896 2534 4960 ἀδικίας
2579 4896 2678 4968 τῆς
2718 4896 3070 4967 Ἰερουσαλὴμ
3113 4895 3201 4950 διὰ
3253 4896 3490 4950 πολλῶνο
3536 4915 3756 4968 προφη-

2177 4988 2324 5040 τεύει
2365 4988 2422 5042 δὲ
2462 4989 2554 5041 ἐπὶ
2586 4988 2970 5059 Ἰερουσαλὴμ,
2999 4989 3092 5041 καὶ
3136 4989 3263 5058 περὶ
3311 4989 3412 5058 τῆς
3452 4987 3751 5058 ἁϐροχίαςο

2179 5082 2270 5133 καὶ
2298 5081 2388 5133 ἐπὶ
2417 5081 2486 5133 τὰ
2517 5080 2641 5151 ἔθνη
2667 5080 2848 5151 Αίλὰμ
2887 5081 2980 5133 καὶ
3003 5078 3098 5132 τοῦ
3125 5079 3299 5132 ἐλθεῖν
3327 5079 3547 5149 βασιλέα
3576 5078 3758 5132 Βαϐυ-

2177 5173 2380 5236 λῶνος,
2425 5172 2520 5226 τοῦ
2566 5173 2796 5242 ἐκκόψαι
2858 5173 2958 5244 τὴν
3009 5172 3114 5243 γῆν
3157 5171 3465 5240 Αἰγύπτου·
3514 5172 3606 5224 καὶ
3659 5172 3760 5223 ἐπὶ

2183 5266 2506 5319 Βαϐυλῶνα·
2564 5264 2657 5319 καὶ
2731 5265 2922 5334 λόγος,
2984 5265 3042 5318 ὃν
3075 5264 3377 5318 ἐνετείλατο
3418 5263 3622 5335 Κύριος
3676 5263 3758 5333 τῷ

2187 5360 2428 5432 Ἱερεμίᾳ
2477 5360 2649 5411 εἰπεῖν
2688 5357 2764 5429 τῷ
2811 5357 3020 5430 Σαραία
3066 5356 3168 5427 υἱῷ
3225 5357 3469 5428 Νηρίου,
3527 5358 3621 5410 καὶ
3681 5359 3754 5427 τῇ

2191 5448 2462 5520 Ἰδουμαία
2489 5489 2505 5514 ,
2547 5448 2784 5511 καὶτοῖς
2834 5448 2968 5510 υἱοῖς
3005 5445 3263 5517 Ἀμμὼν,
3305 5448 3400 5499 xai
3444 5449 3508 5517 τῇ
3559 5445 3758 5518 mea,

2183 5541 2469 5613 βασιλίσσῃ
2518 5540 2615 5610 τῆς
2653 5539 2855 5610 αὐλῆς,
2899 5540 2964 5609 ἢν
3005 5539 3238 5604 ἐπάταξε
3282 5537 3756 5618 Ναϐουχρδονόσορ

2183 5631 2431 5704 βασιλεὺς
2453 5629 2786 5693 Βαϐυλῶνος,
2809 5629 2903 5683 καὶ
2926 5632 2991 5700 τῇ
3023 5627 3318 5699 Δαμασκῷ,
3341 5629 3434 5681 καὶ
3455 5630 3521 5696 τῇ
3551 5624 3752 5688 Μωὲὸ,

2181 5724 2272 5776 καὶ
2304 5721 2396 5774 ἐπὶ
2432 5719 2804 5790 Ἰερουσαλὴμ,
2833 5720 2926 5773 καὶ
2959 5720 3050 5773 ἐπὶ
3106 5718 3330 5783 Ἰούδαν,
3369 5718 3462 5770 καὶ
3491 5718 3570 5780 εἰς
3598 5711 3754 5768 οἷκον

2194 5812 2506 5884 Ῥηχαὸεἱμ,
2545 5812 2637 5866 καὶ
2689 5810 2794 5866 τῶν
2837 5811 2966 5866 υἱῶν
3021 5809 3270 5865 Ἰωναδὰό
3293 5849 3308 5876 ,
3357 5811 3469 5872 τοῖς
3509 5825 3568 5864 τε
3611 5809 3750 5862 Ἰου-
