4070 6464
288 312 429 368 1269

1485 308 1580 363 οε
1617 308 1794 364 vms
1832 296 2374 368 PBOPHETARUM.

3415 309 3548 364 127d

285 430 486 493 δαίοις,
520 430 634 493 τοίς
679 429 1026 484 κατοικοῦσιν
1054 431 1111 482 ὲν
1149 433 1220 501 γῇ
1270 431 1572 500 Αἰγύπτουο
1609 431 1702 484 καὶ
1751 433 1863 494 τοῖς
1894 483 1898 493 ,

2005 431 2248 503 'aphnas,
2298 433 2503 505 quique
2565 431 2835 489 Patnures
2877 431 3156 504 regionem
3202 429 3544 492 incolebant;

290 520 622 592 καθημένοις
654 521 712 573 ἐν
743 521 1018 592 Μαγδάλῳ
1057 521 1152 575 καὶ
1183 522 1275 574 ἐπὶ
1301 520 1521 592 Ταφνᾶς
1542 561 1556 585 ,
1584 521 1677 575 καὶ
1709 523 1766 574 ὲν
1799 523 1870 592 γῇ

2005 525 2188 580 iaruch
2211 526 2468 596 denique,
2500 540 2624 580 cum
2652 526 2755 581 ista
2785 525 2853 580 ab
2879 539 2974 580 ore
2994 523 3281 580 Hieremiae
3299 532 3546 594 excepta,

288 613 598 685 Παθουρῆς.
630 613 772 684 Πρός
815 630 876 666 τε
919 612 1010 666 τὸν
1065 613 1300 686 Βαροὺχ,
1357 615 1446 667 ὅτε
1494 614 1700 686 ἔγραψε
1749 615 1874 677 τοὺς

2005 631 2032 669 n
2070 616 2210 670 libro
2242 616 2600 672 describeret.
2636 614 2834 671 Narrat
2867 630 3036 688 porro
3089 616 3191 672 sub
3237 614 3398 670 ﬁnem
3440 629 3553 684 quo

289 706 481 774 λόγους
509 704 733 768 τούτους
759 708 818 759 ὲν
842 705 920 776 τῷ
950 705 1138 776 βιϐλίῳ
1165 707 1272 760 ἀπὸ
1299 707 1565 777 στόματος
1587 707 1872 780 Ἱερεμίου.

290 793 542 867 Περιέχει
575 794 632 847 δὲ
682 794 742 847 τὸ
777 793 981 865 βιϐλίον
1029 795 1121 847 ἐπὶ
1166 794 1387 862 τέλους,
1437 796 1519 849 ὅτι
1551 796 1602 848 οἱ
1634 797 1874 850 Ἰουδαῖοι

291 886 735 950 ἐπιϐουλεύοντες
764 886 842 957 τῷ
874 888 1148 960 προφήτῃ,
1177 888 1406 960 ἔρριψαν
1441 887 1602 942 αὑτὸν
1629 890 1708 953 εἰς
1745 889 1877 942 λάκ-

292 997 389 1034 κον
418 979 696 1051 βορϐόρου,
716 979 1148 1051 καὶἈϐδεμέλεχ
1167 980 1358 1050 Αἰθίοψ
1387 982 1658 1052 ἀνήγαγεν
1691 982 1872 1036 αὐτόν.

507 1120 610 1175 Διὰ
638 1121 693 1175 τι
723 1121 932 1193 Βαροὺχ
962 1119 1268 1190 ἑυτιῃοάφει
1295 1120 1360 1175 τὸ
1388 1121 1672 1187 ,ϐιϐλίον;

377 1213 596 1285 Ἐπειδὴ
659 1207 814 1276 οὗτος
863 1213 1081 1283 γράψας
1129 1213 1236 1266 ἀπὸ
1288 1213 1554 1284 στόματος
1609 1213 1876 1285 Ἱερεμίου

292 1305 421 1369 τοὺς
451 1308 508 1358 ὲν
537 1305 614 1376 τῷ
649 1303 835 1376 βιϐλίῳ
865 1304 1056 1374 λόγους
1077 1344 1092 1369 ,
1136 1305 1345 1374 ἀνέγνω
1380 1308 1489 1368 τοῖς
1520 1305 1576 1358 ὲν
1601 1307 1666 1376 τῇ
1699 1305 1876 1359 Βαϐυ-

1978 718 2140 781 pacto
2161 718 2448 780 exceptum
2495 724 2591 780 per
2624 708 2856 764 insidias
2904 708 3222 780 prophetam
3275 707 3332 765 in
3365 722 3554 763 coeno.

1982 819 2102 858 sum
2143 803 2323 856 lacum
2364 800 2720 872 projecerint,
2758 802 2904 857 unde
2930 809 3013 856 est
3059 817 3155 872 per
3186 798 3553 856 Abdemelech

1983 895 2296 967 Ethiopem
2325 903 2624 952 extractus.

2325 1116 2436 1174 Cur
2472 1116 2688 1171 Baruch
2727 1114 2920 1168 librum
2947 1113 3231 1167 inscribit?

2056 1212 2195 1280 Quia
2228 1227 2352 1283 quae
2387 1208 2694 1266 Hieremias
2719 1208 2976 1270 dictarat,
3008 1206 3066 1260 in
3107 1205 3249 1258 libro
3283 1217 3314 1257 a
3360 1218 3418 1257 se
3469 1197 3562 1258 de-

1983 1307 2194 1378 scripta
2221 1303 2462 1375 captivis
2493 1301 2637 1374 apud
2675 1299 3005 1370 Babylonem
3057 1295 3329 1361 recitavit,
3361 1306 3561 1350 conso-

293 1397 426 1451 λῶνι
459 1397 962 1468 αἰχμαλωτισθεῖσι,
1001 1396 1492 1468 παραμυθούμενος
1525 1399 1752 1462 αύτούς,
1786 1397 1881 1450 καὶ

2005 1415 2104 1455 ans
2134 1413 2232 1454 eos
2259 1403 2314 1452 et
2340 1394 2531 1450 auxilii
2562 1407 2714 1464 spem
2741 1405 2772 1444 a
2800 1389 2910 1446 Deo
2939 1389 3198 1444 nuntians

294 1490 764 1560 ἐπαγγελλόμενος
787 1489 972 1552 αὐτοῖς
995 1491 1093 1560 τὴν
1122 1489 1272 1559 παρά
1299 1488 1435 1542 Θεοῦ
1472 1488 1680 1542 ἐλπίδα.

509 1584 610 1636 Διὰ
638 1584 694 1636 τί
721 1583 921 1654 Θρῆνοι
948 1581 1257 1652 ἐπιπράρει
1288 1580 1352 1634 τὸ
1375 1582 1653 1646 βίϐλιονς

383 1674 604 1746 Ἐπειδὴ
630 1675 755 1739 τοὺς
783 1675 975 1744 λόγους
1013 1673 1234 1737 τούτους
1275 1672 1575 1744 ὲθρήνησεν
1614 1672 1879 1744 Ἱερεμίας

2177 1577 2354 1642 Quare
2393 1570 2840 1628 Lamentationes
2877 1567 3068 1622 librum
3107 1566 3390 1620 inscribit?

2061 1669 2202 1738 Quia
2235 1669 2426 1724 verbis
2455 1667 2578 1722 istis
2609 1663 3109 1734 Hierosolymorum
3156 1669 3208 1715 et
3264 1660 3446 1730 populi
3472 1659 3563 1728 qui

300 1763 552 1835 περὶτῆς
591 1765 964 1836 Ἰερουσαλὴμ,
1005 1765 1093 1817 ὅτε
1136 1764 1309 1829 ἑάλω,
1346 1765 1439 1816 καὶ
1477 1763 1881 1835 αἰχμαλωτίσθη

2005 1765 2244 1835 :aptivus
2275 1772 2396 1819 erat
2431 1759 2687 1817 miserias
2711 1759 3042 1813 lamentatus
3072 1767 3176 1812 est.

299 1857 331 1909 ὁ
351 1854 498 1920 λαός.

508 1947 612 2001 Διά
643 1949 702 2001 τί
745 1947 1029 2020 Ἐπιστολὴ
1068 1945 1328 2019 Ἰερεμίου
1359 1949 1658 2012 καλεῖται;

387 2040 606 2111 Ἐπειδὴ
662 2041 864 2111 ταύτην
924 2040 1160 2112 ἔγραψεν
1208 2041 1475 2112 Ἱερεμίας
1537 2043 1648 2104 τοῖς
1712 2042 1769 2094 ἐν
1819 2042 1884 2110 τῇ

302 2133 680 2205 αἰχμαλωσίᾳ,
719 2132 860 2187 κατά
891 2133 998 2186 τῶν
1050 2131 1283 2186 είδὼλων
1312 2133 1745 2204 ἀσφαλιζόμενος
1792 2132 1888 2185 αύ-

303 2226 464 2288 τοὺς,
519 2225 605 2278 ἵνα
642 2225 737 2297 μὴ,
781 2224 1070 2294 βλέποντες
1123 2224 1294 2290 αύτά,
1345 2224 1730 2296 συναπαχθῶσι
1778 2226 1889 2287 τοῖς

306 2333 364 2370 σε
373 2316 433 2369 ϐο
439 2317 620 2388 μένοις
652 2317 809 2370 αὐτὰ.

497 2429 838 2481 ἸΕΣΕΚΠΙᾹ
869 2425 988 2499 (sic)
1029 2426 1187 2479 ΥΙΟΣ
1228 2427 1426 2482 ΒΟΥΖΙ
1458 2427 1718 2480 ΙΕΡΕΩΣ.

380 2535 546 2602 Οὗτος
579 2541 636 2592 ὲν
660 2542 725 2610 τῇ
746 2539 1088 2610 αἰχμαλωσίᾳ
1119 2539 1308 2608 γέγονε
1340 2539 1476 2610 μετά
1511 2539 1777 2611 Ἰερεμίαν
1803 2540 1895 2592 καὶ

306 2630 385 2701 τῷ
414 2629 652 2702 πέμπτῳ
685 2630 794 2682 ἔτει
835 2631 933 2702 τῆς
958 2630 1337 2702 αἰχμαλωσίας
1389 2630 1645 2701 Ἰωακείμ
1692 2629 1896 2702 ἧρξατο

309 2721 692 2794 προφητεύειν.
749 2724 914 2791 Λόγος
939 2723 994 2776 δὲ
1026 2723 1229 2794 Κυρίου
1275 2723 1490 2792 ἐγένετο
1524 2722 1661 2795 πρὸς
1693 2725 1853 2777 αὐτόν
1877 2741 1892 2755 ·

311 2816 405 2869 καὶ
442 2816 629 2886 ὅρασιν
677 2814 1034 2886 μὲνηὲξαρχῆς
1083 2813 1222 2878 ζὼου
1256 2814 1719 2886 τετραπροσώπου
1767 2814 1894 2870 θαυ-

314 2906 523 2976 μαστὴν
573 2905 666 2957 καὶ
713 2904 1233 2976 ὲκπληκτικωτάτην
1298 2906 1394 2958 καὶ
1464 2905 1898 2976 δυσερμήνευτον

311 2997 432 3067 ὁρᾷ.
456 2996 796 3067 Προφητεύει
839 2997 895 3049 δὲ
935 2997 1026 3049 ἐπὶ
1067 2999 1183 3059 τοὺς
1213 2998 1496 3069 προφήτας
1525 2997 1620 3050 τού
1661 2997 1896 3069 Ἰσραὴλ,

2257 1930 2400 1994 ’ϐιιτ
2436 1937 2680 2008 Epistola
2710 1933 2999 1990 Hieremiae
3029 1933 3226 1986 dicitur
3247 1935 3272 1987 ?

2065 2031 2204 2099 Quia
2246 2030 2420 2102 ipsam
2461 2027 2686 2098 scripsit
2717 2024 3021 2080 Hieremias
3051 2023 3120 2078 ad
3157 2021 3432 2091 captivum
3472 2033 3569 2089 po.

1992 2126 2214 2195 pulum,
2271 2129 2331 2175 ut
2379 2117 2630 2176 eumdem
2669 2116 2934 2172 adversus
2987 2113 3134 2170 idola
3183 2114 3570 2179 conlirmaret,

1993 2236 2062 2274 ne
2109 2216 2204 2287 qui
2249 2216 2368 2286 ipsa
2415 2214 2796 2277 intuebantur,
2835 2208 2903 2264 ad
2937 2222 3127 2265 eorum
3169 2207 3412 2268 cultum,
3443 2217 3570 2258 cum

1994 2312 2062 2366 iis
2096 2324 2128 2364 a
2161 2308 2372 2379 quibus
2407 2307 2751 2368 colebantur,
2788 2308 3115 2374 raperentur

2143 2421 2483 2481 EZECHIEL
2519 2419 2679 2478 BUSI
2715 2413 3148 2475 SACERDOTIS
3182 2411 3429 2469 FILIUS.

2071 2538 2195 2593 Fuit
2249 2537 2340 2592 hic
2388 2535 2723 2606 captivitatis
2754 2541 2999 2604 tempore
3046 2538 3171 2603 post
3217 2527 3572 2596 Hieremiam,

1999 2647 2255 2702 annoque
2295 2631 2490 2700 quinto
2525 2627 2757 2684 Joacimi
2796 2625 3131 2697 captivitatis
3181 2623 3346 2692 coepit
3385 2619 3575 2676 vatici-

2001 2726 2145 2782 nari.
2183 2723 2381 2779 Factus
2409 2732 2494 2780 est
2523 2729 2705 2777 autem
2747 2735 2963 2783 sermo,
3001 2717 3142 2772 facta
3187 2716 3313 2770 item
3357 2712 3572 2767 Domini

1998 2835 2196 2874 manus
2251 2818 2316 2871 ad
2363 2831 2510 2880 cum,
2561 2813 2936 2882 visionemque
2969 2810 3123 2864 initio
3186 2804 3577 2878 quadriformis

2003 2909 2260 2964 animalis
2315 2907 2450 2962 vidit
2508 2904 2812 2960 mirabilem
2869 2901 3214 2968 maximeque
3277 2895 3578 2952 formidan-

2004 3003 2167 3066 dam,
2200 3007 2256 3056 et
2291 2997 2662 3070 explicatione
2687 2993 2982 3050 diiiicilem.
3019 2991 3365 3046 Vaticinatur
3396 2995 3576 3043 autem

313 3090 406 3140 καὶ
425 3105 490 3139 πε
501 3081 551 3158 pi.
567 3087 660 3140 τοῦ
681 3087 838 3152 ξύλου
867 3089 963 3159 τῆς
985 3088 1254 3158 ἀμπέλου,
1280 3089 1372 3141 καὶ
1388 3088 1632 3160 διήγημα
1659 3088 1895 3160 περὶτοῦ

2007 3095 2062 3149 in
2117 3093 2412 3164 prophetas
2464 3089 2667 3149 Israel.
2711 3088 2888 3157 deque
2928 3086 3078 3156 ligno
3115 3084 3263 3138 vitis.
3309 3082 3474 3136 Addit
3525 3088 3578 3135 et

313 3177 493 3239 ἀετοῦ,
525 3179 618 3230 καὶ
663 3177 1092 3248 διαμαρτύρεται
1155 3180 1212 3249 τῇ
1260 3177 1611 3250 Ἰερουσαλὴμ
1645 3177 1742 3242 τὰς
1772 3179 1896 3231 ἀνο-

316 3269 466 3340 μίας,
503 3270 595 3322 καὶ
622 3269 719 3332 τάς
752 3270 1023 3340 ἁμαρτίας
1084 3270 1286 3341 αὐτῆς·
1337 3270 1464 3340 περί
1490 3288 1550 3324 τε
1589 3271 1685 3342 τῆς
1722 3288 1900 3342 παρα-

317 3361 498 3430 ϐολῆς,
541 3358 608 3434 ἧς
650 3362 854 3428 ἔλεγον,
885 3364 934 3414 οἰ
965 3362 1196 3434 πατέρες
1239 3362 1440 3432 ἔφαγον
1460 3363 1704 3434 ὄμφακα,
1731 3365 1823 3416 καὶ
1849 3365 1898 3417 oi.

315 3454 526 3519 ὀδόντες
551 3454 658 3508 τῶν
691 3457 899 3508 τέκνων
931 3456 1261 3526 ὲμωδίασαν.
1307 3457 1414 3509 Καὶ
1443 3461 1554 3520 τοῖς
1598 3460 1733 3522 υἱοῖς
1768 3459 1901 3528 Ἀμ-

319 3545 460 3618 μὼν,
493 3547 586 3600 καὶ
627 3565 693 3600 πε
704 3548 758 3620 ρί
787 3549 886 3618 τῆς
925 3547 1132 3610 Ὀολᾶς,
1157 3547 1248 3600 καὶ
1275 3547 1381 3617 τῆς·
1413 3548 1646 3613 Ὀλιϐἄς.
1673 3551 1782 3602 Καὶ
1807 3548 1901 3602 ἐπὶ

319 3638 459 3710 Σοὺρ
484 3638 701 3710 θρῆνον,
731 3639 826 3691 καὶ
849 3640 942 3691 ἐπὶ
972 3638 1196 3704 Σιδῶνα,
1235 3640 1329 3692 καὶ
1357 3640 1483 3710 περί
1530 3640 1744 3712 ἡμέρας
1787 3642 1901 3694 Κυ-

321 3731 458 3805 ρίου,
494 3732 587 3784 καί
639 3731 714 3802 τῷ
745 3731 942 3803 Φαραὼ
977 3731 1186 3802 βασιλεί
1214 3733 1488 3801 Αἰγύπτου
1517 3773 1532 3798 ,
1582 3735 1674 3786 καὶ
1708 3733 1902 3805 θρῆνον

320 3823 411 3876 ἐπὶ
466 3822 684 3894 Φαραὼ,
723 3824 815 3877 καὶ
843 3824 940 3896 τὴν
977 3824 1269 3894 Αἴγυπτον,
1297 3825 1392 3877 καὶ
1418 3825 1511 3877 ἐπὶ
1547 3824 1672 3897 ὅρος
1703 3825 1902 3898 Σηεὶρ,

320 3916 414 3969 καὶ
435 3915 686 3986 περὶτῶν
719 3915 920 3968 ὀστέων
948 3915 1055 3968 τῶν
1077 3916 1488 3990 ἀναζησὰντων,
1519 3917 1615 3970 καὶ
1636 3917 1731 3968 ἐπὶ
1755 3916 1902 3985 Γὼγ,

319 4007 416 4059 καὶ
465 4006 562 4076 τὴν
606 4009 709 4076 γῆν
749 4007 840 4060 τοῦ
872 4007 1118 4077 Μαγώγ·
1151 4007 1228 4079 τῷ
1253 4026 1312 4061 τε
1336 4009 1555 4080 ἄρχοντι
1591 4009 1768 4081 Τύρου
1807 4011 1902 4062 καὶ

322 4097 518 4171 θρῆνον
575 4101 696 4154 κατ’
739 4099 926 4165 αὑτοῦ,
966 4103 1060 4154 καὶ
1107 4104 1218 4164 τοῖς
1266 4103 1400 4166 υἱοῖς
1431 4101 1521 4155 τοῦ
1552 4103 1681 4156 λαοῦ
1715 4101 1900 4169 αὑτοῦ,

320 4192 417 4246 καὶ
477 4192 570 4244 ἐπὶ
627 4193 752 4255 τοὺς
805 4192 1072 4263 ποιμένας
1103 4193 1194 4246 τοῦ
1233 4193 1477 4266 Ἰσραήλ’
1520 4196 1613 4249 καὶ
1638 4195 1698 4248 τὸ
1721 4195 1904 4250 τελευ-

319 4287 469 4338 ταῖον
499 4285 599 4356 τὴν
651 4285 937 4357 οἰκοδομὴν
979 4283 1075 4338 τοῦ
1104 4284 1255 4351 ναοῦ,
1291 4287 1386 4340 καὶ
1415 4285 1514 4357 τῆς
1548 4287 1904 4360 Ἰερουσαλὴμ

318 4376 638 4450 διαγράφων
664 4377 1016 4449 προφητεύει.

719 4471 822 4524 Διὰ
856 4471 912 4524 τί
940 4470 1138 4541 Δανιὴλ
1173 4469 1474 4534 καλεῖται;

406 4561 626 4633 Ἐπειδὴ
655 4563 748 4614 καὶ
778 4562 939 4624 αὐτὸς
966 4565 1023 4615 ὲν
1046 4565 1111 4632 τῇ
1139 4562 1486 4632 αἰχμαλωσίᾳ
1515 4561 1772 4633 γεγονὼς,
1801 4564 1905 4628 ἕως

321 4650 416 4702 τοῦ
446 4650 710 4720 βασιλέως
759 4650 942 4721 Κύρου
972 4649 1066 4702 τοῦ
1100 4650 1332 4721 Πέρσου,
1374 4647 1444 4702 τὰ
1479 4650 1576 4720 μὲν
1609 4649 1750 4703 κατά
1779 4651 1908 4703 Σου-

327 4741 523 4794 σάνναν
573 4743 749 4813 κρίνει
782 4741 968 4806 αὐτὸς,
1017 4743 1112 4796 καὶ
1149 4742 1465 4812 κατακρίνει
1504 4743 1631 4806 τοὺς
1670 4733 1908 4814 πρεσϐυ-

325 4834 515 4906 τέρους
545 4835 619 4898 ὡς
669 4835 1010 4903 συκοφάντας
1035 4851 1050 4866 ο
1083 4833 1151 4886 τὰ
1180 4833 1236 4886 δὲ
1273 4833 1366 4886 τού
1396 4833 1658 4903 βασιλέως
1684 4833 1908 4886 ἐνύπνια

325 4927 487 4989 αὐτὸς
538 4927 870 4994 ἀπαγγέλλει
901 4943 959 4979 τε
1003 4925 1096 4979 καὶ
1142 4924 1430 4996 ἐρμηνεύει
1455 4942 1467 4955 ’
1505 4925 1691 4996 βλέπει
1726 4925 1783 4978 δὲ
1813 4927 1908 4979 καὶ

325 5019 543 5091 ὁράσεις
573 5018 814 5082 τελείαςο
851 5019 980 5091 περὶ
1027 5019 1125 5088 μὲν
1162 5017 1271 5070 τῶν
1308 5016 1592 5086 βασιλειῶν
1635 5017 1748 5080 δύο,
1783 5019 1910 5090 περὶ

325 5112 381 5166 δὲ
429 5111 528 5181 τῆς
579 5110 673 5164 τοῦ
709 5112 962 5184 Σωτῆρος
1007 5109 1328 5182 παρουσίας,
1373 5111 1468 5164 καὶ
1513 5111 1908 5174 καταπαύσεως

327 5205 424 5274 τῆς
480 5204 853 5276 Ἰερουσαλὴμ,
906 5206 1001 5259 καὶ⁸
1036 5206 1134 5277 τῆς
1192 5205 1560 5274 ’Λντιχρίστου
1610 5203 1910 5277 παρουσίας

326 5302 438 5356 δύο.
493 5304 768 5374 Διηγεῖται
820 5301 874 5356 δὲ
906 5302 1034 5372 περὶ
1080 5301 1380 5374 μαρτυρίου
1419 5299 1646 5372 Σεδρὰχ,
1687 5299 1908 5370 Μησάχ,

340 5394 671 5463 Ἀϐδεναγὼ,
720 5395 814 5448 καὶ
854 5394 964 5447 τῶν
1011 5395 1194 5467 ὓμνων
1224 5393 1437 5448 αύτῶνο
1484 5395 1580 5447 καὶ
1637 5395 1718 5447 ὃτι
1757 5394 1910 5448 αὐτοὶ

332 5485 430 5558 μὲν
475 5487 831 5565 διεσώθησαν,
875 5489 924 5540 οί
969 5487 1025 5540 δὲ
1066 5488 1417 5550 ὑποκαίοντες
1446 5487 1910 5558 κατεφλέχθησαν,

329 5577 425 5631 καὶ
492 5578 736 5648 μετέγνω
770 5577 1052 5646 βασιλεύς·
1089 5579 1182 5631 καὶ
1229 5578 1310 5630 ὅτι
1348 5577 1512 5640 αὐτὸς
1545 5576 1798 5648 διεϐλήθη
1832 5579 1910 5641 είς

329 5669 420 5722 τὸν
444 5669 644 5723 λάκκον
661 5668 769 5723 τῶν
791 5669 1018 5723 λεόντων
1042 5686 1055 5699 °
1085 5669 1146 5722 τὸ
1177 5670 1273 5740 μὲν
1313 5668 1547 5740 πρῶτον,
1589 5667 1773 5740 ἐπειδὴ
1806 5667 1912 5721 τῶν

335 5760 686 5815 Βαϐυλωνίων
736 5759 1184 5832 προσευχομένων
1212 5759 1421 5830 Δαρείῳ
1453 5759 1529 5829 τῷ
1559 5757 1789 5829 βασιλεῖ,
1817 5759 1910 5826 μό-

2006 3186 2380 3240 narrationcm
2421 3182 2489 3238 de
2519 3181 2698 3252 aquila
2720 3221 2734 3245 ,
2765 3180 3178 3248 insectaturque
3207 3175 3360 3230 urbis
3391 3173 3578 3228 Hiero-

2008 3275 2345 3347 solymorum
2396 3272 2716 3343 iniquitates
2769 3277 2819 3324 et
2863 3275 3106 3340 peccata.
3168 3265 3404 3320 Disscrit
3444 3264 3578 3317 item

2004 3367 2072 3423 de
2135 3366 2498 3422 similitudine
2549 3379 2710 3435 quam
2774 3360 3156 3431 usurpabant,
3215 3372 3340 3412 cum
3395 3363 3582 3426 patres

2007 3475 2141 3514 suos
2173 3457 2403 3513 acerbas
2439 3471 2572 3510 uvas
2606 3453 2944 3516 comedisse,
2982 3450 3076 3506 sed
3111 3449 3306 3504 dentes
3342 3446 3447 3503 sibi
3469 3439 3582 3501 'ob-

2008 3553 2289 3624 stupuisse
2321 3553 2590 3608 dicerent.
2623 3550 2879 3621 Disputat
2906 3549 3070 3604 etiam
3101 3547 3169 3602 de
3207 3543 3341 3601 Oola
3362 3587 3375 3610 ,
3405 3543 3582 3613 deque

2008 3644 2204 3711 Oliba,
2255 3654 2309 3700 et
2355 3643 2603 3714 adjungit
2645 3641 2829 3697 ﬂeutm
2878 3643 2933 3696 in
2987 3639 3117 3704 Sur,
3175 3639 3228 3693 in
3279 3636 3580 3701 Sidonem;

2007 3737 2438 3808 disputationem
2471 3735 2538 3792 de
2567 3734 2656 3789 die
2703 3733 2950 3796 Domini,
3005 3733 3073 3788 de
3123 3731 3408 3786 Pharaone
3455 3744 3584 3799 rege

2008 3826 2271 3898 Egypti,
2335 3841 2457 3881 cum
2518 3825 2693 3894 ipsius
2750 3831 2804 3878 et
2860 3821 3009 3893 regni
3067 3819 3456 3875 lamentatione
3515 3818 3630 3882 de_

2008 3927 2193 3975 monte
2229 3917 2392 3985 Seir;
2449 3915 2516 3972 de
2571 3915 2792 3972 ossibus
2838 3929 3029 3970 eorum
3083 3913 3176 3982 qui
3227 3912 3582 3975 revixerunt;

2006 4013 2074 4067 de
2111 4011 2224 4082 Gug
2247 4051 2262 4076 ,
2303 4011 2370 4066 de
2408 4017 2557 4065 terra
2595 4007 2820 4080 Magog,
2855 4008 2922 4063 de
2953 4005 3082 4077 Tyri
3114 4005 3388 4075 principe,
3423 4018 3584 4072 quem

2007 4121 2131 4161 cum
2178 4104 2306 4161 [iliis
2358 4104 2544 4176 populi
2599 4101 2684 4158 sui
2744 4100 3096 4159 lamentatur.
3152 4095 3219 4151 de
3268 4094 3584 4166 pastoribus

2011 4197 2195 4253 Israel.
2230 4196 2576 4252 Vaticinatur
2601 4192 2838 4261 denique
2870 4190 2938 4244 de
2969 4188 3155 4260 templi
3200 4194 3255 4242 et
3299 4187 3452 4241 urbis
3502 4184 3586 4238 in-

2011 4290 2350 4345 stauratione
2380 4303 2544 4359 quam
2577 4285 2842 4356 depingit.

2453 4463 2632 4530 Quare
2666 4460 2855 4541 Daniel
2884 4469 3100 4516 vocatur
3121 4462 3146 4514 .9

2087 4559 2226 4626 Quia
2259 4567 2314 4615 et
2349 4557 2466 4628 ipse
2499 4557 2554 4610 in
2586 4553 2906 4624 captivitate
2943 4551 3045 4606 fuit
3078 4549 3145 4603 ad
3180 4549 3380 4620 Cyrum
3414 4561 3588 4618 usque

2008 4651 2299 4706 Persarum
2345 4664 2547 4719 regem.
2593 4647 2862 4702 Susanna
2897 4644 3118 4714 quidem
3149 4657 3372 4697 causam
3393 4682 3408 4705 ,
3442 4640 3591 4694 dam-

2011 4746 2158 4800 natis
2201 4744 2494 4798 calumnia:
2515 4756 2679 4813 pcena
2721 4739 3063 4801 senioribus,
3103 4735 3405 4806 judicavit:
3443 4735 3588 4804 regis

2012 4846 2198 4892 autem
2229 4839 2444 4893 somnia
2473 4835 2694 4896 retulit,
2735 4843 2792 4888 et
2840 4832 3234 4900 interpretatus
3285 4836 3390 4883 est.
3440 4825 3589 4879 Vidit

2015 4947 2181 5004 porro
2226 4930 2470 4986 visiones
2505 4929 2754 4984 eximias.
2797 4926 2872 4982 De
2917 4927 3100 4997 regnis
3142 4924 3363 4994 quidem
3409 4921 3586 4984 duas;

2013 5024 2152 5078 duas
2169 5022 2300 5078 item
2329 5022 2393 5076 de
2413 5019 2713 5075 Salvatoris
2727 5017 2986 5081 adventu,
3007 5017 3182 5086 deque
3204 5013 3590 5086 Hierosolyma:

2014 5117 2223 5187 requie.
2274 5123 2328 5171 et
2372 5114 2708 5169 Antechristi
2757 5126 3003 5167 accessu.
3057 5108 3255 5163 Narrat
3315 5113 3589 5178 praeterea

2016 5207 2344 5279 martyrium
2375 5204 2646 5278 Sydrach,
2682 5203 2886 5259 Misach
2938 5208 2992 5256 et
3023 5199 3341 5268 Abdcnago,
3377 5212 3593 5252 eorum-

2015 5314 2121 5367 que
2149 5297 2422 5352 canticum
2452 5314 2466 5349 :
2502 5301 2669 5364 utque
2697 5291 2928 5348 servatis
2955 5289 3111 5358 ipsis.
3147 5285 3448 5340 combustis
3493 5299 3590 5336 au-

2017 5401 2127 5446 tem
2189 5389 2282 5460 qui
2349 5387 2534 5458 ignem
2600 5383 3012 5443 succedebant,
3073 5394 3256 5448 regem
3316 5374 3587 5447 pmnituil.

2014 5482 2206 5536 Narrat
2253 5481 2420 5536 etiam
2469 5486 2528 5531 ut
2553 5477 2717 5532 estin
2773 5475 2988 5529 leonum
3042 5471 3217 5524 lacum
3264 5468 3589 5537 conjectus;

2017 5575 2249 5646 primum
2290 5571 2510 5643 quidem
2557 5570 2704 5640 quod
2735 5568 2956 5620 Darium
3004 5581 3184 5635 regem
3235 5560 3594 5618 adorantibus

2015 5665 2328 5736 Babyloniis
2378 5662 2668 5721 omnibus.
2725 5659 2876 5714 solus
2930 5658 3047 5728 ipse
3091 5654 3259 5710 Deum
3294 5653 3588 5716 adoraretj

2018 5757 2211 5812 deinde
2246 5773 2375 5812 vero
2409 5755 2552 5826 q'uod
2587 5755 2677 5808 Bel
2717 5759 2772 5809 et
2813 5750 3108 5806 draconem
3147 5749 3250 5804 sub
3281 5746 3422 5817 Cyro
3467 5757 3593 5815 regi.
