4096 6412
1462 365 1781 424 CANONES
1817 367 2381 430 EVANGELIORUM.

300 470 450 542 παρὰ
480 470 543 526 τὸ
573 472 811 546 καθῆκον
837 475 1110 548 λαθραίως
1133 479 1410 554 ἐπιχειρῇο
1439 485 1545 539 οιαὶ
1573 486 1711 558 αὕτη
1747 487 1805 541 δὲ
1840 491 1873 560 ή

1997 507 2082 561 ιυο
2109 493 2346 559 animus,
2375 495 2468 564 qui
2501 507 2608 550 non
2631 511 2785 567 aeque
2813 505 2896 553 est
2913 497 3140 554 all‘ectus
3166 513 3294 569 erga
3325 498 3429 554 sibi
3451 499 3546 553 be-

297 566 530 662 éxamu
569 567 826 662 διάθεσις,
873 571 948 644 μὴ
995 574 1194 644 ὁμοίως
1239 575 1579 649 διακειμένου
1629 582 1764 655 πρός
1814 600 1875 636 τε

1997 584 2229 650 nevolos,
2256 593 2420 657 atque
2449 585 2713 645 adversus
2738 605 2833 645 eos
2865 592 2960 662 qui
2989 592 3093 647 sibi
3123 606 3320 646 nocere
3343 606 3548 645 conan-

296 659 424 722 τοὺς
473 659 893 731 εὐεργετοῦντας
935 665 1030 719 καὶ
1079 667 1217 737 πρὸς
1254 670 1382 732 τοὺς
1425 669 1678 739 βλάπτειν
1712 675 1872 728 αὐτὸν

1997 691 2089 731 ειη.
2129 675 2297 748 Igitur
2349 687 2651 748 spontanea
2711 659 2971 753 magistra
3021 684 3313 754 unicuique
3364 690 3450 738 est
3478 685 3546 736 ad

299 751 745 822 ἐπιχειροῦνταςο
795 755 1108 828 αὐτομαθὴς
1149 757 1465 824 διδάσκαλος
1508 763 1712 830 γίνεται
1745 765 1873 820 ἑκά-

1974 765 2104 821 boni
2133 768 2368 838 malique
2395 768 2680 824 scientiam
2709 771 2795 827 lex
2831 783 3072 840 naturae,
3099 774 3226 828 dum
3261 781 3405 828 vetat
3443 789 3545 828 nos

303 859 417 913 στῳ
446 844 546 914 τῆς
581 845 710 916 περὶ
740 846 959 915 ἀγαθῶν
1006 848 1098 902 καὶ
1136 849 1320 904 κακῶν
1350 853 1679 924 ἐπιστήμης,
1715 856 1743 907 ὁ
1771 855 1869 926 τῆς

1997 858 2197 914 :uilibet
2227 858 2427 924 facere,
2453 860 2597 930 quod
2626 877 2728 916 nos
2754 863 2822 916 ab
2859 863 2980 919 aliis
3015 864 3125 934 pati
3148 864 3437 919 nollemus.

303 934 520 1027 φύσεως
591 936 774 1008 νόμος,
835 939 1007 994 ταῦτα
1057 959 1210 1007 τινας
1277 943 1409 1014 δρᾷν
1457 945 1664 1016 ἑτέροις
1726 947 2102 1020 ἀπαγορεύων,
2157 951 2300 1023 ἅπερ
2344 969 2428 1014 τις
2480 952 2642 1017 αὐτὸς
2687 955 2813 1024 παρ’
2881 955 3082 1027 ἐτέρων
3134 956 3234 1009 οὐκ
3264 953 3331 1008 ἂν
3373 953 3550 1008 ἕλοιτο

301 1026 517 1082 παθεῖν.

410 1120 499 1191 ιβ’.
534 1123 832 1178 Εὐσεϐίου
861 1123 932 1177 ἐκ
961 1124 1069 1178 τοῦ
1098 1132 1130 1180 ι’
1164 1123 1272 1194 τῆς
1303 1134 1355 1181 α’
1393 1128 1764 1198 Εἱσαγωγῆς.

389 1281 691 1353 Ἐνδέχεται
739 1284 854 1355 μὲν,
903 1278 948 1337 ὧ
990 1283 1220 1349 παιδίον,
1255 1284 1432 1353 λέγειν
1479 1285 1575 1358 μὲν
1607 1280 1690 1349 εὖ,
1733 1285 1872 1356 φαῦ-

303 1371 396 1432 λον
439 1374 495 1427 δὲ
541 1375 838 1447 ὑπάρχειν*
893 1375 1203 1448 πράσσοντα
1237 1376 1291 1433 δὲ
1330 1372 1412 1441 εὖ,
1474 1375 1672 1446 φαῦλον
1713 1375 1872 1441 εἶναι,

303 1464 582 1521 ἀδύνατον.

379 1564 464 1627 ιγ’.
498 1560 793 1614 Εὐσεὸιου
821 1560 888 1614 ἐκ
919 1560 1024 1614 τοῦ
1056 1569 1106 1615 α’
1137 1561 1244 1630 τῆς
1267 1568 1316 1618 α’
1333 1561 1801 1633 Ἐπιστολῆς(1).

377 1648 478 1702 Βία
513 1648 631 1720 Θεῷ
662 1651 722 1703 οὑ
757 1651 1068 1724 πρόσεστιν.

377 1803 562 1880 mlta
606 1821 836 1880 prorsus
891 1809 1153 1864 scribitur
1182 1809 1237 1880 in
1291 1810 1384 1864 illo
1409 1811 1596 1866 codice
1628 1808 1752 1866 Vat.
1796 1810 1873 1880 (p.

305 1873 410 1929 H9
435 1874 511 1941 h),
531 1873 675 1931 unde
703 1893 803 1950 nos
836 1881 1171 1950 sumpsimus
1200 1879 1409 1934 Leontii
1438 1889 1495 1950 et
1519 1880 1745 1936 Joannis
1773 1873 1875 1936 Sit-

1979 1130 2064 1189 l2.
2091 1129 2303 1186 Eusebii
2329 1146 2394 1184 ea:
2418 1130 2618 1186 decimo
2651 1130 3066 1208 Introductionis
3087 1134 3273 1190 urimte
3295 1144 3546 1208 tanquam

2606 1219 2639 1254 a
2669 1201 2908 1257 Platone.

2045 1292 2374 1364 Coutingere
2405 1303 2602 1365 potest,
2628 1311 2661 1349 ο
2691 1313 2845 1368 puer,
2879 1305 2936 1351 ut
2967 1297 3163 1367 aliquis
3191 1298 3326 1354 bene
3359 1299 3505 1354 dicat
3529 1339 3546 1366 .

1977 1401 2102 1440 cum
2131 1387 2308 1441 malus
2337 1386 2444 1451 sit;
2477 1397 2848 1443 verumtamen
2878 1389 3111 1462 aliquem
3143 1387 3281 1445 bene
3326 1389 3507 1448 facere
3529 1428 3547 1457 ,

1976 1476 2070 1547 qui
2105 1491 2307 1546 pravus
2330 1475 2421 1539 sit,
2457 1475 2811 1546 impossibile.

2091 1566 2172 1621 13.
2196 1565 2409 1620 Eusebii
2429 1582 2493 1619 ea:
2515 1566 2683 1634 primo
2711 1565 2938 1634 capitulo
2969 1564 3219 1636 Epistola:
3237 1567 3441 1634 primae.

2051 1656 2211 1712 Nulla
2247 1657 2414 1713 Deum
2445 1657 2527 1713 vis
2557 1659 2722 1728 cogit.

1980 1829 2101 1868 rum
2141 1815 2197 1868 in
2239 1814 2421 1884 plures
2457 1814 2627 1869 libros
2675 1814 3023 1880 distinctum;
3078 1831 3306 1884 quantm
3360 1816 3550 1871 saltem

1983 1885 2273 1956 nonnullas
2307 1885 2378 1956 ob
2409 1885 2773 1956 prolixitatem
2804 1886 2957 1956 (puta
2997 1886 3064 1940 de
3095 1885 3258 1941 rebus
3291 1884 3529 1956 dogmatt

304 1961 521 2026 orarum
551 1963 725 2026 rerum
746 1948 975 2026 librum,
1007 1949 1204 2026 Script.
1235 1960 1331 2006 vet.
1358 1949 1543 2026 t._V|l.
1583 1950 1761 2026 Quare
1790 1966 1876 2026 se-
1981 1954 2088 2022 cis)
2111 1948 2484 2026 intercapitéri
2513 1969 2652 2024 opus
2680 1948 2861 2012 fuerit.

304 2015 496 2086 quitur
518 2026 578 2070 ut
599 2017 978 2076 existimemus
1013 2015 1292 2077 exstitisse
1339 2021 1592 2076 volumen
1609 2015 1878 2090 epistola-

302 2206 3540 2244 Μ

996 2387 1754 2544 EUSEBII
1936 2387 2851 2546 PAMPHILI

1305 2670 1987 2754 C/‘ESABIENSIS
2057 2673 2528 2753 EPISCOPI

427 2855 686 2970 CAN
695 2862 866 2970 ON
878 2860 1030 2968 ES
1089 2864 1530 2971 DECEM
1587 2861 1897 2970 ΗΑΒ-Β

1997 2867 2304 2972 )NIZE
2363 2863 3431 3006 EVANGELIOBUM,

1335 3070 1672 3134 Prwmissa
1703 3073 1786 3134 ad
1820 3072 2206 3153 Carpianum
2241 3073 2531 3153 epistola.

1033 3231 1321 3296 (Gustum,
1356 3232 1589 3284 Veterum
1613 3233 1821 3283 Patrum
1846 3231 2096 3297 Biblioth.,
2119 3235 2182 3296 Il,
2208 3237 2318 3299 535,
2344 3241 2398 3286 et
2418 3236 2621 3300 Proleg.
2646 3250 2694 3300 p.
2717 3237 2836 3301 ur.)

1626 3470 2246 3564 MONITUM.

709 3657 817 3728 (Ea:
841 3657 1068 3714 Joannis
1102 3658 1264 3715 Millii
1293 3659 1692 3730 Prolegomenis
1725 3660 1793 3715 ad
1827 3659 2035 3717 Novum
2067 3661 2458 3718 Testamentum
2495 3661 2759 3728 Crwcum,
2791 3660 2852 3734 ες
2879 3660 3165 3736 758ι711.)

395 3949 415 3982 ι
444 3927 590 3985 Inter
619 3927 725 3982 alia
755 3927 974 3984 Eusebii
999 3943 1166 4000 opera
1195 3937 1377 3986 exstat
1409 3931 1638 4002 epistola
1669 3932 1792 4002 ejus
1818 3931 1887 3986 ad
1922 3940 1962 3996 Β
1992 3929 2406 3985 monstrandam
2472 3926 2776 3982 Diatessari
2836 3926 3001 3996 hujus
3065 3928 3453 3998 perfectionem
3511 3941 3563 3994 et

318 4022 678 4093 Carpianum,
711 4036 874 4092 quam
912 4037 1046 4078 mss.
1085 4021 1358 4092 plerisque
1389 4023 1676 4079 codicibus
1710 4025 1890 4079 Evano

319 4116 586 4190 geliorum
629 4113 904 4184 praetixam
948 4115 1132 4169 videre
1161 4122 1268 4179 est,
1311 4130 1418 4168 una
1462 4129 1584 4169 cum
1634 4115 1752 4185 ejus
1789 4114 1892 4170 Ca-

321 4221 476 4271 ηοιιε,
515 4221 676 4275 quem
712 4211 931 4268 vocant,
959 4207 1074 4260 sive
1107 4206 1281 4260 decem
1313 4206 1530 4272 tabulis,
1561 4207 1613 4260 in
1640 4223 1777 4277 quas
1807 4224 1896 4262 re-

321 4299 450 4356 tulit
496 4312 756 4352 nttmeros
799 4297 1196 4352 Ammonianos.
1245 4297 1452 4353 Horum
1502 4308 1680 4355 autem
1721 4301 1894 4356 artifi-

321 4391 494 4454 cium,
519 4405 790 4459 usumque
819 4405 980 4460 quem
1011 4388 1254 4458 praebent
1287 4389 1578 4460 insignem,
1609 4389 1662 4443 in
1699 4405 1896 4460 reprac-

323 4482 591 4537 sentanda
652 4492 886 4554 quatuor
934 4481 1344 4552 Evangeliorum
1405 4482 1725 4547 harmonia,
1783 4482 1895 4552 jam

320 4573 561 4634 breviter
595 4573 1009 4642 explicabimus.
1046 4572 1184 4626 Ante
1216 4585 1390 4626 annos
1418 4581 1636 4626 centum
1671 4571 1896 4626 Ammo-

321 4664 450 4718 nius
485 4662 909 4725 Alexandrinus,
962 4662 1222 4732 singulari
1260 4670 1377 4716 arte
1407 4672 1566 4732 atquc
1599 4663 1798 4725 studio,
1832 4678 1897 4716 ex

322 4763 564 4827 quatuor
594 4755 801 4811 nostris
835 4753 1147 4824 Evangeliis
1183 4754 1325 4808 inter
1351 4770 1411 4809 se
1449 4754 1684 4819 collatis,
1723 4755 1901 4810 conle-

324 4856 477 4904 cerat
536 4845 830 4918 ipsissimis
891 4845 1346 4915 evangelistarum
1400 4847 1581 4901 verbis
1633 4847 1898 4918 integram

324 4938 616 5012 quamdam
657 4937 941 4994 historiam
973 4937 1365 5005 evangelicam,
1402 4953 1497 4992 seu
1529 4938 1897 4994 Dialessaron.

327 5030 466 5084 Cum
490 5030 723 5098 primum
748 5040 926 5084 autem
956 5030 1097 5083 hanc
1124 5027 1464 5098 digessisset,
1492 5029 1652 5083 etiam
1683 5031 1903 5086 univer-

326 5139 447 5178 sum
499 5121 914 5192 Evangeliorum
964 5129 1171 5175 textum
1220 5118 1272 5173 in
1326 5120 1596 5177 sectiones
1634 5124 1899 5192 quasdam

324 5214 537 5278 divisit,
572 5222 626 5270 et
669 5214 817 5268 notis
861 5211 1235 5267 numeralibus
1278 5211 1526 5267 distinxit
1561 5213 1614 5267 in
1654 5216 1902 5288 margine

327 5305 415 5368 sui
467 5304 818 5374 exemplaris.
879 5302 1162 5357 Sectiones
1211 5301 1330 5357 ista
1392 5315 1501 5356 non
1554 5304 1673 5359 alia:
1722 5285 1900 5371 erant,
1930 5285 1973 5343 (ἶ

327 5414 492 5470 quam
523 5412 662 5467 quas
699 5395 968 5466 hodieque
1003 5394 1058 5449 in
1109 5397 1362 5450 codicum
1403 5405 1714 5450 nostrorum
1767 5413 1907 5452 mar-

329 5490 454 5559 gine
485 5486 732 5542 interiori
758 5485 1005 5555 adpictas
1037 5486 1287 5543 videmus
1313 5505 1326 5540 :
1352 5487 1614 5542 nimirum
1637 5487 1692 5543 in
1723 5489 1902 5544 Evan-

329 5582 470 5655 gelio
514 5578 756 5633 Matthwi
803 5578 931 5642 555,
988 5577 1166 5632 Marci
1201 5578 1329 5644 2⁸56,
1360 5578 1518 5635 Luca:
1562 5581 1688 5645 540,
1731 5581 1903 5636 Joan-

335 5673 416 5727 nis
445 5673 572 5727 232.
610 5671 935 5727 Divisioncm
963 5681 1144 5727 autem
1189 5673 1330 5727 hanc
1370 5673 1512 5728 haud
1547 5673 1654 5728 alio
1691 5673 1795 5730 tine
1829 5674 1904 5730 in-

336 5765 577 5818 stitutam
619 5763 686 5817 ab
721 5772 942 5819 auctore
991 5779 1157 5834 supra
1198 5763 1457 5832 diximus,
1505 5780 1668 5834 quam
1720 5764 1786 5820 ad
1817 5764 1903 5822 de-

1996 4023 2386 4092 integritatem.
2438 4019 2622 4089 Neque
2664 4019 2756 4072 alii
2802 4018 2896 4072 ulli
2941 4018 3119 4074 adhuc
3163 4022 3285 4076 usui
3314 4023 3562 4083 inservie-

1994 4115 2089 4170 bat
2122 4135 2135 4169 :
2164 4114 2308 4169 unde
2338 4129 2440 4169 nec
2465 4111 2726 4168 credibile
2755 4120 2860 4177 est,
2897 4127 3159 4166 numeros
3198 4114 3332 4168 istos
3371 4133 3563 4190 propa.

1997 4219 2151 4281 gatos
2183 4207 2352 4264 fuisse
2382 4209 2523 4261 ultra
2557 4206 2730 4277 ipsius
2759 4204 3031 4258 Ammonii
3059 4206 3359 4276 exemplar.

2068 4301 2181 4355 Hoc
2216 4315 2338 4354 cum
2391 4301 2446 4354 in
2491 4298 2754 4370 Caesarea:
2793 4296 3121 4351 bibliotheca
3176 4299 3349 4355 aliave
3391 4300 3566 4372 aliqua

1999 4393 2300 4464 repositum
2331 4391 2627 4462 repetisset
2658 4388 2948 4450 Eusebius,
2979 4389 3034 4442 in
3084 4398 3316 4445 mentem
3348 4394 3451 4463 ipsi
3488 4411 3561 4451 ve

1999 4487 2111 4548 nit,
2151 4483 2452 4538 harmonia:
2491 4481 2686 4550 hujus,
2722 4495 3185 4549 numerorumque
3226 4482 3566 4540 Ammoniani

2001 4573 2420 4644 Evangeliorum
2457 4569 2665 4625 codicis
2693 4584 2817 4638 ope,
2847 4567 3058 4623 institui
3095 4583 3159 4622 ac
3190 4571 3567 4638 repraasentari

2005 4680 2167 4737 posse
2213 4665 2487 4732 integrum
2555 4669 2608 4715 et
2676 4661 2976 4731 perfectum
3033 4658 3416 4726 Diatessaron,
3472 4676 3569 4713 σω-

2001 4756 2228 4827 ζομένου
2264 4755 2357 4807 xai.
2383 4753 2474 4806 τοῦ
2506 4752 2612 4806 τῶν
2633 4750 3034 4820 εὐαγγελιστῶν
3065 4751 3130 4804 δι’
3169 4751 3290 4804 ὅλου
3325 4749 3568 4822 σώματός

2001 4865 2061 4900 τε
2091 4847 2184 4902 καὶ
2213 4844 2429 4918 εἱρμοῦ,
2464 4852 2523 4900 ut
2554 4843 2774 4898 Eusebii
2806 4842 2987 4896 verbis
3029 4850 3170 4896 utar.
3199 4841 3425 4913 Nempe,
3461 4857 3558 4912 per

2003 4940 2254 4996 lustratis
2309 4939 2541 5009 singulis
2596 4936 2892 4991 harmonia:
2935 4937 3094 4990 istius
3145 4936 3412 5006 partibus,
3471 4950 3572 4990 una

2005 5050 2127 5088 cum
2163 5032 2408 5088 numeris
2435 5031 2590 5100 juxta
2622 5028 2816 5100 positis
2840 5029 2895 5082 in
2921 5028 3165 5098 margine
3193 5027 3338 5097 (nam
3365 5035 3420 5081 et
3444 5026 3572 5092 illic,

2005 5126 2210 5196 pariter
2237 5140 2301 5180 ac
2327 5125 2381 5178 in
2405 5124 2594 5177 codice
2619 5127 2741 5192 ejus
2760 5122 3076 5192 cvangelieo
3096 5127 3385 5175 annotatos
3407 5119 3572 5174 fuisse

2007 5233 2171 5290 supra
2206 5214 2593 5285 ostendimus),
2624 5214 2916 5269 constabat
2947 5228 3139 5268 omnes
3178 5212 3402 5265 omnino
3432 5210 3573 5280 peri-

2006 5321 2174 5376 c0pas
2221 5303 2519 5374 evangelici
2568 5303 2775 5358 codicis
2833 5301 2903 5356 ad
2942 5303 3130 5357 decem
3188 5298 3410 5356 ordines
3464 5299 3574 5354 sive

2007 5400 2212 5454 classes
2234 5396 2422 5452 reduci
2457 5395 2720 5466 potuisse.
2753 5392 2848 5448 Vel
2871 5394 3016 5448 enim
3045 5391 3315 5461 ejusmodi
3345 5405 3490 5462 esse,
3523 5389 3574 5443 in

2009 5491 2206 5560 quibus
2259 5503 2452 5543 omnes
2506 5495 2742 5558 quatuor
2799 5485 3150 5556 evangelista:
3205 5483 3572 5537 conveniant:

2008 5583 2094 5637 vel
2132 5597 2195 5636 ex
2230 5581 2296 5636 iis
2329 5589 2442 5636 tres
2475 5587 2718 5646 tantum;
2763 5593 2958 5648 nempe
2997 5576 3138 5632 Mat.
3171 5575 3315 5630 Mar.
3351 5574 3478 5628 Luc.
3505 5601 3570 5614 -

2007 5672 2144 5729 Mat.
2177 5673 2302 5727 Luc.
2332 5669 2730 5726 leam—Mat.
2762 5669 2933 5722 Marc.
2964 5667 3125 5723 Joan.
3153 5683 3172 5721 :
3194 5668 3276 5722 vel
3299 5666 3408 5720 duo
3431 5665 3572 5718 dun-

2002 5775 2188 5834 taxat;
2239 5765 2371 5822 Mat.
2418 5763 2546 5819 Luc.
2580 5795 2646 5805 —-
2671 5762 2806 5818 Mat.
2872 5760 3012 5816 Mar.
3039 5791 3106 5802 --—
3131 5757 3266 5817 Mat.
3311 5757 3472 5812 loan.
3501 5773 3573 5798 -
