4070 6464
594 321 738 389 £278

1284 327 1561 387 EUSEBII
1589 327 2080 389 CESARIENSIS
2116 328 2267 388 OPP.
2300 329 2481 388 PARS
2520 328 2606 387 111.
2640 361 2712 373 -
2741 327 3154 386 EXEGETICA.

3726 324 3871 382 ιετι

592 445 725 506 Luc.
755 444 1110 503 Han—Luc.
1136 444 1319 502 Jaan'.
1340 447 1448 503 :vel
1467 447 1706 519 denique
1731 447 2002 520 cujusque
2015 464 2183 506 evan-
2209 454 2254 511 Α
2284 449 2621 505 conveniunt
2653 466 2669 504 :
2694 461 2890 518 nempe
2909 444 3079 501 Marci
3107 450 3172 510 ε’,
3207 441 3373 499 Luca:
3399 447 3490 513 ιγ’,
3515 440 3751 497 Joannis
3784 447 3868 495 ιε’.

591 542 800 612 gelistte
809 554 934 597 esse
947 539 1199 612 proprias
1214 545 1268 596 et
1282 528 1610 610 pecu‘liares.
1623 540 1769 597 Istas
1783 540 1951 612 igitur
1962 542 2184 598 univer-

593 650 685 689 sas
703 632 924 688 reduxit
961 633 1028 687 ad
1059 632 1248 688 decem
1283 631 1848 705 tabulas:perieopas
1873 633 2085 689 scilicet
2125 634 2182 690 in

590 725 794 797 quibus
811 732 1049 795 quatuor
1078 724 1428 794 evangelista:
1453 724 1819 789 concordant,
1845 723 1913 780 ad
1938 725 2181 781 tabulam

591 819 824 889 primam
849 835 865 884 ;
897 819 951 871 in
970 816 1171 887 quibus
1190 815 1328 873 Mat.
1365 815 1422 871 Μ
1428 834 1510 872 ar.
1531 815 1659 871 Luc.
1679 815 1746 871 ad
1765 815 2063 872 secundam
2085 834 2101 883 ;
2124 815 2180 872 in

591 909 793 980 quibus
814 907 1009 963 Matth.
1029 908 1165 962 Luc.
1185 907 1349 963 Joan.
1373 910 1441 964 ad
1460 908 1709 974 tertiam;
1737 909 1792 963 in
1823 908 2024 979 quibus
2039 906 2177 965 Mat.

594 1000 738 1057 Mar.
754 999 918 1057 Joan.
940 1000 1008 1056 ad
1028 1010 1280 1072 quartam
1303 1019 1319 1067 ;
1337 1002 1390 1057 in
1408 1000 1611 1072 quibus
1630 999 1689 1055 Μ
1693 1010 1769 1056 at.
1785 999 1915 1054 Luc.
1932 999 1998 1054 ad
2021 1000 2181 1071 quin-

589 1104 699 1149 tam
721 1094 805 1160 ;iu
821 1093 1020 1164 quibus
1038 1092 1176 1149 Mat.
1210 1092 1268 1147 Μ
1272 1109 1353 1149 ar.
1372 1094 1438 1148 ad
1458 1100 1666 1149 sextam
1686 1110 1701 1157 ;
1721 1092 1776 1147 in
1818 1091 2020 1163 quibus
2038 1090 2177 1150 Mat.

586 1188 750 1244 Joan.
768 1189 836 1244 ad
853 1188 1139 1260 septimam
1156 1205 1169 1252 ;
1186 1191 1239 1243 in
1263 1190 1464 1260 quibus
1484 1187 1617 1243 Luc.
1637 1186 1782 1243 Mar.
1809 1188 1877 1243 ad
1890 1198 2137 1245 octavam
2160 1206 2176 1256 ;

588 1282 644 1337 in
673 1280 874 1352 quibus
904 1278 1035 1334 Luc.
1060 1279 1225 1337 Joan.
1262 1281 1328 1336 ad
1358 1296 1593 1336 nonam:
1630 1281 1872 1351 reliquas
1892 1295 2181 1352 vero,qua‘.

590 1372 790 1442 cuique
814 1373 1160 1444 evangelista:
1192 1378 1321 1427 sunt
1351 1371 1677 1442 peculiares,
1708 1370 1773 1426 ad
1801 1369 2094 1426 decimam.

661 1460 898 1533 Digestis
948 1462 1053 1519 huc
1090 1463 1252 1518 modo
1308 1463 1363 1517 in
1413 1464 1602 1517 decem
1653 1461 1876 1518 tabulas
1928 1462 2175 1519 numeris

586 1550 989 1620 Ammonianis,
1021 1572 1143 1631 mox
1174 1556 1366 1612 iisdem
1408 1554 1612 1611 sullixit
1642 1555 1698 1609 in
1727 1556 1974 1626 margine
1994 1555 2174 1611 Evan—

585 1647 852 1720 geliorum
882 1663 1044 1701 uuam
1078 1648 1316 1718 aliquam
1353 1662 1384 1703 e
1411 1646 1606 1718 primis
1643 1645 1841 1701 litteris
1876 1646 2173 1718 alphabeti,

585 1755 708 1811 quae
752 1739 1089 1810 significaret
1121 1740 1387 1802 tabulam,
1421 1738 1488 1794 ad
1533 1755 1694 1810 quam
1745 1755 2012 1797 numerus
2065 1740 2173 1797 iste

2288 541 2382 598 Sic
2415 540 2609 597 Matth.
2653 556 2711 606 ν,
2742 539 2836 604 27,
2883 540 2950 594 ad
2995 540 3125 601 ista,
3173 536 3493 600 Ἠκούσατε,
3530 535 3618 589 ὅτι
3658 534 3871 606 ἐρρέθη

2281 638 2396 700 τοῖς
2427 634 2699 708 ἀρχαίοις,
2754 633 2830 689 Οὐ
2856 630 3184 705 μοιχεύσεις,
3238 637 3485 685 notatum
3517 627 3778 683 videmus
3800 626 3870 680 ad

2282 743 2436 786 oram
2491 727 2704 784 codicis
2761 725 2861 792 λζ’,
2912 740 3037 780 cum
3079 741 3097 777 t
3150 720 3385 788 suffixo;
3428 718 3576 791 quod
3620 717 3872 775 ostendit

2287 821 2580 892 pericopen
2646 820 2810 876 istam
2867 818 2933 874 ad
2983 815 3227 873 tabulam
3285 812 3554 869 decimam
3617 810 3823 865 referri
3851 847 3870 872 ,

2282 913 2515 984 ideoque
2553 911 2830 983 peculiare
2861 906 3138 981 quoddam
3185 911 3568 977 argumentum
3599 910 3871 965 tractare,

2282 1006 2494 1061 caeteris
2528 1004 2889 1076 evangelistis
2916 1002 3207 1057 intactum.
3237 997 3425 1069 Neque
3462 1011 3595 1052 vero
3650 994 3872 1050 miran-

2281 1097 2411 1152 dum
2441 1138 2457 1164 ,
2523 1098 2570 1152 si
2621 1102 2945 1168 argumenta
3002 1093 3214 1165 singula
3273 1091 3529 1147 distincta
3596 1089 3668 1144 ad
3739 1104 3876 1145 suas

2282 1190 2500 1246 tabulas
2534 1189 2681 1245 haud
2724 1186 2997 1260 redegerit
3026 1185 3317 1242 Eusebius.
3350 1181 3538 1254 Neque
3574 1182 3731 1238 enim
3765 1180 3871 1236 hoc

2281 1282 2403 1339 siue
2456 1280 2696 1352 plurium
2757 1279 2825 1336 ad
2880 1278 3174 1351 marginem
3223 1276 3529 1333 sectionum
3582 1272 3871 1328 additione

2285 1371 2533 1445 prazstari
2567 1377 2802 1443 poterat.
2831 1367 2967 1424 lllud
3006 1369 3107 1440 ipsi
3138 1367 3351 1430 datum,
3395 1373 3457 1420 ut
3480 1363 3868 1420 Ammonianis

2279 1464 2547 1532 numeris,
2597 1462 2790 1534 quales
2839 1461 3043 1532 adpicti
3076 1458 3292 1515 fuerant
3339 1458 3405 1512 ad
3453 1472 3610 1512 oram
3652 1456 3869 1511 codicis

2277 1559 2420 1628 ejus,
2476 1556 2761 1627 adaptaret
2806 1571 2937 1611 suos
2983 1553 3267 1620 Canones;
3304 1551 3408 1606 hoc
3452 1561 3562 1616 est,
3609 1550 3670 1611 in
3718 1552 3869 1620 ipsos

2277 1653 2552 1726 digereret
2577 1651 2794 1723 singula
2826 1656 3171 1722 argumenta,
3206 1661 3328 1719 quae
3363 1645 3510 1702 notis
3541 1643 3861 1699 Ammoniac

2279 1746 2369 1801 nis
2407 1744 2671 1801 distincta
2698 1743 2921 1814 reperit,
2966 1757 3077 1798 non
3125 1739 3258 1797 item
3292 1747 3356 1795 ut
3399 1739 3535 1796 alias
3564 1747 3733 1794 notas
3763 1735 3866 1791 ad-

584 1829 729 1887 foret
757 1832 1081 1887 referendus
1109 1852 1123 1887 :
1149 1850 1183 1885 α
1219 1832 1432 1889 scilicet
1460 1833 1693 1903 primam
1729 1832 1996 1896 tabulam,
2023 1831 2053 1902 β
2079 1848 2167 1888 se-
2199 1847 2244 1903 B
2272 1838 2447 1895 deret.
2486 1859 2504 1892 ι
2540 1837 2820 1894 Hactenus
2845 1836 3069 1892 Millius.

581 1923 844 1987 cundam.
878 1940 914 1993 γ
955 1925 1193 1985 tertiam.
1245 1933 1300 1981 et
1353 1925 1435 1981 sic
1477 1924 1755 1996 deinceps.
1794 1924 1907 1980 Hoc
1943 1924 2168 1997 quidem

582 2020 744 2083 pacto
782 2014 966 2067 statim
1017 2013 1087 2068 ad
1118 2014 1339 2069 oculum
1389 2017 1821 2087 repraesentavit,
1875 2015 1931 2070 in
1966 2015 2169 2086 quibus

582 2101 720 2158 locis
761 2101 891 2169 duo,
925 2111 1059 2169 tres,
1100 2106 1187 2161 vel
1239 2115 1475 2176 quatuor
1523 2105 2062 2176 evangelistarinter
2109 2121 2169 2162 se

579 2195 1016 2263 concordarent;
1076 2198 1161 2254 vel
1204 2199 1298 2255 ubi
1356 2199 1605 2270 ipsorum
1661 2199 1862 2269 aliquis
1917 2199 2168 2269 quadam

580 2287 827 2353 haberet,
860 2304 978 2359 quae
1005 2304 1115 2344 non
1140 2300 1325 2346 essent
1364 2291 1420 2345 in
1460 2291 1683 2362 reliquis
1713 2292 1911 2348 tribus.
1947 2290 2047 2346 Ex.
2081 2306 2165 2361 gr.

578 2378 774 2435 Matth.
811 2395 896 2443 Ill,
927 2379 1017 2444 i6,
1053 2381 1122 2435 ad
1161 2382 1349 2446 verba,
1385 2382 1498 2436 Kal
1528 2381 1848 2453 βαπτισθεὶς
1881 2383 1911 2436 ὁ
1962 2380 2170 2455 Ἰησοῦς

578 2470 746 2544 ἀνέϐη
794 2470 956 2536 εὐθὺς
998 2473 1108 2526 ἀπὸ
1152 2473 1247 2528 τοῦ
1296 2474 1508 2541 ὓδατος,
1559 2476 1870 2546 appositum
1912 2474 2065 2531 vides
2110 2475 2168 2530 in

578 2564 829 2635 margine
856 2580 1145 2620 numerurm
1186 2564 1268 2630 ιδ’,
1303 2582 1427 2622 cum
1460 2585 1496 2622 α
1523 2568 1836 2638 subscripto
1863 2586 1876 2622 :
1906 2566 2052 2638 quod
2079 2567 2167 2621 in-

578 2655 729 2710 dicat
771 2657 1049 2728 pertinere
1098 2674 1390 2713 numerum
1440 2660 1604 2714 istum
1653 2659 1721 2714 ad
1767 2659 2010 2714 tabulam
2056 2659 2171 2731 pri-

576 2761 746 2803 mam.
780 2747 867 2816 Εο,
887 2756 1069 2804 autem
1103 2750 1159 2804 in
1189 2750 1292 2804 hac
1315 2751 1501 2806 tabula
1541 2752 1785 2814 invento,
1812 2751 1970 2822 juxta
2002 2766 2169 2824 appa-

577 2849 704 2896 rent
731 2840 851 2899 loca
895 2841 1233 2913 reliquorum
1264 2841 1710 2917 Evangeliorum,
1746 2861 1869 2917 quae
1888 2860 2016 2901 cum
2047 2846 2167 2918 ipso

672 2997 726 3072 ᾳ)
763 2995 925 3072 MUL,
954 2998 1093 3055 Nov.
1127 2999 1417 3072 Test._Gr..
1448 3015 1571 3072 pag.
1599 3001 1625 3072 1
1658 3016 1720 3057 se

1598 3069 1605 3076 ι

672 3017 726 3063 α)
765 3017 927 3081 anu...
954 3017 1093 3055 nov.
1127 3017 1268 3084 rest.
1298 3017 1417 3083 ψ’..
1448 3017 1571 3072 pag.
1598 3017 1625 3076 ι
1658 3017 1777 3126 seq.

577 3068 737 3193 1
770 3068 1052 3135 Martian.,
1101 3072 1234 3127 edit.
1282 3070 1509 3127 Hieron.
1551 3080 1686 3129 tom.
1757 3114 1773 3137 ,
1805 3086 1966 3145 pagg.
1998 3069 2167 3127 1429.

2344 1933 2614 1990 Caeterum
2663 1940 2779 1988 tum
2822 1930 3090 2004 epistola,
3136 1938 3252 1983 tum
3303 1926 3591 1982 Canonum
3646 1932 3866 1980 textum

2271 2024 2665 2090 Eusebianum,
2716 2040 2782 2079 ex
2814 2021 3078 2093 praeclara
3123 2019 3370 2091 ejusdem
3416 2017 3573 2073 Millii
3614 2018 3865 2073 editione

2270 2115 2409 2172 Novi
2437 2113 2772 2171 Testamenti
2810 2111 2984 2169 Graeci
3013 2110 3421 2183 desumpsimus
3442 2109 3519 2183 (ιι)
3549 2128 3564 2164 :
3591 2109 3663 2165 ad
3697 2123 3865 2181 quem

2271 2209 2399 2264 item
2448 2206 2729 2278 exegimus
2785 2205 3106 2260 eorumdcm
3165 2203 3452 2259 Canonum
3504 2202 3864 2262 versionem,

2270 2317 2435 2374 quam
2473 2301 2617 2357 inter
2665 2299 2724 2357 S.
2781 2299 3099 2372 Hieronymi
3141 2313 3308 2369 opera
3360 2296 3582 2353 edidere
3626 2294 3862 2349 Martia—

2271 2409 2424 2449 nmus
2446 2395 2521 2465 (ὑ)
2553 2400 2609 2448 et
2638 2390 2944 2447 Vallarsius
2968 2392 3039 2463 (c)
3075 2410 3087 2446 :
3124 2391 3218 2447 sed
3246 2406 3315 2446 ex
3346 2389 3641 2445 collatione
3683 2386 3862 2442 Grani

2270 2491 2456 2539 textus
2490 2482 2716 2538 Milliani
2757 2483 3042 2553 complura
3093 2481 3289 2537 menda
3340 2480 3692 2545 sustulimus,
3734 2492 3865 2549 qua

2272 2575 2326 2630 in
2353 2584 2644 2645 utramque
2665 2572 3143 2644 Hieronymianam
3167 2572 3464 2628 editionem
3489 2572 3867 2640 irrepserunt,

2272 2678 2331 2720 ut
2359 2664 2588 2720 cuilibet
2622 2663 2929 2720 attendenti
2956 2669 3296 2734 compertum
3330 2661 3440 2718 fiet.
3474 2659 3731 2716 Veterem
3764 2672 3862 2710 au-

2271 2764 2379 2811 tem
2431 2754 2685 2811 Latinam
2739 2754 2997 2826 Epistulae
3044 2753 3366 2811 Eusebiana:
3418 2757 3733 2810 versionem
3789 2762 3863 2805 ex

2270 2847 2525 2903 Fabricio
2547 2845 2625 2921 (ά)
2653 2845 3069 2917 descripsimus.

2764 2948 2769 2955 ι

2343 3005 2411 3128 (cf)
2454 3003 2720 3066 Vallars..
2742 3004 2875 3086 edit.
2898 3003 3125 3060 Hieron.
3150 3010 3286 3059 tom.
3311 3001 3383 3065 X.
3402 3016 3561 3127 pagg.
3586 2998 3863 3058 671-682.
3904 3016 3909 3019 ·

2345 3077 2359 3125 l
2408 3077 2423 3128 l
2462 3074 2654 3128 Fabr..
2686 3074 2830 3128 Bibl.
2860 3073 2955 3128 Gr.
2992 3083 3125 3128 tom.
3157 3072 3248 3128 Vl.
3279 3088 3403 3128 nae.
3433 3074 3466 3128 9
3507 3114 3524 3128 .

2345 3072 2423 3148 (ά)
2462 3074 2654 3142 Fabr.,
2686 3074 2830 3130 Bibl.
2860 3073 2955 3130 Gr.
2992 3083 3125 3130 tom.
3157 3072 3248 3140 Vl,
3278 3072 3524 3146 pag.97.‘

1309 3442 1940 3573 EUSEBII
2036 3443 3113 3575 CZESARIENSIS

1903 3696 2492 3791 EPISTOLA
2616 3808 2621 3813 .

1226 3889 1309 3950 IN
1380 3844 1991 3965 SUBéEQﬂENTES
2077 3892 2447 3954 CANONES
2535 3892 3201 3958 EVANGELIORUM.

695 4132 1069 4192 EUSEBIUS
1131 4132 1511 4191 CARPIANO
1584 4134 1860 4192 FRATRI
1947 4136 2037 4192 IN

1154 4203 1463 4261 DOMINO
1513 4205 1574 4261 S.

642 4297 963 4355 Ammonius
1012 4297 1233 4368 quidem
1271 4297 1699 4364 Alexandrinus,
1733 4315 1932 4370 magno
1968 4298 2153 4356 studio

567 4400 733 4462 atque
762 4388 1033 4444 industria
1052 4404 1222 4443 unum
1255 4387 1418 4444 nobis
1448 4403 1546 4459 pro
1579 4396 1820 4459 quatuor
1845 4388 2151 4462 Evangeliis

567 4481 881 4553 dereliquit.
955 4479 1202 4551 Namque
1247 4480 1415 4535 trium
1481 4479 1899 4553 Evangeliorum
1954 4498 2152 4540 sensus

565 4585 849 4647 exceptos,
871 4589 1064 4631 omnes
1085 4575 1294 4630 similes
1319 4581 1610 4631 contextus
1634 4575 1867 4631 Matthxi
1899 4574 2146 4648 Evange.

570 4668 643 4723 lio
674 4668 835 4739 quasi
884 4667 952 4723 ad
979 4682 1149 4721 unum
1182 4677 1497 4736 congestos,
1531 4670 1794 4724 annexuit
1821 4688 1834 4724 :
1867 4670 1941 4724 ita
1972 4678 2031 4724 ut
2056 4686 2151 4726 eo-

565 4758 840 4824 rumdem,
873 4769 1141 4830 quantum
1174 4757 1243 4813 ad
1281 4766 1529 4813 tenorem
1572 4761 1812 4830 pertinet
1867 4761 2146 4828 lectionis.

565 4869 802 4925 sequens
853 4853 968 4923 jam
1027 4854 1205 4925 stylus
1266 4853 1607 4923 interruptus
1687 4868 1811 4909 esse
1875 4853 2143 4910 videatur.

456 4969 461 4972 ’
568 4946 767 5003 Verum
811 4955 872 5002 ut
927 4946 1079 5002 salvo
1135 4959 1365 5016 corpore
1427 4944 1541 5000 sive
1601 4951 1772 5008 textu,
1821 4953 2145 5000 eaeterorum

565 5040 988 5113 Evangeliorum
1017 5038 1239 5110 propria
1271 5045 1326 5093 et
1360 5035 1655 5093 familiaria
1683 5036 1825 5100 loca,
1851 5036 1909 5090 in
1941 5035 2144 5107 quibus

562 5131 765 5188 eadem.
807 5132 1177 5199 similiterque
1221 5128 1506 5192 dixerunt,
1537 5129 1679 5185 scire
1716 5129 1899 5201 possis
1922 5144 1988 5185 ac
2018 5146 2145 5186 vere

562 5222 857 5289 disserere,
895 5229 1121 5293 accepta
1148 5222 1440 5278 occasione
1468 5236 1535 5276 ex
1582 5221 1830 5292 praedicti
1864 5219 1969 5275 viri
2019 5227 2141 5274 stu-

561 5311 676 5373 dio,
722 5313 831 5368 alia
894 5315 1108 5371 ratione
1154 5311 1343 5368 decem
1400 5327 1759 5367 numerorum
1805 5311 1903 5368 tibi
1953 5311 2144 5367 titulos

2179 4139 2229 4202 c
2259 4138 2633 4193 armato:
2696 4120 3080 4208 ΚΑΡΠΙΑΝῼ

3137 4138 3486 4223 ᾼΩΑΗΕΤῼ
3547 4150 3856 4223 “mea

2682 4209 2785 4261 ΕΝ
2812 4209 3043 4279 ΚΥΡΙῼ
3078 4210 3410 4267 ΧΑΙΡΕΙΝ.

2339 4297 2647 4372 Ἀμμώνιος
2687 4298 2788 4369 μὲν
2837 4301 2866 4353 ὁ
2915 4298 3321 4374 Ἀλεξανδρεὺς,
3356 4305 3556 4379 πολλὴν
3582 4308 3663 4374 ὡς
3694 4312 3849 4377 sub;

2253 4391 2570 4463 φιλοπονίαν
2593 4392 2689 4445 καὶ
2714 4390 2952 4465 σπουδὴν
2976 4392 3333 4465 εἰσαγηοχὼς,
3365 4396 3425 4451 τὸ
3451 4397 3539 4452 διὰ
3556 4402 3844 4474 τεσσάρων

2256 4486 2387 4557 ¹ἡμῖν
2433 4483 2826 4538 καταλέλοιπεν
2856 4485 3208 4555 Εὑαγγέλιον,
3247 4488 3325 4561 τῷ
3371 4491 3513 4545 κατὰ
3559 4493 3843 4549 Ματθαῖον

2251 4579 2350 4642 τὰς
2383 4575 2698 4648 ὁμοφώνους
2734 4576 2842 4631 τῶν
2870 4576 3073 4631 λοιπῶν
3098 4580 3497 4649 εὐαγγελιστῶν
3528 4590 3841 4658 περικοπὰς

2252 4669 2541 4743 παραθεὶς,
2574 4669 2649 4733 ὼς
2682 4670 2740 4737 ἐξ
2766 4669 3013 4742 ἀνάγκης
3044 4673 3315 4746 συμϐῆναι
3341 4675 3434 4731 τὸν
3468 4677 3570 4748 τῆς
3608 4680 3841 4734 ἀκολου-

2251 4760 2374 4825 θεας
2411 4761 2600 4834 εἱρμὸν
2646 4760 2755 4814 τῶν
2801 4762 2969 4836 τριῶν
3015 4764 3399 4838 διαφθαρῆναι,
3450 4769 3574 4823 ὅσον
3621 4772 3717 4826 ἐπὶ
3760 4773 3833 4844 τῷ

2250 4852 2374 4923 ὕφει
2417 4853 2516 4925 τῆς
2564 4853 2945 4923 ἀναγνώσεως.
2984 4856 3101 4910 ’Ἰνα
3143 4856 3198 4910 δὲ
3243 4857 3550 4931 σωζομένου
3593 4864 3689 4917 κάὶ
3734 4864 3830 4919 τοῦ

2245 4945 2355 5000 τῶν
2383 4944 2582 5000 λοιπῶν
2623 4946 2691 5000 δι’
2718 4946 2839 5000 ὅλου
2883 4946 3134 5019 σώματός
3167 4966 3227 5003 τε
3264 4952 3357 5005 καὶ
3383 4945 3599 5026 εἱρμὸὖ,
3631 4956 3833 5011 εἰδέναι

2246 5038 2390 5109 ἔχοις
2402 5039 2529 5098 τοὺς
2543 5037 2774 5103 οἰκείους
2786 5038 3016 5094 ἑκάστου
3035 5041 3420 5110 εὐαγγελιστοῦ
3437 5046 3653 5110 τόπους,
3674 5049 3733 5100 ὲν
3748 5044 3830 5112 οἷς

2245 5131 2385 5186 κατὰ
2410 5129 2518 5185 τῶν
2534 5129 2761 5204 [αὐτῶν]
2793 5131 3099 5204 ἠνέχθησαν
3115 5133 3423 5206 φιλαλήθως
3437 5138 3633 5202 εἰπεῖν,
3653 5140 3716 5193 ἐκ
3733 5140 3827 5193 τοῦ

2245 5224 2553 5295 πονήματος
2577 5222 2673 5278 τοῦ
2716 5224 3114 5296 προειρημένου
3157 5226 3349 5301 ἀνδρὸς
3376 5228 3615 5300 εἰληφὼς
3651 5231 3827 5302 ἀφορ-

2246 5315 2372 5386 μὰς,
2403 5314 2526 5368 καθ’
2559 5315 2755 5387 ἑτέραν
2788 5314 3006 5388 μέθοδον
3033 5317 3265 5383 κανόνας
3296 5319 3426 5374 δέκα
3457 5321 3548 5373 τὸν
3588 5322 3825 5394 ἀριθμὸν

562 5405 867 5477 desigumi.
901 5405 1145 5474 Quorum
1188 5410 1402 5481 primus
1443 5417 1681 5480 quatuor
1709 5408 1765 5463 in
1800 5424 1862 5465 se
1897 5408 2142 5464 continet

2268 5407 2537 5480 ῐιεχάραξά
2570 5426 2651 5462 σοι
2676 5410 2801 5474 τοὺς
2829 5410 3337 5480 ὑποτεταγμένους“
3370 5405 3446 5466 ὧν
3481 5416 3508 5468 ὀ
3542 5414 3639 5485 μὲν
3671 5416 3827 5488 πρῶ-

564 5513 841 5567 numeros,
869 5500 924 5555 iu
954 5503 1159 5573 quibus
1187 5503 1388 5559 similia
1413 5502 1482 5557 ab
1513 5502 1790 5559 universis
1814 5501 1959 5557 dicta
1986 5509 2136 5569 sunt,

2268 5516 2332 5563 ὀς
2357 5500 2600 5572 περιέχει
2630 5500 2897 5573 ἀριθμοὺς
2924 5503 2984 5556 ὲν
3012 5496 3090 5569 οἷς
3112 5502 3181 5555 τὰ
3217 5504 3573 5578 παραπλήσια
3598 5508 3822 5579 εἰρήκεῖεδ

563 5591 838 5658 Manliae,
868 5590 1072 5656 Marco,
1105 5591 1276 5660 Luca,
1304 5593 1541 5650 Joanne.
1575 5592 1887 5658 Secundus,
1923 5593 1978 5648 in
2010 5593 2135 5665 qui-

2241 5609 2327 5647 σιν
2357 5594 2406 5648 οἱ
2438 5594 2721 5663 τέσσαρες,
2751 5594 3049 5660 Ματθαῖος,
3081 5598 3326 5670 Μάρκος,
3365 5600 3602 5667 Λουκᾶς,
3642 5601 3817 5656 Ἰωάν-

563 5683 668 5741 bus
712 5692 846 5749 tres,
881 5681 1189 5751 Mattbzeus,
1248 5684 1489 5754 Marcus,
1544 5683 1741 5764 Lucas.
1796 5684 2040 5752 Tertius,
2078 5684 2135 5741 in

2268 5703 2360 5758 ιης.
2398 5686 2456 5740 '0
2490 5685 2759 5760 δεύτερος,
2789 5690 2846 5742 ἐν
2883 5679 2927 5756 ᾧ
2957 5688 3007 5741 οἱ
3032 5692 3200 5763 τρεῖς,
3235 5689 3535 5757 Ματθαῑος,
3568 5694 3817 5766 Μάρκος.

565 5778 765 5841 quibus
817 5787 951 5843 tres.
990 5778 1294 5845 Mattheus,
1323 5778 1525 5847 Lucas,
1565 5779 1823 5838 Joannes.
1869 5779 2134 5849 Quartus,

2245 5778 2478 5844 Λουκᾶς.
2511 5775 2569 5833 '0
2591 5778 2792 5850 τρίτος,
2821 5780 2879 5833 ἐν
2904 5772 2950 5848 ᾧ
2970 5779 3021 5835 οἱ
3051 5782 3223 5850 τρεῖς,
3247 5781 3544 5851 Ματθαῖος,
3577 5786 3813 5846 Λουκᾶς.
