  <div class='ocr_page' id='page_1' title='image "/cluster/home/n/w/nwhite01/storage/ocr_20150623/22/hvd.32044073501140/646.png"; bbox 0 0 4096 6412; ppageno 0'>
   <div class='ocr_carea' id='block_1_1' title="bbox 310 357 446 417">
    <p class='ocr_par' dir='ltr' id='par_1_1' title="bbox 310 357 446 417">
     <span class='ocr_line' id='line_1_1' title="bbox 310 357 446 417; baseline -0.044 0"><span class='ocrx_word' id='word_1_1' title='bbox 310 357 446 417; x_wconf 75' lang='grc' dir='ltr'>ηπ</span> 
     </span>
    </p>
   </div>
   <div class='ocr_carea' id='block_1_2' title="bbox 1452 344 2378 407">
    <p class='ocr_par' dir='ltr' id='par_1_2' title="bbox 1452 344 2378 407">
     <span class='ocr_line' id='line_1_2' title="bbox 1452 344 2378 407; baseline -0.008 0"><span class='ocrx_word' id='word_1_2' title='bbox 1452 348 1776 407; x_wconf 73' lang='lat' dir='ltr'><strong>CANONES</strong></span> <span class='ocrx_word' id='word_1_3' title='bbox 1812 344 2378 405; x_wconf 75' lang='lat' dir='ltr'><strong>EVANGELIORUM.</strong></span> 
     </span>
    </p>
   </div>
   <div class='ocr_carea' id='block_1_3' title="bbox 3415 351 3558 411">
    <p class='ocr_par' dir='ltr' id='par_1_3' title="bbox 3415 351 3558 411">
     <span class='ocr_line' id='line_1_3' title="bbox 3415 351 3558 411; baseline 0.035 -5"><span class='ocrx_word' id='word_1_4' title='bbox 3415 351 3558 411; x_wconf 75' lang='lat' dir='ltr'><strong>I273</strong></span> 
     </span>
    </p>
   </div>
   <div class='ocr_carea' id='block_1_4' title="bbox 322 447 1871 544">
    <p class='ocr_par' dir='ltr' id='par_1_4' title="bbox 322 447 1871 544">
     <span class='ocr_line' id='line_1_4' title="bbox 322 447 1871 544; baseline -0.008 -14"><span class='ocrx_word' id='word_1_5' title='bbox 322 477 586 544; x_wconf 81' lang='grc' dir='ltr'>Ἰωάννης.</span> <span class='ocrx_word' id='word_1_6' title='bbox 616 447 684 526; x_wconf 46' lang='grc' dir='ltr'><strong>’θ’</strong></span> <span class='ocrx_word' id='word_1_7' title='bbox 695 471 972 541; x_wconf 86' lang='grc' dir='ltr'>τέταρτος,</span> <span class='ocrx_word' id='word_1_8' title='bbox 1002 469 1060 521; x_wconf 79' lang='grc' dir='ltr'><strong>ὲν</strong></span> <span class='ocrx_word' id='word_1_9' title='bbox 1079 459 1124 536; x_wconf 81' lang='grc' dir='ltr'>ᾧ</span> <span class='ocrx_word' id='word_1_10' title='bbox 1141 469 1191 521; x_wconf 78' lang='grc' dir='ltr'>οἱ</span> <span class='ocrx_word' id='word_1_11' title='bbox 1216 469 1380 540; x_wconf 81' lang='grc' dir='ltr'><strong>τρεῖς,</strong></span> <span class='ocrx_word' id='word_1_12' title='bbox 1405 466 1701 531; x_wconf 87' lang='grc' dir='ltr'>Ματθαῖος,</span> <span class='ocrx_word' id='word_1_13' title='bbox 1726 465 1871 537; x_wconf 82' lang='grc' dir='ltr'><strong>Μάρ-</strong></span> 
     </span>
    </p>
   </div>
   <div class='ocr_carea' id='block_1_5' title="bbox 1973 447 3556 544">
    <p class='ocr_par' dir='ltr' id='par_1_5' title="bbox 1982 461 3556 535">
     <span class='ocr_line' id='line_1_5' title="bbox 1982 461 3556 535; baseline 0.005 -17"><span class='ocrx_word' id='word_1_14' title='bbox 1982 463 2038 518; x_wconf 93' lang='lat' dir='ltr'><strong>in</strong></span> <span class='ocrx_word' id='word_1_15' title='bbox 2059 463 2406 534; x_wconf 87' lang='lat' dir='ltr'><strong>quibustres,</strong></span> <span class='ocrx_word' id='word_1_16' title='bbox 2424 461 2734 529; x_wconf 63' lang='lat' dir='ltr'><strong>Mattheus,</strong></span> <span class='ocrx_word' id='word_1_17' title='bbox 2753 463 2991 530; x_wconf 82' lang='lat' dir='ltr'><strong>Marcus,</strong></span> <span class='ocrx_word' id='word_1_18' title='bbox 3013 462 3270 523; x_wconf 81' lang='lat' dir='ltr'><strong>Joannes.</strong></span> <span class='ocrx_word' id='word_1_19' title='bbox 3293 463 3556 535; x_wconf 77' lang='lat' dir='ltr'><strong>Quintus,</strong></span> 
     </span>
    </p>
   </div>
   <div class='ocr_carea' id='block_1_6' title="bbox 311 554 1876 635">
    <p class='ocr_par' dir='ltr' id='par_1_6' title="bbox 311 554 1876 635">
     <span class='ocr_line' id='line_1_6' title="bbox 311 554 1876 635; baseline -0.009 -12"><span class='ocrx_word' id='word_1_20' title='bbox 311 586 418 632; x_wconf 71' lang='grc' dir='ltr'>κος,</span> <span class='ocrx_word' id='word_1_21' title='bbox 459 565 730 635; x_wconf 74' lang='grc' dir='ltr'>Ἰωάννης.</span> <span class='ocrx_word' id='word_1_22' title='bbox 772 564 831 617; x_wconf 86' lang='lat'><strong>&#39;0</strong></span> <span class='ocrx_word' id='word_1_23' title='bbox 869 563 1138 633; x_wconf 82' lang='grc' dir='ltr'>πέμπτος,</span> <span class='ocrx_word' id='word_1_24' title='bbox 1172 564 1229 615; x_wconf 80' lang='grc' dir='ltr'><strong>ὲν</strong></span> <span class='ocrx_word' id='word_1_25' title='bbox 1345 562 1392 614; x_wconf 78' lang='grc' dir='ltr'>οἱ</span> <span class='ocrx_word' id='word_1_26' title='bbox 1425 559 1536 624; x_wconf 84' lang='grc' dir='ltr'>δύο,</span> <span class='ocrx_word' id='word_1_27' title='bbox 1581 557 1876 622; x_wconf 83' lang='grc' dir='ltr'>Ματθαῖος,</span> 
     </span>
    </p>
   </div>
   <div class='ocr_carea' id='block_1_7' title="bbox 307 648 1874 722">
    <p class='ocr_par' dir='ltr' id='par_1_7' title="bbox 307 648 1874 722">
     <span class='ocr_line' id='line_1_7' title="bbox 307 648 1874 722; baseline -0.004 -9"><span class='ocrx_word' id='word_1_28' title='bbox 307 661 538 721; x_wconf 79' lang='grc' dir='ltr'>Λουκᾶς.</span> <span class='ocrx_word' id='word_1_29' title='bbox 577 657 634 710; x_wconf 86' lang='grc'><strong>’0</strong></span> <span class='ocrx_word' id='word_1_30' title='bbox 665 656 846 720; x_wconf 68' lang='grc' dir='ltr'>ἕκτος,</span> <span class='ocrx_word' id='word_1_31' title='bbox 876 655 934 708; x_wconf 74' lang='grc' dir='ltr'><strong>ἐν</strong></span> <span class='ocrx_word' id='word_1_32' title='bbox 980 648 1024 722; x_wconf 82' lang='grc' dir='ltr'>ᾧ</span> <span class='ocrx_word' id='word_1_33' title='bbox 1053 655 1102 707; x_wconf 83' lang='lat' dir='ltr'><strong>oi</strong></span> <span class='ocrx_word' id='word_1_34' title='bbox 1145 654 1257 717; x_wconf 84' lang='grc' dir='ltr'>δύο,</span> <span class='ocrx_word' id='word_1_35' title='bbox 1292 652 1588 714; x_wconf 83' lang='grc' dir='ltr'>Ματθαῖος,</span> <span class='ocrx_word' id='word_1_36' title='bbox 1629 649 1874 722; x_wconf 81' lang='grc' dir='ltr'>Μάρκος.</span> 
     </span>
    </p>
   </div>
   <div class='ocr_carea' id='block_1_8' title="bbox 317 740 1878 820">
    <p class='ocr_par' dir='ltr' id='par_1_8' title="bbox 317 740 1878 820">
     <span class='ocr_line' id='line_1_8' title="bbox 317 740 1878 820; baseline -0.005 -17"><span class='ocrx_word' id='word_1_37' title='bbox 317 751 374 804; x_wconf 82' lang='lat'><strong>&#39;0</strong></span> <span class='ocrx_word' id='word_1_38' title='bbox 417 749 664 820; x_wconf 71' lang='grc' dir='ltr'>ἕϐδομος,</span> <span class='ocrx_word' id='word_1_39' title='bbox 712 749 770 800; x_wconf 81' lang='grc' dir='ltr'><strong>ὲν</strong></span> <span class='ocrx_word' id='word_1_40' title='bbox 901 747 951 798; x_wconf 79' lang='grc' dir='ltr'><strong>οἱ</strong></span> <span class='ocrx_word' id='word_1_41' title='bbox 1001 744 1113 807; x_wconf 77' lang='grc' dir='ltr'>δύο,</span> <span class='ocrx_word' id='word_1_42' title='bbox 1162 744 1458 807; x_wconf 84' lang='grc' dir='ltr'>Ματθαῖος,</span> <span class='ocrx_word' id='word_1_43' title='bbox 1501 742 1772 812; x_wconf 81' lang='grc' dir='ltr'>Ἰωάννης.</span> <span class='ocrx_word' id='word_1_44' title='bbox 1821 742 1878 795; x_wconf 87' lang='grc'><strong>’0</strong></span> 
     </span>
    </p>
   </div>
   <div class='ocr_carea' id='block_1_9' title="bbox 303 833 1878 910">
    <p class='ocr_par' dir='ltr' id='par_1_9' title="bbox 303 833 1878 910">
     <span class='ocr_line' id='line_1_9' title="bbox 303 833 1878 910; baseline -0.005 -16"><span class='ocrx_word' id='word_1_45' title='bbox 303 841 503 910; x_wconf 73' lang='grc' dir='ltr'>ὄγδοος,</span> <span class='ocrx_word' id='word_1_46' title='bbox 530 842 587 893; x_wconf 86' lang='grc' dir='ltr'><strong>ὲν</strong></span> <span class='ocrx_word' id='word_1_47' title='bbox 616 833 660 908; x_wconf 80' lang='grc' dir='ltr'>ᾧ</span> <span class='ocrx_word' id='word_1_48' title='bbox 687 842 734 893; x_wconf 88' lang='grc' dir='ltr'>οἱ</span> <span class='ocrx_word' id='word_1_49' title='bbox 767 840 881 904; x_wconf 76' lang='grc' dir='ltr'>δύο,</span> <span class='ocrx_word' id='word_1_50' title='bbox 915 839 1159 909; x_wconf 76' lang='grc' dir='ltr'>Μάρκος,</span> <span class='ocrx_word' id='word_1_51' title='bbox 1183 838 1417 899; x_wconf 76' lang='grc' dir='ltr'>Λουκᾶς.</span> <span class='ocrx_word' id='word_1_52' title='bbox 1460 837 1517 888; x_wconf 87' lang='lat'><strong>&#39;0</strong></span> <span class='ocrx_word' id='word_1_53' title='bbox 1553 834 1791 898; x_wconf 78' lang='grc' dir='ltr'>ἔννατος,</span> <span class='ocrx_word' id='word_1_54' title='bbox 1821 835 1878 887; x_wconf 78' lang='grc' dir='ltr'><strong>ὲν</strong></span> 
     </span>
    </p>
   </div>
   <div class='ocr_carea' id='block_1_10' title="bbox 302 921 1877 1002">
    <p class='ocr_par' dir='ltr' id='par_1_10' title="bbox 302 921 1877 1002">
     <span class='ocr_line' id='line_1_10' title="bbox 302 921 1877 1002; baseline -0.005 -16"><span class='ocrx_word' id='word_1_55' title='bbox 302 927 344 1001; x_wconf 83' lang='grc' dir='ltr'>ᾧ</span> <span class='ocrx_word' id='word_1_56' title='bbox 370 934 418 986; x_wconf 81' lang='grc' dir='ltr'>οἱ</span> <span class='ocrx_word' id='word_1_57' title='bbox 446 933 558 997; x_wconf 75' lang='grc' dir='ltr'>δύο,</span> <span class='ocrx_word' id='word_1_58' title='bbox 599 934 835 998; x_wconf 79' lang='grc' dir='ltr'><strong>Λουκᾶς,</strong></span> <span class='ocrx_word' id='word_1_59' title='bbox 880 931 1153 1002; x_wconf 84' lang='grc' dir='ltr'><strong>Ἰωάννης.</strong></span> <span class='ocrx_word' id='word_1_60' title='bbox 1190 931 1249 983; x_wconf 92' lang='lat'><strong>&#39;0</strong></span> <span class='ocrx_word' id='word_1_61' title='bbox 1277 929 1519 991; x_wconf 84' lang='grc' dir='ltr'>δέκατος.</span> <span class='ocrx_word' id='word_1_62' title='bbox 1564 928 1622 980; x_wconf 81' lang='grc' dir='ltr'><strong>ὲν</strong></span> <span class='ocrx_word' id='word_1_63' title='bbox 1665 921 1877 1002; x_wconf 78' lang='grc' dir='ltr'>ᾧπερὶ</span> 
     </span>
    </p>
   </div>
   <div class='ocr_carea' id='block_1_11' title="bbox 299 999 1876 1094">
    <p class='ocr_par' dir='ltr' id='par_1_11' title="bbox 299 999 1876 1094">
     <span class='ocr_line' id='line_1_11' title="bbox 299 999 1876 1094; baseline -0.003 -19"><span class='ocrx_word' id='word_1_64' title='bbox 299 1024 458 1076; x_wconf 79' lang='grc' dir='ltr'>τίνων</span> <span class='ocrx_word' id='word_1_65' title='bbox 486 1023 716 1086; x_wconf 75' lang='grc' dir='ltr'>ἕκαστος</span> <span class='ocrx_word' id='word_1_66' title='bbox 740 1022 920 1078; x_wconf 84' lang='grc' dir='ltr'>αὑτῶν</span> <span class='ocrx_word' id='word_1_67' title='bbox 955 1023 1100 1086; x_wconf 73' lang='grc' dir='ltr'>ἰδίως</span> <span class='ocrx_word' id='word_1_68' title='bbox 1124 1021 1448 1094; x_wconf 66' lang='grc' dir='ltr'>ἀνέγραψεν.</span> <span class='ocrx_word' id='word_1_69' title='bbox 1475 1019 1622 1090; x_wconf 79' lang='grc' dir='ltr'>Αὑτη</span> <span class='ocrx_word' id='word_1_70' title='bbox 1655 999 1752 1088; x_wconf 63' lang='grc' dir='ltr'>μέν</span> <span class='ocrx_word' id='word_1_71' title='bbox 1784 1013 1876 1071; x_wconf 77' lang='grc' dir='ltr'>οὖν</span> 
     </span>
    </p>
   </div>
   <div class='ocr_carea' id='block_1_12' title="bbox 300 1110 1877 1184">
    <p class='ocr_par' dir='ltr' id='par_1_12' title="bbox 300 1110 1877 1184">
     <span class='ocr_line' id='line_1_12' title="bbox 300 1110 1877 1184; baseline -0.003 -18"><span class='ocrx_word' id='word_1_72' title='bbox 300 1113 467 1184; x_wconf 80' lang='grc' dir='ltr'>ἡτῶν</span> <span class='ocrx_word' id='word_1_73' title='bbox 505 1114 964 1184; x_wconf 77' lang='grc' dir='ltr'><strong>ὑποτεταγμένων</strong></span> <span class='ocrx_word' id='word_1_74' title='bbox 1008 1113 1246 1166; x_wconf 76' lang='grc' dir='ltr'><strong>κανόνων</strong></span> <span class='ocrx_word' id='word_1_75' title='bbox 1289 1111 1576 1174; x_wconf 84' lang='grc' dir='ltr'>ὑπόθεσις·</span> <span class='ocrx_word' id='word_1_76' title='bbox 1613 1112 1646 1180; x_wconf 83' lang='grc' dir='ltr'>ὴ</span> <span class='ocrx_word' id='word_1_77' title='bbox 1685 1110 1740 1162; x_wconf 83' lang='grc' dir='ltr'>δὲ</span> <span class='ocrx_word' id='word_1_78' title='bbox 1781 1125 1877 1161; x_wconf 66' lang='grc' dir='ltr'>σαν</span> 
     </span>
    </p>
   </div>
   <div class='ocr_carea' id='block_1_13' title="bbox 297 1199 1876 1276">
    <p class='ocr_par' dir='ltr' id='par_1_13' title="bbox 297 1199 1876 1276">
     <span class='ocr_line' id='line_1_13' title="bbox 297 1199 1876 1276; baseline -0.004 -18"><span class='ocrx_word' id='word_1_79' title='bbox 297 1205 403 1276; x_wconf 78' lang='grc' dir='ltr'><strong>φὴς</strong></span> <span class='ocrx_word' id='word_1_80' title='bbox 443 1204 622 1257; x_wconf 83' lang='grc' dir='ltr'>αὑτῶν</span> <span class='ocrx_word' id='word_1_81' title='bbox 666 1205 940 1275; x_wconf 78' lang='grc' dir='ltr'><strong>διήγησις,</strong></span> <span class='ocrx_word' id='word_1_82' title='bbox 983 1203 1130 1256; x_wconf 78' lang='grc' dir='ltr'>ἐστιν</span> <span class='ocrx_word' id='word_1_83' title='bbox 1174 1203 1286 1272; x_wconf 72' lang='grc' dir='ltr'>ἣδε.</span> <span class='ocrx_word' id='word_1_84' title='bbox 1328 1203 1441 1272; x_wconf 73' lang='grc' dir='ltr'><strong>Ἐφ’</strong></span> <span class='ocrx_word' id='word_1_85' title='bbox 1508 1203 1722 1272; x_wconf 79' lang='grc' dir='ltr'><strong>ἑκάστῳ</strong></span> <span class='ocrx_word' id='word_1_86' title='bbox 1769 1199 1876 1252; x_wconf 78' lang='grc' dir='ltr'>τῶν</span> 
     </span>
    </p>
   </div>
   <div class='ocr_carea' id='block_1_14' title="bbox 293 1292 1876 1370">
    <p class='ocr_par' dir='ltr' id='par_1_14' title="bbox 293 1292 1876 1370">
     <span class='ocr_line' id='line_1_14' title="bbox 293 1292 1876 1370; baseline -0.004 -19"><span class='ocrx_word' id='word_1_87' title='bbox 293 1297 574 1370; x_wconf 72' lang='grc' dir='ltr'><strong>τεσσάρων</strong></span> <span class='ocrx_word' id='word_1_88' title='bbox 616 1296 960 1365; x_wconf 83' lang='grc' dir='ltr'>Εὑαγγελίων</span> <span class='ocrx_word' id='word_1_89' title='bbox 1003 1295 1234 1367; x_wconf 85' lang='grc' dir='ltr'>ἀριθμός</span> <span class='ocrx_word' id='word_1_90' title='bbox 1281 1311 1364 1358; x_wconf 91' lang='grc' dir='ltr'><strong>τις</strong></span> <span class='ocrx_word' id='word_1_91' title='bbox 1406 1294 1690 1366; x_wconf 88' lang='grc' dir='ltr'>πρόκειται</span> <span class='ocrx_word' id='word_1_92' title='bbox 1737 1292 1876 1346; x_wconf 73' lang='grc' dir='ltr'>κατὰ</span> 
     </span>
    </p>
   </div>
   <div class='ocr_carea' id='block_1_15' title="bbox 295 1381 1873 1462">
    <p class='ocr_par' dir='ltr' id='par_1_15' title="bbox 295 1381 1873 1462">
     <span class='ocr_line' id='line_1_15' title="bbox 295 1381 1873 1462; baseline -0.004 -20"><span class='ocrx_word' id='word_1_93' title='bbox 295 1389 486 1462; x_wconf 82' lang='grc' dir='ltr'><strong>μέρος,</strong></span> <span class='ocrx_word' id='word_1_94' title='bbox 533 1389 832 1461; x_wconf 75' lang='grc' dir='ltr'><strong>ἀρχόμενος</strong></span> <span class='ocrx_word' id='word_1_95' title='bbox 881 1387 988 1442; x_wconf 83' lang='grc' dir='ltr'><strong>ἀπὸ</strong></span> <span class='ocrx_word' id='word_1_96' title='bbox 1029 1387 1125 1440; x_wconf 80' lang='grc' dir='ltr'>τοῦ</span> <span class='ocrx_word' id='word_1_97' title='bbox 1173 1385 1410 1457; x_wconf 84' lang='grc' dir='ltr'>πρώτου,</span> <span class='ocrx_word' id='word_1_98' title='bbox 1452 1381 1570 1438; x_wconf 78' lang='grc' dir='ltr'>εἶτα</span> <span class='ocrx_word' id='word_1_99' title='bbox 1600 1385 1873 1456; x_wconf 81' lang='grc' dir='ltr'><strong>δευτέρου,</strong></span> 
     </span>
    </p>
   </div>
   <div class='ocr_carea' id='block_1_16' title="bbox 292 1473 1873 1550">
    <p class='ocr_par' dir='ltr' id='par_1_16' title="bbox 292 1473 1873 1550">
     <span class='ocr_line' id='line_1_16' title="bbox 292 1473 1873 1550; baseline -0.005 -16"><span class='ocrx_word' id='word_1_100' title='bbox 292 1480 386 1534; x_wconf 64' lang='grc' dir='ltr'><strong>καλ⁵</strong></span> <span class='ocrx_word' id='word_1_101' title='bbox 428 1481 633 1550; x_wconf 81' lang='grc' dir='ltr'>τρίτου,</span> <span class='ocrx_word' id='word_1_102' title='bbox 677 1481 770 1534; x_wconf 74' lang='grc' dir='ltr'><strong>καὶ</strong></span> <span class='ocrx_word' id='word_1_103' title='bbox 803 1478 1038 1549; x_wconf 78' lang='grc' dir='ltr'>καθεξῆς</span> <span class='ocrx_word' id='word_1_104' title='bbox 1079 1476 1281 1546; x_wconf 84' lang='grc' dir='ltr'>προῖὼν</span> <span class='ocrx_word' id='word_1_105' title='bbox 1321 1477 1390 1530; x_wconf 83' lang='grc' dir='ltr'>δι’</span> <span class='ocrx_word' id='word_1_106' title='bbox 1420 1477 1542 1530; x_wconf 82' lang='grc' dir='ltr'>ὅλου</span> <span class='ocrx_word' id='word_1_107' title='bbox 1583 1477 1742 1548; x_wconf 86' lang='grc' dir='ltr'>μέχρι</span> <span class='ocrx_word' id='word_1_108' title='bbox 1781 1473 1873 1528; x_wconf 80' lang='grc' dir='ltr'>τοῦ</span> 
     </span>
    </p>
   </div>
   <div class='ocr_carea' id='block_1_17' title="bbox 289 1567 1874 1641">
    <p class='ocr_par' dir='ltr' id='par_1_17' title="bbox 289 1567 1874 1641">
     <span class='ocr_line' id='line_1_17' title="bbox 289 1567 1874 1641; baseline -0.003 -17"><span class='ocrx_word' id='word_1_109' title='bbox 289 1571 477 1634; x_wconf 77' lang='grc' dir='ltr'>τέλους</span> <span class='ocrx_word' id='word_1_110' title='bbox 507 1571 601 1624; x_wconf 76' lang='grc' dir='ltr'>τοῦ</span> <span class='ocrx_word' id='word_1_111' title='bbox 631 1570 856 1641; x_wconf 76' lang='grc' dir='ltr'>βιϐλίου.</span> <span class='ocrx_word' id='word_1_112' title='bbox 886 1570 1021 1623; x_wconf 79' lang='grc' dir='ltr'>Καθ’</span> <span class='ocrx_word' id='word_1_113' title='bbox 1047 1571 1276 1623; x_wconf 77' lang='grc' dir='ltr'>ἕκαστον</span> <span class='ocrx_word' id='word_1_114' title='bbox 1301 1569 1358 1622; x_wconf 78' lang='grc' dir='ltr'>δὲ</span> <span class='ocrx_word' id='word_1_115' title='bbox 1393 1567 1626 1640; x_wconf 80' lang='grc' dir='ltr'>ἀριθμὸν</span> <span class='ocrx_word' id='word_1_116' title='bbox 1665 1567 1874 1636; x_wconf 74' lang='grc' dir='ltr'>ὑποση-</span> 
     </span>
    </p>
   </div>
   <div class='ocr_carea' id='block_1_18' title="bbox 293 1656 1874 1734">
    <p class='ocr_par' dir='ltr' id='par_1_18' title="bbox 293 1656 1874 1734">
     <span class='ocr_line' id='line_1_18' title="bbox 293 1656 1874 1734; baseline -0.002 -19"><span class='ocrx_word' id='word_1_117' title='bbox 293 1663 519 1734; x_wconf 79' lang='grc' dir='ltr'>μείωσις</span> <span class='ocrx_word' id='word_1_118' title='bbox 545 1656 633 1716; x_wconf 70' lang='grc' dir='ltr'><strong>διὰ</strong></span> <span class='ocrx_word' id='word_1_119' title='bbox 657 1661 1027 1733; x_wconf 83' lang='grc' dir='ltr'>κινναϐάρεως</span> <span class='ocrx_word' id='word_1_120' title='bbox 1054 1661 1359 1733; x_wconf 81' lang='grc' dir='ltr'>πρόκειται,</span> <span class='ocrx_word' id='word_1_121' title='bbox 1389 1659 1623 1731; x_wconf 73' lang='grc' dir='ltr'>δηλοῦσα</span> <span class='ocrx_word' id='word_1_122' title='bbox 1654 1659 1711 1711; x_wconf 85' lang='grc' dir='ltr'>ὲν</span> <span class='ocrx_word' id='word_1_123' title='bbox 1737 1658 1874 1712; x_wconf 83' lang='grc' dir='ltr'>ποίω</span> 
     </span>
    </p>
   </div>
   <div class='ocr_carea' id='block_1_19' title="bbox 286 1744 1873 1824">
    <p class='ocr_par' dir='ltr' id='par_1_19' title="bbox 286 1744 1873 1824">
     <span class='ocr_line' id='line_1_19' title="bbox 286 1744 1873 1824; baseline -0.004 -18"><span class='ocrx_word' id='word_1_124' title='bbox 286 1753 399 1806; x_wconf 84' lang='grc' dir='ltr'>τῶν</span> <span class='ocrx_word' id='word_1_125' title='bbox 423 1754 557 1808; x_wconf 85' lang='grc' dir='ltr'><strong>δέκα</strong></span> <span class='ocrx_word' id='word_1_126' title='bbox 589 1755 826 1807; x_wconf 85' lang='grc' dir='ltr'>κανόνων</span> <span class='ocrx_word' id='word_1_127' title='bbox 852 1770 1103 1824; x_wconf 84' lang='grc' dir='ltr'>κειμενος</span> <span class='ocrx_word' id='word_1_128' title='bbox 1130 1755 1158 1806; x_wconf 87' lang='grc' dir='ltr'>ὁ</span> <span class='ocrx_word' id='word_1_129' title='bbox 1179 1752 1410 1824; x_wconf 79' lang='grc' dir='ltr'>ἀριθμὸς</span> <span class='ocrx_word' id='word_1_130' title='bbox 1440 1752 1718 1821; x_wconf 74' lang='grc' dir='ltr'>τυγχάνει.</span> <span class='ocrx_word' id='word_1_131' title='bbox 1748 1744 1873 1802; x_wconf 79' lang='grc' dir='ltr'><strong>Οἷον</strong></span> 
     </span>
    </p>
   </div>
   <div class='ocr_carea' id='block_1_20' title="bbox 1983 555 3556 630">
    <p class='ocr_par' dir='ltr' id='par_1_20' title="bbox 1983 555 3556 630">
     <span class='ocr_line' id='line_1_20' title="bbox 1983 555 3556 630; baseline 0.003 -19"><span class='ocrx_word' id='word_1_132' title='bbox 1983 558 2038 612; x_wconf 92' lang='lat' dir='ltr'><strong>in</strong></span> <span class='ocrx_word' id='word_1_133' title='bbox 2067 556 2270 627; x_wconf 89' lang='lat' dir='ltr'><strong>quibus</strong></span> <span class='ocrx_word' id='word_1_134' title='bbox 2295 555 2425 622; x_wconf 89' lang='lat' dir='ltr'><strong>duo,</strong></span> <span class='ocrx_word' id='word_1_135' title='bbox 2459 555 2767 625; x_wconf 70' lang='lat' dir='ltr'><strong>Matthaeus,</strong></span> <span class='ocrx_word' id='word_1_136' title='bbox 2795 556 2994 614; x_wconf 91' lang='lat' dir='ltr'><strong>Lucas.</strong></span> <span class='ocrx_word' id='word_1_137' title='bbox 3019 557 3237 623; x_wconf 79' lang='lat' dir='ltr'><strong>Sextus,</strong></span> <span class='ocrx_word' id='word_1_138' title='bbox 3270 559 3325 613; x_wconf 95' lang='lat' dir='ltr'><strong>in</strong></span> <span class='ocrx_word' id='word_1_139' title='bbox 3354 559 3556 630; x_wconf 84' lang='lat' dir='ltr'><strong>quibus</strong></span> 
     </span>
    </p>
   </div>
   <div class='ocr_carea' id='block_1_21' title="bbox 1982 647 3551 720">
    <p class='ocr_par' dir='ltr' id='par_1_21' title="bbox 1982 647 3551 720">
     <span class='ocr_line' id='line_1_21' title="bbox 1982 647 3551 720; baseline 0.001 -17"><span class='ocrx_word' id='word_1_140' title='bbox 1982 647 2112 711; x_wconf 89' lang='lat' dir='ltr'><strong>duo,</strong></span> <span class='ocrx_word' id='word_1_141' title='bbox 2148 647 2457 714; x_wconf 72' lang='lat' dir='ltr'><strong>Mattliaeus,</strong></span> <span class='ocrx_word' id='word_1_142' title='bbox 2491 647 2728 704; x_wconf 82' lang='lat' dir='ltr'><strong>Marcus.</strong></span> <span class='ocrx_word' id='word_1_143' title='bbox 2775 647 3075 720; x_wconf 84' lang='lat' dir='ltr'><strong>Septimus,</strong></span> <span class='ocrx_word' id='word_1_144' title='bbox 3107 651 3161 704; x_wconf 93' lang='lat' dir='ltr'><strong>in</strong></span> <span class='ocrx_word' id='word_1_145' title='bbox 3195 650 3394 720; x_wconf 87' lang='lat' dir='ltr'><strong>quibus</strong></span> <span class='ocrx_word' id='word_1_146' title='bbox 3419 650 3551 716; x_wconf 79' lang='lat' dir='ltr'><strong>(luo.</strong></span> 
     </span>
    </p>
   </div>
   <div class='ocr_carea' id='block_1_22' title="bbox 1981 738 3554 810">
    <p class='ocr_par' dir='ltr' id='par_1_22' title="bbox 1981 738 3554 810">
     <span class='ocr_line' id='line_1_22' title="bbox 1981 738 3554 810; baseline 0.003 -18"><span class='ocrx_word' id='word_1_147' title='bbox 1981 738 2290 806; x_wconf 76' lang='lat' dir='ltr'><strong>Matthaeus,</strong></span> <span class='ocrx_word' id='word_1_148' title='bbox 2318 738 2581 794; x_wconf 80' lang='lat' dir='ltr'><strong>Joannes.</strong></span> <span class='ocrx_word' id='word_1_149' title='bbox 2617 738 2878 805; x_wconf 82' lang='lat' dir='ltr'><strong>Octavus.</strong></span> <span class='ocrx_word' id='word_1_150' title='bbox 2920 742 2974 796; x_wconf 91' lang='lat' dir='ltr'><strong>in</strong></span> <span class='ocrx_word' id='word_1_151' title='bbox 3015 743 3214 810; x_wconf 84' lang='lat' dir='ltr'><strong>quibus</strong></span> <span class='ocrx_word' id='word_1_152' title='bbox 3248 742 3380 805; x_wconf 88' lang='lat' dir='ltr'><strong>duo,</strong></span> <span class='ocrx_word' id='word_1_153' title='bbox 3411 742 3554 797; x_wconf 80' lang='lat' dir='ltr'><strong>Mar-</strong></span> 
     </span>
    </p>
   </div>
   <div class='ocr_carea' id='block_1_23' title="bbox 1980 830 3548 903">
    <p class='ocr_par' dir='ltr' id='par_1_23' title="bbox 1980 830 3548 903">
     <span class='ocr_line' id='line_1_23' title="bbox 1980 830 3548 903; baseline 0.003 -18"><span class='ocrx_word' id='word_1_154' title='bbox 1980 848 2102 895; x_wconf 89' lang='lat' dir='ltr'><strong>cus,</strong></span> <span class='ocrx_word' id='word_1_155' title='bbox 2134 830 2334 888; x_wconf 87' lang='lat' dir='ltr'><strong>Lucas.</strong></span> <span class='ocrx_word' id='word_1_156' title='bbox 2361 831 2570 895; x_wconf 86' lang='lat' dir='ltr'><strong>Nonus,</strong></span> <span class='ocrx_word' id='word_1_157' title='bbox 2595 832 2649 886; x_wconf 93' lang='lat' dir='ltr'><strong>in</strong></span> <span class='ocrx_word' id='word_1_158' title='bbox 2683 833 2886 903; x_wconf 88' lang='lat' dir='ltr'><strong>quibus</strong></span> <span class='ocrx_word' id='word_1_159' title='bbox 2915 833 3043 899; x_wconf 87' lang='lat' dir='ltr'><strong>duo,</strong></span> <span class='ocrx_word' id='word_1_160' title='bbox 3061 833 3258 898; x_wconf 86' lang='lat' dir='ltr'><strong>Lucas,</strong></span> <span class='ocrx_word' id='word_1_161' title='bbox 3289 833 3548 890; x_wconf 81' lang='lat' dir='ltr'><strong>Joannes.</strong></span> 
     </span>
    </p>
   </div>
   <div class='ocr_carea' id='block_1_24' title="bbox 1980 923 3554 997">
    <p class='ocr_par' dir='ltr' id='par_1_24' title="bbox 1980 923 3554 997">
     <span class='ocr_line' id='line_1_24' title="bbox 1980 923 3554 997; baseline 0.005 -21"><span class='ocrx_word' id='word_1_162' title='bbox 1980 923 2256 990; x_wconf 87' lang='lat' dir='ltr'><strong>Decimus,</strong></span> <span class='ocrx_word' id='word_1_163' title='bbox 2283 925 2337 978; x_wconf 92' lang='lat' dir='ltr'><strong>in</strong></span> <span class='ocrx_word' id='word_1_164' title='bbox 2385 925 2583 994; x_wconf 88' lang='lat' dir='ltr'><strong>quibus</strong></span> <span class='ocrx_word' id='word_1_165' title='bbox 2627 925 2827 994; x_wconf 80' lang='lat' dir='ltr'><strong>singuli</strong></span> <span class='ocrx_word' id='word_1_166' title='bbox 2877 925 2945 980; x_wconf 89' lang='lat' dir='ltr'><strong>de</strong></span> <span class='ocrx_word' id='word_1_167' title='bbox 2973 925 3299 997; x_wconf 86' lang='lat' dir='ltr'><strong>quibusdam</strong></span> <span class='ocrx_word' id='word_1_168' title='bbox 3333 927 3554 997; x_wconf 79' lang='lat' dir='ltr'><strong>proprio</strong></span> 
     </span>
    </p>
   </div>
   <div class='ocr_carea' id='block_1_25' title="bbox 1980 1015 3552 1086">
    <p class='ocr_par' dir='ltr' id='par_1_25' title="bbox 1980 1015 3552 1086">
     <span class='ocr_line' id='line_1_25' title="bbox 1980 1015 3552 1086; baseline 0.001 -15"><span class='ocrx_word' id='word_1_169' title='bbox 1980 1017 2343 1086; x_wconf 87' lang='lat' dir='ltr'><strong>scripserunt.</strong></span> <span class='ocrx_word' id='word_1_170' title='bbox 2379 1015 2443 1070; x_wconf 89' lang='lat' dir='ltr'><strong>Et</strong></span> <span class='ocrx_word' id='word_1_171' title='bbox 2503 1017 2721 1086; x_wconf 78' lang='lat' dir='ltr'><strong>quidem</strong></span> <span class='ocrx_word' id='word_1_172' title='bbox 2773 1017 3146 1085; x_wconf 72' lang='lat' dir='ltr'><strong>subiectorum</strong></span> <span class='ocrx_word' id='word_1_173' title='bbox 3183 1018 3462 1072; x_wconf 90' lang='lat' dir='ltr'><strong>titulorum</strong></span> <span class='ocrx_word' id='word_1_174' title='bbox 3499 1018 3552 1073; x_wconf 89' lang='lat' dir='ltr'><strong>id</strong></span> 
     </span>
    </p>
   </div>
   <div class='ocr_carea' id='block_1_26' title="bbox 1977 1111 3552 1179">
    <p class='ocr_par' dir='ltr' id='par_1_26' title="bbox 1977 1111 3552 1179">
     <span class='ocr_line' id='line_1_26' title="bbox 1977 1111 3552 1179; baseline 0.001 -15"><span class='ocrx_word' id='word_1_175' title='bbox 1977 1120 2062 1164; x_wconf 91' lang='lat' dir='ltr'><strong>est</strong></span> <span class='ocrx_word' id='word_1_176' title='bbox 2093 1118 2473 1179; x_wconf 77' lang='lat' dir='ltr'><strong>argumentum</strong></span> <span class='ocrx_word' id='word_1_177' title='bbox 2519 1127 2533 1164; x_wconf 88' lang='lat'><strong>:</strong></span> <span class='ocrx_word' id='word_1_178' title='bbox 2568 1111 2715 1163; x_wconf 83' lang='lat' dir='ltr'><strong>clara</strong></span> <span class='ocrx_word' id='word_1_179' title='bbox 2750 1125 2880 1164; x_wconf 88' lang='lat' dir='ltr'><strong>vero</strong></span> <span class='ocrx_word' id='word_1_180' title='bbox 2932 1125 3120 1164; x_wconf 88' lang='lat' dir='ltr'><strong>eorum</strong></span> <span class='ocrx_word' id='word_1_181' title='bbox 3160 1111 3404 1166; x_wconf 87' lang='lat' dir='ltr'><strong>narratio</strong></span> <span class='ocrx_word' id='word_1_182' title='bbox 3436 1111 3552 1166; x_wconf 71' lang='lat' dir='ltr'><strong>iure</strong></span> 
     </span>
    </p>
   </div>
   <div class='ocr_carea' id='block_1_27' title="bbox 1977 1199 3549 1274">
    <p class='ocr_par' dir='ltr' id='par_1_27' title="bbox 1977 1199 3549 1274">
     <span class='ocr_line' id='line_1_27' title="bbox 1977 1199 3549 1274; baseline 0 -18"><span class='ocrx_word' id='word_1_183' title='bbox 1977 1207 2082 1256; x_wconf 90' lang='lat' dir='ltr'><strong>est.</strong></span> <span class='ocrx_word' id='word_1_184' title='bbox 2109 1199 2321 1256; x_wconf 82' lang='lat' dir='ltr'><strong>Etenim</strong></span> <span class='ocrx_word' id='word_1_185' title='bbox 2359 1217 2454 1272; x_wconf 89' lang='lat' dir='ltr'><strong>per</strong></span> <span class='ocrx_word' id='word_1_186' title='bbox 2477 1202 2686 1271; x_wconf 87' lang='lat' dir='ltr'><strong>singula</strong></span> <span class='ocrx_word' id='word_1_187' title='bbox 2717 1203 2833 1254; x_wconf 91' lang='lat' dir='ltr'><strong>loca</strong></span> <span class='ocrx_word' id='word_1_188' title='bbox 2870 1201 3282 1271; x_wconf 83' lang='lat' dir='ltr'><strong>Evangeliorum</strong></span> <span class='ocrx_word' id='word_1_189' title='bbox 3324 1203 3549 1274; x_wconf 86' lang='lat' dir='ltr'><strong>quidam</strong></span> 
     </span>
    </p>
   </div>
   <div class='ocr_carea' id='block_1_28' title="bbox 1978 1295 3552 1366">
    <p class='ocr_par' dir='ltr' id='par_1_28' title="bbox 1978 1295 3552 1366">
     <span class='ocr_line' id='line_1_28' title="bbox 1978 1295 3552 1366; baseline 0.001 -17"><span class='ocrx_word' id='word_1_190' title='bbox 1978 1312 2243 1350; x_wconf 83' lang='lat' dir='ltr'><strong>numerus</strong></span> <span class='ocrx_word' id='word_1_191' title='bbox 2279 1295 2496 1350; x_wconf 87' lang='lat' dir='ltr'><strong>videtur</strong></span> <span class='ocrx_word' id='word_1_192' title='bbox 2528 1296 2836 1366; x_wconf 85' lang='lat' dir='ltr'><strong>appositus,</strong></span> <span class='ocrx_word' id='word_1_193' title='bbox 2891 1295 3152 1365; x_wconf 84' lang='lat' dir='ltr'><strong>paulatim</strong></span> <span class='ocrx_word' id='word_1_194' title='bbox 3210 1297 3478 1366; x_wconf 88' lang='lat' dir='ltr'><strong>incipiens</strong></span> <span class='ocrx_word' id='word_1_195' title='bbox 3519 1312 3552 1351; x_wconf 71' lang='grc' dir='ltr'>τι</span> 
     </span>
    </p>
   </div>
   <div class='ocr_carea' id='block_1_29' title="bbox 1976 1385 3552 1458">
    <p class='ocr_par' dir='ltr' id='par_1_29' title="bbox 1976 1385 3552 1458">
     <span class='ocr_line' id='line_1_29' title="bbox 1976 1385 3552 1458; baseline 0.001 -19"><span class='ocrx_word' id='word_1_196' title='bbox 1976 1389 2175 1456; x_wconf 84' lang='lat' dir='ltr'><strong>primo,</strong></span> <span class='ocrx_word' id='word_1_197' title='bbox 2225 1387 2422 1443; x_wconf 90' lang='lat' dir='ltr'><strong>deinde</strong></span> <span class='ocrx_word' id='word_1_198' title='bbox 2476 1385 2739 1452; x_wconf 90' lang='lat' dir='ltr'><strong>secundo,</strong></span> <span class='ocrx_word' id='word_1_199' title='bbox 2797 1395 3076 1457; x_wconf 87' lang='lat' dir='ltr'><strong>postremo</strong></span> <span class='ocrx_word' id='word_1_200' title='bbox 3135 1388 3318 1452; x_wconf 89' lang='lat' dir='ltr'><strong>tertio,</strong></span> <span class='ocrx_word' id='word_1_201' title='bbox 3351 1395 3404 1441; x_wconf 82' lang='lat' dir='ltr'><strong>et</strong></span> <span class='ocrx_word' id='word_1_202' title='bbox 3455 1403 3552 1458; x_wconf 86' lang='lat' dir='ltr'><strong>per</strong></span> 
     </span>
    </p>
   </div>
   <div class='ocr_carea' id='block_1_30' title="bbox 1975 1478 3551 1550">
    <p class='ocr_par' dir='ltr' id='par_1_30' title="bbox 1975 1478 3551 1550">
     <span class='ocr_line' id='line_1_30' title="bbox 1975 1478 3551 1550; baseline 0.001 -18"><span class='ocrx_word' id='word_1_203' title='bbox 1975 1480 2221 1534; x_wconf 89' lang='lat' dir='ltr'><strong>ordinem</strong></span> <span class='ocrx_word' id='word_1_204' title='bbox 2243 1480 2508 1534; x_wconf 90' lang='lat' dir='ltr'><strong>librorum</strong></span> <span class='ocrx_word' id='word_1_205' title='bbox 2544 1478 2612 1532; x_wconf 93' lang='lat' dir='ltr'><strong>ad</strong></span> <span class='ocrx_word' id='word_1_206' title='bbox 2646 1479 2804 1534; x_wconf 76' lang='lat' dir='ltr'><strong>tinem</strong></span> <span class='ocrx_word' id='word_1_207' title='bbox 2838 1496 3010 1548; x_wconf 88' lang='lat' dir='ltr'><strong>usque</strong></span> <span class='ocrx_word' id='word_1_208' title='bbox 3034 1481 3403 1550; x_wconf 79' lang='lat' dir='ltr'><strong>progrediens.</strong></span> <span class='ocrx_word' id='word_1_209' title='bbox 3441 1478 3551 1534; x_wconf 89' lang='lat' dir='ltr'><strong>Ita-</strong></span> 
     </span>
    </p>
   </div>
   <div class='ocr_carea' id='block_1_31' title="bbox 1977 1572 3549 1642">
    <p class='ocr_par' dir='ltr' id='par_1_31' title="bbox 1977 1572 3549 1642">
     <span class='ocr_line' id='line_1_31' title="bbox 1977 1572 3549 1642; baseline 0.002 -18"><span class='ocrx_word' id='word_1_210' title='bbox 1977 1588 2080 1642; x_wconf 89' lang='lat' dir='ltr'><strong>que</strong></span> <span class='ocrx_word' id='word_1_211' title='bbox 2111 1587 2206 1642; x_wconf 83' lang='lat' dir='ltr'><strong>per</strong></span> <span class='ocrx_word' id='word_1_212' title='bbox 2225 1572 2470 1642; x_wconf 84' lang='lat' dir='ltr'><strong>singulos</strong></span> <span class='ocrx_word' id='word_1_213' title='bbox 2489 1586 2748 1626; x_wconf 89' lang='lat' dir='ltr'><strong>numeros</strong></span> <span class='ocrx_word' id='word_1_214' title='bbox 2776 1572 3110 1640; x_wconf 86' lang='lat' dir='ltr'><strong>supputatio,</strong></span> <span class='ocrx_word' id='word_1_215' title='bbox 3137 1589 3231 1642; x_wconf 84' lang='lat' dir='ltr'><strong>per</strong></span> <span class='ocrx_word' id='word_1_216' title='bbox 3251 1573 3405 1627; x_wconf 65' lang='lat' dir='ltr'><strong>lineae</strong></span> <span class='ocrx_word' id='word_1_217' title='bbox 3431 1572 3549 1627; x_wconf 81' lang='lat' dir='ltr'><strong>dis-</strong></span> 
     </span>
    </p>
   </div>
   <div class='ocr_carea' id='block_1_32' title="bbox 1977 1663 3545 1733">
    <p class='ocr_par' dir='ltr' id='par_1_32' title="bbox 1977 1663 3545 1733">
     <span class='ocr_line' id='line_1_32' title="bbox 1977 1663 3545 1733; baseline 0.001 -15"><span class='ocrx_word' id='word_1_218' title='bbox 1977 1665 2292 1718; x_wconf 84' lang='lat' dir='ltr'><strong>tinctionem</strong></span> <span class='ocrx_word' id='word_1_219' title='bbox 2311 1664 2585 1718; x_wconf 86' lang='lat' dir='ltr'><strong>invenitur</strong></span> <span class='ocrx_word' id='word_1_220' title='bbox 2601 1664 2828 1724; x_wconf 89' lang='lat' dir='ltr'><strong>inserta,</strong></span> <span class='ocrx_word' id='word_1_221' title='bbox 2849 1663 3090 1733; x_wconf 84' lang='lat' dir='ltr'><strong>signitica</strong></span> <span class='ocrx_word' id='word_1_222' title='bbox 3102 1680 3165 1717; x_wconf 94' lang='lat' dir='ltr'><strong>ns</strong></span> <span class='ocrx_word' id='word_1_223' title='bbox 3178 1664 3263 1717; x_wconf 91' lang='lat' dir='ltr'><strong>cui</strong></span> <span class='ocrx_word' id='word_1_224' title='bbox 3279 1664 3344 1718; x_wconf 93' lang='lat' dir='ltr'><strong>de</strong></span> <span class='ocrx_word' id='word_1_225' title='bbox 3357 1665 3545 1720; x_wconf 87' lang='lat' dir='ltr'><strong>decerr.</strong></span> 
     </span>
    </p>
   </div>
   <div class='ocr_carea' id='block_1_33' title="bbox 1977 1751 3547 1824">
    <p class='ocr_par' dir='ltr' id='par_1_33' title="bbox 1977 1751 3547 1824">
     <span class='ocr_line' id='line_1_33' title="bbox 1977 1751 3547 1824; baseline 0.001 -18"><span class='ocrx_word' id='word_1_226' title='bbox 1977 1754 2148 1808; x_wconf 88' lang='lat' dir='ltr'><strong>titulis</strong></span> <span class='ocrx_word' id='word_1_227' title='bbox 2161 1754 2442 1824; x_wconf 86' lang='lat' dir='ltr'><strong>appositus</strong></span> <span class='ocrx_word' id='word_1_228' title='bbox 2456 1769 2717 1808; x_wconf 91' lang='lat' dir='ltr'><strong>numerus</strong></span> <span class='ocrx_word' id='word_1_229' title='bbox 2731 1751 3242 1823; x_wconf 80' lang='lat' dir='ltr'><strong>assignetur.\&#39;eluti</strong></span> <span class='ocrx_word' id='word_1_230' title='bbox 3263 1755 3308 1810; x_wconf 90' lang='lat' dir='ltr'><strong>si</strong></span> <span class='ocrx_word' id='word_1_231' title='bbox 3329 1754 3547 1824; x_wconf 88' lang='lat' dir='ltr'><strong>quidem</strong></span> 
     </span>
    </p>
   </div>
   <div class='ocr_carea' id='block_1_34' title="bbox 285 1825 1871 1918">
    <p class='ocr_par' dir='ltr' id='par_1_34' title="bbox 285 1843 1871 1918">
     <span class='ocr_line' id='line_1_34' title="bbox 285 1843 1871 1918; baseline -0.003 -18"><span class='ocrx_word' id='word_1_232' title='bbox 285 1847 335 1901; x_wconf 76' lang='lat' dir='ltr'><strong>ei</strong></span> <span class='ocrx_word' id='word_1_233' title='bbox 367 1846 468 1917; x_wconf 81' lang='grc' dir='ltr'><strong>μὲν</strong></span> <span class='ocrx_word' id='word_1_234' title='bbox 495 1853 562 1910; x_wconf 85' lang='grc' dir='ltr'>α’,</span> <span class='ocrx_word' id='word_1_235' title='bbox 579 1847 732 1918; x_wconf 80' lang='grc' dir='ltr'>δῆλον</span> <span class='ocrx_word' id='word_1_236' title='bbox 768 1847 843 1910; x_wconf 85' lang='grc' dir='ltr'><strong>ὡς</strong></span> <span class='ocrx_word' id='word_1_237' title='bbox 867 1850 925 1900; x_wconf 85' lang='grc' dir='ltr'><strong>ὲν</strong></span> <span class='ocrx_word' id='word_1_238' title='bbox 947 1847 1023 1918; x_wconf 82' lang='grc' dir='ltr'>τῷ</span> <span class='ocrx_word' id='word_1_239' title='bbox 1053 1845 1255 1918; x_wconf 83' lang='grc' dir='ltr'><strong>πρώτῳ</strong></span> <span class='ocrx_word' id='word_1_240' title='bbox 1274 1863 1287 1876; x_wconf 74' lang='grc' dir='ltr'><strong>ο</strong></span> <span class='ocrx_word' id='word_1_241' title='bbox 1319 1848 1366 1899; x_wconf 73' lang='grc' dir='ltr'>εἰ</span> <span class='ocrx_word' id='word_1_242' title='bbox 1397 1846 1453 1899; x_wconf 81' lang='grc' dir='ltr'>δὲ</span> <span class='ocrx_word' id='word_1_243' title='bbox 1479 1845 1542 1916; x_wconf 88' lang='grc' dir='ltr'><strong>β’,</strong></span> <span class='ocrx_word' id='word_1_244' title='bbox 1567 1847 1624 1898; x_wconf 85' lang='grc' dir='ltr'>έν</span> <span class='ocrx_word' id='word_1_245' title='bbox 1650 1843 1728 1914; x_wconf 78' lang='grc' dir='ltr'><strong>τῷ</strong></span> <span class='ocrx_word' id='word_1_246' title='bbox 1752 1843 1871 1895; x_wconf 89' lang='grc' dir='ltr'>δευ-</span> 
     </span>
    </p>
   </div>
   <div class='ocr_carea' id='block_1_35' title="bbox 1973 1825 3544 1918">
    <p class='ocr_par' dir='ltr' id='par_1_35' title="bbox 1981 1832 3544 1915">
     <span class='ocr_line' id='line_1_35' title="bbox 1981 1832 3544 1915; baseline 0.001 -17"><span class='ocrx_word' id='word_1_247' title='bbox 1981 1849 2239 1915; x_wconf 78' lang='lat' dir='ltr'><strong>primum,</strong></span> <span class='ocrx_word' id='word_1_248' title='bbox 2261 1832 2471 1900; x_wconf 81' lang='lat' dir='ltr'><strong>certum</strong></span> <span class='ocrx_word' id='word_1_249' title='bbox 2498 1853 2582 1900; x_wconf 89' lang='lat' dir='ltr'><strong>est</strong></span> <span class='ocrx_word' id='word_1_250' title='bbox 2600 1844 2654 1898; x_wconf 91' lang='lat' dir='ltr'><strong>in</strong></span> <span class='ocrx_word' id='word_1_251' title='bbox 2675 1845 2872 1912; x_wconf 85' lang='lat' dir='ltr'><strong>primo.</strong></span> <span class='ocrx_word' id='word_1_252' title='bbox 2905 1841 2962 1897; x_wconf 89' lang='lat' dir='ltr'><strong>Si</strong></span> <span class='ocrx_word' id='word_1_253' title='bbox 2988 1860 3117 1898; x_wconf 84' lang='lat' dir='ltr'><strong>vero</strong></span> <span class='ocrx_word' id='word_1_254' title='bbox 3141 1846 3464 1910; x_wconf 75' lang='lat' dir='ltr'><strong>secundum,</strong></span> <span class='ocrx_word' id='word_1_255' title='bbox 3493 1847 3544 1900; x_wconf 83' lang='lat' dir='ltr'><strong>in</strong></span> 
     </span>
    </p>
   </div>
   <div class='ocr_carea' id='block_1_36' title="bbox 283 1931 1874 2010">
    <p class='ocr_par' dir='ltr' id='par_1_36' title="bbox 283 1931 1874 2010">
     <span class='ocr_line' id='line_1_36' title="bbox 283 1931 1874 2010; baseline -0.004 -17"><span class='ocrx_word' id='word_1_256' title='bbox 283 1938 464 2010; x_wconf 79' lang='grc' dir='ltr'>τέρῳ·</span> <span class='ocrx_word' id='word_1_257' title='bbox 495 1938 591 1992; x_wconf 76' lang='grc' dir='ltr'>καὶ</span> <span class='ocrx_word' id='word_1_258' title='bbox 614 1938 756 1991; x_wconf 85' lang='grc' dir='ltr'>οὑτω</span> <span class='ocrx_word' id='word_1_259' title='bbox 779 1936 1016 2007; x_wconf 78' lang='grc' dir='ltr'>καθεξῆς</span> <span class='ocrx_word' id='word_1_260' title='bbox 1045 1938 1205 2009; x_wconf 81' lang='grc' dir='ltr'>μέχρι</span> <span class='ocrx_word' id='word_1_261' title='bbox 1232 1937 1340 1990; x_wconf 86' lang='grc' dir='ltr'>τῶν</span> <span class='ocrx_word' id='word_1_262' title='bbox 1365 1937 1517 1991; x_wconf 86' lang='grc' dir='ltr'>δέκα.</span> <span class='ocrx_word' id='word_1_263' title='bbox 1545 1937 1609 1988; x_wconf 78' lang='lat' dir='ltr'><strong>Ei</strong></span> <span class='ocrx_word' id='word_1_264' title='bbox 1631 1931 1723 1988; x_wconf 77' lang='grc' dir='ltr'><strong>οὑν</strong></span> <span class='ocrx_word' id='word_1_265' title='bbox 1751 1935 1874 1987; x_wconf 83' lang='grc' dir='ltr'>ἀνα-</span> 
     </span>
    </p>
   </div>
   <div class='ocr_carea' id='block_1_37' title="bbox 286 2026 1868 2099">
    <p class='ocr_par' dir='ltr' id='par_1_37' title="bbox 286 2026 1868 2099">
     <span class='ocr_line' id='line_1_37' title="bbox 286 2026 1868 2099; baseline -0.003 -17"><span class='ocrx_word' id='word_1_266' title='bbox 286 2028 500 2094; x_wconf 78' lang='grc' dir='ltr'>πτύξας</span> <span class='ocrx_word' id='word_1_267' title='bbox 524 2028 582 2082; x_wconf 77' lang='grc' dir='ltr'><strong>ἓν</strong></span> <span class='ocrx_word' id='word_1_268' title='bbox 607 2046 658 2082; x_wconf 88' lang='grc' dir='ltr'><strong>τι</strong></span> <span class='ocrx_word' id='word_1_269' title='bbox 678 2028 787 2081; x_wconf 80' lang='grc' dir='ltr'>τῶν</span> <span class='ocrx_word' id='word_1_270' title='bbox 801 2029 1081 2099; x_wconf 82' lang='grc' dir='ltr'><strong>τεσσάρων</strong></span> <span class='ocrx_word' id='word_1_271' title='bbox 1103 2027 1446 2098; x_wconf 73' lang='grc' dir='ltr'>Εὑαγγελίων</span> <span class='ocrx_word' id='word_1_272' title='bbox 1467 2026 1868 2097; x_wconf 73' lang='grc' dir='ltr'>ὁποιουδήποτε,</span> 
     </span>
    </p>
   </div>
   <div class='ocr_carea' id='block_1_38' title="bbox 284 2114 1871 2193">
    <p class='ocr_par' dir='ltr' id='par_1_38' title="bbox 284 2114 1871 2193">
     <span class='ocr_line' id='line_1_38' title="bbox 284 2114 1871 2193; baseline -0.004 -18"><span class='ocrx_word' id='word_1_273' title='bbox 284 2120 604 2193; x_wconf 80' lang='grc' dir='ltr'>βουληθείης</span> <span class='ocrx_word' id='word_1_274' title='bbox 651 2120 936 2191; x_wconf 76' lang='grc' dir='ltr'>ὲπιστῆναῐ</span> <span class='ocrx_word' id='word_1_275' title='bbox 975 2137 1082 2174; x_wconf 85' lang='grc' dir='ltr'>τινι</span> <span class='ocrx_word' id='word_1_276' title='bbox 1126 2114 1170 2188; x_wconf 85' lang='grc' dir='ltr'>ᾧ</span> <span class='ocrx_word' id='word_1_277' title='bbox 1207 2119 1384 2191; x_wconf 78' lang='grc' dir='ltr'>βούλει</span> <span class='ocrx_word' id='word_1_278' title='bbox 1424 2119 1730 2188; x_wconf 79' lang='grc' dir='ltr'>κεφαλαίῳ,</span> <span class='ocrx_word' id='word_1_279' title='bbox 1777 2116 1871 2170; x_wconf 78' lang='grc' dir='ltr'><strong>καὶ</strong></span> 
     </span>
    </p>
   </div>
   <div class='ocr_carea' id='block_1_39' title="bbox 283 2211 1872 2286">
    <p class='ocr_par' dir='ltr' id='par_1_39' title="bbox 283 2211 1872 2286">
     <span class='ocr_line' id='line_1_39' title="bbox 283 2211 1872 2286; baseline -0.002 -22"><span class='ocrx_word' id='word_1_280' title='bbox 283 2212 492 2281; x_wconf 74' lang='grc' dir='ltr'>γνῶναι</span> <span class='ocrx_word' id='word_1_281' title='bbox 523 2213 668 2277; x_wconf 82' lang='grc' dir='ltr'>τίνες</span> <span class='ocrx_word' id='word_1_282' title='bbox 702 2213 770 2266; x_wconf 80' lang='grc' dir='ltr'>τὰ</span> <span class='ocrx_word' id='word_1_283' title='bbox 811 2212 1170 2285; x_wconf 85' lang='grc' dir='ltr'>παραπλήσια</span> <span class='ocrx_word' id='word_1_284' title='bbox 1214 2213 1490 2286; x_wconf 78' lang='grc' dir='ltr'>εἰρήκασι,</span> <span class='ocrx_word' id='word_1_285' title='bbox 1519 2211 1615 2265; x_wconf 73' lang='grc' dir='ltr'><strong>καὶ</strong></span> <span class='ocrx_word' id='word_1_286' title='bbox 1641 2211 1766 2273; x_wconf 80' lang='grc' dir='ltr'>τοὺς</span> <span class='ocrx_word' id='word_1_287' title='bbox 1793 2211 1872 2262; x_wconf 75' lang='grc' dir='ltr'><strong>οἱ·</strong></span> 
     </span>
    </p>
   </div>
   <div class='ocr_carea' id='block_1_40' title="bbox 283 2298 1869 2376">
    <p class='ocr_par' dir='ltr' id='par_1_40' title="bbox 283 2298 1869 2376">
     <span class='ocr_line' id='line_1_40' title="bbox 283 2298 1869 2376; baseline -0.002 -20"><span class='ocrx_word' id='word_1_288' title='bbox 283 2305 470 2367; x_wconf 83' lang='grc' dir='ltr'>κείους</span> <span class='ocrx_word' id='word_1_289' title='bbox 495 2305 552 2356; x_wconf 79' lang='grc' dir='ltr'><strong>ὲν</strong></span> <span class='ocrx_word' id='word_1_290' title='bbox 576 2305 793 2374; x_wconf 78' lang='grc' dir='ltr'>ἑκάστῳ</span> <span class='ocrx_word' id='word_1_291' title='bbox 816 2305 1012 2367; x_wconf 86' lang='grc' dir='ltr'>τόπους</span> <span class='ocrx_word' id='word_1_292' title='bbox 1033 2307 1235 2376; x_wconf 87' lang='grc' dir='ltr'>εὑρεῖν,</span> <span class='ocrx_word' id='word_1_293' title='bbox 1273 2306 1331 2356; x_wconf 83' lang='grc' dir='ltr'>ὲν</span> <span class='ocrx_word' id='word_1_294' title='bbox 1358 2298 1440 2367; x_wconf 74' lang='grc' dir='ltr'>οἷς</span> <span class='ocrx_word' id='word_1_295' title='bbox 1470 2303 1612 2356; x_wconf 77' lang='grc' dir='ltr'>κατὰ</span> <span class='ocrx_word' id='word_1_296' title='bbox 1637 2301 1744 2355; x_wconf 82' lang='grc' dir='ltr'><strong>τῶν</strong></span> <span class='ocrx_word' id='word_1_297' title='bbox 1773 2301 1869 2353; x_wconf 86' lang='grc' dir='ltr'>αὑ-</span> 
     </span>
    </p>
   </div>
   <div class='ocr_carea' id='block_1_41' title="bbox 280 2376 1868 2466">
    <p class='ocr_par' dir='ltr' id='par_1_41' title="bbox 280 2376 1868 2466">
     <span class='ocr_line' id='line_1_41' title="bbox 280 2376 1868 2466; baseline -0.001 -20"><span class='ocrx_word' id='word_1_298' title='bbox 280 2393 394 2446; x_wconf 81' lang='grc' dir='ltr'>τῶν</span> <span class='ocrx_word' id='word_1_299' title='bbox 423 2393 748 2465; x_wconf 71' lang='grc' dir='ltr'>ἠνέχθησαν,</span> <span class='ocrx_word' id='word_1_300' title='bbox 781 2389 850 2466; x_wconf 78' lang='grc' dir='ltr'>ἦς</span> <span class='ocrx_word' id='word_1_301' title='bbox 878 2395 1092 2466; x_wconf 71' lang='grc' dir='ltr'>ἐπέχεις</span> <span class='ocrx_word' id='word_1_302' title='bbox 1132 2376 1439 2466; x_wconf 80' lang='grc' dir='ltr'>περικοπῆς</span> <span class='ocrx_word' id='word_1_303' title='bbox 1468 2392 1750 2448; x_wconf 83' lang='grc' dir='ltr'>ἀναλαϐὼν</span> <span class='ocrx_word' id='word_1_304' title='bbox 1776 2393 1868 2445; x_wconf 83' lang='grc' dir='ltr'>τὸν</span> 
     </span>
    </p>
   </div>
   <div class='ocr_carea' id='block_1_42' title="bbox 281 2486 1868 2560">
    <p class='ocr_par' dir='ltr' id='par_1_42' title="bbox 281 2486 1868 2560">
     <span class='ocr_line' id='line_1_42' title="bbox 281 2486 1868 2560; baseline 0.001 -22"><span class='ocrx_word' id='word_1_305' title='bbox 281 2486 647 2556; x_wconf 73' lang='grc' dir='ltr'>προκείμενον</span> <span class='ocrx_word' id='word_1_306' title='bbox 676 2486 928 2558; x_wconf 75' lang='grc' dir='ltr'>ἀριθμὸν,</span> <span class='ocrx_word' id='word_1_307' title='bbox 960 2486 1295 2560; x_wconf 80' lang='grc' dir='ltr'>ἐπιζητήσας</span> <span class='ocrx_word' id='word_1_308' title='bbox 1335 2507 1394 2542; x_wconf 89' lang='grc' dir='ltr'><strong>τε</strong></span> <span class='ocrx_word' id='word_1_309' title='bbox 1429 2489 1592 2542; x_wconf 79' lang='grc' dir='ltr'>αὑτὸν</span> <span class='ocrx_word' id='word_1_310' title='bbox 1623 2489 1770 2542; x_wconf 77' lang='grc' dir='ltr'>ἔνδον</span> <span class='ocrx_word' id='word_1_311' title='bbox 1809 2491 1868 2541; x_wconf 83' lang='grc' dir='ltr'><strong>ὲν</strong></span> 
     </span>
    </p>
   </div>
   <div class='ocr_carea' id='block_1_43' title="bbox 279 2576 1868 2652">
    <p class='ocr_par' dir='ltr' id='par_1_43' title="bbox 279 2576 1868 2652">
     <span class='ocr_line' id='line_1_43' title="bbox 279 2576 1868 2652; baseline 0.004 -23"><span class='ocrx_word' id='word_1_312' title='bbox 279 2576 363 2646; x_wconf 83' lang='grc' dir='ltr'>τῷ</span> <span class='ocrx_word' id='word_1_313' title='bbox 398 2578 600 2637; x_wconf 88' lang='grc' dir='ltr'>κανόνι,</span> <span class='ocrx_word' id='word_1_314' title='bbox 635 2578 694 2631; x_wconf 82' lang='grc' dir='ltr'><strong>ὃν</strong></span> <span class='ocrx_word' id='word_1_315' title='bbox 722 2579 754 2649; x_wconf 83' lang='grc' dir='ltr'>ὴ</span> <span class='ocrx_word' id='word_1_316' title='bbox 791 2579 881 2634; x_wconf 80' lang='grc' dir='ltr'>διὰ</span> <span class='ocrx_word' id='word_1_317' title='bbox 913 2581 1008 2634; x_wconf 80' lang='grc' dir='ltr'><strong>τοῦ</strong></span> <span class='ocrx_word' id='word_1_318' title='bbox 1052 2581 1422 2651; x_wconf 79' lang='grc' dir='ltr'>κινναϐάρεως</span> <span class='ocrx_word' id='word_1_319' title='bbox 1459 2581 1868 2652; x_wconf 73' lang='grc' dir='ltr'>ὑποσημείωσις</span> 
     </span>
    </p>
   </div>
   <div class='ocr_carea' id='block_1_44' title="bbox 281 2673 1864 2746">
    <p class='ocr_par' dir='ltr' id='par_1_44' title="bbox 281 2673 1864 2746">
     <span class='ocr_line' id='line_1_44' title="bbox 281 2673 1864 2746; baseline 0 -19"><span class='ocrx_word' id='word_1_320' title='bbox 281 2673 841 2746; x_wconf 80' lang='grc' dir='ltr'>ὑποϐέϐληκεν,.εῐσῃ</span> <span class='ocrx_word' id='word_1_321' title='bbox 880 2675 978 2746; x_wconf 81' lang='grc' dir='ltr'><strong>μὲν</strong></span> <span class='ocrx_word' id='word_1_322' title='bbox 1021 2674 1182 2738; x_wconf 82' lang='grc' dir='ltr'>εὐθὺς</span> <span class='ocrx_word' id='word_1_323' title='bbox 1230 2677 1293 2728; x_wconf 85' lang='grc' dir='ltr'>ὲκ</span> <span class='ocrx_word' id='word_1_324' title='bbox 1331 2673 1438 2727; x_wconf 86' lang='grc' dir='ltr'>τῶν</span> <span class='ocrx_word' id='word_1_325' title='bbox 1472 2674 1564 2727; x_wconf 71' lang='grc' dir='ltr'><strong>ἐπὶ</strong></span> <span class='ocrx_word' id='word_1_326' title='bbox 1611 2673 1864 2745; x_wconf 83' lang='grc' dir='ltr'>μετώπου</span> 
     </span>
    </p>
   </div>
   <div class='ocr_carea' id='block_1_45' title="bbox 278 2763 1866 2840">
    <p class='ocr_par' dir='ltr' id='par_1_45' title="bbox 278 2763 1866 2840">
     <span class='ocr_line' id='line_1_45' title="bbox 278 2763 1866 2840; baseline -0.001 -21"><span class='ocrx_word' id='word_1_327' title='bbox 278 2763 378 2819; x_wconf 77' lang='grc' dir='ltr'>τοῦ</span> <span class='ocrx_word' id='word_1_328' title='bbox 417 2766 639 2830; x_wconf 85' lang='grc' dir='ltr'>κανόνος</span> <span class='ocrx_word' id='word_1_329' title='bbox 674 2768 1031 2840; x_wconf 72' lang='grc' dir='ltr'>προγραφῶν,</span> <span class='ocrx_word' id='word_1_330' title='bbox 1063 2768 1252 2822; x_wconf 85' lang='grc' dir='ltr'>ὁπόσοι</span> <span class='ocrx_word' id='word_1_331' title='bbox 1281 2767 1374 2820; x_wconf 59' lang='grc' dir='ltr'><strong>καὶ⁵</strong></span> <span class='ocrx_word' id='word_1_332' title='bbox 1411 2766 1554 2828; x_wconf 85' lang='grc' dir='ltr'>τίνες</span> <span class='ocrx_word' id='word_1_333' title='bbox 1590 2764 1658 2818; x_wconf 84' lang='grc' dir='ltr'>τὰ</span> <span class='ocrx_word' id='word_1_334' title='bbox 1689 2782 1866 2836; x_wconf 84' lang='grc' dir='ltr'>παρα-</span> 
     </span>
    </p>
   </div>
   <div class='ocr_carea' id='block_1_46' title="bbox 279 2856 1865 2930">
    <p class='ocr_par' dir='ltr' id='par_1_46' title="bbox 279 2856 1865 2930">
     <span class='ocr_line' id='line_1_46' title="bbox 279 2856 1865 2930; baseline 0 -20"><span class='ocrx_word' id='word_1_335' title='bbox 279 2856 493 2928; x_wconf 78' lang='grc' dir='ltr'>πλήσια</span> <span class='ocrx_word' id='word_1_336' title='bbox 524 2860 827 2929; x_wconf 75' lang='grc' dir='ltr'>εἰρήκασιν.</span> <span class='ocrx_word' id='word_1_337' title='bbox 865 2861 1197 2930; x_wconf 84' lang='grc' dir='ltr'>Ἑπιστήσας</span> <span class='ocrx_word' id='word_1_338' title='bbox 1243 2859 1301 2913; x_wconf 82' lang='grc' dir='ltr'>δὲ</span> <span class='ocrx_word' id='word_1_339' title='bbox 1343 2860 1437 2912; x_wconf 72' lang='grc' dir='ltr'><strong>καὶ</strong></span> <span class='ocrx_word' id='word_1_340' title='bbox 1479 2861 1591 2922; x_wconf 81' lang='grc' dir='ltr'>τοῖς</span> <span class='ocrx_word' id='word_1_341' title='bbox 1624 2857 1732 2911; x_wconf 83' lang='grc' dir='ltr'><strong>τῶν</strong></span> <span class='ocrx_word' id='word_1_342' title='bbox 1758 2858 1865 2911; x_wconf 90' lang='grc' dir='ltr'>λοι-</span> 
     </span>
    </p>
   </div>
   <div class='ocr_carea' id='block_1_47' title="bbox 277 2943 1865 3022">
    <p class='ocr_par' dir='ltr' id='par_1_47' title="bbox 277 2943 1865 3022">
     <span class='ocr_line' id='line_1_47' title="bbox 277 2943 1865 3022; baseline 0.001 -22"><span class='ocrx_word' id='word_1_343' title='bbox 277 2946 408 3000; x_wconf 81' lang='grc' dir='ltr'><strong>πῶν</strong></span> <span class='ocrx_word' id='word_1_344' title='bbox 435 2948 782 3016; x_wconf 76' lang='grc' dir='ltr'>Εὑαγγελίων</span> <span class='ocrx_word' id='word_1_345' title='bbox 815 2950 1067 3022; x_wconf 82' lang='grc' dir='ltr'>ἀριθμοῖς</span> <span class='ocrx_word' id='word_1_346' title='bbox 1087 2953 1200 3014; x_wconf 87' lang='grc' dir='ltr'>τοῖς</span> <span class='ocrx_word' id='word_1_347' title='bbox 1241 2953 1298 3004; x_wconf 74' lang='grc' dir='ltr'>ἐν</span> <span class='ocrx_word' id='word_1_348' title='bbox 1334 2949 1412 3020; x_wconf 79' lang='grc' dir='ltr'>τῷ</span> <span class='ocrx_word' id='word_1_349' title='bbox 1466 2950 1650 3004; x_wconf 85' lang='grc' dir='ltr'>κανόνι</span> <span class='ocrx_word' id='word_1_350' title='bbox 1689 2943 1734 3017; x_wconf 84' lang='grc' dir='ltr'>ᾧ</span> <span class='ocrx_word' id='word_1_351' title='bbox 1767 2951 1865 3003; x_wconf 81' lang='grc' dir='ltr'><strong>ὲπ-</strong></span> 
     </span>
    </p>
   </div>
   <div class='ocr_carea' id='block_1_48' title="bbox 282 3035 1862 3112">
    <p class='ocr_par' dir='ltr' id='par_1_48' title="bbox 282 3035 1862 3112">
     <span class='ocr_line' id='line_1_48' title="bbox 282 3035 1862 3112; baseline 0 -19"><span class='ocrx_word' id='word_1_352' title='bbox 282 3035 433 3107; x_wconf 84' lang='grc' dir='ltr'>ἐχεις</span> <span class='ocrx_word' id='word_1_353' title='bbox 464 3038 682 3110; x_wconf 82' lang='grc' dir='ltr'>ἀριθμῷ</span> <span class='ocrx_word' id='word_1_354' title='bbox 706 3040 1150 3112; x_wconf 85' lang='grc' dir='ltr'>παρακειμένοις,</span> <span class='ocrx_word' id='word_1_355' title='bbox 1196 3041 1534 3110; x_wconf 77' lang='grc' dir='ltr'>ἐπιζητήσας</span> <span class='ocrx_word' id='word_1_356' title='bbox 1560 3057 1621 3094; x_wconf 92' lang='grc' dir='ltr'><strong>τε</strong></span> <span class='ocrx_word' id='word_1_357' title='bbox 1667 3041 1862 3102; x_wconf 72' lang='grc' dir='ltr'>αὑτοὺς</span> 
     </span>
    </p>
   </div>
   <div class='ocr_carea' id='block_1_49' title="bbox 279 3127 1861 3200">
    <p class='ocr_par' dir='ltr' id='par_1_49' title="bbox 279 3127 1861 3200">
     <span class='ocr_line' id='line_1_49' title="bbox 279 3127 1861 3200; baseline 0.002 -20"><span class='ocrx_word' id='word_1_358' title='bbox 279 3127 433 3183; x_wconf 75' lang='grc' dir='ltr'>ινδον</span> <span class='ocrx_word' id='word_1_359' title='bbox 464 3131 522 3183; x_wconf 77' lang='grc' dir='ltr'><strong>ἐν</strong></span> <span class='ocrx_word' id='word_1_360' title='bbox 554 3135 666 3195; x_wconf 83' lang='grc' dir='ltr'>τοῖς</span> <span class='ocrx_word' id='word_1_361' title='bbox 697 3131 917 3196; x_wconf 77' lang='grc' dir='ltr'>οἰκείοις</span> <span class='ocrx_word' id='word_1_362' title='bbox 947 3131 1176 3186; x_wconf 78' lang='grc' dir='ltr'>ἑκάστου</span> <span class='ocrx_word' id='word_1_363' title='bbox 1193 3131 1527 3200; x_wconf 81' lang='grc' dir='ltr'>Εὑαγγελίου</span> <span class='ocrx_word' id='word_1_364' title='bbox 1557 3133 1764 3199; x_wconf 88' lang='grc' dir='ltr'>τόποις,</span> <span class='ocrx_word' id='word_1_365' title='bbox 1791 3130 1861 3184; x_wconf 72' lang='grc' dir='ltr'><strong>τὰ</strong></span> 
     </span>
    </p>
   </div>
   <div class='ocr_carea' id='block_1_50' title="bbox 278 3222 1221 3297">
    <p class='ocr_par' dir='ltr' id='par_1_50' title="bbox 278 3222 1221 3297">
     <span class='ocr_line' id='line_1_50' title="bbox 278 3222 1221 3297; baseline 0.004 -20"><span class='ocrx_word' id='word_1_366' title='bbox 278 3222 641 3294; x_wconf 77' lang='grc' dir='ltr'>παραπλήσια</span> <span class='ocrx_word' id='word_1_367' title='bbox 674 3224 928 3293; x_wconf 78' lang='grc' dir='ltr'>λέγοντας</span> <span class='ocrx_word' id='word_1_368' title='bbox 952 3225 1221 3297; x_wconf 76' lang='grc' dir='ltr'>εὑρήσεις.</span> 
     </span>
    </p>
   </div>
   <div class='ocr_carea' id='block_1_51' title="bbox 388 3435 1748 3508">
    <p class='ocr_par' dir='ltr' id='par_1_51' title="bbox 388 3435 1748 3508">
     <span class='ocr_line' id='line_1_51' title="bbox 388 3435 1748 3508; baseline 0.004 -19"><span class='ocrx_word' id='word_1_369' title='bbox 388 3436 456 3489; x_wconf 80' lang='grc' dir='ltr'>Δ.</span> <span class='ocrx_word' id='word_1_370' title='bbox 495 3435 735 3488; x_wconf 76' lang='grc' dir='ltr'>ΚΑΝΩΝ</span> <span class='ocrx_word' id='word_1_371' title='bbox 773 3436 1037 3490; x_wconf 82' lang='grc' dir='ltr'><strong>ΠΡΩΤΟΣ</strong></span> <span class='ocrx_word' id='word_1_372' title='bbox 1076 3437 1164 3490; x_wconf 81' lang='lat' dir='ltr'><strong>EN</strong></span> <span class='ocrx_word' id='word_1_373' title='bbox 1203 3439 1244 3508; x_wconf 84' lang='grc' dir='ltr'><strong>ῼ</strong></span> <span class='ocrx_word' id='word_1_374' title='bbox 1283 3440 1348 3493; x_wconf 84' lang='grc'><strong>01</strong></span> <span class='ocrx_word' id='word_1_375' title='bbox 1384 3439 1748 3494; x_wconf 79' lang='grc' dir='ltr'><strong>ΤΕΣΣΑΡΕΣ.</strong></span> 
     </span>
    </p>
   </div>
   <div class='ocr_carea' id='block_1_52' title="bbox 419 3552 1686 3610">
    <p class='ocr_par' dir='ltr' id='par_1_52' title="bbox 419 3552 1686 3610">
     <span class='ocr_line' id='line_1_52' title="bbox 419 3552 1686 3610; baseline 0.002 -2"><span class='ocrx_word' id='word_1_376' title='bbox 419 3552 543 3609; x_wconf 87' lang='lat' dir='ltr'><strong>MT.</strong></span> <span class='ocrx_word' id='word_1_377' title='bbox 811 3553 930 3605; x_wconf 84' lang='lat' dir='ltr'><strong>MP.</strong></span> <span class='ocrx_word' id='word_1_378' title='bbox 1222 3555 1291 3609; x_wconf 86' lang='lat' dir='ltr'><strong>A.</strong></span> <span class='ocrx_word' id='word_1_379' title='bbox 1601 3556 1686 3610; x_wconf 85' lang='grc' dir='ltr'><strong>ΙΩ.</strong></span> 
     </span>
    </p>
   </div>
   <div class='ocr_carea' id='block_1_53' title="bbox 421 3664 1644 3800">
    <p class='ocr_par' dir='ltr' id='par_1_53' title="bbox 421 3664 1644 3800">
     <span class='ocr_line' id='line_1_53' title="bbox 421 3664 1644 3800; baseline 0.008 -10"><span class='ocrx_word' id='word_1_380' title='bbox 421 3683 483 3790; x_wconf 68' lang='grc' dir='ltr'><strong>τ’.</strong></span> <span class='ocrx_word' id='word_1_381' title='bbox 819 3665 852 3789; x_wconf 70' lang='grc' dir='ltr'>ἓ</span> <span class='ocrx_word' id='word_1_382' title='bbox 1209 3664 1244 3788; x_wconf 70' lang='grc' dir='ltr'>ξ</span> <span class='ocrx_word' id='word_1_383' title='bbox 1603 3684 1644 3800; x_wconf 70' lang='grc' dir='ltr'>ἐ</span> 
     </span>
    </p>
   </div>
   <div class='ocr_carea' id='block_1_54' title="bbox 425 3805 1658 3861">
    <p class='ocr_par' dir='ltr' id='par_1_54' title="bbox 425 3805 1658 3861">
     <span class='ocr_line' id='line_1_54' title="bbox 425 3805 1658 3861; baseline -0.002 0"><span class='ocrx_word' id='word_1_384' title='bbox 425 3824 481 3861; x_wconf 84' lang='grc' dir='ltr'><strong>ια</strong></span> <span class='ocrx_word' id='word_1_385' title='bbox 817 3805 846 3858; x_wconf 88' lang='grc' dir='ltr'><strong>δ</strong></span> <span class='ocrx_word' id='word_1_386' title='bbox 1218 3823 1235 3858; x_wconf 91' lang='grc' dir='ltr'><strong>ι</strong></span> <span class='ocrx_word' id='word_1_387' title='bbox 1606 3805 1658 3858; x_wconf 88' lang='grc' dir='ltr'><strong>ιϐ</strong></span> 
     </span>
    </p>
   </div>
   <div class='ocr_carea' id='block_1_55' title="bbox 425 3874 1644 3931">
    <p class='ocr_par' dir='ltr' id='par_1_55' title="bbox 425 3874 1644 3931">
     <span class='ocr_line' id='line_1_55' title="bbox 425 3874 1644 3931; baseline -0.002 0"><span class='ocrx_word' id='word_1_388' title='bbox 425 3893 480 3931; x_wconf 84' lang='grc' dir='ltr'><strong>ια</strong></span> <span class='ocrx_word' id='word_1_389' title='bbox 817 3874 848 3928; x_wconf 90' lang='grc' dir='ltr'><strong>δ</strong></span> <span class='ocrx_word' id='word_1_390' title='bbox 1213 3893 1230 3929; x_wconf 94' lang='grc' dir='ltr'><strong>ι</strong></span> <span class='ocrx_word' id='word_1_391' title='bbox 1595 3876 1644 3929; x_wconf 81' lang='grc' dir='ltr'><strong>ιδ</strong></span> 
     </span>
    </p>
   </div>
   <div class='ocr_carea' id='block_1_56' title="bbox 424 3942 1658 4016">
    <p class='ocr_par' dir='ltr' id='par_1_56' title="bbox 424 3942 1658 4016">
     <span class='ocr_line' id='line_1_56' title="bbox 424 3942 1658 4016; baseline -0.002 -17"><span class='ocrx_word' id='word_1_392' title='bbox 424 3964 479 3999; x_wconf 91' lang='grc' dir='ltr'><strong>ια</strong></span> <span class='ocrx_word' id='word_1_393' title='bbox 820 3942 851 3998; x_wconf 82' lang='grc' dir='ltr'><strong>ὃ</strong></span> <span class='ocrx_word' id='word_1_394' title='bbox 1217 3963 1235 3997; x_wconf 94' lang='grc' dir='ltr'><strong>ι</strong></span> <span class='ocrx_word' id='word_1_395' title='bbox 1587 3963 1658 4016; x_wconf 91' lang='grc' dir='ltr'><strong>κη</strong></span> 
     </span>
    </p>
   </div>
   <div class='ocr_carea' id='block_1_57' title="bbox 425 4035 1649 4102">
    <p class='ocr_par' dir='ltr' id='par_1_57' title="bbox 425 4035 1649 4102">
     <span class='ocr_line' id='line_1_57' title="bbox 425 4035 1649 4102; baseline 0.002 -14"><span class='ocrx_word' id='word_1_396' title='bbox 425 4035 474 4089; x_wconf 89' lang='grc' dir='ltr'><strong>ιδ</strong></span> <span class='ocrx_word' id='word_1_397' title='bbox 813 4050 842 4088; x_wconf 74' lang='grc' dir='ltr'>ι</span> <span class='ocrx_word' id='word_1_398' title='bbox 1214 4052 1269 4102; x_wconf 88' lang='grc' dir='ltr'>ιγ</span> <span class='ocrx_word' id='word_1_399' title='bbox 1604 4055 1649 4090; x_wconf 90' lang='grc' dir='ltr'><strong>ιε</strong></span> 
     </span>
    </p>
   </div>
   <div class='ocr_carea' id='block_1_58' title="bbox 423 4103 1675 4178">
    <p class='ocr_par' dir='ltr' id='par_1_58' title="bbox 423 4103 1675 4178">
     <span class='ocr_line' id='line_1_58' title="bbox 423 4103 1675 4178; baseline 0.002 -6"><span class='ocrx_word' id='word_1_400' title='bbox 423 4122 498 4173; x_wconf 83' lang='grc' dir='ltr'><strong>κγ</strong></span> <span class='ocrx_word' id='word_1_401' title='bbox 812 4103 895 4178; x_wconf 58' lang='lat' dir='ltr'><strong>lx;</strong></span> <span class='ocrx_word' id='word_1_402' title='bbox 1207 4105 1267 4178; x_wconf 61' lang='grc' dir='ltr'>ες</span> <span class='ocrx_word' id='word_1_403' title='bbox 1594 4124 1675 4178; x_wconf 80' lang='grc' dir='ltr'>μς</span> 
     </span>
    </p>
   </div>
   <div class='ocr_carea' id='block_1_59' title="bbox 421 4174 1669 4247">
    <p class='ocr_par' dir='ltr' id='par_1_59' title="bbox 421 4174 1669 4247">
     <span class='ocr_line' id='line_1_59' title="bbox 421 4174 1669 4247; baseline -0.002 -18"><span class='ocrx_word' id='word_1_404' title='bbox 421 4191 495 4244; x_wconf 80' lang='grc' dir='ltr'>κγ</span> <span class='ocrx_word' id='word_1_405' title='bbox 817 4175 886 4247; x_wconf 76' lang='grc' dir='ltr'>κζ</span> <span class='ocrx_word' id='word_1_406' title='bbox 1206 4174 1267 4227; x_wconf 87' lang='grc' dir='ltr'>λδ</span> <span class='ocrx_word' id='word_1_407' title='bbox 1587 4174 1669 4247; x_wconf 70' lang='grc' dir='ltr'>μς</span> 
     </span>
    </p>
   </div>
   <div class='ocr_carea' id='block_1_60' title="bbox 420 4243 1672 4385">
    <p class='ocr_par' dir='ltr' id='par_1_60' title="bbox 420 4243 1672 4385">
     <span class='ocr_line' id='line_1_60' title="bbox 420 4243 1672 4370; baseline 0.011 -72"><span class='ocrx_word' id='word_1_408' title='bbox 420 4243 493 4312; x_wconf 81' lang='grc' dir='ltr'>κγ</span> <span class='ocrx_word' id='word_1_409' title='bbox 815 4243 883 4308; x_wconf 66' lang='grc' dir='ltr'><strong>κζ</strong></span> <span class='ocrx_word' id='word_1_410' title='bbox 1202 4262 1271 4315; x_wconf 89' lang='grc' dir='ltr'>με</span> <span class='ocrx_word' id='word_1_411' title='bbox 1590 4243 1672 4370; x_wconf 42' lang='grc' dir='ltr'>ξς</span> 
     </span>
     <span class='ocr_line' id='line_1_61' title="bbox 423 4314 1660 4385; baseline -0.001 -18"><span class='ocrx_word' id='word_1_412' title='bbox 423 4332 454 4368; x_wconf 89' lang='grc' dir='ltr'><strong>ο</strong></span> <span class='ocrx_word' id='word_1_413' title='bbox 812 4331 847 4366; x_wconf 86' lang='grc' dir='ltr'>κ</span> <span class='ocrx_word' id='word_1_414' title='bbox 1210 4314 1274 4380; x_wconf 78' lang='grc' dir='ltr'>λζ</span> <span class='ocrx_word' id='word_1_415' title='bbox 1624 4334 1660 4385; x_wconf 84' lang='grc' dir='ltr'><strong>η</strong></span> 
     </span>
    </p>
   </div>
   <div class='ocr_carea' id='block_1_61' title="bbox 423 4405 1718 4481">
    <p class='ocr_par' dir='ltr' id='par_1_61' title="bbox 423 4405 1718 4481">
     <span class='ocr_line' id='line_1_62' title="bbox 423 4405 1718 4481; baseline 0.002 -21"><span class='ocrx_word' id='word_1_416' title='bbox 423 4409 499 4472; x_wconf 80' lang='grc' dir='ltr'>πζ</span> <span class='ocrx_word' id='word_1_417' title='bbox 821 4405 914 4476; x_wconf 91' lang='grc' dir='ltr'><strong>ρλθ</strong></span> <span class='ocrx_word' id='word_1_418' title='bbox 1201 4425 1264 4460; x_wconf 87' lang='grc' dir='ltr'>σν</span> <span class='ocrx_word' id='word_1_419' title='bbox 1605 4426 1718 4481; x_wconf 87' lang='grc' dir='ltr'>ρμα</span> 
     </span>
    </p>
   </div>
   <div class='ocr_carea' id='block_1_62' title="bbox 422 4482 1664 4550">
    <p class='ocr_par' dir='ltr' id='par_1_62' title="bbox 422 4482 1664 4550">
     <span class='ocr_line' id='line_1_63' title="bbox 422 4482 1664 4550; baseline -0.009 -6"><span class='ocrx_word' id='word_1_420' title='bbox 422 4482 494 4547; x_wconf 75' lang='grc' dir='ltr'><strong>ιιη</strong></span> <span class='ocrx_word' id='word_1_421' title='bbox 816 4483 897 4550; x_wconf 55' lang='grc' dir='ltr'>μς</span> <span class='ocrx_word' id='word_1_422' title='bbox 1205 4485 1301 4546; x_wconf 77' lang='grc' dir='ltr'>ρις</span> <span class='ocrx_word' id='word_1_423' title='bbox 1594 4499 1664 4550; x_wconf 90' lang='grc' dir='ltr'>ρκ</span> 
     </span>
    </p>
   </div>
   <div class='ocr_carea' id='block_1_63' title="bbox 419 4549 1682 4621">
    <p class='ocr_par' dir='ltr' id='par_1_63' title="bbox 419 4549 1682 4621">
     <span class='ocr_line' id='line_1_64' title="bbox 419 4549 1682 4621; baseline 0 -9"><span class='ocrx_word' id='word_1_424' title='bbox 419 4551 492 4619; x_wconf 56' lang='grc' dir='ltr'>ιιη</span> <span class='ocrx_word' id='word_1_425' title='bbox 810 4549 893 4614; x_wconf 56' lang='lat' dir='ltr'><strong>In:</strong></span> <span class='ocrx_word' id='word_1_426' title='bbox 1208 4565 1305 4619; x_wconf 83' lang='grc' dir='ltr'>ρις·</span> <span class='ocrx_word' id='word_1_427' title='bbox 1593 4549 1682 4621; x_wconf 64' lang='lat' dir='ltr'><strong>pa:</strong></span> 
     </span>
    </p>
   </div>
   <div class='ocr_carea' id='block_1_64' title="bbox 421 4621 1632 4690">
    <p class='ocr_par' dir='ltr' id='par_1_64' title="bbox 421 4621 1632 4690">
     <span class='ocr_line' id='line_1_65' title="bbox 421 4621 1632 4690; baseline -0.001 -8"><span class='ocrx_word' id='word_1_428' title='bbox 421 4621 493 4687; x_wconf 73' lang='grc' dir='ltr'><strong>ιιη</strong></span> <span class='ocrx_word' id='word_1_429' title='bbox 811 4621 890 4683; x_wconf 62' lang='grc' dir='ltr'><strong>ιτς</strong></span> <span class='ocrx_word' id='word_1_430' title='bbox 1200 4635 1297 4690; x_wconf 82' lang='grc' dir='ltr'><strong>ρις</strong></span> <span class='ocrx_word' id='word_1_431' title='bbox 1592 4637 1632 4689; x_wconf 88' lang='grc' dir='ltr'><strong>μ</strong></span> 
     </span>
    </p>
   </div>
   <div class='ocr_carea' id='block_1_65' title="bbox 420 4690 1690 4762">
    <p class='ocr_par' dir='ltr' id='par_1_65' title="bbox 420 4690 1690 4762">
     <span class='ocr_line' id='line_1_66' title="bbox 420 4690 1690 4762; baseline -0.012 -4"><span class='ocrx_word' id='word_1_432' title='bbox 420 4690 491 4758; x_wconf 51' lang='grc' dir='ltr'><strong>κη</strong></span> <span class='ocrx_word' id='word_1_433' title='bbox 814 4690 895 4753; x_wconf 53' lang='grc' dir='ltr'>μς</span> <span class='ocrx_word' id='word_1_434' title='bbox 1206 4706 1302 4761; x_wconf 85' lang='grc' dir='ltr'><strong>ρις</strong></span> <span class='ocrx_word' id='word_1_435' title='bbox 1591 4691 1690 4762; x_wconf 88' lang='grc' dir='ltr'><strong>ρκθ</strong></span> 
     </span>
    </p>
   </div>
   <div class='ocr_carea' id='block_1_66' title="bbox 419 4781 1693 4852">
    <p class='ocr_par' dir='ltr' id='par_1_66' title="bbox 419 4781 1693 4852">
     <span class='ocr_line' id='line_1_67' title="bbox 419 4781 1693 4852; baseline -0.001 0"><span class='ocrx_word' id='word_1_436' title='bbox 419 4781 492 4852; x_wconf 49' lang='lat' dir='ltr'><strong>in</strong></span> <span class='ocrx_word' id='word_1_437' title='bbox 810 4781 893 4852; x_wconf 62' lang='lat' dir='ltr'><strong>hs</strong></span> <span class='ocrx_word' id='word_1_438' title='bbox 1209 4796 1305 4852; x_wconf 64' lang='lat'><strong>959</strong></span> <span class='ocrx_word' id='word_1_439' title='bbox 1591 4781 1693 4852; x_wconf 78' lang='grc' dir='ltr'>ρλα</span> 
     </span>
    </p>
   </div>
   <div class='ocr_carea' id='block_1_67' title="bbox 419 4845 1650 4924">
    <p class='ocr_par' dir='ltr' id='par_1_67' title="bbox 419 4845 1650 4924">
     <span class='ocr_line' id='line_1_68' title="bbox 419 4845 1650 4924; baseline 0.006 -7"><span class='ocrx_word' id='word_1_440' title='bbox 419 4845 521 4917; x_wconf 76' lang='grc' dir='ltr'><strong>ρλγ</strong></span> <span class='ocrx_word' id='word_1_441' title='bbox 810 4845 875 4909; x_wconf 73' lang='grc' dir='ltr'>λς</span> <span class='ocrx_word' id='word_1_442' title='bbox 1205 4845 1267 4924; x_wconf 69' lang='grc' dir='ltr'><strong>ὸς</strong></span> <span class='ocrx_word' id='word_1_443' title='bbox 1585 4845 1650 4924; x_wconf 62' lang='lat' dir='ltr'><strong>b9</strong></span> 
     </span>
    </p>
   </div>
   <div class='ocr_carea' id='block_1_68' title="bbox 421 4919 1647 4987">
    <p class='ocr_par' dir='ltr' id='par_1_68' title="bbox 421 4919 1647 4987">
     <span class='ocr_line' id='line_1_69' title="bbox 421 4919 1647 4987; baseline 0.003 -17"><span class='ocrx_word' id='word_1_444' title='bbox 421 4933 450 4987; x_wconf 92' lang='grc' dir='ltr'>ρ</span> <span class='ocrx_word' id='word_1_445' title='bbox 458 4934 534 4987; x_wconf 83' lang='grc' dir='ltr'>μα</span> <span class='ocrx_word' id='word_1_446' title='bbox 810 4934 838 4968; x_wconf 94' lang='grc' dir='ltr'>ν</span> <span class='ocrx_word' id='word_1_447' title='bbox 1210 4919 1259 4971; x_wconf 88' lang='grc' dir='ltr'><strong>ιθ</strong></span> <span class='ocrx_word' id='word_1_448' title='bbox 1585 4919 1647 4974; x_wconf 78' lang='grc' dir='ltr'><strong>νθ</strong></span> 
     </span>
    </p>
   </div>
   <div class='ocr_carea' id='block_1_69' title="bbox 420 4987 1646 5058">
    <p class='ocr_par' dir='ltr' id='par_1_69' title="bbox 420 4987 1646 5058">
     <span class='ocr_line' id='line_1_70' title="bbox 420 4987 1646 5058; baseline 0.005 -20"><span class='ocrx_word' id='word_1_449' title='bbox 420 5004 450 5058; x_wconf 90' lang='grc' dir='ltr'>ρ</span> <span class='ocrx_word' id='word_1_450' title='bbox 457 4987 530 5057; x_wconf 83' lang='grc' dir='ltr'><strong>μϐ</strong></span> <span class='ocrx_word' id='word_1_451' title='bbox 811 5004 877 5058; x_wconf 80' lang='grc' dir='ltr'><strong>να</strong></span> <span class='ocrx_word' id='word_1_452' title='bbox 1201 5005 1275 5043; x_wconf 87' lang='grc' dir='ltr'><strong>κα</strong></span> <span class='ocrx_word' id='word_1_453' title='bbox 1588 4991 1646 5044; x_wconf 89' lang='grc' dir='ltr'><strong>λε</strong></span> 
     </span>
    </p>
   </div>
   <div class='ocr_carea' id='block_1_70' title="bbox 421 5055 1670 5131">
    <p class='ocr_par' dir='ltr' id='par_1_70' title="bbox 421 5055 1670 5131">
     <span class='ocr_line' id='line_1_71' title="bbox 421 5055 1670 5131; baseline 0.002 -3"><span class='ocrx_word' id='word_1_454' title='bbox 421 5055 526 5128; x_wconf 57' lang='lat' dir='ltr'><strong>Pth-</strong></span> <span class='ocrx_word' id='word_1_455' title='bbox 807 5055 865 5123; x_wconf 81' lang='grc' dir='ltr'>εδ</span> <span class='ocrx_word' id='word_1_456' title='bbox 1210 5063 1284 5128; x_wconf 59' lang='lat' dir='ltr'>HT</span> <span class='ocrx_word' id='word_1_457' title='bbox 1598 5060 1670 5131; x_wconf 78' lang='grc' dir='ltr'>μθ</span> 
     </span>
    </p>
   </div>
   <div class='ocr_carea' id='block_1_71' title="bbox 419 5148 1650 5235">
    <p class='ocr_par' dir='ltr' id='par_1_71' title="bbox 419 5148 1650 5235">
     <span class='ocr_line' id='line_1_72' title="bbox 419 5148 1650 5235; baseline 0 0"><span class='ocrx_word' id='word_1_458' title='bbox 419 5148 514 5235; x_wconf 62' lang='lat' dir='ltr'><strong>ps</strong></span> <span class='ocrx_word' id='word_1_459' title='bbox 1195 5150 1266 5235; x_wconf 59' lang='grc' dir='ltr'><strong>ξιξ</strong></span> <span class='ocrx_word' id='word_1_460' title='bbox 1598 5149 1650 5235; x_wconf 73' lang='grc' dir='ltr'>ις</span> 
     </span>
    </p>
   </div>
   <div class='ocr_carea' id='block_1_72' title="bbox 416 5219 1641 5362">
    <p class='ocr_par' dir='ltr' id='par_1_72' title="bbox 416 5219 1641 5362">
     <span class='ocr_line' id='line_1_73' title="bbox 416 5219 1641 5289; baseline 0.002 -17"><span class='ocrx_word' id='word_1_461' title='bbox 416 5219 523 5289; x_wconf 61' lang='lat' dir='ltr'><strong>pic;</strong></span> <span class='ocrx_word' id='word_1_462' title='bbox 805 5219 879 5271; x_wconf 81' lang='grc' dir='ltr'><strong>πϐ</strong></span> <span class='ocrx_word' id='word_1_463' title='bbox 1198 5220 1266 5285; x_wconf 49' lang='grc' dir='ltr'><strong>ἰπδ</strong></span> <span class='ocrx_word' id='word_1_464' title='bbox 1583 5221 1641 5274; x_wconf 86' lang='grc' dir='ltr'><strong>οδ</strong></span> 
     </span>
     <span class='ocr_line' id='line_1_74' title="bbox 417 5287 1626 5362; baseline 0.003 -22"><span class='ocrx_word' id='word_1_465' title='bbox 417 5287 478 5340; x_wconf 87' lang='grc' dir='ltr'><strong>σθ</strong></span> <span class='ocrx_word' id='word_1_466' title='bbox 810 5288 896 5359; x_wconf 91' lang='grc' dir='ltr'><strong>ριθ</strong></span> <span class='ocrx_word' id='word_1_467' title='bbox 1198 5289 1290 5362; x_wconf 82' lang='grc' dir='ltr'><strong>σλδ</strong></span> <span class='ocrx_word' id='word_1_468' title='bbox 1595 5310 1626 5362; x_wconf 91' lang='grc' dir='ltr'>ρ</span> 
     </span>
    </p>
   </div>
   <div class='ocr_carea' id='block_1_73' title="bbox 416 5359 1664 5500">
    <p class='ocr_par' dir='ltr' id='par_1_73' title="bbox 416 5359 1664 5500">
     <span class='ocr_line' id='line_1_75' title="bbox 416 5359 1658 5428; baseline 0.007 -20"><span class='ocrx_word' id='word_1_469' title='bbox 416 5375 505 5410; x_wconf 86' lang='grc' dir='ltr'><strong>σια</strong></span> <span class='ocrx_word' id='word_1_470' title='bbox 808 5375 912 5428; x_wconf 85' lang='grc' dir='ltr'><strong>ρκα</strong></span> <span class='ocrx_word' id='word_1_471' title='bbox 1197 5359 1258 5412; x_wconf 86' lang='grc' dir='ltr'><strong>σλ</strong></span> <span class='ocrx_word' id='word_1_472' title='bbox 1585 5359 1658 5417; x_wconf 77' lang='grc' dir='ltr'><strong>κα</strong></span> 
     </span>
     <span class='ocr_line' id='line_1_76' title="bbox 416 5377 1664 5500; baseline 0.005 -20"><span class='ocrx_word' id='word_1_473' title='bbox 416 5443 484 5480; x_wconf 87' lang='grc' dir='ltr'><strong>σκ</strong></span> <span class='ocrx_word' id='word_1_474' title='bbox 809 5429 910 5500; x_wconf 89' lang='grc' dir='ltr'><strong>ρκϐ</strong></span> <span class='ocrx_word' id='word_1_475' title='bbox 1207 5377 1301 5483; x_wconf 54' lang='grc' dir='ltr'><strong>σλᾌ</strong></span> <span class='ocrx_word' id='word_1_476' title='bbox 1599 5433 1664 5498; x_wconf 75' lang='grc' dir='ltr'>οξ</span> 
     </span>
    </p>
   </div>
   <div class='ocr_carea' id='block_1_74' title="bbox 415 5521 1674 5662">
    <p class='ocr_par' dir='ltr' id='par_1_74' title="bbox 415 5521 1674 5662">
     <span class='ocr_line' id='line_1_77' title="bbox 418 5521 1663 5592; baseline 0.005 -20"><span class='ocrx_word' id='word_1_477' title='bbox 418 5535 485 5572; x_wconf 86' lang='grc' dir='ltr'><strong>σκ</strong></span> <span class='ocrx_word' id='word_1_478' title='bbox 811 5521 911 5592; x_wconf 86' lang='grc' dir='ltr'><strong>ρκθ</strong></span> <span class='ocrx_word' id='word_1_479' title='bbox 1199 5540 1230 5576; x_wconf 91' lang='grc' dir='ltr'><strong>σ</strong></span> <span class='ocrx_word' id='word_1_480' title='bbox 1275 5522 1309 5575; x_wconf 80' lang='grc' dir='ltr'><strong>ϐ</strong></span> <span class='ocrx_word' id='word_1_481' title='bbox 1593 5541 1663 5578; x_wconf 86' lang='grc' dir='ltr'><strong>πε</strong></span> 
     </span>
     <span class='ocr_line' id='line_1_78' title="bbox 415 5541 1674 5662; baseline 0.004 -20"><span class='ocrx_word' id='word_1_482' title='bbox 415 5605 484 5642; x_wconf 84' lang='grc' dir='ltr'><strong>σκ</strong></span> <span class='ocrx_word' id='word_1_483' title='bbox 499 5657 516 5662; x_wconf 77' lang='lat'><strong><em>_</em></strong></span> <span class='ocrx_word' id='word_1_484' title='bbox 813 5592 915 5662; x_wconf 81' lang='grc' dir='ltr'><strong>ρκϐ</strong></span> <span class='ocrx_word' id='word_1_485' title='bbox 1197 5541 1296 5658; x_wconf 53' lang='lat' dir='ltr'><strong>oga</strong></span> <span class='ocrx_word' id='word_1_486' title='bbox 1595 5610 1674 5662; x_wconf 73' lang='grc' dir='ltr'><strong>πη</strong></span> 
     </span>
    </p>
   </div>
   <div class='ocr_carea' id='block_1_75' title="bbox 416 5641 1715 5796">
    <p class='ocr_par' dir='ltr' id='par_1_75' title="bbox 416 5641 1715 5796">
     <span class='ocr_line' id='line_1_79' title="bbox 416 5641 1715 5796; baseline 0.013 -16"><span class='ocrx_word' id='word_1_487' title='bbox 416 5657 523 5796; x_wconf 70' lang='grc' dir='ltr'><strong>εεῖὲ</strong></span> <span class='ocrx_word' id='word_1_488' title='bbox 803 5641 908 5796; x_wconf 60' lang='lat' dir='ltr'><strong>iii</strong></span> <span class='ocrx_word' id='word_1_489' title='bbox 1597 5641 1715 5796; x_wconf 64' lang='lat' dir='ltr'><strong>EE:</strong></span> 
     </span>
    </p>
   </div>
   <div class='ocr_carea' id='block_1_76' title="bbox 422 5748 1718 5870">
    <p class='ocr_par' dir='ltr' id='par_1_76' title="bbox 422 5748 1718 5870">
     <span class='ocr_line' id='line_1_80' title="bbox 422 5748 1718 5851; baseline 0.006 -71"><span class='ocrx_word' id='word_1_490' title='bbox 422 5748 522 5851; x_wconf 47' lang='lat'><strong>:5;</strong></span> <span class='ocrx_word' id='word_1_491' title='bbox 804 5748 898 5802; x_wconf 75' lang='lat' dir='ltr'><strong>pm</strong></span> <span class='ocrx_word' id='word_1_492' title='bbox 1196 5749 1259 5785; x_wconf 86' lang='grc' dir='ltr'>σν</span> <span class='ocrx_word' id='word_1_493' title='bbox 1597 5753 1631 5809; x_wconf 93' lang='grc' dir='ltr'>ρ</span> <span class='ocrx_word' id='word_1_494' title='bbox 1637 5754 1718 5808; x_wconf 84' lang='grc' dir='ltr'><strong>μς·</strong></span> 
     </span>
     <span class='ocr_line' id='line_1_81' title="bbox 811 5802 1648 5870; baseline 0.001 -2"><span class='ocrx_word' id='word_1_495' title='bbox 811 5818 916 5868; x_wconf 81' lang='grc' dir='ltr'><strong>ρνς</strong></span> <span class='ocrx_word' id='word_1_496' title='bbox 1198 5802 1263 5870; x_wconf 79' lang='grc' dir='ltr'><strong>σε</strong></span> <span class='ocrx_word' id='word_1_497' title='bbox 1606 5822 1648 5860; x_wconf 82' lang='grc' dir='ltr'>κ</span> 
     </span>
    </p>
   </div>
   <div class='ocr_carea' id='block_1_77' title="bbox 1885 3444 1927 3501">
    <p class='ocr_par' dir='ltr' id='par_1_77' title="bbox 1885 3444 1927 3501">
     <span class='ocr_line' id='line_1_82' title="bbox 1885 3444 1927 3501; baseline 0 0"><span class='ocrx_word' id='word_1_498' title='bbox 1885 3444 1927 3501; x_wconf 94' lang='lat' dir='ltr'><strong>C</strong></span> 
     </span>
    </p>
   </div>
   <div class='ocr_carea' id='block_1_78' title="bbox 1975 1937 3542 2010">
    <p class='ocr_par' dir='ltr' id='par_1_78' title="bbox 1975 1937 3542 2010">
     <span class='ocr_line' id='line_1_83' title="bbox 1975 1937 3542 2010; baseline -0.002 -15"><span class='ocrx_word' id='word_1_499' title='bbox 1975 1939 2242 2004; x_wconf 90' lang='lat' dir='ltr'><strong>secundo,</strong></span> <span class='ocrx_word' id='word_1_500' title='bbox 2267 1945 2320 1993; x_wconf 89' lang='lat' dir='ltr'><strong>et</strong></span> <span class='ocrx_word' id='word_1_501' title='bbox 2346 1937 2534 1993; x_wconf 90' lang='lat' dir='ltr'><strong>eodem</strong></span> <span class='ocrx_word' id='word_1_502' title='bbox 2560 1937 2722 1991; x_wconf 88' lang='lat' dir='ltr'><strong>modo</strong></span> <span class='ocrx_word' id='word_1_503' title='bbox 2753 1952 2928 2007; x_wconf 91' lang='lat' dir='ltr'><strong>usque</strong></span> <span class='ocrx_word' id='word_1_504' title='bbox 2959 1938 3026 1991; x_wconf 93' lang='lat' dir='ltr'><strong>ad</strong></span> <span class='ocrx_word' id='word_1_505' title='bbox 3051 1941 3258 1993; x_wconf 83' lang='lat' dir='ltr'><strong>decem.</strong></span> <span class='ocrx_word' id='word_1_506' title='bbox 3295 1939 3351 1992; x_wconf 87' lang='lat' dir='ltr'><strong>Si</strong></span> <span class='ocrx_word' id='word_1_507' title='bbox 3382 1939 3542 2010; x_wconf 79' lang='lat' dir='ltr'><strong>igitur</strong></span> 
     </span>
    </p>
   </div>
   <div class='ocr_carea' id='block_1_79' title="bbox 1973 2030 3543 2101">
    <p class='ocr_par' dir='ltr' id='par_1_79' title="bbox 1973 2030 3543 2101">
     <span class='ocr_line' id='line_1_84' title="bbox 1973 2030 3543 2101; baseline -0.003 -13"><span class='ocrx_word' id='word_1_508' title='bbox 1973 2033 2190 2088; x_wconf 88' lang='lat' dir='ltr'><strong>evoluto</strong></span> <span class='ocrx_word' id='word_1_509' title='bbox 2223 2046 2330 2086; x_wconf 92' lang='lat' dir='ltr'><strong>uno</strong></span> <span class='ocrx_word' id='word_1_510' title='bbox 2359 2031 2731 2100; x_wconf 87' lang='lat' dir='ltr'><strong>qualicunque</strong></span> <span class='ocrx_word' id='word_1_511' title='bbox 2765 2046 2889 2085; x_wconf 89' lang='lat' dir='ltr'><strong>cum</strong></span> <span class='ocrx_word' id='word_1_512' title='bbox 2945 2038 3180 2101; x_wconf 85' lang='lat' dir='ltr'><strong>quatuor</strong></span> <span class='ocrx_word' id='word_1_513' title='bbox 3214 2030 3543 2101; x_wconf 85' lang='lat' dir='ltr'><strong>Evangeliis,</strong></span> 
     </span>
    </p>
   </div>
   <div class='ocr_carea' id='block_1_80' title="bbox 1972 2109 3545 2194">
    <p class='ocr_par' dir='ltr' id='par_1_80' title="bbox 1972 2109 3545 2194">
     <span class='ocr_line' id='line_1_85' title="bbox 1972 2109 3545 2194; baseline -0.003 -14"><span class='ocrx_word' id='word_1_514' title='bbox 1972 2125 2193 2180; x_wconf 88' lang='lat' dir='ltr'><strong>cuilibet</strong></span> <span class='ocrx_word' id='word_1_515' title='bbox 2216 2123 2455 2194; x_wconf 89' lang='lat' dir='ltr'><strong>capitulo</strong></span> <span class='ocrx_word' id='word_1_516' title='bbox 2471 2122 2605 2178; x_wconf 90' lang='lat' dir='ltr'><strong>velis</strong></span> <span class='ocrx_word' id='word_1_517' title='bbox 2636 2123 2910 2184; x_wconf 85' lang='lat' dir='ltr'><strong>insistere.</strong></span> <span class='ocrx_word' id='word_1_518' title='bbox 2944 2131 2997 2177; x_wconf 88' lang='lat' dir='ltr'><strong>et</strong></span> <span class='ocrx_word' id='word_1_519' title='bbox 3031 2122 3233 2178; x_wconf 85' lang='lat' dir='ltr'><strong>rescire</strong></span> <span class='ocrx_word' id='word_1_520' title='bbox 3264 2121 3355 2192; x_wconf 91' lang='lat' dir='ltr'><strong>qui</strong></span> <span class='ocrx_word' id='word_1_521' title='bbox 3386 2109 3545 2176; x_wconf 29' lang='lat' dir='ltr'><strong>&#39;simi-</strong></span> 
     </span>
    </p>
   </div>
   <div class='ocr_carea' id='block_1_81' title="bbox 1972 2213 3542 2283">
    <p class='ocr_par' dir='ltr' id='par_1_81' title="bbox 1972 2213 3542 2283">
     <span class='ocr_line' id='line_1_86' title="bbox 1972 2213 3542 2283; baseline 0 -15"><span class='ocrx_word' id='word_1_522' title='bbox 1972 2215 2041 2269; x_wconf 85' lang='lat' dir='ltr'><strong>lia</strong></span> <span class='ocrx_word' id='word_1_523' title='bbox 2063 2215 2329 2280; x_wconf 78' lang='lat' dir='ltr'><strong>dixerint,</strong></span> <span class='ocrx_word' id='word_1_524' title='bbox 2360 2223 2413 2269; x_wconf 92' lang='lat' dir='ltr'><strong>et</strong></span> <span class='ocrx_word' id='word_1_525' title='bbox 2434 2215 2554 2268; x_wconf 89' lang='lat' dir='ltr'><strong>loca</strong></span> <span class='ocrx_word' id='word_1_526' title='bbox 2589 2213 2810 2283; x_wconf 90' lang='lat' dir='ltr'><strong>propria</strong></span> <span class='ocrx_word' id='word_1_527' title='bbox 2840 2228 3140 2283; x_wconf 86' lang='lat' dir='ltr'><strong>agnoscere</strong></span> <span class='ocrx_word' id='word_1_528' title='bbox 3175 2213 3542 2282; x_wconf 87' lang='lat' dir='ltr'><strong>singulorum,</strong></span> 
     </span>
    </p>
   </div>
   <div class='ocr_carea' id='block_1_82' title="bbox 1969 2305 3546 2377">
    <p class='ocr_par' dir='ltr' id='par_1_82' title="bbox 1969 2305 3546 2377">
     <span class='ocr_line' id='line_1_87' title="bbox 1969 2305 3546 2377; baseline 0.001 -15"><span class='ocrx_word' id='word_1_529' title='bbox 1969 2307 2025 2362; x_wconf 91' lang='lat' dir='ltr'><strong>in</strong></span> <span class='ocrx_word' id='word_1_530' title='bbox 2059 2309 2258 2377; x_wconf 91' lang='lat' dir='ltr'><strong>quibus</strong></span> <span class='ocrx_word' id='word_1_531' title='bbox 2318 2307 2508 2362; x_wconf 88' lang='lat' dir='ltr'><strong>eadem</strong></span> <span class='ocrx_word' id='word_1_532' title='bbox 2560 2313 2688 2360; x_wconf 88' lang='lat' dir='ltr'><strong>sunt</strong></span> <span class='ocrx_word' id='word_1_533' title='bbox 2736 2306 3004 2376; x_wconf 89' lang='lat' dir='ltr'><strong>prolocuti</strong></span> <span class='ocrx_word' id='word_1_534' title='bbox 3063 2305 3308 2374; x_wconf 84' lang='lat' dir='ltr'><strong>ejusdem</strong></span> <span class='ocrx_word' id='word_1_535' title='bbox 3347 2320 3546 2364; x_wconf 81' lang='lat' dir='ltr'><strong>sensus</strong></span> 
     </span>
    </p>
   </div>
   <div class='ocr_carea' id='block_1_83' title="bbox 1968 2399 3543 2470">
    <p class='ocr_par' dir='ltr' id='par_1_83' title="bbox 1968 2399 3543 2470">
     <span class='ocr_line' id='line_1_88' title="bbox 1968 2399 3543 2470; baseline -0.001 -17"><span class='ocrx_word' id='word_1_536' title='bbox 1968 2416 2129 2470; x_wconf 89' lang='lat' dir='ltr'><strong>quem</strong></span> <span class='ocrx_word' id='word_1_537' title='bbox 2163 2407 2355 2464; x_wconf 91' lang='lat' dir='ltr'><strong>tenes;</strong></span> <span class='ocrx_word' id='word_1_538' title='bbox 2386 2399 2638 2469; x_wconf 84' lang='lat' dir='ltr'><strong>relegens</strong></span> <span class='ocrx_word' id='word_1_539' title='bbox 2672 2399 3011 2469; x_wconf 89' lang='lat' dir='ltr'><strong>propositum</strong></span> <span class='ocrx_word' id='word_1_540' title='bbox 3049 2413 3357 2460; x_wconf 87' lang='lat' dir='ltr'><strong>numerum.</strong></span> <span class='ocrx_word' id='word_1_541' title='bbox 3389 2414 3543 2468; x_wconf 74' lang='lat' dir='ltr'><strong>quze-</strong></span> 
     </span>
    </p>
   </div>
   <div class='ocr_carea' id='block_1_84' title="bbox 1969 2488 3544 2562">
    <p class='ocr_par' dir='ltr' id='par_1_84' title="bbox 1969 2488 3544 2562">
     <span class='ocr_line' id='line_1_89' title="bbox 1969 2488 3544 2562; baseline -0.003 -15"><span class='ocrx_word' id='word_1_542' title='bbox 1969 2490 2241 2562; x_wconf 81' lang='lat' dir='ltr'><strong>situmque</strong></span> <span class='ocrx_word' id='word_1_543' title='bbox 2269 2507 2392 2546; x_wconf 85' lang='lat' dir='ltr'><strong>eum</strong></span> <span class='ocrx_word' id='word_1_544' title='bbox 2424 2491 2480 2545; x_wconf 91' lang='lat' dir='ltr'><strong>in</strong></span> <span class='ocrx_word' id='word_1_545' title='bbox 2507 2491 2667 2544; x_wconf 93' lang='lat' dir='ltr'><strong>titulo</strong></span> <span class='ocrx_word' id='word_1_546' title='bbox 2691 2505 2850 2560; x_wconf 87' lang='lat' dir='ltr'><strong>quem</strong></span> <span class='ocrx_word' id='word_1_547' title='bbox 2877 2490 3214 2545; x_wconf 83' lang='lat' dir='ltr'><strong>demonstrat</strong></span> <span class='ocrx_word' id='word_1_548' title='bbox 3238 2488 3378 2542; x_wconf 88' lang='lat' dir='ltr'><strong>tituli</strong></span> <span class='ocrx_word' id='word_1_549' title='bbox 3412 2490 3544 2544; x_wconf 86' lang='lat' dir='ltr'><strong>sub-</strong></span> 
     </span>
    </p>
   </div>
   <div class='ocr_carea' id='block_1_85' title="bbox 1968 2581 3538 2652">
    <p class='ocr_par' dir='ltr' id='par_1_85' title="bbox 1968 2581 3538 2652">
     <span class='ocr_line' id='line_1_90' title="bbox 1968 2581 3538 2652; baseline -0.001 -13"><span class='ocrx_word' id='word_1_550' title='bbox 1968 2587 2197 2649; x_wconf 90' lang='lat' dir='ltr'><strong>notatio,</strong></span> <span class='ocrx_word' id='word_1_551' title='bbox 2221 2585 2485 2640; x_wconf 89' lang='lat' dir='ltr'><strong>continuo</strong></span> <span class='ocrx_word' id='word_1_552' title='bbox 2508 2584 2652 2639; x_wconf 90' lang='lat' dir='ltr'><strong>scire</strong></span> <span class='ocrx_word' id='word_1_553' title='bbox 2669 2592 2824 2652; x_wconf 85' lang='lat' dir='ltr'><strong>potes</strong></span> <span class='ocrx_word' id='word_1_554' title='bbox 2853 2597 2917 2636; x_wconf 89' lang='lat' dir='ltr'><strong>ex</strong></span> <span class='ocrx_word' id='word_1_555' title='bbox 2949 2581 3538 2652; x_wconf 87' lang='lat' dir='ltr'><strong>suprascriptionibus,</strong></span> 
     </span>
    </p>
   </div>
   <div class='ocr_carea' id='block_1_86' title="bbox 1966 2673 3542 2748">
    <p class='ocr_par' dir='ltr' id='par_1_86' title="bbox 1966 2673 3542 2748">
     <span class='ocr_line' id='line_1_91' title="bbox 1966 2673 3542 2748; baseline -0.002 -17"><span class='ocrx_word' id='word_1_556' title='bbox 1966 2694 2103 2748; x_wconf 85' lang='lat' dir='ltr'><strong>quas</strong></span> <span class='ocrx_word' id='word_1_557' title='bbox 2135 2679 2188 2732; x_wconf 91' lang='lat' dir='ltr'><strong>in</strong></span> <span class='ocrx_word' id='word_1_558' title='bbox 2252 2677 2431 2732; x_wconf 78' lang='lat' dir='ltr'><strong>fronte</strong></span> <span class='ocrx_word' id='word_1_559' title='bbox 2467 2684 2687 2732; x_wconf 86' lang='lat' dir='ltr'><strong>notatas</strong></span> <span class='ocrx_word' id='word_1_560' title='bbox 2727 2675 3008 2739; x_wconf 88' lang='lat' dir='ltr'><strong>invenies,</strong></span> <span class='ocrx_word' id='word_1_561' title='bbox 3033 2675 3126 2744; x_wconf 81' lang='lat' dir='ltr'><strong>qui</strong></span> <span class='ocrx_word' id='word_1_562' title='bbox 3178 2684 3271 2728; x_wconf 87' lang='lat' dir='ltr'><strong>aut</strong></span> <span class='ocrx_word' id='word_1_563' title='bbox 3307 2680 3441 2744; x_wconf 89' lang='lat' dir='ltr'><strong>quot</strong></span> <span class='ocrx_word' id='word_1_564' title='bbox 3474 2673 3542 2728; x_wconf 90' lang='lat' dir='ltr'><strong>de</strong></span> 
     </span>
    </p>
   </div>
   <div class='ocr_carea' id='block_1_87' title="bbox 1966 2765 3539 2842">
    <p class='ocr_par' dir='ltr' id='par_1_87' title="bbox 1966 2765 3539 2842">
     <span class='ocr_line' id='line_1_92' title="bbox 1966 2765 3539 2842; baseline -0.004 -16"><span class='ocrx_word' id='word_1_565' title='bbox 1966 2772 2052 2827; x_wconf 89' lang='lat' dir='ltr'><strong>his</strong></span> <span class='ocrx_word' id='word_1_566' title='bbox 2081 2787 2200 2842; x_wconf 68' lang='lat' dir='ltr'><strong>qua:</strong></span> <span class='ocrx_word' id='word_1_567' title='bbox 2235 2771 2490 2841; x_wconf 88' lang='lat' dir='ltr'><strong>inquiris,</strong></span> <span class='ocrx_word' id='word_1_568' title='bbox 2523 2769 2722 2824; x_wconf 92' lang='lat' dir='ltr'><strong>similia</strong></span> <span class='ocrx_word' id='word_1_569' title='bbox 2767 2766 3026 2822; x_wconf 80' lang='lat' dir='ltr'><strong>dixerint.</strong></span> <span class='ocrx_word' id='word_1_570' title='bbox 3078 2765 3315 2820; x_wconf 74' lang='lat' dir='ltr'><strong>Veniens</strong></span> <span class='ocrx_word' id='word_1_571' title='bbox 3373 2766 3539 2820; x_wconf 90' lang='lat' dir='ltr'><strong>etiam</strong></span> 
     </span>
    </p>
   </div>
   <div class='ocr_carea' id='block_1_88' title="bbox 1965 2858 3538 2933">
    <p class='ocr_par' dir='ltr' id='par_1_88' title="bbox 1965 2858 3538 2933">
     <span class='ocr_line' id='line_1_93' title="bbox 1965 2858 3538 2933; baseline -0.004 -17"><span class='ocrx_word' id='word_1_572' title='bbox 1965 2863 2032 2918; x_wconf 87' lang='lat' dir='ltr'><strong>ad</strong></span> <span class='ocrx_word' id='word_1_573' title='bbox 2058 2864 2266 2933; x_wconf 80' lang='lat' dir='ltr'><strong>reliqua</strong></span> <span class='ocrx_word' id='word_1_574' title='bbox 2314 2860 2603 2932; x_wconf 79' lang='lat' dir='ltr'><strong>Evangelia</strong></span> <span class='ocrx_word' id='word_1_575' title='bbox 2641 2874 2739 2930; x_wconf 88' lang='lat' dir='ltr'><strong>per</strong></span> <span class='ocrx_word' id='word_1_576' title='bbox 2771 2858 3020 2914; x_wconf 90' lang='lat' dir='ltr'><strong>eumdem</strong></span> <span class='ocrx_word' id='word_1_577' title='bbox 3053 2872 3341 2912; x_wconf 89' lang='lat' dir='ltr'><strong>numerum</strong></span> <span class='ocrx_word' id='word_1_578' title='bbox 3374 2871 3538 2926; x_wconf 88' lang='lat' dir='ltr'><strong>quem</strong></span> 
     </span>
    </p>
   </div>
   <div class='ocr_carea' id='block_1_89' title="bbox 1965 2949 3536 3020">
    <p class='ocr_par' dir='ltr' id='par_1_89' title="bbox 1965 2949 3536 3020">
     <span class='ocr_line' id='line_1_94' title="bbox 1965 2949 3536 3020; baseline -0.004 -11"><span class='ocrx_word' id='word_1_579' title='bbox 1965 2955 2267 3018; x_wconf 73' lang='lat' dir='ltr'><strong>cont-inerit,</strong></span> <span class='ocrx_word' id='word_1_580' title='bbox 2299 2951 2509 3007; x_wconf 79' lang='lat' dir='ltr'><strong>videbis</strong></span> <span class='ocrx_word' id='word_1_581' title='bbox 2541 2951 2821 3020; x_wconf 77' lang='lat' dir='ltr'><strong>appositas</strong></span> <span class='ocrx_word' id='word_1_582' title='bbox 2845 2963 2941 3019; x_wconf 88' lang='lat' dir='ltr'><strong>per</strong></span> <span class='ocrx_word' id='word_1_583' title='bbox 2971 2949 3214 3018; x_wconf 82' lang='lat' dir='ltr'><strong>singulos</strong></span> <span class='ocrx_word' id='word_1_584' title='bbox 3251 2963 3536 3010; x_wconf 86' lang='lat' dir='ltr'><strong>numeros.</strong></span> 
     </span>
    </p>
   </div>
   <div class='ocr_carea' id='block_1_90' title="bbox 1965 3036 3540 3115">
    <p class='ocr_par' dir='ltr' id='par_1_90' title="bbox 1965 3036 3540 3115">
     <span class='ocr_line' id='line_1_95' title="bbox 1965 3036 3540 3115; baseline -0.004 -15"><span class='ocrx_word' id='word_1_585' title='bbox 1965 3053 2127 3115; x_wconf 88' lang='lat' dir='ltr'><strong>atque</strong></span> <span class='ocrx_word' id='word_1_586' title='bbox 2161 3059 2258 3098; x_wconf 90' lang='lat' dir='ltr'><strong>eos</strong></span> <span class='ocrx_word' id='word_1_587' title='bbox 2304 3044 2360 3098; x_wconf 93' lang='lat' dir='ltr'><strong>in</strong></span> <span class='ocrx_word' id='word_1_588' title='bbox 2393 3041 2509 3098; x_wconf 86' lang='lat' dir='ltr'><strong>suis</strong></span> <span class='ocrx_word' id='word_1_589' title='bbox 2539 3039 2888 3111; x_wconf 88' lang='lat' dir='ltr'><strong>propriisque</strong></span> <span class='ocrx_word' id='word_1_590' title='bbox 2939 3040 3075 3095; x_wconf 78' lang='lat' dir='ltr'><strong>locis</strong></span> <span class='ocrx_word' id='word_1_591' title='bbox 3103 3037 3302 3095; x_wconf 88' lang='lat' dir='ltr'><strong>similia</strong></span> <span class='ocrx_word' id='word_1_592' title='bbox 3332 3036 3540 3094; x_wconf 77' lang='lat' dir='ltr'><strong>dixisse</strong></span> 
     </span>
    </p>
   </div>
   <div class='ocr_carea' id='block_1_91' title="bbox 1967 3135 2226 3204">
    <p class='ocr_par' dir='ltr' id='par_1_91' title="bbox 1967 3135 2226 3204">
     <span class='ocr_line' id='line_1_96' title="bbox 1967 3135 2226 3204; baseline -0.015 -14"><span class='ocrx_word' id='word_1_593' title='bbox 1967 3135 2226 3204; x_wconf 88' lang='lat' dir='ltr'><strong>reperies.</strong></span> 
     </span>
    </p>
   </div>
   <div class='ocr_carea' id='block_1_92' title="bbox 1993 3422 3500 3494">
    <p class='ocr_par' dir='ltr' id='par_1_92' title="bbox 1993 3422 3500 3494">
     <span class='ocr_line' id='line_1_97' title="bbox 1993 3422 3500 3494; baseline -0.007 -3"><span class='ocrx_word' id='word_1_594' title='bbox 1993 3432 2247 3491; x_wconf 84' lang='lat' dir='ltr'><strong>INCIPIT</strong></span> <span class='ocrx_word' id='word_1_595' title='bbox 2286 3430 2517 3489; x_wconf 79' lang='lat' dir='ltr'><strong>CANON</strong></span> <span class='ocrx_word' id='word_1_596' title='bbox 2554 3427 2816 3484; x_wconf 77' lang='lat' dir='ltr'><strong>PRIMUS</strong></span> <span class='ocrx_word' id='word_1_597' title='bbox 2853 3427 2920 3482; x_wconf 86' lang='lat' dir='ltr'>IN</span> <span class='ocrx_word' id='word_1_598' title='bbox 2958 3427 3102 3494; x_wconf 73' lang='lat' dir='ltr'><strong>QUO</strong></span> <span class='ocrx_word' id='word_1_599' title='bbox 3140 3422 3500 3492; x_wconf 76' lang='lat' dir='ltr'><strong>QUATUOR.</strong></span> 
     </span>
    </p>
   </div>
   <div class='ocr_carea' id='block_1_93' title="bbox 2030 3528 3415 3598">
    <p class='ocr_par' dir='ltr' id='par_1_93' title="bbox 2030 3528 3415 3598">
     <span class='ocr_line' id='line_1_98' title="bbox 2030 3528 3415 3598; baseline -0.006 0"><span class='ocrx_word' id='word_1_600' title='bbox 2030 3541 2294 3598; x_wconf 82' lang='lat' dir='ltr'><strong>MATTII.</strong></span> <span class='ocrx_word' id='word_1_601' title='bbox 2440 3537 2652 3594; x_wconf 79' lang='lat' dir='ltr'><strong>MARC.</strong></span> <span class='ocrx_word' id='word_1_602' title='bbox 2799 3533 3045 3591; x_wconf 81' lang='lat' dir='ltr'><strong>LUCAS.</strong></span> <span class='ocrx_word' id='word_1_603' title='bbox 3222 3528 3415 3589; x_wconf 81' lang='lat' dir='ltr'><strong>JOAN.</strong></span> 
     </span>
    </p>
   </div>
   <div class='ocr_carea' id='block_1_94' title="bbox 2031 3651 3247 3710">
    <p class='ocr_par' dir='ltr' id='par_1_94' title="bbox 2031 3651 3247 3710">
     <span class='ocr_line' id='line_1_99' title="bbox 2031 3651 3247 3710; baseline -0.004 0"><span class='ocrx_word' id='word_1_604' title='bbox 2031 3657 2124 3710; x_wconf 87' lang='lat' dir='ltr'><strong>viii</strong></span> <span class='ocrx_word' id='word_1_605' title='bbox 2424 3653 2460 3707; x_wconf 92' lang='lat' dir='ltr'><strong>ii</strong></span> <span class='ocrx_word' id='word_1_606' title='bbox 2817 3651 2892 3707; x_wconf 83' lang='lat' dir='ltr'><strong>vii</strong></span> <span class='ocrx_word' id='word_1_607' title='bbox 3215 3666 3247 3704; x_wconf 73' lang='grc' dir='ltr'><strong>Χ</strong></span> 
     </span>
    </p>
   </div>
   <div class='ocr_carea' id='block_1_95' title="bbox 2026 3721 3266 3780">
    <p class='ocr_par' dir='ltr' id='par_1_95' title="bbox 2026 3721 3266 3780">
     <span class='ocr_line' id='line_1_100' title="bbox 2026 3721 3266 3780; baseline -0.006 0"><span class='ocrx_word' id='word_1_608' title='bbox 2026 3727 2080 3780; x_wconf 89' lang='lat' dir='ltr'><strong>xi</strong></span> <span class='ocrx_word' id='word_1_609' title='bbox 2419 3723 2472 3777; x_wconf 89' lang='lat' dir='ltr'><strong>iv</strong></span> <span class='ocrx_word' id='word_1_610' title='bbox 2818 3737 2851 3775; x_wconf 86' lang='lat' dir='ltr'><strong>x</strong></span> <span class='ocrx_word' id='word_1_611' title='bbox 3213 3721 3266 3773; x_wconf 88' lang='lat' dir='ltr'><strong>vi</strong></span> 
     </span>
    </p>
   </div>
   <div class='ocr_carea' id='block_1_96' title="bbox 2025 3791 3287 3851">
    <p class='ocr_par' dir='ltr' id='par_1_96' title="bbox 2025 3791 3287 3851">
     <span class='ocr_line' id='line_1_101' title="bbox 2025 3791 3287 3851; baseline -0.005 -1"><span class='ocrx_word' id='word_1_612' title='bbox 2025 3796 2081 3851; x_wconf 84' lang='lat' dir='ltr'><strong>xi</strong></span> <span class='ocrx_word' id='word_1_613' title='bbox 2419 3795 2474 3848; x_wconf 87' lang='lat' dir='ltr'><strong>iv</strong></span> <span class='ocrx_word' id='word_1_614' title='bbox 2817 3807 2848 3844; x_wconf 86' lang='lat' dir='ltr'><strong>x</strong></span> <span class='ocrx_word' id='word_1_615' title='bbox 3214 3791 3287 3844; x_wconf 90' lang='lat' dir='ltr'><strong>xii</strong></span> 
     </span>
    </p>
   </div>
   <div class='ocr_carea' id='block_1_97' title="bbox 2027 3861 3302 3918">
    <p class='ocr_par' dir='ltr' id='par_1_97' title="bbox 2027 3861 3302 3918">
     <span class='ocr_line' id='line_1_102' title="bbox 2027 3861 3302 3918; baseline -0.004 0"><span class='ocrx_word' id='word_1_616' title='bbox 2027 3865 2082 3918; x_wconf 87' lang='lat' dir='ltr'><strong>xi</strong></span> <span class='ocrx_word' id='word_1_617' title='bbox 2419 3863 2474 3916; x_wconf 94' lang='lat' dir='ltr'><strong>iv</strong></span> <span class='ocrx_word' id='word_1_618' title='bbox 2816 3876 2849 3914; x_wconf 88' lang='lat' dir='ltr'><strong>x</strong></span> <span class='ocrx_word' id='word_1_619' title='bbox 3210 3861 3302 3913; x_wconf 88' lang='lat' dir='ltr'><strong>xiv</strong></span> 
     </span>
    </p>
   </div>
   <div class='ocr_carea' id='block_1_98' title="bbox 2027 3933 3373 3988">
    <p class='ocr_par' dir='ltr' id='par_1_98' title="bbox 2027 3933 3373 3988">
     <span class='ocr_line' id='line_1_103' title="bbox 2027 3933 3373 3988; baseline -0.001 0"><span class='ocrx_word' id='word_1_620' title='bbox 2027 3935 2083 3988; x_wconf 91' lang='lat' dir='ltr'><strong>xi</strong></span> <span class='ocrx_word' id='word_1_621' title='bbox 2418 3933 2472 3987; x_wconf 88' lang='lat' dir='ltr'><strong>iv</strong></span> <span class='ocrx_word' id='word_1_622' title='bbox 2815 3946 2849 3984; x_wconf 89' lang='lat' dir='ltr'><strong>x</strong></span> <span class='ocrx_word' id='word_1_623' title='bbox 3207 3933 3373 3987; x_wconf 87' lang='lat' dir='ltr'><strong>xxviii</strong></span> 
     </span>
    </p>
   </div>
   <div class='ocr_carea' id='block_1_99' title="bbox 2025 4022 3280 4081">
    <p class='ocr_par' dir='ltr' id='par_1_99' title="bbox 2025 4022 3280 4081">
     <span class='ocr_line' id='line_1_104' title="bbox 2025 4022 3280 4081; baseline -0.003 -1"><span class='ocrx_word' id='word_1_624' title='bbox 2025 4026 2119 4081; x_wconf 85' lang='lat' dir='ltr'><strong>xiv</strong></span> <span class='ocrx_word' id='word_1_625' title='bbox 2421 4041 2454 4079; x_wconf 93' lang='lat' dir='ltr'><strong>v</strong></span> <span class='ocrx_word' id='word_1_626' title='bbox 2819 4022 2915 4077; x_wconf 88' lang='lat' dir='ltr'><strong>xiii</strong></span> <span class='ocrx_word' id='word_1_627' title='bbox 3210 4038 3280 4076; x_wconf 90' lang='lat' dir='ltr'><strong>xv</strong></span> 
     </span>
    </p>
   </div>
   <div class='ocr_carea' id='block_1_100' title="bbox 2028 4092 3317 4152">
    <p class='ocr_par' dir='ltr' id='par_1_100' title="bbox 2028 4092 3317 4152">
     <span class='ocr_line' id='line_1_105' title="bbox 2028 4092 3317 4152; baseline -0.005 0"><span class='ocrx_word' id='word_1_628' title='bbox 2028 4097 2162 4152; x_wconf 85' lang='lat' dir='ltr'><strong>xxiii</strong></span> <span class='ocrx_word' id='word_1_629' title='bbox 2419 4094 2561 4150; x_wconf 85' lang='lat' dir='ltr'><strong>xxvii</strong></span> <span class='ocrx_word' id='word_1_630' title='bbox 2821 4092 2930 4145; x_wconf 84' lang='lat' dir='ltr'><strong>xvii</strong></span> <span class='ocrx_word' id='word_1_631' title='bbox 3209 4093 3317 4146; x_wconf 90' lang='lat' dir='ltr'><strong>xlvi</strong></span> 
     </span>
    </p>
   </div>
   <div class='ocr_carea' id='block_1_101' title="bbox 2028 4161 3316 4223">
    <p class='ocr_par' dir='ltr' id='par_1_101' title="bbox 2028 4161 3316 4223">
     <span class='ocr_line' id='line_1_106' title="bbox 2028 4161 3316 4223; baseline -0.005 -1"><span class='ocrx_word' id='word_1_632' title='bbox 2028 4169 2160 4223; x_wconf 90' lang='lat' dir='ltr'><strong>xxiii</strong></span> <span class='ocrx_word' id='word_1_633' title='bbox 2419 4167 2562 4219; x_wconf 84' lang='lat' dir='ltr'><strong>xxvii</strong></span> <span class='ocrx_word' id='word_1_634' title='bbox 2819 4161 2985 4216; x_wconf 82' lang='lat' dir='ltr'><strong>xxxiv</strong></span> <span class='ocrx_word' id='word_1_635' title='bbox 3208 4163 3316 4215; x_wconf 89' lang='lat' dir='ltr'><strong>xlvi</strong></span> 
     </span>
    </p>
   </div>
   <div class='ocr_carea' id='block_1_102' title="bbox 2026 4233 3318 4293">
    <p class='ocr_par' dir='ltr' id='par_1_102' title="bbox 2026 4233 3318 4293">
     <span class='ocr_line' id='line_1_107' title="bbox 2026 4233 3318 4293; baseline -0.006 -1"><span class='ocrx_word' id='word_1_636' title='bbox 2026 4239 2159 4293; x_wconf 86' lang='lat' dir='ltr'><strong>xxiii</strong></span> <span class='ocrx_word' id='word_1_637' title='bbox 2419 4236 2566 4290; x_wconf 85' lang='lat' dir='ltr'><strong>xxvii</strong></span> <span class='ocrx_word' id='word_1_638' title='bbox 2820 4233 2912 4286; x_wconf 91' lang='lat' dir='ltr'><strong>xlv</strong></span> <span class='ocrx_word' id='word_1_639' title='bbox 3211 4233 3318 4284; x_wconf 75' lang='lat' dir='ltr'><strong>xlvi</strong></span> 
     </span>
    </p>
   </div>
   <div class='ocr_carea' id='block_1_103' title="bbox 2009 4304 3420 4363">
    <p class='ocr_par' dir='ltr' id='par_1_103' title="bbox 2009 4304 3420 4363">
     <span class='ocr_line' id='line_1_108' title="bbox 2009 4304 3420 4363; baseline -0.002 0"><span class='ocrx_word' id='word_1_640' title='bbox 2009 4309 2118 4363; x_wconf 79' lang='lat' dir='ltr'><strong>lxx</strong></span> <span class='ocrx_word' id='word_1_641' title='bbox 2420 4319 2490 4358; x_wconf 85' lang='lat' dir='ltr'><strong>xx</strong></span> <span class='ocrx_word' id='word_1_642' title='bbox 2820 4304 3003 4358; x_wconf 85' lang='lat' dir='ltr'><strong>xxxvii</strong></span> <span class='ocrx_word' id='word_1_643' title='bbox 3209 4304 3420 4363; x_wconf 86' lang='lat' dir='ltr'><strong>xxxviii</strong></span> 
     </span>
    </p>
   </div>
   <div class='ocr_carea' id='block_1_104' title="bbox 2025 4397 3323 4458">
    <p class='ocr_par' dir='ltr' id='par_1_104' title="bbox 2025 4397 3323 4458">
     <span class='ocr_line' id='line_1_109' title="bbox 2025 4397 3323 4458; baseline -0.005 -1"><span class='ocrx_word' id='word_1_644' title='bbox 2025 4403 2230 4458; x_wconf 91' lang='lat' dir='ltr'><strong>lxxxvii</strong></span> <span class='ocrx_word' id='word_1_645' title='bbox 2422 4397 2620 4453; x_wconf 83' lang='lat' dir='ltr'><strong>cxxxix</strong></span> <span class='ocrx_word' id='word_1_646' title='bbox 2835 4397 2916 4450; x_wconf 91' lang='lat' dir='ltr'><strong>ccl</strong></span> <span class='ocrx_word' id='word_1_647' title='bbox 3218 4397 3323 4450; x_wconf 87' lang='lat' dir='ltr'><strong>cxli</strong></span> 
     </span>
    </p>
   </div>
   <div class='ocr_carea' id='block_1_105' title="bbox 2026 4468 3322 4528">
    <p class='ocr_par' dir='ltr' id='par_1_105' title="bbox 2026 4468 3322 4528">
     <span class='ocr_line' id='line_1_110' title="bbox 2026 4468 3322 4528; baseline -0.005 -1"><span class='ocrx_word' id='word_1_648' title='bbox 2026 4474 2192 4528; x_wconf 73' lang='lat' dir='ltr'><strong>xcvﬁi</strong></span> <span class='ocrx_word' id='word_1_649' title='bbox 2419 4470 2542 4523; x_wconf 82' lang='lat' dir='ltr'><strong>xcvi</strong></span> <span class='ocrx_word' id='word_1_650' title='bbox 2834 4468 2958 4522; x_wconf 89' lang='lat' dir='ltr'><strong>cxvi</strong></span> <span class='ocrx_word' id='word_1_651' title='bbox 3038 4469 3041 4473; x_wconf 81' lang='grc'><em>’</em></span> <span class='ocrx_word' id='word_1_652' title='bbox 3218 4482 3322 4521; x_wconf 82' lang='lat' dir='ltr'><strong>cxx</strong></span> 
     </span>
    </p>
   </div>
   <div class='ocr_carea' id='block_1_106' title="bbox 2027 4539 3304 4599">
    <p class='ocr_par' dir='ltr' id='par_1_106' title="bbox 2027 4539 3304 4599">
     <span class='ocr_line' id='line_1_111' title="bbox 2027 4539 3304 4599; baseline -0.007 0"><span class='ocrx_word' id='word_1_653' title='bbox 2027 4543 2189 4599; x_wconf 77' lang='lat' dir='ltr'><strong>xcviii</strong></span> <span class='ocrx_word' id='word_1_654' title='bbox 2416 4539 2539 4593; x_wconf 83' lang='lat' dir='ltr'><strong>xcvi</strong></span> <span class='ocrx_word' id='word_1_655' title='bbox 2833 4540 2952 4592; x_wconf 81' lang='lat' dir='ltr'><strong>cxvi</strong></span> <span class='ocrx_word' id='word_1_656' title='bbox 3217 4539 3304 4590; x_wconf 83' lang='lat' dir='ltr'><strong>cxi</strong></span> 
     </span>
    </p>
   </div>
   <div class='ocr_carea' id='block_1_107' title="bbox 2028 4609 3272 4675">
    <p class='ocr_par' dir='ltr' id='par_1_107' title="bbox 2028 4609 3272 4675">
     <span class='ocr_line' id='line_1_112' title="bbox 2028 4609 3272 4675; baseline -0.007 -6"><span class='ocrx_word' id='word_1_657' title='bbox 2028 4614 2190 4669; x_wconf 88' lang='lat' dir='ltr'><strong>xcviii</strong></span> <span class='ocrx_word' id='word_1_658' title='bbox 2418 4610 2541 4664; x_wconf 84' lang='lat' dir='ltr'><strong>xcvi</strong></span> <span class='ocrx_word' id='word_1_659' title='bbox 2832 4610 2952 4663; x_wconf 84' lang='lat' dir='ltr'><strong>cxvi</strong></span> <span class='ocrx_word' id='word_1_660' title='bbox 3133 4669 3138 4675; x_wconf 27' lang='lat' dir='ltr'><strong>I</strong></span> <span class='ocrx_word' id='word_1_661' title='bbox 3218 4609 3272 4660; x_wconf 79' lang='lat' dir='ltr'><strong>xl</strong></span> 
     </span>
    </p>
   </div>
   <div class='ocr_carea' id='block_1_108' title="bbox 2024 4680 3378 4740">
    <p class='ocr_par' dir='ltr' id='par_1_108' title="bbox 2024 4680 3378 4740">
     <span class='ocr_line' id='line_1_113' title="bbox 2024 4680 3378 4740; baseline -0.002 -1"><span class='ocrx_word' id='word_1_662' title='bbox 2024 4683 2188 4740; x_wconf 88' lang='lat' dir='ltr'><strong>xcviii</strong></span> <span class='ocrx_word' id='word_1_663' title='bbox 2415 4681 2539 4734; x_wconf 89' lang='lat' dir='ltr'><strong>xcvi</strong></span> <span class='ocrx_word' id='word_1_664' title='bbox 2832 4680 2952 4733; x_wconf 88' lang='lat' dir='ltr'><strong>cxvi</strong></span> <span class='ocrx_word' id='word_1_665' title='bbox 3216 4680 3378 4736; x_wconf 87' lang='lat' dir='ltr'><strong>cxxix</strong></span> 
     </span>
    </p>
   </div>
   <div class='ocr_carea' id='block_1_109' title="bbox 2023 4773 3382 4834">
    <p class='ocr_par' dir='ltr' id='par_1_109' title="bbox 2023 4773 3382 4834">
     <span class='ocr_line' id='line_1_114' title="bbox 2023 4773 3382 4834; baseline -0.003 -1"><span class='ocrx_word' id='word_1_666' title='bbox 2023 4777 2184 4834; x_wconf 87' lang='lat' dir='ltr'><strong>xcviii</strong></span> <span class='ocrx_word' id='word_1_667' title='bbox 2422 4774 2544 4829; x_wconf 89' lang='lat' dir='ltr'><strong>xcvi</strong></span> <span class='ocrx_word' id='word_1_668' title='bbox 2830 4774 2952 4826; x_wconf 89' lang='lat' dir='ltr'><strong>cxvi</strong></span> <span class='ocrx_word' id='word_1_669' title='bbox 3225 4773 3382 4829; x_wconf 81' lang='lat' dir='ltr'><strong>rxxxi</strong></span> 
     </span>
    </p>
   </div>
   <div class='ocr_carea' id='block_1_110' title="bbox 2019 4843 3303 4903">
    <p class='ocr_par' dir='ltr' id='par_1_110' title="bbox 2019 4843 3303 4903">
     <span class='ocr_line' id='line_1_115' title="bbox 2019 4843 3303 4903; baseline -0.005 1"><span class='ocrx_word' id='word_1_670' title='bbox 2019 4847 2221 4903; x_wconf 85' lang='lat' dir='ltr'><strong>cxxxiii</strong></span> <span class='ocrx_word' id='word_1_671' title='bbox 2422 4843 2608 4899; x_wconf 80' lang='lat' dir='ltr'><strong>xxxvii</strong></span> <span class='ocrx_word' id='word_1_672' title='bbox 2825 4843 2988 4897; x_wconf 86' lang='lat' dir='ltr'><strong>Ixxvii</strong></span> <span class='ocrx_word' id='word_1_673' title='bbox 3217 4845 3303 4898; x_wconf 85' lang='lat' dir='ltr'><strong>cix</strong></span> 
     </span>
    </p>
   </div>
   <div class='ocr_carea' id='block_1_111' title="bbox 2019 4914 3289 4975">
    <p class='ocr_par' dir='ltr' id='par_1_111' title="bbox 2019 4914 3289 4975">
     <span class='ocr_line' id='line_1_116' title="bbox 2019 4914 3289 4975; baseline -0.006 -1"><span class='ocrx_word' id='word_1_674' title='bbox 2019 4921 2124 4975; x_wconf 89' lang='lat' dir='ltr'><strong>cxli</strong></span> <span class='ocrx_word' id='word_1_675' title='bbox 2421 4917 2437 4970; x_wconf 86' lang='grc' dir='ltr'>Ι</span> <span class='ocrx_word' id='word_1_676' title='bbox 2824 4914 2917 4968; x_wconf 88' lang='lat' dir='ltr'><strong>xix</strong></span> <span class='ocrx_word' id='word_1_677' title='bbox 3218 4916 3289 4967; x_wconf 89' lang='lat' dir='ltr'><strong>lix</strong></span> 
     </span>
    </p>
   </div>
   <div class='ocr_carea' id='block_1_112' title="bbox 2019 4984 3364 5044">
    <p class='ocr_par' dir='ltr' id='par_1_112' title="bbox 2019 4984 3364 5044">
     <span class='ocr_line' id='line_1_117' title="bbox 2019 4984 3364 5044; baseline 0.001 -6"><span class='ocrx_word' id='word_1_678' title='bbox 2019 4991 2149 5044; x_wconf 70' lang='lat' dir='ltr'><strong>cxlii</strong></span> <span class='ocrx_word' id='word_1_679' title='bbox 2419 4986 2455 5040; x_wconf 94' lang='lat' dir='ltr'><strong>li</strong></span> <span class='ocrx_word' id='word_1_680' title='bbox 2823 4984 2912 5038; x_wconf 84' lang='lat' dir='ltr'><strong>xxi</strong></span> <span class='ocrx_word' id='word_1_681' title='bbox 3219 4999 3364 5039; x_wconf 82' lang='lat' dir='ltr'><strong>xxxv</strong></span> 
     </span>
    </p>
   </div>
   <div class='ocr_carea' id='block_1_113' title="bbox 2021 5054 3329 5116">
    <p class='ocr_par' dir='ltr' id='par_1_113' title="bbox 2021 5054 3329 5116">
     <span class='ocr_line' id='line_1_118' title="bbox 2021 5054 3329 5116; baseline -0.008 0"><span class='ocrx_word' id='word_1_682' title='bbox 2021 5062 2182 5116; x_wconf 90' lang='lat' dir='ltr'><strong>cxlvii</strong></span> <span class='ocrx_word' id='word_1_683' title='bbox 2417 5057 2528 5112; x_wconf 87' lang='lat' dir='ltr'><strong>lxiv</strong></span> <span class='ocrx_word' id='word_1_684' title='bbox 2821 5054 2951 5108; x_wconf 87' lang='lat' dir='ltr'><strong>xciii</strong></span> <span class='ocrx_word' id='word_1_685' title='bbox 3216 5056 3329 5112; x_wconf 81' lang='lat' dir='ltr'><strong>xlix</strong></span> 
     </span>
    </p>
   </div>
   <div class='ocr_carea' id='block_1_114' title="bbox 2023 5146 3324 5207">
    <p class='ocr_par' dir='ltr' id='par_1_114' title="bbox 2023 5146 3324 5207">
     <span class='ocr_line' id='line_1_119' title="bbox 2023 5146 3324 5207; baseline -0.006 0"><span class='ocrx_word' id='word_1_686' title='bbox 2023 5152 2166 5207; x_wconf 86' lang='lat' dir='ltr'><strong>clxvi</strong></span> <span class='ocrx_word' id='word_1_687' title='bbox 2419 5147 2604 5203; x_wconf 89' lang='lat' dir='ltr'><strong>Ixxxiv</strong></span> <span class='ocrx_word' id='word_1_688' title='bbox 2825 5146 2950 5199; x_wconf 88' lang='lat' dir='ltr'><strong>xciv</strong></span> <span class='ocrx_word' id='word_1_689' title='bbox 3215 5147 3324 5199; x_wconf 85' lang='lat' dir='ltr'><strong>xvii</strong></span> 
     </span>
    </p>
   </div>
   <div class='ocr_carea' id='block_1_115' title="bbox 2021 5216 3362 5278">
    <p class='ocr_par' dir='ltr' id='par_1_115' title="bbox 2021 5216 3362 5278">
     <span class='ocr_line' id='line_1_120' title="bbox 2021 5216 3362 5278; baseline -0.004 0"><span class='ocrx_word' id='word_1_690' title='bbox 2021 5223 2167 5278; x_wconf 83' lang='lat' dir='ltr'><strong>clxvi</strong></span> <span class='ocrx_word' id='word_1_691' title='bbox 2424 5219 2596 5272; x_wconf 84' lang='lat' dir='ltr'><strong>lxxxii</strong></span> <span class='ocrx_word' id='word_1_692' title='bbox 2823 5216 2946 5270; x_wconf 86' lang='lat' dir='ltr'><strong>xciv</strong></span> <span class='ocrx_word' id='word_1_693' title='bbox 3213 5216 3362 5272; x_wconf 81' lang='lat' dir='ltr'><strong>lxxiv</strong></span> 
     </span>
    </p>
   </div>
   <div class='ocr_carea' id='block_1_116' title="bbox 2020 5286 3238 5347">
    <p class='ocr_par' dir='ltr' id='par_1_116' title="bbox 2020 5286 3238 5347">
     <span class='ocr_line' id='line_1_121' title="bbox 2020 5286 3238 5347; baseline -0.008 0"><span class='ocrx_word' id='word_1_694' title='bbox 2020 5293 2142 5347; x_wconf 88' lang='lat' dir='ltr'><strong>ccix</strong></span> <span class='ocrx_word' id='word_1_695' title='bbox 2418 5290 2542 5344; x_wconf 90' lang='lat' dir='ltr'><strong>cxix</strong></span> <span class='ocrx_word' id='word_1_696' title='bbox 2822 5286 3054 5339; x_wconf 88' lang='lat' dir='ltr'><strong>ccxxxiv</strong></span> <span class='ocrx_word' id='word_1_697' title='bbox 3209 5301 3238 5338; x_wconf 92' lang='lat' dir='ltr'><strong>c</strong></span> 
     </span>
    </p>
   </div>
   <div class='ocr_carea' id='block_1_117' title="bbox 2019 5356 3299 5418">
    <p class='ocr_par' dir='ltr' id='par_1_117' title="bbox 2019 5356 3299 5418">
     <span class='ocr_line' id='line_1_122' title="bbox 2019 5356 3299 5418; baseline -0.007 -1"><span class='ocrx_word' id='word_1_698' title='bbox 2019 5366 2139 5418; x_wconf 91' lang='lat' dir='ltr'><strong>ccxi</strong></span> <span class='ocrx_word' id='word_1_699' title='bbox 2417 5359 2542 5414; x_wconf 88' lang='lat' dir='ltr'><strong>cxxi</strong></span> <span class='ocrx_word' id='word_1_700' title='bbox 2822 5357 3089 5411; x_wconf 89' lang='lat' dir='ltr'><strong>ccxxxviii</strong></span> <span class='ocrx_word' id='word_1_701' title='bbox 3209 5356 3299 5409; x_wconf 85' lang='lat' dir='ltr'><strong>xxi</strong></span> 
     </span>
    </p>
   </div>
   <div class='ocr_carea' id='block_1_118' title="bbox 2021 5427 3376 5488">
    <p class='ocr_par' dir='ltr' id='par_1_118' title="bbox 2021 5427 3376 5488">
     <span class='ocr_line' id='line_1_123' title="bbox 2021 5427 3376 5488; baseline -0.004 -1"><span class='ocrx_word' id='word_1_702' title='bbox 2021 5449 2158 5488; x_wconf 87' lang='lat' dir='ltr'><strong>ccxx</strong></span> <span class='ocrx_word' id='word_1_703' title='bbox 2416 5430 2563 5484; x_wconf 86' lang='lat' dir='ltr'><strong>cxxii</strong></span> <span class='ocrx_word' id='word_1_704' title='bbox 2821 5441 2915 5481; x_wconf 89' lang='lat' dir='ltr'><strong>ccx</strong></span> <span class='ocrx_word' id='word_1_705' title='bbox 2927 5427 3048 5480; x_wconf 86' lang='lat' dir='ltr'><strong>xxix</strong></span> <span class='ocrx_word' id='word_1_706' title='bbox 3210 5429 3294 5480; x_wconf 86' lang='lat' dir='ltr'><strong>lxx</strong></span> <span class='ocrx_word' id='word_1_707' title='bbox 3305 5428 3376 5486; x_wconf 85' lang='lat' dir='ltr'><strong>vii</strong></span> 
     </span>
    </p>
   </div>
   <div class='ocr_carea' id='block_1_119' title="bbox 2019 5519 3372 5578">
    <p class='ocr_par' dir='ltr' id='par_1_119' title="bbox 2019 5519 3372 5578">
     <span class='ocr_line' id='line_1_124' title="bbox 2019 5519 3372 5578; baseline -0.003 0"><span class='ocrx_word' id='word_1_708' title='bbox 2019 5538 2158 5578; x_wconf 84' lang='lat' dir='ltr'><strong>ccxx</strong></span> <span class='ocrx_word' id='word_1_709' title='bbox 2415 5519 2581 5576; x_wconf 86' lang='lat' dir='ltr'><strong>cxxix</strong></span> <span class='ocrx_word' id='word_1_710' title='bbox 2820 5519 2980 5573; x_wconf 88' lang='lat' dir='ltr'><strong>ccxlii</strong></span> <span class='ocrx_word' id='word_1_711' title='bbox 3208 5521 3372 5574; x_wconf 86' lang='lat' dir='ltr'><strong>lxxxv</strong></span> 
     </span>
    </p>
   </div>
   <div class='ocr_carea' id='block_1_120' title="bbox 2019 5590 3436 5648">
    <p class='ocr_par' dir='ltr' id='par_1_120' title="bbox 2019 5590 3436 5648">
     <span class='ocr_line' id='line_1_125' title="bbox 2019 5590 3436 5648; baseline 0 -1"><span class='ocrx_word' id='word_1_712' title='bbox 2019 5609 2152 5648; x_wconf 88' lang='lat' dir='ltr'><strong>ccxx</strong></span> <span class='ocrx_word' id='word_1_713' title='bbox 2415 5591 2560 5646; x_wconf 90' lang='lat' dir='ltr'><strong>cxxii</strong></span> <span class='ocrx_word' id='word_1_714' title='bbox 2822 5590 2963 5643; x_wconf 87' lang='lat' dir='ltr'><strong>cclxi</strong></span> <span class='ocrx_word' id='word_1_715' title='bbox 3207 5591 3436 5648; x_wconf 74' lang='lat' dir='ltr'><strong>lxxxviii</strong></span> 
     </span>
    </p>
   </div>
   <div class='ocr_carea' id='block_1_121' title="bbox 2016 5661 3313 5718">
    <p class='ocr_par' dir='ltr' id='par_1_121' title="bbox 2016 5661 3313 5718">
     <span class='ocr_line' id='line_1_126' title="bbox 2016 5661 3313 5718; baseline -0.002 -1"><span class='ocrx_word' id='word_1_716' title='bbox 2016 5664 2193 5718; x_wconf 88' lang='lat' dir='ltr'><strong>ccxliv</strong></span> <span class='ocrx_word' id='word_1_717' title='bbox 2413 5665 2614 5718; x_wconf 86' lang='lat' dir='ltr'><strong>cxxxix</strong></span> <span class='ocrx_word' id='word_1_718' title='bbox 2819 5661 2904 5714; x_wconf 84' lang='lat' dir='ltr'><strong>ccl</strong></span> <span class='ocrx_word' id='word_1_719' title='bbox 3209 5661 3313 5714; x_wconf 83' lang='lat' dir='ltr'><strong>cxti</strong></span> 
     </span>
    </p>
   </div>
   <div class='ocr_carea' id='block_1_122' title="bbox 2014 5731 3352 5794">
    <p class='ocr_par' dir='ltr' id='par_1_122' title="bbox 2014 5731 3352 5794">
     <span class='ocr_line' id='line_1_127' title="bbox 2014 5731 3352 5794; baseline 0.001 -7"><span class='ocrx_word' id='word_1_720' title='bbox 2014 5733 2190 5794; x_wconf 77' lang='lat' dir='ltr'><strong>chliv</strong></span> <span class='ocrx_word' id='word_1_721' title='bbox 2413 5737 2609 5792; x_wconf 87' lang='lat' dir='ltr'><strong>cxxxix</strong></span> <span class='ocrx_word' id='word_1_722' title='bbox 2817 5731 2900 5786; x_wconf 93' lang='lat' dir='ltr'><strong>ccl</strong></span> <span class='ocrx_word' id='word_1_723' title='bbox 3208 5731 3352 5789; x_wconf 85' lang='lat' dir='ltr'><strong>cxlvi</strong></span> 
     </span>
    </p>
   </div>
   <div class='ocr_carea' id='block_1_123' title="bbox 2013 5803 3280 5862">
    <p class='ocr_par' dir='ltr' id='par_1_123' title="bbox 2013 5803 3280 5862">
     <span class='ocr_line' id='line_1_128' title="bbox 2013 5803 3280 5862; baseline -0.002 -3"><span class='ocrx_word' id='word_1_724' title='bbox 2013 5806 2225 5861; x_wconf 85' lang='lat' dir='ltr'><strong>cclxxiv</strong></span> <span class='ocrx_word' id='word_1_725' title='bbox 2411 5803 2516 5860; x_wconf 82' lang='lat' dir='ltr'><strong>civi</strong></span> <span class='ocrx_word' id='word_1_726' title='bbox 2811 5803 2930 5862; x_wconf 89' lang='lat' dir='ltr'><strong>cclx</strong></span> <span class='ocrx_word' id='word_1_727' title='bbox 3209 5817 3280 5858; x_wconf 85' lang='lat' dir='ltr'><strong>xx</strong></span> 
     </span>
    </p>
   </div>
  </div>
