3942 6258
306 417 1392 443 .m-

2619 447 3471 468 mn,

2619 471 3573 518 Ἦ

305 443 1517 468 RW

675 468 1265 478 _—_—————_..-
1272 468 1298 478 μ

1549 434 1649 446 an!

1517 907 1741 992 ΤΟΥ
1812 909 2410 1000 ΠΑΜΦΙΛΟΥ

794 1089 1970 1232 ΕΥΑΓΓΕΛΗὶΗΣ
2053 1101 3133 1249 ΑΠΟΔΕΙΞΕΩΣ

1471 1337 1979 1456 ΒΙΒΛΙΑ
2050 1349 2455 1465 ΔΕΚΑ

952 1721 1802 1909 EUSEBII
1911 1585 2967 1918 i’AMPHILI

497 2043 728 2169 DE
840 2045 2265 2184 DEMONSTRATIONE
2368 2059 3376 2195 EVANGELICA

1489 2309 1871 2426 LIBRI
1952 2314 2427 2429 DECEM

1116 2525 1552 2583 INTERPRETE
1588 2527 2028 2586 BERNARDINO
2062 2528 2364 2598 DONATO,
2393 2532 2799 2591 VERONENSI.

345 2688 452 2756 (Et
486 2690 631 2740 edit.
658 2687 838 2736 Paris.
865 2684 1002 2741 1628,
1034 2683 1202 2757 Colon.
1230 2683 1409 2758 (Lips...)
1430 2682 1578 2758 1688;
1607 2683 1765 2758 Oxon.
1805 2681 1941 2758 1.832.
1971 2709 2031 2753 -ς
2052 2683 2254 2735 Accedit
2277 2686 2675 2758 supplementum
2696 2703 2722 2738 ι
2746 2690 2803 2758 J_._
2834 2688 2892 2739 Α.
2921 2689 3146 2758 Fabricio
3181 2695 3472 2758 evulgatmn,

972 2743 1260 2808 prommium
1304 2743 1497 2797 scilicet
1533 2754 1588 2796 et
1626 2747 1780 2809 capita
1825 2743 1892 2794 ΙΙΙ
1935 2744 2116 2808 priora,
2150 2760 2260 2796 cum
2303 2743 2458 2810 ipsius
2498 2752 2664 2812 aperis
2706 2751 2946 2814 epilogo.)

1116 2979 1699 3072 EPISTOLA
1789 2983 1857 3072 Ν
1887 2986 1949 3074 U
1974 2982 2784 3078 NCUPATORIA.

1696 3173 1810 3236 (Ed.
1849 3172 2005 3225 Paris.
2037 3173 2200 3235 tces.)

352 3354 760 3411 !llustrissimo
785 3370 852 3407 ac
874 3351 1205 3422 integerrimo
1229 3352 1338 3404 viro
1361 3350 1572 3404 domino
1604 3347 1672 3404 D.
1699 3348 1751 3402 Η
1756 3349 2090 3420 acquevilleo,
2114 3352 2473 3423 augustissimi
2490 3349 2786 3406 Galliarum
2813 3361 3023 3406 senatus
3045 3353 3216 3421 primo
3243 3351 3470 3406 Prwsidi
3494 3352 3555 3407 S.

354 3447 506 3502 Bene
537 3462 605 3500 ac
636 3446 880 3501 feliciter
909 3445 1063 3499 nobis
1092 3443 1464 3514 universasque
1490 3442 1673 3498 Galliae
1701 3444 1934 3498 cessisse
1969 3459 2161 3500 omnes
2187 3445 2653 3510 existimaverunt,
2685 3445 3051 3500 illustrissime
3083 3444 3309 3510 Pmses,
3343 3460 3465 3500 cum
3485 3446 3549 3503 at

293 3555 527 3596 excessu
563 3536 904 3608 amplissimi
937 3547 1158 3592 senatus
1178 3537 1466 3606 principis,
1501 3535 1673 3606 patria
1699 3534 2061 3599 diuturniore,
2097 3550 2256 3605 quam
2289 3542 2664 3597 consueverat,
2701 3545 2937 3604 tempore
2969 3544 3334 3601 consternata,
3368 3534 3549 3589 subito

303 3630 514 3684 luctum
558 3645 624 3683 ac
668 3626 1008 3684 desiderium
1042 3627 1175 3680 tanti
1203 3625 1456 3681 Praesidis
1481 3634 1574 3678 tua
1629 3626 1686 3679 in
1720 3626 1892 3695 ipsius
1924 3625 2102 3678 locum
2161 3629 2500 3694 promotione
2545 3625 2813 3694 deposuit.
2853 3624 2930 3679 Ex
2957 3641 3064 3696 quo
3090 3641 3266 3681 rerum
3302 3625 3546 3679 omnium

313 3724 643 3790 agendarum
675 3729 928 3789 tempora
966 3717 1048 3771 sic
1082 3717 1396 3780 illuxerunt,
1430 3725 1574 3769 tanta
1628 3717 1682 3770 in
1727 3717 1936 3770 animos
1964 3716 2207 3770 omnium
2240 3716 2459 3784 irrepsit
2483 3717 2688 3778 laetitia,
2738 3724 2796 3768 ut
2826 3717 2912 3769 vix
2966 3716 3108 3770 aliud
3136 3717 3370 3786 optatius
3396 3717 3540 3786 quod

314 3815 539 3872 vellent,
577 3819 670 3864 aut
703 3810 854 3881 quod
899 3807 1158 3877 pristinas
1201 3805 1551 3876 aegritudines
1593 3821 1658 3860 ex
1692 3805 1896 3858 recenti
1927 3806 2140 3874 jactura
2180 3813 2470 3875 conceptas
2503 3806 2870 3860 vehementius
2903 3806 3176 3871 allevaret,
3235 3807 3546 3876 contingere

317 3910 558 3974 potuisse
581 3905 888 3959 crederent.
917 3901 1092 3972 thue
1122 3902 1432 3970 reipublicae
1454 3901 1616 3954 rebus
1639 3900 1910 3969 quondam
1933 3901 2260 3969 perturbatis
2279 3900 2710 3955 animadversum
2740 3909 2845 3966 est,
2876 3910 2995 3970 post
3011 3901 3348 3957 Cannensem
3388 3900 3538 3954 illam

321 3999 532 4051 cladem
555 3998 798 4052 secundo
819 3996 1055 4052 Marcelli
1087 3997 1152 4052 ad
1176 3994 1364 4050 Nolam
1391 3995 1596 4066 praelia,
1622 4006 1878 4065 populum
1908 3995 2208 4050 Romanum
2235 3996 2468 4066 primum
2488 3996 2642 4066 erigi,
2677 4012 2739 4050 ac
2762 3997 3016 4066 deinceps
3042 3995 3109 4050 ad
3135 4005 3352 4067 optatos
3372 3997 3546 4051 exitus

314 4093 529 4147 amante
552 4092 768 4147 fortuna
795 4091 1012 4161 provehi
1042 4092 1272 4160 cmpisse
1301 4112 1314 4144 ς
1339 4090 1418 4144 sic
1449 4099 1572 4160 post
1597 4091 1758 4144 unius
1783 4089 1878 4143 viri
1909 4090 2097 4144 amissi
2118 4090 2501 4152 calamitatem,
2531 4089 2689 4145 simul
2721 4097 2883 4160 atque
2905 4092 2972 4144 ad
3005 4092 3366 4160 augustiorem
3401 4091 3546 4145 illam

313 4183 726 4255 principemque
753 4189 975 4236 senatus
1003 4179 1341 4250 dignitatem,
1369 4195 1475 4233 non
1515 4179 1856 4244 favitoribus,
1890 4186 1949 4231 ut
1975 4181 2051 4232 ait
2075 4180 2350 4244 Comicus,
2383 4178 2478 4234 sed
2506 4179 2706 4233 virtute
2733 4166 3021 4236 ambiendo
3049 4183 3364 4252 pervenisti,
3388 4184 3547 4253 lugu-

310 4277 432 4333 bria
456 4276 638 4330 omnia
662 4276 846 4346 procul
875 4275 1170 4337 eliminata,
1205 4283 1258 4328 et
1289 4288 1560 4342 prosperae
1593 4287 1680 4328 res
1709 4272 1904 4326 deinde
1929 4275 2209 4342 permultae
2237 4281 2544 4328 consecutae
2570 4274 2698 4329 sint.
2741 4273 2871 4340 Quae
2908 4277 3030 4330 aliis
3061 4275 3182 4332 inde
3219 4279 3544 4334 accesserint

310 4371 620 4434 commoda,
652 4370 822 4440 magis
848 4370 981 4440 ipsis
1004 4367 1202 4439 quibus
1226 4369 1316 4422 illa
1350 4371 1690 4439 contigerunt
1710 4367 1957 4434 fruenda,
1980 4385 2141 4440 quam
2165 4369 2412 4440 pluribus
2433 4369 2775 4439 praedicanda
2804 4368 3177 4439 relinquimus.
3203 4369 3399 4427 Noster
3421 4385 3544 4427 vero

319 4465 476 4528 ordo,
513 4472 701 4519 nostra
747 4465 1000 4528 societas,
1031 4469 1085 4515 et
1114 4462 1279 4515 veluti
1324 4461 1586 4515 litteraria
1617 4462 1860 4532 quasdam
1904 4462 2187 4525 sodalitas,
2222 4463 2380 4532 quasi
2412 4477 2476 4516 ex
2519 4462 2763 4534 longiore
2793 4471 3015 4516 veterno
3040 4471 3314 4527 revocata,
3342 4465 3396 4517 in
3423 4477 3540 4517 eam

311 4572 471 4627 spem
503 4565 686 4612 erecta
715 4562 819 4619 est,
846 4563 905 4610 ut
927 4567 978 4610 te
1013 4569 1226 4609 sacrum
1258 4551 1550 4608 Themidos
1582 4554 1796 4607 clavum
1838 4562 2074 4617 tenente,
2107 4555 2480 4623 bonarumque
2507 4553 2808 4609 litterarum
2844 4553 3090 4617 custode,
3113 4554 3397 4607 doctorum
3425 4568 3542 4606 om-

311 4650 467 4704 nium
504 4647 735 4713 fautore,
764 4648 1043 4718 ipsiusque
1071 4646 1425 4700 humanitatis
1466 4646 1687 4701 assiduo
1729 4645 1962 4709 vindice,
1995 4647 2282 4716 pristinum
2326 4646 2584 4717 vigorem,
2611 4646 2778 4700 decus
2810 4660 2873 4699 ac
2903 4645 3270 4699 celebritatem
3305 4642 3453 4698 brevi
3483 4657 3542 4697 se

303 4748 653 4810 recepturam
681 4747 994 4809 auguretur.
1029 4736 1159 4804 Quae
1189 4753 1288 4793 nos
1305 4752 1371 4792 eo
1398 4753 1487 4793 res
1530 4737 1774 4801 adduxit,
1811 4745 1871 4792 ut
1899 4753 2056 4808 quem
2089 4753 2200 4809 prae
2250 4739 2501 4794 manibus
2536 4738 2798 4793 habemus
2828 4747 3102 4791 auctorem
3130 4735 3269 4789 diem
3298 4735 3541 4794 aspicere

303 4833 632 4906 gestientem
663 4831 952 4887 Eusebium
974 4829 1240 4901 Pamphili
1273 4829 1350 4884 De
1375 4829 1818 4884 demonstratione
1845 4830 2161 4900 evangelica,
2194 4831 2295 4884 hoc
2341 4838 2425 4886 est
2453 4832 2521 4885 de
2554 4829 2676 4884 ﬁdei
2699 4829 3025 4883 Christianae
3047 4828 3272 4883 veritate
3303 4828 3538 4898 graviter

302 4923 687 4989 diSSerentem,
719 4932 813 4980 tuo
843 4925 1183 4995 potissimum
1221 4921 1424 4977 nomini
1449 4937 1793 4985 consecrare,
1817 4937 1923 4977 non
1951 4930 2059 4977 tam
2091 4937 2121 4976 e
2142 4936 2200 4976 re
2228 4929 2411 4976 nostra
2444 4937 2590 4986 esse,
2617 4935 2777 4992 quam
2803 4919 3028 4990 publica:
3057 4919 3540 4989 congratulationis

301 5016 576 5074 interesse
604 5026 940 5090 putaremus.
967 5016 1096 5071 Nam
1129 5033 1252 5072 cum
1284 5016 1506 5072 humani
1535 5023 1589 5070 te
1613 5016 1754 5084 juris
1784 5025 2109 5071 assertorem
2132 5016 2457 5070 acerrimum
2496 5026 2550 5070 et
2575 5015 2730 5082 alias,
2756 5028 2903 5068 nunc
2931 5029 3060 5069 vero
3085 5013 3317 5067 maxime
3343 5011 3412 5066 ad
3438 5027 3535 5067 su-

303 5127 558 5183 premum
581 5113 744 5168 curia
786 5113 940 5182 regni
963 5109 1232 5182 fastigium
1261 5126 1357 5181 per
1376 5125 1567 5166 omnes
1607 5110 1874 5165 honorum
1904 5109 2108 5181 gradus
2127 5119 2347 5166 evectus
2378 5111 2641 5180 praebeas,
2667 5110 2756 5164 cui
2792 5107 3016 5180 pietatis
3055 5114 3110 5163 et
3154 5107 3379 5162 sincerae
3409 5108 3538 5164 reli-

307 5207 486 5277 gionis
506 5223 638 5264 cura
665 5208 842 5280 magis
865 5207 1163 5272 incumbat,
1193 5206 1238 5262 si
1266 5221 1294 5261 a
1321 5215 1372 5261 te
1392 5205 1688 5262 abierimus
1719 5204 1950 5261 fortasse
1968 5206 2300 5276 reperiemus
2321 5205 2612 5262 neminem.
2639 5203 2731 5260 Sic
2755 5204 3021 5261 Eusebius
3042 5211 3229 5260 noster
3250 5202 3540 5274 Pamphilo

313 5319 414 5360 suo
439 5306 493 5360 in
532 5304 637 5360 ﬁde
670 5304 870 5360 tuenda
909 5303 1049 5358 ﬁdus
1075 5302 1300 5357 adhasit
1341 5317 1546 5369 comes,
1582 5309 1643 5356 ut
1674 5299 1939 5371 Pamphili
1971 5302 2131 5356 etiam
2175 5315 2474 5372 cognomen
2504 5301 2604 5355 sibi
2630 5300 2847 5370 adjungi
2869 5299 3119 5355 voluerit.
3141 5297 3252 5356 Nec
3274 5295 3418 5353 aliud
3457 5298 3542 5350 di-

302 5396 495 5467 gnitati
519 5407 624 5452 tuae
644 5411 965 5466 morumque
987 5395 1238 5450 suavitati
1264 5409 1454 5449 nomen
1481 5395 1659 5466 aptius
1687 5395 1859 5465 potuit
1876 5409 2184 5458 occurrere,
2204 5410 2366 5466 quam
2392 5395 2571 5458 istius,
2593 5394 2738 5466 quod
2760 5395 2998 5476 omnium
3027 5405 3368 5448 communem
3388 5403 3545 5445 amo-

303 5504 417 5544 rem
438 5503 503 5544 ac
528 5484 960 5546 benevolentiam
988 5487 1270 5543 indicaret.
1297 5485 1476 5553 Quare
1512 5486 1558 5542 si
1585 5487 1639 5541 in
1674 5493 1782 5540 tam
1813 5486 2068 5556 propensi
2100 5487 2345 5542 omnium
2376 5485 2430 5538 in
2463 5492 2516 5540 te
2544 5484 2768 5548 amoris,
2802 5491 3017 5553 tuaique
3047 5483 3102 5538 in
3135 5496 3325 5538 omnes
3359 5480 3540 5535 chari-~

300 5580 434 5634 tatis
461 5579 742 5650 publicum
765 5578 1161 5642 testimonium,
1185 5576 1520 5647 singulorum
1553 5575 1806 5630 ordinum
1833 5589 1897 5629 ac
1926 5574 2248 5630 societatum
2277 5574 2770 5645 congratulationes
2795 5572 3042 5628 certatim
3071 5573 3126 5626 in
3149 5581 3202 5625 te
3224 5569 3339 5626 ﬁeri
3365 5582 3538 5626 nuner

297 5673 552 5739 vidimus,
577 5681 864 5744 postquam
893 5673 950 5727 in
980 5672 1350 5730 excelsissimo
1380 5673 1474 5727 illo
1499 5679 1920 5743 purpuratorum
1958 5671 2178 5725 Patrum
2218 5672 2453 5726 culmine
2491 5670 2807 5736 consedisti,
2842 5669 2971 5742 quid
2999 5667 3215 5722 tandem
3239 5665 3394 5721 nobis
3416 5663 3535 5716 ani-

298 5765 374 5818 mi
403 5765 471 5821 ad
510 5761 833 5818 nnmuscula
864 5761 1101 5830 undique
1148 5761 1531 5830 comparanda,
1568 5760 1929 5830 llosculosque
1958 5767 2012 5816 et
2056 5767 2201 5818 serta
2249 5774 2528 5815 musarum
2573 5775 2639 5815 ex
2682 5759 2914 5815 hortulis
2958 5757 3280 5828 colligenda,
3321 5761 3534 5823 tuaeque

581 5856 858 5914 ΡΑσι-ιιοι..
905 5851 1024 5912 Gn.
1071 5851 1276 5912 XXII.
3220 5855 3251 5908 1
