3942 6258
397 269 453 324 Η
1055 270 1327 329 EUSEBII
1365 269 1842 326 CESARIENSIS
1881 272 2029 328 OPP.
2070 274 2252 331 PARS
2288 275 2353 333 ll.
2393 310 2462 320 -—-
2502 279 2999 343 APOLOGETICA.
3551 296 3613 346 t2

390 387 728 446 celsitudinis
756 388 981 460 pedibus
1005 386 1335 447 admovenda
1365 404 1487 445 esse
1516 387 1723 451 debuit,
1755 404 1986 459 quorum
2022 406 2147 462 spes
2179 394 2357 450 omnis
2386 410 2555 468 prOpe
2581 406 2635 454 et
2657 402 2815 467 ratio,
2846 403 2956 456 imo
2986 404 3295 472 prtes‘dium
3332 374 3617 480 portusque

355 481 698 567 ‘tutissimus
726 482 782 536 in
827 483 905 537 tui
946 484 1192 538 muneris
1223 481 1578 553 amplitudine
1608 494 1767 552 atque
1802 484 2165 541 sollicitudine
2200 487 2413 543 videtur
2443 506 2565 547 esse
2607 496 2957 551 constitutus.
2991 496 3245 568 Accipies
3281 501 3463 570 igitur.
3495 502 3614 557 illu-

352 577 659 666 rfstrtssime
706 576 936 642 Praases,
970 595 1077 650 quo
1121 578 1322 644 studio,
1365 594 1580 649 quaque
1619 581 1949 635 consuevisti
1991 582 2349 650 humanitate,
2395 602 2553 643 sacra
2596 590 2861 648 doctrinae
2904 609 3151 664 veraeque
3187 597 3404 666 pietatis
3434 614 3618 654 monu-

359 649 380 692 λ

356 668 589 750 fluenta,
616 668 667 724 id
714 669 859 741 quod
898 686 1042 724 nunc
1073 671 1192 740 ipsa
1223 670 1386 724 nobis
1436 670 1640 738 objecit
1663 672 1901 734 occasio,
1930 669 2152 727 Eusebii
2195 676 2406 731 scilicet
2432 675 2696 749 Pamphili
2730 680 3082 740 Caesariensis
3114 686 3192 740 De
3218 688 3507 759 evangelica
3534 690 3618 744 de-

385 762 767 851 monstratione
796 763 1114 818 utilissimas
1144 763 1665 830 Commentationes,
1691 780 1811 834 quae
1840 763 2116 820 honorarii
2147 769 2431 838 cujusdam
2454 773 2697 829 muneris
2716 774 2889 831 instar
2916 793 3036 834 esse
3056 782 3283 849 possint,
3323 783 3483 851 quale
3512 796 3615 836 ma-

385 850 702 921 gistratibus
752 857 1047 912 novissime
1074 860 1129 914 in
1178 862 1487 931 provincias
1529 880 1558 918 a
1584 865 1836 935 principe
1881 864 2085 929 missis,
2118 867 2282 922 animi
2314 868 2561 925 benevoli
2588 873 2821 928 testandi
2864 890 3030 931 causa
3059 876 3240 932 oll‘erri
3291 850 3517 944 solebat,
3555 887 3612 934 ut

382 946 537 996 tanto
566 945 864 1002 studiosius
885 956 938 1002 et
965 947 1280 1020 diligentius
1309 953 1620 1024 reipublicae
1641 954 2007 1020 consulerent,
2036 962 2240 1025 quanto
2265 958 2469 1029 majore
2492 970 2544 1016 et
2575 960 2811 1031 publicis
2832 966 3071 1021 omnium
3102 969 3241 1024 votis
3273 969 3420 1026 illius
3448 970 3613 1027 admi-

380 1037 677 1093 nistranda:
697 1055 882 1095 curam
907 1053 1281 1113 susceperant.
1319 1044 1468 1102 Vale.

449 1131 607 1182 Anno
643 1131 834 1186 salutis
866 1131 1022 1189 1698.

726 1332 1038 1391 Celsitudini
1066 1345 1172 1392 tuae
1198 1336 1575 1405 addictissimi,

375 1890 3391 1924 Ἦ

2434 1530 2660 1589 Michael
2692 1533 2941 1592 Somnus.

2440 1623 2794 1681 Sebastianus
2823 1625 3114 1683 CRMIOISY.

2412 1718 2650 1779 Carolus
2684 1721 3027 1780 Μοιιιιιειισε.

1288 2039 2036 2134 GALLANDIUS
2103 2043 2665 2140 LECTORI.

1156 2228 1472 2292 (Bibliotheca
1495 2236 1584 2282 vet.
1611 2232 1775 2294 Patr.,
1798 2235 1916 2281 tom.
1942 2230 2025 2293 IV,
2050 2231 2271 2295 Proleg.,
2294 2247 2344 2295 p.
2371 2246 2489 2295 nn,
2515 2239 2640 2297 etp.
2668 2235 2800 2297 461.)

358 2492 401 2558 ι.
461 2501 673 2558 Eusebii
739 2500 1081 2556 Casuriensis
1139 2497 1545 2576 Demonstratio
1611 2504 1922 2575 evangelica
1953 2512 2002 2570 Α
2028 2504 2159 2560 illud
2190 2504 2483 2576 Sapientia:
2506 2520 2604 2568 vn,
2632 2503 2704 2558 26
2736 2522 2752 2559 :
2780 2504 3040 2575 Splendor
3074 2517 3154 2562 est
3196 2509 3410 2564 luminis
3460 2472 3608 2566 sem-

1011 2568 1266 2640 suppleta.

428 2687 875 2758 Quandoquidem
938 2696 1244 2755 temporum
1311 2684 1447 2740 ordo
1505 2686 1572 2740 ad
1628 2684 1924 2743 Eusebium

356 2779 746 2837 Caesariensem
776 2795 877 2835 nos
907 2779 1222 2844 deduxerat,
1248 2789 1438 2836 nostra
1478 2777 1747 2835 interesse
1797 2796 1926 2834 cen-

355 2873 587 2936 suimus,
621 2882 678 2926 ut
710 2872 1034 2943 prooemium
1073 2878 1127 2926 et
1166 2873 1345 2945 capita
1394 2869 1463 2925 lli
1521 2870 1705 2941 priora
1749 2870 1874 2925 libri
1905 2872 1922 2925 l

354 2962 673 3019 Eusebianm
733 2961 1209 3019 Demonstrationis
1273 2964 1584 3034 evangelica:
1632 2978 1741 3017 una
1797 2973 1921 3017 com

353 3056 531 3127 ipsius
560 3059 742 3127 operis
767 3057 999 3127 epilogo.
1037 3072 1157 3127 qua:
1181 3058 1236 3112 in
1260 3057 1524 3112 hactenus
1551 3055 1784 3125 vulgatis
1816 3054 1925 3110 edi-

351 3151 593 3206 tionibus
621 3149 1094 3215 desiderabantur,
1125 3151 1268 3222 typis
1315 3150 1631 3205 excudenda
1680 3149 1923 3204 tradere-

351 3259 495 3301 mus.
518 3242 595 3299 Ea
616 3259 746 3300 vero
771 3252 992 3310 accepta
1018 3244 1307 3301 referimus
1336 3243 1710 3298 eruditissimo
1722 3241 1921 3297 Joanni

348 3335 571 3392 Alberto
603 3334 891 3404 Fabricio;
920 3337 1011 3408 qui
1046 3336 1192 3392 haud
1226 3336 1298 3390 ita
1324 3334 1533 3407 pridem
1565 3335 1751 3389 isthmc
1781 3350 1920 3404 prae-

349 3428 484 3482 clari
511 3429 691 3498 operis
724 3429 1095 3499 supplementa
1123 3442 1190 3481 ex
1221 3443 1323 3482 ms.
1351 3426 1541 3482 codice
1576 3426 1920 3480 bibliothecae

348 3518 642 3574 celsissimi
670 3518 964 3576 Walachiae
992 3518 1256 3591 principis
1285 3516 1514 3574 Joannis
1540 3516 1746 3572 Nicolai
1767 3517 1920 3571 Mau-

347 3605 621 3661 rocordati
675 3606 980 3678 desumpta,
1032 3608 1192 3662 bonis
1240 3607 1438 3663 litteris
1488 3608 1628 3663 bene
1667 3610 1914 3679 cupiens,

346 3711 472 3751 cum
498 3712 602 3753 sua
630 3699 1079 3771 interpretatione
1099 3699 1371 3769 evolgavit
1396 3700 1494 3770 (a).

346 3785 411 3843 Il.
442 3788 738 3862 Permultis
789 3792 843 3845 in
885 3788 1551 3862 locis_Demonst_rationis
1594 3791 1918 3862 evangelicae

2025 2596 2237 2663 piterni,
2260 2594 2627 2664 speculumque
2643 2595 3046 2649 immaculatum
3071 2595 3263 2652 divina:
3288 2599 3605 2669 eﬁicientiei,

2025 2696 2074 2742 et
2105 2688 2281 2756 imago
2319 2685 2569 2741 bonitatis
2622 2685 2800 2750 illius;
2855 2685 3099 2763 illudque
3128 2696 3389 2757 praeterea
3446 2688 3610 2746 Pauli

2026 2777 2093 2833 ad
2127 2777 2380 2833 Hebraeos
2413 2794 2449 2843 I,
2482 2778 2515 2832 '5
2550 2795 2564 2831 :
2599 2776 2704 2842 Qui
2726 2793 2844 2831 cum
2901 2779 2970 2832 sit
3024 2779 3272 2849 splendor
3310 2780 3501 2852 glorise
3556 2792 3612 2839 et

2025 2871 2197 2941 ﬁgura
2229 2870 2541 2927 substantiae
2568 2873 2681 2943 ejus
2713 2887 2732 2925 :
2761 2871 2870 2939 his,
2918 2872 3171 2944 inquam,
3215 2875 3404 2930 relatis
3438 2875 3615 2932 docet

2023 2961 2292 3019 Eusebius
2342 2974 2502 3035 atque
2552 2966 2804 3020 evincere
2854 2965 3066 3031 nititur,
3118 2966 3488 3023 substantiam
3553 2978 3614 3025 et

2023 3056 2275 3112 deitatem
2293 3055 2414 3111 Filii
2434 3057 2594 3111 aliam
2616 3072 2739 3113 esse
2757 3073 2785 3110 a
2804 3065 3030 3129 paterna
3058 3069 3111 3113 et
3137 3058 3407 3114 diversam
3439 3074 3509 3114 ac
3525 3077 3616 3116 se-

2022 3157 2292 3221 paratam,
2308 3150 2522 3221 ipsique
2548 3151 2720 3205 multo
2745 3150 3075 3206 inferiorem.
3093 3151 3185 3205 Sic
3206 3152 3349 3206 enim
3377 3153 3470 3209 ille
3487 3153 3571 3223 (b)
3592 3174 3609 3212 :

2027 3259 2048 3293 ι
2086 3239 2190 3297 Sed
2221 3257 2251 3295 a
2285 3242 2528 3298 sensibili
2567 3241 2785 3313 quidem
2830 3242 3035 3299 lumine
3067 3243 3322 3313 splendor
3348 3248 3612 3314 separari

2020 3348 2133 3387 non
2170 3342 2348 3404 potest
2385 3353 2396 3388 :
2438 3332 2614 3389 Filius
2666 3352 2783 3389 vero
2834 3320 3069 3390 seorsum
3112 3353 3147 3389 a
3195 3336 3356 3391 Patre
3415 3352 3518 3409 per
3552 3356 3616 3395 se

2019 3424 2191 3492 ipsum
2218 3423 2475 3489 subsistit,
2501 3445 2520 3477 ι
2567 3425 2624 3479 Ὁ
2651 3427 2707 3480 δὲ
2741 3426 2866 3491 Υἱὸς
2902 3428 3043 3491 ἰδίως
3078 3429 3226 3500 παρὰ
3252 3430 3342 3483 τὸν
3376 3429 3617 3506 Πατέρα

2019 3513 2141 3567 καθ’
2172 3514 2361 3567 ἑαυτὸν
2402 3516 2668 3586 ἐφέστηκε
2699 3517 2823 3587 (leg.
2870 3516 3188 3588 ὑφέστηκε).
3237 3517 3315 3572 Ac
3368 3518 3615 3577 luminis

2019 3606 2235 3677 quidem
2265 3608 2522 3678 splendor
2550 3609 2727 3663 locum
2766 3609 3071 3664 efﬁcientia:
3113 3610 3325 3665 obtinet
3362 3631 3374 3664 ε
3415 3610 3613 3670 Filius

2019 3709 2195 3754 autem
2227 3697 2375 3753 aliud
2416 3699 2685 3770 quidpiam
2717 3717 2874 3771 quam
2923 3700 3205 3755 secundum
3264 3702 3614 3771 eﬂicientiam

2017 3800 2115 3857 est,
2161 3808 2251 3860 per
2294 3809 2349 3845 se
2381 3793 2554 3860 ipsum
2609 3790 2908 3846 substantia
2961 3793 3233 3861 prozditus,
3276 3794 3335 3846 ὐ
3365 3793 3429 3847 δὲ
3471 3795 3618 3861 Υἱὸς

416 3860 683 3956 Ariqnum.
700 3877 755 3916 se
783 3861 957 3943 prodit
987 3860 1267 3956 Euseqius.
1303 3859 1418 3941 ῌαο
1451 3862 1526 3956 ge
1574 3859 1910 3956 tleultott'nttt‘la

2018 3859 2200 3951 ἔτερόν
2251 3901 2302 3936 τι
2351 3859 2491 3937 κᾷτὰ
2543 3884 2821 3956 ἐνέργειαν
2874 3859 3149 3955 τυγχάνει,
3214 3884 3334 3937 καθ’
3399 3859 3615 3942 ἑαυτὸν)

412 3931 752 3998 proferuntur
784 3930 1078 3999 specimina
1125 3930 1401 3984 Arianica.
1440 3930 1656 3986 Eusebii
1713 3933 1912 3998 placita

402 4001 667 4124 finiemus
711 4002 788 4057 de
816 4002 1079 4056 industria
1124 4000 1194 4055 ad
1239 4000 1553 4057 catholicam
1600 4003 1911 4057 sententiam

450 4088 476 4124 e
504 4081 701 4144 orquet.

415 4164 516 4220 llic
568 4182 732 4237 porro
779 4167 1011 4223 lectores
1059 4167 1299 4223 monitos
1329 4165 1514 4229 velim,
1562 4163 1909 4219 Demonstra-

343 4258 534 4313 tionem
576 4257 796 4314 Eusebii
835 4259 1183 4329 euangelicum
1215 4265 1503 4330 propterea
1536 4256 1668 4310 mihi
1706 4257 1906 4312 dictam

336 4352 655 4419 prteclarum
673 4369 825 4422 opus,
843 4352 988 4422 quod
1020 4351 1187 4407 multa
1214 4353 1375 4423 plane
1407 4352 1462 4407 in
1491 4366 1557 4404 eo
1592 4350 1736 4405 libro
1766 4366 1907 4420 pra:-

339 4442 487 4498 clare
513 4442 710 4498 dixerit
739 4450 952 4511 auctor,
978 4444 1373 4515 veritatemque
1407 4443 1733 4500 Christianae
1772 4443 1903 4497 reli-

336 4537 516 4608 gionis
540 4536 802 4593 adversus
820 4535 1038 4595 Iudaeos
1066 4537 1416 4609 potissimum
1446 4551 1512 4592 ex
1543 4534 1716 4591 sacris
1746 4532 1904 4589 Vete-

336 4628 491 4684 ris-et
511 4624 646 4682 Novi
676 4627 1011 4684 Testamenti
1034 4629 1228 4686 litteris
1256 4628 1491 4682 maxime
1522 4624 1898 4699 propugnarit.

335 4718 541 4776 Verum
571 4721 645 4777 in.
656 4721 943 4792 permultis
972 4722 1215 4791 ejusdem
1243 4720 1426 4791 operis
1462 4720 1597 4775 locis
1625 4718 1767 4774 haud
1800 4718 1901 4773 ob.

336 4826 498 4866 scure
534 4811 715 4881 prodit
744 4818 915 4866 semet
950 4809 1217 4868 Eusebius
1250 4809 1576 4865 Arianorum
1615 4818 1775 4864 secta:
1803 4806 1903 4862 ad~

334 4899 575 4969 dictum;
602 4916 839 4971 quomm
870 4898 1070 4971 placita
1108 4899 1338 4958 subinde
1366 4898 1604 4953 inculcat
1630 4910 1683 4953 et
1721 4903 1897 4968 urget,

333 4991 535 5046 nedum
567 4993 672 5047 sibi
702 4991 932 5062 probata
979 4991 1334 5048 demonstret.
1377 4989 1531 5057 Quod
1575 4987 1795 5061 quidem
1842 4997 1901 5044 ut

332 5091 534 5154 pateat,
564 5099 735 5138 unum
779 5084 1153 5154 tantummodo
1178 5084 1354 5138 locum
1384 5083 1442 5136 in
1472 5080 1702 5136 medium
1728 5078 1904 5151 profe-

2012 3973 2364 4045 οὐσιωμένος.
2408 3973 2646 4029 Rursum
2698 3974 2956 4043 splendor
3004 3975 3164 4029 simul
3207 3989 3332 4029 cum
3383 3976 3618 4036 lumine

2010 4065 2249 4130 exsistit,
2276 4065 2516 4136 illudque
2548 4067 2784 4136 quodam
2812 4065 2972 4120 modo
2999 4067 3269 4136 complet;
3303 4082 3435 4123 nam
3476 4071 3614 4129 sine

2011 4157 2299 4228 splendore
2342 4157 2523 4213 lumen
2563 4172 2906 4229 nequaquam
2950 4160 3280 4227 substiterit,
3311 4160 3617 4236 simulque

2009 4262 2132 4301 cum
2185 4247 2277 4302 illo
2320 4263 2384 4302 ac
2443 4249 2743 4304 secundum
2795 4248 2927 4303 illud
2981 4249 3276 4306 subsistit:
3319 4259 3375 4304 at
3422 4251 3616 4310 Pater

2006 4337 2155 4407 prius
2216 4353 2374 4408 quam
2419 4334 2595 4393 Filius
2632 4339 2861 4403 exsistit,
2913 4347 2961 4392 et
3020 4349 3142 4395 ante
3191 4340 3614 4410 generationem

2005 4430 2119 4501 ejus
2138 4430 2442 4493 exsistebat,
2465 4440 2719 4503 quatenus
2747 4431 2892 4486 solus
2922 4431 3180 4501 ingenitus
3208 4442 3324 4486 erat
3347 4449 3366 4487 :
3397 4452 3421 4487 ι
3446 4434 3513 4489 ’0
3544 4438 3613 4492 δὲ

2005 4523 2197 4595 Πατὴρ
2250 4523 2591 4594 προῦπάρχει
2642 4522 2735 4576 τοῦ
2786 4522 2947 4587 Υἱοῦ,
2984 4523 3078 4576 καὶ
3130 4523 3230 4593 τῆς
3277 4526 3614 4596 γεννήσεως

2004 4615 2167 4669 αὐτοῦ
2186 4608 2665 4687 προῦφέστηκεν,ᾖ
2696 4612 2853 4685 μόνος
2881 4613 3173 4685 ἀγέννητος
3197 4611 3286 4687 ἦν,
3313 4635 3333 4668 ι
3369 4634 3429 4671 κ.
3456 4636 3517 4675 τ.
3547 4621 3615 4679 λ.

2002 4706 2294 4776 Complura
2335 4721 2464 4761 vero
2496 4705 2764 4775 ejusmodi
2795 4704 2913 4761 loca
2944 4721 3009 4762 eo
3041 4705 3098 4762 in
3124 4723 3287 4780 opere
3325 4710 3613 4773 Arianica

2003 4797 2123 4855 labe
2157 4806 2344 4853 notata
2393 4798 2580 4854 videas
2624 4797 2766 4868 apud
2798 4798 2948 4853 viros
2999 4799 3370 4867 doctissimos,
3402 4802 3606 4862 Mara-

2003 4907 2131 4947 num
2168 4889 2238 4962 (c)
2274 4898 2327 4946 et
2367 4890 2831 4946 Montfauconium
2863 4890 2976 4962 (d);
3004 4909 3234 4964 quorum
3269 4895 3408 4948 alter
3446 4911 3612 4965 pra:-

2000 4994 2149 5039 terea
2197 4984 2581 5040 animadvertit
2619 4984 2711 5055 (e),
2752 4983 3231 5040 Demonstrationis
3266 4990 3613 5055 evangeticre

2002 5076 2350 5150 interpretem
2393 5077 2460 5131 de
2510 5076 2780 5131 industria
2811 5075 3104 5133 Eusebium
3145 5078 3213 5131 ad
3244 5078 3612 5139 catholicam

337 5191 474 5240 ram,
520 5190 628 5246 quo
672 5185 862 5231 auctor
902 5177 1179 5247 propalam
1211 5175 1427 5230 Arianae
1457 5174 1725 5229 haereseos
1750 5173 1900 5228 virus
1940 5243 1969 5247 ᾖ
2002 5169 2328 5224 sententiam
2351 5168 2671 5223 detorsisse.
2703 5164 2809 5223 Sed
2836 5182 2935 5237 pro
2959 5183 3185 5223 munere
3215 5175 3408 5224 nosuo
3443 5175 3610 5230 satis

326 5243 581 5323 etl'undit.
639 5243 921 5338 Siquidem
968 5243 1254 5339 postquam
1285 5267 1352 5321 ad
1395 5264 1671 5321 Christum
1715 5264 1902 5319 retulit
1927 5243 1972 5303 α
2004 5259 2119 5316 haec
2147 5267 2327 5315 sunto.

332 5425 475 5548 “Si?
501 5423 713 5482 Fabric.
742 5428 796 5482 in
836 5426 1032 5486 Detect.
1063 5427 1290 5502 argum"
1313 5442 1479 5501 pagg.
1510 5427 1663 5482 1.22.
1691 5425 1889 5481 Hamb.

404 5565 732 5640 (b)__l§useh.
782 5568 1084 5626 Demonstr.
1140 5585 1318 5640 euwtg.
1370 5568 1467 5625 lib.
1534 5585 1607 5637 tv,
1660 5584 1781 5638 cap.
1840 5568 1895 5630 '5,

329 5637 706 5775 νθῗέίῦἷὶπυ.
749 5707 921 5764 Dicin.
970 5708 1032 5763 ι).
1088 5707 1161 5762 Ν.
1201 5709 1257 5765 1.
1287 5708 1380 5774 c.,
1435 5710 1509 5767 lib
1547 5724 1617 5774 IV,
1654 5723 1755 5773 cap
1803 5706 1895 5770 ετ,

2010 5424 2037 5495 5
2068 5425 2122 5483 ὃν
2159 5433 2221 5495 ει
2243 5439 2362 5494 car-
2394 5423 2485 5495 28,
2515 5443 2553 5495 so
2573 5423 2628 5486 4ο
2660 5436 2817 5495 pass
2846 5417 3132 5495 5343.593.
3160 5420 3285 5495 60‘.-

2078 5496 2154 5560 (α)
2180 5485 2367 5548 Μοιιίῖ.
2401 5485 2637 5557 Praelim.
2662 5485 2901 5547 'ad'tom.
2935 5485 3191 5547 lCollect.
3228 5490 3347 5548 PP.
3377 5488 3581 5553 Graec.
3609 5549 3619 5561 ,

2006 5580 2448 5636 pagg._sv-xxtx.

2080 5633 2148 5705 (e)
2175 5634 2249 5688 Id.
2278 5634 2410 5689 ibid.
2448 5633 2478 5706 ᾗ
2513 5634 2566 5700 5,
2597 5649 2717 5706 pag.
2750 5648 2864 5688 xix.
