3942 6258
427 378 492 429 {Si
1072 380 1337 437 EUSEBll
1373 383 1851 442 GESARIENSIS
1885 384 2038 445 OPP.
2082 388 2266 445 PARS
2304 390 2369 446 ll.
2403 420 2468 434 --
2506 392 3007 454 APOLOGETICA.
3574 402 3644 459 ιο

423 496 622 549 tionem
653 495 1018 566 evangelicum
1060 513 1125 552 ex
1162 497 1602 567 pmdictionibus
1647 515 1769 570 quae
1795 514 1826 554 a
1867 501 1943 572 pri

2046 504 2338 562 ,ἀνέκαθεν
2382 507 2512 578 παρ’
2553 507 2823 581 Ἑϐραίοις
2867 513 3236 584 ἀνακειμένων
3291 520 3645 591 προρρήσεων

422 601 506 639 ma
536 585 745 657 origine
771 588 910 658 apud
955 586 1206 645 Hebraeos
1230 591 1582 661 promulgata:
1611 598 1850 656 exstant,
1885 608 1981 647 ex-

417 693 620 749 ponere
641 680 997 736 instituimus.
1020 679 1304 747 Quomodo
1332 688 1512 739 autem
1530 690 1585 739 et
1605 698 1712 753 qua
1735 682 1982 741 ratione?

418 778 475 823 nt
513 786 706 842 nempe
732 771 839 828 illis
881 771 987 828 Deo
1018 773 1375 839 charissimis,
1406 790 1545 845 quos
1567 778 1711 832 nosti
1737 778 1978 834 omnium

414 860 733 917 decantatos
758 864 1003 928 vocibus,
1026 864 1192 928 Mose,
1226 866 1466 937 inquam,
1490 873 1545 924 et
1572 869 1662 939 qui
1687 876 1809 939 post
1836 869 1979 926 hunc

413 955 874 1025 exsplenducrunt
917 956 1117 1012 divinis
1149 957 1432 1029 beatisque
1485 961 1763 1031 praphetis
1794 976 1859 1016 ac
1889 976 1978 1017 sa-

412 1047 522 1103 cris
570 1050 929 1119 scriptoribus
974 1050 1206 1107 testibus
1250 1057 1486 1118 utamur,
1536 1061 1697 1124 atque
1748 1054 1816 1109 ab
1870 1055 1976 1110 illis

411 1141 769 1208 praenuntiata
815 1143 1193 1208 ostendamus,
1229 1159 1349 1214 quae
1379 1144 1565 1202 multis
1612 1155 1734 1216 post
1757 1146 1973 1202 demum

411 1233 625 1289 saeculis
652 1233 706 1288 in
738 1234 910 1290 lucem
934 1234 1169 1305 prodita,
1190 1243 1351 1307 atque
1374 1252 1472 1308 per
1489 1236 1786 1294 Salvatoris
1807 1253 1974 1295 evan-

409 1323 635 1395 gelicam
686 1325 1209 1382 demonstrationem
1257 1327 1314 1382 in
1358 1343 1473 1383 rem
1520 1327 1750 1385 deducta
1802 1337 1968 1392 sunt,

407 1432 635 1487 quaeque
669 1418 846 1473 adhuc
889 1422 1139 1490 praesenti
1172 1428 1331 1478 aetate
1354 1421 1409 1475 in
1452 1427 1748 1491 conspectu
1786 1432 1971 1477 nostro

403 1511 783 1582 perficiuntur,
824 1513 982 1586 longe
1016 1514 1166 1585 prius
1197 1514 1265 1569 ab
1300 1513 1514 1578 iisdem,
1549 1513 1733 1570 divino
1764 1512 1968 1586 Spiritu

404 1603 653 1669 docente,
679 1613 964 1676 percepta;
990 1607 1064 1661 ita
1093 1614 1148 1661 ut
1170 1607 1415 1663 absentia
1442 1615 1696 1677 tanquam
1727 1621 1966 1679 praesen-

401 1696 498 1759 tia,
542 1705 596 1753 et
630 1714 751 1768 qua:
788 1697 1030 1753 nondum
1073 1714 1302 1769 usquam
1349 1707 1527 1763 erant,
1559 1707 1816 1769 tanquam
1851 1699 1966 1754 evi-

399 1782 592 1840 denter
621 1786 733 1856 jam
764 1786 1077 1842 exsistentia
1102 1787 1477 1853 intuerentur;
1511 1803 1611 1843 nec
1634 1788 1739 1844 hoc
1764 1788 1962 1853 solum,

2081 598 2528 668 παραστήσασθαι
2562 602 2936 673 πειρωμένοις.
2975 603 3099 667 Πῶς
3128 605 3212 677 δὴ,
3243 609 3335 661 καὶ
3364 609 3485 664 τίνα
3516 618 3643 669 τρὸ-

2081 706 2180 743 πον
2206 692 2330 755 τοὺς
2359 690 2624 761 θεοφιλεῖς
2654 695 2913 760 ἐκείνους,
2958 692 3112 750 οἶσθα
3152 699 3323 770 δήπου
3349 703 3475 765 τοὺς
3507 678 3642 773 βοω-

2082 782 2271 852 μένους
2300 783 2449 855 παρά
2466 787 2578 848 τοῖς
2598 785 2839 857 ἀνδράσι,
2865 789 3100 842 Μωῦσέα
3120 790 3181 863 δή
3211 791 3372 861 λέγω,
3398 795 3491 847 καὶ
3516 797 3643 860 τοὺς

2081 873 2196 943 μετ’
2228 874 2389 929 αὑτὸν
2418 874 2797 946 ἐκλάμψαντας
2825 877 3166 949 θεοπρεπεῖς,
3189 883 3282 935 καὶ
3313 885 3438 948 τοὺς
3461 902 3640 957 μακα-

2079 963 2553 1037 ρίουςπροφήτας
2579 983 2637 1020 τε
2683 966 2777 1020 καὶ
2815 970 3149 1040 ἱεροφάντας,
3200 974 3463 1045 μάρτυσιν
3501 978 3638 1030 ἀπο-

2074 1057 2361 1128 χρώμενοι,
2395 1058 2454 1124 ἐξ
2502 1059 2677 1113 αὐτῶν
2712 1063 2758 1113 τ’
2790 1062 3149 1118 ἐπιδεικνύναι
3178 1070 3545 1139 προῃρημένοι
3568 1071 3638 1126 τὰ

2078 1155 2305 1223 μακροῖς
2330 1152 2549 1226 ὕστερον
2582 1155 2772 1208 αἰῶσιν
2798 1157 2876 1220 εἰς
2909 1157 3023 1225 φῶς
3049 1157 3285 1224 ἐλθόντα,
3310 1163 3402 1215 καὶ
3422 1162 3511 1218 διὰ
3537 1166 3639 1238 τῆς

2071 1238 2166 1292 τοῦ
2219 1242 2465 1314 Σωτῆρος
2509 1243 2861 1315 εὐαγγελικῆς
2904 1245 3228 1311 ἀποδείξεως
3280 1266 3635 1323 πραγματευ-

2073 1331 2251 1398 θέντα,
2279 1333 2349 1386 τά
2374 1350 2432 1387 τε
2464 1332 2582 1387 καθ’
2613 1336 2757 1406 ήμᾶς
2777 1337 2968 1400 αὐτοὺς
2998 1338 3163 1391 εἰσέτι
3184 1339 3275 1393 νῦν
3299 1341 3406 1414 πρὸ
3436 1343 3636 1414 ὀφθαλ-

2072 1420 2188 1491 μῶν
2211 1421 2604 1495 συντελούμενα
2644 1425 2771 1496 θείῳ
2801 1425 3074 1498 Πνεύματι
3107 1430 3527 1502 προειληφότας
3556 1437 3634 1501 ὡς

2068 1508 2133 1562 ἂν
2155 1510 2394 1582 παρόντα
2414 1512 2484 1566 τά
2508 1512 2581 1584 μὴ
2608 1514 2867 1585 παρόντα,
2898 1517 2988 1569 καὶ
3011 1518 3078 1572 τὰ
3112 1518 3333 1589 μηδέπω
3368 1523 3631 1595 μηδαμῶς

2066 1601 2213 1669 ὅντα,
2239 1604 2313 1668 ὡς
2336 1606 2578 1679 ἐναργῶς
2603 1608 2732 1663 ὄντα
2756 1614 3201 1678 κατωπτευκότας
3220 1632 3233 1645 ·
3267 1617 3361 1670 καὶ
3388 1619 3446 1671 οὺ
3473 1618 3631 1675 τοῦτο

2069 1693 2247 1764 μόνον,
2279 1697 2412 1751 ἀλλά
2443 1700 2535 1751 καὶ
2562 1702 2671 1763 τοῖς
2719 1702 3007 1771 μετέπειτα
3030 1704 3116 1758 διὰ
3147 1709 3362 1779 γραφῆς
3400 1709 3468 1763 τὰ
3496 1711 3625 1781 μέλι-

2064 1786 2226 1841 λοντά
2264 1806 2392 1841 ποτε
2422 1788 2636 1844 ἔσεσθαι
2678 1795 3197 1865 προμεμηνυκόταςο
3230 1797 3369 1852 ὥστε
3404 1801 3503 1872 ’ήδη
3535 1800 3630 1857 καὶ

398 1872 495 1930 sed
539 1877 701 1931 etiam
736 1877 969 1947 posteris
1001 1878 1209 1948 scripto
1247 1893 1370 1950 qua!
1407 1879 1535 1934 olim
1568 1889 1751 1935 essent
1778 1878 1943 1934 futur:

2061 1878 2279 1950 ἐτέρους
2301 1879 2360 1945 ἐξ
2391 1881 2569 1938 αὐτῶν
2609 1883 2805 1937 εἰδέναι
2837 1902 2897 1938 τε
2922 1888 3015 1940 καὶ
3047 1888 3330 1960 γνωρίζειν
3348 1891 3409 1944 τὸ
3436 1893 3628 1964 μέλλον

397 1968 791 2039 prtesignarent
831 1989 844 2025 :
878 1976 938 2024 ut
965 1970 1077 2040 jam
1119 1970 1211 2025 alii
1249 1985 1468 2041 quoque
1501 1985 1567 2026 ex
1606 1970 1715 2028 illis
1755 1971 1959 2027 scirent

396 2060 578 2117 futura
630 2071 1165 2133 cognoscerentque,
1220 2069 1276 2117 et
1328 2050 1569 2133 quotidie
1611 2063 1956 2118 oraculorum

394 2152 610 2209 illorum
649 2163 872 2209 eventus
916 2161 970 2209 et
1011 2151 1234 2209 effectus
1270 2153 1732 2224 praestolarentur.
1764 2150 1955 2219 Qualia

391 2258 522 2301 vero
557 2244 919 2300 illatinfinita
958 2260 1111 2310 sane,
1166 2245 1382 2315 aliaque
1422 2244 1746 2308 omnivaria,
1788 2253 1843 2299 et
1886 2243 1956 2300 de

390 2334 645 2390 omnibus
698 2335 1079 2389 communibus
1129 2334 1333 2404 pariter
1387 2341 1441 2389 et
1496 2333 1951 2405 particularibus,

388 2424 744 2496 quaequejam
771 2424 1017 2496 singulos
1047 2431 1357 2495 spectarent
1379 2425 1647 2489 homines,
1676 2425 1787 2495 jam
1818 2425 1953 2480 inte-

386 2531 511 2587 gras
556 2516 975 2584 universitates;
1009 2516 1333 2587 proprieque
1374 2516 1441 2571 de
1487 2517 1651 2573 rebus
1699 2514 1955 2572 Hebraeo-

386 2625 527 2672 rum,
558 2616 720 2679 atque
746 2609 997 2663 similiter
1033 2608 1100 2663 de
1133 2609 1376 2664 externis
1402 2609 1694 2678 gentibus;
1726 2616 1785 2661 ut
1814 2614 1947 2663 sunt

385 2701 698 2756 eversiones
740 2702 980 2763 urbium,
1016 2708 1339 2770 temporum.
1371 2701 1725 2763 mutationes,
1760 2714 1943 2753 rerum

382 2791 809 2856 vicissitudines,
866 2790 1353 2862 adfuturorumque
1402 2792 1667 2846 bonorum
1714 2806 1952 2860 praesen—

382 2886 535 2949 tiam,
568 2894 622 2941 et
683 2886 959 2941 contraria
1005 2886 1345 2941 immittenda
1395 2886 1557 2949 mala,
1605 2893 1665 2940 ut
1707 2887 1948 2955 gentium

379 2975 797 3045 subjugationes
852 2990 915 3029 ac
959 2977 1310 3039 servitutem,
1356 2975 1572 3029 urbium
1615 2974 1947 3040 obsidiones,

380 3065 714 3136 integrorum
738 3081 1027 3137 regnorum
1055 3066 1371 3122 eversiones
1396 3066 1478 3120 vel
1500 3066 1945 3131 instaurationes,

379 3165 541 3229 atque
573 3160 678 3212 alia
717 3159 925 3214 infinita
956 3159 1134 3231 longis
1168 3167 1290 3231 post
1318 3158 1655 3228 temporibus
1682 3165 1943 3213 eventura

378 3251 827 3319 praenuntiavere.
854 3249 1052 3305 Verum
1078 3250 1191 3305 haec
1215 3249 1428 3319 singula
1445 3247 1753 3327 enumerari
1785 3261 1814 3299 a
1842 3262 1941 3302 no-

375 3341 481 3406 bis,
529 3344 813 3412 praesentis
854 3342 1088 3398 instituti
1128 3344 1268 3396 ralio
1314 3340 1630 3411 neutiquam
1678 3339 1936 3409 postulat.

375 3435 562 3505 Itaque
592 3435 1007 3506 quamplurimis
1044 3435 1257 3490 interim
1292 3434 1344 3488 in
1380 3432 1524 3487 aliud
1561 3442 1773 3503 tempus
1801 3432 1938 3486 dila-

2050 1967 2608 2045 δύνασθαι,όσημέραι
2636 1990 2695 2027 τε
2721 1976 3017 2049 προσδοκᾷν
3037 1979 3142 2034 τῶν
3166 1979 3358 2050 λογίων
3389 1984 3457 2037 τά
3488 1985 3626 2039 ἀπο-

2054 2058 2379 2131 τελέσματα.
2419 2062 2554 2115 Ποῖα
2589 2061 2647 2116 δέ
2699 2063 2901 2131 satira;
2954 2067 3119 2138 μυρία
3159 2069 3256 2139 μὲν
3295 2070 3362 2124 ἂν
3388 2070 3496 2142 εἴη,
3530 2073 3625 2127 καὶ

2052 2147 2189 2201 ἄλλα
2240 2151 2468 2204 παντοῖά
2502 2167 2585 2217 τε,
2617 2155 2709 2206 καὶ
2756 2155 2886 2224 περὶ
2929 2155 3165 2222 πάντων,
3200 2158 3391 2213 κοινῶν
3420 2177 3479 2213 τε
3528 2164 3624 2218 καὶ

2050 2237 2162 2291 τῶν
2191 2239 2293 2292 ἀνὰ
2320 2240 2502 2313 μέρος,
2533 2241 2653 2296 καθ’
2680 2243 2905 2297 ἕκαστόν
2924 2261 2981 2298 τε
3013 2246 3197 2320 ἄνδρα,
3233 2251 3326 2303 καὶ
3355 2253 3481 2324 περί
3511 2254 3620 2309 τῶν

2051 2331 2278 2386 καθόλου
2298 2350 2309 2362 ·
2346 2332 2486 2397 ἰδίως
2510 2350 2567 2386 τε
2600 2336 2741 2405 ἀμφὶ
2768 2336 2876 2388 τῶν
2904 2337 3024 2391 καθ’
3064 2339 3343 2412 Ἐϐραίους
3364 2345 3617 2417 πραγμά-

2051 2438 2181 2486 των,
2227 2424 2321 2477 καὶ
2349 2420 2414 2478 αὖ
2448 2425 2775 2498 πάλινσπερὶ
2806 2427 2912 2481 τῶν
2947 2428 3141 2494 ἔξωθεν
3179 2432 3377 2486 ἐθνῶνο
3412 2430 3522 2489 οἷον
3551 2437 3616 2511 δὴ

2052 2512 2257 2565 πόλεων
2283 2513 2619 2581 ἀναστάσεις,
2648 2515 2853 2586 καιρῶν
2878 2533 2934 2569 τε
2963 2518 3217 2587 ἀλλαγὰς,
3247 2522 3340 2574 καὶ
3362 2525 3618 2596 πραγμά-

2051 2618 2156 2656 των
2211 2602 2529 2673 μεταϐολάς,
2584 2604 2881 2675 μελλόντων
2921 2624 2979 2660 τε
3024 2610 3241 2678 ἀγαθῶν
3295 2618 3612 2684 παρουσίας,

2050 2691 2145 2745 καί
2177 2692 2284 2746 τῶν
2323 2695 2578 2747 ἐναντίων
2611 2696 2893 2766 ἐπιφοράς,
2930 2698 3391 2772 ἀνδραποδισμοὺς
3420 2703 3613 2769 ἐθνῶν,

2051 2781 2256 2835 πόλεων
2289 2782 2619 2855 πολιορκίας,
2652 2785 2761 2841 τῶν
2781 2787 3003 2840 καθόλου
3035 2788 3314 2858 βασιλείων
3348 2795 3616 2865 μεταστά-

2052 2887 2163 2936 σεις
2192 2889 2251 2925 τε
2300 2874 2392 2927 καὶ
2423 2876 2799 2957 καταστάσεις,
2834 2878 2927 2931 καὶ
2958 2878 3090 2933 ἀλλα
3143 2883 3308 2954 μυρία
3340 2886 3465 2958 περὶ
3504 2885 3613 2941 τῶν

2048 2963 2264 3018 ἔσεσθαι
2293 2969 2516 3038 μακροῖς
2544 2966 2764 3038 ὕστερον
2794 2970 3346 3045 χρόνοις-μελλόντων,
3375 2979 3613 3049 προεκή-

2049 3071 2259 3127 ρυττον.
2296 3056 2430 3109 Ἀλλ’
2442 3057 2501 3109 ού
2516 3057 2718 3113 τούτων
2733 3061 2760 3114 ὃ
2774 3077 2837 3130 γε
2864 3063 3051 3138 παρὼν
3075 3067 3263 3139 καιρὸς
3284 3069 3374 3122 τὸν
3396 3069 3612 3142 ἔλεγχον

2044 3150 2193 3220 ἡμᾶς
2216 3150 2435 3202 ἀπαιτεῖ
2467 3152 2938 3224 παραστήσασθαιο
2982 3157 3049 3211 τά
3084 3158 3251 3214 πολλά
3282 3159 3339 3213 δὲ
3370 3161 3611 3226 εἰσαῦθις

2044 3243 2475 3314 ὑπερθεμένους,
2526 3244 2589 3296 ἐκ
2627 3244 2728 3315 τῆς
2771 3248 2878 3302 τῶν
2930 3251 3451 3323 παρατεθησομένων
3480 3253 3612 3325 ἀλη-

2042 3336 2194 3400 θείας
2236 3334 2416 3406 ὴρέμα
2468 3335 2562 3387 καὶ⁵
2605 3336 2712 3391 τῶν
2748 3339 3277 3413 ἀποσεσιωπημένων
3323 3343 3420 3415 τὴν
3472 3346 3607 3400 ἀπό-

2040 3426 2202 3491 δειξιν
2232 3421 2581 3478 πιστώσεται.

373 3531 445 3584 tis
471 3569 487 3593 ,
528 3528 687 3584 facile
733 3530 813 3583 vel
856 3545 920 3585 ex
979 3530 1169 3584 horum
1219 3544 1339 3600 quae
1388 3528 1675 3584 aﬂ'eremus
1712 3528 1958 3591 veritate.
2022 3523 2185 3580 ctiam
2225 3520 2440 3575 illorum
2497 3535 2617 3591 quae
2666 3521 2884 3579 silentio
2916 3525 3291 3594 praeterimus,
3336 3526 3470 3584 fides
3513 3527 3609 3584 de-

372 3620 786 3677 monstrabitur.

1006 3709 1233 3767 CAPUT
1262 3712 1303 3766 1.

372 3805 628 3871 Quasnam
652 3816 700 3860 et
718 3814 915 3878 quanta
946 3805 999 3857 in
1021 3803 1176 3858 Itacce
1212 3804 1522 3858 tractatione
1536 3804 1933 3873 promittuntur.

439 3899 571 3962 Quae
606 3896 771 3966 igitur
801 3895 960 3950 nobis
1003 3894 1059 3947 in
1087 3894 1340 3965 praesenti
1376 3909 1443 3949 ex
1475 3892 1805 3962 propheticis
1838 3906 1933 3946 vae

367 3988 569 4044 ticiniis
602 3986 669 4041 a'd
719 3987 1083 4057 evangelicum
1129 3984 1645 4040 demonstrationem
1678 3984 1928 4054 persequi

365 4093 398 4133 e
420 4093 478 4133 re
504 4077 772 4141 videatur,
835 4075 1198 4133 cummaxime
1253 4081 1618 4145 opportunum
1653 4080 1738 4129 est
1763 4087 1930 4142 expo-

367 4183 515 4224 nere.
548 4166 848 4221 Edixerunt
882 4166 1138 4221 nimirum
1175 4166 1455 4236 prophetae
1481 4164 1596 4219 fore
1644 4171 1702 4218 ut
1753 4164 1929 4218 nomi-

363 4259 535 4314 natim
560 4258 832 4321 Christus,
860 4257 1109 4326 idemque
1133 4254 1369 4311 Verbum
1396 4253 1511 4318 Dei,
1538 4253 1760 4324 ipseque
1784 4251 1927 4308 Deus

364 4366 429 4405 ac
472 4349 757 4414 Dominus,
791 4358 845 4405 et
893 4364 1122 4418 magnus
1170 4346 1389 4418 quidam
1425 4346 1665 4416 Angelus
1711 4345 1926 4400 consilii

363 4442 507 4498 inter
537 4441 787 4497 homines
802 4448 1119 4496 versaturus
1141 4445 1308 4503 esset,
1342 4437 1595 4492 universo
1621 4437 1761 4498 orbi,
1796 4452 1927 4507 gen-

2575 3708 2966 3765 ΚΕΦΑΛΑΙΟΝ
3003 3711 3081 3766 A’.

2035 3840 2042 3847 .
2118 3796 2256 3850 Τίνα
2282 3797 2380 3851 καί
2408 3801 2604 3853 ὁπόσα
2628 3800 3057 3875 ὲ.τταγγέ,ἰ.λῑεταιι
3080 3803 3119 3869 ἡ
3147 3803 3528 3873 πραγματεία.

2106 3889 2242 3944 Τίνα
2264 3890 2438 3944 τοίνυν
2461 3893 2591 3963 ήμῖν
2615 3893 2708 3946 ἐπὶ
2737 3891 2831 3945 τοῦ
2857 3893 3119 3965 παρόντος
3149 3894 3214 3947 ἐκ
3255 3894 3362 3948 τῶν
3390 3913 3601 3968 προφηο

2035 3980 2200 4033 τικῶν
2234 3984 2586 4054 προρρήσεων
2613 3986 2692 4049 εἰς
2719 3985 2815 4057 τὴν
2857 3985 3210 4059 εύαγγελικὴν
3236 3987 3505 4055 ἀπόδειξιν
3536 3984 3595 4042 εὖ

2034 4071 2099 4126 ἂν
2120 4072 2231 4143 ἔχοι
2262 4073 2548 4139 συντελεῖν,
2581 4075 2768 4145 καιρὸς
2795 4075 2859 4129 ἂν
2885 4078 2969 4150 εἴη
3001 4076 3195 4146 λέγειν.
3222 4078 3451 4150 Χριστὸν
3483 4080 3598 4134 ὀνο-

2038 4164 2322 4233 μαστίκαί
2369 4164 2502 4218 Θεοῦ
2548 4166 2736 4234 Λόγον,
2764 4166 2922 4220 αὐτόν
2961 4185 3021 4221 τε
3066 4168 3197 4221 Θεὸν
3246 4168 3339 4221 καί
3370 4168 3593 4241 Κύριον,

2034 4254 2127 4307 καί
2151 4271 2273 4308 τινα
2308 4256 2545 4327 μεγάλης
2590 4256 2783 4328 βουλῆς
2821 4259 3047 4327 ἄγγελον
3080 4258 3434 4331 ἐπιδημήσειν
3466 4261 3595 4315 ποτὶ

2031 4345 2110 4407 εἰς
2157 4344 2471 4416 ἀνθρώπους
2518 4346 2741 4417 ἔφασαν,
2787 4350 3002 4403 πάντων
3028 4367 3088 4403 τε
3132 4350 3239 4403 τῶν
3282 4350 3383 4403 ἀνὰ
3417 4351 3594 4404 πᾶσαν

2029 4436 2128 4509 τὴν
2157 4439 2476 4510 οἰκουμένην
2520 4439 2686 4493 ἐθνῶν
2726 4440 3044 4511 Ἑλληνικῶν
3080 4458 3139 4493 τε
3180 4442 3275 4494 καὶ
3304 4440 3593 4513 βαρϐάρων

361 4534 495 4587 tium
512 4531 821 4587 Graecarum
838 4531 1039 4601 pariter
1054 4537 1107 4585 et
1122 4530 1475 4584 barbararum
1499 4527 1713 4583 futurus
1731 4526 1927 4581 Doctor

2046 4528 2341 4583 ῑιδάσκαλον
2380 4530 2610 4602 ἀληθοῦς
2637 4531 2981 4601 θεογνωσίας,
3014 4532 3105 4586 καὶ
3134 4532 3232 4602 τῆς
3257 4533 3337 4595 εἰς
3372 4532 3461 4585 τὸν
3484 4532 3592 4586 τῶν

359 4639 501 4680 verae
541 4624 869 4696 cognitionis
903 4621 997 4678 Dei
1030 4630 1085 4678 et
1116 4621 1334 4693 pietatis
1366 4621 1423 4675 in
1459 4619 1650 4683 Deum,
1684 4619 1925 4675 universi

358 4714 630 4785 opificem,
664 4715 805 4771 sicut
832 4714 1205 4784 evangelicum
1229 4712 1516 4784 profitetur
1544 4711 1874 4781 praeconium
1907 4728 1921 4764 :

360 4804 622 4877 illumque
658 4806 835 4876 ipsum
881 4804 1121 4859 futurum
1152 4818 1402 4874 puerum,
1439 4803 1718 4873 filiumque
1750 4801 1926 4856 homi-

358 4896 446 4953 nis
474 4905 725 4951 vocatum
759 4897 845 4959 iri,
878 4905 935 4949 ut
964 4896 1055 4965 qui
1085 4910 1257 4966 genus
1283 4894 1351 4949 ab
1378 4892 1689 4949 hominibus
1727 4892 1923 4947 ductu.

356 5000 453 5044 rus
509 4988 601 5053 sit,
653 4988 1073 5057 nasciturusque
1122 5003 1190 5043 ex
1232 4986 1462 5057 virgine,
1507 4999 1645 5041 nova
1686 4982 1921 5055 quadam

357 5085 520 5148 atque
559 5078 819 5133 inusitata
849 5078 1219 5148 generationis
1264 5077 1494 5131 ratione.
1538 5074 1604 5129 Et
1628 5073 1772 5146 quod
1802 5088 1919 5128 ma-

356 5171 502 5225 xime
545 5168 769 5241 dignum
826 5183 908 5227 est
953 5170 1333 5235 admiratione,
1367 5183 1434 5223 ne
1475 5168 1655 5222 locum
1701 5164 1919 5236 quidem

353 5265 656 5321 nativitatis
687 5267 807 5336 ejus
836 5265 1167 5322 Bethlehern.
1196 5264 1451 5320 omnibus
1482 5264 1779 5319 etiamnum
1814 5261 1917 5315 ho-

353 5356 444 5412 die
480 5355 575 5427 qui
615 5354 683 5411 ad
719 5356 868 5411 illum
904 5353 1258 5426 spectandum
1298 5353 1557 5409 extremis
1581 5352 1648 5406 ab
1670 5361 1827 5408 terrae
1857 5348 1918 5404 fi-

354 5446 517 5502 nibus
556 5455 853 5502 accurrunt
897 5446 1266 5511 decantatnm,
1312 5443 1531 5500 silentio
1576 5442 1916 5498 involventes

354 5542 747 5611 praeterierunt,
782 5540 876 5595 sed
906 5547 959 5595 et
990 5541 1134 5594 hunc
1153 5537 1317 5593 claris
1332 5536 1514 5592 verbis
1541 5536 1913 5606 proclamave-

351 5638 478 5685 runt
512 5651 524 5685 :
571 5632 713 5686 sicut
739 5630 901 5686 etiam
934 5637 1148 5698 tempus
1181 5627 1443 5682 adventus
1473 5633 1528 5680 et
1557 5624 1913 5695 apparitionis

348 5723 489 5792 ejus,
529 5738 639 5795 quo
672 5722 897 5794 praecise
927 5722 1018 5775 ille
1053 5720 1195 5773 inter
1222 5717 1472 5772 homines
1514 5723 1765 5771 versatus
1803 5724 1908 5780 est,

351 5813 510 5871 iidem
543 5815 706 5871 veluti
738 5814 902 5869 rebus
935 5818 1318 5875 maeret-tentes
1352 5806 1537 5861 divino
1564 5821 1658 5862 ore
1693 5807 1909 5861 nuntia-

2025 4619 2161 4673 ὅλων
2182 4620 2508 4692 δημιουργὸν
2530 4621 2660 4674 Θεὸν
2687 4621 2966 4686 εὐσεϐείας
2991 4621 3441 4693 καταστήσεσθαι,
3477 4617 3592 4695 τὸ

2025 4709 2373 4778 εὐαγγελικὸν
2399 4709 2638 4781 περιέχει
2659 4710 2914 4781 κήρυγμα
2932 4726 2946 4740 σ
2972 4710 3064 4763 καὶ
3082 4709 3266 4763 τοῦτον
3289 4710 3449 4764 αὐτὸν
3472 4728 3592 4764 παι-

2023 4799 2132 4854 δίον
2160 4799 2395 4865 ἔσεσθαι,
2420 4801 2513 4854 καὶ
2547 4800 2661 4853 υἱὸν
2701 4800 2985 4872 ἀνθρώπου
3023 4801 3408 4874 κληθήσεσθαι,
3435 4803 3588 4871 γένος

2022 4908 2080 4944 τε
2106 4891 2228 4946 ὅθεν
2256 4891 2507 4959 κατάξειο
2539 4893 2631 4947 καί
2664 4908 2785 4946 τινα
2832 4890 2978 4956 ξένον
3002 4895 3065 4946 ἐκ
3095 4893 3363 4966 παρθένου
3388 4895 3589 4964 τρόπον

2021 4982 2185 5035 αὐτοῦ
2213 4982 2313 5053 τῆς
2349 4982 2651 5047 ἀποτέξεως
2669 5000 2682 5014 ο
2720 4983 2814 5036 καὶ
2840 4984 2900 5037 τό
2925 5000 2987 5052 γε
3029 4984 3477 5056 παραδοξότατον,
3507 4986 3586 5038 ὅτι

2024 5074 2098 5146 μὴ
2132 5078 2260 5129 πᾶσι
2314 5080 2427 5140 τοῖς
2458 5078 2521 5129 ἐκ
2564 5075 2814 5146 περάτων
2855 5076 2957 5149 γῆς
3002 5078 3166 5131 εἰσέτι
3210 5080 3446 5148 σήμερον
3493 5078 3587 5130 ἐπὶ

2020 5166 2148 5220 θέαν
2182 5167 2468 5220 σπεύδουσι
2510 5166 2798 5238 βοώμενον,
2819 5168 2931 5237 ’τῆς
2959 5170 3016 5221 ἐν
3049 5168 3292 5239 Βηθλεέμ
3319 5168 3586 5238 γενέσεως

2019 5255 2182 5310 αὐτοῦ
2238 5257 2455 5329 χωρίον,
2505 5259 2681 5329 σιωπῇ
2740 5256 2917 5322 δόντες
2971 5257 3264 5329 παρῆλθον,
3300 5258 3434 5312 ἀλλά
3485 5258 3583 5311 καὶ

2015 5347 2172 5402 τοῦτο
2221 5348 2431 5412 λευκοῖς
2470 5348 2725 5419 ὀνόμασιν
2777 5348 3100 5419 ἐξεϐόησαν·
3132 5348 3320 5421 ὥσπερ
3346 5344 3440 5403 οὖν
3488 5348 3582 5404 καὶ

2015 5439 2138 5502 τοὺς
2163 5439 2386 5512 χρόνους
2404 5439 2505 5512 τῆς
2531 5441 2845 5512 ἐπιφανείας
2866 5440 3049 5506 αὐτοῦ,
3074 5439 3195 5495 καθ’
3222 5440 3314 5506 οὓς
3339 5439 3579 5512 ἀκριϐῶς

2014 5527 2165 5596 οὗτος
2197 5534 2454 5604 ἐπεδήμει
2495 5532 2576 5604 τῷ
2631 5534 2748 5605 βίῳ,
2781 5534 2967 5606 ὥσπερ
3000 5533 3300 5603 φθάσαντες
3326 5536 3377 5588 οἰ
3426 5535 3579 5589 αὐτοὶ

2011 5625 2099 5679 διὰ
2118 5624 2226 5679 τῶν
2250 5625 2587 5697 πραγμάτων
2607 5626 2918 5683 ἐθέσπισαν.
2949 5627 3185 5697 Πάρεστι
3215 5627 3271 5679 δέ
3302 5642 3404 5690 σοι,
3442 5627 3576 5696 μετά

2012 5717 2198 5789 χεῖρας
2243 5705 2559 5771 ἀναλαϐόντι
2590 5719 2689 5786 τὴν
2723 5717 2974 5780 σπουδὴν,
3005 5721 3061 5771 ἐν
3111 5718 3402 5788 ὀφθαλμοῖς
3452 5716 3574 5778 ἰδεῖν

2012 5810 2069 5860 ἐν
2088 5810 2207 5871 ταῖς
2240 5806 2588 5878 δηλουμέναις
2630 5812 2990 5878 προφητικαῖς
3028 5809 3357 5878 προρρήσεσι
3397 5806 3573 5870 πάσας
