3942 6258
330 321 385 376 Π
1220 312 1869 372 DEMONSTRATIONIS
1905 308 2362 368 ΕνΑΝοευωε
2391 307 2521 365 LIB.
2562 304 2603 364 l.
3478 302 3548 361 l8

324 432 444 505 ὁμοῦ
473 432 874 506 περιεχομένας
896 432 992 496 τάς
1017 429 1121 484 ὑπὸ
1147 428 1255 484 τῶν
1281 428 1582 484 θεσπεσίων
1606 425 1882 497 εὐαγγελι-

1982 439 2128 481 vere.
2158 423 2366 480 Licebit
2386 423 2548 478 etiam
2576 419 2673 475 tibi
2706 416 2948 477 studiose
2968 416 3277 473 admoventi
3301 433 3543 490 operam,

325 524 454 579 σιῶν
506 522 957 596 μαρτυρουμένας
999 520 1164 576 αὑτοῦ
1208 519 1272 592 δὴ
1320 519 1414 573 τοῦ
1454 519 1701 590 Σωτῆρος
1731 516 1886 589 ἡμῶν

333 614 500 688 Ἰησοῦ
525 614 618 668 τοῦ
650 613 887 685 Χριστοῦ
940 611 1271 684 παραδόξους
1302 610 1758 682 θαυματουργίας,
1794 609 1885 663 καὶ

319 708 412 771 τὰς
439 706 654 769 ἐνθέους
682 703 847 757 αὑτοῦ
877 704 969 757 καί⁵
997 702 1335 774 παναρέτους
1374 702 1498 772 περὶ
1529 701 1627 770 τῆς
1654 697 1885 770 ἀληθοῦς

318 791 595 855 εὐσεϐείας
624 788 986 853 διδασκαλίας.
1016 790 1126 841 Καὶ
1146 788 1198 841 τί
1229 788 1307 841 δεῖ
1327 786 1645 856 θαυμάζειν,
1675 786 1763 839 ὅτε
1794 785 1885 838 καὶ

316 880 400 933 τὸν
448 880 569 933 νέον
602 880 700 948 τῆς
739 877 1017 942 εὐσεϐείας
1047 877 1266 948 τρόπον,
1305 876 1396 929 τὸν
1430 874 1506 947 (Ι)
1548 874 1683 947 πρὸς
1720 873 1883 928 αὐτοῦ

316 971 480 1024 πᾶσιν
520 969 825 1041 ἀνθρώποις
865 968 1319 1039 κατηγγελμένον,
1350 966 1644 1038 διαρρήδην
1684 966 1887 1036 ἀνακη-

319 1060 590 1130 ρύττουσι,
614 1059 802 1131 κλῆσίν
829 1075 888 1111 τε
913 1056 1165 1128 μαθητῶν
1198 1056 1379 1119 αὑτοῦ,
1409 1058 1500 1109 καὶ
1532 1056 1736 1128 Καινῆς
1759 1057 1886 1110 Δια-

314 1151 488 1222 θήκης
503 1149 875 1214 διδασκαλίαν;
896 1148 1003 1203 Ναὶ
1029 1148 1133 1219 μὴν
1154 1147 1245 1200 ἐπὶ
1271 1146 1476 1210 τούτοις
1505 1146 1596 1199 καὶ
1624 1145 1722 1209 τὰς
1757 1146 1886 1198 Ἰου-

312 1243 477 1297 δαίων
519 1244 600 1305 είς
632 1240 790 1294 αὐτὸν
830 1240 1085 1303 ἀπιστίας
1118 1241 1211 1293 καὶ
1236 1237 1570 1305 ἀντιλογίας,
1611 1236 1885 1307 ἀρχόντων

310 1351 365 1388 τε
401 1334 820 1397 ἐπαναστάσεις,
847 1331 1177 1385 διδασκάλων
1206 1330 1448 1399 φθόνους,
1493 1329 1608 1392 ἐνὸς
1644 1326 1882 1399 μαθητοῦ

311 1425 627 1496 προδοσίαν,
646 1422 854 1495 ἐχθρῶν
871 1422 1140 1486 διαϐολὰς,
1164 1421 1511 1491 συκοφαντῶν
1531 1419 1882 1491 κατηγορίας,

310 1516 581 1570 δικαστῶν
634 1516 1007 1586 κατακρίσεις,
1061 1515 1245 1586 ὕϐρεις
1298 1513 1560 1584 ἀτίμους,
1618 1513 1885 1584 μάστιγας

308 1609 597 1672 ἐκτύπους,
621 1609 932 1679 δυσφήμους
963 1606 1242 1679 λοιδορίας,
1274 1606 1366 1658 ἐπὶ
1393 1607 1525 1659 πᾶσι
1552 1604 1641 1657 τὸν
1674 1603 1884 1657 ἐπονεί-

307 1700 489 1753 διστον
522 1700 748 1753 θάνατον
767 1716 783 1730 ·
812 1698 972 1753 αὐτοῦ
998 1716 1057 1752 τε
1085 1700 1176 1751 ἐπὶ
1201 1697 1409 1760 τούτοις
1443 1696 1652 1766 σιωπὴν
1679 1694 1885 1765 θαυμά-

309 1806 450 1854 σιον,
482 1789 766 1862 πραότητά
793 1806 853 1843 τε
882 1790 974 1843 καὶ
1010 1790 1325 1862 καρτερίαν,
1351 1786 1627 1858 ἀμήχανόν
1662 1803 1719 1839 τε
1752 1786 1883 1855 ὅσην

308 1882 588 1953 ὑπομονὴν
612 1884 706 1935 καὶ
725 1882 1090 1947 ἀνεξικακίαν.
1125 1881 1307 1935 Ταῦτα
1336 1881 1393 1935 δὲ
1421 1880 1594 1933 πάντα
1627 1879 1884 1949 ἄντικρυς

308 1977 457 2046 περὶ·
484 1976 605 2038 ἐνὸς
632 1976 688 2028 ἐν
718 1974 966 2037 ὑπάτοις
997 1972 1126 2025 ποτὲ
1156 1972 1365 2043 χρόνοις
1394 1970 1630 2041 ἥξοντος,
1669 1971 1761 2022 καὶ
1782 1985 1885 2021 τοι·

309 2064 450 2131 αῆτα
478 2066 535 2117 ἐν
561 2063 865 2135 ἀνθρώποις
884 2062 1221 2133 πεισομένου,
1253 2061 1436 2130 σαφῶς
1455 2062 1522 2115 δι’
1543 2054 1617 2114 ὧν
1640 2060 1885 2132 προειλή-

311 2174 465 2225 «pact,
496 2155 565 2209 τά
594 2154 897 2209 παλαίτατα
929 2152 1190 2224 Ἐϐραίων
1238 2153 1532 2224 παρίστησι
1559 2151 1733 2221 λόγια,
1764 2152 1883 2205 ἐπι-

314 2245 736 2319 μαρτυρούμενα
766 2245 864 2316 τὴν
891 2243 1026 2316 μετά
1057 2243 1282 2298 θάνατον
1315 2245 1378 2295 ἐκ
1403 2242 1611 2314 νεκρῶν
1643 2241 1879 2296 ἀναϐίω-

314 2356 398 2393 σιν
426 2337 520 2391 τοῦ
569 2336 920 2407 δηλουμένου,
943 2335 1041 2407 τὴν
1084 2338 1197 2397 τοῖς
1225 2334 1389 2388 αὑτοῦ
1427 2333 1691 2405 μαθηταῖς
1722 2333 1883 2402 φανέ-

313 2446 500 2500 ρωσιν,
517 2428 615 2498 τὴν
637 2427 731 2482 τοῦ
761 2426 904 2481 θείου
923 2425 1062 2480 Πνεύ
1070 2443 1235 2497 ματος
1256 2427 1334 2490 είς
1356 2425 1549 2488 αὐτοὺς
1578 2423 1880 2495 μετάδοσιν*

310 2517 409 2587 τὴν
429 2520 509 2581 εις
540 2518 804 2586 οὐρανοὺς
831 2516 1015 2571 ἄνοδον
1049 2514 1235 2579 αὑτοῦ,
1267 2516 1365 2586 τὴν
1400 2513 1610 2585 Πατρδς
1636 2512 1883 2584 ἑνθρονον

313 2608 591 2678 βασιλείας
623 2607 849 2678 ἵδρυσιν,
880 2606 977 2677 τὴν
1008 2607 1100 2659 ἐπὶ
1132 2604 1405 2680 συντελείᾳ
1430 2602 1523 2655 τοῦ
1559 2602 1673 2673 βίου
1702 2602 1883 2655 δευτέ-

315 2716 412 2771 ραν
442 2696 601 2763 αὖθις
659 2698 919 2770 ἐσομένην
946 2695 1150 2763 ἔνδοξον
1193 2696 1360 2750 αὐτοῦ
1401 2695 1720 2768 παρουσίαν.
1756 2694 1881 2747 Ἐπὶ

313 2793 443 2845 πᾶσι
460 2791 671 2854 τούτοις
692 2774 919 2862 θρήνους
945 2790 1149 2860 ἀκούσῃ
1169 2790 1261 2842 καί⁵
1291 2788 1629 2863 ὀλοφυρμοὺς
1652 2786 1887 2841 ἑκάστου,

312 2883 417 2935 τῶν
450 2882 744 2954 προφητῶν
774 2882 1043 2953 διαφόρως
1066 2879 1597 2952 ὀλοφυρομένουικαὶ
1619 2879 1879 2937 ἀποκλαι-

313 2975 528 3046 ομένου,
574 2976 675 3029 ὅσα
722 2974 783 3028 τὸ
827 2973 1090 3028 Ἰουδαίων
1118 2972 1267 3061 ἔθνος
1297 2972 1396 3043 τῆς
1429 2974 1508 3037 είς
1550 2972 1642 3025 τὸν
1674 2989 1880 3044 προκη-

1985 513 2171 571 videre
2201 513 2266 568 ad
2306 512 2525 569 oculum
2558 510 2615 565 in
2661 509 2993 578 propheticis
3020 524 3142 579 qua:
3168 508 3393 579 prodita
3419 519 3548 564 sunt

1985 604 2446 676 przedictionibus,
2476 606 2731 658 universa
2755 602 2915 657 simul
2938 599 3321 662 comprehendi
3348 607 3543 658 testata

1984 697 2184 752 divinis
2242 694 2590 767 evangelistis
2633 694 2806 764 ipsius
2847 692 3144 749 Salvatoris
3186 692 3365 747 nostri
3415 691 3544 749 Jesu

1983 785 2187 842 Christi
2217 786 2478 856 stupenda
2508 784 2788 846 miracula,
2822 784 3143 854 divinosque
3179 783 3299 852 ejus
3340 789 3393 839 et
3434 785 3547 854 ple-

1983 892 2086 935 nas
2129 877 2309 933 omnis
2359 877 2575 931 virtutis
2630 877 2700 933 de
2751 891 2880 932 vera
2925 878 3125 947 pietate
3153 874 3450 932 doctrinas.
3479 875 3546 930 Et

1983 967 2115 1040 quid
2151 967 2353 1021 mirum
2384 968 2509 1029 hoc,
2548 981 2672 1021 cum
2712 974 2761 1022 et
2795 979 2989 1020 novam
3038 966 3300 1021 rationem
3328 967 3545 1037 pietatis

1984 1059 2239 1117 omnibus
2276 1058 2589 1113 hominibus
2628 1056 2698 1113 ab
2726 1072 2791 1111 eo
2823 1056 3306 1112 commendandam
3338 1060 3548 1129 perspi~

1985 1165 2085 1207 cue
2127 1149 2453 1220 praedicent.
2484 1148 2933 1218 vocationemque
2983 1146 3375 1218 discipulorum
3423 1150 3544 1218 ejus

1985 1256 2050 1296 ac
2094 1239 2229 1296 Novi
2281 1240 2586 1295 doctrinam
2634 1239 2991 1294 Testamenti.
3035 1238 3144 1293 Nec
3186 1240 3367 1296 minus
3396 1249 3545 1296 certe

1984 1342 2243 1404 praeterea
2266 1330 2572 1387 Judatorum
2598 1330 2650 1384 in
2676 1331 2850 1401 ipsum
2884 1330 3313 1386 incredulitatem
3337 1338 3390 1387 et
3416 1347 3547 1386 con-

1985 1423 2359 1486 tradictiones,
2406 1421 2713 1493 principum
2765 1422 3213 1487 insurrectiones,
3256 1423 3539 1478 doctorum

1984 1513 2264 1579 invidiam,
2291 1514 2455 1568 unius
2499 1512 2752 1581 discipuli
2800 1512 3192 1583 proditionem,
3246 1513 3545 1569 calumnias

1985 1604 2265 1672 hostium,
2316 1603 2773 1684 sycophantarum
2828 1604 3241 1668 accusationes,
3300 1604 3543 1674 judicum

1985 1697 2486 1763 condemnationes,
2518 1704 2706 1766 turpes
2736 1696 3082 1766 ignominias,
3106 1695 3312 1766 ﬂagella
3335 1697 3547 1767 gravis-

1916 1768 1959 1824 Β
1989 1789 2146 1853 sima,
2180 1787 2399 1843 infamia
2431 1788 2652 1857 probra,
2681 1794 2735 1841 et
2757 1802 2920 1857 super
2947 1787 3200 1843 omnibus
3223 1788 3372 1842 hisce
3400 1801 3548 1842 moro

1982 1889 2088 1934 tem
2144 1878 2613 1934 contumeliosam.
2648 1878 2825 1948 Ipsius
2883 1878 2950 1933 ad
2997 1878 3111 1933 haec
3166 1877 3545 1933 admirandum

1981 1970 2277 2033 silentium,
2309 1970 2587 2024 lenitatem
2628 1976 2682 2022 et
2731 1968 3115 2032 constantiam,
3148 1968 3548 2024 incredibilem-

1981 2078 2085 2134 que
2119 2070 2377 2133 quantam
2410 2061 2724 2131 patientiam
2771 2062 3143 2131 malorumque
3176 2062 3543 2117 tolerantiam.

1983 2154 2107 2210 llaec
2131 2154 2315 2209 omnia
2352 2154 2555 2211 diserte
2599 2154 2664 2209 de
2712 2170 2823 2210 uno
2869 2154 3104 2224 quodam
3155 2154 3210 2208 in
3255 2153 3546 2224 postremis

1981 2247 2109 2301 olim
2141 2256 2368 2304 venturo
2412 2248 2750 2320 temporibus
2779 2256 2942 2317 atque
2973 2248 3115 2302 inter
3145 2247 3394 2304 homines
3416 2247 3547 2302 talia
3583 2272 3587 2275 τ

1980 2340 2324 2393 exantlaturo
2359 2341 2641 2409 perspicue
2668 2339 3051 2409 praenuntiant,
3082 2338 3410 2408 traduntque
3446 2354 3546 2393 an-

1982 2429 2285 2499 tiquissima
2319 2427 2665 2484 Hebraeorum
2692 2431 2945 2496 oracula;
2977 2430 3246 2499 simulque
3278 2437 3548 2498 testantur

1979 2520 2227 2575 eumdem
2258 2526 2383 2590 post
2412 2525 2640 2575 mortem
2668 2521 2863 2574 iterum
2895 2535 3241 2575 reversurum
3271 2520 3326 2575 in
3353 2522 3543 2587 vitam,

1980 2610 2262 2680 discipulis
2292 2610 2427 2666 suis
2454 2611 2848 2681 appariturum,
2896 2611 3248 2681 divinumque
3284 2608 3544 2681 Spiritum

1978 2701 2033 2756 in
2066 2702 2190 2756 illos
2238 2702 2591 2757 emissurum.
2624 2699 2878 2777 Reditum
2923 2702 3051 2761 item
3081 2703 3201 2772 ejus
3243 2716 3547 2758 memorant

1979 2791 2037 2853 in
2063 2790 2273 2857 cmlos,_
2296 2789 2614 2861 firmamque
2637 2791 2691 2846 in
2722 2792 2923 2845 throno
2956 2791 3107 2862 regni
3130 2790 3310 2848 Patris
3334 2791 3541 2854 sedem,

1979 2890 2140 2952 atque
2164 2881 2217 2935 in
2251 2880 2720 2938 consummatione
2751 2881 2933 2937 sa3cu1i
2964 2882 3204 2937 futurum
3239 2881 3435 2936 iterum
3465 2881 3545 2934 al-

1978 2979 2155 3029 terum
2204 2972 2323 3043 ejus
2378 2972 2667 3029 adventum
2724 2972 3041 3044 gloriosum.
3081 2971 3258 3043 Super
3296 2974 3546 3029 omnibus

317 3067 578 3145 ρυχθέντα
597 3065 909 3130 δυσσεϐείας
933 3065 1096 3120 ἕνεκα
1121 3062 1531 3136 μετελεύσεσθαι
1559 3063 1705 3117 κακὰ
1724 3062 1882 3135 ἐμελ-

1981 3062 2133 3118 bisce
2176 3062 2400 3119 threnos
2438 3062 2706 3134 percipies
2736 3072 2911 3135 atque
2935 3064 3172 3134 ejulatus
3205 3064 3543 3136 singulorum

313 3157 421 3221 λεν,
447 3158 527 3222 ὼς
553 3158 617 3211 τὸ
663 3156 928 3227 βασίλειον
955 3155 1152 3219 αὐτῶν,
1188 3155 1389 3211 ἄνωθεν
1419 3156 1483 3210 ἐκ
1524 3155 1774 3227 πατέρων
1801 3157 1880 3219 είς

313 3245 551 3309 ἐκείνους
575 3245 867 3317 διαρκέσαν
889 3245 1014 3308 τοὺς
1038 3245 1278 3316 καιροὺς,
1313 3244 1545 3316 παντελῆ
1568 3245 1882 3317 καθαίρεσιν

316 3336 449 3406 μετά
480 3335 582 3407 τὴν
604 3336 744 3389 κατὰ
770 3334 1004 3407 Χριστοῦ
1034 3334 1235 3407 τόλμαν
1268 3334 1443 3389 αὐτῶν
1468 3335 1765 3406 ὑπομενεῖ·
1805 3335 1882 3399 ὡς

312 3426 359 3478 oi
385 3425 603 3496 πάτριοι
636 3424 819 3483 αὐτῶν,
851 3425 1004 3495 νόμοι
1044 3424 1524 3491 καταλυθήσονται,
1551 3425 1626 3488 ὡς
1656 3425 1757 3496 τῆς
1786 3443 1884 3479 πα⁶

313 3516 467 3580 λαιᾶς
495 3516 793 3589 θρησκείας
845 3517 1021 3573 αὐτῶν
1053 3517 1534 3588 ἀποστερήσονται,
1576 3517 1652 3580 ὡς
1679 3518 1776 3588 τῆς
1816 3519 1881 3573 ἐκ

316 3608 591 3679 προγόνων
632 3607 958 3678 αὐτονομίας
989 3605 1375 3661 ἐκπεσοῦνταιο
1411 3606 1487 3669 ὠς
1527 3606 1640 3659 ἀντ’
1669 3606 1882 3660 ἐλευθέ-

317 3716 421 3770 ρων
439 3698 616 3752 δοῦλοι
632 3697 741 3755 τῶν
765 3697 972 3773 ἐχθρῶν
999 3699 1452 3769 καταστήσονται,
1474 3697 1549 3760 ὡς
1567 3698 1601 3768 ή
1631 3696 1880 3769 βασιλικὴ

318 3786 647 3858 μητρόπολις
667 3787 844 3851 αὐτῶν
857 3787 1221 3859 πυρίκαυστος
1241 3787 1547 3858 γενήσεται,
1576 3787 1652 3851 ὡς
1673 3786 1736 3840 τὸ
1753 3804 1810 3840 σε
1818 3805 1884 3859 μ-

316 3878 401 3932 νὸν
428 3879 610 3933 αὐτῶν
637 3880 732 3940 καὶ
781 3880 943 3948 ἀγνδν
984 3879 1125 3952 ίερδν
1153 3877 1475 3952 ἐμπρησμὸν
1504 3880 1598 3932 κα)⁵
1648 3879 1883 3950 ἐσχάτην

316 3971 546 4043 ἐρημίαν
597 3971 895 4042 ὑπομενεῖ.ο
938 3971 1014 4036 ὡς
1043 3972 1164 4025 ἀντὶ
1214 3970 1323 4024 τῶν
1361 3970 1526 4024 πάλαι
1584 3972 1881 4044 οἰκητόρων

318 4060 420 4115 ὑπὸ
447 4061 733 4133 ὁμοφύλων
763 4063 860 4135 (1⁸)
893 4064 1062 4119 ἐθνῶν
1087 4068 1121 4136 ή
1150 4065 1301 4131 πόλις
1337 4064 1513 4119 αὐτῶν
1539 4064 1884 4136 κατοικισθή-

320 4170 484 4218 σεται,
517 4155 595 4219 ὡς
623 4157 703 4220 είς
757 4156 935 4211 πάντα
963 4157 1031 4211 τὰ
1071 4157 1199 4228 ἔθνη
1243 4157 1364 4212 καθ’
1396 4158 1523 4228 ὅλης
1561 4157 1881 4229 οἰκουμένης

317 4243 792 4318 διασπαρήσονται,
818 4248 895 4312 ὡς
922 4248 1101 4303 οὐκέτ’
1130 4251 1313 4313 αὐτοῖς
1338 4251 1371 4320 ή
1403 4249 1510 4303 τῶν
1539 4248 1722 4303 κακῶν
1746 4248 1884 4303 παῦ-

250 4346 258 4354 ’
318 4334 400 4400 λα,
425 4338 547 4390 οὐδέ
569 4355 653 4402 τις
684 4339 970 4403 ἀνάνευσις
991 4339 1100 4393 τῶν
1134 4339 1427 4411 συμφορῶν
1460 4339 1878 4410 ἐλπισθήσεται··

1982 3154 2367 3225 prophetarum
2394 3154 2746 3209 multifariam
2767 3155 3144 3225 quiritantium
3177 3162 3340 3226 atque
3361 3156 3547 3226 deplo-

1982 3248 2217 3304 rantium
2264 3254 2466 3317 quanta
2508 3249 2709 3318 populo
2750 3245 2980 3303 Judaico
3021 3248 3093 3302 ob
3120 3248 3449 3319 impietatem
3487 3249 3546 3304 in

1982 3340 2127 3396 hunc
2159 3347 2426 3412 patratam
2458 3340 2776 3396 sustinenda
2824 3350 3007 3398 essent
3056 3343 3198 3397 mala
3230 3362 3246 3398 :
3277 3343 3421 3414 quod
3460 3357 3546 3398 re-

1980 3446 2143 3501 gnum
2183 3433 2424 3501 ipsorum
2458 3448 2489 3487 a
2517 3441 2730 3504 patrum
2760 3434 3095 3504 temporibus
3122 3450 3296 3505 usque
3319 3433 3387 3489 ad
3417 3435 3543 3489 illo-

1981 3538 2102 3576 rum
2136 3531 2350 3579 aetatem
2397 3524 2794 3588 continuatum,
2823 3523 3070 3580 funditus
3107 3531 3253 3579 esset
3294 3532 3543 3581 everten-

1981 3613 2110 3667 dum
2154 3623 2277 3685 post
2305 3628 2367 3669 ea
2390 3628 2511 3684 quae
2540 3615 2595 3668 in
2624 3613 2900 3670 Christum
2928 3616 3045 3670 ausi
3088 3612 3319 3671 fuissent
3360 3615 3544 3686 :quod

1982 3704 2170 3773 patria:
2200 3703 2441 3772 ipsorum
2477 3704 2623 3773 leges
2647 3702 3026 3768 dissolvendae,
3060 3705 3204 3774 quod
3250 3703 3354 3773 ipsi
3374 3704 3544 3759 veteri

1981 3791 2132 3846 cultu
2180 3806 2280 3846 suo
2330 3791 2583 3861 religioso
2613 3791 3077 3861 privandi,atque
3120 3791 3371 3847 libertate
3400 3792 3543 3845 avita

1981 3880 2234 3949 exuendi,
2260 3881 2402 3953 quod
2439 3898 2538 3957 pro
2569 3882 2755 3937 liberis
2795 3881 2938 3936 servi
2978 3881 3216 3936 hostium
3251 3880 3418 3937 futuri
3457 3897 3545 3937 es-

1981 3982 2156 4030 sent:
2215 3973 2359 4046 quod
2420 3974 2565 4044 regia
2618 3975 2857 4045 ipsorum
2918 3974 3233 4043 metropolis
3282 3973 3543 4029 tradenda

1981 4063 2235 4133 flammis,
2259 4076 2313 4121 et
2344 4065 2660 4137 religiosum
2693 4064 2906 4125 illorum
2928 4072 2982 4121 et
3006 4072 3254 4120 sanctum
3283 4064 3544 4136 templum

1981 4156 2439 4229 conflagraturum
2494 4166 2655 4228 atque
2698 4164 2998 4213 extremam
3039 4163 3390 4233 experturum
3420 4156 3546 4212 soli-

1981 4249 2222 4309 tudinem
2252 4268 2265 4304 :
2299 4248 2446 4323 quod
2483 4265 2583 4327 pro
2629 4249 2790 4304 avitis
2817 4249 3012 4305 incolis
3041 4250 3175 4305 urbs
3202 4264 3392 4305 eorum
3413 4250 3546 4305 alie-

1980 4339 2068 4395 nis
2114 4338 2468 4401 inhabitanda
2502 4340 2837 4407 nationibus,
2860 4339 3008 4410 quod
3039 4339 3095 4395 in
3141 4354 3331 4401 omnes
3357 4348 3545 4411 gentes

320 4427 354 4482 ἃ.
389 4431 484 4484 καὶ
515 4431 720 4503 τυφλῷ,
753 4432 907 4501 φασὶ,
937 4432 1090 4502 δῆλα,
1116 4432 1282 4485 είσέτι
1326 4432 1420 4487 νῦν
1448 4431 1547 4503 τήν
1575 4431 1683 4484 τῶν
1708 4432 1881 4500 λόγων

1985 4446 2081 4502 per
2107 4438 2281 4486 totum
2313 4431 2499 4495 orbem
2522 4439 2790 4486 terrarum
2815 4432 3179 4503 dispergendi,
3204 4431 3355 4501 quod
3394 4431 3542 4485 nulla

320 4522 430 4592 ὓᾲιν
477 4524 659 4586 αὐτοῖς
708 4522 890 4595 ἔργοις
944 4524 1292 4589 ἐνδείκνυται,
1343 4524 1409 4577 ἐκ
1444 4522 1666 4595 πρώτης
1711 4523 1881 4594 αὐτῆς

321 4614 543 4686 ἡμέρας,
599 4612 660 4679 ἐξ
693 4609 761 4685 ἦς
799 4614 990 4679 ἀθέους
1040 4616 1241 4688 ήραντο
1297 4614 1437 4667 κατὰ
1488 4613 1722 4685 Χριστοῦ
1768 4617 1880 4685 χεῖ-

325 4721 430 4773 ρας,
463 4707 563 4777 τὴν
585 4704 695 4758 τῶν
725 4705 911 4759 κακῶν
939 4705 1111 4778 ἀρχὴν
1138 4709 1216 4770 είς
1244 4707 1469 4769 ἑαυτοὺς
1488 4703 1875 4775 ἐπισπώμενοι.

323 4795 428 4849 Ούκ
460 4792 529 4867 ἦν
559 4797 607 4850 δ’
635 4797 741 4867 ἄρα
794 4799 905 4860 τοῖς
953 4795 1256 4860 θεσπεσίοις
1304 4796 1571 4866 ἀνδράσιν.
1606 4796 1699 4849 ἐπὶ
1746 4811 1878 4849 σκυ-

323 4872 549 4957 θρωποῖς
572 4888 644 4943 τὰ
662 4889 770 4943 τῶν
795 4892 1148 4962 προρρήσεων
1177 4890 1405 4954 ἱστάναι,
1427 4889 1545 4943 οὑδὲ
1585 4889 1743 4960 μέχρι
1769 4888 1878 4941 τῶν

322 4976 570 5053 λυπηρῶν
594 4980 958 5035 ἐπιτείνεσθαι
989 4981 1086 5052 τὴν
1118 4980 1422 5053 πρόγνωσιν
1445 4997 1458 5010 ·
1503 4979 1636 5034 ἀλλά
1666 4978 1775 5050 γάρ
1800 4980 1877 5044 είς

321 5070 377 5124 τδ
408 5072 627 5143 φαιδρὸν
673 5072 1123 5143 μεταϐάλλοντες,
1173 5068 1328 5137 αὖθις
1360 5069 1577 5139 ἀγαθῶν
1626 5070 1880 5139 ἀγγελίας

324 5162 526 5236 ἀθρόως
550 5164 751 5218 ἅπασιν
772 5162 1079 5236 ἀνθρώποις
1103 5163 1193 5216 ἐπὶ
1215 5168 1279 5235 τῇ
1301 5163 1396 5216 τοῦ
1424 5160 1657 5233 Χριστοῦ
1684 5178 1882 5234 παρου-

328 5255 411 5327 σία
450 5257 883 5328 προεκήρυττον,
927 5255 1048 5308 ἀντὶ
1091 5255 1190 5324 τῆς
1226 5254 1344 5318 ἐνὸς
1389 5253 1571 5316 ἔθνους
1614 5253 1880 5325 ἀποϐολῆς

328 5349 427 5401 πᾶν
457 5349 605 5413 ἔθνος
641 5351 736 5404 καὶ
772 5348 934 5419 γένος
961 5346 1261 5419 ἀνθρώπων
1293 5346 1618 5416 θεογνωσίαν
1647 5347 1878 5417 εὐαγγε-

330 5434 602 5509 λιζόμενοι,
635 5439 729 5493 καὶ
757 5437 1031 5508 δαιμόνων
1063 5435 1364 5508 ἀποφυγὴν,
1398 5436 1668 5506 ἀγνωσίας
1698 5453 1758 5489 τε
1787 5437 1881 5490 καὶ

333 5529 519 5600 πλάνης
557 5530 903 5602 ἀπαλλαγήν,
960 5528 1136 5598 φωτός
1186 5544 1246 5581 τε
1293 5528 1385 5581 καὶ
1434 5528 1712 5593 εὐσεϐείας
1755 5530 1881 5583 ἀνά-

392 5709 463 5780 (ί)
498 5710 585 5770 Sic
614 5708 962 5767 correximus
986 5706 1229 5778 prmzoii.
1271 5706 1427 5763 Eutr.
1468 5707 1687 5763 Pnaor.

1982 4525 2245 4595 amplius.
2275 4539 2305 4578 a
2350 4523 2508 4579 malis
2561 4525 2800 4595 requies,
2861 4540 3036 4595 neque
3069 4538 3097 4576 a
3140 4522 3540 4583 calamitatibus

1979 4618 2268 4689 respiratio
2313 4617 2580 4688 speranda
2631 4618 2738 4672 illis
2770 4616 2963 4687 ,foret:
2998 4631 3120 4686 quae
3165 4630 3350 4682 caeco,
3394 4615 3538 4685 quod

1979 4713 2153 4777 aiunt,
2191 4711 2500 4776 manifesta,
2534 4711 2697 4765 etiam
2726 4724 2871 4763 nunc
2905 4709 3207 4767 verborum,
3236 4707 3344 4762 vim
3375 4706 3540 4761 rebus

1978 4802 2112 4874 ipsis
2140 4802 2536 4866 demonstrant,
2568 4816 2692 4855 cum
2725 4816 2755 4853 a
2783 4801 2956 4870 prima
2985 4800 3077 4854 illa
3099 4800 3187 4859 die
3214 4816 3320 4871 qua
3345 4801 3539 4872 impias

1979 4911 2174 4950 manus
2201 4892 2371 4955 Judaei
2406 4894 2462 4947 in
2493 4892 2770 4948 Christum
2831 4892 3092 4954 tulerunt,
3131 4892 3394 4949 malorum
3435 4893 3541 4947 ini-

1977 4991 2112 5044 tium
2152 4989 2206 5043 in
2252 5004 2311 5044 se
2339 4985 2729 5042 contraxerint.
2762 4981 2877 5039 Non
2935 4983 3091 5037 libuit
3140 4993 3317 5040 autem
3342 4984 3539 5040 divinis

1978 5080 2255 5152 prophetis
2278 5079 2658 5151 praedictiones
2686 5092 2814 5133 suas
2845 5078 2899 5132 in
2932 5077 3140 5133 maestis
3168 5076 3344 5139 finire,
3366 5092 3540 5147 neque

1980 5174 2122 5226 ultra
2170 5172 2348 5227 tristia
2383 5168 2675 5226 extendere
2711 5169 3039 5225 vaticinandi
3080 5168 3413 5233 facultatem,
3444 5170 3536 5223 sed

1984 5265 2053 5335 ι’
2082 5265 2148 5320 ad
2179 5263 2465 5335 pulchrum
2506 5262 2761 5318 conversi
2790 5261 2951 5316 iidem
2986 5261 3229 5317 vicissim
3269 5261 3537 5319 bonorum

1978 5355 2401 5428 significationes
2425 5369 2622 5425 magno
2662 5367 2912 5418 numero,
2946 5352 3199 5409 omnibus
3228 5349 3539 5406 hominibus

1978 5448 2181 5503 Christi
2217 5447 2449 5505 adventu
2484 5445 2968 5517 impertiendorum
2998 5430 3535 5516 praenuntiaverunt:
3627 5466 3637 5476 -

1979 5539 2095 5595 fore
2118 5539 2350 5606 scilicet,
2389 5547 2446 5593 ut
2473 5554 2571 5610 pro
2601 5538 2765 5595 unius
2794 5537 2971 5610 gentis
3001 5537 3316 5610 rejectione,
3346 5547 3537 5588 omnes

2055 5704 2098 5774 (ί
2112 5704 2148 5772 ⁸)
2186 5701 2310 5773 ch,
2342 5700 2666 5769 ἀλλοφύλιιιν.
