3942 6258
356 370 423 422 99
986 372 1255 430 EUSEBII
1292 373 1765 434 CJESABIENSIS
1803 379 1952 436 OPP.
1986 372 2165 440 PARS
2197 386 2261 446 ll.
2294 420 2364 431 —
2402 390 2899 452 APOLOGETICA.
3518 406 3588 461 20
3637 370 3640 373 Δ

356 482 538 551 populi
577 490 632 538 et
677 486 933 542 nationes
968 486 1247 542 hominum
1280 504 1375 560 per
1404 488 1755 561 Evangelium
1794 495 1915 548 ed0«

2028 498 2232 571 λαμψιν
2253 519 2266 532 ·
2309 504 2402 565 καὶ
2429 505 2505 569 ὡς
2536 506 2585 559 οἱ
2616 505 2711 561 τοῦ
2744 508 2979 580 Χριστοῦ
3026 513 3260 587 μαθηταὶ
3287 518 3379 572 τὸν
3414 518 3587 573 πάντα

353 583 581 626 ccantur
604 577 715 630 veri
752 576 842 631 Dei
886 578 1271 647 cognitionem,
1321 585 1599 637 daemonas
1640 587 1919 656 deserant,

356 665 828 736 ignorantiamque
868 677 1069 723 exuant
1119 679 1173 724 et
1223 683 1458 735 errores,
1504 672 1596 724 lux
1640 683 1817 728 autem
1857 689 1922 728 ac

356 755 528 822 pietas
555 758 712 825 longe
735 764 946 828 lateque
977 760 1323 830 resplendeat
1348 782 1361 816 :
1391 770 1449 816 ut
1475 776 1506 816 a
1536 762 1739 819 Christi
1764 764 1923 820 disci-

354 847 496 915 pulis
536 849 827 906 universus
871 853 1022 907 orbis
1063 855 1336 923 repleatur
1381 856 1501 925 ejus
1548 855 1822 928 dogmate,
1861 865 1922 913 ut

356 942 704 1013 Evangelium
742 945 810 998 ab
845 945 954 1000 illis
983 945 1285 1001 doceantur
1317 962 1507 1005 omnes
1536 948 1784 1006 homines
1820 967 1920 1006 no—

355 1050 473 1086 vam
507 1035 807 1105 miramque
834 1039 1201 1106 complectens
1235 1040 1452 1111 pietatis
1481 1043 1765 1109 .rationem
1795 1063 1808 1097 :
1840 1052 1921 1097 at-

352 1142 458 1194 que
508 1135 567 1180 ut
602 1128 860 1183 Ecclesiae
910 1128 1115 1185 Christi
1158 1146 1255 1201 per
1298 1129 1517 1187 eosdem
1561 1133 1618 1187 in
1665 1135 1919 1191 omnibus

350 1216 603 1285 gentibus
623 1220 1046 1285 constituantur,
1072 1227 1125 1275 et
1155 1236 1296 1276 unus
1320 1222 1551 1292 populus
1576 1222 1918 1291 Christianus

351 1309 665 1364 nominetur
694 1327 792 1381 per
826 1313 1138 1367 universum
1184 1329 1290 1383 qua
1331 1322 1476 1385 patet
1507 1315 1701 1375 incolis
1733 1318 1918 1372 orbem

352 1411 641 1459 terrarum.
681 1404 943 1460 Futurum
989 1422 1113 1462 esse
1159 1407 1343 1472 etiam,
1372 1415 1431 1461 ut
1461 1422 1583 1478 quae
1617 1408 1847 1476 subinde
1887 1425 1917 1463 a

352 1494 705 1564 principibus.
738 1496 1062 1569 regibusque
1111 1504 1301 1551 contra
1365 1497 1666 1579 Ecclesiam
1714 1486 1917 1555 Christi

349 1586 654 1642 excitanda:
682 1589 794 1643 sint
823 1591 1253 1658 persecutiones,
1300 1591 1438 1644 nihil
1469 1592 1536 1645 ad
1564 1591 1915 1648 evertendam

350 1678 498 1733 illam
520 1679 754 1744 valeant,
790 1689 976 1750 utpote
1005 1698 1127 1750 quae
1147 1680 1240 1735 Dei
1270 1682 1466 1737 robore
1498 1684 1766 1738 ﬁrmatur.
1793 1683 1917 1738 Haec

355 1775 583 1822 ettanta
624 1786 748 1824 cum
793 1772 863 1824 ab
895 1770 1243 1827 Hebraeorum
1285 1772 1550 1844 theologis
1585 1775 1917 1844 proclamata

2026 594 2229 665 κόσμον
2259 596 2357 667 τῆς
2385 599 2551 651 αὐτοῦ
2572 599 2915 669 διδασκαλίας
2942 607 3327 680 ἐμπλήσουσιν,
3355 611 3501 677 ὅπως
3528 631 3587 667 τε

2026 688 2104 749 εις
2124 688 2331 752 πάντας
2352 690 2664 763 ἀνθρώπους
2685 694 2746 746 τὸ
2768 696 3093 766 Εὐαγγέλιον
3120 701 3295 755 αὐτῶν
3317 703 3590 778 κηρυχθή-

2028 793 2210 840 σεται,
2247 780 2426 834 καινόν
2471 799 2594 836 τινα
2635 783 2729 837 καὶ
2768 784 3038 851 ξενίζοντα
3079 791 3274 862 τρόπον
3312 793 3587 859 εὐσεϐείας

2026 869 2311 940 περιέχον·
2354 873 2448 936 καὶ
2475 873 2550 938 ὡς
2590 876 2905 949 Ἐκκλησίαι
2945 882 3179 952 Χριστοῦ
3219 883 3286 937 δι’
3321 884 3497 939 αὐτῶν
3529 888 3587 940 ἐν

2023 960 2164 1024 ὅλοις
2199 966 2309 1029 τοῖς
2353 963 2525 1029 ἔθνεσι
2570 970 2941 1040 συστήσονται,
2985 974 3077 1026 καὶ
3111 975 3187 1038 ὡς
3230 975 3347 1039 ἐνὸς
3390 977 3418 1029 ὀ
3456 978 3588 1050 Χρι-

2027 1052 2256 1106 στιανῶν
2290 1053 2416 1118 λαὸς
2442 1056 2564 1110 καθ’
2595 1058 2721 1129 ὅλης
2753 1060 2850 1131 τῆς
2880 1062 3202 1135 οἰκουμένης
3223 1064 3588 1139 ὀνομασθήσε-

2023 1162 2141 1197 ται·
2179 1148 2274 1201 καὶ
2307 1148 2381 1212 ὡς
2412 1151 2467 1202 αἱ
2504 1151 2613 1203 τῶν
2646 1151 2783 1205 κατά
2827 1154 3050 1224 χρόνους
3081 1156 3353 1228 ἀρχόντων
3394 1176 3453 1211 τε
3493 1161 3587 1214 καὶ

2025 1236 2286 1307 βασιλέων
2324 1240 2462 1294 κατὰ
2497 1242 2597 1313 τῆς
2636 1243 2958 1314 Ἐκκλησίας
2994 1246 3088 1305 τοῦ
3122 1248 3352 1321 Χριστοῦ
3386 1251 3589 1307 ἐπανα-

2026 1331 2240 1395 στάσεις
2270 1331 2422 1385 ούδὲν
2451 1337 2529 1395 είς
2560 1335 2621 1387 τὸ
2652 1336 2894 1390 καθελεῖν
2924 1338 3091 1410 αὐτὴν
3110 1381 3124 1404 ,
3156 1341 3230 1404 ὡς
3262 1342 3326 1395 ἂν
3365 1343 3468 1396 ὑπὸ
3493 1344 3586 1398 τοῦ

2022 1418 2157 1485 Θεοῦ
2193 1423 2644 1495 κραταιουμένην,
2689 1425 2982 1496 ἱσχύσουσι.
3033 1429 3311 1485 Τοσούτων
3351 1432 3440 1486 διὰ
3480 1433 3588 1487 τῶν

2023 1511 2142 1565 καθ’
2183 1512 2460 1584 Ἐϐραίους
2491 1515 2751 1581 θεολόγων
2796 1518 3327 1591 ἀναπεφωνημένων,
3371 1525 3464 1578 καὶ
3506 1527 3588 1589 είς

2021 1602 2179 1674 δεῦρο
2207 1606 2370 1658 πᾶσιν
2403 1606 2483 1669 εἰς
2520 1607 2749 1676 φανερὸν
2781 1607 2878 1672 τάς
2920 1609 3172 1674 ἐκϐάσεις
3213 1613 3586 1685 ἐπιδεικνυμέ-

2022 1713 2147 1759 νων,
2175 1695 2259 1759 τίς
2285 1697 2384 1750 οὐκ
2402 1697 2467 1751 ἂν
2488 1698 2547 1751 τὸ
2569 1697 2747 1754 ἔνθεον
2772 1701 3179 1772 ἀποθαυμάσειε
3207 1702 3314 1757 τῶν
3347 1705 3583 1776 ἀνδρῶν;

2020 1789 2104 1852 τίς
2143 1789 2189 1841 δ’
2217 1790 2339 1861 οὐχὶ
2372 1787 2472 1859 τῆς
2506 1792 2626 1844 κατ’
2666 1793 2860 1859 αὐτοὺς
2894 1793 3200 1859 θεοσεϐείας
3239 1798 3332 1849 καὶ
3375 1796 3587 1865 φιλοσο-

353 1858 574 1925 fuerint,
619 1868 780 1931 atque
823 1861 1119 1916 etiamnum
1173 1864 1426 1919 omnibus
1478 1865 1654 1934 palam
1699 1865 1915 1918 illarum

2023 1879 2148 1950 φίας
2193 1882 2260 1936 τὰ
2284 1858 2599 1954 ⁷μαθήματά
2644 1902 2702 1938 τε
2742 1888 2835 1939 καὶ
2887 1887 2954 1941 τὰ
3001 1887 3244 1956 δόγματα
3291 1858 3454 1961 κύρια
3496 1891 3588 1944 καὶ

351 1969 534 2008 rerum
561 1960 789 2010 eventus
816 1969 873 2009 se
903 1956 1173 2020 ostendat,
1207 1957 1331 2026 quis
1371 1972 1479 2010 non
1515 1956 1757 2010 divinum
1792 1956 1915 2011 illo—

347 2060 470 2099 rum
516 2045 757 2100 virorum
794 2046 1047 2117 spiritum
1075 2047 1416 2102 admiretur?
1444 2049 1570 2119 quis
1611 2064 1719 2103 non
1751 2048 1917 2103 disci-

348 2138 553 2208 plinam
596 2144 650 2193 et
697 2139 946 2210 dogmata
990 2140 1273 2210 religionis
1303 2140 1547 2209 ipsorum
1579 2148 1634 2195 et
1676 2140 1920 2211 philoso-

350 2229 493 2298 phia:
525 2227 762 2284 fateatur
794 2231 1029 2301 genuina
1061 2223 1126 2286 ac
1147 2231 1434 2289 verissima
1461 2231 1618 2288 esse?
1648 2218 1916 2302 siquidem

347 2324 865 2378 demonstrationem
895 2340 1005 2393 pra:
1045 2339 1104 2379 se
1135 2323 1314 2379 ferunt
1343 2341 1452 2379 non
1498 2325 1715 2395 quidem
1764 2340 1917 2379 como

347 2415 455 2484 ptis
478 2421 641 2485 atque
664 2415 870 2470 ornatis
908 2416 1105 2480 verbis,
1138 2431 1313 2487 neque
1344 2417 1396 2471 vi
1432 2406 1648 2471 dicendi
1680 2428 1772 2469 aut
1792 2428 1917 2488 per-3

347 2506 487 2560 versi
541 2506 756 2560 artiﬁcii
806 2507 1373 2576 argumentationibus
1422 2506 1491 2561 ad
1538 2506 1915 2577 decipiendum

347 2598 701 2668 comparatis,
734 2597 827 2654 sed
850 2598 1081 2668 simplici
1114 2607 1166 2654 et
1189 2606 1397 2654 remoto
1427 2614 1457 2653 a
1488 2598 1680 2653 fraude
1711 2599 1918 2654 doctri-

346 2706 429 2744 na:
464 2705 682 2761 genere,
732 2690 891 2759 cujus
926 2691 1175 2760 genuina:
1223 2691 1561 2763 sinceraeque
1595 2691 1810 2745 veritati
1852 2689 1918 2744 ﬁ-

346 2781 469 2835 dem
502 2780 630 2835 facit
659 2780 836 2835 virtus
866 2788 920 2834 et
943 2781 1183 2851 cognitio
1210 2779 1462 2837 Numinis
1490 2797 1611 2851 quae
1633 2781 1688 2836 in
1715 2781 1916 2838 divinis

348 2872 457 2927 illis
482 2871 613 2927 viris
655 2872 775 2926 fuit.
816 2871 919 2940 Qui
964 2872 1128 2943 igitur
1159 2880 1454 2943 potuerunt
1482 2888 1591 2938 res,
1647 2888 1769 2943 quae
1798 2873 1917 2927 lon-

345 2965 428 3036 gis
460 2964 675 3019 smculis
706 2972 828 3034 post
860 2973 1178 3029 evenerunt,
1203 2973 1284 3019 tot
1313 2965 1548 3020 millenis
1579 2974 1705 3019 ante
1730 2965 1914 3032 annis,

345 3072 456 3113 non
481 3056 721 3122 humano
753 3055 848 3110 sed
881 3055 1065 3110 divino
1089 3056 1276 3111 videre
1307 3057 1523 3126 Spiritu,
1547 3055 1734 3126 quidni
1766 3056 1917 3127 digni

345 3149 450 3204 ﬁde
481 3148 590 3203 sint
641 3156 701 3202 ut
730 3147 979 3220 dogmata
1024 3164 1146 3218 quae
1184 3149 1483 3218 discipulos
1527 3164 1660 3205 suos
1691 3148 1920 3204 edocue-

348 3247 500 3309 runt,
531 3254 660 3294 vera
691 3254 812 3295 esse
833 3239 1164 3294 credantur?
1192 3239 1368 3295 Probe
1397 3243 1562 3294 etiam
1595 3236 1717 3294 novi
1748 3239 1919 3295 usita-
1942 3221 1985 3278 (ἶ-

345 3342 462 3387 tum
511 3348 634 3388 esse
679 3333 954 3399 omnibus,
1014 3336 1105 3402 qui
1141 3333 1476 3391 Salvatorem
1523 3349 1586 3393 ac
1625 3334 1913 3388 Dominum

345 3435 596 3481 nostrum
626 3423 814 3481 Jesum
856 3425 1109 3481 eumdem
1144 3442 1270 3481 vere
1316 3425 1593 3483 Christum
1641 3425 1734 3481 Dei
1771 3442 1914 3493 esse,

346 3519 422 3581 ita
454 3526 513 3572 ut
544 3533 644 3588 par
675 3525 779 3582 est,
809 3518 1104 3573 instituunt
1142 3519 1536 3584 demonstrare,
1575 3526 1700 3573 ante
1732 3518 1916 3572 omnia

346 3609 526 3665 facere
552 3610 734 3677 ﬁdem,
771 3611 915 3681 quod
944 3627 1049 3665 non
1073 3612 1230 3666 aliter
1258 3611 1468 3666 in'eum
1492 3626 1654 3681 quam
1683 3610 1916 3680 prophe-

347 3701 471 3765 ticis
499 3703 831 3769 testimoniis
869 3703 936 3758 de
966 3718 1031 3758 eo
1059 3703 1223 3759 editis
1253 3711 1619 3774 congruenter
1647 3702 1871 3758 credant
1896 3721 1912 3757 :

342 3791 540 3847 deinde
568 3800 621 3848 et
642 3792 746 3847 hoc
777 3793 955 3862 ipsum
982 3808 1166 3847 coram
1195 3793 1453 3850 omnibus
1477 3809 1599 3848 cum
1632 3792 1833 3863 quibus
1856 3793 1914 3847 in

344 3902 651 3941 sermonem
681 3887 1044 3950 descendunt,
1092 3887 1236 3941 haud
1274 3886 1511 3950 dilliteri,
1545 3886 1689 3956 quod
1727 3887 1916 3956 singu-

345 3980 479 4035 laris
501 3979 670 4035 studii
706 3995 768 4033 ac
804 3980 1007 4034 laboris
1038 3980 1134 4044 sit,
1177 3980 1391 4049 singula
1424 3978 1604 4048 capita
1638 3977 1914 4049 Evangelii

344 4090 507 4145 posse
527 4071 1088 4127 demonstrationibus
1120 4072 1235 4127 suis
1271 4070 1506 4124 ﬁrmare.
1539 4068 1694 4124 Unde
1724 4085 1916 4126 neces-

345 4165 493 4221 sario
526 4164 593 4220 ad
643 4164 745 4219 hoc
796 4165 976 4239 ipsum
1025 4163 1258 4227 delatus.
1316 4162 1410 4217 Dei
1448 4162 1652 4217 auxilio
1697 4164 1913 4229 tentabo

345 4258 647 4317 secundum
698 4258 1058 4331 prmnuntiata
1106 4272 1169 4310 ex
1222 4255 1355 4331 ipsis
1407 4255 1514 4321 illis
1562 4253 1914 4324 Hebraeorum

344 4351 637 4422 theologis,
652 4352 919 4421 integram
943 4351 1210 4405 universae
1226 4351 1551 4418 evangelica:
1570 4348 1912 4407 demonstra-

344 4446 511 4509 tionis
557 4442 937 4499 tractationem
991 4442 1222 4497 tradere.
1282 4440 1438 4521 Quod
1489 4456 1617 4496 vero
1670 4440 1911 4495 studium

2020 1970 2192 2043 ἀληθῆ
2226 1968 2362 2027 εἶναι
2395 1974 2750 2046 ὁμολογήσει;
2796 1977 2896 2049 τὴν
2939 1978 3210 2043 ἀπόδειξιν
3245 1981 3588 2051 παρεχόμενα

2018 2063 2116 2114 οὐκ
2150 2065 2207 2115 ἐν
2240 2062 2413 2131 λέξεσι
2444 2067 2939 2137 κεκομψευμέναις,
2977 2064 3084 2122 οὐδ’
3116 2073 3173 2124 ἐν
3203 2071 3464 2143 δεινότητι
3496 2073 3588 2143 λό-

2018 2170 2150 2222 γων,
2192 2154 2223 2226 ἢ
2257 2156 2598 2226 κακοτέχνοις
2636 2160 2871 2223 ἀπάταις
2902 2161 3272 2234 συλλογισμῶν
3292 2180 3307 2193 ·
3346 2138 3409 2217 ἐν.
3441 2138 3584 2238 ἁπλῇ

2016 2247 2073 2317 δὲ
2124 2248 2217 2301 καὶ
2263 2250 2592 2322 ἀπανούργῳ
2629 2251 2961 2324 διδασκαλίᾳ,
3007 2248 3075 2325 ἧς
3132 2255 3191 2308 τὸ
3246 2258 3466 2326 γνήσιον
3495 2261 3587 2312 καὶ

2017 2337 2300 2411 εἰλικρινὲς
2344 2340 2440 2411 τῆς
2497 2339 2752 2411 ἀληθείας
2894 2342 3001 2396 τῶν
3054 2342 3354 2399 θεσπεσίων
3404 2347 3586 2401 αὐτῶν

2016 2429 2239 2492 ἐκείνων
2282 2430 2490 2503 ἀνδρῶν
2535 2432 2701 2503 ἀρετή
2748 2448 2808 2484 τε
2854 2433 2946 2486 καὶ
2981 2432 3275 2502 θεογνωσία
3320 2436 3588 2510 παρίστη-

2019 2537 2122 2589 σιν.
2173 2523 2234 2575 Οἱ
2293 2522 2422 2592 γοῦν
2480 2523 2549 2587 τά
2594 2528 2822 2596 μακροῖς
2878 2526 3066 2581 αἰῶσιν
3102 2527 3320 2600 ὕστερον
3359 2531 3438 2593 είς
3470 2529 3588 2599 φῶς

2017 2613 2238 2683 ἐλθόντα
2280 2616 2559 2688 πόρρωθεν
2608 2618 2819 2689 μυρίοις
2862 2618 3066 2675 ἄνωθεν
3103 2621 3313 2693 χρόνοις
3351 2622 3450 2673 οὐκ
3489 2621 3586 2675 ἀν-

2019 2704 2297 2776 θρωπίνῳ,
2334 2705 2460 2777 θείῳ
2491 2705 2548 2765 δὲ
2580 2706 2849 2778 πνεύματι
2895 2709 3257 2764 κατοπτεῦσαι
3294 2711 3588 2782 δεδυνημέ⁴

2019 2816 2119 2863 νοι,
2149 2797 2266 2863 πῶς
2298 2798 2398 2863 οὐκ
2424 2797 2561 2863 ἄξιοι
2594 2797 2659 2864 ἂν
2692 2794 2802 2852 εἷεν
2839 2800 2933 2853 καὶ
2966 2802 3093 2872 περὶ
3126 2795 3199 2854 ὧν
3240 2802 3363 2865 τοὺς
3396 2786 3597 2875 φοιτηέ

2016 2891 2117 2954 τάς
2145 2889 2484 2955 ἐξεπαίδευον
2518 2889 2802 2960 δογμάτων
2837 2891 3220 2959 πιστεύεσθαι;
3257 2894 3321 2946 El
3359 2894 3456 2964 μὲν
3492 2889 3587 2949 οὖν

2016 2979 2132 3037 οἶδα
2164 2980 2425 3054 ἀκριϐῶς,
2459 2982 2541 3035 ὅτι
2571 2983 2854 3054 πρόχειρον
2886 2982 3077 3048 ἆπασι,
3108 2987 3218 3047 τοῖς
3250 2984 3343 3039 τὸν
3359 2985 3588 3057 Σωτῆρα

2018 3073 2112 3129 καὶ
2152 3072 2356 3145 Κύριον
2397 3071 2551 3144 ἡμῶν
2588 3071 2795 3143 Ἰησοῦν
2822 3072 2897 3137 ὡς
2933 3073 2998 3127 ἂν
3029 3073 3189 3130 αὐτὸν
3216 3074 3428 3144 ἀληθῶς
3456 3075 3586 3136 ὄντα

2017 3167 2109 3221 τὸν
2164 3167 2397 3238 Χριστὸν
2446 3165 2540 3220 τοῦ
2596 3165 2731 3221 Θεοῦ
2780 3168 3019 3238 γνησίως
3075 3168 3583 3240 παραδεδεγμένοις,

2019 3262 2233 3333 πρῶτον
2262 3262 2359 3331 μὲν
2388 3260 2592 3314 πείθειν
2618 3261 2813 3325 αὐτοὺς
2841 3260 3035 3325 δοκεῖν,
3070 3262 3149 3314 ὅτι
3188 3260 3260 3332 μὴ
3300 3261 3470 3326 ἄλλως
3505 3264 3587 3325 είς

2017 3352 2179 3405 αὐτὸν
2213 3350 2640 3407 πεπιστεύκασιν
2670 3352 2702 3423 ἢ
2733 3355 2850 3415 ταῖς
2880 3353 3006 3424 περὶ
3025 3351 3189 3405 αὐτοῦ
3218 3356 3583 3424 προφητικαῖς

2019 3446 2345 3517 μαρτυρίαις
2374 3444 2698 3508 ἀκολούθως·
2723 3444 2914 3499 ἔπειτα
2944 3445 3085 3497 τοῦτ’
3119 3445 3247 3497 αὐτὸ
3273 3446 3366 3497 καὶ
3396 3448 3583 3510 πᾶσιν,

2017 3531 2097 3599 οἷς
2118 3535 2182 3589 ἂν
2212 3539 2290 3599 εἰς
2309 3535 2498 3605 λόγους
2523 3537 2897 3591 καταϐαίνοιεν
2926 3536 3341 3609 προϐάλλεσθαι·
3381 3538 3453 3609 μὴ
3478 3539 3586 3610 μὴν

2018 3626 2215 3698 ῥᾳδίως
2259 3626 2320 3679 τὸ
2371 3626 2694 3698 ἐπάγγελμα
2747 3626 3066 3680 πιστοῦσθαι
3118 3630 3236 3691 ταῖς
3279 3626 3586 3695 ἀποδείξεσι

2015 3718 2293 3773 δύνασθαι.
2325 3719 2485 3772 Ὅθεν
2503 3720 2814 3789 ἀναγκαίως
2846 3722 2937 3774 ἐπὶ
2959 3720 3102 3775 τοῦτ’
3124 3721 3254 3774 αὐτὸ
3279 3720 3583 3793 παρελθὼν,

2017 3810 2112 3863 σὺν
2153 3808 2272 3879 Θεῷ
2305 3808 2504 3881 βοηθῷ,
2537 3810 2677 3864 κατά
2714 3811 2784 3886 τά
2832 3811 3213 3882 ἐπηγγελμένα
3261 3811 3359 3882 τὴν
3399 3812 3584 3882 ἐντελῆ

2017 3901 2197 3972 πάσης
2225 3902 2323 3973 τῆς
2358 3900 2712 3972 εὐαγγελικῆς
2741 3902 3064 3966 ἀποδείξεως
3106 3905 3485 3975 πραγματείαν
3526 3902 3587 3969 ἐξ

2015 3986 2190 4053 αὐτῶν
2229 3988 2450 4043 ἐκείνων
2482 3988 2590 4041 τῶν
2621 3991 2751 4060 παρ’
2806 3989 3076 4062 Ἑϐραίοις
3110 3989 3370 4061 θεολόγων
3406 4011 3585 4064 παρα-

2017 4075 2316 4146 στήσασθαι
2363 4080 2714 4150 πειράσομαι.
2765 4080 3266 4150 Σπουδαιολογεῖται
3308 4083 3363 4136 δέ
3413 4101 3501 4154 μοι
3549 4086 3585 4156 ή

2014 4168 2222 4252 γραφὴ,
2259 4169 2356 4239 οὐχ
2397 4169 2472 4233 ὡς
2500 4170 2563 4225 ἄν
2601 4188 2684 4235 τις
2713 4172 2844 4243 φαίη
2879 4172 3019 4226 κατά
3067 4174 3351 4237 Ἰουδαίων,
3383 4175 3582 4243 ἄπαγε,

2016 4258 2274 4343 πολλοῦγε
2322 4261 2416 4316 καὶ
2444 4262 2560 4315 δεῖ·
2599 4263 2732 4333 πρὸς
2760 4264 2937 4318 αὐτῶν
2973 4266 3069 4336 μὲν
3093 4261 3206 4328 οὖν,
3240 4268 3288 4319 εί
3312 4268 3586 4338 εὐγνωμο-

2014 4353 2177 4416 νοῖεν,
2209 4352 2490 4422 τυγχάνει·
2532 4353 2809 4425 συνίστησι
2842 4356 2948 4428 γὰρ
2995 4357 3065 4411 τά
3109 4357 3204 4428 μὲν
3244 4358 3585 4429 Χριστιανῶν

2013 4442 2100 4497 διὰ
2131 4445 2228 4516 τῆς
2268 4444 2531 4499 ἀνέκαθεν
2566 4448 2921 4519 προρρήσεως
2967 4449 3388 4523 ἐπιμαρτυρίας,
3424 4449 3494 4505 τὰ
3538 4450 3585 4505 δ’

344 4535 602 4608 praesenti
637 4550 802 4606 opere
847 4548 878 4587 a
907 4548 994 4589 me
1034 4534 1388 4604 impenditur,
1428 4549 1537 4588 non
1579 4530 1782 4599 Iudaeis
1813 4548 1913 4602 op-

2018 4537 2238 4592 ἐκείνων
2272 4539 2358 4592 διὰ
2394 4539 2495 4609 τῆς
2535 4539 2645 4594 τῶν
2684 4542 2811 4613 παρ’
2842 4543 3025 4605 αὐτοῖς
3065 4543 3408 4613 προφητειῶν
3450 4545 3588 4598 ἀπο-

349 4626 674 4703 pugnandis,
701 4633 759 4680 ut
792 4632 944 4695 putet
977 4624 1196 4696 aliquis,
1220 4631 1304 4680 est
1332 4624 1682 4686 destinatum,
1708 4639 1909 4694 apage;

347 4728 558 4782 tantum
598 4719 744 4775 enim
793 4719 862 4772 ab
898 4718 1003 4773 hoc
1036 4718 1211 4786 abest,
1263 4725 1321 4771 ut
1350 4718 1528 4788 potius
1562 4733 1659 4788 pro
1690 4718 1818 4782 illis,
1863 4718 1911 4772 si

345 4826 534 4865 sanam
589 4818 828 4864 mentem
876 4807 1125 4872 all‘erant,
1170 4806 1379 4860 faciat:
1417 4806 1596 4860 ﬁrmat
1643 4806 1909 4876 siquidem

342 4905 709 4959 Christianam
746 4919 859 4958 rem
897 4903 1065 4972 petito
1090 4919 1120 4956 a
1153 4902 1329 4972 longis
1353 4902 1420 4955 ab
1449 4901 1576 4955 hinc
1604 4902 1915 4975 praedictio-

342 4997 508 5051 nibus
537 4996 849 5053 testimonio
885 5013 896 5047 :
930 5010 1043 5049 rem
1076 4993 1387 5061 Iudaeorum
1411 5000 1612 5055 autem,
1645 5010 1708 5047 ex
1734 4992 1913 5063 perfe-

341 5096 431 5141 cta
464 5086 869 5157 prophetiarum
910 5102 1047 5156 quas
1094 5085 1169 5139 illi
1209 5085 1411 5139 habent
1447 5084 1779 5157 impletione.
1812 5083 1911 5137 Ju-

341 5178 490 5233 vabit
542 5192 758 5249 quoque
805 5166 1120 5232 Graecorum
1153 5174 1294 5231 ﬁlios
1335 5175 1451 5231 sive
1497 5175 1768 5239 ethnicos,
1819 5175 1912 5244 qui

343 5270 542 5327 animis
588 5269 726 5324 bene
754 5267 1067 5325 constitutis
1114 5268 1469 5332 accesserint,
1510 5285 1607 5339 per
1636 5268 1915 5323 admiran—

343 5362 470 5416 dam
500 5360 808 5419 futurorum
842 5358 1228 5430 praenotionem
1275 5375 1566 5430 rerumque
1610 5358 1913 5415 secundum

343 5452 729 5524 praadictiones
776 5464 1050 5516 eventum,
1097 5451 1260 5507 simul
1305 5452 1643 5507 ostendendo
1673 5451 1912 5504 divinam

346 5554 509 5614 atque
536 5542 896 5606 certissimam
930 5543 1242 5612 dogmatum
1267 5550 1579 5598 nostrorum
1602 5546 1909 5606 veritatem,

346 5634 618 5703 simulque
660 5633 920 5689 solidiore
960 5633 1429 5689 demonstratione
1457 5633 1766 5687 obturando
1807 5633 1912 5686 lin-

347 5744 483 5797 guas
516 5740 872 5798 patronorum
921 5725 1210 5792 mendacii,
1251 5740 1415 5795 quam
1450 5740 1721 5804 nusquam
1751 5725 1912 5780 nobis

350 5830 635 5899 suppetere
689 5818 1028 5876 contendunt
1077 5814 1468 5886 sycophantae,
1529 5815 1690 5871 etiam
1750 5826 1913 5891 atque

2015 4631 2409 4702 τελεσματικῆς
2455 4633 2917 4706 συμπληρώσεως.
2975 4635 3256 4705 Ἀρμόσειε
3299 4636 3343 4689 δ’
3382 4635 3447 4690 ἂν
3488 4636 3585 4691 καὶ

2014 4724 2204 4777 παισὶν
2256 4724 2537 4795 Ἑλλήνων,
2585 4728 2633 4778 εί
2675 4728 3081 4797 εὐγνωμονοῖεν,
3132 4727 3220 4781 διὰ
3263 4729 3360 4800 τῆς
3407 4746 3587 4800 παρα-

2014 4815 2172 4881 δόξου,
2197 4814 2304 4868 τῶν
2345 4816 2644 4887 μελλόντων
2684 4817 3059 4888 προγνώσεως,
3088 4820 3188 4890 τῆς
3211 4838 3269 4873 τε
3297 4820 3404 4874 τῶν
3438 4836 3581 4889 πρα-

2014 4907 2239 4976 γμάτων
2277 4907 2419 4961 κατὰ
2450 4907 2549 4972 τάς
2579 4911 2910 4981 προρρήσεις
2957 4910 3262 4975 ἐκϐάσεως·
3306 4909 3439 4980 ὁμοῦ
3483 4911 3582 4975 μὲν

2013 4997 2074 5049 τὸ
2100 4996 2277 5051 ἔνθεον
2314 4999 2408 5052 καὶ
2441 4999 2666 5069 ἀψευδὲς
2697 5001 2795 5070 τῆς
2835 5000 2956 5054 καθ’
2988 5004 3134 5074 ἡμᾶς
3173 5001 3430 5072 ἀληθείας
3465 5003 3585 5055 ἐπι-

2014 5088 2357 5159 δεικνυμένη,
2388 5088 2522 5160 ὁμοῦ
2556 5091 2613 5142 δὲ
2654 5090 2747 5142 καὶ
2774 5090 2872 5154 τὰς
2894 5091 3002 5145 τῶν
3032 5091 3378 5163 ψευδηγόρων
3411 5089 3585 5159 γλώτ-

2015 5196 2111 5243 τας
2149 5181 2570 5251 ἐπιστομίζουσα
2604 5180 2692 5235 διὰ
2718 5183 2816 5254 τῆς
2845 5182 3207 5254 λογικωτέρας
3236 5181 3581 5246 ἀποδείξεως,

2013 5264 2081 5341 ἦς
2114 5270 2362 5342 οὐδαμῶς
2400 5274 2532 5343 ἡμῖν
2574 5274 2622 5325 ot
2666 5275 2998 5342 συκοφάνται
3031 5276 3268 5344 μετεῖναι
3297 5273 3585 5330 διατείνον-

2014 5379 2122 5427 ται,
2168 5357 2226 5416 εὖ
2281 5363 2423 5433 μάλα
2464 5363 2731 5435 ὁσημέραι
2775 5367 2895 5428 ταῖς
2936 5363 3054 5417 καθ’
3087 5362 3243 5434 ἡμῶν
3282 5362 3584 5436 διατριϐαῖς

2014 5453 2356 5523 κατακράτος
2390 5453 2848 5524 ἐπεντριϐόμενοι.
2883 5452 3047 5505 Οὺδέν
3075 5450 3205 5520 γοῦν
3245 5453 3390 5523 ἡμᾶς
3425 5451 3584 5506 δύνα-

2017 5543 2138 5595 σθαί
2181 5560 2312 5612 φασι
2352 5543 2417 5595 δι’
2444 5544 2769 5615 ἀποδείξεως
2811 5544 3089 5615 παρέχειν,
3133 5544 3315 5611 πίστει
3348 5542 3404 5607 δὲ

2016 5635 2301 5706 προσέχειν
2333 5635 2514 5702 ἀξιοῦν
2558 5639 2683 5701 τοὺς
2732 5639 2863 5708 ἡμῖν
2913 5636 3252 5707 προσιόντας.
3304 5637 3412 5689 Καὶ⁹
3446 5633 3583 5707 πρὸς

2013 5722 2106 5780 οῦν
2144 5728 2243 5799 τὴν
2281 5728 2535 5798 τοιαύτην
2570 5727 2819 5799 διαϐολὴν
2851 5729 2949 5781 οὐκ
2978 5726 3044 5782 ἂν
3069 5727 3284 5796 γένοιτο
3304 5728 3433 5797 ἡμῖν
3460 5726 3583 5787 ἀλο-

2018 5837 2111 5893 γος
2146 5821 2177 5893 ἡ
2214 5820 2461 5895 παροῦσα
2492 5819 2859 5893 πραγματεία,
2880 5819 2988 5877 Ναὶ
3016 5820 3121 5893 μὴν
3153 5820 3243 5873 καὶ
3270 5819 3377 5883 τῶν
3406 5817 3580 5889 ἀθέων
