3942 6258
331 383 395 439 2i
1233 374 1889 434 DEMONSTBATIONIS
1926 369 2388 429 EVANGELICE
2429 368 2559 425 LIB.
2589 365 2632 424 l.
3527 360 3599 417 2!

340 500 606 574 αἱρέσεων
628 500 731 567 τὰς
761 502 903 557 κατά
933 500 1040 555 τῶν
1072 500 1231 555 θείων
1263 499 1557 572 προφητῶν
1580 497 1920 570 ψευδοδοξίας

2025 494 2189 551 etiam
2233 491 2477 564 quotidie
2527 487 2785 547 omnibus
2825 484 3036 542 viribus
3068 482 3290 556 quando
3332 479 3598 574 adversus

348 610 400 648 τι
438 593 534 647 καὶ
576 593 928 665 βλασφημίας
965 594 1251 662 ἀπελέγξει
1289 593 1376 647 διὰ
1423 596 1521 665 τῆς
1559 593 1694 664 πρὸς
1731 590 1799 644 τὰ
1832 589 1927 644 νέα

348 685 451 740 τῶν
487 685 740 741 παλαιῶν
775 685 1110 756 συμφωνίας.
1157 684 1268 756 Τὴν
1316 684 1414 755 μὲν
1458 680 1550 737 οὖν
1586 680 1927 755 μακροτέραν

353 780 441 832 καὶ
484 776 787 849 διεξοδικὴν
834 777 940 832 τῶν
987 775 1341 848 προφητικῶν
1387 774 1577 846 φωνῶν
1632 773 1926 846 ἑρμηνείαν

353 866 510 922 τανῦν
543 870 572 921 ό
600 867 756 934 λόγος
784 865 1171 939 ὑπερθὴσεται,
1206 868 1319 931 τοῖς
1353 865 1696 937 βουλομένοις
1722 865 1927 919 τούτων

354 956 623 1023 ἐξετάζειν
653 955 990 1021 καταλιπὼν,
1025 952 1128 1011 οἷοί
1175 958 1220 1010 τ’
1258 956 1324 1011 ἂν
1363 959 1535 1011 είπεῖν
1566 958 1656 1011 τὸν
1704 956 1921 1028 τρόπον.

352 1051 662 1121 Διδασκάλῳ
680 1052 738 1105 δὲ
758 1050 1034 1124 χρώμενος
1056 1050 1475 1122 παραγγέλματι
1496 1049 1625 1121 θείῳ
1644 1050 1923 1118 φάσκοντι,

359 1164 376 1197 ι
402 1143 792 1213 Κεφαλαίωσον
815 1146 874 1198 ὲν
894 1143 1094 1213 ὀλίγοις
1117 1143 1306 1206 πολλὰ,
1348 1163 1367 1196 ι
1394 1142 1552 1196 τοῦτο
1576 1141 1815 1214 ζηλῶσαι
1839 1159 1927 1211 φι-

351 1240 715 1310 λοτιμήσεται·
745 1237 874 1291 αὐτὸ
904 1236 1065 1309 μόνον
1085 1236 1338 1309 ἀφορμὰς
1359 1235 1455 1306 τῆς
1487 1237 1566 1298 είς
1583 1235 1709 1297 τοὺς
1729 1233 1925 1296 τόπους

352 1332 601 1403 θεωρίας,
633 1331 726 1385 καὶ
751 1330 858 1383 τῶν
890 1333 970 1394 είς
996 1331 1056 1382 τὸ
1079 1328 1437 1400 προκείμενον
1467 1325 1920 1395 κατεπειγόντων,

350 1424 440 1493 τὴν
479 1424 560 1485 εἰς
601 1422 663 1475 τὺ
706 1422 871 1491 σαφὲς
917 1421 1212 1492 ἑρμηνείαν
1253 1418 1719 1489 παραθησόμενος.
1772 1417 1925 1480 Ἀλις

354 1514 444 1584 μὲν
468 1512 532 1584 δὴ
562 1513 884 1583 προοιμίων·
911 1512 1012 1584 ήδη
1041 1512 1098 1565 δὲ
1131 1512 1224 1567 καὶ
1258 1508 1365 1562 τῶν
1405 1509 1729 1574 ἀποδείξεων
1762 1507 1922 1580 ἄρξο-

354 1622 466 1676 μαι.
529 1604 749 1676 Ἐπειδὴ
783 1603 950 1669 πολὺς
987 1600 1054 1674 ἦν
1092 1603 1362 1676 ἐπιρρέων
1405 1602 1527 1656 καθ’
1569 1601 1724 1673 ἡμῶν
1759 1604 1788 1656 ὁ
1813 1600 1922 1656 τῶν

353 1697 694 1765 συκοφαντῶν
725 1697 902 1767 ὄχλος,
948 1696 1113 1768 μηδὲν
1141 1695 1399 1751 δύνασθαι
1439 1696 1663 1765 φάσκων
1698 1694 1764 1747 δι’
1789 1695 1924 1748 ἀπο-

349 1786 559 1853 δείξεων
581 1788 809 1858 ἐναργὲς
840 1786 1101 1857 ἀληθείας
1125 1787 1384 1858 παρέχειν
1410 1786 1629 1856 δεῖγμα,
1661 1784 1840 1838 πίστει
1862 1784 1921 1838 δὲ

2027 602 2130 643 nos
2157 586 2459 657 disputant,
2492 582 2688 638 huicce
2711 580 3030 638 insistentes
3060 575 3388 639 causationi,
3422 582 3482 629 ut
3522 573 3599 628 di-

2029 690 2176 745 cant,
2217 677 2356 733 nihil
2394 690 2496 730 nos
2527 689 2691 746 posse
2729 670 3195 728 demonstratione
3224 668 3464 730 ﬁrmare,
3501 666 3598 722 sed

2026 779 2238 826 tantum
2272 771 2340 826 ab
2373 769 2446 826 iis
2471 768 2566 839 qui
2598 766 2667 821 ad
2693 781 2796 823 nos
2820 765 3088 821 accedunt
3114 760 3271 818 fidem
3293 758 3598 816 habendam

2026 864 2259 934 exigere.
2293 862 2398 917 Cui
2441 859 2730 916 calumnia:
2784 856 3137 914 retundendae
3182 869 3291 910 non
3342 854 3598 923 inoppor-

2027 960 2159 1009 tuna
2200 968 2439 1025 praesens
2475 949 2731 1006 tractatio
2769 949 2952 1004 futura
2985 954 3091 1014 est,
3136 943 3232 1000 sed
3275 951 3331 1000 et
3373 950 3597 1000 ostensa

2026 1061 2292 1101 novorum
2319 1058 2444 1100 cum
2479 1041 2759 1098 veteribus
2781 1038 3075 1095 concordia
3105 1037 3395 1107 impiarum
3423 1032 3598 1087 haere-

2026 1137 2192 1204 sinm,
2228 1136 2394 1192 falsas
2419 1135 2706 1206 Opiniones
2741 1139 2796 1188 et
2818 1128 3184 1201 blasphemias
3223 1126 3487 1181 adversus
3515 1122 3599 1179 di-

2027 1228 2183 1283 vinos
2226 1227 2520 1299 prophetas
2566 1222 2810 1296 profecto
2842 1221 3101 1276 revincet.
3143 1216 3468 1288 Longiorem
3498 1228 3600 1268 au-

2024 1328 2132 1375 tem
2161 1328 2218 1376 et
2238 1320 2544 1376 uberiorem
2572 1315 3010 1388 pr0pheticarum
3042 1326 3237 1367 vocum
3280 1307 3598 1380 explicatio—

2023 1427 2148 1468 nem
2192 1412 2448 1483 praesenti
2503 1424 2668 1481 opere
2721 1406 3127 1479 praetermittam
3172 1404 3389 1473 illisque
3428 1400 3598 1457 relin-

2023 1520 2209 1576 quam,
2242 1506 2336 1575 qui
2366 1505 2466 1561 has
2512 1503 2679 1558 altius
2729 1501 2966 1557 scrutari
3002 1498 3294 1561 voluerint,
3324 1505 3485 1566 atque
3526 1494 3597 1549 ad

2023 1598 2128 1653 hoc
2156 1597 2547 1669 perﬁciendum
2577 1594 2781 1650 fuerint
2810 1592 3010 1649 idonei.
3045 1589 3157 1662 Ego
3199 1596 3380 1645 autem
3410 1587 3597 1644 divino

2022 1697 2294 1762 praecepto
2349 1690 2616 1760 magistro
2675 1702 2878 1743 usurus
2942 1701 3086 1749 sum,
3145 1683 3291 1755 quod
3351 1700 3370 1735 ι
3406 1683 3596 1753 paucis

2022 1782 2194 1837 multa
2224 1781 2689 1853 comprehendere
2723 1799 2741 1833 ι
2770 1780 2786 1810 ¹
2819 1778 2998 1849 jubet,
3036 1778 3199 1848 idque
3221 1774 3422 1831 sectari
3445 1773 3595 1829 omni

351 1878 482 1953 μόνῃ
508 1879 798 1951 προσέχειν
826 1876 1013 1943 ἀξιοῦν
1035 1879 1159 1941 τοὺς
1180 1880 1310 1949 ἡμῖν
1332 1877 1673 1949 προσιόντας,
1697 1876 1919 1940 τούτους

2023 1873 2205 1929 studio
2243 1874 2481 1937 annitar,
2513 1872 2893 1927 tantummodo
2921 1870 3228 1933 additurus,
3255 1883 3378 1939 quae
3406 1882 3597 1923 ansam

346 1970 398 2024 δὲ
424 1971 519 2025 καὶ
549 1968 759 2024 πείθειν
789 1968 941 2023 οὐδὲν
979 1967 1160 2034 πλέον,
1197 1968 1231 2039 ἢ
1265 1969 1405 2037 σφᾶς
1437 1968 1635 2030 αὐτοὺς
1666 1966 1920 2039 θρεμμά-

346 2080 447 2117 των
466 2063 679 2131 ἀλόγων
703 2063 859 2133 δίκην
889 2061 1183 2132 μύσαντας,
1212 2060 1306 2114 καὶ
1327 2056 1386 2114 εὖ
1410 2059 1668 2131 ἀνδρείως
1695 2058 1920 2113 ἕπεσθαι

346 2153 448 2207 δεῖν
478 2153 848 2219 ἀνεξετάστως
881 2151 1052 2206 ἆπασι
1086 2154 1197 2215 τοῖς
1234 2152 1363 2223 παρ’
1392 2148 1545 2222 ἡμῶν
1587 2149 1917 2221 λεγομένοις,

347 2246 469 2317 παρ’
501 2245 530 2298 ὃ
562 2246 656 2299 καὶ
702 2244 928 2307 πιστοὺς
972 2241 1329 2317 χρηματίζειν
1373 2243 1471 2313 τῆς
1520 2241 1715 2310 ἀλόγου
1761 2242 1920 2315 χάριν

346 2337 596 2401 πίστεως*
634 2337 860 2399 εἰκότως
886 2334 1073 2390 διελὼν
1100 2334 1200 2398 τὰς
1242 2332 1362 2387 καθ’
1395 2333 1551 2405 ἡμῶν
1576 2332 1831 2396 διαϐολὰς
1863 2335 1921 2387 ὲν

344 2431 405 2500 τῇ
451 2430 885 2501 προπαρασκευῇ
932 2426 1026 2481 τοῦ
1079 2426 1281 2490 παντὸς
1331 2425 1512 2495 λόγου,
1560 2424 1783 2498 πρώτην
1822 2426 1920 2497 μὲν

344 2520 436 2591 τὴν
477 2518 588 2572 τῶν
632 2517 908 2572 πολυθέων
937 2515 1203 2587 ὲξεθέμην
1236 2514 1427 2580 ἐθνῶν,
1475 2515 1920 2584 ὲπεγκαλούντων

340 2614 491 2682 ἡμῖν,
528 2612 613 2665 ὅτι
647 2609 713 2683 δὴ
746 2609 855 2663 τῶν
889 2608 1134 2681 πατρίων
1160 2607 1297 2662 θεῶν
1325 2606 1626 2662 ἀποστάται
1654 2607 1921 2679 κατέστη-

347 2721 460 2775 μεν,
510 2705 604 2757 ἐπὶ
654 2704 796 2775 μέγα
843 2703 1099 2773 φαμένων
1145 2717 1226 2765 τε,
1283 2701 1367 2754 ὅτι
1410 2700 1480 2754 τά
1513 2698 1763 2771 βάρϐαρα
1811 2698 1919 2753 τῶν

353 2796 614 2869 Ἑλλήνων
646 2796 1149 2869 προτετιμήκαμεν,
1182 2793 1253 2847 τὰ
1281 2792 1409 2864 παρ’
1450 2792 1718 2863 Ἑϐραίοις
1740 2791 1920 2844 ἀσπα-

349 2889 563 2959 σάμενοι
592 2886 765 2956 λόγια⁶
784 2885 1042 2959 δευτέραν
1070 2885 1126 2939 δὲ
1147 2883 1243 2955 τὴν
1272 2883 1451 2937 αὐτῶν
1492 2882 1757 2936 Ἰουδαίων
1789 2898 1919 2935 κατ-

344 2980 584 3052 ηγορίαν,
628 2979 695 3031 δι’
729 2972 798 3049 ἦς
846 2978 942 3032 καὶ
983 2977 1139 3030 αὐτοὶ
1171 2973 1381 3040 δόξαιεν
1418 2974 1485 3028 ἂν
1526 2976 1659 3045 ἡμῖν
1696 2971 1917 3037 ἐνδίκως

343 3069 774 3142 ἐπιμέμφεσθαι,
808 3071 890 3123 ὅτι
918 3069 983 3141 δὴ
1012 3071 1132 3132 ταῖς
1154 3067 1331 3123 αὐτῶν
1362 3068 1604 3139 Γραφαίς
1632 3062 1918 3137 καταχρώ-

345 3181 509 3234 μενοι.
536 3163 598 3216 οὐ
624 3162 715 3216 τὸν
741 3164 927 3233 ὅμοιον
954 3161 1137 3223 αὐτοῖς
1170 3160 1399 3232 μέτιμεν
1419 3156 1514 3213 τοῦ
1550 3157 1665 3228 βίου
1692 3157 1915 3229 τρόπον.

2024 1967 2303 2038 praebeant
2342 1965 2766 2021 considerandis
2799 1975 2854 2019 et
2878 1962 3247 2035 intelligendis
3283 1962 3439 2025 locis,
3472 1976 3597 2032 per-

2020 2059 2378 2128 spicuamque
2411 2071 2602 2111 eorum
2629 2072 2749 2127 quae
2783 2056 2850 2110 ad
2891 2056 3230 2126 propositum
3263 2053 3470 2109 faciunt
3511 2053 3599 2107 in-

2020 2150 2465 2218 terpretationem
2493 2149 2752 2205 exhibere
2795 2159 3017 2220 queant.
3058 2147 3163 2203 Sed
3203 2147 3595 2219 prooemiorum

2019 2242 2239 2313 quidem
2292 2243 2428 2298 satis
2463 2242 2614 2309 :jam
2654 2242 3155 2297 demonstrationes
3201 2240 3371 2296 ordiri
3418 2240 3593 2310 juvat.

2018 2334 2155 2390 Cum
2184 2334 2332 2391 enim
2367 2334 2628 2405 frequens
2661 2334 2824 2390 nobis
2851 2334 3201 2390 insultaverit
3238 2332 3597 2406 sycophanta-

2018 2442 2140 2483 rum
2189 2426 2505 2493 multitudo,
2547 2426 2933 2482 aﬂirmantium
2975 2427 3114 2482 nihil
3150 2441 3252 2482 nos
3285 2439 3446 2496 posse
3488 2425 3601 2479 evi-

2018 2518 2168 2575 denti
2203 2519 2451 2574 veritatis
2485 2520 2804 2575 ostensione
2829 2518 3229 2583 demonstrare,
3258 2519 3352 2574 sed
3381 2525 3595 2572 tantum

2018 2608 2179 2675 velle,
2213 2616 2272 2663 ut
2298 2608 2525 2664 credant
2552 2608 2646 2679 qui
2682 2607 2750 2663 ad
2793 2623 2896 2664 nos
2920 2609 3164 2674 veniunt,
3210 2616 3373 2679 atque
3403 2608 3479 2661 ita
3513 2616 3600 2659 at-

2019 2697 2292 2755 tendant:
2327 2714 2506 2770 neque
2560 2699 2709 2754 aliud
2762 2699 3061 2771 quidquam
3115 2699 3224 2754 illis
3270 2713 3596 2769 persuasum

2020 2791 2108 2855 iri,
2140 2807 2303 2863 quam
2331 2793 2690 2848 utbrutorum
2709 2807 2968 2863 pecorum
2990 2806 3160 2858 more,
3192 2806 3339 2847 caeco
3366 2792 3596 2863 impetu,

2019 2881 2270 2953 nihilque
2306 2883 2690 2939 examinantcs
2729 2890 2953 2938 strenue
2993 2882 3372 2953 obsequantur
3416 2882 3597 2937 omni-

2017 2973 2123 3029 bus
2147 2989 2488 3045 quaecunque
2530 2989 2561 3028 a
2590 2973 2763 3030 nobis
2784 2973 3067 3039 dicuntur,
3097 2972 3241 3030 unde
3269 2974 3434 3030 etiam
3463 2972 3596 3027 lide-

2018 3065 2099 3120 les
2156 3067 2272 3121 sive
2314 3066 2571 3122 credulos
2624 3066 2694 3121 ab
2748 3065 2907 3121 bruta
2959 3066 3285 3123 credulitate
3333 3066 3594 3138 appellari

2018 3156 2324 3227 contingat.
2368 3156 2505 3211 llinc
2552 3171 2665 3211 non
2708 3155 2779 3212 ab
2809 3172 2872 3212 re
2921 3156 3242 3213 dividendas
3280 3172 3402 3229 quae
3436 3157 3597 3213 nobis

345 3255 556 3309 Τούτων
578 3255 624 3308 δ’
654 3254 828 3318 οὕτως
856 3256 987 3325 ἡμῖν
1018 3252 1502 3324 διευκρινημένων,
1531 3251 1667 3322 πρὸς
1695 3250 1790 3320 μὲν
1817 3247 1915 3323 τὴν

2021 3248 2361 3319 objiciuntur
2400 3250 2706 3305 calumnias
2733 3250 3067 3315 existimavi,
3102 3259 3266 3321 atque
3295 3252 3349 3305 in
3379 3265 3595 3322 praepa-

344 3347 582 3418 πρὼτην,
602 3346 678 3410 ὡς
693 3340 804 3400 οἷόν
829 3363 889 3399 τε
912 3342 1001 3416 ἦν,
1021 3345 1108 3398 διὰ
1131 3346 1230 3414 τῆς
1254 3343 1667 3413 Εὑαγγελικῆς
1691 3345 1919 3411 Πρεττα-

2021 3344 2234 3399 ratione
2271 3343 2512 3398 universi
2542 3344 2743 3413 operis,
2780 3344 2957 3414 primo
2991 3344 3209 3414 quidem
3253 3346 3397 3410 loco,
3445 3347 3594 3400 illam

338 3437 640 3506 ρασκευῆς
670 3438 1084 3509 ἀπηντῆσαμεν,
1132 3434 1387 3506 Ἕλληνες
1420 3435 1520 3505 μὲν
1552 3431 1690 3488 εἶναι
1724 3433 1916 3505 τοπρὶν

2021 3437 2262 3509 gentium
2296 3436 2498 3491 multos
2541 3436 2835 3491 colentium
2870 3436 3002 3492 deos
3031 3439 3282 3507 exposui,
3313 3440 3405 3508 qui
3436 3440 3597 3496 nobis

338 3528 782 3598 ὁμολογήσαντες,
806 3528 902 3581 καὶ
928 3526 989 3591 ἐξ
1010 3527 1209 3596 ἐτέρων
1232 3524 1402 3579 ἐθνῶν
1433 3524 1503 3579 τὰ
1534 3524 1799 3597 Ἑλλήνων
1828 3542 1918 3578 πε-

2021 3528 2427 3593 vertunLvitio,
2473 3528 2619 3599 quod
2666 3528 2969 3599 patriorum
3011 3528 3240 3584 deorum
3285 3528 3597 3585 desertores

342 3617 690 3688 φρονηκότες,
733 3619 799 3670 ἐκ
841 3615 1095 3689 πατέρων
1138 3632 1197 3669 τε
1236 3618 1304 3686 τῇ
1350 3614 1595 3683 πολυθέῳ
1628 3614 1806 3685 πλάνῃ
1832 3615 1917 3667 δε-

2021 3619 2149 3674 facti
2202 3636 2429 3684 sumus,
2477 3629 2533 3674 et
2574 3628 2838 3690 tanquam
2884 3635 3143 3691 magnum
3196 3621 3401 3691 aliquid
3447 3622 3599 3692 obje—

339 3708 678 3779 δουλωμένοι·
722 3708 784 3761 οὐ
835 3707 940 3779 μὴν
992 3707 1173 3778 μέντοι
1220 3708 1399 3778 ἀλόγῳ
1445 3706 1536 3760 καὶ
1580 3706 1917 3775 ἀνεξετάστῳ

2021 3715 2199 3777 ctant,
2225 3709 2373 3780 quod
2399 3709 2635 3764 barbara
2661 3709 2868 3766 Graecis
2894 3712 3235 3781 praetulimus
3259 3721 3312 3767 et
3342 3711 3599 3767 l‘lebraao—

338 3801 498 3872 ὁρμῇ,
529 3800 712 3872 κρίσει
739 3799 795 3853 δὲ
821 3801 913 3853 καὶ
940 3799 1176 3872 σώφρονι
1209 3798 1453 3871 λογισμῷ
1487 3798 1914 3870 μετατιθέμενοι,

338 3893 432 3963 τήν
460 3910 521 3945 τε
547 3893 679 3965 περὶ
705 3892 774 3946 τὰ
813 3892 1078 3963 Ἑϐραίων
1110 3891 1266 3960 λόγια
1309 3891 1546 3961 σπουδὴν
1575 3890 1921 3961 κεκριμένως

337 3987 464 4055 ἡμῖν
490 3983 585 4037 καὶ
612 3982 849 4051 εὐλόγως
881 3982 1253 4054 γεγενημένην
1278 3983 1745 4054 παραστήσαντες.
1772 3980 1916 4052 Πρὸς

338 4075 390 4129 δὲ
418 4077 518 4148 τὴν
559 4076 819 4147 δευτέραν
848 4076 968 4147 ὥρα
995 4076 1088 4130 νῦν
1130 4075 1458 4148 φράξασθαι,
1506 4076 1600 4128 καὶ
1637 4075 1698 4128 τὸ
1732 4074 1916 4130 λεῖπον

340 4170 580 4224 ἐπελθεῖν
621 4169 866 4242 σκέμμα·
902 4170 1060 4224 τοῦτο
1090 4169 1133 4222 δ’
1163 4165 1234 4241 ἦν
1272 4170 1407 4240 πρὸς
1442 4170 1568 4232 τοὺς
1599 4171 1664 4222 ἐκ
1696 4186 1916 4241 περιτο-

2018 3816 2158 3857 rum.
2183 3802 2405 3857 oracula
2441 3800 2645 3856 fuimus
2684 3803 2935 3873 amplexi.
2974 3802 3215 3857 Alteram
3248 3819 3377 3859 vero
3416 3806 3599 3859 crimi-

2018 3893 2295 3948 nationem
2323 3893 2530 3948 illatam
2554 3909 2583 3947 a
2608 3891 2833 3959 Iudaeis,
2867 3909 2977 3965 qua
3006 3902 3060 3951 et
3087 3895 3191 3965 ipsi
3220 3895 3475 3951 videntur
3495 3914 3597 3951 nos

2018 3984 2164 4041 haud
2205 3985 2409 4055 injuria
2452 3985 2874 4057 reprehendere,
2919 3988 3063 4057 quod
3115 3989 3472 4059 ipsorummet
3517 4004 3600 4044 sa-

2019 4078 2131 4134 cris
2160 4078 2245 4134 usi
2276 4078 2497 4143 litteris,
2527 4093 2639 4133 non
2678 4086 2860 4133 tamen
2898 4079 3146 4135 eamdem
3172 4080 3296 4135 vitae
3329 4081 3597 4136 rationem

2019 4179 2316 4227 sectamur.
2350 4171 2490 4228 Cum
2525 4172 2640 4228 haec
2670 4170 2835 4242 igitur
2873 4172 2949 4226 ita
2999 4172 3254 4228 distincte
3281 4174 3527 4244 exposita
3566 4190 3598 4227 a

342 4265 461 4334 μῆς,
477 4262 632 4348 οὔπω
659 4262 754 4317 καὶ
775 4262 869 4317 νῦν
891 4261 1276 4335 ἐξητασμένον,
1319 4261 1549 4315 ἐνταῦθα
1571 4261 1628 4314 δέ
1652 4279 1758 4325 ,που
1776 4264 1915 4316 κατὰ

2021 4265 2178 4320 nobis
2222 4264 2444 4330 fuerint,
2492 4266 2664 4335 priori
2702 4265 2922 4337 quidem
2974 4265 3365 4331 criminationi,
3403 4272 3462 4319 ut
3507 4280 3596 4321 res

339 4356 520 4425 καιρὸν
539 4356 598 4407 ἐν
615 4357 729 4418 τοῖς
757 4354 1212 4425 σπουδαζομένοις
1224 4354 1324 4425 τῆς
1348 4354 1721 4423 Εὐαγγελικῆ
1728 4374 1760 4420 ς
1772 4354 1905 4408 ἀπο-

2021 4354 2166 4422 tulit,
2203 4356 2259 4409 in
2292 4354 2695 4426 Prwparatione
2733 4355 3045 4425 Evangelica
3068 4358 3430 4421 occurrimus,
3470 4372 3597 4411 con-

337 4445 575 4514 δείξεως
606 4447 817 4518 ἀναπλη
828 4446 1227 4519 ρωθησόμενον.
1250 4446 1386 4516 Φέρε
1401 4441 1516 4513 οὖν,
1548 4446 1638 4499 τὸν
1662 4445 1917 4499 ἁπάντων

2021 4443 2150 4499 fessi
2196 4444 2446 4501 ethnicos
2492 4446 2651 4501 initio
2696 4461 2797 4503 nos
2832 4445 3005 4502 fuisse
3055 4454 3221 4519 atque
3265 4464 3333 4503 ex
3381 4447 3596 4503 caeteris

352 4542 619 4595 Ἰουδαίων
647 4557 710 4595 τε
741 4540 837 4593 καὶ
886 4539 1155 4611 Ἐλλήνων
1187 4539 1320 4593 Θεὸν
1350 4538 1417 4592 δι’
1458 4537 1622 4592 αὐτοῦ
1667 4537 1761 4591 τοῦ
1805 4539 1918 4592 Σω-

2021 4537 2300 4608 gentibus,
2347 4537 2570 4596 Graecos
2605 4554 2908 4611 eorumque
2950 4540 3236 4611 opiniones
3265 4542 3595 4611 praetulisse.

341 4632 497 4703 τῆρος
524 4629 686 4703 ἡμῶν
723 4630 1197 4702 ἐπικαλεσάμενοι,
1232 4628 1451 4699 πρῶτον
1481 4631 1664 4683 ἐκεῖνο
1700 4628 1916 4682 διασκε-

2022 4638 2185 4701 atque
2224 4646 2253 4685 a
2278 4633 2596 4702 parentibus
2624 4636 2799 4690 errori
2845 4636 3045 4691 multos
3077 4633 3278 4689 colenti
3310 4633 3442 4690 deos
3480 4650 3600 4690 scr-

340 4723 585 4795 ψιὶιμεθα,
613 4725 695 4789 τίς
716 4726 745 4778 ὁ
762 4723 962 4795 τρόπος
988 4721 1247 4792 τυγχάνει
1275 4720 1375 4791 τῆς
1402 4719 1523 4774 καθ’
1548 4722 1695 4792 ἡμᾶς
1717 4720 1915 4785 αὐτοὺς

2021 4724 2207 4779 viisse.
2260 4723 2587 4796 Neutiquam
2647 4736 2827 4783 autem
2882 4729 3331 4798 insanodmpetu
3383 4735 3437 4782 et
3479 4727 3599 4783 sine

343 4811 641 4877 θεοσεϐείας
660 4830 673 4843 ·
730 4815 789 4867 ἐν
838 4810 1021 4884 ταυτῷ
1066 4810 1123 4864 δὲ
1170 4812 1289 4866 καὶ.
1312 4809 1419 4866 τῶν
1454 4811 1915 4884 ,ἐπιζητουμένων

2021 4818 2275 4874 examine
2320 4834 2422 4875 nos
2461 4829 2705 4877 mutasse
2754 4822 3102 4886 sententiam,
3151 4820 3480 4891 sedjudicio
3509 4836 3600 4876 so-

344 4910 585 4965 ἁπάντων
618 4908 953 4981 ἐπιθήσομεν
981 4908 1082 4972 τὰς
1112 4908 1319 4972 λύσεις.

2026 4912 2255 4984 briaque
2294 4915 2529 4983 ratione,
2564 4915 2804 4971 studium
2831 4914 3224 4971 Hebraicorum
3249 4911 3598 4968 oraculorum

342 5009 615 5082 amplexos
647 5008 904 5079 prudenti
952 5004 1264 5076 cognitione
1308 5010 1364 5058 et
1408 5019 1544 5061 sano
1577 5005 1811 5062 consilio
1860 5004 1916 5062 id
1944 5023 2047 5065 nos
2099 5008 2298 5067 fecisse
2358 5013 2666 5069 docuimus.
2727 4995 3003 5069 Adversus
3036 5013 3260 5071 alteram
3301 5026 3463 5084 porro
3491 5011 3600 5065 cri-

343 5107 686 5161 minationem
715 5120 827 5175 jam
887 5119 987 5159 nos
1030 5115 1243 5159 armare
1286 5109 1500 5170 tempus
1548 5108 1652 5167 est,
1699 5109 1756 5159 et
1804 5104 1950 5174 quod
2010 5115 2260 5176 superest
2296 5109 2612 5178 certaminis
2659 5110 2850 5165 onire:
2888 5117 2973 5164 est
3021 5116 3201 5163 autem
3232 5108 3335 5162 hoc
3376 5122 3499 5161 cum
3531 5106 3598 5161 iis

341 5205 423 5272 qui
466 5219 533 5257 ex
562 5201 988 5256 crrcumcisione
1019 5211 1166 5265 sunt,
1200 5200 1443 5255 nondum
1494 5198 1676 5256 adhuc
1712 5215 1743 5254 a
1785 5202 1945 5257 nobis
1997 5205 2357 5269 exantlatum,
2413 5205 2667 5277 praesenti
2704 5216 2884 5263 autem
2927 5204 3251 5260 tractatione
3290 5208 3598 5273 opportuno

345 5297 393 5349 in
445 5296 531 5351 his
584 5297 678 5366 qui
738 5310 850 5367 prae
909 5294 1164 5350 manibus
1216 5305 1367 5364 sunt,
1426 5295 1909 5353 Demonstrarianis
1964 5296 2292 5370 Evangelicaz
2336 5301 2493 5359 libris
2540 5301 2954 5364 absolvendum.
3028 5300 3141 5370 Age
3188 5297 3382 5371 igitur,
3450 5311 3600 5366 com,-

343 5391 485 5445 muni
538 5390 635 5445 illo
701 5390 945 5444 omnium
995 5386 1304 5445 Judarorum
1354 5393 1561 5463 pariter
1609 5408 1673 5449 ac
1705 5395 1947 5466 gentium
1998 5394 2129 5461 Deo,
2166 5410 2267 5467 per
2311 5396 2607 5466 ipsummet
2655 5396 2992 5451 Salvatorem
3034 5401 3283 5450 nostrum
3323 5392 3595 5457 invocato,

346 5488 569 5555 primum
614 5486 761 5541 illud
794 5485 1167 5556 inquiremus,
1220 5489 1443 5558 quinam
1501 5490 1699 5546 modus
1751 5498 1805 5545 et
1858 5506 1978 5563 quae
2019 5491 2159 5546 ratio
2210 5492 2392 5547 cultus
2446 5493 2621 5548 nostri
2680 5492 2750 5547 sit
2794 5507 2904 5562 quo
2948 5489 3118 5546 Deum
3173 5486 3595 5565 prosequimur:

346 5599 469 5641 cum
497 5583 601 5637 hoc
634 5581 757 5652 ipso
781 5580 928 5643 enim
974 5591 1028 5638 et
1056 5582 1395 5656 singulorum
1455 5600 1577 5655 quae
1616 5593 1846 5657 possunt
1884 5585 1939 5641 in
1979 5586 2334 5657 quaestionem
2374 5586 2579 5653 venire,
2620 5586 2951 5643 solutionem
2984 5583 3366 5654 adjnngemns.

417 5851 432 5881 ⁸
472 5850 637 5907 Eccli.
702 5867 885 5918 xxx”;
929 5851 1001 5907 al.
1046 5868 1211 5917 xxxv,
1257 5854 1341 5908 ii.
