3942 6258
373 363 445 418 93
1027 366 1291 422 ευεΕΒιι
1321 370 1798 430 ΟᾸΞΒᾹΒΙΕΝΞΙΞ
1837 375 1987 432 ΟΡΡ.
2031 377 2209 431 PARS
2246 377 2310 431 ll.
2347 412 2412 420 —
2444 380 2944 439 APOLOGETICA.

997 477 1225 534 CAPUT
1268 480 1332 534 ll.
1969 492 2014 547 Α

374 587 604 652 Quinam
650 591 720 641 ait
771 576 954 645 modus
1014 592 1217 645 colendi
1281 593 1373 649 Dei
1432 613 1496 650 ex
1544 597 1936 654 Christianismi

992 665 1317 733 pra'scripto.

437 745 557 802 Jam
596 749 749 818 prius
781 751 1000 829 quidem
1049 769 1079 808 a
1119 771 1204 810 me
1241 758 1295 810 in
1334 758 1732 828 Prmparatione
1761 762 1935 818 Evan-

367 840 540 909 gelica
566 842 770 898 dictum
814 853 917 912 est,
961 848 1104 917 quod
1130 848 1584 909 Christianismus
1627 870 1726 910 nec
1754 857 1933 912 ethni-

370 935 581 992 cismus
612 938 682 992 sit
711 953 812 994 nec
838 937 1175 1005 Judaismus,
1208 945 1301 996 sed
1345 946 1615 1014 prepriam
1640 949 1930 1017 quamdam

366 1036 518 1095 gerat
545 1029 602 1083 in
633 1045 691 1085 se
726 1039 909 1085 notam
950 1036 1334 1104 propriumque
1359 1037 1725 1093 characterem
1757 1040 1929 1109 pieta-

365 1118 475 1183 tis;
516 1135 692 1189 neque
721 1137 920 1178 novum
961 1125 1111 1179 illum
1148 1135 1242 1180 aut
1282 1128 1602 1193 absurdum,
1652 1131 1746 1186 sed
1775 1133 1930 1204 longe

367 1207 828 1277 antiquissimum,
869 1213 1086 1284 Deoque
1126 1215 1305 1272 charis
1331 1227 1385 1271 et
1415 1219 1631 1287 pietatis
1669 1237 1734 1277 ac
1765 1222 1928 1291 justi-

367 1299 456 1354 tiae
492 1302 646 1357 laude
676 1303 979 1361 illustribus
1010 1307 1162 1371 viris,
1189 1316 1314 1364 ante
1346 1310 1510 1366 Mosis
1551 1322 1788 1383 tempora
1814 1316 1928 1372 usi-

363 1395 536 1443 tatum
557 1402 1031 1466 perspectumque.
1060 1395 1256 1451 Verum
1282 1398 1436 1467 juvat
1455 1401 1614 1454 etiam
1633 1417 1777 1456 nunc
1802 1403 1926 1458 bre-

362 1480 502 1534 viter
531 1482 716 1538 videre
759 1499 822 1539 ac
866 1487 1216 1542 considerare
1261 1491 1390 1558 quid
1441 1492 1512 1546 sit
1541 1493 1921 1558 ethnicismus,

361 1570 492 1638 quid
507 1569 855 1640 Judaismus;
886 1585 1049 1645 atque
1074 1577 1254 1632 utrum
1290 1582 1535 1635 alterutri
1564 1583 1756 1636 horum
1778 1584 1925 1638 addi—

3539 389 3604 438 24

2565 495 2952 548 ΚΕΦΑΑΔΙΟΝ
2999 497 3072 547 Β’.

2187 605 2279 668 Τίς
2309 608 2344 658 ὀ
2371 621 2516 659 κατα
2543 605 2650 660 τὸν
2677 611 3142 732 Χρὲστιανισμὸν
3167 613 3474 677 εὐσεϐείας

2680 694 2746 732 το
2782 693 2913 732 ποί.

2680 693 2913 745 τροπος.

2107 766 2336 838 Εἴρηται
2373 767 2470 836 μὲν
2515 768 2616 840 ήδη
2661 771 2754 822 καὶ
2790 771 3052 843 πρότερον
3094 774 3151 826 ἐν
3189 776 3254 842 τῇ
3294 777 3610 842 Προπαρα-

2033 854 2247 924 σκευῇ,
2293 856 2367 919 ὡς
2410 859 2439 909 ό
2484 858 2911 930 Χριστιανισμὸς
2961 859 3083 914 οὕτε
3129 861 3475 932 Ἑλληνισμός
3529 862 3609 925 τίς

2032 949 2178 999 ἐστιν
2220 947 2342 1000 οὔτε
2401 948 2760 1020 Ἰουδαῖσμὸς,
2808 953 3003 1005 οἰκεῖον
3047 952 3102 1005 δέ
3133 969 3254 1006 τινα
3291 955 3470 1023 φέρων
3512 971 3610 1024 χα-

2035 1039 2280 1109 ρακτῆρα
2307 1038 2614 1102 θεοσεϐείας
2634 1056 2648 1068 ’
2695 1042 2788 1094 καὶ
2824 1041 3010 1094 τοῦτον
3045 1043 3105 1096 οὺ
3135 1043 3271 1108 νέον,
3302 1043 3421 1097 οὐδέ
3459 1045 3612 1096 ἐκτε-

2029 1130 2376 1201 τοπισμένον,
2407 1132 2519 1185 ἀλλ’
2547 1127 2606 1185 εὖ
2641 1133 2782 1203 μάλα
2811 1135 3189 1199 παλαιότατον,
3222 1136 3315 1188 καὶ
3346 1138 3458 1200 τοῖς
3500 1135 3607 1206 προ

2027 1220 2134 1273 τῶν
2179 1221 2457 1284 Μωῦσέως
2503 1221 2706 1294 χρόνων
2755 1222 3054 1291 θεοφιλέσιν
3108 1224 3194 1274 ἐπ’
3237 1223 3486 1295 εὐσεϐείᾳ
3544 1237 3604 1273 τε

2028 1312 2122 1362 καὶ
2165 1310 2478 1383 δικαιοσύνῃ
2528 1313 3036 1384 μεμαρτυρημένοις
3080 1313 3284 1386 συνήθη
3325 1314 3418 1368 καὶ
3461 1311 3601 1383 γνὼ-

2029 1419 2204 1472 ριμον.
2253 1403 2398 1474 Πλὴν
2437 1403 2573 1456 ἀλλὰ
2612 1407 2706 1458 καὶ
2754 1404 2846 1457 νῦν
2891 1406 3360 1476 ἐπιθεωρήσαντες
3392 1406 3444 1458 τί
3477 1408 3599 1459 ποτ’

2026 1494 2170 1546 ἐστὶν
2217 1494 2245 1546 ὅ
2289 1511 2347 1546 τε
2401 1494 2749 1566 Ἑλληνισμὸς
2807 1496 2899 1550 καὶ
2977 1489 3329 1566 Ἰουδαῖσμὸς,
3382 1495 3597 1566 6x544!)-

2029 1583 2186 1653 μεθα,
2233 1586 2443 1657 ποτέρῳ
2476 1587 2678 1641 τούτων
2710 1589 3054 1658 ὑπηγμένους
3101 1591 3226 1652 τοὺς
3275 1589 3379 1660 πρὸ
3431 1591 3597 1642 Μωῦη

361 1670 480 1718 ctos
527 1664 772 1721 invenire
817 1668 978 1722 liceat
1003 1669 1198 1725 charos
1245 1670 1352 1726 Deo
1386 1673 1553 1737 viros,
1582 1675 1780 1744 quibus
1809 1655 1905 1730 Μοι

2024 1676 2158 1741 σέως
2202 1655 2462 1747 θεοφιλεῖς
2504 1679 2720 1750 ἄνδρας,
2773 1655 2908 1752 τέρος
2953 1680 3119 1734 αὐτοῦ
3171 1655 3446 1744 Μωῦσέως
3477 1680 3596 1734 Geo-

360 1770 449 1810 ses
489 1755 603 1826 ipse
629 1757 800 1812 divini
832 1761 1035 1814 amoris
1067 1769 1229 1832 atque
1263 1763 1479 1835 pietatis
1502 1767 1742 1837 perhibet
1765 1768 1905 1824 testi-

2022 1773 2214 1840 φιλεῖς,
2260 1773 2352 1824 καὶ
2389 1774 2475 1826 ἐπ’
2505 1773 2752 1844 εὐσεϐείᾳ
2784 1774 3304 1845 μεμαρτυρημένους
3339 1772 3592 1845 εὕροιμεν

357 1847 621 1904 monium.
653 1849 993 1906 Jutlaismum
1034 1869 1144 1908 non
1177 1855 1295 1911 sine
1333 1859 1544 1912 ratione
1578 1858 1775 1914 dixerit
1815 1861 1905 1915 ali-

2012 1862 2098 1916 ἄν.
2141 1863 2242 1916 Τὸν
2279 1863 2374 1934 μὲν
2430 1863 2759 1934 Ἰουδαῖσμὸν
2810 1863 3048 1932 εὐλόγως
3079 1864 3144 1919 ἄν
3183 1881 3267 1926 τις
3306 1865 3590 1934 ὀνομάσειε

355 1939 482 2006 quis
514 1941 904 2010 rempublicam
956 1945 1255 2000 secundum
1289 1948 1461 2018 legem
1503 1949 1668 2008 Mosis
1710 1953 1905 2007 consti-

2015 1953 2114 2024 τὴν
2153 1955 2290 2008 κατὰ
2323 1956 2411 2009 τὸν
2455 1955 2730 2018 Μωῡσέως
2771 1957 2934 2026 νόμον
2971 1957 3395 2027 διατεταγμένην
3433 1955 3586 2008 πολι-

355 2037 546 2094 tutam,
581 2032 650 2085 ab
679 2048 791 2090 uno
819 2049 1032 2090 summo
1057 2037 1447 2106 dependentem
1502 2040 1610 2096 Deo
1635 2058 1650 2096 τ
1681 2045 1905 2100 ethnici-

2016 2046 2186 2111 τείαν,
2221 2048 2340 2110 ἐνὸς
2377 2047 2688 2118 ἐξημμένην
2728 2048 2820 2100 τοῦ
2853 2049 2944 2100 ἐπὶ
2975 2051 3189 2103 πάντων
3219 2048 3374 2102 Θεοῦο
3409 2048 3498 2102 τὸν
3529 2047 3587 2101 δὲ

354 2135 528 2174 smum
559 2121 651 2193 ι’·
674 2138 800 2177 vero
833 2125 1144 2179 summatim
1192 2127 1395 2183 dixeris
1423 2146 1544 2186 esse
1578 2137 1916 2202 superstitio-

2026 2137 2394 2208 Ἑλληνισμδν,
2435 2139 2510 2201 ὡς
2546 2141 2602 2191 ἐν
2647 2139 2926 2210 κεφαλαίῳ
2970 2141 3168 2209 φάναι,
3208 2140 3304 2211 τὴν
3339 2141 3481 2193 κατὰ
3516 2141 3586 2196 τὰ

349 2229 472 2268 nem
509 2229 573 2267 ex
607 2215 799 2284 patriis
828 2217 1069 2285 gentium
1106 2222 1471 2288 quarumlibet
1516 2225 1710 2280 ritibus
1733 2227 1905 2296 plures

2015 2228 2218 2300 πάτρια
2246 2230 2354 2283 τῶν
2388 2230 2554 2283 ἐθνῶν
2581 2231 2833 2284 ἁπάντων
2858 2233 2938 2296 είς
2966 2232 3215 2296 πλείονας
3243 2233 3396 2296 θεοὺς
3421 2234 3586 2288 δεισι-

349 2304 612 2358 colentem
635 2305 791 2362 deos.
823 2305 1027 2377 Ecquid
1058 2309 1221 2379 igitur
1245 2311 1442 2366 dicturi
1471 2329 1660 2371 sumus
1689 2317 1756 2371 de
1781 2318 1913 2374 viris

348 2395 455 2448 illis
485 2394 592 2450 Deo
625 2396 987 2457 cbarissimis.
1007 2403 1098 2469 qui
1119 2408 1244 2455 ante
1269 2401 1608 2458 Judaismum
1635 2409 1908 2473 exstitere,

343 2501 573 2555 quorum
619 2486 795 2544 Moses
845 2489 1174 2544 mentionem
1225 2491 1374 2556 facit,
1427 2502 1484 2548 ut
1538 2495 1606 2550 de
1664 2496 1907 2563 Enocho,

341 2577 431 2630 cui
463 2577 549 2632 bis
578 2579 761 2636 verbis
787 2580 990 2648 praebet
1027 2582 1396 2638 testimonium
1427 2587 1447 2616 '
1480 2606 1494 2641 :
1531 2606 1550 2638 ι
1586 2586 1768 2643 Enoch
1795 2591 1911 2660 pla-

341 2667 454 2721 cuit
482 2667 611 2724 Deo.
647 2686 664 2719 )
700 2669 875 2739 Atque
893 2669 959 2725 de
978 2669 1111 2734 Noe,
1133 2673 1200 2727 de
1231 2663 1340 2742 quo
1383 2691 1572 2732 rursus
1594 2677 1668 2730 ait
1701 2693 1713 2729 :
1750 2698 1769 2730 (
1798 2678 1912 2735 Noe

341 2757 506 2813 homo
550 2759 734 2827 justus
767 2761 822 2815 in
855 2763 1204 2832 generatione
1255 2781 1353 2821 sua
1377 2767 1417 2822 ³.
1459 2788 1477 2819 ι
1511 2767 1587 2823 De
1613 2768 1778 2827 Sctlto
1818 2772 1908 2826 iti-

339 2849 462 2904 dem
488 2865 550 2904 ac
570 2849 820 2922 Japheto,
850 2854 916 2909 de
947 2857 1144 2926 quibus
1169 2857 1241 2911 ita
1276 2859 1502 2913 scribit:
1542 2879 1560 2911 ι
1586 2860 1906 2920 Benedictus

339 2937 603 2995 Dominus
661 2941 804 2997 Deus
841 2942 992 3009 Seth,
1043 2956 1097 3000 et
1142 2947 1329 3003 dilatet
1368 2947 1510 3004 Deus
1553 2949 1783 3022 Japheth
1810 2956 1851 3008 ⁸.
1880 2975 1898 3008 ι

337 3028 415 3082 Ac
439 3037 698 3098 praeterea
723 3032 789 3087 de
817 3034 1149 3100 Abrahamo,
1211 3038 1396 3095 lsaaco
1423 3048 1476 3094 et
1506 3039 1742 3107 Iacobo,
1782 3045 1904 3114 qui-

337 3120 440 3175 bus
483 3123 646 3178 etiam
676 3122 870 3188 Jobum
925 3144 1288 3187 annumerare
1336 3143 1762 3190 consentaneum
1795 3145 1897 3200 est,

335 3221 389 3266 et
439 3215 484 3268 si
538 3216 630 3287 qui
655 3218 744 3271 alii
793 3219 1023 3275 similem
1087 3221 1240 3278 hisce
1262 3224 1428 3279 vitam
1488 3225 1638 3282 fuere
1687 3231 1898 3286 sectati.

335 3303 561 3372 Oportet
582 3307 727 3361 enim
761 3308 930 3366 hosce
964 3313 1045 3368 vel
1069 3312 1286 3370 Iudaeos
1302 3317 1578 3373 exstitisse
1597 3320 1680 3374 vel
1705 3321 1900 3376 Ethni-

335 3408 451 3449 cos.
488 3395 708 3452 Meuim
733 3397 902 3456 Judmi
944 3404 1162 3471 quidem
1215 3406 1323 3460 dici
1363 3407 1490 3477 jure
1517 3426 1624 3465 non
1652 3425 1897 3482 possunt,

333 3499 456 3538 eum
481 3501 665 3543 eorum
696 3493 1033 3560 temporibus
1064 3494 1144 3549 lex
1171 3496 1334 3552 Mosis
1362 3500 1601 3554 nondum
1640 3502 1696 3556 in
1728 3503 1902 3560 homi-

334 3598 463 3636 num
491 3585 653 3638 vitam
701 3586 864 3641 fuerit
916 3589 1246 3648 introducta.
1298 3592 1354 3648 Si
1384 3597 1528 3650 enim
1586 3596 1900 3658 Judaismus

332 3665 466 3726 nihil
497 3676 705 3731 exstitit
739 3677 883 3733 aliud
911 3696 1072 3750 quam
1130 3681 1293 3739 Mosis
1349 3686 1528 3758 legum
1551 3690 1893 3757 observatio;

332 3765 507 3822 Moses
539 3776 717 3822 autem
753 3769 925 3840 longo.
959 3781 1081 3841 post
1109 3773 1231 3832 illos
1275 3776 1342 3832 de
1375 3780 1574 3845 quibus
1607 3783 1737 3848 dixi,
1761 3790 1893 3839 tem-

331 3871 467 3926 pore
491 3858 728 3913 claruit:
758 3861 983 3917 evidens
1004 3871 1108 3930 est,
1143 3867 1286 3934 quod
1313 3867 1485 3924 Judaei
1517 3862 1662 3924 baud
1699 3872 1900 3928 fuerint

332 3949 424 4015 qui
453 3955 578 4002 ante
617 3949 782 4005 Mosis
813 3959 1059 4022 tempora
1109 3958 1483 4014 testimonium
1513 3961 1732 4031 pietatis
1762 3968 1899 4022 tule-

331 4045 483 4100 runt.
511 4035 616 4091 Sed
646 4054 820 4108 neque
860 4041 1117 4101 ethnicos.
1165 4047 1387 4103 eosdem
1416 4053 1734 4110 existimare
1766 4072 1899 4109 con-

331 4135 497 4180 venit.
531 4129 779 4191 Diamque
819 4131 887 4185 de
935 4131 1244 4191 Abrahamo
1296 4137 1497 4194 dicitur
1526 4124 1570 4206 ',
1624 4146 1767 4214 quod
1801 4147 1896 4200 do-

331 4233 477 4272 mum
500 4220 730 4289 patriam
758 4231 814 4276 ct
835 4226 1210 4295 cognationem
1233 4231 1530 4301 reliquerit,
1564 4235 1766 4306 unique
1795 4239 1894 4296 soli

331 4307 444 4362 Deo
496 4309 782 4366 adhaeserit
805 4352 820 4376 ,
848 4329 1007 4383 quem
1036 4317 1200 4372 etiam
1248 4321 1554 4390 proﬁtetur,
1580 4339 1704 4381 cum
1739 4328 1814 4382 ait
1834 4330 1852 4361 ⁶
1878 4345 1891 4380 :

335 4419 354 4453 ι
385 4399 681 4456 Extendam
716 4403 956 4475 (manum
992 4411 1190 4481 meam)
1219 4413 1286 4467 ad
1331 4415 1498 4471 Deum
1541 4419 1902 4497 altissimum,

328 4493 419 4564 qui
455 4497 661 4550 creavit
695 4500 892 4554 malum
937 4511 992 4558 et
1041 4512 1261 4560 terram.
1296 4527 1319 4560 ι.
1351 4507 1426 4564 De
1476 4508 1680 4578 Jacobo
1710 4493 1902 4572 autem.
1925 4538 1969 4592 υ

326 4585 469 4653 apud
490 4584 674 4644 Mosen
728 4593 989 4664 scriptum
1045 4603 1129 4651 est
1163 4597 1204 4662 τ,
1256 4599 1399 4667 quod
1443 4600 1627 4657 domui
1686 4621 1794 4662 suae
1839 4615 1899 4663 et

328 4680 581 4736 omnibus
637 4683 753 4740 suis
811 4689 1106 4759 praecepit:
1136 4709 1156 4742 ι
1188 4689 1381 4749 Tollite
1411 4694 1543 4752 deos
1579 4697 1786 4754 alienos
1825 4701 1892 4757 de

327 4771 508 4828 medio
523 4774 685 4828 vestri
708 4791 721 4839 ;
747 4786 801 4832 et
823 4787 1106 4848 surgentes
1148 4784 1506 4842 ascendamus
1528 4787 1812 4854 inBetliel,
1838 4799 1897 4854 et.

326 4857 592 4916 faciamus
614 4863 684 4918 ibi
717 4880 866 4922 aram
900 4867 1163 4936 Domino,
1223 4875 1316 4944 qui
1357 4877 1634 4932 exaudivit
1688 4897 1774 4938 me
1837 4885 1886 4938 in

324 4945 413 5000 die
443 4949 830 5020 tribulationis,
872 4959 964 5026 qui
993 4959 1094 5014 fuit
1124 4977 1334 5018 mecum
1380 4973 1433 5020 et
1463 4968 1693 5032 salvavit‘
1719 4987 1806 5028 me
1833 4974 1886 5028 in
1923 4993 1927 4996 '

321 5041 408 5093 via
439 5059 545 5112 qua
575 5045 667 5100 ivi.
702 5045 768 5100 Et
790 5049 1062 5112 dederunt
1101 5053 1305 5112 Iacobo
1327 5058 1458 5115 deos
1500 5061 1730 5128 alienos,
1793 5068 1884 5137 qui

323 5139 477 5185 erant
511 5132 565 5186 in
589 5137 840 5192 manibus
867 5155 1080 5204 eorum,
1126 5152 1180 5198 et
1219 5146 1440 5204 inaures
1489 5165 1610 5220 quae
1630 5161 1784 5207 erant
1811 5132 1883 5211 vin

323 5223 548 5278 auribus
581 5239 790 5282 eorum.
827 5233 892 5284 ιιι
922 5232 1210 5288 abscondit
1257 5252 1321 5292 ea
1345 5237 1580 5302 Iacobus
1612 5244 1715 5298 sub
1746 5254 1887 5303 terer

323 5311 509 5370 hintho
535 5328 655 5386 qua).
674 5326 790 5370 erat
813 5320 865 5372 in
891 5319 1169 5403 Sicbimis,
1200 5331 1257 5379 et
1275 5329 1509 5396 perdidit
1540 5346 1604 5386 ea
1629 5348 1802 5403 usque
1829 5338 1882 5391 in

321 5401 644 5458 hodiernum
678 5405 842 5462 diem.
883 5429 901 5459 ›
941 5408 998 5463 Si
1033 5399 1199 5482 igitur
1253 5424 1308 5470 et
1358 5418 1426 5472 ab
1477 5399 1882 5484 idololatrarum

319 5509 507 5550 errore
537 5496 698 5551 alieni
731 5495 971 5564 fuerunt,
1006 5511 1062 5557 et
1111 5504 1255 5560 sicut
1297 5507 1728 5568 demonstratum
1776 5522 1883 5582 est,

318 5594 469 5639 extra
493 5585 835 5645 Judaismum
851 5594 1173 5649 constituti:
1205 5604 1386 5656 tamen
1432 5618 1743 5676 quanquam
1782 5623 1884 5671 nec

389 5707 405 5736 ³
449 5704 582 5761 Cea.
623 5727 674 5774 ι’,
717 5710 785 5764 22

306 5768 420 5823 1-4.

408 5813 420 5834 1

2012 2319 2312 2391 δαιμονίαν.
2340 2321 2405 2373 Τί
2442 2317 2534 2375 οὖν
2563 2323 2836 2393 φήσαιμεν
2872 2325 2999 2394 περὶ
3029 2323 3137 2376 τῶν
3173 2324 3277 2394 πρὸ
3309 2325 3584 2390 Μωῦοεως

2012 2411 2106 2463 καὶ
2149 2412 2254 2482 πρὸ
2293 2411 2387 2465 τοῦ
2444 2412 2778 2483 Ἰουδαϊσμοῦ
2831 2413 3092 2484 θεοφιλῶν
3148 2414 3385 2486 ἀνδρῶν,
3425 2409 3500 2469 ὧν
3553 2417 3582 2470 ὁ

2010 2502 2253 2571 Μωῡσῆς
2285 2503 2722 2572 ἐμνημόνευσεν,
2773 2498 2913 2567 οἷον,
2955 2505 3082 2576 περὶ
3133 2503 3332 2575 Ἑνὼχ,
3368 2500 3411 2572 ᾧ
3445 2523 3582 2578 μαρ-

2008 2594 2164 2662 τυρεῖ
2190 2591 2362 2660 λέγων
2382 2608 2395 2620 ·
2433 2610 2450 2641 ι
2476 2591 2822 2662 Εὐηρέστησε
2851 2591 2907 2644 δὲ
2946 2591 3113 2662 Ἐνὼχ
3139 2591 3217 2662 τῷ
3248 2591 3364 2662 Θεῷ
3383 2609 3395 2623 '
3427 2610 3446 2644 ›
3485 2592 3580 2646 καὶ

2009 2682 2138 2753 περὶ
2183 2682 2274 2736 τοῦ
2325 2681 2483 2748 Νῶε,
2520 2683 2646 2754 περὶ
2687 2678 2748 2738 οὗ
2801 2683 2960 2737 πάλιν
3009 2683 3179 2752 φησί·
3215 2702 3233 2734 ι
3262 2683 3384 2736 Νῶε
3428 2683 3484 2736 δὲ
3510 2679 3578 2754 ἦν

2007 2772 2292 2842 ἄνθρωπος
2318 2774 2542 2838 δίκαιος,
2573 2775 2630 2829 ἐν
2665 2778 2728 2847 τῇ
2759 2777 2922 2847 γενεᾷ
2952 2776 3116 2829 αὑτοῦ
3136 2793 3149 2807 ο
3181 2795 3199 2828 ι
3233 2777 3358 2849 περί
3395 2794 3452 2829 τε
3484 2778 3577 2831 τοῦ

2008 2863 2112 2934 Σὴθ
2156 2865 2250 2919 καὶ
2302 2865 2396 2918 τοῦ
2458 2866 2674 2935 Ἰάφεθ,
2734 2867 2859 2936 περὶ
2899 2860 2972 2921 ὧν
3018 2867 3189 2921 ταῦτα
3241 2868 3574 2936 ἀναγράφει·

2011 2974 2030 3006 ι
2057 2956 2356 3027 Εὐλογητὸς
2374 2957 2575 3028 Κύριος
2600 2959 2628 3011 ὁ
2646 2957 2776 3021 Θεὸς
2795 2957 2889 3011 τοῦ
2919 2953 3026 3023 Σήθ
3046 2975 3060 2988 ο
3089 2977 3105 3010 ι
3133 2959 3243 3022 καὶ,
3269 2977 3286 3008 ι
3308 2957 3578 3011 Πλατύναι

2003 3048 2032 3100 ό
2055 3047 2186 3112 Θεδς
2221 3047 2298 3118 τῷ
2338 3047 2545 3118 Ἰάφεθ·
2575 3069 2592 3099 ι
2630 3049 2726 3102 καὶ
2771 3048 2850 3102 ἔτι
2898 3049 3035 3120 πρὸς
3072 3049 3280 3113 τούτοις
3323 3051 3450 3120 περὶ
3480 3049 3575 3103 τοῦ

2016 3139 2283 3211 Ἀϐραὰμ,
2314 3141 2408 3195 καὶ
2447 3140 2544 3194 τοῦ
2580 3140 2799 3204 Ἰσαὰκ,
2841 3141 2936 3194 καὶ
2976 3142 3068 3194 τοῦ
3109 3141 3320 3208 Ἰακὼϐ,
3357 3137 3438 3206 οἷς
3481 3143 3575 3196 καὶ

2000 3228 2091 3281 τὸν
2133 3228 2254 3282 Ἰὼϐ
2290 3231 2643 3303 συναριθμεῖν
2668 3230 2906 3300 εὔλογον,
2932 3231 3026 3284 καὶ
3057 3231 3112 3284 ετ
3140 3249 3282 3292 τινες
3315 3231 3459 3285 ἄλλοι
3484 3232 3575 3285 τὸν

2001 3321 2209 3392 ἐμφερῆ
2247 3320 2456 3385 τούτοις
2485 3321 2763 3393 ἐζήλωσαν
2795 3321 2942 3392 βίονς
2972 3323 3113 3393 Ἀρα
3150 3321 3258 3393 γὰρ
3289 3320 3574 3386 Ἰουδαίους

2001 3414 2196 3477 αὐτοὺς
2250 3414 2448 3484 χρῆναι
2492 3415 2806 3482 γεγονέναι,
2843 3414 2874 3486 ἢ
2918 3414 3204 3484 Ἕλληνας.
3267 3413 3425 3467 Ἀλλὰ
3465 3415 3573 3486 γὰρ

2014 3503 2252 3557 Ἰουδαίοι
2295 3505 2392 3574 μὲν
2424 3505 2524 3558 οὐκ
2556 3504 2622 3558 ἂν
2656 3505 2892 3574 εὐλόγως
2941 3505 3178 3575 λεχθεῖεν
3202 3548 3215 3570 ,
3265 3508 3430 3576 μήτιιυ
3473 3505 3572 3576 τῆς

1999 3596 2279 3658 Μωῦσέως
2311 3596 2768 3668 παρεισαχθείσης
2790 3597 2866 3667 τῷ
2894 3596 2995 3667 βίῳ
3019 3596 3349 3667 νομοθεσίας.
3380 3597 3441 3649 Ei
3463 3597 3573 3667 γὰρ

2012 3687 2340 3757 Ἰουδαϊσμὸς
2398 3688 2547 3741 οὐδὲν
2599 3683 2665 3757 ἦν
2721 3688 2907 3759 ἕτερον
2964 3687 2996 3759 ἢ
3052 3690 3084 3759 ἡ
3140 3687 3278 3741 κατὰ
3335 3688 3572 3741 Μωῡσέα

1999 3778 2262 3847 πομπεία,
2307 3779 2544 3848 Μωῦσῆς
2574 3780 2631 3832 δὲ
2674 3782 2903 3850 μακροῖς
2946 3778 3170 3849 ὕστερον
3209 3779 3417 3850 χρόνοις
3464 3777 3570 3832 τῶν

2000 3870 2299 3941 εἰρημένων
2346 3871 2551 3940 πέφηνε
2572 3888 2586 3900 ·
2619 3869 2798 3940 δῆλον,
2836 3871 2912 3934 ὡς
2944 3871 3044 3924 οὐκ
3079 3870 3145 3924 ἂν
3177 3867 3285 3923 εἷεν
3330 3871 3571 3923 Ἰουδαῖοι

1999 3961 2046 4011 οἱ
2083 3960 2185 4030 πρὸ
2216 3959 2322 4012 τῶν
2361 3959 2525 4012 αὑτοῦ
2569 3961 2776 4031 χρόνων
2809 3962 2894 4013 ἐπ’
2923 3960 3171 4031 εὐσεϐείᾳ
3216 3977 3569 4032 μεμαρτυρη-

2002 4053 2168 4123 μένοι.
2202 4054 2340 4107 Ἀλλ’
2366 4055 2484 4107 οὒδέ
2511 4055 2773 4126 Ἕλληνας
2795 4057 3061 4127 προσήκει
3091 4057 3326 4127 νομίζειν
3349 4058 3568 4123 αὐτοὺς,

2001 4144 2075 4216 μὴ
2107 4147 2172 4216 τῇ
2196 4144 2438 4216 πολυθέῳ
2476 4146 2868 4218 δεισιδαιμονίᾳ
2909 4149 3367 4220 κεκρατημένους.
3405 4151 3471 4203 Ὅ
3507 4165 3568 4202 τε

1997 4235 2104 4306 γὰρ
2145 4236 2399 4307 Ἀϐραὰμ
2431 4237 2749 4306 καταλείψαι
2789 4237 2986 4302 τελέως
3021 4233 3236 4307 λέγεται
3271 4235 3417 4293 οἷκον
3462 4259 3566 4294 πα·-

1996 4327 2167 4400 τρῷον
2199 4328 2291 4382 καὶ
2331 4327 2666 4396 συγγένειαν,
2693 4329 2788 4382 καὶ
2827 4329 2907 4383 ἐνὶ
2949 4330 3095 4400 μόνῳ
3136 4332 3567 4403 προσεσχηκέναι

1996 4419 2146 4490 Θεῷ,
2179 4420 2238 4473 ὃν
2271 4420 2364 4474 καὶ
2403 4419 2655 4490 ὁμολογεῖ
2687 4421 2910 4489 φάσκων
2930 4438 2944 4452 ο
2981 4440 2998 4472 ι
3035 4423 3266 4476 Ἐκπενῶ
3300 4423 3436 4494 πρὸς
3476 4423 3569 4476 τὸν

1995 4510 2125 4564 Θεὸν
2158 4511 2246 4564 τὸν
2273 4510 2494 4581 ὕψιστον
2516 4510 2574 4574 ὃς
2599 4510 2779 4564 ἔκτισε
2806 4511 2896 4565 τὸν
2915 4512 3140 4584 οὐρανὸν
3160 4515 3251 4566 καὶ
3273 4514 3369 4586 τὴν
3389 4513 3494 4584 γῆν
3512 4531 3561 4566 οι

1996 4604 2025 4656 ὃ
2056 4620 2114 4656 τε
2148 4601 2342 4656 Ἰακὼϐ
2388 4603 2796 4674 ἀναγέγραπται
2831 4604 2980 4676 παρὰ
3027 4605 3104 4674 τῷ
3130 4607 3351 4659 Μωῦσεῖ
3387 4606 3566 4675 φήσας

1995 4694 2073 4764 τῷ
2103 4692 2236 4765 οἴκῳ
2261 4694 2355 4747 καὶ
2391 4695 2524 4748 πᾶσι
2557 4697 2669 4757 τοῖς
2713 4693 2875 4749 αὑτοῦ
2896 4712 2909 4725 ·
2953 4715 2972 4747 ι
3011 4697 3210 4767 ’Ἄρατε
3253 4698 3377 4761 τοὺς
3412 4696 3567 4761 θεοὺς

1996 4785 2119 4847 τοὺς
2159 4783 2470 4856 ἀλλοτρίους
2506 4787 2571 4838 ἐκ
2607 4786 2770 4855 μέσου
2813 4785 3095 4856 ὑμῶν’καὶ
3139 4787 3425 4860 ἁναϐῶμεν
3484 4789 3567 4852 είς

1996 4875 2188 4948 Βεθὴλ,
2220 4877 2313 4929 καὶ
2341 4879 2653 4949 ποιήσωμεν
2681 4882 2797 4932 ἐκεῖ
2826 4879 3206 4952 θυσιαστήριον
3244 4881 3320 4951 τῷ
3353 4879 3561 4951 Κυρίῳ,

1995 4969 2071 5041 τῷ
2098 4971 2463 5024 ἐπακούσαντί
2505 4988 2603 5041 μου
2635 4973 2692 5024 ἐν
2732 4970 2913 5042 ἡμέρᾳ
2955 4969 3202 5041 θλίψεως,
3245 4971 3302 5034 ὃς
3338 4967 3404 5041 ἦν
3446 4973 3564 5041 μετ’

1994 5061 2127 5133 ἐμοῦ
2174 5061 2269 5120 καὶ
2314 5061 2486 5115 ἔσωσέ
2535 5079 2600 5133 με
2655 5063 2712 5115 ἐν
2749 5065 2816 5132 τῇ
2859 5061 2962 5132 ὁδῷ
3090 5061 3409 5134 ἐπορεύθην.
3452 5062 3564 5116 Καὶ

1994 5151 2200 5206 ἔδωκαν
2229 5150 2307 5222 τῷ
2345 5151 2538 5205 Ἰακὼϐ
2587 5153 2714 5215 τοὺς
2762 5151 2917 5216 θεοὺς
2955 5153 3080 5215 τοὺς
3126 5152 3469 5222 ἀλλοτρίους,
3511 5153 3562 5207 οἳ

1990 5237 2130 5311 ἦσαν
2151 5242 2207 5294 ἐν
2230 5244 2348 5306 ταῖς
2380 5243 2567 5313 χερσὶν
2597 5240 2793 5307 αὐτῶν,
2824 5243 2916 5295 καὶ
2940 5240 3008 5294 τὰ
3035 5240 3232 5311 ἐνώτια
3261 5241 3330 5294 τὰ
3360 5243 3418 5295 ἐν
3449 5245 3562 5306 τοῖς

1990 5333 2121 5386 ὡσίν
2154 5334 2351 5400 αὐτῶν,
2376 5335 2466 5387 καὶ
2496 5333 2730 5407 ἔκρυψεν
2755 5333 2895 5387 αὐτὰ
2939 5331 3130 5387 Ἰακὼϐ
3155 5332 3259 5388 ὑπὸ
3290 5333 3388 5405 τὴν
3409 5351 3467 5386 τε
3478 5335 3569 5405 ρέ-

1993 5423 2172 5479 ϐινθον
2197 5426 2299 5496 τὴν
2332 5426 2390 5478 ἐν
2417 5425 2683 5496 Σικίμοις,
2719 5426 2813 5480 καὶ
2847 5424 3124 5478 ἀπώλεσεν
3153 5425 3293 5478 αὐτὰ
3318 5425 3421 5489 ἕως
3465 5425 3565 5494 τῆς

1993 5517 2231 5588 σήμερον
2279 5517 2511 5589 ἡμέρας.
2543 5537 2561 5568 ι
2598 5517 2659 5571 El
2691 5517 2756 5590 δὴ
2781 5513 2874 5571 οὖν
2917 5516 3010 5569 καὶ
3049 5516 3145 5588 τῆς
3177 5515 3456 5569 είδωλολάτ
3470 5533 3563 5587 ρου

1991 5607 2199 5680 πλάνης
2236 5607 2500 5684 ἀλλότριοι
2533 5612 2957 5684 καθεστήκεσαν,
3005 5612 3098 5672 καὶ
3136 5609 3463 5678 Ἰουδαϊσμοῦ
3506 5610 3562 5664 δὲ

792 5752 807 5774 .
847 5711 935 5768 24.
1015 5715 1035 5747 ⁸
1075 5714 1207 5773 Gen.
1266 5736 1341 5787 vl,
1383 5722 1434 5779 9.
1513 5726 1532 5759 ⁸
1572 5726 1707 5784 Gen.
1753 5745 1827 5797 Ix,
1885 5731 1905 5784 ς

2016 5731 2104 5798 27,
2182 5733 2202 5766 ³
2241 5729 2377 5790 Gen.
2415 5751 2514 5802 xu,
2573 5737 2591 5764 “
2630 5734 2762 5807 Gen.
2805 5751 2916 5799 xiv,
2958 5733 3048 5796 29,.
3152 5736 3171 5765 ⁷
3210 5733 3344 5788 Gen.
3392 5749 3554 5798 xxxv,
