  <div class='ocr_page' id='page_1' title='image "/cluster/home/n/w/nwhite01/storage/ocr_20150623/22/mdp.39015078384388/020.png"; bbox 0 0 3942 6258; ppageno 0'>
   <div class='ocr_carea' id='block_1_1' title="bbox 272 344 3544 414">
    <p class='ocr_par' dir='ltr' id='par_1_1' title="bbox 272 344 3544 414">
     <span class='ocr_line' id='line_1_1' title="bbox 272 344 3544 414; baseline 0.004 -13"><span class='ocrx_word' id='word_1_1' title='bbox 272 344 340 402; x_wconf 73' lang='lat'><strong>25</strong></span> <span class='ocrx_word' id='word_1_2' title='bbox 1215 351 1872 414; x_wconf 75' lang='lat' dir='ltr'><strong>DEMONSTRATIONIS</strong></span> <span class='ocrx_word' id='word_1_3' title='bbox 1904 352 2364 413; x_wconf 69' lang='lat' dir='ltr'><strong>EVANGELICE</strong></span> <span class='ocrx_word' id='word_1_4' title='bbox 2404 357 2532 413; x_wconf 85' lang='lat' dir='ltr'><strong>LIB.</strong></span> <span class='ocrx_word' id='word_1_5' title='bbox 2568 356 2608 412; x_wconf 91' lang='grc'><strong>1.</strong></span> <span class='ocrx_word' id='word_1_6' title='bbox 3472 359 3544 414; x_wconf 69' lang='lat'><strong>9.5</strong></span> 
     </span>
    </p>
   </div>
   <div class='ocr_carea' id='block_1_2' title="bbox 284 465 1843 549">
    <p class='ocr_par' dir='ltr' id='par_1_2' title="bbox 284 465 1843 549">
     <span class='ocr_line' id='line_1_2' title="bbox 284 465 1843 549; baseline 0 -21"><span class='ocrx_word' id='word_1_7' title='bbox 284 465 427 529; x_wconf 68' lang='grc' dir='ltr'><strong>ἐκτὸς</strong></span> <span class='ocrx_word' id='word_1_8' title='bbox 462 469 764 538; x_wconf 72' lang='grc' dir='ltr'><strong>γεγονότες</strong></span> <span class='ocrx_word' id='word_1_9' title='bbox 820 476 1246 549; x_wconf 79' lang='grc' dir='ltr'>ἀπεδείχθησαν,</span> <span class='ocrx_word' id='word_1_10' title='bbox 1277 480 1426 548; x_wconf 80' lang='grc' dir='ltr'>ὅμως</span> <span class='ocrx_word' id='word_1_11' title='bbox 1469 494 1531 546; x_wconf 88' lang='grc' dir='ltr'>γε</span> <span class='ocrx_word' id='word_1_12' title='bbox 1583 478 1686 548; x_wconf 76' lang='grc' dir='ltr'><strong>μὴν</strong></span> <span class='ocrx_word' id='word_1_13' title='bbox 1736 475 1843 530; x_wconf 75' lang='grc' dir='ltr'>οὐτε</span> 
     </span>
    </p>
   </div>
   <div class='ocr_carea' id='block_1_3' title="bbox 1945 465 3533 549">
    <p class='ocr_par' dir='ltr' id='par_1_3' title="bbox 1959 475 3533 540">
     <span class='ocr_line' id='line_1_3' title="bbox 1959 475 3533 540; baseline 0.005 -10"><span class='ocrx_word' id='word_1_14' title='bbox 1959 475 2160 531; x_wconf 76' lang='lat' dir='ltr'><strong>ethnici</strong></span> <span class='ocrx_word' id='word_1_15' title='bbox 2187 484 2372 532; x_wconf 89' lang='lat' dir='ltr'><strong>essent</strong></span> <span class='ocrx_word' id='word_1_16' title='bbox 2402 494 2501 534; x_wconf 91' lang='lat' dir='ltr'><strong>nec</strong></span> <span class='ocrx_word' id='word_1_17' title='bbox 2542 477 2737 540; x_wconf 68' lang='lat' dir='ltr'><strong>Judaei.</strong></span> <span class='ocrx_word' id='word_1_18' title='bbox 2788 477 2898 534; x_wconf 87' lang='lat' dir='ltr'><strong>Deo</strong></span> <span class='ocrx_word' id='word_1_19' title='bbox 2918 479 3115 535; x_wconf 84' lang='lat' dir='ltr'><strong>charos</strong></span> <span class='ocrx_word' id='word_1_20' title='bbox 3175 478 3533 538; x_wconf 78' lang='lat' dir='ltr'><strong>nihilominus</strong></span> 
     </span>
    </p>
   </div>
   <div class='ocr_carea' id='block_1_4' title="bbox 288 557 1861 638">
    <p class='ocr_par' dir='ltr' id='par_1_4' title="bbox 288 557 1861 638">
     <span class='ocr_line' id='line_1_4' title="bbox 288 557 1861 638; baseline -0.003 -14"><span class='ocrx_word' id='word_1_21' title='bbox 288 557 538 628; x_wconf 70' lang='grc' dir='ltr'>Ἕλληνες</span> <span class='ocrx_word' id='word_1_22' title='bbox 563 565 696 618; x_wconf 73' lang='grc' dir='ltr'>οὐτε</span> <span class='ocrx_word' id='word_1_23' title='bbox 734 566 976 620; x_wconf 77' lang='grc' dir='ltr'>Ἰουδαῖοι</span> <span class='ocrx_word' id='word_1_24' title='bbox 1011 569 1238 637; x_wconf 81' lang='grc' dir='ltr'>φύντες,</span> <span class='ocrx_word' id='word_1_25' title='bbox 1290 569 1550 638; x_wconf 79' lang='grc' dir='ltr'><strong>Θεοφιλεῖς</strong></span> <span class='ocrx_word' id='word_1_26' title='bbox 1583 569 1861 637; x_wconf 79' lang='grc' dir='ltr'>γεγονέναι</span> 
     </span>
    </p>
   </div>
   <div class='ocr_carea' id='block_1_5' title="bbox 295 649 1862 723">
    <p class='ocr_par' dir='ltr' id='par_1_5' title="bbox 295 649 1862 723">
     <span class='ocr_line' id='line_1_5' title="bbox 295 649 1862 723; baseline -0.001 -12"><span class='ocrx_word' id='word_1_27' title='bbox 295 649 761 723; x_wconf 72' lang='grc' dir='ltr'>μεμαρτύρηνται,</span> <span class='ocrx_word' id='word_1_28' title='bbox 781 659 876 711; x_wconf 72' lang='grc' dir='ltr'><strong>καὶ</strong></span> <span class='ocrx_word' id='word_1_29' title='bbox 903 657 1096 712; x_wconf 83' lang='grc' dir='ltr'>δίκαιοι</span> <span class='ocrx_word' id='word_1_30' title='bbox 1126 662 1218 713; x_wconf 82' lang='grc' dir='ltr'>καὶ</span> <span class='ocrx_word' id='word_1_31' title='bbox 1243 661 1505 723; x_wconf 82' lang='grc' dir='ltr'>εὐσεϐεῖς,</span> <span class='ocrx_word' id='word_1_32' title='bbox 1527 661 1574 713; x_wconf 85' lang='grc' dir='ltr'><strong>εἰ</strong></span> <span class='ocrx_word' id='word_1_33' title='bbox 1602 659 1694 713; x_wconf 75' lang='grc' dir='ltr'><strong>καί</strong></span> <span class='ocrx_word' id='word_1_34' title='bbox 1721 675 1862 723; x_wconf 77' lang='grc' dir='ltr'>τινες</span> 
     </span>
    </p>
   </div>
   <div class='ocr_carea' id='block_1_6' title="bbox 292 740 1859 823">
    <p class='ocr_par' dir='ltr' id='par_1_6' title="bbox 292 740 1859 823">
     <span class='ocr_line' id='line_1_6' title="bbox 292 740 1859 823; baseline 0.006 -30"><span class='ocrx_word' id='word_1_35' title='bbox 292 740 444 793; x_wconf 74' lang='grc' dir='ltr'>ἄλλοι·</span> <span class='ocrx_word' id='word_1_36' title='bbox 473 741 597 813; x_wconf 84' lang='grc' dir='ltr'>ὥρα</span> <span class='ocrx_word' id='word_1_37' title='bbox 623 747 810 818; x_wconf 87' lang='grc' dir='ltr'>τρίτον</span> <span class='ocrx_word' id='word_1_38' title='bbox 839 751 1070 804; x_wconf 79' lang='grc' dir='ltr'><strong>ἐπινοεῖν</strong></span> <span class='ocrx_word' id='word_1_39' title='bbox 1109 751 1417 816; x_wconf 87' lang='grc' dir='ltr'>θεοσεϐείας</span> <span class='ocrx_word' id='word_1_40' title='bbox 1460 752 1680 823; x_wconf 80' lang='grc' dir='ltr'>τρόπον,</span> <span class='ocrx_word' id='word_1_41' title='bbox 1708 750 1773 803; x_wconf 81' lang='grc' dir='ltr'>δι’</span> <span class='ocrx_word' id='word_1_42' title='bbox 1799 742 1859 802; x_wconf 75' lang='grc' dir='ltr'>οὗ</span> 
     </span>
    </p>
   </div>
   <div class='ocr_carea' id='block_1_7' title="bbox 289 834 1861 914">
    <p class='ocr_par' dir='ltr' id='par_1_7' title="bbox 289 834 1861 914">
     <span class='ocr_line' id='line_1_7' title="bbox 289 834 1861 914; baseline 0.01 -32"><span class='ocrx_word' id='word_1_43' title='bbox 289 834 623 904; x_wconf 79' lang='grc' dir='ltr'>κατορθῶσαι</span> <span class='ocrx_word' id='word_1_44' title='bbox 645 840 794 904; x_wconf 81' lang='grc' dir='ltr'>εἰκὸς</span> <span class='ocrx_word' id='word_1_45' title='bbox 815 837 884 912; x_wconf 78' lang='grc' dir='ltr'>ἦν</span> <span class='ocrx_word' id='word_1_46' title='bbox 913 843 1126 906; x_wconf 89' lang='grc' dir='ltr'>αὐτούς.</span> <span class='ocrx_word' id='word_1_47' title='bbox 1151 844 1349 896; x_wconf 82' lang='grc' dir='ltr'><strong>Σκόπει</strong></span> <span class='ocrx_word' id='word_1_48' title='bbox 1374 842 1677 914; x_wconf 78' lang='grc' dir='ltr'><strong>τοιγαροῦν,</strong></span> <span class='ocrx_word' id='word_1_49' title='bbox 1708 844 1757 895; x_wconf 85' lang='grc' dir='ltr'><strong>εί</strong></span> <span class='ocrx_word' id='word_1_50' title='bbox 1787 860 1861 914; x_wconf 93' lang='grc' dir='ltr'>μη</span> 
     </span>
    </p>
   </div>
   <div class='ocr_carea' id='block_1_8' title="bbox 287 921 1863 1004">
    <p class='ocr_par' dir='ltr' id='par_1_8' title="bbox 287 921 1863 1004">
     <span class='ocr_line' id='line_1_8' title="bbox 287 921 1863 1004; baseline 0.008 -31"><span class='ocrx_word' id='word_1_51' title='bbox 287 921 421 975; x_wconf 68' lang='grc' dir='ltr'>τοῦτ’</span> <span class='ocrx_word' id='word_1_52' title='bbox 458 925 592 978; x_wconf 82' lang='grc' dir='ltr'>αὐτὸ</span> <span class='ocrx_word' id='word_1_53' title='bbox 636 923 725 998; x_wconf 80' lang='grc' dir='ltr'>ἦν,</span> <span class='ocrx_word' id='word_1_54' title='bbox 767 931 828 983; x_wconf 85' lang='grc' dir='ltr'><strong>τὸ</strong></span> <span class='ocrx_word' id='word_1_55' title='bbox 870 931 1068 1002; x_wconf 81' lang='grc' dir='ltr'>μεταξύ</span> <span class='ocrx_word' id='word_1_56' title='bbox 1107 933 1437 1004; x_wconf 77' lang='grc' dir='ltr'>Ἰουδαῖσμοῦ</span> <span class='ocrx_word' id='word_1_57' title='bbox 1472 934 1565 987; x_wconf 75' lang='grc' dir='ltr'><strong>καὶ</strong></span> <span class='ocrx_word' id='word_1_58' title='bbox 1622 934 1863 1004; x_wconf 77' lang='grc' dir='ltr'>Ἐλληνι-</span> 
     </span>
    </p>
   </div>
   <div class='ocr_carea' id='block_1_9' title="bbox 290 1012 1861 1097">
    <p class='ocr_par' dir='ltr' id='par_1_9' title="bbox 290 1012 1861 1097">
     <span class='ocr_line' id='line_1_9' title="bbox 290 1012 1861 1097; baseline 0.01 -33"><span class='ocrx_word' id='word_1_59' title='bbox 290 1012 440 1083; x_wconf 78' lang='grc' dir='ltr'>σμοῦ,</span> <span class='ocrx_word' id='word_1_60' title='bbox 457 1017 639 1087; x_wconf 86' lang='grc' dir='ltr'>τρίτον</span> <span class='ocrx_word' id='word_1_61' title='bbox 665 1021 798 1090; x_wconf 80' lang='grc' dir='ltr'>ἡμῖν</span> <span class='ocrx_word' id='word_1_62' title='bbox 827 1022 1272 1096; x_wconf 79' lang='grc' dir='ltr'>ἀποδεδειγμένον</span> <span class='ocrx_word' id='word_1_63' title='bbox 1296 1025 1504 1097; x_wconf 82' lang='grc' dir='ltr'><strong>τάγμα,</strong></span> <span class='ocrx_word' id='word_1_64' title='bbox 1531 1026 1861 1080; x_wconf 88' lang='grc' dir='ltr'>παλαίτατον</span> 
     </span>
    </p>
   </div>
   <div class='ocr_carea' id='block_1_10' title="bbox 291 1107 1858 1190">
    <p class='ocr_par' dir='ltr' id='par_1_10' title="bbox 291 1107 1858 1190">
     <span class='ocr_line' id='line_1_10' title="bbox 291 1107 1858 1190; baseline 0.011 -33"><span class='ocrx_word' id='word_1_65' title='bbox 291 1107 384 1175; x_wconf 79' lang='grc' dir='ltr'>μὲν</span> <span class='ocrx_word' id='word_1_66' title='bbox 417 1111 512 1161; x_wconf 79' lang='grc' dir='ltr'><strong>καὶ</strong></span> <span class='ocrx_word' id='word_1_67' title='bbox 543 1110 766 1167; x_wconf 78' lang='grc' dir='ltr'>πάντων</span> <span class='ocrx_word' id='word_1_68' title='bbox 808 1117 1071 1186; x_wconf 76' lang='grc' dir='ltr'>τυγχάνον</span> <span class='ocrx_word' id='word_1_69' title='bbox 1113 1119 1521 1190; x_wconf 85' lang='grc' dir='ltr'>πρεσϐύτατον,</span> <span class='ocrx_word' id='word_1_70' title='bbox 1569 1121 1763 1174; x_wconf 75' lang='grc' dir='ltr'>νεωστὶ</span> <span class='ocrx_word' id='word_1_71' title='bbox 1801 1121 1858 1174; x_wconf 87' lang='grc' dir='ltr'>δὲ</span> 
     </span>
    </p>
   </div>
   <div class='ocr_carea' id='block_1_11' title="bbox 289 1196 1856 1283">
    <p class='ocr_par' dir='ltr' id='par_1_11' title="bbox 289 1196 1856 1283">
     <span class='ocr_line' id='line_1_11' title="bbox 289 1196 1856 1283; baseline 0.012 -34"><span class='ocrx_word' id='word_1_72' title='bbox 289 1196 370 1250; x_wconf 77' lang='grc' dir='ltr'><strong>διὰ</strong></span> <span class='ocrx_word' id='word_1_73' title='bbox 397 1199 488 1252; x_wconf 75' lang='grc' dir='ltr'>τοῦ</span> <span class='ocrx_word' id='word_1_74' title='bbox 523 1204 796 1275; x_wconf 76' lang='grc' dir='ltr'><strong>ἡμετέρου</strong></span> <span class='ocrx_word' id='word_1_75' title='bbox 844 1208 1097 1280; x_wconf 80' lang='grc' dir='ltr'><strong>Σωτῆρος</strong></span> <span class='ocrx_word' id='word_1_76' title='bbox 1131 1211 1264 1262; x_wconf 75' lang='grc' dir='ltr'>πᾶσι</span> <span class='ocrx_word' id='word_1_77' title='bbox 1293 1214 1403 1276; x_wconf 82' lang='grc' dir='ltr'>τοῖς</span> <span class='ocrx_word' id='word_1_78' title='bbox 1445 1211 1619 1265; x_wconf 77' lang='grc' dir='ltr'>ἔθνεσι</span> <span class='ocrx_word' id='word_1_79' title='bbox 1649 1228 1856 1283; x_wconf 84' lang='grc' dir='ltr'>κατηγ-</span> 
     </span>
    </p>
   </div>
   <div class='ocr_carea' id='block_1_12' title="bbox 289 1291 1855 1376">
    <p class='ocr_par' dir='ltr' id='par_1_12' title="bbox 289 1291 1855 1376">
     <span class='ocr_line' id='line_1_12' title="bbox 289 1291 1855 1376; baseline 0.008 -32"><span class='ocrx_word' id='word_1_80' title='bbox 289 1291 559 1362; x_wconf 83' lang='grc' dir='ltr'>γελμένον.</span> <span class='ocrx_word' id='word_1_81' title='bbox 598 1297 707 1350; x_wconf 79' lang='grc' dir='ltr'><strong>Καὶ</strong></span> <span class='ocrx_word' id='word_1_82' title='bbox 755 1297 898 1353; x_wconf 76' lang='grc' dir='ltr'>τοῦτ’</span> <span class='ocrx_word' id='word_1_83' title='bbox 930 1300 995 1354; x_wconf 83' lang='grc' dir='ltr'><strong>ἂν</strong></span> <span class='ocrx_word' id='word_1_84' title='bbox 1032 1302 1116 1373; x_wconf 69' lang='grc' dir='ltr'><strong>εἴη</strong></span> <span class='ocrx_word' id='word_1_85' title='bbox 1147 1306 1176 1357; x_wconf 85' lang='grc' dir='ltr'>ὁ</span> <span class='ocrx_word' id='word_1_86' title='bbox 1228 1304 1708 1376; x_wconf 85' lang='grc' dir='ltr'>Χριστιανισμὸς,.</span> <span class='ocrx_word' id='word_1_87' title='bbox 1735 1303 1855 1356; x_wconf 75' lang='grc' dir='ltr'>οὔτε</span> 
     </span>
    </p>
   </div>
   <div class='ocr_carea' id='block_1_13' title="bbox 301 1384 1854 1467">
    <p class='ocr_par' dir='ltr' id='par_1_13' title="bbox 301 1384 1854 1467">
     <span class='ocr_line' id='line_1_13' title="bbox 301 1384 1854 1467; baseline 0.008 -32"><span class='ocrx_word' id='word_1_88' title='bbox 301 1384 640 1456; x_wconf 75' lang='grc' dir='ltr'>Ἑλληνισμός</span> <span class='ocrx_word' id='word_1_89' title='bbox 661 1407 742 1454; x_wconf 88' lang='grc' dir='ltr'><strong>τις</strong></span> <span class='ocrx_word' id='word_1_90' title='bbox 765 1389 859 1455; x_wconf 81' lang='grc' dir='ltr'><strong>ὢν,</strong></span> <span class='ocrx_word' id='word_1_91' title='bbox 878 1392 1000 1447; x_wconf 72' lang='grc' dir='ltr'>οὔτε</span> <span class='ocrx_word' id='word_1_92' title='bbox 1038 1396 1382 1467; x_wconf 76' lang='grc' dir='ltr'>Ἰουδαϊσμὸς,</span> <span class='ocrx_word' id='word_1_93' title='bbox 1405 1397 1539 1450; x_wconf 85' lang='grc' dir='ltr'>ἀλλὰ</span> <span class='ocrx_word' id='word_1_94' title='bbox 1570 1397 1629 1449; x_wconf 83' lang='grc' dir='ltr'><strong>τὸ</strong></span> <span class='ocrx_word' id='word_1_95' title='bbox 1652 1395 1854 1467; x_wconf 78' lang='grc' dir='ltr'>μεταξύ</span> 
     </span>
    </p>
   </div>
   <div class='ocr_carea' id='block_1_14' title="bbox 291 1478 1856 1562">
    <p class='ocr_par' dir='ltr' id='par_1_14' title="bbox 291 1478 1856 1562">
     <span class='ocr_line' id='line_1_14' title="bbox 291 1478 1856 1562; baseline 0.01 -31"><span class='ocrx_word' id='word_1_96' title='bbox 291 1478 509 1542; x_wconf 84' lang='grc' dir='ltr'>τούτων,</span> <span class='ocrx_word' id='word_1_97' title='bbox 545 1482 900 1538; x_wconf 81' lang='grc' dir='ltr'>παλαιότατον</span> <span class='ocrx_word' id='word_1_98' title='bbox 934 1488 1216 1553; x_wconf 87' lang='grc' dir='ltr'>εὐσεϐείας</span> <span class='ocrx_word' id='word_1_99' title='bbox 1251 1489 1548 1561; x_wconf 86' lang='grc' dir='ltr'>πολίτευμα</span> <span class='ocrx_word' id='word_1_100' title='bbox 1571 1531 1585 1555; x_wconf 93' lang='grc'><strong>,</strong></span> <span class='ocrx_word' id='word_1_101' title='bbox 1625 1490 1718 1544; x_wconf 76' lang='grc' dir='ltr'><strong>καὶ</strong></span> <span class='ocrx_word' id='word_1_102' title='bbox 1757 1492 1856 1562; x_wconf 88' lang='grc' dir='ltr'>ἀρ-</span> 
     </span>
    </p>
   </div>
   <div class='ocr_carea' id='block_1_15' title="bbox 293 1571 1854 1653">
    <p class='ocr_par' dir='ltr' id='par_1_15' title="bbox 293 1571 1854 1653">
     <span class='ocr_line' id='line_1_15' title="bbox 293 1571 1854 1653; baseline 0.01 -33"><span class='ocrx_word' id='word_1_103' title='bbox 293 1571 534 1642; x_wconf 80' lang='grc' dir='ltr'>χαιοτάτη</span> <span class='ocrx_word' id='word_1_104' title='bbox 569 1573 668 1644; x_wconf 85' lang='grc' dir='ltr'><strong>μέν</strong></span> <span class='ocrx_word' id='word_1_105' title='bbox 691 1593 773 1640; x_wconf 87' lang='grc' dir='ltr'><strong>τις</strong></span> <span class='ocrx_word' id='word_1_106' title='bbox 807 1576 1114 1649; x_wconf 78' lang='grc' dir='ltr'>φιλοσοφία,</span> <span class='ocrx_word' id='word_1_107' title='bbox 1142 1582 1278 1653; x_wconf 82' lang='grc' dir='ltr'>πλὴν</span> <span class='ocrx_word' id='word_1_108' title='bbox 1309 1582 1443 1637; x_wconf 85' lang='grc' dir='ltr'>ἀλλὰ</span> <span class='ocrx_word' id='word_1_109' title='bbox 1468 1585 1661 1637; x_wconf 73' lang='grc' dir='ltr'>νεωστὶ</span> <span class='ocrx_word' id='word_1_110' title='bbox 1692 1585 1854 1638; x_wconf 82' lang='grc' dir='ltr'>πᾶσιν</span> 
     </span>
    </p>
   </div>
   <div class='ocr_carea' id='block_1_16' title="bbox 235 1659 1855 1746">
    <p class='ocr_par' dir='ltr' id='par_1_16' title="bbox 235 1659 1855 1746">
     <span class='ocr_line' id='line_1_16' title="bbox 235 1659 1855 1746; baseline 0.012 -36"><span class='ocrx_word' id='word_1_111' title='bbox 235 1679 244 1688; x_wconf 81' lang='grc'><strong><em>-</em></strong></span> <span class='ocrx_word' id='word_1_112' title='bbox 293 1659 581 1731; x_wconf 84' lang='grc' dir='ltr'>ἀνθρώποις</span> <span class='ocrx_word' id='word_1_113' title='bbox 610 1669 722 1731; x_wconf 89' lang='grc' dir='ltr'>τοῖς</span> <span class='ocrx_word' id='word_1_114' title='bbox 765 1667 887 1721; x_wconf 83' lang='grc' dir='ltr'>καθ’</span> <span class='ocrx_word' id='word_1_115' title='bbox 921 1670 1046 1740; x_wconf 80' lang='grc' dir='ltr'>ὅλης</span> <span class='ocrx_word' id='word_1_116' title='bbox 1085 1673 1182 1744; x_wconf 80' lang='grc' dir='ltr'>τῆς</span> <span class='ocrx_word' id='word_1_117' title='bbox 1216 1674 1537 1746; x_wconf 84' lang='grc' dir='ltr'>οἰκουμένης</span> <span class='ocrx_word' id='word_1_118' title='bbox 1573 1675 1855 1746; x_wconf 87' lang='grc' dir='ltr'>νενομοθε-</span> 
     </span>
    </p>
   </div>
   <div class='ocr_carea' id='block_1_17' title="bbox 293 1754 1852 1837">
    <p class='ocr_par' dir='ltr' id='par_1_17' title="bbox 293 1754 1852 1837">
     <span class='ocr_line' id='line_1_17' title="bbox 293 1754 1852 1837; baseline 0.01 -32"><span class='ocrx_word' id='word_1_119' title='bbox 293 1754 481 1823; x_wconf 74' lang='grc' dir='ltr'>τημὲνη</span> <span class='ocrx_word' id='word_1_120' title='bbox 501 1772 515 1784; x_wconf 84' lang='grc'><em>’</em></span> <span class='ocrx_word' id='word_1_121' title='bbox 546 1755 688 1811; x_wconf 81' lang='grc' dir='ltr'>ὥστε</span> <span class='ocrx_word' id='word_1_122' title='bbox 718 1759 810 1812; x_wconf 79' lang='grc' dir='ltr'>τὸν</span> <span class='ocrx_word' id='word_1_123' title='bbox 853 1762 910 1828; x_wconf 78' lang='grc' dir='ltr'>ἐξ</span> <span class='ocrx_word' id='word_1_124' title='bbox 943 1762 1300 1834; x_wconf 80' lang='grc' dir='ltr'>Ἑλληνισμοῦ</span> <span class='ocrx_word' id='word_1_125' title='bbox 1335 1766 1428 1818; x_wconf 74' lang='grc' dir='ltr'>ἐπὶ</span> <span class='ocrx_word' id='word_1_126' title='bbox 1473 1766 1564 1820; x_wconf 78' lang='grc' dir='ltr'><strong>τὸν</strong></span> <span class='ocrx_word' id='word_1_127' title='bbox 1592 1767 1852 1837; x_wconf 88' lang='grc' dir='ltr'>Χριστια-</span> 
     </span>
    </p>
   </div>
   <div class='ocr_carea' id='block_1_18' title="bbox 1960 567 3530 639">
    <p class='ocr_par' dir='ltr' id='par_1_18' title="bbox 1960 567 3530 639">
     <span class='ocr_line' id='line_1_18' title="bbox 1960 567 3530 639; baseline 0.006 -21"><span class='ocrx_word' id='word_1_128' title='bbox 1960 567 2248 637; x_wconf 88' lang='lat' dir='ltr'><strong>justosque</strong></span> <span class='ocrx_word' id='word_1_129' title='bbox 2290 568 2336 623; x_wconf 89' lang='lat' dir='ltr'><strong>si</strong></span> <span class='ocrx_word' id='word_1_130' title='bbox 2373 569 2465 624; x_wconf 89' lang='lat' dir='ltr'><strong>ulli</strong></span> <span class='ocrx_word' id='word_1_131' title='bbox 2506 584 2744 637; x_wconf 84' lang='lat' dir='ltr'><strong>unquam</strong></span> <span class='ocrx_word' id='word_1_132' title='bbox 2794 570 2907 631; x_wconf 89' lang='lat' dir='ltr'><strong>alii,</strong></span> <span class='ocrx_word' id='word_1_133' title='bbox 2958 578 3012 624; x_wconf 89' lang='lat' dir='ltr'><strong>et</strong></span> <span class='ocrx_word' id='word_1_134' title='bbox 3053 570 3171 639; x_wconf 87' lang='lat' dir='ltr'><strong>pios</strong></span> <span class='ocrx_word' id='word_1_135' title='bbox 3230 571 3530 629; x_wconf 82' lang='lat' dir='ltr'><strong>exstitisse.</strong></span> 
     </span>
    </p>
   </div>
   <div class='ocr_carea' id='block_1_19' title="bbox 1962 659 3529 732">
    <p class='ocr_par' dir='ltr' id='par_1_19' title="bbox 1962 659 3529 732">
     <span class='ocr_line' id='line_1_19' title="bbox 1962 659 3529 732; baseline -0.001 -17"><span class='ocrx_word' id='word_1_136' title='bbox 1962 659 2331 715; x_wconf 85' lang='lat' dir='ltr'><strong>testimonium</strong></span> <span class='ocrx_word' id='word_1_137' title='bbox 2389 660 2714 716; x_wconf 88' lang='lat' dir='ltr'><strong>habuerunt.</strong></span> <span class='ocrx_word' id='word_1_138' title='bbox 2767 660 3033 716; x_wconf 89' lang='lat' dir='ltr'><strong>Convenit</strong></span> <span class='ocrx_word' id='word_1_139' title='bbox 3076 662 3239 732; x_wconf 88' lang='lat' dir='ltr'><strong>igitur</strong></span> <span class='ocrx_word' id='word_1_140' title='bbox 3311 662 3529 716; x_wconf 90' lang='lat' dir='ltr'><strong>tertium</strong></span> 
     </span>
    </p>
   </div>
   <div class='ocr_carea' id='block_1_20' title="bbox 1962 751 3529 823">
    <p class='ocr_par' dir='ltr' id='par_1_20' title="bbox 1962 751 3529 823">
     <span class='ocr_line' id='line_1_20' title="bbox 1962 751 3529 823; baseline 0.004 -19"><span class='ocrx_word' id='word_1_141' title='bbox 1962 751 2248 822; x_wconf 82' lang='lat' dir='ltr'><strong>quemdam</strong></span> <span class='ocrx_word' id='word_1_142' title='bbox 2277 761 2458 809; x_wconf 87' lang='lat' dir='ltr'><strong>mente</strong></span> <span class='ocrx_word' id='word_1_143' title='bbox 2506 757 2795 823; x_wconf 78' lang='lat' dir='ltr'><strong>concipere</strong></span> <span class='ocrx_word' id='word_1_144' title='bbox 2835 754 3018 808; x_wconf 88' lang='lat' dir='ltr'><strong>cultus</strong></span> <span class='ocrx_word' id='word_1_145' title='bbox 3057 752 3229 808; x_wconf 78' lang='lat' dir='ltr'><strong>divini</strong></span> <span class='ocrx_word' id='word_1_146' title='bbox 3283 753 3529 810; x_wconf 88' lang='lat' dir='ltr'><strong>modum.</strong></span> 
     </span>
    </p>
   </div>
   <div class='ocr_carea' id='block_1_21' title="bbox 1963 843 3532 916">
    <p class='ocr_par' dir='ltr' id='par_1_21' title="bbox 1963 843 3532 916">
     <span class='ocr_line' id='line_1_21' title="bbox 1963 843 3532 916; baseline 0 -18"><span class='ocrx_word' id='word_1_147' title='bbox 1963 847 2259 898; x_wconf 82' lang='lat' dir='ltr'><strong>secundum</strong></span> <span class='ocrx_word' id='word_1_148' title='bbox 2299 859 2458 914; x_wconf 88' lang='lat' dir='ltr'><strong>quem</strong></span> <span class='ocrx_word' id='word_1_149' title='bbox 2483 856 2629 899; x_wconf 88' lang='lat' dir='ltr'><strong>recte</strong></span> <span class='ocrx_word' id='word_1_150' title='bbox 2661 846 2841 900; x_wconf 83' lang='lat' dir='ltr'><strong>vivere</strong></span> <span class='ocrx_word' id='word_1_151' title='bbox 2899 853 3166 914; x_wconf 88' lang='lat' dir='ltr'><strong>poterant.</strong></span> <span class='ocrx_word' id='word_1_152' title='bbox 3205 843 3340 899; x_wconf 86' lang='lat' dir='ltr'><strong>Vide</strong></span> <span class='ocrx_word' id='word_1_153' title='bbox 3365 846 3532 916; x_wconf 84' lang='lat' dir='ltr'><strong>igitur</strong></span> 
     </span>
    </p>
   </div>
   <div class='ocr_carea' id='block_1_22' title="bbox 1961 935 3530 1006">
    <p class='ocr_par' dir='ltr' id='par_1_22' title="bbox 1961 935 3530 1006">
     <span class='ocr_line' id='line_1_22' title="bbox 1961 935 3530 1006; baseline -0.001 -17"><span class='ocrx_word' id='word_1_154' title='bbox 1961 937 2103 989; x_wconf 89' lang='lat' dir='ltr'><strong>sitne</strong></span> <span class='ocrx_word' id='word_1_155' title='bbox 2151 935 2264 991; x_wconf 66' lang='lat' dir='ltr'><strong>haec</strong></span> <span class='ocrx_word' id='word_1_156' title='bbox 2310 937 2400 990; x_wconf 88' lang='lat' dir='ltr'><strong>illa</strong></span> <span class='ocrx_word' id='word_1_157' title='bbox 2429 936 2544 1006; x_wconf 86' lang='lat' dir='ltr'><strong>ipsa</strong></span> <span class='ocrx_word' id='word_1_158' title='bbox 2577 938 2735 990; x_wconf 76' lang='lat' dir='ltr'><strong>tertia</strong></span> <span class='ocrx_word' id='word_1_159' title='bbox 2785 937 3155 990; x_wconf 89' lang='lat' dir='ltr'><strong>demonstrata</strong></span> <span class='ocrx_word' id='word_1_160' title='bbox 3190 935 3350 990; x_wconf 87' lang='lat' dir='ltr'><strong>nobis</strong></span> <span class='ocrx_word' id='word_1_161' title='bbox 3386 936 3530 989; x_wconf 91' lang='lat' dir='ltr'><strong>inter</strong></span> 
     </span>
    </p>
   </div>
   <div class='ocr_carea' id='block_1_23' title="bbox 1959 1024 3528 1098">
    <p class='ocr_par' dir='ltr' id='par_1_23' title="bbox 1959 1024 3528 1098">
     <span class='ocr_line' id='line_1_23' title="bbox 1959 1024 3528 1098; baseline 0.003 -19"><span class='ocrx_word' id='word_1_162' title='bbox 1959 1024 2298 1081; x_wconf 83' lang='lat' dir='ltr'><strong>Judaismum</strong></span> <span class='ocrx_word' id='word_1_163' title='bbox 2325 1035 2379 1083; x_wconf 91' lang='lat' dir='ltr'><strong>et</strong></span> <span class='ocrx_word' id='word_1_164' title='bbox 2399 1027 2784 1083; x_wconf 82' lang='lat' dir='ltr'><strong>etlinicismum</strong></span> <span class='ocrx_word' id='word_1_165' title='bbox 2823 1029 3000 1083; x_wconf 86' lang='lat' dir='ltr'><strong>media</strong></span> <span class='ocrx_word' id='word_1_166' title='bbox 3049 1029 3210 1093; x_wconf 89' lang='lat' dir='ltr'><strong>ratio,</strong></span> <span class='ocrx_word' id='word_1_167' title='bbox 3255 1029 3528 1098; x_wconf 75' lang='lat' dir='ltr'><strong>antiquis-</strong></span> 
     </span>
    </p>
   </div>
   <div class='ocr_carea' id='block_1_24' title="bbox 1959 1117 3527 1187">
    <p class='ocr_par' dir='ltr' id='par_1_24' title="bbox 1959 1117 3527 1187">
     <span class='ocr_line' id='line_1_24' title="bbox 1959 1117 3527 1187; baseline 0.004 -17"><span class='ocrx_word' id='word_1_168' title='bbox 1959 1117 2096 1171; x_wconf 91' lang='lat' dir='ltr'><strong>sima</strong></span> <span class='ocrx_word' id='word_1_169' title='bbox 2121 1118 2336 1187; x_wconf 85' lang='lat' dir='ltr'><strong>quidem</strong></span> <span class='ocrx_word' id='word_1_170' title='bbox 2367 1134 2665 1187; x_wconf 87' lang='lat' dir='ltr'><strong>omnesque</strong></span> <span class='ocrx_word' id='word_1_171' title='bbox 2687 1119 2821 1173; x_wconf 89' lang='lat' dir='ltr'><strong>alias</strong></span> <span class='ocrx_word' id='word_1_172' title='bbox 2849 1127 3004 1172; x_wconf 67' lang='lat' dir='ltr'><strong>aetate</strong></span> <span class='ocrx_word' id='word_1_173' title='bbox 3052 1119 3401 1182; x_wconf 85' lang='lat' dir='ltr'><strong>antecellens,</strong></span> <span class='ocrx_word' id='word_1_174' title='bbox 3431 1117 3527 1176; x_wconf 89' lang='lat' dir='ltr'><strong>sed</strong></span> 
     </span>
    </p>
   </div>
   <div class='ocr_carea' id='block_1_25' title="bbox 1956 1207 3527 1279">
    <p class='ocr_par' dir='ltr' id='par_1_25' title="bbox 1956 1207 3527 1279">
     <span class='ocr_line' id='line_1_25' title="bbox 1956 1207 3527 1279; baseline 0.002 -18"><span class='ocrx_word' id='word_1_175' title='bbox 1956 1223 2118 1278; x_wconf 89' lang='lat' dir='ltr'><strong>quam</strong></span> <span class='ocrx_word' id='word_1_176' title='bbox 2148 1215 2395 1263; x_wconf 87' lang='lat' dir='ltr'><strong>recenter</strong></span> <span class='ocrx_word' id='word_1_177' title='bbox 2447 1209 2703 1262; x_wconf 88' lang='lat' dir='ltr'><strong>omnibus</strong></span> <span class='ocrx_word' id='word_1_178' title='bbox 2755 1209 3009 1279; x_wconf 79' lang='lat' dir='ltr'><strong>gentibus</strong></span> <span class='ocrx_word' id='word_1_179' title='bbox 3051 1207 3300 1264; x_wconf 85' lang='lat' dir='ltr'><strong>Salvator</strong></span> <span class='ocrx_word' id='word_1_180' title='bbox 3338 1217 3527 1266; x_wconf 85' lang='lat' dir='ltr'><strong>noster</strong></span> 
     </span>
    </p>
   </div>
   <div class='ocr_carea' id='block_1_26' title="bbox 1957 1297 3526 1371">
    <p class='ocr_par' dir='ltr' id='par_1_26' title="bbox 1957 1297 3526 1371">
     <span class='ocr_line' id='line_1_26' title="bbox 1957 1297 3526 1371; baseline 0.003 -18"><span class='ocrx_word' id='word_1_181' title='bbox 1957 1298 2311 1353; x_wconf 88' lang='lat' dir='ltr'><strong>annuntiavit.</strong></span> <span class='ocrx_word' id='word_1_182' title='bbox 2372 1298 2549 1369; x_wconf 82' lang='lat' dir='ltr'><strong>Atque</strong></span> <span class='ocrx_word' id='word_1_183' title='bbox 2611 1299 2724 1353; x_wconf 75' lang='lat' dir='ltr'><strong>haec</strong></span> <span class='ocrx_word' id='word_1_184' title='bbox 2799 1297 3258 1354; x_wconf 81' lang='lat' dir='ltr'><strong>Christianismus</strong></span> <span class='ocrx_word' id='word_1_185' title='bbox 3338 1301 3526 1371; x_wconf 83' lang='lat' dir='ltr'><strong>utique</strong></span> 
     </span>
    </p>
   </div>
   <div class='ocr_carea' id='block_1_27' title="bbox 1957 1387 3527 1460">
    <p class='ocr_par' dir='ltr' id='par_1_27' title="bbox 1957 1387 3527 1460">
     <span class='ocr_line' id='line_1_27' title="bbox 1957 1387 3527 1460; baseline 0.001 -16"><span class='ocrx_word' id='word_1_186' title='bbox 1957 1389 2138 1454; x_wconf 80' lang='lat' dir='ltr'><strong>fuerit,</strong></span> <span class='ocrx_word' id='word_1_187' title='bbox 2165 1398 2351 1460; x_wconf 89' lang='lat' dir='ltr'><strong>utpote</strong></span> <span class='ocrx_word' id='word_1_188' title='bbox 2370 1391 2462 1460; x_wconf 85' lang='lat' dir='ltr'><strong>qui</strong></span> <span class='ocrx_word' id='word_1_189' title='bbox 2487 1405 2587 1445; x_wconf 89' lang='lat' dir='ltr'><strong>nec</strong></span> <span class='ocrx_word' id='word_1_190' title='bbox 2611 1391 3064 1445; x_wconf 88' lang='lat' dir='ltr'><strong>ethnicismusest</strong></span> <span class='ocrx_word' id='word_1_191' title='bbox 3080 1387 3527 1457; x_wconf 85' lang='lat' dir='ltr'><strong>necJudaismus,</strong></span> 
     </span>
    </p>
   </div>
   <div class='ocr_carea' id='block_1_28' title="bbox 1955 1478 3526 1549">
    <p class='ocr_par' dir='ltr' id='par_1_28' title="bbox 1955 1478 3526 1549">
     <span class='ocr_line' id='line_1_28' title="bbox 1955 1478 3526 1549; baseline 0.001 -15"><span class='ocrx_word' id='word_1_192' title='bbox 1955 1479 2098 1534; x_wconf 89' lang='lat' dir='ltr'><strong>inter</strong></span> <span class='ocrx_word' id='word_1_193' title='bbox 2137 1490 2427 1549; x_wconf 90' lang='lat' dir='ltr'><strong>utrumque</strong></span> <span class='ocrx_word' id='word_1_194' title='bbox 2453 1478 2630 1534; x_wconf 88' lang='lat' dir='ltr'><strong>media</strong></span> <span class='ocrx_word' id='word_1_195' title='bbox 2651 1479 3032 1549; x_wconf 85' lang='lat' dir='ltr'><strong>antiquissima</strong></span> <span class='ocrx_word' id='word_1_196' title='bbox 3065 1478 3313 1548; x_wconf 66' lang='lat' dir='ltr'><strong>quaedam</strong></span> <span class='ocrx_word' id='word_1_197' title='bbox 3343 1481 3526 1536; x_wconf 85' lang='lat' dir='ltr'><strong>cultus</strong></span> 
     </span>
    </p>
   </div>
   <div class='ocr_carea' id='block_1_29' title="bbox 1954 1569 3524 1640">
    <p class='ocr_par' dir='ltr' id='par_1_29' title="bbox 1954 1569 3524 1640">
     <span class='ocr_line' id='line_1_29' title="bbox 1954 1569 3524 1640; baseline 0.003 -18"><span class='ocrx_word' id='word_1_198' title='bbox 1954 1569 2123 1623; x_wconf 83' lang='lat' dir='ltr'><strong>divini</strong></span> <span class='ocrx_word' id='word_1_199' title='bbox 2163 1569 2562 1624; x_wconf 84' lang='lat' dir='ltr'><strong>administratio</strong></span> <span class='ocrx_word' id='word_1_200' title='bbox 2621 1585 2683 1623; x_wconf 90' lang='lat' dir='ltr'><strong>ac</strong></span> <span class='ocrx_word' id='word_1_201' title='bbox 2730 1578 2924 1636; x_wconf 88' lang='lat' dir='ltr'><strong>status,</strong></span> <span class='ocrx_word' id='word_1_202' title='bbox 2965 1584 3245 1638; x_wconf 83' lang='lat' dir='ltr'><strong>genusque</strong></span> <span class='ocrx_word' id='word_1_203' title='bbox 3282 1570 3524 1640; x_wconf 87' lang='lat' dir='ltr'><strong>philoso-</strong></span> 
     </span>
    </p>
   </div>
   <div class='ocr_carea' id='block_1_30' title="bbox 1953 1658 3523 1729">
    <p class='ocr_par' dir='ltr' id='par_1_30' title="bbox 1953 1658 3523 1729">
     <span class='ocr_line' id='line_1_30' title="bbox 1953 1658 3523 1729; baseline 0.003 -17"><span class='ocrx_word' id='word_1_204' title='bbox 1953 1658 2094 1729; x_wconf 71' lang='lat' dir='ltr'><strong>phia:</strong></span> <span class='ocrx_word' id='word_1_205' title='bbox 2115 1659 2569 1725; x_wconf 89' lang='lat' dir='ltr'><strong>vetustissimum,</strong></span> <span class='ocrx_word' id='word_1_206' title='bbox 2629 1660 2723 1714; x_wconf 86' lang='lat' dir='ltr'><strong>sed</strong></span> <span class='ocrx_word' id='word_1_207' title='bbox 2767 1675 2958 1714; x_wconf 85' lang='lat' dir='ltr'><strong>recens</strong></span> <span class='ocrx_word' id='word_1_208' title='bbox 2998 1660 3256 1715; x_wconf 91' lang='lat' dir='ltr'><strong>omnibus</strong></span> <span class='ocrx_word' id='word_1_209' title='bbox 3285 1661 3523 1716; x_wconf 86' lang='lat' dir='ltr'><strong>homini-</strong></span> 
     </span>
    </p>
   </div>
   <div class='ocr_carea' id='block_1_31' title="bbox 1954 1753 3519 1822">
    <p class='ocr_par' dir='ltr' id='par_1_31' title="bbox 1954 1753 3519 1822">
     <span class='ocr_line' id='line_1_31' title="bbox 1954 1753 3519 1822; baseline 0.001 -16"><span class='ocrx_word' id='word_1_210' title='bbox 1954 1753 2057 1807; x_wconf 88' lang='lat' dir='ltr'><strong>bus</strong></span> <span class='ocrx_word' id='word_1_211' title='bbox 2087 1767 2182 1822; x_wconf 91' lang='lat' dir='ltr'><strong>per</strong></span> <span class='ocrx_word' id='word_1_212' title='bbox 2212 1753 2524 1807; x_wconf 87' lang='lat' dir='ltr'><strong>universum</strong></span> <span class='ocrx_word' id='word_1_213' title='bbox 2574 1759 2843 1808; x_wconf 90' lang='lat' dir='ltr'><strong>terrarum</strong></span> <span class='ocrx_word' id='word_1_214' title='bbox 2881 1753 3067 1806; x_wconf 89' lang='lat' dir='ltr'><strong>orbem</strong></span> <span class='ocrx_word' id='word_1_215' title='bbox 3098 1754 3366 1808; x_wconf 79' lang='lat' dir='ltr'><strong>sancitum</strong></span> <span class='ocrx_word' id='word_1_216' title='bbox 3397 1769 3411 1805; x_wconf 88' lang='lat'>:</span> <span class='ocrx_word' id='word_1_217' title='bbox 3444 1754 3519 1808; x_wconf 84' lang='lat' dir='ltr'><strong>ita</strong></span> 
     </span>
    </p>
   </div>
   <div class='ocr_carea' id='block_1_32' title="bbox 293 1823 1843 1924">
    <p class='ocr_par' dir='ltr' id='par_1_32' title="bbox 293 1823 1843 1924">
     <span class='ocr_line' id='line_1_32' title="bbox 293 1823 1843 1924; baseline 0.008 -30"><span class='ocrx_word' id='word_1_218' title='bbox 293 1843 464 1913; x_wconf 77' lang='grc' dir='ltr'>νισμδν</span> <span class='ocrx_word' id='word_1_219' title='bbox 495 1823 912 1920; x_wconf 79' lang='grc' dir='ltr'>μετατιθέμενον</span> <span class='ocrx_word' id='word_1_220' title='bbox 932 1852 1030 1903; x_wconf 88' lang='grc' dir='ltr'><strong>οὐκ</strong></span> <span class='ocrx_word' id='word_1_221' title='bbox 1057 1823 1148 1905; x_wconf 73' lang='grc' dir='ltr'><strong>ἐπὶ</strong></span> <span class='ocrx_word' id='word_1_222' title='bbox 1177 1823 1503 1924; x_wconf 76' lang='grc' dir='ltr'>’ίουδαῖσμὸν</span> <span class='ocrx_word' id='word_1_223' title='bbox 1532 1823 1814 1907; x_wconf 78' lang='grc' dir='ltr'>ἐκπίπτειν</span> <span class='ocrx_word' id='word_1_224' title='bbox 1832 1873 1843 1884; x_wconf 74' lang='grc'><strong><em>⁸</em></strong></span> 
     </span>
    </p>
   </div>
   <div class='ocr_carea' id='block_1_33' title="bbox 1945 1823 3520 1924">
    <p class='ocr_par' dir='ltr' id='par_1_33' title="bbox 1955 1843 3520 1914">
     <span class='ocr_line' id='line_1_33' title="bbox 1955 1843 3520 1914; baseline 0.001 -16"><span class='ocrx_word' id='word_1_225' title='bbox 1955 1843 2130 1914; x_wconf 89' lang='lat' dir='ltr'><strong>utqui</strong></span> <span class='ocrx_word' id='word_1_226' title='bbox 2163 1844 2233 1897; x_wconf 89' lang='lat' dir='ltr'><strong>ab</strong></span> <span class='ocrx_word' id='word_1_227' title='bbox 2261 1844 2588 1899; x_wconf 88' lang='lat' dir='ltr'><strong>etlmicismo</strong></span> <span class='ocrx_word' id='word_1_228' title='bbox 2633 1845 2699 1899; x_wconf 89' lang='lat' dir='ltr'><strong>ad</strong></span> <span class='ocrx_word' id='word_1_229' title='bbox 2749 1845 3228 1901; x_wconf 85' lang='lat' dir='ltr'><strong>Christianismum</strong></span> <span class='ocrx_word' id='word_1_230' title='bbox 3297 1847 3520 1913; x_wconf 87' lang='lat' dir='ltr'><strong>transit,</strong></span> 
     </span>
    </p>
   </div>
   <div class='ocr_carea' id='block_1_34' title="bbox 293 1933 1850 2017">
    <p class='ocr_par' dir='ltr' id='par_1_34' title="bbox 293 1933 1850 2017">
     <span class='ocr_line' id='line_1_34' title="bbox 293 1933 1850 2017; baseline 0.008 -28"><span class='ocrx_word' id='word_1_231' title='bbox 293 1937 387 1990; x_wconf 81' lang='grc' dir='ltr'>οὐδ’</span> <span class='ocrx_word' id='word_1_232' title='bbox 416 1933 477 1990; x_wconf 78' lang='grc' dir='ltr'>αὖ</span> <span class='ocrx_word' id='word_1_233' title='bbox 513 1940 674 1993; x_wconf 85' lang='grc' dir='ltr'>πάλιν</span> <span class='ocrx_word' id='word_1_234' title='bbox 705 1943 768 1994; x_wconf 84' lang='grc' dir='ltr'>ὲκ</span> <span class='ocrx_word' id='word_1_235' title='bbox 796 1943 898 2013; x_wconf 75' lang='grc' dir='ltr'>τῆς</span> <span class='ocrx_word' id='word_1_236' title='bbox 934 1941 1225 2016; x_wconf 78' lang='grc' dir='ltr'>Ἰουδαϊκῆς</span> <span class='ocrx_word' id='word_1_237' title='bbox 1245 1945 1693 2017; x_wconf 86' lang='grc' dir='ltr'>ὲθελοθρησκείας</span> <span class='ocrx_word' id='word_1_238' title='bbox 1721 1949 1850 2002; x_wconf 88' lang='grc' dir='ltr'>ἀνα-</span> 
     </span>
    </p>
   </div>
   <div class='ocr_carea' id='block_1_35' title="bbox 292 2030 1852 2108">
    <p class='ocr_par' dir='ltr' id='par_1_35' title="bbox 292 2030 1852 2108">
     <span class='ocr_line' id='line_1_35' title="bbox 292 2030 1852 2108; baseline 0.009 -27"><span class='ocrx_word' id='word_1_239' title='bbox 292 2030 583 2102; x_wconf 75' lang='grc' dir='ltr'>χωροῦντα,</span> <span class='ocrx_word' id='word_1_240' title='bbox 629 2033 792 2098; x_wconf 65' lang='lat' dir='ltr'><strong>eaea;</strong></span> <span class='ocrx_word' id='word_1_241' title='bbox 817 2037 1052 2108; x_wconf 74' lang='grc' dir='ltr'>Ἕλληνα</span> <span class='ocrx_word' id='word_1_242' title='bbox 1093 2038 1379 2106; x_wconf 80' lang='grc' dir='ltr'>γενέσθαι’</span> <span class='ocrx_word' id='word_1_243' title='bbox 1411 2040 1501 2092; x_wconf 83' lang='grc' dir='ltr'><strong>τὸν</strong></span> <span class='ocrx_word' id='word_1_244' title='bbox 1528 2040 1584 2093; x_wconf 81' lang='grc' dir='ltr'>δὲ</span> <span class='ocrx_word' id='word_1_245' title='bbox 1619 2041 1676 2106; x_wconf 76' lang='grc' dir='ltr'>ἐξ</span> <span class='ocrx_word' id='word_1_246' title='bbox 1723 2043 1852 2096; x_wconf 83' lang='grc' dir='ltr'>ἑκα-</span> 
     </span>
    </p>
   </div>
   <div class='ocr_carea' id='block_1_36' title="bbox 293 2120 1847 2201">
    <p class='ocr_par' dir='ltr' id='par_1_36' title="bbox 293 2120 1847 2201">
     <span class='ocr_line' id='line_1_36' title="bbox 293 2120 1847 2201; baseline 0.008 -29"><span class='ocrx_word' id='word_1_247' title='bbox 293 2120 430 2193; x_wconf 87' lang='grc' dir='ltr'>τέρου</span> <span class='ocrx_word' id='word_1_248' title='bbox 459 2122 760 2195; x_wconf 73' lang='grc' dir='ltr'>τάγματος,</span> <span class='ocrx_word' id='word_1_249' title='bbox 803 2126 866 2179; x_wconf 83' lang='grc' dir='ltr'>ἔκ</span> <span class='ocrx_word' id='word_1_250' title='bbox 894 2145 953 2179; x_wconf 90' lang='grc' dir='ltr'><strong>τε</strong></span> <span class='ocrx_word' id='word_1_251' title='bbox 994 2129 1350 2200; x_wconf 80' lang='grc' dir='ltr'>Ἑλληνισμοῦ</span> <span class='ocrx_word' id='word_1_252' title='bbox 1384 2129 1477 2183; x_wconf 76' lang='grc' dir='ltr'>καὶ</span> <span class='ocrx_word' id='word_1_253' title='bbox 1516 2131 1847 2201; x_wconf 77' lang='grc' dir='ltr'>Ἰουδαϊσμοῦ</span> 
     </span>
    </p>
   </div>
   <div class='ocr_carea' id='block_1_37' title="bbox 297 2208 1849 2288">
    <p class='ocr_par' dir='ltr' id='par_1_37' title="bbox 297 2208 1849 2288">
     <span class='ocr_line' id='line_1_37' title="bbox 297 2208 1849 2288; baseline 0.008 -27"><span class='ocrx_word' id='word_1_254' title='bbox 297 2208 667 2280; x_wconf 78' lang='grc' dir='ltr'>μεθιστάμενον</span> <span class='ocrx_word' id='word_1_255' title='bbox 701 2213 794 2266; x_wconf 75' lang='grc' dir='ltr'><strong>ἐπὶ</strong></span> <span class='ocrx_word' id='word_1_256' title='bbox 840 2215 931 2267; x_wconf 84' lang='grc' dir='ltr'><strong>τὸν</strong></span> <span class='ocrx_word' id='word_1_257' title='bbox 960 2216 1124 2286; x_wconf 80' lang='grc' dir='ltr'>μέσον</span> <span class='ocrx_word' id='word_1_258' title='bbox 1172 2218 1428 2287; x_wconf 83' lang='grc' dir='ltr'>παριέναι</span> <span class='ocrx_word' id='word_1_259' title='bbox 1465 2219 1626 2288; x_wconf 86' lang='grc' dir='ltr'>νόμον</span> <span class='ocrx_word' id='word_1_260' title='bbox 1657 2237 1714 2272; x_wconf 87' lang='grc' dir='ltr'><strong>τε</strong></span> <span class='ocrx_word' id='word_1_261' title='bbox 1757 2221 1849 2273; x_wconf 73' lang='grc' dir='ltr'><strong>καὶ</strong></span> 
     </span>
    </p>
   </div>
   <div class='ocr_carea' id='block_1_38' title="bbox 293 2296 1848 2378">
    <p class='ocr_par' dir='ltr' id='par_1_38' title="bbox 293 2296 1848 2378">
     <span class='ocr_line' id='line_1_38' title="bbox 293 2296 1848 2378; baseline 0.007 -29"><span class='ocrx_word' id='word_1_262' title='bbox 293 2296 388 2365; x_wconf 83' lang='grc' dir='ltr'>βίον</span> <span class='ocrx_word' id='word_1_263' title='bbox 413 2298 499 2351; x_wconf 77' lang='grc' dir='ltr'><strong>τὸν</strong></span> <span class='ocrx_word' id='word_1_264' title='bbox 525 2300 632 2353; x_wconf 83' lang='grc' dir='ltr'><strong>τῶν</strong></span> <span class='ocrx_word' id='word_1_265' title='bbox 663 2302 831 2356; x_wconf 78' lang='grc' dir='ltr'>πάλαι</span> <span class='ocrx_word' id='word_1_266' title='bbox 861 2303 1122 2372; x_wconf 79' lang='grc' dir='ltr'>θεοφιλῶν</span> <span class='ocrx_word' id='word_1_267' title='bbox 1150 2306 1243 2358; x_wconf 74' lang='grc' dir='ltr'><strong>καὶ</strong></span> <span class='ocrx_word' id='word_1_268' title='bbox 1273 2305 1496 2360; x_wconf 85' lang='grc' dir='ltr'>δικαίων</span> <span class='ocrx_word' id='word_1_269' title='bbox 1527 2306 1759 2378; x_wconf 87' lang='grc' dir='ltr'>ἀνδρῶν,</span> <span class='ocrx_word' id='word_1_270' title='bbox 1789 2307 1848 2360; x_wconf 81' lang='grc' dir='ltr'>ὃν</span> 
     </span>
    </p>
   </div>
   <div class='ocr_carea' id='block_1_39' title="bbox 289 2393 1850 2472">
    <p class='ocr_par' dir='ltr' id='par_1_39' title="bbox 289 2393 1850 2472">
     <span class='ocr_line' id='line_1_39' title="bbox 289 2393 1850 2472; baseline 0.007 -28"><span class='ocrx_word' id='word_1_271' title='bbox 289 2395 313 2444; x_wconf 84' lang='grc' dir='ltr'><strong>ὀ</strong></span> <span class='ocrx_word' id='word_1_272' title='bbox 343 2393 524 2465; x_wconf 81' lang='grc' dir='ltr'>Σωτὴρ</span> <span class='ocrx_word' id='word_1_273' title='bbox 555 2396 650 2448; x_wconf 73' lang='grc' dir='ltr'>καὶ</span> <span class='ocrx_word' id='word_1_274' title='bbox 695 2398 902 2468; x_wconf 81' lang='grc' dir='ltr'>Κύριος</span> <span class='ocrx_word' id='word_1_275' title='bbox 949 2401 1124 2470; x_wconf 79' lang='grc' dir='ltr'>ἡμῶν,</span> <span class='ocrx_word' id='word_1_276' title='bbox 1175 2400 1386 2472; x_wconf 79' lang='grc' dir='ltr'>μακρὸν</span> <span class='ocrx_word' id='word_1_277' title='bbox 1431 2401 1850 2471; x_wconf 75' lang='grc' dir='ltr'>ὲφησυχάσαντα</span> 
     </span>
    </p>
   </div>
   <div class='ocr_carea' id='block_1_40' title="bbox 286 2483 1846 2558">
    <p class='ocr_par' dir='ltr' id='par_1_40' title="bbox 286 2483 1846 2558">
     <span class='ocr_line' id='line_1_40' title="bbox 286 2483 1846 2558; baseline 0.007 -23"><span class='ocrx_word' id='word_1_278' title='bbox 286 2484 457 2553; x_wconf 57' lang='grc' dir='ltr'>χῴνον</span> <span class='ocrx_word' id='word_1_279' title='bbox 482 2528 496 2552; x_wconf 87' lang='grc'><strong>,</strong></span> <span class='ocrx_word' id='word_1_280' title='bbox 554 2483 710 2551; x_wconf 73' lang='grc' dir='ltr'>αὖθις</span> <span class='ocrx_word' id='word_1_281' title='bbox 760 2489 1098 2546; x_wconf 81' lang='grc' dir='ltr'>ἀνενεώσατο</span> <span class='ocrx_word' id='word_1_282' title='bbox 1147 2491 1452 2558; x_wconf 84' lang='grc' dir='ltr'>ἀκολούθως</span> <span class='ocrx_word' id='word_1_283' title='bbox 1516 2496 1628 2557; x_wconf 84' lang='grc' dir='ltr'>τοῖς</span> <span class='ocrx_word' id='word_1_284' title='bbox 1685 2493 1846 2547; x_wconf 76' lang='grc' dir='ltr'>αὐτοῦ</span> 
     </span>
    </p>
   </div>
   <div class='ocr_carea' id='block_1_41' title="bbox 280 2571 1847 2654">
    <p class='ocr_par' dir='ltr' id='par_1_41' title="bbox 280 2571 1847 2654">
     <span class='ocr_line' id='line_1_41' title="bbox 280 2571 1847 2654; baseline 0.01 -32"><span class='ocrx_word' id='word_1_285' title='bbox 280 2571 541 2637; x_wconf 80' lang='grc' dir='ltr'>Μωῡσέως</span> <span class='ocrx_word' id='word_1_286' title='bbox 578 2577 673 2630; x_wconf 78' lang='grc' dir='ltr'><strong>καὶ</strong></span> <span class='ocrx_word' id='word_1_287' title='bbox 718 2577 827 2630; x_wconf 81' lang='grc' dir='ltr'>τῶν</span> <span class='ocrx_word' id='word_1_288' title='bbox 877 2579 1077 2634; x_wconf 83' lang='grc' dir='ltr'>λοιπῶν</span> <span class='ocrx_word' id='word_1_289' title='bbox 1127 2582 1422 2654; x_wconf 77' lang='grc' dir='ltr'>προφητῶν</span> <span class='ocrx_word' id='word_1_290' title='bbox 1469 2583 1595 2654; x_wconf 83' lang='grc' dir='ltr'>περὶ</span> <span class='ocrx_word' id='word_1_291' title='bbox 1644 2583 1847 2638; x_wconf 88' lang='grc' dir='ltr'>τούτων</span> 
     </span>
    </p>
   </div>
   <div class='ocr_carea' id='block_1_42' title="bbox 278 2661 1847 2747">
    <p class='ocr_par' dir='ltr' id='par_1_42' title="bbox 278 2661 1847 2747">
     <span class='ocr_line' id='line_1_42' title="bbox 278 2661 1847 2747; baseline 0.011 -35"><span class='ocrx_word' id='word_1_292' title='bbox 278 2661 441 2714; x_wconf 81' lang='grc' dir='ltr'>αὐτῶν</span> <span class='ocrx_word' id='word_1_293' title='bbox 461 2663 848 2737; x_wconf 81' lang='grc' dir='ltr'>θεσπίσμασιν.</span> <span class='ocrx_word' id='word_1_294' title='bbox 892 2671 980 2724; x_wconf 87' lang='grc' dir='ltr'>Ἐν</span> <span class='ocrx_word' id='word_1_295' title='bbox 1007 2671 1136 2740; x_wconf 79' lang='grc' dir='ltr'>γοῦν</span> <span class='ocrx_word' id='word_1_296' title='bbox 1167 2677 1280 2738; x_wconf 87' lang='grc' dir='ltr'>τοῖς</span> <span class='ocrx_word' id='word_1_297' title='bbox 1315 2675 1450 2746; x_wconf 86' lang='grc' dir='ltr'>πρὸς</span> <span class='ocrx_word' id='word_1_298' title='bbox 1472 2674 1562 2728; x_wconf 83' lang='grc' dir='ltr'><strong>τὸν</strong></span> <span class='ocrx_word' id='word_1_299' title='bbox 1596 2675 1847 2747; x_wconf 86' lang='grc' dir='ltr'>Ἀϐραὰμ</span> 
     </span>
    </p>
   </div>
   <div class='ocr_carea' id='block_1_43' title="bbox 279 2759 1846 2837">
    <p class='ocr_par' dir='ltr' id='par_1_43' title="bbox 279 2759 1846 2837">
     <span class='ocr_line' id='line_1_43' title="bbox 279 2759 1846 2837; baseline 0.01 -32"><span class='ocrx_word' id='word_1_300' title='bbox 279 2759 531 2826; x_wconf 67' lang='grc' dir='ltr'>χρησμοῖς</span> <span class='ocrx_word' id='word_1_301' title='bbox 558 2759 721 2825; x_wconf 80' lang='grc' dir='ltr'>αὐτὸς</span> <span class='ocrx_word' id='word_1_302' title='bbox 754 2764 783 2814; x_wconf 88' lang='grc'>6</span> <span class='ocrx_word' id='word_1_303' title='bbox 818 2764 1059 2834; x_wconf 80' lang='grc' dir='ltr'>Μωῡσῆς</span> <span class='ocrx_word' id='word_1_304' title='bbox 1106 2765 1414 2837; x_wconf 78' lang='grc' dir='ltr'>ἀναγράφει</span> <span class='ocrx_word' id='word_1_305' title='bbox 1445 2766 1734 2832; x_wconf 79' lang='grc' dir='ltr'>θεσπίζων,</span> <span class='ocrx_word' id='word_1_306' title='bbox 1769 2767 1846 2830; x_wconf 87' lang='grc' dir='ltr'>ὠς</span> 
     </span>
    </p>
   </div>
   <div class='ocr_carea' id='block_1_44' title="bbox 277 2846 1843 2930">
    <p class='ocr_par' dir='ltr' id='par_1_44' title="bbox 277 2846 1843 2930">
     <span class='ocr_line' id='line_1_44' title="bbox 277 2846 1843 2930; baseline 0.01 -33"><span class='ocrx_word' id='word_1_307' title='bbox 277 2846 349 2898; x_wconf 76' lang='grc' dir='ltr'><strong>δτι</strong></span> <span class='ocrx_word' id='word_1_308' title='bbox 377 2847 734 2921; x_wconf 75' lang='grc' dir='ltr'>μελλήσουσιν</span> <span class='ocrx_word' id='word_1_309' title='bbox 761 2853 817 2904; x_wconf 81' lang='grc' dir='ltr'>ἐν</span> <span class='ocrx_word' id='word_1_310' title='bbox 850 2855 1098 2926; x_wconf 83' lang='grc' dir='ltr'>ὑστέροις</span> <span class='ocrx_word' id='word_1_311' title='bbox 1128 2856 1259 2909; x_wconf 82' lang='grc' dir='ltr'>ποτὲ</span> <span class='ocrx_word' id='word_1_312' title='bbox 1293 2857 1523 2929; x_wconf 74' lang='grc' dir='ltr'>χρόνοις,</span> <span class='ocrx_word' id='word_1_313' title='bbox 1551 2859 1650 2930; x_wconf 85' lang='grc' dir='ltr'><strong>οὐχ</strong></span> <span class='ocrx_word' id='word_1_314' title='bbox 1671 2860 1720 2912; x_wconf 88' lang='grc' dir='ltr'>οἱ</span> <span class='ocrx_word' id='word_1_315' title='bbox 1752 2857 1843 2912; x_wconf 75' lang='grc' dir='ltr'>τοῦ</span> 
     </span>
    </p>
   </div>
   <div class='ocr_carea' id='block_1_45' title="bbox 287 2939 1842 3025">
    <p class='ocr_par' dir='ltr' id='par_1_45' title="bbox 287 2939 1842 3025">
     <span class='ocr_line' id='line_1_45' title="bbox 287 2939 1842 3025; baseline 0.01 -35"><span class='ocrx_word' id='word_1_316' title='bbox 287 2939 524 3012; x_wconf 77' lang='grc' dir='ltr'>Ἀϐραὰμ</span> <span class='ocrx_word' id='word_1_317' title='bbox 581 2944 880 3012; x_wconf 86' lang='grc' dir='ltr'>ἀπόγονοι,</span> <span class='ocrx_word' id='word_1_318' title='bbox 939 2948 1047 3000; x_wconf 81' lang='grc' dir='ltr'>οὐδ’</span> <span class='ocrx_word' id='word_1_319' title='bbox 1081 2950 1128 3000; x_wconf 86' lang='grc' dir='ltr'>οἱ</span> <span class='ocrx_word' id='word_1_320' title='bbox 1182 2951 1249 3025; x_wconf 83' lang='grc' dir='ltr'>ὲκ</span> <span class='ocrx_word' id='word_1_321' title='bbox 1302 2949 1618 3021; x_wconf 84' lang='grc' dir='ltr'>σπέρματος</span> <span class='ocrx_word' id='word_1_322' title='bbox 1679 2952 1842 3006; x_wconf 75' lang='grc' dir='ltr'>αὐτοῦ</span> 
     </span>
    </p>
   </div>
   <div class='ocr_carea' id='block_1_46' title="bbox 283 3028 1845 3111">
    <p class='ocr_par' dir='ltr' id='par_1_46' title="bbox 283 3028 1845 3111">
     <span class='ocr_line' id='line_1_46' title="bbox 283 3028 1845 3111; baseline 0.01 -31"><span class='ocrx_word' id='word_1_323' title='bbox 283 3028 545 3084; x_wconf 82' lang='grc' dir='ltr'>Ἰουδαῖοι·</span> <span class='ocrx_word' id='word_1_324' title='bbox 597 3033 733 3087; x_wconf 82' lang='grc' dir='ltr'>ἀλλὰ</span> <span class='ocrx_word' id='word_1_325' title='bbox 787 3035 896 3107; x_wconf 89' lang='grc' dir='ltr'><strong>γὰρ</strong></span> <span class='ocrx_word' id='word_1_326' title='bbox 939 3039 1108 3092; x_wconf 83' lang='grc' dir='ltr'>πᾶσαι</span> <span class='ocrx_word' id='word_1_327' title='bbox 1135 3040 1190 3093; x_wconf 83' lang='grc' dir='ltr'><strong>αἱ</strong></span> <span class='ocrx_word' id='word_1_328' title='bbox 1232 3039 1394 3110; x_wconf 76' lang='grc' dir='ltr'>φυλαὶ</span> <span class='ocrx_word' id='word_1_329' title='bbox 1426 3041 1526 3111; x_wconf 79' lang='grc' dir='ltr'><strong>τῆς</strong></span> <span class='ocrx_word' id='word_1_330' title='bbox 1577 3041 1699 3111; x_wconf 83' lang='grc' dir='ltr'>γῆς,</span> <span class='ocrx_word' id='word_1_331' title='bbox 1752 3043 1845 3096; x_wconf 75' lang='grc' dir='ltr'><strong>καὶ</strong></span> 
     </span>
    </p>
   </div>
   <div class='ocr_carea' id='block_1_47' title="bbox 272 3123 1915 3222">
    <p class='ocr_par' dir='ltr' id='par_1_47' title="bbox 272 3123 1915 3222">
     <span class='ocr_line' id='line_1_47' title="bbox 272 3123 1915 3222; baseline 0.009 -47"><span class='ocrx_word' id='word_1_332' title='bbox 272 3123 449 3222; x_wconf 63' lang='grc' dir='ltr'>πάντα</span> <span class='ocrx_word' id='word_1_333' title='bbox 469 3125 538 3222; x_wconf 75' lang='grc' dir='ltr'><strong>τὰ</strong></span> <span class='ocrx_word' id='word_1_334' title='bbox 558 3125 690 3222; x_wconf 62' lang='grc' dir='ltr'>ἔθντγ</span> <span class='ocrx_word' id='word_1_335' title='bbox 706 3128 910 3222; x_wconf 13' lang='grc' dir='ltr'>*ἐπὶῐτῷ</span> <span class='ocrx_word' id='word_1_336' title='bbox 936 3131 1106 3202; x_wconf 84' lang='grc' dir='ltr'>ὁμοίῳ</span> <span class='ocrx_word' id='word_1_337' title='bbox 1134 3132 1320 3204; x_wconf 82' lang='grc' dir='ltr'>τρόπῳ</span> <span class='ocrx_word' id='word_1_338' title='bbox 1346 3134 1448 3204; x_wconf 82' lang='grc' dir='ltr'>τῆς</span> <span class='ocrx_word' id='word_1_339' title='bbox 1473 3133 1568 3187; x_wconf 83' lang='grc' dir='ltr'>τοῦ</span> <span class='ocrx_word' id='word_1_340' title='bbox 1597 3134 1845 3207; x_wconf 84' lang='grc' dir='ltr'>Ἀϐραὰμ</span> <span class='ocrx_word' id='word_1_341' title='bbox 1872 3161 1915 3222; x_wconf 78' lang='lat' dir='ltr'><strong>C</strong></span> 
     </span>
    </p>
   </div>
   <div class='ocr_carea' id='block_1_48' title="bbox 270 3214 1841 3298">
    <p class='ocr_par' dir='ltr' id='par_1_48' title="bbox 270 3214 1841 3298">
     <span class='ocr_line' id='line_1_48' title="bbox 270 3214 1841 3298; baseline 0.01 -32"><span class='ocrx_word' id='word_1_342' title='bbox 270 3214 592 3282; x_wconf 87' lang='grc' dir='ltr'>θεοσεϐείας,</span> <span class='ocrx_word' id='word_1_343' title='bbox 642 3219 892 3288; x_wconf 83' lang='grc' dir='ltr'>εὐλογίας</span> <span class='ocrx_word' id='word_1_344' title='bbox 949 3222 1098 3294; x_wconf 84' lang='grc' dir='ltr'>παρὰ</span> <span class='ocrx_word' id='word_1_345' title='bbox 1139 3224 1274 3277; x_wconf 80' lang='grc' dir='ltr'>Θεοῦ</span> <span class='ocrx_word' id='word_1_346' title='bbox 1320 3225 1841 3298; x_wconf 75' lang='grc' dir='ltr'>καταξιωθήσεσθαι.</span> 
     </span>
    </p>
   </div>
   <div class='ocr_carea' id='block_1_49' title="bbox 273 3309 1837 3392">
    <p class='ocr_par' dir='ltr' id='par_1_49' title="bbox 273 3309 1837 3392">
     <span class='ocr_line' id='line_1_49' title="bbox 273 3309 1837 3392; baseline 0.009 -32"><span class='ocrx_word' id='word_1_347' title='bbox 273 3309 464 3378; x_wconf 69' lang='grc' dir='ltr'>Γράφει</span> <span class='ocrx_word' id='word_1_348' title='bbox 503 3310 561 3364; x_wconf 86' lang='grc' dir='ltr'>δὲ</span> <span class='ocrx_word' id='word_1_349' title='bbox 593 3311 800 3377; x_wconf 81' lang='grc' dir='ltr'>οὕτως·</span> <span class='ocrx_word' id='word_1_350' title='bbox 831 3333 850 3364; x_wconf 74' lang='grc' dir='ltr'>σ</span> <span class='ocrx_word' id='word_1_351' title='bbox 883 3315 992 3369; x_wconf 71' lang='grc' dir='ltr'>Καὶ</span> <span class='ocrx_word' id='word_1_352' title='bbox 1032 3312 1152 3369; x_wconf 80' lang='grc' dir='ltr'>εἷπε</span> <span class='ocrx_word' id='word_1_353' title='bbox 1203 3317 1409 3388; x_wconf 86' lang='grc' dir='ltr'>Κύριος</span> <span class='ocrx_word' id='word_1_354' title='bbox 1435 3318 1512 3389; x_wconf 85' lang='grc' dir='ltr'><strong>τῷ</strong></span> <span class='ocrx_word' id='word_1_355' title='bbox 1557 3318 1837 3392; x_wconf 72' lang='grc' dir='ltr'>Ἀϐραάμσ</span> 
     </span>
    </p>
   </div>
   <div class='ocr_carea' id='block_1_50' title="bbox 273 3400 1839 3477">
    <p class='ocr_par' dir='ltr' id='par_1_50' title="bbox 273 3400 1839 3477">
     <span class='ocr_line' id='line_1_50' title="bbox 273 3400 1839 3477; baseline 0.007 -25"><span class='ocrx_word' id='word_1_356' title='bbox 273 3400 483 3464; x_wconf 82' lang='grc' dir='ltr'>Ἔξελθε</span> <span class='ocrx_word' id='word_1_357' title='bbox 510 3405 575 3455; x_wconf 84' lang='grc' dir='ltr'>ὲκ</span> <span class='ocrx_word' id='word_1_358' title='bbox 604 3404 705 3473; x_wconf 75' lang='grc' dir='ltr'>τῆς</span> <span class='ocrx_word' id='word_1_359' title='bbox 731 3405 835 3476; x_wconf 82' lang='grc' dir='ltr'>γῆς</span> <span class='ocrx_word' id='word_1_360' title='bbox 870 3421 963 3458; x_wconf 93' lang='grc' dir='ltr'><strong>σου</strong></span> <span class='ocrx_word' id='word_1_361' title='bbox 997 3407 1091 3460; x_wconf 70' lang='grc' dir='ltr'><strong>καὶ</strong></span> <span class='ocrx_word' id='word_1_362' title='bbox 1128 3409 1192 3460; x_wconf 80' lang='grc' dir='ltr'>ἐκ</span> <span class='ocrx_word' id='word_1_363' title='bbox 1224 3407 1324 3477; x_wconf 82' lang='grc' dir='ltr'>τῆς</span> <span class='ocrx_word' id='word_1_364' title='bbox 1364 3408 1680 3476; x_wconf 84' lang='grc' dir='ltr'>συγγενείας</span> <span class='ocrx_word' id='word_1_365' title='bbox 1723 3427 1839 3476; x_wconf 88' lang='grc' dir='ltr'>σου,</span> 
     </span>
    </p>
   </div>
   <div class='ocr_carea' id='block_1_51' title="bbox 269 3492 1839 3572">
    <p class='ocr_par' dir='ltr' id='par_1_51' title="bbox 269 3492 1839 3572">
     <span class='ocr_line' id='line_1_51' title="bbox 269 3492 1839 3572; baseline 0.009 -31"><span class='ocrx_word' id='word_1_366' title='bbox 269 3493 354 3544; x_wconf 73' lang='grc' dir='ltr'><strong>καὶ</strong></span> <span class='ocrx_word' id='word_1_367' title='bbox 375 3493 439 3544; x_wconf 82' lang='grc' dir='ltr'>ὲκ</span> <span class='ocrx_word' id='word_1_368' title='bbox 472 3492 565 3546; x_wconf 82' lang='grc' dir='ltr'>τοῦ</span> <span class='ocrx_word' id='word_1_369' title='bbox 599 3493 748 3549; x_wconf 73' lang='grc' dir='ltr'>οἴκου</span> <span class='ocrx_word' id='word_1_370' title='bbox 782 3495 876 3550; x_wconf 80' lang='grc' dir='ltr'>τοῦ</span> <span class='ocrx_word' id='word_1_371' title='bbox 917 3499 1122 3570; x_wconf 83' lang='grc' dir='ltr'>πατρός</span> <span class='ocrx_word' id='word_1_372' title='bbox 1153 3515 1267 3560; x_wconf 88' lang='grc' dir='ltr'>σου,</span> <span class='ocrx_word' id='word_1_373' title='bbox 1291 3501 1385 3552; x_wconf 70' lang='grc' dir='ltr'><strong>καὶ</strong></span> <span class='ocrx_word' id='word_1_374' title='bbox 1414 3499 1574 3572; x_wconf 82' lang='grc' dir='ltr'>δεῦρο</span> <span class='ocrx_word' id='word_1_375' title='bbox 1606 3503 1685 3564; x_wconf 82' lang='grc' dir='ltr'><strong>είς</strong></span> <span class='ocrx_word' id='word_1_376' title='bbox 1716 3502 1839 3572; x_wconf 86' lang='grc' dir='ltr'>γῆν,</span> 
     </span>
    </p>
   </div>
   <div class='ocr_carea' id='block_1_52' title="bbox 272 3583 1841 3664">
    <p class='ocr_par' dir='ltr' id='par_1_52' title="bbox 272 3583 1841 3664">
     <span class='ocr_line' id='line_1_52' title="bbox 272 3583 1841 3664; baseline 0.008 -29"><span class='ocrx_word' id='word_1_377' title='bbox 272 3584 329 3652; x_wconf 75' lang='grc' dir='ltr'>ῆν</span> <span class='ocrx_word' id='word_1_378' title='bbox 358 3583 422 3636; x_wconf 80' lang='grc' dir='ltr'>ἄν</span> <span class='ocrx_word' id='word_1_379' title='bbox 450 3601 533 3638; x_wconf 90' lang='grc' dir='ltr'><strong>σοι</strong></span> <span class='ocrx_word' id='word_1_380' title='bbox 568 3584 744 3652; x_wconf 83' lang='grc' dir='ltr'>δείξω.</span> <span class='ocrx_word' id='word_1_381' title='bbox 779 3588 888 3641; x_wconf 65' lang='grc' dir='ltr'><strong>Καὶ</strong></span> <span class='ocrx_word' id='word_1_382' title='bbox 923 3591 1132 3662; x_wconf 77' lang='grc' dir='ltr'>ποιήσω</span> <span class='ocrx_word' id='word_1_383' title='bbox 1159 3607 1217 3644; x_wconf 89' lang='grc' dir='ltr'><strong>σε</strong></span> <span class='ocrx_word' id='word_1_384' title='bbox 1244 3593 1323 3655; x_wconf 89' lang='grc' dir='ltr'><strong>είς</strong></span> <span class='ocrx_word' id='word_1_385' title='bbox 1356 3591 1506 3657; x_wconf 78' lang='grc' dir='ltr'>ἔθνος</span> <span class='ocrx_word' id='word_1_386' title='bbox 1535 3593 1677 3664; x_wconf 85' lang='grc' dir='ltr'>μέγα</span> <span class='ocrx_word' id='word_1_387' title='bbox 1697 3610 1711 3624; x_wconf 78' lang='grc' dir='ltr'><strong>ο</strong></span> <span class='ocrx_word' id='word_1_388' title='bbox 1748 3595 1841 3648; x_wconf 74' lang='grc' dir='ltr'><strong>καὶ</strong></span> 
     </span>
    </p>
   </div>
   <div class='ocr_carea' id='block_1_53' title="bbox 271 3675 1837 3756">
    <p class='ocr_par' dir='ltr' id='par_1_53' title="bbox 271 3675 1837 3756">
     <span class='ocr_line' id='line_1_53' title="bbox 271 3675 1837 3756; baseline 0.007 -30"><span class='ocrx_word' id='word_1_389' title='bbox 271 3675 540 3747; x_wconf 75' lang='grc' dir='ltr'>εὐλογήσω</span> <span class='ocrx_word' id='word_1_390' title='bbox 584 3693 666 3740; x_wconf 88' lang='grc' dir='ltr'><strong>σε,</strong></span> <span class='ocrx_word' id='word_1_391' title='bbox 704 3678 798 3732; x_wconf 81' lang='grc' dir='ltr'><strong>καὶ</strong></span> <span class='ocrx_word' id='word_1_392' title='bbox 843 3679 1126 3749; x_wconf 87' lang='grc' dir='ltr'>μεγαλυνῶ</span> <span class='ocrx_word' id='word_1_393' title='bbox 1158 3682 1218 3734; x_wconf 75' lang='grc' dir='ltr'>τὸ</span> <span class='ocrx_word' id='word_1_394' title='bbox 1245 3682 1416 3753; x_wconf 74' lang='grc' dir='ltr'>ὄνομά</span> <span class='ocrx_word' id='word_1_395' title='bbox 1451 3699 1574 3747; x_wconf 89' lang='grc' dir='ltr'>σου,</span> <span class='ocrx_word' id='word_1_396' title='bbox 1608 3685 1700 3737; x_wconf 75' lang='grc' dir='ltr'>καὶ</span> <span class='ocrx_word' id='word_1_397' title='bbox 1741 3684 1837 3756; x_wconf 79' lang='grc' dir='ltr'><strong>ἔσῃ</strong></span> 
     </span>
    </p>
   </div>
   <div class='ocr_carea' id='block_1_54' title="bbox 270 3766 1841 3842">
    <p class='ocr_par' dir='ltr' id='par_1_54' title="bbox 270 3766 1841 3842">
     <span class='ocr_line' id='line_1_54' title="bbox 270 3766 1841 3842; baseline 0.006 -24"><span class='ocrx_word' id='word_1_398' title='bbox 270 3766 640 3838; x_wconf 75' lang='grc' dir='ltr'>εὐλογημένος.</span> <span class='ocrx_word' id='word_1_399' title='bbox 665 3770 774 3823; x_wconf 80' lang='grc' dir='ltr'><strong>Καὶ</strong></span> <span class='ocrx_word' id='word_1_400' title='bbox 803 3770 1080 3842; x_wconf 80' lang='grc' dir='ltr'>εὐλογήσω</span> <span class='ocrx_word' id='word_1_401' title='bbox 1107 3773 1234 3836; x_wconf 74' lang='grc' dir='ltr'>τοὺς</span> <span class='ocrx_word' id='word_1_402' title='bbox 1258 3773 1610 3842; x_wconf 73' lang='grc' dir='ltr'>εὐλογοῦντάς</span> <span class='ocrx_word' id='word_1_403' title='bbox 1632 3791 1712 3832; x_wconf 80' lang='grc' dir='ltr'><strong>σε,</strong></span> <span class='ocrx_word' id='word_1_404' title='bbox 1745 3775 1841 3828; x_wconf 75' lang='grc' dir='ltr'><strong>καὶ</strong></span> 
     </span>
    </p>
   </div>
   <div class='ocr_carea' id='block_1_55' title="bbox 271 3859 1840 3936">
    <p class='ocr_par' dir='ltr' id='par_1_55' title="bbox 271 3859 1840 3936">
     <span class='ocr_line' id='line_1_55' title="bbox 271 3859 1840 3936; baseline 0.006 -28"><span class='ocrx_word' id='word_1_405' title='bbox 271 3859 385 3921; x_wconf 74' lang='grc' dir='ltr'>τοὺς</span> <span class='ocrx_word' id='word_1_406' title='bbox 412 3861 835 3932; x_wconf 84' lang='grc' dir='ltr'>καταρωμένους</span> <span class='ocrx_word' id='word_1_407' title='bbox 879 3879 937 3915; x_wconf 91' lang='grc' dir='ltr'><strong>σε</strong></span> <span class='ocrx_word' id='word_1_408' title='bbox 979 3864 1384 3935; x_wconf 79' lang='grc' dir='ltr'>καταράσομαι,</span> <span class='ocrx_word' id='word_1_409' title='bbox 1425 3866 1518 3919; x_wconf 81' lang='grc' dir='ltr'><strong>καὶ</strong></span> <span class='ocrx_word' id='word_1_410' title='bbox 1564 3865 1840 3936; x_wconf 76' lang='grc' dir='ltr'>ὲνευλογηο</span> 
     </span>
    </p>
   </div>
   <div class='ocr_carea' id='block_1_56' title="bbox 269 3949 1838 4028">
    <p class='ocr_par' dir='ltr' id='par_1_56' title="bbox 269 3949 1838 4028">
     <span class='ocr_line' id='line_1_56' title="bbox 269 3949 1838 4028; baseline 0.006 -27"><span class='ocrx_word' id='word_1_411' title='bbox 269 3949 516 4018; x_wconf 81' lang='grc' dir='ltr'>θήσονται</span> <span class='ocrx_word' id='word_1_412' title='bbox 549 3953 608 4004; x_wconf 82' lang='grc' dir='ltr'>ὲν</span> <span class='ocrx_word' id='word_1_413' title='bbox 638 3953 720 4006; x_wconf 74' lang='grc' dir='ltr'><strong>σοὶ</strong></span> <span class='ocrx_word' id='word_1_414' title='bbox 754 3956 923 4007; x_wconf 78' lang='grc' dir='ltr'>πᾶσαι</span> <span class='ocrx_word' id='word_1_415' title='bbox 954 3958 1007 4008; x_wconf 83' lang='grc' dir='ltr'>αἱ</span> <span class='ocrx_word' id='word_1_416' title='bbox 1037 3955 1200 4024; x_wconf 75' lang='grc' dir='ltr'>φυλαὶ</span> <span class='ocrx_word' id='word_1_417' title='bbox 1223 3957 1320 4026; x_wconf 80' lang='grc' dir='ltr'>τῆς</span> <span class='ocrx_word' id='word_1_418' title='bbox 1347 3957 1468 4028; x_wconf 87' lang='grc' dir='ltr'>γῆς.</span> <span class='ocrx_word' id='word_1_419' title='bbox 1499 3977 1516 4008; x_wconf 73' lang='grc' dir='ltr'><strong>ι</strong></span> <span class='ocrx_word' id='word_1_420' title='bbox 1545 3959 1654 4011; x_wconf 77' lang='grc' dir='ltr'><strong>Καὶ</strong></span> <span class='ocrx_word' id='word_1_421' title='bbox 1680 3958 1838 4011; x_wconf 85' lang='grc' dir='ltr'>πάλιν</span> 
     </span>
    </p>
   </div>
   <div class='ocr_carea' id='block_1_57' title="bbox 266 4038 1836 4122">
    <p class='ocr_par' dir='ltr' id='par_1_57' title="bbox 266 4038 1836 4122">
     <span class='ocr_line' id='line_1_57' title="bbox 266 4038 1836 4122; baseline 0.006 -28"><span class='ocrx_word' id='word_1_422' title='bbox 266 4044 292 4094; x_wconf 88' lang='grc' dir='ltr'>ὁ</span> <span class='ocrx_word' id='word_1_423' title='bbox 339 4040 469 4106; x_wconf 76' lang='grc' dir='ltr'>Θεὸς</span> <span class='ocrx_word' id='word_1_424' title='bbox 514 4038 671 4096; x_wconf 80' lang='grc' dir='ltr'>εἶπε’</span> <span class='ocrx_word' id='word_1_425' title='bbox 715 4065 733 4096; x_wconf 75' lang='grc' dir='ltr'><strong>ι</strong></span> <span class='ocrx_word' id='word_1_426' title='bbox 776 4046 868 4117; x_wconf 77' lang='grc' dir='ltr'><strong>Μὴ</strong></span> <span class='ocrx_word' id='word_1_427' title='bbox 915 4046 1107 4117; x_wconf 61' lang='grc' dir='ltr'>κρύψω</span> <span class='ocrx_word' id='word_1_428' title='bbox 1141 4047 1252 4116; x_wconf 79' lang='grc' dir='ltr'>ἐγὼ</span> <span class='ocrx_word' id='word_1_429' title='bbox 1293 4049 1400 4102; x_wconf 81' lang='grc' dir='ltr'>ἀπὸ</span> <span class='ocrx_word' id='word_1_430' title='bbox 1446 4049 1695 4122; x_wconf 88' lang='grc' dir='ltr'>Ἀϐραὰμ</span> <span class='ocrx_word' id='word_1_431' title='bbox 1741 4050 1836 4106; x_wconf 82' lang='grc' dir='ltr'>τοῦ</span> 
     </span>
    </p>
   </div>
   <div class='ocr_carea' id='block_1_58' title="bbox 269 4134 1836 4213">
    <p class='ocr_par' dir='ltr' id='par_1_58' title="bbox 269 4134 1836 4213">
     <span class='ocr_line' id='line_1_58' title="bbox 269 4134 1836 4213; baseline 0.008 -27"><span class='ocrx_word' id='word_1_432' title='bbox 269 4134 449 4198; x_wconf 78' lang='grc' dir='ltr'>παιδός</span> <span class='ocrx_word' id='word_1_433' title='bbox 483 4153 585 4206; x_wconf 90' lang='grc' dir='ltr'><strong>μου</strong></span> <span class='ocrx_word' id='word_1_434' title='bbox 608 4137 643 4191; x_wconf 78' lang='grc' dir='ltr'><strong>ἃ</strong></span> <span class='ocrx_word' id='word_1_435' title='bbox 662 4137 773 4206; x_wconf 83' lang='grc' dir='ltr'>ἐγὼ</span> <span class='ocrx_word' id='word_1_436' title='bbox 804 4139 942 4193; x_wconf 84' lang='grc' dir='ltr'>ποιῶ</span> <span class='ocrx_word' id='word_1_437' title='bbox 963 4156 976 4202; x_wconf 88' lang='lat'><strong>;</strong></span> <span class='ocrx_word' id='word_1_438' title='bbox 1021 4139 1270 4212; x_wconf 85' lang='grc' dir='ltr'>Ἀϐραὰμ</span> <span class='ocrx_word' id='word_1_439' title='bbox 1295 4141 1352 4194; x_wconf 80' lang='grc' dir='ltr'>δὲ</span> <span class='ocrx_word' id='word_1_440' title='bbox 1375 4143 1663 4213; x_wconf 84' lang='grc' dir='ltr'>γενόμενος</span> <span class='ocrx_word' id='word_1_441' title='bbox 1683 4143 1836 4198; x_wconf 81' lang='grc' dir='ltr'>ἔσται</span> 
     </span>
    </p>
   </div>
   <div class='ocr_carea' id='block_1_59' title="bbox 267 4225 1835 4304">
    <p class='ocr_par' dir='ltr' id='par_1_59' title="bbox 267 4225 1835 4304">
     <span class='ocr_line' id='line_1_59' title="bbox 267 4225 1835 4304; baseline 0.008 -29"><span class='ocrx_word' id='word_1_442' title='bbox 267 4226 339 4287; x_wconf 79' lang='grc' dir='ltr'>εἰς</span> <span class='ocrx_word' id='word_1_443' title='bbox 365 4225 515 4290; x_wconf 82' lang='grc' dir='ltr'>ἔθνος</span> <span class='ocrx_word' id='word_1_444' title='bbox 564 4227 706 4297; x_wconf 88' lang='grc' dir='ltr'>μέγα</span> <span class='ocrx_word' id='word_1_445' title='bbox 745 4231 838 4282; x_wconf 78' lang='grc' dir='ltr'><strong>καὶ</strong></span> <span class='ocrx_word' id='word_1_446' title='bbox 883 4229 1035 4284; x_wconf 81' lang='grc' dir='ltr'>πολύ.</span> <span class='ocrx_word' id='word_1_447' title='bbox 1083 4233 1194 4286; x_wconf 70' lang='grc' dir='ltr'>Καὶ</span> <span class='ocrx_word' id='word_1_448' title='bbox 1222 4231 1731 4304; x_wconf 78' lang='grc' dir='ltr'>ἐνευλογηθήσονται</span> <span class='ocrx_word' id='word_1_449' title='bbox 1778 4235 1835 4288; x_wconf 85' lang='grc' dir='ltr'>ὲν</span> 
     </span>
    </p>
   </div>
   <div class='ocr_carea' id='block_1_60' title="bbox 266 4315 1834 4393">
    <p class='ocr_par' dir='ltr' id='par_1_60' title="bbox 266 4315 1834 4393">
     <span class='ocr_line' id='line_1_60' title="bbox 266 4315 1834 4393; baseline 0.006 -27"><span class='ocrx_word' id='word_1_450' title='bbox 266 4315 407 4385; x_wconf 78' lang='grc' dir='ltr'>αὐτῷ</span> <span class='ocrx_word' id='word_1_451' title='bbox 438 4316 618 4369; x_wconf 80' lang='grc' dir='ltr'>πάντα</span> <span class='ocrx_word' id='word_1_452' title='bbox 657 4318 724 4372; x_wconf 78' lang='grc' dir='ltr'><strong>τά</strong></span> <span class='ocrx_word' id='word_1_453' title='bbox 762 4317 889 4389; x_wconf 76' lang='grc' dir='ltr'>ἔθνη</span> <span class='ocrx_word' id='word_1_454' title='bbox 923 4320 1021 4390; x_wconf 84' lang='grc' dir='ltr'>τῆς</span> <span class='ocrx_word' id='word_1_455' title='bbox 1054 4321 1178 4391; x_wconf 78' lang='grc' dir='ltr'>γῆς.</span> <span class='ocrx_word' id='word_1_456' title='bbox 1213 4341 1231 4372; x_wconf 74' lang='grc' dir='ltr'><strong>ι</strong></span> <span class='ocrx_word' id='word_1_457' title='bbox 1271 4322 1394 4385; x_wconf 74' lang='grc' dir='ltr'><strong>Πῶς</strong></span> <span class='ocrx_word' id='word_1_458' title='bbox 1430 4322 1474 4375; x_wconf 87' lang='grc' dir='ltr'>δ’</span> <span class='ocrx_word' id='word_1_459' title='bbox 1515 4321 1580 4376; x_wconf 83' lang='grc' dir='ltr'><strong>ἂν</strong></span> <span class='ocrx_word' id='word_1_460' title='bbox 1613 4323 1834 4393; x_wconf 80' lang='grc' dir='ltr'>ἔμελλον</span> 
     </span>
    </p>
   </div>
   <div class='ocr_carea' id='block_1_61' title="bbox 264 4405 1834 4485">
    <p class='ocr_par' dir='ltr' id='par_1_61' title="bbox 264 4405 1834 4485">
     <span class='ocr_line' id='line_1_61' title="bbox 264 4405 1834 4485; baseline 0.007 -27"><span class='ocrx_word' id='word_1_461' title='bbox 264 4405 334 4475; x_wconf 82' lang='grc' dir='ltr'>τῷ</span> <span class='ocrx_word' id='word_1_462' title='bbox 377 4406 629 4478; x_wconf 63' lang='grc' dir='ltr'><strong>1ἑϐραὰμ</strong></span> <span class='ocrx_word' id='word_1_463' title='bbox 677 4409 1190 4482; x_wconf 79' lang='grc' dir='ltr'>ὲνευλογηθήσεσθαι</span> <span class='ocrx_word' id='word_1_464' title='bbox 1224 4412 1400 4467; x_wconf 80' lang='grc' dir='ltr'>πάντα</span> <span class='ocrx_word' id='word_1_465' title='bbox 1441 4413 1510 4466; x_wconf 82' lang='grc' dir='ltr'><strong>τὰ</strong></span> <span class='ocrx_word' id='word_1_466' title='bbox 1543 4413 1704 4485; x_wconf 78' lang='grc' dir='ltr'>ἔθνη,</span> <span class='ocrx_word' id='word_1_467' title='bbox 1741 4417 1834 4469; x_wconf 81' lang='grc' dir='ltr'><strong>καὶ</strong></span> 
     </span>
    </p>
   </div>
   <div class='ocr_carea' id='block_1_62' title="bbox 1953 1933 3522 2009">
    <p class='ocr_par' dir='ltr' id='par_1_62' title="bbox 1953 1933 3522 2009">
     <span class='ocr_line' id='line_1_62' title="bbox 1953 1933 3522 2009; baseline 0.003 -19"><span class='ocrx_word' id='word_1_468' title='bbox 1953 1951 2062 1990; x_wconf 90' lang='lat' dir='ltr'><strong>non</strong></span> <span class='ocrx_word' id='word_1_469' title='bbox 2095 1935 2148 1988; x_wconf 91' lang='lat' dir='ltr'><strong>in</strong></span> <span class='ocrx_word' id='word_1_470' title='bbox 2195 1933 2534 1991; x_wconf 85' lang='lat' dir='ltr'><strong>Judaismum</strong></span> <span class='ocrx_word' id='word_1_471' title='bbox 2567 1936 2816 2003; x_wconf 82' lang='lat' dir='ltr'><strong>excidat;</strong></span> <span class='ocrx_word' id='word_1_472' title='bbox 2849 1953 3024 2007; x_wconf 89' lang='lat' dir='ltr'><strong>neque</strong></span> <span class='ocrx_word' id='word_1_473' title='bbox 3070 1954 3284 2003; x_wconf 88' lang='lat' dir='ltr'><strong>rursus,</strong></span> <span class='ocrx_word' id='word_1_474' title='bbox 3310 1941 3402 2009; x_wconf 91' lang='lat' dir='ltr'><strong>qni</strong></span> <span class='ocrx_word' id='word_1_475' title='bbox 3436 1955 3522 1995; x_wconf 89' lang='lat' dir='ltr'><strong>re-</strong></span> 
     </span>
    </p>
   </div>
   <div class='ocr_carea' id='block_1_63' title="bbox 1952 2025 3521 2092">
    <p class='ocr_par' dir='ltr' id='par_1_63' title="bbox 1952 2025 3521 2092">
     <span class='ocr_line' id='line_1_63' title="bbox 1952 2025 3521 2092; baseline 0.003 -12"><span class='ocrx_word' id='word_1_476' title='bbox 1952 2026 2099 2081; x_wconf 85' lang='lat' dir='ltr'><strong>cedit</strong></span> <span class='ocrx_word' id='word_1_477' title='bbox 2119 2027 2186 2080; x_wconf 90' lang='lat' dir='ltr'><strong>ab</strong></span> <span class='ocrx_word' id='word_1_478' title='bbox 2211 2025 2439 2082; x_wconf 84' lang='lat' dir='ltr'><strong>Judaico</strong></span> <span class='ocrx_word' id='word_1_479' title='bbox 2470 2028 2778 2082; x_wconf 81' lang='lat' dir='ltr'><strong>voluntario</strong></span> <span class='ocrx_word' id='word_1_480' title='bbox 2813 2029 2988 2092; x_wconf 88' lang='lat' dir='ltr'><strong>cultu,</strong></span> <span class='ocrx_word' id='word_1_481' title='bbox 3019 2030 3202 2084; x_wconf 87' lang='lat' dir='ltr'><strong>statim</strong></span> <span class='ocrx_word' id='word_1_482' title='bbox 3229 2029 3320 2082; x_wconf 82' lang='lat' dir='ltr'><strong>[iat</strong></span> <span class='ocrx_word' id='word_1_483' title='bbox 3346 2031 3521 2085; x_wconf 87' lang='lat' dir='ltr'><strong>ethni-</strong></span> 
     </span>
    </p>
   </div>
   <div class='ocr_carea' id='block_1_64' title="bbox 1950 2119 3520 2190">
    <p class='ocr_par' dir='ltr' id='par_1_64' title="bbox 1950 2119 3520 2190">
     <span class='ocr_line' id='line_1_64' title="bbox 1950 2119 3520 2190; baseline 0.005 -18"><span class='ocrx_word' id='word_1_484' title='bbox 1950 2134 2091 2175; x_wconf 90' lang='lat' dir='ltr'><strong>cus:</strong></span> <span class='ocrx_word' id='word_1_485' title='bbox 2127 2119 2220 2174; x_wconf 80' lang='lat' dir='ltr'><strong>sed</strong></span> <span class='ocrx_word' id='word_1_486' title='bbox 2251 2122 2342 2190; x_wconf 91' lang='lat' dir='ltr'><strong>qui</strong></span> <span class='ocrx_word' id='word_1_487' title='bbox 2384 2130 2615 2190; x_wconf 90' lang='lat' dir='ltr'><strong>utroque</strong></span> <span class='ocrx_word' id='word_1_488' title='bbox 2661 2120 2855 2176; x_wconf 92' lang='lat' dir='ltr'><strong>ordine</strong></span> <span class='ocrx_word' id='word_1_489' title='bbox 2877 2122 3090 2185; x_wconf 86' lang='lat' dir='ltr'><strong>relicto,</strong></span> <span class='ocrx_word' id='word_1_490' title='bbox 3135 2122 3520 2180; x_wconf 82' lang='lat' dir='ltr'><strong>etlinicismum</strong></span> 
     </span>
    </p>
   </div>
   <div class='ocr_carea' id='block_1_65' title="bbox 1950 2209 3518 2284">
    <p class='ocr_par' dir='ltr' id='par_1_65' title="bbox 1950 2209 3518 2284">
     <span class='ocr_line' id='line_1_65' title="bbox 1950 2209 3518 2284; baseline 0.004 -20"><span class='ocrx_word' id='word_1_491' title='bbox 1950 2210 2153 2266; x_wconf 89' lang='lat' dir='ltr'><strong>deserit</strong></span> <span class='ocrx_word' id='word_1_492' title='bbox 2182 2218 2345 2282; x_wconf 88' lang='lat' dir='ltr'><strong>atque</strong></span> <span class='ocrx_word' id='word_1_493' title='bbox 2372 2209 2737 2275; x_wconf 84' lang='lat' dir='ltr'><strong>Judaismum,</strong></span> <span class='ocrx_word' id='word_1_494' title='bbox 2797 2213 2846 2268; x_wconf 91' lang='lat' dir='ltr'><strong>is</strong></span> <span class='ocrx_word' id='word_1_495' title='bbox 2894 2213 3127 2267; x_wconf 85' lang='lat' dir='ltr'><strong>mediam</strong></span> <span class='ocrx_word' id='word_1_496' title='bbox 3171 2214 3318 2268; x_wconf 85' lang='lat' dir='ltr'><strong>subit</strong></span> <span class='ocrx_word' id='word_1_497' title='bbox 3346 2215 3518 2284; x_wconf 88' lang='lat' dir='ltr'><strong>legem</strong></span> 
     </span>
    </p>
   </div>
   <div class='ocr_carea' id='block_1_66' title="bbox 1949 2304 3516 2373">
    <p class='ocr_par' dir='ltr' id='par_1_66' title="bbox 1949 2304 3516 2373">
     <span class='ocr_line' id='line_1_66' title="bbox 1949 2304 3516 2373; baseline 0.002 -16"><span class='ocrx_word' id='word_1_498' title='bbox 1949 2304 2226 2372; x_wconf 80' lang='lat' dir='ltr'><strong>vitamque</strong></span> <span class='ocrx_word' id='word_1_499' title='bbox 2247 2305 2548 2372; x_wconf 87' lang='lat' dir='ltr'><strong>priscorum</strong></span> <span class='ocrx_word' id='word_1_500' title='bbox 2568 2305 3016 2360; x_wconf 88' lang='lat' dir='ltr'><strong>charissimorum</strong></span> <span class='ocrx_word' id='word_1_501' title='bbox 3055 2305 3162 2360; x_wconf 87' lang='lat' dir='ltr'><strong>Deo</strong></span> <span class='ocrx_word' id='word_1_502' title='bbox 3177 2306 3516 2373; x_wconf 88' lang='lat' dir='ltr'><strong>ctjustorum</strong></span> 
     </span>
    </p>
   </div>
   <div class='ocr_carea' id='block_1_67' title="bbox 1951 2397 3516 2468">
    <p class='ocr_par' dir='ltr' id='par_1_67' title="bbox 1951 2397 3516 2468">
     <span class='ocr_line' id='line_1_67' title="bbox 1951 2397 3516 2468; baseline 0.001 -18"><span class='ocrx_word' id='word_1_503' title='bbox 1951 2398 2214 2463; x_wconf 89' lang='lat' dir='ltr'><strong>virorum,</strong></span> <span class='ocrx_word' id='word_1_504' title='bbox 2250 2414 2412 2468; x_wconf 90' lang='lat' dir='ltr'><strong>quam</strong></span> <span class='ocrx_word' id='word_1_505' title='bbox 2444 2397 2696 2454; x_wconf 82' lang='lat' dir='ltr'><strong>Salvator</strong></span> <span class='ocrx_word' id='word_1_506' title='bbox 2737 2415 2802 2453; x_wconf 88' lang='lat' dir='ltr'><strong>ac</strong></span> <span class='ocrx_word' id='word_1_507' title='bbox 2858 2398 3122 2453; x_wconf 90' lang='lat' dir='ltr'><strong>Dominus</strong></span> <span class='ocrx_word' id='word_1_508' title='bbox 3147 2408 3354 2460; x_wconf 79' lang='lat' dir='ltr'><strong>noster,</strong></span> <span class='ocrx_word' id='word_1_509' title='bbox 3391 2414 3516 2452; x_wconf 89' lang='lat' dir='ltr'><strong>eum</strong></span> 
     </span>
    </p>
   </div>
   <div class='ocr_carea' id='block_1_68' title="bbox 1950 2486 3516 2561">
    <p class='ocr_par' dir='ltr' id='par_1_68' title="bbox 1950 2486 3516 2561">
     <span class='ocr_line' id='line_1_68' title="bbox 1950 2486 3516 2561; baseline 0 -17"><span class='ocrx_word' id='word_1_510' title='bbox 1950 2505 2046 2561; x_wconf 90' lang='lat' dir='ltr'><strong>per</strong></span> <span class='ocrx_word' id='word_1_511' title='bbox 2070 2491 2289 2560; x_wconf 84' lang='lat' dir='ltr'><strong>longum</strong></span> <span class='ocrx_word' id='word_1_512' title='bbox 2318 2491 2407 2545; x_wconf 88' lang='lat' dir='ltr'><strong>illa</strong></span> <span class='ocrx_word' id='word_1_513' title='bbox 2438 2498 2654 2560; x_wconf 88' lang='lat' dir='ltr'><strong>tempus</strong></span> <span class='ocrx_word' id='word_1_514' title='bbox 2682 2491 2966 2560; x_wconf 84' lang='lat' dir='ltr'><strong>consepita</strong></span> <span class='ocrx_word' id='word_1_515' title='bbox 2993 2491 3277 2559; x_wconf 80' lang='lat' dir='ltr'><strong>jacuisset,</strong></span> <span class='ocrx_word' id='word_1_516' title='bbox 3305 2486 3516 2545; x_wconf 74' lang='lat' dir='ltr'><strong>excita-</strong></span> 
     </span>
    </p>
   </div>
   <div class='ocr_carea' id='block_1_69' title="bbox 1947 2581 3516 2651">
    <p class='ocr_par' dir='ltr' id='par_1_69' title="bbox 1947 2581 3516 2651">
     <span class='ocr_line' id='line_1_69' title="bbox 1947 2581 3516 2651; baseline 0.001 -17"><span class='ocrx_word' id='word_1_517' title='bbox 1947 2582 2026 2636; x_wconf 90' lang='lat' dir='ltr'><strong>vit</strong></span> <span class='ocrx_word' id='word_1_518' title='bbox 2052 2583 2246 2637; x_wconf 88' lang='lat' dir='ltr'><strong>iterum</strong></span> <span class='ocrx_word' id='word_1_519' title='bbox 2276 2583 2728 2651; x_wconf 86' lang='lat' dir='ltr'><strong>instauravitque,</strong></span> <span class='ocrx_word' id='word_1_520' title='bbox 2753 2586 2826 2637; x_wconf 90' lang='lat' dir='ltr'><strong>ita</strong></span> <span class='ocrx_word' id='word_1_521' title='bbox 2872 2583 2950 2636; x_wconf 89' lang='lat' dir='ltr'><strong>uti</strong></span> <span class='ocrx_word' id='word_1_522' title='bbox 3008 2581 3174 2636; x_wconf 87' lang='lat' dir='ltr'><strong>Mosis</strong></span> <span class='ocrx_word' id='word_1_523' title='bbox 3205 2590 3260 2635; x_wconf 92' lang='lat' dir='ltr'><strong>et</strong></span> <span class='ocrx_word' id='word_1_524' title='bbox 3290 2591 3516 2637; x_wconf 71' lang='lat' dir='ltr'><strong>czetero-</strong></span> 
     </span>
    </p>
   </div>
   <div class='ocr_carea' id='block_1_70' title="bbox 1947 2671 3513 2743">
    <p class='ocr_par' dir='ltr' id='par_1_70' title="bbox 1947 2671 3513 2743">
     <span class='ocr_line' id='line_1_70' title="bbox 1947 2671 3513 2743; baseline 0 -17"><span class='ocrx_word' id='word_1_525' title='bbox 1947 2689 2068 2726; x_wconf 90' lang='lat' dir='ltr'><strong>rum</strong></span> <span class='ocrx_word' id='word_1_526' title='bbox 2106 2673 2491 2743; x_wconf 84' lang='lat' dir='ltr'><strong>prophetarum</strong></span> <span class='ocrx_word' id='word_1_527' title='bbox 2540 2673 2766 2728; x_wconf 88' lang='lat' dir='ltr'><strong>vocibus</strong></span> <span class='ocrx_word' id='word_1_528' title='bbox 2821 2672 2927 2726; x_wconf 84' lang='lat' dir='ltr'><strong>hoc</strong></span> <span class='ocrx_word' id='word_1_529' title='bbox 2962 2671 3138 2741; x_wconf 92' lang='lat' dir='ltr'><strong>ipsum</strong></span> <span class='ocrx_word' id='word_1_530' title='bbox 3195 2673 3513 2741; x_wconf 62' lang='lat' dir='ltr'><strong>praedictum</strong></span> 
     </span>
    </p>
   </div>
   <div class='ocr_carea' id='block_1_71' title="bbox 1949 2761 3515 2832">
    <p class='ocr_par' dir='ltr' id='par_1_71' title="bbox 1949 2761 3515 2832">
     <span class='ocr_line' id='line_1_71' title="bbox 1949 2761 3515 2832; baseline 0 -16"><span class='ocrx_word' id='word_1_531' title='bbox 1949 2762 2142 2817; x_wconf 85' lang='lat' dir='ltr'><strong>fuerat.</strong></span> <span class='ocrx_word' id='word_1_532' title='bbox 2181 2762 2313 2817; x_wconf 87' lang='lat' dir='ltr'><strong>Nam</strong></span> <span class='ocrx_word' id='word_1_533' title='bbox 2353 2769 2407 2816; x_wconf 92' lang='lat' dir='ltr'><strong>et</strong></span> <span class='ocrx_word' id='word_1_534' title='bbox 2437 2763 2491 2816; x_wconf 91' lang='lat' dir='ltr'><strong>in</strong></span> <span class='ocrx_word' id='word_1_535' title='bbox 2517 2762 2778 2826; x_wconf 75' lang='lat' dir='ltr'><strong>oraculis,</strong></span> <span class='ocrx_word' id='word_1_536' title='bbox 2837 2777 2960 2832; x_wconf 68' lang='lat' dir='ltr'><strong>qua:</strong></span> <span class='ocrx_word' id='word_1_537' title='bbox 3018 2761 3328 2816; x_wconf 81' lang='lat' dir='ltr'><strong>Abrahamo</strong></span> <span class='ocrx_word' id='word_1_538' title='bbox 3373 2763 3515 2818; x_wconf 86' lang='lat' dir='ltr'><strong>edita</strong></span> 
     </span>
    </p>
   </div>
   <div class='ocr_carea' id='block_1_72' title="bbox 1947 2854 3513 2925">
    <p class='ocr_par' dir='ltr' id='par_1_72' title="bbox 1947 2854 3513 2925">
     <span class='ocr_line' id='line_1_72' title="bbox 1947 2854 3513 2925; baseline -0.001 -15"><span class='ocrx_word' id='word_1_539' title='bbox 1947 2855 2207 2910; x_wconf 89' lang='lat' dir='ltr'><strong>divinitus</strong></span> <span class='ocrx_word' id='word_1_540' title='bbox 2232 2854 2408 2910; x_wconf 82' lang='lat' dir='ltr'><strong>Moses</strong></span> <span class='ocrx_word' id='word_1_541' title='bbox 2433 2862 2687 2917; x_wconf 83' lang='lat' dir='ltr'><strong>testatur,</strong></span> <span class='ocrx_word' id='word_1_542' title='bbox 2728 2856 2920 2911; x_wconf 88' lang='lat' dir='ltr'><strong>scribit</strong></span> <span class='ocrx_word' id='word_1_543' title='bbox 2943 2856 3087 2925; x_wconf 91' lang='lat' dir='ltr'><strong>quod</strong></span> <span class='ocrx_word' id='word_1_544' title='bbox 3139 2855 3340 2910; x_wconf 83' lang='lat' dir='ltr'><strong>futuris</strong></span> <span class='ocrx_word' id='word_1_545' title='bbox 3386 2857 3513 2910; x_wconf 91' lang='lat' dir='ltr'><strong>olim</strong></span> 
     </span>
    </p>
   </div>
   <div class='ocr_carea' id='block_1_73' title="bbox 1945 2949 3514 3020">
    <p class='ocr_par' dir='ltr' id='par_1_73' title="bbox 1945 2949 3514 3020">
     <span class='ocr_line' id='line_1_73' title="bbox 1945 2949 3514 3020; baseline 0.002 -18"><span class='ocrx_word' id='word_1_546' title='bbox 1945 2949 2279 3017; x_wconf 80' lang='lat' dir='ltr'><strong>temporibus</strong></span> <span class='ocrx_word' id='word_1_547' title='bbox 2310 2965 2418 3002; x_wconf 91' lang='lat' dir='ltr'><strong>non</strong></span> <span class='ocrx_word' id='word_1_548' title='bbox 2445 2949 2737 3003; x_wconf 83' lang='lat' dir='ltr'><strong>Abrahami</strong></span> <span class='ocrx_word' id='word_1_549' title='bbox 2761 2949 2962 3017; x_wconf 90' lang='lat' dir='ltr'><strong>posteri</strong></span> <span class='ocrx_word' id='word_1_550' title='bbox 2997 2957 3050 3003; x_wconf 91' lang='lat' dir='ltr'><strong>et</strong></span> <span class='ocrx_word' id='word_1_551' title='bbox 3072 2965 3138 3004; x_wconf 83' lang='lat' dir='ltr'><strong>ex</strong></span> <span class='ocrx_word' id='word_1_552' title='bbox 3163 2950 3372 3005; x_wconf 88' lang='lat' dir='ltr'><strong>semine</strong></span> <span class='ocrx_word' id='word_1_553' title='bbox 3396 2951 3514 3020; x_wconf 71' lang='lat' dir='ltr'><strong>ejus</strong></span> 
     </span>
    </p>
   </div>
   <div class='ocr_carea' id='block_1_74' title="bbox 1946 3036 3514 3108">
    <p class='ocr_par' dir='ltr' id='par_1_74' title="bbox 1946 3036 3514 3108">
     <span class='ocr_line' id='line_1_74' title="bbox 1946 3036 3514 3108; baseline 0.004 -18"><span class='ocrx_word' id='word_1_554' title='bbox 1946 3039 2191 3108; x_wconf 80' lang='lat' dir='ltr'><strong>prognati</strong></span> <span class='ocrx_word' id='word_1_555' title='bbox 2222 3036 2415 3098; x_wconf 80' lang='lat' dir='ltr'><strong>Judaei.</strong></span> <span class='ocrx_word' id='word_1_556' title='bbox 2473 3039 2567 3094; x_wconf 88' lang='lat' dir='ltr'><strong>sed</strong></span> <span class='ocrx_word' id='word_1_557' title='bbox 2623 3054 2814 3095; x_wconf 90' lang='lat' dir='ltr'><strong>omnes</strong></span> <span class='ocrx_word' id='word_1_558' title='bbox 2849 3040 3025 3094; x_wconf 87' lang='lat' dir='ltr'><strong>tribus</strong></span> <span class='ocrx_word' id='word_1_559' title='bbox 3057 3047 3215 3095; x_wconf 73' lang='lat' dir='ltr'><strong>term</strong></span> <span class='ocrx_word' id='word_1_560' title='bbox 3242 3049 3296 3094; x_wconf 92' lang='lat' dir='ltr'><strong>et</strong></span> <span class='ocrx_word' id='word_1_561' title='bbox 3323 3056 3514 3097; x_wconf 89' lang='lat' dir='ltr'><strong>omnes</strong></span> 
     </span>
    </p>
   </div>
   <div class='ocr_carea' id='block_1_75' title="bbox 1947 3129 3514 3201">
    <p class='ocr_par' dir='ltr' id='par_1_75' title="bbox 1947 3129 3514 3201">
     <span class='ocr_line' id='line_1_75' title="bbox 1947 3129 3514 3201; baseline 0.003 -18"><span class='ocrx_word' id='word_1_562' title='bbox 1947 3138 2133 3201; x_wconf 82' lang='lat' dir='ltr'><strong>gentes</strong></span> <span class='ocrx_word' id='word_1_563' title='bbox 2162 3145 2256 3199; x_wconf 90' lang='lat' dir='ltr'><strong>per</strong></span> <span class='ocrx_word' id='word_1_564' title='bbox 2285 3130 2519 3184; x_wconf 88' lang='lat' dir='ltr'><strong>similem</strong></span> <span class='ocrx_word' id='word_1_565' title='bbox 2549 3129 2732 3186; x_wconf 89' lang='lat' dir='ltr'><strong>cultus</strong></span> <span class='ocrx_word' id='word_1_566' title='bbox 2760 3130 2856 3186; x_wconf 89' lang='lat' dir='ltr'><strong>Dei</strong></span> <span class='ocrx_word' id='word_1_567' title='bbox 2897 3131 3164 3185; x_wconf 90' lang='lat' dir='ltr'><strong>rationem</strong></span> <span class='ocrx_word' id='word_1_568' title='bbox 3203 3147 3312 3201; x_wconf 91' lang='lat' dir='ltr'><strong>quo</strong></span> <span class='ocrx_word' id='word_1_569' title='bbox 3337 3131 3514 3188; x_wconf 85' lang='lat' dir='ltr'><strong>Abra-</strong></span> 
     </span>
    </p>
   </div>
   <div class='ocr_carea' id='block_1_76' title="bbox 1948 3221 3510 3286">
    <p class='ocr_par' dir='ltr' id='par_1_76' title="bbox 1948 3221 3510 3286">
     <span class='ocr_line' id='line_1_76' title="bbox 1948 3221 3510 3286; baseline 0.003 -10"><span class='ocrx_word' id='word_1_570' title='bbox 1948 3223 2163 3286; x_wconf 87' lang='lat' dir='ltr'><strong>hamus,</strong></span> <span class='ocrx_word' id='word_1_571' title='bbox 2207 3221 2638 3276; x_wconf 87' lang='lat' dir='ltr'><strong>benedictionem</strong></span> <span class='ocrx_word' id='word_1_572' title='bbox 2679 3221 2918 3275; x_wconf 87' lang='lat' dir='ltr'><strong>divinam</strong></span> <span class='ocrx_word' id='word_1_573' title='bbox 2969 3228 3158 3277; x_wconf 88' lang='lat' dir='ltr'><strong>essent</strong></span> <span class='ocrx_word' id='word_1_574' title='bbox 3211 3222 3510 3280; x_wconf 89' lang='lat' dir='ltr'><strong>obtenturi.</strong></span> 
     </span>
    </p>
   </div>
   <div class='ocr_carea' id='block_1_77' title="bbox 1949 3311 3510 3368">
    <p class='ocr_par' dir='ltr' id='par_1_77' title="bbox 1949 3311 3510 3368">
     <span class='ocr_line' id='line_1_77' title="bbox 1949 3311 3510 3368; baseline -0.003 -1"><span class='ocrx_word' id='word_1_575' title='bbox 1949 3313 2024 3367; x_wconf 88' lang='lat' dir='ltr'><strong>Ita</strong></span> <span class='ocrx_word' id='word_1_576' title='bbox 2054 3313 2198 3368; x_wconf 90' lang='lat' dir='ltr'><strong>enim</strong></span> <span class='ocrx_word' id='word_1_577' title='bbox 2223 3313 2300 3366; x_wconf 87' lang='lat' dir='ltr'><strong>ait</strong></span> <span class='ocrx_word' id='word_1_578' title='bbox 2328 3313 2388 3365; x_wconf 72' lang='grc' dir='ltr'><strong>ἐ</strong></span> <span class='ocrx_word' id='word_1_579' title='bbox 2425 3331 2444 3364; x_wconf 74' lang='grc' dir='ltr'><strong><em>ε</em></strong></span> <span class='ocrx_word' id='word_1_580' title='bbox 2488 3311 2553 3365; x_wconf 83' lang='grc' dir='ltr'>Ει</span> <span class='ocrx_word' id='word_1_581' title='bbox 2593 3312 2732 3366; x_wconf 78' lang='lat' dir='ltr'><strong>dixit</strong></span> <span class='ocrx_word' id='word_1_582' title='bbox 2790 3312 3054 3368; x_wconf 92' lang='lat' dir='ltr'><strong>Dominus</strong></span> <span class='ocrx_word' id='word_1_583' title='bbox 3077 3313 3141 3368; x_wconf 87' lang='lat' dir='ltr'><strong>ad</strong></span> <span class='ocrx_word' id='word_1_584' title='bbox 3191 3311 3459 3366; x_wconf 81' lang='lat' dir='ltr'><strong>Abraham</strong></span> <span class='ocrx_word' id='word_1_585' title='bbox 3491 3323 3510 3363; x_wconf 87' lang='lat'><strong>:</strong></span> 
     </span>
    </p>
   </div>
   <div class='ocr_carea' id='block_1_78' title="bbox 1948 3403 3512 3474">
    <p class='ocr_par' dir='ltr' id='par_1_78' title="bbox 1948 3403 3512 3474">
     <span class='ocr_line' id='line_1_78' title="bbox 1948 3403 3512 3474; baseline 0.001 -17"><span class='ocrx_word' id='word_1_586' title='bbox 1948 3403 2044 3458; x_wconf 80' lang='lat' dir='ltr'><strong>Exi</strong></span> <span class='ocrx_word' id='word_1_587' title='bbox 2067 3405 2134 3460; x_wconf 90' lang='lat' dir='ltr'><strong>de</strong></span> <span class='ocrx_word' id='word_1_588' title='bbox 2158 3412 2302 3460; x_wconf 88' lang='lat' dir='ltr'><strong>terra</strong></span> <span class='ocrx_word' id='word_1_589' title='bbox 2340 3416 2450 3465; x_wconf 90' lang='lat' dir='ltr'><strong>tua,</strong></span> <span class='ocrx_word' id='word_1_590' title='bbox 2480 3405 2618 3460; x_wconf 91' lang='lat' dir='ltr'><strong>etde</strong></span> <span class='ocrx_word' id='word_1_591' title='bbox 2645 3406 2971 3474; x_wconf 87' lang='lat' dir='ltr'><strong>cognatione</strong></span> <span class='ocrx_word' id='word_1_592' title='bbox 2998 3412 3111 3469; x_wconf 92' lang='lat' dir='ltr'><strong>tua,</strong></span> <span class='ocrx_word' id='word_1_593' title='bbox 3161 3413 3210 3459; x_wconf 91' lang='lat' dir='ltr'><strong>et</strong></span> <span class='ocrx_word' id='word_1_594' title='bbox 3249 3419 3312 3459; x_wconf 81' lang='lat' dir='ltr'><strong>ex</strong></span> <span class='ocrx_word' id='word_1_595' title='bbox 3347 3404 3512 3458; x_wconf 90' lang='lat' dir='ltr'><strong>domo</strong></span> 
     </span>
    </p>
   </div>
   <div class='ocr_carea' id='block_1_79' title="bbox 1945 3497 3512 3566">
    <p class='ocr_par' dir='ltr' id='par_1_79' title="bbox 1945 3497 3512 3566">
     <span class='ocr_line' id='line_1_79' title="bbox 1945 3497 3512 3566; baseline -0.001 -17"><span class='ocrx_word' id='word_1_596' title='bbox 1945 3497 2117 3565; x_wconf 88' lang='lat' dir='ltr'><strong>patris</strong></span> <span class='ocrx_word' id='word_1_597' title='bbox 2150 3499 2250 3558; x_wconf 89' lang='lat' dir='ltr'><strong>tui,</strong></span> <span class='ocrx_word' id='word_1_598' title='bbox 2273 3506 2328 3552; x_wconf 93' lang='lat' dir='ltr'><strong>et</strong></span> <span class='ocrx_word' id='word_1_599' title='bbox 2353 3498 2490 3552; x_wconf 83' lang='lat' dir='ltr'><strong>vade</strong></span> <span class='ocrx_word' id='word_1_600' title='bbox 2533 3498 2586 3551; x_wconf 92' lang='lat' dir='ltr'><strong>in</strong></span> <span class='ocrx_word' id='word_1_601' title='bbox 2612 3505 2811 3550; x_wconf 89' lang='lat' dir='ltr'><strong>terram</strong></span> <span class='ocrx_word' id='word_1_602' title='bbox 2841 3511 3004 3566; x_wconf 88' lang='lat' dir='ltr'><strong>quam</strong></span> <span class='ocrx_word' id='word_1_603' title='bbox 3033 3497 3133 3550; x_wconf 89' lang='lat' dir='ltr'><strong>tibi</strong></span> <span class='ocrx_word' id='word_1_604' title='bbox 3168 3497 3512 3550; x_wconf 85' lang='lat' dir='ltr'><strong>demonstra-</strong></span> 
     </span>
    </p>
   </div>
   <div class='ocr_carea' id='block_1_80' title="bbox 1943 3583 3511 3656">
    <p class='ocr_par' dir='ltr' id='par_1_80' title="bbox 1943 3583 3511 3656">
     <span class='ocr_line' id='line_1_80' title="bbox 1943 3583 3511 3656; baseline -0.002 -16"><span class='ocrx_word' id='word_1_605' title='bbox 1943 3600 2090 3640; x_wconf 87' lang='lat' dir='ltr'><strong>vero.</strong></span> <span class='ocrx_word' id='word_1_606' title='bbox 2119 3584 2184 3638; x_wconf 86' lang='lat' dir='ltr'><strong>Et</strong></span> <span class='ocrx_word' id='word_1_607' title='bbox 2207 3586 2398 3647; x_wconf 83' lang='lat' dir='ltr'><strong>faciam</strong></span> <span class='ocrx_word' id='word_1_608' title='bbox 2429 3594 2479 3639; x_wconf 92' lang='lat' dir='ltr'><strong>te</strong></span> <span class='ocrx_word' id='word_1_609' title='bbox 2530 3586 2582 3638; x_wconf 92' lang='lat' dir='ltr'><strong>in</strong></span> <span class='ocrx_word' id='word_1_610' title='bbox 2612 3592 2824 3655; x_wconf 85' lang='lat' dir='ltr'><strong>gentem</strong></span> <span class='ocrx_word' id='word_1_611' title='bbox 2863 3599 3113 3656; x_wconf 88' lang='lat' dir='ltr'><strong>magnam</strong></span> <span class='ocrx_word' id='word_1_612' title='bbox 3149 3603 3162 3640; x_wconf 91' lang='lat'>:</span> <span class='ocrx_word' id='word_1_613' title='bbox 3195 3593 3249 3640; x_wconf 91' lang='lat' dir='ltr'><strong>et</strong></span> <span class='ocrx_word' id='word_1_614' title='bbox 3283 3583 3511 3638; x_wconf 88' lang='lat' dir='ltr'><strong>benedi-</strong></span> 
     </span>
    </p>
   </div>
   <div class='ocr_carea' id='block_1_81' title="bbox 1942 3677 3510 3747">
    <p class='ocr_par' dir='ltr' id='par_1_81' title="bbox 1942 3677 3510 3747">
     <span class='ocr_line' id='line_1_81' title="bbox 1942 3677 3510 3747; baseline 0.001 -16"><span class='ocrx_word' id='word_1_615' title='bbox 1942 3692 2059 3731; x_wconf 90' lang='lat' dir='ltr'><strong>cam</strong></span> <span class='ocrx_word' id='word_1_616' title='bbox 2089 3684 2164 3735; x_wconf 84' lang='lat' dir='ltr'><strong>te.</strong></span> <span class='ocrx_word' id='word_1_617' title='bbox 2195 3685 2248 3732; x_wconf 91' lang='lat' dir='ltr'><strong>et</strong></span> <span class='ocrx_word' id='word_1_618' title='bbox 2270 3677 2626 3747; x_wconf 83' lang='lat' dir='ltr'><strong>magniﬁcabo</strong></span> <span class='ocrx_word' id='word_1_619' title='bbox 2647 3693 2842 3732; x_wconf 89' lang='lat' dir='ltr'><strong>nomen</strong></span> <span class='ocrx_word' id='word_1_620' title='bbox 2874 3685 3052 3741; x_wconf 91' lang='lat' dir='ltr'><strong>tuum,</strong></span> <span class='ocrx_word' id='word_1_621' title='bbox 3085 3686 3139 3732; x_wconf 92' lang='lat' dir='ltr'><strong>et</strong></span> <span class='ocrx_word' id='word_1_622' title='bbox 3192 3677 3303 3731; x_wconf 87' lang='lat' dir='ltr'><strong>eris</strong></span> <span class='ocrx_word' id='word_1_623' title='bbox 3344 3678 3510 3732; x_wconf 86' lang='lat' dir='ltr'><strong>bene-</strong></span> 
     </span>
    </p>
   </div>
   <div class='ocr_carea' id='block_1_82' title="bbox 1940 3770 3506 3834">
    <p class='ocr_par' dir='ltr' id='par_1_82' title="bbox 1940 3770 3506 3834">
     <span class='ocr_line' id='line_1_82' title="bbox 1940 3770 3506 3834; baseline 0 -10"><span class='ocrx_word' id='word_1_624' title='bbox 1940 3771 2139 3829; x_wconf 85' lang='lat' dir='ltr'><strong>dictus.</strong></span> <span class='ocrx_word' id='word_1_625' title='bbox 2173 3770 2238 3823; x_wconf 86' lang='lat' dir='ltr'><strong>Et</strong></span> <span class='ocrx_word' id='word_1_626' title='bbox 2265 3770 2580 3826; x_wconf 88' lang='lat' dir='ltr'><strong>benedieam</strong></span> <span class='ocrx_word' id='word_1_627' title='bbox 2608 3771 2990 3826; x_wconf 89' lang='lat' dir='ltr'><strong>benedicentes</strong></span> <span class='ocrx_word' id='word_1_628' title='bbox 3016 3781 3088 3834; x_wconf 86' lang='lat' dir='ltr'><strong>te,</strong></span> <span class='ocrx_word' id='word_1_629' title='bbox 3111 3779 3164 3824; x_wconf 86' lang='lat' dir='ltr'><strong>et</strong></span> <span class='ocrx_word' id='word_1_630' title='bbox 3189 3770 3506 3825; x_wconf 88' lang='lat' dir='ltr'><strong>maledicam</strong></span> 
     </span>
    </p>
   </div>
   <div class='ocr_carea' id='block_1_83' title="bbox 1941 3860 3508 3924">
    <p class='ocr_par' dir='ltr' id='par_1_83' title="bbox 1941 3860 3508 3924">
     <span class='ocr_line' id='line_1_83' title="bbox 1941 3860 3508 3924; baseline 0 -8"><span class='ocrx_word' id='word_1_631' title='bbox 1941 3862 2324 3917; x_wconf 90' lang='lat' dir='ltr'><strong>maledicentes</strong></span> <span class='ocrx_word' id='word_1_632' title='bbox 2355 3870 2427 3924; x_wconf 90' lang='lat' dir='ltr'><strong>te,</strong></span> <span class='ocrx_word' id='word_1_633' title='bbox 2458 3869 2512 3916; x_wconf 93' lang='lat' dir='ltr'><strong>et</strong></span> <span class='ocrx_word' id='word_1_634' title='bbox 2538 3860 2926 3916; x_wconf 85' lang='lat' dir='ltr'><strong>benedicentur</strong></span> <span class='ocrx_word' id='word_1_635' title='bbox 2951 3863 3005 3914; x_wconf 90' lang='lat' dir='ltr'><strong>in</strong></span> <span class='ocrx_word' id='word_1_636' title='bbox 3039 3869 3091 3915; x_wconf 93' lang='lat' dir='ltr'><strong>te</strong></span> <span class='ocrx_word' id='word_1_637' title='bbox 3120 3874 3309 3914; x_wconf 83' lang='lat' dir='ltr'><strong>omnes</strong></span> <span class='ocrx_word' id='word_1_638' title='bbox 3332 3860 3508 3916; x_wconf 88' lang='lat' dir='ltr'><strong>tribus</strong></span> 
     </span>
    </p>
   </div>
   <div class='ocr_carea' id='block_1_84' title="bbox 1940 3951 3509 4022">
    <p class='ocr_par' dir='ltr' id='par_1_84' title="bbox 1940 3951 3509 4022">
     <span class='ocr_line' id='line_1_84' title="bbox 1940 3951 3509 4022; baseline 0 -16"><span class='ocrx_word' id='word_1_639' title='bbox 1940 3959 2116 4007; x_wconf 66' lang='lat' dir='ltr'><strong>terrae.</strong></span> <span class='ocrx_word' id='word_1_640' title='bbox 2150 3971 2169 4004; x_wconf 73' lang='grc' dir='ltr'><strong>ι</strong></span> <span class='ocrx_word' id='word_1_641' title='bbox 2195 3951 2372 4022; x_wconf 75' lang='lat' dir='ltr'><strong>Atque</strong></span> <span class='ocrx_word' id='word_1_642' title='bbox 2396 3953 2590 4007; x_wconf 91' lang='lat' dir='ltr'><strong>iterum</strong></span> <span class='ocrx_word' id='word_1_643' title='bbox 2618 3953 2756 4006; x_wconf 80' lang='lat' dir='ltr'><strong>dixit</strong></span> <span class='ocrx_word' id='word_1_644' title='bbox 2786 3951 2926 4006; x_wconf 82' lang='lat' dir='ltr'><strong>Deus</strong></span> <span class='ocrx_word' id='word_1_645' title='bbox 2953 3953 3006 4001; x_wconf 72' lang='grc' dir='ltr'><em>’τ</em></span> <span class='ocrx_word' id='word_1_646' title='bbox 3049 3969 3069 4002; x_wconf 77' lang='grc' dir='ltr'>σ</span> <span class='ocrx_word' id='word_1_647' title='bbox 3103 3951 3354 4019; x_wconf 85' lang='lat' dir='ltr'><strong>Nunquid</strong></span> <span class='ocrx_word' id='word_1_648' title='bbox 3389 3952 3509 4006; x_wconf 62' lang='lat' dir='ltr'><strong>abrr</strong></span> 
     </span>
    </p>
   </div>
   <div class='ocr_carea' id='block_1_85' title="bbox 1939 4043 3506 4114">
    <p class='ocr_par' dir='ltr' id='par_1_85' title="bbox 1939 4043 3506 4114">
     <span class='ocr_line' id='line_1_85' title="bbox 1939 4043 3506 4114; baseline 0.001 -18"><span class='ocrx_word' id='word_1_649' title='bbox 1939 4045 2168 4098; x_wconf 90' lang='lat' dir='ltr'><strong>condam</strong></span> <span class='ocrx_word' id='word_1_650' title='bbox 2209 4059 2309 4113; x_wconf 87' lang='lat' dir='ltr'><strong>ego</strong></span> <span class='ocrx_word' id='word_1_651' title='bbox 2359 4044 2428 4097; x_wconf 90' lang='lat' dir='ltr'><strong>ab</strong></span> <span class='ocrx_word' id='word_1_652' title='bbox 2467 4043 2778 4097; x_wconf 81' lang='lat' dir='ltr'><strong>Abraliamo</strong></span> <span class='ocrx_word' id='word_1_653' title='bbox 2809 4059 2968 4098; x_wconf 87' lang='lat' dir='ltr'><strong>servo</strong></span> <span class='ocrx_word' id='word_1_654' title='bbox 3036 4059 3176 4104; x_wconf 85' lang='lat' dir='ltr'><strong>meo.</strong></span> <span class='ocrx_word' id='word_1_655' title='bbox 3236 4058 3356 4112; x_wconf 71' lang='lat' dir='ltr'><strong>quae</strong></span> <span class='ocrx_word' id='word_1_656' title='bbox 3403 4056 3506 4114; x_wconf 80' lang='lat' dir='ltr'><strong>ego</strong></span> 
     </span>
    </p>
   </div>
   <div class='ocr_carea' id='block_1_86' title="bbox 1939 4135 3508 4207">
    <p class='ocr_par' dir='ltr' id='par_1_86' title="bbox 1939 4135 3508 4207">
     <span class='ocr_line' id='line_1_86' title="bbox 1939 4135 3508 4207; baseline 0.002 -19"><span class='ocrx_word' id='word_1_657' title='bbox 1939 4136 2114 4191; x_wconf 81' lang='lat' dir='ltr'><strong>facio?</strong></span> <span class='ocrx_word' id='word_1_658' title='bbox 2153 4136 2424 4191; x_wconf 87' lang='lat' dir='ltr'><strong>Abraham</strong></span> <span class='ocrx_word' id='word_1_659' title='bbox 2457 4144 2637 4190; x_wconf 90' lang='lat' dir='ltr'><strong>autem</strong></span> <span class='ocrx_word' id='word_1_660' title='bbox 2697 4135 2785 4190; x_wconf 84' lang='lat' dir='ltr'><strong>ﬁet</strong></span> <span class='ocrx_word' id='word_1_661' title='bbox 2813 4137 2864 4190; x_wconf 91' lang='lat' dir='ltr'><strong>in</strong></span> <span class='ocrx_word' id='word_1_662' title='bbox 2897 4145 3110 4207; x_wconf 81' lang='lat' dir='ltr'><strong>gentem</strong></span> <span class='ocrx_word' id='word_1_663' title='bbox 3160 4150 3409 4205; x_wconf 90' lang='lat' dir='ltr'><strong>magnam</strong></span> <span class='ocrx_word' id='word_1_664' title='bbox 3453 4145 3508 4192; x_wconf 89' lang='lat' dir='ltr'><strong>et</strong></span> 
     </span>
    </p>
   </div>
   <div class='ocr_carea' id='block_1_87' title="bbox 1939 4228 3500 4296">
    <p class='ocr_par' dir='ltr' id='par_1_87' title="bbox 1939 4228 3500 4296">
     <span class='ocr_line' id='line_1_87' title="bbox 1939 4228 3500 4296; baseline -0.004 -13"><span class='ocrx_word' id='word_1_665' title='bbox 1939 4232 2182 4284; x_wconf 87' lang='lat' dir='ltr'><strong>multam.</strong></span> <span class='ocrx_word' id='word_1_666' title='bbox 2212 4229 2276 4284; x_wconf 86' lang='lat' dir='ltr'><strong>Et</strong></span> <span class='ocrx_word' id='word_1_667' title='bbox 2300 4228 2687 4285; x_wconf 85' lang='lat' dir='ltr'><strong>benedicentur</strong></span> <span class='ocrx_word' id='word_1_668' title='bbox 2713 4228 2843 4282; x_wconf 92' lang='lat' dir='ltr'><strong>ineo</strong></span> <span class='ocrx_word' id='word_1_669' title='bbox 2866 4242 3054 4281; x_wconf 84' lang='lat' dir='ltr'><strong>omnes</strong></span> <span class='ocrx_word' id='word_1_670' title='bbox 3081 4235 3268 4296; x_wconf 83' lang='lat' dir='ltr'><strong>gentes</strong></span> <span class='ocrx_word' id='word_1_671' title='bbox 3290 4233 3464 4279; x_wconf 72' lang='lat' dir='ltr'><strong>terrm.</strong></span> <span class='ocrx_word' id='word_1_672' title='bbox 3481 4244 3500 4277; x_wconf 70' lang='grc' dir='ltr'><strong>ι</strong></span> 
     </span>
    </p>
   </div>
   <div class='ocr_carea' id='block_1_88' title="bbox 1937 4317 3506 4389">
    <p class='ocr_par' dir='ltr' id='par_1_88' title="bbox 1937 4317 3506 4389">
     <span class='ocr_line' id='line_1_88' title="bbox 1937 4317 3506 4389; baseline -0.003 -13"><span class='ocrx_word' id='word_1_673' title='bbox 1937 4323 2220 4389; x_wconf 88' lang='lat' dir='ltr'><strong>Quomodo</strong></span> <span class='ocrx_word' id='word_1_674' title='bbox 2246 4330 2424 4375; x_wconf 90' lang='lat' dir='ltr'><strong>autem</strong></span> <span class='ocrx_word' id='word_1_675' title='bbox 2449 4321 2503 4374; x_wconf 90' lang='lat' dir='ltr'><strong>in</strong></span> <span class='ocrx_word' id='word_1_676' title='bbox 2540 4319 2849 4374; x_wconf 80' lang='lat' dir='ltr'><strong>Abrahamo</strong></span> <span class='ocrx_word' id='word_1_677' title='bbox 2899 4317 3283 4374; x_wconf 72' lang='lat' dir='ltr'><strong>benedicendae</strong></span> <span class='ocrx_word' id='word_1_678' title='bbox 3320 4326 3506 4373; x_wconf 87' lang='lat' dir='ltr'><strong>essent</strong></span> 
     </span>
    </p>
   </div>
   <div class='ocr_carea' id='block_1_89' title="bbox 1935 4408 3502 4481">
    <p class='ocr_par' dir='ltr' id='par_1_89' title="bbox 1935 4408 3502 4481">
     <span class='ocr_line' id='line_1_89' title="bbox 1935 4408 3502 4481; baseline -0.002 -16"><span class='ocrx_word' id='word_1_679' title='bbox 1935 4427 2124 4466; x_wconf 89' lang='lat' dir='ltr'><strong>omnes</strong></span> <span class='ocrx_word' id='word_1_680' title='bbox 2153 4419 2341 4481; x_wconf 86' lang='lat' dir='ltr'><strong>gentes</strong></span> <span class='ocrx_word' id='word_1_681' title='bbox 2377 4417 2433 4464; x_wconf 89' lang='lat' dir='ltr'><strong>et</strong></span> <span class='ocrx_word' id='word_1_682' title='bbox 2489 4425 2678 4464; x_wconf 85' lang='lat' dir='ltr'><strong>omnes</strong></span> <span class='ocrx_word' id='word_1_683' title='bbox 2707 4410 2884 4464; x_wconf 85' lang='lat' dir='ltr'><strong>tribus</strong></span> <span class='ocrx_word' id='word_1_684' title='bbox 2944 4418 3120 4471; x_wconf 75' lang='lat' dir='ltr'><strong>teme,</strong></span> <span class='ocrx_word' id='word_1_685' title='bbox 3185 4410 3230 4464; x_wconf 90' lang='lat' dir='ltr'><strong>si</strong></span> <span class='ocrx_word' id='word_1_686' title='bbox 3283 4408 3502 4478; x_wconf 91' lang='lat' dir='ltr'><strong>quidem</strong></span> 
     </span>
    </p>
   </div>
   <div class='ocr_carea' id='block_1_90' title="bbox 266 4497 1843 4573">
    <p class='ocr_par' dir='ltr' id='par_1_90' title="bbox 266 4497 1834 4573">
     <span class='ocr_line' id='line_1_90' title="bbox 266 4497 1834 4573; baseline 0.005 -26"><span class='ocrx_word' id='word_1_687' title='bbox 266 4497 427 4550; x_wconf 79' lang='grc' dir='ltr'>πᾶσαι</span> <span class='ocrx_word' id='word_1_688' title='bbox 464 4499 526 4551; x_wconf 88' lang='grc' dir='ltr'>αἱ</span> <span class='ocrx_word' id='word_1_689' title='bbox 569 4497 732 4566; x_wconf 80' lang='grc' dir='ltr'>φυλαὶ</span> <span class='ocrx_word' id='word_1_690' title='bbox 763 4499 863 4570; x_wconf 83' lang='grc' dir='ltr'>τῆς</span> <span class='ocrx_word' id='word_1_691' title='bbox 904 4501 1038 4571; x_wconf 81' lang='grc' dir='ltr'>γῆς.</span> <span class='ocrx_word' id='word_1_692' title='bbox 1075 4503 1124 4554; x_wconf 87' lang='grc' dir='ltr'>εί</span> <span class='ocrx_word' id='word_1_693' title='bbox 1166 4501 1333 4572; x_wconf 81' lang='grc' dir='ltr'>μηδέν</span> <span class='ocrx_word' id='word_1_694' title='bbox 1376 4518 1429 4553; x_wconf 86' lang='grc' dir='ltr'><strong>τι</strong></span> <span class='ocrx_word' id='word_1_695' title='bbox 1469 4503 1834 4573; x_wconf 77' lang='grc' dir='ltr'>προσήκοντες</span> 
     </span>
    </p>
   </div>
   <div class='ocr_carea' id='block_1_91' title="bbox 1945 4497 3504 4573">
    <p class='ocr_par' dir='ltr' id='par_1_91' title="bbox 1945 4499 3504 4570">
     <span class='ocr_line' id='line_1_91' title="bbox 1945 4499 3504 4570; baseline -0.004 -14"><span class='ocrx_word' id='word_1_696' title='bbox 1945 4503 2083 4556; x_wconf 78' lang='lat' dir='ltr'><strong>nulla</strong></span> <span class='ocrx_word' id='word_1_697' title='bbox 2117 4501 2327 4556; x_wconf 85' lang='lat' dir='ltr'><strong>ratione</strong></span> <span class='ocrx_word' id='word_1_698' title='bbox 2349 4517 2472 4556; x_wconf 90' lang='lat' dir='ltr'><strong>eum</strong></span> <span class='ocrx_word' id='word_1_699' title='bbox 2514 4501 2892 4570; x_wconf 88' lang='lat' dir='ltr'><strong>contingerent</strong></span> <span class='ocrx_word' id='word_1_700' title='bbox 2919 4539 2936 4559; x_wconf 86' lang='lat'><strong>.</strong></span> <span class='ocrx_word' id='word_1_701' title='bbox 2981 4515 3156 4567; x_wconf 87' lang='lat' dir='ltr'><strong>neque</strong></span> <span class='ocrx_word' id='word_1_702' title='bbox 3215 4499 3378 4552; x_wconf 88' lang='lat' dir='ltr'><strong>animi</strong></span> <span class='ocrx_word' id='word_1_703' title='bbox 3415 4513 3504 4550; x_wconf 87' lang='lat' dir='ltr'><strong>ra-</strong></span> 
     </span>
    </p>
   </div>
   <div class='ocr_carea' id='block_1_92' title="bbox 264 4587 1833 4665">
    <p class='ocr_par' dir='ltr' id='par_1_92' title="bbox 264 4587 1833 4665">
     <span class='ocr_line' id='line_1_92' title="bbox 264 4587 1833 4665; baseline 0.007 -27"><span class='ocrx_word' id='word_1_704' title='bbox 264 4587 500 4660; x_wconf 81' lang='grc' dir='ltr'>ὐπῆρχον</span> <span class='ocrx_word' id='word_1_705' title='bbox 525 4589 695 4662; x_wconf 80' lang='grc' dir='ltr'>αὐτῷ,</span> <span class='ocrx_word' id='word_1_706' title='bbox 735 4593 872 4662; x_wconf 85' lang='grc' dir='ltr'>μήτε</span> <span class='ocrx_word' id='word_1_707' title='bbox 901 4593 1042 4648; x_wconf 85' lang='grc' dir='ltr'><strong>κατά</strong></span> <span class='ocrx_word' id='word_1_708' title='bbox 1071 4592 1251 4664; x_wconf 79' lang='grc' dir='ltr'>ψυχῆς</span> <span class='ocrx_word' id='word_1_709' title='bbox 1280 4594 1499 4664; x_wconf 84' lang='grc' dir='ltr'>τρόπον,</span> <span class='ocrx_word' id='word_1_710' title='bbox 1532 4596 1666 4665; x_wconf 83' lang='grc' dir='ltr'>μήτε</span> <span class='ocrx_word' id='word_1_711' title='bbox 1694 4596 1833 4649; x_wconf 89' lang='grc' dir='ltr'>κατὰ</span> 
     </span>
    </p>
   </div>
   <div class='ocr_carea' id='block_1_93' title="bbox 263 4677 1832 4759">
    <p class='ocr_par' dir='ltr' id='par_1_93' title="bbox 263 4677 1832 4759">
     <span class='ocr_line' id='line_1_93' title="bbox 263 4677 1832 4759; baseline 0.008 -29"><span class='ocrx_word' id='word_1_712' title='bbox 263 4677 509 4750; x_wconf 81' lang='grc' dir='ltr'>σώματος</span> <span class='ocrx_word' id='word_1_713' title='bbox 537 4682 894 4750; x_wconf 85' lang='grc' dir='ltr'>συγγένειαν;</span> <span class='ocrx_word' id='word_1_714' title='bbox 932 4685 1043 4754; x_wconf 79' lang='grc' dir='ltr'><strong>Τῆς</strong></span> <span class='ocrx_word' id='word_1_715' title='bbox 1075 4701 1135 4737; x_wconf 87' lang='grc' dir='ltr'><strong>τε</strong></span> <span class='ocrx_word' id='word_1_716' title='bbox 1167 4683 1276 4757; x_wconf 79' lang='grc' dir='ltr'><strong>γὰρ</strong></span> <span class='ocrx_word' id='word_1_717' title='bbox 1313 4685 1454 4738; x_wconf 85' lang='grc' dir='ltr'>κατὰ</span> <span class='ocrx_word' id='word_1_718' title='bbox 1489 4686 1668 4759; x_wconf 87' lang='grc' dir='ltr'>σάρκα</span> <span class='ocrx_word' id='word_1_719' title='bbox 1701 4705 1832 4756; x_wconf 90' lang='grc' dir='ltr'>συγ-</span> 
     </span>
    </p>
   </div>
   <div class='ocr_carea' id='block_1_94' title="bbox 261 4769 1832 4848">
    <p class='ocr_par' dir='ltr' id='par_1_94' title="bbox 261 4769 1832 4848">
     <span class='ocr_line' id='line_1_94' title="bbox 261 4769 1832 4848; baseline 0.004 -23"><span class='ocrx_word' id='word_1_720' title='bbox 261 4773 468 4840; x_wconf 85' lang='grc' dir='ltr'>γενείας</span> <span class='ocrx_word' id='word_1_721' title='bbox 494 4773 581 4836; x_wconf 87' lang='grc' dir='ltr'><strong>τίς</strong></span> <span class='ocrx_word' id='word_1_722' title='bbox 608 4769 676 4845; x_wconf 80' lang='grc' dir='ltr'>ἦν</span> <span class='ocrx_word' id='word_1_723' title='bbox 702 4775 837 4847; x_wconf 77' lang='grc' dir='ltr'>πρὸς</span> <span class='ocrx_word' id='word_1_724' title='bbox 865 4776 957 4829; x_wconf 76' lang='grc' dir='ltr'><strong>τὸν</strong></span> <span class='ocrx_word' id='word_1_725' title='bbox 994 4775 1242 4848; x_wconf 86' lang='grc' dir='ltr'>Ἀϐραὰμ</span> <span class='ocrx_word' id='word_1_726' title='bbox 1263 4776 1567 4844; x_wconf 75' lang='grc' dir='ltr'>συγγένεια.</span> <span class='ocrx_word' id='word_1_727' title='bbox 1599 4778 1832 4842; x_wconf 78' lang='grc' dir='ltr'>Σκύθαις</span> 
     </span>
    </p>
   </div>
   <div class='ocr_carea' id='block_1_95' title="bbox 263 4865 1827 4942">
    <p class='ocr_par' dir='ltr' id='par_1_95' title="bbox 263 4865 1827 4942">
     <span class='ocr_line' id='line_1_95' title="bbox 263 4865 1827 4942; baseline 0.017 -11"><span class='ocrx_word' id='word_1_728' title='bbox 263 4865 388 4942; x_wconf 61' lang='grc' dir='ltr'>φέρε</span> <span class='ocrx_word' id='word_1_729' title='bbox 420 4867 618 4929; x_wconf 79' lang='grc' dir='ltr'>είπεῖν,</span> <span class='ocrx_word' id='word_1_730' title='bbox 653 4867 687 4937; x_wconf 76' lang='grc' dir='ltr'><strong>ἢ</strong></span> <span class='ocrx_word' id='word_1_731' title='bbox 730 4867 1136 4936; x_wconf 75' lang='grc' dir='ltr'>Αἰγυπτίοιςνῆ</span> <span class='ocrx_word' id='word_1_732' title='bbox 1181 4866 1445 4936; x_wconf 54' lang='grc' dir='ltr'>Αἰθίοψιν,</span> <span class='ocrx_word' id='word_1_733' title='bbox 1487 4869 1520 4939; x_wconf 81' lang='grc' dir='ltr'><strong>ἢ</strong></span> <span class='ocrx_word' id='word_1_734' title='bbox 1559 4869 1827 4940; x_wconf 62' lang='grc' dir='ltr'><strong>Ἰνδοῖςνῆ</strong></span> 
     </span>
    </p>
   </div>
   <div class='ocr_carea' id='block_1_96' title="bbox 263 4953 1832 5030">
    <p class='ocr_par' dir='ltr' id='par_1_96' title="bbox 263 4953 1832 5030">
     <span class='ocr_line' id='line_1_96' title="bbox 263 4953 1832 5030; baseline 0.005 -24"><span class='ocrx_word' id='word_1_735' title='bbox 263 4953 652 5027; x_wconf 80' lang='grc' dir='ltr'>Βρεττανοῖς,ἥ</span> <span class='ocrx_word' id='word_1_736' title='bbox 687 4956 1032 5029; x_wconf 80' lang='grc' dir='ltr'>Ἰσπανοτςςῆ</span> <span class='ocrx_word' id='word_1_737' title='bbox 1056 4957 1172 5022; x_wconf 81' lang='grc' dir='ltr'><strong>πῶς</strong></span> <span class='ocrx_word' id='word_1_738' title='bbox 1195 4957 1264 5012; x_wconf 85' lang='grc' dir='ltr'><strong>ἂν</strong></span> <span class='ocrx_word' id='word_1_739' title='bbox 1285 4958 1458 5012; x_wconf 81' lang='grc' dir='ltr'>ταῦτα</span> <span class='ocrx_word' id='word_1_740' title='bbox 1485 4959 1554 5012; x_wconf 88' lang='grc' dir='ltr'><strong>τὰ</strong></span> <span class='ocrx_word' id='word_1_741' title='bbox 1581 4958 1709 5030; x_wconf 76' lang='grc' dir='ltr'>ἔθνη</span> <span class='ocrx_word' id='word_1_742' title='bbox 1738 4961 1832 5014; x_wconf 74' lang='grc' dir='ltr'><strong>καὶ</strong></span> 
     </span>
    </p>
   </div>
   <div class='ocr_carea' id='block_1_97' title="bbox 262 5046 1829 5120">
    <p class='ocr_par' dir='ltr' id='par_1_97' title="bbox 262 5046 1829 5120">
     <span class='ocr_line' id='line_1_97' title="bbox 262 5046 1829 5120; baseline 0.003 -22"><span class='ocrx_word' id='word_1_743' title='bbox 262 5046 336 5099; x_wconf 73' lang='grc' dir='ltr'>ἔτι</span> <span class='ocrx_word' id='word_1_744' title='bbox 354 5048 420 5101; x_wconf 81' lang='grc' dir='ltr'><strong>τὰ</strong></span> <span class='ocrx_word' id='word_1_745' title='bbox 433 5047 639 5101; x_wconf 82' lang='grc' dir='ltr'>τούτων</span> <span class='ocrx_word' id='word_1_746' title='bbox 663 5049 1022 5118; x_wconf 81' lang='grc' dir='ltr'>ἀπῳκισμένα</span> <span class='ocrx_word' id='word_1_747' title='bbox 1037 5050 1131 5118; x_wconf 86' lang='grc' dir='ltr'>τῆς</span> <span class='ocrx_word' id='word_1_748' title='bbox 1152 5048 1286 5120; x_wconf 79' lang='grc' dir='ltr'>πρὸς</span> <span class='ocrx_word' id='word_1_749' title='bbox 1302 5048 1391 5100; x_wconf 85' lang='grc' dir='ltr'><strong>τὸν</strong></span> <span class='ocrx_word' id='word_1_750' title='bbox 1420 5048 1667 5120; x_wconf 85' lang='grc' dir='ltr'>Ἀϐραὰμ</span> <span class='ocrx_word' id='word_1_751' title='bbox 1690 5051 1829 5103; x_wconf 80' lang='grc' dir='ltr'>κατὰ</span> 
     </span>
    </p>
   </div>
   <div class='ocr_carea' id='block_1_98' title="bbox 265 5138 1826 5212">
    <p class='ocr_par' dir='ltr' id='par_1_98' title="bbox 265 5138 1826 5212">
     <span class='ocr_line' id='line_1_98' title="bbox 265 5138 1826 5212; baseline 0.003 -23"><span class='ocrx_word' id='word_1_752' title='bbox 265 5138 442 5208; x_wconf 75' lang='grc' dir='ltr'>σάρκα,</span> <span class='ocrx_word' id='word_1_753' title='bbox 479 5139 798 5208; x_wconf 83' lang='grc' dir='ltr'>συγγενείας</span> <span class='ocrx_word' id='word_1_754' title='bbox 853 5139 1010 5211; x_wconf 77' lang='grc' dir='ltr'>χάριν</span> <span class='ocrx_word' id='word_1_755' title='bbox 1059 5140 1282 5211; x_wconf 76' lang='grc' dir='ltr'>ἔμελλον</span> <span class='ocrx_word' id='word_1_756' title='bbox 1333 5139 1826 5212; x_wconf 81' lang='grc' dir='ltr'>εὐλογηθήσεσθαι;</span> 
     </span>
    </p>
   </div>
   <div class='ocr_carea' id='block_1_99' title="bbox 275 5229 1830 5302">
    <p class='ocr_par' dir='ltr' id='par_1_99' title="bbox 275 5229 1830 5302">
     <span class='ocr_line' id='line_1_99' title="bbox 275 5229 1830 5302; baseline 0.003 -20"><span class='ocrx_word' id='word_1_757' title='bbox 275 5230 403 5284; x_wconf 82' lang='grc' dir='ltr'>Ἀλλ’</span> <span class='ocrx_word' id='word_1_758' title='bbox 435 5231 558 5285; x_wconf 78' lang='grc' dir='ltr'>οὐδὲ</span> <span class='ocrx_word' id='word_1_759' title='bbox 590 5232 690 5302; x_wconf 79' lang='grc' dir='ltr'>τῆς</span> <span class='ocrx_word' id='word_1_760' title='bbox 724 5230 864 5284; x_wconf 85' lang='grc' dir='ltr'>κατὰ</span> <span class='ocrx_word' id='word_1_761' title='bbox 889 5230 1066 5301; x_wconf 73' lang='grc' dir='ltr'>ψυχὴν</span> <span class='ocrx_word' id='word_1_762' title='bbox 1103 5231 1347 5298; x_wconf 88' lang='grc' dir='ltr'>εὐλογίας</span> <span class='ocrx_word' id='word_1_763' title='bbox 1371 5233 1516 5295; x_wconf 82' lang='grc' dir='ltr'>εἰκὸς</span> <span class='ocrx_word' id='word_1_764' title='bbox 1543 5229 1610 5302; x_wconf 80' lang='grc' dir='ltr'>ἦν</span> <span class='ocrx_word' id='word_1_765' title='bbox 1643 5250 1830 5286; x_wconf 90' lang='grc' dir='ltr'>κοινω-</span> 
     </span>
    </p>
   </div>
   <div class='ocr_carea' id='block_1_100' title="bbox 265 5322 1827 5394">
    <p class='ocr_par' dir='ltr' id='par_1_100' title="bbox 265 5322 1827 5394">
     <span class='ocr_line' id='line_1_100' title="bbox 265 5322 1827 5394; baseline 0.003 -22"><span class='ocrx_word' id='word_1_766' title='bbox 265 5323 437 5390; x_wconf 80' lang='grc' dir='ltr'>νήσειν</span> <span class='ocrx_word' id='word_1_767' title='bbox 483 5322 561 5394; x_wconf 79' lang='grc' dir='ltr'>τῷ</span> <span class='ocrx_word' id='word_1_768' title='bbox 604 5322 854 5394; x_wconf 87' lang='grc' dir='ltr'>Ἀϐραὰμ</span> <span class='ocrx_word' id='word_1_769' title='bbox 887 5322 1064 5376; x_wconf 76' lang='grc' dir='ltr'>πάντα</span> <span class='ocrx_word' id='word_1_770' title='bbox 1101 5323 1169 5375; x_wconf 75' lang='grc' dir='ltr'><strong>τὰ</strong></span> <span class='ocrx_word' id='word_1_771' title='bbox 1210 5323 1356 5393; x_wconf 81' lang='grc' dir='ltr'>ἔθνη.</span> <span class='ocrx_word' id='word_1_772' title='bbox 1399 5323 1523 5387; x_wconf 78' lang='grc' dir='ltr'><strong>Πῶς</strong></span> <span class='ocrx_word' id='word_1_773' title='bbox 1556 5324 1696 5394; x_wconf 73' lang='grc' dir='ltr'>γάρξ</span> <span class='ocrx_word' id='word_1_774' title='bbox 1740 5324 1827 5378; x_wconf 83' lang='grc' dir='ltr'><strong>ὅτε</strong></span> 
     </span>
    </p>
   </div>
   <div class='ocr_carea' id='block_1_101' title="bbox 264 5412 1828 5489">
    <p class='ocr_par' dir='ltr' id='par_1_101' title="bbox 264 5412 1828 5489">
     <span class='ocr_line' id='line_1_101' title="bbox 264 5412 1828 5489; baseline 0.004 -25"><span class='ocrx_word' id='word_1_775' title='bbox 264 5412 326 5464; x_wconf 80' lang='grc' dir='ltr'><strong>τὰ</strong></span> <span class='ocrx_word' id='word_1_776' title='bbox 358 5415 454 5484; x_wconf 76' lang='grc' dir='ltr'>μὲν</span> <span class='ocrx_word' id='word_1_777' title='bbox 477 5413 660 5468; x_wconf 80' lang='grc' dir='ltr'>αὐτῶν</span> <span class='ocrx_word' id='word_1_778' title='bbox 684 5413 971 5484; x_wconf 83' lang='grc' dir='ltr'>ὲκθέσμοις</span> <span class='ocrx_word' id='word_1_779' title='bbox 1007 5415 1406 5486; x_wconf 85' lang='grc' dir='ltr'>μητρογαμίαις</span> <span class='ocrx_word' id='word_1_780' title='bbox 1440 5416 1535 5472; x_wconf 78' lang='grc' dir='ltr'><strong>καὶ</strong></span> <span class='ocrx_word' id='word_1_781' title='bbox 1569 5415 1828 5489; x_wconf 85' lang='grc' dir='ltr'>θυγατρο-</span> 
     </span>
    </p>
   </div>
   <div class='ocr_carea' id='block_1_102' title="bbox 267 5505 1827 5581">
    <p class='ocr_par' dir='ltr' id='par_1_102' title="bbox 267 5505 1827 5581">
     <span class='ocr_line' id='line_1_102' title="bbox 267 5505 1827 5581; baseline 0.004 -24"><span class='ocrx_word' id='word_1_782' title='bbox 267 5505 489 5575; x_wconf 74' lang='grc' dir='ltr'>μιξίαις,</span> <span class='ocrx_word' id='word_1_783' title='bbox 543 5507 615 5561; x_wconf 84' lang='grc' dir='ltr'><strong>τὰ</strong></span> <span class='ocrx_word' id='word_1_784' title='bbox 664 5507 708 5559; x_wconf 83' lang='grc' dir='ltr'>δ’</span> <span class='ocrx_word' id='word_1_785' title='bbox 752 5506 1068 5571; x_wconf 84' lang='grc' dir='ltr'>ἀκολάστοις</span> <span class='ocrx_word' id='word_1_786' title='bbox 1120 5507 1353 5576; x_wconf 84' lang='grc' dir='ltr'>ὁμιλίαις</span> <span class='ocrx_word' id='word_1_787' title='bbox 1403 5508 1645 5581; x_wconf 73' lang='grc' dir='ltr'>ἀρρένων</span> <span class='ocrx_word' id='word_1_788' title='bbox 1692 5510 1827 5580; x_wconf 82' lang='grc' dir='ltr'>πρὸς</span> 
     </span>
    </p>
   </div>
   <div class='ocr_carea' id='block_1_103' title="bbox 260 5597 1826 5672">
    <p class='ocr_par' dir='ltr' id='par_1_103' title="bbox 260 5597 1826 5672">
     <span class='ocr_line' id='line_1_103' title="bbox 260 5597 1826 5672; baseline 0.001 -20"><span class='ocrx_word' id='word_1_789' title='bbox 260 5598 484 5672; x_wconf 64' lang='grc' dir='ltr'>ἄρρενας</span> <span class='ocrx_word' id='word_1_790' title='bbox 514 5598 843 5671; x_wconf 80' lang='grc' dir='ltr'>ἁνεφύρετο,</span> <span class='ocrx_word' id='word_1_791' title='bbox 877 5598 944 5651; x_wconf 84' lang='grc' dir='ltr'><strong>τὰ</strong></span> <span class='ocrx_word' id='word_1_792' title='bbox 981 5598 1038 5652; x_wconf 84' lang='grc' dir='ltr'>δὲ</span> <span class='ocrx_word' id='word_1_793' title='bbox 1079 5597 1174 5670; x_wconf 78' lang='grc' dir='ltr'>τὴν</span> <span class='ocrx_word' id='word_1_794' title='bbox 1208 5598 1485 5654; x_wconf 86' lang='grc' dir='ltr'>εὐσέϐειαν</span> <span class='ocrx_word' id='word_1_795' title='bbox 1521 5603 1578 5656; x_wconf 72' lang='grc' dir='ltr'>ἰν</span> <span class='ocrx_word' id='word_1_796' title='bbox 1619 5600 1826 5671; x_wconf 80' lang='grc' dir='ltr'>ἀνθρω-</span> 
     </span>
    </p>
   </div>
   <div class='ocr_carea' id='block_1_104' title="bbox 321 5792 1452 5858">
    <p class='ocr_par' dir='ltr' id='par_1_104' title="bbox 321 5792 1452 5858">
     <span class='ocr_line' id='line_1_104' title="bbox 321 5792 1452 5858; baseline -0.004 -3"><span class='ocrx_word' id='word_1_797' title='bbox 321 5801 337 5830; x_wconf 85' lang='grc'><strong><em>⁸</em></strong></span> <span class='ocrx_word' id='word_1_798' title='bbox 376 5799 513 5854; x_wconf 83' lang='lat' dir='ltr'><strong>Gcn.</strong></span> <span class='ocrx_word' id='word_1_799' title='bbox 571 5812 673 5853; x_wconf 80' lang='lat' dir='ltr'><strong>xu.</strong></span> <span class='ocrx_word' id='word_1_800' title='bbox 721 5792 828 5847; x_wconf 68' lang='lat'><strong>1—3.</strong></span> <span class='ocrx_word' id='word_1_801' title='bbox 939 5793 959 5826; x_wconf 83' lang='lat'><strong>’</strong></span> <span class='ocrx_word' id='word_1_802' title='bbox 999 5793 1131 5848; x_wconf 85' lang='lat' dir='ltr'><strong>Gen.</strong></span> <span class='ocrx_word' id='word_1_803' title='bbox 1174 5810 1329 5858; x_wconf 81' lang='lat' dir='ltr'><strong>xvm,</strong></span> <span class='ocrx_word' id='word_1_804' title='bbox 1367 5796 1452 5852; x_wconf 78' lang='grc' dir='ltr'><strong>Π.</strong></span> 
     </span>
    </p>
   </div>
   <div class='ocr_carea' id='block_1_105' title="bbox 1936 4587 3500 4667">
    <p class='ocr_par' dir='ltr' id='par_1_105' title="bbox 1936 4587 3500 4667">
     <span class='ocr_line' id='line_1_105' title="bbox 1936 4587 3500 4667; baseline -0.003 -21"><span class='ocrx_word' id='word_1_805' title='bbox 1936 4593 2103 4656; x_wconf 90' lang='lat' dir='ltr'><strong>tione,</strong></span> <span class='ocrx_word' id='word_1_806' title='bbox 2136 4608 2311 4662; x_wconf 81' lang='lat' dir='ltr'><strong>neque</strong></span> <span class='ocrx_word' id='word_1_807' title='bbox 2363 4594 2687 4667; x_wconf 84' lang='lat' dir='ltr'><strong>cognatione</strong></span> <span class='ocrx_word' id='word_1_808' title='bbox 2744 4592 3030 4661; x_wconf 88' lang='lat' dir='ltr'><strong>corporis?</strong></span> <span class='ocrx_word' id='word_1_809' title='bbox 3063 4589 3196 4643; x_wconf 89' lang='lat' dir='ltr'><strong>Nam</strong></span> <span class='ocrx_word' id='word_1_810' title='bbox 3239 4589 3385 4658; x_wconf 90' lang='lat' dir='ltr'><strong>quod</strong></span> <span class='ocrx_word' id='word_1_811' title='bbox 3433 4587 3500 4642; x_wconf 91' lang='lat' dir='ltr'><strong>ad</strong></span> 
     </span>
    </p>
   </div>
   <div class='ocr_carea' id='block_1_106' title="bbox 1933 4683 3496 4754">
    <p class='ocr_par' dir='ltr' id='par_1_106' title="bbox 1933 4683 3496 4754">
     <span class='ocr_line' id='line_1_106' title="bbox 1933 4683 3496 4754; baseline -0.003 -17"><span class='ocrx_word' id='word_1_812' title='bbox 1933 4683 2178 4754; x_wconf 86' lang='lat' dir='ltr'><strong>corporis</strong></span> <span class='ocrx_word' id='word_1_813' title='bbox 2207 4684 2582 4754; x_wconf 79' lang='lat' dir='ltr'><strong>cognationem</strong></span> <span class='ocrx_word' id='word_1_814' title='bbox 2617 4684 2828 4746; x_wconf 87' lang='lat' dir='ltr'><strong>attinet,</strong></span> <span class='ocrx_word' id='word_1_815' title='bbox 2854 4697 3100 4753; x_wconf 66' lang='lat' dir='ltr'><strong>quianam</strong></span> <span class='ocrx_word' id='word_1_816' title='bbox 3124 4696 3328 4750; x_wconf 70' lang='lat' dir='ltr'><strong>quaeso,</strong></span> <span class='ocrx_word' id='word_1_817' title='bbox 3373 4695 3496 4733; x_wconf 93' lang='lat' dir='ltr'><strong>cum</strong></span> 
     </span>
    </p>
   </div>
   <div class='ocr_carea' id='block_1_107' title="bbox 1932 4764 3498 4841">
    <p class='ocr_par' dir='ltr' id='par_1_107' title="bbox 1932 4764 3498 4841">
     <span class='ocr_line' id='line_1_107' title="bbox 1932 4764 3498 4841; baseline -0.006 -15"><span class='ocrx_word' id='word_1_818' title='bbox 1932 4773 2241 4826; x_wconf 81' lang='lat' dir='ltr'><strong>Abraliamo</strong></span> <span class='ocrx_word' id='word_1_819' title='bbox 2292 4771 2577 4826; x_wconf 86' lang='lat' dir='ltr'><strong>intercedit</strong></span> <span class='ocrx_word' id='word_1_820' title='bbox 2631 4772 3006 4841; x_wconf 88' lang='lat' dir='ltr'><strong>propinquitas</strong></span> <span class='ocrx_word' id='word_1_821' title='bbox 3038 4808 3053 4832; x_wconf 93' lang='lat'><strong>,</strong></span> <span class='ocrx_word' id='word_1_822' title='bbox 3110 4765 3326 4838; x_wconf 82' lang='lat' dir='ltr'><strong>Scythis</strong></span> <span class='ocrx_word' id='word_1_823' title='bbox 3353 4764 3498 4819; x_wconf 78' lang='lat' dir='ltr'><strong>verbi</strong></span> 
     </span>
    </p>
   </div>
   <div class='ocr_carea' id='block_1_108' title="bbox 1933 4864 3501 4938">
    <p class='ocr_par' dir='ltr' id='par_1_108' title="bbox 1933 4864 3501 4938">
     <span class='ocr_line' id='line_1_108' title="bbox 1933 4864 3501 4938; baseline -0.003 -17"><span class='ocrx_word' id='word_1_824' title='bbox 1933 4869 2108 4938; x_wconf 86' lang='lat' dir='ltr'><strong>gratia</strong></span> <span class='ocrx_word' id='word_1_825' title='bbox 2139 4868 2219 4921; x_wconf 89' lang='lat' dir='ltr'><strong>vel</strong></span> <span class='ocrx_word' id='word_1_826' title='bbox 2244 4865 2534 4938; x_wconf 66' lang='lat' dir='ltr'><strong>Egyptiis,</strong></span> <span class='ocrx_word' id='word_1_827' title='bbox 2573 4877 2663 4920; x_wconf 84' lang='lat' dir='ltr'><strong>aut</strong></span> <span class='ocrx_word' id='word_1_828' title='bbox 2688 4865 3060 4935; x_wconf 64' lang='lat' dir='ltr'><strong>Etliiopibus,</strong></span> <span class='ocrx_word' id='word_1_829' title='bbox 3094 4865 3260 4928; x_wconf 86' lang='lat' dir='ltr'><strong>Indis,</strong></span> <span class='ocrx_word' id='word_1_830' title='bbox 3287 4864 3501 4917; x_wconf 69' lang='lat' dir='ltr'><strong>Britan-</strong></span> 
     </span>
    </p>
   </div>
   <div class='ocr_carea' id='block_1_109' title="bbox 1931 4951 3499 5027">
    <p class='ocr_par' dir='ltr' id='par_1_109' title="bbox 1931 4951 3499 5027">
     <span class='ocr_line' id='line_1_109' title="bbox 1931 4951 3499 5027; baseline -0.006 -15"><span class='ocrx_word' id='word_1_831' title='bbox 1931 4960 2018 5012; x_wconf 90' lang='lat' dir='ltr'><strong>nis</strong></span> <span class='ocrx_word' id='word_1_832' title='bbox 2048 4959 2129 5012; x_wconf 86' lang='lat' dir='ltr'><strong>vel</strong></span> <span class='ocrx_word' id='word_1_833' title='bbox 2165 4957 2453 5027; x_wconf 89' lang='lat' dir='ltr'><strong>llispanis?</strong></span> <span class='ocrx_word' id='word_1_834' title='bbox 2504 4966 2598 5010; x_wconf 86' lang='lat' dir='ltr'><strong>aut</strong></span> <span class='ocrx_word' id='word_1_835' title='bbox 2643 4959 2918 5026; x_wconf 86' lang='lat' dir='ltr'><strong>quomodo</strong></span> <span class='ocrx_word' id='word_1_836' title='bbox 2948 4956 3029 5009; x_wconf 66' lang='lat' dir='ltr'><strong>liae</strong></span> <span class='ocrx_word' id='word_1_837' title='bbox 3055 4962 3243 5024; x_wconf 87' lang='lat' dir='ltr'><strong>gentes</strong></span> <span class='ocrx_word' id='word_1_838' title='bbox 3293 4951 3376 5006; x_wconf 83' lang='lat' dir='ltr'><strong>vel</strong></span> <span class='ocrx_word' id='word_1_839' title='bbox 3431 4951 3499 5004; x_wconf 85' lang='lat' dir='ltr'><strong>ab</strong></span> 
     </span>
    </p>
   </div>
   <div class='ocr_carea' id='block_1_110' title="bbox 1931 5047 3498 5114">
    <p class='ocr_par' dir='ltr' id='par_1_110' title="bbox 1931 5047 3498 5114">
     <span class='ocr_line' id='line_1_110' title="bbox 1931 5047 3498 5114; baseline -0.007 -9"><span class='ocrx_word' id='word_1_840' title='bbox 1931 5051 2017 5105; x_wconf 88' lang='lat' dir='ltr'><strong>his</strong></span> <span class='ocrx_word' id='word_1_841' title='bbox 2046 5051 2207 5104; x_wconf 89' lang='lat' dir='ltr'><strong>etiam</strong></span> <span class='ocrx_word' id='word_1_842' title='bbox 2231 5051 2572 5114; x_wconf 84' lang='lat' dir='ltr'><strong>remotiores,</strong></span> <span class='ocrx_word' id='word_1_843' title='bbox 2625 5047 3004 5102; x_wconf 80' lang='lat' dir='ltr'><strong>bene-dicenda:</strong></span> <span class='ocrx_word' id='word_1_844' title='bbox 3034 5047 3253 5100; x_wconf 79' lang='lat' dir='ltr'><strong>fuerunt</strong></span> <span class='ocrx_word' id='word_1_845' title='bbox 3278 5049 3498 5112; x_wconf 88' lang='lat' dir='ltr'><strong>propter</strong></span> 
     </span>
    </p>
   </div>
   <div class='ocr_carea' id='block_1_111' title="bbox 1929 5132 3497 5209">
    <p class='ocr_par' dir='ltr' id='par_1_111' title="bbox 1929 5132 3497 5209">
     <span class='ocr_line' id='line_1_111' title="bbox 1929 5132 3497 5209; baseline -0.011 -11"><span class='ocrx_word' id='word_1_846' title='bbox 1929 5142 2305 5209; x_wconf 78' lang='lat' dir='ltr'><strong>cognationem</strong></span> <span class='ocrx_word' id='word_1_847' title='bbox 2330 5154 2452 5193; x_wconf 89' lang='lat' dir='ltr'><strong>cum</strong></span> <span class='ocrx_word' id='word_1_848' title='bbox 2488 5136 2818 5198; x_wconf 83' lang='lat' dir='ltr'><strong>Abrahamo,</strong></span> <span class='ocrx_word' id='word_1_849' title='bbox 2853 5134 2995 5204; x_wconf 85' lang='lat' dir='ltr'><strong>quod</strong></span> <span class='ocrx_word' id='word_1_850' title='bbox 3029 5132 3094 5186; x_wconf 87' lang='lat' dir='ltr'><strong>ad</strong></span> <span class='ocrx_word' id='word_1_851' title='bbox 3116 5147 3333 5186; x_wconf 87' lang='lat' dir='ltr'><strong>carnem</strong></span> <span class='ocrx_word' id='word_1_852' title='bbox 3373 5144 3497 5198; x_wconf 87' lang='lat' dir='ltr'><strong>per-</strong></span> 
     </span>
    </p>
   </div>
   <div class='ocr_carea' id='block_1_112' title="bbox 1931 5223 3491 5298">
    <p class='ocr_par' dir='ltr' id='par_1_112' title="bbox 1931 5223 3491 5298">
     <span class='ocr_line' id='line_1_112' title="bbox 1931 5223 3491 5298; baseline -0.01 -11"><span class='ocrx_word' id='word_1_853' title='bbox 1931 5233 2097 5287; x_wconf 87' lang='lat' dir='ltr'><strong>tinet?</strong></span> <span class='ocrx_word' id='word_1_854' title='bbox 2126 5229 2230 5286; x_wconf 86' lang='lat' dir='ltr'><strong>Sed</strong></span> <span class='ocrx_word' id='word_1_855' title='bbox 2256 5245 2430 5298; x_wconf 81' lang='lat' dir='ltr'><strong>neque</strong></span> <span class='ocrx_word' id='word_1_856' title='bbox 2456 5227 2599 5298; x_wconf 88' lang='lat' dir='ltr'><strong>quod</strong></span> <span class='ocrx_word' id='word_1_857' title='bbox 2639 5225 2705 5280; x_wconf 85' lang='lat' dir='ltr'><strong>ad</strong></span> <span class='ocrx_word' id='word_1_858' title='bbox 2755 5226 3060 5278; x_wconf 85' lang='lat' dir='ltr'><strong>animorum</strong></span> <span class='ocrx_word' id='word_1_859' title='bbox 3090 5223 3491 5292; x_wconf 80' lang='lat' dir='ltr'><strong>cognationem,</strong></span> 
     </span>
    </p>
   </div>
   <div class='ocr_carea' id='block_1_113' title="bbox 1927 5314 3497 5391">
    <p class='ocr_par' dir='ltr' id='par_1_113' title="bbox 1927 5314 3497 5391">
     <span class='ocr_line' id='line_1_113' title="bbox 1927 5314 3497 5391; baseline -0.011 -14"><span class='ocrx_word' id='word_1_860' title='bbox 1927 5331 2046 5377; x_wconf 87' lang='lat' dir='ltr'><strong>erat</strong></span> <span class='ocrx_word' id='word_1_861' title='bbox 2077 5336 2384 5391; x_wconf 78' lang='lat' dir='ltr'><strong>congruens</strong></span> <span class='ocrx_word' id='word_1_862' title='bbox 2413 5327 2600 5389; x_wconf 89' lang='lat' dir='ltr'><strong>gentes</strong></span> <span class='ocrx_word' id='word_1_863' title='bbox 2631 5331 2820 5370; x_wconf 89' lang='lat' dir='ltr'><strong>omnes</strong></span> <span class='ocrx_word' id='word_1_864' title='bbox 2851 5315 2918 5369; x_wconf 87' lang='lat' dir='ltr'><strong>de</strong></span> <span class='ocrx_word' id='word_1_865' title='bbox 2950 5314 3323 5368; x_wconf 85' lang='lat' dir='ltr'><strong>benedictione</strong></span> <span class='ocrx_word' id='word_1_866' title='bbox 3343 5326 3497 5364; x_wconf 85' lang='lat' dir='ltr'><strong>com-</strong></span> 
     </span>
    </p>
   </div>
   <div class='ocr_carea' id='block_1_114' title="bbox 1928 5401 3490 5478">
    <p class='ocr_par' dir='ltr' id='par_1_114' title="bbox 1928 5401 3490 5478">
     <span class='ocr_line' id='line_1_114' title="bbox 1928 5401 3490 5478; baseline -0.01 -10"><span class='ocrx_word' id='word_1_867' title='bbox 1928 5413 2077 5468; x_wconf 87' lang='lat' dir='ltr'><strong>muni</strong></span> <span class='ocrx_word' id='word_1_868' title='bbox 2109 5427 2232 5467; x_wconf 90' lang='lat' dir='ltr'><strong>cum</strong></span> <span class='ocrx_word' id='word_1_869' title='bbox 2281 5411 2589 5465; x_wconf 79' lang='lat' dir='ltr'><strong>Ahrahumo</strong></span> <span class='ocrx_word' id='word_1_870' title='bbox 2617 5406 2965 5478; x_wconf 81' lang='lat' dir='ltr'><strong>participare.</strong></span> <span class='ocrx_word' id='word_1_871' title='bbox 3008 5403 3110 5470; x_wconf 84' lang='lat' dir='ltr'><strong>Qui</strong></span> <span class='ocrx_word' id='word_1_872' title='bbox 3149 5401 3336 5457; x_wconf 79' lang='lat' dir='ltr'><strong>enim?</strong></span> <span class='ocrx_word' id='word_1_873' title='bbox 3367 5414 3490 5454; x_wconf 89' lang='lat' dir='ltr'><strong>cum</strong></span> 
     </span>
    </p>
   </div>
   <div class='ocr_carea' id='block_1_115' title="bbox 1929 5496 3494 5568">
    <p class='ocr_par' dir='ltr' id='par_1_115' title="bbox 1929 5496 3494 5568">
     <span class='ocr_line' id='line_1_115' title="bbox 1929 5496 3494 5568; baseline -0.009 -10"><span class='ocrx_word' id='word_1_874' title='bbox 1929 5505 2048 5559; x_wconf 72' lang='lat' dir='ltr'><strong>alite</strong></span> <span class='ocrx_word' id='word_1_875' title='bbox 2074 5503 2338 5558; x_wconf 74' lang='lat' dir='ltr'><strong>nefandas</strong></span> <span class='ocrx_word' id='word_1_876' title='bbox 2367 5511 2598 5556; x_wconf 86' lang='lat' dir='ltr'><strong>matrum</strong></span> <span class='ocrx_word' id='word_1_877' title='bbox 2630 5497 2850 5568; x_wconf 86' lang='lat' dir='ltr'><strong>nuptias</strong></span> <span class='ocrx_word' id='word_1_878' title='bbox 2877 5497 2960 5551; x_wconf 89' lang='lat' dir='ltr'><strong>vel</strong></span> <span class='ocrx_word' id='word_1_879' title='bbox 3009 5496 3240 5550; x_wconf 83' lang='lat' dir='ltr'><strong>ﬁliarum</strong></span> <span class='ocrx_word' id='word_1_880' title='bbox 3287 5505 3494 5548; x_wconf 85' lang='lat' dir='ltr'><strong>concu-</strong></span> 
     </span>
    </p>
   </div>
   <div class='ocr_carea' id='block_1_116' title="bbox 1925 5587 3489 5668">
    <p class='ocr_par' dir='ltr' id='par_1_116' title="bbox 1925 5587 3489 5668">
     <span class='ocr_line' id='line_1_116' title="bbox 1925 5587 3489 5668; baseline -0.013 -14"><span class='ocrx_word' id='word_1_881' title='bbox 1925 5597 2072 5654; x_wconf 80' lang='lat' dir='ltr'><strong>bitus</strong></span> <span class='ocrx_word' id='word_1_882' title='bbox 2097 5595 2406 5668; x_wconf 81' lang='lat' dir='ltr'><strong>probarent,</strong></span> <span class='ocrx_word' id='word_1_883' title='bbox 2449 5593 2568 5653; x_wconf 71' lang='lat' dir='ltr'><strong>aliaa</strong></span> <span class='ocrx_word' id='word_1_884' title='bbox 2603 5593 2912 5667; x_wconf 91' lang='lat' dir='ltr'><strong>polluerunt</strong></span> <span class='ocrx_word' id='word_1_885' title='bbox 2945 5603 3065 5644; x_wconf 87' lang='lat' dir='ltr'><strong>sese</strong></span> <span class='ocrx_word' id='word_1_886' title='bbox 3111 5587 3316 5642; x_wconf 88' lang='lat' dir='ltr'><strong>incesta</strong></span> <span class='ocrx_word' id='word_1_887' title='bbox 3342 5597 3489 5637; x_wconf 82' lang='lat' dir='ltr'><strong>mare</strong></span> 
     </span>
    </p>
   </div>
  </div>
