3942 6258
442 329 513 385 27
1074 328 1341 385 EUSEBII
1376 332 1857 390 CJESARIENSIS
1894 332 2046 391 OPP.
2085 332 2273 391 PARS
2308 336 2374 391 ll.
2407 367 2480 379 --
2518 335 3027 394 APOLOGETICA.
3615 335 3687 386 28

445 463 567 503 cum
601 448 844 503 maribus
872 446 1101 503 libidine
1136 467 1152 503 :
1185 448 1278 503 alii
1311 450 1520 505 cultum
1551 448 1803 505 Numinis
1831 449 1888 504 in
1910 449 2011 505 bo-

2123 451 2419 517 ποθυσίαις,
2454 454 2548 507 καὶ
2590 452 2743 517 ζώων
2778 452 2985 521 ἀλόγων
3018 448 3315 512 θεοποιίαις
3336 487 3351 509 ,
3386 445 3593 517 ἀψύχου
3628 463 3687 499 τε

444 538 1072 603 minibusimmolandis,
1110 539 1193 594 vel
1242 539 1425 595 divina
1464 539 1815 595 veneratione
1842 540 2017 596 brutis

443 631 816 686 animantibus
844 638 939 684 aut
993 629 1178 695 idolis,
1216 631 1556 685 ex.-inanima
1584 630 1814 686 materia
1847 629 2020 685 fabri-

442 723 583 779 catis
601 722 839 777 exhibita
872 730 1163 793 ponerent,
1186 723 1272 778 vel
1296 723 1350 777 in
1385 722 1677 793 spirituum
1704 723 2020 793 multiplicis

443 817 651 872 erroris
679 823 962 870 auctorum
998 815 1483 885 superstitionibus
1503 816 1840 871 collocarent
1864 832 1876 867 :
1904 815 2024 870 aliae

444 911 599 962 vivos
624 913 916 962 exurerent
942 915 1099 962 aetate
1130 908 1524 979 provectiores,
1565 907 1683 962 aliae
1707 908 1871 963 etiam
1891 907 2025 961 cha-

445 1000 695 1055 rissimos
720 1014 829 1053 non
861 998 1174 1055 dubitarent
1208 998 1445 1055 ﬂammis
1499 999 1739 1064 tradere,
1764 999 1885 1054 alia:
1912 1000 2023 1055 vita

445 1091 804 1162 spoliatorum
840 1091 989 1146 vesci
1021 1092 1281 1146 carnibus
1316 1091 1603 1161 pulchrum
1648 1099 1702 1146 et
1721 1091 1870 1161 pium
1903 1105 2026 1147 esse

446 1185 843 1240 existimarent.
877 1182 1161 1250 Quomodo
1190 1183 1354 1254 igitur
1367 1198 1463 1240 eos
1478 1183 1571 1253 qui
1598 1189 1707 1237 tam
1730 1182 2024 1238 belluinam

445 1276 712 1332 ducerent
735 1274 922 1342 vitam,
964 1284 1391 1331 consentaneum
1452 1282 1571 1330 erat
1626 1274 2024 1330 benedictionis

444 1366 551 1420 viri
581 1365 690 1421 Deo
715 1365 1025 1421 cbarissimi
1058 1364 1174 1419 ﬁeri
1199 1372 1503 1431 consortes,
1531 1366 1640 1420 nisi
1684 1366 1871 1436 utique
1912 1365 2021 1421 bel-

446 1459 598 1514 luina
637 1459 729 1511 illa
751 1458 862 1512 vita
903 1458 1114 1527 abiecta
1162 1464 1217 1512 et
1241 1458 1453 1522 relicta,
1479 1458 1823 1513 consimilem
1855 1457 2025 1515 Abra-

445 1551 610 1604 bamo
635 1548 889 1618 pietatem
913 1547 1210 1617 aliquando
1238 1556 1425 1604 essent
1446 1550 1782 1619 amplexuri?
1811 1548 1947 1603 Nam
1970 1559 2026 1605 et

446 1642 540 1697 ille
573 1641 877 1711 alienigena
903 1649 958 1696 et
992 1642 1206 1696 alienus
1238 1641 1556 1711 perhibetur
1600 1643 1669 1697 ad
1704 1656 1824 1697 eam
1859 1658 2025 1713 quam

446 1730 643 1797 deinde
665 1730 947 1801 professus
963 1742 1047 1787 est
1071 1733 1360 1788 transiisse
1393 1732 1673 1803 pietatem,
1714 1733 2025 1805 avitamque

2122 541 2253 614 ὕλης
2292 544 2546 616 ίδρύμασι
2580 545 2673 598 καὶ
2698 544 3022 615 πνευμάτων
3052 538 3402 595 πολυπλανῶν
3433 538 3692 591 δεισιδαι-

2124 636 2335 706 μονίαις
2380 635 2685 689 ἀνετίθετο·
2730 635 2801 691 τὰ
2851 635 2908 688 δὲ
2963 633 3170 699 ζῶντας
3211 630 3529 685 κατακαίειν
3563 632 3691 695 τοὺς

2119 704 2528 797 γεγηρακόταςο
2572 725 2639 779 τὰ
2680 725 2737 780 δέ
2790 724 2921 796 πυρὶ
2975 724 3101 786 τοὺς
3134 721 3420 790 φιλτάτους
3462 718 3696 789 παραδι-
3777 704 3787 719 ’

2119 816 2303 869 δύναι’
2338 815 2408 870 τὰ
2444 817 2500 870 δὲ
2548 818 2643 871 καὶ
2698 816 2905 887 νεκρῶν
2945 812 3307 883 ἀπογεύεσθαι
3347 810 3510 865 καλὸν
3553 805 3694 864 εἶναι

2121 906 2218 961 καὶ
2258 907 2476 971 εὐσεϐὲς
2524 910 2729 978 ἡγεῖτο.
2779 906 2904 970 Πῶς
2934 902 3026 960 οὖν
3059 906 3182 969 τοὺς
3234 906 3291 958 ἐν
3338 902 3416 974 τῷ
3466 901 3691 972 τοιούτῳ

2123 997 2373 1070 θηριώδει
2407 998 2506 1070 βίῳ
2545 998 2922 1073 προηγμένους
2954 997 3053 1068 τῆς
3079 996 3172 1050 τοῦ
3211 994 3488 1065 θεοφιλοῦς
3524 1010 3692 1065 μετα-

2124 1093 2270 1162 σχεῖν
2299 1086 2407 1145 οἶόν
2437 1109 2496 1144 τε
2531 1087 2598 1162 ἦν
2631 1090 2901 1159 εὐλογίας,
2929 1090 2982 1142 ει
3029 1090 3101 1161 μή
3143 1089 3261 1145 ποτ’
3301 1088 3408 1159 ἄρα
3457 1086 3553 1156 τῆς
3597 1085 3693 1156 θη-

2127 1181 2340 1254 ριωδίας
2378 1181 2802 1253 μεταϐαλόντες,
2843 1179 2937 1232 τοῦ
2984 1177 3165 1250 ὁμοίου
3197 1176 3397 1247 τρόπου
3451 1175 3548 1246 τῆς
3596 1172 3693 1227 τοῦ

2137 1272 2387 1345 Ἀϐραὰμ
2436 1272 2745 1336 θεοσεϐείας
2787 1270 3017 1344 ἦμελλόν
3064 1286 3195 1323 ποτε
3253 1266 3691 1340 μεταλήψεσθαις

2137 1367 2287 1419 Ἐπεὶ
2315 1369 2561 1431 κάκεῖνος
2599 1365 2888 1436 ἀλλοεθνὴς
2926 1382 3010 1428 τις
3049 1362 3124 1417 ὢν
3167 1363 3261 1416 καὶ
3288 1361 3591 1433 ἀλλότριος,
3623 1355 3696 1432 ἦς

2125 1457 2351 1531 ὕστερον
2394 1457 2653 1530 μετῆλθεν
2683 1455 2962 1518 εὐσεϐείας
2998 1454 3212 1523 λέγεται
3259 1450 3693 1525 μετατεθεῖσθαι,

2123 1549 2218 1603 καὶ
2268 1549 2367 1619 τῆς
2424 1547 2693 1620 πατρικῆς
2746 1544 3162 1616 δεισιδαιμονίας
3221 1541 3694 1615 μεταϐεϐλῆσθαι,

2124 1637 2269 1696 οἶκόν
2300 1659 2360 1694 τε
2393 1640 2487 1695 καὶ
2518 1640 2836 1710 συγγένειαν
2856 1678 2871 1703 ,
2914 1639 3011 1691 καὶ
3037 1636 3130 1709 ἔθη
3181 1635 3415 1708 πάτρια,
3466 1634 3583 1705 βίου
3633 1650 3695 1688 τε

2125 1733 2365 1805 ἀγωγὴν,
2398 1735 2455 1786 ἐν
2483 1726 2828 1807 ᾖγεγέννητό
2850 1747 2910 1783 τε
2932 1730 3026 1783 καὶ
3056 1728 3347 1801 τέθραπτο,
3382 1725 3699 1780 καταλελοι-

447 1823 890 1892 superstitionem
948 1823 1283 1889 deseruisse,
1346 1823 1592 1888 domum,
1618 1827 2019 1895 cognationem,

2126 1826 2286 1880 πέναι
2304 1844 2316 1855 ·
2349 1823 2773 1897 ἠκολουθηκέναι
2802 1822 2858 1876 δὲ
2885 1822 3024 1893 Θεῷ,
3046 1820 3123 1892 τῷ
3150 1821 3244 1874 καὶ
3267 1820 3391 1884 τοὺς
3414 1819 3695 1892 χρησμοὺς

445 1931 628 1972 mores
656 1916 867 1985 patrios
894 1923 947 1970 et
971 1916 1113 1983 vitat,
1167 1915 1225 1969 in
1278 1930 1386 1986 qua
1434 1917 1650 1986 genitus
1678 1924 1816 1982 erat,
1854 1917 2025 1973 ratio-

445 2024 573 2064 nem
618 2009 843 2063 missam
874 2007 1106 2076 fecisse;
1159 2008 1268 2064 Deo
1312 2018 1494 2064 autem
1549 2024 1673 2065 esse
1707 2009 2021 2076 obsecutus,

444 2101 540 2171 qui
566 2102 727 2155 etiam
758 2101 979 2155 oracula
1008 2100 1230 2172 scriptis
1253 2100 1467 2171 prodita
1501 2101 1579 2156 illi
1610 2101 1801 2157 edidit.
1834 2102 1894 2158 Si
1922 2102 2026 2173 igi-

445 2200 537 2247 tur
564 2191 740 2249 Moses
793 2192 885 2263 qui
920 2202 1046 2262 post
1093 2192 1466 2249 Abrahamum
1516 2194 1750 2257 exstitit,
1801 2201 1855 2250 et
1881 2210 2027 2255 rem-

444 2285 720 2357 publicam
781 2300 879 2355 per
921 2285 1296 2355 promulgatas
1346 2299 1379 2338 a
1425 2300 1483 2340 se
1524 2284 1672 2355 leges
1711 2283 2024 2341 Iudaeorum

445 2376 594 2446 genti
641 2375 890 2431 condidit
936 2389 1001 2429 ac
1055 2374 1322 2442 fundavit,
1351 2376 1689 2446 ejuscemodi
1719 2377 1866 2449 leges
1896 2394 2024 2434 san-

445 2467 636 2532 xisset,
671 2482 811 2537 quas
835 2468 938 2524 viri
973 2468 1085 2526 Deo
1118 2468 1271 2524 cliari
1308 2477 1435 2524 ante
1463 2485 1589 2525 eum
1623 2476 1775 2525 recte
1812 2469 2023 2541 agendo

445 2558 831 2614 observassent
851 2599 867 2624 ,
910 2568 1106 2633 etquae
1135 2560 1394 2616 omnibus
1424 2561 1676 2631 gentibus
1699 2577 2021 2632 congruere,

446 2657 719 2706 utomnes
748 2653 926 2707 tribus
970 2661 1129 2707 terrae
1176 2660 1231 2708 et
1286 2668 1477 2707 omnes
1499 2660 1690 2723 gentes
1715 2655 2021 2708 secundum

446 2739 615 2795 Mosis
643 2742 1090 2797 constitutionem
1120 2741 1289 2797 Deum
1315 2743 1556 2797 colerent
1582 2760 1596 2796 :
1623 2742 1706 2799 fas
1738 2751 1857 2799 erat
1877 2744 2022 2798 allir-

445 2848 620 2894 mare,
645 2834 787 2903 quod
831 2850 1025 2890 omnes
1072 2852 1140 2890 ex
1189 2836 1447 2892 omnibus
1477 2837 1734 2907 gentibus
1760 2836 1928 2893 Deum
1951 2855 2022 2894 ex

447 2923 564 2995 lege
603 2925 837 2980 Mosaica
867 2926 953 2997 pie
983 2928 1225 2984 colentes
1258 2939 1313 2984 et
1355 2928 1700 2985 Judaismum
1722 2941 2016 3000 sectantes,

444 3013 758 3086 Judmisque
786 3018 1086 3071 secundum
1120 3019 1290 3089 legem
1343 3021 1689 3091 conjunctos,
1721 3023 2019 3080 Abrahami

2126 1919 2273 1991 αὐτῷ
2298 1921 2422 1984 τοὺς
2445 1911 2825 1989 ἀναγράπτους
2845 1914 3113 1969 δεδωκότι,
3136 1914 3196 1966 El
3224 1912 3321 1984 μὲν
3340 1906 3432 1965 οὖν
3456 1910 3694 1979 Μωῡσῆς

2129 2012 2267 2085 μετά
2298 2013 2388 2075 τὸν
2449 2010 2701 2083 Ἀϐραὰμ
2753 2008 3075 2079 γενόμενος,
3110 2006 3206 2059 καὶ
3253 2003 3523 2057 πολιτείαν
3570 2001 3695 2055 τινὰ

2124 2106 2212 2159 διὰ
2244 2106 2343 2177 τῆς
2374 2103 2684 2174 ἐκδοθείσης
2731 2102 2822 2154 ὐπ’
2863 2098 3025 2154 αὐτοῦ
3063 2096 3383 2169 νομοθεσίας
3431 2095 3509 2167 τῷ
3564 2095 3695 2148 ἰου-

2123 2198 2286 2251 δαίων
2319 2196 2469 2259 ἔθνει,
2500 2192 2971 2265 καταϐεϐλημένος
3011 2189 3237 2244 τοιαῦτα
3283 2188 3691 2260 ἐνομοθέτησεν,

2123 2285 2211 2345 οἶα
2236 2291 2329 2344 καὶ
2347 2292 2459 2352 τοῖς
2483 2286 2588 2361 πρὸ
2625 2285 2790 2345 αὐτοῦ
2822 2283 3089 2354 θεοφιλέσι
3113 2281 3460 2355 κατώρθωτο,
3489 2280 3582 2335 καὶ
3603 2275 3695 2334 οἷα

2121 2382 2343 2438 δυνατὸν
2371 2378 2438 2453 ἦν
2473 2381 2606 2435 πᾶσι
2633 2381 2747 2442 τοῖς
2785 2376 2992 2430 ἔθνεσιν
3028 2375 3409 2447 ἐφαρμόττειν,
3433 2373 3507 2436 ὡς
3536 2371 3698 2426 δύνα-

2124 2474 2406 2537 σθαικατά
2431 2473 2528 2542 τὴν
2557 2471 2833 2535 Μωῦσέως
2872 2470 3131 2540 διαταγὴν
3168 2471 3346 2531 πάσας
3384 2465 3483 2529 τάς
3522 2463 3695 2533 φυλὰς

2121 2568 2219 2639 τῆς
2240 2568 2363 2638 γῆς,
2388 2565 2483 2621 καὶ
2512 2565 2689 2620 πάντα
2709 2562 2777 2616 τὰ
2801 2562 2930 2633 ἔθνη
2956 2561 3224 2621 θεοσεϐεῖν
3246 2577 3261 2592 ο
3290 2556 3356 2631 ἦν
3390 2560 3581 2621 εἰπεῖν,
3610 2559 3694 2610 ὅτι

2121 2659 2208 2713 διὰ
2239 2659 2336 2729 τῆς
2370 2656 2649 2721 Μωῦσέως
2681 2653 2999 2727 νομοθεσίας
3035 2655 3162 2717 τοὺς
3193 2651 3252 2718 ἐξ
3300 2651 3553 2706 ἀπάντων
3584 2648 3695 2702 τῶν

2121 2751 2297 2812 ἐθνῶν
2339 2748 2804 2819 θεοσεϐήσαντας,
2838 2749 2934 2801 καὶ
2989 2748 3081 2801 τὸν
3149 2745 3476 2816 Ἰουδαϊσμὸν
3521 2742 3695 2813 ζηλώ-

2123 2860 2343 2911 σαντας,
2366 2842 2502 2913 πρὸς
2521 2840 2717 2905 αὐτούς
2738 2857 2795 2894 τε
2817 2839 3210 2912 γενησομένους
3230 2838 3370 2892 κατά
3391 2836 3480 2895 τὸν
3505 2836 3692 2906 νόμον,

2120 2934 2579 3006 εὐλογηθήσεσθαι
2630 2935 2696 3004 τῇ
2747 2930 2847 2993 τοῦ
2894 2931 3145 3002 Ἀϐραὰμ
3186 2928 3405 3000 εὐλογίᾳ
3449 2927 3691 2999 προηγό-

2122 3044 2251 3098 ρευε
2276 3026 2345 3080 τὰ
2375 3025 2552 3094 λόγια.
2584 3025 2779 3097 Ἐχρῆν
2809 3024 2865 3077 δέ
2899 3025 2993 3077 καὶ
3021 3025 3168 3095 ἡμᾶς
3196 3021 3263 3076 τὰ
3296 3020 3445 3094 παρά
3471 3019 3696 3074 Μωῦσεῖ

447 3107 824 3163 benedictione
856 3109 1255 3165 benedicendos
1282 3126 1405 3168 esse
1424 3113 1610 3169 divina
1628 3117 1849 3171 oracula
1878 3133 2019 3189 prae-

2123 3117 2531 3189 durscaypévat
2559 3117 2865 3188 φυλάττειν,
2910 3117 3063 3170 Ἐπεὶ
3115 3116 3173 3169 δὲ
3220 3116 3320 3169 οὐκ
3369 3110 3451 3186 ἦν
3486 3115 3518 3185 ἡ
3552 3110 3694 3166 κατὰ

447 3198 838 3253 nuntiaverint.
873 3198 1169 3269 Oportebat
1189 3201 1353 3254 etiam
1376 3218 1477 3259 nos
1500 3206 1646 3276 leges
1670 3222 1702 3260 a
1727 3207 1876 3264 Mose
1892 3224 2022 3264 san-

447 3289 584 3343 citas
631 3291 943 3345 observare.
982 3290 1117 3346 Cum
1174 3299 1356 3347 autem
1421 3296 1666 3354 conditio
1708 3299 2021 3370 reipublicae

449 3377 701 3436 Mosaicae
730 3397 836 3435 non
882 3382 1045 3437 fuerit
1099 3384 1314 3440 caeteris
1381 3401 1689 3458 congruens
1744 3392 2018 3460 gentibus,

449 3473 543 3526 sed
576 3476 950 3529 tantummodo
972 3474 1197 3542 Judaais,
1228 3494 1403 3548 neque
1434 3479 1587 3535 hisce
1613 3482 1904 3549 universis,
1926 3486 2021 3540 sed

450 3565 626 3618 solum
666 3568 1010 3624 versantibus
1062 3570 1117 3625 in
1175 3582 1317 3625 terra
1347 3571 1572 3629 Judaica
1603 3595 1614 3629 :
1648 3579 2021 3632 necessarium

450 3657 674 3710 omnino
704 3667 820 3712 erat
842 3660 1003 3714 aliam
1037 3665 1302 3719 constitui
1367 3666 1656 3733 rationem,
1696 3684 1802 3738 qua
1829 3681 2022 3740 praeter

449 3747 620 3817 legem
668 3748 956 3805 Mosaicam
992 3764 1217 3822 possent
1257 3767 1444 3823 gentes
1491 3759 1695 3829 ubique
1747 3768 2019 3817 terrarum

450 3838 772 3903 incolentes,
811 3859 931 3911 qllte
960 3847 1297 3902 consimilem
1328 3848 1641 3903 Abraliamo
1670 3852 1833 3906 vitam
1864 3853 2023 3909 duce-

450 3942 591 3995 rent,
630 3932 874 3987 eamdetn
910 3949 1033 3988 cum
1073 3937 1164 3991 illo
1193 3940 1622 3996 benedictionem
1647 3943 1913 4000 obtinere.

979 4049 1095 4117 ιω
1129 4050 1359 4105 CAPUT
1400 4051 1487 4107 ιιι.

451 4132 606 4199 Quod
620 4135 851 4189 conditio
872 4140 1170 4201 reipublicw
1195 4141 1445 4196 Mosaicae
1470 4160 1570 4197 non
1595 4144 1755 4211 fuerit
1776 4144 2019 4201 omnibus

927 4211 1164 4279 gentibus
1198 4214 1526 4268 conveniens.
1596 4267 1604 4275 ,

519 4316 673 4383 (lqu
703 4330 881 4376 autem
917 4326 1341 4381 constitutiones
1377 4326 1627 4384 Mosaicae
1657 4328 1860 4387 Jurlreis
1896 4340 2020 4388 tan-

449 4413 749 4476 tummolo,
784 4421 842 4466 ut
864 4414 1000 4477 dixi,
1045 4434 1220 4487 neque
1249 4419 1400 4474 hisce
1435 4423 1688 4479 omnibus
1719 4425 1847 4495 (non
1869 4429 2014 4483 enim

2119 3210 2357 3265 Μωῦσέα
2411 3208 2656 3263 πολιτεία
2709 3206 3040 3277 κατάλληλος
3071 3208 3181 3268 τοῖς
3233 3204 3437 3266 λοιποῖς
3485 3201 3693 3257 ἔθνεσιν

2120 3299 2235 3361 ἀλλ’
2264 3300 2296 3371 ἢ
2330 3300 2511 3371 μόνοις
2553 3298 2839 3362 Ἰουδαίοις,
2871 3298 2964 3350 καὶ
2987 3297 3195 3360 τούτοις
3226 3296 3347 3365 οὐχὶ
3366 3297 3476 3357 τοῖς
3503 3294 3690 3356 πᾶσιν,

2121 3392 2257 3449 ἀλλά
2285 3395 2395 3457 τοῖς
2426 3392 2519 3444 ἐπὶ
2555 3392 2656 3461 τῆς
2690 3390 2949 3454 Ἰουδαίας
2975 3390 3079 3460 γῆς
3116 3389 3215 3452 τὰς
3256 3385 3535 3458 διατριϐὰς
3574 3403 3696 3439 ποι-

2120 3483 2366 3555 ουμένοις
2382 3500 2396 3514 ’
2427 3483 2610 3555 ἕτερον
2642 3482 2810 3553 ἐχρῆν
2832 3481 2890 3546 ἐξ
2916 3482 3151 3544 ἅπαντος
3171 3480 3466 3549 ὑποστῆναι
3491 3479 3695 3548 τρόπον

2122 3558 2273 3647 παρὰ
2303 3575 2395 3628 τὸν
2426 3574 2703 3639 Μωῡσέως
2731 3575 2915 3646 νόμον,
2952 3572 3070 3627 καθ’
3099 3572 3158 3626 ὃν
3188 3571 3430 3643 ἔμελλον,
3470 3568 3693 3640 βιοῦντα

2119 3667 2320 3737 ὁμοίως
2341 3665 2419 3737 τῷ
2469 3666 2717 3738 Ἀϐραὰμ
2750 3666 2819 3720 τά
2851 3664 2971 3720 καθ’
2998 3665 3126 3737 ὅλης
3173 3662 3495 3734 οἰκουμένης
3538 3659 3691 3730 ἔθνη,

2120 3759 2218 3830 τῆς
2243 3759 2364 3832 ἴσης
2386 3759 2533 3831 αὐτῷ
2562 3760 2909 3830 κοινωνήσειν
2931 3757 3198 3826 εὐλογίας.

2645 4044 3037 4099 ΚΕΦΛΛΑῐυΝ
3084 4045 3158 4098 Ρ.

2123 4137 2241 4191 Ὅτι
2268 4136 2354 4208 μὴ
2381 4134 2532 4193 πᾶσι
2557 4136 2684 4203 τοῖς
2714 4136 2916 4208 ἔθνεσι
2959 4136 3344 4205 κατάλληλος
3364 4133 3445 4208 ἦν
3469 4138 3507 4206 ἡ
3535 4138 3691 4194 κατὰ

2611 4206 2865 4262 Μωῦσέα
2909 4208 3196 4262 πολιτεία.

2194 4321 2314 4375 Ὅτι
2360 4321 2416 4374 δέ
2448 4323 2481 4392 ἡ
2516 4318 2658 4374 κατά
2696 4321 2936 4375 Μωύσέα
2977 4321 3207 4392 διαταγὴ
3266 4318 3571 4383 Ἰουδαίοις,
3610 4321 3688 4384 ὡς

2118 4414 2275 4485 ἔφην,
2325 4414 2419 4468 καὶ⁸
2470 4413 2679 4477 τούτοις
2728 4413 2847 4483 οὐχὶ
2898 4415 3061 4466 πᾶσιν
3117 4412 3258 4483 (οὐδὲ
3304 4413 3412 4483 γὰρ
3469 4415 3580 4475 τοῖς
3627 4415 3688 4465 ἐν

449 4501 516 4554 iis
537 4503 629 4569 qui
662 4502 714 4556 in
747 4503 1090 4575 dispersione
1114 4510 1453 4575 victitabant,
1500 4513 1593 4568 sed
1628 4515 1760 4571 solis
1807 4518 1861 4572 in
1913 4518 2016 4573 Pa-

2123 4505 2384 4576 διασπορᾷ
2424 4504 2799 4575 τυγχάνουσιν,
2850 4504 2965 4558 ἀλλ’
2997 4504 3029 4575 ἦ
3084 4505 3264 4579 μόνοις
3297 4508 3409 4568 τοῖς
3443 4505 3539 4576 τὴν
3576 4505 3690 4558 Πα-

450 4593 654 4648 lt'estina
690 4600 1058 4671 vcrsnntibus)
1095 4602 1517 4658 acconnnodatre
1571 4590 1771 4661 fuerint
1831 4628 1842 4663 :
1904 4610 2017 4665 evi-

448 4685 582 4739 dens
613 4689 708 4742 tibi
741 4692 845 4744 erit
878 4692 949 4745 ita
981 4693 1277 4763 colligenti.
1327 4696 1416 4750 Ait
1466 4698 1664 4754 alicubi
1722 4698 1902 4756 Moses
1933 4702 2014 4757 le-

446 4791 616 4846 goque
674 4783 915 4851 praeripit
950 4785 990 4815 ¹⁰
1027 4803 1040 4838 :
1078 4802 1095 4834 ι
1126 4785 1230 4840 Ter
1272 4789 1465 4858 quovis
1518 4806 1661 4845 aiino
1737 4794 2017 4863 apparebit

446 4884 607 4925 omne
662 4876 963 4929 masculum
1016 4887 1164 4932 tuum
1213 4896 1394 4934 coram
1431 4881 1663 4939 Domino
1694 4883 1800 4940 Deo
1831 4894 1946 4941 tuo.
1990 4906 2009 4939 ι

446 4962 622 5031 Atque
647 4966 824 5020 adhuc
857 4969 1028 5038 magis
1075 4972 1378 5041 perspicue,
1409 4974 1630 5029 ubinam
1683 4978 1883 5047 triplici
1916 4992 2013 5047 per

446 5068 646 5107 annum
673 5066 915 5125 tempore
946 5060 1231 5115 universos
1269 5066 1563 5120 convenire
1592 5075 1886 5134 Oporteret,
1917 5068 2012 5123 de-

446 5146 703 5198 terminat
733 5162 855 5200 cum
887 5149 964 5202 ait
989 5150 1027 5180 ¹¹
1062 5170 1074 5205 :
1114 5171 1131 5203 ι
1173 5151 1372 5209 Tribus
1399 5156 1735 5225 temporibus
1765 5158 1892 5211 anni
1916 5172 2013 5226 ap-

447 5237 655 5306 parebit
685 5254 844 5292 omne
875 5245 1174 5298 masculum
1216 5252 1366 5300 tuum
1414 5262 1600 5302 coram
1640 5246 1869 5302 Domino
1899 5247 2010 5303 Deo

444 5339 558 5391 tuo,
589 5328 641 5381 in
669 5328 789 5383 loco
812 5346 971 5401 quem
996 5334 1255 5405 delegerit
1282 5335 1565 5392 Dominus.
1603 5357 1622 5391 ι
1660 5336 1844 5400 Vides,
1865 5339 2010 5405 quod

443 5435 551 5475 non
588 5421 640 5474 in
675 5421 895 5478 civitate
921 5441 1268 5497 quacunque,
1304 5444 1407 5484 nec
1434 5430 1627 5499 quovis
1655 5429 1746 5484 ubi
1776 5445 1897 5485 sors
1922 5438 2009 5483 tu—

436 5512 566 5565 lerit
590 5511 709 5566 loco
732 5516 1218 5586 convenirejubet.
1251 5519 1345 5573 sed
1383 5538 1401 5570 ι
1439 5519 1494 5573 in
1528 5520 1669 5582 loco,
1707 5535 1869 5589 quem
1912 5519 2010 5574 dc-

438 5604 633 5672 :egerit
657 5603 918 5662 Dominus
945 5606 1088 5664 Deus
1124 5619 1253 5666 tuus
1285 5612 1351 5665 ¹².
1389 5628 1408 5661 ι
1443 5609 1523 5665 lbi
1556 5611 1733 5667 tribus
1781 5626 1879 5682 per
1908 5626 2007 5665 an-

515 5760 553 5787 ⁹¹⁵
588 5758 755 5816 Exod.
797 5779 953 5830 nm,
993 5765 1286 5837 l7;7Exod.
1330 5781 1513 5833 xxnv,
1553 5767 1643 5823 ‘25.

2120 4597 2395 4668 λαιστίνην
2437 4597 2675 4650 οἰκοῦσιν
2717 4596 3076 4668 ἐφήρμοζεν),
3125 4592 3227 4653 ὧδέ
3259 4614 3340 4650 σοι
3378 4597 3683 4667 συλλογιζο-

2124 4689 2268 4759 μένῳ
2290 4688 2520 4758 φανερὸν
2554 4687 2726 4742 ἔσται.
2766 4690 2902 4759 Φησί
2941 4707 3042 4742 που
3076 4690 3315 4760 Μωῦσῆς
3342 4689 3646 4760 νομοθετῶν
3668 4706 3689 4720 ἰ

2126 4796 2144 4826 ι
2183 4776 2312 4845 Τρὶς
2352 4774 2446 4829 τοῦ
2490 4777 2735 4830 ἐνιαυτοῦ
2776 4778 3070 4849 ὀφθήσεται
3113 4782 3219 4832 πᾶν
3265 4780 3548 4850 ἀρσενικόν
3588 4796 3686 4834 σου

2121 4868 2346 4922 ἐνώπιον
2377 4870 2582 4941 Κυρίου
2604 4869 2698 4922 τοῦ
2727 4868 2860 4922 Θεοῦ
2892 4886 3007 4923 σου.
3039 4890 3057 4922 ι
3091 4873 3197 4926 Καὶ
3228 4872 3307 4925 ἔτι
3333 4872 3685 4945 σαφέστερον,

2118 4962 2249 5015 ὅπου
2301 4962 2468 5032 ἐχρῆν
2501 4963 2746 5032 ἀπαντᾷν
2787 4963 2911 5026 τοὺς
2935 4964 3142 5029 πάντας
3173 4965 3352 5036 τρίτον
3378 4963 3471 5017 τοῦ
3508 4964 3684 5032 ἔτους,

2117 5052 2364 5123 ἀφορίζει
2388 5054 2561 5122 λέγων
2580 5071 2593 5084 ’
2625 5073 2642 5105 ι
2668 5054 2825 5125 Τρεῖς
2857 5057 3078 5126 καιροὺς
3107 5055 3199 5108 τοῦ
3236 5054 3478 5108 ἐνιαυτοῦ
3514 5056 3686 5127 ὀφθη-

2118 5167 2267 5203 σεται
2294 5152 2401 5203 πᾶν
2442 5148 2723 5219 ἀρσενικόν
2774 5166 2866 5202 σου
2902 5149 3151 5204 ἐναντίον.
3180 5148 3381 5221 Κυρίου
3415 5148 3510 5201 τοῦ
3550 5148 3686 5203 Θεοῦ

2118 5260 2232 5306 σου,
2292 5245 2349 5295 ἐν
2402 5242 2479 5313 τῷ
2527 5242 2676 5313 τόπῳ
2798 5241 2863 5296 ἂν
2902 5242 3184 5312 ἐκλέξηται
3232 5240 3453 5314 Κύριος.
3488 5262 3506 5294 ι
3533 5243 3686 5297 Θεω-

2121 5338 2251 5407 ρεῖς,
2292 5336 2368 5399 ὡς
2399 5337 2498 5389 οὐκ
2539 5337 2596 5389 ἐν
2643 5337 2791 5410 πάσῃ
2825 5336 2995 5400 πόλει,
3020 5336 3127 5389 οὐδῗ
3158 5336 3278 5390 ὅποι
3300 5335 3486 5407 ἔτυχεν
3509 5338 3686 5390 ἀπαν-

2114 5431 2212 5499 τᾷν
2259 5429 2604 5501 προστάττει,
2635 5430 2749 5483 ἀλλ’
2790 5449 2809 5481 ι
2848 5433 2905 5484 ἐν
2966 5429 3114 5501 τόπῳ
3176 5424 3220 5497 ᾧ
3259 5429 3352 5483 ἐὰν
3397 5427 3685 5500 ἐκλέξηται

2115 5519 2334 5591 Κύριος,
2362 5523 2390 5574 ό
2416 5521 2545 5584 Θεός
2567 5539 2680 5575 σου.
2723 5542 2740 5572 ι
2774 5522 2941 5575 Ἔνθα
2970 5523 3146 5591 τρισὶν
3176 5523 3404 5576 ἐκάστου
3433 5521 3682 5575 ἐνιαυτοῦ

2115 5614 2323 5682 καιροῖς
2351 5613 2442 5667 ἐπὶ
2484 5612 2647 5666 ταυτὸ
2697 5613 2933 5667 συνιέναι
2961 5613 3256 5684 νομοθετεῖ,
3290 5614 3530 5677 καὶτοὺς
3568 5629 3685 5668 και-

1724 5767 1762 5799 ¹¹
1806 5766 1965 5823 Deut.
2007 5787 2118 5834 xw,
2160 5769 2248 5826 16.
2323 5762 2369 5800 η
2405 5767 2562 5825 Deut.
2607 5785 2777 5834 xxvii,
2817 5767 2907 5825 26.
