3942 6258
2248 140 2257 177 1

240 357 301 412 29
1126 360 1780 419 DEMONSTRATIONIS
1818 350 2278 419 EVANGELICE
2318 358 2449 417 LIB.
2490 359 2537 418 ι.
3419 360 3490 415 so

253 481 363 553 ροῦς
393 476 674 550 ἀφορίζει,
704 479 829 536 καθ’
857 477 952 545 οὓς
978 481 1223 553 ἀπαντᾷν
1254 484 1421 556 ἐχρῆν
1461 485 1520 537 ὲν
1544 481 1621 555 τῷ
1646 483 1805 555 τόπῳ1

1921 498 2051 538 num
2093 481 2451 552 temporibus,
2484 478 2802 550 congregari
2845 478 2901 533 in
2939 492 3107 532 unum
3133 476 3306 547 jubet,
3345 483 3486 531 tem-

254 576 304 627 ὶν
346 570 388 643 ᾧ
429 571 498 625 τὰ
539 571 646 643 τῆς
678 573 802 627 κατ’
858 574 1019 627 αὐτὸν
1055 573 1310 646 λατρείας
1347 576 1686 629 ὲπετελεῖτο·
1724 575 1821 629 ἕνα

260 666 345 739 μὲν
376 662 461 718 τοῦ
497 665 723 738 Πάσχα,
763 665 1012 738 δεύτερον
1042 665 1132 719 τὸν
1158 668 1296 738 μετὰ
1319 669 1658 741 πεντήκοντα
1687 670 1824 741 ἡμέ-

263 777 344 830 ρας
372 756 463 811 ἐπὶ
486 757 589 828 τῆς
634 758 1037 830 ὀνομαζομένης
1067 759 1449 832 Πεντηκοστῆς
1471 762 1664 834 ἑορτῆς
1683 779 1696 793 ·
1725 763 1821 816 καὶ

259 850 418 921 τρίτον
442 850 520 919 τῷ
548 849 765 920 ἑϐδόμῳ
790 851 919 920 μηνὶ
952 849 1089 921 μετά
1106 850 1167 903 τὸ
1195 852 1386 923 Πάσχα
1415 853 1557 907 κατὰ
1604 853 1703 925 τὴν
1725 852 1821 906 τοῦ

258 940 468 1012 ἱλασμοῦ
501 940 738 1011 ἡμέραν,
766 939 887 993 καθ’
916 942 983 1011 ἢν
1017 942 1182 996 είσὲτι
1211 942 1306 996 νῦν
1354 944 1595 998 Ἰουδαῖοι
1621 945 1821 1011 πάντες

254 1034 339 1103 τὴν
397 1033 649 1102 νηστείαν
707 1033 1062 1088 ἐπιτελοῦσιν.
1127 1036 1430 1108 Ἐπαρᾶταί
1483 1054 1543 1091 τε
1590 1040 1701 1102 τοῖς
1744 1038 1819 1111 μὴ

252 1125 538 1195 ἐμμένουσι
579 1129 691 1190 τοῖς
724 1127 1221 1199 νομοθετουμένοις.
1264 1129 1474 1184 Οὐκοῦν
1519 1132 1645 1194 τοὺς
1691 1129 1819 1202 μέλ-

252 1216 428 1281 λοντας
486 1218 731 1281 ἃπαντας
775 1219 1023 1290 ἁπαντᾷν
1065 1221 1245 1294 τρίτον
1298 1221 1392 1275 τοῦ
1428 1222 1581 1286 ἔτους
1626 1223 1706 1286 είς
1750 1220 1819 1276 τά

264 1308 624 1379 Ἰεροσόλυμα,
655 1310 749 1362 καὶ
776 1309 848 1363 τὰ
867 1312 1071 1383 νόμιμα
1107 1312 1368 1385 πληροῦν,
1401 1315 1459 1368 οὐ
1491 1313 1679 1387 πόρρω
1714 1332 1816 1368 που

250 1399 339 1467 τῆς
401 1396 656 1460 Ἰουδαίας
700 1400 869 1471 ἐχρῆν
910 1403 1082 1472 δήπου
1122 1404 1311 1468 οἰκεῖν,
1361 1403 1475 1457 ἁλλ’
1509 1404 1648 1457 εἰσὶν
1676 1407 1819 1477 ἀμφί⁵

250 1492 366 1551 τοὺς
387 1490 551 1560 ὄρους
579 1506 591 1517 ·
620 1492 667 1543 εί
699 1489 755 1543 δὲ
781 1491 845 1563 δὴ
877 1495 989 1555 τοῖς
1035 1495 1371 1566 πορρωτάτω
1404 1496 1506 1567 τῆς
1536 1496 1820 1551 Παλαιστί-

250 1599 337 1650 νης
357 1583 597 1637 οἰκοῦσιν
640 1583 915 1649 Ἰουδαίοις
942 1584 1175 1639 ἀδύνατα
1198 1582 1267 1657 ἦν
1300 1586 1474 1641 τελεῖν
1499 1590 1567 1642 τὰ
1594 1606 1817 1660 νενομο-

250 1673 531 1744 θετημένα,
559 1674 757 1728 πολλοῦ
782 1675 948 1745 φάναι
983 1680 1097 1741 τοῖς
1142 1680 1306 1732 πᾶσιν
1352 1679 1549 1744 ἔθνεσι,
1583 1682 1677 1735 καὶ
1702 1683 1817 1746 τοῖς

252 1768 304 1818 ἐν
332 1768 446 1829 ταῖς
493 1767 773 1837 ἐσχατιαῖς
804 1766 1028 1838 τῆς”γῆς
1073 1768 1424 1840 ἐφαρμόζειν.
1473 1771 1812 1825 Ἐπάκουσον

1923 590 2166 647 poraque
2194 574 2518 629 determinat
2545 570 2745 641 quibus
2778 570 3070 626 convenire
3097 575 3345 639 oporteat
3367 568 3488 623 loco

1921 682 2032 737 quo
2061 664 2232 720 divini
2264 664 2446 720 cultus
2484 662 2659 718 oIIlcia
2688 662 3011 728 obibantur;
3063 676 3232 715 unum
3265 660 3487 730 quidem

1921 756 2230 821 Paschatis,
2272 756 2502 811 alterum
2550 762 2676 825 post
2719 752 2839 810 dies
2885 753 3300 824 quinquaginta,
3347 750 3488 807 festo

1920 852 2067 924 quod
2116 850 2468 906 Pentecostes
2518 848 2645 903 inde
2694 847 2843 903 venit
2892 848 3132 910 nomine,
3177 854 3230 900 et
3264 847 3487 901 tertium

1920 956 2108 996 mense
2142 941 2373 1011 septimo
2419 945 2544 1010 post
2583 937 2815 1002 Pascha,
2846 937 2934 992 die
2981 937 3328 1007 expiationis,
3377 952 3487 1007 quo

1922 1032 2226 1088 etiamnum
2254 1030 2428 1086 Judaei
2464 1031 2626 1086 hodie
2655 1044 2847 1085 omnes
2882 1029 3153 1098 jejunium
3185 1030 3483 1084 celebrant.

1920 1120 2065 1179 Diris
2115 1130 2294 1178 autem
2344 1121 2524 1178 Moses
2577 1136 2672 1175 eos
2714 1121 2961 1182 devovet,
2998 1120 3091 1190 qui
3133 1120 3341 1191 legibus
3369 1121 3486 1176 suis

1919 1215 2130 1272 sancita
2164 1230 2274 1270 non
2297 1212 2729 1269 observaverint.
2760 1212 2925 1282 Atqui
2972 1212 3093 1276 hos,
3140 1213 3233 1282 qui
3282 1211 3485 1281 triplici

1916 1308 2035 1362 vice
2062 1322 2158 1377 per
2210 1322 2412 1362 annum
2442 1305 2703 1361 deberent
2734 1305 3124 1377 Hierosolymis
3165 1305 3480 1369 convenire,

1918 1397 2171 1467 ritusque
2200 1398 2413 1469 legibus
2436 1398 2764 1453 constitutos
2793 1396 2861 1451 ad
2904 1397 3122 1468 plenum
3164 1396 3335 1461 obire,
3369 1411 3486 1452 non

1918 1489 2108 1560 procul
2136 1503 2166 1541 a
2195 1487 2380 1544 Iudaea
2412 1490 2662 1545 habitare
2697 1488 2981 1559 oportebat
3011 1507 3025 1543 :
3058 1488 3151 1559 qui
3180 1503 3310 1544 vero
3332 1488 3481 1544 circa

1916 1593 2189 1636 extremos
2210 1579 2511 1636 Palaestinae
2530 1581 2752 1646 limites,
2776 1588 2871 1635 aut
2899 1581 3116 1653 longius
3136 1596 3167 1635 a
3190 1580 3480 1637 Palastina

1917 1673 2184 1745 degebant
2231 1671 2425 1739 Judaei,
2476 1682 2744 1745 praecepta
2792 1675 2928 1745 legis
2975 1674 3236 1745 perlicere
3286 1673 3481 1743 nequi-

1918 1766 2087 1828 bant;
2117 1774 2329 1821 tantum
2360 1767 2539 1833 abest,
2571 1775 2632 1821 ut
2675 1767 2933 1823 omnibus
2980 1767 3235 1839 gentibus
3263 1774 3318 1823 et
3343 1766 3476 1821 ulti-

250 1859 302 1911 δὲ
328 1860 439 1912 τίνα
463 1859 664 1930 τρόπον
686 1860 715 1912 ὁ
741 1859 904 1922 αὐτὸς
946 1859 1108 1913 πάλιν
1143 1860 1435 1933 νομοθέτης
1459 1860 1557 1933 τὴν
1588 1862 1696 1916 ἀπὸ
1722 1861 1805 1915 λέ-

1917 1871 2032 1911 mas
2064 1866 2242 1912 terras
2288 1858 2656 1913 incolentibus
2703 1857 2819 1912 haec
2874 1859 3110 1929 potuerit
3153 1871 3476 1929 congruere.

250 1964 364 2017 xm;
412 1950 645 2015 γυναῖκα
688 1946 933 2019 ἀπαντᾷν
990 1949 1338 2021 προστάττει,
1374 1951 1469 2004 καὶ
1515 1951 1705 2016 θυσίας
1737 1951 1805 2024 τῷ

1914 1949 2057 2003 Audi
2105 1964 2270 2021 porro
2310 1950 2587 2021 quomodo
2633 1950 2774 2006 idem
2821 1965 3017 2007 rursus
3043 1951 3320 2022 legislator
3350 1964 3477 2004 mu-

252 2040 356 2111 Θεῷ
377 2039 721 2112 προσφέρειν,
747 2041 921 2110 λέγων
949 2041 1149 2108 οὕτως·
1187 2062 1206 2095 ι
1232 2046 1341 2098 Kal
1358 2044 1584 2117 ἐλάλησε
1610 2043 1805 2115 Κύριος

1913 2041 2100 2097 lierem
2133 2056 2163 2095 a
2190 2042 2478 2112 puerperio
2510 2043 2771 2098 accedere
2796 2049 2851 2098 et
2887 2042 3217 2097 sacriﬁcium
3249 2041 3361 2097 Deo
3391 2040 3480 2097 of-

250 2133 371 2202 πρὸς
408 2132 671 2203 Μωῦσῆν,
712 2131 917 2202 λέγων·
958 2134 1203 2206 Λάλησον
1249 2139 1360 2201 τοῖς
1387 2138 1522 2201 υἱοῖς
1574 2138 1805 2210 Ἰσραὴλ,

1912 2132 2055 2188 ferre
2076 2133 2287 2203 jubeat,
2308 2150 2432 2189 cum
2457 2136 2531 2188 ait
2557 2135 2601 2167 ¹³
2627 2154 2642 2190 :
2681 2154 2699 2187 ι
2730 2132 3078 2206 Locutusque
3104 2141 3189 2192 est
3214 2133 3478 2190 Dominus

249 2223 332 2277 καὶ
351 2224 491 2295 ἐρεῖς
521 2224 875 2295 πρὸςαύτούς
894 2243 906 2256 ·
940 2225 1082 2297 Γυνὴ
1121 2227 1243 2298 ἡτις
1268 2226 1363 2279 ὲάν
1406 2230 1805 2302 σπερματισθῇ,

1912 2226 1980 2280 ad
2014 2224 2199 2281 Mosen
2230 2234 2284 2281 et
2313 2227 2451 2281 dixit
2483 2245 2498 2283 :
2531 2225 2782 2297 Loquere
2811 2227 2938 2283 ﬁliis
2957 2227 3126 2284 Israel
3153 2236 3206 2283 et
3233 2227 3385 2282 dices
3407 2226 3476 2280 ad

248 2313 330 2364 καὶ
348 2311 475 2384 τέκῃ
516 2312 706 2383 ἀρσεν,
753 2313 1063 2384 ἀκάθαρτος
1115 2314 1267 2369 ἔσται
1319 2316 1459 2369 ἑπτὰ
1510 2317 1742 2391 ἡμέρας.
1784 2339 1804 2372 ι

1909 2331 2004 2372 eos
2037 2336 2050 2371 :
2089 2316 2281 2372 Mulier
2309 2333 2648 2389 quaecunque
2672 2320 2984 2390 conceperit
3014 2333 3201 2374 semen
3229 2324 3284 2372 et
3313 2331 3479 2388 pepe-

246 2399 366 2458 Εἶτα
394 2402 594 2474 μεταξύ
632 2422 754 2459 τινα
788 2404 978 2471 εἰπὼν,
1001 2408 1283 2480 ἐπιφέρει·
1324 2427 1342 2459 ι
1381 2409 1490 2462 Καὶ
1520 2409 1647 2464 ὅταν
1674 2410 1811 2484 πλη-

246 2495 474 2564 ρωθῶσιν
496 2498 549 2550 αξ
581 2496 787 2569 ἡμέραι
827 2497 1145 2569 καθάρσεως
1189 2500 1359 2570 αὐτῆς
1393 2501 1480 2569 ἐφ’
1513 2500 1613 2573 υἱῷ
1646 2500 1679 2574 ἦ
1717 2503 1808 2556 ὲπὶ

241 2585 477 2659 θυγατρὶ,
513 2589 795 2661 προσοίσει
822 2590 990 2661 ἀμνὸν
1009 2590 1278 2645 ἐνιαύσιον
1300 2594 1383 2657 είς
1412 2592 1804 2661 ὁλοκάρπωμα,

241 2677 327 2731 καὶ
354 2676 572 2734 νεοσσὸν
635 2681 963 2753 περιστερᾶς
999 2679 1032 2752 ἢ
1078 2682 1314 2752 τρυγόνα
1344 2684 1475 2754 περὶ
1510 2684 1804 2756 ἁμαρτίας,

240 2769 323 2822 ἐπὶ
352 2770 451 2840 τὴν
480 2769 654 2840 θύραν
689 2772 788 2842 τῆς
823 2773 1027 2845 σκηνῆς
1053 2773 1146 2828 τοῦ
1181 2775 1502 2847 μαρτυρίου.
1531 2776 1676 2847 Πρὸς
1712 2776 1805 2830 τὸν

240 2860 376 2931 ἱερέα
404 2862 684 2931 προσοίσει
712 2863 851 2917 αὐτὰ
889 2862 1066 2918 ἔναντι
1099 2866 1328 2936 Κυρίου.
1363 2867 1473 2920 Kal
1501 2866 1803 2932 ὲξιλάσεται

1910 2409 2049 2465 rerit
2107 2412 2434 2477 masculum,
2486 2411 2768 2466 immunda
2823 2413 2928 2467 erit
2982 2420 3187 2482 septem
3237 2410 3378 2465 dies.
3447 2428 3470 2463 ι

1908 2498 2114 2555 Deinde
2136 2501 2441 2572 interjeCtis
2466 2503 2745 2558 nonnullis
2766 2503 3047 2571 subjungit
3076 2499 3119 2533 ⁸⁸
3148 2517 3163 2554 :
3192 2518 3212 2552 ‹
3251 2499 3317 2553 Et
3345 2513 3472 2554 cum

1907 2589 2115 2661 impleti
2142 2590 2339 2647 fuerint
2369 2592 2487 2647 dies
2516 2592 2916 2663 puriﬁcationis
2947 2592 3089 2661 ejus,
3114 2605 3214 2662 pro
3246 2590 3357 2645 tilio
3377 2596 3474 2644 aut

1906 2697 2007 2753 pro
2027 2683 2156 2751 tilia,
2199 2682 2388 2740 olleret
2414 2699 2612 2756 agnum
2638 2685 2949 2740 anniculum
2981 2685 3038 2738 in
3069 2684 3470 2748 holocaustum,

1904 2781 1960 2829 et
2001 2775 2207 2845 pullum
2246 2776 2532 2844 columbae,
2566 2785 2660 2833 aut
2689 2785 2959 2834 turturem
3006 2792 3106 2847 pro
3138 2784 3364 2848 peccato
3400 2776 3472 2831 ad

1905 2862 2148 2920 hostium
2175 2867 2519 2923 tabernaculi
2547 2869 2871 2924 testimonii.
2903 2867 2986 2922 Ad
3026 2866 3363 2923 sacerdotem
3387 2866 3474 2922 of-

1905 2955 2043 3014 feret
2071 2974 2134 3013 ea
2162 2968 2292 3015 ante
2319 2959 2632 3017 Dominum.
2667 2960 2735 3015 Et
2758 2961 3005 3015 exorabit
3030 2975 3129 3031 pro
3169 2974 3235 3015 ea
3281 2974 3469 3016 sacer-

1904 3049 2023 3117 dos,
2049 3058 2105 3105 et
2132 3051 2444 3121 puriﬁcabit
2465 3067 2583 3108 eam
2614 3066 2645 3105 a
2676 3051 2825 3107 fonte
2857 3051 3138 3122 sanguinis
3173 3049 3313 3119 ejus.
3344 3047 3471 3103 Haec

240 2953 357 3024 περὶ
374 2953 544 3024 αὐτῆς
563 2956 591 3007 ό
623 2956 823 3027 ἱερεὺς,
858 2958 952 3010 καὶ
983 2957 1236 3030 καθαριεῖ
1255 2958 1423 3031 αὐτὴν
1451 2959 1558 3013 ἀπὸ
1577 2961 1676 3033 τῆς
1702 2978 1806 3032 πη-

238 3043 333 3114 τῆς
366 3044 459 3097 τοῦ
496 3047 726 3115 αἵματος
765 3047 957 3117 αὐτῆς.
1002 3041 1170 3113 Οὗτος
1200 3051 1229 3102 ὁ
1254 3050 1416 3121 νόμος
1457 3051 1556 3122 τῆς
1588 3050 1803 3106 τικτού-

240 3150 329 3206 σης
348 3136 514 3207 ἄρσεν
551 3137 585 3208 ἢ
629 3136 784 3207 θῆλυ.
816 3156 835 3189 ι
876 3138 994 3192 Ἔτι
1026 3138 1161 3211 πρὸς
1188 3137 1400 3204 τούτοις
1436 3141 1465 3193 ό
1494 3140 1656 3206 αὐτὸς
1705 3141 1801 3197 καὶ

1908 3148 1987 3198 est
2014 3142 2102 3198 lex
2131 3143 2392 3212 parientis
2413 3145 2714 3199 masculum
2743 3151 2797 3199 et
2826 3145 3102 3199 feminam.
3143 3162 3162 3196 ›
3201 3141 3468 3197 Praeterea

237 3226 315 3278 τὸν
338 3228 445 3280 ἀπὸ
480 3228 680 3298 κήδους
730 3228 824 3281 καὶ
860 3229 1068 3301 νεκρῶν
1115 3232 1332 3302 ἐπαφῆς
1373 3233 1700 3305 προστάττει
1727 3234 1802 3306 μὴ

1908 3233 2047 3288 idem
2075 3236 2505 3290 contaminatum
2557 3251 2624 3291 ex
2652 3236 2842 3291 funere
2867 3244 2921 3291 et
2958 3244 3213 3290 contactu
3245 3235 3468 3302 mortui,

236 3318 396 3382 ἄλλως
425 3318 789 3389 καθαίρεσθαι
822 3319 855 3391 ἡ
894 3319 982 3374 διά
1015 3338 1159 3385 τινος
1193 3321 1387 3375 σποδοῦ
1412 3322 1693 3395 δαμάλεως
1716 3326 1801 3395 ἐφ’

1908 3324 2148 3396 praecipit
2175 3342 2283 3381 non
2301 3327 2406 3382 alio
2428 3327 2589 3382 modo
2612 3328 2887 3398 puriﬁcari
2916 3342 3076 3398 quam
3106 3342 3201 3402 per
3226 3328 3468 3381 cinerem

236 3409 370 3475 ὅλαις
415 3411 651 3483 ἡμέραις
687 3411 846 3474 ἑπτὰ,
891 3412 999 3466 τῶν
1025 3413 1270 3484 συνήθων
1307 3415 1640 3471 ἀποστάντα.
1694 3416 1802 3471 Λέ-

1908 3413 2169 3485 iuvencae,
2207 3417 2400 3473 diebus
2433 3419 2657 3487 integris
2689 3427 2916 3488 septem,
2964 3420 3303 3489 negotiisque
3331 3432 3467 3473 con-

236 3517 311 3569 ⁴ινει
340 3501 490 3570 γοῦν·
518 3501 671 3555 (Kal
702 3500 853 3554 ἔσται
871 3505 982 3567 τοῖς
1007 3506 1143 3568 υίοῖς
1170 3505 1385 3576 Ἰσραὴλ
1416 3507 1510 3559 καὶ
1527 3510 1639 3570 τοῖς
1661 3524 1800 3580 προ-

1908 3505 2076 3561 suetis
2106 3507 2399 3563 abstinere.
2433 3509 2523 3561 Ait
2547 3509 2712 3578 igitur
2737 3508 2781 3540 ¹³
2813 3526 2828 3562 :
2865 3525 2884 3559 ι
2917 3508 2982 3561 Et
3010 3509 3114 3562 erit
3144 3507 3270 3563 [illis
3297 3506 3467 3563 Israel

237 3594 496 3665 κειμένοις
543 3593 904 3666 προσηλύτοις
928 3596 986 3648 ὲν
1026 3596 1174 3667 μέσῳ
1206 3597 1384 3650 αὐτῶν
1415 3598 1644 3669 νόμιμον
1673 3597 1804 3651 alti)-

1908 3604 1955 3653 ct
2006 3600 2295 3670 proselytis
2348 3601 2734 3656 accedentibus
2770 3600 2824 3654 in
2857 3600 3034 3654 medio
3068 3614 3255 3654 eorum
3290 3599 3468 3670 legiti-

234 3702 354 3741 νιον.
395 3687 454 3741 '0
480 3687 786 3757 ἁπτόμενος
813 3687 905 3741 τοῦ
940 3686 1261 3759 τεθνηκότος
1294 3688 1475 3759 πάσης
1499 3690 1679 3760 ψυχῆς
1710 3692 1803 3744 άν-

1908 3705 2050 3743 mum
2086 3697 2371 3744 aeternum.
2401 3689 2508 3757 Qui
2544 3691 2786 3761 tetigerit
2817 3691 3050 3745 cadaver
3079 3690 3315 3746 hominis
3367 3705 3466 3745 cu-

235 3774 441 3847 θρώπου
490 3776 800 3848 ἀκάθαρτος
833 3775 1015 3831 ἔσται·
1051 3777 1190 3831 ἐπτὰ
1213 3777 1448 3851 ἡμέραις
1478 3778 1803 3850 ἁγνισθὴσε-

1908 3778 2099 3848 iusque
2133 3779 2314 3832 anima
2338 3788 2586 3842 exutum,
2618 3777 2933 3833 immundus
2958 3779 3063 3833 erit
3102 3787 3307 3848 septem
3342 3779 3462 3834 die-

233 3884 342 3919 ται·
374 3870 439 3939 τῇ
476 3867 658 3940 ἡμέρᾳ
696 3870 763 3939 τῇ
806 3867 962 3943 τρίτῃ
993 3869 1088 3923 καὶ
1119 3872 1184 3941 τῇ
1220 3868 1422 3941 ἑϐδόμῃ
1466 3869 1800 3943 καθαρισθή-

1908 3870 2003 3926 bus
2042 3889 2055 3925 :
2088 3869 2469 3940 puriticabitur
2520 3868 2609 3925 die
2658 3870 2817 3924 tertio
2872 3876 2927 3923 et
2976 3869 3064 3925 die
3110 3868 3360 3938 septimo,
3407 3877 3465 3925 et

235 3976 394 4012 σεται.
420 3952 561 4014 Ἐὰν
585 3961 642 4013 δὲ
672 3960 747 4032 μὴ
783 3960 1086 4033 ἀφαγνισθῇ
1116 3963 1180 4032 τῇ
1211 3960 1395 4032 ἡμέρᾳ
1420 3963 1486 4033 τῇ
1514 3961 1672 4034 τρίτῃ
1705 3962 1799 4016 καὶ

1908 3965 2137 4020 mundus
2186 3964 2310 4020 erit.
2370 3962 2429 4018 Si
2478 3978 2611 4020 vero
2648 3977 2756 4017 nou
2811 3959 2974 4016 fuerit
3030 3961 3348 4031 purilicatus
3375 3960 3464 4016 die

230 4051 288 4120 τῇ
319 4049 545 4124 ἑϐδόμῃ,
574 4051 635 4103 οὐ
680 4049 920 4122 καθαρὸς
968 4049 1141 4107 ἔσται.
1167 4052 1283 4115 Πᾶς
1302 4053 1331 4104 ὁ
1369 4052 1671 4122 ἁπτόμενος
1702 4051 1797 4105 τοῦ

1908 4056 2061 4112 tertio
2085 4062 2138 4110 et
2165 4055 2252 4110 die
2279 4054 2532 4125 septimo,
2570 4067 2679 4107 non
2712 4053 2818 4108 erit
2847 4051 3101 4107 tuuudus.
3151 4049 3345 4107 Omnis
3366 4050 3462 4122 qui

231 4138 547 4210 τεθνηκότος
578 4140 687 4194 ἀπὺ
716 4140 892 4212 ψυχῆς
942 4139 1251 4214 ἀνθρώπου,
1282 4142 1378 4196 ἐὰν
1422 4142 1671 4216 ἀποθάνῃ
1702 4142 1797 4196 καὶ

1908 4147 2131 4218 tetigerit
2163 4147 2396 4202 cadaver
2441 4146 2679 4201 hominis
2726 4145 2926 4201 mortui
2980 4145 3163 4198 anima
3213 4152 3459 4209 exutum,

234 4229 298 4300 μὴ
326 4230 577 4301 ἀτνισθῇ,
614 4231 711 4302 τὴν
755 4218 958 4304 σκηνὴν
992 4232 1086 4286 τοῦ
1121 4234 1416 4306 μαρτυρίου
1460 4233 1555 4288 τοῦ
1581 4235 1784 4306 Κυρίου

1908 4248 1954 4295 et
2014 4256 2123 4294 nou
2173 4239 2338 4293 fuerit
2394 4238 2737 4309 puriﬁcatus,
2791 4238 3205 4292 tabernaculum
3245 4232 3461 4291 Domini

230 4319 460 4389 ἐμίανεν.
521 4321 934 4393 Ἐκτριὸἡσεται
979 4324 1013 4395 ἡ
1055 4321 1200 4394 ψυχὴ
1241 4322 1421 4395 ἐκείνη
1456 4322 1513 4390 ἐξ
1559 4324 1793 4396 Ἰσραὴλ,

1908 4326 2601 4400 polluit.'Exterminabitur
2630 4325 2811 4380 anima
2854 4326 2945 4379 illa
2991 4341 3057 4380 ex
3101 4325 3288 4389 Israel,
3321 4338 3462 4394 quo-

231 4411 304 4464 ὖτι
343 4412 491 4484 ὕδωρ
551 4412 850 4484 ῥαντισμοῦ
886 4415 948 4467 0'5
996 4414 1451 4487 περιερῤαντίσθη
1482 4416 1567 4468 ἐπ’
1593 4414 1754 4467 αὐτόν
1776 4431 1790 4447 ·

1908 4423 2049 4476 niam
2096 4435 2238 4492 aqua
2273 4420 2605 4489 aspersiouis
2637 4434 2744 4474 non
2785 4419 3216 4488 circumaspersa
3248 4423 3333 4472 est
3366 4431 3462 4472 su-

230 4503 529 4575 ἀκάθαρτός
551 4506 720 4567 ἔστιν,
761 4504 1069 4578 ἀκαθαρσία
1103 4506 1189 4558 ἐπ’
1217 4505 1363 4577 αὐτῷ
1386 4505 1556 4558 ἔσται.
1580 4504 1687 4559 Kal
1706 4497 1795 4560 οὗ·

1908 4529 1995 4585 per
2020 4528 2142 4568 eum
2174 4530 2187 4565 :
2224 4511 2539 4565 immundus
2570 4522 2685 4576 est;
2733 4509 3075 4565 immunditia
3122 4515 3285 4578 super
3332 4521 3458 4562 eum

227 4613 308 4659 τος
330 4599 358 4651 ό
404 4597 592 4668 νόμος.
635 4597 954 4669 Ἄνθρωπος
998 4597 1093 4650 ἐὰν
1120 4598 1361 4669 ἀποθάνῃ
1400 4600 1459 4651 ὲν
1487 4597 1653 4669 οἰκίᾳ,
1684 4599 1793 4662 πᾶς

227 4691 670 4764 είσπορευόμενος
716 4692 796 4755 είς
831 4691 927 4762 τὴν
955 4692 1151 4756 οἰκίαν,
1184 4692 1278 4745 καὶ
1309 4692 1487 4746 πάντα
1524 4692 1625 4744 ὅσα
1644 4691 1792 4744 ἐστὶν

227 4782 359 4854 ὲντῇ
382 4784 551 4857 οἰκίᾳ,
587 4781 874 4854 ἀκάθαρτά
914 4785 1059 4836 ἐστιν
1098 4784 1235 4838 ἑπτὰ
1271 4784 1501 4855 ἡμέρας.
1530 4785 1653 4851 ,Καὶ
1683 4785 1791 4837 πᾶν

228 4872 410 4937 σκεῦος
465 4874 833 4947 ἁνεῳγμένον,
877 4874 977 4927 ὅσα
1023 4875 1143 4945 οὐχὶ
1183 4873 1366 4945 δεσμῴ
1416 4874 1788 4941 καταδέδεται,

226 4963 502 5037 ἀκάθαρτα
531 4964 704 5018 ἔσται.
744 4965 854 5018 Καὶ
891 4967 999 5029 πᾶς
1034 4965 1092 5029 ὃς
1145 4966 1211 5020 ἂν
1238 4967 1456 5038 ἅψηται
1487 4969 1580 5021 ἐπὶ
1621 4970 1791 5041 πρόσ-

229 5072 363 5110 ωπον
387 5056 484 5110 τοῦ
519 5057 702 5110 πεδίου
742 5058 1075 5129 τραυματίου
1116 5059 1408 5131 ῥομφαίας,
1437 5060 1470 5132 ἢ
1498 5062 1712 5133 νεκροῦ,
1754 5061 1787 5133 ἢ

230 5150 401 5203 ὀστέου
462 5150 894 5222 ἀνθρωπίνου,ἢ
944 5153 1242 5222 μνήματος,
1296 5151 1789 5226 ἁκάθαρτός·ὲστιν

232 5239 355 5291 έπτά
392 5239 628 5311 ἡμέρας.
661 5240 773 5292 Καὶ
809 5239 1067 5312 λήψονται
1106 5240 1184 5311 τῷ
1231 5240 1525 5313 ἀκαθάρτῳ
1551 5242 1658 5295 ἀπὸ
1691 5241 1789 5312 τῆς

232 5331 439 5395 σποδιάς
470 5332 569 5402 τῆς
618 5331 1109 5403 κατακεκαυμένης
1132 5331 1221 5384 τοῦ
1253 5333 1540 5403 ἁγνισμοῦ,
1571 5334 1667 5386 καὶ
1695 5336 1789 5388 ὲκ-

232 5423 428 5491 χέουσιν
456 5407 626 5495 αὐτὴν
649 5424 730 5486 είς
750 5422 943 5487 σκεῦος
982 5423 1079 5492 (2),
1110 5424 1201 5477 καὶ
1228 5424 1483 5496 λήψονται
1517 5425 1785 5479 ὕσσωπον·

232 5514 315 5567 καὶ
343 5513 502 5584 pater
541 5514 683 5586 ἀνὴρ
725 5513 986 5586 καθαρὸς,
1026 5515 1120 5569 καὶ
1146 5518 1465 5589 περιρρανεῖ
1488 5518 1580 5570 ἐπὶ
1600 5515 1690 5571 τὸν
1714 5512 1792 5570 οϊ-

1896 4606 2020 4661 erit.
2058 4604 2124 4658 Et
2156 4604 2272 4658 haec
2313 4610 2396 4658 est
2454 4603 2561 4658 lex.
2611 4602 2785 4657 llomo
2825 4603 2872 4658 si
2921 4609 3170 4655 mortuus
3204 4599 3368 4653 fuerit
3400 4597 3459 4651 in

1896 4695 2079 4758 domo,
2113 4695 2293 4749 omnis
2320 4692 2628 4764 ingrediens
2660 4693 2715 4745 in
2742 4692 2987 4756 domum,
3026 4696 3080 4744 et
3125 4688 3304 4743 omnia
3338 4701 3459 4757 qua

1896 4796 2024 4845 sunt
2055 4787 2111 4841 in
2141 4786 2343 4851 domo,
2378 4784 2658 4839 immunda
2705 4791 2832 4838 sunt
2879 4788 3087 4851 septem
3137 4780 3350 4835 diebus.
3391 4777 3458 4831 Et

1897 4896 2057 4936 omne
2091 4888 2185 4934 'vas
2210 4885 2479 4948 apertum,
2512 4889 2848 4947 quacunque
2886 4888 2994 4928 non
3027 4871 3246 4926 vinculo
3283 4870 3456 4942 (oper-

1897 4973 2026 5045 culi)
2055 4972 2271 5042 alligata
2296 4978 2445 5035 sunt,
2473 4967 2751 5023 immunda
2777 4972 2958 5021 erunt.
2993 4963 3058 5018 Et
3082 4963 3260 5019 omnis
3280 4961 3373 5032 qui
3399 4960 3458 5018 in

1896 5079 2026 5135 agro
2058 5063 2298 5134 tetigerit
2323 5061 2568 5116 occisum
2598 5056 2778 5129 gladio
2821 5056 3162 5120 vulneribus,
3202 5054 3284 5109 vel
3309 5068 3461 5108 mor-

1895 5161 2070 5220 tuum,
2098 5153 2184 5207 vel
2213 5166 2400 5206 ossum
2448 5148 2683 5203 hominis
2713 5153 2808 5200 aut
2836 5146 3143 5214 sepulcrum
3168 5161 3184 5210 ;
3215 5143 3458 5198 immun-

1895 5243 1998 5299 dus
2030 5242 2134 5296 erit
2162 5241 2352 5295 diebus
2396 5246 2623 5308 septem.
2663 5234 2728 5290 Et
2758 5243 2975 5290 sument
3014 5248 3112 5304 pro
3152 5233 3455 5298 immundo,

1894 5335 1964 5390 dc
1992 5333 2177 5389 cinere
2197 5332 2494 5387 combusta:
2537 5329 2811 5401 (juvenem)
2853 5327 3268 5399 puriﬁcationis,
3300 5325 3460 5381 εει-οε·-

1896 5426 2127 5480 fundent
2155 5439 2278 5478 eum
2304 5424 2359 5476 in
2381 5437 2495 5486 vas,
2523 5429 2579 5477 et
2611 5427 2830 5477 sument
2856 5419 3175 5491 hyssopum,
3206 5426 3261 5472 et
3285 5418 3457 5486 tinget

1895 5518 1980 5572 vir
2006 5530 2178 5587 purus
2206 5522 2261 5570 et
2297 5515 2755 5586 circumasperget
2782 5526 2946 5582 super
2967 5511 3189 5568 domum
3214 5516 3269 5566 et
3291 5522 3458 5579 super

298 5669 339 5699 ³³
377 5670 551 5731 Levit.
594 5686 694 5743 XII,
758 5670 809 5734 l,
847 5670 903 5723 2.
982 5671 1026 5702 ιδ
1061 5668 1196 5726 Ibid.
1237 5668 1290 5736 6,
1333 5671 1385 5729 7.
1462 5672 1508 5703 "
1540 5670 1703 5727 Num.
1742 5666 2051 5738 xtx,l0-2l.

297 5808 366 5877 (2)
396 5808 829 5879 Lngxxlewtv
855 5811 940 5867 in‘
962 5809 1129 5884 αὐτὴν
1152 5810 1291 5886 ὕδωρ
1319 5811 1426 5882 ζῶν
1456 5815 1534 5877 εἰς
1568 5810 1777 5881 σκεῦος,

1908 5813 1971 5884 :17
1968 5812 2159 5881 audent
2180 5828 2332 5884 super
2350 5829 2467 5868 tum
2489 5811 2769 5885 (cinerem)
2786 5827 2976 5886 aquam
2993 5810 3236 5865 viventem
3257 5810 3308 5863 in
3340 5827 3446 5867 ras.
