3942 6258
502 333 565 390 31
1136 336 1406 393 EUSEBII
1440 337 1922 396 CAESARIENSIS
1957 339 2108 397 OPP.
2151 341 2523 420 PARS‘Hr—
2558 339 3061 399 APOLOGETICA.
3675 348 3745 399 3'2

501 468 632 510 vasa
658 462 712 510 et
737 469 902 526 super
929 457 1141 512 animas
1166 467 1432 529 quotquot
1466 459 1668 517 fuerint
1699 460 1794 524 ibi,
1827 467 1882 516 et
1904 475 2027 530 supr

2130 477 2284 522 ικον,
2317 462 2409 513 καὶ
2460 459 2527 512 τὰ
2589 461 2779 532 σκεύη,
2814 461 2908 514 καὶ
2953 461 3052 524 τὰς
3084 459 3281 531 ψυχὰς,
3323 462 3438 514 ὅσοι
3486 461 3581 514 ἐὰν
3610 455 3744 513 ὦσιν

501 559 623 599 eum
655 547 750 616 qui
778 547 954 619 tetigit
994 563 1180 604 ossum
1219 552 1476 617 hominis,
1526 562 1620 608 aut
1653 558 1892 610 occisum
1937 555 2058 607 vul-

503 655 669 705 nere,
718 649 813 696 aut
869 650 1164 707 mortuum,
1209 652 1303 698 aut
1355 647 1685 717 sepulcrum.
1722 648 1788 702 Et
1833 650 2064 705 circum-

502 739 750 804 asperget
772 734 1007 792 mundus
1029 753 1192 806 super
1221 737 1561 794 immundum
1591 743 1678 798 die
1701 745 1862 798 tertio
1886 753 1941 799 et
1972 747 2059 801 die

502 823 734 891 septimo
784 842 799 879 :
852 831 907 879 et
963 825 1162 879 lavabit
1211 828 1532 885 vestimenta
1586 847 1706 894 sua,
1758 843 1810 888 et
1858 849 2058 904 corpus

501 929 658 968 suum
689 915 886 971 lavabit
919 932 1080 987 aqua,
1119 925 1172 972 et
1224 920 1474 990 impurus
1504 925 1607 978 erit
1647 942 1820 996 usque
1848 928 1914 981 ad
1959 945 2054 983 ve-

499 1020 734 1073 speram.
764 1007 831 1062 Et
852 1009 1013 1064 homo
1027 1011 1448 1082 quiinquinatus
1474 1015 1657 1083 fuerit,
1682 1027 1736 1072 et
1758 1035 1866 1073 non
1893 1019 2055 1076 fuerit

497 1100 836 1168 purificatus,
870 1105 1322 1161 exterminabitur
1376 1107 1556 1162 anima
1601 1109 1691 1163 illa
1724 1127 1790 1166 ex
1821 1127 2054 1182 synago-

494 1207 580 1260 ga,
637 1195 892 1262 quoniam
924 1210 1064 1264 aqua
1114 1200 1447 1267 aspersionis
1483 1217 1588 1256 non
1619 1203 2054 1275 circumaspersa

493 1289 577 1337 (νει
607 1299 772 1354 super
799 1302 947 1341 eum.
982 1287 1048 1343 Et
1079 1292 1182 1346 erit
1211 1293 1365 1349 vobis
1397 1293 1694 1362 legitimum
1753 1295 1855 1350 hoc
1907 1314 2052 1352 sem-

492 1374 762 1442 piternum
787 1379 850 1432 η.
889 1397 908 1430 ι
943 1379 1065 1436 Hrcc
1096 1383 1185 1437 ubi
1218 1385 1394 1439 sancit
1419 1385 1613 1448 Moses.
1642 1389 1802 1443 etiam
1831 1389 2053 1446 modum

491 1481 646 1535 aquae
673 1469 1012 1537 aspersionis
1035 1475 1362 1542 praescribit.
1391 1476 1552 1533 Jubet
1583 1480 1724 1534 enim
1752 1480 2047 1550 juvencam

488 1556 668 1612 rufam
701 1575 821 1629 qua:
844 1577 952 1616 non
984 1564 1141 1620 habet
1173 1566 1226 1620 in
1258 1583 1316 1622 se
1361 1568 1570 1633 vitium,
1613 1571 1844 1626 cremari
1877 1579 2046 1626 totam

485 1657 537 1704 et
565 1649 632 1705 de
659 1651 844 1708 cinere
889 1655 1008 1724 ejus
1053 1657 1288 1729 inspergi
1342 1675 1560 1730 aquam,
1610 1677 1716 1732 qua
1768 1663 2046 1732 purificari

483 1743 880 1799 contaminatos
909 1760 938 1799 a
971 1748 1202 1803 mortuis
1235 1758 1467 1819 oportet.
1503 1751 1621 1816 Quo
1646 1761 1822 1808 autem
1850 1754 1902 1807 in
1925 1755 2045 1808 loco

2169 549 2302 611 ἐκεῖ,
2347 551 2439 602 καὶ
2475 552 2566 604 ἐπὶ
2592 551 2684 605 τὸν
2726 553 2969 622 ἡμμένον
2994 552 3085 605 τοῦ
3117 551 3304 606 ὀστέου
3337 553 3429 605 τοῦ
3462 553 3741 625 ἀνθρωπί-

2167 659 2280 706 νου,
2303 642 2334 713 ῆ
2362 641 2454 694 τοῦ
2480 643 2839 713 τραυματίου,
2867 645 2899 714 ἢ
2922 644 3014 700 τοῦ
3041 645 3382 716 τεθνηκότος,
3412 645 3446 716 ἢ
3475 644 3566 698 τοῦ
3597 648 3736 716 μνήι

2169 752 2354 805 ματος.
2396 737 2504 788 Καὶ
2522 739 2838 808 περιρῤανεῐ
2867 739 2895 790 ὁ
2925 737 3160 809 καθαρὸς
3185 738 3278 790 ἐπὶ
3301 738 3392 790 τὸν
3431 737 3738 809 ἀκάθαρτον

2165 829 2222 880 ἐν
2243 830 2307 898 τῇ
2347 827 2528 900 ἡμέρᾳ
2572 832 2637 899 τῇ
2670 831 2849 903 τρίτῃ,
2884 830 2975 882 καὶ
2996 832 3052 884 ἐν
3077 834 3142 900 τῇ
3185 829 3368 900 ἡμέρᾳ
3412 833 3478 900 τῇ
3508 829 3732 902 ἐϐδόμῃ,

2163 918 2256 970 καὶ
2290 917 2480 971 πλυνεῖ
2505 917 2572 972 τά
2607 921 2795 990 ἱμάτια
2828 919 3039 984 ἐαυτοῦ,
3072 922 3165 974 καὶ
3196 921 3443 974 λούσεται
3479 922 3540 974 τὸ
3575 921 3737 990 σῶμα

2163 1004 2313 1060 ὕδατι
2339 1048 2353 1072 ,
2389 1008 2482 1061 καὶ
2527 1010 2835 1082 ἀκάθαρτος
2876 1011 3026 1065 ἔσται
3067 1012 3170 1076 ἓως
3215 1013 3472 1086 ἑσπέρας.
3500 1015 3609 1068 Ka‘t
3641 1015 3735 1068 ἄν·

2161 1094 2376 1166 θρωπος
2403 1097 2498 1152 ἐὰν
2538 1101 2758 1172 μιανθῇ,
2793 1103 2888 1154 καὶ
2922 1103 2994 1174 μὴ
3046 1104 3370 1175 ἁφαγνισθῇ,
3419 1104 3731 1177 ἐξολοθρευ-

2160 1187 2379 1260 θήσεται
2422 1193 2454 1262 ή
2508 1192 2652 1264 ψυχὴ
2686 1194 2866 1265 ἐκείνη
2889 1196 2951 1248 ἐκ
2979 1195 3077 1264 τῆς
3109 1197 3449 1266 συναγωγῆς,
3473 1198 3554 1250 ὅτι
3585 1198 3732 1270 ὕδωρ

2159 1282 2452 1353 ῥαντισμοῦ
2491 1285 2551 1336 οὐ
2593 1286 3049 1358 περιερραντίσθη
3086 1288 3170 1340 ἐπ’
3199 1289 3378 1341 αὐτόν.
3418 1290 3528 1342 Καὶ
3575 1289 3728 1346 ἔσται

2158 1373 2285 1445 ὑμῖν
2313 1376 2540 1447 νόμιμον
2567 1377 2798 1430 αἰώνιον.
2830 1399 2847 1430 ι
2871 1379 3054 1437 Ταῦτα
3074 1381 3313 1450 Μωῦσῆς
3339 1382 3726 1454 νομοθετήσας,

2153 1466 2243 1519 τὸν
2271 1466 2468 1538 τρόπον
2513 1467 2605 1522 τοῦ
2636 1469 2826 1533 ὓδατος
2872 1472 2964 1524 τοῦ
3004 1473 3296 1543 ῥαντισμοῦ
3326 1475 3726 1532 ἐπεκδιδάσκειο

2153 1558 2383 1629 δάμαλιν
2425 1561 2639 1634 πυρρὰν
2671 1561 2897 1634 ἄμωμον
2913 1564 3333 1620 ὁλοκαυτοῦσθαι
3351 1570 3723 1639 προστάττων,

2153 1650 2247 1702 καὶ
2272 1650 2379 1704 ἀπὸ
2405 1651 2506 1722 τῆς
2532 1653 2754 1716 σποδιάς
2794 1655 2963 1726 αὐτῆς
2988 1657 3350 1727 ἐμϐάλλεσθαι
3382 1659 3458 1731 τῷ
3489 1661 3639 1715 ὕδατι
3665 1663 3726 1729 ἐξ

2152 1734 2212 1794 οῦ
2257 1743 2454 1814 χρῆναι
2495 1745 2852 1816 καθαίρεσθαι
2877 1749 3004 1812 τοὺς
3040 1751 3132 1802 ἐπὶ
3165 1751 3341 1822 νεκρῷ
3383 1753 3725 1826 μεμολυσμέ-

484 1830 564 1887 fas
595 1833 665 1888 sit
690 1833 978 1904 juvencam
1010 1843 1352 1905 comburere,
1377 1844 1458 1896 vel
1485 1843 1574 1898 ubi
1607 1860 1928 1914 puerperam
1960 1846 2027 1900 of-

2146 1851 2288 1897 νους.
2325 1835 2433 1887 Ποῦ
2488 1836 2545 1889 δὲ
2603 1838 2708 1909 χρὴ
2743 1838 3164 1894 ὁλοκαυτοῦσθαι
3191 1843 3286 1914 τὴν
3321 1844 3569 1916 δάμαλιν,
3616 1847 3721 1901 ποῦ

479 1919 623 1980 ferre
671 1927 960 1994 sacrificia,
993 1938 1046 1984 et
1081 1933 1169 1987 ubi
1194 1941 1418 1990 caeteros
1448 1935 1562 2004 lege
1593 1938 1938 2006 praescriptos
1967 1938 2044 1991 ri-

478 2023 567 2072 tus
622 2019 776 2074 obire
833 2021 1025 2077 deceat
1077 2031 1131 2080 et
1185 2027 1430 2095 exsequi,
1468 2029 1610 2096 quod
1649 2029 1752 2083 hoc
1784 2045 1892 2082 non
1927 2045 2046 2099 per-

477 2109 704 2165 missum
735 2113 807 2168 sit
839 2113 1018 2170 facere
1050 2118 1363 2187 promiscue
1389 2121 1634 2189 quolibet
1681 2121 1736 2175 in
1767 2122 1910 2185 loco,
1946 2122 2041 2178 sed

475 2203 531 2255 in
567 2219 676 2258 uno
711 2222 870 2276 quem
902 2210 1018 2278 ipse
1046 2211 1398 2280 determinat;
1450 2215 1796 2284 perspicuum
1844 2223 1927 2270 est
1974 2231 2039 2270 ex

477 2293 544 2349 iis
577 2313 696 2366 quae
735 2299 852 2370 lege
887 2303 1129 2374 praacipit
1160 2321 1282 2360 cum
1325 2307 1400 2360 ait
1445 2308 1486 2338 ¹⁷
1532 2327 1544 2362 :
1602 2327 1620 2358 ι
1661 2307 1723 2360 Ει
1751 2309 1855 2364 erit
1886 2308 2040 2364 locus

470 2403 850 2460 quemcunque
879 2393 1102 2464 elegerit
1131 2396 1391 2453 Dominus
1425 2397 1566 2454 Deus
1621 2407 1768 2465 tuus,
1803 2409 1860 2454 ut
1888 2403 2041 2456 invo-

471 2484 624 2532 cetur
655 2495 851 2535 nomen
883 2482 1002 2552 ejus
1033 2485 1129 2552 ibi,
1155 2486 1282 2544 illuc
1319 2488 1504 2544 feretis
1528 2491 1733 2555 omnia,
1781 2507 1902 2562 qua:
1934 2508 2037 2564 ego

470 2569 668 2624 mando
699 2572 856 2628 vobis
895 2575 1076 2633 hodie.
1118 2597 1136 2630 ›
1172 2578 1308 2634 Hinc
1336 2590 1594 2637 accurate
1621 2583 1712 2638 illa
1759 2599 1884 2639 cum
1933 2602 2034 2641 ex-

469 2661 761 2728 posuisset,
817 2666 1102 2739 subjungit
1135 2670 1223 2725 ηε
1277 2689 1295 2723 ι
1351 2671 1584 2729 Attende
1632 2675 1730 2729 tibi
1784 2676 1912 2746 ipsi,
1964 2693 2035 2733 ne

470 2750 666 2807 offeras
718 2755 1155 2814 holocautomata
1201 2769 1316 2824 tua,
1366 2765 1680 2836 ubicunque
1729 2769 2030 2838 aspexeris,

469 2841 563 2896 sed
595 2844 649 2898 in
679 2846 796 2901 loco
824 2864 982 2917 quem
1022 2851 1280 2923 delegerit
1313 2853 1572 2912 Dominus
1618 2858 1760 2916 Deus
1800 2872 1946 2927 tuus,
1976 2863 2030 2917 in

468 2946 572 2985 una
612 2936 892 2992 civitatum
945 2947 1182 3007 tuarum,
1233 2942 1309 2998 ibi
1354 2944 1549 3002 offeres
1591 2947 2029 3022 holocantomata

463 3031 576 3089 tua,
611 3036 663 3082 et
697 3028 771 3083 ibi
796 3029 964 3086 facies
983 3033 1166 3088 omnia
1195 3050 1535 3110 quaecunque
1565 3055 1666 3108 ego
1707 3043 1906 3100 mando
1928 3047 2026 3100 tibi

464 3116 642 3173 hodie.
681 3137 699 3170 ι
732 3119 898 3176 Addit
928 3138 1091 3192 porro
1143 3127 1232 3181 ’νε
1283 3143 1303 3180 ι
1345 3127 1462 3184 Νοη
1509 3133 1713 3202 poteris
1767 3136 1914 3192 vesci
1969 3136 2024 3192 in

2144 1925 2200 1978 δὲ
2228 1926 2323 1998 τὴν
2353 1930 2409 1980 ἐν
2445 1928 2589 1999 λέχει
2623 1931 2954 2003 προσφέρειν
3001 1934 3096 1998 τὰς
3149 1935 3358 2002 θυσίας,
3412 1938 3515 1996 ποῦ
3549 1940 3606 1994 δέ
3650 1943 3719 1994 τὰ

2143 2017 2304 2071 λοιπὰ
2326 2019 2533 2088 νόμιμα
2582 2021 2872 2084 συντελεῖν,
2901 2023 2980 2076 ὅτι
3009 2023 3082 2094 μὴ
3119 2025 3424 2099 ἀδιαφόρως
3460 2030 3516 2081 ἐν
3558 2048 3721 2086 nave;

2139 2110 2311 2182 τόπῳ,
2338 2111 2449 2170 ἀλλ’
2475 2114 2532 2164 ἐν
2567 2112 2712 2182 μόνῳ
2745 2113 2845 2174 ἐνὶ.
2879 2107 2923 2182 ᾧ
2950 2117 3110 2179 αὐτὸς
3137 2118 3402 2188 ἀφορίζει,
3439 2121 3594 2193 δῆλον
3625 2125 3716 2192 ἀφ’

2141 2192 2215 2252 ὧν
2259 2199 2538 2270 νομοθετεῖ
2580 2199 2783 2270 λέγων·
2827 2222 2845 2253 ι
2884 2205 2992 2258 Ka‘t
3049 2205 3199 2260 ἔσται
3250 2210 3277 2260 6
3319 2209 3479 2271 τόπος
3520 2212 3578 2265 ὃν
3621 2214 3716 2268 ἐὰν

2139 2291 2424 2358 ἐκλέξηται
2458 2292 2662 2362 Κύριος
2681 2297 2708 2346 ὁ
2727 2294 2858 2359 Θεὸς
2885 2297 3060 2365 ὑμῶν,
3091 2299 3147 2350 ἐν
3175 2299 3319 2370 αὑτῷ
3353 2302 3712 2374 ἐπικληθῆναι

2136 2382 2197 2434 τὸ
2223 2382 2394 2453 ὄνομα
2417 2383 2602 2444 αὑτοῦ,
2637 2386 2754 2438 ἐκεῖ
2789 2385 2960 2438 οἴσετε
2996 2387 3171 2442 πάντα
3203 2390 3304 2443 ὅσα
3333 2390 3442 2460 ἐγὼ
3473 2393 3712 2448 ἐντέλλο-

2139 2491 2237 2545 μαι
2262 2474 2391 2544 ὑμῖν
2422 2475 2680 2548 σήμερον.
2710 2495 2728 2528 ι
2765 2478 2875 2530 Kal
2898 2477 3418 2552 διαστέλλεταιὲξῆς
3446 2485 3709 2558 ἀκριϐῶς,

2134 2567 2436 2636 ἐπιλέγων’
2472 2587 2490 2620 ι
2529 2569 2769 2642 Πρόσεχε
2809 2572 3040 2643 σεαυτῷ,
3084 2575 3291 2644 μήποτε
3323 2579 3620 2652 ἀνενέγκῃς
3644 2582 3712 2634 τά

2133 2659 2559 2733 ὁλοκαυτώματα
2591 2680 2708 2727 σου,
2748 2656 2809 2716 οὗ
2843 2663 2907 2717 ἃν
2940 2665 3076 2736 ἴδῃς,
3107 2667 3220 2720 ἀλλ’
3248 2669 3280 2739 ἢ
3323 2672 3401 2734 είς
3428 2671 3517 2724 τὸν
3544 2677 3709 2725 τόπον

2131 2752 2188 2806 ὃν
2215 2753 2307 2805 ἐὰν
2333 2753 2616 2824 ἐκλέξηται
2665 2754 2868 2827 Κύριος
2905 2758 2933 2809 6
2981 2756 3112 2822 Θεός
3160 2777 3251 2812 σου
3298 2761 3479 2828 αὑτὸν,
3517 2765 3575 2817 ἐν
3611 2768 3711 2836 μιᾷ

2130 2843 2239 2897 τῶν
2269 2844 2475 2898 πόλεών
2503 2863 2616 2911 σου,
2649 2847 2764 2899 ἐκεῖ
2784 2847 3016 2912 ἀνοίσεις
3045 2849 3114 2904 τὰ
3139 2851 3562 2926 ὁλοκαυτώματα
3587 2873 3705 2922 σου,

2131 2937 2224 2991 καὶ
2257 2941 2372 2992 ἐκεῖ
2404 2941 2648 3010 ποιήσεις
2685 2942 2861 2996 πάντα
2905 2943 3004 3006 ὅσα
3033 2943 3347 3016 ἐντέλλομαι
3378 2947 3506 3016 ὑμῖν
3535 2950 3708 3020 σήμε-

2135 3046 2244 3099 ρον.
2277 3049 2294 3080 ι
2326 3031 2458 3095 Καὶ,
2484 3031 2806 3105 προστίθησι
2853 3032 3057 3102 λέγων·
3091 3053 3111 3086 ι
3143 3036 3217 3089 Οὐ
3273 3035 3474 3109 δυνήσῃ
3509 3042 3706 3108 φαγεῖν

2131 3123 2188 3176 ἐν
2217 3123 2417 3186 πάσαις
2443 3125 2567 3188 ταῖς
2601 3124 2787 3178 πόλεσι
2817 3125 2878 3178 τὸ
2905 3126 3225 3182 ἐπιδέκατον
3258 3127 3352 3181 τοῦ
3402 3129 3549 3183 σίτου
3583 3147 3700 3188 σου.

460 3209 774 3267 civitatibus
808 3212 919 3269 tuis
947 3215 1278 3285 quibuslibet
1320 3207 1735 3280 decimationem
1767 3225 2023 3282 frumenti

2130 3215 2220 3268 καὶ
2249 3215 2340 3268 τοῦ
2359 3214 2500 3268 οἴνου
2536 3233 2650 3280 σου,
2680 3218 2775 3270 καὶ
2801 3217 2894 3271 τοῦ
2930 3219 3107 3272 ἐλαίου
3139 3236 3255 3283 σου,
3287 3219 3356 3274 τά
3382 3220 3704 3291 πρωτότοκα

460 3301 559 3366 tui,
587 3317 687 3358 nec
714 3305 825 3359 vini
843 3307 919 3360 tui
944 3318 1038 3362 aut
1061 3309 1164 3366 olei
1189 3312 1264 3366 tui
1294 3330 1307 3366 :
1333 3313 1689 3386 primogenita
1709 3318 1872 3373 boum
1897 3325 2023 3374 tuo-

457 3406 580 3448 rum
613 3401 670 3449 et
696 3396 878 3452 ovium
907 3406 1146 3467 tuarum,
1177 3413 1230 3458 et
1260 3405 1444 3460 omnia
1481 3417 1607 3462 vota
1641 3415 1731 3463 tua
1761 3426 2023 3481 quaecun-

455 3500 563 3554 que
587 3489 870 3553 voveritis,
895 3497 950 3546 et
975 3492 1353 3552 confessiones
1385 3504 1599 3554 vestras
1651 3509 1706 3556 et
1752 3505 2022 3572 primitias

455 3591 714 3634 manuum
769 3591 1094 3641 vestrarum.
1151 3585 1256 3642 Sed
1308 3597 1435 3646 ante
1502 3590 1790 3649 Dominum
1848 3597 2018 3654 Deum

454 3675 607 3722 tuum
661 3673 888 3730 comede
934 3675 1025 3732 illa
1077 3677 1132 3732 in
1181 3678 1324 3746 loco,
1375 3699 1538 3753 quem
1594 3685 1857 3758 delegerit
1909 3689 2019 3746 Do-

453 3759 636 3816 minus
685 3761 828 3820 Deus
890 3773 1018 3823 tuus
1076 3770 1201 3835 sibi,
1247 3779 1304 3826 tu
1357 3781 1408 3828 et
1471 3773 1564 3830 filii
1616 3779 1718 3841 tui,
1772 3779 1880 3834 ﬁlia
1926 3789 2020 3838 tua

453 3859 508 3906 et
564 3869 756 3910 servus
817 3865 966 3924 tuus,
1019 3868 1183 3930 atque
1227 3865 1422 3919 ancilla
1472 3874 1566 3922 tua
1615 3877 1668 3924 et
1711 3875 2019 3945 proselytus

453 3942 511 3997 in
567 3945 792 4001 urbibus
841 3949 970 4002 tuis.
1013 3969 1032 4003 ι
1087 3951 1292 4010 Deinde
1348 3959 1595 4014 oratione
1662 3942 2016 4034 progressus,

451 4033 595 4103 quod
625 4035 830 4091 dielum
859 4051 944 4095 est
963 4043 1268 4110 confirmat,
1306 4047 1434 4102 dum
1464 4051 1545 4105 sic
1575 4053 1651 4107 ait
1679 4072 1691 4108 :
1725 4074 1745 4107 ι
1774 4033 2014 4114 Verum-7

452 4133 632 4181 tamen
663 4139 851 4184 saneta
882 4141 974 4187 tua
1003 4150 1125 4190 cum
1170 4137 1370 4194 fuerint
1401 4141 1518 4209 tibi,
1541 4154 1594 4199 et
1623 4161 1744 4201 cum
1774 4159 1898 4205 vota
1924 4162 2013 4208 tua

451 4224 780 4290 susceperis,
830 4227 1014 4282 venies
1046 4229 1112 4283 ad
1160 4231 1335 4287 locum
1365 4251 1526 4304 quem
1568 4239 1787 4311 elegerit
1836 4243 2016 4302 Domi-

451 4325 554 4364 nus
615 4310 756 4369 Deus
806 4323 933 4373 tuus
985 4320 1086 4374 sibi
1113 4321 1178 4376 ³⁸.
1211 4341 1230 4375 ι
1259 4323 1324 4377 Ει
1380 4341 1570 4384 rursus
1619 4310 1700 4384 τί(
1741 4331 2008 4390 Decimam

446 4401 742 4460 decimabis
772 4408 1010 4465 universi
1045 4410 1187 4468 fetus
1215 4415 1439 4470 seminis
1462 4419 1568 4485 tui;
1600 4419 1764 4476 fetum
1795 4426 1908 4496 agri
1933 4427 2008 4481 tui

445 4498 738 4562 quotannis
761 4501 1011 4556 comedes
1052 4504 1226 4573 ipsum
1260 4507 1311 4561 in
1341 4520 1633 4580 conspectu
1672 4512 1884 4570 Domini
1914 4516 2006 4573 Dei

447 4587 546 4646 tui,
580 4602 646 4641 eo
682 4589 734 4642 iu
760 4590 880 4646 loco
907 4610 1066 4662 quem
1098 4598 1322 4668 elegerit
1352 4599 1612 4661 Dominus
1639 4605 1778 4662 Deus
1796 4617 1922 4665 tuus
1939 4612 2006 4666 ad

445 4677 804 4736 invocandum
835 4684 886 4753 2
920 4701 1115 4741 nomen
1172 4706 1329 4744 suum
1375 4693 1447 4748 ibi
1481 4697 1548 4751 ¹¹.
1597 4717 1616 4749 ι
1665 4697 1866 4756 Deinde
1914 4705 2008 4759 ubi

443 4775 710 4838 reputavit
741 4776 866 4841 quid
907 4776 1083 4831 facere
1116 4792 1382 4849 oporteat,
1419 4787 1465 4840 si
1522 4788 1568 4843 is
1617 4790 1771 4848 locus
1801 4794 1868 4849 de
1897 4812 2010 4864 quo

441 4861 619 4930 agitur
673 4868 934 4921 remotior
985 4869 1166 4936 fuerit,
1215 4873 1428 4946 frugum
1489 4891 1667 4937 autem
1708 4897 2006 4955 proventus

441 4951 664 5018 multus,
699 4963 757 5007 ut
808 4957 1062 5013 videlicet
1110 4963 1270 5018 domo
1315 4966 1382 5022 ad
1431 4969 1606 5025 locum
1661 4951 1754 5029 Dei
1810 4977 2003 5034 afferre

439 5050 684 5110 opm-teat
717 5061 928 5104 annuos
954 5049 1164 5110 fructus
1196 5060 1629 5127 sacrificationis,
1649 5066 1716 5122 de
1750 5068 1851 5124 hoc
1874 5070 2002 5125 item

439 5132 579 5188 hanc
609 5141 895 5194 constituit
926 5143 1092 5214 legem
1127 5167 1138 5201 :
1172 5167 1191 5199 ι
1230 5149 1284 5204 Si
1325 5170 1452 5208 vero
1501 5156 1658 5228 longe
1688 5175 1718 5212 a
1753 5168 1805 5216 te
1835 5161 2001 5217 fuerit

438 5225 543 5288 via,
576 5242 749 5297 neque
792 5235 969 5300 possis
995 5252 1056 5290 ea
1089 5254 1498 5310 repraesentare,
1533 5262 1819 5319 propterea
1850 5255 1995 5318 quod

439 5316 595 5387 longe
638 5334 666 5372 a
714 5327 766 5375 te
818 5323 979 5380 fuerit
1037 5329 1209 5397 locus,
1236 5351 1395 5404 quem
1454 5316 1676 5409 elegerit
1733 5316 1994 5400 Dominus

437 5404 579 5460 Deus
608 5416 734 5464 tuus
772 5411 838 5466 ad
883 5414 1239 5476 invocandum
1273 5438 1467 5479 nomen
1517 5404 1675 5481 suum
1711 5427 1784 5482 ibi
1823 5448 1834 5483 :
1868 5430 1998 5484 tibi-

435 5513 540 5566 quc
567 5497 901 5559 benedixerit
933 5507 1193 5568 Dominus
1215 5513 1354 5571 Deus
1392 5524 1540 5580 tuus,
1572 5519 1772 5575 vendes
1802 5537 1864 5577 ea
1903 5537 1994 5575 ar-

435 5602 614 5664 gento,
644 5604 698 5651 et
725 5599 907 5670 capies
940 5615 1222 5676 argentum
1255 5610 1312 5664 in
1337 5626 1532 5668 manus
1555 5621 1695 5679 tuas,
1716 5621 1770 5670 et
1802 5615 1988 5671 venies

538 5711 777 5796 ’ξυιῖυῐξὶζ
820 5721 932 5788 xix,
969 5722 1022 5776 2.
1153 5727 1195 5758 ⁸⁷
1236 5725 1390 5784 Deut.
1432 5745 1527 5796 xu,
1570 5731 1657 5788 11.

1767 5734 1811 5767 ¹⁸
1848 5733 1984 5793 Ibid.
2027 5735 2109 5801 l5,
2153 5734 2238 5790 Η.

2124 3305 2231 3362 τῶν
2291 3307 2427 3378 βοῶν
2476 3325 2590 3371 σου,
2635 3311 2729 3364 καὶ
2765 3311 2873 3365 τῶν
2921 3311 3210 3383 προϐάτων
3247 3329 3362 3377 σου,
3388 3315 3483 3368 καὶ
3520 3315 3703 3379 πάσας

2123 3401 2220 3464 τὰς
2240 3403 2402 3473 εὐχάς
2435 3418 2528 3456 σου
2555 3404 2684 3467 ὅσας
2730 3403 2796 3457 ἂν
2851 3402 3101 3476 εῠξησθε,
3141 3406 3236 3459 καὶ
3269 3406 3370 3471 τὰς
3407 3407 3703 3478 ὁμολογίας

2124 3492 2298 3564 ὑμῶν,
2356 3495 2450 3548 καὶ
2494 3495 2594 3559 τὰς
2625 3495 2876 3567 ἀπαρχὰς
2921 3497 3027 3550 τῶν
3057 3498 3256 3569 χειρῶν
3293 3499 3445 3569 ὑμῶν
3470 3517 3482 3530 ο
3513 3500 3627 3554 ἀλλ’
3662 3503 3696 3573 ἢ

2123 3585 2358 3639 ἐναντίον
2370 3586 2572 3659 Κυρίου
2593 3587 2685 3640 τοῦ
2702 3587 2835 3641 Θεοῦ
2860 3605 2952 3642 σου
2976 3592 3122 3661 φαγῇ
3141 3590 3298 3656 αὐτὰ,
3315 3593 3371 3644 ἐν
3396 3585 3440 3660 ᾧ
3458 3591 3523 3646 ἂν
3547 3593 3700 3664 τόπῳ

2122 3677 2405 3748 ἐκλέξηται
2431 3678 2631 3750 Κύριος
2651 3681 2678 3732 ὁ
2700 3679 2830 3743 Θεός
2855 3697 2946 3733 σου
2964 3679 3162 3751 ἐαυτῷ,
3187 3681 3250 3734 σὺ
3278 3682 3371 3734 καὶ
3390 3683 3438 3736 oi
3457 3683 3559 3737 υἱοί
3576 3700 3696 3746 σου,

2121 3771 2214 3822 καὶ
2246 3772 2278 3840 ή
2323 3769 2566 3842 θυγάτηρ
2591 3789 2707 3834 σου,
2739 3773 2768 3824 6
2798 3775 2926 3836 παῖς
2958 3789 3071 3836 σου,
3103 3774 3196 3827 καὶ
3228 3774 3261 3845 ή
3289 3775 3547 3846 παιδίσκη
3575 3792 3696 3842 σου,

2122 3861 2214 3914 καὶ
2241 3864 2268 3914 ὁ
2304 3863 2636 3934 προσήλυτος
2681 3866 2709 3917 6
2755 3865 2810 3917 ἐν
2842 3868 2960 3927 ταῖς
3006 3865 3193 3918 πόλεσί
3241 3883 3352 3920 σου.
3399 3885 3418 3918 ι
3464 3868 3573 3920 Καὶ
3613 3868 3699 3924 ἐτι

2120 3951 2431 4025 προσελθὼν
2476 3953 2898 4022 ἐπασφαλίζεται
2943 3953 3033 4008 τὸν
3083 3953 3257 4022 λόγον,
3309 3957 3367 4009 ἐν
3409 3949 3453 4024 ᾧ
3492 3974 3692 4028 φησιν·

2124 4062 2143 4096 ι
2185 4043 2328 4114 Πλὴν
2361 4042 2428 4096 τὰ
2467 4042 2598 4112 ἅγιά
2630 4060 2722 4096 σου
2764 4043 2800 4096 ἃ
2829 4043 2894 4096 ἂν
2921 4043 3183 4112 γένωνταί
3217 4064 3318 4111 σοι,
3358 4048 3452 4102 καὶ
3479 4050 3577 4114 τὰς
3598 4051 3696 4104 εὑ-

2117 4137 2216 4208 χάς
2249 4152 2339 4188 σου
2370 4134 2570 4199 λαϐὼν,
2603 4135 2750 4206 ἣξεις
2781 4137 2860 4200 εἰς
2891 4137 2981 4190 τὸν
3013 4137 3206 4204 τόπον,
3226 4138 3286 4193 ὃν
3317 4138 3382 4193 ἂν
3408 4141 3693 4213 ἐκλέξηται

2115 4227 2357 4299 Κύριοςὸ
2375 4227 2507 4290 Θεός
2533 4243 2626 4279 σου
2653 4227 2846 4298 ἐαυτῷ.
2871 4248 2888 4280 ι
2911 4229 3019 4282 Καὶ
3035 4229 3238 4287 πάλινοΔ
3259 4250 3277 4282 ι
3301 4233 3542 4306 Δεκάτην
3557 4236 3698 4292 ἀπο-

2113 4318 2434 4385 δεκατώσεις
2464 4321 2662 4385 παντὸς
2701 4323 3035 4393 γεννήματος
3072 4324 3166 4377 τοῦ
3208 4326 3522 4398 σπέρματός
3554 4345 3649 4382 σου
3672 4347 3690 4362 ο

2111 4413 2171 4467 τὸ
2203 4414 2446 4484 γέννημα
2472 4411 2568 4466 τοῦ
2601 4412 2768 4486 ἀγροῦ
2813 4431 2904 4466 σου
2946 4413 3235 4489 [ἐνιαυτὸν]
3266 4421 3384 4471 κατ’
3412 4423 3652 4476 ἐνιαυτόν
3671 4464 3689 4478 .

2111 4505 2222 4558 Καὶ
2255 4507 2402 4575 φαγῇ
2431 4504 2561 4557 αὐτὸ
2592 4504 2829 4558 ἐναντίον
2860 4505 3064 4576 Κυρίου
3097 4506 3191 4560 τοῦ
3235 4509 3369 4563 Θεοῦ
3411 4528 3524 4577 σου,
3553 4513 3610 4566 ἐν
3641 4507 3692 4583 ᾧ

2108 4594 2174 4648 ἂν
2207 4596 2357 4666 τόπῳ
2389 4593 2670 4666 ἐκλέξηται
2708 4595 2908 4667 Κύριος
2947 4597 2976 4648 6
3016 4597 3146 4661 Θεός
3178 4615 3292 4662 σου,
3325 4601 3688 4675 ἐπικληθῆναι

2107 4688 2168 4740 τὸ
2200 4687 2369 4756 ὄνομα
2410 4687 2572 4740 αὑτοῦ
2624 4689 2757 4740 ἐκεῖ.
2794 4707 2811 4738 ι
2843 4684 2954 4741 Εἶτ’
2997 4689 3463 4763 ἐπιλογισάμενος,
3491 4695 3544 4748 τί
3575 4697 3686 4752 δέοι

2107 4779 2385 4850 πράττειν,
2411 4780 2457 4830 εί
2482 4779 2697 4850 μακρὰν
2719 4777 2966 4847 ἀφεστὼς
2991 4779 3074 4850 εἴη
3095 4781 3124 4832 ὁ
3152 4783 3282 4854 πρὸς
3309 4784 3470 4838 αὐτοῦ
3500 4785 3687 4859 δηλού-

2108 4887 2264 4940 μενος
2284 4870 2467 4934 τόπος,
2485 4871 2512 4921 ὁ
2541 4869 2595 4922 δὲ
2620 4870 2828 4941 καρπὸς
2855 4869 2961 4925 τῶν
2981 4875 3330 4944 γεννημάτων
3350 4876 3535 4941 πολὺς,
3564 4880 3682 4946 πῶς

2103 4963 2210 5019 δέοι
2242 4961 2638 5034 παρακομίζειν
2667 4960 2874 5014 οἴκοθεν
2901 4965 2979 5027 είς
2998 4964 3088 5018 τὸν
3111 4965 3203 5018 τοῦ
3223 4966 3356 5020 Θεοῦ
3376 4968 3538 5023 τόπον
3555 4974 3683 5037 τοὺς

2106 5053 2384 5116 ἐπετείους
2415 5052 2660 5125 καρποὺς
2687 5052 2784 5123 τῆς
2812 5052 3246 5123 ὁλοκαυτώσεως,
3272 5060 3365 5113 καὶ
3403 5064 3529 5134 περὶ
3557 5064 3681 5117 τού-

2103 5164 2194 5200 του
2233 5147 2378 5200 τόνδε
2409 5146 2588 5217 τίθησι
2620 5146 2710 5199 τὸν
2735 5146 2897 5217 νόμον
2918 5164 2930 5178 '
2967 5167 2984 5199 ι
3035 5149 3159 5203 Ἐὰν
3187 5150 3244 5203 δὲ
3271 5153 3485 5224 μακρὰν
3515 5155 3680 5229 γένη..

2101 5257 2188 5293 ται
2222 5239 2328 5294 ἀπὸ
2363 5239 2455 5298 σοῦ
2484 5240 2517 5308 ἡ
2549 5237 2687 5303 ὁδὸς,
2731 5240 2825 5296 καὶ
2859 5239 2933 5309 μὴ
2965 5239 3166 5312 δυνήσῃ
3195 5243 3486 5316 ἀναφέρειν
3512 5248 3673 5313 αὐτὰ,

2097 5333 2178 5385 ὅτι
2210 5333 2422 5403 μακρὰν
2449 5331 2555 5384 ἀπὸ
2579 5330 2671 5384 σοῦ
2703 5332 2732 5384 ὁ
2763 5333 2947 5396 τόπος,
2979 5333 3037 5384 ὃν
3069 5331 3134 5384 ἂν
3159 5333 3442 5407 ἐκλέξηται
3469 5339 3674 5412 Κύριος

2096 5426 2124 5477 ὁ
2144 5425 2274 5488 Θεός
2297 5441 2387 5477 σου
2403 5463 2417 5487 ,
2439 5423 2794 5494 ἐπικληθῆναι
2816 5425 2876 5477 τὸ
2897 5424 3064 5495 ὄνομα
3084 5427 3245 5481 αὐτοῦ
3271 5429 3404 5494 ἐκεῖ,
3427 5430 3507 5483 ὅτι
3529 5432 3674 5486 εὐλορ

2097 5520 2255 5589 γήσει
2277 5535 2334 5569 σε
2350 5517 2546 5588 Κύριος
2569 5515 2597 5568 ὁ
2615 5515 2746 5580 Θεός
2767 5533 2880 5581 σου,
2899 5517 2993 5569 καὶ
3017 5516 3314 5583 ἀποδώσεις
3338 5520 3475 5574 αὑτά
3494 5522 3670 5594 ἀργυο

2098 5613 2233 5684 ρίου,
2264 5612 2358 5665 xal
2382 5609 2524 5682 λήψῃ
2546 5610 2606 5663 τὸ
2635 5610 2892 5682 ἀργύριον
2912 5611 2970 5670 ἐν
2993 5613 3112 5674 ταῖς
3131 5613 3284 5684 χερσί
3313 5631 3426 5679 σου,
3451 5617 3544 5670 καὶ
3573 5633 3671 5672 πο-

2348 5733 2390 5764 ¹⁹
2433 5729 2569 5786 Ibid.
2621 5731 2708 5796 17,
2749 5731 2837 5787 18.
2946 5731 3168 5787 “Ibid.
3200 5731 3289 5789 26.
3421 5736 3461 5766 "
3506 5733 3663 5792 Deut.
