3942 6258
193 381 249 435 33
1066 372 1713 435 DEMONSTRATIONIS
1755 371 2212 433 EVANGELICE
2255 373 2381 429 LIB.
2422 371 2463 429 1.
3354 376 3424 428 δι

202 497 346 569 psic-[1
366 495 447 559 εις
474 496 571 552 τὸν
612 498 799 561 τόπον,
827 499 886 552 δν
918 499 982 553 ἂν
1018 499 1301 570 ἐκλέξηται
1340 497 1542 570 Κύριος
1565 496 1594 550 6
1624 492 1755 560 Θεός

1865 494 1914 547 in
1946 508 2069 548 eum
2100 506 2277 564 ipsum
2308 491 2484 547 locum
2516 505 2678 563 quem
2719 490 2942 564 elegerit
2973 489 3236 548 Dominus
3277 490 3422 552 Deus

204 603 281 639 σου
306 584 488 651 αὑτδν,
516 588 614 641 καὶ
646 587 834 652 δώσεις
856 588 916 642 τὸ
948 587 1205 660 ἀργύριον
1236 587 1328 641 ἐπὶ
1362 586 1559 650 παντὸς
1595 580 1655 641 οὗ
1686 585 1752 639 ἂν

209 677 417 748 ἐπιθυμῇ
437 678 474 749 ἡ
488 677 636 751 ψυχή
659 696 775 743 σου,
790 679 880 732 ἐπὶ
900 678 1100 750 βουσὶν,
1119 680 1151 752 ἢ
1169 680 1263 733 ἐπὶ
1283 678 1589 752 προϐάτοις,
1612 678 1753 750 ﬁta-1

213 772 331 840 οἴνῳ,
362 769 395 841 ἢ
428 768 527 822 ἐπὶ
557 769 772 841 σικέρᾳ,
802 769 835 841 ἢ
864 770 955 823 ἐπὶ
1003 768 1203 835 παντὸς
1239 765 1301 825 οὗ
1349 770 1415 825 ἂν
1452 769 1689 842 ἐπιθυμῇ
1718 772 1752 842 ἠ

213 865 330 935 ᾁυχή
361 879 476 928 σου,
521 862 619 917 καὶ
652 866 801 934 φαγῇ
830 864 948 916 ἐκεῖ
990 861 1230 916 ἐναντίον
1261 862 1464 934 Κυρίου
1496 857 1593 916 τοῦ
1616 861 1752 915 Θεοῦ

214 973 306 1010 σου.
344 974 361 1006 ι
391 955 503 1009 Καὶ
525 950 682 1018 αὖθις
708 955 799 1009 τὸν
824 954 985 1008 τόπον
1010 954 1482 1029 ἐπισφραγίζεται,
1512 949 1616 1010 ὧδέ
1638 972 1754 1021 πως

212 1048 408 1116 φάσκων
426 1064 440 1077 ·
476 1064 495 1098 ι
532 1047 649 1100 Πάν
677 1046 1012 1119 πρωτότοκον
1036 1044 1064 1098 6
1088 1046 1153 1101 ἂν
1189 1047 1350 1119 τεχθῇ
1379 1049 1436 1102 ἐν
1466 1049 1576 1113 τοῖς
1606 1046 1755 1118 βουσί

212 1153 309 1201 σου,
336 1138 428 1190 καὶ.
459 1139 519 1190 ἐν
548 1140 661 1200 τοῖς
693 1136 983 1208 προϐάτοις
1023 1155 1143 1206 σου,
1183 1138 1249 1191 τά
1297 1138 1556 1211 ἀρσενικὰ
1596 1137 1754 1192 ἀποί-

210 1245 306 1291 σεις
332 1227 523 1299 Κυρίῳ
548 1226 626 1299 τῷ
652 1226 771 1298 Θεῷ
808 1244 922 1282 σου.
958 1230 1072 1283 υῦκ
1109 1230 1317 1304 ἐργάσῃ
1348 1233 1406 1284 ἐν
1438 1230 1515 1302 τῷ
1554 1249 1757 1304 πρωτο-

210 1319 334 1390 τόκῳ
364 1319 549 1390 μόσχῳ
586 1335 702 1382 σου,
739 1318 832 1375 καὶ
860 1319 933 1392 μὴ
960 1320 1150 1392 κείρῃς
1184 1320 1246 1374 τὺ
1282 1321 1620 1393 πρωτότοκον
1647 1321 1756 1375 τῶν

213 1409 473 1483 προϐάτων
501 1426 614 1463 σου.
649 1410 915 1464 Ἐναντίον
946 1411 1149 1483 Κυρίου
1187 1411 1278 1465 τοῦ
1320 1411 1453 1466 Θεοῦ
1485 1429 1576 1467 σου
1607 1415 1753 1486 φαγῇ

209 1501 325 1555 (rh-6
346 1499 589 1554 ἐνιαυτὸν
617 1500 674 1568 ἐξ
704 1501 970 1566 ἐνιαυτοῦ,
998 1503 1055 1555 ἐν
1084 1501 1163 1574 τῷ
1199 1504 1347 1575 τόπῳ
1365 1496 1410 1573 ᾧ
1439 1503 1504 1558 ἂν
1536 1504 1757 1575 ἐκλέξη-

208 1610 285 1647 ται
308 1592 507 1663 Κύριος
530 1592 560 1645 6
589 1591 723 1656 Θεός
755 1609 868 1657 σου,
906 1595 969 1647 σὺ
1010 1595 1103 1649 καὶ
1145 1596 1174 1649 6
1209 1591 1357 1661 οἶκός
1395 1613 1509 1650 σου.
1551 1616 1570 1650 ι
1602 1598 1755 1653 Μετὰ

208 1685 364 1737 ταῦτα
387 1684 549 1738 πάλιν
582 1683 697 1748 θέα,
731 1684 852 1738 τίνα
892 1685 1090 1756 τρόπον
1129 1687 1222 1740 καὶ
1251 1687 1316 1740 τά
1348 1688 1475 1759 περὶ
1505 1688 1611 1742 τῶν
1633 1691 1755 1760 ἐορ-

209 1775 304 1828 τῶν
332 1774 648 1841 διαστέλλει,
684 1776 784 1829 οὐκ
819 1774 999 1830 ἄλλοθι
1026 1777 1150 1848 γῆς,
1190 1777 1302 1831 ἀλλ’
1336 1778 1452 1849 ἢέν
1494 1779 1639 1852 μόνῳ
1678 1779 1755 1851 τῷ

210 1868 497 1939 δηλουμένῳ
531 1867 702 1938 τόπῳ,
737 1867 1141 1940 πανηγυρίζειν.
1173 1870 1332 1939 Λέγει
1362 1868 1408 1922 δ’
1441 1866 1560 1924 οὖν·
1600 1890 1618 1922 ι
1656 1872 1759 1925 Φύ-

212 1960 349 2025 λαξαι
375 1959 466 2013 τὸν
506 1959 652 2031 μῆνα
689 1959 799 2013 τῶν
828 1961 981 2025 νέων,
1017 1962 1110 2014 καὶ
1162 1963 1407 2034 ποιήσεις
1456 1963 1519 2016 τὸ
1567 1964 1759 2034 Πάσχα

214 2051 380 2122 Κυρίῳ
409 2050 487 2122 τῷ
519 2050 639 2122 Θεῷ
672 2068 787 2116 σου,
825 2050 1068 2123 πρόϐατα
1093 2054 1186 2107 καὶ
1218 2053 1366 2125 βόας,
1396 2056 1453 2107 ἐν
1483 2054 1560 2126 τῷ
1590 2055 1756 2127 τόπῳ,

100 2164 105 2167 ·
213 2139 250 2211 ᾧ
274 2145 334 2198 ἂν
369 2142 652 2214 ἐκλέξηται
702 2144 904 2216 Κύριος
945 2148 974 2199 6
1020 2146 1151 2209 Θεός
1195 2163 1286 2200 σου
1327 2145 1495 2218 αὐτῷ.
1538 2166 1556 2198 ι
1594 2147 1759 2201 Πάλιν

214 2236 613 2308 ὑπομιμνήσκει,
634 2235 805 2306 λέγων
822 2254 836 2266 ·
861 2255 878 2287 ι
904 2237 977 2290 Οὐ
1003 2237 1204 2311 δυνήσῃ
1227 2235 1386 2292 θῦσαι
1406 2238 1467 2292 τὸ
1486 2239 1674 2311 Πάσχα
1703 2240 1760 2292 ἐν

210 2328 415 2399 οὐδεμιᾷ
440 2326 550 2381 τῶν
581 2326 787 2381 πόλεών
818 2344 932 2392 σου,
974 2321 1049 2382 ὧν
1080 2328 1280 2399 Κύριος
1321 2332 1349 2382 6
1386 2330 1516 2394 Θεός
1557 2347 1651 2384 σου
1682 2331 1760 2384 δί-

210 2419 323 2472 δωσί
351 2436 455 2482 σοι,
482 2419 596 2474 ἀλλ’
624 2421 704 2483 είς
727 2419 821 2474 τὸν
846 2420 1007 2474 τόπον
1052 2420 1111 2474 6v
1156 2420 1221 2475 ἂν
1249 2420 1530 2494 ἐκλέξηται
1562 2423 1763 2494 Κύριος

210 2510 375 2574 όΘεός
409 2527 523 2564 σου.
572 2512 719 2564 Ἐκεῖ
749 2509 928 2574 θύσεις
949 2511 1009 2564 τὸ
1037 2512 1227 2581 Πάσχα
1246 2513 1483 2585 ἑσπέρας
1512 2514 1647 2583 πρὸς
1676 2514 1764 2567 δυ-

211 2604 357 2673 σμαῖς
380 2603 554 2674 ἡλίου,
589 2604 647 2656 ἐν
692 2602 771 2673 τῷ
817 2603 993 2675 καιρῷ
1039 2597 1083 2672 ᾧ
1118 2604 1337 2673 ἐξῆλθες
1367 2608 1432 2659 ἐκ
1461 2605 1565 2676 γῆς
1595 2606 1763 2676 Αίγύ-

206 2711 327 2747 πτου
346 2712 359 2725 ·
392 2696 489 2749 καὶ
511 2696 751 2767 ἐφήσεις,
780 2697 873 2750 καὶ
901 2699 1048 2769 φαγῇ
1074 2699 1130 2750 ἐν
1162 2697 1238 2769 τῷ
1263 2699 1413 2771 τόπῳ
1443 2693 1486 2768 ᾧ
1521 2699 1586 2754 ἂν
1617 2700 1765 2754 ἐκλέ-

206 2784 348 2855 ξηται
374 2785 582 2857 Κύριος
616 2788 645 2839 6
686 2785 819 2850 Θεός
846 2803 960 2842 σου.
997 2806 1016 2839 ι
1084 2787 1142 2841 '0
1170 2790 1265 2860 μὲν
1290 2789 1354 2861 δὴ
1400 2791 1498 2860 τῆς
1525 2790 1621 2844 τοῦ
1648 2792 1762 2844 Πά-

206 2890 300 2946 σχα
322 2877 519 2948 ἐορτῆς
545 2878 708 2948 νόμος
737 2877 973 2943 τοιοῦτος
991 2894 1005 2909 ·
1034 2880 1062 2932 6
1090 2878 1146 2932 δὲ
1181 2880 1280 2949 τῆς
1315 2881 1688 2953 Πεντηκοστῆς
1714 2881 1764 2933 τί

206 2984 381 3038 φησιν,
412 2971 678 3025 άκουσονο
706 2990 725 3022 ι
763 2971 935 3025 Ἑπτά
979 2970 1279 3042 ἑϐδομάδας
1315 2972 1639 3046 ὁλοκλήρους
1677 2973 1765 3040 ἐξ·

205 3059 520 3132 αριθμήσεις
564 3061 805 3134 σεαυτῷ,
858 3061 1164 3133 ἀρξαμένου
1213 3080 1306 3117 σου
1366 3063 1629 3136 δρέπανον
1678 3066 1765 3118 ἐπ’

1853 594 2004 651 tuus,
2024 592 2079 641 et
2111 585 2267 641 dabis
2295 593 2576 654 argentum
2600 598 2698 655 pro
2728 584 2875 640 omni
2909 584 3272 657 quodcunque
3288 602 3423 643 con-

1853 677 2084 748 cupierit
2123 675 2304 730 anima
2357 685 2468 741 tua,
2499 691 2596 746 pro
2644 676 2839 740 bobus,
2890 678 3008 733 sive
3049 679 3262 744 ovibus,
3305 683 3422 737 sive

1852 770 1998 832 vino,
2023 768 2138 822 sive
2164 767 2357 832 sicera,
2383 767 2497 823 sive
2520 766 2669 821 omni
2694 768 3058 839 quodcunque
3082 774 3422 843 concupierit

1853 861 2034 916 anima
2063 869 2175 924 tua,
2199 866 2254 915 et
2291 859 2548 915 comedes
2578 860 2651 915 ibi
2680 861 2733 916 in
2754 870 3048 932 conspectu
3083 861 3295 919 Domini
3326 865 3419 921 Dei

1852 951 1931 1005 tui
1954 952 2022 1004 ⁸¹.
2051 969 2071 1003 ι
2106 948 2244 1005 Τιιιιι
2287 965 2483 1006 rursus
2532 952 2711 1006 locum
2755 954 2911 1023 quasi
2947 953 3105 1025 signo
3154 956 3422 1026 impresso

1854 1043 2221 1106 commendat,
2254 1043 2342 1098 his
2362 1041 2475 1099 fere
2488 1044 2671 1101 verbis
2701 1064 2715 1100 :
2746 1062 2765 1097 ι
2799 1044 2874 1101 De
2902 1048 3280 1119 primogenitis
3301 1066 3422 1120 qum

1854 1145 1982 1192 nata
2015 1136 2220 1193 fuerint
2251 1137 2307 1193 in
2333 1138 2511 1195 bubus
2538 1150 2699 1210 atque
2719 1139 2933 1207 ovibus,
2958 1143 3260 1198 masculina
3292 1142 3424 1198 οπο-

1856 1244 1945 1283 res
1976 1227 2207 1285 Domino
2236 1227 2348 1285 Deo
2372 1235 2485 1284 tuo.
2509 1228 2626 1284 Non
2656 1244 2794 1301 opus
2820 1229 2987 1287 facies
3016 1231 3071 1286 in
3101 1231 3275 1287 vitulo
3311 1233 3422 1302 pri-

1855 1320 2152 1391 mogenito,
2203 1327 2257 1376 et
2319 1335 2430 1375 non
2474 1320 2728 1377 tondebis
2777 1322 3197 1398 primogenitym
3236 1324 3420 1379 ovium

1853 1415 2092 1464 tuarum.
2124 1408 2179 1465 In
2206 1418 2503 1482 conspectu
2533 1404 2749 1465 Domini
2785 1411 2877 1466 Dei
2906 1412 2985 1465 tui
3011 1411 3262 1470 conredes
3288 1412 3423 1469 illud

1856 1501 2086 1572 singulis
2113 1503 2294 1567 annis,
2329 1504 2384 1557 in
2409 1502 2530 1557 loco
2550 1518 2710 1573 quem
2741 1503 2965 1573 elegerit
2991 1501 3252 1561 Dominus
3277 1503 3424 1562 Deus

1857 1600 2001 1655 tuus,
2031 1600 2090 1647 tu
2122 1600 2176 1648 et
2210 1591 2405 1649 domus
2433 1595 2601 1648 tua".
2628 1613 2647 1645 ι
2685 1595 2813 1648 Post
2833 1594 2949 1649 haec
2975 1609 3170 1650 rursus
3191 1596 3420 1667 inspice,

1856 1697 2091 1752 quonam
2121 1684 2282 1738 modo
2312 1699 2374 1739 ea
2404 1699 2524 1754 quae
2549 1684 2614 1739 ad
2642 1683 2808 1741 festos
2841 1685 2959 1740 dies
2994 1687 3269 1755 pertinent
3294 1688 3423 1743 (Iis-

1855 1775 2074 1844 tinguit,
2104 1784 2163 1829 ut
2201 1790 2269 1830 ne
2298 1776 2424 1831 alibi
2456 1785 2743 1841 terrarum,
2771 1791 2933 1848 quam
2963 1776 3018 1831 in
3064 1792 3129 1832 eo
3171 1794 3276 1832 ιιιιο
3303 1779 3425 1834 loco

1859 1866 1927 1921 de
1951 1881 2060 1937 quo
2087 1867 2289 1937 agitur,
2315 1866 2485 1923 festos
2511 1868 2631 1923 dies
2666 1877 2847 1939 agant.
2873 1869 2963 1922 Ait
2993 1870 3162 1939 igitur
3198 1887 3213 1924 :
3252 1888 3271 1921 ι
3312 1868 3423 1925 0b-

1809 1961 1831 1974 ‘
1859 1973 2014 2013 serva
2053 1973 2294 2014 mensem
2341 1974 2602 2015 novarum
2648 1959 2893 2031 frugum,
2917 1972 2969 2016 et
3007 1959 3176 2016 facies
3214 1958 3424 2017 Pascha

1860 2048 2089 2104 Domino
2115 2048 2224 2106 Deo
2257 2061 2368 2113 tuo,
2404 2066 2536 2107 oves
2563 2059 2619 2107 et
2651 2052 2835 2115 boves.
2868 2052 2923 2107 in
2964 2052 3087 2108 loco
3128 2067 3288 2123 quem
3314 2053 3428 2108 ele-

1860 2142 1997 2213 gerit
2022 2141 2281 2197 Dominus
2311 2142 2455 2198 Deus
2481 2153 2607 2199 tuus
2630 2143 2698 2198 “.
2729 2163 2746 2196 ι
2787 2142 3000 2200 Rursus
3049 2142 3304 2198 admonet
3340 2142 3430 2199 his

1861 2235 2084 2290 verbis:
2116 2252 2135 2286 ι
2172 2233 2292 2290 Νοη
2332 2239 2535 2306 poteris
2582 2236 2891 2292 sacriﬁcare
2930 2235 3133 2307 pascha
3161 2234 3217 2290 in
3247 2235 3429 2305 aliqua

1862 2327 2079 2381 urbium
2115 2335 2351 2392 tuarum,
2391 2342 2529 2398 quas
2569 2326 2831 2383 Dominus
2859 2326 3002 2383 Deus
3047 2336 3173 2384 tuus
3219 2327 3430 2383 dederit

1862 2419 1981 2482 tibi,
2018 2418 2114 2473 sed
2144 2420 2197 2472 in
2222 2418 2340 2472 loco
2384 2418 2650 2473 duntaxat
2692 2433 2853 2489 quem
2908 2418 3133 2489 elegerit
3168 2417 3430 2473 Dominus

1863 2509 2007 2565 Deus
2059 2518 2204 2564 tuus.
2244 2510 2356 2563 illic
2398 2509 2705 2564 immolabis
2768 2509 2971 2580 pascha
3016 2523 3048 2563 a
3096 2524 3323 2580 vespere
3361 2510 3430 2564 ad

1864 2603 1999 2656 solis
2026 2616 2303 2662 occasum,
2327 2604 2381 2655 in
2410 2608 2653 2671 tempore
2684 2616 2793 2672 quo
2821 2616 3077 2671 egressus
3104 2616 3165 2657 es
3188 2600 3257 2657 de
3284 2609 3432 2656 terra

1866 2691 2085 2763 Egypti
2131 2710 2145 2747 :
2188 2700 2236 2747 el
2285 2707 2508 2762 coques,
2550 2702 2603 2747 et
2646 2693 2900 2747 comedes
2954 2692 3011 2746 in
3068 2693 3189 2746 loco
3238 2705 3430 2762 quem-

1864 2797 2077 2852 cunque
2124 2781 2347 2850 elegerit
2398 2778 2663 2836 Dominus
2711 2780 2856 2836 Deus
2901 2789 3031 2836 tuus
3055 2782 3100 2814 “
3139 2800 3157 2832 ι
3188 2780 3299 2836 Lex
3328 2781 3430 2850 igi-

1866 2881 1954 2927 tur
1978 2875 2045 2928 de
2074 2873 2300 2928 solemni
2329 2871 2435 2933 die.
2482 2873 2574 2942 qui
2606 2871 2817 2927 Pascha
2857 2872 3078 2938 dicitur,
3118 2871 3432 2942 bujusmodi

1865 2963 2139 3035 descripta
2163 2971 2268 3020 est.
2296 2961 2468 3018 Porro
2495 2970 2679 3019 autem
2711 2964 2781 3020 de
2812 2962 3273 3035 Quinquagesima
3300 2962 3432 3034 quid

1866 3058 2033 3122 dicat,
2065 3056 2191 3111 audi
2241 3075 2252 3111 :
2300 3074 2319 3107 ι
2359 3054 2526 3112 Totas
2570 3062 2776 3127 septem
2832 3055 3197 3112 hebdomadas
3237 3069 3433 3109 nume-

205 3153 425 3222 άμητδν,
462 3155 557 3208 καὶ
607 3156 849 3226 ποιήσεις
889 3156 1080 3228 ἑορτὴν
1122 3156 1425 3228 ἑϐδομάδων
1469 3158 1655 3229 Κυρίῳ
1688 3157 1765 3229 τῷ

1867 3150 2016 3204 rahis
2048 3150 2143 3204 tibi
2174 3148 2301 3219 ipsi,
2335 3164 2402 3203 ex
2431 3164 2540 3218 quo
2568 3147 2759 3203 falcem
2796 3148 2849 3202 in
2878 3155 3113 3218 segetem
3143 3145 3435 3201 immittere

206 3244 314 3316 Θεῷ
350 3264 467 3310 σου,
518 3247 663 3302 καθὰ
709 3248 881 3319 ἰσχύει
924 3251 957 3321 ή
1008 3250 1127 3322 χείρ
1172 3266 1285 3313 σου,
1318 3251 1416 3303 ὅσα
1446 3250 1510 3304 ἂν
1549 3249 1623 3321 δῷ
1664 3268 1765 3313 σοι,

206 3340 385 3394 καθότι
437 3340 703 3412 εὐλόγηκέ
753 3360 812 3396 σε
848 3342 1051 3415 Κύριος
1101 3346 1130 3397 6
1179 3343 1310 3407 Θεός
1354 3361 1483 3398 σουο
1542 3345 1636 3398 καὶ
1683 3345 1771 3398 εὐ-

208 3432 483 3505 φρανθήσῃ
507 3432 735 3488 ἐνώπιον
754 3435 958 3507 Κυρίου
981 3434 1073 3489 τοῦ
1098 3434 1231 3490 Θεοῦ
1260 3453 1373 3498 σου,
1398 3437 1460 3490 σὺ
1487 3436 1580 3490 καὶ
1606 3439 1633 3490 6
1659 3436 1771 3501 υἱός

210 3538 317 3589 σου,
344 3526 442 3578 καὶ
480 3525 515 3595 ή
538 3524 782 3597 θυγάτηρ
813 3544 927 3591 σου,
954 3529 983 3581 6
1010 3530 1138 3590 παῖς
1174 3545 1287 3592 σου,
1316 3528 1410 3582 καὶ
1442 3531 1475 3601 ή
1509 3529 1768 3600 παιδίσκη

210 3634 315 3682 σου,
344 3618 441 3670 καὶ.
470 3619 501 3670 6
524 3618 776 3688 Λευίτης,
799 3620 826 3670 6
855 3621 913 3673 ἐν
931 3622 1054 3683 ταῖς
1075 3620 1258 3674 πόλεσί
1287 3636 1402 3684 σου,
1433 3623 1526 3675 καὶ
1550 3623 1578 3674 6
1603 3639 1773 3693 προσ-

211 3703 417 3774 ήλυτος,
454 3706 550 3758 καὶ
573 3709 603 3759 6
633 3708 884 3778 ὀρφανὸς,
919 3709 1014 3762 καὶ
1044 3711 1075 3781 ἡ
1111 3710 1253 3781 χήρα
1281 3712 1314 3781 ή
1349 3710 1407 3763 ἐν
1431 3712 1580 3782 ὑμῖν,
1605 3712 1663 3765 ἐν
1695 3711 1772 3783 τῷ

209 3799 346 3868 τόπῳ
374 3791 421 3865 ᾧ
455 3798 523 3852 ἂν
550 3797 834 3871 ἐκλέξηται
866 3800 1067 3873 Κύριος
1093 3803 1122 3855 6
1153 3800 1285 3865 Θεός
1314 3819 1406 3856 σου
1441 3802 1607 3873 αὐτῷ,
1653 3805 1772 3857 ἐπι-

208 3891 466 3961 κληθῆναι
500 3892 561 3946 τὸ
606 3892 775 3964 ὄνομα
804 3894 968 3947 αὑτοῦ
1004 3896 1138 3948 ἐκεῖ.
1175 3913 1193 3947 ι
1232 3895 1344 3948 Καὶ
1374 3893 1473 3967 τὴν
1503 3897 1695 3967 τρίτην
1726 3896 1773 3950 δ“

208 3981 391 4053 ἑορτὴν
420 3981 552 4035 ἔνθα
575 3983 899 4054 προστάττει
934 3983 1194 4049 ἐκτελεῖν,
1220 3984 1544 4038 ἐπάκουσον·
1581 4005 1600 4036 ι
1623 3987 1774 4058 Ἑορ-

209 4072 297 4142 τὴν
333 4073 444 4126 τῶν
479 4074 703 4144 Σκηνῶν
734 4076 976 4146 ποιήσεις
1016 4075 1225 4146 σεαυτῷ
1260 4075 1400 4130 ἑπτά
1440 4076 1675 4149 ἡμέρας,
1715 4079 1773 4130 ἐν

208 4165 278 4237 τῷ
311 4170 639 4235 συναγαγεῖν
679 4184 737 4220 σε
766 4167 874 4221 ἁπδ
904 4169 1005 4237 τῆς
1038 4168 1239 4234 ἆλωνός
1283 4185 1375 4222 σου
1407 4171 1500 4224 καὶ
1540 4170 1647 4224 ἀπὸ
1676 4171 1775 4242 τῆς

208 4257 359 4329 ληνοῦ
389 4276 511 4317 σου.
539 4260 632 4313 κα)⁸
662 4260 1009 4334 εὐφρανθήσῃ
1036 4262 1092 4314 ἐν
1120 4263 1185 4332 τῇ
1218 4263 1376 4333 ἑορτῇ
1412 4279 1525 4328 σου,
1562 4263 1649 4330 σὺ,
1679 4261 1776 4317 καὶ

209 4349 314 4413 υίδς
342 4366 462 4415 σου,
490 4351 595 4426 ικαὶ
624 4352 656 4423 ή
683 4350 930 4425 θηγάτηρ
960 4368 1076 4413 σου,
1105 4354 1133 4405 6
1163 4355 1289 4415 παῖς
1319 4370 1434 4415 σου,
1466 4353 1561 4406 καὶ
1590 4356 1622 4423 ὴ
1651 4370 1776 4407 παι-

1870 3241 2124 3310 cmperis,
2154 3248 2208 3295 et
2230 3239 2532 3295 celebrabis
2558 3239 2701 3293 diem
2742 3237 2941 3294 festum
2971 3237 3434 3294 hebdomadarum

1871 3327 2100 3385 Domino
2159 3327 2269 3384 Deo
2317 3337 2443 3393 tuo,
2500 3334 2765 3397 quantum
2824 3328 3025 3397 poterit
3077 3341 3272 3381 manus
3315 3334 3431 3391 tua,

1869 3438 1937 3479 ex
1999 3423 2255 3477 omnibus
2311 3435 2648 3492 quaecunque
2708 3419 2910 3476 dedero
2968 3419 3094 3484 tibi,
3150 3429 3436 3490 propterea

1870 3514 2013 3585 quod
2065 3513 2164 3569 tibi
2214 3512 2549 3569 benedixerit
2615 3510 2880 3566 Dominus
2943 3508 3089 3564 Deus
3152 3516 3310 3574 tuus,
3381 3513 3439 3562 et

1870 3604 2176 3674 epulaberis
2223 3617 2408 3657 coram
2457 3601 2688 3656 Domino
2745 3602 2854 3655 Deo
2903 3610 3016 3666 tuo,
3072 3606 3132 3652 tu
3186 3606 3242 3653 et
3292 3597 3438 3651 filius

1870 3696 1924 3768 3
1956 3702 2106 3759 tuus,
2122 3694 2298 3749 etiilia
2326 3702 2438 3758 tua,
2472 3708 2664 3749 servus
2693 3699 2821 3747 tuus
2845 3690 3110 3746 etancilla
3128 3697 3309 3754 tua,et
3330 3687 3434 3742 Le-

1871 3787 2004 3849 vita,
2035 3784 2129 3855 qui
2163 3783 2327 3838 fuerit
2353 3784 2409 3838 in
2436 3782 2664 3837 urbibus
2694 3783 2840 3845 tuis,
2874 3787 2927 3835 et
2970 3779 3198 3845 advena,
3249 3786 3303 3832 et
3334 3791 3439 3847 pu-

1873 3877 2061 3947 pillus,
2083 3884 2138 3932 et
2162 3875 2325 3930 vidua
2348 3888 2469 3944 quae
2486 3872 2629 3943 apud
2655 3886 2753 3928 vos
2805 3871 2969 3927 fuerit
3017 3871 3075 3925 in
3122 3870 3241 3924 loco
3273 3883 3436 3939 quem

1872 3974 2097 4045 elegerit
2126 3972 2387 4027 Dominus
2417 3968 2562 4025 Deus
2608 3977 2735 4023 tuus
2796 3967 2925 4033 sibi,
2979 3966 3047 4020 ad
3073 3964 3436 4020 invocandum

1874 4082 2070 4122 nomen
2101 4080 2258 4120 suum
2282 4063 2355 4118 ibi
2395 4062 2460 4114 “.
2504 4081 2523 4113 ι
2589 4059 2834 4116 Tertium
2870 4073 3002 4113 vero
3061 4057 3304 4112 solemne
3344 4055 3436 4117 ubi

1874 4162 2103 4230 imperet
2126 4155 2532 4219 celebrandum,
2569 4152 2732 4207 audi:
2762 4170 2781 4202 ι
2820 4147 3436 4205 SolemneTabernacu-

1873 4250 2051 4303 lorum
2086 4244 2391 4301 celebrabis
2426 4243 2524 4297 tibi
2571 4240 2677 4311 ipsi
2720 4245 2923 4309 septem
2973 4238 3187 4304 diebus,
3242 4236 3338 4292 ubi
3371 4235 3440 4290 de

1876 4355 2000 4396 area
2031 4347 2123 4393 tua
2147 4346 2201 4393 et
2224 4337 2291 4393 de
2307 4335 2565 4391 turculari
2596 4341 2690 4389 tuo
2715 4331 3023 4401 collegeris,
3045 4337 3099 4384 et
3130 4327 3439 4400 epulaberis

208 4440 357 4513 δίσκη
394 4422 513 4505 σου,
543 4445 638 4496 καὶ
666 4445 699 4514 ή
734 4422 909 4515 χήρα,
929 4446 987 4496 ἐν
1018 4445 1097 4516 τῷ
1128 4445 1276 4515 τόπῳ
1316 4438 1361 4513 ᾧ
1392 4445 1457 4500 ἂν
1488 4422 1765 4517 ἐκλέξηται

1877 4432 1932 4485 ἰιι
1961 4429 2191 4487 solemni
2220 4436 2335 4492 tuo,
2372 4436 2427 4482 tu
2458 4433 2510 4481 et
2544 4426 2686 4480 illius
2715 4433 2862 4488 tuus,
2905 4430 2960 4478 et
3015 4422 3124 4476 lilia
3180 4429 3297 4484 tua,
3324 4433 3443 4474 ser-

207 4506 404 4607 Κύριος
435 4537 466 4588 6
512 4536 645 4600 Θεός
684 4506 1013 4608 σου-ἐαυτῷ.
1116 4537 1214 4591 Διὰ
1246 4506 1528 4592 ’τοσούτων
1557 4506 1765 4593 οὖν’τὸει

1880 4540 1977 4580 vus
2000 4531 2129 4578 tuus
2149 4536 2203 4577 et
2223 4520 2417 4576 ancilla
2446 4528 2559 4583 tua,
2583 4526 2637 4573 et
2659 4517 2892 4573 viduain
2921 4517 3044 4570 loco
3059 4525 3442 4585 quemcunque

208 4623 363 4677 τόπον
408 4625 925 4695 ἐπισημαινόμενος,
977 4625 1304 4689 τοσαυτάκις
1355 4643 1415 4679 τε
1471 4626 1640 4680 εἰπὼν
1697 4630 1776 4690 είς

209 4716 364 4769 αὐτὸν
389 4717 641 4786 άπαντᾷν
673 4720 936 4786 παγγενεῖ
958 4719 1052 4771 καὶ
1074 4721 1312 4780 πανοικὶ,
1337 4717 1455 4780 πῶς
1476 4716 1542 4771 ἂν
1568 4717 1774 4789 ἥρμοζε

207 4807 316 4870 τοῖς
340 4805 442 4877 τῆς
497 4805 754 4870 Ἰουδαίας
785 4808 878 4860 καὶ
904 4808 995 4860 ἐπὶ
1026 4807 1220 4878 μικρὸν
1252 4805 1523 4870 διεστῶσι,
1554 4808 1683 4879 μήτι
1713 4824 1777 4875 γε

209 4898 322 4961 τοῖς
348 4896 474 4952 καθ’
522 4896 651 4968 ὅλης
680 4897 784 4967 τῆς,
813 4896 1133 4970 οἰκουμένης
1174 4897 1385 4963 έθνεσις
1426 4897 1656 4969 μάλιστα
1690 4900 1775 4952 ὅτε

210 4988 323 5041 οὐδὲ
374 4988 707 5061 συγγνώμην
755 4988 878 5043 τινὰ
918 4991 1070 5061 νέμει
1106 4992 1217 5054 τοῖς
1273 4989 1663 5062 παραϐαίνουσι
1709 4991 1778 5045 τά

211 5078 556 5152 διωρισμένα,
587 5082 728 5152 ἀράν
752 5081 809 5135 δέ
837 5081 978 5136 κατὰ
1002 5082 1217 5136 πάντων
1259 5082 1368 5136 τῶν
1399 5082 1473 5154 μὴ
1506 5082 1575 5136 τὰ
1603 5082 1778 5136 πάντα

212 5171 517 5241 τηρούντων
554 5173 772 5242 ἐπάγει,
808 5175 1044 5244 ῥήμασιν
1086 5174 1268 5238 αὐτοῖς
1309 5174 1514 5244 λέγων·
1554 5192 1573 5226 ι
1624 5175 1777 5227 Ἐπι-

214 5261 514 5334 κατάρατος
541 5263 601 5327 ὃς
623 5266 723 5318 οὐκ
752 5267 980 5336 ἐμμενέῖ
1005 5265 1136 5318 πᾶσι
1163 5269 1273 5330 τοῖς
1297 5264 1702 5337 γεγραμμένοις
1722 5268 1778 5318 ἐν

213 5351 340 5422 τῷδε
366 5354 446 5426 τῷ
469 5354 623 5426 νόμῳ
648 5354 745 5409 τοῦ
781 5356 1003 5427 ποιῆσαι
1032 5355 1190 5410 αὑτά.
1225 5374 1245 5408 ι
1281 5355 1570 5427 Θεώρησον
1597 5354 1654 5407 δὲ
1685 5356 1779 5408 καὶ

216 5442 381 5511 ἄλλως
429 5447 502 5502 τά
549 5446 790 5501 ἀδύνατα
837 5450 1000 5500 πᾶσιν
1032 5445 1340 5516 ἀνθρώποις
1365 5448 1464 5519 τῆς
1495 5447 1775 5510 Μωῦσέως

219 5538 547 5607 νομοθεσίας.
580 5538 1034 5611 Διαστειλάμενος
1072 5538 1143 5592 τὰ
1171 5537 1393 5594 ἑκούσια
1438 5539 1533 5593 καὶ
1564 5538 1772 5608 χαλεπὰ

312 5741 354 5771 ”
394 5739 553 5794 Deut.
592 5754 710 5804 xiv,
762 5735 956 5792 Ωιι-26.

215 5810 256 5843 ’⁷
294 5808 425 5867 ibid.
468 5803 662 5866 15-15.

1088 5742 1135 5775 ’³
1174 5740 1306 5797 lb'd.
1351 5758 1453 5807 xv,
1498 5741 1599 5809 19,
1657 5740 1744 5797 20.
1823 5742 1869 5773 ’⁸⁸
1908 5736 2041 5793 ll-id.
2085 5751 2208 5801 xvn,
2252 5737 2305 5800 i,
2342 5733 2396 5789 2.

1877 4615 2097 4685 elegerit
2122 4612 2382 4667 Dominus
2422 4609 2564 4665 Deus
2618 4620 2744 4664 tuus
2781 4609 2886 4663 sibi
2910 4608 2975 4661 ⁸⁷.
3013 4625 3032 4658 ι
3090 4604 3226 4658 Cum
3276 4602 3441 4672 igitur

1877 4718 2000 4757 eum
2033 4704 2208 4756 locum
2239 4708 2349 4754 tam
2382 4699 2568 4753 multis
2615 4698 2786 4768 signis
2845 4695 3121 4755 OSIendat,
3169 4692 3441 4759 totiesque

1878 4794 2006 4849 illuc
2028 4808 2152 4847 cum
2182 4799 2297 4845 toto
2326 4804 2524 4858 genere
2552 4829 2568 4857 ,
2592 4795 2815 4858 totaque
2835 4787 2997 4842 domo
3041 4783 3229 4839 venire
3276 4796 3440 4852 opor—

1878 4895 1991 4941 tere
2016 4884 2312 4956 praecipiat,
2347 4882 2441 4953 qui
2474 4880 2591 4936 ﬁeri
2618 4886 2818 4950 potest,
2846 4884 2904 4931 ut
2929 4891 2992 4931 ea
3016 4891 3137 4946 qua:
3157 4873 3314 4938 dicit,
3355 4872 3441 4927 vel

1877 4976 1947 5033 iis
2015 4976 2361 5039 conveniant,
2410 4972 2504 5044 qui
2544 4970 2694 5026 brevi
2734 4969 3021 5023 intervallo
3062 4983 3093 5021 a
3121 4964 3310 5021 Judma
3357 4962 3440 5017 di-

1880 5078 2047 5138 stant,
2085 5070 2283 5126 nedum
2312 5068 2587 5140 gentibus,
2618 5081 2740 5136 quae
2772 5064 2826 5119 in
2852 5073 2967 5120 toto
2995 5064 3125 5119 orbe
3168 5071 3441 5117 terrarum

1879 5162 2074 5234 degere
2096 5159 2502 5231 intelligantur?
2530 5173 2595 5213 eo
2620 5156 2793 5226 magis
2818 5155 2964 5226 quod
2990 5170 3059 5209 ne
3081 5153 3294 5209 veniam
3321 5151 3443 5223 qui-

1879 5257 1999 5312 dem
2034 5257 2198 5310 ullam
2226 5254 2417 5309 tribuit
2463 5253 2532 5308 iis
2579 5252 2673 5322 qui
2729 5250 3041 5305 transiliam
3104 5263 3443 5318 quacunque

1884 5349 2201 5420 praescripta
2225 5355 2375 5412 sunt,
2407 5359 2471 5398 ac
2501 5343 2685 5414 potius
2706 5338 3137 5396 exsecrationem
3167 5337 3443 5397 omnibus.

1882 5444 2194 5515 quicunque
2221 5455 2330 5495 non
2360 5438 2583 5493 omnino
2630 5435 2814 5490 omnia
2846 5432 3203 5495 servaverint,
3241 5430 3448 5486 denun-

1881 5537 1994 5594 ιὶι-ι,
2023 5535 2090 5590 ad
2119 5533 2343 5591 verbum
2369 5533 2449 5587 sic
2470 5529 2658 5586 dicens
2696 5545 2711 5582 :
2741 5544 2760 5578 ι
2800 5524 3165 5583 Exsecrabilis
3216 5522 3449 5596 quicun-

2504 5732 2550 5765 ⁸⁸
2584 5730 2718 5787 ibid.
2758 5728 2886 5786 5-7.
2994 5727 3042 5760 ⁸⁸
3079 5724 3213 5781 Ibid.
3291 5724 3446 5780 9-“.
