3942 6258
494 348 568 405 55
1126 340 1397 401 EUSEBII
1433 338 1914 399 CIESARIENSIS
1944 335 2096 393 OPP.
2134 332 2316 389 PARS
2353 333 2419 389 ll.
2459 363 2530 374 -—-
2566 331 3069 388 APOLOGETICA.
3657 336 3722 391 58

494 480 603 536 que
629 477 738 520 non
765 461 978 520 steterit
1007 461 1261 518 omnibus
1292 476 1414 533 quae
1441 461 1498 516 in
1536 460 1643 515 hac
1690 460 1808 530 lege
1856 457 2046 528 scripta

2159 452 2266 506 τῶν
2309 452 2737 522 ἁμαρτημάτων,
2782 451 2877 504 καὶ
2914 454 3183 523 τιμωρίας
3223 450 3462 522 περιθεὶς
3512 452 3724 522 ἑκάστῳ

496 563 645 619 sunt,
701 564 763 613 ut
821 556 986 612 faciat
1040 568 1124 611 ea.
1167 571 1188 606 ι
1241 553 1619 623 Contemplare
1663 550 1856 606 deinde
1897 563 2061 620 quam

499 662 693 702 omnes
718 649 863 702 vires
888 646 1159 701 humanas
1188 653 1465 715 superent,
1503 643 1727 713 fierique
1784 640 1933 694 nulla
1980 654 2064 693 ra-

498 741 649 795 tione
671 739 902 809 possint,
935 754 1057 808 quae
1078 738 1135 792 in
1163 738 1282 807 lege
1303 736 1467 792 Mosis
1500 736 1676 805 posita
1699 741 1848 789 sunt.
1879 732 2061 802 Siqui-

497 830 620 884 dem
645 832 734 884 ubi
767 831 1014 885 distinxit
1038 845 1158 899 quae
1185 828 1494 884 voluntaria
1541 836 1786 899 peccata,
1835 838 2061 896 quaeque

495 922 730 976 diflicilia
761 929 891 977 sunt
935 932 989 978 et
1020 937 1211 992 pmnas
1244 920 1536 989 unicuique
1571 934 1758 973 eorum
1791 918 2056 987 adjunxit,

496 1025 617 1080 ane
639 1012 875 1065 maximo
904 1012 1170 1081 supplicio
1202 1011 1365 1079 digna
1398 1016 1546 1073 sunt,
1586 1014 1702 1062 tum
1731 1023 1861 1062 vero
1914 1007 2060 1077 leges

492 1099 671 1169 ponit,
700 1100 904 1168 quibus
932 1101 1035 1154 alia
1084 1100 1320 1170 quadam
1374 1099 1587 1153 ratione
1634 1112 1730 1153 eos
1785 1097 1914 1151 item
1966 1095 2060 1164 qui

414 1256 423 1265 1
496 1191 648 1247 inviti
685 1192 1047 1260 peccaverint,
1066 1198 1376 1257 convertat;
1429 1203 1658 1258 quarum
1712 1202 1818 1241 una
1843 1185 2059 1257 quidem

495 1285 576 1340 sie
600 1300 659 1340 se
685 1285 846 1339 habet
871 1304 884 1339 :
921 1303 940 1336 ι
983 1284 1040 1339 Si
1071 1287 1250 1339 anima
1275 1300 1382 1338 una
1410 1284 1717 1353 peccaverit
1760 1284 1952 1338 nolens
1990 1298 2057 1336 ex

494 1377 699 1448 papulo
721 1385 903 1443 terrae,
942 1378 1071 1432 dum
1100 1378 1233 1433 facit
1272 1393 1441 1432 unum
1466 1393 1532 1432 ex
1561 1377 1814 1432 omnibus
1855 1392 2057 1447 praere—

493 1468 604 1537 ptis
636 1466 872 1531 Domini,
906 1467 992 1522 vel
1019 1468 1149 1522 dum
1183 1484 1292 1522 non
1322 1468 1471 1531 facit,
1506 1475 1559 1523 et
1606 1475 1815 1538 peccat,
1867 1467 2057 1539 cogni-

491 1565 717 1629 tumque
745 1560 848 1629 ipsi
885 1558 1048 1614 fuerit
1076 1568 1378 1631 peccatum,
1401 1560 1545 1631 quod
1586 1560 1850 1630 peccavit,
1895 1568 1948 1614 et
1975 1560 2058 1617 of-

491 1647 631 1703 feret
649 1664 847 1704 munus
867 1664 1025 1703 suum
1053 1665 1270 1720 capram
1299 1653 1610 1706 anniculam
1631 1652 2055 1715 immaculatam,

490 1737 545 1790 id
576 1736 765 1793 oll'eret
796 1754 895 1808 pro
925 1748 1149 1810 peccato
1180 1754 1280 1795 suo
1316 1739 1463 1810 quod
1518 1741 1781 1810 peccavit,
1834 1742 1890 1795 in
1938 1742 2056 1797 loco

2163 542 2270 597 τῶν
2305 542 2567 613 μεγίστης
2612 541 2882 605 κολάσεως
2924 542 3111 607 ἀξίων,
3136 543 3330 613 νόμους
3357 543 3559 615 τίθησι,
3603 538 3723 596 καθ’

2162 634 2255 700 οὒς
2292 634 2459 706 ἑτέρῳ
2490 634 2671 705 τρόπῳ
2700 635 2793 687 καὶ
2822 634 2946 697 τοὺς
2980 634 3246 698 ἀκουσίως
3278 633 3724 704 πλημμελοῦντας

2161 725 2509 793 ἐπιστρέφει·
2545 716 2618 776 ὧν
2650 725 2679 783 ὀ
2714 722 2809 793 μὲν
2840 721 3010 784 οὕτως
3041 723 3153 793 ἔχει
3178 739 3190 751 ⁸
3236 742 3254 773 ι
3297 724 3419 776 Ἐὰν
3450 724 3594 794 ψυχὴ
3628 724 3725 794 μία

2163 815 2382 887 epam
2410 814 2674 877 ἀκουσίως
2702 816 2766 867 ἐκ
2794 813 2886 866 τοῦ
2920 813 3048 867 λαοῦ
3079 814 3176 884 τῆς
3201 813 3322 883 γῆς,
3367 816 3424 867 ἐν
3453 815 3530 886 τῷ
3563 815 3724 884 ποιῆ-

2164 923 2249 959 σαι
2310 907 2437 977 μίαν
2486 903 2592 959 ἀπὸ
2643 905 2830 958 πασῶν
2878 904 2985 956 τῶν
3035 904 3260 957 ἐντολῶν
3295 905 3521 976 Κυρίου,
3571 907 3603 977 ἢ
3660 910 3723 961 οὐ

2162 997 2530 1069 ποιηθήσεται,
2567 996 2660 1049 καὶ
2696 995 3079 1068 πλημμελήσῃ,
3116 995 3210 1048 καὶ
3253 998 3467 1067 γνωσθῇ
3513 998 3662 1069 αὐτῷ
3688 1002 3722 1071 ὴ

2160 1086 2403 1158 ἁμαρτία
2434 1087 2498 1157 ἣν
2522 1087 2783 1157 ἥμαρτεν,
2805 1086 2898 1138 καὶ
2917 1087 3050 1138 οἴσει
3079 1084 3248 1156 δῶρον
3270 1086 3432 1138 αὐτοῦ
3457 1085 3721 1159 χίμαιραν

2159 1179 2219 1246 ἐξ
2267 1180 2435 1249 αἰγῶν
2467 1180 2714 1252 ἄμωμον,
2744 1179 2966 1250 θήλειαν
2993 1179 3126 1233 οἴσει
3155 1181 3281 1251 περὶ
3308 1181 3406 1251 τῆς
3446 1182 3722 1252 ἁμαρτίας

2159 1274 2321 1328 αὑτοῦ
2357 1271 2422 1346 ἧς
2455 1275 2717 1346 ἥμαρτεν,
2750 1276 2807 1327 ἐν
2838 1275 2914 1345 τῷ
2942 1274 3090 1345 τόπῳ
3127 1268 3186 1327 οὗ
3215 1274 3476 1343 σφάζουσι
3507 1275 3574 1328 τὰ
3606 1276 3723 1329 ὁλο-

2160 1349 2511 1437 καυτώματα,
2536 1368 2628 1420 καὶ
2657 1366 2880 1437 λήψεται
2914 1368 2943 1418 ὁ
2979 1367 3154 1437 ἱερεὺς
3176 1366 3283 1418 ἀπὸ
3306 1365 3396 1418 τοῦ
3420 1366 3669 1437 αἵματος.
3697 1388 3715 1419 ›

2158 1455 2261 1510 Καὶ
2283 1458 2385 1530 ὅρα
2419 1476 2483 1529 γε
2515 1459 2588 1521 ὡς
2613 1459 2705 1511 καὶ
2733 1456 2967 1512 ἐνταῦθα
3004 1459 3092 1510 τὸν
3128 1457 3430 1511 πταίσαντά
3472 1475 3523 1512 τι
3568 1459 3722 1531 παρά

2158 1547 2380 1621 γνώμην
2413 1552 2470 1603 ὲν
2495 1549 2573 1621 τῷ
2610 1550 2759 1620 τόπῳ
2804 1550 2913 1603 δεῖν
2939 1551 3205 1621 ἀπαντᾷν,
3238 1542 3298 1602 οὗ
3353 1549 3615 1618 σφάζουσι
3649 1551 3722 1604 τὰ

2158 1640 2596 1711 ὁλοκαυτώματα.
2636 1633 2802 1705 Οὗτος
2850 1641 2907 1694 δὲ
2944 1635 3031 1712 ἦν,
3068 1635 3127 1695 οὗ
3167 1641 3253 1694 διά
3303 1642 3567 1695 πλείστων
3614 1642 3718 1714 ήδη

2160 1728 2420 1802 πρότερον
2452 1729 2713 1802 ἐμνήσθη,
2755 1731 2944 1799 λέγων’
2986 1748 3003 1781 ι
3048 1733 3143 1784 Ὃν
3191 1730 3256 1784 ἂν
3297 1731 3578 1803 ἐκλέξηται
3607 1732 3724 1785 Κύ-

489 1828 587 1882 ubi
614 1836 856 1883 mactant
886 1829 1179 1895 sacrificia,
1218 1837 1274 1885 et
1302 1831 1534 1901 accipiet
1559 1832 1817 1887 sacerdos
1847 1831 1914 1887 de
1931 1849 2046 1888 san-

2161 1841 2272 1895 ριος
2301 1827 2327 1877 ὁ
2357 1824 2486 1889 Θεός
2534 1841 2645 1878 σου.
2695 1845 2713 1877 ι
2763 1824 2930 1878 Τοῦτο
2977 1824 3022 1878 δ’
3063 1824 3146 1877 ὅτι
3192 1825 3265 1896 μὴ
3312 1824 3534 1879 δυνατὸν
3578 1824 3719 1896 πρὸς

489 1919 652 1988 guine
683 1920 748 1973 ³⁸.
774 1939 791 1973 ι
809 1921 875 1975 Et
892 1934 1025 1976 sane
1039 1921 1324 1977 considera
1345 1922 1795 1991 quemadmodum
1818 1923 1904 1977 hic
1923 1937 2059 1993 quo-

487 2026 597 2080 que
628 2026 751 2065 eum
774 2011 869 2081 qui
901 2011 1217 2082 imprudens
1234 2013 1560 2083 peccaverit,
1597 2013 1663 2067 ad
1699 2014 1876 2069 locum
1908 2014 2059 2069 veni-

487 2118 550 2156 re
577 2112 844 2172 oporteat.
886 2104 979 2159 ubi
1014 2111 1251 2159 mactant
1311 2105 1598 2161 sacriﬁcia.
1640 2104 1691 2161 ls
1720 2113 1900 2161 autem
1949 2115 2055 2172 est,

486 2192 555 2249 de
582 2209 690 2264 quo
718 2194 906 2249 multis
942 2195 1122 2249 verbis
1148 2194 1473 2264 jampridem
1534 2196 1780 2251 meminit
1824 2197 2009 2252 dicens
2039 2212 2054 2249 :

492 2304 512 2337 ι
544 2284 933 2357 Quemcunque
981 2287 1204 2358 elegerit
1254 2286 1518 2343 Dominus
1570 2287 1713 2344 Deus
1760 2296 1889 2344 tuus
1933 2291 1997 2343 '9.
2032 2308 2051 2340 ι

485 2373 643 2446 Quod
685 2380 902 2449 quidem
953 2395 1080 2434 cum
1132 2381 1200 2434 ab
1242 2382 1520 2449 omnibus,
1564 2383 1873 2453 quicunque
1929 2391 2057 2438 sunt

483 2470 540 2523 in
574 2477 721 2524 terra
770 2471 1084 2526 hominibus
1117 2472 1278 2541 plane
1325 2472 1462 2528 eﬂici
1516 2490 1627 2528 non
1681 2490 1875 2545 posse,
1939 2476 2056 2547 ipse

483 2578 701 2633 quoque
764 2572 955 2617 auctor
1006 2565 1141 2634 legis
1194 2565 1430 2635 videret;
1486 2575 1601 2621 tum
1653 2568 1939 2637 perspicue
1980 2568 2056 2623 si-

483 2653 757 2722 gnificavit
817 2654 987 2724 legem
1048 2654 1312 2712 inducens
1368 2674 1475 2712 non
1536 2658 1745 2712 infinite
1792 2658 2053 2714 adversus

483 2758 698 2809 omnes,
733 2744 828 2798 sed
856 2745 1120 2814 adjiciens
1143 2766 1157 2804 :
1181 2745 1239 2801 Si
1270 2749 1452 2803 anima
1478 2750 1786 2818 peccaverit
1838 2749 2051 2813 nolens,

481 2847 548 2886 ex
584 2834 784 2903 populo
830 2842 988 2890 terrae
1014 2836 1080 2889 ³⁸.
1120 2856 1139 2888 ι
1188 2837 1428 2892 Alteram
1482 2854 1608 2895 vero
1661 2839 1832 2910 legem
1875 2839 2048 2910 ponit,

480 2940 604 2994 quae
637 2926 717 2980 sic
748 2926 949 2981 habet:
983 2947 1002 2980 ι
1045 2928 1277 3000 4ουοά
1310 2930 1354 2984 si
1385 2931 1569 2985 anima
1606 2932 1841 2987 audierit
1861 2948 2049 2989 vocem

476 3014 862 3085 jurisjurandi,
916 3024 1082 3088 atque
1116 3019 1206 3074 hic
1233 3021 1392 3076 testis
1431 3028 1526 3076 aut
1546 3023 1741 3078 viderit
1780 3032 1874 3078 aut
1914 3040 2050 3080 con-

480 3108 630 3162 scius
661 3107 858 3174 fuerit;
906 3109 954 3164 si
1005 3127 1115 3166 non
1153 3112 1493 3180 indicaverit,
1548 3123 1828 3185 peccatum
1868 3117 2047 3171 susci-

2157 1916 2409 1969 ἁπάντων
2439 1915 2545 1969 τῶν
2593 1915 2685 1968 ἐπὶ
2728 1914 2832 1984 γῆς
2881 1914 3179 1986 ἀνθρώπων
3218 1915 3573 1978 ἐκτελεῖσθαι,
3624 1917 3722 1968 καὶ

2158 2007 2318 2071 αὐτὸς
2346 2008 2373 2058 ὁ
2406 2006 2701 2079 νομοθέτης
2749 2005 2993 2071 συνιδὼν,
3038 2006 3278 2078 ἀκριϐῶς
3322 2009 3719 2080 ὲπισημήνατο,

2156 2098 2257 2150 οὐκ
2286 2098 2551 2169 ἀορίστως
2596 2096 2737 2151 κατὰ
2770 2097 2983 2150 πάντων
3028 2096 3355 2168 προαγαγὼν
3395 2097 3486 2149 τὸν
3531 2100 3719 2168 νόμον,

2155 2189 2272 2244 ἀλλ’
2310 2189 2569 2243 ἐπειπών·
2612 2209 2630 2240 ι
2657 2189 2778 2242 Ἐὰν
2807 2189 2950 2259 ψυχὴ
2977 2188 3196 2260 ἁμάρτῃ
3221 2188 3488 2253 ἀκουσίως
3514 2189 3578 2241 ὲκ
3622 2189 3721 2242 τοῦ

2155 2281 2283 2336 λαοῦ
2316 2284 2414 2353 τῆς
2446 2283 2571 2353 γῆς.
2610 2303 2629 2334 ι
2666 2284 2777 2337 Καὶ
2806 2282 3053 2353 δεύτερον
3089 2283 3146 2335 δὲ
3178 2283 3339 2354 νόμον
3366 2282 3596 2354 τίθησιν,
3627 2283 3723 2337 οὔθ

2153 2394 2260 2441 τως
2287 2376 2478 2448 ἔχοντα
2497 2393 2509 2405 ·
2548 2396 2566 2428 ι
2608 2377 2732 2430 Ἑάν
2751 2377 2807 2430 δὲ
2826 2376 2969 2447 ψυχὴ
2988 2376 3197 2449 ἀκούσῃ
3221 2374 3400 2447 φωνὴν
3428 2375 3718 2446 δρκισμοῦ,

2154 2470 2246 2522 καὶ
2295 2463 2446 2533 οὗτος
2498 2468 2768 2540 μάρτυςῆ
2809 2468 3071 2541 ἑώρακεν,
3120 2468 3153 2540 ἢ
3202 2468 3457 2532 σύνοιδεν,
3509 2468 3603 2521 ἐὰν
3639 2469 3721 2540 μὴ

2154 2560 2478 2633 ἀπαγγείλῃ,
2509 2560 2738 2632 λήψεται
2761 2561 2858 2631 τὴν
2886 2559 3180 2632 ἁμαρτίαν.
3212 2577 3232 2611 ι
3256 2560 3320 2613 Τί
3345 2556 3436 2614 οὖν
3468 2560 3570 2631 χρὴ
3594 2559 3723 2612 τοῦ-

2152 2670 2244 2707 τον
2293 2656 2486 2718 ποιεῖν,
2515 2653 2628 2707 ἀλλ’
2660 2654 2692 2725 ἢ
2722 2653 2953 2708 λαϐόντα
2996 2653 3131 2724 μετὰ
3171 2654 3357 2723 χεῖρας
3390 2651 3449 2704 τὸ
3499 2652 3720 2721 ἱερεῖον,

2155 2744 2403 2799 σπεύδειν
2435 2748 2527 2799 ἐπὶ
2552 2745 2620 2799 τὰ
2653 2745 2955 2818 καθάρσια;
2990 2745 3099 2799 Ποῦ
3127 2744 3308 2809 πάλιν,
3345 2743 3457 2797 ἀλλ’
3489 2741 3520 2813 ἦ
3555 2746 3611 2795 ἐν
3638 2741 3723 2812 τῷ

2151 2838 2318 2909 τόπῳ,
2351 2831 2412 2891 οὗ
2463 2836 2723 2907 σφάζουσι
2762 2838 2832 2891 τὰ
2872 2836 3330 2909 ὁλοκαυτώματα;
3384 2835 3494 2889 Καὶ
3535 2832 3722 2905 τρίτον

2155 2927 2345 2981 πάλιν·
2385 2946 2403 2979 ι
2458 2928 2657 2999 Ψυχὴ,
2721 2929 2922 3000 φησὶν,
2983 2930 3105 2999 ἥτις
3149 2929 3214 2982 ἂν
3259 2926 3460 2998 ἅψηται
3513 2921 3721 2989 παντὸς

2151 3017 2470 3089 πράγματος
2492 3018 2820 3090 ἀκαθάρτου,
2863 3019 2896 3089 ἢ
2935 3018 3041 3071 τῶν
3072 3019 3404 3089 θνησιμαίων
3442 3018 3549 3070 τῶν
3580 3034 3721 3088 κτη-

2150 3109 2254 3162 νῶν
2279 3109 2384 3162 τῶν
2414 3110 2754 3181 ἀκαθάρτων,
2794 3111 2887 3164 καὶ
2917 3110 3055 3184 λάϐῃ
3082 3112 3175 3164 ἀπ’
3207 3110 3392 3174 αὐτοῦ,
3428 3110 3522 3163 καὶ
3553 3110 3721 3172 αὐτὸς

478 3197 681 3267 piet".
725 3218 744 3251 ι
776 3199 1047 3266 Quidnam
1076 3203 1241 3274 igitur
1268 3205 1414 3259 aliud
1463 3206 1609 3260 hunc
1662 3205 1842 3262 facere
1892 3222 2046 3278 opor-

2154 3202 2471 3272 μεμίανται,
2506 3203 2599 3254 καὶ
2640 3201 3003 3273 πλημμελήσῃ
3040 3198 3074 3272 ἢ
3119 3200 3320 3271 ἅψηται
3372 3194 3721 3269 ἀκαθαρσίας

477 3297 611 3353 teat,
641 3306 805 3361 quam
836 3300 1051 3362 sumpta
1085 3295 1140 3348 in
1173 3311 1369 3351 manus
1400 3296 1598 3362 hostia,
1639 3312 1869 3368 propere
1894 3298 2047 3354 abire

477 3381 549 3436 ad
579 3384 943 3453 expiandum?
979 3385 1068 3440 ubi
1101 3401 1265 3456 porro
1317 3388 1578 3459 expiabit,
1616 3390 1719 3445 nisi
1739 3391 1795 3444 in
1822 3390 1940 3446 loco
1989 3392 2044 3446 in

478 3489 588 3544 quo
622 3483 865 3531 mactant
893 3479 1200 3535 sacriﬁcia?
1230 3481 1443 3535 tertiam
1469 3497 1685 3552 quoque
1722 3482 1850 3537 dum
1908 3484 2046 3539 scri-

474 3567 576 3633 bit,
613 3585 632 3619 ι
665 3567 881 3634 Anima,
915 3571 1114 3641 inquit,
1146 3589 1267 3642 quae
1297 3575 1535 3644 tetigerit
1562 3576 1778 3644 quidvis
1811 3576 2046 3632 immun-

473 3654 624 3719 dum,
657 3658 772 3712 sive
800 3673 921 3728 quae
949 3661 1133 3716 occisa
1162 3661 1363 3717 fuerint
1387 3664 1454 3719 de
1489 3666 1782 3735 pecoribus
1806 3667 2045 3723 immun-

474 3748 580 3820 dis,
624 3758 680 3805 et
720 3754 1015 3823 sumpserit
1047 3769 1115 3809 ex
1143 3771 1228 3820 eo,
1261 3757 1378 3827 ipse
1406 3758 1646 3827 pollutus
1682 3768 1790 3824 est,
1822 3767 1875 3813 et
1918 3775 2045 3830 pec~

472 3842 644 3905 cabit,
671 3846 719 3897 si
759 3845 1000 3912 attigerit
1046 3846 1448 3901 immunditiam
1508 3848 1746 3904 hominis
1788 3866 1853 3904 ex
1893 3851 2042 3905 omni

474 3932 819 3987 immunditia
853 3934 991 4002 ejus,
1052 3950 1213 4004 quam
1239 3936 1364 4006 quis
1396 3938 1666 4008 attingens
1689 3940 1856 4009 pollui
1883 3941 2040 4007 solet,

473 4030 528 4075 et
549 4022 748 4077 oblitus
776 4022 959 4087 fuerit,
1000 4033 1052 4079 et
1086 4034 1273 4094 postea
1297 4027 1611 4096 cognoverit
1666 4038 1720 4083 et
1782 4045 2037 4098 peccave-

473 4113 548 4167 rit
581 4114 646 4170 ³⁸.
679 4134 699 4166 ›
739 4114 879 4186 Ergo
913 4116 1042 4186 quid
1073 4117 1291 4171 tandem
1329 4119 1476 4172 hunc
1499 4120 1661 4176 etiam
1695 4122 1786 4191 qui
1820 4124 1890 4177 sit
1918 4124 2039 4193 pol-

474 4205 625 4260 Intus
656 4203 833 4261 facere
862 4209 1170 4272 conveniet,
1200 4209 1308 4264 nisi
1343 4225 1538 4267 rursus
1583 4212 1650 4266 ad
1717 4213 1896 4268 locum
1949 4231 2039 4269 ve-

472 4295 593 4350 nire
616 4303 669 4350 et
697 4296 892 4352 offerre
921 4315 1017 4369 pro
1050 4308 1272 4369 peccato
1300 4317 1401 4357 suo
1446 4304 1591 4372 quod
1631 4307 1894 4373 peceavit,
1945 4314 2039 4360 aut

471 4401 648 4452 ovem,
681 4397 774 4442 aut
802 4405 1017 4460 agnam,
1046 4401 1141 4446 aut
1167 4408 1387 4464 capram
1423 4396 1730 4449 anniculam
1759 4397 1900 4451 rite?
1935 4397 2039 4451 Ea-

471 4477 593 4531 dem
635 4495 765 4534 vero
796 4481 881 4535 lex
910 4488 995 4536 est
1022 4483 1184 4537 etiam
1233 4484 1301 4539 de
1345 4486 1524 4539 anima
1579 4501 1699 4555 quae
1749 4487 2033 4555 juraverit,

470 4568 599 4624 dum
627 4570 763 4640 ipsis
809 4572 967 4626 labiis
996 4573 1285 4645 distinguit
1323 4577 1407 4630 vel
1455 4577 1595 4632 male
1630 4594 1688 4633 se
1742 4576 2033 4644 facturam,

470 4661 554 4716 vel
586 4661 743 4727 bene,
775 4663 1073 4718 secundum
1122 4667 1303 4720 omnia
1357 4683 1695 4738 quaecunque
1751 4670 2036 4725 enuntiare

471 4752 608 4807 solet
639 4752 801 4808 homo
820 4770 943 4807 cum
973 4755 1349 4824 jurejurando,
1404 4765 1458 4812 et
1503 4759 1705 4813 oblitus
1759 4759 1940 4824 fuerit,
1980 4767 2035 4813 et

470 4840 613 4896 idem
644 4852 766 4911 post
794 4846 1129 4913 cognoverit,
1177 4853 1231 4901 et
1265 4849 1570 4917 peccaverit
1619 4865 1786 4903 unum
1828 4849 2034 4920 aliquid

469 4945 536 4985 ex
584 4932 674 4996 iis,
716 4940 771 4987 et
820 4934 1121 5003 prodiderit
1182 4945 1463 5006 peccatqu
1523 4937 1669 5008 quod
1724 4939 1967 5007 peccavit
2014 4956 2029 4992 :

475 5040 497 5073 ς
534 5025 697 5078 etiam
732 5025 843 5090 hic,
868 5024 1066 5095 inquit,
1095 5027 1283 5083 eadem
1307 5037 1523 5100 sumpta
1571 5029 1770 5092 hostia,
1817 5029 2035 5085 festinet

470 5113 535 5166 ad
566 5113 768 5180 locum,
795 5123 849 5169 et
872 5116 1051 5169 orabit
1078 5131 1176 5185 pro
1204 5118 1323 5187 ipso
1367 5118 1643 5182 sacerdos,
1696 5127 1750 5171 et
1808 5125 2032 5186 peccato

471 5196 665 5265 ipsius,
701 5208 754 5253 et
776 5201 1084 5257 dimittetur
1118 5202 1168 5257 ei
1197 5215 1481 5273 peccatum
1507 5206 1572 5261 ³³.
1606 5224 1624 5255 ι
1661 5204 1779 5258 Alia
1808 5213 2031 5275 prreter—

467 5303 532 5342 ea
565 5298 647 5344 est
676 5290 760 5344 lex
784 5307 1027 5347 seorsum
1063 5295 1132 5350 ab
1165 5297 1265 5359 eis,
1296 5311 1417 5366 qua:
1444 5297 1701 5365 exposita:
1729 5307 1876 5360 sunt,
1912 5314 2032 5366 quae

469 5381 524 5433 in
551 5381 691 5434 hunc
717 5382 827 5437 l‘ere
857 5385 1076 5438 modum
1109 5388 1411 5454 praescribit
1448 5406 1460 5440 :
1490 5405 1507 5435 ι
1536 5388 1726 5440 Anima
1757 5403 1875 5456 qua:
1894 5387 2032 5442 obli-

469 5471 628 5526 vione
652 5473 817 5526 oblita
856 5473 1038 5538 fuerit,
1067 5484 1122 5531 et
1145 5476 1462 5547 imprudens
1496 5479 1799 5548 peccaverit
1857 5480 1911 5533 in
1964 5480 2031 5534 iis

469 5578 588 5632 quae
610 5573 795 5619 sancta
847 5576 975 5621 sunt
1024 5568 1256 5632 Domini,
1288 5569 1494 5639 'oﬂ‘eret
1543 5570 1769 5626 Domino
1807 5576 2030 5627 arietem

536 5744 582 5776 ’⁸
618 5743 786 5803 Levit.
830 5767 899 5815 ιγ,
941 5748 1129 5803 27ο30.
1234 5754 1277 5784 ’θ
1314 5752 1473 5809 Num.
1518 5772 1625 5811 xvi.
1672 5758 1718 5813 7.

1797 5757 1842 5791 “
1880 5757 2051 5815 Levit.
2098 5777 2169 5821 tv.
2209 5759 2299 5816 97.
2378 5762 2416 5793 ³³
2462 5761 2630 5817 Levit.
2670 5780 2722 5828 v,
2768 5764 2815 5817 1.

2147 3291 2453 3364 ἀνθρώπου,
2489 3292 2595 3346 ἀπὸ
2624 3293 2803 3364 πάσης
2827 3292 3161 3364 ἀκαθαρσίας
3194 3291 3359 3345 αὑτοῦ
3384 3287 3452 3363 ἧς
3476 3291 3541 3344 ἂν
3572 3289 3723 3359 ἀψάδ

2150 3401 2306 3455 μενος
2337 3382 2555 3456 μιανθῇ,
2595 3384 2688 3438 καὶ
2721 3383 2905 3438 ἔλαθεν
2933 3385 3113 3448 αὑτὸν,
3152 3384 3288 3455 μετὰ
3320 3384 3474 3436 τοῦτο
3497 3383 3541 3435 δ’
3572 3383 3720 3452 ἔγνω

2146 3479 2240 3531 καὶ
2281 3477 2670 3549 πλημμελήσῃ.
2715 3497 2732 3529 ι
2792 3478 2856 3530 Τί
2900 3478 2963 3548 δη
3006 3471 3099 3531 οὖν
3138 3476 3230 3531 καὶ
3274 3471 3364 3532 τδν
3419 3477 3718 3548 μιανθέντα

2146 3572 2418 3642 προσῆκον
2450 3570 2518 3643 ἦν
2557 3575 2750 3634 ποιεῖν,
2796 3571 2908 3625 ἀλλ’
3027 3572 3297 3642 ἀπαντᾷνσε
3323 3572 3483 3625 πάλιν
3524 3573 3581 3624 ἐν
3633 3572 3717 3642 τῷ

2143 3655 2312 3725 τόπῳ,
2343 3658 2435 3710 καὶ
2476 3656 2805 3728 προσφέρειν
2833 3657 2960 3728 περὶ
2999 3657 3097 3726 τῆς
3146 3658 3416 3729 ἁμαρτίας
3448 3656 3609 3711 αὐτοῦ
3644 3652 3717 3729 ἧς

2142 3746 2376 3817 ἥμαρτε,
2402 3748 2533 3820 θῆλυ
2559 3748 2665 3802 ἀπο
2690 3747 2794 3801 τῶν
2816 3748 3119 3821 προϐάτων,
3149 3748 3181 3819 ἢ
3210 3749 3441 3819 ἀμνάδα,
3472 3750 3505 3821 ἢ
3531 3750 3717 3819 χίμαι-
3792 3738 3795 3739 ⁷

2145 3856 2243 3910 ραν
2285 3839 2342 3906 ἐξ
2368 3840 2554 3909 αἰγῶν,
2585 3841 2712 3911 περὶ
2743 3840 3051 3912 ἁμαρτίας;
3095 3841 3152 3892 Ὀ
3183 3840 3226 3892 δ’
3256 3840 3416 3904 αὐτὸς
3451 3836 3517 3911 ἦν
3546 3840 3717 3911 νόμος

2143 3932 2237 3984 καὶ
2259 3932 2351 3985 ἐπὶ
2378 3932 2555 4003 ψυχῆς
2579 3933 2613 4003 ἢ
2643 3932 2707 3985 ἂν
2737 3934 2910 4005 ὀμόσῃ
2938 3932 3316 3986 διαστέλλουσα
3344 3936 3454 3996 τοῖς
3482 3933 3717 4003 χείλεσι,

2143 4025 2525 4094 κακοποιῆσαι,
2565 4024 2599 4094 ἢ
2636 4024 2816 4088 καλῶς
2845 4023 3066 4094 ποιῆσαι
3110 4023 3251 4077 κοιτά
3283 4024 3458 4078 πάντα
3501 4025 3600 4076 ὃσα
3641 4023 3716 4077 ἂν

2140 4113 2410 4187 διαστείλῃ
2439 4112 2722 4185 ἄνθρωπος
2759 4115 2877 4185 μεθ’
2908 4116 3201 4186 ὄρκου,καὶ
3233 4114 3371 4186 λάθῃ
3405 4114 3587 4180 αὐτὸν,
3615 4118 3716 4169 καίι

2140 4198 2292 4269 οὗτος
2321 4204 2433 4276 γνῷ
2457 4208 2549 4260 καὶ
2568 4208 2789 4280 ἁμάρτῃ
2812 4206 2867 4259 ἐν
2886 4224 2991 4260 τινι
3013 4206 3238 4271 τούτων,
3264 4208 3357 4261 καὶ
3373 4206 3717 4283 ἐξαγορεύσῃ

2139 4297 2237 4368 τὴν
2290 4297 2563 4369 ἁμαρτίαν
2612 4299 2738 4368 περὶ
2770 4294 2837 4370 ἦς
2873 4298 3107 4369 ἥμαρτε,
3158 4317 3177 4349 ι
3215 4300 3307 4352 καί
3355 4292 3506 4360 οὗτος
3553 4297 3714 4368 δῆτα,

2140 4390 2322 4459 φησὶν,
2384 4389 2444 4442 τὸ
2487 4389 2619 4443 αὐτὸ
2669 4388 2845 4442 λαϐὼν
2898 4392 3090 4462 ἱερεῖον
3117 4428 3131 4452 ,
3208 4388 3481 4443 σπευδέτω
3527 4390 3585 4441 ἐν
3631 4388 3718 4460 τῷ

2139 4481 2308 4551 τόπῳ,
2343 4481 2433 4534 καὶ
2466 4481 2767 4545 ἐξιλάσεται
2802 4483 2932 4554 περὶ
2960 4483 3124 4535 αὑτοῦ
3166 4483 3194 4534 ὁ
3242 4482 3416 4554 ἱερεὺς
3450 4481 3577 4553 περὶ
3609 4483 3719 4553 τῆς

2142 4571 2414 4641 ἁμαρτίας
2445 4571 2630 4638 αὐτοῦ,
2664 4573 2758 4626 καὶ
2792 4573 3122 4644 ἀφεθήσεται
3144 4574 3348 4644 αὐτῷή
3382 4573 3646 4645 ἁμαρτία.
3689 4595 3710 4626 ι

2142 4664 2250 4717 Καὶ
2274 4663 2431 4728 ἄλλος
2456 4666 2605 4737 παρά
2629 4666 2753 4728 τοὺς
2778 4666 3096 4737 εἰρημένους
3122 4665 3283 4736 νόμος
3313 4659 3415 4718 ὧδέ
3441 4683 3512 4736 πη
3541 4664 3683 4737 διορί
3705 4694 3717 4707 ι

2141 4754 2241 4819 ζει·
2297 4774 2316 4806 ι
2371 4757 2532 4827 Ψυχὴ
2575 4758 2609 4827 ἢ
2646 4757 2711 4812 ἂν
2751 4757 2887 4829 λάθῃ
2937 4758 3094 4810 αὐτὸν
3143 4756 3305 4831 λήθῃ,
3351 4757 3442 4812 καὶ
3485 4758 3717 4833 ἁμάρτῃ

2139 4846 2407 4910 ἀκουσίως
2439 4846 2547 4902 ἀπὸ
2578 4848 2684 4903 τῶν
2714 4850 2883 4917 ἀγίων
2915 4848 3139 4920 Κυρίου,
3175 4851 3268 4904 καὶ
3299 4849 3515 4903 εἰσοίσει
3554 4852 3716 4922 κριὸν
3752 4865 3756 4868 ’

2138 4936 2239 5007 τῆς
2272 4937 2648 5009 πλημμελείας
2688 4939 2848 4993 αὐτοῦ
2894 4938 2970 5010 τῷ
3016 4941 3234 5012 Κυρίῳ·
3278 4941 3429 5007 οἴσει
3458 4940 3514 4993 δὲ
3544 4941 3715 4995 πάλιν

2138 5027 2287 5099 παρά
2316 5029 2408 5081 τὸν
2456 5030 2735 5101 ἀρχιερέα,
2770 5033 2826 5083 ἐν
2853 5030 2931 5102 τῷ
2971 5033 3119 5102 τόπῳ
3165 5032 3365 5103 δηλαδὴ
3405 5032 3478 5103 τῷ
3509 5033 3714 5098 ἐξειλε-

2135 5119 2339 5189 γμένῳ.
2381 5139 2399 5172 ι
2449 5122 2559 5174 Καὶ
2614 5120 2769 5174 ἕκτον
2813 5121 2870 5175 δὲ
2910 5123 3071 5194 νόμον
3114 5121 3318 5187 τούτοις
3362 5125 3712 5194 προστίθησι,

2137 5207 2327 5278 λέγων·
2388 5229 2406 5261 ι
2458 5211 2617 5283 Ψυχὴ
2652 5212 2717 5265 ἂν
2764 5214 3004 5288 ἁμάρτῃ,
3054 5216 3147 5267 καὶ
3189 5216 3389 5287 ποιήσῃ
3441 5216 3568 5286 μίαν
3597 5218 3714 5271 ἀπὸ

2139 5299 2329 5353 πασῶν
2354 5301 2463 5356 τῶν
2493 5303 2742 5371 ἐντολῶν,
2778 5298 2851 5357 ὧν
2883 5306 2941 5359 οὐ
2970 5307 3052 5359 δεῖ
3078 5309 3270 5370 ποιεῖν,
3301 5307 3395 5359 καὶ
3420 5309 3520 5360 οὐκ
3541 5306 3711 5376 ἔγνω,

2137 5391 2230 5444 καὶ
2262 5394 2648 5467 πλημμελήσῃ,
2682 5397 2775 5450 καὶ
2801 5396 2939 5468 λάϐῃ
2967 5398 3062 5467 τὴν
3084 5400 3360 5471 ἁμαρτίαν
3392 5401 3577 5466 αὑτοῦ,
3611 5404 3711 5456 καὶ

2136 5485 2271 5537 οἴσει
2310 5485 2470 5539 πάλιν
2502 5486 2653 5556 κριὸν
2680 5487 2757 5558 τῷ
2797 5489 3063 5560 ἀρχιερεῖ,
3095 5491 3189 5543 καί
3229 5491 3532 5556 ἐξιλάσεται
3575 5495 3709 5564 περὶ

2138 5574 2302 5628 αὐτοῦ
2336 5578 2363 5629 ὁ
2399 5577 2593 5646 ἱερεὺς,
2628 5579 2754 5648 περὶ
2785 5580 2881 5650 τῆς
2907 5581 3131 5649 ἀγνοίας
3157 5582 3319 5636 αὑτοῦ
3353 5579 3419 5654 ἧς
3446 5587 3709 5656 ἠγνόησε,

2893 5765 2941 5795 ³⁸
2978 5763 3113 5818 ibid.
3157 5763 3211 5826 2,
3250 5764 3301 5818 '5.
3380 5763 3424 5795 ³³
3463 5762 3599 5819 l-bid.
3644 5768 3705 5826 6.
