3942 6258
169 381 177 394 .
208 336 269 391 37
1083 327 1745 387 DEMONSTRATIONIS

1861 327 2251 387 {ANGELICE
2290 331 2422 387 LIB.
2463 333 2512 391 ι.
3386 336 3455 391 58
3524 384 3529 389 ,

213 452 298 508 καὶ
318 443 461 514 οὗτος
487 448 590 502 οὐκ
621 448 760 522 ᾔδει,
801 451 897 506 καὶ
928 448 1258 522 ἀφεθήσεται
1290 449 1459 521 αὐτῷ.
1491 468 1510 503 ι
1549 450 1691 523 Ἤδη
1720 450 1760 505 δῖ

1880 464 1982 520 pro
2003 460 2229 521 peccato
2254 466 2356 508 suo
2384 453 2429 485 "
2455 471 2471 521 ;
2514 474 2533 506 ι
2573 452 2763 509 oﬂeret
2792 459 2975 510 autem
2997 467 3192 511 rursus
3224 453 3291 509 ad
3309 452 3454 510 Pon-

214 532 417 615 ἕϐδομόν
443 559 601 613 (mot-
642 560 661 594 ι
696 542 857 614 Ψυχὴ
888 542 952 598 ἂν
980 543 1223 616 ἁμάρτῃ,
1253 545 1347 598 καὶ
1368 542 1610 616 παριδὼν
1630 559 1776 617 παρ-

222 638 295 711 ίδῃ
339 634 430 699 τὰς
471 633 693 698 ὲντολάς
733 634 963 706 Κυρίου,
1021 634 1116 687 καὶ
1156 634 1425 706 ψεύσηται
1486 635 1623 707 πρὸς
1684 635 1777 689 τὸν

223 726 421 798 πλησίον
450 725 623 778 αὐτοῦ
652 727 711 778 ὲν
750 724 1215 797 παρακαταθήκῃ,
1250 727 1379 794 περὶ
1419 727 1707 790 κοινωνίας
1739 726 1774 799 ἢ

226 818 469 894 ἁρπαγῆς,
510 816 545 888 ἢ
578 815 807 887 ἠδίκησέ
849 834 902 869 τι
935 817 1028 871 τὸν
1063 817 1313 888 πλησίον,
1355 818 1388 891 ἢ
1421 812 1580 889 εὗρεν
1620 819 1774 872 ἀπώ-

221 913 369 975 λειαν,
404 912 497 965 καὶ
527 911 801 984 ψεύσηται
840 912 968 985 περὶ
996 913 1189 983 αὐτῆς,
1228 913 1324 967 καὶ⁵
1364 914 1539 986 ὀμόσῃ
1573 904 1775 980 ἀδίκως

220 1005 333 1075 περὶ
370 1003 482 1066 ἑνὸς
519 1003 630 1055 ἀπὸ
676 1003 896 1057 πάντων
942 997 1018 1056 ὧν
1065 1003 1162 1058 ὲάν
1213 1005 1418 1077 ποιήσῃ
1464 1005 1770 1078 ἄνθρωπος,

215 1096 341 1151 ὥστε
387 1095 653 1167 ἁμαρτεῖν
700 1096 759 1149 ὲν
807 1094 1038 1160 τούτοις,
1081 1095 1177 1149 καὶ
1225 1097 1392 1167 ἡνίκα
1437 1096 1504 1150 ἂν
1548 1097 1771 1169 ἁμάρτῃ

214 1189 299 1244 καὶ
349 1187 713 1262 πλημμελήσῃ
761 1188 857 1242 καὶ
909 1188 1094 1259 ἀποδῷ
1158 1189 1221 1242 τὸ
1277 1190 1549 1261 ἅρπαγμα
1596 1190 1626 1243 ὃ
1673 1190 1774 1261 ἡρ-

212 1299 386 1347 πισεν,
442 1281 476 1352 ἢ
539 1280 599 1334 τὸ
659 1281 903 1354 ἀδίκημα
968 1280 998 1335 ὃ
1050 1281 1328 1355 ἠδίκησεν,
1374 1284 1541 1356 ἢτὴν
1596 1300 1774 1356 παρα-

208 1373 522 1446 καταθήκην,
566 1373 687 1444 ἡτις
732 1373 1004 1446 παρετέθη
1068 1373 1238 1446 αὐτῷ,
1285 1376 1318 1446 ἦ
1357 1374 1455 1445 τὴν
1497 1373 1771 1429 ἀπώλειαν

204 1468 267 1540 ἡν
296 1460 468 1540 εὗρεν,
534 1466 643 1520 ἀπὸ
680 1466 882 1530 παντὸς
941 1466 1265 1538 πράγματος
1329 1462 1389 1522 οὗ
1428 1467 1608 1539 ὤμοσε
1643 1468 1771 1542 περὶ

202 1559 357 1613 αὑτοῦ
412 1559 613 1623 ἀδίκως
636 1600 652 1625 ,
706 1559 801 1613 καὶ
846 1560 1093 1613 ἀποτίσει
1154 1560 1286 1613 αὐτὸ
1352 1561 1413 1613 τὸ
1477 1560 1769 1630 κεφάλαιον

202 1652 287 1706 καὶ
326 1651 388 1705 τὸ
435 1652 801 1723 ὲπίπεμπτον.
841 1670 861 1705 ι
900 1652 1096 1723 Ἐχρῆν
1135 1651 1181 1705 δ’
1224 1651 1290 1706 ἀν
1319 1652 1457 1723 μετὰ
1487 1652 1547 1705 τὸ
1580 1652 1770 1721 ἐξαγο-

202 1742 461 1816 ρεῦσαιτὺ
506 1744 833 1817 ἁμάρτημα,
873 1743 968 1797 καὶ
1012 1744 1150 1815 μετά
1184 1744 1246 1797 τὸ
1289 1745 1565 1808 ἀποτῖσαι,
1601 1744 1766 1797 σπεύ-

1874 539 2102 605 tificem,
2131 542 2186 597 in
2211 545 2332 600 loco
2357 544 2612 601 videlicet
2638 545 2707 600 de
2733 544 3061 615 quodictum
3089 553 3194 601 est.
3232 544 3451 601 Sextum

1876 648 2093 703 quoque
2127 634 2300 704 legem
2342 635 2620 706 prioribus
2645 622 3006 706 adjungithis
3035 638 3210 693 verbis
3236 656 3248 691 :
3276 655 3295 689 ι
3322 636 3455 690 Ani-

1876 738 1966 777 ma
1996 725 2041 779 si
2077 727 2385 794 peccaverit
2410 734 2465 782 et
2495 726 2686 783 fecerit
2705 727 2968 784 adversus
2994 743 3163 783 unum
3181 743 3246 783 ex
3275 728 3453 782 omni-

1873 814 1977 870 bus
2006 818 2312 887 pmceptis,
2350 819 2558 889 aliquid
2606 834 2818 885 eorum,
2841 836 2962 891 quae
2984 835 3094 875 non
3121 827 3337 891 Oportet
3372 818 3454 874 fa-

1873 922 2016 972 cere,
2049 915 2104 962 et
2130 925 2239 964 non
2267 911 2606 982 cognoverit,
2661 920 2716 968 et
2765 912 3077 984 deliquerit,
3130 922 3184 969 et
3224 929 3451 985 accepe-

1871 997 1946 1052 rit
1976 1008 2258 1069 peccatum
2289 1016 2473 1067 suum,
2504 1017 2701 1060 rursus
2717 1003 2905 1061 offeret
2941 1003 3190 1060 Pontifici
3221 1006 3447 1061 arietem

1871 1100 1926 1148 et
1957 1093 2135 1149 orabit
2168 1109 2267 1164 pro
2312 1096 2431 1167 ipso
2487 1097 2772 1165 sacerdos,
2824 1114 2924 1169 pro
2974 1098 3282 1169 ignorantia
3327 1099 3450 1169 ejus

1870 1204 2035 1260 quam
2069 1189 2363 1260 ignoravit,
2395 1202 2448 1247 et
2472 1193 2564 1247 hic
2599 1193 2716 1262 ipse
2746 1208 2856 1249 non
2892 1195 3064 1261 novit,
3124 1202 3178 1249 et
3204 1193 3450 1250 dimitte-

1871 1286 1963 1333 tur
1998 1280 2048 1334 ei
2081 1280 2147 1337 ³⁸.
2184 1300 2203 1333 ι
2240 1281 2540 1354 Septimam
2579 1283 2710 1339 item
2750 1285 2946 1340 scribit
2972 1286 3141 1356 legem
3181 1284 3287 1339 hoc
3334 1299 3449 1340 mo-

1868 1371 2206 1427 doztAnima
2234 1375 2281 1430 si
2311 1376 2715 1445 peccaverit,et
2730 1386 3086 1433 contemnens
3110 1383 3450 1446 contempse-

1867 1467 1943 1521 rit
1969 1474 2238 1537 praacepta
2268 1462 2556 1523 Domini'et
2574 1469 2799 1524 mentita
2829 1468 2993 1525 fuerit
3041 1468 3290 1540 proximo
3344 1481 3446 1523 suo

1869 1562 1925 1615 in
1956 1560 2227 1633 deposito,
2255 1561 2770 1620 communicationis
2798 1576 2893 1619 aut
2921 1563 3126 1634 rapinae
3148 1578 3336 1629 causa,
3357 1562 3444 1619 vel

1868 1655 2071 1725 injuria
2102 1654 2286 1725 aliqua
2314 1654 2554 1711 aﬂ'ecerit
2584 1656 2896 1728 proximum
2924 1657 3130 1723 suum,’
3152 1656 3236 1712 vel
3287 1658 3442 1711 inve-

1868 1746 2011 1801 nerit
2043 1761 2157 1801 rem
2195 1747 2485 1816 perditam,
2516 1761 2581 1802 ac
2610 1747 2677 1803 de
2723 1763 2788 1804 ea
2818 1748 2935 1818 ipse
2982 1747 3207 1811 mentita
3254 1746 3440 1812 fuerit,

200 1836 299 1889 δειν
332 1835 508 1901 πάλιν,
542 1835 724 1890 πάντα
757 1834 1148 1906 ὑπερθέμενον,
1178 1836 1259 1899 είς
1287 1835 1379 1888 τὸν
1414 1835 1576 1888 τόπον
1611 1835 1672 1889 ὃν
1704 1834 1760 1888 ἂι

1870 1846 1925 1894 et
1985 1838 2252 1908 juraverit
2317 1839 2506 1910 inique
2562 1855 2662 1909 pro
2713 1855 2824 1895 uno
2861 1855 2928 1896 ex
2987 1840 3242 1895 omnibus
3293 1854 3445 1911 quae-

201 1927 463 1999 ὲκλέξηται
496 1928 701 1999 Κύριος
746 1930 775 1981 ὁ
819 1926 969 1994 Θεὸς,
1018 1928 1113 1981 καὶ
1159 1926 1488 1999 προσφέρειν
1525 1943 1590 1995 γε
1632 1927 1761 1998 περὶ

201 2019 286 2090 τῆς
307 2019 682 2090 πλημμελείας
714 2018 866 2091 κριὸν
889 2018 1119 2090 ἄμωμον
1137 2035 1151 2049 ·
1181 2017 1276 2072 καὶ
1305 2016 1611 2082 ὲξιλάσεται
1634 2018 1760 2090 περὶ

201 2112 347 2167 αὑτοῦ
373 2116 401 2167 ὀ
433 2115 611 2186 ἱερεὺς
640 2113 820 2168 ἔναντι
846 2112 1074 2186 Κυρίου,
1105 2112 1199 2167 καὶ
1224 2111 1562 2183 ἀφηθήσεται
1586 2110 1754 2183 αὐτῷ.

204 2203 365 2258 Ταῦτα
395 2206 490 2259 καὶ
524 2205 653 2276 περὶ
685 2204 854 2258 τῶνδε
899 2208 927 2258 ὁ
975 2204 1276 2275 θαυμάσιος
1317 2204 1577 2275 Μωῡσῆς,
1631 2202 1759 2274 περί

201 2314 251 2349 τε
282 2297 386 2351 τῶν
425 2297 696 2361 ἀκουσίως
732 2296 1150 2370 ἡμαρτηκότων,
1193 2296 1287 2351 καὶ
1321 2297 1450 2370 περὶ
1485 2296 1593 2350 τῶν
1635 2296 1758 2350 κατ’

202 2389 418 2459 ἄγνοιαν,
453 2389 880 2463 ὲξηκριῦώσατο,
922 2388 1205 2463 πόρρωθεν
1260 2388 1368 2442 τῶν
1423 2388 1566 2443 κατά
1622 2406 1757 2461 προ-

202 2482 385 2554 αίρεσιν
418 2482 925 2555 πλημμελημάτων,
972 2482 1059 2552 ἐφ’
1087 2477 1167 2545 οἷς
1218 2482 1312 2535 καὶ
1355 2481 1759 2553 ἀπαραιτήτους

196 2577 344 2648 ὁρίζει
385 2576 661 2648 τιμωρίας
700 2576 827 2639 τοὺς
865 2576 1099 2639 οἰκείους
1140 2574 1499 2630 ἀναστέλλων.
1536 2575 1596 2628 '0
1649 2574 1758 2646 γάρ

194 2668 275 2721 kal
303 2670 410 2732 τοῖς
444 2665 723 2731 ἀκουσίοις
758 2666 835 2739 μὴ
883 2667 1147 2739 πρότερον
1175 2667 1367 2739 νείμας
1406 2667 1754 2739 συγγνώμην,

193 2759 222 2830 ῆ
248 2757 598 2830 ἐξαγορεῦσαι
620 2757 683 2811 τὸ
711 2759 1032 2831 ἁμάρτημα,
1062 2757 1297 2812 κᾶπειτα
1329 2758 1519 2830 ὥσπερ
1556 2759 1757 2831 μικρὰν

193 2850 439 2923 τιμωρίαν
470 2851 562 2905 διὰ
593 2851 694 2920 τῆς
719 2852 1200 2923 προστεταγμένης
1239 2849 1429 2915 θυσίας
1462 2850 1758 2923 εἰσπραξά-

195 2959 337 3012 μενος
366 2942 457 2996 τὺν
487 2943 868 3015 ἡμαρτηκότα,
896 2942 985 2996 διά
1007 2959 1068 2996 τε
1110 2942 1213 3012 τῆς
1235 2942 1328 2995 ἐπὶ
1354 2943 1446 2995 τὸν
1477 2942 1639 3011 ἁγνὸν
1665 2942 1756 2996 τό-

193 3052 278 3089 πον
305 3035 610 3106 ἀμελλήτου
644 3035 869 3106 πορείας
898 3034 996 3108 τὴν
1029 3035 1262 3105 σπουδὴν
1295 3033 1428 3105 ὁμοῦ
1459 3034 1553 3089 καὶ
1581 3034 1641 3087 τὸ
1669 3035 1758 3088 εὐ-

192 3128 333 3193 λαϐὲς
356 3128 631 3193 ἐπιτείνας
652 3128 760 3182 τῶν
791 3129 909 3183 κατ’
944 3128 1105 3181 αὐτὸν
1139 3126 1409 3182 θεοσεϐεῖν
1437 3128 1755 3202 προῃρημέ-

1868 1946 2085 2002 cunque
2142 1930 2274 1986 facit
2324 1930 2490 1987 homo
2520 1972 2535 1997 ,
2601 1940 2656 1987 et
2696 1942 2885 2002 peccat
2926 1952 2938 1986 ε
2995 1939 3050 1988 et
3084 1931 3443 2003 quandocun—

1866 2037 1973 2092 que
2022 2025 2333 2093 peccaverit
2382 2040 2448 2080 ac
2499 2025 2813 2096 deliquerit,
2877 2034 2933 2082 et
2974 2027 3282 2083 restituerit
3323 2039 3444 2081 rem

1865 2127 2028 2183 quam
2064 2114 2310 2183 abstulit,
2345 2122 2440 2169 aut
2475 2116 2689 2186 injuria
2717 2132 2748 2171 a
2774 2117 3037 2181 seillatae,
3090 2116 3441 2183 satisfecerit,

1866 2204 1918 2276 5
1936 2212 2030 2259 aut
2059 2204 2371 2276 depositum
2397 2207 2544 2277 quod
2574 2224 2687 2265 suae
2715 2208 2842 2264 fidei
2858 2209 3213 2265 commissum
3241 2208 3441 2277 fuerat,

1866 2296 2186 2366 reddiderit,
2222 2307 2317 2353 aut
2347 2315 2463 2355 rem
2494 2301 2761 2369 perditam
2791 2317 2955 2372 quam
2981 2302 3208 2365 invenit,
3227 2293 3439 2357 ex‘omo

1865 2391 2006 2445 nire
2036 2405 2136 2460 pro
2157 2406 2265 2461 qua
2297 2392 2483 2463 inique
2510 2393 2716 2462 juravit
2743 2393 2917 2449 solvet
2965 2394 3143 2463 ipsum
3166 2400 3359 2457 totum,
3386 2399 3443 2448 et

1864 2481 1984 2552 ejus
2016 2485 2242 2555 insuper
2268 2485 2515 2555 quintam
2559 2494 2770 2556 partem
2798 2484 3180 2541 ".)Caaterum
3216 2493 3440 2555 oporte-

1864 2572 1959 2628 bat
2008 2582 2300 2645 postquam
2344 2574 2661 2646 prodiderat
2726 2582 3016 2645 peccatum
3062 2591 3127 2631 ac
3178 2577 3437 2644 solverat,

1863 2672 2120 2721 omnibus
2154 2665 2387 2737 negotiis
2416 2666 2746 2737 posthabitis
2774 2682 3026 2737 propere,
3076 2668 3228 2723 abire
3259 2668 3327 2724 ad
3354 2669 3439 2724 lo-

1864 2768 2012 2821 cum,
2059 2771 2220 2826 quem
2272 2756 2513 2828 elegerat
2552 2756 2819 2813 Dominus
2846 2759 3012 2824 Deus,
3040 2766 3096 2815 et
3119 2760 3313 2816 offerre
3341 2774 3443 2831 pro

1863 2848 2065 2903 delicto
2094 2849 2323 2904 arietem
2372 2848 2803 2912 immaculatum,
2847 2858 2903 2904 et
2934 2850 3016 2905 sic
3060 2865 3219 2906 orare
3250 2866 3350 2921 pro
3372 2866 3442 2908 co

1863 2940 2203 2997 sacerdotem
2233 2941 2377 3012 apud
2405 2940 2716 3004 Dominum,
2743 2948 2796 2996 et
2822 2942 3018 2997 dimitti
3044 2944 3117 2998 ei.
3153 2942 3280 2999 Haac
3305 2959 3440 3000 sane

1864 3029 2042 3088 Moses
2068 3031 2158 3086 ille
2190 3032 2547 3087 admirandus
2568 3038 2681 3087 tam
2707 3033 2775 3088 de
2805 3033 2874 3089 iis
2898 3034 2994 3105 qui
3031 3035 3187 3089 inviti
3246 3051 3441 3106 pecca—

1862 3126 2061 3188 verint,
2092 3139 2254 3195 quam
2280 3125 2348 3180 de
2381 3125 2448 3180 iis
2468 3125 2561 3196 qui
2587 3141 2685 3197 per
2713 3125 3098 3196 ignorantiam,
3127 3128 3437 3199 diligentis-

193 3238 299 3285 νων,
332 3221 448 3285 πῶς
485 3222 607 3292 οὐχὶ
636 3221 745 3274 τῶν
776 3220 1038 3284 ἑκουσίως
1073 3220 1365 3292 δρωμένων
1393 3221 1529 3275 πολὺ
1560 3220 1756 3293 πρότε-

1861 3220 2000 3273 sime
2044 3220 2301 3275 tractavit
2340 3235 2587 3275 seorsum
2632 3220 2700 3275 ab
2728 3220 2797 3275 iis
2823 3235 2944 3290 quae
2983 3220 3290 3276 voluntarie
3312 3235 3439 3293 pec-

196 3331 271 3385 ρον
305 3316 520 3385 ὲπίσχοι
567 3314 634 3368 ἂν
684 3314 782 3378 τάς
829 3314 1041 3385 ὀρμάς;
1083 3315 1149 3367 Τί
1187 3314 1251 3387 δὴ
1282 3310 1374 3368 οὖν
1412 3315 1549 3387 πρὸς
1584 3313 1757 3368 ταῦτα

194 3406 582 3475 συλλογίζεσθαι
612 3406 773 3478 χρῆν,
807 3406 895 3460 ὅτε
944 3406 1030 3478 δὴ,
1069 3405 1146 3471 ὡς
1201 3408 1433 3478 εἴρηται,
1477 3423 1756 3476 συγκεφα-

192 3497 489 3570 λαιούμενος
523 3498 594 3553 τά
622 3500 800 3554 πάντα
825 3501 855 3553 ό
886 3500 1124 3570 Μωῦσῆς
1165 3502 1512 3572 ἐπισκήπτει,
1546 3499 1718 3567 λέγων
1737 3514 1752 3529 ⁸

197 3611 214 3643 ι
255 3593 680 3663 Ἐπικατάρατος
712 3594 820 3656 πᾶς
858 3591 917 3655 ὃς
956 3592 1058 3645 οὐκ
1097 3594 1324 3663 ἐμμενεῖ
1370 3594 1428 3645 ὲν
1468 3593 1603 3646 πᾶσι
1643 3594 1755 3656 τοῖς

193 3685 646 3758 ἐγγεγραμμένοις
701 3684 794 3738 τοῦ
851 3684 1049 3755 νόμου,
1097 3682 1194 3736 τοῦ
1253 3683 1476 3753 ποιῆσαι
1530 3684 1689 3747 αύτά;
1732 3701 1750 3734 ›

191 3772 315 3848 Ἆρα
336 3777 441 3850 γὰρ
472 3778 602 3841 τοὺς
625 3778 692 3830 ὲκ
718 3775 966 3849 περάτων
988 3777 1090 3848 γῆς
1116 3775 1408 3848 μέλλοντας
1434 3774 1575 3828 κατὰ
1601 3776 1756 3828 Μωῦ-

193 3869 273 3922 σέα
304 3868 596 3933 θεοσεϐεῖν,
623 3868 700 3932 ὡς
730 3868 796 3922 ἂν
824 3867 1046 3937 φύγοιεν
1083 3868 1181 3939 μὲν
1216 3866 1313 3939 τὴν
1362 3865 1626 3938 κατάραν,
1664 3864 1757 3919 τύ-

190 3978 315 4031 χοιεν
338 3962 397 4014 δὲ
426 3960 529 4031 τῆς
566 3960 981 4031 ἐπηγγελμένης
1019 3959 1156 4032 πρὸς
1186 3960 1277 4013 τὸν
1323 3957 1572 4031 ’Λϐραάμ
1607 3957 1757 4011 εὐλο-

190 4053 313 4119 γίας,
346 4052 523 4107 ταῦτα
571 4051 751 4106 πάντα
791 4052 929 4122 χρῆν
965 4051 1247 4123 πράττειν,
1296 4051 1390 4104 καὶ
1436 4049 1618 4122 τρίτον
1660 4048 1754 4103 τοῦ

191 4144 323 4207 ἔτους
347 4143 599 4213 ἀπαντᾷν
627 4143 707 4205 είς
736 4140 805 4195 τὰ
850 4139 1226 4213 Ἱεροσόλυμας
1262 4140 1356 4194 καὶ
1395 4138 1494 4203 τὰς
1526 4141 1591 4193 ὲκ
1622 4140 1756 4194 πάν-

188 4250 279 4288 των
298 4235 354 4289 δὲ
378 4233 491 4287 τῶν
520 4233 689 4288 ὲθνῶν
720 4232 992 4287 θεοσεόεῖν
1016 4231 1452 4305 προκεκριμένας
1470 4234 1752 4300 γυναῖκας,

188 4327 294 4400 ἄρτι
315 4327 494 4381 τόκων
521 4327 618 4381 καὶ
654 4325 859 4380 ὠδίνων
888 4325 1262 4396 παυσαμένας,
1293 4322 1561 4395 τοσαύτην
1599 4324 1753 4378 στέλ-

185 4420 355 4474 λεσθαι
409 4418 659 4491 πορείαν,
717 4416 793 4481 ὠς
845 4417 912 4471 ἂν
967 4416 1065 4489 τὴν
1119 4413 1597 4487 προστεταγμένην
1651 4414 1756 4468 ὑπὸ

186 4514 445 4578 Μωῦσέως
483 4513 676 4566 θυσίαν
716 4511 803 4581 ἐφ’
848 4511 1065 4582 ἑκάστῳ
1112 4508 1221 4562 τῶν
1266 4507 1618 4580 γεννωμένων
1657 4509 1754 4561 ἀν-

1858 3322 2074 3378 cantur,
2096 3311 2296 3383 quibus
2319 3312 2482 3367 etiam
2508 3311 2871 3368 inexorabiles
2900 3313 3105 3383 irrogat
3134 3325 3349 3382 poenas.
3376 3317 3439 3365 ut

1858 3422 1988 3463 suos
2031 3406 2107 3460 ita
2148 3404 2444 3469 cohibeat,
2502 3418 2566 3459 ac
2627 3403 2886 3459 refrenet.
2948 3402 3053 3470 Qui
3103 3405 3252 3459 enim
3312 3403 3384 3460 iis
3416 3442 3433 3467 ,

1856 3500 1948 3571 qui
1971 3499 2128 3554 inviti
2172 3498 2522 3570 peccaverint
2581 3514 2690 3553 non
2740 3498 2893 3569 prius
2949 3498 3163 3552 veniam
3217 3498 3434 3563 tribuit,

1857 3605 2021 3661 quam
2056 3599 2340 3660 peccatum
2388 3588 2854 3650 annuntiaverint,
2903 3600 2969 3640 ac
2999 3584 3194 3641 deinde
3243 3586 3297 3640 ei
3339 3585 3434 3656 qui

1856 3686 2103 3755 peccavit
2133 3684 2292 3754 quasi
2322 3684 2492 3738 levem
2515 3696 2732 3751 poenam
2767 3695 2866 3750 per
2893 3679 3158 3734 indictum
3186 3677 3318 3733 illud
3343 3692 3437 3734 sa-

1858 3777 2123 3831 crificium
2155 3776 2378 3845 irrogat,
2405 3784 2459 3830 et
2489 3788 2584 3844 per
2614 3774 2983 3827 accessionem
3019 3772 3139 3827 sine
3176 3785 3330 3825 mora
3364 3768 3434 3825 ad

1856 3865 2037 3921 locum
2064 3875 2334 3931 sanctum,
2363 3865 2606 3920 studium
2636 3864 2799 3919 simui
2827 3875 2881 3919 et
2905 3862 3219 3932 religionem
3241 3876 3431 3917 eorum

1858 3957 2111 4021 intendit,
2143 3958 2235 4028 qui
2266 3974 2326 4013 se
2353 3968 2579 4012 auctore
2601 3957 2658 4011 in
2691 3956 2877 4012 divino
2922 3956 3075 4011 cultu
3125 3957 3204 4010 uti
3239 3955 3428 4020 velint,

1856 4050 1949 4122 qui
1975 4050 2091 4104 fieri
2124 4057 2305 4120 potest
2342 4059 2400 4103 ut
2441 4064 2553 4103 non
2595 4048 2769 4102 multo
2802 4048 2953 4118 prius
2992 4048 3060 4102 ab
3086 4047 3156 4103 iis
3176 4062 3298 4117 quae
3343 4062 3434 4103 vo-

1858 4143 2093 4197 luntarie
2121 4142 2557 4204 committuntur,
2591 4140 2897 4196 cohibuerit
2923 4141 3193 4210 appetitus
3225 4140 3249 4194 ?
3287 4137 3430 4205 Quid

1857 4235 1925 4289 ad
1948 4235 2063 4290 haec
2094 4234 2260 4306 igitur
2280 4232 2653 4305 argumentari
2683 4239 2922 4302 oportet,
2941 4230 3181 4302 quando,
3220 4239 3281 4286 ut
3307 4232 3430 4287 dic-

1854 4332 1971 4378 tum
1998 4332 2104 4390 est,
2137 4330 2333 4378 cuncta
2360 4323 2613 4394 redigens
2638 4321 2693 4376 in
2717 4337 2984 4377 summam
3010 4320 3209 4386 Moses,
3225 4322 3305 4376 sic
3327 4321 3430 4376 im-

1856 4414 2159 4485 precatur?
2186 4433 2205 4465 ι
2237 4412 2606 4468 Exsecrabilis
2636 4413 2816 4468 omnis
2853 4414 3165 4482 quicunque
3185 4429 3294 4466 non
3324 4419 3433 4468 ste-

1858 4508 1984 4563 terit
2014 4506 2292 4571 omnibus,
2328 4520 2449 4575 qua!
2478 4505 2532 4559 in
2564 4505 2681 4575 lege
2740 4505 2943 4575 scripta
2995 4511 3144 4567 sunt,
3176 4511 3235 4558 ut
3267 4503 3430 4558 faciat

190 4607 489 4675 ενέγκαιενς
529 4604 563 4676 ἢ
607 4606 733 4667 τοὺς
768 4600 1147 4672 ἐφαψαμένους
1191 4600 1384 4673 νεκροῦ
1422 4599 1691 4671 σώματος,
1723 4599 1756 4671 ἢ

1862 4615 1926 4656 ea
1993 4599 2037 4631 ⁸⁷
2116 4618 2161 4655 ι.
2203 4597 2347 4669 Ergo
2396 4597 2559 4653 etiam
2604 4597 2660 4651 in
2711 4597 2970 4651 extremis
3018 4605 3176 4651 terrae
3228 4595 3428 4651 finibus

187 4701 296 4764 τοὺς
317 4698 574 4771 ἐπίορκον
600 4695 982 4766 ὀμωμοκότας,
1010 4694 1043 4764 ἡ
1072 4694 1197 4756 τοὺς
1220 4692 1472 4746 ἀκούσιόν
1492 4709 1544 4745 τι
1570 4692 1753 4761 δεδρα-

187 4793 333 4855 κότας
358 4793 423 4845 ὲκ
456 4789 711 4859 περάτων
730 4787 833 4858 γῆς
858 4787 1033 4857 ἦκειν,
1059 4785 1269 4857 τρέχειν
1292 4801 1352 4837 τε
1381 4784 1476 4837 καὶ
1500 4782 1750 4837 σπεύδειν

189 4888 267 4940 ἐπὶ
303 4886 396 4941 τὸν
434 4880 930 4954 νενομοθετημένον
972 4877 1335 4950 καθαρισμὸν,
1373 4876 1449 4941 ὡς
1483 4876 1548 4931 ἂν
1580 4875 1749 4945 ἐκφύ-

187 4994 316 5045 τοιεν
361 4977 462 5049 τὴν
497 4975 599 5045 τῆς
631 4973 878 5042 κατάρας
920 4969 1248 5041 ὲπίσκηψιν;
1299 4968 1459 5023 Ἀλλὰ
1502 4968 1750 5039 συνορᾷς,

188 5069 251 5134 ὡς
274 5070 365 5124 καὶ
392 5070 578 5132 αὐτοῖς
608 5069 722 5131 τοῖς
752 5065 895 5137 ἀμφὶ
927 5063 997 5118 τά
1040 5062 1383 5135 Ἱεροσόλυμα
1414 5059 1747 5125 κατοικοῦσι,

190 5160 269 5213 καί
295 5162 385 5214 ἐπὶ
402 5160 575 5232 μόνης
588 5158 688 5229 τῆς
717 5154 976 5218 ἰουδαίας
992 5154 1088 5217 τὰς
1108 5151 1386 5225 διατριϐὰς
1409 5149 1750 5221 ποιουμένοις

191 5250 217 5301 ὁ
238 5252 363 5306 κατά
394 5249 636 5306 Μωῦσέα
673 5246 786 5319 βίος
812 5245 1250 5318 δυσκατόρθωτος
1277 5239 1365 5315 ἦν·
1400 5244 1529 5316 μήτι
1565 5259 1629 5311 γε
1657 5241 1749 5295 δυ-

190 5343 324 5408 νατὸς
349 5339 718 5398 ἐπιτελεῖσθαι
736 5339 963 5401 καὶτοῖς
988 5337 1192 5400 λοιποῖς
1212 5335 1421 5395 ἔθνεσιν
1439 5336 1536 5406 (5).
1558 5335 1751 5389 Ἔνθεν

247 5489 286 5521 ³⁸
320 5489 489 5546 Levii.
518 5505 576 5553 ν,
623 5486 712 5541 15.
790 5485 836 5517 ³⁸
872 5482 1009 5539 Ibid.
1052 5482 1140 5543 i7.
1184 5481 1271 5538 18.
1346 5482 1394 5515 ³⁸
1431 5481 1567 5537 lbid.
1608 5500 1684 5547 vr,
1725 5482 1843 5540 2.7.

240 5606 305 5679 (ὅ)
337 5605 493 5676 Μήτι
540 5621 612 5676 τε
650 5599 906 5679 δυκατός
926 5599 1325 5679 ἐπιτελεῖσθαι
1479 5598 1603 5679 τοῖς
1622 5603 1744 5654 λοι-

182 5670 298 5744 ποῖςί
321 5670 561 5733 mam:
591 5692 610 5725 ι
647 5670 857 5744 Nedum
892 5672 1000 5744 tale
1025 5679 1085 5725 ut
1106 5680 1344 5744 posset‘a
1367 5670 1593 5740 reliquis
1619 5686 1745 5744 gen-

183 5740 304 5805 tibus
320 5746 668 5804 observaria
703 5743 865 5798 vertit
899 5740 1163 5802 Donatus.
1198 5741 1372 5807 male;
1410 5756 1565 5796 mens
1592 5741 1737 5794 enim

1855 4692 2182 4756 habitantes,
2227 4691 2272 4747 si
2316 4691 2456 4744 ritus
2494 4687 2761 4745 Mosaicos
2808 4703 3029 4744 servare
3057 4689 3326 4752 volebant,
3368 4695 3429 4743 ut

1854 4784 2016 4837 talem
2031 4782 2461 4838 exsecrationem
2478 4782 2732 4845 vitarent,
2750 4779 3188 4851 promissamque
3199 4778 3428 4834 Abrahm

1854 4875 2289 4932 benedictionem
2349 4875 2770 4946 contingerent,
2828 4873 2943 4927 haec
2997 4872 3179 4927 omnia
3244 4873 3424 4927 facere

1853 4969 2140 5038 oportebat
2171 4968 2195 5021 ?
2223 4982 2289 5021 ac
2326 4974 2410 5021 ter
2438 4966 2668 5035 singulis
2724 4965 2882 5019 annis
2912 4963 3283 5036 Hierosolyma
3331 4980 3425 5034 pe-

1856 5069 1972 5115 tere
1998 5060 2023 5114 ?
2055 5076 2119 5116 ex
2144 5060 2289 5115 omni
2323 5067 2583 5130 praaterea
2618 5057 2858 5121 natione,
2899 5072 3021 5128 qure
3049 5058 3186 5112 tales
3218 5057 3322 5113 sibi
3349 5058 3426 5112 ri-

1855 5159 1947 5206 tus
1974 5152 2273 5207 servandos
2303 5149 2715 5221 proposuisset,
2755 5148 2985 5204 feminas
3046 5157 3200 5218 partu
3264 5149 3425 5203 modo

1856 5258 1922 5297 ac
1974 5243 2255 5298 doloribus
2289 5243 2498 5297 levatas
2551 5249 2659 5293 tam
2694 5241 2914 5310 longum
2945 5242 3047 5294 iter
3073 5239 3282 5310 ingredi
3314 5280 3329 5302 ,
3366 5248 3426 5293 ut

1856 5333 2004 5404 quod
2053 5333 2374 5403 imperasset
2424 5328 2602 5385 Moses
2641 5327 2968 5383 sacrificium
2995 5368 3011 5394 ,
3045 5341 3145 5397 pro
3194 5326 3426 5399 singulis

1954 5482 1997 5514 ⁸⁷
2038 5480 2196 5535 Deut.
2236 5494 2399 5539 xxvu.
2427 5478 2518 5534 26.

1847 5596 2050 5653 Judzeis
2074 5596 2217 5666 apud
2245 5596 2380 5649 alias
2408 5603 2582 5664 gentes
2610 5590 2933 5666 degentibus
2961 5589 3205 5660 potuisse
3221 5589 3427 5666 obser-

1847 5669 1987 5722 vari.
2020 5658 2328 5736 Legendttm
2358 5658 2520 5736 igitur
2542 5666 2598 5718 ὲν
2618 5658 2729 5727 τοῖς
2760 5658 2982 5725 λοιποῖς,
3003 5672 3054 5714 et
3072 5672 3204 5736 post.
3219 5658 3425 5713 ἔθνεσιν

1848 5728 2152 5793 addendum
2170 5736 2309 5790 forte
2324 5728 2616 5799 Ἰὄυδαίοις,
2632 5744 2818 5787 verten
2842 5736 3061 5800 lumque
3077 5728 3088 5784 Ξ
3107 5728 3292 5783 nedum
3310 5738 3349 5781 t.
3366 5744 3423 5783 tt.

170 5800 377 5891 Eusebii
391 5800 493 5876 est
521 5800 707 5872 multo
756 5813 938 5868 minus
979 5812 1081 5867 hoc
1108 5800 1326 5868 vivendi
1360 5800 1678 5868 institutum
1710 5824 1738 5863 a
1844 5825 1895 5878 p.
1927 5827 1956 5862 α
1978 5807 2183 5862 ludatis
2216 5805 2356 5875 apud
2402 5807 2541 5861 alias
2578 5814 2751 5874 gentes
2801 5801 3101 5873 degcmibus
3134 5800 3418 5853 observari.
