3942 6258
515 311 583 367 59
1143 313 1409 369 EUSEBII
1443 312 1926 371 CIESARIENSIS
1962 313 2114 371 OPP.
2156 314 2336 370 PARS
2373 314 2440 371 ll.
2478 345 2548 357 —-
2584 317 3083 377 APOLOGETICA.
3672 332 3744 384 £0

515 429 813 502 puerperiis
843 428 1100 485 offerrent
1129 431 1153 485 2
1182 432 1307 485 item
1333 430 1426 502 qui
1454 438 1548 485 aut
1580 439 1850 486 mortuum
1869 445 2038 502 corpu

2144 489 2145 492 η
2172 431 2394 495 εἰκότως
2415 435 2443 485 6
2479 433 2663 504 Σωτὴρ
2689 435 2781 486 καὶ
2809 435 3010 508 Κύριος
3035 437 3190 508 ήμῶν
3222 441 3422 511 Ἰησοῦς
3447 445 3476 496 6
3497 443 3623 508 Υίδς
3645 445 3743 498 τοῦ

511 525 840 594 attigissent,
873 531 972 584 aut.
997 523 1331 594 peierassent
1361 563 1378 587 ,
1412 532 1506 579 aut
1539 523 1695 577 inviti
1739 523 1940 593 aliquid
1989 521 2069 578 fe-

511 617 735 678 cissent,
770 631 864 670 eos
899 615 967 670 ab
1009 615 1269 672 extremis
1317 623 1476 672 terra:
1517 616 1714 672 ﬁnibus
1772 616 1974 679 venire,
2004 631 2068 670 ac

510 714 866 777 properantes
887 722 1176 763 excurrere
1215 707 1282 761 ad
1304 723 1423 763 eam
1449 723 1569 779 quae
1599 710 1714 779 lege
1737 709 1946 764 sancita
1978 725 2068 765 es-

511 802 613 857 set,
645 796 1039 865 purgationem,
1069 805 1126 850 ut
1162 798 1556 853 exsecrationis
1597 813 1813 868 pinnam
1863 798 2065 872 elTuge-

508 888 672 943 rent?
701 884 808 941 Sed
838 888 996 956 plane
1037 888 1298 959 perspicis
1342 897 1401 943 ut
1431 890 1515 944 vel
1548 891 1663 960 ipsa
1693 889 2064 962 Hierosolyma

506 977 866 1033 incolentibus
895 1020 910 1043 ,
957 985 1117 1048 atque
1147 978 1203 1033 in
1239 994 1347 1034 una
1394 976 1577 1034 Judaa
1623 980 1966 1036 versantibus
1999 996 2062 1036 ac

504 1067 823 1139 degentibus
863 1069 1157 1125 Mosaieum
1193 1070 1326 1125 illud
1353 1071 1566 1126 vivendi
1601 1072 1911 1127 institutum
1942 1088 2060 1128 ser-

443 1167 630 1235 ,vatu
696 1160 909 1216 diﬁicile
977 1168 1163 1226 esset,
1225 1162 1424 1217 nedum
1491 1164 1598 1218 tale
1665 1173 1726 1217 ut
1783 1173 1967 1234 posset
2030 1179 2062 1219 a
2128 1218 2130 1220 ,

503 1249 727 1320 reliquis
765 1251 1015 1321 gentibus
1065 1251 1363 1306 observari.
1414 1250 1645 1307 Proinde
1700 1251 1948 1308 Salvator
1996 1268 2061 1308 ac

502 1341 764 1397 Dominus
804 1353 989 1398 noster
1025 1342 1184 1399 Jesus
1226 1341 1396 1398 Filius
1448 1343 1540 1399 Dei
1579 1351 1702 1414 post
1750 1345 1982 1399 reditum
2025 1361 2058 1400 a

499 1441 672 1487 morte
705 1434 770 1487 ad
793 1435 975 1499 vitam,
1007 1435 1064 1506 6
1096 1450 1218 1489 cum
1273 1433 1338 1488 ad
1372 1435 1670 1504 discipulos
1703 1451 1832 1491 suos
1887 1435 2060 1491 dixis-

499 1533 580 1576 set
612 1542 626 1577 :
665 1541 686 1574 ι
725 1523 800 1578 lte
847 1538 911 1578 ac
942 1525 1132 1578 docete
1163 1539 1351 1580 omnes
1381 1533 1568 1596 gentes
1601 1525 1664 1590 ³⁸,
1709 1544 1727 1577 ι
1783 1533 1896 1579 tum
1942 1540 2055 1580 me-

497 1615 606 1667 rito
629 1613 912 1682 adjunxit:
971 1632 989 1665 ι
1017 1614 1274 1670 docentes
1296 1629 1391 1670 eos
1426 1630 1643 1670 servare
1669 1615 1872 1679 omnia,
1907 1629 2054 1684 qua:-

2168 522 2302 576 Θεοῦ
2335 523 2472 594 μετὰ
2500 525 2599 596 τήν
2633 527 2696 579 ἐκ
2733 529 2939 600 νεκρῶν
2968 530 3260 586 ἀνάστασιν
3287 537 3399 597 τοῖς
3431 536 3595 588 αὐτοῦ
3633 554 3744 606 μα·-

2169 614 2357 684 θηταῖς
2408 614 2608 668 εἰπών·
2663 637 2679 668 ι
2729 619 3085 691 Πορευθέντες
3146 623 3518 694 μαθητεύσατε
3564 627 3742 682 πάντα

2167 705 2234 758 τὰ
2284 704 2431 776 ἔθνη,
2474 726 2491 758 ι
2533 707 2808 777 ἐπιλέγει,
2860 727 2878 759 ι
2911 711 3246 777 διδάσκοντες
3297 716 3495 779 αὐτοὺς
3551 721 3741 790 τηρεῖν

2166 795 2342 849 πάντα
2368 798 2466 850 ὅσα
2501 799 2848 870 ἐνετειλάμην
2880 801 3026 871 ὑμῖν.
3072 823 3090 852 ι
3119 804 3192 856 Οὐ
3227 805 3333 876 γὰρ
3361 807 3428 861 τά
3457 809 3738 875 Μωῦσέως

2161 889 2365 959 νόμιμα
2390 889 2676 969 ,διδάσκειν
2738 891 2911 946 πάντα
2968 892 3035 946 τὰ
3088 894 3213 966 ἔθνη
3264 898 3733 969 παρεκελεύσατο,

2161 979 2273 1033 ἀλλ’
2297 968 2405 1034 ὄστί
2427 980 2588 1044 αὐτὸς
2619 982 2932 1035 ἐνετείλατο.
2960 981 3142 1037 Ταῦτα
3190 985 3232 1038 δ’
3413 988 3481 1042 τὰ
3522 991 3574 1043 ἐι
3619 995 3735 1057 τοῖς

2159 1071 2506 1140 Εὐαγγελίοις
2556 1071 2718 1125 αὐτοῦ
2774 1072 3064 1144 φερόμενα.
3113 1075 3351 1141 Εἰκότως
3392 1074 3486 1133 οῦν
3539 1083 3632 1136 καὶ
3681 1086 3732 1137 ot

2157 1161 2322 1215 αὐτοῦ
2377 1163 2611 1234 μαθηταὶ
2661 1163 2754 1217 καὶ
2797 1164 2846 1216 οἱ
2895 1164 3178 1219 ἀπόστολοι
3227 1169 3285 1220 ἐν
3325 1170 3392 1239 τῇ
3443 1172 3569 1242 περὶ
3621 1173 3732 1227 τῶν

2159 1250 2326 1303 ἐθνῶν
2360 1251 2545 1320 σκέψει
2586 1251 2902 1322 ὁμολογοῦσι
2949 1253 3022 1323 μὴ
3055 1253 3311 1307 δύνασθαι
3344 1256 3412 1309 τά
3445 1259 3732 1324 ,Μωῠσέως

2156 1342 2359 1412 νόμιμα
2409 1345 2520 1406 τοῖς
2571 1341 2778 1396 ἔθνεσιν
2827 1343 3182 1415 ἐφαρμόζειν·
3237 1346 3323 1400 ὅτε
3370 1349 3505 1418 μήτε
3547 1349 3731 1412 αὐτοῖς

2161 1432 2296 1508 μήτε
2320 1433 2430 1494 τοῖς
2457 1433 2721 1503 πατράσιν
2750 1432 2924 1486 αὐτῶν
2965 1433 3347 1505 εύκατόρθωτα
3375 1436 3585 1504 γέγονε.
3623 1439 3729 1492 Λέ-

2158 1539 2243 1590 γει
2268 1523 2312 1576 5‘
2344 1519 2435 1576 οῦν
2471 1524 2527 1575 ἐν
2574 1526 2694 1587 ταῖς
2726 1525 2990 1595 Πράξεσιν
3013 1527 3040 1578 ὁ
3074 1525 3300 1596 Πέτρος·
3333 1545 3351 1576 ‹
3388 1527 3500 1580 Νῦν
3542 1524 3633 1582 οῦν
3673 1530 3729 1582 τί

2155 1613 2440 1685 πειράζετε
2459 1613 2548 1666 τὸν
2575 1612 2728 1678 θεὸν,
2760 1614 3022 1668 ἐπιθεῖναι
3047 1615 3207 1684 ζυγὸν
3227 1616 3318 1669 ἐπὶ
3347 1615 3436 1669 τὸν
3460 1616 3727 1688 τράχηλον

497 1718 709 1773 cunque
737 1705 964 1774 praecepi
987 1706 1142 1760 vobis
1170 1705 1238 1760 ³³.
1275 1724 1294 1757 ι
1339 1703 1458 1759 Non
1484 1706 1629 1760 enim
1658 1720 1779 1775 quae
1806 1705 1861 1759 in
1889 1703 2043 1760 Musis

2152 1705 2259 1759 τῶν
2292 1705 2568 1777 μαθητῶν,
2597 1704 2655 1758 ὃν
2684 1705 2807 1759 οὕτε
2849 1708 2897 1759 οἱ
2940 1707 3170 1778 πατέρες
3208 1710 3238 1778 ή
3251 1707 3364 1778 μῶν
3401 1706 3523 1761 οὔτε
3562 1711 3728 1778 ἡμεῖς

495 1792 704 1863 legibus
734 1801 880 1862 sunt,
909 1796 1103 1851 docere
1154 1811 1343 1851 omnes
1365 1803 1551 1866 gentes
1583 1797 1883 1866 imperabat
1909 1815 1924 1852 :
1957 1796 2043 1852 sed

2156 1799 2451 1870 ἰσχύσαμεν
2497 1798 2794 1869 βαστάσαι;
2861 1818 2879 1850 ι
2932 1799 3168 1861 Εἰκότως
3221 1799 3278 1852 δέ
3336 1799 3429 1852 καὶ
3486 1798 3646 1862 αὐτὸς
3695 1799 3727 1852 6

493 1903 830 1959 quascunque
859 1904 976 1960 ipse
1004 1902 1349 1961 praeceperat.
1386 1889 1512 1945 Haec
1547 1907 1712 1962 porro
1751 1898 1898 1956 sunt,
1934 1906 2053 1959 quae

493 1981 549 2035 in
573 1982 716 2037 illius
745 1981 1051 2052 Evangeliis
1073 1984 1421 2038 continentur
1464 1982 1838 2055 Meritoigitur
1864 1993 1917 2040 et
1942 1985 2052 2040 dis—

491 2074 658 2144 cipuli
709 2075 972 2145 ejusdem,
1007 2085 1062 2132 et
1089 2079 1341 2148 apostoli,
1399 2093 1521 2133 cum
1575 2079 1776 2136 habere
1809 2079 2049 2149 gentium

489 2166 756 2221 rationem
795 2167 1014 2233 vellent,
1051 2168 1106 2222 in
1137 2169 1240 2225 hoc
1269 2171 1412 2225 inter
1441 2185 1500 2226 se
1529 2177 1902 2226 convenerunt
1933 2189 1946 2225 :
1991 2179 2051 2225 ut

489 2272 610 2328 quae
640 2257 696 2312 in
730 2258 894 2315 Mosis
923 2260 1132 2330 legibus
1161 2263 1528 2326 continentur,
1550 2276 1889 2332 nequaquam
1921 2278 2048 2333 gen-

487 2349 635 2405 tibus
671 2360 893 2421 possent
928 2353 1350 2417 accommodari,
1397 2354 1595 2424 quippe
1622 2369 1742 2423 quae
1775 2369 1952 2423 neque
1980 2355 2050 2409 ab

487 2438 645 2510 ipsis,
675 2456 894 2511 nequea
919 2443 1161 2512 patribus
1192 2443 1434 2514 ipsorum
1469 2445 1672 2499 servari
1704 2445 1886 2515 potius
1923 2460 2049 2502 con.

485 2537 675 2588 staret.
710 2531 850 2602 Ergo
882 2533 936 2587 in
964 2535 1114 2588 Actis
1146 2533 1338 2590 Petrus
1371 2535 1648 2605 loquitur:
1687 2555 1705 2587 ι
1740 2535 1895 2591 Nunc
1916 2550 2046 2603 ergo

483 2626 612 2696 quid
647 2627 864 2680 tentatis
895 2625 1085 2691 Deum,
1144 2627 1424 2697 imponere
1462 2630 1652 2698 jugum
1687 2645 1849 2697 super
1872 2629 2046 2684 cervi-

483 2731 576 2771 ces
597 2717 1009 2786 discipulorum,
1047 2718 1192 2786 quod
1235 2733 1411 2788 neque
1439 2729 1618 2788 patres
1646 2718 1842 2780 nostri,
1868 2732 2044 2787 neque

483 2821 585 2861 nos
614 2814 829 2875 portare
882 2807 1155 2876 potuimus
1186 2807 1230 2838 ⁸⁸
1261 2808 1284 2861 i
1320 2827 1338 2860 ι
1385 2807 1478 2862 sed
1507 2807 1670 2862 etiam
1722 2808 1836 2877 ipse
1868 2805 2045 2862 Moses

481 2907 702 2968 propter
744 2899 857 2953 haec
887 2898 1005 2969 ipsa
1037 2913 1159 2968 quae
1202 2898 1463 2964 diximus,
1493 2900 1687 2953 merito
1713 2907 1766 2954 et
1813 2900 2043 2954 alterum

481 2997 677 3057 praeter
706 3001 764 3042 se
797 2996 1167 3042 surrecturum
1195 2987 1272 3055 ait
1303 2985 1625 3056 Pr0phetam
1659 3025 1672 3048 ,
1709 2993 1762 3039 et
1787 2984 1932 3037 hunc
1961 2983 2044 3051 ip-

480 3093 600 3132 sum
651 3077 830 3146 legum
891 3083 1165 3131 auctorem
1228 3074 1468 3130 futurum
1520 3073 1732 3129 cunctis
1791 3072 2041 3142 gentibus

2150 1892 2388 1962 Μωῦσῆς
2434 1889 2634 1945 τούτων
2679 1891 2855 1945 αὐτῶν
2905 1891 3108 1956 ἕνεκεν,
3151 1891 3334 1962 ἕτερον
3373 1892 3501 1963 παρ’
3532 1890 3726 1945 ἐαυτὸν

2151 1981 2544 2053 ἀναστήσεσθαι
2576 1981 2676 2052 ἔφη
2713 1982 3016 2052 προφήτην,
3059 1982 3152 2034 καὶ
3196 1979 3384 2034 τοῦτον
3419 1980 3725 2052 νομοθέτην

2149 2069 2364 2123 ἔσεσθαι
2392 2069 2500 2122 τῶν
2533 2069 2700 2121 ἐθνῶν
2731 2067 3434 2137 ἀπάντωνεύαγγελίζεται,
3464 2068 3553 2121 τὸν
3583 2071 3725 2140 Χρι-

2150 2159 2272 2213 στὸν
2302 2159 2684 2229 αἰνιττόμενος,
2727 2158 2873 2230 αύτῷ
2912 2175 2972 2211 τε
3021 2158 3299 2212 πείθεσθαι
3346 2161 3458 2222 τοῖς
3499 2159 3724 2224 οἰκείοις

2149 2255 2420 2324 παραινεῖ,
2453 2248 2558 2306 ὧδέ
2595 2269 2672 2322 πη
2705 2251 2798 2305 καὶ
2843 2250 3000 2304 τοῦτο
3031 2250 3299 2317 θεσπίζων
3320 2269 3334 2283 -
3371 2271 3390 2303 ι
3427 2253 3722 2325 Προφήτην

2148 2343 2276 2413 ύμῖν
2303 2343 2594 2413 ἀναστήσει
2624 2341 2825 2413 Κύριος
2851 2344 2878 2396 6
2903 2342 3033 2406 Θεὸς
3064 2345 3126 2396 ἐκ
3157 2343 3263 2397 τῶν
3292 2342 3534 2412 ἀδελφῶν
3561 2344 3720 2414 ὑμῶν

2146 2431 2221 2494 ὼς
2252 2431 2378 2502 ἐμέ⁸
2405 2431 2566 2484 αὑτοῦ
2595 2430 2888 2485 ἀκούσεσθε
2913 2430 3052 2484 κατά
3081 2431 3256 2485 πάντα
3278 2432 3376 2486 ὅσα
3408 2432 3474 2486 ἂν
3505 2432 3718 2506 λαλήσῃ

2148 2523 2294 2592 ὑμῖν.
2335 2523 2525 2576 Ἔσται
2555 2522 2630 2587 δέ,
2669 2524 2817 2576 πᾶσα
2846 2521 3011 2592 ψυχή,
3038 2523 3156 2591 ἥτις
3188 2521 3253 2575 ἂν
3285 2523 3359 2594 μὴ
3387 2522 3592 2596 ἀκούσῃ
3619 2524 3718 2578 τοῦ

2146 2611 2421 2682 προφήτου
2475 2611 2700 2673 ἐκείνου,
2745 2610 3244 2683 ἐξολοθρευθήσεται
3289 2613 3352 2664 ἐκ
3391 2611 3485 2664 τοῦ
3523 2613 3718 2680 γένους

2145 2699 2334 2770 αὑτῆς.
2379 2719 2398 2752 ι
2439 2700 2548 2752 Καὶ
2577 2699 2761 2754 τοῦτον
2795 2700 2854 2753 δὲ
2892 2700 2982 2755 τὸν
3017 2702 3319 2773 προφήτην,
3353 2702 3589 2772 δηλονότι
3620 2704 3718 2759 τὸν

2142 2789 2395 2859 Χριστὸν,
2424 2790 2482 2856 ἐξ
2521 2790 2786 2844 Ἰουδαίων
2815 2791 3160 2865 προελθόντα,
3183 2793 3397 2846 πάντων
3416 2792 3522 2846 τῶν
3541 2793 3717 2849 ἐθνῶν

2141 2883 2572 2954 κατακρατήσειν
2606 2883 2765 2936 πάλιν
2799 2885 3084 2953 ἀναφωνεῖ,
3134 2883 3304 2953 λέγων
3325 2902 3338 2914 -
3373 2905 3391 2935 ι
3437 2885 3524 2949 Ὠς
3555 2886 3716 2940 καλοὶ

2140 2973 2188 3026 οἱ
2228 2967 2364 3025 οἶκοί
2397 2989 2510 3037 σου,
2557 2974 2768 3038 Ἰακὼϐ,
2807 2977 2861 3029 αἱ
2893 2976 3104 3041 Δσκηναί
3153 2992 3267 3040 σου,
3305 2976 3536 3047 Ἰσραὴλ,
3575 2977 3714 3031 ὡσεὶ

2140 3062 2308 3117 νάπαι
2337 3065 2670 3131 σκιάζουσαι,
2698 3069 2790 3120 καὶ
2815 3068 2944 3121 ὡσεὶ
2969 3068 3292 3139 παράδεισος
3320 3069 3412 3121 ἐπὶ
3440 3069 3707 3140 ποταμὸν,

479 3139 1016 3229 nuntiat-Christum
1047 3181 1112 3220 eo
1139 3165 1297 3220 modo
1334 3163 1671 3234 signiﬁcans,
1706 3171 1759 3218 et
1778 3139 1950 3217 eidem
1979 3169 2038 3215 ut

2144 3154 2214 3218 ὼς
2240 3155 2434 3225 σκηναὶ
2460 3156 2529 3220 ’ἃς
2556 3157 2749 3228 ἔπηξεν
2772 3158 2988 3231 Κύριος.
3029 3158 3394 3225 Ἐξελεύσεται
3422 3160 3712 3231 ἄνθρωπος

480 3265 725 3326 pareant,
778 3257 894 3311 suis
953 3255 1210 3310 omnibus
1262 3255 1537 3324 imperat:
1599 3269 1761 3323 quam
1800 3268 1911 3307 rem
1953 3252 2034 3307 bis

477 3345 646 3402 ferme
675 3348 854 3402 verbis
879 3347 1086 3402 divinat
1117 3364 1130 3401 :
1165 3366 1184 3397 ι
1205 3346 1533 3416 Pr0phetam
1566 3345 1721 3399 vobis
1744 3343 2035 3400 suscitabit

479 3439 736 3494 Dominus
769 3438 908 3495 Deus
934 3455 1000 3494 ex
1031 3438 1295 3492 fratribus
1318 3438 1516 3492 vestris
1555 3445 1808 3506 tanquam
1835 3450 1939 3498 me,
1965 3435 2034 3488 il—

476 3528 588 3582 lum
616 3527 848 3583 audietis
871 3529 925 3582 in
960 3528 1215 3583 omnibus
1241 3542 1361 3596 quae
1393 3528 1646 3597 loquetur
1677 3526 1849 3580 vobis.
1878 3525 2034 3590 Qua:-

474 3633 692 3688 cunque
716 3631 847 3672 vero
879 3617 1059 3671 anima
1096 3631 1204 3670 non
1241 3616 1471 3670 audierit
1507 3615 1830 3686 Pr0phetam
1857 3617 2030 3680 illum,

473 3710 742 3766 delebitur
774 3709 841 3764 de
871 3725 1066 3780 genere
1096 3725 1194 3763 suo
1219 3709 1261 3739 δι
1293 3727 1338 3763 ι.
1375 3707 1544 3762 Porro
1582 3716 1760 3763 autem
1800 3708 2031 3778 prophe-

474 3812 582 3858 tam
615 3803 760 3857 hunc
803 3801 1079 3857 Christum
1129 3801 1304 3870 ipsum
1334 3801 1583 3854 videlicet
1614 3815 1642 3853 a
1674 3798 1878 3854 Iudaeis
1920 3800 2032 3855 ori-

473 3894 718 3955 undum,
777 3892 904 3946 alibi
956 3893 1080 3945 item
1139 3891 1394 3944 omnibus
1452 3889 1703 3960 gentibus
1736 3891 2031 3960 imperatu-

472 3997 616 4042 rum,
647 3982 893 4035 enuntiat
914 3980 999 4034 his
1025 3978 1429 4044 verliisthuam
1448 3967 1685 4046 pulchrae
1713 3979 1903 4033 domus
1924 3990 2030 4033 tum

472 4072 657 4135 Iacob,
702 4072 937 4126 tentoria
971 4079 1082 4136 tua,
1117 4069 1314 4136 Israel;
1344 4077 1402 4123 ut
1431 4071 1602 4125 saltus
1657 4073 1918 4133 umbrosi,
1971 4081 2029 4126 ut

472 4165 661 4218 hortus
688 4165 845 4232 juxta
897 4164 1118 4216 lluvium
1145 4201 1160 4225 ,
1199 4169 1259 4215 ut
1311 4162 1661 4217 tabernacula
1687 4204 1700 4224 ,
1734 4180 1854 4234 qme
1914 4165 2028 4218 ﬁxit

473 4255 752 4310 Dominus.
810 4253 1057 4309 Prodibit
1109 4253 1273 4308 homo
1312 4271 1378 4309 ex
1408 4255 1614 4310 semine
1667 4255 1805 4325 ejus,
1836 4263 1889 4309 et
1924 4257 2026 4309 do-

470 4344 762 4398 minabitur
825 4343 1075 4413 gentibus
1133 4343 1430 4408 multis,et
1459 4343 1747 4398 extolletur
1797 4359 2025 4414 regnum

466 4437 585 4505 ejus
611 4438 710 4490 δ’.»
745 4436 885 4502 Quin
915 4437 1102 4497 etiam,
1145 4451 1267 4490 cum
1297 4434 1580 4490 duodecim
1632 4435 1853 4490 omnino
1881 4436 2022 4505 apud

468 4528 720 4582 Hebraeos
751 4534 936 4582 essent
965 4528 1160 4590 tribus,
1191 4543 1256 4582 ex
1288 4542 1391 4596 qua
1426 4527 1640 4579 illarum
1660 4527 1901 4581 oriturus
1934 4527 2023 4580 hic

467 4619 605 4689 apud
635 4625 822 4687 gentes
859 4618 1036 4687 legum
1063 4626 1283 4678 auctor,
1312 4616 1404 4685 qui
1435 4615 1651 4669 canitur
1672 4630 1702 4667 a
1733 4616 2016 4684 propheta,

463 4719 518 4766 et
546 4711 743 4781 quibus
771 4709 1103 4779 temporibus
1133 4708 1348 4764 futurus
1377 4718 1521 4763 esset
1541 4747 1556 4770 ,
1601 4707 1746 4778 quod
1777 4707 1845 4763 de
1873 4710 2018 4764 tribu

2137 3248 2201 3300 ἐκ
2233 3248 2324 3301 τοῦ
2359 3248 2667 3320 σπέρματος
2692 3251 2874 3315 αὑτοῦ,
2914 3251 3008 3304 καὶ
3054 3251 3328 3322 κυριεύσει
3375 3249 3544 3304 ἐθνῶν
3571 3254 3697 3306 πολ-

2135 3338 2259 3402 λῶν,
2287 3341 2380 3393 καὶ
2405 3340 2747 3412 ὑψωθήσεται
2789 3343 2822 3413 ἡ
2856 3341 3099 3410 βασιλεία
3135 3342 3318 3396 αὐτοῦ.
3361 3362 3379 3394 ι
3425 3343 3581 3397 Ἀλλὰ
3610 3344 3712 3398 καὶ

2136 3433 2193 3498 ἐξ
2217 3433 2403 3496 ὁποίας
2426 3433 2612 3504 φυλῆς,
2635 3432 2839 3485 δώδεκα
2863 3431 2970 3485 τῶν
2997 3431 3129 3486 ὅλων
3156 3434 3282 3505 παρ’
3316 3433 3586 3505 Ἑϐραίοις
3613 3436 3711 3487 ού-

2136 3525 2261 3589 σῶν,
2283 3527 2364 3578 ὄτι
2391 3525 2452 3598 δὴ
2478 3525 2584 3578 ἀπὸ
2603 3525 2704 3595 τῆς
2742 3523 2909 3577 Ἰούδα
2939 3528 2968 3578 6
2993 3524 3376 3596 θεσπιζόμενος
3405 3527 3511 3580 τῶν
3532 3526 3707 3579 ἐθνῶν

2133 3615 2427 3686 νομοθέτης
2472 3616 2702 3688 Χριστὸς
2741 3614 3156 3686 προελεύσεται·
3193 3616 3286 3669 καὶ
3331 3616 3470 3669 κατά
3515 3616 3706 3679 ποίους

2131 3708 2371 3777 χρόνους,
2398 3707 2477 3760 ὅτι
2511 3706 2644 3777 μετά
2676 3707 2772 3778 τὴν
2800 3706 3038 3776 ἔκλειψιν
3066 3706 3171 3759 τῶν
3197 3709 3260 3759 ἐκ
3286 3707 3560 3778 προγόνων
3585 3707 3706 3760 δια-

2129 3799 2288 3870 δοχῆς
2310 3800 2402 3852 τοῦ
2449 3799 2711 3854 Ἰουδαίων
2757 3799 2940 3863 ἔθνους
2972 3799 3266 3872 ἀρξάντων,
3300 3801 3448 3870 δηλοί
3484 3801 3658 3870 λέγων
3684 3821 3698 3832 ·

2137 3909 2154 3940 ι
2197 3891 2309 3944 Ούκ
2338 3891 2572 3960 ἐκλείψει
2611 3891 2789 3962 ἄρχων
2837 3891 2896 3953 ἐξ
2929 3891 3114 3955 Ἰούδα,
3150 3891 3244 3942 καὶ
3291 3890 3586 3962 ἡγούμενος
3636 3898 3703 3947 ἐκ

2129 3979 2236 4033 τῶν
2273 3980 2458 4052 μηρῶν
2484 3980 2668 4044 αὐτοῦ,
2702 3980 2805 4042 ἕως
2836 3979 2901 4033 ἂν
2930 3980 3056 4053 ἔλθῃ
3080 3982 3147 4034 τὰ
3170 3981 3501 4051 ἀποκείμενα
3527 3973 3698 4053 ἀύτῷ,

2128 4071 2220 4122 καὶ
2252 4071 2410 4133 αὐτὸς
2436 4070 2722 4142 προσδοκία
2756 4070 2941 4123 ἐθνῶν.
2978 4089 2996 4121 ›
3025 4071 3162 4124 Ποία
3195 4071 3251 4125 δὲ
3283 4071 3573 4143 προσδοκία
3603 4069 3698 4142 ἦν,

2127 4163 2239 4216 ἀλλ’
2273 4163 2304 4234 ἢ
2339 4166 2371 4233 ἡ
2403 4163 2479 4232 τῷ
2518 4162 2761 4234 Ἀϐραὰμ
2785 4163 3160 4235 ἐπηγγελμένη
3191 4165 3316 4236 περὶ
3345 4163 3438 4218 τοῦ
3463 4165 3572 4217 δεῖν
3601 4166 3698 4216 εύ-

2125 4253 2514 4326 λογηθήσεσθαι
2549 4254 2606 4306 ἐν
2636 4252 2782 4323 αύτῷ
2810 4254 2986 4307 πάντα
3023 4254 3093 4307 τὰ
3141 4254 3267 4326 ἔθνη
3303 4255 3404 4324 τῆς
3429 4256 3560 4328 γῆς;
3589 4257 3704 4310 Πέ-

2126 4363 2260 4415 φηνε
2287 4344 2570 4415 τοιγαροῦν
2591 4344 2682 4397 καὶ
2701 4345 2859 4408 αὐτὸς
2887 4346 2915 4396 ὁ
2945 4347 3183 4416 Μωῦσῆς
3205 4346 3446 4417 ἀκριϐῶς
3469 4348 3699 4402 ἐπιστά-

2128 4453 2284 4508 μενος
2302 4436 2398 4506 τὴν
2422 4436 2518 4506 μὲν
2548 4435 2682 4506 πρὸς
2710 4436 2872 4488 αὐτοῦ
2900 4436 3240 4505 διαταγεῖσαν
3261 4436 3578 4509 νομοθεσίαν
3599 4439 3694 4502 ἐξ-

2128 4526 2391 4590 ἀσθενεῖν,
2427 4528 2506 4590 είς
2546 4527 2607 4579 τὸ
2640 4529 2803 4581 πᾶσιν
2839 4528 3143 4599 ἐφαρμόσαι
3187 4532 3295 4591 τοῖς
3327 4529 3563 4582 ἔθνεσινσ
3611 4531 3697 4594 είς

2127 4619 2468 4690 ἐκπλήρωσιν
2494 4620 2550 4672 δὲ
2571 4618 2677 4672 τῶν
2701 4620 2830 4692 πρὸς
2859 4620 2947 4671 τὸν
2988 4619 3235 4690 Ἀϐραὰμ
3265 4621 3544 4691 χρησμῶν,
3575 4622 3696 4675 ἐτέ-

2129 4729 2220 4780 ρου
2251 4711 2453 4764 δεῖσθαι
2484 4713 2777 4782 προφήτου.
2803 4705 2968 4773 Οὗτος
2995 4710 3050 4762 δὲ
3076 4712 3182 4781 ἄρα
3213 4707 3301 4782 ἦν,
3333 4713 3390 4765 ὃν
3422 4713 3478 4779 ἐξ
3525 4714 3695 4768 Ἰούδα

461 4801 597 4856 Juda
631 4803 900 4864 videlicet,
932 4803 1182 4870 quodque
1215 4808 1364 4864 tunc,
1391 4817 1513 4855 cum
1549 4801 1843 4855 defecerint
1869 4801 1961 4871 qui
1989 4816 2020 4854 a

2144 4802 2287 4874 >υλῆς
2318 4803 2760 4872 προελεύσεσθαι,
2795 4802 2889 4856 καὶ
2922 4802 3128 4856 πολλῶν
3170 4802 3339 4856 ἐθνῶν
3383 4805 3694 4875 κυριεύσειν

463 4889 763 4957 majoribus
793 4889 894 4941 sibi
927 4888 1182 4942 traditum
1229 4887 1468 4944 Iudaicae
1508 4891 1685 4958 gentis
1731 4890 2017 4960 imperium

2144 4892 2640 4964 ιρομαρτυρόμενος
2672 4892 3069 4962 εὐηγγελίζετο.

462 4993 647 5040 tenere
693 4984 1122 5048 consuevisscnt,
1159 4985 1472 5054 planissime
1515 4985 1718 5039 indicat
1749 4986 1834 5039 his
1877 4987 2091 5044 verbis:
2128 5005 2147 5038 ι
2177 5004 2284 5042 non
2309 4989 2543 5052 deficiet,
2578 4989 2774 5058 inquit,
2806 4990 3058 5060 princeps
3082 4991 3158 5045 "de
3184 4989 3343 5054 Juda,
3369 4999 3544 5062 neque
3575 4993 3686 5050 dux

460 5081 529 5135 de
557 5080 853 5135 femoribus
880 5079 1019 5148 ejus,
1050 5079 1222 5134 donec
1251 5082 1468 5135 veniant
1489 5095 1610 5150 quae
1633 5081 1871 5150 reposita
1929 5091 2058 5136 sunt
2096 5083 2222 5153 ipsi,
2253 5091 2307 5138 et
2336 5085 2451 5154 ipse
2474 5084 2809 5153 exspectatio
2844 5088 3082 5155 gentium
3117 5085 3200 5137 δ³τ
3245 5104 3264 5136 ι
3305 5086 3399 5141 sed
3441 5102 3689 5157 quaenam

458 5170 574 5225 haec
599 5170 930 5241 exspectatio
955 5178 1074 5225 erat
1114 5181 1307 5242 prater
1337 5187 1454 5227 eam
1487 5187 1609 5242 qua:
1638 5171 1871 5227 Abrahae
1924 5175 2196 5244 quondam
2251 5177 2521 5246 promissa
2573 5175 2748 5230 fuerat
2768 5177 2791 5229 ’ί
2811 5177 2954 5246 quvd
2993 5176 3243 5232 videlicet
3273 5177 3326 5232 in
3353 5178 3474 5248 ipso
3500 5195 3691 5235 omnes

457 5271 646 5331 gentes
678 5272 834 5318 terra:
863 5273 1046 5320 essent
1078 5266 1476 5320 benedicendae.
1513 5265 1700 5337 Itaque
1738 5277 1898 5322 etiam
1927 5269 2042 5338 ipse
2091 5268 2267 5324 Moses
2323 5273 2477 5326 visus
2523 5278 2607 5325 est
2671 5271 2870 5341 Optime
2930 5271 3228 5329 intell'cere
3268 5272 3512 5328 futurum
3565 5289 3693 5330 esse

456 5356 750 5423 aiiquando
782 5396 798 5421 ,
843 5369 902 5411 ut
928 5360 1074 5428 leges
1107 5360 1157 5429 7
1189 5376 1325 5429 quas
1359 5361 1476 5430 ipse
1502 5368 1738 5424 tuusset,
1791 5367 2046 5420 omnibus
2077 5365 2330 5435 gentibus
2377 5366 2778 5420 accommodari
2808 5381 2915 5420 non
2937 5375 3176 5435 possent.
3195 5366 3273 5421 Ad
3297 5382 3359 5420 ea
3389 5383 3519 5424 vero
3564 5384 3694 5424 ora-

456 5454 579 5505 cula
619 5452 1018 5522 comprobanda
1043 5461 1098 5508 et
1122 5455 1461 5510 conﬁcienda
1518 5471 1640 5525 quae
1689 5457 1919 5512 Abrahae
1977 5458 2188 5514 reddita
2219 5467 2367 5522 sunt,
2403 5460 2576 5515 altero
2625 5476 2762 5531 opus
2812 5477 2934 5518 esse
2986 5461 3271 5526 propheta,
3315 5463 3409 5518 sed
3444 5463 3534 5518 hic
3571 5473 3694 5518 erat

461 5558 617 5612 quem
646 5543 712 5602 de
743 5547 884 5601 tribu
910 5547 1048 5603 .luda
1083 5549 1445 5618 proditurum,
1493 5553 1788 5624 multisque
1824 5555 2077 5625 gentibus
2105 5554 2504 5610 dominaturum
2557 5557 2824 5628 superiori
2885 5556 3195 5612 testimonio
3248 5559 3690 5615 conlirmaverat.

530 5657 574 5688 "’
605 5657 796 5714 Matth.
848 5675 1052 5725 xxvm,
1096 5661 1182 5716 l9.
1261 5663 1308 5694 ”
1362 5662 1496 5718 Ibid.
1538 5664 1629 5719 20.
1705 5665 1752 5699 “
1789 5666 1909 5723 Act.
1955 5684 2043 5736 xv,

467 5724 509 5757 "
546 5725 681 5784 Cen.
713 5745 858 5794 ιιι-ιι,
905 5731 986 5786 l0.

2144 5670 2189 5734 ι,
2268 5667 2310 5700 ⁸³
2353 5667 2509 5724 Deut.
2551 5686 2711 5737 xviii,
2755 5671 2856 5739 l5,
2899 5670 2982 5724 l9.
3063 5671 3104 5703 δ’
3144 5671 3302 5729 Num.
3343 5688 3487 5743 xxxv,
3534 5675 3587 5741 5,
3631 5674 3684 5732 7.
