3942 6258
252 366 328 425 ιι

842 492 1232 549 ΚΕΦΔΛΑΙΟΝ
1262 497 1334 551 Δ’.

286 597 352 655 τι
381 597 636 677 δήποτε..
669 602 746 658 τὰ
784 603 940 677 παρὰ
977 604 1277 677 Ἰουδαίοις
1319 607 1747 677 ἀποδεχόμενοι
1771 609 1874 662 λόο-

409 685 528 741 τια,
560 672 676 726 τὸν
700 676 839 743 παρ’
864 672 1070 742 αὐτοῖς
1088 676 1234 741 ,βίον
1265 672 1751 748 παρψηᾶἀμεθα.

366 823 464 877 Διὰ
490 824 554 895 δὴ
585 820 682 878 οὗν
725 827 897 881 ταῦτα
927 828 1075 883 ὡσὰν
1106 830 1175 885 τά
1217 832 1343 903 περὶ
1370 832 1527 903 ἡμῶν
1564 830 1672 886 τῶν
1704 833 1873 889 ἐθνῶν

294 914 643 988 θεσπίσματα
687 918 1044 993 περιεχούσας
1095 925 1193 986 τὰς
1235 925 1364 994 παρ’
1408 921 1674 996 Ἑϐραίοις
1723 925 1874 997 ἱερὰς

294 1008 534 1084 βίϐλους,
574 1014 673 1068 ἅτε
713 1018 809 1070 καί
861 1016 1016 1088 ἡμῶν
1061 1016 1265 1083 οἰκείας
1304 1019 1469 1084 οὔσας
1507 1018 1767 1091 είλάμεθά
1810 1039 1871 1075 τε

292 1106 389 1159 καὶ
410 1104 766 1178 ὲστέρξαμεν,
800 1110 889 1162 ὅτε
951 1110 1183 1180 μάλιστα
1213 1112 1274 1165 οὐ
1317 1110 1474 1182 μόνον
1502 1112 1707 1184 Μωσῆς
1744 1112 1870 1184 περὶ

418 1201 538 1269 μετ’
566 1196 727 1252 αὑτὸν
748 1200 966 1271 ἥξοντος
990 1198 1275 1272 νομοθέτου
1302 1202 1411 1255 τῶν
1442 1201 1610 1256 ἐθνῶν
1639 1220 1868 1275 προανε-

290 1289 481 1361 φὼνει,
510 1293 643 1347 ἀλλὰ
689 1295 784 1349 καὶ⁵
831 1295 881 1348 οί
928 1297 1044 1366 μετ’
1068 1296 1228 1350 αὐτὸν
1264 1296 1537 1370 προφῆται
1574 1294 1869 1369 συλλήϐδην

286 1382 464 1438 είπεῖν
527 1384 766 1450 ἅπαντες
806 1386 877 1441 τὰ
914 1387 1074 1458 ὃμοια
1117 1390 1537 1461 προεκήρυττον.
1575 1390 1735 1443 Ὠσπε
1748 1389 1869 1462 ροῦν

282 1473 316 1529 ὁ
358 1473 526 1528 Δαϐὶδ
574 1475 824 1545 φάσκων·
858 1498 876 1530 ι
912 1480 1288 1551 Κατάστησον,
1334 1479 1526 1552 Κύριε,
1575 1481 1868 1553 νομοθέτην

282 1562 374 1620 ἐπ’
404 1567 621 1632 αὐτοὺς,
662 1568 955 1637 γνώτωσαν
996 1570 1145 1643 ἔθνη,
1197 1568 1279 1625 ὅτι
1326 1572 1601 1645 ἄνθρωποί
1651 1576 1806 1628 εἰσιν.
1842 1594 1861 1627 ι

287 1657 435 1731 Ὅρα
477 1658 554 1725 ὡς
599 1658 848 1733 δευτέρου
904 1660 1176 1735 μέμνηται
1228 1666 1322 1719 καὶ
1373 1656 1528 1730 οὗτος
1576 1667 1864 1738 νομοθέτου

285 1748 475 1805 ἐθνῶν.
499 1752 592 1806 Διὸ
623 1755 717 1808 καὶ
739 1756 798 1834 ἐν
827 1750 999 1827 ἑτέρῳ
1034 1757 1233 1829 ψαλμῷ
1261 1760 1372 1823 τοῖς
1404 1759 1581 1814 ἔθνεσι
1618 1778 1867 1833 προσφω-

1177 373 1828 435 DEMONSTRATIONIS
1865 376 2333 435 nunc»:me
2373 380 2501 435 ue.
2547 373 2609 441 t.‘
3470 354 3561 436 η’

2571 498 2801 556 CAPUT
2848 499 2938 557 IV.

1980 605 2223 674 Quanam
2252 608 2315 664 de
2346 626 2528 676 causa,
2558 628 2676 666 cum
2707 614 2938 667 omnium
2981 612 3292 669 Juda'orum
3321 615 3543 670 oracuia

2048 681 2416 759 acceperimus,
2443 684 2742 739 earumdem
2771 684 2969 739 vivendi
3001 684 3303 739 institutum
3329 702 3543 741 recusa-

2046 765 2235 804 mnus.

2053 838 2151 900 His
2186 843 2353 915 igitur
2378 845 2445 900 de
2491 846 2676 900 causis
2711 858 2896 902 sacros
2942 845 3293 901 Hebraeorum
3342 846 3537 910 libros.

1974 944 2163 1008 utpote
2187 936 2281 1006 qui
2310 933 2380 992 de
2420 934 2576 991 nobis
2628 937 2881 1007 gentibus
2931 936 3155 992 oracula
3196 938 3535 1003 contineant,

1973 1030 2131 1103 quasi
2171 1030 2421 1101 proprios
2476 1040 2714 1091 nostros.
2768 1041 2823 1088 et
2878 1033 3190 1101 accepimus
3222 1040 3276 1087 et
3303 1034 3539 1104 amplexi

1974 1134 2165 1176 sumus
2189 1139 2202 1173 :
2223 1134 2396 1190 eoque
2425 1121 2600 1191 magis
2633 1122 2777 1191 quod
2831 1137 2940 1177 non
2981 1137 3123 1178 unus
3157 1121 3335 1179 Moses
3363 1124 3430 1179 de
3457 1124 3537 1178 le-

1973 1228 2099 1284 gum
2158 1220 2383 1267 auctore
2415 1212 2557 1282 apud
2588 1221 2774 1281 gentes
2803 1221 2927 1284 post
2961 1214 3202 1285 seipsum
3236 1213 3420 1269 futuro
3452 1221 3539 1270 est

1972 1306 2320 1368 vaticinatus,
2384 1306 2479 1362 sed
2532 1307 2694 1362 etiam
2735 1306 2855 1378 ipso
2888 1307 3035 1362 Mose
3053 1308 3381 1377 posteriores
3409 1321 3538 1378 pro-

1970 1399 2165 1469 phetae,
2195 1406 2254 1455 ut
2276 1397 2513 1454 breviter
2534 1397 2734 1463 dicam,
2759 1398 2998 1455 universi
3025 1399 3200 1454 eidem
3229 1399 3306 1455 illi
3335 1399 3538 1456 similia

1968 1489 2306 1553 cecinerunt,
2341 1498 2399 1543 ut
2422 1488 2615 1553 David,
2646 1490 2737 1560 qui
2776 1492 2851 1544 ait
2884 1510 2895 1544 :
2937 1508 2956 1540 ι
2996 1489 3312 1554 Constitue,
3348 1487 3537 1543 Domi-

1968 1595 2059 1645 ne,
2086 1579 2496 1645 legumlatorem
2521 1596 2687 1650 super
2705 1596 2820 1646 eos,
2840 1593 3140 1651 agnoscant
3160 1586 3370 1652 gentes,
3388 1581 3536 1651 quod

1967 1668 2214 1724 homines
2253 1675 2380 1724 sunt
2407 1668 2472 1723 “.
2516 1689 2534 1723 ›
2564 1666 2728 1735 Vide,
2758 1686 2964 1741 quaeso,
3001 1678 3060 1725 ut
3094 1671 3183 1725 hic
3210 1685 3427 1742 quoque
3454 1674 3535 1725 al-

1967 1758 2137 1814 terius
2176 1757 2547 1828 legumlatoris
2588 1760 2853 1816 meminit.
2904 1760 3170 1827 Quocirca
3210 1762 3337 1817 alibi
3389 1761 3533 1818 idem

283 1846 373 1898 νεῖ
398 1846 540 1916 ᾄδειν
583 1846 643 1900 οὐ
697 1847 759 1902 τὸ
793 1848 1018 1903 παλαιὸν
1066 1851 1160 1904 καὶ
1204 1851 1494 1907 Μωσαῖκὸν
1532 1849 1703 1925 ᾆσμα,
1746 1852 1856 1907 ἀλλ’

1961 1848 2049 1902 hic
2076 1847 2577 1919 gentibusimperat
2605 1863 2805 1905 canere
2833 1864 2942 1905 non
2973 1851 3260 1921 antiquum
3293 1853 3531 1921 amplius

280 1936 467 2009 ἕτερον
518 1937 735 2003 καινὸν,
791 1938 993 2010 λέγων·
1029 1961 1048 1993 ι
1089 1942 1291 2015 ’ᾼσατε
1340 1943 1418 2016 τῷ
1465 1945 1652 2017 Κυρίῳ
1706 1940 1857 2017 ᾆσμα

278 2027 489 2094 καινὸν,
541 2029 709 2100 ᾅσατε
759 2029 837 2101 τῷ
895 2032 1086 2104 Κυρίῳ
1144 2035 1292 2087 πᾶσα
1338 2034 1371 2106 ἡ
1423 2034 1517 2106 γῆ.
1575 2034 1855 2104 Ἀναγγεί-

276 2119 407 2173 λατε
434 2120 494 2172 ὲν
530 2124 643 2185 τοῖς
693 2122 869 2176 ἔθνεσι
918 2123 1016 2195 τὴν
1076 2122 1230 2190 δόξαν
1270 2126 1431 2180 αὑτοῦ
1456 2167 1472 2192 ,
1504 2127 1561 2180 ἐν
1591 2128 1724 2180 πᾶσι
1746 2130 1857 2191 τοῖς

275 2210 430 2275 λαοῖς
468 2210 539 2265 τὰ
584 2208 861 2284 θαυμάσια
914 2212 1096 2270 αὐτοῦ.
1149 2218 1271 2270 Ὅτι
1325 2217 1498 2288 μέγας
1534 2216 1738 2289 Κύριος
1765 2217 1858 2271 καὶ

274 2300 492 2367 αίνετδς
550 2300 793 2377 σφόδραο
854 2304 1079 2378 φοϐερός
1134 2308 1283 2362 ἐστιν
1341 2306 1433 2361 ἐπὶ
1475 2306 1680 2373 πάντας
1732 2311 1858 2372 τοὺς

277 2396 457 2461 θεούς.
497 2397 616 2450 Ὀτι
658 2398 858 2462 πάντες
896 2400 946 2452 oi
994 2400 1105 2453 θεοί⁵
1130 2400 1238 2454 τῶν
1274 2399 1462 2466 ἐθνῶν,
1505 2398 1780 2471 δαιμόνια·
1829 2402 1858 2456 ὁ

274 2486 333 2541 δὲ
372 2488 576 2560 Κύριος
631 2490 757 2554 τοὺς
817 2490 1077 2563 οὐρανοὺς
1122 2490 1393 2563 ἐποίησεν.
1458 2490 1743 2561 Ἐνέγκατε
1780 2491 1858 2563 τῷ

277 2581 471 2652 Κυρίῳ
504 2583 561 2635 αἱ
598 2582 826 2653 πατριαὶ
871 2583 976 2637 τῶν
1019 2581 1207 2646 ὲθνῶν,
1250 2581 1506 2652 ἐνέγκατε
1551 2580 1629 2653 τῷ
1668 2582 1858 2657 Κυρίῳ

276 2670 436 2737 δόξαν
465 2674 690 2744 ὀνόματι
721 2674 906 2727 αὐτοῦ.
949 2694 966 2726 ι
1004 2674 1115 2728 Καὶ
1146 2675 1304 2730 πάλιν
1323 2693 1336 2705 ·
1374 2694 1393 2726 ι
1427 2674 1630 2729 Εἴπατε
1661 2675 1718 2729 ἐν
1746 2676 1857 2741 τοῖς

276 2759 508 2829 ἔθνεσιν,
540 2767 622 2820 ὅτι
650 2768 857 2840 Κύριος
887 2768 1203 2823 ἐϐασίλευσε
1223 2786 1237 2800 ·
1271 2768 1497 2841 καὶγὰρ
1529 2767 1856 2840 κατώρθωσε

274 2850 377 2924 τὴν
411 2855 755 2928 οἰκουμένην,
789 2858 910 2929 ἥτις
940 2859 1001 2911 οὐ
1043 2857 1448 2931 σαλευθήσεται.
1480 2876 1498 2909 ι
1521 2858 1631 2912 Καὶ
1659 2857 1851 2912 πάλιν·

282 2962 305 2996 ι
333 2944 535 3016 ’ᾼσατε
555 2947 631 3018 τῷ
648 2948 834 3021 Κυρίῳ
855 2946 1006 3022 ᾆσμα
1034 2951 1239 3019 καινὸν,
1259 2950 1343 3003 ὅτι
1369 2948 1857 3022 θαυμαστὰέποίη-

277 3052 387 3092 σεν.
420 3038 712 3111 Ἐγνώρισε
750 3039 952 3113 Κύριος
984 3042 1043 3094 τὸ
1076 3044 1341 3113 σωτήριον
1390 3039 1555 3094 αὐτοῦ
1577 3058 1590 3071 ο
1614 3041 1855 3095 ἐναντίον

275 3126 384 3182 τῶν
409 3130 578 3184 ἐθνῶν
604 3132 919 3202 ἀπεκάλυψε
953 3133 1052 3204 τὴν
1092 3132 1433 3206 δικαιοσύνην
1472 3132 1654 3188 αὑτοῦ.
1703 3132 1853 3186 Είδο·

1960 1941 2115 2005 illud,
2155 1950 2209 1998 et
2263 1941 2561 1996 Mosaicum
2598 1941 2896 2008 canticum,
2925 1942 3019 1998 sed
3067 1942 3217 1998 aliud
3254 1942 3531 2014 quoddam

1961 2048 2183 2099 novum,
2219 2033 2276 2088 in
2313 2034 2461 2090 hunc
2490 2034 2714 2089 modum
2749 2052 2762 2088 :
2802 2053 2820 2085 ε
2858 2035 3089 2115 Cantate
3134 2034 3363 2091 Domino
3396 2050 3531 2091 can-

1959 2126 2128 2181 ticum
2160 2141 2380 2193 novum,
2408 2132 2626 2182 cantate
2649 2126 2880 2182 Domino
2908 2127 3087 2183 omnis
3106 2134 3276 2184 terra.
3298 2126 3531 2182 Annuu-

1959 2217 2090 2272 tiate
2118 2218 2174 2271 in
2203 2219 2452 2288 gentibus
2482 2219 2711 2289 gloriam
2746 2218 2867 2289 ejus
2898 2238 2909 2272 :
2936 2218 2990 2273 in
3022 2220 3280 2276 omnibus
3310 2220 3529 2291 populis

1958 2308 2226 2364 mirabilia
2256 2310 2398 2380 ejus.
2440 2311 2709 2378 Quoniam
2764 2324 2996 2383 magnus
3025 2312 3293 2369 Dominus
3313 2320 3368 2369 et
3407 2314 3528 2368 lau-

1958 2394 2155 2454 dabilis
2186 2401 2343 2456 valde
2388 2419 2401 2455 :
2449 2401 2708 2458 terribilis
2764 2413 2848 2459 est
2901 2417 3070 2474 supra
3124 2418 3318 2461 omnes
3370 2404 3525 2461 deos.

1960 2488 2226 2555 Quoniam
2252 2504 2441 2547 omnes
2483 2491 2558 2546 dii
2612 2494 2877 2562 gentium,
2917 2494 3184 2548 daemonia
3217 2513 3231 2550 :
3263 2494 3527 2551 Dominus

1959 2591 2139 2636 autem
2165 2584 2334 2639 caelos
2382 2581 2530 2639 iecit.
2563 2585 2765 2640 Ati'erte
2796 2584 3023 2639 Domino
3049 2586 3226 2641 tribus
3259 2586 3524 2656 gentium,

1959 2674 2143 2729 aiierte
2168 2673 2395 2730 Domino
2411 2677 2636 2747 gloriam
2664 2676 2872 2730 nomini
2902 2676 3104 2746 ejus“.
3143 2696 3161 2728 ι
3196 2676 3263 2730 Ει
3289 2692 3481 2733 rursus
3506 2697 3523 2733 :

1962 2782 1983 2816 ι
2021 2762 2191 2818 Dicite
2236 2765 2293 2817 in
2336 2765 2591 2834 gentibus
2622 2763 2767 2834 quod
2817 2761 3081 2819 Dominus
3117 2764 3365 2836 regnavit
3434 2765 3527 2819 Et-

1962 2854 2107 2911 enim
2138 2859 2376 2911 correxit
2421 2857 2609 2912 orbem
2655 2864 2835 2920 terrai.
2865 2856 2960 2926 qui
2995 2871 3106 2911 non
3157 2858 3531 2914 commovebi-

1956 2954 2046 3001 tur
2079 2946 2146 3001 ”.
2192 2966 2211 2999 ι
2245 2946 2312 3002 Ει
2340 2947 2507 3003 alibi:
2549 2965 2568 3000 ι
2602 2947 2831 3003 Caritate
2874 2946 3101 3003 Domino
3134 2948 3404 3004 canticum
3434 2963 3527 3002 no-

1955 3054 2103 3103 vum,
2141 3037 2270 3109 quia
2316 3039 2590 3094 mirabilia
2631 3038 2779 3094 fecit.
2835 3037 3034 3094 Notum
3088 3038 3216 3095 fecit
3260 3039 3525 3095 Dominus

1957 3130 2195 3186 salutare
2252 3146 2434 3196 suum,
2481 3131 2538 3185 in
2602 3138 2903 3201 conspectu
2967 3131 3211 3203 gentium
3264 3131 3526 3187 revelavit

278 3234 376 3275 σαν
405 3222 581 3276 πάντα
606 3224 673 3278 τὰ
702 3224 912 3297 πέρατα
940 3226 1040 3297 τῆς
1071 3226 1175 3297 γῆς
1206 3226 1267 3279 τὸ
1311 3226 1573 3298 σωτήριον
1599 3224 1691 3279 τοῦ
1718 3223 1853 3280 Θεοῦ

1961 3222 2221 3294 iustitiam
2250 3239 2427 3279 suam.
2464 3222 2730 3279 Viderunt
2754 3239 2944 3280 omnes
2978 3224 3111 3280 ﬁnes
3135 3232 3292 3280 terra;
3319 3226 3528 3282 saluta-

277 3313 451 3385 ἡμῶν.
497 3335 517 3368 ι
553 3316 662 3369 Καὶ
687 3318 788 3388 ὅρα
822 3318 941 3371 τίνα
973 3318 1172 3390 τρόπον
1215 3319 1273 3371 ὲν
1313 3316 1521 3382 τούτοις
1562 3316 1623 3371 τὸ
1670 3317 1852 3372 καινὸν

277 3402 427 3478 ᾆσμα
453 3408 515 3461 οὐ
541 3407 618 3479 τῷ
659 3408 928 3464 Ἰουδαίων
962 3411 1124 3475 ἐθνει,
1169 3411 1305 3465 ἀλλὰ
1335 3412 1448 3476 τοῖς
1485 3412 1649 3465 πᾶσιν
1677 3410 1852 3465 ἔθνεσι

277 3500 650 3568 καταγγέλλει,
711 3501 806 3555 τοῦ
838 3503 927 3556 διὰ
955 3504 1198 3567 Μωσέως
1239 3502 1466 3557 παλαιοῦ
1508 3502 1685 3574 μόνοις
1727 3504 1855 3555 Ἰου-

274 3590 442 3654 δαίοις
466 3594 854 3664 προσήκοντος.
879 3593 1046 3649 Τοῦτό
1067 3613 1149 3649 τοι
1164 3594 1223 3648 τὸ
1252 3594 1433 3648 καινὸν
1456 3592 1626 3665 ᾆσμα,
1649 3595 1841 3664 καινὴν

274 3684 852 3757 ΔιαθήκηνἹερεμίας,
886 3686 1069 3758 ἕτερος
1093 3686 1223 3758 παρ’
1254 3687 1523 3759 Ἑϐραίοις
1547 3688 1851 3761 προφήτης,

276 3777 557 3843 ἀποκαλεῖ,
581 3778 785 3847 λέγων·
817 3801 833 3830 ι
876 3780 1005 3834 Ἰδοὺ
1039 3780 1239 3852 ἡμέραι
1269 3779 1535 3851 ἔρχονται,
1568 3778 1715 3847 λέγει
1740 3776 1851 3831 Κύ-

279 3887 409 3944 ριος,
439 3872 536 3925 καὶ
564 3872 890 3944 διαθήσομαι
920 3872 1000 3944 τῷ
1033 3873 1167 3943 οίκῳ
1207 3872 1441 3944 Ἰσραὴλ,
1471 3871 1566 3925 καὶ
1600 3869 1679 3940 τῷ
1717 3869 1852 3939 οἴκῳ

289 3960 457 4017 Ἰούδα
487 3964 765 4038 Διαθήκην
792 3966 1014 4038 καινήν·
1062 3967 1123 4020 οὐ
1149 3963 1291 4020 κατὰ
1330 3963 1427 4034 τὴν
1467 3961 1740 4033 Διαθήκην
1784 3962 1851 4033 ἢν

274 4051 532 4127 διεθέμην
559 4059 672 4120 τοῖς
701 4058 970 4130 πατράσιν
1009 4055 1207 4119 αὐτῶν,
1235 4056 1292 4107 ἐν
1316 4052 1496 4125 ἡμέρᾳ
1518 4054 1576 4106 ἐν
1602 4046 1635 4124 ᾖ
1658 4050 1851 4104 ἐπελαο

276 4143 449 4219 εόμην
481 4148 582 4219 τῆς
615 4150 793 4220 χειρὸς
837 4150 1036 4213 αὐτῶν,
1086 4147 1368 4216 ἐξαγαγεῖν
1415 4144 1609 4208 αὐτοὺς
1646 4144 1711 4197 ἐκ
1748 4144 1850 4214 γῆς

275 4240 572 4307 Αἰγύπτουσ
593 4242 674 4294 ὅτι
689 4242 842 4295 αὐτοὶ
868 4241 965 4293 οὐκ
995 4238 1272 4308 ἐνέμειναν
1297 4239 1354 4290 ἐν
1378 4239 1445 4309 τῇ
1469 4236 1704 4308 Διαθήκῃ
1726 4253 1847 4306 μου,

276 4333 430 4404 κάγὼ
479 4333 730 4405 ἠμέλησα
773 4332 978 4397 αὐτῶν,
1018 4328 1164 4399 λέγει
1215 4328 1438 4401 Κύριος.
1465 4330 1586 4383 Ὀτι
1633 4326 1772 4400 αὕτη
1816 4330 1850 4401 ἡ

276 4427 515 4498 Διαθήκη
565 4426 631 4496 ἥν
682 4425 1005 4496 διαθήσομαι
1056 4423 1134 4493 τῷ
1167 4422 1401 4495 Ἰσραὴλ,
1430 4420 1579 4490 λέγει
1624 4418 1847 4493 Κύριος,

274 4519 447 4584 διδοὺς
484 4520 685 4591 νόμους
733 4537 853 4589 μου,
887 4520 980 4572 ἐπὶ
1007 4518 1104 4589 τὴν
1132 4514 1366 4571 διάνοιαν
1396 4514 1575 4569 αὐτῶν
1619 4515 1712 4567 καὶ
1755 4512 1848 4567 ἐπὶ

275 4614 372 4676 τὰς
404 4611 633 4684 καρδίας
665 4609 843 4664 αὐτῶν
870 4611 1083 4683 γράψω,
1113 4609 1207 4663 καὶ
1231 4609 1423 4679 ἔσομαι
1473 4605 1652 4660 αὐτῶν
1691 4605 1842 4670 Θεὸς,

274 4704 370 4758 καὶ
431 4702 585 4758 αὐτοὶ
644 4701 857 4755 ἔσονταί
894 4719 995 4773 μου
1040 4698 1186 4764 λαός.
1236 4719 1255 4751 ι
1296 4698 1460 4769 Ὁρᾷς
1499 4697 1594 4750 καὶ
1638 4694 1848 4759 τοῦτον,

275 4795 351 4859 ὥς
381 4793 822 4865 διαστελλόμενος
858 4793 950 4847 δύο
991 4792 1284 4864 Διαθήκας,
1324 4788 1421 4862 τὴν
1469 4789 1568 4860 μὲν
1611 4784 1847 4841 παλαιὰν

274 4886 548 4958 ὀνομάζει,
589 4887 688 4958 τὴν
726 4887 783 4941 δὲ
828 4887 1049 4958 καινήν;
1093 4883 1187 4939 καί
1241 4901 1371 4954 φησι
1412 4882 1509 4954 τὴν
1563 4877 1751 4953 καινὴν
1785 4877 1846 4933 οὐ

273 4980 414 5033 κατὰ
453 4980 552 5050 τὴν
604 4977 837 5033 παλαιὰν
886 4974 1121 5042 ἔσεσθαι,
1161 4974 1228 5048 ἢν
1277 4972 1481 5029 διέθετο
1506 4974 1619 5037 τοῖς
1643 4971 1850 5044 πατρά-

275 5087 388 5137 σιν;
426 5069 492 5124 Ἦ
529 5070 628 5142 μὲν
659 5068 770 5141 γάρ
797 5071 908 5133 τοῖς
939 5065 1268 5122 άποπεσοῦσι
1306 5065 1403 5136 τῆς
1428 5063 1535 5117 τῶν
1569 5062 1845 5135 προγόνων

275 5159 554 5224 εὐσεϐείας
599 5157 893 5222 Ἰουδαίοις,
939 5156 1029 5211 τὸν
1073 5154 1441 5224 Δίγυπτιακὸν
1493 5150 1549 5207 δὲ
1592 5152 1703 5224 βίον
1749 5151 1845 5205 καὶ

275 5253 470 5323 τρόπον
495 5250 825 5323 ζηλώσασιν,
861 5251 956 5304 ἐπί
988 5266 1046 5301 τε
1083 5248 1178 5320 τὴν
1206 5244 1460 5301 πολύθεον
1497 5243 1723 5316 πλάνην,
1750 5243 1844 5297 καὶ
1899 5310 1905 5315 ι

274 5343 370 5413 τὴν
400 5344 544 5413 ἀμφὶ
574 5341 644 5396 τὰ
674 5337 869 5395 εἴδωλα
916 5339 1024 5392 τῶν
1066 5338 1230 5391 ἐθνῶν
1274 5333 1686 5406 δεισιδαιμονίαν
1730 5332 1843 5386 ὀλι-

280 5433 535 5506 σθήσασιν
565 5432 972 5503 νεωμοθέτητο,
1023 5429 1171 5483 ὼσὰν
1210 5428 1469 5490 πεσόντας
1491 5424 1841 5497 ἀνεγείρουσα

278 5526 366 5579 καὶ
394 5525 702 5599 άνορθοῦσα
732 5524 857 5588 τοὺς
889 5525 1113 5595 πρηνεῖς
1167 5520 1445 5593 κειμένους
1495 5513 1844 5590 καταλλήλοις

277 5618 664 5683 διδασκαλίαις
710 5636 731 5669 t
778 5616 1014 5680 Δικαίοις
1059 5614 1190 5685 γὰρ,
1240 5634 1259 5667 ι
1307 5613 1458 5687 φησὶ,
1500 5631 1519 5665 t
1571 5613 1733 5684 νόμος
1782 5610 1844 5666 οὐ

1953 3332 2012 3372 re
2042 3315 2137 3372 Dei
2168 3317 2345 3371 nostri
2370 3315 2438 3371 ⁵⁷.
2479 3335 2499 3370 ι
2528 3315 2643 3371 Hoc
2676 3312 2841 3371 etiam
2866 3318 2988 3373 loco
3022 3318 3309 3374 considera
3332 3333 3526 3388 quem-

1954 3406 2245 3463 admodum
2270 3420 2473 3462 novum
2510 3410 2782 3464 canticum
2818 3424 2927 3463 non
2954 3409 3046 3463 uni
3076 3408 3316 3465 Iudaica:
3350 3410 3518 3479 genti,

1954 3500 2045 3556 sed
2084 3501 2337 3556 omnibus
2369 3501 2594 3556 omnino
2639 3501 2894 3571 gentibus
2942 3502 3156 3569 indicit,
3200 3502 3419 3573 quando
3453 3500 3524 3554 il—

1953 3590 2045 3645 lud
2070 3592 2352 3662 antiquum
2380 3591 2679 3648 Mosaicum
2711 3594 2845 3649 solis
2897 3595 3255 3650 conveniebat
3294 3592 3520 3649 Iudaeis.

1954 3681 2070 3736 iIoc
2110 3698 2242 3738 sane
2267 3699 2472 3739 novum
2496 3683 2771 3739 canticum
2800 3686 2857 3754 8
2900 3683 3165 3742 Jeremias
3201 3686 3342 3741 alius
3374 3688 3519 3754 apud

1954 3769 2209 3828 Hebraeos
2252 3773 2516 3844 propheta
2568 3773 2778 3828 Novum
2827 3772 3234 3830 Testamentum
3286 3776 3524 3846 appellat

1954 3862 2040 3918 his
2069 3862 2251 3919 verbis
2280 3880 2296 3917 :
2342 3881 2361 3914 ι
2396 3862 2538 3918 Ecce
2568 3863 2687 3918 dies
2705 3863 2951 3931 veniunt,
2979 3864 3113 3919 dicit
3147 3863 3431 3934 Dominus,
3466 3874 3522 3921 et

1954 3952 2239 4024 disponam
2260 3955 2447 4010 domui
2481 3955 2666 4019 Israel,
2700 3963 2755 4011 et
2784 3955 2972 4010 domui
3019 3954 3160 4011 Juda
3199 3954 3523 4012 Testamen-

1952 4055 2069 4100 tum
2117 4045 2350 4112 Novum,
2386 4061 2497 4102 non
2550 4047 2850 4102 secundum
2908 4040 3339 4113 Testamentum,
3374 4048 3522 4119 quod

1954 4138 2200 4210 disposui
2224 4138 2473 4210 patribus
2504 4154 2695 4196 eorum
2744 4159 2756 4196 :
2789 4154 2898 4211 quo
2929 4140 3017 4196 die
3040 4140 3374 4222 apprehendi
3402 4156 3523 4194 ma-

1953 4247 2084 4286 num
2110 4246 2323 4297 eorum,
2353 4240 2412 4286 ut
2448 4231 2735 4287 educerem
2765 4246 2860 4287 eos
2890 4231 2957 4287 de
2989 4239 3136 4287 terra
3158 4231 3377 4304 Egypti
3409 4253 3423 4287 :
3452 4248 3523 4288 eo

1953 4325 2099 4397 quod
2124 4326 2229 4397 ipsi
2254 4341 2367 4381 non
2404 4333 2724 4381 manserunt
2774 4324 2827 4378 in
2870 4324 2939 4380 iis
2988 4334 3109 4396 quae
3147 4335 3303 4379 erant
3332 4324 3524 4381 Testa-

1951 4419 2123 4473 menti
2155 4416 2281 4484 mei,
2310 4432 2411 4488 ego
2442 4416 2572 4472 item
2626 4417 2837 4488 neglexi
2890 4431 3006 4481 eos,
3047 4416 3180 4471 dicit
3230 4415 3517 4471 Dominus.

1954 4506 2221 4578 Quoniam
2254 4510 2359 4565 hoc
2387 4508 2795 4565 Testamentum
2826 4508 2973 4580 quod
3006 4508 3294 4579 disponam
3323 4509 3513 4572 Israel,

1949 4598 2083 4654 dicit
2112 4597 2397 4662 Dominus,
2426 4598 2564 4653 dans
2597 4598 2742 4669 leges
2778 4609 2927 4653 meas
2963 4598 3018 4652 in
3044 4598 3356 4653 interiorem
3387 4613 3517 4653 sen-

1949 4705 2070 4746 sum
2091 4704 2299 4753 eorum,
2329 4699 2383 4744 et
2409 4689 2467 4743 in
2490 4689 2747 4745 cordibus
2774 4702 2964 4745 eorum
2991 4689 3317 4753 describam,
3343 4695 3398 4743 et
3422 4704 3517 4743 ero
3591 4753 3603 4764 .

1945 4785 2191 4855 ipsorum
2214 4781 2380 4847 Deus,
2406 4789 2460 4838 et
2479 4782 2585 4854 ipsi
2614 4792 2777 4838 erunt
2806 4782 2939 4837 mihi
2969 4782 3204 4852 populus
3231 4781 3300 4834 ⁸⁸.
3340 4800 3359 4833 ι
3387 4782 3518 4837 Cer-

1947 4876 2036 4934 nis
2064 4879 2191 4933 item
2219 4876 2384 4937 hunc,
2414 4875 2544 4930 dum
2575 4876 2684 4930 duo
2721 4873 3067 4931 Testamenta
3115 4874 3421 4945 distinguit,
3457 4884 3519 4930 ut

1949 4972 2055 5027 hoc
2087 4966 2306 5040 quidem
2336 4972 2515 5030 vetus,
2562 4964 2696 5020 Illud
2748 4978 2877 5021 vero
2921 4979 3123 5019 novum
3172 4964 3436 5034 appellet?
3460 4971 3518 5020 et

1953 5078 2152 5119 novum
2183 5061 2332 5117 dicat
2364 5072 2474 5114 non
2505 5057 2676 5113 veteri
2715 5056 2791 5111 illi
2824 5056 2970 5128 quod
3001 5056 3245 5127 patribus
3271 5056 3518 5114 condidit

1953 5156 2129 5211 simile
2161 5152 2444 5208 futurum?
2481 5150 2615 5204 illud
2643 5148 2787 5204 enim
2825 5149 2992 5219 lapsis
3018 5165 3048 5203 a
3092 5148 3360 5219 majorum
3396 5151 3516 5220 pie-

1953 5257 2062 5304 tate
2084 5242 2287 5303 Judacis
2317 5247 2593 5313 vitamque
2628 5240 3003 5312 Egyptiacam
3034 5256 3096 5294 ac
3135 5256 3316 5297 mores
3344 5256 3517 5297 aemu-

1952 5342 2212 5406 lantibus,
2243 5346 2296 5394 et
2324 5332 2390 5392 ad
2419 5348 2660 5392 errorem
2681 5333 2891 5390 colendi
2911 5334 3111 5388 multos
3134 5332 3287 5396 deos,
3323 5347 3517 5402 Super.

1952 5434 2335 5500 stitionemque
2380 5428 2643 5498 gentium,
2691 5441 2812 5497 qua!
2851 5425 3145 5480 simulacra
3176 5425 3516 5479 veneraban-

1950 5533 2061 5586 tur,
2098 5521 2499 5577 declinantibus
2547 5519 2682 5588 legis
2729 5518 2849 5571 loco
2879 5515 3188 5585 impositum
3239 5521 3344 5578 est,
3375 5519 3514 5569 utet

1953 5625 2048 5666 eos
2079 5608 2175 5680 qui
2207 5607 2519 5664 ceciderant
2555 5605 2852 5672 excitaret,
2878 5614 2929 5659 et
2954 5605 3160 5660 mutuis
3192 5604 3331 5659 inter
3361 5605 3516 5674 ipsos

346 5797 389 5829 ⁵⁵
423 5797 571 5856 Psal.
616 5813 695 5859 Ix,
738 5794 830 5849 2i.
907 5794 954 5826 “
1007 5793 1151 5849 Psal.
1194 5811 1314 5861 xcv,
1362 5794 1461 5852 I-7
1491 5839 1504 5853 .
1583 5796 1628 5829 “
1668 5791 1799 5850 Ibid.
1844 5792 1856 5849 l

2009 5794 2053 5827 ’⁷
2086 5791 2231 5848 Psal.
2277 5804 2438 5861 xcv",
2481 5789 2596 5843 1-5.
2654 5787 2719 5861 η⁴⁸
2756 5787 2865 5843 Jer.
2907 5802 3054 5849 xxxv,
3098 5786 3290 5841 51-ῧὸ.

593 5896 871 5965 Parnm.
909 5889 1027 5954 Gn.
1062 5890 1272 5951 XXII.

3198 5877 3242 5934 2
