3942 6258
412 398 480 456 ιε
1049 398 1316 455 ΕΠΞΕΒΙΙ
1351 398 1832 484 cassammsrs
1872 396 2024 455 ore.
2066 395 2248 453 rans
2286 396 2348 453 ιι.
2388 429 2458 438 -
2494 396 2995 457 APOLOGETICA.
3584 368 3659 461 ἐι

409 518 675 576 doctrinis
730 518 1017 573 confossos
1050 557 1066 583 ,
1124 529 1285 589 atque
1347 527 1646 588 prostratos
1721 519 1963 589 erigeret.

2080 520 2286 581 κεῖται,
2332 517 2551 589 ἀνόμοις
2601 519 2657 572 δὲ
2705 520 2798 573 καὶ
2844 520 3253 585 ἀνυποτάκτοις,
3295 521 3511 575 ἀσεϐέσι
3565 528 3661 580 καὶ

415 630 436 664 ι
466 610 636 666 Justis
662 610 840 674 enim,
877 609 1073 677 inquit,
1114 609 1200 664 lex
1237 610 1411 679 posita
1456 626 1565 666 non
1602 615 1708 673 est,
1744 610 1836 666 sed
1869 609 1978 664 ini-

408 706 535 775 quis
564 710 617 759 et
653 700 1052 772 pervicacibus,
1083 708 1136 755 et
1159 701 1362 771 impiis,
1395 713 1448 757 et
1478 703 1874 773 peccatoribus,
1923 712 1979 759 et

409 796 602 853 horum
633 788 904 850 similibus
935 793 1002 848 “.
1037 812 1054 843 ι
1094 792 1301 849 Novum
1345 804 1528 851 autem
1578 812 1697 862 eos,
1739 796 1832 868 qui
1881 812 1978 868 per

409 886 747 945 Salvatorem
780 897 1027 941 nostrum
1072 887 1164 942 Dei
1206 887 1469 944 beneficio
1499 904 1559 943 ac
1591 904 1815 945 munere
1844 904 1977 943 con-

408 981 767 1047 surrexerint,
798 980 865 1036 ad
902 982 1235 1051 promissum
1267 981 1360 1036 Dei
1390 997 1617 1054 regnum
1649 989 1710 1036 ut
1749 992 1877 1038 eant
1922 990 1977 1037 et

407 1082 725 1147 properent,
749 1074 907 1145 quasi
938 1073 1279 1140 manuducit,
1321 1082 1484 1145 atque
1510 1075 1752 1139 instruit,
1784 1090 1974 1131 omnes

406 1182 561 1239 asque
586 1166 836 1221 homines
862 1180 1065 1222 vocans
1100 1168 1155 1221 in
1194 1183 1357 1221 unam
1407 1175 1568 1238 atque
1598 1167 1841 1222 eamdem
1874 1168 1975 1223 bo-

408 1274 605 1315 norum
655 1261 1123 1315 communitatem.
1161 1257 1276 1313 Hoc
1317 1258 1480 1328 igitur
1535 1256 1745 1313 Novum
1785 1256 1976 1313 Testa-

408 1350 855 1421 meiitum,legem
871 1359 1063 1407 noram
1082 1359 1239 1406 vocat
1253 1350 1389 1404 alius
1420 1347 1700 1420 itemjapud
1721 1347 1974 1407 Hebraeos

405 1442 668 1512 propheta
696 1440 869 1498 lsaias
893 1442 1084 1500 dicens
1119 1461 1132 1497 :
1167 1460 1185 1492 ι
1216 1440 1350 1494 Nam
1380 1440 1448 1495 de
1495 1434 1627 1495 Sion
1663 1440 1830 1496 exibit
1865 1440 1971 1504 lex,

406 1540 461 1587 ct
490 1530 715 1587 verbum
750 1529 965 1587 Domini
996 1532 1064 1589 de
1095 1530 1394 1588 Jerusalem
1452 1550 1464 1585 :
1512 1539 1565 1586 et
1597 1530 1865 1601 judicabit
1892 1533 1976 1585 in-

406 1637 489 1683 ter
536 1636 745 1695 gentes,
773 1635 828 1683 et
860 1627 1076 1681 venient
1099 1640 1290 1680 omnes
1326 1632 1534 1695 gentes,
1577 1630 1631 1678 et
1680 1638 1976 1694 congrega-

407 1722 613 1775 buntur
639 1736 827 1776 omnes
868 1719 1075 1791 populi,
1109 1726 1163 1774 et
1196 1719 1378 1774 dicent
1414 1736 1426 1771 :
1464 1715 1676 1779 Venite,
1712 1715 1975 1771 ascenda-

406 1828 529 1869 mus
558 1814 612 1867 in
644 1822 879 1869 montem
901 1811 1117 1866 Domini
1139 1819 1192 1867 et
1219 1811 1274 1866 in
1305 1811 1525 1865 domum
1552 1808 1646 1864 Dei
1671 1807 1919 1865 Jacob”.
1948 1831 1967 1862 ι

2079 609 2438 681 ἁμαρτωλοῖς,
2472 612 2689 675 καὶτοῖς
2706 613 3123 684 παραπλησίοις.
3142 632 3158 665 ι
3195 613 3255 665 Ἦ
3269 613 3325 667 δὲ
3351 614 3510 686 καινὴ
3532 619 3660 682 τοὺς

2078 700 2163 753 διά
2191 700 2283 755 τοῦ
2313 702 2562 774 Σωτῆρος
2594 703 2751 775 ἡμῶν
2786 703 2968 776 χάριτι
3033 706 3127 758 καὶ⁸
3167 704 3345 775 δωρεᾷ
3383 705 3517 759 Θεοῦ
3559 707 3658 763 ἀν-

2079 794 2467 865 εγηγερμένοις
2503 795 2593 847 ἐπὶ
2641 794 2703 848 τὸ
2755 796 2987 866 βαδίζειν
3034 798 3127 850 καὶ
3163 797 3412 851 σπεύδειν
3450 800 3530 863 εἰς
3557 799 3658 873 τὴν

2079 884 2494 957 ἐπηγγελμένην
2525 887 2618 940 τοῦ
2652 887 2785 941 Θεοῦ
2818 888 3093 959 βασιλείαν
3139 894 3486 963 χειραγωγεῖ,
3518 893 3656 948 πάν-

2077 986 2174 1040 τας
2206 978 2401 1049 ἐπίσης
2430 977 2746 1051 ἀνθρώπους
2782 982 2861 1044 εἰς
2900 980 3026 1051 μίαν
3071 983 3165 1035 καὶ
3209 981 3307 1052 τὴν
3353 983 3521 1056 αὐτὴν
3548 984 3660 1041 τῶν

2078 1069 2295 1137 ἀγαθῶν
2349 1069 2636 1140 μετουσίαν
2669 1070 3105 1144 προκαλουμένη.
3150 1074 3365 1147 Ταύτην
3403 1075 3503 1147 τὴν
3544 1094 3661 1132 και-

2078 1158 2172 1231 νὴν
2210 1157 2482 1230 Διαθήκην
2516 1154 2669 1223 αὖθις
2689 1160 2850 1230 νόμον
2892 1161 3145 1231 ὀνομάζει
3182 1163 3362 1216 καινὸν
3405 1164 3658 1233 Ἡσαΐας,

2077 1248 2233 1314 ἄλλος
2258 1251 2414 1304 πάλιν
2450 1253 2576 1324 παρ’
2620 1252 2893 1323 Ἑϐραίοις
2925 1256 3229 1327 προφήτης,
3254 1254 3454 1325 λέγων·
3494 1276 3513 1310 ι
3558 1258 3656 1312 Ἐκ

2076 1342 2183 1415 γὰρ
2215 1344 2354 1397 Σιὼν
2400 1338 2735 1411 ἐξελεύσεται
2785 1346 2967 1418 νόμος,
3008 1348 3103 1401 καὶ
3155 1347 3308 1418 λόγος
3350 1351 3553 1423 ἰςυρίου
3592 1351 3654 1419 ἐξ

2087 1433 2461 1508 Ἰερουσαλὴμ,
2496 1438 2590 1491 καὶ
2618 1439 2793 1510 κρινεῖ
2823 1438 2926 1492 ἀνά
2977 1439 3139 1507 μέσον
3185 1439 3293 1494 τῶν
3340 1419 3529 1507 ἐθνῶν,
3561 1444 3657 1498 καὶ⁹

2074 1526 2261 1598 ἥξουσι
2294 1530 2469 1583 πάντα
2503 1530 2570 1585 τὰ
2607 1530 2754 1603 ἔθνη,
2793 1532 2887 1585 καὶ
2920 1532 3345 1604 συναχθήσονται
3378 1534 3577 1599 πάντες
3603 1535 3655 1590 οε

2075 1617 2213 1683 λαοὶ,
2245 1621 2339 1674 καὶ
2372 1621 2554 1693 ἐροῦσι
2576 1639 2589 1652 ·
2622 1623 2806 1688 Δεῦτε,
2853 1625 2947 1677 καὶ
2976 1624 3263 1693 ἀναδῶμεν
3310 1627 3390 1690 εἰς
3430 1626 3493 1680 τὸ
3524 1627 3652 1700 ὅρος

2076 1712 2304 1780 Κυρίου,
2335 1714 2427 1768 καὶ
2459 1716 2539 1779 εἰς
2559 1714 2649 1767 τὸν
2667 1709 2811 1768 οἶκον
2834 1715 2927 1769 τοῦ
2956 1716 3091 1770 Θεοῦ
3132 1716 3342 1771 Ἰακώϐ.
3373 1719 3470 1783 Τίς
3506 1719 3553 1774 δ’
3583 1718 3654 1776 ἂν

2078 1801 2163 1875 εἴη
2190 1806 2218 1857 6
2245 1806 2307 1858 ὲκ
2337 1804 2472 1859 Σιὼν
2498 1806 2880 1880 προεληλυθὼς
2904 1809 3086 1880 νόμος,
3117 1808 3303 1883 ἕτερος
3331 1811 3406 1865 ὢν
3431 1811 3526 1867 τοῦ
3559 1814 3655 1869 ἐπὶ

408 1902 514 1960 Sed
560 1919 680 1974 qua:
723 1903 940 1960 tandem
978 1905 1063 1960 lex
1097 1903 1165 1959 de
1195 1902 1325 1958 Sion
1350 1903 1724 1972 proficiscens,
1756 1901 1963 1958 diversa

2194 1895 2402 1966 ἐρήμου
2424 1896 2511 1951 διὰ
2542 1872 2793 1963 ’Μωσέως
2826 1872 2884 1953 ἐν
2910 1872 2988 1971 τῷ
3012 1872 3140 1954 Σινὰ
3164 1872 3656 1980 ὄρει-νενομοθετη-

403 1996 670 2052 duntaxat
699 1997 767 2052 ab
789 2012 853 2053 ea
878 2012 999 2069 qua:
1023 1997 1077 2051 in
1114 2004 1295 2052 monte
1325 1995 1455 2051 Sina
1486 2012 1582 2067 per
1612 1995 1815 2052 Musem
1844 1997 1971 2051 data

400 2096 487 2144 est
540 2088 842 2158 reperietur
884 2108 896 2143 :
936 2089 1040 2145 nisi
1064 2090 1242 2158 ipsum
1290 2086 1671 2160 Evangelicﬁm
1720 2090 1970 2158 verbum,

400 2178 545 2250 quod
575 2194 670 2249 per
684 2176 1020 2233 Salvatorem
1049 2185 1295 2233 nostrum
1322 2174 1507 2233 Jesum
1531 2175 1830 2240 Christum,
1848 2191 1972 2247 per-

402 2287 510 2342 que
541 2271 783 2341 ejusdem
818 2271 1095 2342 apostolos
1123 2270 1191 2326 de
1225 2268 1354 2325 Sion
1390 2267 1696 2341 profectum
1726 2276 1829 2332 est,
1849 2284 1974 2338 per-

400 2377 507 2434 que
536 2377 725 2420 omnes
752 2369 939 2434 gentes
970 2360 1420 2417 disseminatum?
1448 2369 1663 2417 constat
1711 2359 1855 2415 enim
1902 2359 1971 2415 de

403 2453 705 2511 Jerusalem
756 2470 821 2510 ac
852 2454 919 2511 de
952 2470 1016 2509 eo
1044 2454 1136 2525 qui
1193 2454 1267 2507 illi
1311 2452 1638 2523 eonjunetus
1660 2459 1762 2518 est,
1788 2460 1973 2507 monte

402 2545 559 2614 Sion,
591 2550 683 2604 ubi
712 2546 966 2607 Salvator
994 2563 1057 2602 ac
1078 2545 1411 2617 Dominusa
1434 2553 1640 2611 noster,
1667 2553 1720 2600 et
1742 2540 1968 2598 multum

399 2647 651 2695 versatus
672 2646 849 2704 est,et
878 2638 1174 2709 plurimum
1199 2636 1461 2691 doctrinae
1485 2649 1597 2690 sua:
1623 2632 1812 2695 edidit,
1836 2631 1970 2687 Novi

401 2730 738 2787 Testamenti
770 2731 943 2800 legem
976 2730 1046 2786 ab
1089 2729 1245 2784 initio
1276 2727 1581 2800 profectam
1627 2727 1682 2780 in
1739 2734 1970 2780 cunctos

398 2823 647 2900 homjpes
681 2838 835 2878 suam
877 2824 1053 2879 lucem
1101 2822 1378 2887 eiiudisse,
1438 2836 1557 2891 qua:
1607 2819 1825 2891 quidem
1881 2835 1969 2876 res

396 2920 761 2971 consentanea
795 2912 861 2969 iis
891 2915 1118 2970 vocibus
1153 2913 1274 2978 fuit,
1305 2913 1505 2984 quibus
1532 2912 1620 2966 ille
1642 2911 1709 2965 ad
1734 2926 1865 2967 suos
1886 2919 1969 2965 est

396 3022 534 3064 usus
561 3007 883 3078 discipulos,
921 3007 1050 3062 dum
1077 3008 1209 3063 dicit
1239 3026 1250 3061 :
1292 3024 1310 3059 ι
1343 3007 1417 3062 Ιιο
1447 2996 1511 3060 ac
1543 3004 1735 3059 docete
1778 3019 1968 3060 omnes

395 3107 606 3173 gentes,
653 3099 912 3156 docentes
952 3114 1047 3156 eos
1106 3112 1328 3156 servare
1387 3097 1571 3154 omnia
1629 3112 1968 3169 quaecunque

2076 1984 2259 2054 μένου,
2286 1985 2399 2039 ἀλλ’
2426 1988 2459 2059 ἦ
2486 1991 2514 2041 6
2538 1989 2903 2058 Εὑαγγελικδς
2927 1990 3103 2061 λόγος,
3124 1993 3152 2045 6
3173 1994 3259 2048 διὰ
3285 1994 3375 2048 τοῦ
3403 1997 3656 2070 Σωτῆρος

2070 2080 2229 2151 ἡμῶν
2261 2080 2431 2152 Ἰησοῦ
2456 2082 2550 2135 τοῦ
2572 2083 2808 2153 Χριστοῦ
2832 2086 3047 2139 καὶτῶν
3067 2085 3375 2142 ἀποστόλων
3399 2088 3564 2143 αὐτοῦ
3587 2092 3653 2144 ἐκ

2071 2173 2169 2244 τῆς
2201 2173 2340 2228 Σιὼν
2375 2174 2775 2246 προεληλυθὼς,
2807 2178 2899 2230 καὶ
2934 2177 3156 2231 διελθὼν
3181 2178 3356 2234 πάντα
3381 2181 3448 2235 τά
3482 2180 3606 2251 ἔθνη
3634 2199 3650 2247 ;

2071 2266 2336 2338 πρόδηλον
2356 2266 2465 2340 γάρ
2481 2267 2555 2332 ὡς
2581 2267 2688 2322 ἀπὸ
2702 2270 2803 2357 τῆς
2838 2269 3210 2342 Ἰερουσαλὴμ,
3237 2272 3332 2325 καὶ
3361 2271 3455 2327 τοῦ
3477 2272 3654 2347 ταύτῃ

2073 2359 2617 2431 προσπαρακειμένου
2664 2359 2800 2414 Σιὼν
2847 2360 3038 2432 ὅρους,
3084 2360 3210 2414 ἔνθα
3257 2361 3353 2425 τὰς
3394 2361 3655 2429 πλείστας

2069 2452 2349 2525 διατριϐάς
2394 2471 2455 2507 τε
2507 2454 2600 2507 κα)⁸
2649 2452 2994 2520 διδασκαλίας
3033 2456 3061 2507 6
3091 2455 3277 2529 Σωτὴρ
3303 2457 3397 2510 καὶ
3448 2458 3655 2531 Κύριος

2072 2545 2226 2617 ἡμῶν
2257 2547 2539 2617 πεποίητο,
2572 2547 2601 2598 6
2640 2546 2740 2617 τῆς
2766 2548 2971 2620 Καινῆς
3000 2548 3273 2622 Διαθήκης
3297 2549 3460 2604 αὑτοῦ
3485 2550 3656 2623 ἀρξά-

2074 2657 2232 2710 μενος
2259 2640 2441 2711 νόμος,
2478 2640 2730 2696 κάκεῖθεν
2761 2638 3059 2712 ¹προελθὼν,
3086 2644 3164 2707 είς
3191 2643 3397 2709 πάντας
3422 2643 3655 2715 ἐξέλαμ-

2069 2729 2169 2799 ψεν
2206 2729 2526 2803 ἀνθρώπους
2572 2731 2879 2796 ἀκολούθως
2919 2736 3039 2797 ταῖς
3087 2733 3250 2787 αὐτοῦ
3292 2734 3533 2802 φωναῖς,
3581 2732 3654 2799 ἃς

2071 2820 2207 2892 πρὸς
2228 2821 2351 2885 τοὺς
2381 2821 2545 2875 αὑτοῦ
2576 2822 2823 2895 μαθητὰς
2847 2824 3128 2895 πεποίητο,
3166 2822 3373 2896 φήσας⁴
3399 2844 3415 2875 ι
3449 2826 3658 2897 Πορευ-

2070 2912 2250 2976 θέντες
2282 2912 2658 2985 μαθητεύσατε
2694 2914 2867 2968 πάντα
2896 2915 2964 2969 τὰ
3003 2915 3149 2987 ἔθνη,
3176 2912 3513 2980 διδάσκοντες
3546 2916 3651 2971 αὐ·-

2068 3005 2191 3068 τοὺς
2217 3008 2403 3076 τηρεῖν
2443 3004 2618 3084 πάντα
2658 3007 2757 3060 ὅσα
2790 3009 3141 3081 ἐνετειλάμην
3187 3010 3334 3081 ὑμῖν.
3371 3029 3389 3062 ι
3429 3009 3561 3063 Τίνα
3590 3009 3650 3062 δὲ

2066 3096 2234 3151 ταῦτα
2256 3092 2345 3169 ἢν,
2376 3096 2487 3151 ἀλλ’
2524 3096 2556 3170 ἢ
2589 3098 2660 3152 τὰ
2684 3099 2784 3171 τῆς
2814 3100 3023 3171 Καινῆς
3049 3101 3323 3173 Διαθήκης
3351 3101 3492 3174 μαθή
3502 3101 3651 3173 ματά

396 3193 625 3268 ριίεοερί
652 3193 696 3225 ⁵⁸
732 3193 906 3249 vobis.
942 3213 961 3246 ι
1001 3191 1256 3259 Quaenam
1291 3205 1456 3262 porro
1487 3190 1598 3244 haec
1648 3196 1825 3256 erant,
1860 3190 1963 3245 nisi

2068 3207 2126 3244 τε
2192 3190 2287 3244 καὶ
2336 3189 2716 3262 παιδεύματα;
2758 3190 2975 3265 Ἐπειδὴ
3030 3194 3207 3247 τοίνυν
3261 3193 3412 3248 ταῦθ’
3472 3193 3649 3262 οὕτως

394 3284 533 3340 Novi
554 3282 893 3339 Ii‘estamenti
925 3282 1176 3338 instituta
1197 3297 1260 3337 ac
1281 3276 1589 3352 praecepta?
1611 3281 1831 3352 quando
1857 3280 1959 3353 igi-

393 3387 481 3433 tur
512 3376 627 3431 haec
655 3375 735 3430 sic
764 3388 823 3430 se
857 3374 1056 3429 habere
1085 3382 1362 3430 ostensum
1393 3383 1497 3441 est,
1524 3387 1668 3428 nunc
1688 3373 1800 3443 jam
1822 3381 1961 3429 tem-

389 3485 494 3539 pus
528 3468 688 3524 fuerit
719 3467 989 3538 inspicere
1015 3467 1242 3539 hujusce
1278 3466 1412 3523 Novi
1438 3465 1791 3529 Testamenti,
1824 3465 1966 3535 ejus-

2069 3284 2209 3355 ἔχειν
2232 3283 2622 3350 ἀποδέδεικται,
2649 3284 2766 3359 ὥρα
2791 3285 2885 3340 νῦν
2909 3287 3036 3340 ίδεῖν
3065 3287 3155 3341 τὸν
3181 3288 3380 3360 τρόπον
3395 3290 3491 3361 τῆς
3514 3291 3656 3344 Καυ-

2070 3376 2166 3446 νῆς
2216 3374 2525 3447 Διαθηκης,
2581 3377 2674 3430 καὶ
2726 3378 2817 3432 τοῦ
2879 3378 3398 3454 προκεκηρυγμένον
3458 3382 3650 3441 καινοῦ

2072 3465 2312 3537 ᾅσματός
2345 3483 2403 3520 τε
2432 3467 2524 3520 καὶ
2548 3467 2734 3539 νόμου.

388 3581 494 3636 que
524 3564 668 3636 quod
689 3563 1006 3636 praedictum
1035 3563 1212 3619 fuerat
1236 3563 1436 3618 cantici
1455 3563 1603 3629 novi,
1636 3577 1899 3633 novaeque
1921 3562 2055 3634 legis
2084 3562 2348 3618 rationem
2385 3577 2450 3617 ac
2477 3564 2717 3619 modum.

1015 3658 1243 3718 CAPUT
1270 3659 1336 3714 ν.

389 3753 649 3821 Quisnam
675 3755 860 3811 modus
880 3752 1020 3810 Νοιιὶ
1054 3754 1393 3822 Testamenti,
1426 3751 1577 3824 cujus
1610 3751 1855 3817 Christus
1882 3760 1961 3806 est

1059 3835 1263 3881 auctor.

458 3915 537 3971 ita
584 3916 804 3987 quidem
855 3926 1141 3973 03tensum
1186 3917 1299 3987 jam
1350 3922 1456 3980 est,
1500 3914 1960 3987 quemadmodum

388 4002 556 4061 Vetus
587 4006 717 4060 illud
761 4002 1188 4072 Testamentum,
1224 4007 1420 4077 lexque
1465 4005 1701 4063 Mosaica
1732 4008 1826 4062 uni
1858 4007 1958 4062 Ju-

388 4097 557 4152 daieae
595 4098 778 4168 genti,
825 4107 879 4154 et
916 4098 1045 4153 huic
1088 4098 1191 4170 ipsi
1235 4098 1510 4169 propriam
1558 4106 1761 4154 terram
1807 4100 1955 4154 ineo-

386 4188 520 4243 lenti
556 4186 957 4243 accommodari
1010 4196 1218 4259 posset,
1250 4204 1315 4243 ac
1345 4204 1520 4260 neque
1560 4188 1788 4260 reliquis
1831 4205 1962 4262 gen-

384 4282 558 4342 tibus,
611 4296 733 4350 quae
772 4287 891 4335 toto
926 4288 1193 4338 terrarum
1228 4282 1362 4338 orbe
1404 4288 1742 4348 tenerentur,
1783 4298 1962 4354 neque

387 4374 589 4429 alienas
612 4381 788 4429 terras
814 4373 1172 4431 incolentibus
1192 4372 1393 4430 Judaais
1413 4372 1727 4429 conveniret
1751 4390 1763 4425 :
1783 4374 1960 4446 quod~

2592 3650 2986 3718 ΚΕΦΑᾹᾹΙΟΝ
3033 3666 3109 3720 E'.

2072 3754 2167 3820 Τίς
2209 3754 2243 3807 d
2285 3753 2392 3807 τοῦ
2446 3752 2704 3822 Χριστοῦ
2758 3754 2868 3823 τῆς
2892 3757 3117 3826 Καινῆς
3162 3740 3456 3829 Διαθιξκης
3503 3762 3640 3830 τρό-

2774 3840 2908 3892 πος.

2148 3910 2213 3968 Ἦ
2275 3913 2372 3984 μὲν
2417 3913 2481 3984 δὴ
2529 3914 2728 3968 παλαιά
2755 3917 2997 3995 ’Διαθήκη
3054 3918 3149 3971 καὶ
3191 3919 3219 3972 6
3261 3918 3348 3973 διά
3393 3920 3639 3986 Μωσέως

2066 4006 2232 4077 νόμος
2276 4006 2420 4078 μόνῳ
2444 4005 2521 4077 τῷ
2570 3991 2841 4063 Ἰουδαίωεῖ
2877 4008 3041 4073 ἔθνει,
3076 4011 3168 4063 καὶ
3213 4010 3388 4083 τούτῳ
3410 4012 3502 4066 ἐπὶ
3537 4013 3641 4084 τῆς

2063 4098 2268 4161 οἰκείας
2290 4098 2391 4169 γῆς
2421 4098 2675 4164 οἰκοῦντι,
2711 4099 3043 4171 κατάλληλος
3073 4102 3477 4168 ἀποδέδεικται,
3514 4103 3638 4158 οὔτε

2064 4190 2120 4244 δὲ
2147 4192 2259 4253 τοῖς
2288 4189 2488 4254 λοιποῖς
2517 4190 2695 4245 ἔθνεσι
2720 4192 2832 4255 τοῖς
2860 4192 2982 4247 καθ’
3006 4194 3134 4265 ὅλης
3157 4192 3258 4264 τῆς
3287 4196 3637 4272 οἰκουμένης,

2063 4283 2187 4337 οὔτε
2212 4286 2322 4349 τοῖς
2342 4284 2431 4337 ἐπὶ
2456 4285 2556 4357 γῆς
2580 4284 2881 4357 ἀλλοδαπῆς
2899 4287 3302 4359 ἀπῳκισμένοις
3330 4288 3600 4355 Ἰουδαίοις
3616 4306 3635 4323 ο

2063 4374 2155 4428 τὸν
2174 4374 2229 4428 δὲ
2248 4375 2355 4446 τῆςο
2371 4375 2578 4445 Καινῆς
2596 4372 2869 4448 Διαθήκης
2881 4377 3080 4448 τρόπον
3102 4380 3264 4433 πᾶσιν
3280 4379 3485 4434 ἔθνεσιν
3505 4385 3637 4451 βιωα-

385 4479 491 4537 que
521 4461 658 4521 Novi
706 4462 1040 4520 Testamenti
1080 4467 1349 4521 rationem
1377 4466 1453 4520 ita
1494 4474 1770 4535 oporteret
1797 4466 1954 4521 insti-

2068 4467 2194 4539 ρελῆ
2224 4468 2359 4539 χρῆν
2379 4467 2549 4539 δήπου
2573 4469 2926 4540 καταστῆναι,
2953 4470 3029 4534 ὡς
3046 4468 3307 4543 μηδαμῶς
3329 4474 3637 4545 μηδαμόθεν

384 4558 486 4624 tui,
514 4567 575 4613 ut
602 4557 860 4615 omnibus
891 4559 1147 4629 gentibus
1167 4560 1233 4616 ad
1265 4559 1427 4614 vitam
1468 4557 1727 4629 prodesse
1748 4568 1952 4631 posset,

386 4661 447 4707 ut
474 4667 542 4727 ne
579 4667 808 4723 prorsus
844 4652 953 4707 ullo
991 4650 1176 4716 modo,
1227 4650 1408 4707 ullave
1453 4651 1680 4718 ratione,
1713 4654 1805 4724 qui
1852 4654 1956 4709 hoc

383 4746 508 4800 vitae
533 4745 844 4805 institutum
876 4744 1087 4815 ingredi
1126 4743 1345 4808 vellent,
1386 4742 1779 4815 impedirentur
1811 4766 1823 4800 :
1858 4762 1955 4802 ne-

382 4851 490 4907 que
514 4844 609 4891 aut
637 4837 900 4909 regionis,
932 4845 1026 4891 aut
1056 4837 1296 4908 generis,
1329 4844 1423 4891 aut
1450 4836 1577 4902 laci,
1609 4846 1702 4893 aut
1730 4838 1955 4894 alterius

381 4929 688 5000 cujuspiam
734 4930 815 4986 rei
868 4931 1092 4984 omnino
1151 4943 1354 4996 causa,
1410 4938 1632 5001 possent
1677 4933 1949 4988 excusari.

381 5022 529 5081 Talis
560 5039 726 5095 porro
756 5030 811 5079 et
857 5022 966 5087 lex,
988 5028 1041 5077 et
1072 5021 1179 5076 vita
1230 5023 1389 5093 piane
1419 5023 1625 5079 exstitit
1655 5039 1739 5088 ea,
1772 5041 1891 5097 quae
1920 5041 1952 5080 a

382 5114 666 5171 Salvatore
727 5122 919 5170 nostro
960 5111 1091 5169 Jesu
1149 5112 1371 5169 Christo
1421 5115 1669 5171 instituta
1701 5124 1805 5183 est,
1843 5131 1951 5187 qua

379 5206 559 5277 prisca
592 5208 704 5272 illa,
739 5215 794 5263 et
835 5207 954 5276 ipso
987 5205 1135 5261 Mose
1180 5207 1457 5278 antiquior
1503 5208 1844 5264 instauratur
1866 5223 1951 5263 re-

380 5298 532 5370 ligio,
564 5298 632 5352 ad
656 5300 816 5368 cujus
846 5314 1093 5353 normam
1117 5307 1173 5355 et
1208 5298 1505 5365 Abraham,
1537 5308 1592 5355 et
1622 5300 1742 5370 ejus
1772 5300 1947 5370 majo-

378 5410 469 5450 res
520 5392 722 5449 vivisse
778 5391 937 5447 facile
980 5392 1447 5448 demonstrantur.
1502 5392 1659 5458 Quod
1713 5392 1759 5446 si
1812 5392 1947 5447 velis

376 5484 812 5541 Christianorum
853 5482 1068 5540 vivendi
1111 5485 1399 5548 rationem,
1439 5493 1603 5553 atque
1632 5496 1750 5539 eam
1784 5497 1946 5553 quam

374 5576 629 5632 Christus
659 5590 754 5647 per
779 5590 968 5633 omnes
984 5585 1172 5649 gentes
1204 5572 1582 5633 disseminavit
1602 5572 1943 5645 religionem,

374 5685 497 5724 cum
528 5684 593 5723 eo
618 5675 672 5723 et
701 5668 978 5739 religionis
1000 5678 1053 5725 et
1070 5669 1301 5739 justitia’:
1321 5666 1577 5725 instituto
1604 5666 1944 5737 comparare,

370 5770 425 5816 οι
464 5760 816 5830 contendere,
851 5776 960 5831 quo
993 5772 1046 5818 et
1068 5760 1340 5815 Abraham
1372 5768 1426 5814 et
1474 5757 1706 5813 Abrahae
1735 5757 1944 5840 similes

2059 4560 2516 4632 παραποδίζεσθαι
2546 4562 2671 4625 τοὺς
2708 4561 2848 4616 κατά
2880 4561 3067 4618 τοῦτον
3096 4564 3470 4619 πολιτεύεσθαι
3502 4566 3634 4637 μέλ-

2056 4654 2264 4718 λοντας,
2303 4655 2426 4725 μήτ’
2450 4653 2559 4707 ἀπὸ
2595 4653 2799 4725 χώρας,
2831 4656 2958 4726 μήτ’
2988 4656 3096 4709 ἀπὸ
3136 4656 3347 4725 γένους,
3380 4658 3505 4730 μήτ’
3525 4657 3637 4713 ἀπὸ

2055 4746 2242 4811 τόπου,
2266 4745 2401 4815 μήτε
2434 4743 2497 4797 ἐκ
2529 4761 2673 4809 τινος
2704 4745 2893 4818 ἑτέρου
2931 4747 2991 4801 τὸ
3021 4747 3257 4804 σύνολον.
3291 4748 3541 4815 Τοιοῦτος
3575 4750 3638 4806 δὲ

2056 4838 2293 4909 πέφηνεν
2317 4839 2345 4891 ὁ
2362 4836 2497 4909 πρὸς
2524 4837 2617 4890 τοῦ
2640 4838 2888 4910 Σωτῆρος
2907 4840 3063 4911 ἡμῶν
3095 4840 3267 4913 Ἰησοῦ
3294 4841 3530 4915 Χριστοῦ
3546 4859 3639 4897 νε-

2053 4930 2311 5002 νομοθετη
2322 4930 2480 5000 μένος
2506 4931 2669 5002 νόμος
2700 4948 2757 4984 τε
2775 4929 2868 4986 καὶ
2892 4931 3025 5002 βίος,
3043 4934 3141 5006 τὴν
3158 4935 3520 5007 παλαιοτάτην
3537 4936 3636 4991 καὶ

2054 5020 2429 5097 πρεσϐυτέραν
2486 5024 2729 5088 Μωσέως
2759 5025 3038 5080 εὐσέϐειαν
3063 5026 3472 5098 ἀνανεούμενος,
3505 5028 3632 5083 καθ’

2052 5114 2118 5185 ἢν
2143 5116 2171 5168 6
2213 5113 2464 5187 θεοφιλὴς
2506 5115 2785 5188 Ἀϐραὰμ,
2830 5118 2999 5171 καὶοὶ
3042 5118 3231 5172 τούτου
3282 5118 3630 5192 προπάτορες

2050 5203 2351 5259 δείκνυνται
2378 5205 2841 5278 πεπολιτευμένοι.
2873 5210 2937 5262 EE
2958 5207 3088 5279 γοῦν
3116 5207 3426 5280 ἐθελήσειας
3449 5208 3540 5262 τόν
3566 5226 3630 5264 τι

2050 5295 2390 5367 Χριστιανῶν
2439 5297 2573 5368 βίον,
2617 5300 2711 5353 καὶ
2750 5301 2849 5372 τὴν
2887 5300 2992 5354 ὑπὸ
3041 5299 3134 5354 τοῦ
3176 5300 3412 5371 Χριστοῦ
3460 5302 3628 5355 πᾶσιν

2050 5384 2226 5438 ἔθνεσι
2278 5386 2760 5461 καταϐεϐλημένην
2798 5389 3106 5442 θεοσέϐειαν
3154 5387 3503 5454 συνεξετάσαι
3546 5387 3627 5460 τῷ

2046 5476 2236 5548 τρόπῳ
2261 5477 2368 5531 τῶν
2395 5479 2537 5551 ἀμφὶ
2578 5479 2670 5534 τὸν
2702 5481 2951 5553 ’Λϐραὰμ
2992 5482 3079 5533 ἐπ’
3108 5480 3359 5553 εὐσεϐείᾳ
3401 5480 3496 5535 καὶ
3539 5479 3629 5533 δι-

2048 5569 2309 5644 καιοσύνῃ
2338 5574 2864 5646 μεμαρτυρημένων,
2897 5573 2993 5625 ἕνα
3019 5573 3112 5627 καὶ
3147 5573 3240 5627 τὸν
3265 5572 3428 5627 αὐτὸν
3458 5570 3626 5644 εὑρη-

2050 5677 2182 5725 σεις.
2220 5662 2452 5716 Ἐκεῖνοί
2486 5680 2543 5718 τε
2566 5666 2695 5737 γὰρ,
2729 5666 2830 5737 τῆς
2866 5664 3130 5719 πολυθέου
3163 5664 3369 5736 πλάνης
3398 5665 3624 5734 ἀποχωσι

2050 5759 2333 5830 ρήσαντες,
2357 5758 2450 5814 καὶ
2480 5760 2577 5833 τὴν
2609 5760 2736 5833 περὶ
2773 5761 2839 5817 τὰ
2879 5760 3167 5833 ἀγάλματα
3205 5754 3627 5829 δεισιδαιμονίαν

444 5880 490 5915 δ’
528 5880 552 5937 l
590 5879 732 5936 'i‘im.
777 5897 815 5944 ι,
858 5882 913 5937 9.
993 5880 1039 5915 "
1077 5877 1179 5935 lsa.
1224 5893 1282 5947 ιι,
1326 5876 1443 5932 5-4.
1521 5878 1563 5909 ⁸¹
1608 5874 1795 5932 Matth.
1837 5889 1962 5932 nvi

2074 5875 2159 5945 l9,
2200 5877 2291 5935 20.
