3942 6258
287 381 353 438 ιδ
1129 374 1779 435 DEMONSTRATIONIS
1816 373 2271 431 EVANGELICE
2308 374 2438 432 LIB.
2479 372 2525 432 Ι.
3439 365 3512 433 ω

284 492 736 566 ἀποστραφέντες,
768 491 1178 565 ὑπερκύψαντες
1209 494 1265 547 δὲ
1306 494 1401 547 καὶ
1426 494 1524 566 τὴν
1560 493 1844 565 ὁρωμένην

1947 507 2077 548 usos
2110 491 2307 547 divina:
2353 490 2548 545 litterte
2573 487 2891 560 praedicant,
2931 487 3090 545 facile
3138 505 3306 546 unum
3353 498 3515 563 atque

282 587 487 643 ἃπασαν
517 584 717 648 κτίσιν,
755 583 848 637 καὶ
882 582 1008 654 μήθ’
1040 583 1209 653 ἥλιον,
1250 583 1385 652 μήτε
1418 581 1663 652 σελήνην,
1704 581 1840 652 μήτε

281 697 331 733 τι
370 676 473 730 τῶν
519 674 703 747 μερῶν
754 672 846 728 τοῦ
893 674 1093 736 παντὸς
1133 669 1577 743 θεοποιήσαντες,
1617 672 1700 739 ἐφ’
1747 669 1842 723 ἕνα

278 770 363 823 τὸν
385 766 651 821 ἀνωτάτω
664 766 837 832 .Θεὸν,
863 764 1025 819 αὑτὸν
1041 763 1105 836 δὴ
1126 762 1216 816 τὸν
1245 762 1464 832 ὕψιστον
1491 762 1584 816 τοῦ
1614 762 1840 833 οὐρανοῦ

279 862 367 916 καὶ
389 860 492 931 γῆς
530 857 883 931 δημιουργὸν,
908 857 1132 919 ἑαυτοὺς
1179 855 1480 926 ἀνήγαγον·
1512 853 1541 906 6
1581 854 1676 908 καὶ
1721 870 1843 906 συν-

283 954 483 1024 ίστησιν
525 951 687 1014 αὐτὸς
729 952 758 1003 6
795 948 1000 1018 Μωσῆς
1064 948 1124 1001 ἐν
1164 949 1283 1010 ταῖς
1320 947 1418 1017 τῆς
1463 945 1843 1017 ἀρχαιολογίας

280 1042 554 1116 ἱστορίαις,
581 1041 673 1094 τὸν
715 1038 962 1112 Ἀϐραάμ
1000 1039 1331 1111 ἀναγράφων
1357 1037 1647 1107 φάσκοντα·
1678 1055 1697 1087 ι
1731 1037 1844 1090 Ἐκ-

275 1136 407 1191 τενῶ
432 1137 534 1205 τὴν
564 1134 721 1206 χεῖρά
757 1151 856 1205 μου
886 1132 1020 1205 πρὸς
1042 1132 1133 1186 τὸν
1156 1132 1287 1185 Θεὸν
1316 1130 1555 1201 ὑψιστον,
1580 1128 1639 1194 ὃς
1662 1129 1840 1183 ἔκτισε

275 1231 360 1282 τὸν
395 1226 628 1300 οὐρανὸν
670 1227 765 1281 καὶ
800 1225 896 1297 τὴν
926 1225 1061 1295 γῆν
1088 1244 1106 1277 ι
1150 1225 1244 1279 καὶ
1278 1224 1381 1296 πρό
1408 1241 1469 1293 γε
1510 1222 1700 1276 τούτου
1733 1223 1845 1275 είσ-

277 1321 420 1389 άγων
449 1320 544 1373 τὸν
583 1319 930 1388 Μελχισεδὲκ,
964 1318 1023 1370 ὃν
1066 1317 1129 1389 δή
1178 1334 1339 1387 φησιν
1384 1317 1531 1389 ίερέα
1564 1317 1842 1386 γεγονέναι

276 1413 362 1466 τοῦ
394 1412 534 1466 Θεοῦ
559 1412 653 1465 τοῦ
689 1411 912 1480 ὑψίστου
933 1449 948 1474 ,
988 1411 1079 1463 τὸν
1113 1409 1363 1482 ’Δϐραάμ
1406 1403 1508 1463 ὧδέ
1541 1428 1657 1474 πως
1695 1410 1843 1463 εὑλο-

273 1502 468 1573 γοῦντα
487 1520 500 1532 ⁸
533 1522 552 1553 ι
585 1501 960 1572 Εὐλογημένος
994 1500 1242 1572 Ἀϐραάμ
1264 1500 1339 1572 τῷ
1362 1501 1479 1572 Θεῷ
1507 1502 1585 1572 τῷ
1612 1503 1840 1575 ὑψίστῳ,

270 1595 327 1657 6;
360 1594 550 1647 ἔκτισε
581 1591 669 1645 τὸν
698 1593 923 1664 οὐρανὸν
968 1592 1062 1646 καὶ
1105 1594 1204 1664 τὴν
1229 1593 1351 1664 γῆν.
1390 1614 1409 1645 ι
1463 1594 1654 1666 Εῦροις
1690 1595 1735 1647 δ’
1776 1595 1843 1650 ἂν

271 1685 361 1740 καὶ
385 1685 479 1737 τὸν
516 1682 711 1754 Ἑνὼχ,
744 1685 838 1736 καὶ
861 1683 949 1737 τὸν
979 1684 1100 1736 Νῶε
1117 1684 1501 1749 δικαιωθέντας
1532 1687 1624 1739 καὶ
1652 1687 1844 1759 εὐαρε-

274 1779 578 1849 στήσαντας
602 1776 681 1847 τῷ
715 1776 835 1846 Θεῷ
863 1777 1005 1830 κατά
1031 1776 1122 1829 τὸν
1150 1778 1310 1830 αὑτὸν
1339 1776 1419 1848 τῷ
1456 1778 1702 1850 Ἀϐραάμ
1722 1779 1845 1851 τρό-

1940 581 2084 637 idem
2131 594 2421 651 agnosces.
2453 579 2736 650 Siquidem
2782 581 2922 636 illia
2952 581 3247 637 multorum
3287 580 3516 640 deorum

1941 674 2112 737 cultu,
2143 680 2305 744 atque
2335 687 2522 729 errore
2550 671 2882 739 recedentes,
2905 681 2959 729 et
2991 673 3062 729 ab
3083 689 3168 739 ea,
3199 690 3320 745 quae
3346 675 3517 731 simu-s

1941 766 2106 821 lacris
2150 763 2366 820 addicta
2404 773 2541 826 erat,
2590 765 2980 835 superstitione
3025 773 3332 822 avertentes
3373 766 3518 837 seipa

1943 872 2035 913 sos
2068 855 2167 929 (2),
2204 857 2404 912 mentis
2458 857 2648 914 oculos
2683 872 2848 927 supra
2882 872 3099 913 omnem
3127 897 3142 922 ,
3180 870 3518 929 quaecunque

1941 949 2117 1004 oculis
2162 948 2313 1005 cerni
2367 948 2562 1019 possit,
2613 956 2862 1003 naturam
2912 945 3255 1004 sustulerunt
3292 968 3306 1004 ε
3339 962 3517 1020 neque

1940 1055 2072 1097 vero
2104 1041 2181 1096 illi
2211 1049 2305 1095 aut
2332 1042 2524 1108 solem,
2548 1048 2642 1095 aut
2662 1041 2868 1104 lunam,
2897 1049 2990 1095 aut
3013 1041 3173 1096 aliam
3202 1042 3516 1113 quampiam

1943 1130 2182 1187 universi
2228 1141 2437 1202 partem
2468 1148 2567 1204 pro
2601 1131 2715 1217 Deq
2755 1147 2994 1203 unquam
3026 1132 3281 1189 coluere:
3321 1133 3416 1189 sed
3445 1134 3516 1189 ad

1944 1240 2111 1279 unum
2139 1241 2474 1295 supremum.
2508 1226 2686 1296 ipsum
2721 1225 2912 1296 utique
2957 1226 3283 1281 altissimum
3313 1226 3439 1281 cceli
3461 1236 3517 1282 et

1942 1324 2102 1373 terrze
2124 1319 2395 1389 opiﬁcem,
2429 1319 2533 1389 ιο
2555 1319 2766 1388 seipsos
2784 1318 3029 1374 attollere
3049 1332 3159 1375 non
3176 1319 3515 1378 dubitarunt.

1943 1411 2118 1476 Quam
2143 1426 2275 1466 sane
2297 1427 2410 1467 rem
2439 1413 2555 1483 ipse
2577 1418 2739 1468 etiam
2756 1411 2932 1468 Moses
2960 1412 3013 1466 in
3038 1412 3156 1467 suis
3174 1413 3518 1482 antiquitatis

1944 1500 2187 1558 historiis
2214 1505 2578 1563 commendat.
2614 1504 2742 1558 dum
2775 1506 2950 1573 ipsum
2991 1504 3262 1558 Abraham
3306 1507 3386 1561 sic
3433 1507 3521 1562 ine

1943 1590 2096 1647 ducit
2117 1593 2385 1650 dicentem
2409 1613 2421 1650 :
2448 1614 2465 1647 ι
2491 1594 2788 1652 Extendam
2819 1610 3039 1650 manum
3061 1610 3236 1651 meam
3257 1597 3324 1651 ad
3348 1597 3519 1655 Deum

1944 1684 2287 1750 altissimum,
2307 1687 2398 1756 qui
2421 1687 2663 1742 condidit
2683 1688 2884 1743 caelum
2898 1702 2962 1742 ac
2983 1696 3184 1743 terram
3204 1688 3251 1720 ⁸⁸
3278 1708 3297 1742 ι
3320 1706 3332 1741 :
3354 1690 3520 1745 dum-

1946 1788 2052 1843 que
2080 1783 2206 1829 ante
2239 1775 2406 1836 hunc.
2447 1774 2832 1840 Melchisedec,
2865 1790 3026 1848 quem
3067 1776 3144 1831 ait
3179 1780 3518 1836 sacerdotem

273 1887 385 1925 πον.
429 1869 590 1923 Ἀλλά
620 1870 713 1924 καὶ
745 1871 774 1922 6
810 1868 948 1936 Ἰὼϐ,
982 1870 1262 1942 ἄνθρωπος
1281 1870 1513 1935 δίκαιος,
1558 1872 1841 1944 ἀληθινὸς,

1946 1864 2040 1920 Dei
2080 1866 2330 1923 altissimi
2369 1867 2561 1931 fuisse,
2590 1867 2695 1938 ipsi
2731 1867 2967 1924 Abrahae
3008 1868 3093 1925 bis
3127 1868 3301 1926 ferme
3336 1870 3520 1925 verbis

270 1960 577 2031 ἄμεμπτος,
602 1959 880 2031 θεοσεϐὴς,
898 1960 1231 2032 ἀπεχόμενος
1253 1958 1361 2014 ἀπὸ
1385 1963 1585 2026 παντὸς
1607 1962 1843 2035 πονηροῦ

271 2053 618 2125 πράγματος,
667 2051 773 2124 πρὸ
792 2052 900 2108 τῶν
914 2053 1156 2119 Μωσέως
1175 2055 1379 2127 χρόνων
1404 2073 1468 2127 με
1476 2056 1652 2127 μαρτὺ
1660 2074 1841 2129 ρηταιο

266 2145 320 2208 ὸς
351 2145 420 2216 δὴ
474 2145 568 2198 καὶ
596 2148 788 2218 πεῖραν
803 2145 901 2216 τῆς
928 2146 1005 2210 εἰς
1022 2144 1112 2198 τὸν
1132 2145 1237 2199 τῶν
1264 2146 1539 2202 ὄλωνΘεὸν
1567 2148 1845 2214 εὐσεϐείας

268 2238 328 2289 δι’
358 2236 571 2309 ἀθρόας
606 2237 703 2308 τῆς
740 2236 848 2291 τῶν
893 2234 1243 2308 ὑπαρχόντων
1272 2238 1539 2311 ἀποϐολῆς
1574 2240 1843 2311 ὑποσχὼν,

269 2326 819 2400 μέγιστον-εὐσεϐοῦς
863 2327 1161 2398 ὑπόδειγμα
1207 2328 1406 2401 τρόπου
1444 2331 1536 2384 καὶ
1581 2333 1692 2396 τοῖς
1729 2334 1844 2402 μετ’

268 2418 427 2472 αὑτὸν
452 2416 802 2480 ἀπολέλοιπε,
826 2415 916 2470 τὸν
940 2417 1226 2486 φιλόσοφον
1259 2419 1466 2472 ἐκεῖνον
1498 2421 1846 2492 ἐπιφωνήσας

268 2510 420 2578 λόγον
446 2527 460 2539 ·
494 2528 513 2562 ι
551 2506 764 2581 Γυμνὸς
812 2508 1029 2580 ἐξῆλθον
1086 2510 1151 2563 ἐκ
1207 2509 1413 2574 κοιλίας
1457 2513 1659 2583 μητρός
1707 2530 1844 2584 μου,

266 2602 473 2673 γυμνὸς
496 2603 593 2655 καὶ
619 2600 1009 2672 ἀπελεύσομαι.
1046 2600 1102 2654 ’0
1124 2600 1329 2674 Κύριος
1354 2601 1571 2667 ἔδωκεν,
1595 2604 1623 2656 6
1644 2604 1846 2676 Κύριος

266 2695 522 2764 ἀφείλετο
542 2710 557 2724 ο
588 2694 662 2759 ὡς
699 2693 778 2764 τῷ
810 2694 999 2766 Κυρίῳ
1044 2692 1218 2760 ἔδοξεν
1240 2734 1255 2760 ,
1289 2691 1431 2748 οὕτω
1466 2695 1559 2748 καὶ
1602 2695 1840 2764 ἐγένετο·

266 2790 346 2861 εἴη
368 2790 434 2843 τὸ
468 2788 643 2859 ὸνομα
671 2788 877 2860 Κυρίου
902 2789 1095 2861 εὐλογη
1105 2790 1284 2861 μένον.
1306 2809 1325 2841 ι
1347 2790 1458 2843 Καὶ
1477 2790 1567 2842 τὸν
1592 2790 1846 2844 ἁπάντων

265 2881 476 2956 Κύριον
512 2880 709 2946 σέϐων,
746 2880 945 2945 ταύτας
991 2881 1139 2952 ἠφίει
1164 2880 1262 2943 τὰς
1292 2880 1476 2949 φωνὰς
1496 2920 1511 2943 ,
1546 2879 1612 2943 ἃς
1642 2879 1845 2953 προῖὼν

266 2972 480 3038 ὁαὺτὸς
505 2974 777 3044 διασαφεῖ,
810 2973 877 3027 δι’
904 2966 978 3028 ὧν
1010 2990 1142 3045 φησι
1164 2990 1178 3003 ’
1208 2992 1227 3025 ‹
1260 2972 1420 3041 σοφὸς
1450 2973 1558 3044 γάρ
1591 2976 1705 3027 ἐστι
1728 2975 1845 3028 δια-

266 3066 399 3138 νοίᾳ,
426 3066 688 3138 κραταιός
708 3083 769 3121 τε
800 3064 894 3120 καὶ
926 3066 1118 3137 μέγας,
1140 3066 1169 3118 6
1202 3064 1358 3118 σείων
1383 3065 1480 3135 τὴν
1512 3065 1603 3118 ὑπ’
1621 3048 1845 3138 οὐρανὸν

1945 1957 2384 2015 benmiicentem:
2412 1979 2430 2011 ι
2456 1959 2782 2016 Benedictus
2796 1960 3072 2016 Abraham
3093 1962 3202 2018 Deo
3225 1962 3516 2028 altissimo,

1945 2050 2037 2117 qui
2067 2048 2311 2105 condidit
2331 2052 2528 2106 ccelum
2545 2058 2599 2106 et
2629 2059 2829 2107 terram
2865 2052 2933 2107 ³³.
2985 2072 3003 2105 ι
3042 2051 3290 2109 invenies
3335 2062 3518 2109 autem

1945 2150 1999 2197 et
2030 2139 2217 2198 Enoch
2269 2150 2324 2199 et
2362 2142 2475 2200 Noe
2514 2145 2704 2201 eadem
2738 2144 2950 2201 ratione
2992 2161 3099 2216 qua
3143 2145 3438 2211 Abraham,
3465 2150 3523 2203 et

1946 2234 2188 2292 evasisse
2223 2233 2425 2306 iustos,
2462 2243 2516 2292 et
2552 2236 2661 2293 Deo
2696 2238 2989 2308 placuisse.
3022 2238 3166 2306 Quin
3195 2240 3360 2295 etiam
3390 2237 3518 2305 Job.

1950 2322 2032 2378 vir
2062 2334 2116 2379 et
2158 2325 2363 2395 justus,
2398 2337 2451 2382 et
2480 2343 2663 2393 verus,
2693 2336 2749 2384 et
2793 2329 3161 2399 inculpabilis,
3192 2338 3248 2387 et
3272 2331 3343 2386 ab
3369 2329 3522 2386 omni

1945 2414 2089 2467 mala
2120 2429 2179 2470 re
2208 2415 2513 2480 abstinens,
2558 2425 2683 2473 ante
2716 2417 2882 2475 MOsis
2925 2426 3141 2476 aetatem
3187 2421 3519 2486 celebratur,

1947 2510 2039 2578 qui
2069 2526 2194 2565 cum
2233 2510 2453 2581 pietatis
2499 2527 2628 2581 erga
2687 2510 2858 2569 Deum
2905 2513 3144 2569 universi
3181 2514 3377 2583 gratia,
3423 2524 3522 2584 per

1946 2602 2188 2657 omnium
2236 2602 2506 2658 bonorum
2545 2603 2780 2658 subitam
2821 2603 3222 2673 ademptionem
3268 2613 3524 2669 vexatus,

1947 2692 2265 2746 constanter
2286 2693 2469 2745 omnia
2498 2690 2843 2755 sustinuerit,
2879 2692 3177 2746 maximum
3227 2706 3367 2748 vera:
3396 2693 3524 2748 relia

1946 2783 2125 2854 gionis
2172 2783 2482 2853 exemplum
2539 2784 2687 2838 omni
2737 2797 2851 2839 suae
2907 2784 3215 2853 posteritati
3259 2786 3521 2856 reliquit,

1946 2876 2146 2946 quippe
2189 2874 2283 2946 qui
2319 2890 2444 2930 vere
2483 2874 2920 2945 philosophicum
2957 2875 3091 2930 illud
3135 2876 3358 2930 verbum
3390 2878 3522 2933 olim

1947 2967 2360 3024 acclamaverit:
2393 2987 2411 3019 ι
2449 2966 2639 3023 Nudus
2666 2982 2923 3038 egressus
2946 2982 3067 3023 sum
3102 2967 3169 3024 de
3190 2976 3379 3025 ventre
3400 2984 3522 3024 maa

1948 3060 2047 3114 tris
2072 3075 2224 3126 meae,
2257 3068 2310 3116 ct
2341 3059 2523 3115 nudus
2547 3060 2729 3116 abibo.
2764 3058 3029 3118 Dominus
3056 3061 3227 3126 dedit,
3260 3059 3522 3119 Dominus

266 3160 328 3214 ἐκ
354 3159 630 3231 θεμελίων
646 3199 662 3225 ,
689 3161 739 3212 oi
763 3158 820 3212 δὲ
846 3157 1024 3212 στῦλοι
1047 3158 1217 3228 αὑτῆς
1242 3156 1552 3211 σαλεύονται
1568 3174 1581 3187 ·
1624 3160 1651 3211 6
1673 3158 1844 3227 λέγων

1950 3151 2208 3206 abstulit:
2235 3152 2378 3208 sicut
2420 3153 2650 3208 Domino
2683 3155 2908 3225 placuit,
2942 3153 3016 3208 ita
3056 3152 3259 3209 factum
3290 3162 3376 3211 est
3411 3158 3523 3210 :sit

267 3246 339 3320 τῷ
375 3249 540 3321 ἡλίῳ,
576 3250 671 3303 καὶ
695 3249 794 3302 οὑκ
819 3247 1119 3310 ἀνατέλλει,
1165 3247 1306 3302 κατά
1330 3247 1385 3300 δὲ
1421 3247 1635 3318 ἄστρων
1673 3266 1841 3303 κατα-

269 3341 586 3413 σφραγίζει·
622 3343 652 3395 6
684 3338 920 3404 τανύσας
945 3340 1035 3393 τὸν
1055 3339 1280 3410 οὐρανὸν
1310 3339 1487 3410 μόνος.
1519 3359 1537 3391 ι
1580 3341 1641 3392 Εἰ
1664 3339 1726 3411 δὴ
1754 3337 1845 3395 οὖν

266 3433 456 3486 τοῦτον
492 3432 658 3485 αὑτὸν
721 3433 927 3484 ἐκεῖνον
961 3430 1052 3484 τὸν
1095 3430 1295 3494 πάλαι,
1327 3432 1422 3485 καὶ
1462 3431 1567 3503 πρὸ
1607 3432 1845 3497 Μωσέως

269 3523 532 3594 θεοφιλῶν
566 3521 719 3589 Θεὸν,
754 3522 978 3593 ἔναγχος
1015 3523 1147 3575 πᾶσι
1184 3524 1297 3586 τοῖς
1322 3521 1529 3575 ἔθνεσιν
1553 3524 1581 3576 6
1609 3523 1842 3595 Χριστοῦ

267 3613 418 3685 λόγος
470 3614 677 3686 ὁμοίως
729 3614 956 3678 ἐκείνοις
1016 3613 1174 3683 μόνον
1236 3613 1479 3667 εὐσεϐεῖν
1532 3614 1842 3679 διετάξατο,

269 3708 511 3780 πέφηνεν
543 3707 693 3770 ὅπως
732 3706 977 3759 κοινωνοὶ
1004 3703 1349 3777 γεγενήμεθα
1379 3704 1477 3775 τῆς
1512 3705 1633 3775 ἴσης
1669 3704 1846 3759 αὐτῶν

271 3801 495 3854 ἐκείνων
527 3798 839 3862 εὐσεϐείαςο
890 3798 987 3869 τῆς
1019 3798 1076 3851 δὲ
1121 3796 1404 3861 εὐσεϐείας
1459 3797 1843 3869 μετασχόντες,

267 3890 421 3964 δῆλον
446 3935 465 3958 ,
503 3893 579 3956 ὡς
613 3892 707 3945 καὶ
752 3891 850 3963 τῆς
892 3891 1141 3959 εὐλογίας
1196 3890 1633 3964 μεταληψόμεθα.
1690 3891 1848 3947 Ἀλλά

270 3987 360 4039 καὶ
387 3986 488 4040 τὸν
524 3983 619 4038 τοῦ
653 3982 788 4037 Θεοῦ
834 3983 1027 4052 Λόγον,
1056 3983 1114 4037 ὃν
1144 3984 1208 4056 δὴ
1237 3984 1471 4057 Χριστὸν
1512 3988 1643 4057 ἡμῖν
1681 4002 1846 4058 προσ-

270 4076 557 4152 αγορεύειν
581 4075 753 4146 φίλον,
782 4070 981 4145 ὁμοίως
1011 4076 1143 4146 ἡμῖν
1162 4075 1403 4129 κάκεῖνοι
1431 4075 1651 4144 γνόντες
1678 4078 1849 4148 ἐμαρ-

270 4169 615 4241 τυρήθησαν⁴
641 4166 755 4236 οἵγε
785 4168 875 4222 καὶ
909 4165 1041 4220 πολὺ
1066 4166 1429 4239 διαφερόντως
1456 4169 1554 4240 τῆς
1573 4170 1848 4241 ἐμφανοῦς

274 4260 437 4315 αὑτοῦ
468 4260 772 4333 παρουσίας
812 4278 869 4315 τε
893 4261 987 4315 καὶ
1013 4259 1326 4330 θεοφανείας
1360 4259 1688 4335 ἠξιώθησαν.
1718 4266 1847 4318 Ἐπ’

278 4352 508 4406 ἀκουσον
566 4351 718 4421 γοῦν,
752 4353 827 4417 ὡς
858 4346 1019 4408 πάλιν
1053 4353 1215 4417 αὑτὸς
1251 4355 1280 4408 6
1310 4354 1513 4426 Μωσῆς
1540 4355 1631 4409 τὸν
1650 4358 1849 4428 ἐπιφα-

278 4443 430 4498 νέντα
468 4446 583 4508 τοῖς
641 4442 907 4515 θεοφιλέσι
927 4480 943 4510 ,
990 4444 1083 4499 καὶ
1130 4438 1386 4508 πολλάκις
1436 4448 1850 4517 χρηματίσαντα

1947 3262 2147 3303 nomen
2184 3245 2395 3301 Domini
2426 3247 2773 3303 benedictum
2795 3248 2863 3302 δι.
2894 3267 2913 3300 ι
2948 3247 3091 3304 idem
3121 3263 3250 3302 vero
3274 3261 3524 3303 commu-

1946 3353 2068 3393 nem
2099 3338 2343 3393 omnium
2372 3336 2537 3393 Deum
2566 3340 2775 3407 colens,
2799 3354 2961 3395 voces
2991 3340 3154 3394 etiam
3195 3339 3317 3393 illas
3346 3339 3520 3409 pieta‘

1949 3430 2021 3483 tis
2068 3429 2273 3495 emisit,
2309 3445 2445 3500 quas
2496 3431 2613 3501 ipse
2640 3432 2856 3503 longius
2893 3447 3217 3504 progressus
3243 3434 3516 3503 explanat.

1948 3521 2076 3576 dum
2109 3523 2225 3577 ait:
2268 3541 2287 3576 ι
2331 3521 2560 3593 Sapiens
2599 3524 2745 3579 enim
2798 3533 2884 3581 est
2919 3533 3118 3589 mente,
3163 3525 3433 3598 fortisque
3464 3526 3521 3584 et

1947 3628 2197 3684 magnus,
2228 3615 2322 3685 qui
2357 3615 2600 3671 concutit
2632 3625 2832 3671 terram
2863 3631 2895 3671 ιι
2925 3618 3312 3684 fundamentis,
3344 3630 3401 3678 et
3425 3638 3523 3678 cod

1948 3700 2152 3756 lumnae
2184 3701 2307 3772 ejus
2352 3704 2783 3758 contremiscunt
2813 3719 2827 3756 :
2855 3706 2950 3776 qui
2983 3706 3114 3762 dicit
3149 3710 3271 3774 soli,
3302 3719 3358 3766 et
3402 3728 3517 3770 nou

1948 3791 2145 3857 oritur,
2176 3798 2231 3847 et
2257 3792 2442 3847 stellas
2472 3793 2623 3863 quasi
2659 3797 2818 3866 signo
2849 3796 3115 3867 impresso
3148 3800 3351 3855 claudit
3378 3822 3393 3858 :
3426 3804 3521 3873 qui

1949 3885 2146 3939 cmlum
2181 3885 2422 3942 extendit
2453 3886 2604 3942 solus
2635 3887 2702 3939 ⁵³.
2743 3906 2763 3939 ›
2796 3887 2856 3942 Si
2890 3888 3054 3959 igitur
3074 3891 3323 3947 eumdem
3364 3894 3519 3950 illum

1949 3992 2109 4048 quem
2140 3978 2329 4049 prisci,
2373 3993 2438 4033 ac
2479 3980 2601 4050 ipso
2635 3979 2784 4037 Mose
2832 3982 3195 4053 antiquiores,
3231 3983 3325 4040 Dei
3356 3987 3524 4041 amici

1947 4072 2053 4125 viri
2086 4072 2375 4127 coluerunt
2404 4072 2597 4140 Deum,
2637 4090 2814 4145 nuper
2852 4074 3041 4131 itidem
3072 4084 3133 4131 ut
3181 4077 3290 4134 illis
3337 4079 3521 4135 solum

1949 4162 2038 4232 pie
2067 4162 2361 4218 colendum
2389 4179 2534 4228 esse,
2577 4163 2784 4221 Christi
2820 4163 3073 4220 doctrina
3107 4167 3363 4238 gentibus
3397 4169 3524 4223 unia

1949 4255 2125 4311 versis
2153 4256 2569 4322 demonstravit,
2610 4257 2757 4313 haud
2792 4257 3017 4315 dubium
3052 4269 3158 4325 est,
3192 4260 3327 4331 quin
3373 4260 3524 4331 ejus-

1951 4345 2075 4401 dem
2106 4362 2230 4402 cum
2260 4348 2369 4405 illis
2408 4348 2582 4404 divini
2608 4350 2791 4408 cultus
2812 4348 2942 4405 facti
2973 4352 3146 4410 simus
3177 4352 3474 4425 participes
3503 4366 3521 4410 :

1952 4452 2296 4494 communem
2319 4454 2485 4510 porro
2514 4440 2777 4497 habentes
2810 4442 3148 4515 religionem,
3176 4456 3522 4501 communem

280 4534 458 4601 αὐτοῖς
498 4534 567 4589 τά
605 4533 1070 4607 ἀναγεγραμμένα
1106 4534 1257 4604 ποτὲ,
1305 4534 1403 4607 μὲν
1442 4535 1572 4590 Θεὸν
1615 4537 1709 4591 καὶ
1733 4538 1844 4592 Κύ-

1954 4544 2171 4600 quoque
2209 4530 2647 4587 benedictionem
2699 4534 2994 4590 sortituros
3033 4549 3179 4600 esse,
3213 4534 3394 4605 palam
3415 4544 3523 4591 est.

286 4644 413 4699 ριον,
444 4626 579 4681 ποτὲ
623 4626 681 4681 δὲ
725 4629 819 4681 καὶ
860 4627 1088 4698 ἄγγελον
1134 4626 1270 4681 Θεοῦ
1313 4629 1708 4702 προσαγορεύει
1733 4631 1809 4703 (5)
1829 4646 1843 4662 ⁶

282 4716 409 4783 Θεὸς
451 4717 553 4790 μὲν
596 4717 689 4771 καὶ
722 4717 926 4789 Κύριος
953 4717 1061 4770 τῶν
1090 4716 1351 4785 θεοφιλῶν
1396 4718 1605 4790 ἀνδρῶν
1647 4721 1846 4791 ἀνηγο-

284 4810 543 4881 ρευμένος
561 4850 576 4875 ,
647 4808 907 4879 Ἀγγελος
974 4808 1032 4864 δὲ
1097 4807 1191 4861 τοῦ
1277 4809 1550 4863 ἀνωτάτοὺ
1607 4810 1839 4887 Πατρός.

281 4904 436 4972 Λέγει
469 4905 512 4959 δ’
551 4898 644 4958 οῦν
677 4904 858 4968 αὐτοῖς
906 4902 1150 4975 ῥήμασι·
1208 4920 1227 4953 ι
1279 4902 1391 4956 Καὶ
1430 4902 1699 4977 ἐπορεύθη
1742 4906 1847 4960 Ἰα-

281 4992 391 5047 κὼϐ
420 4998 501 5059 εἰς
532 4989 742 5067 Χαράν,
792 4993 883 5049 καὶ
921 4993 1202 5065 ἀπήντησε
1242 4991 1411 5063 τόπῳ,
1451 4992 1546 5047 καὶ
1576 4993 1843 5065 ἐκοιμήθη

280 5083 393 5137 ἐκεῖ
409 5102 423 5116 ·
454 5085 544 5138 ἔδυ
570 5083 679 5157 γάρ
704 5084 733 5138 6
759 5082 907 5154 ἥλιος
924 5099 938 5112 ’
970 5081 1064 5135 καὶ
1090 5080 1280 5137 ἔλαϐεν
1308 5081 1416 5135 ἀπὸ
1438 5082 1545 5136 τῶν
1569 5080 1730 5137 λίθων
1753 5081 1847 5135 τοῦ

282 5176 465 5243 τόπου,
493 5178 588 5231 καὶ
616 5178 806 5248 ἔθηκεν
826 5173 963 5247 πρὸς
989 5172 1229 5244 κεφαλῆς
1255 5166 1442 5238 αὑτοῦ,
1465 5176 1559 5229 καὶ
1584 5174 1849 5247 ἐκοιμήθη

285 5267 339 5321 ἐν
368 5267 447 5338 τῷ
473 5266 624 5340 τόπῳ
652 5267 865 5340 ἐκείνῳ,
896 5268 992 5322 καὶ
1036 5260 1365 5339 ἐνυπνιάσθη
1386 5285 1399 5297 ’
1442 5268 1535 5320 καὶ
1584 5266 1691 5320 ίδοὺ
1738 5265 1853 5321 κλί-

1951 4620 2057 4676 Sed
2086 4638 2186 4678 nec
2208 4622 2391 4679 minus
2422 4622 2518 4679 Dei
2544 4621 2806 4689 Verbum,
2832 4640 2992 4695 quem
3021 4624 3300 4680 Christum
3332 4625 3522 4695 appel-a

1947 4711 2061 4767 lare
2099 4728 2200 4769 nos
2231 4714 2640 4781 consuevimus,
2682 4717 2791 4773 illis
2812 4717 3090 4789 cognitum
3136 4715 3308 4772 fuisse
3356 4730 3525 4786 quam

1946 4805 2129 4872 nobis,
2148 4821 2428 4862 sacrarum
2445 4807 2749 4864 litterarum
2776 4809 3086 4865 testimonio
3101 4818 3383 4864 ostensum
3399 4816 3483 4862 est
3503 4818 3516 4858 ι

1947 4896 2148 4967 quippe
2177 4895 2270 4968 qui
2309 4896 2469 4968 longe
2508 4898 2866 4954 excellentius
2898 4898 2965 4952 ad
3002 4898 3152 4953 illius
3184 4906 3237 4952 et
3282 4893 3521 4950 manife-

1950 4995 2094 5044 stum
2122 4987 2435 5053 adventum,
2464 4995 2519 5045 et
2538 4988 2780 5045 divinam
2795 4988 3140 5060 praesentiam
3164 4986 3523 5051 cernendam,

1952 5080 2135 5135 idonei
2168 5081 2338 5136 habiti
2369 5086 2519 5138 sunt.
2548 5070 2689 5135 Aud'i
2729 5080 2913 5152 igitur,
2944 5087 3003 5135 ut
3034 5094 3229 5136 rursus
3258 5079 3376 5152 ipse
3407 5075 3526 5134 Hoc

1954 5188 2063 5239 ses,
2086 5188 2210 5230 eum
2241 5174 2335 5245 qui
2366 5173 2558 5230 amicis
2584 5172 2680 5229 Dei
2710 5175 2950 5244 seipsum
2974 5172 3297 5241 ostenderit,
3320 5173 3526 5244 quique

1954 5265 2150 5323 iisdem
2194 5266 2417 5322 oracula
2454 5267 2690 5337 publicis
2733 5265 3102 5324 monumentis
3144 5265 3523 5323 commendata

355 5425 402 5456 ⁸¹
440 5424 572 5481 Gen.
610 5435 721 5491 xw,
759 5425 851 5481 ‘29.
926 5423 973 5457 ³³
1010 5421 1147 5480 Ibid.
1208 5423 1295 5478 l9.
1374 5422 1420 5456 “
1445 5418 1550 5480 Job
1588 5440 1627 5491 ι,
1668 5416 1759 5477 21.
1838 5424 1883 5457 ⁸⁸
1921 5418 2023 5482 Job
2064 5442 2142 5495 lx,
2179 5426 2297 5483 3-8.

355 5578 435 5651 (Ξ)
460 5581 668 5640 Forsan
703 5582 759 5638 in
795 5583 1039 5639 eamdem
1088 5590 1212 5636 cum
1243 5582 1537 5643 Clemente,
1586 5578 1841 5646 Iustino,

288 5646 692 5722 C‘brvsostomo,
734 5654 1056 5708 sententiam
1097 5652 1348 5708 concedit
1379 5659 1589 5722 auctor,
1621 5652 1715 5722 qui
1741 5652 1845 5706 ista

290 5719 418 5773 oliui
451 5724 726 5780 subiecisse
762 5723 1054 5778 credebant
1081 5723 1148 5777 ad
1194 5722 1444 5786 salutem,
1496 5719 1703 5777 Chriéti
1754 5732 1843 5775 co-

294 5792 545 5865 gnitione,
568 5795 661 5865 qui
686 5793 925 5850 nondum
942 5864 948 5865 ί
965 5793 1273 5865 advenerat,
1297 5792 1522 5865 minime
1559 5791 1846 5865 requisita.

366 5862 443 5932 (ὅ)
466 5862 603 5921 Post
620 5864 1008 5936 προσαγορεύει
1050 5862 1166 5918 haec
1207 5877 1309 5919 ms.
1352 5862 1504 5918 addit
1540 5881 1555 5918 :
1597 5862 1850 5927 ἄντικρυς

1948 5583 2212 5670 ιτεριστδις
2249 5585 2339 5670 ἑτι
2361 5586 2492 5670 vi?
2534 5585 2628 5638 ἐπὶ
2648 5584 2888 5670 ,πεενῖων
2908 5582 3040 5648 θεὸς
3070 5573 3243 5670 ρῖιτρς,
3264 5576 3521 5670 iﬁlli

1950 5649 2215 5739 δεύτερος.
2250 5649 2381 5737 βεδέ
2413 5649 2513 5738 μὲν
2567 5655 2680 5739 aut:
2730 5656 3004 5739 ιιιιθτρτεε
3035 5649 3518 5739 νίάειιμῑζεέἱίιξιέίξ

1953 5722 2217 5793 ejusmodi
2259 5726 2315 5779 in
2343 5722 2457 5784 suis
2487 5727 2769 5784 codicibus
2796 5722 3093 5781 invenisse.
3116 5722 3395 5778 Arianizat
3419 5724 3520 5773 ad!

1954 5803 2062 5850 tem
2095 5790 2379 5852 Eusebius.
