3942 6258
396 356 468 412 47
984 315 995 333 ἢ
1032 355 1299 413 EUSEBII
1334 356 1820 413 CESARIENSIS
1871 355 2020 413 OPP.
2062 356 2244 414 PARS
2281 357 2343 415 11.
2385 390 2455 402 —
2492 358 2993 419 APOLOGETICA.
3559 365 3632 421 48

396 475 719 542 reddiderit,
763 477 928 532 modo
976 477 1167 541 Deum,
1219 494 1282 532 ac
1320 479 1630 546 Dominum,
1675 481 1838 534 modo
1868 479 1960 534 Dei

2072 480 2178 550 μαξ
2215 480 2579 552 ὲστηριγμένη
2612 483 2669 534 ἐν
2695 485 2759 553 τῇ
2807 485 2901 553 γῇ,
2932 478 3001 554 ἧς
3032 482 3065 552 ἡ
3112 479 3319 553 κεφαλὴ
3366 486 3641 550 ἀφικνεῖτο

397 571 651 640 angelum
697 571 928 641 appellet
966 589 980 624 ε
1025 572 1105 625 sic
1140 571 1375 641 ~quidem
1427 573 1588 642 plane
1642 572 1962 635 declarans,

399 677 508 716 non
550 663 695 717 hunc
724 662 894 720 fuisse
943 663 1120 733 ipsum
1160 663 1399 729 Patrem,
1442 665 1538 720 sed
1583 665 1704 735 ejus
1747 664 1963 730 Filium,

398 755 492 826 qui
545 755 686 810 idem
743 764 797 810 et
841 755 984 811 Deus
1044 771 1109 812 ac
1164 756 1427 813 Dominus
1481 758 1780 813 amicorum
1837 756 1961 823 Dei,

397 854 452 899 et
522 846 763 916 supremi
842 844 1020 903 Patris
1089 848 1330 919 Angelus
1406 849 1512 903 dici
1584 848 1962 905 consueverit.

402 939 500 1008 ιι
534 939 674 994 Dicit
696 939 863 1010 igitur
896 941 982 997 his
1006 940 1119 996 fere
1150 942 1331 997 verbis
1361 961 1374 997 :
1412 961 1431 994 ι
1472 942 1535 997 Ει
1561 942 1838 1013 prolectus
1871 949 1966 999 est

393 1028 564 1085 Jacob
589 1030 643 1083 in
668 1029 909 1097 Charau,
933 1033 1191 1103 venitque
1217 1034 1269 1087 in
1306 1034 1505 1098 locum,
1536 1044 1592 1089 et
1630 1035 1886 1090 dormivit
1910 1037 1964 1091 in

394 1133 461 1174 eo
490 1138 505 1174 :
535 1121 812 1176 occiderat
840 1123 984 1177 enim
1018 1126 1132 1188 sol,
1165 1132 1220 1205 et
1249 1127 1458 1196 accepit
1493 1126 1700 1197 lapides
1730 1128 1798 1181 de
1821 1128 1961 1191 loco,

393 1221 448 1264 et
479 1213 766 1281 supposuit
788 1214 955 1284 capiti
989 1229 1121 1280 suo,
1165 1224 1220 1269 et
1256 1214 1508 1270 dormivit
1537 1218 1591 1270 iu
1624 1217 1743 1271 loco
1775 1217 1886 1282 illo,
1911 1225 1966 1274 et

394 1305 686 1358 somniavit
712 1325 725 1360 :
757 1315 811 1361 et
839 1322 968 1363 ecce
998 1309 1143 1364 scala
1180 1309 1281 1362 ﬁxa
1306 1309 1477 1373 humi,
1511 1308 1668 1379 cujus
1695 1320 1859 1381 caput
1883 1319 1966 1364 at-

393 1395 635 1465 tingebat
677 1397 897 1463 cmlum,
925 1408 979 1454 et
1024 1401 1197 1471 angeli
1231 1400 1325 1455 Dei
1360 1401 1726 1457 ascendebant
1771 1417 1834 1456 ac
1872 1403 1966 1459 de-

391 1489 726 1546 scendebant
763 1506 860 1561 per
903 1493 1073 1559 illam,
1101 1502 1157 1549 et
1190 1495 1452 1551 Dominus
1483 1497 1703 1552 innixus
1729 1503 1844 1551 erat
1872 1497 1961 1562 ei,

389 1589 446 1639 et
472 1582 611 1638 dixit
640 1604 653 1638 :
686 1583 799 1656 Ego
821 1586 1081 1644 Dominus
1113 1587 1253 1644 Deus
1281 1590 1553 1645 Abraham
1584 1591 1752 1661 patris
1779 1590 1880 1653 tui,
1909 1596 1964 1645 et

391 1674 535 1733 Deus
566 1677 734 1743 Isaac,
780 1681 891 1736 noli
928 1682 1159 1748 timere,
1209 1692 1415 1739 terram
1470 1684 1611 1740 hanc
1666 1684 1721 1738 in
1765 1698 1872 1755 qua
1903 1693 1961 1738 tu

2070 576 2149 637 εἰς
2180 574 2271 627 τὸν
2299 575 2545 645 οὐρανὸν,
2581 576 2675 627 καὶ
2705 576 2753 627 οἱ
2783 575 3000 646 ἄγγελοι
3044 575 3139 628 τοῦ
3171 574 3306 628 Θεοῦ
3358 576 3640 630 ἀνέϐαινον

2067 667 2161 721 καὶ
2193 668 2510 720 κατέϐαινον
2543 668 2628 719 ἐπ’
2655 668 2844 739 αὑτήν.
2883 668 2939 721 '0
2970 667 3026 720 δὲ
3052 668 3254 739 Κύριος
3277 669 3477 741 ὲπεστή
3489 687 3642 741 ρικτο

2068 759 2153 813 ἐπ’
2197 759 2385 828 αὐτῆς,
2415 759 2509 812 καὶ
2542 754 2723 812 εἶπενο
2766 758 2905 828 Ἐγὼ
2930 759 3132 831 Κύριος
3166 761 3194 813 6
3218 759 3350 825 Θεὸς
3394 752 3641 833 Ἀϐραάμ

2067 849 2160 904 τοῦ
2192 851 2395 922 πατρός
2423 868 2538 915 σου,
2580 851 2673 904 καὶ
2716 852 2745 903 6
2786 851 2918 916 Θεὸς
2962 852 3144 906 Ἰσαάκ
3171 870 3185 885 ·
3239 854 3314 926 μὴ
3366 855 3554 922 φοϐοῦ,
3605 858 3638 927 ή

2068 942 2138 1011 γῆ
2197 943 2281 1011 ἐφ’
2309 938 2376 1013 ἦς
2408 944 2471 996 σὺ
2496 942 2773 1006 καθεύδεις
2805 944 2891 997 ἐπ’
2931 945 3123 1016 αὐτῆς,
3163 946 3244 999 σοὶ
3281 945 3435 1000 δώσω
3471 946 3641 1020 αὐτὴν

2068 1036 2162 1087 καὶ⁵
2187 1035 2263 1105 τῷ
2296 1035 2567 1107 σπέρματί
2600 1053 2724 1089 σου’
2752 1037 2844 1090 καὶ
2880 1036 3031 1090 ἔσται
3055 1038 3115 1090 τὸ
3152 1037 3371 1110 σπέρμα
3426 1056 3519 1092 σου
3563 1038 3640 1102 ὡς

2066 1131 2100 1200 ἡ
2136 1129 2316 1200 ἄμμος
2340 1130 2436 1200 τῆς
2463 1129 2566 1200 γῆς
2592 1147 2605 1159 ·
2642 1147 2661 1179 ι
2688 1123 2769 1192 οἷς
2802 1129 2929 1199 ὲξῆς
2959 1128 3198 1198 ἐπιλέγει
3222 1146 3237 1162 ο
3272 1149 3290 1180 ‹
3321 1131 3417 1184 καὶ
3440 1128 3638 1201 ἀνέστη

2080 1219 2270 1274 Ἰακὼϐ
2314 1221 2376 1274 τὸ
2423 1220 2587 1291 πρωῒ,
2633 1221 2726 1274 καὶ
2768 1220 2925 1274 έλαϐε
2972 1220 3062 1273 τὸν
3100 1219 3245 1273 λίθον
3289 1220 3348 1273 ὃν
3395 1221 3639 1293 ὑπέθηκε

2068 1313 2202 1386 πρὸς
2235 1312 2474 1383 κεφαλῆς
2519 1311 2706 1375 αὑτοῦ,
2739 1311 2832 1364 καλ⁹
2878 1309 3103 1380 ἔστησεν
3154 1310 3316 1363 αὑτὸν
3362 1310 3581 1382 στήλην.
3611 1332 3632 1365 ι

2066 1403 2197 1459 Εἶτα
2246 1404 2389 1476 πρωῒ
2438 1403 2598 1458 αὑτὸν
2642 1404 2706 1473 δὴ
2759 1401 2946 1455 τοῦτον
2990 1402 3080 1455 τὸν
3118 1402 3447 1472 ἐπιφανέντα
3488 1402 3641 1475 αὑτῷ

2064 1496 2195 1550 Θεὸν
2223 1496 2317 1549 καὶ
2365 1495 2587 1566 Κύριον,
2616 1494 2843 1563 ἄγγελον
2871 1492 3122 1565 ὀνομάζει
3156 1493 3312 1549 Θεοῦ.
3350 1495 3486 1566 Φησὶ
3508 1495 3640 1564 γοῦν

2064 1592 2093 1644 6
2133 1588 2325 1643 Ἰακώϐ
2346 1606 2360 1619 ·
2396 1606 2417 1640 ι
2457 1588 2564 1643 Καὶ
2592 1585 2714 1642 εἶπέ
2761 1606 2849 1659 μοι
2878 1590 2907 1641 6
2936 1587 3162 1656 ἄγγελος
3204 1587 3296 1640 τοῦ
3352 1587 3487 1640 Θεοῦ
3515 1587 3639 1641 καθ’

2066 1679 2258 1733 ὕπνον·
2307 1678 2519 1733 Ἰακώϐ.
2560 1679 2700 1748 Ἐγὼ
2730 1675 2927 1732 δὲιεῖπα
2951 1695 2965 1709 ’
2997 1678 3061 1731 Τί
3090 1680 3238 1731 ἐστιν
3261 1694 3275 1740 ;
3302 1696 3320 1728 ι
3353 1678 3463 1731 Καὶ
3489 1678 3642 1749 ἑξῆς,

391 1767 633 1834 dormis,
695 1772 793 1827 tibi
842 1771 987 1828 dabo
1035 1781 1092 1830 et
1143 1773 1337 1830 semini
1396 1786 1528 1831 tuo:
1561 1782 1614 1830 et
1643 1776 1746 1829 erit
1774 1791 1960 1831 semen

2071 1791 2089 1823 ι
2130 1771 2398 1845 Ἑώρακα,
2433 1772 2588 1842 φησὶ,
2628 1772 2804 1825 πάντα
2827 1772 2926 1824 ὅσα
2959 1770 3142 1824 Λάϐαν
3184 1773 3328 1823 ποιεῖ
3359 1787 3460 1823 σοι.
3495 1768 3641 1838 Ἐγώ

389 1872 567 1929 tuum,
594 1871 654 1917 ut
679 1880 844 1920 arena
871 1876 1033 1921 terra:
1059 1867 1126 1924 ⁵⁸.
1167 1886 1187 1919 ι
1218 1866 1427 1935 Quibus
1474 1869 1734 1940 deinceps
1766 1869 1960 1940 adjun-

391 1956 469 2024 git
494 1972 507 2008 :
548 1973 566 2005 ι
609 1954 675 2008 Et
709 1957 947 2010 surrexit
975 1955 1146 2011 Iacob
1177 1972 1355 2020 mane,
1384 1965 1439 2012 et
1470 1959 1675 2027 accepit
1706 1958 1961 2027 lapidem,

391 2062 551 2116 quem
584 2056 942 2118 supposuerat
976 2048 1138 2119 capiti
1169 2063 1291 2112 suo,
1327 2057 1382 2105 et
1416 2050 1587 2105 erexit
1621 2050 1771 2103 illum
1807 2048 1863 2103 in
1895 2049 1965 2103 ti-

389 2140 564 2193 tulum
582 2140 650 2195 ⁵⁷.
680 2158 698 2192 ι
731 2140 987 2196 Oratione
1015 2140 1209 2197 deinde
1229 2157 1570 2213 progressus,
1591 2141 1737 2196 hunc
1763 2142 1961 2211 ipsum,

390 2230 483 2300 qui
515 2230 591 2284 illi
625 2246 684 2286 se
706 2232 1038 2299 ostenderat,
1070 2230 1237 2288 Deum
1268 2248 1332 2286 ac
1368 2231 1688 2296 Dominum,
1723 2231 1819 2287 Dei
1863 2247 1963 2286 an—

388 2323 568 2392 gelum
621 2326 888 2381 nominat.
939 2325 1208 2396 Loquitur
1233 2342 1363 2399 ergo
1415 2325 1611 2395 Jacob;
1664 2346 1684 2379 ι
1740 2335 1797 2382 et
1827 2328 1965 2384 dixit

388 2417 522 2472 mihi
551 2416 790 2488 Angelus
843 2416 939 2474 Dei
974 2418 1030 2472 in
1080 2420 1323 2475 somnis:
1357 2418 1570 2475 Iacob:
1619 2418 1729 2491 Ego
1781 2429 1962 2477 autem

388 2508 525 2575 dixi,
555 2508 694 2576 Quid
726 2517 814 2566 est
844 2509 928 2564 ὀἳ
965 2530 985 2562 ι
1020 2509 1099 2566 Ac
1153 2510 1413 2581 deinceps
1444 2531 1457 2566 :
1498 2530 1519 2562 ‹
1566 2509 1725 2575 Vidi,
1760 2511 1960 2582 inquit,

388 2602 571 2657 omnia
603 2617 944 2673 quaecunque
972 2602 1100 2658 fecit
1127 2602 1334 2659 Laban.
1381 2603 1494 2675 Ego
1519 2619 1639 2658 sum
1679 2605 1840 2670 Deus,
1868 2605 1963 2676 qui

388 2693 543 2750 visus
568 2709 686 2750 sum
709 2694 806 2749 tibi
837 2695 892 2749 in
922 2695 1043 2749 loco
1062 2694 1179 2758 Dei,
1200 2696 1289 2749 ubi
1322 2698 1526 2751 unxisti
1553 2696 1684 2750 mihi
1706 2698 1961 2768 lapidem,

386 2796 683 2855 votumque
716 2786 912 2842 vovisti
959 2788 1024 2839 ".
1063 2805 1082 2838 ι
1125 2785 1225 2842 Hic
1257 2804 1389 2843 sane
1438 2789 1614 2853 idem,
1654 2790 1961 2859 quietiam

386 2879 616 2934 Abrahm
643 2879 794 2935 visus
822 2887 926 2943 est,
964 2879 1108 2937 Deus
1135 2895 1198 2935 ac
1232 2879 1494 2935 Dominus
1526 2882 1963 2953 appellatur,qui

385 2987 485 3043 per
520 2972 797 3043 mysteria,
831 2972 1104 3028 hominem
1132 2972 1226 3028 Dei
1256 2973 1511 3039 amicum,
1546 2974 1631 3029 sui
1674 2975 1842 3046 patris
1871 2976 1962 3047 jus

385 3072 442 3120 et
474 3070 796 3135 potestatem
820 3063 1011 3131 docet,
1057 3079 1121 3119 ac
1151 3065 1411 3120 nonnulla
1439 3066 1655 3121 interim
1688 3070 1845 3137 quasi
1897 3066 1964 3123 de

2066 1866 2181 1937 εἰμι
2202 1867 2233 1918 6
2255 1865 2386 1929 Θεὸς
2406 1868 2434 1918 ὁ
2450 1865 2637 1935 ὀφθείς
2664 1882 2746 1918 σοι
2763 1866 2820 1917 ὲν
2851 1865 3003 1935 τόπῳ
3031 1863 3190 1929 Θεοῦ,
3214 1860 3274 1919 οῦ
3296 1863 3520 1936 ἦλειψάς
3546 1881 3639 1934 μοι

2066 1959 2182 2010 ἐκεῖ
2214 1957 2433 2029 στήλην,
2463 1960 2558 2013 καὶ
2591 1957 2741 2029 ηῠξω
2771 1975 2861 2030 μοι
2905 1959 3022 2011 ἐκεῖ
3049 1958 3235 2029 εὐχήν.
3266 1977 3283 2008 ι
3328 1958 3386 2010 '0
3407 1954 3449 2009 δ’
3474 1957 3639 2020 αὐτὸς

2063 2043 2238 2113 οὗτος,
2279 2050 2373 2103 καὶ
2405 2049 2485 2121 τῷ
2528 2050 2775 2122 Ἀϐραὰμ
2815 2049 3176 2121 παραφανεὶς,
3211 2047 3343 2112 Θεὸς
3386 2050 3479 2102 κα)⁵
3522 2047 3640 2102 Κύ-

2069 2160 2181 2216 ριος
2212 2144 2589 2216 ἀνηγόρευται,
2629 2143 3003 2215 μυσταγωγῶν
3025 2143 3115 2196 τὸν
3147 2142 3364 2213 θεοφιλῆ
3390 2143 3483 2206 τὰς
3508 2144 3639 2214 περὶ

2065 2236 2158 2289 τοῦ
2191 2235 2395 2306 πατρὸς
2425 2235 2728 2301 αὑθεντίας,
2753 2235 2846 2290 καί
2868 2252 2989 2289 τινα
3017 2236 3092 2300 ὼς
3130 2237 3256 2308 περὶ
3288 2235 3473 2307 ἐτέρου
3499 2236 3637 2289 Θεοῦ

2063 2329 2349 2393 διδάσκων,
2383 2329 2418 2383 ἃ
2453 2329 2549 2383 καὶ
2592 2329 2734 2383 κατὰ
2775 2328 2965 2401 καιρὸν
3008 2328 3434 2400 ἐπισκεψόμεθα.
3479 2328 3643 2382 Ἀλλὰ

2064 2424 2159 2478 καὶ
2185 2423 2261 2495 τῷ
2299 2421 2415 2475 Ἰὼϐ
2439 2422 2626 2476 οὐδένα
2653 2424 2685 2494 ἢ
2719 2422 2905 2476 τοῦτον
2936 2417 3075 2475 εἶναι
3104 2422 3195 2475 τὸν
3220 2439 3323 2493 χρη
3332 2420 3642 2492 ματίσαντα

2068 2514 2206 2588 μετά
2232 2515 2329 2586 τὴν
2376 2514 2622 2586 αὐτάρκη
2651 2514 3064 2586 διαγυμνασίαν,
3091 2514 3151 2568 οὐ
3195 2513 3412 2585 θεμιτὸν
3441 2515 3636 2570 εἰπεῖν.

2065 2609 2336 2681 Πρότερον
2364 2608 2462 2679 μὲν
2495 2608 2602 2680 γὰρ
2634 2608 2721 2661 διὰ
2749 2608 3008 2673 λαίλαπος
3034 2609 3129 2661 καὶ
3155 2608 3330 2676 νεφῶν
3352 2608 3642 2677 ἐπιφανεὶς

2065 2701 2237 2773 αὐτῷ,
2264 2702 2353 2754 τὸν
2396 2700 2532 2755 ὅλων
2560 2701 2691 2754 Θεὸν
2723 2702 2913 2755 ἑαυτὸν
2952 2701 3079 2755 ὄντα
3109 2701 3349 2772 παρίστη
3372 2717 3388 2732 ο
3435 2699 3640 2770 προῖὼν

2063 2793 2120 2847 δὲ
2162 2792 2290 2863 ἑξῆς
2332 2792 2521 2846 ἑαυτὸν
2567 2791 2921 2855 ἐπιδείκνυσι,
2965 2789 3105 2845 ὥστε
3143 2791 3307 2861 φάναι
3341 2789 3430 2844 τὸν
3471 2790 3591 2844 Ἰώϐ
3618 2806 3634 2820 ’

2070 2902 2089 2936 ι
2129 2885 2391 2938 Ἀκουσον
2421 2884 2479 2937 δέ
2502 2901 2624 2955 μου,
2654 2883 2848 2956 Κύριε,
2882 2885 2969 2939 ἵνα
2996 2883 3152 2953 κάγὼ
3175 2883 3408 2955 λαλήσω.
3445 2883 3641 2954 Ἀκοὴν

2068 2977 2165 3049 μὲν
2189 2976 2371 3047 φωνῆς
2402 2976 2597 3047 ἤκουόν
2628 2994 2719 3029 σου
2748 2979 2812 3030 τὸ
2846 2977 3126 3049 πρότερον,
3154 2979 3268 3030 νυνὶ
3298 2977 3354 3031 δὲ
3382 2979 3410 3030 6
3440 2975 3639 3046 ὀφθαλ-

2068 3069 2167 3142 μός
2199 3086 2299 3141 μου
2333 3066 2543 3140 ἑώρακὲ
2580 3085 2658 3122 σε.
2691 3087 2709 3120 ι
2739 3070 2801 3122 Εἰ
2835 3069 2890 3122 δὲ
2925 3068 2999 3140 μὴ
3027 3066 3135 3123 οἷόν
3166 3087 3224 3122 τε
3260 3067 3351 3122 τὸν
3382 3068 3640 3123 ἐπέκεινα

386 3159 496 3212 alio
520 3160 755 3229 quodam
785 3157 971 3225 refert,
989 3174 1110 3229 quae
1141 3175 1274 3216 sane
1303 3174 1404 3217 nos
1432 3174 1534 3217 suo
1563 3159 1687 3215 loco
1709 3160 1960 3217 conside-

2064 3163 2215 3228 Θεὸν,
2257 3161 2348 3216 τὸν
2397 3162 2627 3234 ἀόρατον
2656 3160 2750 3214 καὶ
2792 3160 3100 3230 ἀγέννητον,
3151 3162 3243 3214 καὶ
3293 3158 3641 3231 παμϐασιλέα

386 3250 653 3305 rabimus.
707 3250 854 3317 Quin
896 3253 1059 3308 etiam
1096 3267 1257 3317 eum,
1311 3253 1405 3323 qui
1456 3259 1572 3307 tum
1601 3253 1821 3308 demum
1855 3253 1958 3324 ipsi

384 3339 508 3407 Job,
539 3351 663 3413 post
713 3343 848 3399 satis
896 3342 1110 3412 longam
1151 3345 1597 3401 exercitationem
1641 3347 1957 3415 respondit,

385 3436 553 3490 alium
582 3444 779 3507 praeter
804 3437 949 3491 hunc
978 3437 1164 3494 dicere
1183 3438 1360 3495 nefas.
1385 3438 1522 3493 Nam
1553 3440 1645 3509 qui
1681 3447 1860 3504 antea,
1892 3439 1961 3495 de

384 3528 624 3594 turbine,
651 3537 707 3583 et
750 3529 987 3584 nubibus
1033 3529 1112 3583 illi
1156 3545 1216 3585 se
1249 3529 1593 3593 ostenderat,
1630 3530 1799 3585 Deum
1836 3530 1960 3584 uni-

385 3619 529 3676 versi
557 3635 615 3676 se
656 3634 777 3676 esse
819 3619 1113 3676 indicabat.
1168 3619 1343 3676 Porro
1376 3628 1557 3675 autem
1593 3634 1916 3691 progressus
1939 3658 1957 3685 ,

384 3713 458 3769 ita
488 3714 725 3785 seipsum
758 3715 962 3786 prabet
1000 3715 1315 3781 videndum,
1344 3723 1403 3769 ut
1452 3714 1570 3785 ipse
1598 3711 1702 3768 Job
1730 3722 1843 3767 tum
1875 3711 1960 3766 di-

384 3817 474 3863 cat
504 3827 519 3865 :
559 3829 577 3861 ι
624 3808 763 3865 Audi
793 3826 901 3875 me,
933 3808 1183 3875 Domine,
1211 3817 1274 3864 ut
1305 3810 1464 3863 etiam
1481 3823 1579 3879 ego
1611 3808 1822 3877 loquar.
1857 3802 1959 3860 Sol-

383 3901 559 3957 nitum
589 3901 807 3971 quidem
842 3903 992 3956 vocis
1033 3910 1144 3956 tua:
1175 3901 1355 3956 audivi
1387 3902 1560 3971 prius,
1595 3916 1741 3955 nunc
1775 3909 1956 3955 autem

383 3993 577 4048 oculus
606 4008 760 4049 meus
788 3992 924 4047 vidit
979 4001 1033 4047 te
1059 3994 1126 4049 ⁸ο.
1183 4012 1202 4045 ι
1241 3991 1398 4060 Quod
1442 3993 1489 4049 si
1540 3992 1653 4047 ﬁeri
1693 4009 1799 4048 non
1861 4010 1959 4064 po-

382 4093 510 4150 test,
544 4093 606 4139 ut
638 4085 938 4141 altissimus
984 4084 1128 4143 Deus
1171 4086 1459 4141 invisibilis
1491 4093 1545 4141 et
1578 4085 1871 4157 ingenitus,
1903 4096 1957 4142 et

381 4193 481 4236 rex
509 4179 753 4235 universi
780 4195 811 4234 a
842 4180 1056 4235 mortali
1092 4188 1287 4235 natura
1332 4189 1590 4236 cernatur
1611 4221 1626 4246 ,
1684 4181 1805 4251 quis
1837 4187 1958 4234 tan-

383 4271 506 4327 dem
533 4271 642 4339 hic,
682 4272 776 4342 qui
803 4273 884 4329 sic
916 4273 1068 4329 visus
1099 4282 1203 4339 est,
1238 4274 1377 4329 alius
1399 4272 1563 4330 fuerit
1588 4313 1603 4339 ,
1639 4282 1837 4345 prater
1861 4272 1957 4328 Dei

383 4361 645 4429 Verbum,
677 4362 821 4432 quod
857 4363 1098 4433 seipsum
1131 4362 1200 4417 ad
1245 4372 1459 4433 tempus
1493 4362 1561 4417 de
1588 4362 1807 4433 propria
1837 4375 1956 4415 ma-

382 4453 667 4525 gnitudine
697 4454 999 4519 demiserit,
1034 4461 1094 4508 ut
1120 4455 1249 4509 alibi
1277 4470 1492 4525 quoque
1524 4455 1817 4511 dicendum
1838 4454 1954 4509 est?

2061 3255 2170 3309 τῶν
2200 3256 2361 3319 ὅλων,
2386 3254 2552 3326 θνητῇ
2591 3255 2755 3323 φάναι
2799 3253 3117 3326 θεωρεῖσθαι
3152 3254 3331 3323 φύσει,
3376 3254 3459 3317 τίς
3503 3252 3568 3307 ἂν
3609 3254 3639 3306 6

2060 3348 2385 3421 δηλούμενος
2428 3348 2514 3417 εἴη
2546 3348 2683 3418 πλὴν
2716 3346 2811 3401 τοῦ
2844 3348 2977 3420 πρὸς
3023 3346 3180 3417 ἡμῶν
3223 3346 3366 3400 κατὰ
3410 3345 3499 3399 τὸν
3534 3362 3639 3399 πα-

2061 3444 2195 3514 τέρα
2265 3442 2751 3513 κυριολογουμένου
2812 3440 2947 3493 Θεοῦ
2998 3440 3210 3509 Λόγου;
3272 3441 3383 3493 Καὶ
3433 3440 3487 3492 τί
3555 3438 3639 3491 δεῖ

2063 3536 2283 3589 πλείονα
2326 3536 2452 3607 περὶ
2496 3534 2683 3588 τούτου
2720 3535 3062 3602 συναγαγεῖν,
3094 3532 3267 3603 παρὸν
3314 3532 3378 3583 ὲκ
3407 3530 3515 3583 τῶν
3558 3530 3635 3582 ἱε-

2064 3628 2175 3699 ρῶν
2208 3626 2405 3697 βίϐλων
2452 3627 2551 3691 τὰς
2592 3625 2796 3680 τούτων
2838 3626 3123 3688 συστάσεις
3162 3624 3493 3695 λαμϐάνειν;
3539 3622 3638 3685 “Ac;

2061 3721 2156 3775 καὶ
2188 3720 2342 3773 αὐτοὶ
2381 3719 2520 3774 κατὰ
2550 3719 2646 3792 τὴν
2693 3720 3054 3791 προκειμένην
3088 3716 3338 3770 ὑπόθεσιν
3384 3715 3476 3769 ἐπὶ
3510 3731 3637 3787 σχο-

2061 3813 2158 3886 λῆς
2182 3814 2572 3885 άναλεξόμεθα,
2605 3816 2684 3878 είς
2713 3811 2982 3876 ἀπόδειξιν
3012 3810 3105 3864 τοῦ
3135 3810 3267 3881 μηδὲ
3292 3809 3448 3863 ἄλλον
3479 3808 3511 3880 ἢ
3544 3808 3638 3862 τὸν

2059 3903 2152 3959 τοῦ
2175 3906 2310 3959 Θεοῦ
2336 3906 2506 3975 Λόγον
2532 3901 2667 3958 εἶναι
2700 3906 2791 3958 τὸν
2814 3907 2925 3968 τοῖς
2954 3902 3221 3973 θεοφιλέσι
3262 3900 3637 3972 προπάτορσιν

2060 3997 2389 4069 ἑωραμένον.
2427 3996 2633 4052 Οὐκοῦν
2663 3996 2801 4068 μετὰ
2826 3995 2925 4068 τὴν
2965 3996 3092 4067 περὶ
3116 3993 3209 4048 τοῦ
3239 3994 3346 4046 τῶν
3377 3993 3510 4047 ὅλων
3541 3992 3639 4063 δη-

2063 4090 2324 4162 μιουργοῦ
2354 4090 2623 4161 διάληψιν,
2668 4089 2852 4143 καὶτὰ
2886 4089 3011 4161 περὶ
3042 4087 3133 4141 τοῦ
3170 4084 3406 4159 Χριστοῦ
3443 4082 3637 4150 κοινῶς

2057 4185 2189 4254 ἡμῖν
2220 4200 2280 4237 τε
2312 4183 2581 4247 κάκείνοις
2608 4182 2984 4254 παραδέδοται.
3020 4179 3208 4233 Ἔνθεν
3236 4180 3331 4232 xa‘t
3367 4176 3637 4248 Χριστοὺς

2059 4274 2256 4337 αὐτοὺς
2305 4272 2370 4344 δὴ
2445 4272 2689 4335 ἐκείνους
2732 4273 2857 4335 τοὺς
2904 4271 3010 4343 πρὸ
3055 4268 3295 4332 Μωσέως
3348 4265 3631 4335 θεοφιλεῖς,

2058 4364 2341 4437 ὡσπεροῦν
2400 4365 2549 4435 ἡμᾶς
2587 4364 2966 4435 Χριστιανοὺς,
3015 4360 3196 4432 εὕροις
3255 4359 3321 4413 ἂν
3360 4355 3633 4426 κεκλημέ-

2058 4474 2204 4520 νους.
2237 4455 2345 4509 Καὶ
2372 4454 2529 4508 τοῦτο
2568 4455 2625 4508 δὲ
2666 4453 2990 4518 ἐπάκουσον,
3028 4451 3103 4516 ὣς
3136 4467 3268 4521 φησι
3296 4448 3424 4520 περὶ
3454 4445 3633 4501 αὐτῶν

380 4544 648 4601 Caeterum
676 4546 806 4617 quid
848 4547 1003 4616 plura
1046 4546 1113 4601 de
1142 4546 1331 4601 eadem
1375 4561 1432 4601 re
1476 4545 1532 4600 in
1582 4544 1729 4599 hunc
1776 4545 1956 4598 locum

2064 4549 2117 4601 ἐν
2141 4546 2386 4618 Ψαλμοῖς
2411 4546 2469 4598 τὸ
2492 4545 2671 4614 λόγιον
2697 4563 2709 4574 ’
2744 4564 2762 4596 ι
2806 4544 2895 4597 Ἐν
2924 4543 3000 4615 τῷ
3032 4538 3168 4596 εἶναι
3194 4542 3387 4604 αὐτοὺς
3413 4537 3634 4612 ἀριθμῷ

381 4649 674 4707 congerere
699 4652 838 4707 opus
862 4646 965 4701 est,
989 4651 1113 4691 cum
1145 4636 1337 4691 harum
1382 4650 1563 4692 rerum
1591 4633 1962 4691 conﬁrmatio-

381 4741 483 4783 nes
514 4742 546 4784 e
574 4728 747 4785 sacris
772 4729 928 4785 libris
959 4729 1208 4800 accipere
1234 4727 1377 4783 haud
1404 4726 1621 4784 difficile
1671 4728 1784 4783 sit?
1812 4725 1959 4793 Quas

382 4818 572 4889 utique
602 4819 770 4876 etiam
812 4835 914 4876 nos
962 4821 1017 4875 in
1049 4821 1274 4875 materia
1319 4821 1597 4890 proposita
1643 4834 1744 4890 per
1788 4818 1959 4872 otium

382 4911 665 4967 collecturi
720 4927 953 4976 sumus,
1010 4920 1072 4968 ut
1130 4913 1481 4970 ostendamus
1531 4912 1739 4967 nullum
1796 4911 1960 4964 alium

383 5001 557 5058 fuisse
584 5004 693 5060 nisi
722 5003 814 5059 Dei
835 5003 1101 5072 Verbum,
1127 5008 1220 5078 qui
1252 5008 1321 5063 ab
1364 5005 1603 5076 antiquis
1633 5002 1726 5059 Dei
1762 5002 1955 5056 amicis

385 5093 640 5161 patribus
667 5103 753 5149 est
779 5094 951 5151 visus.
980 5094 1163 5167 Itaque
1186 5105 1310 5168 post
1355 5109 1538 5151 rerum
1568 5093 1811 5147 omnium
1835 5092 1954 5161 opi-

386 5176 506 5238 ﬁcis
536 5198 755 5249 nomen,
793 5187 895 5257 12
928 5186 1090 5242 etiam
1124 5203 1185 5243 ea
1219 5202 1340 5257 qua:
1369 5185 1436 5240 ad
1460 5183 1737 5240 Christum
1787 5181 1959 5252 perti-

384 5285 538 5341 nent,
560 5293 713 5349 teque
736 5281 915 5346 nobis,
939 5290 1103 5352 atque
1148 5281 1256 5337 illis
1276 5321 1291 5346 ,
1331 5277 1717 5347 communique
1741 5277 1956 5332 ratione

388 5370 604 5442 prodita
640 5378 790 5427 sunt.
843 5372 1015 5441 Quam
1047 5375 1119 5431 ob
1146 5390 1260 5430 rem
1302 5371 1540 5427 christos
1596 5385 1811 5441 quoque
1862 5385 1957 5427 eos

2064 4638 2302 4711 βραχεῖς,
2336 4638 2642 4707 ὀλιγοστοῦς
2665 4637 2760 4691 καὶ
2787 4635 3081 4707 παροίκους
3105 4638 3163 4688 ὲν
3186 4634 3343 4703 αὐτῇ,
3372 4631 3465 4685 καὶ
3494 4630 3635 4698 διῆλ-

2063 4725 2156 4778 θον
2185 4724 2244 4792 ὲξ
2289 4724 2473 4789 ἔθνους
2498 4725 2579 4788 εἰς
2621 4725 2792 4788 ἔθνος,
2830 4724 2924 4778 καὶ
2975 4724 3040 4777 ὲκ
3074 4721 3345 4793 βασιλείας
3393 4722 3473 4783 είς
3504 4718 3633 4772 λαὸν

2061 4817 2267 4888 ἕτερον,
2301 4817 2401 4870 οὐκ
2430 4816 2639 4886 ἀφῆκεν
2670 4816 2953 4888 ἄνθρωπον
2997 4814 3251 4885 ἀδικῆσαι
3283 4812 3497 4875 αὐτοὺς,
3537 4809 3633 4864 καὶ

2062 4908 2284 4979 ῆλεγξεν
2326 4908 2468 4981 ὑπὲρ
2498 4905 2677 4963 αὐτῶν
2723 4907 2979 4977 βασιλεῖς,
3009 4905 3181 4975 λέγων
3204 4922 3219 4936 ⁸
3259 4905 3350 4975 Μὴ
3394 4902 3631 4957 ἅπτεσθε

2062 4999 2169 5053 τῶν
2194 5000 2443 5070 Χριστῶν
2472 5018 2593 5072 μου,
2626 4999 2719 5053 καὶ
2743 4999 2801 5052 ὲν
2832 5002 2943 5063 τοῖς
2968 5000 3268 5072 προφήταις
3302 5014 3401 5069 μου
3437 4996 3510 5067 μὴ
3537 5013 3635 5049 πο-

2061 5092 2373 5165 νηρεύεσθε.
2426 5112 2445 5145 ι
2492 5090 2676 5151 Ταῦτα
2703 5092 2810 5164 γὰρ
2848 5090 2940 5145 ἐπὶ
2966 5091 3058 5145 τοῦ
3103 5089 3369 5162 Ἀϐραὰμ,
3414 5089 3506 5141 καὶ
3534 5085 3630 5140 τοῦ

2070 5185 2271 5249 Ἰσαάκ,
2297 5187 2391 5241 καὶ
2418 5186 2509 5240 τοῦ
2543 5186 2738 5239 Ἰακὼϐ
2766 5185 3105 5260 άνειρῆσθαι,
3132 5185 3331 5256 ήπᾶσα
3358 5181 3420 5235 σύ
3431 5197 3633 5253 μφασις

2061 5277 2156 5331 τοῦ
2188 5278 2347 5348 λόγου
2374 5278 2720 5351 παρίστησιν.
2754 5280 2914 5332 Ὥστε
2958 5278 3052 5333 καὶ
3100 5277 3201 5347 τῆς
3247 5273 3339 5329 τοῦ
3391 5272 3633 5347 Χριστοῦ

2059 5371 2428 5443 προσηγορίας
2447 5373 2581 5442 ἡμῖν
2609 5371 2808 5443 ὁμοίως
2838 5369 3171 5426 ἐκοινώνουν.

389 5465 539 5535 ipsos
580 5468 674 5537 qui
732 5468 1111 5538 anteﬂosem
1164 5468 1326 5524 amici
1376 5467 1779 5538 familiaresque
1844 5466 1939 5522 Dei
1989 5465 2231 5533 fuerunt,
2287 5467 2431 5521 sicut
2453 5481 2551 5523 nos
2596 5467 2959 5530 Christianos,
3001 5465 3298 5537 appellatos
3346 5462 3626 5527 invenies,

388 5566 485 5622 sed
519 5567 667 5634 audi,
703 5583 907 5639 qua-so,
938 5568 1067 5640 quid
1099 5567 1166 5622 de
1212 5568 1320 5621 illis
1349 5566 1631 5623 oraculum
1658 5566 1714 5620 in
1740 5563 1975 5621 Psalmis
2001 5563 2182 5619 dicat:
2223 5580 2244 5614 ι
2283 5564 2419 5619 Cum
2472 5576 2656 5618 essent
2706 5577 2936 5619 numero
2982 5561 3192 5627 breves,
3221 5556 3534 5630 paucissimi
3573 5563 3630 5609 et

389 5662 583 5720 incola:
617 5664 669 5718 in
702 5678 786 5730 ea,
814 5675 867 5718 et
900 5660 1236 5715 transierunt
1266 5659 1334 5715 de
1361 5666 1519 5731 gente
1561 5659 1616 5711 in
1644 5664 1881 5729 gentem,
1910 5663 1965 5707 et
1997 5654 2064 5708 de
2110 5669 2277 5725 regno
2324 5655 2379 5708 in
2437 5655 2696 5725 populum
2732 5654 2995 5720 alterum,
3039 5665 3150 5706 non
3201 5646 3409 5704 dimisit
3454 5645 3630 5701 homi-

346 5882 357 5940 .|
463 5848 511 5880 ⁸⁸
550 5846 685 5907 Cen.
731 5859 924 5912 xxviii,
968 5845 1157 5898 ill-lt.
1236 5843 1281 5876 "
1324 5843 1458 5900 Ibid.
1500 5841 1589 5898 18.
1667 5842 1713 5875 ⁸⁸
1752 5840 1886 5897 Gen.
1926 5860 1957 5897 x

2079 5884 2092 5908 ,
2137 5844 2222 5899 Η.
2300 5846 2345 5879 ⁸⁸
2386 5843 2518 5901 Ibid.
2566 5840 2765 5911 12,15.

2843 5839 2888 5872 ⁸⁸
2918 5836 3020 5893 Job
3079 5850 3212 5903 xui,
3248 5832 3303 5897 ι,
3345 5832 3399 5889 5.
