3942 6258
329 366 395 425 49
1244 366 1902 424 DEMONSTBATIONIS
1939 365 2398 423 EVANGELICzE
2432 368 2559 426 LIB.
2601 366 2643 422 1.
3492 370 3563 427 50

321 498 433 543 nem
459 490 651 539 noeere
670 483 780 548 eis,
798 491 855 539 et
879 484 1144 555 increpuit
1159 500 1257 555 pro
1276 486 1383 541 illis
1412 501 1565 557 reges
1587 483 1775 540 dicens
1806 480 2013 538 :Nolite
2038 493 2257 556 tangere
2278 484 2521 541 chi-istos
2546 501 2723 549 meos,
2759 486 2883 541 etin
2916 485 3201 555 prophetis
3226 484 3363 541 meis
3396 486 3562 542 nolite

318 578 677 646 malignari“.
714 598 735 629 ι
775 577 902 635 Haec
926 596 1057 636 sane
1079 581 1146 636 de
1168 581 1464 645 Abraham,
1501 589 1558 636 et
1581 579 1750 644 Isaac,
1793 587 1847 635 et
1876 577 2043 634 Jacob
2068 578 2211 635 edita
2243 594 2365 636 esse
2399 580 2640 646 oracula,
2666 586 2775 635 tota
2802 578 3124 651 compositio
3146 586 3199 636 et
3223 579 3562 636 continuatio

324 671 570 726 orationis
590 670 855 726 ostendit.
876 672 1143 739 Quocirca
1165 673 1372 730 Christi
1402 690 1620 745 quoque
1646 670 2065 743 appellationem
2084 670 2368 726 nobiscum
2397 686 2740 727 communem
2771 671 2974 741 pariter
3008 670 3265 730 habuere.

801 786 1202 841 ΚΕΦΑΛΛΙΟΝ
1238 790 1328 855 ς’.

2580 781 2808 838 CAPUT
2862 783 2951 841 Vl.

327 877 412 943 Τίς
434 879 464 930 ό
506 877 656 949 κατὰ
678 878 799 949 τὴν
831 879 1059 945 Καινὴν
1080 881 1377 946 Διαθιὶκην
1407 877 1854 949 κατηγγελμένο.

1987 872 2243 949 Quianam
2276 886 2452 949 ritca,
2478 892 2606 949 qum
2639 877 2693 930 in
2727 875 2873 930 Novo
2930 876 3261 931 Teslamento
3318 876 3560 933 omnibus

446 947 561 1000 ὑπὸ
592 948 702 1001 τοῦ
730 950 985 1017 Χριστοῦ
1012 950 1201 1004 πᾶσιν
1224 950 1554 1019 ἀνθρώποις
1570 947 1737 1017 βίος.

398 1038 543 1091 Ἀλλά
577 1041 673 1092 καὶ
719 1042 749 1093 ό
795 1042 917 1093 κατ’
946 1041 1143 1112 ἀρετὴν
1175 1040 1309 1109 βίος,
1355 1043 1389 1112 ἤ
1435 1059 1493 1095 τε
1542 1042 1680 1095 κατά
1729 1041 1881 1096 εὐσέ-

322 1132 457 1186 ϐειαν
493 1131 759 1199 πολιτεία,
795 1132 981 1207 ὥσπερ
1019 1136 1132 1198 τοῖς
1174 1135 1383 1190 ἔθνεσιν
1428 1136 1598 1190 ἅπασι
1641 1135 1729 1189 διὰ
1779 1134 1879 1205 τῆς

319 1225 402 1277 τοῦ
444 1224 681 1297 Χριστοῦ
725 1225 1006 1290 νουθεσίας
1045 1228 1385 1298 κεκήρυκται
1430 1227 1555 1297 δίχα
1597 1228 1694 1297 τῆς
1738 1226 1879 1280 κατά

318 1319 501 1374 Μωσὲα
562 1319 845 1391 διαταγῆς,
876 1319 1050 1384 οὕτως
1072 1321 1296 1384 καὶτοῖς
1323 1320 1570 1384 παλαιοῖς
1598 1320 1822 1383 ἐκείνοις
1848 1320 1877 1373 ό

318 1411 462 1474 αὐτὸς
502 1411 603 1480 τῆς
636 1410 919 1474 εὐσεϐείας
961 1410 1307 1482 κατωρθοῦτο
1352 1412 1571 1483 τρόπος.
1618 1412 1742 1464 Οῦτ’
1785 1406 1876 1465 οὖν

318 1502 549 1574 σώματος
592 1505 775 1567 αὐτοῖς
816 1504 1116 1575 περιτομῆς
1164 1503 1375 1574 ἔμελεν,
1425 1507 1506 1558 ὃτι
1552 1505 1672 1575 μηδ’
1721 1507 1871 1576 ἡμῖν,

315 1592 425 1645 οὔτε
451 1594 663 1664 ἀποχῆς
696 1593 805 1647 τῶν
848 1595 1065 1648 τοιῶνδε
1099 1594 1253 1659 ζώων
1301 1594 1575 1666 βρώσεως,
1618 1596 1698 1649 ὅτι
1736 1596 1872 1666 μηδὲ

316 1686 449 1755 ἡμῖν.
490 1686 697 1738 Αὐτίκα
728 1686 817 1739 τὸν
845 1686 1177 1757 Μελχισεδὲκ
1208 1690 1237 1741 ό
1275 1688 1472 1758 Μωσῆς
1542 1689 1751 1756 εἰσάγει
1796 1690 1871 1742 ίε-

318 1777 403 1847 ρέα
424 1777 514 1830 τοῦ
547 1777 684 1831 Θεοῦ
715 1777 961 1847 ὑψίστου,
991 1780 1050 1833 οὐ
1077 1780 1139 1832 τὸ
1185 1780 1343 1850 σῶμα
1386 1796 1683 1851 περιτετμη
1693 1781 1869 1852 μένον,

312 1873 366 1923 οὔ
400 1870 548 1943 μύρῳ
579 1870 876 1943 ξσκευαστῷ
922 1872 1062 1926 κατὰ
1105 1874 1306 1927 Μωσέα
1356 1874 1739 1945 κεχρισμένον,
1808 1876 1868 1927 οὐ

313 1962 565 2016 σάϐϐατον
620 1963 674 2017 τί
708 1966 825 2018 ποτ’
875 1965 1021 2018 ἐστὶν
1070 1965 1266 2030 εἰδότα,
1314 1967 1423 2020 οὐδ’
1464 1968 1600 2030 ὅλως
1655 1984 1708 2020 τι
1763 1967 1869 2021 τῶν

311 2055 433 2126 μετά
466 2054 641 2109 ταῦτα
681 2056 762 2127 τῷ
794 2059 958 2111 παντὶ
1004 2057 1271 2112 Ἰουδαίων
1303 2058 1444 2113 ἔθνει
1502 2060 1591 2113 διά
1624 2060 1867 2126 Μωσέως

2150 945 2446 1001 hominibus
2479 945 2511 1000 α
2542 946 2752 1003 Christo
2784 950 3093 1002 denuntiata
3126 959 3226 1013 est,
3258 950 3384 1005 vita.

2055 1037 2158 1093 Sed
2183 1049 2237 1095 et
2268 1056 2330 1095 ea
2368 1056 2489 1110 quae
2534 1040 2789 1094 virtutem
2834 1048 3076 1097 sectatur
3103 1043 3225 1096 vita:
3276 1042 3445 1105 ratio,
3502 1049 3558 1097 et

1981 1145 2103 1199 quae
2133 1131 2383 1200 pietatem
2416 1134 2661 1203 amplexa
2702 1141 2785 1187 est
2822 1132 2998 1187 civilis
3047 1133 3357 1197 institutio,
3413 1134 3558 1189 sicut

1981 1219 2185 1289 absque
2243 1220 2409 1277 Musis
2466 1224 2897 1286 constitutione,
2963 1222 3216 1278 omnibus
3266 1224 3553 1292 gentibus.

1979 1308 2198 1367 Christo
2229 1315 2497 1369 monitore
2551 1313 2819 1384 patefacta
2874 1323 2992 1378 est,
3051 1317 3124 1369 ita
3175 1317 3332 1386 plane
3365 1315 3554 1373 eadem

1978 1402 2195 1473 pietatis
2228 1420 2292 1459 ac
2315 1407 2592 1477 religionis
2622 1406 2764 1476 apud
2795 1407 3003 1477 priscos
3035 1407 3155 1462 illos
3180 1409 3554 1478 complebatur

1979 1496 2136 1550 ratio.
2156 1495 2337 1567 Neque
2370 1498 2534 1568 igitur
2565 1509 2623 1553 ut
2644 1516 2845 1570 corpus
2873 1500 3355 1564 circumciderent,
3377 1516 3554 1570 neque

1976 1598 2037 1645 ut
2066 1591 2134 1644 ab
2164 1590 2379 1657 horum,
2415 1601 2508 1647 aut
2555 1594 2769 1647 illorum
2792 1595 3107 1651 animalium
3138 1596 3396 1652 carnibus
3425 1596 3553 1653 abs-

1975 1684 2244 1748 tinerent,
2290 1686 2365 1738 illi
2413 1688 2721 1742 curabant:
2757 1689 3014 1758 quoniam
3058 1705 3127 1745 ne
3169 1706 3268 1744 nos
3308 1691 3547 1760 quidem.

1975 1774 2187 1831 Etenim
2245 1778 2495 1848 protinus
2553 1778 2911 1835 Melchisedec
2962 1780 3169 1836 inducit
3214 1780 3422 1847 Moses,
3461 1797 3552 1838 sa-

1974 1868 2247 1924 cerdotem
2272 1868 2363 1924 Dei
2393 1870 2667 1935 altissimi,
2699 1872 2793 1942 qui
2825 1889 2999 1942 nequc
3042 1888 3268 1944 corpore
3301 1884 3416 1929 erat
3447 1874 3551 1927 cir-

1973 1963 2288 2027 cumcisus,
2358 1979 2532 2033 neque
2608 1972 2885 2034 unguento
2949 1973 3266 2036 comparato
3316 1981 3381 2023 ex
3434 1966 3550 2035 lege

1974 2052 2139 2109 Mosis
2183 2053 2476 2121 delibutus,
2512 2071 2687 2125 neque
2726 2056 2855 2127 quid
2903 2056 3192 2112 sabbatum
3238 2066 3405 2119 esset,
3438 2058 3549 2112 ullo

307 2149 758 2222 παρηγγελμένων
787 2150 1063 2215 ἐπαΐοντα,
1092 2150 1348 2222 ἄντικρυς
1377 2152 1432 2205 δὲ
1474 2151 1615 2205 κατά
1640 2154 1702 2205 τὸ
1734 2156 1854 2226 Χρι-

1970 2148 2135 2202 modo
2188 2148 2436 2212 edoctus,
2470 2164 2647 2219 neque
2696 2157 2953 2219 praatcrea
2987 2151 3285 2221 quidquam
3322 2150 3549 2206 omnino

305 2241 418 2293 στοῦ
450 2242 781 2311 Εὑαγγέλιον
815 2242 1050 2312 βιοῦντα.
1082 2243 1228 2315 Πλὴν
1257 2244 1371 2297 ἀλλ’
1401 2245 1550 2314 ὅμως
1580 2245 1729 2317 ἱερέα
1773 2245 1864 2299 τοῦ

302 2329 423 2385 Θεοῦ
473 2330 569 2385 τοῦ
615 2332 841 2402 ὑψίστου
889 2335 1053 2405 φησὶν
1096 2335 1260 2388 αὑτὸν
1306 2335 1335 2387 ό
1400 2337 1605 2408 Μωσῆς
1650 2339 1867 2406 γεγονέ-

300 2438 398 2483 ναι,
435 2423 529 2475 καὶ
564 2422 658 2475 τοῦ
703 2422 954 2494 Ἀϐραάμ
989 2424 1293 2496 κρείττονα.
1325 2427 1588 2497 Είσῆκται
1612 2428 1743 2495 γοῦν
1776 2428 1866 2482 τὸν

310 2514 548 2586 Ἁϐραάμ
588 2515 845 2583 εὐλογῶν.
893 2517 1145 2582 Τοιοῦτός
1186 2536 1269 2582 τις
1313 2514 1381 2589 ἦν
1431 2522 1525 2573 καὶ
1576 2520 1719 2583 Νῶε,
1769 2522 1863 2575 ἀνσ-

298 2605 502 2676 θρωπος
528 2608 738 2671 δίκαιος
769 2610 826 2662 ὲν
869 2612 935 2680 τῇ
969 2611 1131 2681 γενεᾷ
1165 2611 1352 2673 αὐτοῦ,
1390 2611 1449 2664 ὃν
1479 2614 1572 2665 καὶ
1611 2612 1864 2685 ζώπυρον

297 2700 506 2771 σπέρμα
540 2700 622 2771 τῷ
647 2701 790 2769 γένει
827 2702 937 2756 τῶν
967 2701 1273 2775 ἀνθρώπων
1292 2704 1349 2755 ὲν
1374 2706 1440 2776 τῇ
1468 2704 1560 2758 τοῦ
1590 2706 1863 2760 κατακλυ-

296 2790 421 2861 σμοῦ
450 2790 647 2863 φθορᾷ,
671 2792 886 2845 πάντων
910 2792 1018 2846 τῶν
1041 2794 1132 2846 ἐπὶ
1144 2795 1245 2864 γῆς
1266 2794 1672 2866 ἀπολλυμένων,
1704 2799 1733 2850 ὁ
1755 2798 1863 2851 τῶν

291 2882 418 2936 ὅλων
448 2883 583 2949 Θεὸς
623 2885 959 2953 διεφύλαξεν.
1007 2887 1172 2939 Οὐδὲν
1216 2887 1347 2955 γοῦν
1392 2889 1512 2942 οὐδὲ
1556 2883 1710 2953 οὗτος
1749 2890 1861 2944 τῶν

304 2973 601 3029 Ἰουδαϊκῶν
630 2974 769 3029 ἐθῶν
802 2977 1185 3049 ἐπιστάμενος,
1207 2978 1331 3032 οὕτε
1365 2980 1423 3032 ὲν
1464 2985 1730 3054 περιτομῇ
1758 2982 1861 3035 σῶν

297 3081 478 3134 ματος,
537 3065 653 3121 οὔτ’
683 3069 741 3121 ὲν
774 3072 886 3132 τοῖς
925 3068 1104 3134 ἄλλοις
1134 3072 1245 3134 τοῖς
1274 3071 1378 3124 ὑπὸ
1411 3073 1653 3138 Μωσέως
1681 3074 1858 3128 διατε-

290 3159 591 3230 ταγμένοις,
623 3161 774 3232 ὅμως
800 3162 1029 3229 δίκαιος,
1058 3164 1107 3217 εἰ
1133 3165 1224 3216 καί
1241 3183 1324 3228 τις
1355 3165 1534 3231 ἄλλος,
1564 3167 1860 3239 ἀνηγόρευ-

290 3267 388 3305 ται.
429 3253 541 3306 Καὶ
585 3255 693 3325 πρό
743 3271 808 3323 γε
853 3255 1045 3309 τούτου
1092 3259 1121 3310 ὁ
1184 3257 1372 3328 Ἑνὼχ,
1416 3257 1475 3323 ὃς
1522 3261 1616 3313 καὶ
1641 3260 1859 3330 λέγεται

291 3345 705 3417 εὐηρεστηκέναι
734 3347 811 3418 τῷ
856 3347 977 3418 θεῷ
999 3387 1013 3413 ,
1061 3349 1157 3404 καὶ
1200 3352 1631 3422 μετατεθεῖσθαι,
1662 3353 1738 3417 ὡς
1783 3355 1857 3425 μὴ

289 3437 629 3510 εὑρίσκεσθαι
676 3438 841 3494 αὐτοῦ
889 3440 1137 3495 θάνατον.
1174 3442 1427 3507 Τοιοῦτος
1474 3444 1529 3497 δὲ
1570 3446 1665 3498 καὶ
1705 3440 1859 3510 οὗτος

287 3530 531 3598 γεγονὼς,
545 3531 669 3586 οὔτε
684 3534 844 3605 σῶμα
867 3535 1251 3607 πριτέτμητο,
1275 3536 1588 3609 οὔτ’ἔτιτῆς
1603 3538 1703 3609 (5‘)
1728 3541 1860 3594 Μω-

288 3621 414 3686 σέως
441 3623 632 3695 μετῄει
667 3625 1008 3696 νομοθεσίας,
1036 3627 1295 3698 ἄντικρυς
1334 3628 1392 3681 δὲ
1435 3630 1855 3700 Χριστιανικῶς,

286 3713 387 3767 ἀλλ’
432 3716 556 3787 οὐχὶ
607 3717 917 3782 Ἰουδαϊκῶς
955 3718 1064 3784 ζῶν
1098 3720 1433 3792 ἀναπέφηνε.
1474 3722 1585 3775 Καὶ
1616 3721 1779 3784 αὐτὸς
1812 3722 1856 3774 δ’

284 3806 316 3858 ὗ
358 3807 637 3879 Ἀϐραάμ,
683 3809 821 3880 μετὰ
857 3812 982 3875 τοὺς
1026 3812 1553 3884 προωνομασμένους
1595 3812 1854 3883 γεγονὼς,

284 3901 368 3952 καὶ
402 3899 668 3973 νεώτερος
702 3903 834 3975 παρ’
884 3904 1083 3968 αὐτοὺς
1121 3909 1234 3969 τοῖς
1276 3907 1514 3976 χρόνοις,
1546 3907 1857 3979 πρεσϐύτης

281 3989 435 4045 δὲδιά
463 3993 563 4064 τὴν
597 3994 838 4066 ἡλικίαν,
866 3996 955 4050 διὰ
985 3999 1110 4061 τοὺς
1140 3998 1435 4069 μέλλοντας
1465 3998 1522 4066 ἐξ
1552 4000 1717 4053 αὐτοῦ
1749 4000 1853 4070 φῦ-

280 4099 380 4145 ναι,
427 4082 616 4158 ὥσπερ
662 4085 784 4139 τινὰ
828 4088 1097 4159 σφραγῖδα
1138 4090 1239 4161 τὴν
1280 4090 1584 4163 περιτομὴν
1638 4091 1854 4162 πρῶτος

280 4172 529 4246 ὑπέμεινε
550 4175 649 4229 τοῦ
671 4175 942 4249 σώματος,
973 4178 1262 4251 γνώρισμα
1286 4182 1386 4253 τῆς
1414 4182 1581 4236 αὐτοῦ
1602 4183 1853 4254 διαδοχῆς

278 4268 379 4330 τοῖς
424 4267 485 4334 εξ
534 4267 701 4321 αὐτοῦ
743 4268 887 4322 κατὰ
938 4271 1117 4343 σάρκα
1154 4273 1540 4344 γενησομένοις
1590 4276 1743 4328 τουτὶ
1793 4275 1853 4328 τὸ

279 4361 495 4428 σημεῖον
531 4359 861 4432 παραδιδοὺς
909 4362 1124 4434 φέρειν’
1158 4365 1265 4436 πρὸ
1310 4364 1368 4417 δέ
1414 4382 1477 4433 γε
1523 4366 1622 4437 τῆς
1668 4367 1852 4420 παιδο-

276 4449 471 4513 ποιίας,
492 4450 589 4504 καὶ
604 4451 710 4521 πρὸ
733 4451 834 4522 τῆς
854 4456 1175 4526 περιτομῆς,
1207 4457 1302 4510 καὶ
1326 4457 1488 4521 αὐτὸς
1505 4457 1593 4511 διὰ
1604 4459 1704 4529 τῆς
1723 4459 1848 4531 (5")

274 4539 372 4593 τῶν
410 4540 649 4595 εἰδώλων
692 4544 1114 4618 ἀναχωρήσεως,
1165 4551 1260 4602 καὶ
1310 4549 1410 4620 τῆς
1460 4551 1580 4615 ἐνὸς
1614 4550 1709 4605 τοῦ
1754 4554 1848 4605 ἐπὶ

274 4632 483 4690 πάντων
511 4635 648 4689 Θεοῦ
680 4637 986 4708 ὁμολογίας,
1021 4640 1114 4694 καὶ
1135 4639 1222 4694 διὰ
1253 4643 1415 4712 μόνου
1440 4643 1535 4697 τοῦ
1566 4645 1684 4698 κατ’
1719 4646 1848 4717 ἀρε-

272 4728 363 4799 τὴν
388 4730 507 4801 βίου
546 4730 823 4786 δείκνυται
861 4734 1284 4805 Χριστιανικῶς,
1320 4736 1434 4789 ἀλλ’
1460 4738 1582 4809 οὐχὶ
1623 4738 1844 4795 ἰουδαῖη

1967 2255 2197 2303 eorum,
2246 2257 2366 2312 quae
2414 2242 2680 2297 universa:
2731 2240 3044 2298 Iudaeorum
3094 2245 3238 2314 genti
3280 2259 3375 2314 per
3433 2242 3547 2297 Mo-

1967 2347 2080 2387 sem
2110 2332 2384 2404 descripta
2448 2336 2823 2405 imperataque
2878 2344 3028 2400 sunt,
3087 2337 3391 2406 intelligens
3448 2344 3547 2390 aut

1966 2424 2194 2487 sciens,
2266 2425 2363 2480 sed
2423 2427 2582 2496 plane
2625 2435 2685 2480 ut
2742 2427 2944 2483 Christi
2998 2426 3348 2498 Evangelium
3406 2444 3543 2498 prae-

1965 2515 2142 2584 cipit,
2190 2518 2402 2572 vivens.
2454 2518 2708 2572 Attamen
2758 2519 2935 2588 ipsum
2995 2518 3141 2573 hunc
3198 2519 3542 2574 sacerdotem

1966 2604 2062 2659 Dei
2111 2606 2365 2661 altissimi
2413 2606 2618 2671 fuisse,
2677 2607 2818 2661 idem
2880 2607 3058 2663 Moses
3119 2608 3350 2662 alIirmat
3385 2649 3402 2674 ,
3460 2610 3544 2681 ip-

1966 2712 2136 2767 soque
2198 2697 2474 2751 Abraham
2543 2700 2995 2769 prazstantiorem.
3082 2698 3317 2756 Proinde
3378 2701 3540 2756 indu-

1964 2790 2110 2844 citur
2177 2795 2270 2860 qui
2322 2790 2596 2845 Abraham
2652 2791 2960 2846 benedicat.
3026 2788 3174 2847 Talis
3231 2791 3377 2846 enim
3430 2790 3543 2846 Non

1961 2880 2097 2947 fuit,
2156 2882 2319 2936 homo
2360 2882 2540 2937 aetatis
2592 2898 2704 2937 suae
2738 2883 3081 2952 justissimus
3106 2924 3120 2948 ,
3178 2898 3341 2954 quem
3382 2884 3543 2954 quasi

1966 2975 2261 3030 scintillam
2311 2975 2567 3029 exstincti
2608 2976 2781 3047 ignis,
2821 2984 2876 3032 et
2926 2977 3082 3047 quasi
3128 2993 3317 3034 semen
3366 2976 3542 3047 quod;-

1961 3064 2086 3119 dam
2133 3064 2356 3119 humani
2388 3065 2640 3136 generis,
2698 3067 2751 3120 in
2783 3068 2897 3137 ipsa
2936 3068 3126 3122 diluvii
3172 3069 3538 3139 grassatione,

1966 3156 2067 3228 13
2091 3157 2158 3212 iis
2186 3157 2444 3213 omnibus
2474 3160 2814 3228 reparandis,
2850 3160 2941 3230 qui
2973 3160 3026 3214 in
3060 3168 3203 3215 terra
3236 3161 3539 3231 perierant,

1962 3250 2108 3307 Deus
2143 3252 2385 3307 universi
2420 3256 2789 3310 conservavit.
2832 3253 2932 3309 Hic
2963 3256 3129 3326 igitur
3157 3255 3410 3329 quamvis
3439 3271 3537 3312 eo-

1959 3356 2105 3406 rum,
2139 3357 2261 3412 quze
2285 3343 2354 3397 ad
2386 3342 2648 3399 Judaicos
2680 3360 2860 3401 mores
2885 3347 3320 3416 spectantgnihil
3346 3347 3535 3411 sciret,

1962 3447 2142 3503 neque
2175 3433 2231 3488 in
2255 3435 2505 3504 corporis
2537 3435 2978 3500 circumcisione,
3008 3444 3102 3497 aut
3128 3438 3273 3506 aliis,
3305 3453 3425 3507 quae
3447 3452 3539 3495 au-

1964 3533 2119 3580 ctore
2148 3525 2298 3582 Mose
2321 3527 2618 3583 constituta
2649 3536 2796 3594 sunt,
2830 3528 3080 3600 degeret:
3114 3536 3297 3585 tamen
3326 3530 3535 3600 justus,

1964 3613 2011 3667 si
2040 3614 2165 3683 quis
2199 3631 2441 3686 unquam
2470 3616 2632 3685 alius,
2663 3625 2748 3673 est
2779 3620 3101 3693 appellatus.
3136 3619 3204 3672 Et
3231 3629 3358 3675 ante
3390 3622 3537 3677 hunc

1960 3715 2223 3776 praeterea
2262 3708 2481 3775 Enocb,
2524 3711 2619 3781 qui
2652 3718 2707 3766 et
2740 3709 2851 3769 Deo
2893 3711 3093 3766 dicitur
3137 3713 3439 3781 placuisse,
3482 3721 3539 3769 et

1962 3802 2262 3858 translatus
2298 3818 2454 3870 esse,
2489 3813 2549 3858 ut
2579 3819 2855 3876 nusquam
2888 3820 3042 3863 mors
3068 3805 3216 3861 illius
3250 3811 3533 3876 appareat.

1959 3898 2128 3968 Igitur
2172 3898 2261 3952 hic
2301 3911 2517 3967 quoque
2554 3911 2679 3955 cum
2723 3896 2848 3955 talis
2898 3904 3075 3960 esset,
3122 3905 3303 3951 tamen
3356 3910 3535 3966 neque

1957 4012 2158 4068 corpus
2201 3993 2587 4050 circumcisum
2635 3990 2903 4055 habebat,
2951 4005 3128 4061 neque
3170 3992 3226 4045 in
3257 3990 3468 4062 legibus
3500 4004 3534 4045 a

1957 4094 2107 4150 Mose
2150 4091 2342 4162 positis
2379 4089 2490 4146 ullo
2531 4086 2694 4145 modo
2725 4096 2974 4143 versatus
3008 4086 3214 4154 fuerat,
3252 4086 3348 4143 sed
3374 4086 3533 4142 Chri-

1959 4186 2142 4240 stiano
2176 4197 2409 4254 prorsus
2439 4195 2593 4236 more
2613 4222 2629 4247 ,
2655 4196 2764 4236 non
2792 4179 3020 4236 Iudaico
3044 4179 3246 4235 vixisse
3277 4179 3549 4250 perbibe-L

1956 4285 2068 4334 tur.
2120 4277 2266 4343 Quin
2305 4280 2469 4331 etiam
2504 4275 2621 4343 ipse
2651 4274 2925 4329 Abraham
2957 4283 3081 4344 post
3109 4289 3236 4337 eos,
3273 4271 3364 4342 qui
3395 4270 3549 4331 dicti.

1955 4378 2121 4435 sunt,
2168 4379 2367 4435 natus,
2416 4378 2470 4424 et
2516 4369 2624 4423 illis
2676 4369 2809 4439 ipsis
2851 4371 3062 4425 ratione
3090 4377 3398 4438 temporum
3438 4367 3530 4440 ju-

1952 4464 2097 4526 nior,
2130 4476 2297 4516 senex
2322 4476 2453 4515 vero
2474 4500 2489 4522 ,
2536 4469 2699 4531 atque
2742 4468 2901 4514 aetate
2948 4468 3275 4530 provectus,
3306 4468 3529 4531 propter

1951 4571 2058 4610 eos.
2076 4554 2169 4624 qui
2199 4554 2396 4608 orituri
2427 4553 2496 4607 ab
2532 4552 2652 4623 ipso
2678 4560 2866 4616 erant,
2903 4553 3061 4623 quasi
3090 4553 3305 4624 signum
3351 4552 3527 4622 quod-

1953 4648 2078 4702 dam
2113 4646 2326 4717 primus
2358 4645 2835 4699 circumcisionem
2863 4644 3110 4716 corporis
3142 4644 3284 4708 tulit,
3316 4644 3525 4714 hocque

1951 4741 2132 4811 ipsum
2165 4754 2279 4794 suae
2313 4738 2699 4808 dignoscendae
2736 4737 2941 4793 sobolis
2979 4737 3192 4807 signum
3213 4778 3229 4803 ,
3264 4736 3333 4791 iis
3369 4736 3462 4807 qui
3492 4751 3527 4791 a

272 4821 373 4887 πῶς
401 4822 702 4893 βεϐιωκώς.
732 4827 1166 4900 Μεμαρτύρηται
1190 4829 1321 4899 γοῦν
1346 4830 1417 4883 τά
1439 4833 1842 4903 προστάγματα

1964 4850 2010 4889 se
2053 4833 2264 4888 ratione
2313 4831 2599 4901 sanguinis
2642 4845 2833 4900 genus.
2859 4828 3080 4887 ducturi
3123 4836 3311 4895 erant,
3346 4826 3528 4883 feren-

271 4915 356 4967 καὶ
390 4916 493 4980 τὰς
530 4918 770 4988 ἐντολὰς,
801 4921 868 4974 τά
899 4938 961 4974 τε
1002 4921 1345 4994 δικαιώματα
1388 4925 1483 4978 καὶ
1519 4924 1588 4978 τὰ
1632 4926 1837 4997 νόμιμα

267 5005 353 5059 τοῦ
390 5006 549 5073 Θεοῦ,
592 5010 700 5083 πρὸ
729 5012 829 5084 τῆς
865 5014 1111 5080 Μωσέως
1147 5015 1410 5087 διαταγῆς
1481 5018 1837 5090 πεφυλαγμέ-

268 5116 365 5164 νος.
411 5103 577 5171 Λέγει
614 5104 661 5158 δ’
711 5100 805 5160 οὖν
861 5107 996 5177 πρὸς
1050 5108 1141 5162 τὸν
1193 5110 1378 5164 Ἰσαὰκ
1416 5113 1444 5164 ὁ
1484 5112 1838 5185 χρηματίζων

269 5188 417 5255 Θεόςο
459 5210 480 5244 ‹
525 5194 639 5247 Καὶ
664 5194 823 5249 δώσω
845 5196 925 5268 τῷ
955 5198 1231 5270 σπέρματί
1263 5217 1357 5254 σου
1398 5204 1577 5256 πᾶσαν
1597 5203 1697 5276 τὴν
1732 5204 1838 5276 γῆν

267 5281 479 5355 ταύτην,
522 5286 617 5339 καὶ
661 5287 1173 5362 ἐνευλογηθήσονται
1220 5293 1277 5345 ὲν
1312 5292 1391 5363 τῷ
1433 5294 1708 5367 σπέρματί
1742 5314 1835 5350 σου

268 5374 434 5431 πάντα
460 5377 530 5432 τά
550 5378 679 5452 ἔθνη
708 5380 809 5451 τῆς
833 5381 959 5451 γῆς,
983 5381 1101 5435 ἀνθ’
1129 5375 1204 5437 ὧν
1240 5385 1547 5458 ὑπήκουσεν
1586 5389 1834 5462 Ἀϐραὰμ

268 5468 293 5519 ὁ
312 5473 487 5544 πατήρ
520 5489 615 5527 σου
660 5474 759 5545 τῆς
787 5475 927 5546 ἐμῆς
953 5477 1156 5547 φωνῆς,
1184 5480 1276 5532 καὶ
1299 5480 1532 5551 ἐφύλαξε
1561 5482 1661 5549 τὰς
1684 5478 1831 5539 ἐντο-

268 5559 352 5625 λάς
382 5581 506 5634 μου,
541 5566 640 5619 καὶ
682 5566 751 5619 τὰ
787 5569 1185 5639 προστάγματα
1219 5589 1339 5641 μου,
1373 5575 1466 5627 κα)⁸
1506 5575 1573 5630 τὰ
1613 5577 1831 5631 δικαιώ-

333 5677 561 5735 "-Psal.
591 5695 706 5744 etv,
748 5680 950 5738 12-15.

328 5770 421 5842 (3‘)
447 5773 585 5851 Τῆς..
611 5771 779 5851 Forte
805 5775 1059 5851 adg‘pnisi
1094 5787 1273 5851 tamen
1304 5781 1428 5846 Quis
1451 5782 1602 5836 malit
1626 5783 1821 5851 legere,

270 5840 352 5912 τὴν
368 5840 531 5915 νομοθ
568 5849 639 5903 σεε
658 5860 719 5908 νς
756 5846 836 5900 vel
860 5847 1075 5915 addere,
1095 5849 1263 5913 οὐδέν,
1284 5840 1341 5905 ui
1358 5868 1408 5918 [ι.
1428 5852 1576 5923 εςεςι).
1601 5840 1758 5908 Ευῖτ.

1949 4926 2078 4981 dum
2125 4926 2391 4981 tradidit:
2439 4932 2566 4978 ante
2619 4938 2750 4978 vero
2779 4937 2944 4992 quam
2986 4921 3286 4991 susciperet
3319 4920 3525 4976 liberos

1950 5029 2116 5091 atque
2164 5029 2291 5074 ante
2344 5032 2508 5090 quam
2562 5014 3074 5080 circumcideretur,
3125 5015 3231 5086 ipsi
3264 5030 3520 5086 quoque,

1946 5120 2239 5184 propterea
2288 5111 2434 5181 quod
2470 5126 2501 5164 a
2533 5109 2957 5167 simulacrorum
3001 5107 3151 5162 cultu
3186 5116 3523 5174 secesserat,

1948 5220 2228 5276 unumque
2260 5218 2427 5275 super
2452 5201 2638 5257 omnia
2676 5199 2847 5256 Deum
2882 5198 3173 5259 confessus
3215 5196 3396 5255 fuerat
3417 5238 3435 5264 ,
3467 5206 3522 5253 et

1950 5313 2115 5352 unam
2147 5311 2266 5351 eam
2288 5334 2306 5358 ,
2341 5308 2462 5365 qua:
2487 5308 2612 5352 cum
2645 5293 2851 5349 virtute
2887 5299 3006 5356 est,
3054 5291 3224 5346 vitam
3268 5289 3521 5349 sectaba-

1943 5399 2056 5456 tur,
2087 5389 2404 5455 Christiano
2433 5402 2587 5442 more
2617 5386 2854 5451 vixisse,
2889 5398 3000 5440 non
3031 5382 3261 5441 Judaico
3289 5385 3518 5444 demon-

1943 5492 2171 5539 stratur.
2217 5481 2429 5537 Idcirco
2463 5480 2551 5539 illi
2590 5478 2965 5536 testimonium
3016 5478 3326 5542 exhibetur,
3367 5478 3516 5549 quod

1939 5587 2209 5649 praecepta
2237 5584 2294 5632 et
2320 5576 2578 5631 mandata
2607 5581 2663 5629 et
2680 5573 3039 5630 caeremonias
3057 5613 3073 5639 ,
3109 5580 3165 5628 et
3192 5587 3321 5643 qua:
3344 5570 3403 5627 in
3429 5570 3513 5627 le-

2005 5784 2133 5855 (δ”),
2163 5782 2512 5839 Desideratur
2539 5785 2669 5846 ἀπό,
2705 5787 2788 5840 vel
2817 5789 2900 5850 ἐκ,
2942 5796 3001 5841 ut
3030 5796 3083 5840 et
3112 5786 3250 5840 infra
3298 5788 3385 5855 (p.
3440 5760 3511 5840 θὸ

1936 5852 2010 5916 D)
2040 5852 2254 5917 legitur,
2284 5857 2408 5919 τοὺς
2436 5856 2496 5919 ὲΞ,
2531 5856 2797 5910 Ἑλλίνων
2819 5858 3255 5922 ἀναχωροῦντας.
3294 5852 3465 5911 Ειιιτξ
