3942 6258
433 354 499 415 ει
1067 353 1340 412 EUSEBII
1369 353 1858 412 CESARIENSlS
1894 356 2043 413 OPP.
2075 356 2256 418 PARS
2283 357 2348 415 ll.
2384 390 2454 400 --
2481 355 2993 422 APOLOGETICA;
3588 351 3664 418 ΒΞ

433 472 592 544 gibus
626 473 803 542 posita
833 476 957 525 sunt
991 467 1090 525 Dei
1112 509 1127 535 ,
1155 476 1284 526 ante
1315 468 1482 525 Mosis
1510 470 1958 551 constitutionem

2099 473 2244 544 ματά
2272 491 2394 544 μου,
2426 475 2520 529 καὶ
2544 475 2613 529 τὰ
2653 476 2862 547 νόμιμά
2909 494 3034 547 μου.
3084 495 3104 528 ι
3137 471 3245 531 Ἦν
3276 476 3385 548 γὰρ
3425 477 3519 530 καὶ
3560 479 3666 549 πρὸ

432 563 749 621 servaverit.
781 560 923 616 Dicit
952 560 1118 632 igitur
1150 561 1221 616 ad
1245 562 1419 625 Isaac,
1452 562 1498 619 is
1529 560 1621 631 qui
1652 563 1872 617 oracula
1906 562 1998 617 illa

429 656 693 715 reddebat
724 653 868 709 Deus
896 640 909 707 ξ
943 672 962 705 ι
994 651 1058 706 Et
1097 652 1239 724 dabo
1280 653 1473 709 semini
1514 661 1610 707 tuo
1637 669 1853 709 omnem
1888 661 1999 709 ter-

426 762 547 805 ram
588 748 766 811 hanc,
796 753 851 802 et
879 745 1275 801 benedicentur
1314 747 1371 801 in
1417 747 1635 824 semine
1663 755 1759 815 tuo
1805 763 1996 811 omnes

424 846 618 913 gentes
664 846 842 905 terrae,
891 852 957 892 eo
1006 836 1152 907 quod
1202 836 1469 892 obedierit
1513 838 1789 892 Abraham
1842 847 1997 907 pater

427 937 558 986 tuus
586 929 708 984 voci
746 943 907 994 mete,
941 932 996 983 et
1023 927 1346 982 custodierit
1370 935 1640 998 praecepta
1663 935 1716 981 et
1740 926 1995 1003 mandata

425 1035 578 1086 mea,
609 1027 665 1076 et
689 1018 1042 1077 caeremonias
1062 1033 1234 1084 meas,
1259 1026 1313 1075 et
1337 1034 1458 1088 quae
1488 1019 1543 1072 in
1571 1019 1785 1090 legibus
1814 1020 1994 1090 posita

423 1123 555 1174 sunt
576 1114 642 1168 ⁸³.
673 1112 881 1171 »Ει-ιιιιι
911 1112 1056 1168 enim
1086 1111 1248 1167 etiam
1279 1119 1407 1167 ante
1434 1111 1600 1168 Mosis
1635 1112 1994 1183 legem'man-

424 1205 552 1266 data
580 1204 676 1263 Dei
706 1206 812 1260 alia
838 1212 892 1272 et
921 1204 1289 1281 caeremoniae,
1320 1218 1427 1259 non
1458 1203 1657 1277 similia
1706 1205 1776 1261 iis
1814 1220 1935 1276 quae
1960 1220 1991 1260 a

422 1298 575 1356 Mose
605 1286 807 1355 tradita
837 1303 988 1359 sunt,
1021 1297 1279 1367 legesque
1304 1296 1443 1357 aliae,
1475 1310 1539 1349 ac
1573 1297 1846 1366 praecepta
1881 1295 1990 1362 Do-

419 1391 592 1458 mini,
627 1406 723 1461 per
752 1405 873 1461 quae
902 1389 982 1443 illi
1005 1387 1275 1459 justitiam
1304 1386 1482 1456 adepti
1519 1396 1667 1442 sunt.
1700 1385 1871 1458 Porro
1900 1401 1992 1440 au-

418 1492 526 1539 tem
556 1483 701 1554 quod
730 1497 842 1560 non
871 1481 1059 1537 eadem
1090 1487 1277 1557 essent
1303 1494 1427 1534 cum
1464 1479 1566 1555 iis,
1598 1493 1719 1549 quae
1749 1493 1844 1548 per
1875 1477 1990 1537 Mo-

418 1591 537 1648 sem
584 1576 640 1631 in
688 1575 898 1645 legibus
929 1572 1108 1648 posita
1136 1579 1298 1639 sunt,
1332 1570 1510 1628 Moses
1548 1571 1665 1645 ipse
1697 1571 1988 1642 perspicue

420 1650 797 1747 demonstrat,
830 1666 923 1723 ubi
954 1666 1031 1720 ait
1074 1665 1143 1727 ad
1189 1666 1449 1736 populum
1478 1685 1491 1720 :
1522 1684 1542 1718 ι
1573 1666 1752 1730 Audi,
1787 1665 1984 1729 Israel,

410 1738 873 1845 justiﬁcationes,
904 1768 958 1816 et
983 1746 1227 1830 judicia,
1264 1774 1607 1830 quaecunque
1650 1774 1750 1831 ego
1790 1760 1986 1838 loquor

414 1852 472 1907 in
504 1852 730 1907 auribus
759 1851 961 1919 vestris
996 1850 1051 1905 in
1081 1849 1170 1905 die
1193 1849 1319 1929 hac,
1350 1855 1404 1904 et
1432 1848 1660 1909 discetis
1683 1865 1768 1914 ea,
1795 1858 1850 1905 et
1876 1867 1988 1906 ser-

413 1945 644 2012 vabitis,
683 1952 743 1999 ut
773 1960 838 2005 ea
869 1944 1108 2017 faciatis.
1151 1941 1415 1998 Dominus
1448 1940 1592 1998 Deus
1639 1950 1817 1999 vester
1859 1958 1988 1998 con-

413 2036 554 2116 didit
581 2036 740 2092 vobis
771 2035 825 2091 in
859 2035 1077 2091 Choreb
1105 2042 1512 2107 testamentum,
1548 2035 1868 2106 neutiquam
1897 2050 1987 2105 pa-

411 2121 590 2203 tribus
620 2129 822 2183 vestris
851 2127 1098 2189 condidit
1129 2126 1394 2182 Dominus
1424 2134 1815 2185 testamentum
1844 2129 1981 2193 hoc,

414 2219 521 2293 14
549 2220 647 2276 sed
678 2221 837 2279 vobis
862 2221 929 2277 ⁸³.
964 2238 983 2274 ι
1011 2220 1078 2275 Ει
1107 2236 1239 2277 sane
1279 2228 1465 2292 specta
1491 2262 1507 2284 ,
1549 2229 1610 2276 ut
1649 2222 1807 2291 plane
1850 2222 1983 2285 dicit

410 2309 822 2367 Testamentum
849 2310 955 2366 hoc
980 2351 995 2377 ,
1026 2319 1315 2381 propterea
1350 2313 1495 2383 quod
1530 2328 1639 2367 non
1674 2313 1817 2367 idem
1848 2313 1982 2372 illud

408 2406 658 2477 patribus
710 2420 901 2489 eorum
952 2407 1260 2483 constituit.
1308 2407 1466 2474 Quod
1505 2409 1550 2463 si
1586 2408 1834 2467 absolute
1869 2424 1981 2464 non

407 2499 595 2556 datum
629 2514 752 2556 esse
779 2499 1027 2570 patribus
1055 2514 1243 2555 eorum
1284 2509 1668 2557 testamentum
1710 2502 1976 2566 dixisset,

406 2592 462 2645 in
496 2592 839 2649 mendacium
875 2608 1005 2649 sane
1034 2593 1110 2646 illi
1134 2594 1424 2650 recidisset
1445 2595 1644 2649 oratio.
1675 2594 1872 2649 Datum
1895 2584 1979 2651 est

404 2684 573 2755 igitur
601 2682 835 2740 Abrahae
866 2692 1255 2742 testamentum
1277 2726 1292 2752 ,
1322 2686 1510 2741 datum
1538 2697 1625 2744 est
1648 2688 1808 2745 etiam
1842 2687 1976 2756 Noe,

404 2778 550 2832 sicut
589 2792 746 2833 sacra
792 2785 1068 2833 testantur
1117 2780 1362 2834 oracula.
1404 2780 1583 2852 Atque
1614 2783 1821 2838 idcirco
1852 2800 1977 2839 cum

404 2861 758 2941 adjunctione
783 2871 921 2927 dixit
963 2870 1167 2939 Moses,
1200 2888 1313 2928 non
1346 2873 1452 2930 hoc
1492 2876 1679 2930 datum
1719 2892 1843 2933 esse
1880 2894 1978 2948 pa-

400 2960 579 3023 tribus
606 2976 794 3017 eorum
812 3000 826 3025 ,
856 2962 936 3017 sic
961 2976 1091 3017 sane
1112 2963 1343 3017 alterum
1370 2963 1685 3035 signiﬁcans
1715 2977 1979 3035 praestan-

402 3052 515 3113 tius
547 3063 710 3124 atque
738 3053 1115 3119 excellentius,
1147 3069 1247 3126 per
1276 3055 1423 3125 quod
1454 3057 1649 3121 amici,
1684 3059 1975 3130 dilectique

2099 564 2191 617 τοῦ
2228 565 2488 630 Μωσέως·
2515 566 2680 638 νόμου
2726 567 3122 637 προστάγματα
3180 567 3316 621 Θεοῦ
3357 567 3542 640 ἕτερα,
3570 571 3667 624 καὶ

2097 656 2459 729 δικαιώματα,
2528 660 2626 732 οὐχ
2665 661 2825 730 ὃμοια
2859 662 2973 723 τοῖς
3015 658 3166 731 παρὰ
3204 661 3414 725 Μωσεί,
3459 660 3668 732 νόμιμά

2096 768 2155 804 τε
2200 749 2334 805 ἄλλα
2380 752 2473 805 καὶ
2508 752 2718 805 ἐντολαὶ
2744 752 3001 826 Χριστοῦ,
3031 752 3097 806 δι’
3127 746 3202 806 ὧν
3247 751 3661 824 ὲδικαιώθησαν.

2100 840 2221 894 Ὅτι
2250 840 2293 894 δ’
2321 840 2381 893 οὐ
2414 840 2482 894 τὰ
2520 840 2661 896 αὐτὰ
2713 837 2783 919 ἧν
2817 845 2931 907 τοῖς
2976 843 3063 898 διὰ
3092 844 3334 908 Μωσέως
3375 846 3667 917 νομοθετη-

2096 932 2251 998 θεῖσι,
2313 933 2498 1003 σαφῶς
2541 936 2570 987 6
2621 935 2826 1007 Μωσῆς
2876 924 3224 1007 παρίστησιν.
3266 920 3325 989 ἓν
3374 931 3454 1000 οἷς
3500 955 3664 1009 φησιν

2094 1025 2229 1097 πρὸς
2250 1025 2340 1079 τὸν
2355 1025 2478 1080 λαόν
2496 1043 2511 1057 ο
2537 1045 2556 1078 ι
2596 1026 2817 1093 Ἀκουε,
2852 1028 3085 1101 Ἰσραὴλ,
3103 1029 3170 1094 τὰ
3198 1029 3540 1101 δικαιώματα
3570 1031 3664 1084 καὶ

2091 1116 2160 1170 τὰ
2188 1117 2448 1189 κρίματα,
2476 1119 2577 1172 ὅσα
2613 1118 2723 1189 ἐγὼ
2752 1119 2899 1173 λαλῶ
2935 1123 2992 1174 ὲν
3020 1124 3134 1186 τοῖς
3158 1122 3292 1176 ὠσὶν
3326 1106 3569 1194 ὐμῶνμὲν
3593 1126 3661 1196 τῇ

2091 1207 2272 1280 ήμέρᾳ
2301 1208 2490 1281 ταύτῃ,
2533 1211 2628 1265 καὶ
2673 1209 2980 1281 μαθήσεσθε
3024 1212 3181 1277 αὐτὰ,
3222 1213 3317 1266 καὶ
3364 1212 3663 1282 φυλάξεσθε

2094 1303 2265 1353 ποιεῖν
2295 1301 2451 1357 αὐτά.
2484 1301 2690 1375 Κύριος
2721 1304 2748 1356 6
2770 1303 2903 1367 Θεὸς
2929 1303 3082 1375 ὐμῶν
3114 1303 3319 1373 διέθετο
3353 1306 3488 1377 πρὸς
3516 1306 3663 1375 ὑμᾶς

2091 1394 2150 1445 ἐν
2180 1380 2379 1474 Χωρὴϐ
2436 1394 2708 1467 Διαθήκην
2728 1412 2741 1425 ·
2774 1396 2894 1466 οὐχί
2923 1399 3035 1459 τοῖς
3082 1380 3352 1467 πατράσιν
3398 1398 3551 1467 ὑμῶν
3584 1398 3664 1452 δι-

2090 1482 2241 1547 έθετο
2263 1483 2464 1555 Κύριος
2477 1486 2575 1557 τὴν
2590 1485 2863 1557 Διαθήκην
2883 1485 3104 1557 ταύτην,
3126 1486 3261 1539 ἀλλὰ
3286 1486 3422 1557 πρὸς
3446 1487 3609 1557 ὑμᾶς.
3637 1505 3656 1537 ι

2088 1578 2198 1632 Καὶ
2220 1579 2321 1657 ὅρα
2350 1596 2414 1647 γε
2441 1580 2587 1641 ὅπως
2632 1579 2874 1650 ἀκριϐῶς
2923 1598 3051 1651 φησι
3081 1580 3178 1652 τὴν
3215 1580 3491 1651 Διαθήκην
3530 1581 3665 1635 ταύ-

2087 1687 2206 1740 την,
2239 1670 2362 1724 ἐπεὶ
2394 1671 2465 1742 μὴ
2496 1671 2594 1742 τὴν
2623 1672 2794 1742 αὐτὴν
2836 1675 2950 1736 τοῖς
2975 1672 3465 1743 πατράσινηαύτῶν
3492 1674 3664 1727 διετέ-

2091 1762 2254 1823 θειτο.
2289 1765 2352 1817 Εἰ
2382 1764 2426 1817 δ’
2451 1760 2543 1818 οὖν
2571 1764 2847 1828 ὰπολύτως
2882 1766 2954 1836 μὴ
2983 1748 3227 1833 δεδόσθαι
3251 1768 3363 1830 τοῖς
3389 1769 3662 1840 πατράσιν

2024 1832 2064 1887 Β
2089 1854 2266 1908 αὐτῶν
2288 1856 2560 1927 Διαθήκην
2585 1858 2816 1927 εἰρήκει,
2844 1857 3046 1928 ψευδὴς
3076 1858 3141 1928 ἂν
3168 1853 3235 1929 ἦν
3258 1861 3286 1912 6
3309 1858 3466 1927 λόγος
3488 1858 3658 1930 αὐτῷ.

2087 1947 2303 2017 Δέδοται
2328 1948 2458 2016 γοῦν
2486 1947 2562 2018 τῷ
2605 1948 2853 2020 Ἀϐραὰμ
2896 1949 3146 2020 διαθήκη,
3173 1949 3269 2003 καὶ
3297 1950 3373 2021 τῷ
3402 1949 3546 2013 Νῶε,
3580 1949 3662 2016 ὡς

2084 2038 2154 2091 τὰ
2189 2037 2308 2110 ἱερὰ
2348 2041 2612 2111 μαρτυρεῖ
2637 2038 2809 2107 λόγια.
2847 2038 2946 2092 Διὰ
2969 2038 3130 2094 τοῦτο
3173 2039 3311 2110 μετὰ
3336 2039 3659 2111 προσθήκης

2082 2130 2112 2181 ὁ
2159 2129 2363 2197 Μωσῆς
2395 2129 2455 2181 οὐ
2513 2126 2717 2199 ταύτην
2770 2128 2904 2199 φησὶ
2952 2127 3192 2183 δεδόσθαι
3233 2132 3344 2193 τοῖς
3386 2129 3659 2201 πατράσιν

2082 2218 2283 2284 αὐτῶν,
2313 2220 2501 2291 ἑτέραν
2530 2222 2895 2292 αἰνιττόμενος
2935 2221 3033 2292 τὴν
3077 2222 3307 2293 κρείττω
3339 2222 3432 2275 καὶ
3470 2221 3659 2291 διαφέ-

2086 2330 2303 2384 ρουσαν,
2343 2313 2410 2366 δι’
2436 2310 2506 2387 ἧς
2545 2315 2639 2367 καὶ
2687 2313 2952 2384 θεοφιλεῖς
2991 2313 3398 2386 ἁπεφάνθησαν.
3446 2314 3658 2382 Αὐτίκα

2078 2405 2157 2477 τῷ
2198 2406 2444 2478 Ἀϐραὰμ
2467 2405 2555 2469 διὰ
2578 2407 2677 2477 τῆς
2709 2408 2788 2471 είς
2817 2407 2910 2460 τὸν
2938 2407 3043 2461 τῶν
3073 2408 3209 2462 ὅλων
3241 2407 3372 2461 Θεὸν
3418 2407 3658 2472 πίστεως

2078 2498 2146 2551 τά
2170 2499 2269 2568 τῆς
2294 2485 2637 2567 δικαιοσύνης
2657 2498 3067 2570 κατωρθῶσθαι,
3118 2498 3531 2572 μεμαρτύρηται
3560 2499 3654 2552 ὐπ’

2079 2591 2242 2646 αὐτοῦ
2275 2592 2516 2654 Μωσέως
2547 2591 2797 2660 λέγοντος
2838 2608 2851 2621 ·
2888 2610 2906 2642 ι
2955 2591 3275 2643 Ἐπίστευσε
3303 2590 3360 2642 δὲ
3403 2589 3655 2662 Ἀϐραὰμ

2076 2685 2156 2757 τῷ
2193 2684 2330 2756 Θεῷ,
2363 2687 2456 2738 καὶ
2487 2683 2735 2755 ἐλογίσθη
2777 2682 2923 2753 αὐτῷ
2955 2685 3035 2746 είς
3070 2681 3439 2754 δικαιοσύνην.
3480 2701 3499 2736 ι
3530 2683 3654 2741 Ὅτι

2076 2779 2133 2831 δὲ
2168 2777 2305 2849 μετὰ
2332 2776 2429 2848 τὴν
2465 2777 2564 2848 τῆς
2601 2776 2946 2845 δικαιοσύνης
2988 2775 3342 2847 κατόρθωσιν,
3373 2774 3465 2828 καὶ
3514 2774 3655 2846 μετὰ

2076 2872 2174 2943 τὴν
2197 2872 2290 2924 ὑπ’
2318 2870 2567 2942 εὐσεϐείᾳ
2599 2869 2901 2941 μαρτυρίαν
2928 2867 2988 2922 τὸ
3011 2869 3108 2939 τῆς
3137 2867 3437 2940 περιτομῆς
3461 2867 3653 2939 εἴληφε

2078 2954 2449 3036 σημεῖον,,καὶ
2493 2962 2656 3037 μηδὲν
2686 2961 2820 3033 πρὸς
2865 2960 3146 3025 εὐσεϐείας
3188 2961 3467 3014 δικαίωσιν
3499 2958 3653 3031 αὐτῷ

2074 3057 2224 3111 τουτὶ
2268 3055 2638 3119 συνεϐάλλετο,
2675 3054 2859 3124 σαφῶς
2897 3056 2926 3107 ὁ
2962 3054 3117 3122 λόγος
3149 3053 3495 3124 παρίστησιν.
3535 3051 3649 3105 Εὖ-

402 3144 516 3233 Deo
546 3147 750 3231 agniti,
776 3147 1019 3218 dictique
1049 3156 1196 3204 sunt.
1224 3147 1362 3204 Nam
1395 3151 1647 3222 protinus
1673 3152 1774 3223 ipsi
1804 3151 1975 3207 Abra—

2081 3165 2195 3223 ροις
2220 3148 2264 3201 δ’
2293 3148 2358 3202 ἂν
2396 3149 2489 3221 καὶ
2510 3147 2601 3201 τὸν
2642 3146 2839 3233 Ἰωσὴφ
2870 3147 2975 3219 πρὸ
2999 3147 3108 3201 τῶν
3140 3147 3381 3211 Μωσέως
3437 3147 3652 3219 χρόνων

401 3241 517 3306 hae,
548 3256 615 3297 eo
647 3239 794 3313 quod
828 3256 1041 3296 summo
1072 3240 1182 3297 Deo
1214 3244 1504 3300 crediderit
1535 3246 1691 3316 plene
1722 3261 1974 3302 servasse

2076 3244 2133 3295 ἐν
2161 3245 2274 3305 τοῖς
2317 3241 2629 3309 Αἰγυπτίων
2662 3241 2950 3311 βασιλείοις
2996 3240 3494 3318 ἁπαραφυλάκτως,
3531 3239 3649 3297 ἀλλ’

395 3332 667 3409 justitiam
685 3374 701 3399 ,
729 3334 1034 3391 exhibitum
1065 3343 1151 3407 est
1178 3336 1554 3392 testimonium
1583 3337 1651 3392 ab
1681 3338 1804 3408 ipso
1827 3337 1975 3393 Mose

399 3426 481 3482 sic
504 3415 757 3481 dicente:
788 3444 808 3477 ι
837 3425 1084 3495 Credidit
1108 3427 1381 3493 Abraham
1417 3427 1548 3492 Deo,
1574 3437 1629 3483 et
1663 3435 1970 3499 reputatum

398 3522 486 3572 est
513 3512 591 3570 illi
617 3516 683 3571 ad
703 3515 993 3597 justitiam.
1012 3504 1078 3574 ιι.
1112 3537 1130 3570 ι
1160 3516 1316 3585 Quod
1349 3526 1532 3591 autem
1562 3526 1683 3589 post
1717 3520 1861 3573 illam
1881 3518 1972 3592 ju-

400 3606 568 3663 stitiae
600 3596 816 3679 plenam
849 3597 1322 3675 observationem,
1355 3619 1408 3666 et
1437 3620 1561 3681 post
1589 3600 1668 3673 illi
1697 3612 1971 3667 redditum

401 3698 469 3755 de
497 3701 700 3770 pietate
732 3701 1105 3757 testimonium
1128 3743 1143 3767 ,
1178 3703 1356 3773 ipsum
1402 3690 1844 3779 circumcisionis
1892 3706 1970 3760 si-

406 3788 574 3863 gnum
605 3796 914 3865 acceperit,
946 3804 1001 3851 et
1035 3796 1174 3850 nihil
1200 3796 1305 3852 hoc
1336 3798 1488 3851 illum
1525 3799 1593 3853 ad
1626 3799 1878 3868 pietatem
1906 3815 1969 3855 ac

400 3884 673 3954 justitiam
702 3889 1139 3963 consequendam
1164 3889 1461 3958 adjuverit,
1492 3892 1776 3961 perSpicue
1807 3893 1968 3946 verba

401 3979 522 4048 ipsa
550 3978 946 4059 demonstrant.
974 3969 1221 4059 Invenies
1246 3996 1408 4051 porro
1430 3981 1593 4035 etiam
1614 3981 1811 4054 Joseph
1842 3965 1968 4040 ante

398 4066 571 4141 Hosis
602 4058 844 4145 tempora
874 4056 929 4123 in
961 4069 1126 4139 regiis
1155 4056 1362 4125 aedibus
1400 4070 1780 4142 Egyptiorum
1800 4113 1814 4138 ,
1848 4074 1968 4129 sine

396 4145 751 4219 Iudaicarum
784 4161 1231 4239 Observationum
1278 4162 1650 4218 sollicitudine
1693 4165 1967 4222 incuriose

396 4241 699 4328 versatum.
736 4240 1056 4320 Postremo,
1086 4254 1133 4310 si
1168 4254 1287 4321 vis,
1335 4265 1488 4326 potes
1527 4256 1705 4325 ipsum
1750 4272 1967 4328 quoque

396 4326 674 4427 summum
721 4340 1059 4418 tl‘udauorum~
1082 4345 1443 4427 legislatprem
1478 4344 1714 4410 Mosem,
1748 4326 1782 4398 ιι
1813 4326 1964 4407 leue-

394 4416 528 4491 τίω-ἰ
557 4429 737 4491 adhuc
764 4421 921 4493 aetate
950 4416 1094 4507 apud
1125 4438 1268 4508 regis
1299 4416 1540 4513 Egyptii
1576 4437 1739 4491 ﬁliam
1766 4438 1967 4508 degen-

2072 3335 2171 3387 οὐκ
2205 3333 2510 3397 Ἰουδαϊκῶς
2545 3333 2794 3404 ἀχθέντα.
2830 3334 2892 3386 Et
2924 3332 2981 3386 δὲ
3021 3332 3214 3396 θέλεις,
3242 3332 3453 3387 καὶτὸν
3486 3349 3654 3406 κορυ-

2073 3430 2228 3497 φαῖον
2250 3427 2411 3481 αὐτὸν
2441 3426 2534 3480 καὶ
2556 3425 2852 3497 νομοθέτην
2873 3425 2966 3478 τοῦ
3000 3424 3269 3478 Ἰουδαίων
3320 3423 3503 3500 ἔθνους
3522 3424 3653 3479 Μω-

2074 3517 2192 3584 σέα,
2223 3516 2415 3587 γνοίης
2438 3515 2502 3569 ἂν
2535 3515 2675 3578 ἐξέτι
2703 3510 2901 3587 νηπίας
2931 3512 3149 3584 ἡλικίας
3165 3512 3317 3585 παρὰ
3342 3515 3408 3584 τῇ
3432 3502 3524 3567 τοῦ
3547 3512 3648 3567 At-

2070 3609 2298 3680 γυπτίου
2329 3606 2589 3678 βασιλέως
2618 3606 2849 3679 θυγατρὶ
2880 3606 2978 3669 τὰς
3016 3604 3301 3677 διατριϐὰς
3338 3605 3645 3675 πεποιημέ-

2070 3719 2180 3764 νον,
2200 3690 2413 3772 ’τροφῆς
2440 3717 2501 3753 τε
2532 3700 2633 3769 τῆς
2658 3698 2957 3768 Αἰγυπτίας
2983 3698 3421 3768 ἀπαρατηρήτως
3462 3712 3647 3767 μετει-

2069 3793 2289 3865 ληχότα.
2322 3793 2387 3845 Τί
2435 3791 2516 3845 δεῖ
2556 3791 2730 3859 λέγειν
2777 3790 2868 3844 τὸν
2913 3788 3310 3862 τρισμακάριον
3369 3787 3508 3852 Ἰὼϐ,
3551 3788 3647 3842 τὸν

2070 3885 2244 3956 ἀληθῆ
2276 3884 2560 3954 ἄνθρωπον
2587 3884 2817 3948 ἐκεῖνον,
2848 3881 2938 3935 τὸν
2967 3881 3273 3952 ἄμεμπτον,
3301 3880 3392 3934 τὸν
3414 3880 3643 3948 δίκαιον,

2066 3980 2157 4032 τὸν
2202 3968 2428 4047 θεοσεϐῆ
2454 3992 2469 4040 ;
2499 3976 2597 4046 τῆς
2628 3978 2707 4038 εἰς
2752 3973 2919 4043 ἄκρον
2960 3972 3239 4037 εὐσεϐείας
3270 3970 3417 4043 αὐτῷ
3446 3973 3540 4032 καὶ
3566 3971 3649 4024 δι-

2068 4069 2431 4141 καιοπραγίας
2465 4070 2548 4143 τίς
2579 4056 2695 4139 ἆρα
2750 4067 2897 4131 αἰτία
2918 4062 3020 4138 ἦν;
3082 4067 3278 4138 μήτιγε
3308 4064 3376 4120 τὰ
3401 4065 3647 4130 Μωσέως

2070 4150 2539 4235 παραγγέλματα;
2576 4156 2859 4229 Οὐδαμῶς.
2914 4155 3073 4209 Ἀλλὰ
3110 4154 3387 4208 Σαϐϐάτου
3431 4146 3644 4226 ἡμέρας

2066 4244 2507 4320 ὲπιτήρησις.ἧν,
2541 4248 2576 4319 ἧ
2605 4264 2748 4312 τινος
2789 4246 2955 4318 ἄλλης
3010 4245 3308 4314 Ἰουδαϊκῆς
3359 4243 3645 4315 ἐθελοθρη-

2068 4341 2255 4405 σκείας
2305 4340 2559 4413 φυλακή;
2615 4340 2775 4394 πόθεν
2803 4380 2817 4404 ,
2867 4337 3220 4410 πρεσϐυτέρῳ
3269 4340 3380 4400 τοῖς
3428 4337 3643 4408 χρόνοις

2066 4434 2328 4498 Μωσέως,
2361 4436 2456 4487 καὶ
2506 4434 2607 4504 τῆς
2637 4435 2757 4487 κατ’
2792 4432 2953 4486 αὐτὸν
2982 4430 3299 4503 νομοθεσίας
3329 4429 3639 4501 γενομένῳ;

393 4516 504 4585 tem
538 4516 881 4611 agnoscere,
904 4532 999 4602 qui
1044 4516 1263 4602 quidem
1311 4509 1570 4611 Egyptio
1615 4533 1775 4602 plane
1812 4546 1962 4586 more

2079 4527 2136 4579 '0
2161 4526 2259 4597 μὲν
2290 4524 2397 4596 γὰρ
2417 4526 2621 4597 Μωσῆς
2672 4514 2901 4597 ἕϐδομος
2926 4523 2986 4588 ἐξ
3026 4521 3275 4594 Ἀϐραὰμ
3312 4509 3643 4592 γενεαλόγεῖ-

391 4620 599 4705 absque
621 4608 864 4676 Judaicis
895 4612 1370 4705 observationibus
1425 4608 1569 4693 apud
1605 4623 1851 4701 eamdem
1894 4622 1967 4679 sit
2011 4612 2014 4619 ’

393 4700 681 4769 educatus.
716 4712 823 4769 Sed
854 4707 1114 4780 quidnam
1136 4702 1211 4770 ~de
1239 4714 1560 4770 beatissimo
1588 4713 1721 4778 Job,
1753 4698 1820 4768 de
1847 4713 1962 4778 illo,

391 4800 614 4879 inquam
635 4850 651 4872 ,
680 4823 810 4864 vero
842 4796 1063 4873 homine
1082 4847 1097 4872 ,
1126 4809 1219 4873 illo
1249 4808 1600 4877 inculpabili,
1631 4806 1783 4876 justo
1803 4845 1818 4870 ,
1847 4807 1960 4878 pio,

390 4898 674 4977 dicemus?
715 4898 846 4975 Quae
872 4880 1089 4969 tandem
1118 4898 1264 4971 illius
1302 4900 1529 4953 summa:
1565 4895 1782 4977 pietatis
1808 4880 1864 4977 et“
1883 4895 1966 4966 ju-

392 4974 558 5069 stitiae
599 5007 767 5048 causa
812 4991 1072 5051 exstitit?
1100 4980 1347 5062 nunquid
1380 4996 1648 5060 praecepta
1685 4974 1963 5067 Μυεάίεεῖ

392 5085 635 5141 minime.
663 5085 803 5143 Num
833 5070 941 5142 diei
972 5071 1194 5139 Sabbati
1216 5125 1233 5149 ,
1263 5092 1357 5147 aut
1390 5080 1618 5136 alterius
1649 5078 1959 5150 cujuspiam

387 5175 599 5234 Judaici
632 5177 770 5233 ritus
795 5158 1153 5233 observatio?
1173 5175 1314 5231 unde
1340 5174 1416 5229 illi
1442 5174 1576 5237 hoc,
1604 5173 1698 5243 qui
1726 5180 1781 5228 et
1801 5171 1962 5229 aetate

391 5254 571 5341 ipsum
594 5266 797 5347 hiosem
823 5264 1118 5333 antecedit,
1141 5275 1197 5322 et
1217 5271 1344 5321 ante
1366 5264 1514 5335 leges
1541 5264 1610 5319 ab
1631 5264 1726 5319 illo
1751 5265 1965 5347 positas

389 5372 474 5418 est
506 5346 711 5417 natus?
754 5358 968 5437 Etenim
1009 5361 1190 5435 Moses
1231 5357 1497 5439 septimus
1544 5364 1863 5425 numeratur
1893 5357 1962 5411 ah

388 5450 697 5522 Abraham,
744 5455 834 5511 hic
882 5463 1064 5515 autem
1119 5452 1377 5525 quintus,
1420 5457 1481 5507 ut
1526 5450 1607 5507 sic
1652 5449 1800 5505 Mose
1844 5450 1962 5519 ipso

388 5548 663 5620 antiquior
690 5548 903 5605 duabus
937 5545 1245 5603 inveniatur
1268 5530 1553 5601 iactatibus;
1576 5541 1961 5613 Contemplare

387 5641 551 5715 igitur
577 5642 810 5715 hujusce
841 5624 1045 5719 vitam,
1079 5654 1200 5711 quae
1241 5638 1308 5694 de
1350 5626 1559 5711 legibus
1605 5652 1635 5692 a
1678 5636 1827 5692 Mose
1860 5652 1960 5707 po-

457 5821 502 5860 "
540 5819 675 5876 Gen.
713 5835 864 5885 xxvi,
904 5819 1023 5874 5-5.
1063 5890 1066 5894 ι
1099 5819 1144 5852 ⁸³
1183 5819 1339 5877 Deut.
1385 5838 1437 5889 v,
1483 5820 1595 5873 1.5.

2066 4636 2176 4683 ται,
2209 4620 2390 4673 οὐτοσὶ
2427 4618 2485 4671 δὲ
2518 4619 2784 4689 πέμπτος,
2818 4617 2937 4669 δυσὶ
2977 4615 3267 4692 προτέραις
3316 4615 3406 4669 τὸν
3435 4614 3641 4681 Μθωσέα

2067 4714 2280 4780 γενεαῖς
2318 4710 2593 4782 προάγων.
2629 4704 2739 4763 Θέα
2765 4709 2809 4761 δ’
2854 4702 2947 4761 οὖν
2991 4697 3088 4760 καὶ
3137 4704 3329 4760 τούτου
3364 4706 3454 4758 τὸν
3503 4704 3636 4775 βίον,

2073 4802 2319 4867 Μωσέως
2373 4802 2472 4873 μὲν
2499 4802 2597 4873 τῆς
2631 4799 2950 4872 νομοθεσίας
2979 4799 3131 4853 οὐδὲν
3157 4799 3513 4869 ἐπαγόμενον,
3540 4798 3640 4869 τῆς

2067 4892 2124 4947 δὲ
2152 4891 2247 4947 τοῦ
2277 4892 2527 4963 Σωτῆρος
2552 4891 2707 4962 ήμῶν
2755 4890 3113 4961 εὐαγγελικῆς
3150 4888 3494 4952 διδασκαλίας
3539 4889 3642 4942 οὐκ

2069 4983 2365 5057 ἀλλότριον.
2404 4985 2566 5053 Λέγει
2600 4983 2645 5036 δ’
2695 4978 2788 5037 οὖν
2830 4983 3010 5049 αὐτὸς,
3049 4983 3141 5041 τὸν
3187 4980 3380 5035 ἑαυτοῦ
3425 4978 3640 5046 διεξιὼν

2068 5077 2200 5148 βίον,
2230 5078 2289 5131 ὲν
2321 5080 2388 5150 τῇ
2421 5077 2558 5150 πρὸς
2586 5076 2712 5139 τοὺς
2738 5064 2991 5148 ἑταίρους
3014 5075 3298 5147 ἀπολογία·
3338 5094 3356 5127 ι
3394 5074 3641 5128 Διέσωσα

2064 5154 2174 5244 γὰρ
2217 5158 2427 5241 πτωχὸν
2473 5172 2539 5223 ὲκ
2566 5168 2748 5240 χειρὸς
2773 5168 3053 5231 δυνάστου,
3087 5168 3181 5222 καὶ
3204 5166 3442 5239 ὀρφανῷ,
3467 5159 3511 5234 ᾧ
3538 5165 3639 5219 οὐκ

2064 5261 2132 5338 ἦν
2193 5257 2404 5335 βοηθὸς,
2456 5260 2749 5334 ἐϐοήθησα.
2796 5261 2979 5331 Στόμα
3027 5259 3084 5312 δὲ
3133 5260 3309 5331 χήρας
3365 5275 3434 5329 με
3484 5255 3637 5310 εὐλό-

2065 5374 2243 5429 γησε,
2303 5352 2649 5426 δικαιοσύνην
2712 5352 2769 5406 δὲ
2829 5350 3211 5405 ὲνεδεδύκειν.“
3250 5347 3637 5419 Ἦμφιεσάμην

2067 5448 2124 5502 δὲ
2175 5447 2353 5518 κρίμα
2408 5447 2497 5500 ίσα
2556 5444 2786 5500 διπλοῖδι
2812 5486 2828 5509 ,
2876 5441 3150 5514 ὀφθαλμὸς
3203 5441 3350 5513 ήμην
3399 5438 3635 5507 τυφλῶν,

2069 5539 2205 5604 ποῦς
2268 5539 2325 5593 δὲ
2382 5538 2593 5611 χωλῶν·
2656 5537 2766 5608 ἐγὼ
2801 5539 2946 5609 ἢμην
3010 5534 3193 5607 πατὴρ
3250 5532 3546 5587 ἀδυνάτων.
3610 5548 3631 5585 ι

2066 5632 2212 5687 Αὐτὰ
2239 5632 2303 5705 δὴ
2332 5632 2523 5697 ταῦτα,
2545 5631 2800 5702 ἄντικρυς
2820 5630 2885 5684 τὰ
2917 5630 3076 5684 πᾶσιν
3102 5629 3229 5699 ἡμῖν
3254 5625 3341 5680 διὰ
3356 5622 3451 5697 τῆς
3471 5622 3635 5693 εὐαγ-

1674 5820 1717 5851 ⁶³
1751 5818 1886 5874 Gen.
1928 5833 2029 5885 xv,
2070 5815 2123 5873 6.
