3942 6258
312 347 381 405 53
1250 346 1906 407 DEMOKSTRATIONIS
1944 348 2405 409 EVANGELICA‘I
2442 351 2569 408 LIB.
2614 351 2651 410 Ι.
3496 360 3568 419 54

307 466 533 537 γελικῆς
573 466 925 531 διδασκαλίας
957 468 1252 539 μαθήματα
1286 469 1683 542 κηρυττόμενα.
1735 471 1872 525 Ἀλλέ

1997 470 2117 528 sitis
2150 472 2285 527 nihil
2322 472 2531 528 inducit
2556 514 2571 538 ,
2601 473 2671 529 ab
2697 472 3012 544 evangelica
3045 486 3226 531 autem
3267 478 3566 536 Salvatoris

306 559 396 613 καὶ
416 558 495 622 ὡς
528 558 694 622 εἰδὼς
718 554 778 613 εὖ
811 559 955 631 μάλα
980 559 1042 612 τὸ
1072 580 1089 611 ι
1124 560 1331 616 κλαίειν
1359 562 1502 632 μετά
1528 562 1840 617 κλαιόντων·
1867 582 1887 616 ι

304 650 507 714 καὶτὸ,
553 669 574 702 ι
619 651 895 724 Μακάριοι
936 652 982 705 oi
1031 650 1327 719 κλαίοντες,
1367 654 1449 708 ὅτι
1483 654 1821 723 γελάσονται,
1867 673 1886 707 ι

304 742 390 796 καὶ
430 741 518 807 τὸ,
572 762 596 795 ι
648 744 710 797 Εί
736 743 933 814 πάσχει
963 742 1020 797 ἓν
1057 743 1236 815 μέλος,
1274 746 1586 817 συμπάσχει
1620 746 1795 801 πάντα
1824 746 1893 800 τὰ

302 834 458 907 μέλη,
511 852 533 885 ι
584 835 647 888 ἐν
684 838 797 899 τοῖς
832 836 932 907 τῆς
963 836 1327 908 εὐαγγελικῆς
1350 838 1695 902 διδασκαλίας
1719 838 1893 912 μαθή-

300 940 429 993 μασι
458 927 860 997 περιεχόμενα,
890 927 952 980 τὸ
976 927 1114 1000 πρὸς
1149 930 1277 994 τοὺς
1301 932 1357 983 ἐν
1381 930 1460 1002 τῷ
1494 930 1593 1001 βίῳ
1613 929 1891 985 ταλαιπω-

298 1017 607 1088 ρουμένους
654 1019 1035 1091 φιλάνθρωπον
1107 1021 1440 1087 ἐπεδείκνυε,
1486 1022 1677 1092 λέγων·
1753 1023 1890 1094 Ἐγὼ

290 1110 345 1163 δὲ
385 1110 484 1163 ἐπὶ
521 1112 697 1165 παντὶ
729 1112 977 1185 ἀδυνάτῳ
1006 1113 1264 1170 ἔκλαυσα·
1304 1134 1322 1167 ι
1361 1115 1622 1183 ἐστέναξα
1664 1117 1722 1173 δὲ
1767 1117 1890 1173 ίδὼν

289 1203 456 1273 ἄνδρα
509 1205 578 1256 ἐν
627 1204 917 1274 ἀνάγκαις.
959 1225 977 1258 ι
1016 1203 1148 1261 Εἶτα
1187 1208 1369 1274 πάλιν,
1400 1208 1501 1279 τῆς
1532 1210 1890 1285 εὐαγγελικῆς

285 1296 652 1362 διδασκαλίας
678 1298 808 1362 τοὺς
839 1299 1107 1371 ἁσέμνους
1144 1301 1596 1375 ἀπαγορευούσης
1624 1304 1886 1373 γέλωτας,

285 1387 594 1460 προλαϐὼν
626 1391 657 1441 6
702 1390 969 1463 μακάριος
994 1394 1198 1457 οὐτοσὶ,
1240 1397 1422 1466 φησίν·
1475 1415 1493 1448 ι
1549 1397 1611 1450 El
1641 1397 1697 1450 δὲ
1742 1399 1888 1471 ἥμην

282 1482 713 1553 πεπορευμένος
742 1482 881 1554 μετά
929 1483 1278 1552 γελοιαστῶν·
1311 1488 1360 1539 εί
1392 1487 1449 1541 δὲ
1489 1489 1583 1542 καὶ
1622 1491 1885 1546 ἐσπούδα-

282 1588 373 1624 σεν
399 1573 431 1625 6
460 1574 616 1638 ποῦς
639 1592 741 1646 μου
764 1577 845 1639 εἰς
863 1575 1032 1641 δόλον,
1055 1578 1291 1649 ἓσταμαι
1320 1580 1377 1634 δὲ
1402 1581 1460 1634 ἐν
1496 1580 1643 1652 ζυγῷ
1672 1583 1883 1655 δικαίῳ,

280 1660 387 1717 οἶδε
409 1664 472 1718 δὲ
502 1668 536 1719 6
566 1666 774 1737 Κύριος
796 1667 894 1739 τὴν
922 1670 1159 1724 ἀκακίαν
1185 1688 1307 1742 μου.
1353 1672 1571 1745 Ἐπειδὴ
1593 1674 1651 1727 δὲ
1679 1676 1707 1727 6
1732 1675 1884 1747 rrapit

282 1759 474 1811 Μωσεῖ
500 1758 669 1828 λόγος
716 1759 1013 1831 νομοθετεῖ,
1036 1762 1227 1831 λέγων,
1249 1781 1267 1814 ι
1292 1765 1368 1818 Οὐ
1391 1764 1715 1835 μοιχεύσεις,
1742 1786 1761 1818 ›
1788 1767 1883 1823 θά-

1999 562 2174 616 nostri
2222 562 2474 619 doctrina
2532 577 2643 617 non
2692 562 2971 620 abhorret.
3016 562 3160 619 Dicit
3206 565 3371 637 igitur
3414 566 3566 637 ipse,

1996 653 2089 708 ubi
2123 668 2276 708 suam
2310 653 2481 723 ipsius
2511 654 2677 710 vitam
2708 658 2964 727 exponit,
3017 664 3071 713 et
3118 656 3475 730 arguentibus
3507 671 3569 717 se

1994 746 2185 801 amicis
2216 746 2545 817 respondet:
2580 766 2597 797 ι
2629 745 2852 804 Servari
2882 750 3027 807 enim
3060 750 3278 822 inopem
3305 750 3372 806 de
3399 766 3566 806 manu

1994 837 2274 907 potentis:
2314 846 2369 892 et
2418 836 2661 908 pupillo,
2693 840 2781 895 cui
2836 856 2942 895 non
2994 851 3104 909 erat
3155 840 3395 912 adjutor,
3437 843 3568 898 sub-

1992 928 2137 984 veni.
2164 928 2238 986 Os
2266 937 2447 985 autem
2482 930 2660 987 viduae
2690 930 2823 986 mihi
2856 932 3172 998 benedixit,
3197 945 3251 990 et
3291 934 3565 1005 justitiam

1993 1020 2299 1076 indumenti
2346 1020 2469 1076 loco
2517 1022 2724 1094 accepi.
2776 1021 3052 1078 Adornavi
3108 1034 3291 1079 autem
3347 1041 3433 1084 me
3471 1025 3565 1098 ju-

1992 1109 2167 1176 dicio,
2218 1112 2375 1182 quasi
2408 1112 2613 1183 duplici
2675 1114 3039 1185 vestimento;
3093 1118 3287 1174 oculus
3333 1118 3411 1174 fui
3459 1135 3566 1177 ca:-

1992 1217 2179 1257 corum
2201 1243 2216 1267 ,
2245 1219 2339 1274 pes
2370 1203 2688 1259 claudorum
2716 1224 2728 1259 :
2759 1221 2860 1277 ego
2891 1205 2967 1265 fui
2998 1216 3154 1279 pater
3184 1210 3405 1281 inopum
3442 1213 3507 1265 ⁸⁸.
3540 1232 3559 1267 ι

1995 1293 2097 1365 15
2130 1292 2248 1364 ipsa
2294 1296 2406 1352 haec
2444 1296 2608 1368 igitur
2650 1298 2976 1354 documenta
3024 1300 3182 1371 plane
3209 1302 3396 1357 eadem
3436 1312 3564 1360 sunt

1990 1402 2112 1442 cum
2142 1387 2229 1455 iis,
2272 1404 2393 1459 qua:
2420 1390 2675 1446 omnibus
2721 1391 2881 1446 nobis
2924 1406 3020 1462 per
3063 1394 3435 1464 evangelicam
3465 1395 3564 1451 do-

1988 1478 2224 1534 ctrinam
2276 1481 2418 1536 tradi
2457 1483 2812 1554 nuntiarique
2852 1485 3014 1540 solita
3055 1495 3185 1541 sunt
3219 1505 3231 1540 :
3264 1489 3563 1559 quinetiam

1986 1571 2150 1627 veluti
2183 1572 2229 1630 is
2260 1575 2351 1645 qui
2384 1575 2519 1631 bene
2543 1576 2673 1631 illud
2706 1587 2929 1634 nosset:
2967 1598 2986 1629 ι
3017 1578 3171 1636 Flere
3216 1596 3341 1639 cum
3387 1581 3564 1638 ﬂenti-

1986 1664 2089 1720 bus
2111 1667 2194 1719 “:
2238 1686 2257 1720 ι
2291 1676 2343 1723 et
2392 1669 2547 1732 illud,
2578 1688 2596 1719 ι
2636 1669 2785 1725 Beati
2827 1672 2920 1742 qui
2968 1673 3172 1744 lugent,
3206 1676 3461 1747 quoniam
3487 1677 3565 1732 ri-

1986 1753 2268 1824 debunt",
2301 1778 2320 1811 ι
2358 1766 2412 1813 et
2442 1759 2611 1815 illud:
2652 1779 2670 1812 ι
2712 1760 2768 1816 Si
2801 1779 2966 1817 unum
3005 1767 3305 1821 membrum
3337 1768 3560 1838 patitur,

281 1849 435 1901 νατόν
465 1867 533 1903 τε
566 1850 715 1904 κατά
744 1851 948 1922 μοιχῶν
990 1851 1397 1925 ἐπιψηφίξεται·
1430 1855 1458 1909 ὁ
1491 1856 1548 1909 δὲ
1582 1858 1683 1929 τῆς
1714 1860 1872 1927 εὐαγ-

1984 1861 2107 1901 cum
2134 1864 2199 1904 eo
2246 1850 2408 1905 simul
2442 1852 2626 1907 omnia
2673 1855 2917 1909 membra
2964 1858 3331 1926 patiuntur“.
3372 1880 3390 1910 ι
3429 1861 3562 1928 Qua:

278 1941 510 2013 γελικῆς
567 1943 923 2009 διδασκαλίας
972 1946 1065 2000 τὸν
1119 1948 1280 2019 νόμον
1332 1949 1634 2018 ἐπιτείνων,
1698 1954 1881 2025 φησιν·

281 2051 302 2085 ι
366 2035 619 2109 Ἐρῤέθη
651 2040 768 2099 τοῖς
824 2038 1097 2111 ἀρχαίοις·
1140 2041 1214 2095 Οὐ
1275 2043 1603 2113 μοιχεύσεις·
1667 2045 1778 2115 ἐγὼ
1826 2047 1882 2101 δὲ

275 2126 417 2195 λέγω
446 2130 617 2199 ὑμῖν,
642 2130 776 2202 μηδὲ
796 2130 1079 2204 τὴνάρχὴν
1105 2132 1411 2205 ἐπιθυμεῖν·
1443 2154 1460 2186 ι
1482 2136 1753 2207 σκέψασθε
1780 2157 1881 2193 κα-

275 2218 381 2284 λῶς
420 2221 531 2275 τδν
580 2224 713 2294 περὶ
752 2219 815 2277 οῦ
855 2223 951 2278 νῦν
994 2227 1024 2279 ὁ
1054 2224 1228 2295 λόγος,
1254 2228 1338 2291 ὃς,
1373 2229 1516 2284 κατά
1545 2230 1607 2283 τὸ
1644 2233 1880 2303 Χριστοῦ

280 2310 426 2382 βιοὺς
445 2312 813 2381 Εὐαγγέλιον,
845 2314 1025 2369 καὶτὸ
1055 2318 1172 2388 μετ’
1204 2317 1496 2389 ἐπιθυμίας
1527 2320 1881 2375 ἀκολαστότε-

280 2423 367 2478 ρον
397 2405 710 2478 ἐμῦλέπειν
743 2408 1208 2491 παρεφυλάττετο,
1231 2411 1315 2480 ἐφ’
1340 2406 1383 2479 ᾧ
1411 2414 1504 2466 καὶ
1532 2414 1875 2485 ἐσεμνύνετο,

278 2500 475 2569 λέγων·
510 2521 531 2555 ι
562 2502 628 2555 Ei
646 2503 704 2556 δὲ
725 2502 818 2557 καὶ
841 2501 922 2573 τῷ
941 2502 1203 2575 ὀφθαλμῷ
1230 2506 1664 2579 ἐπηκολούθησεν
1688 2510 1722 2579 ἡ
1742 2526 1878 2580 καρ-

275 2593 362 2649 δία
397 2612 515 2665 μου
554 2595 779 2664 γυναικὶ
823 2595 1019 2667 ἀνδρὸς
1058 2595 1268 2668 ἐτέρου·
1313 2617 1333 2649 ›
1377 2599 1469 2652 καὶ
1498 2599 1590 2653 τὸν
1620 2599 1875 2671 λογισμὸν

278 2680 613 2736 ἀποδίδωσιν
638 2681 769 2752 ἑξῆς
797 2683 1039 2752 ἐπάγων·
1086 2703 1105 2735 ι
1142 2684 1326 2756 Θυμδς
1370 2686 1479 2758 γάρ
1517 2687 1710 2760 ἀνδρὸς
1738 2690 1875 2744 ἀκα-

276 2771 547 2845 τάσχετος
589 2774 651 2827 τὸ
709 2776 898 2845 μιᾶναι
948 2777 1140 2848 ἀνδρὸς
1183 2781 1439 2847 γυναῖκα·
1475 2780 1587 2852 πῦρ
1619 2781 1728 2852 γάρ
1760 2783 1874 2837 ἐστι

279 2868 574 2939 καιόμενον
603 2868 698 2921 ἐπὶ
730 2869 948 2924 πάντων
986 2869 1095 2922 τῶν
1139 2870 1340 2941 μερῶν·
1371 2865 1431 2925 οὗ
1458 2873 1504 2926 δ’
1532 2871 1597 2926 ἂν
1636 2874 1871 2948 εἰσέλθῃ,

277 2962 341 3016 ἐκ
370 2962 545 3033 ῥιζῶν
570 2960 874 3016 ἀπώλεσεν.
912 2980 933 3014 ι
978 2962 1136 3017 Ἀλλά
1167 2964 1262 3017 καλ¹
1290 2965 1351 3017 τὸ
1381 2964 1475 3019 τοῦ
1504 2967 1708 3039 τρόπου
1736 2969 1874 3023 ἀδω-

281 3054 575 3125 ροδόκητον
604 3053 934 3127 παρίστησιν
959 3047 1081 3109 ῶδε·
1114 3074 1133 3107 ι
1164 3056 1296 3110 Είδὲ
1324 3058 1415 3111 καὶ
1434 3062 1554 3122 ταῖς
1580 3060 1735 3131 χερσί
1768 3080 1871 3133 μου

278 3146 508 3218 ἡψάμην
556 3145 768 3219 δώρων,
822 3146 1110 3219 σπείραιμι
1147 3147 1274 3220 ἄρα,
1312 3149 1405 3203 καὶ
1435 3149 1585 3204 ἄλλοι
1626 3152 1866 3222 φάγοιεν·

278 3236 505 3311 ἇρριζος
532 3239 594 3292 δὲ
618 3239 878 3311 γενοίμην
908 3240 1001 3293 ἐπὶ
1020 3240 1143 3310 γῆς.
1175 3260 1195 3293 ι
1237 3241 1422 3305 Ὅπως
1442 3242 1499 3295 δὲ
1534 3244 1628 3296 καὶ
1659 3246 1772 3308 τοῖς
1792 3246 1872 3297 ol-

275 3330 450 3394 κείοις
482 3332 875 3402 προσεφέρετο,
922 3331 1111 3402 μαθεῖν
1144 3332 1312 3396 ἐστιν,
1356 3333 1450 3403 ἀφ’
1490 3327 1566 3390 ὧν
1609 3334 1869 3401 διδάσκει,

278 3424 526 3491 φάσκων·
566 3442 586 3474 ‹
630 3424 693 3476 Εί
714 3423 773 3476 δέ
805 3424 900 3477 καὶ
923 3423 1189 3493 ἐφαύλισα
1206 3425 1382 3497 κρίμα
1412 3426 1746 3497 θεράποντάς
1768 3444 1870 3498 μου

274 3512 309 3584 ἢ
331 3513 696 3587 θεραπαίνης,
727 3514 1060 3585 κρινομένων
1080 3514 1258 3568 αὐτῶν
1286 3516 1423 3586 πρὸς
1445 3516 1563 3587 ἐμέ·
1594 3536 1614 3568 ι
1640 3517 1734 3571 xal
1768 3517 1872 3572 πά-

277 3606 361 3660 λιν
377 3606 471 3660 τὸν
485 3605 750 3677 λογισμὸν
771 3606 1084 3660 ἀποδίδωσι·
1106 3626 1125 3658 ι
1158 3606 1223 3660 Τί
1241 3606 1350 3678 γὰρ
1380 3609 1608 3679 ποιήσω,
1631 3609 1726 3663 ἐὰν
1744 3609 1870 3664 ἐτα-

279 3699 365 3753 σίν
394 3716 496 3770 μου
512 3699 733 3769 ποιῆται
755 3698 784 3751 6
806 3697 965 3763 636;;
1003 3699 1228 3770 πότερον
1258 3699 1354 3769 οὐχ
1374 3699 1451 3762 ὡς
1474 3698 1585 3769 ἐγὼ
1604 3701 1870 3773 ἐγενόμην

276 3793 336 3845 ἐν
352 3792 542 3863 σαρκὶ,
564 3789 741 3847 οὕτως
752 3790 994 3844 κὰκετνοι
1014 3790 1273 3858 γεγόνασι
1290 3807 1304 3849 :
1326 3791 1629 3862 γεγόναμεν
1646 3792 1705 3846 δέ
1725 3793 1781 3845 ἐν
1800 3795 1867 3864 τῇ

278 3883 417 3954 αὐτῇ
446 3881 647 3954 κοιλίᾳ.
684 3901 704 3934 ι
739 3880 960 3945 Τούτοις
986 3880 1247 3950 ἐπιλέγει·
1291 3898 1311 3932 ι
1345 3881 1537 3952 Χήρας
1563 3880 1655 3934 τὸν
1678 3882 1872 3951 ὀφθαλ-

280 3975 380 4047 μὸν
405 3976 509 4029 οὐκ
537 3973 787 4045 ἐξέτηξα·
837 3974 887 4026 εί
936 3974 1119 4027 δὲκαὶ
1160 3973 1252 4027 τὸν
1286 3973 1479 4046 ψωμόν
1521 3990 1622 4045 μου
1666 3974 1868 4043 ἔφαγον

279 4067 458 4139 μόνος,
492 4068 587 4121 καὶ
606 4068 730 4138 οὐχὶ
752 4065 974 4138 ὀρφανῷ
1009 4066 1286 4137 μετέδωκα
1313 4066 1371 4134 ἐξ
1400 4067 1585 4121 αὐτοῦ·
1619 4068 1668 4121 εἰ
1693 4067 1752 4121 δέ
1774 4070 1867 4121 καὶ

276 4158 414 4214 εἶδον
454 4158 665 4231 γυμνὸν
697 4158 1087 4230 ἀπολλύμενον,
1135 4158 1231 4213 καὶ
1279 4159 1379 4212 οὐκ
1406 4158 1668 4230 ὴμφίεσα.
1705 4177 1723 4210 ι
1755 4159 1866 4211 Kal

280 4252 437 4307 πάλιν
470 4251 680 4317 ὑποϐὰς
710 4251 861 4321 λέγει
884 4269 898 4284 ·
931 4270 952 4303 ι
994 4253 1058 4305 Et
1091 4251 1147 4305 δὲ
1178 4252 1272 4306 καὶ
1303 4250 1435 4321 λίθῳ
1457 4250 1738 4304 πολυτελεῖ
1765 4253 1864 4303 ἐπ-

280 4345 563 4416 εποίθησα·
597 4345 646 4397 εί
688 4343 747 4397 δὲ
782 4345 876 4397 καὶ
910 4342 1229 4415 ηὐφράνθην
1278 4341 1471 4396 πολλοῦ
1506 4341 1736 4396 πλούτου
1774 4359 1863 4412 μοι

279 4437 589 4508 γενομένου·
617 4437 667 4490 εί
690 4436 747 4490 δέ
773 4437 866 4490 καὶ⁸
908 4437 994 4489 ἐπ’
1031 4434 1420 4507 ἀναριθμήτοις
1466 4433 1669 4506 ἐθέμην
1705 4433 1864 4506 χεῖρά

283 4546 399 4599 μου.
435 4548 455 4581 ι
507 4528 755 4596 Kal-rev
800 4526 1059 4599 λογισμὸν
1093 4522 1249 4590 αὖθις
1283 4524 1543 4594 ἐπιλέγει·
1582 4543 1602 4577 ι
1648 4525 1720 4577 Ἢ
1761 4524 1860 4594 οὐχ
1897 4549 1939 4604 ι)

277 4622 489 4695 ὁρῶμεν
526 4621 682 4693 ἥλιον
709 4619 1118 4690 ἐπιφαύσκοντα
1145 4618 1239 4672 καὶ
1268 4617 1608 4680 ἐκλείποντα,
1645 4617 1740 4670 καὶ
1779 4633 1861 4669 σε-

276 4708 439 4783 λήνην
482 4708 542 4763 δέ
574 4708 906 4778 φθίνουσαν;
949 4727 967 4759 ι
1006 4703 1139 4761 Εἶτα
1172 4706 1335 4761 πάλιν
1368 4707 1467 4778 τῆς
1499 4704 1859 4777 εὐαηελικῆς

274 4802 625 4865 διδασκαλίας
698 4800 974 4870 φησάσης,
1030 4819 1050 4853 ι
1121 4799 1351 4871 Ἐρρέθη
1400 4801 1515 4862 τοῖς
1568 4798 1819 4869 ἀρχαίοις
1841 4814 1865 4845 ·.

285 4895 620 4965 Ἀγαπήσεις
639 4891 733 4946 τὸν
758 4892 982 4965 πλησίον
1011 4910 1125 4957 σου,
1155 4892 1248 4946 καὶ
1276 4892 1527 4963 μισήσεις
1547 4890 1638 4943 τὸν
1667 4888 1859 4961 ἐχθρόν

276 5004 386 5042 σου.
427 4985 576 5054 Ἐγὼ
615 4986 676 5039 δέ
726 4984 869 5054 λέγω
917 4986 1063 5056 ὑμῖν·
1122 4984 1398 5053 Ἀγαπᾶτε
1460 4983 1587 5047 τοὺς
1632 4981 1860 5053 ἐχθροὺς

276 5076 447 5153 ὐμῶν,
488 5096 506 5129 ι
539 5077 806 5147 αὐτοφυεί
838 5076 1155 5147 διδασκαλία
1179 5073 1464 5147 προλαϐὼν
1493 5073 1522 5126 6
1554 5071 1855 5143 θαυμάσιος

273 5166 499 5244 τοῦργον
529 5169 871 5242 ἀπεπλήρου.
898 5170 988 5222 Διό
1017 5186 1197 5241 φησιν·
1239 5187 1257 5219 ι
1296 5168 1360 5221 El
1378 5166 1435 5220 δὲ
1468 5166 1561 5220 καὶ
1583 5165 1854 5237 ἐπιχαρὴς

274 5264 539 5336 ἐγενόμην
568 5263 662 5317 ἐπὶ
691 5260 947 5333 πτώματι
974 5260 1168 5333 ἐχθροῦ
1197 5277 1318 5332 μου,
1355 5259 1451 5314 καὶ
1480 5255 1632 5313 εἶπεν
1657 5259 1690 5329 ἡ
1713 5273 1851 5327 καρ-

271 5357 352 5410 δία
377 5374 504 5430 μου,
538 5351 705 5424 Εὖγε,
746 5355 977 5426 ἥκουσεν
1009 5352 1116 5425 ἄρα
1141 5352 1204 5405 τὸ
1234 5349 1326 5416 οὖς
1354 5369 1453 5423 μου
1480 5351 1581 5423 τὴν
1605 5349 1851 5420 κατάραν

275 5467 422 5519 μου.»
451 5451 564 5505 Kal
590 5446 881 5515 ἐπιλέγει·ι
908 5444 1056 5512 Ἔξω
1067 5444 1125 5497 δέ
1148 5443 1247 5496 οὐκ
1270 5441 1520 5514 ηὐλίζετο
1548 5441 1716 5506 ξένος,
1741 5442 1775 5512 ἡ
1793 5440 1850 5494 δὲ

268 5542 401 5616 θύρα
431 5561 531 5616 μου
564 5541 731 5597 παντὶ
757 5539 957 5594 ἐλθόντι
986 5537 1245 5608 ἀνέῳκτο,
1276 5556 1295 5589 ι
1329 5535 1453 5589 ἐπεὶ
1472 5535 1545 5606 μὴ
1566 5533 1844 5605 ἀλλότριος

1986 1937 2041 1991 in
2077 1937 2379 2011 disciplinae
2429 1943 2756 2014 evangelicae
2798 1943 3145 2002 documentis
3189 1950 3559 2017 continentur.

1984 2028 2281 2086 humanum
2331 2041 2386 2087 et
2431 2035 2843 2092 misericordem
2894 2053 3021 2110 erga
3066 2039 3297 2095 miseros
3352 2042 3406 2095 in
3450 2044 3559 2097 vita

1983 2121 2227 2176 animum
2263 2124 2659 2181 demonstravit
2697 2127 2886 2186 dicens
2916 2151 2928 2185 :
2971 2150 2988 2182 ι
3024 2130 3135 2203 Ego
3183 2141 3363 2189 autem
3395 2150 3557 2205 super

1982 2214 2132 2268 omni
2170 2216 2333 2287 inope
2374 2215 2518 2281 ﬂevi,
2558 2227 2613 2274 et
2652 2222 2927 2292 suspiravi
2966 2238 3091 2278 cum
3131 2224 3309 2280 virum
3350 2226 3461 2281 vidi
3504 2226 3561 2284 in

1981 2306 2406 2365 necessitatibus
2428 2310 2494 2365 ".
2531 2331 2550 2364 ι
2586 2310 2790 2375 Deinde
2819 2330 3014 2372 rursus
3043 2333 3168 2372 cum
3200 2318 3559 2383 immodestos

1979 2396 2126 2452 risus
2184 2396 2433 2454 doctrina
2490 2405 2797 2472 evangelica
2836 2416 3080 2478 respuat,
3113 2410 3303 2467 beatus
3355 2411 3442 2466 hic
3472 2412 3557 2467 vir

1978 2495 2132 2543 tanto
2165 2497 2291 2546 ante
2323 2494 2681 2562 pronuntiat:
2715 2514 2732 2547 ι
2767 2496 2822 2552 Si
2856 2516 2985 2555 vero
3014 2502 3285 2557 ambulavi
3313 2518 3438 2559 cum
3460 2506 3557 2565 dea

1978 2580 2267 2646 risoribus,
2298 2590 2353 2637 et
2385 2584 2431 2639 si
2463 2583 2735 2641 festinavit
2761 2604 2856 2659 pes
2894 2597 3051 2645 meus
3078 2590 3145 2645 ad
3178 2591 3384 2655 dolum.
3420 2608 3556 2649 con-

1977 2673 2093 2727 stiti
2120 2674 2177 2728 in
2208 2682 2412 2730 statera
2446 2676 2616 2746 justa,
2648 2687 2702 2734 et
2734 2681 2886 2735 novit
2922 2680 3186 2739 Dominus
3230 2684 3556 2754 simplicitas

1974 2768 2083 2817 tem
2111 2778 2288 2819 meam
2308 2765 2375 2820 ὀ.
2415 2786 2433 2818 ι
2470 2765 2737 2833 Quoniam
2773 2785 2904 2825 vero
2935 2769 3100 2827 Mosis
3123 2774 3285 2827 verba
3312 2774 3400 2829 illa
3424 2774 3558 2846 legis

1975 2853 2095 2909 loco
2116 2866 2461 2926 proponunt:
2497 2877 2515 2910 ι
2550 2857 2666 2913 Non
2694 2860 3018 2919 adulterium
3044 2865 3352 2923 committes
3372 2865 3470 2931 “,t
3503 2876 3558 2923 ct

1976 2954 2205 3002 mortem
2242 2956 2430 3004 contra
2466 2950 2743 3009 adulteros
2783 2970 3002 3025 pmnam
3054 2958 3430 3012 cnnstituunt:
3461 2960 3555 3029 qui

1975 3046 2155 3095 autem
2186 3040 2451 3098 doctrinae
2497 3046 2827 3117 evangelicae
2848 3047 3022 3118 legem
3039 3047 3323 3118 describit,
3340 3051 3415 3104 ita
3439 3051 3551 3104 ait:

1982 3148 2000 3180 ι
2041 3127 2251 3185 Dictum
2271 3138 2355 3186 est
2378 3132 2618 3204 antiquis
2647 3153 2659 3189 :
2696 3132 2816 3189 Non
2857 3136 3259 3204 mmchaberis;
3294 3153 3395 3206 ego
3426 3155 3554 3195 vero

1980 3218 2104 3276 dico
2134 3223 2310 3286 vobis,
2354 3239 2422 3279 ne
2456 3225 2525 3280 ab
2570 3225 2727 3281 initio
2771 3227 2992 3298 quidem
3030 3232 3292 3301 cupere"
3325 3248 3338 3283 :
3383 3252 3400 3284 ι
3431 3247 3555 3303 spe-

1978 3324 2189 3371 ctemus
2225 3317 2397 3387 probe
2421 3318 2584 3384 hunc,
2617 3319 2685 3374 de
2716 3336 2826 3391 quo
2855 3336 3036 3377 sermo
3063 3330 3167 3386 est,
3195 3323 3553 3394 quemadmo-

1976 3405 2104 3460 dum
2145 3408 2445 3464 secundum
2476 3409 2683 3467 Christi
2713 3411 3062 3484 Evangelium
3094 3416 3304 3477 vivens,
3328 3431 3397 3471 ne
3429 3432 3555 3472 cum

1974 3498 2274 3569 cupiditate
2322 3501 2577 3558 licentius
2628 3504 2920 3574 aspiceret,
2956 3507 3120 3569 cavit,
3157 3507 3213 3561 in
3241 3523 3352 3578 quo
3387 3510 3554 3564 etiam

1972 3588 2333 3658 gloriabatur,
2370 3591 2563 3648 dicens
2593 3613 2605 3648 :
2637 3611 2655 3644 ι
2695 3592 2752 3647 Si
2774 3610 2906 3650 vero
2932 3598 3152 3651 oculum
3188 3607 3437 3654 secutum
3468 3609 3554 3657 est

1971 3696 2069 3736 cor
2097 3697 2276 3738 meum
2310 3683 2364 3737 in
2397 3685 2623 3741 muliere
2649 3686 2876 3744 alterius
2907 3688 3106 3743 viri":
3145 3709 3164 3741 ι
3201 3699 3256 3745 et
3283 3692 3548 3749 rationem

1973 3772 2217 3844 assignat
2252 3774 2509 3847 deinceps
2556 3777 2858 3850 adjungens
2890 3799 2904 3834 :
2942 3799 2960 3832 ι
2999 3780 3228 3838 Animus
3269 3784 3413 3839 enim
3449 3786 3552 3841 viri

1970 3867 2272 3926 dissolutus
2327 3869 2394 3925 ad
2443 3871 2836 3941 inquinandam
2884 3873 2988 3927 viri
3038 3873 3363 3938 mulierem,
3407 3876 3551 3947 ignis

1968 3960 2114 4017 enim
2154 3970 2239 4017 est
2268 3963 2469 4019 ardens
2510 3964 2566 4018 in
2615 3965 2869 4021 omnibus
2926 3966 3177 4035 partibus
3233 3967 3325 4023 ’δι
3383 3969 3551 4038 quod-

1972 4067 2191 4124 cunque
2229 4061 2410 4110 autem
2449 4055 2731 4120 invaserit,
2762 4056 3026 4113 radicitus
3057 4059 3284 4129 perdere
3315 4075 3551 4118 consue-

1967 4148 2076 4213 vit;
2107 4166 2125 4199 ι
2146 4147 2239 4203 sed
2257 4147 2420 4202 etiam
2437 4148 2783 4221 incorruptos
2801 4149 2855 4204 in
2862 4151 3087 4222 judiciis
3110 4168 3290 4209 mores
3314 4155 3544 4222 indnrit,

1966 4244 2048 4299 sic
2070 4264 2085 4301 :
2110 4264 2128 4297 ι
2169 4246 2226 4302 Si
2258 4256 2437 4303 autem
2462 4248 2713 4304 manibus
2742 4248 2877 4305 meis
2905 4248 3058 4319 attigi
3087 4263 3334 4310 munera,
3367 4263 3546 4304 seram

1966 4337 2118 4408 ipse,
2160 4349 2213 4394 et
2256 4340 2347 4394 alii
2386 4338 2777 4404 comedant,et
2812 4341 2932 4397 sine
2976 4342 3148 4410 stirpe
3194 4341 3456 4396 exsistam
3489 4340 3546 4393 in

1967 4433 2112 4481 terra
2135 4427 2204 4483 ".
2241 4446 2259 4480 ι
2285 4427 2568 4495 Quomodo
2590 4437 2772 4485 autem
2796 4446 2856 4486 se
2873 4445 3001 4501 erga
3029 4429 3362 4486 domesticos
3388 4446 3544 4500 gere-

1964 4528 2049 4575 ret
2070 4534 2135 4575 ει
2159 4520 2226 4576 iis
2246 4521 2372 4578 licet
2395 4521 2593 4577 intueri
2617 4537 2738 4593 quae
2761 4521 2943 4585 docet.
2970 4536 3096 4576 cum
3124 4522 3202 4575 ait
3235 4535 3249 4571 :
3276 4539 3295 4572 ι
3329 4518 3387 4574 Si
3409 4535 3542 4575 con-

1961 4611 2156 4682 tempsi
2194 4612 2378 4668 subire
2402 4613 2671 4685 judicium
2703 4629 2827 4667 cum
2873 4628 3031 4669 servo
3074 4628 3218 4677 meo,
3259 4619 3319 4668 et
3346 4611 3554 4667 ancilla.

1965 4717 2108 4767 mea,
2141 4718 2265 4757 cum
2296 4703 2665 4775 disceptarent
2690 4704 2977 4759 adversum
2999 4704 3181 4767 me":
3204 4724 3223 4756 ι
3260 4711 3314 4757 et
3346 4701 3543 4758 deinde

1942 4797 2240 4852 -rationem‘
2259 4797 2501 4869 assignat
2526 4816 2539 4852 :
2578 4818 2597 4850 ι
2627 4797 2766 4865 Quid
2790 4797 2935 4853 enim
2952 4796 3170 4861 faciam,
3202 4798 3248 4853 si
3270 4794 3538 4884 judicium

1963 4898 2156 4946 contra
2189 4907 2277 4948 me
2308 4891 2615 4947 exercuerit
2638 4891 3095 4962 Densi-nunquid
3130 4905 3241 4946 non
3276 4892 3542 4961 quemad-

1964 4982 2185 5038 modum
2220 4997 2320 5055 ego
2363 4984 2542 5040 factus
2575 4998 2697 5041 sum
2746 4984 2802 5038 in
2848 4997 3035 5048 carne,
3068 4988 3129 5039 et
3165 4981 3248 5039 sic
3295 4982 3371 5037 illi
3411 4981 3540 5037 facti

1964 5074 2131 5131 sunt?
2163 5073 2290 5130 facti
2328 5090 2492 5145 porro
2535 5089 2725 5132 sumus
2769 5074 2827 5131 in
2865 5073 3056 5133 eodem
3098 5083 3256 5129 utero
3282 5073 3351 5129 ".
3384 5093 3403 5127 ι
3443 5072 3540 5129 llis

1958 5165 2207 5238 adiungit
2239 5180 2253 5217 :
2291 5185 2310 5219 ι
2347 5161 2537 5222 Viduas
2577 5166 2795 5222 oculum
2839 5180 2950 5220 non
2978 5165 3282 5236 liquescere
3311 5163 3417 5222 feci
3444 5183 3460 5221 :
3491 5165 3539 5220 si

1959 5264 2139 5313 autem
2162 5264 2215 5313 et
2238 5256 2541 5317 buccellam
2570 5272 2744 5313 meam
2760 5256 2974 5313 comedi
3005 5255 3178 5324 solus,
3195 5265 3251 5313 et
3275 5271 3383 5311 non
3411 5270 3539 5310 cum

1957 5347 2165 5419 pupillo
2192 5348 2630 5404 communicavi:
2659 5356 2713 5403 et
2743 5349 2791 5404 si
2820 5348 2932 5404 vidi
2961 5350 3165 5406 nudum
3195 5354 3535 5419 pereuntem,

1958 5447 2012 5494 et
2042 5455 2151 5495 non
2177 5441 2455 5495 vestiri".
2498 5460 2516 5493 ι
2555 5440 2622 5496 Et
2661 5441 2920 5511 deinceps
2957 5455 3285 5511 progressus
3333 5439 3415 5495 sic
3448 5437 3536 5492 di-

1954 5530 2030 5588 cit
2057 5551 2070 5585 :
2104 5549 2124 5583 ι
2164 5529 2223 5585 Si
2254 5548 2383 5588 vero
2414 5540 2469 5589 et
2509 5534 2565 5589 in
2587 5533 2766 5604 lapide
2792 5533 3033 5605 pretioso
3063 5533 3315 5588 liduc’lam
3343 5530 3535 5612 habui,

352 5702 398 5735 ⁸⁵
453 5700 564 5759 Job
617 5715 791 5764 xxix,
848 5697 1036 5751 “~16.
1113 5696 1159 5726 ⁸⁸
1222 5692 1381 5749 Rom.
1426 5709 1529 5754 xu,
1594 5693 1684 5764 15.
1742 5691 1807 5764 _"
1856 5693 1872 5746 Ι

1975 5694 2048 5748 th.
2092 5711 2150 5758 v,
2215 5695 2285 5763 5;
2352 5696 2486 5751 Luc.
2529 5714 2608 5761 vi,
2663 5698 2756 5751 2L
2835 5697 2880 5729 "
2918 5693 2940 5749 1
2978 5694 3103 5749 Cor.
3149 5710 3259 5757 xu,
3319 5691 3443 5764 26.”
3484 5693 3535 5764 f9

266 5770 360 5827 Job
401 5789 533 5831 xxx.
584 5772 679 5827 25.
796 5769 842 5799 7°
879 5766 981 5822 Job
1058 5782 1208 5827 xm,
1247 5766 1303 5831 β,
1362 5765 1419 5818 7.

1521 5764 1564 5797 ⁷³
1610 5761 1780 5818 Exod.
1846 5780 1941 5827 xx,
1986 5764 2072 5820 M.

2181 5766 2229 5855 ’θλ
2257 5760 2555 5855 Infantia:
2598 5760 2689 5835 27,
2729 5767 2835 5840 28ἰ
2927 5767 2989 5833 ⁷³,
3032 5764 3146 5855 Job
3191 5780 3339 5828 mu,
3415 5760 3529 5816 7-9.

268 5843 309 5875 τι
341 5826 471 5900 ibid.
498 5826 598 5919 is.
633 5826 725 5874 “1-
760 5837 893 5895 Ibid.
939 5838 1053 5893 7-8.
1096 5826 1345 5919 fibra.
1387 5835 1469 5890 ιδ.
1564 5833 1781 5916 ⁷⁷νὶὺίιι.
1819 5834 1872 5888 u

1975 5835 2002 5889 ἱ.
2110 5834 2325 5891 "ibid.
2373 5830 2555 5893 16-19.⁸
