3942 6258
408 348 477 403 55
1038 358 1307 418 EUSEBII
1343 365 1822 421 CIESARIENSIS
1853 366 2003 424 OPP.
2030 368 2225 455 .PARS
2265 368 2329 423 li.
2370 400 2441 411 —
2471 367 2971 425 APOLUGETICA.
3566 365 3639 422 56

407 484 460 531 et
482 476 693 532 laetatus
723 492 865 541 sum,
896 493 1016 533 cum
1049 481 1231 534 multae
1248 482 1375 535 mihi
1399 482 1598 538 divitia:
1621 494 1821 548 essent,
1850 493 1904 541 et
1926 488 1973 541 si

2085 486 2168 540 τοῦ
2205 490 2497 557 φήσαντος·
2513 506 2529 536 ι
2557 487 2760 558 Ξένοςῆ
2770 505 2894 558 μην,
2914 486 3008 539 καὶ
3031 483 3360 557 συνηγάγετέ
3381 502 3467 555 με.
3483 504 3501 537 ν
3535 483 3636 538 Οἷα

410 567 478 620 ad
514 569 929 625 innumerabilia
954 571 1107 640 posui
1131 588 1350 627 manum
1382 592 1556 630 meam
1579 578 1644 633 ⁷⁸.
1679 598 1697 631 ι
1736 581 1839 652 16
1866 579 1971 634 Ra-

405 662 719 731 tionemque
745 660 871 715 item
902 662 1147 733 adiungit
1175 681 1188 716 :
1228 684 1245 716 ι
1281 665 1364 720 An
1393 682 1503 722 non
1531 669 1777 726 videmus
1803 673 1971 726 solem

406 751 541 805 oriri
580 765 643 805 ac
682 750 936 815 deiicere,
978 752 1271 825 lunamque
1317 755 1667 813 desinere“?
1700 778 1719 811 ι
1757 759 1969 817 Rursus

407 855 535 896 cum
568 841 816 896 doctrina
852 845 1163 914 evangelica
1204 846 1350 900 dicat
1378 866 1391 903 :
1423 866 1442 899 ι
1479 848 1687 905 Dictum
1718 860 1802 907 est
1830 854 1966 907 anti-

407 935 532 1005 quis
560 954 572 987 :
605 933 807 1005 Diliges
833 937 1137 1006 proximum
1170 945 1345 1003 tuum,
1376 948 1429 995 et
1463 942 1586 997 odio
1614 943 1839 1000 habebis
1870 945 1973 1000 ini-

406 1029 608 1084 micum
632 1036 806 1082 tuum.
837 1028 945 1099 Ego
981 1039 1158 1085 autem
1192 1033 1316 1087 dico
1351 1034 1524 1100 vobis,
1558 1036 1763 1107 diligite
1792 1038 1973 1091 inimi-

409 1134 505 1175 cos
532 1122 805 1175 vestros“
829 1140 840 1174 :
876 1142 894 1174 )
921 1121 1256 1179 admirabilis
1281 1125 1369 1179 hic
1403 1126 1485 1180 vir
1513 1127 1697 1182 innata
1722 1129 1972 1186 doctrina

407 1213 765 1283 prmvenieus,
798 1217 973 1283 ipsum
1003 1231 1141 1285 opus
1187 1218 1497 1287 complevit.
1530 1219 1673 1291 Ergo
1697 1222 1776 1277 sic
1804 1223 1975 1294 loqui-

406 1313 537 1356 tur:
576 1323 595 1355 ι
629 1304 683 1359 Si
718 1305 938 1375 gavisus
976 1323 1097 1362 sum
1134 1324 1299 1378 super
1343 1312 1497 1365 ruina
1528 1312 1732 1368 inimici
1761 1316 1887 1380 mei,
1920 1323 1975 1370 et

409 1395 548 1451 dixit
577 1411 672 1451 cur
696 1413 899 1466 meum,
931 1398 1094 1471 Euge,
1123 1400 1307 1455 audiat
1332 1416 1463 1458 sane
1493 1405 1642 1460 auris
1671 1421 1789 1461 mea
1818 1423 1975 1462 exse-

409 1491 708 1547 crationem
754 1508 925 1547 meam
943 1496 1011 1550 δ’.
1050 1514 1069 1546 ›
1106 1494 1244 1550 Tum
1286 1498 1535 1570 adjungit
1572 1516 1585 1552 :
1628 1519 1648 1553 ‹
1680 1500 1836 1557 Foris
1878 1517 1975 1557 au-

409 1591 521 1639 tem
552 1600 661 1639 non
692 1585 893 1641 mansit
919 1586 1267 1658 Peregrinus,
1307 1600 1361 1646 et
1382 1592 1583 1647 ostium
1614 1609 1795 1649 meum
1829 1595 1977 1649 omni

409 1677 647 1731 venienti
680 1679 854 1746 patuit
876 1679 941 1741 ⁸³,
984 1699 1002 1733 ι
1035 1695 1100 1735 eo
1133 1683 1276 1751 quod
1316 1699 1425 1738 non
1466 1685 1678 1742 alienus
1719 1696 1864 1742 esset
1908 1689 1977 1743 ab

409 1781 478 1822 eo
499 1768 591 1838 qui
607 1768 744 1823 dixit
768 1789 781 1825 :
819 1789 838 1821 ι
869 1769 1193 1842 Peregrinus
1218 1790 1359 1843 sum,
1382 1783 1436 1830 et
1451 1777 1742 1846 collegistis
1767 1793 1852 1833 me
1871 1778 1970 1833 ⁸⁸.»

2075 578 2131 631 δὲ
2160 578 2323 632 αὐτοῦ
2346 578 2439 631 καὶ
2466 576 2534 630 τὰ
2555 576 2811 648 περὶτῶν
2836 576 3101 629 ἀκουσίων
3135 574 3636 647 πλημμελημάτων,

2077 671 2376 726 ἐπάκουσον
2411 669 2676 739 λέγοντος·
2714 688 2733 721 ι
2784 670 2847 721 Ei
2886 669 2940 721 δὲ
2965 669 3059 722 καὶ
3089 667 3343 738 ἁμαρτὼν
3374 665 3641 730 ἀκουσίως

2078 763 2286 837 ἔκρυψα
2309 763 2407 835 τὴν
2457 763 2731 834 ἁμαρτίαν
2761 779 2882 833 μου,
2925 762 2985 814 οὑ
3028 761 3134 832 γάρ
3156 758 3449 831 διετράπην
3475 759 3640 811 πολυ-

2078 857 2259 927 οχλίαν
2287 855 2541 928 πλήθους,
2556 855 2648 908 τοῦ
2682 855 2755 926 μὴ
2792 853 3143 925 ἐξαγορεῦσαι
3182 850 3406 904 ἐνώπιον
3442 850 3638 903 αὐτῶν.

2078 948 2142 1001 Ei
2172 948 2229 1001 δέ
2254 948 2347 1001 καὶ
2371 949 2524 1001 είασα
2545 946 2800 999 ἀδύνατον
2822 945 3052 1012 ἐξελθεῖν
3079 945 3176 1016 τὴν
3196 944 3365 1014 θύραν
3392 960 3489 1014 μου
3518 942 3642 995 κόλ-

2082 1058 2167 1110 πῳ
2203 1039 2360 1111 κενῷ,
2392 1042 2548 1111 χεῖρα
2570 1039 2626 1091 δὲ
2660 1038 2861 1109 Κυρίου
2887 1041 2933 1091 εί
2964 1037 3035 1108 μὴ
3068 1037 3370 1100 ἐδεδοίκειν,
3407 1051 3646 1105 συγγρα-

2081 1130 2185 1201 φὴν
2216 1129 2272 1183 δὲ
2293 1133 2359 1200 ῆν
2395 1126 2537 1200 εῖχον
2579 1128 2720 1181 κατά
2737 1145 2901 1192 τινος,
2937 1129 2984 1180 εί
3034 1127 3106 1197 μὴ
3145 1125 3309 1197 ῥήξας
3341 1124 3508 1194 αὐτὴν
3537 1124 3644 1176 ἀπ-

2080 1223 2275 1286 έδωκα,
2297 1223 2446 1276 οὐδὲν
2484 1222 2659 1276 λαϐὼν
2692 1222 2838 1294 παρὰ
2879 1219 3287 1292 χρεωφειλέτου.
3319 1238 3337 1268 ι
3365 1216 3549 1271 Ταῦτα
3576 1212 3653 1287 ἦν

2079 1316 2173 1368 καὶ
2196 1314 2263 1367 τὰ
2291 1315 2512 1368 τοιαῦτα
2538 1314 2647 1367 τῶν
2679 1313 2783 1384 πρὸ
2828 1313 3071 1375 Μωσέως
3135 1310 3393 1379 θεοφιλῶν
3437 1309 3646 1379 ἀνδρῶν

2083 1404 2162 1474 (ἐξ
2193 1406 2309 1468 ἐνὸς
2332 1405 2439 1476 γὰρ
2475 1407 2568 1459 καὶ
2591 1406 2680 1458 τὸν
2712 1404 2818 1457 τῶν
2840 1404 3040 1457 λοιπῶν
3064 1400 3454 1472 τεκμαίρεσθαι
3480 1410 3648 1471 ’προσ-

2082 1498 2204 1568 ήκει
2236 1496 2391 1568 βίον),
2425 1497 2493 1551 τὰ
2526 1498 2867 1569 περιύμνητα
2905 1496 3003 1565 τῆς
3043 1495 3350 1557 θεοσεϐείας
3379 1490 3535 1556 ἆθλα,
3577 1493 3646 1545 δι’

2080 1587 2116 1641 ἃ.
2138 1588 2280 1657 φίλοι
2305 1587 2439 1642 Θεοῦ
2482 1588 2577 1641 καὶ
2615 1588 2889 1659 προφῆται
2914 1584 3343 1657 κατηξιώθησαν.
3377 1585 3420 1636 Τ
3423 1583 3653 1645 οιούτοις

2081 1682 2124 1735 δ’
2144 1678 2284 1746 οὖσι,
2311 1682 2395 1745 τίς
2422 1680 2501 1734 ἔτι
2524 1681 2680 1753 χρεία
2701 1675 2769 1751 ἦν
2790 1678 2898 1731 τῶν
2945 1678 3095 1750 παρὰ
3120 1678 3309 1731 Μωσεῖ
3336 1674 3647 1747 παραγγελ-

2087 1774 2270 1845 μάτων
2317 1772 2538 1842 φαύλοις
2579 1772 2800 1843 ἀνδράσι
2835 1771 2927 1823 καὶ
2963 1769 3250 1840 μοχθηροῖς
3293 1768 3655 1840 παραδεδομέ-

410 1861 602 1928 Qualia
638 1878 801 1932 porro
845 1864 974 1928 sint,
1013 1881 1134 1935 qua:
1173 1866 1315 1922 idem
1359 1869 1559 1923 sentiat
1597 1869 1664 1925 de
1713 1872 1972 1941 peccatis,

2085 1877 2210 1926 νων;
2249 1860 2457 1913 Οὐκοῦν
2498 1859 2585 1912 διὰ
2614 1860 2816 1912 τούτων
2856 1859 3110 1913 ἀπάντων
3144 1858 3234 1911 τὸν
3269 1859 3650 1929 ἀρχαιότατον,

411 1968 534 2029 quae
574 1966 769 2025 praeter
815 1958 1150 2012 voluntatem
1206 1961 1641 2028 committuntur,
1675 1964 1802 2019 audi
1844 1979 1980 2018 eun-

413 2048 534 2102 dem
561 2046 830 2104 dicentem
858 2066 872 2105 :
901 2069 920 2101 ι
960 2049 1114 2116 Quod
1146 2051 1191 2106 si
1237 2053 1429 2109 nolens
1463 2056 1579 2125 ipse
1622 2056 1977 2124 peccaverim,

411 2145 466 2191 et
491 2145 773 2207 peccatum
818 2154 998 2194 meum
1041 2140 1451 2208 occultaverim,
1482 2158 1589 2198 non
1620 2144 1762 2198 enim
1792 2145 1979 2199 horrui

411 2228 798 2283 turbulentiam
844 2231 1228 2294 multitudinis,
1277 2248 1346 2287 ne
1379 2234 1719 2291 enuntiarem
1764 2235 1819 2290 in
1845 2252 1979 2292 con-

416 2333 604 2389 spectu
649 2337 837 2377 eorum
872 2343 883 2377 :
928 2324 973 2378 si
1010 2338 1137 2378 vero
1173 2324 1394 2395 permisi
1428 2325 1639 2396 inopem
1676 2327 1824 2382 abire
1856 2329 1980 2381 sinu

412 2426 609 2479 vacuo,
640 2421 694 2466 et
721 2426 940 2466 manum
984 2411 1195 2467 Domini
1238 2414 1284 2467 si
1327 2428 1439 2467 non
1479 2415 1722 2481 extimui,
1754 2431 1982 2488 syngra-

412 2500 575 2570 pham
620 2509 824 2566 autem,
855 2517 1018 2572 quam
1050 2503 1216 2558 habui
1251 2504 1512 2562 adversus
1551 2508 1893 2577 quempiam,
1934 2508 1978 2563 si

412 2604 522 2643 non
553 2590 783 2646 scissam
832 2607 951 2647 eam
994 2580 1225 2657 reddidi,
1280 2596 1414 2650 nihil
1463 2598 1737 2668 accipiens
1769 2612 1798 2649 a
1826 2596 1980 2651 debi-

412 2683 614 2742 tore".
647 2701 667 2736 ι
700 2682 823 2739 Haec
863 2684 1026 2755 igitur
1054 2697 1216 2755 atque
1248 2686 1557 2758 hujusmodi
1593 2696 1748 2744 erant
1778 2689 1831 2742 in
1877 2688 1979 2752 iis,

415 2776 511 2847 qui
574 2782 701 2831 ante
752 2774 956 2832 Mosem
1005 2776 1246 2843 fuerunt,
1295 2778 1430 2835 viris
1485 2780 1690 2834 sanctis
1736 2780 1823 2851 (de
1874 2781 1982 2836 vita

415 2867 561 2921 enim
589 2865 751 2920 unius
784 2865 1117 2936 reliquorum
1146 2867 1273 2920 item
1307 2869 1583 2938 conjicere
1607 2870 1773 2924 vitam
1810 2872 1980 2944 licet),

415 2974 516 3030 pro
545 2958 804 3026 religione
828 2958 1079 3015 videlicet
1126 2959 1326 3015 divinis
1359 2961 1621 3017 laudibus
1658 2964 1981 3020 celebranda

416 3048 741 3111 certamina,
776 3063 874 3120 per
915 3065 1035 3120 qua:
1078 3058 1132 3106 et
1183 3051 1341 3106 amici
1368 3051 1484 3116 Dei,
1525 3059 1578 3107 et
1616 3054 1890 3123 prephetae
1922 3051 1983 3108 ut

416 3140 765 3204 exsisterent,
812 3141 960 3211 digni
990 3142 1163 3197 elTecti
1222 3152 1370 3198 sunt.
1421 3143 1579 3200 Tales
1638 3154 1816 3201 autem
1856 3162 1981 3201 cum

418 3241 621 3296 essent,
652 3232 781 3303 quid
811 3232 917 3287 illis
949 3241 1214 3304 praecepta
1250 3234 1416 3290 Musis
1440 3238 1700 3307 prodesse
1713 3245 1983 3307 poterant,

418 3337 540 3394 qua:
571 3324 885 3395 vulgaribus
931 3334 1093 3397 atque
1140 3327 1505 3383 insolentibus
1544 3328 1682 3383 viris
1713 3328 1986 3398 descripta

366 3445 379 3461 -
418 3424 473 3469 et
504 3414 704 3470 tradita
735 3418 898 3472 sunt?
926 3417 1001 3472 Ex
1036 3418 1119 3474 bis
1159 3419 1323 3489 igitur
1364 3420 1619 3475 omnibus
1647 3420 1791 3491 quod
1834 3431 1991 3476 vetu-

421 3505 721 3561 stissimum
779 3507 1078 3578 primorum
1129 3506 1350 3563 Patrum
1400 3509 1679 3581 religionis
1745 3525 1985 3576 morem,

420 3600 635 3652 cunctis
659 3599 910 3669 gentibus
939 3600 1140 3659 Christi
1172 3601 1392 3656 verbum
1423 3601 1845 3667 denuntiaverit,
1867 3617 1987 3656 ma-

419 3690 772 3748 nifestissime
803 3700 1045 3767 apparet,
1070 3708 1139 3748 ne
1169 3691 1570 3749 Testamentum
1601 3692 1809 3749 Novum
1842 3695 1990 3749 aliud

420 3798 543 3837 csso.
565 3790 838 3853 putemus,
873 3799 1035 3854 quam
1065 3783 1504 3855 antiquissimam
1536 3785 1682 3839 illam
1716 3784 1986 3841 Mosaico-

421 3891 543 3930 rum
568 3883 871 3950 temporum
905 3876 1154 3947 religioni
1184 3876 1527 3945 conjunctam
1557 3876 1769 3931 civilem
1792 3878 1989 3932 oratio-

421 3981 569 4030 nem,
596 3973 656 4021 ut
683 3975 736 4022 et
766 3976 921 4022 vetus
971 3968 1193 4035 pariter,
1224 3973 1278 4021 et
1311 3966 1454 4021 idem
1484 3980 1685 4020 novum
1714 3968 1989 4036 possimus

422 4059 609 4114 dicere
635 4075 651 4111 :
685 4066 841 4113 vetus
871 4058 1089 4128 quidem
1132 4066 1354 4129 propter
1382 4073 1446 4113 ea
1471 4074 1594 4128 qua:
1617 4059 1988 4115 demonstrata

421 4155 553 4205 sunt
580 4164 593 4200 :
622 4163 822 4203 novum
852 4157 1029 4204 autem
1062 4156 1366 4219 propterea,
1400 4148 1546 4219 quod
1570 4149 1728 4220 longo
1754 4158 1878 4219 post
1908 4152 1990 4206 in-

420 4241 650 4295 tervallo
681 4240 837 4311 quasi
881 4240 1195 4295 hominibus
1236 4238 1638 4305 absconditum,
1669 4256 1863 4296 rursus
1891 4256 1989 4311 per

424 4333 723 4388 Salvatoris
744 4333 917 4388 nostri
946 4332 1250 4387 doctrinam
1278 4331 1533 4387 revixerit
1556 4347 1569 4383 :
1595 4341 1708 4386 toto
1739 4348 1868 4387 vero
1888 4332 1990 4387 hoc

386 4412 387 4415 “
423 4426 608 4482 medio
636 4426 705 4482 de
733 4442 846 4496 quo
894 4425 1100 4481 dictum
1134 4431 1219 4482 est
1267 4431 1527 4494 tempore,
1572 4425 1814 4495 quandiu
1853 4425 1987 4479 Novi

423 4517 754 4573 TeStamenti
778 4533 916 4583 mos,
940 4527 1001 4573 ut
1031 4518 1277 4572 homines
1301 4518 1514 4580 lateret,
1544 4527 1597 4573 et
1626 4517 1784 4589 quasi
1807 4518 1990 4587 quiete

2011 3193 2058 3255 C

2077 1950 2178 2020 τῆς
2204 1949 2312 2002 τῶν
2345 1950 2701 2021 προπατόρων
2726 1947 3031 2010 θεοσεϐείας
3072 1947 3291 2019 τρόπον,
3328 1950 3356 1999 6
3409 1947 3649 2019 Χριστοῦ

2079 2044 2249 2112 Λόγος
2272 2043 2404 2095 πᾶσι
2440 2040 2800 2110 καταγγείλας
2830 2044 2940 2104 τοῖς
2976 2040 3151 2093 ἔθνεσι
3189 2040 3480 2111 προφανῶς
3509 2042 3652 2093 ἀπο-

2079 2132 2359 2195 δέδεικται,
2374 2132 2448 2194 ώς
2458 2128 2707 2201 εἶναιτὴν
2722 2131 2924 2200 Καινὴν
2935 2129 3203 2201 Διαθήκην
3212 2130 3467 2199 οὐδ’ᾤω)
3485 2130 3656 2201 ἄλλην

2081 2224 2293 2293 ἐκείνης
2311 2224 2409 2293 τῆς
2439 2222 2797 2293 ἀρχαιοτάτης
2827 2222 2932 2275 τῶν
2963 2222 3203 2285 Μωσέως
3236 2222 3440 2293 χρόνων
3495 2222 3654 2276 εὐσε-

2081 2315 2210 2379 ϐοῦς
2249 2314 2544 2379 πολιτείας,
2579 2315 2720 2368 ὣστε
2758 2314 2893 2386 ὁμοῦ
2929 2315 3022 2367 καὶ
3050 2313 3285 2368 παλαιὰν
3307 2315 3475 2386 αὐτὴν
3508 2312 3651 2369 εἶναι

2082 2408 2175 2461 καὶ
2224 2407 2365 2460 νέαν·
2412 2406 2776 2477 παλαιοτάτην
2819 2408 2915 2477 μὲν
2952 2405 3040 2459 διὰ
3086 2406 3155 2458 τὰ
3202 2406 3655 2477 ἀποδεδειγμένα,

2082 2499 2205 2551 νέαν
2241 2498 2298 2552 δὲ
2342 2494 2496 2562 αὖθις
2532 2498 2619 2551 διὰ
2662 2499 2743 2564 τὸ,
2784 2502 3012 2570 μακροῖς
3057 2503 3170 2563 τοῖς
3214 2499 3414 2570 μεταξὺ
3438 2500 3653 2571 χρόνοις

2082 2591 2269 2664 ὥσπερ
2295 2594 2695 2665 ἀποκρυϐεῖσαν
2723 2592 2782 2657 ἐξ
2814 2592 3131 2664 ἀνθρώπων,
3165 2590 3319 2657 αὖθις
3346 2593 3617 2647 ἀναϐεϐιω
3637 2619 3652 2632 ι

2082 2685 2234 2737 κέναι
2265 2683 2353 2737 διά
2377 2685 2478 2755 τῆς
2507 2685 2601 2738 τοῦ
2622 2685 2871 2756 Σωτῆρος
2890 2685 3042 2755 ἡμῶν
3060 2684 3421 2747 διδασκαλίας.
3446 2683 3654 2737 Τοῦτόν

2083 2777 2147 2845 γέ
2171 2795 2253 2830 τοι
2284 2778 2375 2830 τὸν
2412 2776 2610 2847 μεταξὺ
2637 2776 2958 2849 δηλούμενον
2998 2776 3186 2847 χρόνον
3222 2774 3327 2838 ἕως
3373 2773 3653 2829 συνέϐαινε

2082 2868 2360 2923 λανθάνειν
2376 2868 2710 2939 ἀνθρώπους,
2735 2867 2827 2921 καὶ
2842 2867 3028 2938 ὥσπερ
3057 2866 3416 2937 ἐφησυχάζειν
3437 2867 3527 2920 τὸν
3551 2867 3659 2938 τῆς

2082 2959 2289 3029 Καινῆς
2330 2958 2599 3030 Διαθήκης
2629 2960 2846 3030 τρόπον,
2892 2961 2921 3011 6
2950 2959 3188 3022 Μωσέως
3215 2960 3273 3011 ἐν
3321 2958 3398 3028 τῷ
3449 2958 3651 3030 μεταξὺ

2084 3049 2454 3121 παρεισελθὼν
2482 3051 2665 3121 νόμος,
2694 3046 2783 3104 οἷά
2800 3068 2884 3114 τις
2904 3051 3112 3122 νηπίων
3133 3052 3227 3104 καὶ
3246 3050 3449 3104 ἀτελῶν
3463 3050 3654 3120 ψυχῶν

2086 3141 2375 3213 ἐπίτροπος
2395 3143 2487 3195 καὶ
2505 3142 2803 3213 οἰκονόμος,
2829 3142 2861 3212 ἢ
2883 3143 2976 3195 καὶ
2996 3141 3196 3213 ἰατρὸς,
3213 3142 3359 3213 δεινῇ
3384 3142 3653 3209 καὶΑἱγυ-

2089 3236 2293 3304 πτιακῇ
2316 3234 2454 3303 νόσῳ
2476 3234 2871 3306 τετρυχωμένῳ
2896 3234 2973 3305 τῷ
3000 3235 3160 3287 παντὶ
3193 3233 3461 3287 Ἰουδαίων
3489 3233 3657 3297 ἔθνει,

2089 3326 2273 3389 αὐτοῖς
2304 3326 2367 3397 δὴ
2399 3330 2511 3389 τοῖς
2543 3326 2638 3379 τοῦ
2700 3325 2945 3397 Ἀϐραὰμ
2982 3327 3268 3395 ἀπογόνοις
3304 3326 3376 3397 μὴ
3416 3325 3546 3389 οἵοις
3593 3342 3657 3379 τε

2087 3412 2234 3471 οὖσιν
2264 3416 2462 3489 ὁμοίως
2492 3419 2603 3480 τοῖς
2644 3417 2981 3488 προπάτορσι
3025 3416 3341 3488 κατορθοῦν,
3386 3417 3478 3470 τὸν
3520 3418 3657 3469 ὑπο·

2088 3512 2358 3583 ϐεϐηκότα
2381 3511 2475 3564 καὶ
2508 3510 2669 3581 ἀτελῆ
2706 3509 2818 3586 βίον
2860 3510 3166 3581 παρεδίδου.
3219 3508 3436 3580 Ἐπειδὴ
3461 3508 3568 3579 γὰρ
3594 3511 3655 3563 ἐν

2087 3608 2155 3677 τῇ
2184 3604 2312 3676 παρ’
2342 3602 2656 3673 Αἰγυπτίοις
2681 3602 2926 3673 διατριϐῇ
2945 3597 3089 3656 οῦτοι
3124 3601 3259 3672 μετὰ
3288 3601 3383 3673 τὴν
3401 3600 3508 3656 τῶν
3533 3601 3655 3655 θεο-

2090 3694 2258 3766 φιλῶν
2323 3694 2678 3766 προπατόρων
2738 3692 3013 3764 τελευτὴν,
3058 3696 3178 3756 ταῖς
3256 3694 3655 3762 Δίγυπτιακαῖς

2087 3785 2487 3858 όμοιοτροπίαις
2508 3784 2861 3855 ἀπαχθέντες,
2879 3785 2971 3839 ἐπ)⁸
2981 3785 3079 3856 τὴν
3101 3784 3377 3849 πολύθεον,
3398 3784 3471 3847 ὡς
3495 3784 3653 3855 ἔφην,

2088 3878 2504 3949 δεισιδαιμονίαν
2538 3877 3024 3942 ἀποπεπτώκεσαν,
3053 3879 3127 3942 ὡς
3159 3877 3323 3949 μηδὲν
3356 3877 3464 3930 τῶν
3491 3880 3658 3947 Αἰγυ-

2090 3971 2259 4026 πτίων
2287 3971 2446 4024 πλέον
2475 3969 2619 4041 ἔχειν
2663 3970 2857 4033 δοκεῖν,
2901 3970 3180 4039 γεγονέναι
3217 3971 3274 4024 δέ
3311 3971 3451 4025 κατὰ
3479 3971 3660 4026 πάντα

2088 4064 2307 4135 ὁμοίους
2332 4063 2533 4130 αὐτοῖς,
2566 4062 2707 4116 κατά
2731 4080 2792 4116 τε
2824 4063 2921 4134 τὴν
2949 4062 3057 4115 τῶν
3087 4062 3317 4117 είδώλων
3339 4064 3566 4133 πλάνην,
3598 4062 3659 4117 ἐν

2088 4172 2146 4208 τε
2172 4158 2285 4219 τοῖς
2313 4154 2491 4218 ἄλλοις
2525 4155 2916 4227 ἐγχειρήμασιν
2934 4171 2947 4184 ο
2978 4153 3221 4223 εἰκότως,
3249 4154 3436 4227 ῶσπερ
3465 4156 3528 4207 ἐκ
3561 4153 3660 4225 βυ⁹

2093 4245 2187 4298 θοῦ
2223 4244 2406 4299 κακῶν
2439 4243 2781 4316 ἀνιμώμενος
2809 4245 3002 4308 αὐτοὺς
3027 4247 3054 4297 ὁ
3074 4246 3299 4314 Μωσῆς,
3330 4245 3531 4315 ἀφίστη
3560 4245 3661 4315 μὲν

2091 4337 2191 4407 τῆς
2223 4335 2385 4389 ἀθέου
2425 4334 2730 4398 πολυθεῖας,
2769 4334 2938 4404 ἀνῆγε
2969 4335 3025 4389 δὲ
3070 4336 3162 4388 ἐπὶ
3193 4335 3286 4388 τὸν
3319 4335 3533 4388 πάντων
3564 4334 3662 4405 δην

2097 4425 2353 4498 μιουργδν
2401 4425 2553 4490 Θεὸν,
2601 4426 2813 4499 πρῶτον
2851 4428 3057 4481 ἐκεῖνον
3101 4426 3307 4496 βαθμὸν
3357 4426 3658 4490 εὐσεϐείας,

2094 4518 2169 4581 ώς
2210 4519 2268 4570 ἐν
2311 4519 2638 4585 εἰσαγωγαῖς
2682 4518 2774 4572 καλ⁸
2807 4516 3129 4589 προθύροις,
3175 4517 3282 4570 τῶν
3315 4515 3661 4587 τελεωτέρων

424 4625 489 4665 ac
545 4612 763 4667 silentio
811 4618 1110 4676 teneretur,
1152 4613 1374 4667 evenit:
1419 4610 1585 4666 Mosis
1648 4612 1854 4667 interea
1898 4611 1982 4666 lex

2093 4607 2548 4680 προϐεϐλημένος.
2587 4609 2815 4661 Ἔπειτα
2857 4609 2917 4661 ού
2972 4609 3236 4678 φονεύειν,
3267 4609 3328 4662 ού
3366 4607 3660 4680 μοιχεύειν,

423 4703 670 4773 ingressa
712 4705 871 4775 quasi
914 4704 1203 4776 puerilium
1256 4702 1805 4772 imperfectorumque
1869 4702 1988 4758 ani-

424 4808 639 4848 marum
695 4797 937 4850 curatrix
988 4795 1272 4866 quaedam,
1325 4802 1378 4850 et
1441 4795 1833 4865 gubernatrix,
1894 4802 1989 4848 aut

426 4886 590 4940 etiam
624 4886 820 4941 medici
862 4886 1150 4954 cujusdam
1187 4886 1383 4948 instar,
1427 4887 1575 4956 gravi
1632 4885 2017 4956 Egyptiacog

392 4993 531 5047 ‘que
560 4978 673 5048 17
716 4978 909 5031 morbo
934 4977 1198 5031 laboranti
1227 4977 1495 5033 universae
1535 4976 1845 5032 Judaaorum
1888 4992 1989 5031 na-

424 5070 585 5133 tioni,
635 5070 769 5139 ipsis
812 5070 1060 5125 videlicet
1097 5071 1328 5125 Abrahae
1369 5072 1686 5141 nepotibus,
1734 5079 1789 5126 et
1832 5071 1901 5125 ab
1925 5086 1990 5125 eo

425 5178 599 5232 genus
645 5162 1005 5226 trahentibus,
1050 5162 1140 5231 qui
1195 5178 1299 5216 non
1344 5161 1798 5232 quemadmodum
1828 5162 1991 5230 primi

426 5260 631 5321 patres,
660 5251 734 5304 ita
774 5252 875 5321 ipsi
914 5268 1089 5317 suam,
1118 5268 1237 5321 qua:
1270 5252 1565 5308 subsecuta
1593 5258 1697 5315 est,
1731 5250 1989 5320 imperfe-

389 5346 654 5396 -ctiorem
683 5343 852 5397 vitam
884 5344 1118 5416 dirigere
1156 5356 1425 5419 poterant,
1472 5340 1673 5400 tradita
1719 5347 1820 5396 est.
1855 5340 1990 5396 Nam

426 5437 554 5506 quia
590 5450 715 5491 cum
749 5434 1019 5508 Egyptiis
1065 5450 1342 5496 versantes
1385 5445 1508 5510 post
1549 5442 1860 5489 sanctorum
1892 5432 1994 5487 Pa-

425 5535 572 5582 trum
607 5536 859 5594 mortem,
893 5528 1337 5602 Egyptiacorum
1381 5542 1593 5584 morum
1643 5526 1995 5581 similiudine

2091 4701 2152 4759 ού
2198 4699 2478 4768 κλέπτειν,
2528 4702 2628 4754 οὐκ
2677 4703 2972 4773 ἐπιορκεῖν,
3029 4702 3129 4753 οὐκ
3165 4701 3400 4772 ἇρῤενας
3437 4701 3663 4772 ἄρρεσιν

2095 4791 2492 4862 ἐπιμαίνεσθαι,
2525 4794 2585 4845 οὐ
2627 4792 2915 4865 μητράσιν,
2943 4792 3043 4845 οὐκ
3083 4792 3366 4860 ἀδελφαῖς,
3400 4791 3460 4844 οὑ
3492 4790 3662 4859 θυγα-

2095 4883 2286 4955 τράσιν
2340 4884 2746 4955 ἐπιμίγνυσθαι,
2806 4884 2914 4937 οὐδ’
2954 4885 3054 4937 ὅσα
3098 4884 3322 4939 τοιαῦτα
3371 4886 3482 4946 τοῖς
3537 4882 3662 4935 τότε

2095 4974 2355 5047 πράττειν
2407 4976 2554 5045 ἐξῆν,
2602 4975 2817 5045 ἀφόϐως
2868 4973 3179 5045 συνεχώρει.
3219 4973 3552 5045 Παραλαϐὼν
3601 4973 3666 5027 δὲ

2092 5066 2153 5132 ἐξ
2181 5067 2454 5139 ἀνημέρου
2486 5067 2580 5121 καὶ
2611 5066 2905 5137 θηριώδους
2929 5066 3041 5137 βίου
3059 5066 3427 5137 λογικωτέραν.
3446 5064 3539 5118 καὶ
3571 5063 3652 5118 εὖ·

2092 5177 2255 5231 νομον
2290 5162 2348 5212 ἐν
2385 5162 2495 5222 τοῖς
2543 5158 2661 5211 τότε
2703 5159 2914 5229 χρόνοις
2958 5158 3251 5218 πολιτείαν,
3297 5155 3511 5225 πρῶτος
3567 5157 3662 5209 ἐπὶ

2093 5254 2196 5323 γῆς
2230 5251 2317 5309 διὰ
2343 5250 2563 5323 γραφῆς
2597 5251 2958 5319 συνεστήσατο
2978 5288 2992 5312 ,
3025 5246 3176 5301 οὔπω
3212 5246 3330 5299 τότε
3364 5248 3527 5300 πᾶσιν
3566 5247 3661 5300 ἀν-

2097 5342 2333 5414 θρώποις
2383 5341 2647 5408 ἐκφανοῦς
2695 5340 2845 5403 ὄντος
2903 5338 3022 5392 οὐδὲ
3060 5336 3154 5393 τοῦ
3197 5337 3397 5390 τοιουδὶ
3436 5336 3662 5408 τρόπου.

2098 5430 2228 5487 Εἶτα
2258 5432 2316 5486 δὲ
2340 5431 2485 5486 ώσὰν
2514 5430 2754 5485 ἀτελέσιν
2796 5424 3042 5484 ἀπειπὼν
3072 5428 3168 5501 τὴν
3201 5427 3662 5500 είδωλολατρείαν,
3704 5454 3709 5459 -

2100 5524 2311 5587 θυσίαις
2356 5522 2447 5576 καί
2489 5539 2596 5576 τισι
2650 5520 3120 5591 σωματικωτέροις
3162 5520 3251 5573 τὸν
3293 5520 3395 5572 ἐναν
3434 5518 3530 5572 καὶ
3568 5517 3662 5571 ἐπὶ

499 5621 545 5653 ⁷⁸
587 5618 692 5676 Joh
734 5637 888 5681 xxxi.
917 5622 1103 5677 24-95.
1180 5625 1226 5656 ⁸⁸
1261 5624 1391 5679 ibid.
1432 5620 1523 5678 26.
1596 5618 1638 5650 ⁸¹
1675 5616 1862 5674 Matth.
1919 5637 1971 5689 ν,

2085 5619 2215 5675 ἱΗ.
2291 5618 2336 5651 ⁸¹²
2365 5615 2465 5671 Jzib
2560 5614 2918 5682 xxm,29,50.
2993 5613 3038 5646 ⁸³
3070 5612 3182 5667 Ibid
3236 5613 3324 5667 52.
3399 5611 3445 5643 "
3469 5611 3658 5666 Matth.

430 5704 558 5753 xxv,
579 5690 667 5746 35.
741 5691 790 5724 ⁸⁸
815 5691 919 5747 Job
948 5709 1097 5759 xm,
1129 5693 1324 5749 53-35.

504 5781 647 5852 (3”)
683 5781 839 5855 Οὐδ’,
868 5781 1027 5837 Forte
1059 5782 1343 5853 legendum
1373 5786 1488 5840 οὐκ.
1528 5783 1684 5841 Enn.
