3942 6258
310 346 375 404 57
1210 351 1864 409 DEMONSTRATIONIS
1898 351 2352 409 EVANGELICIE
2393 353 2519 410 LIB.
2563 353 2601 409 I.
3452 352 3523 411 58

313 463 517 517 πάντων
570 460 707 516 Θεδν
766 461 1085 534 θεραπεύειν
1152 465 1508 535 παρεκέλευε,
1564 466 1652 521 διά
1704 484 1841 522 τινωε

1964 467 2142 522 allecti
2164 474 2339 535 erant,
2371 474 2425 522 et
2459 468 2511 520 in
2544 467 2841 522 multorum
2886 466 3134 535 deorum,
3170 475 3229 521 ut
3266 468 3400 533 dixi,
3427 484 3524 525 su-

313 552 757 624 ἁπορῤητοτὲρων
788 555 894 627 ἰδίᾳ
927 555 1203 626 συμϐόλων
1239 557 1337 628 τὴν
1379 560 1498 612 κατ’
1535 559 1696 613 αὐτὸν
1728 559 1861 632 θρη-

318 643 489 699 σκείαν
515 644 787 698 ἐπιτελεῖν
813 647 1195 719 νομοθετήσας,
1223 648 1288 719 ἢν
1325 650 1419 703 καὶ
1450 649 1762 720 θαυμασίως
1785 649 1861 721 τῷ

314 734 431 804 θείῳ
456 734 738 805 Πνεύματι
799 737 1020 791 συνιδὼν
1053 740 1151 793 οὐκ
1187 742 1267 804 είς
1309 741 1530 812 ἄπειρον
1562 741 1671 795 δεῖν
1709 758 1862 811 περι-

312 825 473 892 έπειν,
506 828 598 897 ὑφ’
632 827 730 882 ἕνα
757 829 920 883 τόπον
938 831 1320 903 περιέγραψεν,
1364 834 1549 905 ὁρίσας
1584 833 1657 906 μὴ
1695 833 1858 887 ἀλλα-

310 920 425 990 χόσε
455 919 725 973 συντελεῖν
763 920 831 974 τὰ
871 922 989 976 κατ’
1017 923 1176 977 αὐτὸν
1203 925 1408 996 νόμιμα
1442 925 1475 996 ἢ
1508 927 1566 978 ὲν
1603 927 1743 997 μόνῳ
1778 926 1858 979 ένὶ

308 1010 465 1081 τόπῳσ
492 1003 647 1074 οὗτος
683 1011 726 1064 δ’
751 1007 820 1083 ἦν
854 1014 883 1065 ὁ
909 1015 966 1068 ὲν
1004 1014 1420 1085 Ἱεροσολύμοις·
1450 1016 1553 1083 ἔξω
1586 1017 1641 1069 δὲ
1669 1017 1855 1072 τούτου

248 1092 259 1099 ’
310 1100 525 1172 μηκέτι·
554 1100 679 1154 ὅθεν
724 1104 805 1161 είς
827 1103 908 1156 ἔτι
941 1104 1033 1157 καὶ
1077 1105 1234 1176 δεῦρο
1260 1108 1443 1161 παισὶν
1488 1107 1749 1179 Ἐϐραίων
1793 1111 1853 1163 οὐ

310 1191 514 1261 θεμιτὸν
549 1192 743 1246 ἄλλοσε
800 1195 954 1259 ἐκτὸς
982 1196 1082 1267 τῆς
1121 1198 1505 1270 καθῃρημένης
1538 1201 1713 1253 αὐτῶν
1748 1220 1853 1274 μη-

262 1330 269 1334 .
310 1282 598 1354 τροπόλεως
628 1282 753 1337 οὔτε
796 1285 942 1339 θύειν
980 1287 1122 1341 κατὰ
1156 1290 1248 1342 τὸν
1292 1291 1473 1360 νόμον,
1522 1290 1645 1343 οὐτε
1691 1292 1851 1363 ἱερὸν,

250 1370 270 1438 ,ἱ
309 1375 418 1429 οὔτε
446 1374 829 1447 θυσιαστήριον
861 1378 1111 1450 ἐγείρειν,
1140 1378 1263 1433 οὐτε
1296 1381 1467 1452 χρίειν
1503 1383 1700 1452 ἱερέας,
1729 1383 1851 1438 οὐτε

310 1466 565 1537 βασιλέας,
610 1467 734 1522 οὐτε
777 1469 876 1533 τὰς
928 1471 1065 1525 κατὰ
1118 1473 1317 1525 Μωσέα
1366 1475 1695 1547 πανηγύρεις
1757 1481 1851 1533 καὶ

306 1558 479 1630 ἑορτὰς
509 1560 770 1625 ἐκτελεῖν,
799 1562 863 1614 οὐ
909 1563 1145 1633 μιασμοῦ
1173 1564 1549 1635 καθαίρεσθαι,
1582 1569 1642 1619 οὐ
1672 1568 1851 1640 πλημ-

308 1654 508 1723 μελείας
534 1654 882 1720 ἀπολύεσθαι,
907 1657 967 1708 οὐ
987 1657 1132 1728 δῶρα
1155 1656 1230 1728 τῷ
1244 1658 1359 1730 Θεῴ
1385 1661 1726 1733 προσφέρειν,
1754 1663 1849 1734 οὐχ

308 1743 558 1796 ίλεοῦσθαι
604 1746 743 1799 κατὰ
785 1745 856 1798 τὰ
894 1747 1373 1819 νενομοθετημένα.
1425 1751 1624 1823 Διόπερ
1656 1754 1752 1807 καὶ
1782 1758 1847 1827 τῇ

302 1835 527 1899 Μωσέως
553 1838 779 1902 εἰκότως
811 1838 1201 1909 ὐποὸἐόληνται
1239 1841 1470 1913 κατάρᾳ,
1497 1844 1554 1895 ἐν
1581 1844 1734 1915 μέρει
1752 1846 1848 1915 μὲν
1880 1870 1920 1924 Β

302 1925 572 1995 φυλάττειν
599 1928 722 1984 τινὰ
753 1929 1099 2000 πειρώμενοι,
1128 1933 1185 1985 ὲν
1213 1932 1269 1984 δὲ
1293 1936 1405 1997 τοῖς
1435 1934 1575 1999 ὅλοις
1609 1953 1846 2007 παρανο-

304 2017 530 2089 μοῦντες,
574 2019 864 2093 διαρρήδην
902 2024 1138 2086 Μωσέως
1181 2025 1615 2095 ἀποφηναμένου·
1646 2046 1666 2079 ι
1726 2029 1843 2081 ’Ότι

300 2108 355 2180 δὴ
391 2111 780 2183 ὲπικατάρατος
814 2116 941 2179 πᾶς,
973 2115 1031 2178 ὃς
1061 2116 1160 2168 οὐκ
1207 2118 1432 2187 ὲμμενεῖ
1459 2119 1517 2171 ὲν
1551 2121 1683 2172 πᾶσι
1731 2122 1843 2184 τοῖς

301 2201 749 2273 ἐγγεγραμμένοις
776 2205 856 2277 τῷ
875 2206 1043 2277 νόμῳ,
1074 2207 1164 2260 τοῦ
1199 2209 1419 2278 ποιῆσαι
1450 2212 1606 2264 αὐτά.
1650 2230 1669 2264 ι
1702 2212 1841 2264 Τού-

297 2304 395 2352 τοις
424 2289 478 2342 δὲ
510 2292 645 2345 πᾶσι
693 2294 1205 2364 περιπεπτὼκασιν,
1232 2298 1396 2351 αὐτοῦ
1424 2300 1663 2364 Μωσέως
1711 2300 1840 2372 θείῳ

296 2376 551 2448 Πνεῦμα-ει
580 2381 982 2452 προειληφότος,
1006 2385 1085 2437 ὃτι
1110 2385 1196 2455 δὴ,
1223 2387 1320 2457 τῆς
1346 2386 1432 2440 διά
1461 2390 1697 2459 Χριστοῦ
1714 2392 1842 2445 Και-

294 2468 380 2538 γῆς
415 2469 686 2542 Διαθῆκης
717 2473 1143 2546 άνανεωθείσης,
1179 2478 1272 2530 καὶ
1306 2481 1418 2541 τοῖς
1459 2482 1621 2534 πᾶσιν
1665 2482 1839 2536 ἔθνεσι

292 2559 760 2631 καταγγελθείσης,
795 2565 1016 2634 περιττή
1052 2582 1133 2628 τις
1166 2565 1316 2620 ἔσται
1345 2569 1377 2639 ὴ
1414 2569 1539 2622 κατ’
1566 2572 1727 2626 αὐτὸν
1756 2590 1841 2625 νο-

291 2649 502 2719 μοθεσία
525 2667 540 2681 ·
569 2652 636 2723 ἥν
664 2655 884 2718 εἰκότως
912 2656 999 2726 ὐφ’
1030 2656 1125 2710 ἕνα
1151 2659 1314 2712 τόπον
1347 2660 1670 2733 περιώρισεν
1690 2703 1704 2727 ,
1730 2666 1836 2729 ἴνα,

286 2739 459 2794 εἴποτε
498 2742 688 2796 τούτου
716 2746 1045 2818 στερηθεῖεν,
1079 2750 1170 2802 καὶ
1208 2751 1612 2808 ἀποκλεισθεῖεν
1640 2755 1737 2826 τῆς
1762 2758 1839 2808 οὶ-

285 2833 430 2898 κείας
453 2835 783 2909 ἐλευθερίας,
818 2840 1007 2910 μηκέτ’
1034 2842 1214 2906 αὐτοῖς
1243 2842 1362 2908 ἐξὸν
1391 2846 1475 2915 εἴη
1505 2848 1596 2900 ἐπὶ
1620 2847 1719 2918 τῆς
1753 2848 1839 2902 άλ-

283 2922 506 2997 λοδαπῆς
532 2927 600 2981 τὰ
628 2932 748 2983 κατ’
778 2930 939 2986 αὐτὸν
963 2932 1166 3004 νόμιμα
1202 2936 1496 3001 συντελεῖν,
1525 2938 1598 3001 ὼς
1643 2940 1737 2992 καὶ
1777 2940 1837 3005 ἐξ

281 3015 514 3105 ἀνάγκης
533 3018 630 3090 τὴν
656 3019 910 3092 δευτέραν
933 3023 1201 3096 Διαθήκην
1228 3025 1325 3097 τὴν
1350 3027 1438 3080 διὰ
1468 3028 1703 3100 Χριστοῦ
1736 3049 1834 3084 κα-

278 3109 466 3180 τηγγε)
477 3111 650 3183 μένην
672 3114 917 3182 γενέσθαι
934 3116 1309 3186 παραδεκτέον.
1326 3120 1467 3173 Αὐτὸ
1485 3122 1549 3193 δὴ
1567 3120 1659 3179 οὗν
1680 3124 1836 3178 τοῦτο

1962 558 2332 627 perstitionem
2362 557 2696 622 deciderant,
2727 557 2863 612 adeo
2908 558 3148 628 quidem,
3174 566 3234 612 ut
3256 557 3523 630 Egyptiis

1961 649 2192 719 amplius
2224 648 2361 703 nihil
2407 648 2626 713 habere,
2654 655 2708 704 et
2742 649 2851 705 illis
2894 652 2948 703 in
2994 650 3250 705 omnibus
3292 652 3519 719 similes,

1958 749 2073 795 tum
2120 741 2176 795 in
2210 755 2395 796 errore
2426 741 2867 804 simulacrorum,
2911 748 3025 795 tum
3056 742 3110 795 in
3153 742 3278 797 aliis
3305 757 3522 814 quoque

1957 831 2293 888 facinoribus
2331 834 2572 888 evasisse
2612 834 2972 887 viderentur:
3003 833 3197 887 merito
3243 834 3400 903 quasi
3453 850 3522 891 ex

1956 921 2225 992 profundo
2247 923 2514 976 malorum
2553 923 2700 991 ipsos
2749 921 3006 977 hauriens
3032 921 3229 986 Moses,
3253 924 3321 978 ab
3358 924 3523 993 impia

1955 1012 2180 1068 deorum
2204 1014 2549 1069 multitudine
2570 1014 2790 1077 amovit,
2822 1021 2875 1067 et
2906 1012 2973 1065 ad
3002 1013 3249 1082 opiﬁcem
3281 1014 3522 1069 universi

1954 1104 2124 1160 Deum
2159 1105 2396 1173 reduxit,
2436 1105 2823 1175 perfectiorum
2871 1105 3088 1158 illorum
3132 1106 3322 1169 vitam,
3360 1105 3520 1175 quasi

1954 1197 2010 1251 in
2045 1198 2378 1268 ingressibus
2424 1208 2477 1253 et
2528 1196 2832 1261 vestibulis,
2875 1211 2973 1265 pro
2995 1196 3171 1265 primo
3198 1195 3368 1265 gradu
3403 1197 3520 1267 pie-

1951 1290 2082 1345 tatis
2112 1289 2395 1360 objiciens.
2425 1288 2630 1343 Deinde
2659 1305 2765 1343 non
2799 1288 3068 1351 occidere,
3092 1302 3200 1341 non
3232 1287 3515 1353 mcecbari,

1951 1395 2061 1435 non
2106 1379 2301 1445 furari,
2348 1395 2458 1435 non
2498 1381 2761 1450 pejerare,
2800 1394 2912 1434 non
2952 1393 3131 1434 mares
3177 1379 3233 1433 in
3274 1377 3520 1435 maribus

1952 1472 2212 1537 insanire,
2232 1488 2340 1527 non
2373 1472 2661 1535 matribus,
2694 1485 2802 1525 non
2832 1470 3133 1535 sororibus,
3166 1485 3272 1524 non
3304 1469 3519 1525 ﬁliabus

1949 1564 2171 1619 misceri
2204 1582 2218 1619 :
2250 1580 2351 1619 nec
2400 1565 2507 1617 alia
2551 1563 2866 1633 bujusmodi
2911 1577 3251 1633 quaecunque
3294 1562 3518 1631 impune

1950 1654 2019 1709 ab
2051 1654 2266 1709 illorum
2294 1662 2596 1725 temporum
2617 1654 2926 1710 hominibus
2951 1654 3215 1707 committi
3243 1659 3515 1722 poterant,

1949 1726 2231 1816 permisit:
2274 1755 2552 1817 acceptam
2598 1762 2727 1803 vero
2774 1762 2840 1801 ex
2883 1745 3078 1799 immiti
3119 1752 3174 1800 et
3220 1744 3334 1800 fera
3385 1743 3515 1810 vita,

1949 1839 2149 1893 rationi
2183 1841 2357 1911 magis
2384 1839 2755 1909 conjunctam,
2792 1837 3061 1907 bonisque
3085 1838 3407 1891 innitentem
3436 1836 3517 1890 le-

1946 1931 2125 2003 gibus,
2162 1947 2260 2002 per
2287 1932 2379 1986 illa
2424 1940 2669 2001 tempora
2710 1929 2923 1983 civilem
2963 1928 3361 1983 institutionem
3401 1927 3518 1997 pri-

1943 2036 2065 2076 mus
2102 2022 2156 2076 in
2184 2024 2347 2078 terris
2388 2022 2594 2092 scripto
2626 2018 3043 2085 commendavit,
3080 2019 3172 2089 qui
3220 2033 3350 2073 sane
3393 2032 3514 2073 mos

1942 2113 2195 2169 omnibus
2208 2113 2521 2169 hominibus
2538 2111 2778 2166 nondum
2804 2112 2942 2165 satis
2966 2117 3127 2165 notus
3142 2118 3280 2163 erat.
3306 2107 3513 2163 Deinde

1942 2203 2099 2273 quasi
2140 2202 2476 2273 imperfectis
2516 2202 2646 2265 illis,
2680 2198 3101 2254 simulacrorum
3144 2196 3293 2250 cultu
3340 2195 3515 2249 inter-
3570 2186 3579 2197 ’

1942 2296 2110 2359 dicto,
2144 2310 2241 2365 per
2270 2294 2517 2365 quaedam
2558 2306 2760 2347 arcana
2796 2306 3043 2346 seorsum
3091 2289 3270 2359 signa,
3296 2295 3390 2341 aut
3422 2302 3514 2340 re-

1941 2385 2193 2457 ligionem
2232 2400 2394 2455 quam
2425 2384 2542 2454 ipse
2572 2381 2833 2453 probabat
2860 2381 3371 2451 complecterentur,
3388 2377 3509 2432 edi-

1941 2495 2092 2544 cens,
2125 2478 2411 2536 sacriﬁciis
2451 2487 2504 2532 et
2541 2476 2866 2547 quibusdam
2916 2471 3295 2542 corporalibus
3336 2485 3507 2524 caere-

1939 2572 2161 2639 moniis,
2195 2586 2362 2625 unum
2393 2584 2558 2639 supra
2581 2568 2763 2622 omnia
2794 2566 2961 2619 Deum
2989 2571 3048 2617 ut
3077 2562 3339 2621 colerent,
3364 2575 3501 2631 pra:-

1940 2664 2305 2734 cepitmuam
2340 2674 2471 2715 sane
2505 2658 2822 2728 religionem
2856 2670 2978 2710 cum
3011 2652 3402 2707 admirabiliter
3432 2651 3511 2707 di-

1937 2757 2064 2811 vino
2112 2753 2354 2808 monitus
2397 2752 2626 2821 spiritu,
2672 2762 2781 2802 non
2823 2747 2880 2800 in
2929 2751 3250 2817 perpetuum
3295 2742 3507 2798 servari

1937 2853 2189 2915 Oportere
2236 2842 2559 2912 intelligeret
2590 2859 2602 2894 :
2640 2854 2811 2893 unum
2848 2836 3113 2891 duntaxat
3155 2832 3506 2888 circumscri-

1935 2937 2043 3006 psit
2065 2935 2266 3001 locum,
2311 2932 2496 2987 addito
2527 2937 2818 3002 praecepto,
2850 2943 2917 2982 ne
2943 2941 3172 2996 usquam
3215 2924 3341 2980 alibi
3384 2939 3503 2990 eos,

1936 3029 2029 3098 qui
2061 3027 2129 3082 ab
2166 3027 2286 3097 ipso
2326 3025 2684 3081 tradebantur
2712 3022 2875 3085 ritus,
2919 3034 3083 3090 quam
3117 3028 3264 3073 certo
3309 3017 3402 3071 illo
3448 3017 3505 3070 in

1936 3119 2056 3175 loco
2084 3118 2407 3190 perficerent
2442 3132 2456 3169 :
2490 3116 2578 3171 hic
2608 3125 2788 3170 autem
2816 3120 2933 3168 erat
2968 3110 3381 3181 Hierosolymis,
3409 3124 3504 3163 ex-

274 3200 507 3268 ὶίωσέως
535 3208 1021 3277 προηγορευκότος,
1054 3210 1187 3282 ὁμοῦ
1244 3229 1301 3265 τε
1332 3215 1360 3266 ὀ
1382 3215 1614 3284 Χριστὸς
1641 3216 1835 3288 ἐπεδή-

1939 3218 2024 3264 tra
2067 3210 2214 3265 hunc
2245 3225 2375 3264 vero
2411 3208 2726 3278 neutiquam
2758 3226 2771 3262 :
2799 3222 2866 3261 ex
2907 3220 3017 3276 quo
3052 3204 3228 3259 adhuc
3261 3200 3503 3256 Hebraeis

277 3312 359 3364 μει
393 3295 472 3366 τῷ
500 3296 620 3368 βιῳ,
653 3298 745 3351 καὶ
772 3300 870 3368 τῆς
913 3303 1120 3372 Καινῆς
1145 3304 1416 3376 Διαθήκης
1472 3306 1833 3378 προεϐάλλετο

271 3390 372 3451 τοῖς
426 3387 606 3443 ἔθνεσι
658 3390 1008 3457 διδασκαλία,
1061 3398 1401 3468 παραχρῆμά
1444 3415 1504 3450 τε
1571 3400 1829 3470 Ῥωμαῖοι

269 3477 361 3549 τὴν
380 3478 533 3534 πόλιν
555 3481 765 3545 ἑλόντες
789 3482 1072 3557 πολιορκίᾳ
1089 3486 1337 3542 καθεῖλον
1357 3490 1424 3542 τὰ
1457 3491 1722 3561 Ἱεροσόλυ
1730 3509 1827 3563 μα,

270 3573 355 3625 καὶ
382 3572 474 3626 τὸν
500 3573 690 3626 αὐτόθι
722 3572 858 3628 νεών
878 3592 891 3606 ·
923 3576 1112 3631 λέλυτό
1139 3596 1199 3632 τε
1243 3581 1439 3634 αὐτίκα
1462 3584 1612 3635 πᾶσα
1639 3586 1671 3649 ἡ
1703 3586 1831 3638 Μω-

268 3663 398 3728 σέως
418 3664 681 3730 διάταξις,
716 3669 809 3721 καὶ
828 3668 897 3722 τὰ
915 3669 1013 3740 τῆς
1041 3671 1282 3736 Παλαιᾶς
1308 3674 1605 3747 περιῄρητο
1635 3677 1830 3749 Διαθή-

236 3773 380 3827 -κης,
414 3757 485 3811 τά
523 3775 585 3811 τε
624 3761 723 3831 τῆς
766 3763 905 3833 ἀρᾶς
948 3765 1133 3835 μετῄει
1179 3766 1304 3831 τοὺς
1344 3768 1494 3838 παρὰ
1539 3771 1729 3841 καιρὸν
1759 3771 1829 3824 τά

264 3846 500 3913 Μωσέως
539 3851 796 3921 πράττειν
829 3854 1292 3926 παρανομοῦντας,
1352 3858 1431 3920 εἰς
1467 3858 1606 3911 αὐτὰ
1642 3858 1823 3929 βιαζο-

267 3937 485 4007 μένους’
520 3942 873 4013 ἀντεισήγετο
908 3945 964 3998 δὲ
992 3946 1126 4016 ὁμοῦ
1169 3948 1261 4000 καὶ
1302 3948 1441 4001 κατά
1477 3950 1539 4003 τὸ
1572 3951 1701 4004 αὐτὸ
1727 3952 1824 4022 τῆς

262 4029 382 4095 νέας
405 4032 500 4085 καὶ¹
528 4033 773 4098 ἐντελοῦς
797 4034 1141 4102 διδασκαλίας
1165 4038 1234 4091 τὰ
1261 4040 1484 4111 νόμιμα.
1517 4042 1713 4113 Διόπερ
1743 4044 1821 4095 εῖ-

262 4118 427 4183 me;
460 4119 493 4172 ό
516 4121 708 4193 Σωτὴρ
737 4125 830 4177 καὶ
862 4125 1066 4197 Κύριος
1109 4127 1267 4198 ἡμῶν
1311 4132 1423 4193 τοῖς
1463 4131 1726 4202 οἰομένοις
1762 4134 1822 4186 ὲν

264 4209 393 4281 μόνῃ
414 4212 481 4281 τῇ
525 4210 898 4286 Ἰερουσαλὴμ,
924 4217 956 4287 ἦ
987 4219 1047 4271 ἐν
1069 4218 1217 4288 όρεσί
1241 4238 1382 4274 τισιν
1421 4221 1454 4293 ἢ
1492 4222 1678 4287 τόποις
1718 4225 1822 4294 ἀφ-

257 4303 574 4373 ωρισμένοις
595 4306 705 4361 δεῖν
728 4307 819 4360 τὸν
832 4308 963 4364 Θεὸν
988 4315 1326 4382 προσκυνεῖν,
1356 4315 1518 4385 φησίν
1536 4333 1549 4347 ·
1584 4336 1603 4368 ι
1634 4318 1822 4389 Ἔρχε-

259 4408 342 4447 ται
361 4393 502 4464 ὥρα,
535 4396 630 4449 καὶ
658 4396 752 4450 νῦν
789 4398 955 4463 ἐστιν,
979 4401 1065 4453 ὅτε
1107 4404 1154 4455 οἱ
1180 4403 1419 4473 ἀληθινοὶ
1451 4409 1820 4479 προσκυνηταὶ

260 4488 721 4557 προσκυνήσουσιν
751 4488 872 4543 οὐτε
910 4493 968 4543 ὲν
999 4491 1076 4563 τῷ
1112 4492 1227 4562 ὄρει
1254 4494 1446 4567 τούτῳ,
1477 4495 1599 4550 οὐτε
1625 4499 1683 4552 ἐν
1722 4499 1818 4554 Ἱε-

1932 3299 2088 3356 nefas
2114 3306 2219 3363 est,
2250 3306 2406 3353 extra
2455 3298 2701 3367 ipsorum
2736 3310 2987 3351 eversam
3033 3292 3376 3363 metropolim
3406 3307 3501 3347 us-

1930 3408 2116 3464 quam,
2148 3398 2242 3446 aut
2271 3407 2338 3446 ex
2371 3391 2489 3461 lege
2533 3390 2865 3453 sacrificare,
2899 3395 2997 3443 aut
3033 3386 3242 3449 fanum,
3284 3396 3501 3437 aramve

1929 3484 2162 3554 erigere,
2195 3490 2289 3537 aut
2319 3482 2634 3538 sacerdotes
2660 3495 2881 3552 regesve
2919 3480 3203 3547 inungere,
3236 3483 3329 3529 aut
3357 3475 3499 3529 cele-

1928 3576 2158 3632 britates
2185 3574 2543 3645 solenniaque
2572 3589 2669 3643 per
2687 3572 2890 3629 Mosem
2925 3570 3174 3625 instituta
3202 3567 3494 3637 perlicere:

1927 3684 2040 3724 non
2070 3668 2139 3722 ab
2159 3666 2337 3737 aliqua
2362 3665 2702 3720 immunditie
2730 3664 2973 3735 purgari,
3001 3678 3112 3717 non
3142 3660 3276 3716 solvi
3308 3676 3340 3714 a
3369 3674 3498 3731 pec-

1926 3770 2070 3824 cato,
2103 3774 2213 3814 non
2234 3757 2426 3813 offerre
2454 3758 2565 3812 Deo
2589 3770 2835 3820 munera,
2870 3770 2980 3809 non
3010 3754 3073 3809 ad
3097 3753 3496 3823 propitiandum

1927 3849 2133 3922 aliquid
2162 3848 2341 3905 facere
2373 3864 2440 3904 ex
2482 3848 2713 3919 legibus.
2742 3846 3012 3912 Quocirca
3051 3845 3107 3899 in
3145 3843 3311 3899 Mosis
3338 3859 3495 3899 exsor-

1902 3944 2221 3998 ‘crationem
2252 3942 2448 3996 merito
2472 3942 2672 4010 relapsi
2702 3940 3101 4010 intelliguntur,
3143 3937 3341 4008 quippe
3368 3952 3494 3991 cum

1924 4038 1979 4092 in
2009 4045 2161 4108 parte
2191 4035 2297 4106 18
2323 4034 2542 4105 quidem
2581 4035 2875 4089 observare
2917 4030 3179 4087 nonnulla
3201 4038 3493 4095 conentur,

1922 4129 1981 4183 in
2020 4128 2277 4183 universo
2319 4134 2497 4183 autem
2540 4141 2572 4179 a
2610 4127 2820 4197 legibus
2864 4125 2984 4181 suis
3033 4125 3323 4188 aberrent,
3372 4122 3487 4192 ipsc

1922 4219 2081 4287 plane
2113 4214 2261 4273 Mose
2290 4216 2676 4286 pronuntiante
2710 4223 2873 4284 atque
2901 4212 3240 4268 allirmante:
3278 4228 3298 4262 ι
3335 4209 3491 4278 Quod

1920 4308 2272 4365 exsecrabilis
2298 4308 2371 4362 sit
2399 4307 2576 4362 omnis
2593 4306 2907 4376 quicunque
2950 4319 3061 4359 non
3103 4310 3211 4358 stet
3237 4302 3490 4358 omnibus

1919 4416 2041 4472 qua:
2080 4400 2285 4470 scripta
2333 4406 2461 4455 sunt
2497 4400 2554 4452 in
2598 4398 2736 4467 lege,
2767 4404 2828 4451 ut
2868 4410 2933 4451 ea
2980 4394 3223 4450 faciat“.
3260 4413 3279 4446 ι
3324 4392 3487 4462 Lapsi

1919 4500 2101 4553 autem
2122 4492 2236 4562 jam
2263 4498 2392 4546 sunt
2427 4490 2483 4543 in
2511 4490 2627 4544 haec
2660 4490 2866 4552 omnia,
2898 4503 3025 4542 cum
3068 4495 3121 4541 et
3152 4485 3269 4556 ipse
3307 4483 3488 4538 Moses

260 4555 533 4650 ρουσαλὴμ
557 4578 651 4650 τῷ
681 4582 856 4654 Πατρί
875 4600 887 4611 ·
929 4555 1280 4658 πνείξμα-γὰρ
1307 4589 1336 4642 ὁ
1362 4555 1515 4655 έεδς,
1565 4592 1659 4644 καὶ
1690 4593 1817 4656 τοὺς

1939 4584 2103 4639 Iivino
2123 4555 2334 4652 'Spiritu
2352 4579 2585 4644 afﬂatus,
2616 4579 2914 4650 providerit
2940 4593 3080 4633 novo
3094 4555 3190 4648 per
3209 4576 3487 4631 Christum

257 4666 690 4735 προσκυνοῦντας
735 4672 916 4736 αὐτὸν,
940 4675 999 4726 ὲν
1039 4674 1305 4747 πνεύματι
1345 4679 1438 4732 καὶ
1470 4679 1695 4752 ἀληθείᾳ
1736 4683 1818 4737 δεῖ

1939 4679 2220 4729 ustaurato
2244 4670 2617 4739 Testamento,
2648 4669 3028 4739 universisque
3059 4667 3312 4738 gentibus
3340 4681 3485 4720 nun-

257 4760 594 4826 προσκυνεῖν.
638 4779 656 4811 ι
688 4762 798 4816 Καὶ
826 4764 998 4819 ταῦτα
1031 4767 1318 4837 φήσαντος,
1351 4773 1691 4843 παραχρῆμα
1721 4776 1815 4828 καὶ

1939 4767 2068 4828 iato,
2102 4779 2493 4835 supervacuam
2541 4764 2780 4818 futuram
2815 4776 2958 4825 esse,
3000 4775 3120 4831 quae
3144 4760 3212 4814 ab
3233 4758 3352 4828 ipso
3380 4771 3483 4828 po-

254 4847 349 4903 οὐκ
381 4850 462 4912 εἰς
492 4850 703 4921 μακρὸν
751 4853 1213 4927 πολιορκηθέντων
1244 4858 1351 4912 τῶν
1407 4861 1810 4935 Ἱεροσολύμων,

1939 4858 2021 4911 .ita
2051 4866 2157 4921 est,
2189 4858 2365 4928 legum
2396 4855 2854 4919 observationem,
2884 4868 3046 4922 quam
3075 4868 3185 4907 uno
3218 4852 3482 4907 duntaxat

252 4936 336 4991 τοῦ
360 4939 407 4991 τ’
436 4941 623 4995 αὐτόθι
657 4944 1010 5016 ἁγιάσματος,
1045 4950 1244 5003 καὶτοῦ
1278 4951 1413 5021 πρὸς
1447 4954 1593 5024 αὐτῷ
1624 4954 1811 5009 θυσιαο

1939 4965 2058 5013 oco,
2091 4950 2288 5004 merito
2334 4948 2668 5011 terminavit,
2713 4957 2770 5001 ut
2812 4946 2858 5001 si
2898 4945 3115 5016 quando
3153 4961 3220 4999 ex
3264 4960 3329 4999 eo
3360 4945 3480 5001 loco

255 5032 496 5102 στηρίου,
523 5033 626 5105 τῆς
644 5052 707 5087 τε
735 5037 877 5090 κατὰ
928 5040 1132 5094 Μωσέα
1157 5040 1409 5114 λατρείας
1437 5045 1577 5098 κατὰ
1601 5048 1697 5118 τὴν
1717 5049 1815 5101 αὐ-

1939 5041 2261 5104 »ellerentur,
2296 5049 2349 5094 et
2383 5039 2613 5109 patriam
2646 5038 2951 5093 libertatem
2997 5038 3328 5099 amitterent,
3365 5049 3479 5089 non

249 5121 337 5175 τοῦ
378 5125 624 5190 Μωσέως
660 5127 904 5196 διάταξιν
965 5136 1408 5207 περιῃρημένης,
1440 5137 1703 5208 ἀνέιρανεν
1732 5141 1813 5204 είς

1939 5132 2143 5202 ιωριίυε
2167 5131 2276 5187 illis
2305 5130 2388 5187 fas
2409 5137 2575 5197 esset,
2606 5129 2877 5201 quasipse
2897 5128 3191 5199 posuisset,
3218 5128 3364 5199 leges
3385 5136 3478 5181 aut

250 5213 449 5280 πάντας
461 5215 781 5288 ἀνθρώπους
797 5220 888 5274 καὶ
902 5222 1200 5295 ἐξέλαμψεν
1215 5229 1246 5296 ἡ
1266 5227 1568 5299 ἀρχέτυπος
1583 5231 1691 5285 τῶν
1707 5233 1810 5303 πρὸ

1939 5224 2047 5278 itus
2067 5238 2287 5279 servare
2321 5241 2335 5277 ε
2370 5230 2433 5277 ut
2456 5222 2568 5291 jam
2601 5220 2967 5275 conﬁtendum
2999 5221 3091 5285 sit,
3123 5220 3353 5274 alterum
3394 5226 3477 5274 te~

248 5303 482 5372 Μωσέως
522 5308 782 5379 θεοφιλῶν
824 5313 1031 5386 ἀνδρῶν
1059 5317 1326 5384 εὐσέϐεια,
1356 5321 1390 5391 ἦ
1422 5338 1482 5374 τε
1534 5321 1599 5375 δι’
1640 5324 1809 5395 αὐτῆς

1940 5324 2240 5371 tamentum
2279 5317 2425 5386 quod
2474 5332 2572 5387 per
2619 5313 2897 5371 Christum
2943 5314 3017 5370 sit
3068 5314 3469 5378 denuntiatum,

248 5399 373 5451 πᾶσι
384 5402 497 5464 τοῖς
510 5400 719 5455 ἔθνεσιν
736 5405 1117 5478 ὲπηγγελμὲνη
1128 5408 1471 5478 εὐλογία,άπὺ
1485 5410 1579 5465 τοῦ
1593 5412 1806 5483 πρώτου

1939 5412 2219 5466 ιθοοεεειτὶο
2244 5425 2366 5466 esse
2396 5397 2935 5463 introductum.C'um
2958 5408 3139 5477 itaque
3167 5405 3343 5459 Moses
3367 5402 3474 5459 hoc

249 5483 447 5559 βαθμοῦ
482 5492 576 5545 καὶ
607 5495 717 5547 ἀπὸ
750 5497 848 5566 τῆς
877 5496 1098 5570 πρώτης
1127 5504 1513 5571 στοιχειώσεως
1529 5505 1627 5573 τῆς
1660 5505 1799 5558 κατὰ

1939 5521 2083 5574 psum
2116 5507 2357 5560 futurum
2395 5518 2518 5558 esse
2560 5501 2920 5572 praedixisset,
2956 5513 3188 5569 moxque
3215 5505 3269 5551 et
3308 5493 3471 5550 Chri-

246 5578 434 5635 Maxréa
467 5582 724 5655 λατρείας
762 5588 854 5641 ἐπὶ
894 5590 982 5642 τὸν
1029 5591 1307 5662 κρείττονα
1348 5596 1445 5649 καὶ
1474 5596 1801 5668 τελειότερον

1939 5606 2025 5655 tus
2054 5600 2174 5655 vitze
2207 5598 2372 5670 hujus
2400 5596 2890 5670 peregrinationem
2912 5595 3259 5666 explevisset,
3294 5599 3347 5645 et
3368 5603 3470 5664 pa.

192 5798 201 5815 ι
299 5756 344 5788 ⁸³
373 5757 532 5816 Deut.
569 5777 740 5828 xxvii,
762 5761 848 5818 26.
