3942 6258
502 304 572 363 59

486 786 667 841 omnis
699 787 864 847 Mosis
910 797 1253 865 constitutio,
1293 808 1347 857 et
1380 819 1717 879 quaecunque
1747 812 1816 868 de
1859 812 2049 873 Vetere

485 872 835 938 Testamento
876 890 1257 958 servabantur,
1291 872 1503 968 sublata
1543 909 1688 957 sunt.
1729 902 2044 965 Exsecratio

483 975 663 1024 autem
686 973 751 1026 ad
776 975 899 1033 illos
930 982 1098 1049 venit,
1132 985 1258 1055 quia
1291 1003 1414 1043 cum
1441 1005 1502 1059 ea
1527 1007 1702 1061 quzea
1728 994 1876 1053 Mose
1905 1014 2044 1070 pra:-

483 1069 641 1130 cepta
681 1072 808 1118 sunt
838 1079 1036 1137 praeter
1069 1072 1239 1144 legem
1275 1076 1453 1136 facere
1484 1084 1702 1152 vellent,
1728 1088 1784 1142 in
1815 1069 1932 1144 eam
1959 1094 2041 1163 ip-

481 1164 597 1205 sam
622 1159 1051 1216 exsecrationem
1080 1165 1132 1219 vi
1155 1167 1387 1236 quadam
1409 1175 1583 1230 coacti
1616 1187 1745 1233 sunt
1778 1183 2036 1239 recidere.

478 1239 522 1293 E
554 1249 833 1304 contrario
877 1260 1055 1308 autem
1099 1240 1261 1314 simul
1295 1269 1348 1315 et
1384 1265 1572 1320 eodem
1622 1276 1862 1341 tempore
1896 1277 2035 1345 ejus,

476 1348 597 1403 quae
626 1335 682 1390 in
703 1336 852 1395 Novo
871 1345 1221 1419 perfectoque
1245 1351 1596 1413 Testamento
1619 1335 2040 1423 cont-inetur'do-

476 1427 683 1493 ctrinae,
736 1442 791 1485 et
835 1434 1000 1505 leges,
1050 1448 1105 1493 et
1141 1441 1280 1498 ritus
1320 1445 1614 1505 introducti
1665 1462 1811 1509 sunt.
1856 1455 2035 1523 Quare

473 1516 670 1572 merito
701 1518 952 1580 Salvator
982 1534 1036 1583 et
1066 1528 1350 1600 Dominus,
1386 1539 1451 1593 ad
1497 1557 1594 1596 eos
1630 1545 1725 1614 qui
1770 1516 2031 1616 putabant

468 1604 527 1660 in
566 1611 684 1663 sola
722 1611 1048 1684 Jerusalem,
1116 1633 1211 1678 aut
1258 1627 1313 1681 in
1353 1634 1628 1689 montibus
1675 1638 2027 1709 quibusdam,

466 1695 585 1753 sive
609 1704 773 1758 certis
796 1704 1278 1786 determinatisque
1294 1720 1425 1777 locis
1442 1723 1607 1779 Deum
1630 1728 1843 1783 adorari
1866 1746 2026 1801 opor-

1140 314 1412 377 EUSEBH
1450 325 1926 391 CIESARIENSIS
1963 336 2115 399 QPP.
2150 339 2331 398 PARS
2364 344 2429 401 ll.
2470 376 2539 387 —-
2567 346 3062 411 APOLOGETICA.

496 422 633 480 riter
667 425 735 481 ad
783 442 973 487 omnes
1021 441 1207 504 gentes
1246 436 1384 497 Novi
1433 440 1763 502 Testamenti
1808 450 1990 509 doctri:

2089 463 2132 518 Α
2161 460 2502 530 προσάγουσα
2527 464 2651 527 τοὺς

494 514 850 587 perferretur,
887 531 1001 576 tum
1029 527 1281 595 protinus
1311 529 1560 602 Romani,
1588 552 1714 593 cum
1748 543 1935 597 urbem
1961 545 2057 599 ob-

492 605 706 663 sidione
750 611 1071 680 cinxissent,
1103 616 1475 695 Hierosolyma
1518 627 1656 698 ipsa,
1684 628 1757 686 ’et
1795 634 1942 703 quod
1979 636 2053 690 ibi

488 704 608 749 erat
643 699 901 768 templum
941 712 1275 774 everterunt,
1319 712 1604 785 solutaque
1647 727 1730 774 est
1762 699 1990 779 confesti

2148 734 2447 791 κυνούντων
2465 778 2482 804 ,
2539 739 2658 793 οὐδὲ

3639 368 3709 425 60

2685 465 2999 536 προσιόντας
3025 471 3158 547 αὐτῇ
3184 474 3315 543 βίον.
3345 477 3544 534 Αὐτίκα
3582 484 3713 551 γοῦν

2153 549 2260 603 τῶν
2287 553 2569 623 μακαρίων
2610 554 2830 625 ἐκείνων
2875 560 2968 612 καὶ
3013 560 3289 633 θεοφιλῶν,
3320 567 3424 622 τῶν
3450 549 3712 643 ἀμφὶ-τὶν

2164 638 2410 711 Ἀϐραὰμ
2431 640 2588 711 λέγω,
2614 644 2713 703 οὐκ
2733 646 3125 720 ἀφωρισμένως
3152 653 3208 707 ἕν
3233 672 3338 713 τινι
3370 638 3519 732 τόπῴ
3542 638 3712 735 προσ-

2710 741 2797 796 διὰ
2841 746 3119 817 συμϐόλων
3161 751 3254 803 καὶ
3289 752 3496 821 τύπων,
3524 757 3640 811 ἀλλ’
3669 754 3707 835 ᾖ

2147 842 2309 895 φησιν
2361 830 2389 882 ὁ
2420 830 2603 903 Σωτὴρ
2651 834 2744 893 καὶ
2781 835 2984 907 Κύριος
3014 840 3190 911 ἡμῶν,
3222 843 3280 896 ἐν
3314 845 3580 918 πνεύματι
3609 830 3706 904 καί

2143 916 2451 992 ἀληθείᾳ,ἧ
2483 921 2573 975 διὰ
2620 924 2720 994 τῆς
2761 926 2853 979 τοῦ
2902 927 3150 1003 Σωτῆρος
3185 934 3342 1004 ήμῶν
3383 916 3706 1008 ἐπιφανείας

2143 1007 2312 1063 ἅπασι
2340 1014 2448 1075 τοῖς
2480 1013 2687 1082 ἔθνεσιν
2720 1017 2948 1090 ὑπῆρξε,
2976 1023 3083 1077 τῶν
3113 1024 3274 1080 πάλαι
3292 1007 3578 1102 προφητῶν
3604 1036 3704 1090 καὶ

2139 1098 2294 1153 τοῦτο
2316 1103 2742 1178 τεθεωρηκότων.
2759 1110 2916 1179 Λέγει
2944 1112 2986 1164 δ’
3014 1110 3106 1169 οὖν
3130 1098 3385 1191 ἄντικρυς
3406 1098 3662 1192 Σοφονίας
3679 1144 3695 1158 ο

2143 1207 2163 1239 ι
2188 1190 2600 1266 Ἑπιφανήσεται
2622 1199 2823 1271 Κύριος
2843 1204 2931 1256 ἐπ’
2963 1206 3177 1273 αὐτοὺς,
3205 1190 3298 1263 καί
3328 1190 3696 1287 ἐξολοθρεύσει

2138 1283 2341 1348 πάντας
2371 1288 2494 1352 τοὺς
2519 1288 2670 1354 θεοὺς
2696 1292 2805 1346 τῶν
2837 1293 3004 1350 ἐθνῶν
3037 1298 3137 1368 τῆς
3175 1301 3298 1371 γῆς,
3329 1295 3422 1357 καὶ
3458 1283 3697 1378 προσκυ-

2134 1376 2383 1446 νήσουσιν
2417 1380 2592 1452 αὐτῷ,
2626 1384 2853 1450 ἕκαστος
2900 1389 2965 1441 ἐκ
2994 1390 3088 1443 τοῦ
3117 1392 3279 1448 τόπου
3327 1397 3524 1452 αὐτῶν.
3558 1417 3578 1452 ι
3629 1402 3691 1454 Ὀ

2131 1466 2189 1519 δὲ
2223 1470 2504 1543 Μαλαχίας
2538 1476 2669 1548 ὁμοῦ
2715 1478 2853 1550 πρὸς
2890 1481 3013 1545 τοὺς
3046 1486 3111 1537 ἐκ
3144 1490 3437 1561 περιτομῆς
3470 1493 3692 1547 ἀποτεία

2130 1575 2296 1629 νεται,
2318 1563 2410 1615 καὶ
2458 1567 2585 1637 περὶ
2618 1566 2725 1620 τῶν
2756 1569 2921 1625 ἐθνῶν
2950 1574 3119 1628 ταῦτα
3155 1586 3546 1651 προαναφωνεῖ,
3583 1586 3695 1654 φά-

2131 1655 2448 1709 σκωνοιούκ
2469 1655 2582 1711 ἔστι
2609 1676 2708 1731 μου
2733 1659 2960 1734 θέλημα,
2985 1665 3135 1734 λέγει
3155 1668 3356 1741 Κύριος
3382 1676 3687 1746 παντοκρά-

2126 1760 2259 1815 τωρ,
2312 1748 2405 1800 καὶ
2451 1747 2640 1815 θυσίας
2691 1753 2752 1805 οὐ
2796 1755 3152 1829 προσδέξομαι
3204 1762 3268 1815 ἐκ
3332 1763 3438 1816 τῶν
3483 1767 3683 1837 χειρῶν

466 1796 601 1855 τετε,
641 1794 721 1849 sic
752 1797 869 1851 ait:
909 1819 928 1852 ι
974 1800 1136 1860 Venit
1173 1808 1328 1874 liora.
1380 1824 1434 1868 et
1471 1831 1619 1871 nunc
1661 1829 1776 1885 est,
1809 1826 1987 1892 quand

466 1881 574 1930 veri
602 1883 922 1930 adnrnlm-pc
957 1892 1252 1930 adn-mlum:
1289 1899 1500 1930 0......“
1559 1922 1725 1930 _....---
1760 1911 1807 1930 2-.
1844 1928 1882 1930 μ
1972 1921 1986 1930 .

2144 1794 2259 1815 Ἴης,
2314 1794 2405 1800 --.η
2456 1794 2637 1815 ---ηπ
2693 1794 2751 1805 ν-
2804 1794 3152 1829 ..γννυετυμνιι-
3204 1794 3268 1815 ελ.
3332 1794 3438 1816 -οιυν
3483 1794 3681 1837 χειρων

2089 1819 2298 1906 ἶὺμῶν,
2327 1838 2458 1893 διότι
2506 1842 2602 1895 ἀπ’
2641 1844 2925 1918 ἀνατολῆς,
2987 1851 3081 1904 καὶ
3122 1853 3284 1930 μέχρι
3316 1854 3572 1926 δυσμῶν,
3614 1859 3681 1911 τὸ

460 1881 574 1935 veri
602 1880 922 1946 adoratores
955 1892 1259 1953 adorabunt
1289 1899 1526 1970 Patrem,
1558 1922 1729 1978 neque
1758 1911 1813 1965 in
1842 1921 2024 1971 monte

462 1972 600 2038 hoc,
638 1992 812 2049 neque
844 1982 900 2037 in
929 1982 1251 2046 Jerusalem.
1289 1992 1523 2064 Spiritus
1566 2000 1710 2054 enim
1747 2001 1908 2070 Deus,
1967 2015 2021 2064 et

458 2064 636 2134 ipsum
664 2071 978 2144 adorantes,
1008 2078 1063 2132 in
1095 2083 1290 2152 spiritu
1319 2093 1373 2142 et
1407 2091 1634 2149 veritate
1653 2106 1866 2166 oportet
1887 2100 2018 2155 ado-

452 2170 576 2212 rare
593 2159 660 2216 ⁸⁷.
701 2181 720 2214 ι
749 2162 958 2229 Quibus
994 2175 1157 2231 rebus
1190 2176 1263 2231 ita
1293 2180 1361 2234 ab
1398 2182 1491 2238 illo
1521 2186 1813 2255 praedictis,
1840 2195 2016 2248 conti-

449 2258 560 2298 nuo
585 2262 685 2303 nec
706 2250 864 2325 longo
895 2268 1014 2326 post
1038 2268 1297 2334 tempore,
1319 2267 1706 2347 Hierosolymis
1730 2281 2012 2354 obsidione

446 2343 749 2410 oppressis,
780 2356 833 2402 et
866 2351 988 2419 ejus
1016 2355 1118 2410 loci
1168 2343 1636 2430 sanctificatioget
1660 2371 1724 2425 ad
1759 2376 2007 2443 eumdem

444 2444 599 2484 usum
636 2446 1007 2498 constructum
1045 2448 1232 2515 altare,
1257 2461 1310 2507 et
1345 2456 1610 2524 adoratio,
1637 2478 1755 2532 qua:
1802 2483 1831 2519 a
1859 2467 2006 2526 Mose

442 2522 642 2579 tradita
683 2526 879 2597 fuerat,
926 2537 1137 2594 sublata
1175 2558 1471 2617 eversaque
1514 2522 1669 2609 sunt:
1698 2556 2003 2631 Eodemque

437 2619 683 2687 tempore
706 2622 760 2676 in
785 2639 973 2683 omnes
1000 2631 1248 2691 homines
1269 2640 1537 2706 patefacta
1564 2653 1669 2709 est,
1705 2655 1758 2702 et
1781 2653 2002 2708 emicuit

435 2718 521 2772 ea,
557 2723 679 2778 qua:
701 2722 828 2769 ante
868 2717 1071 2776 Mosem
1107 2726 1242 2781 viris
1283 2732 1488 2788 sanctis
1524 2749 1554 2787 a
1590 2739 1856 2811 principio
1877 2744 1998 2798 data

435 2794 635 2865 fuerat,
674 2803 846 2871 pietas
889 2817 943 2863 et
988 2815 1196 2885 religio,
1240 2827 1293 2873 et
1338 2840 1458 2891 qua:
1500 2794 1605 2895 per.
1637 2794 1789 2884 illan;
1820 2838 1997 2890 omni-

432 2885 536 2949 bus
581 2894 833 2960 gentibus
881 2904 1147 2970 promissa
1196 2885 1370 2966 fuerat
1415 2885 1739 2988 benedictio,
1783 2941 1903 2994 quae
1962 2943 1993 2983 a

428 2980 608 3060 primo
640 2999 903 3045 ascensus
929 2995 1123 3063 gradu,
1154 3008 1207 3054 et
1232 3016 1261 3053 a
1298 3004 1488 3072 primis
1524 3008 1630 3065 illis
1657 3014 1990 3081 adorationis

431 3069 537 3141 ιθ
569 3073 817 3153 Μοειιὶςω
861 3084 1162 3157 elementis,
1203 3108 1318 3157 eos,
1375 3099 1468 3166 qui
1499 3101 1565 3155 ad
1591 3118 1649 3158 se

425 3162 494 3229 ad
530 3166 804 3233 meliorem
830 3175 1321 3254 perfectiorcmque
1360 3162 1524 3245 vitam
1566 3194 1806 3254 adducit.
1876 3162 1984 3272 Ita;

422 3267 529 3323 que
552 3260 802 3335 protinus
831 3269 1050 3339 quando
1084 3273 1272 3332 beatos
1318 3280 1462 3347 illos,
1527 3283 1744 3358 Deoque
1778 3268 1983 3351 amicos

420 3347 589 3413 viros,
621 3366 715 3408 eos
740 3350 862 3411 dico
887 3361 980 3429 qui
1029 3362 1338 3424 Abrahamo
1389 3375 1594 3433 similes
1634 3383 1979 3455 exstiterunt,

417 3452 528 3493 non
554 3441 611 3496 in
642 3444 824 3516 aliquo
850 3438 999 3511 certo
1036 3455 1503 3537 determinaloque
1556 3470 1677 3528 loco
1721 3476 1980 3536 adorasse

414 3627 686 3692 quomodo
717 3629 965 3691 Salvator
984 3650 1171 3696 noster
1204 3652 1257 3699 et
1279 3627 1538 3708 Dominus
1566 3666 1744 3721 uocet,
1774 3659 1828 3713 in
1864 3662 1976 3731 spi-

409 3718 521 3774 ritu
550 3726 603 3775 et
643 3724 893 3794 veritate,
925 3732 1112 3787 eadem
1142 3735 1407 3794 adorandi
1434 3744 1574 3799 ratio
1608 3756 1707 3818 per
1728 3718 1971 3821 ejusdem

409 3810 709 3874 Salvatoris
730 3821 906 3876 nostri
943 3824 1232 3882 adventum
1265 3834 1517 3892 omnibus
1558 3842 1807 3909 gentibus
1839 3846 1973 3902 insi-

405 3913 573 3961 nuata
606 3917 708 3963 est.
737 3909 891 3977 Quod
917 3916 1135 3985 quidem
1167 3920 1430 3990 futurum,
1478 3929 1638 3984 etiam
1691 3937 1969 4007 prophetae

402 4003 613 4056 veteres
648 4007 798 4059 tanto
821 4009 951 4062 ante
977 4023 1362 4080 cognoverant.
1400 4019 1537 4078 Dicit
1597 4003 1779 4096 itaque
1795 4003 1967 4099 tplane

403 4084 710 4157 Sophonias
743 4109 755 4144 :
793 4112 812 4145 ι
844 4096 1137 4167 Apparebit
1156 4101 1414 4165 Dominus
1442 4125 1604 4181 super
1625 4084 1739 4184 eos,
1765 4084 1824 4174 et
1844 4084 1967 4189 per;

399 4174 492 4229 det
517 4191 707 4235 omnes
735 4182 865 4241 deos
894 4189 1139 4256 gentium
1178 4204 1356 4265 terrae,
1388 4211 1442 4256 et
1472 4206 1778 4263 adorabunt
1837 4227 1961 4268 eum

396 4268 775 4348 unusquisque
794 4275 861 4331 de
896 4280 1016 4335 loco
1041 4298 1141 4339 suo
1169 4285 1235 4341 ⁸⁸.
1284 4309 1303 4341 ι
1338 4292 1636 4354 Malachias
1666 4312 1846 4357 autem
1888 4307 1961 4359 si-

393 4358 533 4425 mul,
564 4371 617 4417 et
636 4364 704 4419 ad
727 4382 822 4424 eos
850 4371 945 4440 qui
992 4390 1059 4429 ex
1092 4380 1510 4443 circumcisione
1540 4402 1686 4459 sunt,
1752 4409 1959 4450 sermo-

389 4463 515 4505 nem
543 4454 746 4537 dirigit,
765 4464 908 4519 etde
928 4470 1181 4536 gentibus
1206 4475 1334 4529 talia
1367 4481 1608 4544 praedicit
1634 4502 1647 4537 :
1726 4483 1846 4541 Non
1875 4501 1959 4546 est
1992 4481 2034 4535 Ῑ)

387 4544 641 4627 voluntas
679 4565 820 4621 mea,
872 4555 1004 4612 dicit
1056 4558 1317 4623 Dominus
1371 4574 1735 4644 omnipotens,
1765 4588 1818 4635 et
1862 4599 1954 4638 sa-

387 4636 652 4694 crificium
674 4657 782 4698 non
813 4650 1107 4721 suscipiam
1138 4657 1205 4711 de
1235 4662 1489 4721 manibus
1549 4672 1765 4737 vestris,
1816 4690 1952 4745 quo-

383 4726 532 4783 niam
566 4732 635 4787 ab
662 4742 785 4790 ortu
813 4754 984 4818 usque
1012 4745 1081 4800 ad
1109 4763 1363 4806 occasum
1394 4771 1592 4814 nomen
1623 4777 1802 4818 meum
1830 4768 1948 4838 glo-

382 4819 655 4878 riticatum
707 4836 790 4885 est
848 4831 904 4887 in
963 4839 1237 4905 gentibus,
1291 4852 1346 4899 et
1400 4847 1455 4902 in
1496 4853 1643 4906 omni
1691 4855 1810 4912 loco
1863 4860 1948 4914 in-

381 4925 606 4971 censum
635 4918 859 4977 offertur
880 4929 1085 4989 nomini
1112 4949 1251 5001 meo,
1310 4947 1361 4994 et
1406 4944 1735 5002 sacrificium
1782 4965 1941 5006 mun-

379 5004 508 5060 dum
527 5008 592 5064 ⁸³.
627 5030 645 5063 ι
679 5011 835 5079 Quod
870 5021 1013 5074 enim
1048 5022 1102 5078 in
1125 5028 1272 5081 omni
1296 5029 1415 5085 loco
1450 5033 1603 5099 dicit,
1656 5039 1938 5097 incensum

376 5101 433 5150 et
480 5102 807 5160 sacrificium
855 5109 1038 5166 offerri
1095 5115 1224 5183 Deo,
1275 5123 1404 5192 quid
1448 5127 1596 5199 aliud
1645 5130 1933 5202 signiﬁcat,

373 5187 481 5244 nisi
518 5210 537 5242 ι
580 5209 688 5249 non
716 5195 1106 5275 Hierosolymis
1130 5210 1195 5278 ”,
1229 5232 1246 5263 ι
1280 5187 1457 5286 neque
1500 5194 1719 5278 deﬁnite
1750 5225 1803 5285 in
1833 5227 1936 5285 hoc

371 5289 468 5335 aut
498 5282 551 5337 in
578 5286 672 5343 illo
703 5290 823 5346 loco
848 5295 899 5351 id
932 5297 1213 5357 futurum?
1244 5307 1339 5361 sed
1373 5309 1427 5363 in
1452 5314 1598 5366 omni
1633 5298 1851 5387 regione
1881 5329 1936 5393 et

371 5372 429 5428 in
465 5378 718 5437 omnibus
745 5389 1022 5456 gentibus,
1061 5412 1183 5465 qua:
1212 5400 1426 5468 quidem
1457 5411 1511 5460 et
1550 5372 1811 5467 orationis
1852 5390 1935 5468 in?

367 5478 590 5522 censum
618 5480 671 5525 et
701 5478 1051 5548 sacrificium,
1088 5490 1233 5557 quod
1279 5494 1538 5550 mundum
1585 5500 1790 5556 dictum
1824 5512 1927 5571 est,

364 5571 473 5612 non
514 5576 610 5630 per
640 5579 885 5630 cruores.
942 5577 1038 5630 sed
1088 5594 1184 5647 per
1247 5584 1365 5652 pias
1411 5589 1674 5657 acti-ones,
1714 5610 1929 5650 summo

2122 1925 2293 1999 ὄνομά
2345 1947 2444 2001 μου
2487 1931 2790 1999 δεδόξασται
2814 1939 3006 2005 ἐντοῖς
3051 1925 3245 2010 ἔθνεσι,
3291 1949 3383 2001 καὶ
3418 1925 3476 2002 έν
3513 1953 3679 2006 παντὶ

2119 2017 2269 2089 τόπῳ
2295 2019 2542 2093 θυμίαμα
2574 2028 2902 2097 προσάγεται
2925 2031 3000 2103 τῷ
3044 2033 3264 2106 ὀνόματί
3292 2055 3413 2108 μου,
3463 2042 3552 2095 καὶ
3580 2042 3676 2096 θυ-

2120 2112 2209 2166 σία
2241 2114 2471 2187 καθαρά.
2513 2137 2531 2167 ι
2576 2119 2648 2172 Τὸ
2678 2121 2786 2193 γὰρ
2810 2124 2866 2177 ὲν
2892 2128 3048 2179 παντὶ
3090 2127 3240 2201 τόπῳ
3290 2131 3536 2205 θυμίαμα
3577 2136 3676 2191 καὶ⁵

2115 2202 2301 2259 θυσίαν
2339 2207 2698 2280 ἀναφέρεσθαι
2747 2212 2883 2285 Θεῷ,
2918 2217 2972 2269 τί
3023 2218 3204 2292 ἕτερον
3243 2202 3584 2297 παρίστησιν,
3631 2229 3669 2300 ἢ

2109 2297 2190 2349 ὅτι
2219 2298 2292 2370 μὴ
2334 2301 2391 2352 ἐν
2445 2302 2849 2376 Ἱεροσολύμοις,
2882 2310 3002 2379 μηδ’
3028 2313 3419 2386 ἀφωρισμένως
3470 2321 3527 2374 ὲν
3560 2297 3673 2391 τῷιξ

2107 2388 2164 2441 δε
2214 2389 2292 2460 τῷ
2332 2392 2499 2463 τόπῳ,
2535 2394 2592 2446 ἐν
2646 2397 2795 2470 πάσῃ
2826 2399 2881 2451 δὲ
2934 2401 3103 2475 χώρᾳ,
3160 2408 3251 2461 καὶ
3291 2409 3348 2461 ἐν
3384 2412 3515 2464 πᾶσι
3547 2388 3667 2479 τοίς

2106 2480 2301 2544 ἔθνεσι,
2329 2485 2574 2554 μέλλουσι
2604 2488 2664 2541 τὸ
2691 2491 2757 2543 δι’
2791 2492 2963 2562 εὐχῶν
2982 2494 3246 2568 θυμίαμα,
3269 2502 3361 2555 καὶ
3380 2502 3475 2573 τὴν
3506 2507 3567 2558 ού
3589 2507 3662 2560 δι’

2103 2575 2366 2645 αἱμάτων,
2404 2578 2537 2634 ἀλλὰ
2572 2580 2639 2636 δι’
2675 2582 2847 2653 ἔργων
2885 2585 3121 2643 εὐσεϐῶν
3155 2591 3397 2664 καθαράν
3444 2596 3662 2667 ὠνομα-

2102 2664 2302 2736 σμένην
2346 2667 2532 2725 θυσίαν
2582 2672 2660 2743 τῷ
2692 2675 2783 2727 ἐπὶ
2818 2678 2978 2729 πᾶσιν
3019 2681 3309 2754 ἀναφέρειν
3358 2686 3505 2758 Θεῷ;
3546 2664 3659 2763 ὺοᾷ

2096 2754 2153 2807 δὲ
2194 2756 2504 2832 διαρρήδην,
2552 2766 2646 2818 καὶ
2685 2768 2953 2839 κέκραγεν
3006 2776 3034 2826 ὁ
3090 2774 3333 2841 Ἡσαΐας,
3383 2754 3655 2847 θεσπίζων

2096 2846 2209 2917 ἅμα
2241 2851 2331 2903 καὶ
2355 2851 2523 2920 λέγων
2541 2872 2554 2885 ο
2590 2875 2609 2906 ι
2651 2859 2841 2913 Ἔσται
2875 2861 3249 2936 θυσιαστήριον
3269 2868 3345 2940 τῷ
3374 2871 3560 2943 Κυρίῳ
3588 2876 3652 2928 ὲν

2093 2937 2243 3012 χώρᾳ
2274 2943 2566 3012 Αἰγύπτου,
2597 2951 2689 3003 καὶ
2732 2954 2968 3020 γνωστὸς
3001 2956 3151 3012 ἔσται
3184 2937 3383 3032 Κύριος
3403 2937 3513 3029 toi;
3532 2937 3648 3020 ⁷ΑΞ-

2090 3031 2355 3099 γυπτίοις,
2389 3035 2480 3091 καὶ
2533 3040 2818 3093 ἀποστελεί
2847 3044 3027 3109 αὐτοῖς
3076 3048 3355 3121 ἄνθρωπον
3390 3053 3449 3117 ὃς
3481 3054 3649 3114 σώσει

1696 3108 1983 3177 accedunt,
2013 3143 2054 3201 ρ
2088 3110 2300 3186 αὐτοὺς,
2349 3127 2442 3179 καὶ
2489 3128 2784 3195 γνώσονται
2830 3135 2879 3186 ot
2924 3108 3205 3205 Αἰγύπτιοι
3232 3142 3322 3196 τὸν
3354 3145 3554 3221 Κύριον
3586 3152 3647 3203 ὲν

2082 3215 2150 3284 τῇ
2180 3215 2360 3288 ἡμέρᾳ
2385 3219 2587 3294 ἐκείνῃ,
2621 3222 2715 3276 καὶ
2743 3226 3020 3296 ποιήσουσι
3056 3229 3260 3299 θυσίας,
3283 3236 3374 3288 καὶ
3398 3215 3643 3302 εὔξονται

2082 3321 2247 3391 εὐχὰς
2268 3322 2345 3394 τῷ
2386 3326 2592 3397 Κυρίῳ,
2650 3330 2743 3382 καὶ
2788 3331 3143 3390 ἀποδώσουσι.
3172 3337 3263 3391 καὶ
3309 3340 3645 3415 ἐπιστραφή-

2080 3429 2261 3466 σονται
2306 3417 2441 3488 πρὸς
2483 3419 2704 3491 Κύριον,
2758 3424 2852 3477 καὶ
2906 3426 3279 3484 εἰσακούσεται
3317 3433 3516 3497 αὐτῶν,
3545 3438 3643 3490 καὶ

2081 3504 2286 3558 ἰάσεται
2346 3508 2560 3573 αὐτούς.
2600 3530 2617 3562 ι
2646 3507 2790 3584 Ἀρά
2830 3531 2910 3568 σοι
2941 3516 3200 3589 δοκοῦμεν
3244 3521 3414 3594 ἀληθῆ
3459 3524 3639 3593 λέγειν

2079 3594 2365 3664 μετάθεσιν
2392 3598 2485 3651 τοῦ
2508 3601 2750 3666 Μωσέως
2772 3603 2954 3675 νόμου,
3012 3608 3209 3677 μᾶλλον
3229 3609 3285 3662 δὲ
3314 3610 3522 3667 παῦλαν
3543 3617 3637 3669 καὶ

2072 3684 2222 3740 λύσιν
2244 3689 2539 3757 φάσκοντες
2570 3693 2657 3747 διὰ
2694 3694 2802 3749 τῶν
2832 3699 3179 3769 προφητικῶν
3225 3704 3414 3772 φωνῶν
3443 3704 3636 3758 θεσπί-

2072 3778 2285 3845 ζεσθαι;
2316 3782 2373 3835 '0
2406 3783 2502 3854 μέν
2516 3802 2578 3854 γε
2591 3787 2792 3858 Μωσῆς
2808 3788 3184 3862 θυσιαστήριον
3201 3794 3291 3847 καὶ
3311 3794 3500 3858 θυσίας
3518 3796 3628 3849 οὐδ’

2074 3870 2239 3942 (5““)
2284 3873 2543 3945 ἀλλαχόσε
2560 3878 2662 3948 γῆς
2690 3878 2722 3948 ἢ
2749 3881 2807 3933 ὲν
2826 3882 2959 3953 μόνῃ
2971 3885 3034 3953 τῇ
3054 3883 3299 3955 Ἰουδαίᾳ,
3321 3886 3413 3938 καὶ
3426 3887 3632 3958 ταύτης

2068 3961 2125 4014 ὲν
2148 3965 2247 4034 μιᾷ
2278 3965 2428 4018 πόλει
2452 3970 2819 4039 συστήσασθαι
2848 3973 3156 4042 νομοθετεῖ·
3187 3979 3218 4047 ή
3245 3978 3300 4029 δὲ
3325 3980 3632 4048 προφητεία

2065 4052 2124 4103 ὲν
2159 4054 2312 4126 χώρᾳ
2363 4058 2526 4128 φησιν
2570 4061 2844 4128 Αἰγύπτου
2889 4063 2965 4135 τῷ
3014 4067 3204 4139 Κυρίῳ
3248 4069 3630 4144 θυσιαστήριον

2067 4142 2460 4216 ἱδρυθήσεσθαι,
2490 4149 2580 4203 καὶ
2603 4153 2728 4212 τοὺς
2754 4153 3081 4221 Αίγυπτίους
3104 4159 3301 4224 αὐτοὺς
3330 4163 3408 4233 τῷ
3437 4142 3631 4236 κυρίῳ

2061 4242 2169 4298 τῶν
2199 4249 2508 4318 προφητῶν,
2540 4249 2653 4303 ἀλλ’
2675 4252 2853 4306 οὐκέτι
2886 4258 2997 4319 τοῖς
3023 4258 3293 4331 πατρῴοις
3322 4261 3462 4327 θεοῖς
3492 4265 3630 4319 καλ-

2059 4341 2324 4413 λιερήσειν
2346 4344 2441 4408 τὰς
2473 4346 2683 4411 θυσίας,
2715 4349 2808 4402 καὶ
2834 4350 2933 4421 τῆς
2960 4351 3281 4421 θεογνωσίας
3311 4357 3372 4408 οὑ
3417 4359 3624 4414 Μωσέα

2059 4432 2247 4500 αἴτιον,
2278 4435 2384 4488 οὐδ’
2409 4436 2593 4508 ἕτερον
2615 4439 2722 4493 τῶν
2742 4442 3034 4514 προφητῶν
3061 4446 3242 4510 αὐτοῖς
3274 4448 3617 4520 γενήσεσθαι,

2058 4523 2192 4578 ἀλλά
2216 4542 2339 4580 τινα
2370 4529 2549 4582 καινὸν
2573 4531 2667 4583 καὶ
2688 4535 2807 4588 νέον
2835 4534 3116 4607 ἄνθρωπον
3144 4536 3325 4592 θεόθεν
3349 4540 3619 4594 ἀπεσταλ-

2058 4623 2236 4693 μένον.
2287 4627 2720 4701 Μετατιθεμένου
2738 4633 2794 4687 δὲ
2823 4634 2915 4688 τοῦ
2951 4636 3328 4710 θυσιαστηρίου
3361 4640 3509 4713 παρὰ
3542 4642 3613 4697 τὰ

2022 4751 2035 4775 ,
2051 4712 2136 4783 τῷ
2152 4704 2353 4768 Μωσεί
2372 4717 2649 4786 δοκοῦντα,
2703 4722 2915 4794 ἀνάγκη
2963 4727 3110 4779 πᾶσα
3134 4704 3226 4782 καί
3249 4729 3342 4781 τοῦ
3368 4704 3612 4796 Μωσέως

2049 4806 2214 4876 νόμου
2247 4798 2542 4883 μεταϐολὴν
2562 4814 2831 4881 γενέσθαι.
2853 4812 2984 4870 Εἶτα
3008 4817 3062 4871 δὲ
3081 4818 3299 4885 θύοντες
3325 4821 3608 4889 Αἰγύπτιοι

2047 4897 2124 4968 τῷ
2166 4900 2255 4952 ἐπὶ
2308 4901 2523 4957 πάντων
2569 4905 2719 4976 Θεῷ,
2758 4907 2971 4973 πάντως
3010 4927 3110 4963 που
3156 4914 3250 4965 καὶ
3313 4913 3609 4985 ἱερωσύνης

2035 4989 2447 5061 ἁξιωθήσονται.
2484 4997 2812 5067 Ἰερωμένων
2860 4999 2994 5071 δῆτα
3031 5004 3339 5072 Αἰγυπτίων
3374 5004 3440 5058 τὰ
3477 5008 3605 5079 περὶ

2033 5090 2271 5145 Λευῖτῶν
2303 5095 2395 5148 καὶ
2446 5097 2554 5149 τῶν
2610 5101 2673 5151 ἐκ
2709 5098 2956 5173 διαδοχῆς
3003 5103 3205 5174 Ἀαρὼν
3242 5107 3465 5160 Μωῦσεῖ
3488 5108 3604 5162 δια-

2030 5194 2354 5263 τεταγμένα,
2372 5196 2548 5249 οὑκέτ’
2562 5197 2627 5252 ἂν
2645 5199 2851 5267 γένοιτο
2866 5205 2977 5266 τοῖς
2996 5205 3312 5272 Αἰγυπτίοις
3334 5209 3435 5280 χρή
3444 5225 3595 5280 σιμα.

2032 5299 2173 5371 Ὥρα
2211 5301 2273 5372 δὴ
2310 5298 2402 5355 οὖν
2430 5304 2622 5374 καινῆς
2646 5308 2963 5378 νομοθεσίας
2987 5311 3095 5365 δεῖν
3119 5316 3198 5377 είς
3226 5315 3321 5386 τὴν
3356 5317 3463 5385 τῶν
3502 5319 3599 5391 δη-

2033 5390 2305 5463 λουμένων
2353 5393 2627 5452 σύστασιν.
2666 5399 2730 5452 Τί
2757 5401 2813 5453 δὲ
2864 5399 3002 5474 ἆρα;
3048 5406 3166 5477 εἰκῇ
3214 5407 3364 5461 ταῦτ’
3393 5410 3597 5465 ἀναπε-

2032 5491 2307 5565 creverat;
2339 5497 2371 5566 ἢ
2396 5499 2489 5551 καὶ
2518 5500 2668 5566 τέλος
2703 5505 3055 5577 ἐπενήνεκται
3082 5513 3194 5575 τοῖς
3226 5512 3430 5581 λόγοις;
3457 5517 3593 5573 Σκέ-

2028 5598 2125 5668 ψαι
2153 5600 2197 5652 δ’
2220 5596 2310 5655 οὖν
2342 5603 2391 5654 εἰ
2421 5603 2495 5674 μὴ
2524 5606 2781 5679 σήμερον,
2808 5611 2947 5680 λέγω
2970 5612 3031 5686 δὴ
3055 5616 3175 5670 καθ’
3201 5618 3345 5689 ἡμᾶς
3367 5620 3587 5691 αὐτοὺς,

429 5652 472 5682 ⁸⁷
502 5652 661 5711 Joan.
702 5673 778 5721 IV,
809 5665 999 5719 25-25.
1065 5668 1111 5700 ⁸⁸
1146 5670 1389 5742 Sophon.
1429 5694 1488 5742 ιι.
1526 5684 1609 5737 ll.
1662 5652 1731 5718 ’δν
1756 5687 1986 5743 Μειιειριι.

431 5741 595 5769 ηομ..
633 5753 764 5769 Α...
814 5756 852 5769 η
929 5766 935 5769 .
1047 5761 1058 5769 -
1157 5762 1197 5769 -

2096 5652 2299 5758 10,“.
2348 5652 2699 5767 ‘o'oiéani’lf,
2729 5652 2817 5758 ei.

431 5741 597 5819 (3"")
629 5753 783 5807 οὐδ’.
813 5756 972 5814 Forte
1006 5761 1123 5820 οὐκ.
1157 5741 1312 5821 Enn.
