3942 6258
226 343 287 404 οι
1141 342 1796 407 DEMONSTRATIONIS

1907 343 2282 403 'ANGELICIE
2323 344 2451 401 LIB.
2490 345 2532 402 Ι.

228 465 511 537 δῳθαλμοῖς
548 464 625 535 (4)
665 462 895 536 ὁρῶνται
921 462 981 517 οὐ
1009 462 1169 534 μόνον
1197 465 1504 535 Αἰγύπτιοι,
1525 464 1663 520 ἀλλά
1693 464 1788 519 καὶ

1907 463 2001 520 )eo
2035 472 2218 521 essent
2239 464 2540 521 oblatum?
2567 461 2803 521 Clamat'
2827 471 3008 522 autem
3056 465 3233 536 palam
3272 470 3327 535 et
3355 480 3453 519 vo-I

234 560 333 612 πᾶν
349 554 498 624 γένος
523 553 636 619 τῶν
664 554 791 625 πρὶν
835 552 1230 628 εἰδωλολατρῶν
1285 553 1605 627 ἀνθρώπων,
1629 551 1722 618 οὓς
1751 554 1787 625 ὴ

237 650 521 721 πρόρρησις
553 644 642 710 διὰ
662 645 772 699 τῶν
792 645 1103 713 Αἰγυπτίων
1132 647 1394 720 ᾐνίττετο,
1428 646 1528 718 τῆς
1558 646 1657 718 μὲν
1690 663 1789 700 που

239 740 409 795 λυθέου
432 740 529 793 καὶ
545 739 867 810 δαιμονικῆς
894 740 1312 813 ἀπηλλαγμένον
1345 739 1573 812 πλάνης,
1604 740 1697 794 τὸν
1733 739 1791 794 δὲ

243 834 337 888 τῶν
360 831 647 906 προφητῶν
673 830 805 887 Θεδν
837 831 1291 904 ἀνακαλούμενον.
1326 832 1436 885 Καὶ
1468 830 1712 903 εῦχονται
1734 831 1791 887 δέ

243 928 402 983 οὐκέτι
423 925 633 979 πλείοσι
670 924 900 996 κυρίοις,
948 926 1029 983 ἐνὶ
1050 924 1107 980 δὲ
1136 924 1216 996 τῷ
1248 924 1396 997 μόνῳ
1432 923 1622 996 Κυρίῳ
1651 923 1793 979 κατὰ

243 1020 295 1074 τὸ
349 1018 483 1089 ίερδν
529 1016 732 1086 λόγιον,
773 1016 864 1071 καὶ
914 1016 1088 1087 τούτῳ
1126 1015 1510 1088 θυσιαστήριον
1549 1015 1792 1085 ἀναίμων

243 1114 325 1167 καὶ
356 1107 582 1178 λογικῶν
633 1107 854 1172 θυσιῶν,
883 1108 1024 1162 κατὰ
1077 1108 1145 1163 τά
1189 1108 1351 1163 καινά
1387 1109 1658 1180 μυστήρια
1693 1110 1792 1180 τῆς

244 1202 353 1264 νέας
382 1198 471 1252 καὶ
498 1184 695 1268 καινῆς
717 1198 1011 1269 Διαθήκης,
1042 1196 1165 1250 καθ’
1188 1198 1318 1270 ὅλης
1347 1198 1446 1269 τῆς
1492 1196 1792 1271 ἀνθρώπων

243 1292 540 1363 οἰκουμένης
588 1292 971 1362 ἀνεγήγερται,
1000 1292 1058 1343 ἐν
1108 1290 1247 1362 αὐτῇ
1283 1308 1343 1344 τε
1376 1289 1657 1363 Αίγύπτῳ,
1700 1291 1794 1345 καί

243 1383 552 1447 τοῑςλοιποῖς
580 1382 755 1436 ἔθνεσι
797 1379 888 1434 τὸν
938 1380 1140 1452 τρόπον
1186 1378 1615 1450 Αίγυπτιάζουσι
1653 1382 1795 1437 κατά

242 1477 328 1548 τὴν
357 1473 717 1544 δεισιδαίμονα
758 1472 962 1543 πλάνην
981 1489 994 1502 ·
1025 1472 1121 1527 νῦν
1165 1473 1286 1527 καθ’
1321 1474 1466 1544 ἡμᾶς
1494 1474 1527 1544 ἡ
1551 1472 1644 1527 τοῦ
1688 1473 1795 1527 τῶν

240 1570 361 1624 ὅλων
380 1566 509 1625 θεοῦ
542 1567 745 1636 γνῶσις
762 1566 1161 1637 διαλάμπουσα,
1202 1567 1301 1638 τὴν
1333 1568 1515 1624 πίστιν
1561 1565 1798 1637 ἀναμφί-

242 1662 412 1715 λεκτον
450 1658 559 1714 τῶν
586 1658 1096 1732 προθεσπισθὲντων
1114 1656 1588 1730 ἐπισφραγίζεται.
1614 1656 1799 1711 Ταῦτα

242 1754 290 1807 δέ
316 1752 485 1827 ἔργοις
516 1750 907 1822 ἐπιτελούμενα
934 1750 1095 1823 ὀρῶν,
1124 1749 1240 1804 ἀλλ’
1265 1749 1444 1805 οὐκέτ’
1467 1750 1604 1821 ἀκοῇ
1630 1766 1797 1821 προσ-

240 1847 520 1918 δοκώμενα,
553 1846 644 1901 τὸν
687 1845 892 1918 καιρὸν,
929 1844 1124 1900 ὁπόθεν
1161 1844 1259 1918 τὴν
1291 1846 1466 1918 ἀρχὴν
1504 1846 1613 1903 τῶν
1659 1862 1799 1917 πρα-

242 1936 446 2009 γμάτων
466 1936 705 2009 εἴληχεν,
725 1936 834 1990 οὐδ’
852 1935 950 2007 (4⁸)
970 1935 1125 1991 ἄλλον
1140 1936 1484 2008 ἀναζητήσας
1495 1936 1748 2008 εὑρήσεις
1762 1935 1796 2007 ἢ

241 2030 321 2082 τὸν
360 2029 453 2100 τῆς
495 2027 762 2099 σωτηρίου
802 2028 1140 2097 ἐπιφανείας.
1173 2028 1346 2091 Αὐτὸς
1383 2028 1492 2099 ἄρα
1528 2020 1685 2091 οὗτος
1731 2022 1801 2097 ἦν

244 2122 450 2183 ἐκεῖνος,
484 2119 544 2173 ὃν
587 2121 616 2175 ό
638 2117 882 2191 χρησμὸς
923 2115 1132 2189 ἐδήλου,
1162 2116 1340 2187 φήσας
1360 2114 1681 2170 ἀποστελεῖν
1709 2112 1801 2168 τὸν

242 2212 339 2265 τῶν
384 2213 516 2266 ὅλων
545 2210 700 2275 θεὸν,
732 2210 829 2265 καὶ
858 2209 1063 2282 Κύριον
1095 2211 1211 2273 τοῖς
1241 2208 1561 2279 Αἰγυπτίοις
1595 2205 1802 2278 ἄνθρω-

245 2320 353 2365 πον,
376 2302 431 2367 ὃς
456 2301 619 2357 σώσει
651 2300 870 2365 αὐτούς*
904 2300 963 2355 ὃν
986 2300 1080 2367 καὶ
1106 2298 1176 2355 τὰ
1200 2299 1446 2363 Μωσέως
1495 2297 1685 2371 ἐδήλου
1717 2297 1803 2352 λό-

244 2411 347 2465 για,
370 2394 432 2448 δι’
455 2388 529 2448 ὧν
557 2393 758 2465 ἔφησεν
777 2410 791 2424 ·
832 2412 851 2445 ι
905 2391 1276 2460 Ἐξελεύσεται
1306 2389 1590 2461 ἄνθρωπος
1617 2392 1681 2444 ἐκ
1707 2388 1800 2444 τοῦ

247 2474 538 2558 σπέρματος
593 2484 794 2549 αὐτοῦ,
836 2483 930 2538 καὶ
970 2481 1247 2554 κυριεύσει
1316 2479 1485 2534 ἐθνῶν
1526 2480 1829 2533 πολλῶν-ι’

244 2579 295 2631 ἐν
319 2574 395 2641 οἷς
424 2577 600 2631 ἔθνεσι
632 2577 730 2630 καὶ
760 2574 1044 2644 Αἰγύπτιοι
1088 2573 1354 2646 δήπουθεν
1393 2572 1801 2645 καταριθμοῖντ’

244 2670 321 2724 ἀν.
358 2668 513 2723 Ἀλλά
544 2669 674 2740 περὶ
705 2668 805 2739 μὲν
837 2666 1039 2720 τούτων
1068 2665 1278 2737 μακρὸς
1311 2664 1377 2720 ἂν
1397 2665 1480 2736 ετη
1505 2664 1684 2733 λόγος,
1714 2665 1801 2717 ἐπ’

244 2761 430 2824 οἰκείας
444 2759 639 2830 σχολῆς
655 2758 926 2811 ἐντελέστε
934 2774 1024 2830 ρον
1039 2756 1340 2828 ἀποδοθησό
1346 2772 1522 2827 μενος·
1543 2755 1602 2808 τό
1618 2772 1680 2822 γε
1697 2754 1801 2825 μὴν

245 2853 400 2922 παρὸν
428 2852 861 2924 ἐπιτετηρήσθω,
900 2853 981 2905 ὅτι
1014 2849 1083 2904 τά
1109 2847 1499 2921 προηγούμενα
1544 2845 1655 2899 οὐδ’
1677 2844 1802 2917 (4“)

247 2944 467 3016 ἀλλοτεῆ
487 2944 626 3016 μετά
648 2944 746 3015 τὴν
765 2943 1085 3013 ἐπιφάνειαν
1099 2940 1273 3013 Ἰησοῦ
1288 2940 1632 3010 τοῦΣωτῆρος
1646 2936 1804 3010 ἡμῶν

246 3038 551 3111 ἐπληροῦτο.
584 3036 675 3102 Ἐξ
689 3036 896 3091 ἐκείνου
913 3036 1021 3107 γάρ
1035 3053 1116 3089 τοι
1133 3035 1228 3088 καὶ
1248 3036 1328 3098 είς
1344 3032 1503 3105 δεῦρο
1518 3032 1669 3103 παρά
1695 3034 1805 3095 τοῖς

1890 554 2152 612 ciferatur
2181 556 2348 613 Isaias
2362 556 2668 612 vaticinans
2687 557 2873 623 simul,
2919 572 2985 613 ac
3012 555 3203 625 dicens
3240 575 3253 612 :
3283 575 3300 608 ι
3335 555 3455 613 Erit

1889 647 2060 704 altare
2083 646 2311 705 Domino
2337 646 2392 703 in
2422 656 2566 704 terra
2594 646 2833 719 Egypti,
2861 655 2916 705 et
2959 654 3321 718 cognoscatur
3347 646 3453 701 Do-

1889 737 2071 794 minus
2105 737 2173 793 ab
2201 736 2493 810 Egyptiis,
2522 744 2575 794 et
2598 737 2773 792 mittet
2801 739 2881 794 eis
2912 738 3183 794 hominem
3220 738 3315 810 qui
3343 737 3456 793 sal-

1890 842 1988 883 vos
2017 826 2178 883 faciet
2203 842 2319 894 eos,
2356 833 2411 883 et
2437 836 2766 899 cognoscent
2810 825 3050 899 IEgyptii
3077 826 3366 883 Dominum
3397 826 3455 881 in

1890 920 1979 978 die
2010 920 2120 987 illa,
2152 929 2207 976 et
2231 921 2432 978 facient
2450 921 2747 987 sacriﬁcia,
2772 927 2826 977 et
2848 920 3121 975 vovebunt
3172 928 3299 976 vota
3354 918 3459 975 Do-

1890 1016 2061 1080 mino.
2086 1023 2140 1071 et
2170 1014 2418 1082 reddent,
2449 1022 2504 1072 et
2529 1024 2914 1072 convertentur
2941 1013 3009 1068 ad
3041 1013 3354 1074 Dominum.
3399 1020 3456 1069 et

1891 1105 2144 1163 exaudiet
2170 1121 2287 1171 eos,
2312 1115 2366 1164 et
2393 1107 2608 1163 sanabit
2631 1122 2727 1165 eos
2754 1107 2820 1163 “.
2857 1125 2877 1159 ι
2916 1105 3123 1176 Ecquid
3147 1106 3249 1160 tibi
3296 1104 3457 1160 vide-

1892 1214 2015 1253 mur
2039 1214 2221 1256 veram
2233 1199 2367 1271 legis
2397 1199 2533 1255 Mosi
2561 1200 2975 1259 conversionem
3007 1197 3229 1254 dicere?
3257 1212 3325 1252 an
3355 1213 3456 1267 po-

1892 1292 2003 1348 tius
2035 1292 2196 1349 ﬁnem
2219 1300 2271 1349 et
2308 1294 2631 1351 solutionem
2661 1294 2979 1360 enuntiare,
3021 1299 3076 1348 et
3121 1291 3457 1363 propheticis

1894 1387 2120 1443 vocibus
2158 1387 2441 1442 vaticinari
2469 1388 2492 1442 ‘l
2527 1386 2738 1443 Etenim
2755 1386 2932 1443 Moses
2975 1386 3146 1443 altare
3165 1392 3219 1440 et
3251 1382 3461 1441 sacriﬁ-o

1895 1478 1980 1553 cia
2009 1493 2278 1550 nusquam
2297 1487 2561 1535 terrarum
2596 1479 2653 1533 in
2691 1479 2807 1534 sola
2858 1476 3043 1541 Iudaea
3072 1486 3127 1534 et
3184 1480 3240 1533 in
3294 1478 3460 1550 hujus

1896 1583 2004 1624 una
2026 1568 2291 1624 duntaxat
2315 1569 2535 1625 civitate
2562 1569 2845 1635 constitui,
2882 1569 3000 1640 lege
3020 1586 3051 1625 a
3081 1586 3140 1625 se
3166 1571 3344 1641 posita
3368 1570 3464 1641 ju-

1894 1661 2024 1717 bet:
2058 1661 2339 1733 prophetia
2370 1672 2551 1716 autem
2604 1663 2659 1716 in
2694 1669 2842 1718 terra
2889 1660 3107 1734 Egypti
3160 1662 3236 1716 ait
3289 1663 3462 1719 altare

1902 1754 2127 1810 Domino
2155 1755 2475 1812 struendum
2512 1754 2912 1827 dicandumque
2931 1771 3073 1822 esse,
3094 1763 3147 1812 et
3176 1754 3461 1826 Egyptios

1901 1848 2051 1918 ipsos
2072 1864 2183 1904 non
2211 1849 2446 1918 amplius
2475 1848 2582 1905 diis
2615 1848 2808 1919 patriis
2836 1864 2952 1905 rem
2981 1863 3215 1913 sacram,
3241 1850 3335 1905 sed
3356 1849 3463 1919 ipsi

1899 1942 2283 2011 prophetarum
2312 1940 2423 1998 Deo
2453 1939 2693 1995 facturos
2718 1956 2731 1991 :
2764 1948 2816 1996 et
2872 1940 3017 2021 quod
3072 1955 3261 1997 verum
3289 1940 3463 1996 Deum

1902 2034 2009 2088 sint
2037 2032 2294 2104 agnituri,
2344 2048 2453 2088 non
2482 2032 2665 2089 Mosen
2695 2033 2803 2088 illis
2823 2048 3000 2117 neque
3049 2033 3215 2087 alium
3238 2047 3305 2087 ex
3334 2047 3465 2102 pro-

1901 2127 2080 2198 phetis
2108 2126 2416 2198 quempiam
2443 2133 2718 2182 auctorem
2748 2127 2884 2189 fore,
2917 2125 3011 2182 sed
3046 2140 3246 2180 novum
3275 2139 3466 2195 quem-

1900 2217 2024 2272 dam
2058 2218 2316 2273 divinitus
2346 2216 2574 2274 missum
2603 2217 2900 2273 hominem.
2936 2216 3044 2286 20
3071 2215 3243 2271 Porro
3281 2220 3466 2270 autem

1902 2308 2167 2364 translato
2215 2316 2654 2378 commutatoque
2696 2307 2851 2362 altari
2888 2317 3082 2377 prater
3130 2305 3299 2362 Mosis
3326 2321 3465 2362 con-

1903 2398 2214 2454 stitutiones
2240 2408 2398 2469 atque
2424 2398 2660 2463 decreta,
2696 2413 2920 2459 necesse
2943 2405 3025 2454 est
3056 2397 3272 2468 penitus
3300 2398 3467 2453 etiam

1903 2489 2037 2560 legis
2068 2487 2234 2544 Mosis
2262 2487 2377 2543 ﬁeri
2411 2490 2783 2543 mutationem.
2811 2487 2967 2554 Quod
3001 2487 3046 2541 si
3086 2502 3300 2542 summo
3354 2486 3468 2541 Deo

1904 2581 2261 2638 sacriﬁcaturi
2291 2589 2419 2635 sunt
2445 2578 2703 2651 Aigyptii,
2740 2595 2964 2649 prorsus
3002 2579 3166 2634 etiam
3209 2578 3468 2635 sacerdo-

1903 2674 1965 2728 tii
1995 2688 2194 2729 munus
2222 2681 2348 2727 sunt
2376 2671 2644 2743 adepturi.
2668 2671 2737 2726 At
2768 2670 3036 2743 Egyptiis
3083 2671 3150 2726 ad
3185 2672 3293 2725 tale
3343 2686 3466 2724 mu—

1904 2780 2027 2834 nus,
2053 2765 2347 2835 assumptis
2378 2778 2499 2833 quae
2512 2763 2579 2819 de
2607 2762 2810 2820 Levitis
2830 2772 2883 2819 et
2922 2764 3106 2819 Aaron
3136 2762 3470 2819 successori-

1904 2859 2008 2914 bus
2034 2873 2064 2911 a
2086 2856 2234 2912 Mose
2266 2863 2393 2914 sunt
2420 2856 2738 2922 constituta,
2771 2856 2904 2915 nulli
2931 2857 3092 2927 plane
3138 2855 3262 2909 usui
3302 2852 3471 2924 Egy-

1906 2949 2036 3020 ptiis
2056 2948 2288 3019 amplius
2328 2964 2450 3005 esse
2487 2963 2646 3019 posse
2688 2946 3036 3019 perspicuum
3094 2955 3199 3001 est.
3230 2943 3474 3014 Tempus

1908 3042 2197 3114 igiturjatn
2223 3050 2337 3096 tum
2366 3042 2553 3108 fuerit,
2592 3043 2761 3115 legem
2784 3056 2980 3119 novam
3007 3039 3076 3099 ad
3127 3054 3191 3096 ea
3240 3054 3360 3110 quae
3388 3037 3474 3092 di-

246 3125 660 3195 Δίγυπτίοις,καὶ
676 3124 826 3196 παρὰ
842 3125 1022 3197 Πέρσα
1030 3124 1293 3197 ις,Σύροις
1303 3141 1362 3177 τε
1374 3125 1467 3178 καὶ
1482 3122 1806 3195 Ἀρμενίοις,

1909 3137 1997 3184 cta
2023 3139 2149 3186 sunt
2171 3130 2564 3196 conﬁrmanda,
2596 3145 2798 3201 ponere
2834 3146 2974 3201 opus
2995 3145 3138 3187 esse.
3195 3129 3335 3196 Quid
3370 3128 3474 3199 igi-

249 3220 336 3274 καὶ
353 3219 501 3291 παρά
512 3221 624 3282 τοῖς
637 3217 736 3282 τὰς
752 3216 1006 3289 ἐσχατιὰς
1026 3218 1125 3287 τῆς
1141 3217 1245 3287 γῆς
1259 3214 1466 3270 οἰκοῦσι
1485 3214 1804 3287 βαρϐάροις,

250 3313 413 3377 αὐτοῖς
440 3330 501 3366 τε
527 3315 641 3377 τοῖς
676 3296 737 3369 τὸ
771 3312 900 3385 πρὶν
934 3310 1379 3384 ἀνημερωτάτοις
1423 3309 1517 3364 καὶ
1551 3307 1809 3381 θηριωδε-

252 3406 446 3471 στάτοις
489 3406 700 3469 ἔθνεσι,
743 3405 833 3458 val.
861 3403 965 3476 μὴν
1005 3404 1100 3457 καὶ
1145 3402 1298 3475 παρὰ
1327 3404 1441 3465 τοῖς
1471 3401 1570 3464 τὰς
1612 3402 1808 3472 νήσους

248 3498 467 3555 οἰκοῦσιν
502 3498 613 3570 (ὅτι
637 3498 703 3571 δὴ
735 3499 827 3551 καὶ
861 3496 1066 3551 τούτων
1121 3494 1322 3565 ἠξίωσε
1363 3496 1582 3567 μνήμην
1607 3496 1641 3565 ἡ
1678 3511 1813 3566 προ-

251 3594 431 3663 φητεία
460 3590 835 3667 ποιήσασθαι),
855 3589 991 3660 αὑτὴ
1011 3588 1250 3660 ἐκείνηή
1278 3587 1419 3641 κατά
1448 3587 1537 3641 τὸν
1565 3584 1812 3659 Ἀϐραὰμ

252 3687 499 3752 πολιτεία,
528 3688 626 3742 καὶ
654 3688 684 3740 ὁ
708 3685 1067 3748 παλαιότατος
1097 3682 1194 3736 καὶ
1217 3681 1432 3735 πάντων
1455 3680 1812 3753 ἀρχαιότατος

252 3782 341 3851 τῆς
366 3780 675 3844 θεοσεϐείας
702 3779 902 3853 τρόπος
939 3776 1318 3841 σπουδάζεται.
1348 3775 1460 3828 Καὶ
1498 3773 1581 3836 τίς
1621 3772 1719 3825 οὐκ
1747 3770 1813 3825 ἂν

254 3871 541 3943 ἐκπλαγείη
580 3871 645 3924 τὸ
684 3868 987 3942 παράδοξον
1032 3867 1125 3926 τοῦ
1163 3866 1513 3939 πράγματος,
1565 3864 1613 3916 εἰ
1655 3862 1719 3933 δὴ
1765 3862 1815 3915 οἱ

256 3965 306 4033 ἐξ
333 3966 525 4030 αἰῶνος
556 3964 746 4028 λίθοις,
768 3963 863 4017 καὶ
890 3961 1086 4028 ξύλοις,
1120 3961 1215 4015 καὶ
1245 3960 1484 4030 δαίμοσι,
1517 3955 1724 4029 θηρίοις
1755 3971 1815 4008 τε

258 4058 702 4130 ἀνθρωποϐόροις,
726 4056 820 4110 καὶ
864 4056 1113 4127 ἑρπετοῖς
1142 4052 1386 4116 ἱοϐόλοις,
1418 4051 1575 4116 ζώοις
1597 4066 1656 4102 τε
1685 4064 1820 4101 παν-

256 4151 424 4216 τοίοις,
459 4151 556 4204 καὶ
588 4146 850 4220 είδεχθέσι
882 4146 1194 4209 κνωδάλοις,
1221 4145 1353 4218 πυρί
1386 4161 1444 4196 τε
1479 4143 1575 4197 καὶ
1605 4144 1698 4213 γῇ,
1724 4140 1820 4194 καὶ

258 4243 356 4307 τοῖς
397 4240 493 4296 τοῦ
540 4240 740 4304 παντὸς
781 4239 1008 4309 ἀψύχοις
1055 4236 1338 4308 στοιχείοις
1389 4234 1488 4307 τὴν
1532 4232 1821 4302 σεϐάσμιον

259 4340 408 4411 τιμήν
436 4337 841 4412 περιτιθέντες,
872 4336 962 4389 τὸν
1023 4333 1246 4405 ὕψιστον
1276 4331 1430 4395 Θεὸν,
1466 4329 1557 4382 τὸν
1590 4324 1820 4399 ούρανοῦ

1904 3224 2028 3280 tur?
2055 3230 2259 3278 temere
2290 3224 2403 3278 haec
2435 3224 2716 3280 enuntiata
2747 3224 2915 3279 sunt?
2939 3238 3008 3278 an
3026 3223 3234 3279 exitum
3270 3222 3477 3276 invenit

1906 3315 2122 3372 oratio?
2153 3315 2361 3386 inspice
2384 3316 2548 3387 igitur
2575 3316 2622 3372 si
2647 3330 2756 3371 non
2782 3315 2967 3381 hodie,
3004 3315 3108 3369 hoc
3145 3322 3229 3370 est
3269 3314 3477 3370 nostris

1906 3406 2125 3462 interim
2163 3406 2403 3478 ipsorum
2438 3407 2796 3478 temporibus,
2822 3407 2956 3478 ipsis
2978 3406 3152 3462 oculis
3178 3413 3478 3461 cernuntur

1908 3513 2019 3553 non
2050 3498 2224 3553 solum
2246 3496 2510 3569 Aﬂgyptii,
2536 3512 2725 3552 verum
2753 3497 2917 3552 etiam
2954 3511 3118 3552 omne
3172 3511 3345 3567 genus
3378 3496 3480 3551 ho-

1908 3590 2116 3644 minum
2154 3589 2244 3661 qui
2281 3589 2510 3644 antehac
2531 3587 2843 3644 simulacris
2867 3586 3067 3645 addicri
3091 3595 3267 3652 erant,
3313 3602 3481 3654 quos-

1911 3694 2016 3750 que
2042 3677 2418 3751 Egyptiorum
2441 3677 2800 3749 appellatione
2832 3677 3149 3749 prophetica
3193 3677 3475 3746 praedictio

1914 3770 2202 3840 signiﬁcat,
2237 3784 2267 3823 a
2293 3768 2587 3824 multo‘rum
2619 3769 2848 3825 deorum
2866 3782 2929 3823 ac
2970 3768 3280 3823 daemonum
3313 3767 3481 3837 impio

1915 3862 2065 3916 cultu
2090 3860 2401 3926 liberatum,
2432 3868 2486 3915 et
2515 3874 2703 3916 verum
2735 3859 3127 3930 prophetarum
3170 3856 3341 3914 Deum
3391 3864 3481 3913 in-

1916 3967 2118 4008 vocans
2148 3959 2201 4006 et
2224 3951 2481 4007 adorans.
2519 3948 2659 4007 Vota
2680 3958 2862 4007 autem
2902 3950 3132 4014 faciunt,
3160 3965 3273 4005 non
3312 3950 3484 4020 pluri-

1916 4043 2020 4098 bus
2056 4042 2288 4112 amplius
2330 4042 2592 4108 dominis,
2626 4043 2717 4100 sed
2751 4043 2847 4097 uni
2881 4044 2982 4099 soli
3013 4041 3263 4108 Domino,
3294 4058 3486 4113 quem-

1919 4133 2206 4189 admodum
2230 4148 2446 4189 sacrum
2467 4134 2718 4205 praedixit
2747 4135 3052 4189 oraculum.
3107 4132 3173 4188 Et
3201 4133 3329 4188 huic
3365 4133 3487 4202 qui-

1919 4224 2041 4280 dem
2078 4225 2247 4280 altare
2273 4227 2680 4280 incruentarmn
2705 4233 2757 4280 et
2780 4226 3124 4280 rationalium
3148 4225 3481 4284 hostiarum,

1920 4323 1981 4371 ut
2020 4331 2161 4371 nova
2187 4314 2323 4370 Novi
2363 4315 2697 4372 Testamenti
2746 4318 3005 4389 mysteria
3046 4316 3343 4388 postulant,
3393 4328 3489 4383 per

260 4403 344 4488 καὶ
365 4403 480 4505 ,γῆς
514 4403 858 4504 ’δημιουργὸν
880 4469 896 4493 ,
926 4403 1086 4482 αὐτὸν
1130 4426 1197 4498 δὴ
1249 4424 1340 4478 τὸν
1387 4422 1495 4477 τῶν
1528 4419 1807 4494 προφητῶι

1924 4416 2096 4463 ιοιιιω
2126 4415 2395 4463 terrarum
2414 4408 2602 4463 orbem
2632 4416 2877 4464 erectum
2897 4416 2981 4463 est
3015 4423 3029 4459 :
3060 4414 3258 4462 etcum
3291 4406 3347 4460 in
3396 4403 3490 4458 ΑΞ-

262 4496 471 4597 Κύριον,
507 4496 616 4578 τδεῖ
636 4496 785 4576 Sea-v7
813 4519 1062 4591 ’Δϐραάμ
1098 4496 1195 4572 και
1237 4515 1345 4569 τῶν
1370 4513 1558 4568 τούτου
1608 4527 1807 4582 προπα-

1923 4508 2108 4574 gypto,
2138 4510 2253 4556 tum
2281 4501 2339 4558 in
2368 4500 2593 4572 reliquis
2619 4501 2891 4572 gentibus,
2925 4515 3047 4571 quae
3079 4515 3260 4555 mores
3315 4496 3487 4568 ,Ἑωσ-

257 4618 440 4690 τόρων,
478 4614 619 4688 μετά
643 4613 744 4687 τὴν
775 4611 868 4667 τοῦ
892 4610 1143 4682 Σωτῆρος
1174 4607 1331 4680 ήμῶν
1361 4604 1662 4677 παρουσίαν
1686 4602 1821 4673 ἀναέ

262 4709 577 4772 καλοῦνται;
610 4707 707 4760 καὶ
731 4705 782 4758 οἱ
813 4702 993 4776 μικρῷ
1017 4699 1254 4776 πρόσθεν
1291 4695 1695 4779 μητρογαμίαις
1727 4693 1823 4747 καὶ

264 4796 700 4873 θυγατρομιξίαις
727 4836 741 4860 ,
794 4792 1237 4865 ἀλληλοφθορίαις
1288 4807 1349 4843 τε
1400 4789 1493 4843 καὶ
1540 4786 1824 4851 παντοίαις

267 4892 589 4965 μιαιφονίαις
616 4887 1105 4959 ἐγχαλινδούμενοι,
1131 4885 1182 4939 οἱ
1235 4880 1401 4955 μηδέν
1440 4899 1493 4935 τι
1535 4878 1825 4951 ἀνημέρων

267 4987 457 5062 θηρίων
491 4985 588 5040 τὸν
643 4983 841 5057 τρόπον
885 4980 1260 5053 διαφέροντες,
1305 4975 1425 5029 νυνὶ
1463 4973 1552 5027 διὰ
1591 4974 1691 5043 τῆς
1728 4972 1822 5028 τοῦ

269 5080 507 5153 Σωτῆρος
534 5076 694 5150 ήμῶν
719 5074 902 5130 ἐνθέου
939 5073 1218 5143 δυνάμεως
1254 5067 1696 5142 μεταϐληθέντες,
1730 5066 1825 5120 κα)⁵

271 5173 443 5246 ὥσπερ
475 5170 536 5239 ἐξ
568 5170 771 5241 ἐτέρων
812 5167 993 5238 ἕτεροι
1030 5164 1332 5233 γεγονότες,
1361 5159 1552 5229 λόγους
1596 5156 1823 5230 ἀρετῆς,

276 5268 353 5321 καὶ
371 5263 728 5338 σωφροσύνης
759 5258 1122 5329 παιδεύματα,
1168 5254 1440 5317 συνιόντες
1463 5252 1543 5316 είς
1578 5251 1647 5304 τὰ
1674 5249 1827 5304 κοινά

277 5358 623 5424 διδασκαλεῖα,
664 5352 1024 5427 μανθάνουσιν
1047 5366 1061 5380 ⁸
1090 5348 1167 5411 ὡς
1193 5348 1293 5419 τὴν
1327 5345 1585 5400 ἀνωτάτω
1612 5342 1828 5412 φιλοσο-

279 5450 383 5516 ςίαν
406 5490 421 5514 ,
473 5449 574 5521 τὴν
626 5444 754 5518 μηδ’
797 5441 1086 5514 ἐμϐλέπειν
1133 5437 1448 5500 ἀκολάστοις
1499 5433 1826 5504 ὀφθαλμοῖς,

333 5592 374 5625 ’⁸
405 5592 512 5647 lsa.
548 5604 670 5655 nx,
710 5584 911 5653 19,20.

329 5734 407 5809 (il
428 5732 600 5809 Forte
633 5724 915 5809 leg";
944 5724 1108 5809 fuit.
1145 5725 1325 5786 αὐτοῖς
1363 5724 1470 5786 τοῖς
1495 5719 1616 5792 δφθ.
1656 5734 1801 5778 amr.

222 5838 255 5863 ,Α
328 5795 419 5881 (4³)
460 5801 623 5860 οὐδ’.
654 5795 821 5857 Forte
844 5796 961 5851 οὐκ.
992 5795 1147 5850 Enn.

1924 4594 2159 4666 ptiorum
2184 4592 2482 4656 imitantes,
2499 4591 2906 4663 superstitionis
2917 4606 3104 4647 errore
3133 4590 3485 4645 tenebantur:

1924 4685 2027 4740 hac
2054 4685 2173 4756 ipsa
2198 4690 2359 4740 aetate
2385 4690 2573 4738 nostra
2605 4683 2848 4755 cognitio
2884 4682 3000 4737 veri
3057 4680 3152 4736 Dei
3212 4679 3488 4743 relucens,

1925 4778 2084 4834 ﬁdem
2117 4778 2185 4833 iis
2232 4792 2353 4847 quae
2379 4760 2419 4830 ai
2441 4775 2721 4849 prophetis
2750 4773 3005 4846 praedicta
3035 4780 3184 4837 sunt,
3216 4772 3493 4827 indubita-

1926 4882 2038 4928 tam
2076 4869 2343 4941 adjungit.
2376 4867 2502 4924 Haec
2535 4876 2716 4923 autem
2747 4883 2871 4922 cum
2900 4868 3082 4938 reipsa
3112 4866 3328 4921 interim
3370 4879 3493 4933 per-

1930 4964 2019 5018 ﬁci
2045 4962 2252 5026 videas,
2285 4975 2386 5016 nec
2442 4960 2694 5031 amplius,
2752 4965 2812 5014 ut
2857 4958 3130 5030 quondam
3187 4956 3364 5013 audita
3397 4972 3494 5012 ex-

1932 5050 2187 5124 spectari,
2215 5052 2264 5109 si
2287 5060 2505 5122 tempus
2540 5066 2752 5122 quaeras
2785 5050 2930 5107 unde
2976 5049 3302 5122 principium
3343 5051 3494 5119 ejus-

1932 5146 2078 5204 modi
2106 5161 2195 5202 res
2227 5147 2516 5216 acceperit,
2550 5160 2659 5200 non
2690 5145 2837 5201 aliud
2865 5143 3129 5209 invenies,
3165 5158 3328 5213 quam
3369 5160 3494 5199 cum

1936 5240 2187 5297 Salvator
2218 5247 2407 5298 noster
2430 5238 2671 5292 advenit.
2695 5237 2814 5308 Ipse
2842 5237 3009 5307 igitur
3035 5234 3125 5291 ille
3153 5234 3278 5304 fuit,
3331 5251 3492 5306 quem

1931 5334 2214 5390 oraculum
2244 5328 2606 5403 signiﬁcabat,
2634 5343 2759 5383 cum
2785 5327 2993 5383 diceret
3018 5326 3187 5382 Deum
3216 5337 3271 5382 et
3313 5325 3495 5380 Domi-

1934 5443 2066 5487 num
2089 5425 2352 5491 universi,
2400 5423 2698 5480 missurum
2753 5420 3023 5493 Egyptiis
3076 5420 3347 5477 hominem
3400 5416 3495 5490 qui

2003 5712 2121 5787 (δ”)
2156 5712 2310 5769 Οὐδ’.
2336 5712 2498 5769 Forte
2528 5712 2645 5769 οὐκ.
2676 5708 2833 5767 Εοιτ.
