3942 6258
461 351 532 410 65
1111 348 1382 405 EUSEBII
1420 347 1897 407 CAESARIENSIS
1925 349 2076 408 OPP.
2119 348 2298 406 PARS
2330 348 2390 406 li.
2436 378 2505 390 —-
2543 346 3045 406 APOLOGETICA.
3625 345 3696 406 64

462 475 642 531 salvos
673 470 836 529 faciat
858 487 973 537 eos,
1005 487 1167 542 quem
1188 481 1244 527 et
1267 470 1434 530 Mosis
1453 473 1711 529 vaticinia
1768 475 2007 544 perhibe-

2124 474 2257 545 μηδὲ
2285 472 2443 544 μέχρι
2467 473 2640 543 λόγων
2661 473 2992 544 ἀδιαφορείν,
3016 472 3148 544 μηδὲ
3177 468 3251 525 τά
3265 466 3423 526 κοινάν
3449 470 3544 524 καὶ
3581 472 3696 533 τοῖς

460 565 611 629 bant,
632 563 726 619 ubi
751 563 857 617 ait:
876 562 1197 634 Egredietur
1213 563 1377 619 homo
1393 564 1461 620 de
1478 565 1687 621 semine
1717 566 1835 635 ejus
1864 573 1918 621 et
1931 565 2028 620 do-

460 655 757 711 minabitur
778 655 1026 726 gentibus
1052 655 1239 711 multis
1265 658 1346 725 ";
1380 657 1436 711 in
1462 658 1664 728 quibus
1684 673 1815 714 sane
1848 660 2026 730 genti-

460 744 567 801 bus
583 753 636 799 et
652 744 938 816 Egyptios
953 747 1227 801 numerari
1253 763 1351 818 par
1372 756 1476 803 est.
1494 749 1693 804 Verum
1711 749 1777 805 de
1797 751 1880 805 his
1905 751 2029 821 qui-

458 838 579 894 dem
608 839 819 909 longior
842 847 989 895 esset
1019 839 1215 903 oratio,
1240 847 1294 895 et
1329 855 1425 913 per
1452 842 1624 897 otium
1652 841 1781 897 huic
1812 843 1915 912 ipsi
1946 842 2025 898 rei

458 933 718 997 dicatum,
769 933 1071 991 absolutius
1108 935 1403 990 reddenda.
1470 934 1624 1003 Quod
1666 946 1848 993 autem
1888 954 2026 1008 prae-

459 1026 628 1081 sentis
656 1026 861 1083 loci‘sit
894 1028 1198 1098 proprium,
1240 1029 1371 1083 illud
1414 1036 1666 1085 teneatur
1718 1047 1731 1082 :
1781 1047 1845 1088 ea
1904 1048 2026 1103 qua:

457 1118 716 1189 praedicta
744 1127 893 1184 sunt,
924 1134 1034 1174 non
1069 1120 1204 1175 alias
1229 1136 1389 1190 quam
1428 1129 1551 1191 post
1578 1122 1866 1177 adventum
1893 1122 2023 1179 Jesu

458 1207 757 1264 Salvatoris
809 1210 984 1266 nostri
1014 1225 1133 1265 esse
1158 1210 1446 1280 completa.
1478 1210 1561 1266 Ab
1610 1213 1702 1268 illo
1757 1215 1900 1268 enim
1955 1214 2022 1269 ad

455 1299 601 1353 hunc
631 1316 804 1369 usque
840 1301 983 1357 diem
1027 1302 1169 1372 apud
1218 1302 1522 1375 Egyptios,
1581 1305 1724 1374 apud
1782 1304 1976 1363 Persas
2004 1347 2020 1372 ,

458 1390 647 1462 Syros,
698 1393 1008 1462 Armenios,
1066 1394 1211 1464 apud
1256 1404 1529 1451 extremas
1571 1406 1840 1452 terrarum
1894 1414 2022 1455 oras

453 1482 753 1542 incolentes
805 1486 1103 1552 barbaros,
1151 1494 1204 1542 et
1260 1502 1385 1542 cum
1414 1489 1516 1558 21
1550 1490 1692 1560 apud
1730 1490 1828 1545 has
1873 1490 2021 1561 ipsas

453 1574 606 1643 prius
663 1576 1089 1632 immanissimas
1132 1583 1186 1632 et
1231 1575 1533 1633 ferissimas
1588 1580 1858 1646 nationes,
1906 1588 2021 1635 tum

452 1681 581 1721 vero
611 1668 773 1723 etiam
821 1668 964 1738 apud
1010 1684 1105 1724 eos
1157 1668 1250 1740 qui
1292 1670 1502 1725 insulas
1557 1675 1746 1726 colunt
1778 1671 2018 1744 (quando

452 1768 508 1814 et
555 1760 623 1815 de
668 1760 753 1817 bis
803 1761 1090 1832 prophetia
1136 1776 1247 1816 non
1287 1762 1571 1833 indignum
1606 1764 1814 1833 putavit
1840 1764 2018 1821 facere

452 1850 816 1919 mentionem)
883 1851 1003 1921 ipsa
1060 1851 1148 1904 illa
1183 1890 1198 1915 ,
1265 1866 1387 1919 quae
1456 1860 1680 1908 auctore
1741 1852 2014 1910 Abraham

453 1943 843 2016 comprobatur
893 1943 1070 1999 civilis
1124 1945 1301 2010 ratio,
1355 1952 1408 2000 et
1455 1945 1697 2000 omnium
1746 1947 2015 2017 antiquis-

452 2035 625 2091 simus
656 2035 867 2090 colendi
901 2034 1069 2090 Deum
1099 2051 1238 2104 mos,
1289 2036 1616 2094 celebratur.
1647 2037 1714 2091 Et
1745 2045 1869 2110 quis
1902 2055 2012 2095 non

450 2126 568 2196 ipsa
620 2126 698 2181 rei
726 2126 1076 2182 mirabilitate
1123 2124 1526 2198 Obstupescat?
1561 2145 1685 2185 cum
1714 2146 1810 2187 eos
1852 2133 1946 2203 qui
1980 2150 2012 2187 τι

449 2219 671 2274 condito
703 2235 852 2285 aevo,
887 2220 1189 2290 lapidibus,
1221 2228 1276 2276 et
1302 2221 1483 2293 lignis,
1546 2230 1600 2278 et
1649 2225 2007 2295 daemonibus,

447 2311 752 2382 belluisque
775 2312 1012 2367 humana
1042 2329 1205 2368 carne
1231 2314 1608 2371 vietitantibus
1638 2323 1692 2371 et
1724 2318 2010 2388 reptilibus

446 2409 747 2473 venenatis,
804 2409 1236 2480 animalibusque
1289 2410 1470 2466 omnis
1511 2413 1745 2483 generis,
1780 2421 1833 2467 et
1879 2412 2009 2471 feris

447 2497 794 2567 informibus,
846 2501 1086 2572 ignique,
1120 2511 1175 2556 et
1208 2505 1396 2569 terrae,
1452 2510 1507 2559 et
1551 2504 1723 2574 ipsius
1768 2505 2009 2562 universi

444 2588 761 2646 inanimatis
809 2591 1112 2658 elementis,
1145 2593 1388 2649 divinum
1437 2595 1697 2652 honorem
1721 2606 1775 2653 et
1804 2598 2009 2654 cultum

442 2681 758 2738 tribuebant
794 2703 808 2738 :
851 2685 1175 2740 altissimum
1218 2684 1384 2742 Deum
1413 2728 1428 2754 ,
1483 2695 1538 2743 et
1589 2688 1712 2743 coeli
1760 2703 1823 2743 ac
1853 2696 2010 2744 terra:

443 2772 712 2842 opiﬁcem,
770 2774 948 2843 ipsum
1000 2777 1187 2847 utique
1237 2778 1625 2849 prephetarum
1681 2779 2006 2848 Dominum,

446 2860 724 2935 Deumque
766 2867 1058 2931 Abraham,
1094 2877 1147 2923 et
1169 2884 1393 2923 avorum
1432 2870 1698 2939 ejusdem,
1730 2881 1854 2943 post
1889 2872 2010 2927 Sale

444 2953 652 3009 vatoris
679 2957 852 3010 nostri
883 2956 1195 3022 adventum,
1224 2960 1404 3016 videat
1438 2962 1759 3016 invocantes
1794 2980 1807 3016 :
1839 2969 1893 3017 et
1913 2977 2010 3018 eos

443 3045 540 3114 qui
573 3045 733 3114 paulo
766 3053 890 3101 ante
911 3061 941 3100 a
971 3049 1234 3106 matribus
1283 3059 1337 3107 et
1368 3051 1582 3108 ﬁliabus
1608 3051 1881 3107 libidinem
1897 3067 2008 3107 non

445 3138 828 3204 abstinebant,
859 3155 1026 3212 seque
1059 3152 1248 3198 mutuo
1301 3146 1443 3200 inter
1480 3161 1539 3202 se
1563 3149 2005 3218 corrumpebant,

441 3236 497 3285 et
521 3232 700 3288 omnis
726 3233 942 3302 generis
973 3236 1445 3293 cruentationibus
1473 3246 1526 3293 et
1559 3237 1800 3294 caedibus
1822 3239 2005 3310 inqui-

442 3324 669 3387 nabant,
704 3326 796 3394 qui
849 3325 985 3379 nihil
1018 3327 1088 3382 ab
1115 3327 1444 3384 immanibus
1506 3327 1655 3395 feris,
1696 3330 1837 3385 victu
1884 3331 2004 3402 ipso

440 3414 778 3484 diﬁ‘erebant,
808 3432 953 3472 nunc
985 3434 1081 3489 per
1104 3416 1400 3475 Salvatoris
1433 3423 1603 3476 nostri
1632 3421 1873 3476 divinam
1901 3424 2007 3479 vir-

439 3514 614 3563 tutem
646 3516 905 3574 mutatos,
941 3518 995 3566 et
1039 3512 1198 3581 quasi
1230 3527 1297 3567 ex
1337 3513 1461 3569 aliis
1484 3513 1622 3569 alios
1657 3513 1852 3581 factos,
1887 3531 2005 3571 ser—

440 3616 633 3656 mones
681 3601 749 3657 de
792 3603 1010 3668 virtute,
1066 3605 1450 3676 modestiaeque
1501 3617 1764 3679 praecepta
1794 3617 1855 3663 ut
1892 3602 2003 3665 dis-

437 3704 587 3757 cant,
617 3694 674 3749 in
702 3710 1020 3753 communes
1049 3698 1269 3755 scholas
1319 3700 1538 3779 assidue
1576 3703 2004 3760 convenientes?

437 3794 604 3855 atque
650 3786 784 3842 adeo
815 3788 1055 3858 quidem,
1088 3801 1149 3843 ut
1174 3798 1283 3845 tam
1309 3792 1524 3848 femina:
1551 3808 1713 3863 quam
1740 3795 1861 3860 viri,
1892 3803 2000 3850 tam

438 3894 707 3949 pauperes
735 3896 897 3951 quam
910 3883 1126 3947 divites,
1159 3892 1269 3938 tam
1292 3886 1544 3955 vulgares
1573 3897 1627 3941 et
1655 3888 2003 3959 ignariquam

437 3968 585 4024 docti
615 3970 776 4024 etiam
808 3973 982 4041 pueri,
1003 3981 1057 4029 et
1084 3976 1375 4045 mancipia,
1425 3992 1536 4031 non
1558 3978 1738 4035 minus
1762 3981 1814 4034 in
1832 3982 2000 4053 agris,

439 4075 605 4132 quam
626 4063 681 4115 in
711 4062 960 4126 urbibus.
988 4063 1045 4117 in
1094 4064 1214 4119 loca
1262 4072 1411 4120 certa
1444 4070 1787 4136 conveniant,
1820 4080 1879 4126 ut
1909 4089 2003 4128 su-

439 4165 681 4222 premam
702 4151 846 4205 illam
864 4153 1258 4224 philosophiam
1281 4156 1549 4222 ediscant,
1576 4175 1695 4229 quaa
1722 4161 1999 4229 admonet,

437 4256 509 4297 ne
538 4241 737 4297 intueri
766 4242 983 4311 quidem
1015 4244 1384 4313 petulantibus
1412 4248 1587 4305 oculis
1619 4250 1701 4314 Ias
1730 4267 1875 4317 esse,
1908 4270 2002 4309 nev

437 4348 546 4404 que
570 4332 793 4388 verbum
825 4335 1072 4391 emittere
1109 4337 1365 4406 otiosum,
1406 4356 1580 4412 neque
1608 4358 1671 4397 ea
1698 4360 1819 4415 qua:
1847 4360 2001 4400 comv

435 4424 623 4481 munia
652 4432 801 4493 sunt,
840 4432 893 4481 et
934 4428 1186 4484 omnibus
1245 4440 1506 4488 consueta
1554 4446 1788 4504 patrare.
1816 4444 1870 4491 et
1899 4436 1999 4491 do-

434 4525 665 4573 ceantur
688 4533 873 4573 verum
908 4519 1059 4573 illum
1078 4536 1302 4588 morem,
1334 4541 1494 4595 quem
1523 4526 1724 4598 ubique
1757 4528 1998 4583 locorum
2030 4549 2075 4604 ι)

435 4606 494 4662 in
524 4609 673 4662 cultu
695 4618 751 4663 et
780 4608 1043 4680 obsequio
1064 4613 1264 4667 summi
1291 4613 1383 4669 Dei
1432 4632 1652 4674 servare
1691 4621 1998 4686 conveniat,

434 4700 579 4755 sicut
608 4699 744 4754 dixit
787 4700 1069 4771 prophetia
1110 4723 1123 4757 :
1167 4721 1186 4754 ι
1226 4702 1291 4758 Ει
1317 4703 1623 4763 adorabunt
1671 4725 1794 4765 eum
1830 4727 2000 4768 unus-

433 4790 666 4861 quisque
689 4792 757 4846 de
790 4792 909 4850 loco
958 4808 1058 4849 suo
1101 4794 1166 4850 θ’.
1213 4814 1233 4847 ι
1267 4796 1509 4855 Aderant
1530 4801 1695 4872 igitur
1726 4819 1997 4859 summum

432 4879 603 4937 Deum
648 4898 837 4939 omnes
891 4885 1109 4941 barbari
1155 4898 1209 4941 ct
1260 4888 1455 4958 Graeci,
1485 4909 1593 4947 non
1623 4893 1998 4968 Hierosolyma

432 4984 923 5047 currentes,neque
944 4980 1232 5037 cruoribus
1265 4992 1358 5037 aut
1388 4984 1672 5041 sacriﬁciis
1693 4987 1993 5058 placantes,

431 5069 528 5125 sed
557 5070 702 5126 domi
743 5085 856 5124 suae
889 5071 1032 5142 apud
1075 5073 1285 5145 seipsos
1317 5078 1368 5131 in
1414 5077 1608 5147 spiritu
1659 5088 1712 5133 et
1742 5082 1990 5147 veritate,

431 5161 719 5217 incruento
762 5176 1008 5232 puroque
1035 5165 1297 5236 obsequio
1328 5168 1477 5222 illum
1515 5169 1774 5224 colentes.
1814 5171 1993 5227 Ethoc

429 5252 612 5310 fuerat
639 5251 815 5321 ipsum
837 5251 1048 5309 Novum
1068 5254 1661 5328 Testamentum,quod
1688 5277 1794 5315 non
1818 5262 1994 5317 instar

429 5347 630 5418 prioris
656 5345 820 5413 illius,
850 5353 904 5401 et
930 5348 1127 5403 veteris
1160 5349 1361 5404 factum
1384 5361 1487 5406 cst.
1507 5349 1676 5408 Vetus
1708 5365 1888 5409 autem
1908 5355 1991 5408 in-

430 5442 681 5511 telligito,
712 5456 821 5495 non
854 5449 1167 5497 sanctorum
1206 5443 1483 5498 hominum
1508 5445 1600 5516 qui
1635 5453 1763 5501 ante
1786 5445 1989 5503 Mosem

430 5533 603 5597 fuere,
643 5531 743 5589 sed
766 5534 911 5603 quod
941 5535 1075 5607 legis
1100 5537 1219 5592 loco
1235 5538 1503 5593 universae
1529 5535 1841 5594 Iudaeorum
1884 5555 1987 5594 na~

431 5625 566 5685 tioni
588 5627 656 5683 ab
677 5626 795 5697 ipso
825 5626 974 5683 Mose
1000 5628 1236 5698 positum
1260 5636 1364 5684 est.
1398 5629 1666 5695 Quocirca
1700 5631 1985 5687 oraculum

501 5786 549 5822 ⁸³
580 5787 738 5844 Deut.
776 5801 931 5854 an,
970 5786 1060 5847 15,
1125 5786 1170 5817 ⁵³
1206 5787 1310 5841 lsa.
1347 5801 1469 5855 nv,
1509 5787 1587 5842 Η.

2128 563 2261 615 πᾶσι
2300 561 2500 633 συνήθη
2545 561 2968 634 διαπράττεσθαι
3002 562 3402 633 παραινοῦσαν,
3440 561 3498 613 οὑ
3537 561 3696 631 μόνον

2127 654 2346 725 ἄνδρας,
2368 653 2502 707 ἀλλά
2523 654 2616 707 καὶ
2637 658 2919 723 γυναῖκας,
2937 655 3176 724 πένητας
3197 672 3253 708 τε
3281 654 3373 707 καὶ
3390 653 3694 717 πλουσίους,

2126 745 2337 815 λογίους
2361 762 2418 797 τε
2440 746 2533 798 καὶ
2563 745 2792 809 ἰδιώτας,
2825 737 3103 816 μέχρικαὶ
3131 745 3355 809 παίδων,
3380 745 3474 798 καὶ
3495 745 3695 816 ἀνδρα-

2127 837 2321 901 πόδων,
2346 838 2402 889 ὲν
2429 838 2551 899 ταῖς
2576 836 2717 890 κατά
2743 836 2897 889 πόλιν
2917 837 3009 889 καὶ
3039 837 3159 888 κατ’
3180 835 3383 906 ἀγροὺς
3397 833 3699 906 διατριϐαῖς

2124 928 2494 994 παιδεύεσθαι,
2527 928 2812 1000 μανθάνειν
2838 945 2898 981 τε
2927 928 3102 1000 ἀληθῆ
3126 928 3344 1000 τρόπον,
3375 927 3497 980 καθ’
3527 926 3585 979 ὃν
3604 926 3696 979 τὸν

2125 1022 2217 1073 ἐπὶ
2254 1021 2470 1074 πάντων
2511 1023 2776 1093 προσήκει
2823 1021 2954 1075 Θεὸν
2987 1020 3195 1083 σέϐειν,
3230 1020 3325 1074 xa‘t
3372 1018 3699 1090 θεραπεύειν

2124 1115 2182 1168 ὲν
2214 1114 2373 1168 παντὶ⁴
2398 1115 2564 1186 τόπῳ,
2585 1115 2723 1168 κατὰ
2753 1113 2851 1186 τὴν
2881 1117 3127 1187 φήσασαν
3158 1113 3518 1185 προφητείαν·
3543 1132 3562 1163 ι
3585 1112 3700 1167 Καὶ
3724 1108 3730 1116 ’

2127 1210 2589 1279 προσκυνήσουσιν
2618 1207 2784 1279 αὐτῷ,
2807 1208 3035 1271 ἕκαστος
3067 1210 3132 1260 ἐκ
3151 1208 3242 1260 τοῦ
3264 1208 3429 1260 τόπου
3457 1205 3642 1260 αὐτοῦ.
3672 1227 3690 1257 ι

2124 1299 2425 1369 Προσκυνεί
2465 1298 2599 1368 δῆτα
2631 1295 2724 1351 οὖν
2756 1301 2864 1362 πᾶς
2895 1298 2972 1369 τῷ
3020 1299 3110 1351 ἐπὶ
3146 1299 3360 1352 πάντων
3390 1297 3506 1368 Θεῷ
3559 1296 3695 1368 βάρ-

2123 1389 2286 1461 ϐαρος
2325 1392 2419 1444 καὶ
2462 1391 2681 1462 Ἕλλην,
2732 1392 2791 1444 ού
2843 1391 3053 1463 τρέχων
3090 1391 3182 1445 ἐπὶ
3217 1390 3284 1444 τά
3327 1389 3692 1461 Ἱεροσόλυμα,

2121 1483 2228 1537 οὐδ’
2262 1485 2453 1555 αἵμασι
2484 1485 2578 1539 καὶ
2604 1467 2812 1548 θυσίαις
2842 1485 3249 1556 ἀφοσιούμενος,
3273 1485 3479 1539 οἴκοθεν
3510 1476 3567 1539 δὲ
3597 1484 3696 1539 καὶ

2121 1578 2204 1647 ἐφ’
2256 1577 2430 1648 ἑαυτῷ
2473 1577 2682 1649 μένων,
2731 1579 2826 1630 καὶ
2868 1575 3139 1647 πνεύματι
3177 1578 3269 1630 καὶ
3322 1575 3548 1647 ἀληθείᾳ.
3591 1575 3695 1647 τήν

2120 1668 2345 1739 ἄναιμον
2381 1669 2474 1722 καὶ
2512 1668 2760 1739 καθαρὰν
2793 1668 3076 1731 ἀποδιδοὺς
3102 1668 3248 1739 αὐτῷ
3278 1668 3549 1739 λατρείαν.
3581 1669 3694 1721 Kal.

2119 1760 2256 1831 αὐτή
2292 1777 2356 1828 γε
2384 1756 2451 1831 ἦν
2482 1761 2515 1830 ἡ
2549 1761 2728 1833 Καινὴ
2757 1760 3017 1833 Διαθήκη,
3061 1760 3122 1812 οὐ
3152 1759 3292 1813 κατὰ
3321 1759 3419 1831 τὴν
3456 1759 3693 1817 παλαιὰν

2048 1829 2091 1888 Β
2119 1829 2476 1922 τυγχάνουσα.
2506 1829 2755 1906 Παλαιάν
2779 1852 2836 1905 δὲ
2873 1829 3031 1924 μήτοι
3061 1853 3287 1925 νομίσῃς
3316 1829 3566 1921 λέγεσθαι
3589 1854 3693 1925 τὴν

2119 1942 2227 1996 τῶν
2287 1944 2392 2015 πρὸ
2427 1944 2668 2008 Μωσέως
2710 1944 2970 2012 θεοφιλῶν
3013 1944 3239 2016 ἀνδρῶν,
3273 1945 3410 1999 ἀλλὰ
3455 1947 3551 2019 τὴν
3584 1947 3694 2001 ὑπὸ

2118 2035 2362 2100 Μωσέως
2419 2035 2582 2089 αὑτοῦ
2607 2037 2683 2106 τῷ
2717 2037 2983 2091 Ἰουδαίων
3010 2037 3148 2091 ἔθνει
3170 2037 3688 2110 νενομοθετημένην.

2131 2127 2408 2198 Ἐπιφέρει
2443 2126 2572 2195 γοῦν
2597 2129 2625 2181 ὁ
2660 2127 2813 2196 λόγος
2845 2127 3144 2198 διασαφῶν,
3173 2130 3294 2182 τίνα
3312 2129 3510 2206 ἔφησεν
3550 2125 3693 2184 εἶναι

2116 2218 2220 2289 τὴν
2250 2219 2504 2285 παλαιὰν,
2625 2219 2788 2291 μηδὲν
2832 2222 3014 2292 ὅμοιον
3047 2222 3268 2293 σχήσειν
3310 2222 3546 2276 διδάσκει
3588 2223 3692 2296 τὴν

2118 2312 2328 2384 καινὴν,
2368 2312 2573 2381 λέγων’
2618 2332 2637 2364 ί
2670 2312 3003 2386 Διαθήσομαι
3049 2314 3321 2387 Διαθήκην
3357 2317 3589 2389 Καινὴν,
3622 2317 3690 2372 οὐ

2117 2403 2260 2456 κατά
2287 2404 2387 2476 τὴν
2420 2402 2715 2476 Διαθήκην,
2741 2406 2806 2476 ἢν
2847 2405 3101 2478 διεθέμην
3131 2411 3240 2473 τοῖς
3285 2409 3583 2481 πατράσιν,
3627 2413 3689 2463 ἐν

2116 2494 2299 2567 ἡμέρᾳ
2340 2495 2731 2567 ἐπιλαϐομένου
2765 2516 2866 2568 μου
2900 2499 3000 2569 τῆς
3032 2500 3212 2571 χειρὸς
3254 2500 3430 2555 αὐτῶν
3450 2542 3463 2567 ,
3492 2502 3691 2571 ἐξαγα-

2115 2589 2231 2656 γεῖν
2277 2587 2471 2651 αὐτοὺς
2520 2590 2583 2641 ὲκ
2633 2590 2734 2660 γῆς
2781 2589 3073 2659 Αἰγύπτου.
3103 2610 3120 2643 ι
3175 2593 3248 2645 Οὐ
3296 2593 3433 2646 κατά
3481 2594 3691 2665 ταύτην

2115 2677 2245 2748 γοῦν
2276 2696 2405 2751 φησι
2438 2679 2533 2751 τὴν
2566 2680 2670 2735 ὑπὸ
2696 2682 2939 2747 Μωσέως
2997 2683 3509 2758 νενομοθετημένην.
3536 2685 3689 2759 Αὕτη

2116 2771 2224 2842 γὰρ
2249 2767 2316 2844 ἦν
2343 2774 2482 2825 κατά
2510 2772 2609 2843 τὴν
2641 2773 2816 2841 ἔξοδον
2853 2774 2950 2845 τὴν
2983 2775 3076 2828 ἀπ’
3105 2776 3377 2845 Αἰγύπτου
3405 2780 3517 2842 τοῖς
3553 2778 3688 2833 Ἰου-

2114 2861 2285 2928 δαίοις
2316 2867 2697 2937 παραδοθεῖσα.
2726 2866 2941 2934 Ἔδοξεν
2968 2866 3032 2921 ἂν
3058 2862 3152 2922 οὖν
3169 2869 3416 2923 ἐναντίαν
3440 2870 3688 2939 εἰσάγειν

2114 2954 2212 3024 τὴν
2238 2955 2445 3027 Καινὴν
2478 2956 2748 3029 Διαθήκην
2772 2957 2863 3010 τοῦ
2892 2957 3092 3030 τρόπου
3117 2959 3213 3030 τῆς
3242 2958 3546 3024 θεοσεϐείας
3574 2961 3689 3016 τῶν

2114 3046 2257 3117 ἀμφὶ
2283 3046 2374 3100 τὸν
2408 3047 2657 3119 Ἀϐραὰμ
2692 3048 2972 3117 θεοφιλῶν,
3004 3050 3053 3102 εί
3096 3049 3168 3121 μὴ
3198 3051 3441 3120 ἀκριϐῶς
3479 3054 3684 3126 ἐπεση-

2118 3142 2342 3213 μήνατο,
2375 3143 2581 3213 φήσας⁹
2634 3161 2653 3195 ι
2695 3143 2767 3197 Οὐ
2800 3143 2937 3197 κατά
2976 3143 3074 3215 τὴν
3108 3145 3381 3216 Διαθήκην
3420 3147 3485 3217 ἣν
3512 3147 3687 3202 διεθέ-

2111 3249 2218 3304 μην
2246 3234 2358 3296 τοῖς
2388 3234 2660 3304 πατράσιν
2683 3233 2863 3289 αὐτῶν
2891 3235 3011 3288 κατ’
3033 3237 3208 3289 έκεῖνο
3239 3236 3453 3309 καιροῦ,
3483 3237 3604 3290 καθ’
3621 3238 3685 3292 δν

2105 3325 2371 3397 ἐξήγαγον
2398 3327 2594 3391 αὐτοὺς
2626 3330 2690 3382 ὲκ
2720 3329 2823 3401 γῆς
2847 3330 3140 3399 Αἰγύπτου.
3172 3349 3192 3382 ι
3221 3331 3296 3384 Οὐ
3313 3329 3451 3385 κατά
3464 3330 3562 3403 τὴν
3577 3329 3686 3383 ὑπὸ

2108 3419 2350 3484 Μωσέως
2387 3420 2494 3492 ἄρα
2540 3420 2633 3473 ἐπὶ
2688 3421 2787 3492 τῆς
2827 3419 3028 3487 ἐξόδου,
3059 3423 3152 3476 καὶ
3175 3422 3266 3475 ἐπὶ
3287 3423 3385 3493 τῆς
3413 3421 3555 3475 κατά
3582 3424 3685 3493 τὴν

2105 3509 2310 3583 ἔρημον
2373 3510 2652 3584 διατριϐῆς
2710 3513 3241 3585 νενομοθετημένην,
3303 3512 3517 3566 ἔσεσθαι
3579 3515 3683 3585 τὴν

2103 3601 2310 3676 Καινὴν
2334 3600 2637 3669 ὲθέσπιζεν,
2657 3602 2791 3657 ἀλλά
2822 3606 2940 3658 κατ’
2961 3605 3176 3676 ἐκείνην
3204 3604 3403 3676 δηλαδὴ
3432 3606 3531 3677 τὴν
3556 3605 3684 3678 πρό-

2105 3694 2273 3748 παλαι
2318 3695 2799 3768 πολιτευσαμένην,
2832 3697 2898 3750 δι’
2921 3691 2989 3768 ἧς
3011 3695 3453 3767 κατορθώσαντες
3476 3697 3684 3768 ἀνεφάτ

2104 3805 2272 3860 νησαν
2302 3789 2351 3841 οἱ
2381 3789 2484 3861 πρὸ
2514 3790 2772 3853 Μωσέως.
2814 3790 2891 3841 Δι’
2916 3788 2951 3842 ἃ
2982 3789 3046 3860 δὴ
3076 3789 3263 3842 λοιπὸν
3303 3788 3405 3860 ήδη
3439 3788 3682 3862 θαρρῶν,

2102 3882 2201 3946 τὰς
2219 3882 2326 3936 τῶν
2342 3881 2609 3935 θεοσεϐεῖν
2625 3881 3103 3953 ἐπαγγελλομένων
3123 3881 3465 3954 προαιρέσεις
3489 3884 3563 3955 μὴ
3587 3884 3682 3938 ἐπὶ

2103 3974 2214 4041 δύο,
2244 3973 2377 4029 ἀλλά
2403 3973 2526 4045 τρία
2553 3972 2760 4046 διαιροῦ
2789 3974 3064 4046 τάγματα’
3092 3975 3153 4029 τό
3183 3992 3242 4028 τε
3264 3976 3370 4029 τῶν
3404 3977 3684 4042 παντελῶς

2103 4064 2521 4136 είδωλολατρῶν,
2547 4065 2656 4118 τῶν
2686 4066 2749 4137 δὴ
2785 4066 2877 4118 ἐπὶ
2899 4067 2998 4138 τὴν
3030 4067 3287 4121 πολύθεον
3315 4068 3518 4140 πλάνην
3543 4071 3683 4124 ἀπο-

2104 4156 2486 4221 πεπτωκότων,
2522 4156 2701 4210 καὶτὸ
2736 4154 2843 4210 τῶν
2872 4158 2935 4212 ὲκ
2962 4158 3261 4230 περιτομῆς
3308 4158 3398 4213 διὰ
3430 4161 3677 4225 Μωσέως

2103 4246 2195 4299 ἐπὶ
2224 4246 2316 4300 τὸν
2342 4245 2555 4319 πρῶτον
2577 4246 2979 4318 ἀνεληλυθότων
3010 4248 3111 4319 τῆς
3132 4250 3410 4313 εὐσεϐείας
3440 4251 3677 4320 βαθμόνο

2103 4339 2199 4391 καὶ
2226 4339 2407 4411 τρίτον
2435 4339 2495 4393 τὸ
2522 4338 2631 4393 τῶν
2660 4338 3145 4412 ἐπαναϐεϐηκότων
3184 4341 3270 4397 δίά
3302 4339 3403 4411 τῆς
3433 4338 3678 4408 εὐαγγε-

2101 4430 2258 4503 λικῆς
2289 4432 2657 4497 διδασκαλίας,
2696 4432 2725 4485 ὃ
2757 4432 2983 4486 καὶτῶν
3017 4433 3159 4486 δυεῖν
3188 4432 3353 4503 μέσον
3385 4434 3678 4506 παρεμϐα-

2102 4522 2239 4588 λὼν,
2278 4523 2468 4595 μηκέθ’
2502 4522 2637 4595 ἡγοῦ
2668 4526 2791 4588 τοὺς
2829 4524 2935 4577 ἀπὸ
2980 4524 3246 4577 Ἰουδαίων
3280 4523 3679 4595 ἀφισταμένους

2108 4617 2324 4681 πάντως
2347 4617 2456 4670 δεῖν
2498 4619 2582 4687 ἐφ’
2625 4615 2975 4689 Ἐλληνισμὸν
3016 4616 3334 4682 ἐκπίπτειν,
3372 4617 3506 4688 μηδὲ
3548 4616 3678 4680 τοὺς

2107 4707 2167 4773 ἐξ
2194 4707 2459 4780 Ἑλλήνων
2492 4708 2903 4781 ἀναχωροῦντας
2930 4707 2990 4772 ὲξ
3016 4708 3261 4778 ἀνάγκης
3301 4708 3497 4779 χρῆναι
3540 4705 3675 4761 Ἰου-

2105 4799 2291 4863 δαίους
2340 4799 2586 4854 ἔσεσθαν
2633 4800 2742 4855 τῶν
2784 4800 2839 4853 δὲ
2896 4800 3073 4872 μέσων
3122 4798 3255 4852 ἐλὼν
3306 4799 3397 4853 τὸν
3447 4798 3672 4870 τρόπον,

2103 4891 2355 4962 εὑρήσεις
2379 4890 2490 4945 ἀνω
2516 4909 2616 4946 που
2643 4891 2872 4957 ἑστῶτα,
2897 4892 2991 4946 καὶ
3010 4891 3195 4963 ὥσπερ
3222 4893 3306 4961 ἐφ’
3335 4890 3672 4963 ὑψηλοτάτης

2102 4983 2412 5055 ἀκρωρείας
2454 4982 2859 5055 ἀναϐεϐηκότα,
2896 4983 3232 5056 ἑκατέρωθεν
3272 4983 3329 5037 δὲ
3361 4982 3509 5037 κάτω
3545 4984 3675 5048 τοὺς

2099 5074 2318 5139 λοιποὺς
2344 5076 2753 5130 ἀπολελοιπότα.
2786 5076 3050 5148 Ἐλλήνων
3083 5074 3181 5147 μὲν
3227 5074 3334 5146 γὰρ
3365 5075 3672 5145 ἐκπέφευγε

2100 5170 2198 5239 τὴν
2233 5151 2392 5222 ἄθεον
2440 5169 2533 5221 καὶ
2577 5168 2889 5240 πολυπλανῆ
2937 5168 3353 5239 δεισιδαιμονίαν
3379 5208 3394 5233 ,
3444 5169 3670 5233 καὶτὰς

2100 5260 2388 5331 ἀνειμένας
2422 5260 2677 5332 πορνείας
2720 5278 2780 5313 τε
2823 5263 2921 5315 καὶ
2964 5250 3266 5331 ἀκοσμίας’
3307 5260 3569 5314 Ἰουδαίων
3611 5261 3670 5314 δὲ

2100 5350 2361 5414 ὡσαύτως
2390 5350 2487 5423 τὴν
2549 5352 2655 5405 ὑπὸ
2695 5353 2935 5416 Μωσέως
2976 5350 3141 5421 ἀτελῆ
3189 5351 3285 5404 καὶ
3331 5347 3418 5405 οἷα
3456 5351 3668 5422 νηπίοις

2100 5444 2193 5497 καὶ
2215 5443 2460 5497 ἀσθενέσι
2488 5446 2818 5518 κατάλληλον
2839 5443 3304 5516 ὲθελοθρησκείαν.
3331 5443 3434 5499 Τὸν
3470 5446 3667 5498 οἰκεῖον

2093 5534 2149 5586 δὲ
2184 5534 2387 5589 ἀνωθεν
2414 5536 2473 5589 οὗ
2527 5538 2686 5609 μόνον
2752 5537 3057 5601 Ἰουδαίοις,
3109 5536 3244 5592 ἀλλὰ
3296 5535 3389 5590 καὶ
3438 5534 3665 5605 Ἕλλησι

2093 5626 2185 5679 καὶ
2220 5624 2547 5701 βαρϐάροις,
2604 5633 2695 5685 καὶ
2752 5631 2860 5693 τοῖς
2910 5630 2997 5699 ὑφ’
3048 5628 3184 5700 ἡλίῳ
3237 5628 3399 5684 πᾶσιν
3455 5626 3666 5684 ἔθνεσιν
