3942 6258
200 380 259 438 85

1108 373 1759 434 DEMONSTBATIONIS
1796 374 2257 432 EVANGELICAS
2299 375 2428 431 LIB.
2469 376 2512 432 i.

3370 363 3439 417 66

211 497 554 565 ἐπιϐοώμενος
608 494 784 566 νόμον
810 534 823 553 ,
876 495 976 567 δρα
1020 493 1071 546 τί
1128 511 1319 565 φησιν·
1357 490 1427 547 Ὦ
1480 494 1763 567 ἄνθρωπε,

1874 492 2042 562 ipsum
2068 492 2174 562 22
2203 491 2448 562 adjungit
2472 505 2560 555 ea,
2583 488 2782 561 quibus
2802 490 3023 561 planum
3049 488 3235 555 I‘aciat,
3256 475 3444 561 quod-

211 593 294 647 καὶ
320 588 538 660 σύμπαν
584 588 651 639 τὸ
700 588 908 657 θνητῶν
945 587 1133 656 γένος,
1188 587 1217 636 ὀ
1268 586 1366 657 μὲν
1398 585 1463 657 δὴ
1521 585 1768 648 Μωσέως

1874 600 1994 640 nam
2017 584 2185 641 Vetus
2214 584 2345 639 illud
2374 583 2572 639 dixerit
2618 599 2739 639 esse
2769 601 2782 638 :
2825 584 2914 639 cui
2956 582 3177 653 quidem
3226 579 3440 637 novum

216 685 359 756 νόμος
382 724 397 746 ,
468 682 560 751 ἀφ’
617 680 739 744 ἐνὸς
808 681 995 750 γένους
1062 676 1359 751 ἀνθρώπων
1423 677 1724 748 ἀρξάμενος
1749 715 1765 740 ,

213 778 410 850 πρῶτον
460 772 722 828 ἀπάντων
774 771 837 825 τὸ
900 770 1164 824 Ἰουδαίων
1230 769 1384 839 γένος
1411 807 1426 832 ,
1480 768 1578 838 τῆς
1633 767 1768 840 πρὸς

214 872 325 932 τοὺς
365 865 634 936 θεοφιλεῖς
680 863 1027 937 προπάτορας
1071 862 1247 916 αὐτῶν
1291 860 1619 930 ἐπαγγελίας
1654 862 1769 915 ἐνε-

212 979 315 1023 κεν,
341 959 435 1014 ἐπὶ
471 957 570 1029 τὴν
602 956 698 1010 τοῦ
740 956 858 1020 ἐνὸς
895 954 1030 1008 Θεοῦ
1068 953 1267 1022 γνῶσιν
1312 954 1640 1016 ἀνεκαλεῖτο,
1670 954 1768 1025 τῆς

212 1052 404 1121 πικρᾶς
446 1048 558 1101 τῶν
612 1046 876 1116 δαιμόνων
927 1043 1169 1106 δουλείας
1218 1043 1343 1107 τοὺς
1403 1041 1769 1106 ὑπακούοντας

210 1142 562 1197 ἀπαλλάττων
584 1155 599 1168 ·
630 1137 740 1206 ἐγὼ
764 1135 821 1189 δὲ
852 1136 1015 1188 πᾶσιν
1041 1133 1363 1206 ἀνθρώποις,
1393 1135 1485 1188 καὶ
1514 1137 1622 1199 τοῖς
1647 1133 1767 1189 καθ’

211 1235 325 1304 δλης
356 1233 457 1303 τῆς
495 1228 820 1299 οἰκουμένης
846 1226 1021 1280 ἔθνεσι
1043 1225 1141 1298 τὴν
1178 1225 1648 1297 ἐπαναϐεϐηκυῖαν
1674 1223 1768 1278 τοῦ

213 1324 336 1380 Θεοῦ
366 1323 571 1393 γνῶσιν
609 1321 703 1375 καὶ
742 1318 1020 1373 εὐσέϐειαν
1049 1316 1450 1390 προαγγέλλων,
1482 1317 1619 1381 κατά
1647 1316 1770 1379 τοὺς

215 1415 345 1485 ἀμφὶ
386 1413 480 1466 τὸν
527 1409 794 1484 Ἀϐραὰμ,
826 1408 1073 1470 καὶτοὺς
1120 1405 1198 1458 ἔτι
1245 1405 1629 1476 παλαιοτέρους
1664 1402 1770 1476 πρὸ

217 1505 450 1568 Μωσέως
489 1502 695 1574 χρόνων
732 1499 878 1571 βιοῦν
911 1496 1178 1569 παραινῶ,
1221 1498 1278 1550 ἐν
1339 1491 1420 1559 οἷς
1450 1494 1508 1561 ἐξ
1544 1494 1769 1549 ἀλλοδα-

213 1598 323 1651 πῶν
350 1595 517 1649 ἐθνῶν
552 1594 766 1657 πλείους
802 1592 886 1644 ἐπ’
921 1590 1170 1661 εὐσεϐείᾳ
1205 1586 1626 1659 μνημονεύονται
1659 1587 1772 1640 δια-

214 1688 536 1759 λάμψαντες.
572 1685 680 1739 Καὶ
714 1682 906 1736 πάλιν·
942 1684 1000 1734 ’0
1035 1682 1132 1752 μὲν
1181 1681 1422 1744 Μωσέως
1453 1682 1634 1751 νόμος,
1675 1681 1759 1750 ἐφ’

215 1781 304 1836 ινα
338 1780 456 1833 τινὰ
500 1778 601 1847 τῆς
626 1777 726 1847 γῆς
771 1774 1151 1847 ἀφωρισμένον
1180 1773 1342 1827 τόπον
1373 1773 1498 1838 τοὺς
1532 1773 1771 1826 εὐσεϐεῖν

218 1871 618 1945 προῃρημένους
669 1866 917 1920 σπεύδειν
963 1864 1295 1934 πανταχόθεν
1339 1864 1729 1935 παρεκελεύετο
1753 1882 1766 1895 ·

220 1963 317 2033 ἐγὼ
340 1963 391 2015 δὲ
420 1964 534 2024 τοῖς
557 1961 721 2013 πᾶσιν
763 1956 828 2011 ἂν
859 1959 939 2020 είς
963 1957 1061 2026 τὴν
1099 1954 1428 2028 ἐλευθερίαν,
1455 1956 1554 2008 οὐκ
1582 1957 1638 2008 ἐν
1663 1972 1772 2024 γω-

221 2059 299 2129 νία
325 2056 441 2127 γῆς,
480 2054 590 2108 οὐδ’
630 2054 689 2105 ἐν
729 2051 931 2124 ὄρεσιν,
975 2050 1009 2122 ἦ
1051 2065 1161 2103 τισι
1196 2050 1588 2120 χειροποιήτοις
1626 2051 1773 2111 ναοῖς

221 2148 384 2220 ζητεῖν
408 2148 501 2201 τὸν
531 2147 625 2200 ἐπὶ
650 2145 866 2199 πάντων
909 2142 1061 2207 Θεὸν,
1102 2140 1311 2195 οἴκοθεν
1343 2140 1402 2194 δὲ
1430 2140 1657 2194 ἕκαστον
1687 2141 1772 2194 σέ-

222 2241 322 2295 ϐειν
356 2240 516 2292 αὐτὸν
540 2239 635 2292 καὶ
669 2239 993 2309 προσκυνεῖν
1037 2234 1294 2291 παιδεύω.
1325 2235 1437 2289 Καὶ
1475 2234 1635 2289 πάλιν
1659 2252 1673 2266 ’
1713 2236 1771 2289 Ὀ

225 2332 312 2403 μὲν
337 2330 564 2393 παλαιὸς
608 2329 772 2399 νόμος
804 2327 1013 2391 θυσίαις
1051 2329 1171 2389 ταῖς
1202 2324 1289 2379 διὰ
1320 2323 1473 2389 ζώων
1517 2326 1769 2395 σφαγαῖς,

219 2422 495 2477 λιϐανωτοῦ
525 2438 587 2475 τε
626 2421 724 2474 καὶ
762 2419 952 2490 πυρὸς,
976 2418 1069 2473 καί
1106 2434 1268 2472 τινων
1299 2416 1472 2471 ἄλλων
1496 2417 1772 2489 ὁμοιοτρό-

218 2524 324 2563 πων
343 2509 434 2562 τοῦ
461 2506 710 2578 σώματος
735 2504 1033 2578 καθαρμῶν
1059 2505 1380 2578 θρησκεύειν
1404 2506 1495 2560 τὸν
1524 2506 1616 2559 ἐπὶ
1640 2507 1775 2560 πάν-

214 2617 314 2654 των
344 2600 473 2654 Θεὸν
504 2597 900 2672 παρεκελεύετο
923 2615 938 2628 ·
979 2594 1089 2665 ἐγὼ
1126 2596 1183 2650 δὲ
1224 2596 1291 2650 τὰ
1326 2596 1503 2667 ψυχῆς
1545 2597 1774 2669 παραδι-

212 2691 327 2756 δοὺς
366 2691 528 2763 βργια
560 2689 766 2760 διανοίᾳ
810 2686 1170 2761 καθαρωτάτη
1202 2688 1298 2741 καὶ
1344 2686 1419 2757 νῷ
1448 2688 1675 2755 διαυγεῖ,
1715 2689 1773 2740 ἐν

217 2782 529 2855 σωφροσύνῃ
572 2781 667 2835 καὶ⁷
691 2780 771 2850 τῷ
804 2781 923 2832 κατ’
962 2778 1163 2850 ἀρετὴν
1196 2777 1314 2847 βίῳ,
1341 2777 1572 2846 δόγμασί
1596 2794 1654 2831 τε
1682 2778 1774 2848 ὀρ-

214 2874 317 2939 θοῖς
336 2875 429 2928 καὶ
463 2872 709 2926 εὐσεϐέσι
728 2871 790 2924 τὸ
821 2870 960 2923 θεῖον
994 2868 1269 2941 γεραίρειν
1295 2869 1634 2940 προστάττω.
1665 2869 1774 2922 Καὶ

210 2970 399 3024 πάλιν⁴
429 2967 633 3038 Μωσῆς
675 2965 773 3037 μὲν
810 2964 955 3017 ὡσάν
985 2962 1285 3033 μιαιφόνοις
1314 2959 1433 3016 οὖσι
1486 2964 1601 3023 τοῖς
1651 2961 1774 3013 τότε

216 3062 284 3132 μὴ
310 3060 556 3130 φονεύειν
585 3058 823 3130 παρῄνει
847 3073 860 3086 ’
888 3054 999 3119 ἐγὼ
1029 3057 1086 3109 δὲ
1124 3059 1235 3119 τοῖς
1267 3058 1323 3109 ἐν
1352 3054 1524 3124 τούτῳ
1550 3070 1775 3125 προπαι-

1801 1834 1844 1889 Β

1869 679 2006 732 nihil
2028 679 2203 735 simile
2219 676 2533 731 habiturum
2568 676 2829 742 ostendit,
2856 676 2951 732 ubi
2978 675 3151 730 dicit:
3188 674 3433 730 Condam

1872 771 2277 827 Testamentum
2301 768 2530 832 Novum,
2563 784 2673 824 non
2706 769 3009 824 secundum
3024 767 3435 822 Testamentum

1869 862 2016 934 quod
2063 860 2282 917 condidi
2309 861 2556 931 patribus
2584 861 2641 915 in
2662 859 2770 924 die,
2810 874 2934 914 cum
2965 873 3066 929 ego
3102 855 3438 928 apprehendi

1870 956 1995 1011 illos
2015 970 2203 1019 manu,
2228 961 2290 1008 ut
2312 953 2600 1009 educerem
2633 966 2730 1007 eos
2773 952 2842 1007 de
2889 958 3038 1007 terra
3064 949 3284 1020 Egypti
3306 949 3372 1001 “.
3413 968 3433 999 ι

1870 1047 2059 1118 itaque
2087 1062 2211 1102 cum
2236 1044 2536 1101 secundum
2565 1044 2671 1098 hoc
2691 1043 2844 1108 dicit,
2880 1026 3183 1098 secundum
3212 1040 3266 1095 id
3292 1038 3437 1111 quod

1870 1140 2005 1210 legis
2053 1140 2175 1195 loco
2198 1153 2228 1194 a
2256 1137 2403 1194 Mose
2433 1137 2670 1208 positum
2701 1141 2805 1199 est,
2840 1134 3110 1206 intelligit.
3141 1132 3253 1187 Hoc
3291 1132 3439 1188 enim

1872 1231 2004 1287 illud
2035 1238 2140 1296 est,
2195 1230 2341 1302 quod
2380 1228 2582 1284 Iudaeis
2602 1267 2617 1294 ,
2667 1242 2778 1299 quo
2835 1234 3080 1297 tempore
3108 1225 3176 1281 de
3205 1224 3440 1296 Egypto

1871 1323 2078 1395 egressi
2110 1331 2259 1387 sunt,
2311 1321 2573 1376 traditum
2597 1326 2702 1375 est.
2739 1317 2907 1375 Visus
2942 1319 3110 1390 igitur
3162 1325 3308 1373 esset
3333 1316 3439 1371 No-

1870 1432 1996 1472 vnm
2026 1415 2433 1471 Testamentum
2465 1412 2833 1476 introducere,
2867 1422 3127 1481 tanquam
3161 1410 3278 1479 ejus
3297 1410 3439 1463 ritus

1870 1511 2226 1576 contrarium,
2256 1524 2414 1580 quem
2445 1509 2617 1564 sancti
2643 1508 2720 1562 illi
2744 1504 2980 1561 Abrahae
3009 1504 3215 1559 similes
3248 1502 3352 1555 viri
3381 1502 3438 1557 in

1871 1603 2057 1659 divino
2088 1604 2237 1658 cultu
2294 1602 2682 1672 sequebantur,
2711 1598 2819 1654 nisi
2870 1597 3031 1668 plane
3074 1594 3208 1664 ipsis
3254 1593 3440 1648 verbis

1872 1695 2255 1767 signiﬁcasset.
2308 1694 2400 1749 ubi
2444 1694 2617 1749 dixit:
2658 1711 2676 1744 ι
2713 1690 2830 1745 Non
2882 1687 3181 1745 secundum
3244 1683 3439 1740 Testa-

1871 1798 2111 1843 mentum
2141 1786 2286 1859 qnod
2314 1784 2531 1841 condidi
2555 1784 2801 1856 patribus
2821 1796 3032 1844 eorum,
3062 1793 3170 1850 quo
3198 1787 3443 1847 tempore

1874 1878 2036 1935 eduxi
2065 1893 2159 1933 eos
2179 1877 2246 1932 de
2275 1884 2422 1931 terra
2453 1874 2669 1947 Egypti
2700 1873 2806 1929 ³⁸».
2828 1869 2971 1941 Ergo
3006 1881 3112 1924 non
3138 1866 3441 1922 secundum

1873 1971 2005 2026 illud
2054 1971 2197 2040 quod
2249 1968 2379 2039 legis
2432 1968 2555 2022 loco
2590 1981 2619 2020 a
2658 1964 2808 2020 Mose
2864 1962 3101 2034 positum
3150 1970 3275 2026 est,
3312 1972 3443 2013 cum

1872 2063 2075 2134 egressi
2132 2067 2279 2124 sunt,
2324 2066 2377 2114 et
2411 2074 2535 2112 cum
2568 2057 2623 2111 in
2651 2056 2869 2111 deserto
2919 2053 3296 2109 morabantur.
3327 2048 3442 2102 No—

1870 2173 1999 2211 vum
2031 2157 2133 2211 hoc
2166 2154 2408 2208 futurum
2459 2150 2761 2221 respondit,
2811 2146 2907 2205 sed
2954 2144 3253 2202 secundum
3306 2140 3443 2197 illud

1872 2246 2144 2309 videlicet,
2169 2245 2313 2315 quod
2348 2243 2539 2314 primis
2560 2239 2900 2309 temporibus
2930 2238 2987 2292 in
3022 2237 3133 2289 vita
3162 2233 3310 2288 civili
3336 2247 3440 2286 se-

1873 2347 2103 2404 ctantes,
2133 2338 2225 2408 qui
2244 2345 2370 2392 ante
2402 2335 2607 2390 Mosem
2645 2332 2969 2394 ﬂoruerunt,
2999 2339 3260 2398 tanquam
3288 2325 3324 2379 ii
3347 2323 3442 2394 qui

1873 2434 2032 2503 plene
2065 2417 2238 2486 ollicio
2294 2445 2394 2484 suo
2424 2426 2596 2482 functi
2639 2431 2855 2487 essent,
2913 2417 3253 2489 comprobati
3290 2426 3438 2472 sunt.

1874 2521 2022 2588 Quas
2050 2520 2268 2591 quidem
2302 2519 2372 2574 ob
2403 2533 2519 2579 res,
2549 2516 2661 2585 jam
2689 2526 2747 2567 tu
2784 2514 2944 2584 plane
2973 2509 3258 2565 conlidens
3286 2513 3440 2577 post—

1874 2614 1997 2677 hac,
2026 2628 2151 2668 cum
2202 2614 2500 2668 sententias
2527 2616 2582 2663 et
2612 2606 2886 2677 proposita
2919 2617 3132 2666 eorum,
3180 2600 3272 2671 qui
3298 2599 3441 2655 divi-

1874 2723 2004 2763 num
2035 2706 2269 2775 aliquem
2302 2704 2505 2758 cultum
2535 2699 2876 2771 proﬁtentur,
2924 2711 3036 2751 non
3066 2696 3119 2748 in
3150 2694 3311 2757 duos,
3343 2692 3441 2747 sed

1874 2801 1930 2854 in
1968 2807 2080 2854 tres
2119 2796 2371 2852 diviseris
2402 2794 2644 2855 ordines,
2676 2804 2846 2845 unum
2876 2802 3064 2843 eorum
3088 2786 3182 2856 qui
3210 2798 3444 2855 prorsus

1874 2891 2184 2947 simulacris
2226 2887 2450 2953 addicti,
2504 2886 2561 2939 in
2603 2883 2898 2938 multorum
2929 2880 3155 2934 deorum
3199 2892 3441 2932 errorem

1874 2982 2195 3039 deciderunt
2226 2998 2240 3034 :
2270 2980 2500 3033 alterum
2553 2990 2765 3035 eorum,
2792 2971 2885 3043 qui
2918 2972 2986 3025 de
3017 2968 3440 3024 circumcisione

1874 3090 1970 3145 per
2001 3072 2203 3128 Mosem
2226 3071 2279 3124 in
2311 3068 2542 3139 primum
2563 3065 2778 3136 pictatis
2794 3061 3018 3133 gradum
3039 3060 3440 3115 ascenderunt:

209 3151 590 3223 διγωγηθεῖσι,
623 3149 717 3203 καὶ
740 3149 838 3218 τὴν
863 3147 1084 3218 πρώτην
1117 3146 1332 3217 ἐντολὴν
1366 3144 1770 3217 κατωρθωκόσι,

1875 3168 2095 3223 tertium
2126 3179 2314 3220 eorum
2338 3201 2352 3225 ,
2387 3165 2478 3232 qui
2515 3172 2828 3229 supremum
2879 3156 3057 3209 locum
3098 3169 3194 3224 per
3236 3152 3442 3207 doctri-

216 3245 480 3317 νομοθετῶ
505 3244 606 3315 τὴν
630 3240 988 3311 τελειοτέραν,
1025 3240 1144 3312 μηδ’
1169 3240 1337 3310 ὀργῆς
1368 3236 1645 3308 ἐνέχεσθαι
1669 3236 1775 3289 πά-

219 3337 291 3391 θει
311 3337 680 3409 προστάττων.
708 3333 819 3386 Kal.
872 3328 1027 3395 αὖθις
1045 3349 1059 3362 °
1104 3332 1161 3384 '0
1190 3331 1287 3400 μὲν
1315 3330 1515 3400 Μωσῆς
1548 3331 1773 3399 μοιχοῖς,

214 3429 299 3482 καὶ
322 3428 638 3490 ἀκολάστοις
669 3424 971 3478 διετάττετο
994 3423 1057 3476 τὸ
1083 3422 1156 3494 μὴ
1186 3420 1474 3492 μοιχεύειν,
1514 3420 1647 3491 μηδὲ
1679 3421 1778 3491 ἀρ-

219 3522 545 3583 σενοκοιτεῖν,
585 3517 719 3589 μηδὲ
758 3514 858 3578 τὰς
898 3512 1048 3585 παρὰ
1100 3513 1259 3582 φύσιν
1309 3510 1500 3582 ἡδονὰς
1539 3508 1773 3571 διώκειν,

218 3609 431 3663 θάνατον
460 3610 562 3679 τὴν
600 3605 867 3677 τιμωρίαν
910 3607 1023 3666 τοῖς
1065 3600 1489 3674 παραϐαίνουσιν
1522 3599 1738 3666 ἐπάγων
1758 3614 1773 3628 ’

218 3700 318 3768 ἐγὼ
342 3701 397 3754 δὲ
428 3700 552 3771 μηδ’
587 3696 877 3768 ἐμϐλέπειν
909 3696 1139 3763 γυναῖκα
1174 3694 1291 3764 μετ’
1320 3680 1607 3761 ἐπιθυμίας
1652 3691 1779 3743 ἀκο-

218 3789 397 3845 λάστου
437 3791 566 3852 τοὺς
609 3789 775 3860 ἐμοὺς
817 3786 1075 3858 βούλομαι
1124 3784 1388 3855 μαθητάς.
1434 3784 1544 3836 Καὶ
1577 3782 1736 3837 πάλιν
1759 3800 1773 3812 ’

228 3882 282 3936 Ὀ
310 3883 402 3953 μὲν
447 3881 651 3949 ἔλεγεν·
691 3897 708 3930 ι
737 3878 849 3931 Οὐκ
879 3877 1250 3950 ἐπιορκήσεις,
1282 3872 1578 3939 ἀποδώσεις
1603 3875 1659 3928 δὲ
1701 3874 1779 3945 τῷ

218 3973 323 4045 Θεῷ
340 3974 467 4037 τούς
501 3973 696 4042 ὅρκους
727 3986 840 4023 σου’
881 3968 990 4038 ἐγὼ
1016 3968 1074 4022 δέ
1121 3967 1262 4037 λέγω
1288 3968 1435 4036 ὐμῖν,
1476 3965 1549 4037 μὴ
1586 3966 1778 4036 ὀμόσαι

216 4066 362 4131 ὅλως,
390 4066 503 4120 ἀλλ’
530 4063 682 4117 ἔσται
718 4064 747 4116 ὀ
770 4062 924 4130 λόγος
945 4059 1097 4131 ὐμῶν
1126 4059 1234 4124 ναὶ,
1255 4057 1342 4112 ναί
1361 4074 1377 4088 ο
1402 4055 1488 4121 οὐ,
1518 4055 1577 4111 οὐ
1604 4074 1617 4088 ο
1636 4057 1696 4110 τὸ
1721 4058 1778 4111 δὲ

218 4160 464 4232 περισσὸν
492 4156 693 4211 τούτων
724 4156 789 4207 ἐκ
815 4151 908 4206 τοῦ
951 4149 1184 4222 πονηροῦ
1223 4152 1356 4203 ἐστι.
1393 4169 1411 4202 ι
1438 4148 1550 4204 Kal.
1576 4148 1737 4202 πάλιν
1759 4166 1773 4179 ο

227 4252 281 4305 ’0
322 4251 419 4322 μὲν
464 4249 592 4311 τοὺς
635 4245 951 4307 ἀδικοῦντας
984 4241 1288 4313 ἀμύνασθαι
1335 4241 1429 4296 καὶ
1472 4241 1779 4294 ἀνταδικεῖν

217 4339 624 4413 παρεκελεύετο,
636 4337 828 4405 λέγων·
842 4353 860 4387 ι
900 4332 1206 4403 Ὀφθαλμὸν
1222 4332 1342 4385 ἀντὶ
1365 4328 1661 4401 ὀφθαλμοῦ,
1686 4330 1781 4383 καὶ

217 4433 393 4488 ὀδόντα
426 4432 552 4486 ἀντὶ
621 4430 829 4492 ὀδόντος
848 4444 861 4457 ·
910 4425 1020 4495 ἐγὼ
1044 4425 1104 4479 δὲ
1138 4424 1280 4493 λέγω
1306 4424 1453 4494 ὑμῖν,
1493 4422 1566 4494 μὴ
1628 4423 1777 4476 ἀντι-

221 4527 399 4597 στῆναι
446 4523 525 4594 τῷ
570 4521 812 4593 πονηρῷ,
856 4519 968 4573 ἀλλ’
998 4520 1146 4580 ὅστις
1184 4533 1241 4569 σε
1278 4514 1492 4587 ῥαπίσει
1539 4514 1633 4567 ἐπὶ
1681 4513 1776 4584 τὴν
1808 4508 1852 4563 D

220 4617 389 4685 δεξιὰν
436 4615 665 4684 σιαγόνα
697 4630 811 4677 σου,
854 4610 1081 4682 στρέψον
1121 4607 1268 4678 αὐτῷ
1306 4607 1400 4660 καὶ
1440 4606 1537 4676 τὴν
1577 4605 1742 4677 ἄλλην
1765 4622 1778 4635 ’

222 4708 307 4762 καὶ
330 4706 408 4778 τῷ
433 4703 641 4759 θέλοντί
671 4720 751 4756 σοι
783 4701 1057 4773 κριθῆναι,
1082 4700 1176 4753 καὶ
1208 4697 1299 4751 τὸν
1340 4695 1542 4768 χιτῶνά
1568 4714 1659 4748 σου
1683 4695 1779 4748 λα-

220 4801 345 4865 δεῖν,
374 4800 511 4868 ἄφες
536 4794 684 4867 αὐτῷ
716 4794 810 4848 καὶ
832 4794 891 4848 τὸ
922 4792 1187 4864 ἱμάτιον.»
1216 4788 1324 4842 Καὶ
1351 4787 1510 4841 πάλιν
1531 4805 1543 4816 ·
1584 4787 1644 4840 Ὀ
1681 4786 1778 4855 μὲν

222 4893 442 4965 παρῄνει
493 4890 585 4944 τὸν
648 4889 744 4960 μὲν
803 4886 952 4955 φίλον
1004 4883 1243 4954 ἀγαπᾷν,
1306 4882 1482 4951 μισεῖν
1541 4879 1597 4932 δὲ
1654 4879 1779 4939 τοὺς

219 4985 434 5057 ἐχθρούς
456 5001 470 5014 ·
516 4980 627 5052 ἐγὼ
653 4979 711 5033 δὲ
749 4977 869 5032 καθ’
902 4975 1205 5048 ὑπερϐολὴν
1249 4970 1655 5042 φιλανθρωπίας
1686 4969 1778 5024 καὶ

223 5074 580 5147 ἀνεξικακίας,
613 5072 834 5142 ἀγαπᾷν
881 5069 1007 5131 τοὺς
1048 5065 1274 5137 ἐχθροὺς
1308 5063 1438 5135 ὑμῖν
1487 5059 1780 5133 νομοθετῶ.

222 5171 307 5225 καὶ
333 5162 731 5241 προσεύχεσθαι
769 5160 908 5232 ὑπὲρ
951 5157 1060 5210 τῶν
1088 5154 1409 5219 διωκόντων,
1440 5153 1587 5215 ὅπως
1625 5150 1786 5221 γένη-

228 5260 308 5315 σθε
335 5260 439 5313 υἱοὶ
468 5257 564 5311 τοῦ
594 5252 810 5325 Πατρὸς
830 5249 983 5322 ὑμῶν
1014 5247 1108 5302 τοῦ
1138 5249 1193 5299 ὲν
1221 5246 1489 5318 οὐρανοῖς,
1521 5244 1668 5307 ὅστις
1694 5244 1784 5296 τὸν

224 5351 357 5424 ἥλιον
391 5349 683 5406 ἀνατέλλει
716 5346 808 5405 ἐπὶ
838 5340 1106 5411 πονηροὺς
1127 5340 1220 5393 καὶ
1241 5337 1507 5408 ἀγαθοὺς,
1535 5336 1630 5389 καὶ
1663 5334 1784 5407 βρέ-

225 5460 297 5512 χει
352 5444 441 5496 imi
483 5432 731 5501 δικαίους
776 5434 866 5488 καὶ
898 5433 1135 5494 ἀδίκους.
1183 5429 1292 5483 Καὶ
1330 5429 1422 5483 ἐπὶ
1442 5428 1649 5491 τούτοις
1671 5444 1684 5458 ·
1723 5429 1779 5481 ’0

1873 3276 1999 3317 nam
2044 3257 2411 3329 evangelicam
2461 3253 2764 3308 obtinuere.
2798 3248 2864 3301 Et
2901 3248 3047 3302 hunc
3093 3245 3336 3316 quidem,
3391 3243 3441 3298 si

1875 3351 2111 3406 medium
2154 3349 2386 3402 duorum
2442 3339 2816 3401 constitueris,
2863 3353 2933 3391 ne
2965 3343 3155 3407 putato
3209 3334 3443 3404 amplius

1874 3458 1990 3509 eos,
2022 3440 2114 3510 qui
2148 3455 2178 3494 a
2204 3437 2405 3493 Iudaeis
2433 3431 2736 3493 discedant,
2779 3429 2834 3482 in
2859 3427 3078 3482 Gragcos
3122 3426 3261 3481 ritus
3291 3440 3445 3495 opor-

1874 3546 1993 3591 tere
2022 3534 2131 3588 ullo
2154 3532 2313 3586 modo
2349 3528 2613 3589 recidere,
2648 3539 2822 3594 neque
2844 3524 2937 3593 qui
2967 3538 2997 3576 a
3028 3520 3231 3574 Graecis
3264 3517 3442 3572 abdu-

1876 3635 2090 3691 cantur,
2138 3625 2354 3679 Judaios
2412 3620 2527 3674 ﬁeri
2570 3615 2918 3677 necessario,
2953 3611 3047 3668 sed
3077 3611 3170 3665 ubi
3219 3609 3444 3663 tertium

1877 3718 2175 3788 acceperis,
2203 3725 2256 3770 et
2283 3713 2465 3769 medio
2496 3712 2621 3765 loco
2680 3706 3054 3766 constitueris,
3114 3701 3444 3757 eminentem

1877 3824 2151 3881 supraque
2183 3808 2323 3861 alios
2344 3809 2649 3860 exstantem
2681 3798 2959 3860 invenies,
2994 3801 3050 3850 et
3088 3792 3245 3864 quasi
3278 3805 3446 3860 super

1878 3903 2181 3961 celsissima
2210 3896 2442 3970 quadam
2474 3894 2697 3966 specula
2747 3890 3036 3947 sublimem
3094 3884 3443 3943 collocatum,

1877 3997 2119 4066 reliquos
2150 3993 2287 4047 duos
2318 3989 2549 4044 inferius
2581 3986 2839 4055 utrinque
2880 3981 3182 4050 despicere.
3246 3973 3447 4044 Eli‘ugit

1877 4090 2021 4146 enim
2045 4094 2097 4142 et
2122 4083 2431 4139 Griecorum
2463 4078 2703 4148 impiam,
2737 4083 2899 4143 atque
2920 4068 3199 4126 erroribus
3230 4066 3445 4136 plenam

1880 4176 2325 4249 superstitionem
2359 4212 2377 4236 ,
2423 4170 2829 4236 dissolutasque
2891 4162 3307 4222 fornicationes,
3354 4163 3444 4212 at-

1879 4247 1985 4341 que
2011 4267 2327 4324 insolentias
2353 4282 2367 4317 :
2414 4269 2467 4318 et
2495 4259 2804 4315 Iudaeorum
2849 4254 3059 4317 itidem,
3095 4266 3216 4322 qua:
3241 4265 3272 4304 a
3297 4247 3446 4303 Mosa

1879 4361 2121 4433 perfecta
2148 4364 2253 4422 est,
2302 4353 2675 4424 imperfectam
2706 4361 2756 4404 et
2797 4345 2955 4417 quasi
2996 4342 3240 4413 parvulis
3281 4351 3448 4409 atque

1882 4453 2114 4511 inﬁrmis
2136 4447 2597 4504 accommodatam
2629 4439 3054 4497 observantiam.
3081 4433 3445 4489 Domesticam

1883 4563 2065 4622 porro,
2098 4555 2261 4615 atque
2283 4543 2350 4595 ab
2378 4540 2533 4594 initio
2554 4535 2830 4607 prepriam
2861 4546 2969 4586 non
3010 4530 3187 4584 solum
3217 4525 3442 4587 Judaeis,

1879 4616 1976 4700 sed
1996 4649 2050 4697 et
2078 4637 2303 4702 Graecis,
2333 4644 2387 4689 et
2413 4629 2685 4692 barbaris,
2737 4633 2791 4682 et
2816 4635 3153 4694 quaecunque
3181 4617 3282 4672 sub
3330 4616 3447 4670 sole

1878 4741 2030 4797 sunt,
2066 4730 2319 4802 gentibus
2370 4725 2672 4780 inclamans
2710 4719 2899 4787 legem,
2936 4712 3059 4767 vide
3096 4708 3228 4780 quid
3253 4707 3439 4762 dicat:

1879 4827 1924 4883 Ο
1975 4827 2161 4887 homo,
2218 4830 2273 4877 et
2330 4820 2645 4874 universum
2706 4807 3015 4865 mortalium
3093 4814 3284 4873 genus,
3337 4796 3444 4866 23

1878 4916 2043 4973 Musis
2090 4913 2309 4985 quidem
2376 4910 2463 4964 lex
2524 4906 2590 4960 ab
2626 4918 2733 4957 uno
2773 4912 2972 4971 genere
3028 4893 3307 4949 hominum
3360 4890 3447 4942 in—

1880 5008 2109 5077 ctpiens,
2140 5003 2383 5059 omnium
2429 4998 2665 5070 primum
2711 4991 3021 5048 Iudaeorum
3065 4997 3258 5055 genus,
3299 4978 3445 5033 illius

1881 5094 2261 5168 promissionis
2318 5093 2512 5163 gratia,
2543 5102 2663 5159 quae
2718 5084 2785 5139 ad
2829 5081 2948 5151 pios
2988 5076 3191 5144 Deique
3237 5069 3445 5124 amicos

1881 5159 2120 5259 ipsorum
2154 5159 2366 5257 patres,
2400 5183 2541 5236 facta
2591 5187 2693 5241 est,
2728 5175 2795 5230 ad
2833 5172 2995 5228 unius
3035 5165 3130 5221 Dei
3173 5159 3446 5259 cognitio-

1877 5248 2001 5337 nem
2047 5248 2360 5346 cultumque
2404 5271 2653 5330 vocabat,
2698 5273 2758 5320 ut
2803 5264 2947 5317 dicto
3003 5254 3318 5314 audientes,
3377 5248 3448 5303 ab

1880 5370 2207 5429 intolerabili
2236 5342 2540 5422 daemonum
2566 5354 2854 5431 tyrannide
2889 5351 3164 5405 liberaret.
3195 5342 3308 5414 Ego
3347 5356 3448 5395 au-

1882 5478 1991 5525 tem
2042 5466 2295 5521 omnibus
2336 5457 2668 5519 hominibus,
2703 5460 2904 5521 etquae
2933 5445 3136 5514 ubique
3179 5448 3448 5493 terrarum

229 5534 312 5603 μὲν
338 5535 469 5606 πρὸς
507 5531 610 5603 τὴν
649 5527 762 5582 τῶν
807 5524 1016 5579 πολλῶν
1062 5521 1321 5592 σκληρὶαν
1357 5518 1644 5591 ἡρμόζετο,
1685 5516 1775 5570 καὶ

1883 5566 2032 5626 sunt,
2064 5557 2315 5630 gentibus
2375 5548 2661 5610 sublimius
2708 5516 3023 5616 provectam
3062 5533 3157 5589 Dei
3190 5525 3449 5602 cognitio-

222 5629 315 5693 τοῖς
341 5625 616 5701 ὲμπαθέσι
658 5617 971 5690 κατάλληλα
1010 5614 1336 5676 διετάττετο,
1380 5609 1775 5682 ἐξηλλαγμένον

272 5814 314 5845 ⁸⁸
337 5811 543 5870 Jerem.
580 5820 743 5862 nm.
776 5799 863 5865 31,
890 5800 977 5857 5‘2.
1052 5798 1100 5832 "
1123 5794 1253 5851 ibid.
1288 5794 1376 5850 32.
