3942 6258
501 353 576 419 61
1133 360 1402 419 EUSEBII
1437 348 1914 418 ΕλΕΞΑῐῖΙΕΝΞΙΞ
1951 357 2062 415 01⁵1

2164 353 2320 410 mas
2355 353 2422 411 ιι.
2462 385 2530 395 -
2577 326 3077 412 APOLDGETICA.
3661 352 3731 408 ss

501 493 645 540 nem,
674 483 727 532 et
767 478 1020 548 pietatem
1055 485 1373 547 apportans,
1409 485 1471 532 ut
1502 477 1568 531 ad
1593 475 1833 547 regulam
1856 488 2062 538 eorum,

2171 469 2265 522 καὶ
2295 466 2666 537 ὑποϐεϐηκότα
2711 466 2863 537 παρὰ
2901 465 2992 520 τὸν
3024 467 3251 520 παλαιον
3275 466 3471 538 τρόπον
3502 466 3732 534 παραδι-

501 567 593 635 qui
624 582 748 620 cum
773 567 1043 621 Abraham
1072 567 1343 628 vixerunt,
1369 565 1568 635 quique
1596 574 1722 619 ante
1749 561 1911 617 Mosis
1936 569 2066 616 asta-

502 667 609 711 tem
653 659 928 727 degentes,
977 658 1096 727 ipso
1145 672 1360 728 quoque
1385 656 1690 710 Abrahamo
1733 654 2063 724 antiquiores

500 751 777 812 exstitere,
805 751 928 803 vita:
962 764 1074 804 sua:
1104 750 1454 804 moderentur
1473 747 1753 810 adhortor,
1787 748 1838 800 in
1867 745 2065 815 quibus

499 843 571 896 ab
599 843 837 898 externis
878 841 1132 911 gentibus
1160 838 1411 910 profecti,
1447 839 1540 908 qui
1569 837 1637 892 de
1666 837 1824 891 laude
1849 836 2066 906 pietatis

499 933 727 1000 gloriam
760 931 939 1004 adepti
956 937 1102 993 sunt,
1122 929 1306 999 plures
1326 935 1716 984 memorantur.
1746 927 1811 979 Et
1831 941 2023 981 rursus
2049 945 2064 980 :

500 1021 666 1077 Mosis
699 1022 916 1091 quidem
965 1021 1072 1085 lex,
1116 1019 1170 1073 in
1211 1035 1380 1074 unum
1421 1027 1578 1074 terra:
1602 1027 1811 1072 certum
1843 1031 1906 1071 ae
1934 1016 2068 1071 (Ιοῦ-

497 1106 670 1168 nilum
713 1114 913 1176 locum,
943 1127 1036 1168 eos
1085 1112 1180 1181 qui
1223 1110 1499 1183 religionis
1543 1108 1880 1180 propositum
1917 1122 2066 1161 com-

498 1207 642 1276 plexi
664 1213 864 1269 essent,
887 1220 953 1259 ex
977 1204 1098 1259 aliis
1130 1203 1386 1259 omnibus
1416 1203 1550 1258 locis
1577 1201 2061 1272 currerejubebat:

496 1312 597 1368 ego
657 1305 837 1350 autem
879 1295 1186 1350 condonata
1233 1295 1486 1350 omnibus
1535 1295 1805 1358 libertate,
1846 1307 1956 1347 non
2009 1293 2064 1346 in

496 1385 732 1456 quodam
763 1396 917 1441 terra:
945 1386 1163 1456 angulo,
1194 1400 1370 1456 neque
1398 1385 1453 1439 in
1483 1385 1780 1450 montibus,
1813 1390 1907 1437 aut
1945 1385 2066 1454 qui-

495 1478 728 1534 busdam
778 1493 942 1532 manu
989 1477 1146 1533 factis
1184 1478 1422 1549 templis,
1463 1477 1632 1533 Deum
1677 1491 1938 1548 quazrere,
1970 1477 2066 1533 sed

495 1571 642 1628 domi
662 1586 772 1625 suae
792 1584 1228 1639 unumquemque
1248 1570 1396 1623 illum
1428 1570 1606 1624 colere
1639 1579 1801 1640 atque
1835 1568 2064 1624 adorare

495 1663 772 1733 pracipio.
820 1661 885 1714 Et
923 1677 1118 1717 rursus
1146 1679 1157 1714 :
1185 1659 1352 1716 Vetus
1374 1661 1590 1731 quidem
1633 1661 1740 1725 lex',
1781 1661 2063 1717 sacriﬁciis

494 1763 552 1809 et
600 1754 913 1808 animalium
966 1752 1224 1818 caadibus,
1261 1753 1529 1822 thureque
1573 1760 1626 1808 et
1669 1753 1810 1824 igne,
1845 1761 1898 1808 et
1943 1753 2064 1806 aliis

2163 560 2286 624 δοὺς
2330 559 2608 622 εὐσεϐείας
2631 577 2644 588 ·
2681 558 2790 628 ἐγὼ
2823 559 2880 612 δὲ
2921 559 3013 611 ἐπὶ
3043 559 3134 612 τὸν
3163 558 3436 630 πρόπαλαι
3477 558 3733 626 θεοφιλῶν

2166 651 2373 724 ἀνδρῶν
2423 652 2616 722 εὐσεϐῆ
2651 652 2743 704 καὶ
2783 650 3002 721 θεοφιλῆ
3047 651 3158 721 βίον
3193 651 3563 721 ἀνακαλοῦμαι
3609 650 3736 711 τοὺς

2165 746 2390 808 πάντας.
2426 743 2537 796 Kal.
2583 743 2666 811 ἐφ’
2701 743 2900 797 ἅπασιν
2924 759 2937 772 ·
2976 746 3004 796 6
3056 743 3153 814 μὲν
3195 743 3297 813 γῆν
3331 743 3558 813 ῥέουσαν
3594 739 3736 810 γάλα

2165 835 2261 889 καὶ
2289 834 2426 906 μέλι,
2447 830 2536 887 οἷα
2564 833 3180 906 νηπίοις,,ὲπηγγέλλετο
3199 851 3211 864 ·
3240 833 3350 902 ἐγὼ
3375 833 3430 886 δὲ
3460 832 3736 903 βασιλείαν

2165 927 2407 999 οὐρανῶν
2432 928 2543 988 τοῖς
2586 925 2716 988 οἵοις
2759 941 2818 979 τε
2867 928 3063 997 χωρεῖν
3103 925 3365 997 προξενῶ.
3405 925 3590 979 Ταῦτα
3639 925 3734 978 καὶ

2164 1018 2234 1071 τὰ
2277 1014 2518 1078 τοιαῦτα,
2562 1017 2590 1068 6
2633 1015 2730 1085 τῆς
2757 999 3271 1087 ΚαινῆςΔιαθήκης
3305 1015 3460 1084 λόγος
3503 1015 3589 1068 διὰ
3639 1016 3737 1087 τῆς

2168 1109 2405 1181 Χριστοῦ
2448 1108 2792 1172 διδασκαλίας
2841 1111 2973 1162 πᾶσι
3015 1108 3340 1179 κατήγγειλε
3382 1113 3493 1172 τοῖς
3536 1107 3732 1162 ἔθνεσι.

2165 1202 2276 1254 Καὶ
2302 1200 2470 1254 ταῦτα
2491 1197 2580 1272 ἦν,
2617 1201 2652 1255 ἃ
2681 1205 2793 1265 τοῖς
2833 1200 2996 1254 αὑτοῦ
3029 1201 3293 1272 μαθηταῖς
3325 1202 3354 1252 6
3379 1199 3611 1271 Χριστὸς
3639 1198 3736 1253 τοῦ

2164 1293 2300 1346 Θεοῦ
2343 1296 2475 1346 πᾶσι
2521 1297 2633 1356 τοῖς
2679 1292 2854 1346 ἔθνεσι
2905 1293 3288 1361 καταγγέλλειν
3334 1292 3583 1365 παρῄνει,
3627 1281 3734 1366 φῆσ-

2167 1403 2299 1450 σας·
2354 1404 2372 1438 ι
2419 1385 2781 1458 Πορευθέντες
2828 1385 3198 1457 μαθητεύσατε
3245 1385 3422 1438 πάντα
3471 1384 3539 1437 τὰ
3568 1383 3722 1457 ἔθνη,

2163 1482 2503 1547 διδάσκοντες
2546 1483 2739 1546 αὐτοὺς
2781 1487 2967 1554 τηρεῖν
3016 1483 3191 1536 πάντα
3238 1484 3337 1536 ὅσα
3380 1481 3736 1553 ἐνετειλάμην

2167 1571 2294 1642 ὑμῖν
2320 1588 2332 1602 ·
2367 1591 2385 1623 ι
2414 1572 2448 1626 δι
2476 1574 2568 1625 καὶ
2592 1574 2754 1626 πᾶσιν
2779 1571 3104 1644 ἀνθρώποις,
3136 1572 3355 1643 Ἕλλησί
3384 1590 3440 1625 τε
3468 1573 3560 1626 καὶ
3605 1572 3736 1642 βαρ-

2165 1662 2352 1734 ϐάροις
2379 1663 2664 1732 φυλάττειν
2683 1662 3023 1733 παραδιδοὺς,
3053 1662 3262 1731 σαφῶς,
3290 1663 3343 1715 τί
3371 1663 3499 1715 ποτέ
3530 1663 3678 1714 ἐστιν
3705 1665 3734 1716 ὁ

2165 1754 2610 1825 Χριστιανισμὸς,
2641 1753 2886 1825 ἐξέφηνε,
2914 1753 3052 1818 τίνες
3085 1754 3325 1826 θ’ἡμεῖς,
3360 1757 3452 1807 καὶ
3485 1756 3665 1818 ὁποῖος
3703 1756 3736 1808 ὁ

492 1842 818 1914 quibusdam
849 1842 1092 1912 ejusdem
1125 1843 1340 1913 generis
1356 1844 1776 1914 purgationibus
1796 1845 2060 1914 corporis,

2164 1846 2272 1914 τῶν
2311 1846 2530 1900 τοιῶνδε
2571 1846 2742 1914 λόγων
2779 1864 2838 1899 τε
2881 1847 2973 1900 κοιλ⁸
3019 1848 3354 1919 μαθημάτων
3398 1846 3731 1913 διδάσκαλος,

493 1955 764 1995 summum
798 1936 967 1992 Deum
997 1937 1176 1993 colere
1218 1938 1539 1992 hortabatur
1573 1958 1584 1993 :
1617 1955 1718 2010 ego
1759 1946 1937 1995 autem
1971 1955 2061 1995 sa-

492 2049 586 2087 cra
637 2033 832 2088 anima:
873 2031 1115 2096 tradens,
1178 2039 1359 2087 mente
1411 2032 1723 2102 purissima,
1774 2032 2064 2102 animoque

491 2125 843 2191 nitidissima,
884 2140 1006 2178 cum
1049 2123 1316 2178 modestia
1364 2125 1735 2194 virtutumque
1774 2126 2059 2181 seetatrice

491 2218 623 2280 vita,
655 2218 928 2286 rectisque
961 2215 1270 2278 sententiis,
1293 2221 1346 2270 et
1369 2214 1626 2285 pietatem
1655 2230 1765 2286 prae
1795 2210 1853 2270 se
1885 2214 2062 2270 feren-

492 2307 660 2371 tibus,
675 2306 1011 2361 divinitatem
1026 2305 1276 2361 venerari
1305 2305 1529 2374 impero.
1546 2303 1611 2357 Et
1632 2320 1822 2359 rursus
1844 2323 1856 2358 :
1882 2304 2058 2360 Moses

492 2398 710 2470 quidem
738 2399 953 2454 illorum
993 2405 1298 2468 temporum
1328 2397 1660 2460 hominibus,
1692 2398 1848 2468 quasi
1878 2398 1944 2453 iis
1962 2399 2057 2468 qui

490 2490 1022 2561 caedibusinquinari
1044 2491 1189 2546 soliti
1213 2497 1417 2552 essent,
1432 2505 1539 2543 non
1565 2489 1814 2545 occidere
1832 2491 2060 2559 impera-

491 2584 736 2654 batzego
763 2591 942 2638 autem
986 2583 1073 2646 iis,
1116 2583 1209 2652 qui
1238 2581 1342 2635 hoc
1374 2581 1549 2650 ipsum
1581 2589 1739 2636 antea
1765 2576 2060 2635 didicerint

490 2685 546 2733 et
559 2679 729 2746 primo
743 2676 817 2729 illi
835 2683 1100 2744 prmcepto
1113 2672 1502 2736 satisfecerint,
1519 2675 1745 2728 alterum
1763 2672 2064 2742 perfectius

492 2766 741 2836 impono,
775 2774 935 2834 atque
964 2772 1023 2818 ut
1051 2779 1118 2818 ne
1149 2763 1242 2816 ira:
1274 2763 1489 2832 quidem
1516 2764 1924 2834 perturbatione
1949 2765 2066 2818 vin-

489 2864 705 2920 cantur,
723 2856 1000 2926 praacipio.
1019 2855 1079 2909 Et
1097 2869 1324 2910 rursus:
1361 2855 1539 2911 Moses
1555 2856 1772 2926 quidem
1804 2855 2063 2910 adulteris

488 2947 878 3017 dissolutisque
908 2945 1222 3001 hominibus
1241 2947 1410 3015 legem
1428 2946 1610 3017 posuit
1636 2962 1745 3001 non
1770 2947 2060 3012 moechari,

488 3041 731 3095 maribus
778 3055 888 3094 non
937 3038 1179 3102 misceri,
1220 3039 1526 3109 voluptates
1585 3049 1782 3110 praeter
1809 3047 2063 3094 naturam

489 3148 601 3187 non
655 3132 874 3196 sectari,
933 3139 987 3186 et
1038 3130 1365 3200 supplicium
1421 3130 1616 3187 mortis
1660 3131 1751 3190 iis.
1801 3131 1896 3202 qui
1952 3146 2063 3185 non

2163 1938 2325 2001 αὐτὸς
2354 1940 2382 1991 ὁ
2415 1937 2603 2010 Σωτὴρ
2629 1939 2722 1992 καὶ
2765 1939 2966 2010 Κύριος
2994 1939 3149 2009 ἡμῶν
3195 1939 3398 2011 Ἰησοῦς
3442 1943 3470 1994 6
3499 1942 3732 2013 Χριστὸς
3786 2000 3796 2016 ,ν

2161 2028 2256 2082 τοῦ
2294 2029 2450 2092 Θεοῦ,
2474 2034 2502 2084 6
2529 2030 2626 2101 τὴν
2655 2029 2844 2100 καινὴν
2881 2030 3084 2102 ταύτην
3113 2032 3206 2086 καὶ
3246 2033 3547 2105 πανάρετον
3578 2035 3730 2087 πολι-
3776 2020 3782 2032 ’

2162 2120 2313 2174 τείαν
2337 2121 2458 2174 καθ’
2481 2121 2601 2174 ὅλου
2627 2123 2719 2176 τοῦ
2747 2125 2950 2195 κόσμου
2989 2126 3421 2196 συστησάμενος·
3455 2128 3594 2181 ὣστε
3623 2145 3736 2181 τοι-

2162 2211 2302 2266 αὕτα
2339 2214 2648 2284 μανθάνειν,
2698 2217 2788 2269 καὶ
2831 2217 3134 2286 φιλοσοφεῖν
3187 2218 3260 2290 μὴ
3309 2219 3467 2290 μόνον
3509 2217 3731 2289 ἄνδρας,

2164 2303 2297 2358 ἀλλὰ
2342 2306 2435 2358 καὶ
2481 2309 2762 2374 γυναῖκας,
2799 2309 3086 2373 πλουσίους
3125 2327 3186 2362 τε
3219 2311 3312 2362 καὶ
3353 2311 3609 2380 πένητας,
3637 2311 3736 2364 καὶ

2161 2395 2380 2459 δούλους
2405 2397 2521 2467 ἅμα
2567 2398 2874 2463 δεσπόταις.
2904 2401 3012 2454 Καὶ
3048 2401 3153 2472 μὴν
3183 2403 3210 2454 6
3246 2401 3346 2469 τῆς
3386 2403 3578 2473 καινῆς
3603 2402 3737 2455 ταὺ-

2163 2505 2261 2557 της
2294 2488 2613 2558 νομοθεσίας
2639 2491 2997 2558 εἰσάγω-τεὺς,
3032 2490 3100 2543 τὰ
3130 2492 3304 2545 πάντα
3329 2491 3470 2545 κατὰ
3496 2492 3586 2560 τὸν
3611 2493 3739 2544 Μω-

2166 2578 2306 2642 σέως
2353 2579 2513 2650 νόμον
2563 2581 2811 2650 εἰσῆκται
2853 2581 3338 2653 πεπολιτευμένος·
3382 2583 3410 2636 ὃ
3460 2585 3553 2636 καὶ
3599 2581 3738 2637 αὐτὸ

2165 2669 2459 2740 θαυμάζειν
2491 2670 2657 2734 ἄξιον,
2700 2672 2782 2724 ὅτι
2826 2672 2911 2743 δὴ,
2957 2673 3083 2737 νέας
3127 2673 3396 2739 πολιτείας
3438 2675 3737 2747 νομοθέτης

2167 2761 2374 2832 μέλλων
2413 2763 2850 2834 καταστήσεσθαι
2887 2765 2986 2835 τῆς
3017 2765 3157 2819 κατὰ
3199 2766 3259 2820 τὸ
3291 2767 3602 2836 εὐαγγέλιον
3633 2768 3737 2820 αὑ-

2163 2852 2256 2905 τοῦ
2302 2855 2508 2926 Καινῆς
2537 2855 2825 2927 Διαθήκης,
2859 2858 2954 2928 οὐχ
2986 2858 3060 2922 ὠς
3092 2860 3258 2930 ἐχθρὰ
3290 2862 3382 2915 καὶ
3416 2861 3631 2916 ἐναντία
3661 2861 3736 2915 τά

2163 2945 2403 3010 Μωσέως
2438 2949 2805 3020 παρῃτήσατο.
2837 2945 2911 3003 Ἦ
2955 2951 3060 3023 γὰρ
3103 2953 3169 3006 ἂν
3199 2953 3456 3026 ἐνομίσθη
3521 2954 3589 3007 τὰ
3635 2971 3739 3008 πο-

2166 3036 2326 3107 λέμια
2357 3039 2544 3092 Μωσεί
2586 3039 2979 3108 διατάττεσθαι,
3027 3042 3167 3098 οὕτω
3228 3063 3288 3098 τε
3326 3045 3392 3100 ἃν
3433 3047 3526 3101 καὶ¹
3587 3063 3737 3119 παρ-

2165 3129 2293 3200 ἑσχε
2345 3132 2440 3203 τῆς
2495 3133 2634 3186 κατὰ
2675 3135 2922 3198 Μωσέως
2970 3137 3062 3190 καὶ
3113 3137 3220 3192 τῶν
3274 3141 3565 3214 προφητῶν
3619 3144 3737 3206 τοῖς

487 3227 989 3297 obtemperassent,
1025 3197 1272 3293 adjunxit
1300 3242 1312 3277 :
1344 3238 1445 3294 ego
1479 3232 1658 3278 autem
1707 3197 1860 3279 meos
1894 3222 2061 3278 disci-

2168 3197 2347 3286 ἀθέοις
2397 3197 2748 3295 Ἷαίρεσιώταις
2797 3226 3051 3298 πλείστης
3095 3197 3405 3302 δυσφημίας
3444 3197 3734 3298 ’ὑπόθεσινζ

487 3321 646 3391 pulos
689 3321 812 3374 volo
860 3333 928 3372 ne
978 3315 1177 3370 intueri
1219 3315 1436 3384 quidem
1478 3315 1760 3370 mulierem
1807 3329 1930 3368 cum
1967 3329 2063 3384 pe-

493 3408 694 3464 tulanti
743 3407 1057 3478 cupiditate.
1105 3403 1172 3458 Et
1204 3419 1398 3460 rursus
1433 3424 1444 3458 :
1490 3404 1583 3459 llle
1622 3403 1840 3474 quidem
1881 3402 2059 3457 dixit:

493 3519 514 3553 ι
554 3501 671 3555 Non
703 3499 990 3571 pejerabis,
1023 3497 1118 3554 sed
1148 3497 1346 3552 reddes
1380 3495 1490 3551 Deo
1521 3511 1643 3566 qua:
1673 3496 1890 3566 juratus
1942 3494 2061 3550 lue—

485 3595 565 3650 ris
611 3612 627 3649 :
673 3609 773 3665 ego
802 3600 981 3646 autem
1009 3591 1133 3646 dico
1161 3589 1338 3654 vobis,
1394 3603 1496 3644 non
1552 3588 1742 3658 jurare
1807 3587 2058 3651 omnino,

2169 3314 2280 3376 τοῖς
2328 3330 2386 3365 τε
2434 3315 2498 3366 ἐκ
2548 3317 2846 3388 περιτομῆς
2877 3318 3094 3388 εὔλογον
3139 3323 3238 3394 τῆς
3283 3326 3401 3378 κατ’
3433 3327 3594 3381 αὐτοῦ
3639 3346 3738 3383 συ-

2170 3404 2366 3474 σκευῆς
2390 3405 2587 3472 αἰτίαν,
2616 3407 2666 3460 οἳ
2695 3407 2778 3479 δὴ,
2806 3407 2880 3472 ὡς
2909 3411 3196 3487 παραϐάτῃ
3225 3416 3318 3468 καὶ
3340 3417 3614 3490 ἀποστάτῃ
3637 3419 3735 3474 τοῦ

2169 3496 2354 3567 νόμου,
2401 3497 2498 3568 τὴν
2520 3499 2656 3570 πρὸς
2683 3500 2907 3557 θάνατον
2923 3505 3210 3580 ἐπιϐουλὴν
3237 3510 3386 3581 αὑτῷ
3410 3515 3739 3570 συνεσκευά-

2171 3605 2352 3642 σαντο.

486 3689 583 3745 sed
622 3685 726 3742 erit
764 3701 943 3743 sermo
985 3694 1163 3739 vester
1204 3701 1218 3737 :
1258 3690 1362 3746 est,
1414 3688 1500 3737 est
1529 3699 1542 3736 :
1570 3696 1701 3746 non,
1752 3695 1897 3734 non:
1928 3681 2070 3749 quod
2107 3679 2288 3735 autem
2329 3680 2416 3738 his
2448 3682 2812 3744 abundantius
2857 3695 2961 3753 est,
3011 3705 3041 3745 a
3073 3693 3213 3748 malo
3243 3704 3326 3751 est
3353 3697 3418 3750 ".
3457 3715 3476 3750 ι
3523 3697 3586 3753 Et
3605 3715 3737 3756 rur-

485 3798 583 3838 sus
617 3801 629 3836 :
663 3781 756 3836 llle
809 3779 1027 3850 quidem
1073 3777 1304 3848 injurias
1353 3776 1586 3840 ulcisci,
1641 3783 1694 3830 et
1761 3773 2118 3831 inferentibus
2170 3776 2388 3832 easdem
2437 3777 2642 3837 referre
2701 3779 3024 3840 hortabatur
3055 3824 3070 3849 ,
3119 3787 3306 3845 dicens
3361 3809 3374 3845 :
3440 3810 3459 3844 ι
3499 3792 3734 3854 Oculum

483 3894 586 3948 pro
611 3877 788 3943 oculo,
810 3883 864 3931 et
899 3876 1112 3930 dentem
1137 3887 1236 3944 pro
1255 3873 1448 3928 dente:
1500 3870 1608 3942 24
1625 3885 1723 3942 ego
1739 3879 1917 3926 autem
1939 3869 2062 3926 dico
2098 3872 2273 3936 vobis,
2334 3889 2442 3928 non
2502 3876 2758 3933 resistere
2821 3881 2982 3945 malo,
3019 3883 3112 3938 sed
3144 3884 3188 3940 si
3219 3886 3339 3955 quis
3361 3893 3415 3942 te
3442 3903 3735 3958 percusse-

490 3969 562 4024 rit
586 3969 642 4023 in
671 3969 950 4023 dexteram
983 3965 1255 4020 maxillam
1282 3971 1453 4027 tuam,
1483 3963 1784 4018 convertite
1804 3963 1870 4017 ad
1894 3962 2043 4016 illum
2084 3972 2138 4018 et
2168 3965 2389 4019 alteram
2421 3983 2434 4019 :
2463 3974 2516 4021 ct
2565 3968 2657 4036 qui
2711 3970 2839 4024 velit
2879 3979 3054 4027 tecum
3117 3975 3321 4045 judicio
3371 3982 3727 4049 contendere,

486 4074 544 4119 et
576 4064 816 4118 tunicam
856 4069 1004 4114 tuam
1042 4061 1254 4124 tollere,
1303 4057 1512 4112 dimitte
1567 4056 1614 4111 ei
1646 4064 1700 4112 et
1735 4056 1956 4127 pallium
1981 4057 2024 4089 ⁸⁷
2069 4075 2087 4109 ι
2134 4055 2199 4111 Ει
2246 4073 2440 4112 rursus
2473 4076 2486 4111 :
2519 4059 2612 4115 llle
2655 4061 2872 4131 quidem
2929 4063 3156 4122 docebat
3192 4069 3426 4125 amicum
3475 4073 3730 4145 diligere,

486 4165 541 4215 et
564 4157 813 4211 inimicos
836 4153 1092 4210 insectari
1126 4153 1296 4207 odio:
1357 4166 1457 4222 ego
1515 4158 1693 4206 autem
1753 4166 1819 4206 ex
1872 4150 2202 4206 abundantia
2259 4151 2610 4209 humanitatis
2646 4162 2700 4210 et
2743 4155 3058 4224 clementiae,
3115 4167 3174 4214 ut
3219 4162 3470 4219 inimicos
3511 4175 3732 4222 vestros

488 4253 746 4324 diligatis,
782 4260 835 4306 et
868 4267 966 4322 pro
1009 4248 1459 4322 persequentibus
1500 4263 1595 4302 vos
1646 4248 1834 4312 oretis,
1880 4247 2051 4316 legem
2089 4246 2245 4300 vobis
2271 4261 2436 4316 pono,
2473 4265 2492 4299 ι
2529 4256 2590 4302 ut
2621 4249 2741 4306 sitis
2772 4251 2865 4306 ﬁlii
2891 4249 3070 4309 Patris
3113 4256 3302 4322 vestri,
3348 4257 3442 4327 qui
3478 4258 3530 4312 in
3566 4261 3729 4314 ccelis

487 4348 700 4417 est,qui
725 4346 890 4400 Solem
909 4359 1068 4400 suum
1095 4344 1224 4397 oriri
1255 4343 1381 4396 facit
1401 4357 1563 4413 super
1584 4343 1754 4397 bonos"
1777 4348 1830 4396 et
1878 4340 2070 4404 malos,
2107 4340 2326 4422 etpluit
2353 4355 2516 4411 super
2539 4341 2716 4411 justos
2765 4347 2819 4398 et
2865 4343 3188 4416 injustos”.
3227 4365 3248 4401 ι
3285 4348 3366 4402 Ad
3411 4350 3525 4406 hac
3573 4371 3587 4407 :
3630 4355 3730 4410 Ille

486 4441 704 4512 quidem
735 4455 792 4495 se
822 4439 887 4493 ad
921 4436 1214 4493 multorum
1269 4438 1520 4492 duritiam
1577 4435 2038 4500 accommodabat,
2079 4443 2132 4491 et
2179 4436 2244 4491 iis
2291 4445 2436 4507 apta,
2472 4437 2562 4508 qui
2595 4440 3094 4509 perturbationibus
3143 4445 3287 4514 pleni
3326 4455 3527 4513 essent,
3583 4465 3729 4518 prm-

486 4536 742 4609 cipiebat,
793 4544 955 4608 atque
1000 4536 1342 4590 immutatum
1369 4533 1654 4604 quemdam
1691 4547 1720 4586 a
1767 4539 1949 4587 vetere
1975 4531 2089 4597 illo,
2131 4531 2550 4603 inferioremque
2573 4523 2855 4604 religionis
2887 4537 3104 4591 modum
3138 4539 3383 4594 tradebat
3415 4558 3428 4596 :
3477 4556 3577 4611 ego
3621 4558 3727 4597 au-

487 4636 598 4685 tem
636 4631 702 4685 ad
735 4632 900 4701 piam,
968 4629 1389 4700 religiosamque
1434 4628 1595 4681 vitam
1655 4642 1866 4691 eorum,
1920 4626 2010 4695 qui
2042 4625 2236 4695 priscis
2278 4625 2385 4681 illis
2427 4627 2758 4696 temporibus
2807 4637 2993 4684 sancte
3033 4630 3304 4698 vixerunt,
3354 4648 3547 4688 revoco
3601 4635 3730 4688 uni-

484 4741 694 4783 versos.
725 4725 985 4797 Denique,
1015 4723 1104 4780 ille
1131 4724 1347 4796 quidem
1385 4732 1582 4779 terram
1607 4723 1860 4778 liuentem
1891 4723 1976 4777 lac
2023 4729 2078 4778 et
2117 4722 2244 4787 mel,
2295 4722 2450 4794 quasi
2503 4724 2742 4806 parvulis
2796 4727 3144 4795 promittebat
3188 4746 3203 4784 :
3263 4745 3362 4801 ego
3417 4737 3594 4786 autem
3651 4731 3725 4786 iis

487 4823 580 4894 qui
609 4837 804 4893 capere
834 4822 1062 4892 possint,
1095 4819 1322 4891 regnum
1365 4823 1586 4878 cmleste
1636 4818 1889 4874 concilio.
1917 4817 2042 4873 Haec
2081 4822 2244 4888 atQue
2286 4818 2552 4889 ejusmodi
2584 4820 2708 4884 alia,
2763 4818 2898 4875 Novi
2938 4820 3270 4878 Testamenti
3302 4824 3457 4890 ratio,
3489 4825 3722 4882 docente

487 4917 729 4980 Christo,
763 4915 1015 4970 omnibus
1061 4917 1309 4986 gentibus
1360 4915 1645 4970 nuntiavit.
1684 4912 1750 4966 Et
1786 4913 1900 4968 haec
1931 4912 2048 4982 ipsa
2087 4919 2235 4977 sunt,
2286 4928 2406 4983 quae
2461 4927 2591 4970 suos
2641 4914 2939 4984 discipulos
2973 4915 3220 4972 Christus
3259 4915 3374 4983 Dei,
3428 4925 3488 4971 ut
3537 4918 3724 4972 omnis

488 5010 593 5065 bus
621 5009 869 5080 gentibus
896 5011 1226 5076 nuntiarent,
1259 5011 1577 5066 hortabatur
1623 5009 1810 5064 dicens
1864 5025 1876 5062 :
1927 5025 1946 5058 ι
2003 5007 2209 5063 Euntes
2263 5008 2604 5079 disciplinam
2658 5016 2892 5064 vestram
2930 5012 3127 5067 tradite
3165 5012 3416 5067 omnibus
3441 5013 3720 5084 gentibus,

489 5102 750 5157 docentes
801 5115 895 5156 eas
941 5117 1156 5158 servare
1196 5104 1409 5168 omnia,
1454 5117 1791 5174 qureeunque
1833 5101 2063 5172 praecepi
2103 5102 2256 5156 vobis
2303 5103 2370 5155 ’9.
2412 5123 2429 5155 ι
2464 5101 2594 5169 Quae
2621 5102 2782 5156 etiam
2811 5105 3021 5162 cunctis
3053 5105 3384 5170 hominibus,
3422 5114 3529 5158 tam
3582 5105 3716 5161 bar-

489 5195 637 5250 baris
678 5210 837 5266 quam
870 5194 1070 5252 Graecis
1101 5213 1222 5252 cum
1268 5195 1602 5254 observanda
1642 5195 1896 5259 traderet,
1940 5195 2099 5264 plane
2147 5194 2407 5262 quidnam
2448 5193 2519 5248 sit
2561 5192 3010 5252 Christianismus
3067 5197 3321 5262 ostendit,
3378 5209 3430 5255 et
3491 5197 3717 5270 quinam

491 5293 661 5346 simus
701 5307 821 5356 nos,
861 5301 914 5347 et
952 5291 1492 5362 cujusmodi-talium
1544 5302 1853 5345 sermonum
1911 5303 1975 5342 ac
2029 5287 2437 5358 disciplinarum
2485 5289 2762 5359 magister,
2822 5308 2937 5362 Ipse
2974 5293 3162 5362 utique
3199 5293 3451 5348 Salvator
3503 5302 3557 5350 et
3603 5294 3714 5348 Do-

491 5383 670 5436 minus
705 5390 889 5438 noster
948 5383 1125 5451 Jesus,
1167 5385 1259 5455 qui
1303 5383 1552 5439 Christus
1607 5393 1690 5440 est
1748 5382 1861 5447 Dei,
1909 5381 2003 5452 qui
2045 5395 2240 5436 novam
2292 5381 2430 5435 hanc
2457 5389 2512 5436 et
2541 5397 2728 5437 omnes
2749 5386 3046 5454 amplexam
3074 5386 3298 5442 virtutes
3320 5387 3710 5457 rempublicam

491 5475 546 5530 in
596 5485 706 5530 toto
748 5477 880 5532 orbe
931 5479 1231 5541 constituit,
1264 5476 1396 5530 adeo
1439 5475 1675 5546 quidem,
1709 5483 1768 5528 ut
1801 5474 1927 5528 talia
1979 5473 2210 5535 discere,
2241 5472 2738 5544 philosopharique,
2801 5483 2909 5528 tam
2945 5474 3155 5532 feminze
3207 5494 3368 5548 quam
3420 5481 3542 5544 viri,
3595 5488 3711 5538 tam

491 5582 752 5640 pauperes
795 5585 956 5640 quam
1002 5571 1220 5634 divites,
1275 5575 1380 5623 tam
1435 5569 1576 5623 servi
1619 5583 1779 5638 quam
1839 5568 2046 5623 domini
2088 5565 2320 5639 possint.
2362 5563 2426 5617 Et
2466 5573 2645 5621 tamen
2691 5581 2843 5623 novae
2891 5567 3118 5637 hujusce
3155 5571 3286 5641 legis
3341 5571 3706 5642 intreductor,

560 5755 606 5786 ’⁸
629 5751 920 5826 Exod._x_x.
945 5751 1004 5826 _7;
1041 5749 1219 5826 l.evi_t._
1241 5765 1351 5826 xix,
1378 5750 1460 5826 ιεξ
1495 5748 1653 5826 Deut,
1685 5766 1738 5812 v,
1767 5749 1871 5826 ll__;
1899 5748 2100 5826 Mat-th;
2115 5764 2168 5809 ν,
2190 5747 2384 5826 ‘35-'57.
2446 5750 2490 5779 ’⁷
2727 5768 2838 5816 xxi,
2867 5749 2968 5818 2.5;
3023 5753 3190 5810 Levit.
3225 5771 3349 5810 niv
3371 5796 3384 5822 ,
3415 5755 3514 5826 ἔοι
3543 5757 3698 5814 Deut,

497 5839 604 5891 six,
658 5826 718 5878 2|
752 5841 767 5888 ;
809 5821 996 5876 Matth.
1058 5838 1110 5885 v,
1157 5821 1341 5874 38-40.
1419 5821 1462 5851 "
1496 5819 1682 5872 Matth.
1713 5836 1764 5884 v,
1801 5819 1890 5873 £5.
1949 5821 2013 5891 ,⁸³
2052 5816 2241 5871 Matth.
2280 5834 2472 5879 xxviii.
2513 5820 2688 5875 19σὲοε
