3942 6258
246 373 301 430 89
1175 381 1827 438 DEMONSTRATIONIS
1869 382 2328 439 EVANGELICE
2372 387 2502 442 LIB.
2548 389 2584 442 1.
3436 398 3502 454 70

251 513 492 569 tanquam
529 498 582 555 is
622 499 724 570 qui
778 500 834 555 in
877 503 1018 556 omni
1051 501 1156 557 vita
1189 503 1362 574 legem
1413 503 1577 559 Mosis
1633 504 1952 569 servaverit,
2009 504 2356 562 introductus
2411 515 2494 563 est
2554 507 2749 580 :quod
2811 525 2943 565 sane
3004 511 3180 583 ipsum
3243 516 3502 582 admirari

251 611 413 668 operm
435 596 676 666 pretium
702 600 922 669 est,qui
949 597 1194 654 videlicet
1221 598 1334 654 ﬁeri
1362 600 1555 671 possit,
1588 610 1645 655 ut
1669 616 1820 656 nova:
1858 601 2086 657 rationis
2115 610 2168 657 et
2210 603 2342 673 legis
2378 611 2570 659 auctor
2611 604 2847 671 futurus,
2893 605 3028 662 Novi
3075 608 3263 679 utique
3319 611 3503 668 Testa-

248 691 400 744 menti
435 705 532 760 per
555 690 943 764 Evangelium,
971 710 1078 748 non
1103 703 1357 766 tanquam
1390 697 1606 750 inimica
1631 706 1686 752 et
1733 697 2007 752 contraria
2045 714 2127 764 ea,
2179 715 2299 770 quae
2345 716 2375 754 a
2412 699 2559 757 Mose
2599 703 2796 757 tradita
2840 711 2991 771 sunt,
3032 708 3367 762 recusaverit
3438 706 3500 767 Si

246 782 380 838 enim
418 783 524 838 hoc
557 784 805 852 fecisset,
838 788 952 859 ipse
996 787 1238 843 vicissim
1279 782 1413 844 Mosi
1469 790 1695 847 adversa
1749 793 2092 848 existimatus
2141 801 2286 851 esset
2330 795 2643 864 praecipere,
2703 812 2768 850 ex
2829 814 2937 868 quo
2991 800 3172 870 impiis
3209 802 3497 872 impiarum

245 885 514 933 sectarum
559 882 878 937 auctoribus
923 888 1113 936 contra
1162 882 1364 939 hic-sem
1409 893 1462 941 et
1514 886 1827 956 prephetas,
1879 887 2290 944 obtrectationis
2329 887 2435 958 25
2502 896 2555 943 et
2597 889 2988 946 maled'centia‘.
3036 894 3323 962 plurimam
3358 909 3498 965 prae-

241 969 447 1026 buisset
478 975 791 1039 materiam,
848 974 917 1030 iis
969 981 1148 1030 autem
1197 976 1291 1046 qui
1328 993 1394 1033 ex
1439 979 1858 1036 circumcisione
1921 989 2047 1034 sunt
2093 981 2517 1050 conspirationis
2565 991 2754 1037 contra
2797 999 2855 1038 se
2893 984 3098 1054 justam
3147 995 3200 1041 et
3243 987 3496 1056 probabi-

243 1061 342 1117 lem
371 1079 622 1131 causam,
648 1067 742 1136 qui
776 1067 960 1138 utique
997 1067 1068 1134 ei,
1100 1071 1257 1139 quasi
1281 1072 1375 1143 qui
1406 1083 1595 1128 contra
1643 1073 1813 1144 legem
1853 1072 2074 1140 faceret,
2116 1082 2279 1146 atque
2317 1074 2386 1130 ab
2437 1091 2499 1131 ea
2535 1075 2812 1144 deﬁceret,
2859 1077 3087 1135 insidias
3128 1080 3196 1135 ad
3249 1080 3491 1136 inferen-

241 1160 358 1214 dam
389 1173 582 1214 necem
611 1168 1058 1216 construxerunt.

768 1282 1163 1336 ΚΕΦΑΛᾹΙΟΝ
1211 1285 1286 1338 Ζ⁶.

243 1370 703 1442 Πῶςόἔιζριστιῆς,
733 1377 805 1425 τὰ
837 1374 995 1440 παρὰ
1019 1376 1224 1428 Μωσεῐ
1257 1375 1545 1442 πρότερον
1577 1372 1812 1428 ἐκτελέ-

305 1458 451 1516 σας,
477 1441 694 1511 καινῆς
723 1443 822 1496 καὶ
851 1445 993 1511 νέας
1023 1441 1386 1516 εὶσαγωγέὺς
1423 1441 1678 1513 κατέστη
1709 1462 1813 1498 ηο-

304 1513 522 1578 λιτεὶας
535 1553 548 1564 .

301 1627 433 1680 Νυνί
469 1627 528 1681 δὲ
569 1627 749 1681 πάντα
788 1629 926 1680 κατὰ
953 1628 1042 1681 τὸν
1105 1628 1345 1693 Μωσέως
1387 1630 1548 1701 νόμον
1584 1628 1807 1682 πεπολι-

239 1721 508 1789 τευμένος,
542 1723 656 1782 τοῖς
690 1720 1006 1784 ἀποστόλοις
1032 1721 1194 1779 αὐτοῦ
1252 1722 1513 1792 κέχρηται
1542 1722 1807 1786 διακόνοις

241 1814 331 1881 τῆς
359 1812 548 1881 καινῆς
578 1813 741 1866 αὑτοῦ
776 1814 1112 1884 νομοθεσίας
1149 1814 1282 1885 ὁμοῦ
1311 1815 1407 1885 μὲν
1437 1816 1529 1868 καὶ
1558 1814 1626 1869 τὰ
1678 1818 1806 1869 Μω-

243 1901 368 1964 σέως
388 1901 484 1954 οὐκ
509 1902 787 1972 ἀλλότρια,
815 1904 923 1956 οὐδ’
947 1904 1114 1974 ἐχθρὰ
1133 1904 1233 1975 τῆς
1264 1906 1469 1969 οἰκείας
1495 1905 1803 1972 θεοσεϐείας

241 1995 471 2064 ἡγεῖσθαι
499 1995 612 2048 δεῖν
641 1996 874 2063 διδάξας·
910 1998 1042 2068 ὁμοῦ
1066 1998 1119 2050 δὲ
1148 1999 1238 2051 καὶ
1267 1999 1547 2070 αὐθέντης,
1582 2001 1673 2054 καὶ
1692 2004 1801 2054 εἰσ-

237 2088 433 2158 ﬁeri};
472 2087 597 2152 νέας
639 2089 733 2141 καὶ
781 2090 1044 2160 σωτηρίου
1082 2091 1242 2144 πᾶσιν
1287 2089 1592 2162 ἀνθρώποις
1630 2109 1797 2146 κατα-

240 2181 360 2244 στὰς
381 2181 718 2252 νομοθεσίαςο
737 2184 811 2244 ὡς
835 2181 1096 2253 μηδαμῶς
1118 2185 1197 2246 εἰς
1219 2183 1288 2236 τὰ
1334 2185 1520 2237 Μωσεῖ
1541 2184 1798 2238 δοκοῦντα

238 2273 605 2344 παρανομῆσαι
639 2273 821 2337 αὑτὸν,
850 2273 1000 2338 τέλος
1030 2275 1072 2327 δ’
1107 2276 1333 2338 ἐκείνοις
1363 2275 1628 2329 ἐπιθεῖναι
1665 2276 1798 2346 πρό-

233 2383 395 2436 τερον,
425 2367 518 2420 καὶ
550 2367 842 2438 πληρωτὴν
865 2367 1042 2421 αὐτῶν
1069 2369 1341 2438 γενέσθαι,
1369 2369 1644 2434 καὶοῦτως
1666 2371 1792 2441 περὶ

230 2455 316 2524 τὴν
341 2457 627 2510 αὑθεντίαν
657 2456 752 2510 τοῦ
814 2457 953 2511 κατὰ
994 2459 1054 2513 τὸ
1098 2460 1426 2529 Εὑαγγέλιον
1464 2462 1625 2531 νόμου
1657 2479 1795 2532 παρ-

227 2547 553 2618 εληλυθέναι.
578 2549 689 2602 Καὶ
714 2550 1200 2607 τοῦτονὰκουστέον
1228 2553 1388 2607 αὐτοῦ
1418 2554 1662 2623 λέγοντος
1701 2554 1790 2608 τὸν

223 2643 434 2713 τρόπον·
477 2661 494 2694 t
525 2645 638 2696 Οὐκ
669 2639 832 2715 ἦλθον
855 2645 1152 2699 καταλῦσαι
1172 2646 1262 2698 τὸν
1289 2647 1472 2717 νόμον,
1653 2646 1788 2717 πλη-

1839 1296 1886 1359 Α
2507 1278 2734 1335 CAPUT
2766 1277 2879 1336 vn.

1915 1374 2188 1441 Quomodo
2211 1370 2474 1432 Christus,
2503 1383 2780 1440 postquam
2814 1389 2875 1425 ea
2904 1389 3020 1442 qua:
3054 1392 3084 1428 (ι
3106 1359 3254 1431 Meae
3289 1382 3487 1438 tradita

1984 1455 2128 1521 sunt,
2167 1444 2315 1511 plene
2338 1443 2646 1521 observavit,
2698 1458 2844 1496 nova:
2889 1448 3110 1500 rationis
3148 1460 3196 1502 et
3237 1449 3364 1521 legis
3404 1456 3487 1507 in-

1982 1514 2252 1567 tioductor
2281 1514 2508 1566 exstitit.

1978 1625 2133 1680 Nunc
2164 1636 2342 1679 autem
2366 1633 2654 1695 postquam
2688 1627 2741 1680 in
2775 1629 2926 1682 omni
2967 1629 3076 1683 vita
3112 1629 3276 1686 Musis
3309 1631 3482 1702 legem

1907 1718 2305 1790 camprobavit,
2336 1719 2600 1788 apostolis
2631 1721 2746 1776 suis
2782 1735 2917 1776 usus
2939 1729 3024 1776 cst
3060 1738 3213 1778 none
3260 1741 3370 1781 sua:
3400 1728 3482 1783 le-

1904 1811 1990 1881 gis
2026 1810 2388 1875 administris,
2427 1810 2483 1863 in
2519 1811 2621 1865 hoc
2665 1812 2754 1867 ille
2793 1812 3014 1882 quidem
3076 1817 3238 1871 simul
3277 1817 3483 1876 docens

1903 1917 1965 1956 ca
1999 1917 2119 1972 quae
2159 1918 2189 1956 a
2221 1901 2368 1957 Mose
2400 1900 2599 1956 tradita
2640 1913 2789 1969 sunt,
2845 1920 2945 1959 nec
3003 1921 3032 1959 a
3082 1921 3180 1962 sua
3220 1909 3482 1982 religione

1902 1994 2274 2060 abhorrentia,
2294 2010 2395 2050 nec
2425 1995 2597 2048 eidem
2624 1995 2843 2049 inimica
2862 1997 3172 2054 existimare
3203 2012 3477 2070 oportere,

1899 2094 1953 2138 et
1982 2087 2146 2142 simul
2189 2097 2466 2142 auctorem
2521 2101 2580 2142 se
2637 2095 2802 2159 atque
2857 2090 3287 2148 introductorem
3321 2110 3480 2150 nova:

1898 2189 1952 2235 et
1980 2180 2194 2236 cunctis
2221 2181 2535 2237 hominibus
2578 2184 2836 2239 salutaris
2887 2185 3042 2256 legis,
3080 2189 3471 2246 constituens:

1897 2281 1957 2327 ut
1985 2274 2133 2328 nullo
2167 2284 2328 2344 pacto
2361 2275 2468 2330 dici
2497 2277 2669 2345 possit
2691 2277 2968 2348 quidpiam
3021 2278 3172 2334 illum
3211 2280 3476 2340 adversus

1897 2364 2064 2420 Mosis
2097 2365 2243 2436 leges
2274 2375 2365 2420 aut
2392 2367 2613 2421 decreta
2644 2368 2874 2424 fecisse:
2903 2370 3037 2440 quin
3088 2372 3270 2440 potius
3309 2372 3472 2430 ﬁnem

1896 2455 2004 2511 illis
2020 2457 2172 2526 prius
2186 2456 2531 2527 imposuisse,
2552 2459 2849 2530 eademque
2864 2460 3104 2530 perfecte
3125 2464 3471 2531 obScrvasse,

1893 2557 1946 2603 et
1974 2549 2054 2604 sic
2085 2549 2151 2604 ad
2197 2549 2597 2606 institutionem
2632 2553 2958 2622 evangelica:
2994 2553 3129 2624 legis
3158 2557 3465 2613 tranSiisse.

1896 2638 1962 2694 Et
1992 2640 2084 2711 qui
2119 2642 2338 2699 modum
2364 2644 2580 2714 quidem
2615 2642 2763 2699 hunc
2811 2646 2879 2700 ab
2939 2645 3060 2716 ipso
3119 2647 3468 2703 observatum

225 2732 409 2802 ρῶσαι.
442 2753 461 2785 ι
488 2734 552 2786 Εἰ
582 2733 680 2805 μὲν
710 2735 818 2805 γάρ
848 2735 1170 2806 παραϐάτης
1232 2736 1323 2789 τοῦ
1354 2738 1596 2800 Μωσέως
1627 2736 1778 2807 νόμοι

1894 2733 2064 2799 dicat,
2101 2750 2210 2788 non
2239 2736 2378 2790 alius
2421 2735 2724 2790 audiendus
2771 2746 2854 2792 est
2909 2752 3070 2807 quam
3133 2737 3269 2806 ipse.
3299 2752 3316 2790 ι
3348 2737 3467 2795 Non

224 2825 470 2895 κατέστη,
503 2824 607 2878 κᾶν
636 2825 872 2893 εὐλόγως
901 2824 1156 2896 ἐνομίσθη
1196 2824 1342 2879 λύειν
1370 2826 1528 2878 αὑτὸν
1557 2827 1650 2880 καὶ
1681 2844 1785 2879 πα-

222 2921 487 2988 ρανομεῖν·
516 2919 720 2988 φαῦλος
743 2919 801 2972 δέ
827 2936 911 2982 τις
935 2920 1028 2973 καὶ
1051 2919 1363 2990 παράνομος
1389 2919 1665 2987 πεφυκὼς,
1687 2920 1786 2973 οὐκ

219 3007 277 3060 ἂν
318 3008 612 3080 ἐπιστεύθη
657 3009 819 3072 αὐτὸς
855 3004 992 3063 εἶναι
1036 3012 1064 3064 ὁ
1107 3010 1354 3082 Χριστός.
1413 3009 1570 3064 Λὺων
1616 3011 1787 3066 δὲτὰ

218 3103 475 3167 Μωσέως,
513 3103 631 3167 πῶς
691 3103 758 3157 ἂν
797 3103 1054 3174 ἐνομίσθη
1083 3103 1241 3168 αὐτὸς
1285 3104 1570 3175 ὑπάρχειν,
1610 3106 1639 3158 ὁ
1680 3105 1784 3158 ὑπὸ

218 3193 448 3258 Μωσέως
465 3194 562 3246 καὶ
592 3193 700 3247 τῶν
730 3194 1020 3266 προφητῶν
1038 3195 1504 3266 κατηγγελμένος;
1525 3196 1640 3260 πῶς
1658 3197 1700 3250 δ’
1718 3197 1782 3254 ἂν

218 3286 364 3356 ἔσχεν
398 3288 458 3340 τὸ
481 3288 792 3354 ἀξιόπιστον
815 3288 1007 3359 καινῆς
1037 3289 1379 3360 νομοθεσίας;
1411 3289 1554 3355 ἔδοξε
1583 3290 1690 3362 γὰρ
1717 3291 1781 3344 ἂν

215 3381 425 3444 εἰκότως
473 3382 573 3452 τῆς
604 3379 948 3453 παρανομίας
983 3381 1141 3453 χάριν
1179 3383 1272 3435 ἐπὶ
1305 3381 1404 3454 τὴν
1436 3384 1780 3454 καινοτομίαν

215 3473 539 3545 ἐληλυθέναι,
572 3475 791 3543 φεύγων
819 3473 917 3545 τὴν
949 3475 1042 3528 ἐπὶ
1069 3476 1189 3539 ταῖς
1217 3475 1580 3547 παρανομίαις
1603 3494 1776 3548 τιμω-

219 3566 346 3637 ρίαν.
377 3566 492 3618 Νῦν
513 3566 569 3618 δὲ
598 3565 767 3638 μηδὲν
798 3566 1063 3637 μηδαμῶς
1086 3566 1194 3621 τῶν
1219 3568 1276 3620 ὲν
1302 3566 1381 3638 τῷ
1411 3567 1562 3638 νόμῳ
1587 3567 1774 3630 λύσας,

218 3658 497 3729 πληρωτὴς
539 3659 586 3712 δ’
615 3657 794 3712 αὐτῶν
831 3658 1152 3728 γενόμενος,
1191 3659 1286 3712 καὶ
1322 3657 1558 3722 τέλειος,
1600 3659 1676 3722 ὡς
1711 3658 1776 3712 ἄν

213 3752 455 3815 τιςείποι,
479 3751 618 3805 κατὰ
632 3751 854 3816 Μωσέα,
883 3753 1003 3806 ἐπεὶ
1031 3751 1226 3823 μηκέτι
1247 3753 1357 3814 τοῖς
1383 3750 1584 3814 λοιποῖς
1602 3750 1776 3805 ἔθνεσι

212 3843 416 3898 δυνατὸν
442 3840 509 3916 ἦν
526 3842 858 3915 ἐφαρμόζειν
879 3843 947 3898 τὰ
970 3843 1119 3915 παρὰ
1141 3841 1326 3896 Μωσεῖ
1351 3842 1554 3914 νόμιμα
1571 3843 1656 3897 διὰ
1676 3843 1775 3908 τὰς

214 3936 638 4007 προδηλωθείσας
675 3936 853 4000 αἰτίας
888 3935 1049 4007 (χρῆν
1100 3935 1156 3988 δὲ
1188 3935 1358 4006 δήπου
1398 3934 1774 4008 φιλανθρωπίᾳ

212 4031 294 4083 τοῦ
331 4031 650 4100 παναγάθου
694 4029 804 4084 τῶν
845 4030 980 4084 ὅλων
1021 4030 1155 4084 Θεοῦ
1204 4029 1411 4093 πάντας
1455 4028 1772 4100 ἀνθρώπους

1895 2827 2041 2892 Veni,
2071 2828 2271 2897 inquit,
2309 2827 2557 2883 scindere
2589 2828 2783 2899 legem,
2811 2827 2904 2883 sed
2936 2829 3209 2897 complere
3252 2830 3289 2884 ¹.
3327 2849 3346 2882 ι
3381 2831 3470 2885 Et-

1894 2920 2040 2973 enim
2075 2920 2121 2974 si
2148 2928 2492 2991 contemptor
2517 2918 2683 2975 Mosis
2711 2921 2844 2991 legis
2870 2921 3192 2986 exstitisset,
3215 2923 3466 2993 quamvis

1894 3009 2041 3065 illam
2073 3011 2414 3067 existimatus
2447 3020 2592 3068 esset
2626 3012 2980 3083 probabiliter
3024 3014 3295 3080 scindere,
3326 3030 3462 3071 con-

1892 3110 2084 3173 traque
2117 3117 2236 3158 eam
2270 3103 2449 3159 facere
2480 3122 2493 3158 :
2531 3105 2830 3174 improbam
2859 3113 3040 3160 tamen
3073 3107 3386 3176 quamdam,
3409 3118 3464 3163 et
3506 3145 3510 3149 -

1891 3210 1922 3249 a
1953 3195 2164 3268 legibus
2195 3197 2428 3265 alienam
2464 3207 2714 3252 naturam
2742 3212 2852 3268 prae
2881 3213 2939 3253 se
2978 3199 3180 3262 ferens,
3207 3199 3461 3258 Christus

1888 3301 2010 3342 esse
2047 3287 2287 3342 creditus
2330 3303 2440 3343 non
2477 3303 2642 3344 esset.
2695 3286 2866 3342 Porro
2912 3297 3091 3342 autem
3143 3290 3459 3347 rescindens

1887 3391 1951 3432 ea
1977 3393 2096 3448 quae
2120 3393 2150 3432 a
2184 3378 2334 3435 Mose
2366 3379 2542 3450 posita
2569 3385 2717 3444 sunt,
2749 3378 3020 3450 quomodo
3049 3380 3317 3450 potuisset
3343 3381 3460 3436 exi-

1887 3471 2097 3526 stimari
2135 3471 2181 3525 is
2211 3487 2355 3536 esse,
2393 3487 2552 3542 quem
2585 3471 2827 3526 futurum
2872 3472 3048 3529 Moses
3098 3482 3150 3527 ct
3182 3473 3459 3544 prOpheta:

1883 3565 2269 3619 nuntiassent?
2293 3564 2566 3634 quomodo
2605 3573 2785 3619 autem
2817 3567 2973 3622 novis
2997 3565 3209 3636 legibus
3247 3582 3455 3637 ponen-

1884 3656 1972 3713 dis
1995 3657 2372 3712 auctoritatem
2399 3656 2717 3712 habuisset?
2754 3658 2950 3712 merito
2989 3658 3134 3717 enim
3164 3658 3332 3714 videri
3354 3674 3454 3730 po-

1884 3749 2098 3814 tuisset,
2131 3747 2454 3819 derogandze
2484 3748 2619 3819 legis
2651 3750 2847 3820 gratia,
2885 3750 2953 3804 ad
2985 3750 3332 3804 novationem
3359 3765 3454 3808 re-

1882 3858 2005 3898 rum
2054 3842 2290 3908 venisse,
2339 3849 2398 3896 ut
2457 3842 2804 3906 delictorum,
2856 3857 2977 3912 quze
3029 3846 3221 3896 contra
3275 3841 3449 3912 legem

1882 3935 2278 4002 commisisset,
2344 3934 2669 4005 supplicium
2723 3933 2996 3990 evaderet.
3056 3933 3211 3990 Nunc
3264 3943 3447 3991 autem

1880 4029 2018 4084 nihil
2047 4029 2114 4084 de
2142 4028 2258 4098 lege
2287 4028 2508 4082 omnino
2540 4025 2830 4096 derogans,
2865 4034 2920 4080 et
2957 4025 3117 4096 plene
3149 4041 3269 4096 quae
3303 4029 3358 4081 in
3382 4041 3447 4081 ea

215 4126 461 4196 σωθῆναι,
493 4126 590 4178 καὶ
618 4127 698 4188 είς
733 4124 1023 4193 ἐπίγνωσιν
1047 4123 1303 4195 ἀληθείας
1329 4121 1544 4194 ἐλθεῖν),
1581 4121 1650 4175 τὰ
1673 4138 1774 4176 κα-

1886 4121 2227 4178 continentur
2265 4135 2514 4184 servans,
2555 4127 2739 4188 atque,
2772 4126 2830 4173 ut
2862 4118 2941 4174 sic
2962 4119 3162 4182 dicam,
3198 4116 3264 4172 ad
3287 4133 3448 4190 regu-

211 4217 433 4290 τάλληλα
459 4219 554 4271 καὶ
586 4217 820 4288 ἁρμόδια
861 4219 972 4280 τοῖς
1003 4217 1168 4269 πᾶσιν
1215 4214 1599 4288 ἐνομοθέτησεν
1624 4232 1637 4246 ·
1673 4216 1772 4269 οὐκ

209 4311 265 4365 ἂν
286 4312 558 4382 φθονήσας
585 4311 680 4364 καὶ
733 4309 803 4363 τὰ
827 4309 1073 4372 Μωσέως
1101 4307 1189 4362 διὰ
1214 4309 1324 4361 τῶν
1347 4307 1656 4362 ἀποστόλων
1675 4309 1770 4360 αὐ-

208 4404 291 4459 τοῦ
321 4409 486 4460 πᾶσιν
511 4402 820 4475 ἀνθρώποις
851 4401 1227 4471 καταγγεῖλαι,
1262 4402 1310 4454 εἰ
1336 4400 1410 4472 μὴ
1431 4401 1491 4454 τὸ
1514 4401 1768 4454 ἀδύνατον

208 4499 442 4569 ἐμποδὼν
470 4495 560 4571 ἦν,
593 4498 669 4560 ὡς
696 4496 932 4549 διδάσκει
957 4495 1128 4564 λέγων
1162 4495 1496 4558 Ἀπόστολος·
1521 4512 1539 4545 ι
1568 4493 1639 4545 Τὸ
1659 4493 1768 4564 γὰρ

207 4590 448 4644 ἀδύνατον
479 4589 576 4644 τοῦ
602 4590 788 4660 νόμου,
822 4589 880 4640 ἐν
904 4580 948 4655 ᾧ
977 4585 1210 4657 ἠσθένει,
1244 4586 1273 4638 ὁ
1299 4585 1430 4648 Θεὸς
1457 4584 1546 4638 τὸν
1575 4584 1764 4637 ἑαυτοῦ

207 4682 320 4736 Υίδν
340 4683 562 4754 πέμψας
586 4684 642 4735 ὲν
665 4679 970 4752 ὁμοιώματι
993 4679 1193 4751 σαρκὸς
1213 4676 1505 4748 ἁμαρτίας,
1531 4696 1549 4728 ι
1577 4676 1670 4731 καὶ
1696 4676 1764 4730 τὰ

204 4774 332 4847 ις’-ῆς.
379 4774 665 4830 Ἀδύνατον
701 4774 758 4827 δὲ
795 4775 928 4827 πᾶσι
959 4773 1127 4844 δήπου
1159 4773 1271 4834 τοῖς
1297 4770 1501 4824 ἔθνεσιν
1531 4770 1762 4842 ὑπάρχει

205 4869 309 4938 τρὶς
353 4868 448 4924 τοῦ
484 4869 637 4932 ἔτους
673 4867 918 4938 ἀπαντᾷν
965 4867 1044 4928 εἰς
1099 4862 1440 4934 Ἰεροσόλυμα
1486 4861 1627 4916 κατὰ
1670 4863 1762 4915 τὸν

206 4962 430 5026 Μωσέως
452 4963 636 5032 νόμον,
665 4959 761 5014 καὶ
801 4957 909 5014 ἀπὸ
933 4956 1039 5010 τῶν
1058 4957 1308 5027 περάτων
1322 4955 1421 5025 τῆς
1442 4954 1760 5025 οἰκουμένης

205 5055 285 5125 τὴν
311 5055 416 5108 ἀπὸ
445 5054 636 5124 λέχους
667 5055 902 5122 γυναῖκα
936 5051 1204 5114 σπεύδειν,
1234 5047 1421 5102 αὐτόθι
1451 5047 1520 5100 τὰ
1553 5047 1759 5119 καθάρ-

208 5162 282 5200 σια
308 5146 741 5218 ἀποθησομένην·
779 5146 870 5198 καὶ
902 5143 1036 5198 ἄλλα
1066 5143 1252 5214 μυρία,
1285 5141 1321 5195 ἃ
1355 5140 1448 5194 καὶ
1479 5139 1653 5210 ἑαυτῷ
1675 5158 1759 5204 τις

207 5241 284 5293 ἐπὶ
301 5240 493 5312 σχολῆς
521 5237 842 5304 ἀναλέξαιτο
869 5236 953 5291 ἄν.
997 5234 1208 5306 Ἐπειδὴ
1233 5235 1410 5288 τοίνυν
1437 5233 1604 5287 ταῦτα
1635 5233 1755 5286 οὐδὲ

209 5333 532 5406 βουλομένοις
568 5330 768 5387 δυνατὰ
799 5327 866 5402 ἦν
911 5331 1023 5392 τοῖς
1055 5328 1457 5400 ἀπῳκισμένοις
1481 5327 1579 5397 τῆς
1624 5327 1752 5405 Ἰουέ

205 5423 337 5489 δαίας
381 5426 560 5480 ἔθνεσι
609 5423 916 5494 φυλάττειν,
958 5420 1180 5484 εἰκότως
1231 5415 1391 5491 μηδὲν
1439 5417 1640 5472 τούτων
1682 5418 1749 5471 δι’

207 5518 371 5572 ἑαυτοῦ
403 5516 574 5580 λύσας
600 5519 628 5569 ὁ
655 5515 844 5585 Σωτὴρ
885 5513 980 5568 καὶ
1019 5511 1223 5583 Κύριος
1249 5510 1423 5582 ἡμῶν,
1459 5509 1747 5582 πληρωτὴς

207 5602 250 5666 δὲ
272 5617 552 5688 γενόμενος
583 5613 693 5667 τῶν
717 5614 774 5665 ὲν
806 5610 882 5681 τῷ
915 5610 1084 5681 νόμῳ,
1122 5610 1213 5662 καὶ
1238 5609 1417 5662 πίστιν
1453 5607 1748 5681 παρασχὼν

209 5713 294 5774 τιίς
316 5709 532 5783 δρῶσιν,
564 5707 641 5772 ὡς
667 5708 774 5778 ἄρα
805 5705 964 5767 αὑτός
997 5706 1141 5756 ἐστιν
1164 5704 1192 5755 ὁ
1215 5702 1446 5774 Χριστὸς
1473 5702 1564 5755 τοῦ
1590 5700 1745 5769 Θεοῦ,

308 5867 492 5925 Matth.
529 5883 584 5930 γ,
625 5866 710 5920 i7.
755 5868 772 5897 ’
805 5862 959 5919 Rom.
1014 5878 1149 5930 vm,
1199 5861 1252 5917 δι

1877 4217 1986 4271 lam
2019 4212 2184 4270 Mosis
2231 4213 2526 4284 perfectus,
2575 4218 2864 4282 postquam
2899 4225 3010 4265 non
3065 4210 3298 4280 amplius
3327 4209 3443 4266 ﬁeri

1875 4317 2109 4379 poterat,
2142 4316 2202 4363 ut
2234 4322 2298 4363 ea
2331 4322 2452 4377 qua;
2477 4314 2605 4361 sunt
2632 4305 2688 4358 in
2717 4304 2832 4375 lege
2884 4302 3050 4359 Mosis
3092 4303 3318 4374 reliquis
3348 4318 3442 4357 ac-

1874 4401 2353 4458 commodarentur
2381 4399 2657 4471 gentibus,
2696 4403 2917 4467 propter
2944 4411 3038 4451 eas
3080 4410 3277 4450 causas
3318 4411 3438 4465 qua:

1873 4499 2033 4554 dictae
2049 4497 2160 4567 jam
2179 4503 2325 4558 sunt,
2349 4493 2423 4564 (et
2441 4491 2725 4563 oportebat
2745 4491 2998 4545 nimirum
3018 4489 3262 4544 bonitate
3289 4504 3441 4543 sum»-

1872 4591 1945 4646 mi
1981 4590 2076 4645 Dei
2103 4601 2291 4644 omnes
2325 4586 2572 4641 homines
2599 4585 2780 4640 Salvos
2824 4583 2939 4638 ﬁeri
2973 4591 3026 4638 et
3071 4577 3139 4635 ad
3169 4582 3438 4652 cognitio-

1869 4697 1994 4740 nem
2020 4681 2268 4738 veritatis
2288 4681 2498 4748 venire)
2532 4693 2653 4749 qum
2685 4669 2941 4734 omnibus
2970 4683 3095 4746 apta
3127 4689 3436 4730 accommo-

1868 4776 2104 4846 dataque
2131 4780 2338 4838 essent,
2366 4773 2576 4843 legibus
2631 4773 2747 4828 suis
2803 4769 3074 4836 sancivit;
3111 4784 3175 4825 ac
3238 4785 3308 4825 ne
3342 4770 3434 4825 illa

1866 4870 2087 4940 quidem
2115 4882 2236 4937 quae
2268 4880 2297 4919 a
2331 4865 2477 4921 Mose
2511 4873 2778 4934 praecepta
2810 4868 2960 4926 sunt,
2994 4875 3123 4917 suos
3154 4861 3434 4932 apostolos

1865 4961 2187 5018 denuntiare
2220 4958 2436 5014 cunctis
2457 4959 2566 5028 26
2586 4955 2900 5012 hominibus
2929 4954 3316 5025 prohibuisset,
3342 4955 3431 5009 ni-

1865 5053 1910 5109 si
1945 5067 2008 5108 ea
2040 5067 2127 5107 res
2153 5051 2540 5121 impedimento
2573 5045 2784 5111 fuisset,
2845 5045 2988 5116 quod
3025 5045 3115 5099 illa
3169 5043 3288 5099 ﬁeri
3316 5061 3426 5100 non

1861 5151 2106 5216 possent,
2134 5139 2590 5213 quemadmodum
2619 5137 2914 5208 Apostolus
2943 5137 3121 5201 docet,
3153 5123 3247 5193 ubi
3304 5138 3378 5192 ait
3403 5151 3426 5192 :

1866 5255 1883 5286 ι
1923 5233 2057 5290 Nam
2091 5233 2236 5304 quod
2268 5229 2603 5301 impossibile
2629 5236 2747 5285 erat
2771 5229 2896 5299 legi,
2928 5229 2984 5283 in
3024 5243 3132 5298 quo
3181 5226 3426 5282 inﬁrma-

1859 5330 2042 5394 batur,
2072 5327 2216 5384 Deus
2248 5325 2447 5381 Filium
2497 5339 2656 5378 suum
2683 5323 2904 5379 mittens
2927 5323 2983 5376 in
3014 5320 3422 5376 similitudinem

1859 5423 2043 5478 carnis
2097 5419 2375 5492 peccati’,
2414 5436 2433 5469 ι
2475 5423 2528 5471 et
2573 5423 2790 5470 caetera.
2847 5411 3186 5484 lmpossibile
3237 5420 3421 5467 autem

1856 5524 1973 5572 erat
2001 5515 2280 5579 nimirum,
2307 5524 2368 5567 ut
2403 5526 2592 5567 omnes
2637 5518 2823 5580 gentes
2877 5513 2960 5562 ter
3000 5505 3232 5575 singulis
3259 5504 3422 5560 annis

1853 5625 1919 5665 ex
1949 5609 2064 5679 lege
2098 5605 2264 5661 Mosis
2295 5604 2668 5675 Hierosolyma
2693 5599 3066 5661 convenirent,
3123 5608 3176 5653 et
3222 5597 3422 5652 mulier"

1854 5701 2029 5756 levata
2065 5705 2222 5769 partu
2247 5697 2314 5752 ab
2345 5695 2602 5753 extremis
2625 5703 2781 5751 terra:
2812 5692 3012 5749 ﬁnibus
3046 5690 3174 5745 illuc
3221 5704 3416 5761 propea
