3942 6258
436 326 500 384 7t
1067 318 1336 376 EIISEBII
1373 312 1852 376 CESARIENSIS
1890 311 2040 374 OPP.
2080 308 2265 372 PARS
2299 310 2365 372 II.
2404 347 2474 357 ——
2507 296 3029 373 APOLOCE'I'ICA.‘
3593 324 3662 381 72

438 450 607 507 rarct,
637 448 694 496 ut
724 456 843 511 quae
863 457 965 512 pro
993 442 1312 512 purgatione
1339 440 1585 497 instituta
1620 448 1768 504 sunt,
1803 440 2002 495 ibidem

2105 438 2134 490 ὁ
2163 438 2297 509 πρὸς
2323 438 2430 491 τῶν
2461 439 2611 510 παρά
2650 439 2919 503 Ἰουδαίοις
2944 426 3434 510 πάλαῖγενομένων
3458 459 3667 515 προφηι

435 537 755 605 deponeret.
789 547 839 589 et
866 534 971 587 alia
1023 534 1465 598 innumerabilia,
1513 549 1632 603 qua:
1686 548 1784 603 per
1830 532 2001 587 otium

438 626 812 695 unusquisque
841 631 1019 694 potest
1039 642 1136 696 per
1166 628 1403 695 seipsum
1437 624 1708 694 colligere.
1737 621 2004 689 Quoniam

438 716 607 787 igitur
640 716 754 769 hzec
788 725 975 785 gentes
998 730 1027 768 a
1058 714 1245 770 Judaea
1263 715 1449 787 procul
1493 714 1818 774 habitantes,
1842 711 2001 766 etiam

436 809 483 862 si
514 807 836 871 voluissent,
893 820 1110 863 servare
1143 822 1251 861 non
1288 810 1539 877 poterant
1570 819 1584 854 :
1628 803 1822 857 merito
1868 802 2003 855 nihil

440 898 633 955 borum
667 916 762 971 per
792 901 1030 970 seipsum
1063 900 1380 956 rescindens
1441 897 1709 963 Salvator,
1737 902 1791 951 et
1822 893 2004 948 Domi—

437 1008 544 1050 nus
577 998 784 1057 noster,
828 992 923 1048 sed
953 992 1108 1063 plene
1149 1008 1393 1052 servans.
1418 998 1474 1047 et
1504 990 1740 1045 elﬁciens
1793 1003 1856 1044 ea
1885 996 2004 1058 quae

436 1087 497 1142 in
521 1084 638 1154 ipsa
665 1082 781 1154 lege
804 1085 1179 1149 continentur,
1213 1093 1267 1140 et
1311 1082 1679 1155 spectantibus
1731 1080 1890 1135 ﬁdem
1922 1078 2003 1132 l‘a-

443 1176 610 1242 ciens,
645 1176 790 1246 quod
822 1177 938 1247 ipse
956 1185 1101 1233 esset
1128 1176 1383 1233 Christus
1413 1175 1531 1236 Dei,
1583 1175 1650 1229 de
1698 1189 1806 1244 quo
1835 1170 2001 1242 prisci

444 1265 748 1322 Iudaeorum
765 1267 1042 1337 prephetze
1068 1267 1439 1323 testimonium
1476 1264 1830 1335 protulissent
1849 1280 1863 1329 ;
1885 1270 2002 1315 tum

441 1356 582 1411 idem
615 1357 867 1413 omnibus
894 1358 1146 1428 gentibus
1168 1356 1575 1412 accommodata
1598 1364 1885 1426 praecepta,
1907 1368 2004 1422 per

441 1445 737 1517 discipulos
769 1462 898 1504 suos
919 1449 1221 1519 proposuit.
1275 1448 1487 1504 Idcirco
1543 1463 1645 1503 nos
1693 1445 2001 1501 Iudaeorum

436 1539 690 1608 proprios
717 1539 859 1594 ritus
887 1539 1282 1603 recusavimus,
1315 1546 1573 1609 tanquam
1604 1554 1698 1595 eos
1723 1538 1813 1609 qui
1843 1538 2002 1594 nobis

436 1627 554 1698 lege
585 1629 748 1697 positi
776 1644 885 1685 non
917 1629 1048 1695 sint,
1082 1637 1137 1686 et
1158 1630 1410 1701 gentibus
1456 1631 1853 1687 accommodari
1892 1646 2003 1685 non

436 1719 668 1789 possint.
700 1719 771 1775 At
791 1721 1106 1776 eorumdem
1150 1721 1464 1792 prophetias
1518 1721 1748 1776 libentes
1791 1722 2001 1792 accepi-

2102 527 2210 580 τῶν
2255 529 2771 601 μεμαρτυρημένος·
2821 530 2958 601 μετὰ
2984 530 3154 584 ταῦτα
3182 533 3317 587 πᾶσι
3350 535 3461 598 τοῖς
3493 535 3666 590 ἔθνεσι

2103 619 2171 672 τά
2192 601 2423 691 ἁρμόδια
2450 621 2882 693 παραγγέλματα
2913 623 2998 677 διά
3032 622 3140 676 τῶν
3167 624 3380 677 οἰκείων
3414 624 3668 696 μαθητῶν

2104 712 2491 783 προϐέϐληται.
2546 713 2737 767 Ἔνθεν
2777 715 2871 767 καὶ
2909 715 3068 784 ἡμεῖς
3108 715 3169 768 τὸ
3221 716 3318 787 μὲν
3364 717 3669 782 ’ἰουδαΐζειν

2105 804 2487 875 παρῃτήμεθα,
2537 802 2612 868 ὡς
2665 808 2795 876 ήμῖν
2858 804 2932 877 μὴ
2976 807 3477 878 νενομοθετημένον,
3535 808 3670 882 μηδὲ

2103 894 2429 968 ἐφαρμόζειν
2456 897 2566 957 τοῖς
2591 894 2766 949 ἔθνεσι
2794 897 3109 967 δυνάμενον·
3138 898 3236 961 τὰς
3264 898 3320 951 δὲ
3348 900 3498 965 παρὰ
3536 902 3668 955 Ἰουο

2102 985 2270 1050 δαίοις
2335 985 2667 1059 προφητείας
2723 987 2972 1057 ἀσμένως
3027 989 3423 1061 κατεδεξάμεθα
3458 1034 3472 1057 ,
3521 992 3670 1049 ὠσάν

2104 1077 2461 1148 περιεχούσας
2493 1076 2594 1139 τὰς
2636 1080 2988 1149 προρρήσεις.
3044 1076 3099 1132 '0
3145 1077 3201 1131 δέ
3235 1097 3296 1148 γε
3326 1078 3535 1152 Σωτὴρ,
3576 1080 3672 1136 καὶ

2102 1168 2417 1232 διδάσκαλος
2447 1168 2622 1239 ἡμῶν,
2658 1168 2753 1222 καὶ
2783 1168 2956 1233 ἄλλως
2984 1168 3276 1242 πληρωτὴς
3309 1171 3543 1244 ὑπάρχει
3572 1172 3670 1225 τοῦ

2102 1259 2341 1323 Μωσέως
2358 1260 2542 1330 νόμου,
2567 1259 2788 1313 καὶτῶν
2827 1263 2942 1331 μετ’
2958 1262 3118 1314 αὑτὸν
3148 1265 3459 1335 προφητῶν.
3490 1266 3673 1319 Ἐπει-

2101 1351 2164 1419 δὴ
2191 1350 2299 1422 γὰρ
2325 1355 2436 1415 τοῖς
2473 1352 2917 1422 τεθεσπισμένοις
2953 1352 3021 1406 τά
3053 1353 3164 1407 τῶν
3193 1356 3672 1427 συμπερασμάτων

2103 1443 2273 1508 ἔλιπε,
2308 1444 2378 1498 τά
2406 1462 2465 1498 τε
2506 1445 2615 1499 τῶν
2654 1444 2823 1514 λόγων
2854 1446 3286 1517 ἀποτελέσματα,
3328 1450 3465 1520 χρῆν
3497 1450 3670 1521 δήπου

2102 1539 2195 1591 καὶ
2234 1538 2435 1591 τούτων
2478 1538 2658 1593 αὐτῶν
2702 1539 2990 1611 πληρωτὴν
3032 1541 3191 1595 αὑτὸν
3218 1541 3486 1611 γενέσθαι.
3520 1540 3667 1609 υἷον,

2101 1628 2176 1691 ὡς
2197 1627 2289 1681 ἐπὶ
2314 1628 2770 1701 παραδείγματος,
2799 1629 2832 1700 ή
2858 1629 2955 1700 μὲν
3001 1630 3152 1702 παρὰ
3172 1632 3360 1685 Μωσεῖ
3378 1650 3509 1705 φησι
3534 1649 3672 1707 προ-

2102 1720 2311 1791 φητεία⁶
2349 1741 2369 1772 ι
2408 1722 2697 1794 Προφήτην
2735 1723 2861 1794 ὑμῖν
2903 1723 3197 1796 ἀναστήσει
3239 1724 3440 1797 Κύριος
3476 1729 3505 1780 ὁ
3537 1726 3671 1792 Θεὸς

435 1824 581 1876 mus,
606 1819 864 1881 tanquam
893 1827 988 1867 eas
1011 1826 1131 1882 quae
1188 1812 1569 1882 praedictiones
1622 1812 1691 1868 de
1724 1812 1883 1868 nobis
1922 1813 2003 1867 l'a-

2104 1811 2277 1883 ύμῶν,
2307 1812 2381 1876 ὡς
2406 1813 2526 1884 ὲμέσ
2553 1814 2716 1867 αὑτοῦ
2750 1814 3044 1868 ἀκούσεσθε
3070 1817 3213 1871 κατὰ
3247 1818 3445 1883 πάντα,
3474 1820 3576 1874 ὅσα
3602 1818 3671 1873 ἀν

435 1912 553 1958 etas
584 1904 1032 1974 complectantur.
1065 1903 1332 1959 Caeterum
1362 1904 1480 1976 ipse
1509 1904 1759 1960 Salvator
1780 1912 1835 1959 et
1861 1921 2000 1976 prae-

436 2003 624 2065 ceptor
654 2002 861 2060 noster,
894 1996 1000 2050 alia
1026 2011 1245 2066 quoque
1267 1995 1480 2051 ratione
1523 1995 1880 2066 eomplevisse
1932 1996 2006 2052 le—

435 2099 555 2157 gem
581 2084 748 2143 Mosis
778 2095 833 2142 et
860 2087 1246 2159 prophetarum
1279 2087 1369 2158 qui
1396 2096 1518 2159 post
1545 2086 1746 2143 Mosem
1765 2087 2001 2156 fuerunt,

437 2178 771 2251 agnoscitur.
811 2176 1079 2244 Quoniam
1108 2178 1251 2232 enim
1278 2178 1347 2233 iis
1377 2192 1497 2248 quae
1524 2177 1787 2233 divinitus
1809 2177 2005 2247 praedi--

436 2280 524 2326 eta
542 2269 1282 2334 l'uerant,consummationes
1301 2269 1547 2335 deerant,
1576 2279 1630 2325 et
1651 2271 2001 2325 oraculorum

435 2368 629 2417 eventa
651 2358 1105 2417 desiderabantur
1131 2377 1145 2425 ;
1181 2358 1437 2413 nimirum
1468 2360 1585 2429 ipsa
1606 2373 1825 2429 quoque
1887 2358 2001 2412 haec

437 2452 507 2508 ab
529 2452 717 2509 eodem
747 2451 1007 2522 compleri
1040 2450 1295 2521 oportuit.
1334 2448 1576 2521 Exempli
1607 2450 1779 2521 gratia
1811 2467 1827 2502 ι
1857 2449 2002 2520 apud

437 2545 640 2601 Mosem
668 2553 753 2601 est
784 2545 1064 2615 prophetia
1097 2558 1217 2614 quae
1249 2542 1329 2597 sic
1360 2543 1436 2598 ait
1470 2563 1481 2597 :
1516 2562 1537 2595 ‹
1573 2542 1896 2613 Prophetam
1917 2557 2003 2596 vo-

436 2625 528 2692 bis
544 2637 831 2694 suscitabit
854 2636 1114 2692 Dominus
1150 2636 1293 2692 Deus
1327 2644 1528 2700 vester,
1579 2643 1835 2705 tanquam
1890 2651 1999 2699 me,

438 2732 587 2786 illum
612 2731 844 2786 audietis
867 2731 923 2785 in
976 2731 1233 2788 omnibus
1282 2744 1620 2802 quaecunque
1661 2730 1859 2785 dixerit
1906 2745 2002 2784 vo-

437 2823 525 2878 bis
556 2823 597 2877 ³.
636 2841 654 2876 ι
689 2820 803 2876 [Ioc
838 2822 1004 2892 igitur
1058 2837 1182 2876 cum
1236 2822 1471 2883 deesset,
1534 2821 1625 2877 ille
1688 2821 1999 2891 complevit,

439 2916 575 2969 alter
593 2915 845 2969 videlicet
875 2923 997 2983 post
1021 2913 1223 2969 Mosem
1258 2914 1435 2984 legum
1456 2922 1669 2980 auctor,
1701 2915 1791 2985 qui
1820 2930 1998 2970 veram

439 3005 692 3075 pietatem
732 3004 786 3058 in
828 3003 998 3059 Deum
1040 3005 1304 3068 universi,
1356 3005 1669 3061 hominibus
1720 3005 1995 3060 indicavit.

436 3100 593 3169 Quod
640 3101 784 3157 enim
834 3099 1013 3156 Moses
1054 3115 1165 3154 non
1213 3100 1533 3171 simpliciter
1587 3100 1730 3154 dicat
1770 3101 2002 3173 prophe-

438 3203 546 3246 tam
577 3199 970 3257 surrecturum,
1007 3190 1101 3247 sed
1154 3206 1277 3244 cum
1322 3190 1616 3252 additione,
1658 3200 1918 3262 tanquam
1945 3208 2005 3248 se
2030 3175 2072 3231 (ἶ

439 3293 486 3353 (ι
517 3282 833 3354 prophetam
856 3282 1023 3346 enim,
1042 3283 1237 3353 inquit,
1260 3282 1415 3336 vobis
1436 3281 1721 3338 suscitabit
1744 3281 2002 3337 Dominus

438 3376 583 3433 Deus
600 3386 776 3431 vester
791 3384 1047 3445 tanquam
1071 3391 1177 3442 me,
1197 3375 1344 3429 illum
1364 3374 1594 3429 audietis
1618 3374 1686 3442 ι),
1709 3374 1836 3444 quid
1857 3374 2003 3429 aliud

439 3467 667 3539 intelligi
699 3467 834 3530 vult,
865 3466 972 3521 nisi
998 3480 1121 3521 eum
1152 3464 1246 3535 qui
1300 3464 1685 3535 praediceretur
1732 3465 1831 3535 ipsi
1866 3464 2002 3520 Mosi

439 3559 778 3632 adaequatum
821 3572 943 3612 esse
997 3557 1323 3610 venturum?
1374 3555 1549 3611 Moses
1580 3562 1759 3610 autem
1806 3556 1998 3625 legem,

440 3658 503 3706 ut
541 3665 788 3707 summus
819 3647 964 3705 Deus
993 3648 1283 3711 coleretur,
1312 3656 1588 3718 posuerat.
1617 3648 1754 3719 Ergo
1777 3649 2005 3719 prophev

440 3758 547 3802 tam
584 3746 730 3802 hunc
777 3744 845 3799 de
892 3759 1002 3814 quo
1038 3742 1297 3797 vaticinia
1358 3741 1627 3803 feruntur,
1670 3742 1812 3813 quod
1864 3741 1999 3797 Mosi

440 3838 634 3894 similis
665 3836 883 3891 futurus
911 3844 1075 3898 esset,
1094 3834 1232 3905 legis
1262 3842 1537 3890 auctorem
1558 3835 1637 3888 illi
1666 3835 1896 3890 similem
1914 3852 2001 3890 ex-

442 3930 649 3984 stitisse
673 3942 773 3997 par
795 3932 900 3981 est.
924 3925 995 3977 At
1019 3925 1161 3979 enim
1177 3926 1425 3994 quamvis
1442 3926 1863 3981 innumerabiles
1879 3934 2000 3997 post

442 4019 640 4073 Mosem
656 4016 930 4088 prophetae
939 4015 1265 4078 exstiterint,
1280 4014 1346 4068 de
1360 4015 1511 4069 nullo
1529 4024 1705 4069 tamen
1729 4015 1833 4071 tale
1849 4018 2001 4071 testi-

441 4107 682 4163 monium
706 4106 975 4176 prolatum
997 4116 1101 4168 est,
1132 4104 1276 4174 quod
1306 4104 1441 4160 Mosi
1475 4105 1669 4161 similis
1706 4107 1991 4163 exstiterit.

442 4199 548 4269 27
565 4195 758 4252 Cuncti
788 4195 932 4250 enim
962 4194 1030 4248 ad
1065 4194 1214 4248 illum
1243 4195 1390 4264 ipsos
1414 4196 1758 4252 remittebant
1775 4198 2001 4254 audien-

442 4302 546 4345 tes.
577 4286 643 4342 Et
669 4303 801 4344 sane
832 4287 1009 4357 ipsum
1052 4286 1154 4341 hoc
1191 4286 1515 4342 testiﬁcatur
1548 4287 1851 4359 Scriptura,
1888 4307 1997 4345 non

444 4383 748 4439 surrexisse
777 4380 1091 4452 prophetam
1146 4378 1281 4434 Mosi
1325 4380 1579 4435 similem.
1618 4380 1803 4450 Neque
1837 4383 2001 4453 igitur

442 4474 727 4539 Jeremias,
761 4489 940 4544 neque
976 4470 1166 4533 Isaias,
1201 4486 1379 4541 neque
1406 4472 1546 4525 alius
1572 4472 1841 4542 quispiam
1871 4488 1999 4543 pro-

444 4567 728 4637 phetarum
769 4565 846 4619 illi
883 4565 1076 4620 similis
1110 4564 1294 4625 fuerit,
1324 4572 1607 4635 prepterea
1638 4565 1782 4635 quod
1821 4580 1890 4620 ne
1921 4566 1994 4620 le-

444 4674 570 4730 gum
596 4657 812 4729 quidem
842 4666 1032 4712 auctor
1072 4655 1173 4711 fuit
1204 4657 1419 4712 illorum
1469 4657 1686 4728 aliquis.
1714 4657 1850 4713 Cum
1872 4673 2000 4728 ergo

443 4765 511 4804 ex
534 4748 792 4803 vaticinio
822 4747 1009 4812 Mosis,
1040 4747 1304 4818 propheta
1336 4754 1391 4803 et
1419 4747 1697 4818 legislator
1726 4748 2003 4803 suscitan-

446 4842 550 4897 dus
569 4847 996 4911 exspectaretur,
1021 4839 1241 4894 advenit
1276 4838 1365 4894 hic
1394 4838 1577 4895 Jesus.
1613 4840 1703 4910 qui
1746 4840 2001 4896 Christus

447 4940 532 4988 est
569 4932 686 4999 Dei,
720 4931 892 5001 legem
916 4931 1130 4985 cunctis
1146 4935 1398 5004 gentibus
1417 4946 1654 5004 ponens,
1682 4939 1734 4986 et
1761 4947 1882 5002 quae
1910 4949 2004 4987 su-

447 5033 636 5093 perent
664 5024 836 5093 ipsam
859 5022 1030 5092 legem
1061 5031 1423 5091 pertractans.
1470 5021 1606 5078 Illud
1635 5024 1776 5079 enim
1809 5045 1823 5079 :
1862 5043 1880 5075 ι
1911 5023 2005 5078 Di-

450 5121 596 5167 ctum
622 5120 706 5168 est
726 5113 985 5182 antiquis,
1013 5127 1119 5167 non
1141 5113 1529 5179 mmchaberis;
1548 5129 1649 5184 ego
1667 5122 1845 5167 autem
1880 5115 2006 5169 dico

449 5202 606 5257 vobis
645 5217 754 5256 non
803 5203 1195 5273 concupiscere
1234 5201 1274 5268 ’ς
1319 5225 1339 5257 ι
1392 5211 1454 5256 et
1514 5202 1646 5257 illud
1686 5222 1698 5258 :
1742 5222 1759 5252 ι
1798 5204 2009 5259 Dictum

450 5302 536 5351 est
583 5295 842 5366 antiquis.
906 5310 1015 5350 non
1077 5295 1328 5360 occides;
1373 5310 1473 5364 ego
1527 5304 1704 5350 autem
1756 5295 1880 5352 dico
1913 5312 2009 5352 vo-

452 5388 558 5449 bis,
612 5402 681 5443 ne
733 5387 893 5441 irasci
955 5386 1172 5456 quidem
1227 5388 1268 5449 ⁵;
1316 5406 1335 5439 ι
1374 5386 1454 5444 'et
1479 5386 1609 5442 illud
1648 5405 1706 5441 ε(
1749 5385 1864 5442 Non
1900 5404 2008 5441 am-

452 5481 595 5551 plius
625 5478 1034 5551 Hierosolymis,
1081 5481 1174 5536 sed
1218 5481 1272 5533 in
1313 5481 1458 5533 omni
1500 5480 1619 5533 loco
1663 5477 1878 5534 adorari
1901 5483 1940 5539 ας
1987 5498 2006 5531 ι

463 5579 520 5624 et
555 5571 705 5636 illud,
735 5587 843 5628 non
874 5572 1032 5626 thure
1080 5578 1133 5625 et
1180 5572 1481 5633 sacriﬁciis,
1521 5590 1538 5620 ι
1577 5571 1672 5626 sed
1702 5571 1756 5625 in
1787 5571 2001 5640 spiritu,

523 5665 544 5696 ³
573 5662 729 5720 Deut.
766 5679 935 5725 xvm,
982 5662 1067 5717 15.

2105 1905 2232 1977 εἴπῃ
2258 1906 2385 1976 ὑμῖν
2415 1908 2443 1959 ὁ
2470 1909 2752 1978 προφήτης
2784 1910 3005 1971 ἐκεῖνος.
3039 1928 3058 1961 ι
3098 1910 3266 1963 Τοῦτο
3298 1911 3362 1982 δὴ
3394 1912 3453 1965 τὸ
3486 1912 3671 1967 λεῖπον
3732 1961 3741 1975 ,

2103 1995 2437 2067 ἀπεπλήρου,
2460 1996 2709 2069 δεύτερος
2723 1999 2865 2052 κατά
2917 2001 3119 2054 Μωσέα
3140 2001 3433 2075 νομοθέτης
3462 2005 3673 2082 ἀναφαυ

2103 2088 2214 2149 νεὶς
2241 2086 2540 2160 ἀνθρώπων
2568 2089 2666 2159 τῆς
2698 2088 2930 2159 ἀληθοῦς
2961 2090 3237 2154 εὐσεϐείας
3269 2092 3362 2146 τοῦ
3395 2094 3501 2147 τῶν
3532 2095 3671 2148 ὅλων

2103 2177 2257 2232 Θεοῦ.
2288 2178 2359 2230 Τὸ
2380 2178 2487 2251 γάρ
2523 2180 2596 2251 μὴ
2654 2181 2838 2245 ἁπλῶς
2876 2182 3103 2252 φάσκειν
3147 2184 3351 2238 Μωσέα
3383 2188 3669 2258 προφήτην

2104 2268 2519 2340 ἀναστήσεσθαι,
2549 2270 2682 2324 ἀλλά
2712 2272 2850 2342 μετά
2879 2272 3198 2345 προσθήκης
3230 2275 3349 2345 τῆς,
3383 2274 3457 2339 ὡς
3508 2275 3673 2335 αὐτὸν

2105 2362 2153 2427 (ι
2187 2361 2472 2431 προφήτην
2518 2360 2626 2433 γὰρ
2671 2362 2795 2433 ὑμῖν
2836 2356 3169 2435 ἀναστήσει,¹
3195 2367 3389 2436 φησὶν,
3417 2367 3671 2439 Κύριοςό

2102 2447 2233 2513 Θεὸς
2270 2450 2442 2521 ὑμῶν,
2478 2452 2553 2515 ὡς
2594 2453 2713 2522 ὲμέ·
2755 2454 2919 2507 αὐτοῦ
2969 2455 3263 2509 ἀκούσεσθε
3302 2457 3446 2529 »),τί
3484 2458 3671 2528 ἓτερον

2103 2541 2289 2613 ἐδήλου
2308 2584 2322 2607 ,
2360 2544 2392 2614 ἦ
2420 2544 2501 2598 ὅτι
2528 2544 2674 2615 αύτῴ
2722 2547 2911 2599 Μωσεῖ
2939 2548 3318 2618 παρισωμένος
3344 2565 3428 2612 τις
3447 2548 3670 2619 ἔμελλεν

2101 2636 2131 2686 ὁ
2160 2634 2696 2709 θεσπιζόμενος(4“¹)
2724 2655 2738 2703 ;
2763 2638 2968 2708 Μωσῆς
2999 2639 3055 2691 δὲ
3075 2640 3364 2710 νομοθέτης
3390 2641 3672 2707 εὐσεϐείας

2100 2722 2170 2797 ῆν
2212 2726 2305 2780 τοῦ
2348 2729 2441 2781 ἐπὶ
2488 2728 2703 2782 πάντων
2751 2729 2906 2783 Θεοῦ.
2950 2731 3157 2785 Οὐκοῦν
3207 2733 3300 2785 καὶ
3339 2733 3427 2787 τὸν
3452 2750 3670 2807 προφη-

2101 2820 2409 2890 τευόμενον,
2434 2822 2604 2892 ὅσπερ
2624 2820 2845 2892 ἔμελλεν
2869 2822 3052 2892 ὅμοιος
3104 2824 3426 2895 γενήσεσθαι
3454 2827 3667 2889 Μωσεῖ,

2102 2911 2395 2984 νομοθέτην
2458 2913 2649 2984 ἐκείνῳ
2709 2913 3086 2985 παραπλήσιον
3150 2912 3309 2983 φῦναι
3371 2914 3517 2978 είκὺς
3576 2911 3669 2987 ἦν.

2100 3004 2325 3074 Μυρίων
2370 3002 2499 3072 γοῦν
2546 3003 2686 3075 μετὰ
2731 3003 2902 3057 ταῦτα
2945 3004 3235 3076 προφητῶν
3271 3006 3407 3075 μετά
3462 3007 3675 3061 Μωσέα

2102 3095 2399 3165 γεγονότων
2422 3135 2436 3157 ,
2505 3096 2676 3155 οὐδεὶς
2730 3096 2913 3167 ὅμοιος
2976 3098 3164 3150 Μωσεί
3226 3097 3667 3169 μεμαρτύρηταιο

2105 3188 2305 3251 πάντες
2348 3188 2456 3260 γὰρ
2505 3188 2584 3252 είς
2614 3190 2815 3243 ἐκεῖνον
2859 3188 3173 3260 ἀνέπεμπον
3216 3192 3339 3253 τοὺς
3384 3189 3678 3260 ἀκροωμέ-

2108 3295 2248 3340 νους.
2289 3279 2569 3351 Μαρτυρεῖ
2614 3278 2660 3331 δ’
2691 3275 2784 3332 οὖν
2808 3281 2841 3349 ή
2886 3280 2925 3331 Γ
2932 3280 3096 3351 ραφὴ,
3140 3281 3221 3333 ὅτι
3249 3282 3347 3333 οὐκ
3375 3282 3673 3353 ἐγήγερται

2104 3372 2384 3442 προφήτης
2413 3371 2595 3441 ὅμοιος
2626 3370 2864 3435 Μωσέως
2897 3388 2911 3401 ο
2947 3372 3069 3425 οὔτε
3101 3368 3193 3426 οὖν
3233 3371 3518 3443 Ἱερεμίας,
3546 3372 3674 3426 οὔτε

2116 3455 2358 3525 Ἡσαΐας,
2390 3461 2511 3514 οὔτε
2545 3479 2626 3534 τις
2648 3462 2830 3533 ἕτερος
2857 3462 2965 3517 τῶν
2999 3464 3288 3535 προφητῶν
3319 3466 3502 3535 ὅμοιος
3521 3465 3677 3537 αὐτῷ

2103 3553 2168 3606 ἂν
2198 3553 2306 3624 εἴη,
2355 3552 2539 3625 ἐπειδὴ
2588 3555 2720 3625 μηδὲ
2772 3550 2852 3618 εἷς
2900 3554 3101 3608 τούτων
3134 3555 3428 3628 νομοθέτης
3484 3558 3679 3612 ἀναδέ-

2100 3644 2325 3697 δεικται.
2373 3645 2826 3716 Προσδοκωμένου
2906 3645 3081 3699 τοίνυν
3126 3645 3220 3697 τοῦ
3283 3646 3422 3698 κατὰ
3466 3647 3677 3710 Μωσέα

2105 3736 2385 3806 μέλλοντος
2417 3737 2810 3809 ἀναστήσεσθαι
2842 3738 3117 3808 προφήτου
3147 3754 3204 3789 τε
3228 3738 3323 3791 καὶ
3357 3738 3674 3807 νομοθέτου,

2101 3830 2281 3901 παρῆν
2311 3823 2465 3892 οὗτος
2504 3830 2708 3900 Ἰησοῦς
2734 3832 2762 3883 ὁ
2786 3829 3017 3900 Χριστὸς
3048 3828 3142 3882 τοῦ
3170 3828 3327 3895 Θεοῦ,
3369 3831 3675 3903 νομοθετῶν

2104 3922 2233 3974 πᾶσι
2256 3924 2366 3985 τοῖς
2383 3921 2578 3987 ἔθνεσι,
2592 3923 2685 3974 καὶ¹
2699 3920 2766 3974 τά
2780 3921 2919 3993 ὑπὲρ
2931 3920 3091 3991 νόμον
3106 3920 3580 3993 διαπραττόμενος.
3597 3924 3676 3977 Τὸ

2098 4014 2228 4085 γάρ*
2263 4032 2281 4063 ι
2331 4011 2553 4083 Ἐλέχθη
2582 4015 2693 4075 τοῖς
2719 4012 2982 4084 ἀρχαίοις*
3013 4013 3086 4065 Οὐ
3119 4012 3421 4083 μοιχεύσεις
3439 4030 3453 4043 σ
3479 4012 3589 4082 ἐγὼ
3612 4014 3677 4067 δὲ

2098 4106 2239 4174 λέγω
2298 4106 2444 4176 ὑμῖν,
2505 4104 2641 4176 μηδὲ
2693 4104 2998 4175 ἐπιθυμεῖν·
3040 4123 3059 4156 ι
3099 4107 3192 4159 καὶ
3242 4106 3332 4159 to"
3359 4126 3378 4157 ι
3446 4106 3672 4179 Ἐλέχθη

2099 4201 2210 4261 τοῖς
2242 4198 2504 4270 ἀρχαίοις,
2536 4199 2610 4251 Οὐ
2638 4197 2944 4267 φονεύσεις·
2986 4196 3096 4265 ἐγὼ
3129 4197 3185 4250 δὲ
3214 4198 3354 4265 λέγω
3380 4199 3507 4269 ὑμῖν
3534 4200 3675 4270 μηδὲ

2098 4289 2407 4361 ὀργίζεσθαι
2430 4307 2444 4320 ο
2483 4289 2665 4343 καὶτὸ
2693 4290 2887 4361 μηκέτι
2928 4290 2986 4343 ὲν
3026 4290 3430 4363 Ἰεροσολύμοις,
3467 4293 3579 4347 ἀλλ’
3610 4296 3676 4347 ἐν

2099 4383 2261 4436 παντὶ
2290 4383 2437 4453 τόπῳ
2464 4384 2783 4453 προσκυνεῖν
2801 4399 2813 4411 °
2840 4383 2932 4435 καὶ
2962 4383 3023 4434 τὸ
3051 4383 3124 4454 μὴ
3149 4384 3428 4455 λιϐανωτῷ
3453 4386 3545 4439 καὶ
3574 4386 3678 4440 θυ-

2102 4476 2264 4540 σίαις,
2291 4495 2309 4526 ι
2332 4477 2389 4527 ὲν
2414 4475 2683 4546 πνεύματι
2707 4474 2766 4527 δὲ
2786 4475 2878 4527 καὶ
2897 4474 3123 4546 ἀληθείᾳ
3156 4496 3174 4527 ι
3196 4476 3513 4549 θρησκεύειν
3529 4495 3544 4510 ·
3577 4481 3679 4535 καὶ

2101 4570 2203 4622 ὅσα
2228 4567 2447 4621 τοιαῦτα
2473 4569 2623 4639 ἐνκτῇ
2658 4567 2820 4621 αὐτοῦ
2853 4566 3073 4638 φέρεται
3106 4568 3439 4643 διδασκαλίᾳ,
3471 4575 3676 4627 πανσό-

2106 4677 2207 4730 φου
2238 4655 2304 4730 ὴν
2332 4659 2588 4731 ἄντικρυς
2615 4660 2708 4713 καὶ
2742 4660 3076 4713 τελειοτάτου
3111 4661 3419 4730 νομοθέτου.
3453 4665 3544 4718 Διὸ
3574 4668 3677 4720 καὶ

2104 4754 2154 4805 oi
2180 4750 2513 4822 ἀκροώμενοι
2547 4770 2564 4803 ι
2588 4751 2987 4823 ἐξεπλήττοντο,
3022 4771 3040 4802 ι
3067 4754 3227 4823 φησὶν
3255 4756 3286 4826 ή
3316 4754 3432 4809 θεία
3457 4756 3673 4828 Γραφὴ,

2111 4862 2129 4893 ι
2168 4843 2248 4895 ὅτι
2277 4842 2549 4895 ἐδίδασκεν
2578 4843 2758 4905 αὐτοῖς
2800 4842 2874 4905 ὡς
2903 4841 3148 4909 ἐξουσίαν
3182 4845 3336 4916 ἔχων,
3364 4847 3456 4900 καὶ
3471 4848 3568 4917 οὐχ
3595 4848 3677 4912 ὡς

2107 4934 2155 4985 οἱ
2182 4935 2524 5002 γραμματεῖς
2562 4932 2738 4986 αὐτῶν
2768 4933 2860 4985 καὶ
2887 4935 2935 4987 οἱ
2977 4936 3275 5008 Φαρισαῖοι.
3318 4956 3337 4988 ι
3370 4938 3478 4991 Καὶ
3512 4938 3678 4993 τοῦτο

2105 5023 2279 5075 τοίνυν
2309 5023 2369 5075 τὸ
2393 5022 2601 5090 λεῖπονι
2626 5025 2691 5093 τῇ
2746 5024 2987 5089 Μωσέως
3023 5027 3325 5099 προφητείᾳ
3362 5028 3538 5097 λόγιον
3566 5031 3679 5084 ἀπ-

2106 5112 2371 5186 επλήρουο
2400 5114 2656 5177 ὡσαύτως
2681 5114 2847 5168 δὲκαὶ
2886 5116 2955 5170 τὰ
2987 5117 3147 5172 λοιπά
3176 5119 3282 5171 τῶν
3326 5123 3676 5191 προφητειῶν

2106 5204 2213 5257 τῶν
2242 5205 2365 5276 περὶ
2412 5205 2597 5265 αὑτοῦ.
2638 5206 2731 5259 καὶ
2774 5208 2902 5278 περὶ
2943 5209 3038 5278 τῆς
3064 5208 3169 5261 τῶν
3215 5208 3382 5263 ἐθνῶν
3428 5211 3678 5283 κλήσεως

2108 5296 2467 5367 θεσπίσματα.
2500 5297 2690 5365 Γέγονε
2724 5300 2897 5353 τοίνυν
2927 5300 3211 5371 πληρωτὴς
3245 5302 3336 5356 τοῦ
3383 5303 3544 5375 νόμου
3576 5307 3678 5359 καὶ⁵

2111 5388 2217 5444 τῶν
2250 5390 2562 5462 προφητῶν,
2595 5393 2693 5457 τάς
2723 5394 2849 5464 περὶ
2881 5394 3071 5447 ἑαυτοῦ
3105 5399 3437 5470 προρρήσεις
3467 5400 3546 5460 είς
3569 5399 3675 5451 vrt-

2113 5499 2212 5552 ρας
2242 5480 2492 5551 ἀγαγών·
2536 5483 2629 5537 καὶ
2661 5485 2819 5555 μέχρι
2855 5484 2949 5555 μὲν
2975 5485 3138 5538 αὑτοῦ
3181 5490 3379 5558 στήσας
3412 5487 3499 5541 τὸν
3534 5489 3639 5558 πρό
3657 5518 3675 5528 -

2109 5590 2263 5645 τερον
2295 5574 2475 5643 νόμον,
2498 5576 2735 5647 ἀρχηγὸς
2765 5576 2819 5629 δὲ
2848 5577 3135 5646 ἀναφανεὶς
3163 5579 3412 5650 δευτέρου
3439 5578 3531 5633 τοῦ
3558 5581 3677 5645 τοῖς

1144 5667 1165 5693 ⁵
1196 5661 1380 5727 Matth,
1412 5679 1464 5725 γ,
1500 5661 1687 5716 27—28.
1764 5664 1784 5694 '
1814 5661 1949 5716 Ibid.
1983 5661 2168 5720 2l-22.
2247 5666 2266 5697 ⁶
2295 5663 2452 5720 Joan.
2490 5682 2562 5731 tv,
2590 5668 2677 5722 2i.

521 5758 663 5831 (4⁸⁸⁸)
695 5757 992 5815 Desiderari
1044 5756 1256 5814 videtur
1279 5752 1435 5821 εἶναι,
1466 5757 1544 5812 vel
1581 5755 1913 5812 ἐλεύσεσθαι.
1942 5756 2126 5819 Eum!
