3942 6258
188 425 212 541 i

232 300 295 361 τι

1133 300 1790 358 DEMONSTRATIONIS
1823 300 2290 393 EVANGELICE
2327 304 2456 362 LIB.
2496 301 2539 361 l.

3408 313 3473 366 73

238 426 497 489 πολιτείας
525 425 746 495 τρόπος.
780 425 836 478 ’0
854 424 898 477 δ’
915 423 1271 495 ὐποδεϐηκὼς
1295 422 1798 493 ἀνθρωπινώτερος,

1904 422 2185 478 vinitatem
2221 424 2394 495 ipsam
2424 424 2705 494 placantes
2743 441 2905 483 suum
2934 435 2990 484 et
3032 441 3133 499 pro
3165 427 3385 498 seipsis,
3419 440 3475 484 et

232 512 330 581 οἷος
347 518 442 571 καὶ
465 517 665 587 γάμοις
683 516 1027 585 ωγκατιέναι
1042 513 1281 586 σώφροσι
1306 514 1398 568 καὶ
1415 512 1798 579 παιδοποιίαις,

210 608 534 691 ὀἰκονομίας
556 627 616 662 τε
661 608 1054 679 ἐπιμελεῖσθαι,
1087 610 1201 672 τοῖς
1240 625 1297 661 τε
1336 607 1479 662 κατὰ
1508 608 1568 661 τὸ
1598 607 1801 663 δίκαιον

234 701 677 772 στρατευομένοις
706 701 774 754 τὰ
804 700 1053 772 πρακτέα
1100 698 1469 763 ὑποτίθεσθαι,
1498 698 1681 772 ἀγρῶν
1717 719 1798 765 τε,

234 792 317 845 καὶ
344 792 639 862 ἐμπορίας,
668 793 762 846 καὶ
789 793 886 862 τῆς
921 791 1087 862 ἄλλης
1117 790 1545 863 πολιτικωτέρας
1579 793 1800 862 ἀγωγῆς

235 882 362 953 μετὰ
413 881 511 935 τοῦ
555 880 843 945 θεοσεϐοῦς
896 882 1218 951 φροντίζειν,
1266 875 1347 945 οἷς
1374 882 1468 935 καὶ
1518 883 1801 954 ἀσκήσεως

231 973 422 1044 καιροὶ,
450 971 752 1042 μαθητείας
776 989 834 1024 τε
857 973 947 1024 καὶ
976 971 1083 1025 τῶν
1104 971 1261 1025 θείων
1292 970 1464 1040 λόγων
1489 974 1801 1047 ἀκροάσεως

233 1065 424 1137 ἡμέραι
470 1064 883 1137 ὰφωρίσθησαν.
931 1065 1039 1117 Καί
1070 1082 1154 1129 τις
1194 1065 1402 1129 τούτοις
1438 1065 1685 1136 δεύτερος
1713 1068 1802 1120 εὖ..

234 1157 438 1221 σεδείας
484 1155 805 1229 ἁπενεμήθη
849 1155 1083 1227 βαθμὸς,
1129 1154 1459 1230 κατάλληλον
1509 1159 1587 1230 τῷ
1623 1159 1801 1230 τοιῳδὶ

238 1248 326 1319 βίῳ
358 1250 615 1320 παρέχων
643 1250 743 1320 τὴν
768 1249 1054 1319 ὠφέλειαν,
1082 1252 1158 1314 ὡς
1193 1251 1394 1322 μηδένα
1428 1252 1674 1322 ἀμοιρεῖν
1702 1252 1801 1322 τῆς

239 1342 491 1413 σωτηρίου
525 1343 844 1411 ἐπιφανείας
869 1360 881 1371 ·
924 1343 1031 1395 πᾶν
1054 1341 1110 1396 δὲ
1140 1344 1295 1411 γένος
1331 1344 1652 1415 ἀνθρώπων,
1691 1345 1803 1398 Ἐλ-

236 1426 398 1503 λήνων
411 1433 550 1503 ὁμοῦ
568 1434 661 1487 καὶ
683 1433 995 1506 βαρὸἀρων,
1016 1433 1116 1504 τῆς
1134 1434 1492 1506 εὐαγγελικῆς
1506 1434 1798 1490 ἀπολαύειν

241 1523 587 1589 διδασκαλίας.

1904 529 2006 586 pro
2032 515 2174 581 aliis,
2228 517 2322 587 qui
2355 517 2598 585 ejusdem
2629 518 2738 573 sint
2782 519 3000 589 generis
3033 560 3048 584 ,
3091 519 3475 575 administrant

1906 606 2297 663 sacerdotium.
2337 609 2445 679 30
2473 608 2537 664 Et
2556 609 2683 664 talis
2713 612 2931 679 quidem
2985 612 3205 668 exsistit
3237 613 3291 667 in
3315 611 3475 667 Chri-

1905 698 2194 755 stianismo
2218 698 2497 770 perlectus
2541 701 2664 756 vita:
2692 702 2907 758 modus.
2945 702 3093 758 Alter
3124 719 3253 758 vero
3282 705 3475 759 remis-

1906 792 2020 847 sior
2069 800 2233 864 atque
2264 794 2592 862 humanior;
2627 794 2717 850 hic
2745 804 2798 851 et
2831 796 3076 852 modesto
3110 798 3390 869 coniugio,
3422 806 3476 853 et

1906 878 2113 940 sobolis
2136 887 2522 955 procuratione
2543 887 2875 958 implicatur,
2897 897 2950 944 et
2973 890 3051 944 rei
3079 888 3365 948 familiaris
3380 907 3478 946 cu-

1911 989 2028 1029 ram
2052 978 2303 1042 assumit,
2338 987 2391 1033 et
2414 980 2561 1048 juste
2594 980 2985 1044 militantibus,
3015 997 3136 1051 qua:
3161 982 3272 1036 sint
3311 998 3479 1053 agen-

1906 1067 1996 1133 da,
2028 1066 2289 1125 describit
2317 1088 2329 1123 :
2354 1086 2513 1141 agros
2534 1088 2773 1142 quoque,
2792 1081 2847 1127 et
2872 1081 3259 1137 mercaturam,
3279 1074 3475 1129 alium-

1904 1174 2010 1230 que
2045 1162 2215 1230 magis
2244 1161 2460 1217 civilem
2520 1162 2735 1217 vivendi
2784 1179 3015 1227 morem,
3055 1163 3313 1232 adjuncta
3346 1165 3475 1220 reli-

1905 1253 2065 1323 gione
2093 1268 2200 1307 non
2235 1254 2458 1325 negligit
2488 1273 2501 1309 :
2529 1255 2596 1311 iis
2623 1264 2804 1311 autem
2831 1257 2924 1327 qui
2955 1258 3103 1313 hunc
3127 1259 3346 1313 modum
3365 1259 3479 1313 cle-

1904 1351 2121 1413 gerunt,
2176 1352 2229 1400 et
2270 1347 2724 1402 exercitationum
2774 1357 3057 1418 tempora,
3101 1358 3156 1404 et
3202 1350 3475 1415 discendi,

1902 1436 2236 1505 verbumque
2282 1438 2527 1492 divinum
2574 1440 2865 1506 audiendi,
2898 1442 3033 1496 certi
3060 1441 3179 1498 dies
3212 1443 3474 1513 assignati

1902 1537 2031 1581 sunt
2068 1545 2083 1581 :
2118 1537 2171 1583 et
2208 1529 2292 1585 his
2334 1531 2555 1601 quidem
2600 1533 2877 1589 secundus
2919 1535 3137 1603 pietatis
3173 1534 3473 1589 attributus

242 1621 559 1690 estgradus,
590 1621 721 1675 dum
756 1631 936 1693 aptam
969 1624 1097 1680 huic
1131 1625 1233 1696 ipsi
1280 1624 1464 1695 generi
1517 1623 1640 1678 vitae
1688 1624 1891 1693 praebet
1932 1625 2241 1691 utilitatem,
2274 1634 2333 1680 ut
2398 1629 2581 1685 nullus
2644 1630 2803 1701 plane
2852 1632 2922 1687 ab
2977 1631 3211 1688 adventu
3250 1634 3479 1688 salutari

244 1723 529 1784 separetur,
574 1718 671 1771 sed
725 1734 888 1775 omne
934 1735 1106 1792 genus
1173 1721 1453 1776 hominum
1493 1727 1606 1773 tam
1644 1720 2025 1788 barbarorum,
2061 1736 2222 1791 quam
2273 1721 2609 1790 Graecorum,
2664 1727 2989 1799 evangelicae
3029 1728 3294 1783 doctrina:
3362 1727 3479 1782 l'ru-

246 1816 374 1862 ctum
396 1809 681 1879 percipiat.

753 1930 1149 1984 ΚΕΦΑΛΑΙΘΝ
1192 1929 1268 1983 8'.

252 2018 304 2071 Τί
343 2016 560 2099 δήποτε
586 2018 723 2143 fit
747 2022 960 2090 ὁμοίως
1020 2022 1145 2087 τοῖς
1186 2024 1461 2089 παλαιοῖς
1512 2024 1609 2077 καὶ
1666 2020 1800 2091 παρ’

380 2091 523 2143 ritur
551 2108 583 2142 τ
652 2107 759 2143 τηρ
787 2092 1189 2143 πολυπαιδίαο
1232 2093 1646 2143 σπουδάζεται.

380 2091 523 2158 ἡμῖν
551 2091 625 2143 τὰ
652 2091 759 2157 τῆς
787 2092 1189 2159 πολυπαιδίας
1232 2093 1646 2155 σπουδάζεται.

304 2179 509 2235 Τούτων
540 2175 643 2235 ὧδε
674 2184 926 2253 ἑχόντων,
966 2183 1198 2256 ζητήσαι
1245 2186 1311 2240 ἄν
1371 2203 1454 2250 τις
1484 2186 1728 2253 εἰκότως,
1755 2190 1803 2242 εί

244 2270 297 2342 δὴ
316 2272 450 2325 κατὰ
473 2275 601 2337 τοὺς
629 2275 794 2328 πάλαι
818 2275 911 2328 καὶ
937 2277 1073 2345 πρὸς
1098 2277 1395 2343 Μωῦσέως,
1419 2277 1685 2347 θεοφιλεῖς
1711 2280 1804 2333 ἄνα

243 2359 359 2432 δρας
385 2363 482 2433 τὴν
506 2362 603 2416 τοῦ
631 2364 880 2435 Σωτῆρος
899 2365 1054 2436 ἡμῶν
1078 2367 1437 2439 εὐαγγελικὴν
1457 2368 1804 2423 διδασκαλίαν

242 2449 494 2505 θεωεδείν
561 2454 913 2508 ὑποτίθεσθαί
945 2474 1152 2527 φαμεν·
1195 2457 1322 2528 μίαν
1345 2476 1403 2511 τε
1435 2459 1591 2530 ἡμῶν
1611 2477 1671 2512 τε
1701 2462 1801 2514 κά-

243 2543 417 2597 κείνων
474 2545 777 2611 εὐσέϐειαν,
830 2548 925 2601 καὶ
969 2547 1105 2601 Θεοῦ
1145 2550 1343 2621 γνῶσιν
1384 2551 1483 2623 τὴν
1516 2553 1715 2623 αὐτήν
1749 2553 1803 2605 τί

241 2633 363 2705 δῆτα
387 2636 436 2689 οἱ
464 2636 568 2706 μὲν
612 2638 743 2708 περὶ
791 2640 1001 2710 γάμους
1036 2641 1130 2693 καὶ
1167 2642 1508 2706 παιδοποιίας
1543 2643 1804 2715 πλείστην

240 2726 442 2796 εἰσῆγον
475 2728 733 2800 σπουδὴν,
769 2732 901 2801 ἡμῖν
928 2732 985 2785 δὲ
1003 2732 1162 2786 τοῦτο
1186 2734 1579 2806 παραμελεῖται
1607 2736 1668 2789 τὸ
1704 2736 1802 2806 μέ-

241 2833 339 2887 ρος.
371 2820 481 2873 Καὶ
512 2822 675 2877 πάλιν
700 2825 748 2876 οί
781 2823 879 2894 μὲν
908 2828 1025 2889 ταῖς
1041 2826 1128 2879 διὰ
1155 2825 1309 2891 ζώων
1331 2827 1543 2893 θυσίαις
1571 2828 1805 2895 ὲξιλεού-

239 2926 377 2979 μενοι
391 2913 483 2966 τὸν
503 2913 636 2969 Θεὸν
661 2916 1073 2988 ἀνεγράφησαν
1098 2922 1229 2990 ἡμῖν
1258 2918 1314 2971 δὲ
1331 2919 1597 2973 καὶτοῦτο
1629 2921 1803 2993 πράτ-

236 3016 359 3070 τειν,
391 3004 467 3071 ὥς
496 3025 547 3060 τι
578 3007 686 3061 τῶν
718 3009 966 3075 ἀνοσίων,
992 3012 1383 3083 ἀπηγόρευται.
1406 3011 1509 3064 Δύο
1541 3012 1649 3084 γὰρ
1669 3013 1805 3083 μόνα

232 3096 412 3163 ταῦτα,
447 3100 509 3153 οὐ
545 3102 775 3171 σμικρὸν
809 3101 998 3172 ἔχοντα
1043 3102 1219 3171 λόγον,
1249 3103 1446 3168 δόξειεν
1474 3103 1539 3157 ἂν
1570 3108 1679 3170 τοῖς
1715 3107 1804 3175 ὑφ’

234 3192 381 3263 ἡμῶν
426 3194 739 3265 εἰρημένοις
792 3196 1152 3259 ἀντιπίπτειν,
1200 3197 1274 3257 ὡς
1335 3196 1409 3267 μὴ
1456 3196 1599 3251 κατὰ
1632 3197 1807 3252 ταῦτα

2503 1928 2733 1985 CAPUT
2772 1930 2860 1987 ιχ.

1906 2015 2079 2085 Quam
2133 2017 2197 2072 ob
2220 2035 2442 2074 causam
2467 2037 2576 2095 non
2604 2030 2661 2095 ut
2686 2022 2851 2091 prisci
2903 2022 3112 2095 illi,ita
3151 2041 3243 2078 nos
3278 2039 3482 2095 quoque

2133 2105 2427 2146 numerosae
2487 2090 2655 2146 soboli
2688 2090 2930 2162 cperam
2981 2092 3192 2148 damus.

1970 2176 2108 2234 Cum
2142 2180 2259 2236 hac
2288 2180 2364 2237 ita
2390 2196 2449 2236 se
2471 2180 2745 2249 habeant,
2800 2185 2998 2239 merito
3053 2184 3251 2256 aliquis
3280 2189 3480 2256 quaesi-

1903 2270 2028 2338 erit,
2057 2272 2103 2327 si
2126 2286 2256 2328 vere
2287 2272 2527 2328 dicimus
2555 2273 2624 2334 ab
2645 2275 2956 2344 evangelica
2976 2274 3275 2332 Salvatoris
3301 2280 3477 2334 nostri

1903 2364 2175 2430 doctrina,
2209 2376 2329 2418 eam
2360 2362 2530 2417 divini
2567 2363 2750 2417 cultus
2784 2364 3051 2419 rationem
3079 2364 3475 2437 doceri.quam

1901 2446 2074 2525 prisci
2102 2455 2201 2517 illi,
2230 2455 2321 2524 qui
2343 2462 2469 2509 ante
2498 2454 2704 2510 Moscm
2730 2455 2983 2525 religiose
3010 2462 3066 2511 et
3119 2464 3308 2511 sancte
3323 2459 3478 2511 vixe-

1902 2554 2053 2611 runt,
2072 2544 2247 2599 secuti
2273 2552 2403 2597 sunt
2436 2563 2449 2598 :
2496 2559 2771 2615 unamque
2808 2560 2931 2600 esse
2962 2552 3017 2601 et
3046 2554 3313 2608 nostram,
3346 2554 3399 2600 et
3420 2548 3481 2600 il-

1902 2638 2081 2693 lorum
2110 2636 2448 2706 religionem,
2490 2637 2829 2707 eandemque
2857 2636 2927 2693 de
2959 2637 3070 2693 Deo
3097 2639 3425 2693 sententiam
3460 2654 3476 2693 :

1902 2745 2153 2802 quaenam
2206 2745 2374 2785 causa
2409 2732 2481 2785 sit
2511 2770 2527 2794 ,
2559 2739 2618 2785 ut
2654 2730 2733 2785 illi
2767 2732 2989 2801 quidem
3046 2733 3102 2785 in
3165 2733 3372 2802 nuptiis
3424 2740 3482 2787 et

1903 2823 2284 2894 procreatione
2315 2823 2610 2877 liberorum
2644 2822 2939 2893 plurimum
2976 2823 3140 2879 studii
3172 2824 3475 2893 posuerint,

1904 2929 2005 2970 nos
2036 2930 2167 2969 vero
2193 2914 2333 2968 hanc
2362 2925 2569 2985 partem
2599 2914 2959 2985 negligamus.
2978 2914 3108 2968 ltem
3138 2931 3264 2969 cum
3289 2914 3355 2971 de
3371 2916 3482 2972 illis

1905 3007 2167 3074 scriptum
2203 3005 2294 3069 sit,
2345 3006 2489 3075 quod
2539 3005 2854 3059 animalium
2894 3006 3136 3060 caedibus
3172 3006 3338 3061 Deum
3369 3010 3481 3076 pla-

1906 3102 2114 3158 carent,
2142 3110 2241 3149 cur
2273 3095 2347 3149 ita
2380 3109 2483 3149 nos
2540 3095 2685 3149 istud
2739 3095 2918 3151 facere
2943 3138 2957 3160 ,
3000 3098 3158 3166 quasi
3203 3096 3477 3153 nefarium

1906 3188 2185 3259 quidpiam
2264 3196 2319 3243 et
2402 3187 2729 3257 sacrilegum
2768 3227 2782 3252 ,
2870 3188 3277 3258 prohibeamur.
3352 3188 3480 3244 Haec

234 3283 316 3337 τὸν
348 3284 582 3339 παλαιὸν
618 3286 898 3350 σωζόντων
944 3288 1043 3357 τῆς
1091 3287 1371 3351 εὐσεϐείας
1416 3288 1639 3360 τρόπον.
1693 3291 1800 3343 Καὶ

1907 3281 2053 3335 enim
2091 3280 2200 3334 duo
2238 3281 2502 3335 duntaxat
2537 3323 2552 3346 ,
2600 3296 2721 3349 quae
2781 3294 2913 3335 sane
2954 3281 3099 3336 haud
3152 3282 3301 3351 parvi
3362 3296 3504 3336 mo-.

236 3375 361 3446 πρὸς
394 3376 550 3430 ταῦτ’
579 3373 674 3431 οὖν
736 3371 947 3433 τοιάνδε
996 3378 1147 3432 λύσιν
1191 3379 1250 3446 ἐξ
1297 3379 1476 3433 αὐτῶν
1538 3382 1802 3454 πάρεστιν

236 3466 586 3535 ἀναλέξασθαι
615 3468 724 3523 τῶν
744 3468 933 3543 [παρ’]
967 3470 1235 3543 Ἑϐραίοις
1249 3471 1443 3541 λογίων
1465 3491 1480 3504 ·
1499 3475 1549 3527 οί
1569 3475 1666 3544 μὲν
1697 3477 1803 3546 πρὸ

233 3557 497 3624 Min-Baio);
530 3562 618 3614 ἐπ’
644 3561 900 3635 εὐσεϐείᾳ
932 3565 1433 3635 μεμαρτυρημένοι,
1460 3567 1634 3639 ἀρχὴν
1654 3568 1803 3638 ἔχον-

230 3665 316 3714 τος
342 3653 463 3706 τότε
484 3654 581 3707 καὶ
615 3655 1003 3725 συνισταμένου
1027 3654 1120 3708 τοῢ
1150 3655 1285 3726 βίου,
1316 3657 1567 3725 γενέσθαι
1598 3677 1804 3731 μνημο-

233 3745 497 3799 νεύονται·
529 3745 602 3801 τὰ
626 3746 685 3799 δὲ
715 3746 837 3800 καθ’
874 3748 1022 3817 ἡμᾶς
1056 3748 1183 3819 περὶ
1229 3748 1380 3812 τέλος
1412 3748 1675 3807 ἐλαύνειν.
1711 3752 1803 3804 Διὸ

232 3840 333 3901 τοῖς
366 3840 465 3908 μὲν
497 3839 897 3905 σπουδάζεσθαι
920 3841 1018 3912 τὴν
1043 3841 1151 3894 τῶν
1176 3841 1434 3913 διαδόχων
1464 3845 1703 3899 ἐπίδοσιν
1723 3847 1802 3908 είς

230 3930 455 3985 ἰολυανθ
462 3932 699 4004 ρωπίαν,
717 3933 970 3999 αὔξοντος
991 3938 1109 3990 κατ’
1137 3940 1311 3991 έκεῖνο
1328 3938 1540 4011 καιροῦ,
1558 3941 1653 3993 καὶ
1667 3939 1804 4009 πλη-

226 4022 493 4089 θύνοντος,
548 4025 632 4088 είς
666 4026 850 4097 ἀκμήν
888 4043 948 4079 τε
990 4030 1268 4099 προίόντος
1307 4030 1398 4083 τοῦ
1453 4030 1561 4085 τῶν
1593 4029 1803 4103 ἀνθρώ-

229 4132 342 4169 sum
365 4118 560 4185 γένους
580 4132 593 4145 ·
618 4118 750 4187 ἡμῖν
775 4117 831 4170 δὲ
860 4118 934 4188 μὴ
962 4118 1165 4190 σφόδρα
1188 4137 1269 4173 τοι
1304 4120 1459 4173 τοῦτο
1495 4121 1697 4191 μέλειν,
1726 4122 1802 4185 ὡς

226 4206 290 4258 ἂν
319 4207 421 4277 ἤδη
443 4206 554 4260 τῶν
585 4209 927 4280 πραγμάτων
950 4209 1242 4278 φθινόντων
1276 4213 1369 4265 καὶ
1394 4211 1796 4282 ἀποληγόντων,

226 4297 316 4350 ἐπὶ
345 4298 523 4369 πέρας
553 4316 613 4352 τε
638 4299 862 4370 ἔσχατον
888 4300 1237 4366 ἐλαυνόντων,
1258 4303 1550 4375 διαρρήδην
1586 4305 1684 4374 τῆς
1704 4304 1800 4358 τοῦ

229 4386 338 4454 βίον
385 4390 718 4454 συντελείας,
765 4393 871 4464 πρὸ
908 4393 1006 4463 τῆς
1051 4394 1408 4464 εὐαγγελικῆς
1451 4396 1801 4459 διδασκαλίας

225 4478 315 4533 ἐπὶ
345 4480 540 4551 θύραις
582 4480 828 4534 ἐλαύνειν
858 4480 1172 4553 λεγομένης,
1220 4483 1568 4547 ἀνανεώσεως
1603 4502 1660 4537 τε
1706 4486 1800 4538 καὶ

228 4572 646 4641 παλιγγενεσίας
684 4572 880 4637 αίῶνος
907 4574 1116 4644 ἑτέρου,
1163 4576 1285 4628 ὅσον
1328 4575 1480 4629 οὔπω
1514 4576 1798 4647 μέλλοντος

224 4664 637 4736 ἐπιστήσεσθαι,
668 4668 1206 4739 προκηρυττομένης.
1249 4668 1363 4722 Μία
1395 4669 1494 4739 μὲν
1539 4665 1631 4722 οὖν
1660 4669 1797 4723 ἁπό-

218 4756 364 4822 δοσις
389 4759 530 4829 αὕτη
549 4776 563 4788 ³
591 4759 818 4831 δευτέρα
844 4759 887 4811 δ’
922 4758 987 4812 ἂν
1012 4760 1098 4830 εἴη
1124 4759 1365 4831 τοιαύτη.
1402 4761 1525 4823 Τοῖς
1561 4760 1658 4830 μὲν
1689 4778 1795 4812 πα-

225 4848 412 4915 λαιοῖς,
438 4850 726 4921 ἀνειμένον
763 4851 858 4903 καὶ
887 4850 1170 4922 ἐλεύθερον
1204 4849 1447 4921 μετιοῦσι
1486 4850 1621 4919 βίον,
1645 4852 1797 4906 οὐδὲν

226 4935 292 5009 ἦν
319 4941 569 5013 ἐμποδὼν
599 4942 749 4996 οἴκου
779 4938 873 4997 καὶ
906 4943 1108 4997 παίδων
1140 4941 1503 5014 προΐστασθαι
1531 4942 1669 5012 μετὰ
1699 4944 1798 5014 τῆς

231 5035 349 5105 περὶ
370 5034 434 5087 τὸ
457 5034 614 5087 Θείον
637 5034 852 5106 σχολῆς,
870 5034 1058 5098 αὐταῖς
1078 5037 1363 5105 γαμεταῖς,
1388 5035 1484 5087 καὶ
1499 5034 1677 5101 παισὶ,
1703 5035 1799 5087 καὶ

230 5124 389 5190 οἴκοις
419 5125 691 5180 θεοσεὸεἴν
721 5125 1144 5198 ἀπερισπάστως
1179 5125 1512 5196 δυναμένοις,
1562 5127 1656 5180 καὶ
1691 5144 1797 5197 μη-

229 5215 405 5287 δαμῶς
436 5218 545 5272 ὑπὸ
583 5219 693 5272 τῶν
726 5218 883 5281 me;
927 5218 1027 5288 τῆς
1067 5217 1194 5288 περὶ
1225 5218 1294 5271 τὰ
1326 5218 1559 5289 κρείττω
1604 5218 1800 5289 προθέ-

233 5324 359 5375 σεως
385 5311 805 5382 ἀποσπωμένοις
827 5327 840 5340 ⁸
876 5309 947 5362 τὰ
970 5309 1027 5362 δὲ
1062 5309 1182 5362 καθ’
1210 5311 1377 5380 ἡμᾶς,
1406 5310 1575 5381 μυρία
1602 5311 1670 5363 τὰ
1708 5312 1801 5362 ὲκ-

229 5403 312 5468 τδς
339 5407 688 5472 καθέλκοντα,
724 5406 820 5459 καὶ
851 5407 932 5468 εἰς
969 5403 1287 5467 ἀλλοκότους
1334 5404 1620 5476 φροντίδας
1647 5421 1800 5474 περι-

232 5497 465 5570 σύρσντα,
491 5502 593 5574 τῆς
617 5517 681 5554 τε
709 5502 842 5571 περ’(¹
880 5497 950 5551 τὰ
988 5497 1109 5569 Θεῴ
1142 5497 1349 5570 ἀρεστὰ
1392 5498 1626 5569 σπουδῆς
1672 5499 1798 5567 ἀφι-

234 5592 413 5650 στάντα
456 5597 737 5667 τυγχάνει.
774 5592 945 5646 Τοῦτο
982 5593 1111 5662 γοῦν
1154 5591 1327 5646 αἴτιον
1371 5587 1509 5646 εἶναι
1557 5592 1652 5662 τῆς
1689 5591 1798 5645 τῶν

235 5684 404 5757 γάμων
434 5688 700 5760 συστολῆς
728 5685 1061 5757 παρίστησιν
1082 5686 1111 5737 ό
1135 5684 1238 5755 τῆς
1261 5684 1621 5753 εὐαγγελικῆς
1648 5683 1796 5736 διδα-

239 5777 433 5849 σκαλίας
475 5783 654 5851 λόγος,
689 5779 922 5851 φάσκων
944 5795 957 5810 ο
1011 5798 1031 5831 ι
1071 5776 1241 5831 Τοῦτο
1272 5777 1330 5831 δέ
1362 5793 1523 5849 φημι,
1555 5775 1793 5845 ἀδελφοὶ,

1905 3376 2073 3431 menti
2122 3384 2267 3442 sunt,
2306 3378 2581 3447 putaverit
2626 3375 2898 3446 quispiam
2930 3416 2946 3440 ,
2994 3376 3061 3431 iis
3108 3391 3230 3447 quae
3261 3391 3291 3429 a
3321 3375 3481 3431 nobis

1904 3467 2051 3522 dicta
2081 3476 2229 3531 sunt,
2283 3468 2582 3532 adversari,
2633 3482 2843 3537 nosque
2879 3482 2989 3522 non
3053 3469 3203 3523 omni
3268 3469 3481 3526 ratione

1902 3558 2136 3614 culidem
2189 3574 2312 3613 cum
2388 3560 2589 3629 priscis
2637 3558 2767 3622 illis,
2846 3560 3058 3615 colendi
3123 3560 3217 3615 Dei
3272 3576 3478 3615 morem

1905 3668 2145 3708 servare.
2180 3652 2351 3722 Igitur
2388 3653 2551 3707 etiam
2579 3652 2844 3708 adversus
2869 3653 3006 3716 haec,
3051 3652 3213 3707 talem
3253 3654 3380 3708 licet
3410 3671 3480 3709 ex

1903 3745 2039 3814 ipsis
2120 3743 2472 3799 Hebraeorum
2551 3744 2788 3799 oraculis
2858 3743 3123 3797 rationem
3194 3744 3473 3815 colligere.

1905 3838 2228 3908 Quicunque
2268 3848 2394 3892 ante
2450 3836 2652 3892 Mosem
2685 3837 2752 3891 de
2786 3836 2947 3890 laude
2986 3835 3212 3905 pietatis
3277 3851 3478 3894 nomen

1906 3931 2086 4001 adepti
2125 3939 2287 3994 sunt,
2320 3931 2373 3983 hi
2405 3938 2538 3984 tunc
2562 3931 2778 3984 initium
2815 3928 3070 3990 habente,
3102 3933 3342 3999 tuncque
3366 3928 3479 3998 pri-

1903 4039 2053 4079 mum
2085 4025 2383 4080 exsistente
2438 4024 2551 4077 vita
2583 4062 2600 4087 ,
2661 4022 2833 4078 fuisse
2884 4032 3302 4085 memorantur:
3359 4039 3481 4094 quae

1902 4134 2033 4175 vero
2078 4119 2145 4174 ad
2191 4133 2292 4173 nos
2336 4117 2633 4188 pertinent,
2698 4118 2923 4174 tendere
2963 4119 3032 4173 ad
3084 4118 3265 4174 linem.
3297 4117 3481 4185 Quare

1903 4212 2026 4268 illos
2059 4226 2255 4281 magna
2288 4226 2411 4265 cum
2439 4224 2602 4274 cura,
2636 4210 2843 4265 sobolis
2902 4210 3297 4266 incrementum
3327 4227 3480 4282 quaa-

1903 4305 2117 4367 sivisse,
2153 4318 2278 4358 cum
2320 4318 2417 4373 per
2449 4301 2582 4357 illud
2612 4310 2826 4372 tempus
2880 4313 2935 4358 et
2989 4319 3251 4359 numerus
3306 4304 3479 4359 homi-

1900 4413 2034 4452 num
2069 4398 2172 4467 31
2215 4405 2529 4467 augesceret
2565 4404 2620 4451 et
2662 4396 3118 4467 multiplicaretur
3145 4439 3159 4461 ,
3214 4406 3378 4467 atque
3418 4397 3476 4451 in

1902 4490 2021 4546 dies
2048 4491 2217 4545 robur
2246 4491 2520 4559 acciperet
2540 4504 2710 4560 genus
2754 4489 3050 4543 humanum
3093 4509 3105 4543 :
3159 4488 3318 4542 nobis
3348 4503 3480 4543 vero

1900 4596 2013 4635 non
2040 4581 2332 4635 admodum
2366 4594 2512 4635 curae
2535 4595 2657 4635 esse
2700 4579 2823 4639 hoc.
2848 4586 3037 4648 utpote
3066 4594 3189 4632 cum
3226 4593 3314 4632 res
3363 4576 3477 4645 jam

1903 4672 2129 4727 interire
2170 4687 2233 4726 ac
2275 4671 2564 4735 desinere,
2621 4678 2784 4740 atque
2835 4673 2903 4722 ad
2957 4676 3260 4726 extremum
3318 4666 3477 4721 ﬁnem

1904 4765 2124 4820 tendere
2149 4764 2444 4819 credantur
2471 4782 2483 4817 :
2518 4764 2738 4834 quando
2767 4763 2931 4831 plane
2950 4760 3173 4826 dicitur,
3206 4770 3331 4814 ante
3357 4758 3476 4813 vita

1904 4858 2463 4924 consummationem,
2514 4856 2882 4927 evangelicam
2935 4854 2991 4908 in
3044 4852 3255 4908 foribus
3285 4851 3476 4908 adesse

1903 4950 2251 5005 doctrinam:
2294 4956 2348 5004 et
2385 4948 2666 5003 renovatio
2710 4961 2776 5002 ac
2816 4947 3096 5017 generatio
3125 4945 3350 5002 alterius
3375 4957 3474 4999 saa-

1905 5044 2034 5107 culi,
2057 5041 2202 5113 quod
2234 5042 2386 5097 brevi
2416 5041 2582 5095 instet
2636 5040 2903 5106 futurum,
2935 5039 3313 5095 denuntiatur.
3359 5034 3475 5090 Una

1902 5133 2069 5205 igitur
2096 5133 2342 5189 defensio
2386 5132 2530 5197 haec,
2580 5131 2752 5186 altera
2785 5139 2964 5186 autem
3002 5131 3109 5185 erit
3136 5127 3473 5197 huiusmodi.

1902 5224 2107 5280 Priscis
2147 5225 2255 5279 illis
2310 5225 2404 5293 qui
2435 5223 2804 5279 remissiorem
2854 5237 2919 5277 ac
2961 5221 3272 5276 liberiorem
3312 5220 3475 5274 vitam

1897 5315 2151 5385 agebant,
2181 5312 2315 5367 nihil
2343 5324 2461 5367 erat
2496 5311 2908 5381 impedimento,
2939 5327 3005 5365 ne
3031 5310 3216 5364 domui
3255 5308 3473 5363 liberis-

1897 5422 2004 5476 que
2028 5411 2343 5474 praeessent,
2370 5419 2432 5458 ac
2466 5404 2670 5473 pariter
2715 5403 2914 5456 divinae
2952 5416 3169 5472 quoque
3203 5399 3276 5455 rei
3308 5412 3474 5452 vaca-

1896 5507 2038 5560 rent,
2063 5496 2282 5566 quando
2309 5510 2415 5550 una
2446 5509 2569 5549 cum
2600 5494 2865 5548 uxoribus
2896 5503 2950 5547 et
2977 5493 3182 5558 liberis,
3211 5494 3264 5545 et
3289 5490 3474 5550 domo,

1896 5589 2147 5659 religioni
2174 5588 2451 5643 assiduam
2495 5588 2627 5642 dare
2663 5601 2886 5657 operam
2924 5593 3206 5655 poterant,
3259 5591 3315 5637 et
3342 5596 3471 5635 nus-

1903 5697 2067 5753 quam
2112 5681 2182 5735 ob
2215 5681 2355 5735 ullas
2398 5696 2488 5737 res
2542 5689 2796 5736 externas
2853 5695 2883 5733 a
2928 5680 3149 5733 meli‘ore
3192 5676 3472 5747 pronosito

1903 5773 2294 5829 avellebantur.
2353 5771 2461 5828 Res
2504 5789 2633 5829 vero
2677 5782 2877 5829 nostra!
2930 5769 3346 5827 innumerabilia
3377 5768 3468 5821 ha-
