3942 6258
428 297 495 373 79
1091 288 1364 352 EUSEBll
1400 285 1879 352 CAESARIENSIS
1917 295 2068 352 OPP.
2111 290 2295 351 PARS
2322 296 2386 351 ΙΙ.
2426 318 2495 338 -
2522 286 3023 351 APOLOGETICA.
3600 294 3672 351 80

422 416 573 479 bent,
605 428 724 483 qua:
741 413 1084 468 extrinsecus
1119 422 1402 482 premant,
1453 421 1506 469 et
1533 429 1653 484 quae
1701 414 1757 468 in
1789 414 1963 468 aliena

2093 416 2122 467 ὁ
2155 415 2346 485 καιρὸς
2378 413 2824 485 συνεσταλμένος.
2860 413 2932 466 Τὸ
2963 413 3146 466 λοιπόν
3180 414 3347 478 ἔστιν,
3385 414 3472 468 ἵνα
3496 413 3594 469 καὶ
3617 417 3668 469 οἰ

421 521 583 562 curas
609 506 849 576 undique
882 506 1119 571 trahant,
1142 513 1197 560 et
1241 506 1309 560 ab
1341 521 1528 561 earum
1560 520 1741 561 rerum
1771 505 1953 562 studio
1974 546 1989 571 ,

421 615 543 669 qua:
573 598 682 654 Deo
729 599 983 669 placent,
1036 597 1329 653 abducant.
1380 598 1533 654 Hanc
1574 600 1738 669 igitur
1767 613 1991 654 causam

420 709 563 757 esse,
601 709 701 749 cur
740 692 980 748 nubendi
1041 694 1180 749 ratio
1233 697 1574 750 contrahitur
1602 737 1617 762 ,
1665 697 1992 768 evangelicae

419 787 685 844 doctrinm
713 788 937 843 verbum
962 788 1300 845 demonstrat
1328 832 1342 854 ,
1396 791 1487 846 ubi
1521 791 1596 846 ait
1628 811 1640 845 :
1679 811 1698 845 ι
1738 792 1853 849 Hoc
1891 810 1989 850 au-

418 891 528 935 tem
561 881 685 936 dico
710 879 927 948 fratres,
959 889 1175 952 tempus
1205 882 1367 937 breve
1395 891 1496 940 est.
1527 882 1816 955 Reliquum
1859 893 1943 941 est
1970 929 1987 954 ,

418 974 563 1030 ut’et
592 974 685 1044 qui
729 974 930 1030 habent
967 990 1200 1041 uxores,
1247 983 1506 1046 tanquam
1560 993 1668 1032 non
1724 978 1988 1033 habentes

417 1066 523 1121 sint
562 1081 573 1116 :
611 1074 665 1119 et
715 1064 807 1135 qui
842 1064 1002 1132 ﬂent,
1044 1073 1301 1136 tanquam
1361 1083 1470 1122 non
1522 1065 1715 1124 ﬂentes
1746 1088 1758 1122 :
1790 1076 1844 1124 et
1892 1070 1987 1140 qui

416 1156 674 1225 gaudent,
706 1164 964 1225 tanquam
1019 1172 1127 1210 non
1160 1158 1458 1227 gaudentes
1490 1179 1503 1216 :
1537 1166 1590 1215 et
1634 1161 1725 1229 qui
1756 1169 1982 1228 emunt,

415 1256 676 1312 tanquam
729 1260 838 1301 non
898 1247 1241 1317 possidentes
1283 1269 1295 1303 :
1354 1257 1409 1305 et
1457 1252 1550 1321 qui
1607 1260 1834 1307 utuntur
1877 1252 1983 1308 hoc

405 1334 627 1397 mundo,
665 1341 923 1405 tanquam
966 1353 1074 1393 non
1108 1341 1410 1396 abutentes.
1451 1340 1694 1397 Prazterit
1717 1345 1861 1398 enim
1899 1345 1960 1398 fi-

403 1436 539 1493 gura
566 1424 728 1496 hujus
748 1428 932 1484 mundi
954 1449 969 1497 ;
993 1431 1115 1486 volo
1137 1441 1315 1486 autem
1343 1448 1440 1488 vos
1461 1434 1578 1488 sine
1599 1434 1960 1488 sollicitudine

398 1527 527 1571 esse
557 1532 570 1569 :
602 1518 696 1587 qui
734 1519 852 1575 sine
885 1537 1055 1577 uxore
1094 1531 1195 1589 est,
1231 1523 1494 1579 sollicitus
1531 1535 1612 1580 est
1644 1526 1709 1580 de
1744 1526 1809 1580 iis
1840 1538 1958 1595 quze

408 1600 626 1659 Domini
656 1618 802 1674 sunt,
831 1611 1103 1679 quomodo
1142 1613 1353 1681 placeat
1384 1613 1630 1671 Omnino.
1664 1615 1768 1682 Qui
1798 1625 1980 1674 autem

407 1708 531 1749 cum
558 1712 729 1753 uxore
752 1707 858 1767 est,
896 1702 1165 1760 sollicitus
1195 1712 1279 1761 est
1317 1706 1384 1762 de
1407 1707 1494 1774 iis,
1525 1724 1646 1778 quae
1673 1718 1802 1764 sunt
1821 1726 1979 1766 mun-

2095 508 2308 578 ἔχοντες
2329 510 2589 576 γυναῖκας
2620 507 2696 571 ὡς
2728 506 2802 578 μὴ
2825 506 3037 578 ἔχοντες
3068 500 3190 571 ὦσι,
3231 508 3325 560 καὶ
3366 508 3415 560 οί
3453 507 3670 561 κλαίονο-

2044 613 2059 635 ‘
2094 618 2185 666 τες
2214 600 2290 665 ὡς
2319 599 2392 671 μὴ
2417 598 2712 664 κλαίοντες,
2742 599 2837 652 καὶ
2859 594 2908 652 οἰ
2940 599 3226 670 χαίροντες
3253 598 3327 661 ὠς
3357 599 3430 670 μὴ
3461 599 3671 671 χαίρον-

2091 709 2203 756 τες,
2243 693 2338 745 καὶ
2381 691 2431 743 οἰ
2477 688 2837 762 ἀγοράζοντες
2875 690 2950 754 ὡς
2988 690 3062 762 μὴ
3110 691 3449 760 κατέχοντες,
3482 693 3576 745 καὶ
3615 693 3667 746 οί

2091 784 2360 858 χρώμενοι
2402 782 2481 854 τῷ
2523 783 2712 852 κόσμῳ
2751 783 2925 853 τούτῳ
2982 782 3057 845 ὡς
3108 783 3180 854 μὴ
3227 783 3662 856 καταχρώμενοι.

2091 878 2335 948 Παράγει
2367 877 2474 947 γὰρ
2503 875 2564 929 τὸ
2611 876 2797 946 σχῆμα
2830 875 2921 929 τοῦ
2948 877 3153 947 κόσμου
3182 877 3404 930 τούτουο
3436 875 3573 932 θέλω
3605 879 3664 934 δὲ

2090 971 2234 1041 ὑμᾶς
2277 969 2611 1041 ἀμερίμνους
2652 966 2820 1022 εἶναι’
2859 970 2887 1022 ό
2935 968 3146 1041 ἄγαμος
3191 972 3428 1042 μεριμνᾷ
3458 970 3524 1025 τά
3566 971 3662 1027 τοῦ

2087 1062 2318 1135 Κυρίου,
2363 1062 2479 1126 πῶς
2520 1062 2692 1135 ἀρέσῃ
2739 1061 2818 1131 τῷ
2846 1061 3068 1134 Κυρίῳ·
3115 1064 3143 1115 ὁ
3178 1062 3234 1115 δὲ
3276 1065 3529 1135 γαμήσας
3561 1080 3661 1135 με·

2092 1156 2257 1227 ριμνᾷ
2302 1154 2370 1208 τά
2418 1154 2510 1208 τοῦ
2545 1153 2771 1225 κόσμου,
2806 1153 2922 1217 πῶς
2968 1153 3138 1228 ἀρέσῃ
3178 1157 3244 1225 τῇ
3292 1158 3532 1223 γυναικὶ,
3567 1158 3662 1213 καὶ

2091 1248 2434 1318 μεμέρισται.
2481 1245 2592 1299 Καὶ
2635 1247 2668 1317 ή
2698 1244 2833 1316 γυνὴ
2865 1246 2898 1315 ἡ
2939 1243 3170 1313 ἄγαμος,
3200 1244 3292 1298 καὶ
3320 1246 3352 1315 ἡ
3392 1245 3661 1318 παρθένος

2088 1337 2327 1406 μεριμνᾷ
2357 1334 2424 1389 τά
2459 1335 2551 1388 τοῦ
2580 1334 2806 1406 Κυρίου,
2846 1336 2932 1388 ἵνα
2964 1335 3133 1406 ἀρέσῃ
3164 1335 3241 1406 τῷ
3266 1336 3474 1406 Κυρίῳ,
3510 1338 3593 1390 ἵνα
3622 1333 3660 1410 ᾗ

2087 1428 2215 1498 ἁγία
2254 1429 2348 1481 καὶ
2376 1427 2456 1499 τῷ
2487 1426 2720 1499 σώματι,
2765 1428 2861 1481 καὶ
2890 1426 2968 1497 τῷ
2995 1427 3295 1497 πνεύμασι-ιε
3324 1430 3357 1498 ὴ
3393 1428 3450 1480 δὲ
3478 1430 3663 1501 γαμή-

2087 1538 2226 1574 σασα
2262 1521 2499 1593 μεριμνᾷ
2525 1519 2592 1573 τά
2621 1518 2716 1573 τοῦ
2759 1520 2986 1589 κόσμου,
3022 1518 3139 1583 πῶς
3168 1520 3340 1594 ἀρέσῃ
3371 1520 3448 1592 τῷ
3481 1521 3658 1593 ἀνδρί.

2084 1604 2254 1667 Τοῦτο
2280 1613 2336 1666 δὲ
2364 1612 2500 1683 πρὸς
2528 1611 2588 1665 τὸ
2621 1611 2651 1664 ὑ
2660 1609 2777 1682 μῶν
2803 1609 3078 1681 συμφέρον
3100 1609 3261 1677 λέγω,
3292 1611 3390 1681 οὐχ
3416 1611 3502 1665 ἵνα
3532 1609 3661 1682 βρό-

2082 1723 2177 1777 χον
2210 1705 2338 1777 ὑμῖν
2366 1704 2658 1770 ἐπιϐάλλω,
2693 1702 2830 1757 ἀλλά
2863 1702 3000 1773 πρὸς
3032 1702 3092 1755 τὸ
3121 1701 3396 1774 εὔσχημον
3441 1703 3535 1757 καὶ
3564 1703 3659 1756 ei»

405 1785 483 1850 di,
518 1790 793 1859 quomodo
821 1792 1030 1861 placeat
1052 1796 1230 1863 uxori,
1253 1804 1307 1851 et
1330 1796 1538 1854 divisus
1556 1807 1660 1856 est.
1691 1800 1758 1856 Et
1787 1803 1966 1858 muliet

2084 1799 2353 1871 πάρεδρον
2408 1798 2486 1869 τῷ
2535 1796 2725 1868 Κυρίῳ
2775 1795 3217 1867 ἀπερισπάστως.
3272 1813 3292 1846 ι
3351 1793 3661 1868 Διαρῥήδην

398 1873 655 1948 innupta;
688 1888 743 1935 et
776 1880 927 1953 virgo
956 1885 1161 1954 cogitat
1190 1902 1311 1956 quae
1355 1887 1569 1945 Domini
1604 1901 1751 1959 sunt,
1784 1903 1843 1949 ut
1864 1894 1979 1964 pla-

407 1979 525 2024 ceat
546 1968 795 2038 Domino,
817 1981 875 2027 ut
894 1975 965 2030 sit
988 1984 1176 2031 sancta
1198 1988 1252 2035 et
1269 1995 1498 2052 corpore
1522 1990 1577 2038 et
1595 1986 1789 2055 spiritu
1814 2006 1828 2041 :
1859 2003 1981 2058 quae

401 2069 585 2116 autem
608 2070 773 2134 nupta
799 2073 904 2131 est,
935 2068 1137 2139 cogitat
1163 2086 1285 2141 qua:
1314 2081 1442 2128 sunt
1464 2075 1674 2142 mundi,
1704 2079 1977 2148 quomodo

401 2151 615 2222 placeat
644 2154 780 2209 viro.
814 2154 986 2213 Porro
1014 2159 1118 2214 hoc
1149 2162 1215 2216 ad
1248 2162 1535 2220 utilitatem
1561 2175 1799 2223 vestram
1831 2168 1973 2235 dico,

401 2256 512 2297 non
535 2252 593 2298 ut
632 2244 885 2315 laqueum
924 2248 1079 2303 vobis
1134 2250 1374 2322 injiciam
1400 2295 1416 2320 ,
1464 2254 1557 2310 sed
1616 2255 1684 2310 ad
1734 2258 1789 2312 id
1830 2260 1974 2329 quod

397 2335 690 2391 honestum
721 2346 826 2403 est,
850 2346 903 2394 et
925 2340 1067 2411 quod
1101 2341 1407 2400 facultatem
1438 2346 1695 2417 praebeat,
1726 2350 1845 2406 sine
1871 2352 1973 2406 im-

396 2427 709 2497 pedimento
735 2429 1020 2487 Dominum
1053 2435 1379 2491 obsecrandi
1418 2439 1480 2494 ".
1520 2459 1539 2492 ι
1584 2436 1769 2496 Palam
1811 2444 1975 2514 igitur

396 2519 452 2574 in
479 2520 567 2577 his
597 2535 843 2589 causam,
869 2540 971 2579 cur
998 2543 1028 2581 a
1059 2530 1267 2600 nuptiis
1317 2531 1389 2585 sit
1433 2532 1817 2589 abstinendum
1844 2551 1972 2605 pro-

395 2613 593 2682 ponit,
642 2615 734 2670 ubi
794 2626 1095 2688 temporum
1159 2636 1451 2693 rerumque
1491 2627 1834 2683 extrinsecus
1886 2630 1971 2684 in-

394 2706 707 2776 gruentium
739 2711 1088 2767 stoliditatem
1132 2715 1479 2784 reprehendit
1509 2736 1522 2770 :
1555 2733 1789 2788 quorum
1833 2723 1970 2777 nihil

391 2797 593 2866 priscis
616 2798 725 2853 illis
764 2800 1067 2857 accidebat.
1103 2804 1184 2858 Ad
1215 2805 1351 2874 haec,
1392 2809 1554 2862 tertia
1585 2825 1803 2882 quoque
1829 2815 1969 2869 ratio

393 2886 616 2959 adjungi
650 2897 849 2959 potest,
877 2901 1099 2963 prapter
1130 2910 1294 2965 quam
1320 2905 1533 2955 veteres
1558 2901 1635 2955 illi
1671 2902 1762 2959 Dei
1798 2905 1971 2960 culto-

390 2994 503 3046 res,
534 2978 589 3033 in
619 2983 995 3050 procreatione
1018 2984 1314 3040 liberorum
1340 2988 1635 3058 plurimum
1664 2994 1829 3049 studii
1854 2997 1969 3051 col-

389 3069 655 3126 locarent.
685 3070 819 3127 Cum
843 3075 1038 3146 reliqui
1072 3076 1320 3135 homines
1359 3079 1416 3135 in
1450 3096 1663 3138 morum
1694 3091 1966 3156 perversi-

2084 1887 2214 1956 γοῢν
2243 1890 2299 1940 ὲν
2319 1886 2526 1950 τούτοις
2550 1885 2611 1939 τὸ
2636 1884 2807 1939 αἴτιον
2831 1884 2931 1955 τῆς
2960 1885 3171 1955 ἀποχῆς
3202 1883 3294 1937 τοῦ
3317 1885 3495 1955 γάμου
3513 1903 3658 1958 παρ-

2088 1977 2287 2049 ίστησι,
2330 1979 2429 2050 τὴν
2474 1978 2584 2031 τῶν
2611 1977 2838 2049 καιρῶν,
2888 1977 2982 2030 καὶ
3004 1976 3112 2030 τῶν
3134 1977 3290 2040 ἐκτὸς
3316 1978 3660 2047 πραγμάτων

2084 2067 2402 2139 ἀϐελτερίαν
2441 2068 2916 2139 ἐπιμεμψάμενος,
2946 2060 3020 2121 ὧν
3058 2067 3209 2120 οὐδὲν
3252 2070 3363 2131 τοῖς
3408 2067 3659 2132 παλαιοῖς

2083 2159 2438 2230 προσέπιπτε.
2464 2161 2576 2213 Καὶ
2608 2160 2791 2230 τρίτος
2831 2159 2875 2212 δ’
2899 2160 2965 2213 ἂν
2986 2160 3069 2230 εἴη
3101 2159 3251 2229 παρά
3277 2159 3448 2213 ταῦτα
3476 2159 3655 2228 λόγος,

2082 2250 2204 2303 καθ’
2230 2250 2288 2304 ὂν
2314 2253 2362 2305 οἰ
2378 2251 2544 2305 πάλαι
2570 2251 2831 2319 θεοφιλεῖς
2855 2252 3194 2315 παιδοποιίας
3228 2251 3483 2324 πλείστην
3507 2254 3659 2306 ἐποι-

2078 2343 2234 2397 οὖντο
2290 2344 2544 2415 σπουδήν.
2580 2343 2699 2396 Τῶν
2726 2342 2925 2396 λοιπῶν
2954 2344 3254 2415 ἀνθρώπων
3281 2345 3360 2406 εἰς
3392 2360 3627 2415 κακοτρο

2079 2436 2211 2490 πίαν
2259 2436 2570 2503 ἐπιδόντων,
2619 2437 2698 2500 εἰς
2742 2436 3012 2508 ἀνήμερόν
3048 2454 3110 2489 τε
3156 2438 3248 2489 καὶ
3288 2436 3657 2509 ἀπάνθρωπον

2080 2533 2171 2586 καὶ
2203 2531 2438 2602 θηριώδη
2469 2531 2580 2602 βίον
2604 2531 3098 2595 ἀποπεπτωκότων,
3126 2531 3205 2595 εἷς
3232 2548 3292 2584 τε
3323 2531 3492 2602 ἀσεϐῆ
3519 2546 3653 2587 παν-

2076 2627 2245 2693 τελῶς
2298 2630 2390 2683 καὶ
2436 2629 2591 2684 ἄθεον
2649 2627 2848 2698 τρόπον
2900 2623 3376 2695 ἀπωλισθηκότων,
3432 2623 3653 2695 βραχεῖς

2079 2719 2284 2791 σφόδρα
2321 2721 2416 2773 καὶ
2459 2717 2677 2791 ἀριθμῷ
2707 2718 2902 2790 ληπτοί
2931 2716 3366 2788 περιλειπόμενοι
3398 2717 3538 2771 κατά
3582 2717 3652 2772 τὰ

2076 2810 2311 2883 πρόσθεν
2344 2814 2477 2882 ἡμῖν
2505 2809 2768 2894 εἰρημένα
2808 2807 2902 2862 τοῦ
2928 2807 3036 2861 τῶν
3063 2808 3271 2862 πολλῶν
3297 2807 3654 2873 ὑπεξίσταντο

2077 2904 2213 2975 βίου,
2251 2904 2344 2958 καὶ
2370 2904 2485 2973 τῆς
2505 2903 2687 2971 κοινῆς
2714 2900 2822 2955 τῶν
2853 2900 3054 2954 λοιπῶν
3093 2900 3392 2972 ἀνθρώπων
3424 2917 3650 2953 συνανα-

2076 2996 2332 3068 στροφῆς.
2387 2993 2822 3067 Κεχωρισμένως
2858 2993 2901 3046 δ’
2949 2989 3042 3047 οὖν
3092 2992 3200 3046 τῶν
3243 2992 3415 3044 ἄλλων
3455 2990 3648 3057 ἐθνῶν,

2074 3086 2170 3139 καὶ
2205 3083 2346 3139 κατά
2383 3085 2551 3155 μόνας
2594 3084 2853 3155 βιοῦντες,
2889 3082 3161 3136 πολιτείαν
3194 3081 3370 3152 ξένην,
3401 3082 3497 3134 καὶ¹
3532 3082 3650 3151 βίον

387 3171 499 3218 tate
530 3165 707 3234 majus
737 3166 792 3222 in
830 3169 946 3224 dies
980 3170 1376 3228 incrementum
1409 3177 1773 3249 accepissent,
1805 3190 1966 3254 atque

2073 3177 2382 3248 φιλόσοφον,
2416 3177 2509 3229 καὶ
2552 3175 2627 3240 ὼς
2658 3175 2873 3246 ἀληθῶς
2914 3174 3160 3245 θεοσεϐῆ,
3194 3173 3288 3227 καὶ
3324 3175 3437 3236 τοῖς
3467 3172 3649 3238 ἄλλοις

388 3255 447 3310 in
479 3255 794 3325 immanem,
828 3260 935 3331 32
966 3268 1021 3317 et
1054 3262 1123 3317 ab
1151 3265 1301 3319 omni
1340 3265 1680 3327 humanitate
1711 3273 1964 3344 alienam,

386 3355 443 3402 et
464 3350 625 3420 plane
654 3350 882 3406 ferinam
918 3355 1082 3409 vitam
1120 3356 1321 3427 relapsi
1351 3370 1554 3429 essent,
1577 3370 1632 3418 et
1657 3363 1709 3418 in
1740 3365 1964 3436 impium

385 3456 635 3513 prorsus,
664 3445 924 3515 omnique
949 3448 1199 3519 religioni
1237 3450 1516 3506 inimicum
1547 3470 1773 3523 morem,
1810 3458 1966 3516 facile

385 3537 727 3592 corruissent
752 3557 766 3593 :
804 3539 959 3594 valde
985 3541 1168 3610 pauci,
1190 3548 1243 3596 et
1276 3541 1433 3599 facile
1457 3550 1848 3614 numerabiles,
1869 3555 1963 3623 qui

382 3639 724 3701 supererant,
767 3648 831 3688 ea
860 3642 1166 3699 sectantes,
1203 3651 1323 3705 quae
1367 3638 1520 3708 prius
1549 3655 1580 3693 a
1611 3643 1771 3698 nobis
1820 3644 1965 3699 dicta

381 3730 535 3786 sunt,
563 3738 591 3776 a
640 3724 935 3778 multorum
966 3726 1363 3782 consuetudine
1392 3738 1446 3782 et
1474 3743 1504 3782 a
1534 3735 1806 3787 communi
1837 3750 1963 3789 cum

379 3816 609 3891 reliquis
636 3815 952 3871 hominibus
978 3817 1125 3872 victu
1145 3860 1159 3885 ,
1193 3834 1253 3875 se
1285 3823 1631 3878 amovebant.
1663 3823 1832 3880 Porro
1860 3844 1960 3882 au-

383 3918 490 3961 tem
528 3921 652 3960 cum
683 3922 931 3962 seorsum
974 3909 1044 3963 ab
1082 3910 1205 3967 aliis
1234 3914 1488 3982 gentibus
1516 3955 1531 3980 ,
1589 3915 1963 3990 singularique

381 4013 535 4053 more
565 3999 831 4065 viverent,
855 4014 1051 4054 novam
1098 4003 1374 4073 quandam
1428 4004 1760 4077 Reipublicae
1796 4012 1963 4067 ratio-

377 4106 527 4156 nem,
562 4096 837 4162 vitamque
866 4092 1165 4148 studiosam
1191 4097 1491 4166 sapientiae,
1519 4116 1755 4173 vereque
1787 4103 1959 4174 ipsius

380 4182 475 4238 Dei
499 4182 805 4247 cultricem,
832 4191 886 4238 et
907 4185 1133 4254 reliquis
1155 4186 1469 4247 hominibus
1495 4190 1955 4263 impermiscuam,

379 4273 756 4328 instituerunt.
792 4272 865 4328 Ut
896 4275 1061 4345 igitur
1085 4280 1322 4347 posteris
1344 4296 1563 4352 quoque
1591 4283 1810 4339 illorum
1837 4302 1959 4356 pro-

377 4363 513 4435 priae
539 4364 841 4433 religionis,
860 4374 1114 4436 tauquam
1141 4370 1378 4426 scintilla
1394 4374 1639 4444 quaedam
1665 4379 1955 4447 reparandi

376 4455 542 4526 ignis,
576 4456 650 4510 ita
682 4456 902 4527 aliquod
935 4473 1118 4513 semen
1151 4472 1480 4529 servaretur,
1503 4482 1681 4538 neque
1702 4484 1809 4523 una
1826 4485 1950 4529 cum

2070 3268 2378 3340 ἀνθρώποις
2408 3266 2764 3337 ἀνεπίμικτον
2789 3265 3124 3319 συνίσταντο.
3159 3264 3252 3318 ’Ἰν’
3279 3260 3371 3318 οὖν
3405 3264 3500 3317 καὶ
3532 3266 3649 3327 τοῖς

2071 3363 2366 3436 μετέπειτα
2394 3362 2491 3433 τῆς
2516 3361 2722 3424 οἰκείας
2752 3359 3059 3422 θεοσεϐείας
3093 3356 3343 3430 ζὼπυρον
3374 3355 3434 3421 ἐξ
3462 3356 3648 3412 αὐτῶν
3690 3380 3693 3381 ν

2068 3455 2291 3526 σπέρμα
2330 3453 2668 3524 φυλάττοιτο,
2720 3451 2840 3523 μηδ’
2865 3450 3074 3504 ἐκλίποι
3103 3449 3200 3503 καὶ
3243 3450 3495 3503 ἀπόλοιτο
3526 3449 3648 3521 ἅμα

2065 3552 2133 3621 τῇ
2165 3548 2273 3601 τῶν
2316 3545 2525 3617 ἀνδρῶν
2571 3544 2793 3615 τελευτῇ
2834 3542 2901 3596 τὰ
2936 3542 3038 3613 τῆς
3086 3544 3207 3596 κατ’
3249 3541 3444 3606 αὐτοὺς
3490 3540 3649 3594 εὐσε-

2065 3643 2237 3707 ϐείας,
2272 3641 2499 3704 εἰκότως
2543 3638 2884 3701 παιδοποιίας
2924 3638 3017 3690 καὶ
3065 3634 3454 3707 παιδοτροφίας
3502 3634 3644 3706 πρός-

2063 3745 2213 3783 νοιαν
2239 3728 2478 3798 εἰσῆγον,
2507 3727 2582 3791 ὡς
2621 3727 2687 3781 ἂν
2716 3725 3022 3780 διδάσκαλοι
3060 3725 3155 3778 καὶ
3199 3724 3505 3795 καθηγηταὶ
3548 3724 3645 3792 γέ-

2062 3840 2234 3878 νοιντο
2277 3821 2385 3876 τῶν
2433 3821 2575 3875 ἰδίων
2622 3820 2844 3884 παίδων,
2895 3818 3169 3890 διαδόχους
3215 3817 3496 3881 εὐσεϐείας
3545 3815 3645 3869 καὶ

2061 3914 2159 3985 τῆς
2185 3914 2391 3975 οἰκείας
2431 3910 2633 3983 ἀρετῆς
2670 3909 3037 3980 κληρονόμους
3069 3911 3181 3973 τοῖς
3212 3907 3503 3979 μετέπειτα
3533 3923 3643 3960 κα-

2058 4005 2304 4058 ταλιπεῖν
2345 4004 2631 4057 σπουδαῖον
2678 3997 2817 4056 εἶναι
2865 4001 3175 4073 ἡγούμενοι.
3210 4000 3398 4054 Ἔνθεν
3447 3998 3640 4070 μυρίοι

2061 4095 2356 4166 προφῆται,
2390 4094 2485 4147 καὶ
2526 4093 2722 4148 δίκαιοι
2756 4093 2967 4164 ἀνδρες,
3000 4092 3161 4156 αὐτός
3189 4090 3236 4145 θ’
3267 4094 3296 4145 ὁ
3323 4091 3515 4162 Σωτὴρ
3539 4091 3643 4145 καὶ

2058 4186 2265 4257 Κύριος
2309 4184 2485 4256 ἡμῶν,
2520 4184 2574 4237 οἶ
2603 4201 2664 4237 τε
2705 4183 2893 4237 τούτου
2930 4182 3170 4255 μαθηταὶ
3216 4182 3312 4236 καὶ
3347 4182 3640 4236 ἀπόστολοι

2059 4280 2123 4332 ὲκ
2147 4279 2245 4349 τῆς
2277 4276 2453 4331 αὐτῶν
2479 4275 2699 4347 διδαχῆς
2730 4276 3158 4346 ἀναπεφήνασιν.
3188 4274 3252 4327 Εἰ
3276 4274 3333 4328 δέ
3365 4291 3511 4339 τινες
3539 4277 3641 4330 καὶ

2058 4369 2250 4439 φαῦλοι
2292 4368 2559 4441 προῆλθον
2592 4368 2649 4434 ἐξ
2701 4367 2900 4431 αὐτῶν,
2942 4367 3018 4431 ὡς
3051 4368 3167 4438 ἅμα
3206 4367 3338 4438 σίτῳ
3380 4365 3638 4439 καλάμης

2057 4461 2412 4533 ὑποφυείσης,
2452 4460 2565 4514 ἀλλ’
2603 4460 2755 4515 οὔπω
2798 4463 2922 4525 τοὺς
2965 4460 3293 4531 σπείραντας
3339 4460 3637 4528 αἰτιατέον,

374 4546 619 4616 ipsorum
645 4547 876 4602 decessu
907 4549 1148 4620 ipsorum
1180 4554 1355 4627 pjetas
1388 4534 1661 4627 deficeret,
1684 4569 1846 4632 atque
1878 4566 1955 4618 in-

2070 4555 2175 4609 ὧδὲ
2200 4557 2326 4618 τοὺς
2364 4554 2841 4626 ἀναθρεψαμένους
2863 4570 2875 4582 ·
2914 4553 3035 4605 ἐπεὶ
3070 4552 3164 4604 καὶ
3190 4550 3298 4604 τῶν
3325 4548 3419 4603 τοῦ
3615 4581 3637 4594 -

369 4640 583 4706 teriret,
619 4642 816 4698 merito
847 4650 902 4697 et
928 4646 1256 4716 generandae
1301 4658 1355 4703 et
1394 4650 1600 4707 alenda:
1628 4654 1831 4710 sobolis
1855 4671 1952 4710 cu-

371 4747 490 4787 ram
522 4734 903 4819 introduxere,
947 4744 1007 4791 ut
1069 4738 1149 4792 sic
1207 4738 1463 4798 doctores
1494 4754 1656 4815 atque
1703 4749 1953 4819 magistri

373 4825 719 4895 prOpriorum
751 4825 1045 4881 liberorum
1074 4831 1404 4888 exsisterent
1431 4855 1443 4889 :
1493 4837 1693 4907 quippe
1722 4841 1811 4908 qui
1849 4856 1947 4909 po-

372 4917 536 4973 stcris
570 4932 923 4974 successores
948 4923 1192 4992 pietatis,
1221 4928 1564 4998 pmprizeque
1587 4930 1807 4987 virtutis
1841 4933 1949 4988 lue-

372 5009 532 5063 redes
559 5009 867 5078 relinquere
887 5053 900 5077 ,
950 5013 1239 5082 pulchrum
1286 5026 1452 5087 atque
1484 5020 1771 5076 honestum
1797 5023 1947 5091 judi-

367 5106 581 5155 carent.
610 5098 749 5155 Hinc
782 5116 915 5157 sane
962 5106 1239 5176 prophetze
1277 5108 1726 5176 innumerabiles,
1764 5121 1818 5166 et
1843 5114 1947 5167 viri

330 5199 335 5207 ‘
364 5192 499 5261 justi
527 5209 542 5246 :
572 5190 706 5261 quin
738 5192 854 5263 ipse
901 5211 1121 5267 quoque
1150 5198 1400 5255 Salvator
1442 5218 1506 5256 ac
1554 5201 1819 5258 Dominus
1849 5221 1947 5259 no—

369 5294 505 5349 ster,
529 5285 757 5355 ejusque
803 5285 1057 5359 discipuli
1089 5298 1253 5361 atque
1303 5294 1569 5363 apostoli,
1612 5294 1682 5350 ab
1726 5296 1943 5351 illorum

368 5374 659 5445 disciplina
692 5375 920 5446 profecti
959 5387 1106 5435 sunt.
1147 5380 1303 5447 Quod
1356 5383 1401 5438 si
1431 5384 1525 5453 qui
1554 5384 1717 5439 etiam
1758 5385 1943 5443 vitiosi

370 5467 440 5520 ah
471 5466 659 5522 iisdem
692 5469 1032 5539 prodierunt,
1050 5473 1205 5541 quasi
1228 5474 1397 5543 palea:
1425 5475 1587 5531 simul
1612 5491 1735 5532 cum
1759 5480 1943 5535 tritico

368 5556 784 5623 sabnascentes,
820 5571 931 5611 non
976 5558 1046 5612 ob
1085 5559 1137 5613 id
1181 5567 1361 5616 tamen
1410 5561 1667 5633 culpandi
1708 5565 1803 5637 qui
1850 5580 1941 5637 ge-

514 5737 539 5790 ῐ
581 5735 709 5794 Cor.
748 5752 819 5792 vu
849 5777 863 5805 ,
894 5736 1088 5794 29-35.

2056 4666 2148 4720 ρος
2184 4647 2437 4719 μαθητῶν
2472 4648 2629 4719 ίσμεν
2658 4648 2809 4710 τινὰς
2851 4645 2908 4712 ἐξ
2954 4644 3304 4708 αὐτεξουσίου
3350 4660 3634 4715 παρατρο-

2054 4741 2162 4811 πῆς
2191 4740 2626 4810 ἀποσφαλέντας.
2669 4740 2732 4793 'H
2763 4738 2861 4809 μὲν
2891 4733 2982 4791 οὖν
3018 4736 3165 4790 αἰτία
3193 4736 3292 4807 τῆς
3320 4734 3427 4788 τῶν
3461 4734 3634 4789 πάλαι

2055 4832 2317 4902 θεοφιλῶν
2365 4832 2574 4903 ἀνδρῶν
2605 4830 2943 4894 παιδοποιίας
2989 4828 3289 4900 ἀνείρηται,
3330 4829 3396 4899 ἣν
3444 4826 3634 4880 οὐκέτι

2051 4927 2134 4995 ἐφ’
2168 4925 2325 4997 ἡμῶν
2372 4925 2554 4997 χώραν
2587 4925 2698 4995 ἔχει
2735 4923 2914 4993 λέγειν
2937 4939 2952 4953 ο
2995 4924 3085 4975 ὅτε
3130 4923 3226 4974 σὺν
3257 4919 3374 4990 Θεῷ
3402 4920 3488 4973 διὰ
3526 4919 3631 4989 τῆς

2048 5016 2139 5072 τοῦ
2191 5019 2439 5091 Σωτῆρος
2475 5018 2630 5089 ἡμῶν
2670 5016 3029 5086 εὐαγγελικῆς
3058 5013 3403 5076 διδασκαλίας
3451 5011 3628 5083 μυρία

2048 5109 2196 5180 ἔθνη,
2242 5111 2336 5163 καὶ
2382 5109 2562 5174 λαοὺς,
2616 5109 2758 5163 κατά
2805 5127 2864 5163 τε
2915 5108 3099 5171 πόλεις
3139 5107 3234 5161 καὶ
3282 5104 3484 5178 χώρας,
3530 5106 3630 5159 καὶ

2050 5203 2253 5274 ἀγροὺς
2299 5205 2564 5274 πάρεστιν
2613 5205 2745 5275 ἡμῖν
2793 5202 3091 5274 ὀφθαλμοῖς
3144 5201 3278 5272 όρᾷν
3324 5197 3628 5252 σπεύδοντα

2052 5294 2191 5348 κατὰ
2230 5293 2290 5347 τὸ
2322 5295 2472 5357 αὐτὸ,
2502 5295 2597 5348 καὶ
2642 5296 3003 5366 συντρέχοντα
3045 5292 3139 5346 ἐπὶ
3176 5292 3275 5364 τὴν
3320 5289 3461 5345 κατά
3491 5287 3627 5342 Θεὸν

2055 5382 2288 5455 μάθησιν
2309 5385 2408 5455 τῆς
2446 5385 2802 5456 εὐαγγελικῆς
2828 5382 3172 5446 διδασκαλίας
3195 5400 3208 5412 ·
3240 5376 3318 5446 οἷς
3342 5378 3627 5451 ἀγαπητὸν

2049 5474 2311 5530 δύνασθαι
2340 5475 2588 5549 ἐξαρκεῖν
2611 5479 2737 5541 τοὺς
2760 5474 3105 5538 διδασκάλους
3130 5476 3226 5529 καὶ
3253 5477 3499 5545 κήρυκας
3525 5471 3622 5527 τοῦ

2049 5565 2147 5637 τῆς
2196 5564 2502 5630 θεοσεϐείας
2547 5566 2726 5637 λόγου,
2777 5566 2994 5621 πάντων
3035 5563 3465 5634 ἀπολελυμένους
3509 5559 3622 5619 τῶν
