3942 6258
274 351 331 409 ιη
1110 347 1760 407 DEMONSTRATIONIS
1797 344 2255 404 EVANGELICA‘J
2295 345 2422 401 LIB.
2449 343 2492 399 ἰ.
3441 341 3512 394 82

274 465 361 521 τοὺ
399 464 518 536 βίου
549 464 787 538 δεσμῶν,
825 463 920 520 καὶ
942 464 1051 519 τῶν
1080 464 1497 537 πολυμερίμνων
1523 466 1837 538 φροντίδων.

1945 464 2197 527 nuerint,
2240 468 2333 515 aut
2362 460 2455 530 qui
2486 455 2809 514 eunti-ierint
2837 472 2852 511 :
2883 452 3102 526 quando
3135 459 3295 508 etiam
3328 454 3394 509 de
3423 457 3511 511 di-

277 557 520 612 Μάλιστα
549 557 593 610 δ’
628 554 721 612 οῦν
763 558 973 622 τούτοις
1015 558 1327 626 ἀναγκαίως
1375 557 1442 612 τά
1482 558 1576 613 νῦν
1621 558 1709 613 διὰ
1738 557 1836 631 τὴν

276 650 396 720 περὶ
434 648 509 702 τά
551 649 783 721 κρείττω
828 648 1020 722 σχολὴν
1062 652 1096 722 ἡ
1128 650 1234 705 τῶν
1274 650 1466 721 γάμων
1494 648 1840 725 ἀναχώρησις

277 744 651 809 σπουδάζεται,
683 742 780 798 ἆτε
820 744 947 812 περὶ
975 741 1074 815 τὴν
1112 741 1291 796 ἔνθεον
1328 744 1420 797 καὶ
1446 741 1683 814 ἀσαρκον
1713 760 1843 797 παι-

272 836 513 891 δοποιίαν
545 835 978 907 ἀσχολουμένοις,
1011 834 1109 906 οὐχ
1140 833 1259 897 ὲνδς
1285 835 1407 888 οὐδὲ
1438 834 1580 888 δυεῖν
1614 833 1840 899 παίδων,

275 928 380 984 ἀλλ’
402 928 617 1000 ἀθρόως
641 928 831 1000 μορίου
853 927 1089 998 πλήθους
1101 926 1199 999 τὴν
1218 926 1619 1000 παιδοτροφίαν,
1632 928 1726 1006 καὶ
1745 926 1843 999 τὴν

276 1020 411 1075 κατά
440 1020 572 1073 Θεὸν
604 1021 905 1083 παίδευσιν,
933 1019 1032 1090 τῆς
1065 1035 1125 1072 τε
1166 1019 1331 1091 ἄλλης
1365 1021 1584 1092 ἀγωγῆς
1605 1019 1700 1073 τοῦ
1729 1020 1842 1091 βίου

273 1115 365 1187 τὴν
401 1114 719 1185 ἐπιμέλειαν
755 1113 1213 1184 ἀναδεδεγμένοις.
1247 1111 1372 1167 Ἐπὶ
1398 1112 1606 1178 τούτοις
1640 1111 1843 1166 ἀπασιν

277 1206 426 1271 εἴτις
456 1205 701 1278 ἀκριϐῶς
729 1204 968 1272 ἐξετάζοι
988 1206 1112 1268 τοὺς
1125 1203 1235 1257 τῶν
1261 1203 1504 1259 παλαιῶν
1525 1203 1693 1275 βίους,
1716 1204 1845 1276 περὶ

274 1292 344 1351 ὧν
362 1298 450 1352 τὸν
465 1298 625 1367 λόγον
651 1297 971 1367 ποιούμεθα,
984 1298 1133 1370 γνῴη
1148 1298 1214 1354 ἀν
1235 1299 1428 1362 αὐτοὺς
1454 1300 1510 1353 ἐν
1528 1299 1721 1371 ἀρχαῖς
1746 1297 1845 1368 μὲν

279 1392 366 1466 τῇς
397 1389 617 1461 ἡλικίας
647 1391 1186 1462 παιδοποιουμένους,
1214 1390 1479 1445 θᾶττονδὲ
1510 1391 1845 1460 ἀνασχόντας

281 1481 364 1532 καὶ
400 1480 914 1552 άποπεπαυμένους.
962 1482 1274 1552 Γέγραπται
1315 1480 1425 1554 γὰρ
1465 1482 1546 1535 ὅτι
1594 1500 1612 1532 ι
1637 1480 1843 1551 Εύηρέ-

282 1584 463 1641 στησεν
508 1570 678 1642 Ἑνὼχ
716 1572 794 1643 τῷ
844 1572 984 1644 Θεῷ,
1034 1573 1169 1645 μετά
1208 1573 1270 1627 τὸ
1309 1572 1565 1643 γεννῆσαι
1607 1571 1697 1625 τὸν
1726 1573 1848 1626 Μα-

280 1661 528 1727 θουσάλα,
562 1683 580 1714 ι
627 1664 870 1735 ἀκριϐῶς
893 1663 1036 1718 οῦτω
1070 1666 1166 1737 τῆς
1193 1664 1413 1736 Γραφῆς
1459 1663 1595 1734 μετά
1629 1663 1721 1717 τὸν
1752 1662 1844 1717 τοῦ

284 1757 460 1820 παιδὸς
499 1757 750 1826 γέννησιν
797 1758 1220 1829 εύηρεστηκέναι
1259 1757 1337 1828 τῷ
1367 1756 1488 1828 Θεῷ
1528 1756 1620 1811 τὸν
1656 1756 1844 1829 δηλούο

1945 556 2170 627 scipulis
2204 552 2501 608 Salvatoris
2525 550 2737 620 aliquos
2762 548 3015 604 novimus
3045 545 3296 601 libertate
3321 547 3514 602 volun-

1943 649 2071 702 tatis
2110 659 2352 709 aversos,
2400 657 2431 696 a
2476 647 2627 696 recto
2657 640 2964 695 aberrasse.
3004 637 3185 693 Causa
3234 637 3401 709 igitur
3442 639 3514 693 ob

1944 752 2104 807 quam
2139 735 2238 791 viri
2269 733 2443 789 sancti
2500 731 2695 803 priscis
2749 728 3086 800 temporibus
3135 743 3334 799 magno
3386 743 3512 782 cum

1944 828 2125 885 studio
2170 826 2372 881 liberos
2419 821 2789 893 susciperent,
2826 822 3038 878 reddita
3067 830 3152 878 est
3184 841 3196 876 :
3237 836 3360 893 quae
3400 836 3513 878 non

1943 920 2178 990 amplius
2211 919 2267 973 in
2292 917 2451 973 nobis
2480 917 2659 972 locum
2695 915 2893 969 habere
2922 913 3152 968 dicenda
3174 921 3278 969 est.
3302 914 3513 985 Quippe

1943 1026 2068 1065 cum
2089 1052 2103 1075 ,
2133 1010 2242 1064 Deo
2276 1008 2508 1073 favente,
2539 1022 2633 1079 per
2667 1005 3033 1077 evangelicam
3072 1003 3373 1061 Salvatoris
3409 1020 3512 1059 no-

1945 1104 2047 1162 stri
2090 1102 2418 1168 doctrinam,
2454 1099 2880 1156 innumerabiles
2918 1104 3105 1169 gentes
3130 1140 3146 1163 ,
3177 1105 3230 1154 et
3260 1098 3511 1168 populos,

1946 1195 2001 1249 in
2033 1193 2283 1255 urbibus,
2313 1201 2367 1248 et
2398 1190 2733 1263 regionibus,
2756 1197 2809 1243 et
2840 1188 2987 1260 agris
3014 1188 3177 1243 liceat
3206 1188 3366 1244 nobis
3388 1203 3516 1242 ocu-

1944 1287 2013 1342 lis
2040 1285 2269 1349 intueri,
2302 1283 2494 1341 eodem
2530 1282 2712 1337 animo
2745 1280 3095 1346 festinantes,
3136 1285 3190 1335 et
3228 1280 3293 1334 ad
3325 1288 3518 1335 sancta

1946 1379 2275 1449 evangelica:
2302 1376 2564 1431 doctrina:
2585 1382 2852 1446 praecepta
2877 1380 3286 1436 concurrentes,
3315 1373 3520 1443 quibus

1946 1471 2165 1541 quidem
2191 1469 2324 1524 satis
2351 1483 2623 1539 superque
2661 1466 2763 1525 sit,
2808 1465 2852 1519 si
2882 1464 3137 1519 doctores
3165 1478 3228 1518 ac
3263 1464 3520 1533 praedica-

1947 1573 2095 1620 tores
2149 1562 2317 1617 divini
2346 1561 2495 1616 verbi
2525 1560 2782 1615 omnibus
2840 1568 2894 1613 et
2940 1558 3065 1612 vitae
3117 1557 3353 1613 vinculis
3385 1599 3399 1624 ,
3464 1564 3519 1612 et

1948 1654 2409 1712 sollicitudinibus
2472 1652 2730 1714 liberati,
2804 1650 3017 1721 possint
3072 1648 3340 1705 sullicerc.
3422 1646 3519 1704 llis

1949 1758 2127 1804 autem
2176 1747 2310 1818 ipsis
2367 1745 2605 1801 maxime
2682 1744 2738 1799 in
2805 1741 3135 1813 praesentia,
3200 1750 3262 1796 ut
3324 1739 3518 1795 melio-

284 1849 790 1921 μενονίστορούσης,
823 1851 916 1903 καὶ
944 1851 1128 1904 οὐκέτι
1152 1851 1209 1917 ἐξ
1237 1851 1443 1904 ἐκείνου
1475 1852 1670 1914 παῖδας
1694 1851 1842 1922 αύτῷ

1945 1840 2095 1896 ribus
2148 1838 2346 1895 studiis
2380 1842 2573 1891 vacent
2609 1834 2840 1890 liberius
2867 1874 2882 1899 ,
2931 1832 3215 1903 seiunctus
3237 1846 3267 1885 a
3293 1846 3352 1886 re
3384 1845 3520 1885 uxo-

278 1940 519 2008 γενέσθαι
571 1940 973 2013 μαρτυρούσης,
1007 1941 1117 1996 Καὶ
1158 1941 1279 1995 Νῶε
1327 1940 1406 2006 δὲ,
1451 1941 1734 2014 ἄνθρωπος
1764 1942 1843 1996 δί-

281 2046 455 2095 καιος,
493 2030 631 2101 μετά
664 2031 763 2103 τὴν
798 2031 907 2084 τῶν
933 2031 1138 2085 παίδων
1164 2030 1373 2098 γένεσιν
1406 2033 1562 2102 μόνος
1604 2032 1699 2085 σὺν
1731 2033 1844 2095 τοῖς

278 2122 485 2186 οἰκείοις
525 2124 586 2177 ὲν
618 2124 684 2194 τῇ
729 2122 837 2177 τῶν
878 2123 970 2177 ἐπὶ
1012 2123 1113 2194 γῆς
1156 2124 1406 2179 ἁπάντων
1433 2123 1608 2196 φθορᾷ
1643 2123 1842 2177 διασω-

279 2213 413 2279 θεὶς,
450 2216 725 2279 πλείστοις
771 2215 909 2286 μετά
944 2213 1115 2268 ταῦτα
1159 2214 1402 2277 ἐπιϐιοὺς
1443 2214 1641 2279 ἔτεσιν,
1683 2213 1842 2266 οὐδα-

279 2307 389 2376 μῶς
428 2308 708 2377 εἰσάγεται
748 2307 944 2369 παῖδας
983 2306 1342 2375 κτησάμενος.
1396 2305 1628 2374 Λέγεται
1666 2305 1722 2359 δὲ
1750 2304 1844 2360 καὶ

275 2398 301 2450 ό
344 2399 561 2463 Ἰσαάκ,
615 2400 680 2452 ὲκ
728 2400 859 2469 μιᾶς
882 2396 1126 2468 γαμετῆς
1172 2396 1389 2468 διδύμου
1449 2398 1616 2469 γονῆς
1663 2399 1845 2470 πατὴρ

276 2482 530 2550 γεγονὼς.
589 2485 751 2556 μέχρι
794 2484 981 2537 τούτου
1031 2484 1223 2555 στῆσαι
1268 2486 1366 2556 τὴν
1415 2485 1552 2557 πρὸς
1596 2487 1844 2558 γαμετὴν

272 2574 501 2642 ὁμιλίαν.
540 2578 653 2629 Καὶ
695 2579 724 2630 6
756 2576 975 2648 Ἰωσὴφ,
1018 2577 1112 2630 καὶ
1154 2575 1327 2631 ταῦτα
1369 2578 1499 2650 παρ’
1528 2580 1846 2648 Αίγυπτίοις

272 2666 365 2729 τάς
401 2666 685 2739 διατριϐάς
730 2669 1133 2741 πεποιημένος,
1183 2670 1243 2723 ού
1283 2670 1449 2725 πλείω
1497 2672 1589 2725 δύο
1641 2671 1844 2727 παίδων

274 2757 501 2829 κατέστη
536 2761 742 2832 πατὴρ,
769 2761 901 2831 μίαν
932 2761 1030 2833 τὴν
1060 2760 1265 2816 τούτων
1297 2764 1511 2835 μητέρα
1554 2765 1841 2836 ἀγόμενος.

274 2851 375 2903 Καὶ
415 2852 582 2916 αὐτός
610 2869 674 2922 γε
692 2855 941 2928 Μωῦσῆς
977 2857 1007 2908 ὃ
1037 2873 1098 2909 τε
1131 2856 1323 2910 τούτου
1367 2856 1595 2927 ἀδελφὸς
1634 2857 1845 2928 ’Δαρὼν

272 2942 373 3013 πρὸ
403 2943 504 3013 μὲν
534 2944 632 3015 τῆς
661 2927 753 2998 τοῦ
783 2944 916 3000 Θεοῦ
939 2948 1270 3016 ἐπιφανείας
1298 2948 1637 3021 ἱστοροῦνται
1660 2927 1847 3005 παιδο-

271 3037 661 3109 πεποιημένοι·
700 3038 835 3110 μετά
880 3039 935 3092 δὲ
966 3040 1092 3103 τοὺς
1141 3040 1316 3105 θείους
1342 3043 1624 3113 χρησμοὺς
1663 3042 1845 3097 οὐκέτι

271 3128 414 3190 ιστιν
460 3130 647 3194 αὐτοῖς
692 3131 887 3196 παῖδας
920 3132 1102 3202 εὑρεῖν
1135 3132 1584 3204 γεγεννημέδους-
1630 3133 1695 3187 Τί
1741 3136 1844 3207 χρὴ

1942 1932 2023 1985 ria
2058 1929 2236 1985 victus
2261 1927 2566 1993 adamatur,
2602 1926 2768 1982 veluti
2796 1926 2884 1992 iis,
2916 1924 3010 1994 qui
3041 1924 3224 1978 divina
3257 1932 3310 1979 et
3336 1923 3518 1977 incor-

1940 2037 2105 2094 porca
2166 2021 2355 2077 sobole
2416 2017 2809 2091 propaganda,
2864 2017 3115 2088 occupati
3178 2022 3515 2071 teneantur:

1941 2123 1995 2169 et
2045 2130 2151 2170 non
2206 2115 2402 2179 unius,
2466 2129 2643 2183 neque
2706 2111 2942 2166 duorum
3016 2110 3350 2174 liberorum,
3423 2109 3521 2165 sed

1942 2202 2237 2258 acervatim
2263 2202 2679 2257 innumerabilis
2711 2200 3081 2257 multitudinis
3113 2199 3520 2263 educationem,

1943 2303 2297 2366 sanctamque
2348 2295 2693 2367 disciplinam
2725 2333 2742 2359 ,
2798 2308 2863 2348 ac
2901 2294 3128 2364 reliquae
3168 2289 3525 2349 instituenda!

1945 2388 2068 2441 vita
2132 2400 2321 2441 curam
2391 2385 2753 2455 susceperint.
2824 2383 3166 2439 Postremum
3235 2381 3520 2445 omnium,

1942 2478 2046 2549 33
2066 2479 2111 2535 si
2133 2479 2255 2548 quis
2282 2472 2590 2548 priscorum
2612 2477 2828 2532 illorum
2863 2478 3024 2540 vitas,
3052 2477 3119 2531 de
3148 2476 3349 2547 quibus
3372 2489 3522 2529 nunc

1946 2572 2241 2641 loquimur,
2278 2570 2567 2641 diligenter
2611 2569 2856 2641 exploret
2890 2587 2902 2623 :
2952 2569 3195 2622 inveniet
3237 2583 3332 2623 eos
3364 2567 3521 2622 initio

1943 2664 2162 2734 quidem
2196 2662 2393 2728 artatis,
2425 2663 2599 2717 soboli
2623 2661 2903 2731 augendae,
2934 2660 3298 2732 conjugioque
3333 2674 3524 2713 vacan-

1943 2762 2069 2819 tes,
2118 2764 2328 2810 mature
2376 2763 2558 2811 autem
2610 2754 2948 2810 abstinentes
3002 2762 3164 2825 atque
3216 2762 3518 2810 cessantes.

1946 2847 2223 2918 Scriptum
2270 2854 2352 2903 est
2384 2847 2527 2903 enim
2577 2847 2642 2912 “,
2687 2846 2831 2917 quod
2868 2847 3137 2917 placuerit
3182 2845 3370 2901 Enoch
3412 2844 3522 2902 Deo

1946 2949 2233 3013 postquam
2281 2940 2467 3011 genuit
2521 2938 2842 2995 Mathusala.
2892 2937 2997 2994 Ubi
3033 2936 3315 3009 Scriptura
3363 2939 3524 3009 plane

1944 3040 2069 3101 post
2094 3031 2335 3102 genitum
2368 3030 2560 3095 filium,
2595 3029 2706 3086 Deo
2759 3030 3031 3100 placuisse
3091 3031 3276 3095 illum,
3317 3030 3384 3085 de
3411 3046 3522 3101 quo

1949 3123 2212 3192 loquitur,
2245 3129 2533 3186 memorat,
2570 3137 2747 3192 neque
2771 3121 2847 3176 illi
2874 3122 3104 3191 posthac
3136 3123 3277 3178 alios
3310 3124 3523 3194 genitos

270 3220 444 3290 λέγειν
490 3222 618 3291 περὶ
658 3220 1017 3294 Μελχισεδέκ;
1060 3217 1123 3277 οὗ
1175 3223 1426 3290 καθάπαξ
1478 3226 1537 3279 οὐ
1585 3228 1733 3290 παῖς,
1779 3226 1841 3280 ού

1949 3214 2090 3269 filios
2120 3215 2322 3285 prodit.
2350 3213 2465 3267 Noe
2493 3229 2712 3285 quoque
2741 3214 3184 3285 virjustuspOst
3215 3216 3525 3286 susceptio-

272 3313 441 3380 γένος,
466 3314 529 3367 ού
562 3313 778 3387 διαδοχὴ
812 3315 1059 3387 φέρεται·
1089 3317 1200 3371 οὐδ’
1238 3317 1413 3387 Ἰησοῦ
1444 3316 1536 3370 τοῦ
1566 3317 1845 3382 Μωῦσέως

270 3403 537 3476 δ;αδόχου,
582 3405 701 3459 οὐδὲ
753 3407 1016 3461 πλείστων
1058 3408 1231 3464 ἄλλων
1265 3410 1581 3481 προφητῶν.
1640 3412 1845 3480 Ζητου-

274 3498 448 3567 μένοις
480 3498 538 3551 δὲ
576 3499 679 3568 τῆς
707 3499 847 3553 κατά
880 3499 973 3553 τὸν
1008 3500 1257 3571 Ἀϐραὰμ
1296 3501 1390 3555 καὶ¹
1422 3500 1617 3555 Ἰακὼϐ
1657 3502 1844 3556 παιδο-

273 3589 448 3651 ποιίας
476 3592 535 3642 ὲν
560 3591 769 3662 ἑτέροις
800 3590 890 3644 τὸν
921 3591 1077 3659 λόγον
1112 3591 1452 3663 σχολαίτερον
1496 3592 1844 3648 ἀποδεδώκα-

276 3695 387 3747 μεν,
424 3679 484 3734 ὲν
521 3674 604 3743 οἷς
642 3681 770 3753 περὶ
822 3681 918 3752 τῆς
967 3681 1076 3734 τῶν
1118 3680 1287 3738 πάλαι
1329 3680 1589 3752 θεοφιλῶν
1635 3682 1844 3756 ἀνδρῶν

273 3770 614 3843 πολυγαμίας
650 3789 710 3825 τε
750 3774 844 3826 καὶ
886 3773 1240 3838 πολυπαιδίας
1270 3774 1642 3846 διειλήφαμεν,
1686 3776 1771 3846 ἐφ’
1808 3777 1845 3831 ἃ

272 3865 361 3919 καὶ
384 3865 480 3918 νῦν
502 3866 629 3930 τοὺς
653 3864 968 3936 φιλομαθεῖς
998 3866 1411 3938 ἀναπέμπομεν,
1443 3865 1694 3922 τοσοῦτον
1725 3870 1844 3923 ὲπι-

275 3956 663 4028 σημηνάμενοι,
684 3958 766 4009 ὅτι
794 3959 887 4010 καὶ
916 3958 1058 4012 κατά
1077 3961 1204 4024 τοὺς
1225 3960 1323 4030 τῆς
1339 3960 1550 4030 Καινῆς
1569 3961 1843 4032 Διαθήκης

272 4049 484 4119 νόμους,
507 4050 571 4103 ού
603 4051 835 4120 πάμπαν
870 4050 1239 4122 ἀπηγόρευται
1258 4051 1327 4105 τά
1352 4051 1452 4123 τῆς
1477 4052 1840 4119 παιδοποιίας,

274 4142 401 4194 ἀλλά
428 4142 531 4195 κάν
550 4142 725 4213 τούτῳ
751 4143 820 4195 τὰ
843 4144 1197 4215 παραπλήσια
1218 4148 1331 4209 τοῖς
1352 4144 1518 4199 πάλαι
1543 4144 1842 4216 θεοφιλέσιν

272 4232 631 4289 διατέτακται.
681 4254 699 4286 ι
723 4236 932 4307 Χρῆναι
958 4237 1081 4317 ⁴γάρ
1134 4254 1299 4307 φησιν
1341 4240 1370 4292 6
1394 4237 1549 4307 λόγος
1594 4239 1684 4292 τὸν
1724 4239 1843 4292 ἐπί-

1949 3322 2073 3361 nem
2120 3307 2437 3368 liberorum,
2487 3306 2638 3361 solus
2692 3320 2817 3360 cum
2878 3306 3103 3371 familia,
3158 3322 3284 3361 cum
3314 3308 3524 3379 reliqua

1947 3398 2130 3453 omnia
2170 3414 2512 3469 quaecunque
2542 3406 2725 3453 essent
2747 3399 2802 3452 in
2830 3410 2994 3462 terra,
3021 3398 3333 3469 periissent,
3372 3401 3525 3455 inco-

1947 3491 2112 3546 lumis
2154 3500 2547 3555 conservatus,
2599 3491 2849 3562 plurimis
2897 3492 3126 3562 posthac
3186 3492 3525 3562 superfuisse

1947 3582 2460 3646 annis‘inducitur,
2514 3598 2689 3653 neque
2741 3592 2925 3638 tamen
2983 3598 3217 3653 usquam
3270 3586 3525 3655 genuisse

1946 3674 2084 3730 alios
2118 3673 2278 3729 filios.
2312 3673 2524 3728 Dicitur
2558 3683 2609 3728 et
2642 3673 2791 3730 Isaac
2831 3681 3121 3744 postquam
3152 3689 3217 3728 ex
3249 3691 3355 3729 una
3389 3690 3525 3729 uxo-

1946 3780 2005 3820 re
2040 3765 2269 3836 gemina:
2295 3766 2466 3835 prolis
2493 3773 2647 3836 pater
2675 3764 2988 3829 factus.est,
3021 3764 3254 3820 desiisse
3277 3781 3401 3819 cum
3432 3766 3524 3820 illa

1946 3871 2328 3912 consuescere.
2355 3856 2421 3910 Et
2446 3856 2667 3927 Ioseph,
2698 3872 2822 3911 cum
2849 3857 3150 3928 praesertim
3181 3856 3323 3927 apud
3354 3855 3523 3929 Egy-

1946 3950 2087 4019 plins
2119 3960 2366 4005 versatus
2402 3949 2494 4015 sit,
2529 3964 2634 4005 non
2664 3949 2785 4020 plus
2818 3964 2981 4019 quam
3021 3950 3256 4004 duorum
3287 3949 3520 4005 filiorum

1946 4049 2100 4111 pater
2151 4042 2427 4097 exstitisse
2487 4041 2781 4106 invenitur,
2826 4057 3060 4112 quorum
3098 4050 3326 4097 matrem
3358 4057 3522 4096 unam

1945 4132 2210 4187 duntaxat
2246 4134 2298 4188 in
2335 4134 2684 4188 matrimonio
2709 4134 2978 4189 habuerit.
3003 4135 3123 4205 ipse
3152 4135 3315 4191 etiam
3344 4133 3522 4191 Moses

1945 4234 2105 4295 atque
2138 4226 2259 4295 ejus
2291 4224 2461 4282 frater
2482 4229 2687 4291 Aaron,
2713 4233 3003 4296 antequam
3036 4226 3174 4296 ipsis
3194 4225 3338 4283 Deus
3363 4243 3523 4299 appa-

276 4342 466 4379 σκοπον
528 4326 811 4395 γεγονέναι
885 4330 1013 4398 μιᾶς
1084 4328 1339 4398 γυναικὸς
1394 4330 1579 4401 ἄνδρα.
1621 4349 1639 4381 ι
1696 4330 1841 4401 Πλὴν

1945 4318 2138 4380 ruerit,
2174 4316 2315 4374 filios
2351 4320 2608 4389 genuisse
2644 4328 3049 4388 memorantur;
3097 4328 3388 4391 postquam
3419 4336 3522 4376 au-

273 4415 399 4469 ἀλλά
429 4419 543 4480 τοῖς
592 4416 909 4488 ἱερωμένοις
951 4419 1043 4472 καὶ
1088 4420 1217 4490 περὶ
1249 4421 1348 4492 τὴν
1388 4419 1478 4472 τοῦ
1514 4420 1650 4474 Θεοῦ
1681 4420 1843 4491 θερα-

1945 4418 2052 4468 tem
2077 4409 2262 4465 divina
2299 4411 2520 4464 oracula
2547 4411 2875 4480 acceperint,
2906 4426 3015 4465 non
3048 4412 3281 4482 amplius
3307 4413 3520 4482 genitos

274 4506 422 4562 πείαν
469 4508 888 4578 ἀσχολουμένοις
938 4511 1150 4579 ἀνέχειν
1201 4510 1387 4565 λοιπὸν
1445 4512 1585 4581 σφᾶς
1645 4511 1842 4575 αὐτοὺς

1947 4501 2016 4555 ab
2056 4501 2165 4556 illis
2203 4501 2342 4557 ﬁlios
2372 4500 2641 4557 invenias.
2678 4500 2818 4567 Quid
2861 4516 3024 4571 porro
3059 4501 3127 4556 de
3162 4501 3519 4559 Melchisedec

276 4603 534 4672 προσήκει
580 4600 683 4670 τῆς
734 4602 976 4673 γαμικῆς
1024 4602 1257 4673 ὁμιλίας.
1313 4603 1467 4656 Ὅσοι
1513 4602 1569 4655 δὲ
1618 4604 1691 4674 μὴ
1737 4603 1837 4673 τῆς

1945 4602 2026 4650 est
2051 4594 2366 4660 dicendum,
2395 4594 2554 4665 cujus
2583 4593 2807 4649 omnino
2842 4609 2953 4648 non
2988 4593 3152 4658 filius,
3182 4609 3291 4649 non
3322 4612 3518 4665 genus,

276 4692 531 4764 τοσαύτης
593 4691 851 4762 ἠξίωνται
918 4694 1258 4766 ἱερουργίας,
1319 4694 1527 4758 τούτοις
1587 4696 1616 4746 6
1687 4694 1843 4762 λόγος

1945 4704 2054 4743 non
2106 4687 2386 4744 successio
2440 4685 2707 4743 refertur?
2754 4703 2931 4759 neque
2980 4689 3107 4743 item
3137 4686 3288 4754 Jesu,
3335 4688 3428 4759 qui
3461 4689 3519 4744 in

273 4783 559 4854 καθυφίησι
611 4785 890 4856 μονονουχὶ
939 4785 1235 4858 διαρρήδην
1285 4786 1489 4841 ἅπασιν
1532 4785 1838 4859 κηρύττων,

1945 4784 2111 4840 Mosis
2143 4785 2324 4839 locum
2350 4783 2639 4849 successit,
2668 4798 2845 4854 neque
2882 4784 3242 4854 plurimorum
3286 4783 3517 4838 aliorum

272 4876 347 4931 ὅτι
389 4878 453 4950 δὴ
512 4897 531 4930 ι
570 4878 763 4948 Τίμιος
810 4880 837 4932 6
882 4878 1058 4949 γάμος
1117 4879 1210 4932 καὶ
1263 4881 1295 4950 ἡ
1339 4879 1494 4950 κοίτη
1552 4878 1836 4950 ἀμίαντος,

1945 4876 2350 4947 prephetarum.
2403 4874 2540 4931 Cum
2591 4882 2770 4929 autem
2806 4873 2873 4929 de
2915 4874 3214 4939 Abraham,
3265 4880 3319 4929 et
3346 4872 3514 4929 Iacob

274 4972 495 5042 πόρνους
529 4972 588 5026 δὲ
636 4973 730 5025 καὶ
770 4973 989 5043 μοιχοὺς
1013 4974 1189 5043 κρινεῖ
1232 4974 1261 5026 6
1286 4973 1437 5036 Θεός.
1464 4991 1482 5025 ι
1521 4970 1705 5027 Ταῦτα
1739 4971 1840 5043 μὲν

1945 4968 2113 5039 quaeri
2147 4969 2342 5031 soleat,
2385 4968 2479 5038 qui
2509 4966 2860 5037 multiplicem
2896 4967 3139 5022 subolem
3181 4981 3519 5038 propagave-

272 5058 355 5116 οὖν
388 5065 467 5127 είς
494 5064 594 5134 τὴν
622 5061 845 5135 πρώτην
873 5065 1005 5133 ἡμῖν
1038 5063 1277 5136 εἰρήσθω
1305 5063 1594 5135 πρότασιν.

1945 5068 2092 5126 runt,
2132 5062 2263 5117 alibi
2294 5076 2397 5117 nos
2427 5061 2663 5117 otiosius
2702 5061 2933 5131 hujusce
2959 5063 3041 5117 rei
3085 5062 3358 5116 rationem
3390 5062 3516 5118 red-

272 5152 503 5210 didimus
535 5173 549 5210 :
580 5154 672 5209 ubi
706 5153 774 5208 de
799 5162 1115 5209 sanctorum
1146 5162 1384 5210 veterum
1418 5155 1661 5210 virorum
1688 5153 1974 5223 multiplici
1992 5154 2248 5225 conjugio
2268 5152 2661 5224 multiplicique
2685 5152 2873 5209 sobole
2890 5152 3271 5209 disseruimus.
3290 5151 3517 5224 Aci-quae

275 5247 464 5317 scripta
481 5249 740 5303 nostrain
760 5248 1015 5318 praesenti
1043 5249 1320 5306 studiosos
1343 5251 1576 5306 lectores
1593 5249 1939 5314 remittimus,
1956 5250 2060 5305 hoc
2086 5266 2253 5305 unum
2279 5250 2654 5315 admonentes,
2688 5264 2756 5304 ne
2777 5246 2913 5304 Novi
2941 5248 3161 5319 quidem
3179 5246 3515 5305 Testamenli

276 5340 487 5411 legibus,
515 5359 639 5415 quae
664 5342 733 5398 ad
769 5344 1172 5414 susceptionem
1203 5346 1500 5402 liberorum
1530 5348 1824 5418 pertinent,
1857 5348 2082 5402 omnino
2129 5346 2402 5410 interdici,
2436 5346 2533 5403 sed
2565 5347 2620 5401 in
2683 5347 2789 5401 hoc
2834 5360 3051 5416 quoque
3107 5344 3174 5401 iis
3223 5354 3515 5401 consenta-

274 5446 382 5499 nea,
422 5452 542 5506 quae
560 5428 634 5491 de
661 5436 859 5505 priscis
888 5436 995 5491 illis
1034 5437 1240 5494 sanctis
1265 5439 1398 5495 viris
1431 5447 1821 5505 memorantur,
1860 5440 2108 5497 instituta
2138 5427 2357 5495 haberi.
2379 5457 2398 5491 ι
2427 5436 2691 5508 Oportere
2715 5439 2883 5505 enim,
2932 5457 2951 5491 ι
2989 5438 3121 5493 dicit
3190 5453 3369 5493 sermo
3432 5436 3515 5493 dio

272 5532 414 5587 vinus
442 5535 506 5598 ³⁵,
545 5551 566 5585 ι
608 5531 928 5602 episcopum
989 5533 1157 5589 unius
1188 5535 1375 5589 uxoris
1411 5535 1587 5591 virum
1617 5551 1759 5592 esse.
1802 5556 1822 5589 ι
1860 5535 2248 5593 Verumtamen
2302 5552 2420 5601 eos,
2448 5536 2539 5607 qui
2564 5536 2763 5592 sacrati
2794 5536 2925 5601 sint,
2965 5543 3126 5604 atque
3186 5536 3247 5601 in
3283 5533 3378 5589 Dei
3408 5534 3510 5587 mi-

268 5623 476 5680 nisterio
527 5625 801 5694 cultuque
826 5623 1100 5694 occupati,
1133 5628 1413 5682 continere
1437 5627 1695 5698 deinceps
1719 5629 1927 5699 seipsos
1958 5642 1986 5681 a
2017 5627 2348 5683 commercio
2381 5627 2569 5683 uxoris
2600 5626 2755 5683 decet
2784 5645 2796 5681 :
2854 5628 2953 5696 qui
3024 5634 3203 5680 autem
3269 5638 3379 5679 non
3443 5620 3511 5677 ad

324 5804 368 5843 It
395 5805 533 5863 ceu,
588 5824 613 5861 ι
643 5847 660 5872 ,
702 5803 796 5859 24.
877 5804 918 5834 ⁸⁵
950 5801 966 5856 1
996 5802 1134 5857 Tim.
1171 5805 1334 5871 111,2.
