3942 6258
3362 325 3386 377 Ι

480 374 553 430 85
614 324 617 325 ν
1146 377 1412 435 EUSEBll
1449 377 1925 436 CESARIENSIS
1961 377 2113 434 OPP.
2151 377 2333 435 PARS
2358 376 2425 436 ll.
2465 411 2534 423 ——
2569 355 3083 437 “901:0(‘1'E'I'ICA.1
3362 325 3386 377 Ι
3660 378 3725 432 84

481 498 694 550 tantum
740 498 1002 569 assumpti
1052 496 1162 553 sint
1213 500 1503 555 sacerdotii
1550 515 1770 564 munus,
1821 499 1891 554 iis
1940 496 2083 552 idem
2155 511 2335 552 sermo
2389 495 2608 554 divinus
2665 497 2928 568 indulget,
2992 510 3057 550 ac
3103 489 3495 565 propemodum
3545 490 3721 561 palam

481 587 749 646 omnibus
770 592 1049 663 praedicat,
1086 592 1232 663 quod
1267 596 1456 665 utique
1488 614 1507 646 ι
1548 594 1867 651 honorabile
1896 593 1967 648 sit
1995 589 2331 659 conjugium,
2360 597 2414 644 et
2451 597 2606 646 torus
2636 591 3036 655 immaculatus,
3090 587 3449 643 fornicatores
3469 589 3523 639 et
3573 583 3712 638 adul-

481 694 628 741 teros
667 687 1016 758 judicaturus
1051 689 1122 745 sit
1152 689 1294 747 Deus
1326 693 1388 747 ”.
1424 713 1443 746 ι
1484 692 1608 749 Haec
1647 694 1827 763 itaque
1859 688 2016 743 nobis
2049 685 2116 740 ad
2146 686 2371 756 primam
2407 685 2800 743 dubitationem
2829 686 2970 740 dicta
2998 685 3127 740 sint.

1033 797 1142 870 34
1173 799 1402 856 CAPUT
1440 799 1507 855 χ.

483 895 603 963 Qua
653 885 909 963 dexcausa
939 908 1042 944 non
1087 893 1163 946 ila
1192 892 1367 957 nobis,
1394 893 1827 963 quemadmodum
1869 895 2058 962 priscis

560 959 835 1013 incendere
869 970 916 1013 et
975 963 1278 1031 sacriﬁcare
1316 959 1419 1017 Deo
1451 966 1721 1021 terrestria
1747 959 2058 1034 permissum

556 1039 656 1083 est.

560 1138 669 1196 Sed
704 1157 804 1196 cur
843 1158 951 1197 non
992 1159 1206 1199 summo
1238 1145 1365 1211 Deo,
1411 1146 1511 1217 ipsi
1548 1161 1763 1221 quoque
1804 1146 2059 1204 animalia

410 1233 416 1239 ’
491 1234 883 1297 sacriﬁcemus,
915 1252 1038 1291 cum
1074 1245 1284 1293 veteres
1330 1238 1407 1292 illi
1452 1237 1546 1292 Dei
1581 1247 1871 1306 amatores,
1921 1254 2059 1308 quo-

490 1336 612 1378 rum
654 1339 755 1380 nos
787 1326 1041 1394 pietatem
1091 1328 1293 1381 imitari
1335 1329 1589 1396 dicimus,
1619 1329 1723 1385 hoc
1776 1328 2059 1384 factitave-

490 1416 622 1482 rint,
674 1418 798 1473 talis
848 1434 877 1472 a
922 1420 1080 1475 nobis
1140 1422 1281 1476 ratio
1312 1422 1588 1480 reddatur.
1629 1422 1706 1479 De
1747 1423 1867 1497 ipso
1908 1423 2058 1477 cultu

488 1525 648 1579 quem
686 1519 899 1567 veteres
924 1520 977 1568 et
1011 1513 1173 1583 primi
1196 1514 1442 1585 homines
1467 1516 1662 1572 divinae
1686 1524 1893 1573 natura:
1914 1516 2061 1572 exhi-

488 1602 698 1664 berenl,
736 1620 842 1657 non
880 1604 1020 1660 idem
1053 1606 1199 1675 quod
1227 1606 1430 1664 Graecis
1471 1610 1649 1664 visum
1681 1617 1783 1674 est,
1828 1617 1883 1664 et
1912 1610 2058 1681 quod

487 1695 541 1749 in
569 1695 743 1751 sacris
774 1695 1123 1753 Hebraeorum
1160 1700 1316 1756 libris
1344 1701 1640 1757 invenitur.
1673 1701 1806 1755 Nam
1837 1702 1912 1757 illi
1939 1702 2061 1773 qui-

486 1787 608 1842 dem
659 1796 988 1857 putaverunt
1031 1789 1239 1861 primos
1268 1792 1536 1860 homines,
1571 1790 1779 1848 nullum
1830 1809 2057 1864 prorsus

485 1877 737 1944 animalis
768 1895 959 1949 genus,
990 1896 1167 1953 neque
1198 1883 1528 1948 sacriﬁcare,
1559 1900 1737 1954 neque
1764 1883 2058 1942 incendere

484 1969 678 2025 solitos
710 1971 837 2040 diis,
865 1973 960 2028 sed
983 1990 1078 2029 eos
1111 1975 1211 2032 soli
1253 1985 1307 2030 et
1332 1977 1559 2047 reliquis
1587 1978 1712 2034 coeli
1760 1977 2053 2044 sideribus,

482 2062 575 2118 ubi
620 2063 791 2118 viride
846 2081 1091 2135 gramen,
1124 2076 1178 2121 et
1218 2069 1374 2139 quasi
1416 2070 1682 2140 quasdam
1721 2069 2057 2127 fecundioris

2086 799 2135 857 A

2698 797 3090 852 ΚΕΦΑΛΑΙΟΝ
3128 798 3183 851 Ι’.

2167 888 2285 940 Τίνι
2338 888 2497 959 λόγῳ
2540 887 2626 958 μὴ
2665 888 2767 943 καί
2818 889 2962 959 ἡμῖν
3008 888 3220 959 ὁμοίως
3270 885 3393 959 τοῖς
3450 886 3723 959 παιαιρῖς

2228 955 2447 1080 gomet}
2495 955 2800 1013 κὰίθύειν
2847 955 2925 1024 τῷ
2976 955 3094 1023 Θεῷ
3133 957 3206 1011 τὰ
3243 956 3426 1026 γεώδη
3469 955 3724 1026 παραδέ-

2265 1045 2412 1080 οται.

2265 1045 2392 1082 οται
2399 1068 2412 1081 .

2230 1143 2365 1215 Περὶ
2403 1143 2459 1197 δὲ
2495 1144 2591 1196 τοῦ
2635 1144 2710 1214 μὴ
2749 1142 3035 1207 ζωοθυτεῖν
3078 1144 3224 1214 ἡμᾶς
3257 1140 3336 1217 τῷ
3376 1141 3468 1194 ἐπὶ
3506 1140 3724 1197 πάντων

2159 1234 2296 1306 Θεῷ,
2333 1236 2439 1291 τῶν
2470 1236 2635 1290 πάλαι
2663 1235 2922 1304 θεοφιλῶν
2951 1235 3180 1307 ἀνδρῶν,
3204 1228 3278 1288 ὧν
3300 1234 3363 1305 δή
3391 1250 3568 1304 φαμεν
3584 1234 3725 1288 κατὰ

2160 1326 2318 1398 ζῆλον
2380 1326 2688 1392 θεοσεϐείας
2710 1369 2725 1393 ,
2780 1327 2938 1381 τοῦτο
2992 1327 3366 1399 πεποιηκότων
3388 1367 3404 1393 ,
3453 1318 3609 1389 οὗτος
3664 1326 3725 1392 ἐξ

2158 1419 2317 1490 ἡμῶν
2363 1421 2650 1493 ἀποδοθείη
2700 1421 2765 1476 ἂν
2807 1424 2835 1475 ὁ
2861 1422 3037 1490 λόγος.
3091 1422 3199 1495 Οὐχ
3252 1420 3441 1493 ὥσπερ
3470 1420 3726 1492 Ἕλλησιν

2159 1512 2468 1584 ἐνομίζετο,
2517 1516 2612 1568 καὶ
2651 1516 2764 1577 τοῖς
2802 1513 3064 1586 Ἑϐραίων
3119 1514 3284 1583 ἱεροῖς
3328 1506 3504 1583 λόγοις
3553 1512 3727 1566 ταύτά

2157 1601 2321 1667 δοκεῖ,
2369 1603 2497 1674 περὶ
2538 1604 2638 1674 τῆς
2668 1603 2776 1659 τῶν
2810 1604 2974 1659 πάλαι
3004 1604 3096 1658 καὶ
3129 1603 3358 1676 πρώτων
3395 1604 3603 1676 ἀνδρῶν
3636 1603 3727 1657 θε-

2161 1692 2392 1766 ραπείας
2438 1694 2531 1748 τοῦ
2570 1693 2745 1751 Θείου.
2796 1696 2859 1749 Οί
2903 1695 3000 1767 μὲν
3046 1695 3249 1766 ἔφασαν
3302 1696 3376 1767 μὴ
3422 1694 3570 1749 θύειν
3599 1695 3726 1759 τοὺς

2159 1786 2456 1858 προτέρους
2485 1787 2649 1858 μηδὲν
2687 1787 2861 1843 ὁτιοῦν
2885 1787 2992 1841 τῶν
3018 1785 3190 1853 ζώων,
3224 1787 3357 1858 μηδὲ
3383 1786 3584 1858 θομιᾷν
3614 1789 3726 1852 τοῖς

2159 1878 2322 1944 θεοῖς,
2348 1879 2460 1932 ἀλλ’
2490 1879 2625 1952 ήλίῳ
2655 1880 2775 1952 μὲν,
2809 1882 2903 1935 καὶ
2940 1884 3051 1945 τοῖς
3083 1882 3203 1934 κατ’
3227 1880 3453 1953 οὐρανὸν
3478 1881 3724 1952 ἄστροις,

2156 1969 2319 2041 χλόην
2369 1972 2463 2025 καὶ
2509 1972 2670 2025 οἱονεί
2724 1988 2847 2026 τινα
2891 1972 2990 2042 τῆς
3041 1971 3264 2043 γονίμου
3305 1971 3516 2043 φύσεως
3564 1971 3729 2042 χνοῦν

2157 2064 2278 2125 ταῖς
2308 2063 2493 2135 χερσὶν
2520 2064 2849 2134 ἀραμένους,
2878 2064 3014 2118 πόαν
3038 2080 3099 2115 τε
3133 2064 3226 2116 καὶ
3255 2062 3427 2134 φύλλα
3455 2064 3548 2118 καὶ
3569 2064 3729 2136 ῥίζας

484 2162 693 2210 natura:
733 2158 1059 2230 quisquilias
1103 2161 1356 2217 manibus
1398 2162 1769 2230 sustulissent,
1828 2163 2052 2218 herbam

2158 2155 2470 2209 κατακαίειν
2517 2154 2649 2226 πυρί
2669 2172 2681 2184 ·
2731 2156 2918 2227 πόρρω
2948 2156 3005 2209 δὲ
3033 2156 3378 2228 παρανομίας
3405 2155 3729 2220 ἐλαύνοντας

484 2260 609 2299 cum
640 2247 785 2303 foliis
835 2258 889 2304 et
933 2249 1210 2307 radicibus
1246 2252 1355 2324 igni
1398 2254 1740 2309 comburere.
1776 2250 2053 2309 Posterio-

482 2351 574 2393 res
603 2347 783 2394 autem
812 2341 1060 2398 homines
1089 2344 1278 2413 procul
1307 2360 1337 2398 a
1362 2352 1474 2398 tam
1504 2353 1654 2400 recto
1681 2345 1933 2401 instituto
1960 2345 2056 2401 ab-

481 2437 751 2495 errantes,
789 2430 1028 2489 fmdasse
1076 2449 1202 2488 aras
1235 2436 1554 2490 animalium
1589 2437 1850 2492 cazdibus.
1881 2435 2056 2494 Porro

484 2521 587 2579 hoc
612 2538 736 2581 esse
760 2525 986 2597 impium
1008 2535 1062 2582 et
1085 2528 1369 2597 injustam,
1400 2537 1455 2587 et
1476 2546 1745 2602 nusquam
1768 2530 1880 2586 Deo
1909 2546 2059 2588 acce-

426 2602 431 2695 ῖ
481 2623 632 2686 ptum
668 2617 1019 2673 sacriﬁcium.
1052 2619 1187 2674 Nam
1227 2622 1512 2677 hrutorum
1555 2624 1791 2677 animam
1822 2624 1957 2678 nihil
1987 2626 2056 2681 ab

481 2706 763 2763 hominum
782 2710 1031 2766 rationali
1055 2714 1235 2767 anima
1257 2713 1490 2771 dill‘erre.
1518 2717 1859 2789 Quapropter
1891 2717 2054 2774 cadis

432 2796 435 2801 ’
483 2800 824 2857 accusandos
868 2817 993 2859 esse
1033 2819 1150 2868 eos,
1196 2807 1289 2877 qui
1344 2808 1599 2862 animalia
1657 2808 2051 2874 sacrificarent,

481 2889 739 2945 dicebant
769 2912 783 2947 :
812 2909 919 2953 non
951 2910 1111 2952 secus
1139 2911 1203 2951 ac
1232 2897 1278 2952 si
1311 2897 1520 2963 eadem,
1556 2900 1880 2971 similisque,
1912 2909 1965 2956 et
1996 2902 2054 2957 in

483 2982 703 3039 homine
743 2993 797 3039 et
839 2986 893 3040 in
925 2987 1086 3041 bruto
1117 2989 1298 3043 anima
1327 2990 1549 3045 inesset.
1584 2989 1649 3044 Et
1685 2992 1808 3047 talis
1834 2993 2052 3062 quidem

481 3075 550 3131 de
566 3077 804 3146 antiquis
827 3078 1140 3135 hominibus
1158 3081 1343 3151 opinio
1362 3082 1673 3138 Graecorum
1698 3093 1892 3140 exstat.
1925 3085 2054 3153 Quae

483 3177 663 3223 autem
704 3170 758 3223 in
786 3171 1007 3243 scriptis
1040 3170 1391 3230 Hebrmorum
1427 3176 1645 3246 legitur,
1676 3193 1784 3231 non
1811 3178 1953 3234 talis.
1982 3179 2052 3233 ll—

482 3260 590 3314 lico
624 3260 770 3318 enim
802 3260 978 3318 factos
1031 3265 1238 3334 primos
1278 3266 1564 3335 homines,
1614 3280 1672 3325 ut
1718 3273 1952 3341 primum
1996 3273 2053 3328 in

428 3338 431 3347 “
479 3350 591 3404 vita
630 3352 999 3418 constiterint,
1041 3357 1359 3413 animalium
1402 3361 1687 3421 sacriﬁciis
1730 3363 1840 3419 Deo
1881 3366 2054 3420 bono-

481 3455 598 3497 rem
619 3442 934 3501 exhibuisse
962 3459 1375 3506 commemorat.
1409 3450 1550 3506 Dicit
1580 3453 1762 3525 itaque
1789 3474 1802 3510 :
1835 3475 1855 3507 ι
1884 3455 1950 3509 Ει
1974 3455 2054 3510 fa-

480 3538 626 3586 ctum
672 3543 755 3589 est
806 3544 932 3607 post
976 3538 1114 3602 dies,
1159 3549 1219 3595 ut
1255 3542 1473 3599 oﬁerret
1503 3546 1637 3601 Cain
1680 3547 1748 3601 de
1782 3547 2053 3605 fructibus

479 3628 639 3679 terrae
670 3627 998 3683 sacriﬁcium
1027 3628 1276 3687 Domino.
1311 3632 1449 3689 Tum
1488 3634 1622 3691 Abel
1671 3637 1790 3707 ipse
1836 3655 2053 3710 quoque

367 3762 372 3767 .
477 3715 676 3771 obtulit
699 3716 766 3773 de
799 3720 1179 3793 primogenitis
1217 3725 1400 3779 ovium
1432 3741 1678 3782 suarum.
1712 3727 1779 3782 Et
1812 3733 2052 3801 respexit

478 3804 622 3864 Deus
650 3808 719 3863 ad
742 3809 897 3878 Abel,
929 3824 982 3868 et
1022 3812 1092 3867 ad
1122 3830 1352 3871 munera
1385 3817 1554 3873 illius.
1601 3818 1683 3872 Ad
1731 3819 1867 3874 Cain
1901 3837 2049 3888 vero,

430 3890 436 3895 δ
476 3909 531 3954 et
571 3899 636 3954 ad
668 3902 938 3958 sacriﬁcia
977 3905 1099 3975 ejus
1128 3923 1240 3964 non
1281 3909 1513 3964 attendit
1541 3911 1605 3964 ¹⁷.
1650 3931 1668 3963 ι
1709 3909 1811 3966 Ubi
1844 3913 1957 3982 jam
1987 3914 2051 3968 il-

426 3987 432 3993 ’
475 3990 570 4045 lud
594 3993 970 4049 considerabis
1000 3999 1146 4066 quod
1179 3998 1290 4053 Deo
1320 4002 1593 4070 acceptior
1621 4002 1803 4059 dictus
1831 4006 1924 4070 sit,
1955 4005 2051 4076 qui

476 4083 735 4142 animalia
769 4086 1176 4153 sacriﬁcaverit,
1208 4105 1371 4161 quam
1404 4093 1451 4146 is
1478 4094 1571 4163 qui
1606 4098 1677 4150 ab
1719 4111 1850 4167 agro
1879 4099 2051 4154 sacri-

476 4176 660 4230 licium
689 4178 971 4234 obtulerit.
1007 4180 1185 4235 Etiam
1208 4181 1323 4239 Noe
1353 4185 1604 4254 protinus
1626 4186 1692 4243 de
1721 4190 1936 4245 cunctis
1958 4206 2052 4261 pe-

424 4258 433 4266 ’
474 4269 698 4326 coribus
736 4271 976 4339 mundis,
1013 4280 1067 4328 et
1109 4274 1176 4329 de
1205 4277 1418 4333 cunctis
1446 4279 1761 4338 volucribus
1810 4284 2048 4351 mundis,

424 4349 434 4357 ’
473 4360 670 4415 obtulit
714 4362 1112 4432 perfectissima
1144 4382 1372 4422 munera
1403 4386 1571 4440 super
1603 4372 1812 4428 altare:
1851 4349 2050 4429 odora;-

473 4461 671 4523 tusque
721 4466 805 4512 est
848 4454 1114 4513 Dominus
1155 4458 1377 4515 odorem
1428 4464 1735 4520 suavitatis.
1772 4466 2049 4522 Abraham

472 4559 692 4614 quoque
721 4546 1041 4603 sacriﬁcans
1074 4548 1412 4606 describitur
1442 4572 1454 4606 :
1489 4561 1570 4619 ut,
1601 4555 1648 4609 si
1675 4556 1873 4613 divinae
1899 4556 2050 4613 Scri-

470 4640 1033 4706 pturaatestimonium
1056 4642 1356 4711 sequimur,
1404 4646 1639 4715 primum
1670 4650 1912 4705 omnium
1941 4650 2048 4722 35

468 4744 535 4783 ex
559 4730 887 4787 animalibus
934 4732 1285 4801 sacriﬁcium,
1320 4738 1520 4807 priscis
1547 4739 1660 4796 Deo
1694 4743 1884 4799 amicis
1918 4744 2049 4801 viris

2157 2248 2282 2313 τοὺς
2317 2247 2454 2319 μετὰ
2489 2248 2659 2302 ταῦτα
2692 2247 3036 2320 ἀνθρώπους,
3081 2249 3307 2320 αἱμάξαι
3340 2250 3464 2313 τούς
3508 2250 3731 2321 βωμοὺς

2158 2339 2312 2405 ζώων
2369 2344 2607 2410 σφαγαῖς
2654 2341 2749 2413 (1).
2803 2337 2955 2397 Εἶναι.
2998 2342 3057 2395 δὲ
3106 2340 3310 2412 ταύτην
3351 2341 3589 2406 ἀνόσιον,
3635 2341 3731 2394 καὶ

2157 2433 2358 2501 ἄδικον,
2378 2434 2471 2490 καὶ
2490 2434 2739 2505 οὐδαμῶς
2762 2435 2880 2511 Θεῷ
2900 2435 3168 2507 προσφιλῆ
3191 2434 3397 2489 θυσίαν.
3412 2434 3597 2506 Μηδὲν
3620 2432 3730 2506 γὰρ

2155 2528 2254 2599 τῆς
2287 2528 2393 2583 τῶν
2423 2527 2725 2601 ἀνθρώπων
2773 2529 2992 2600 λογικῆς
3032 2527 3208 2600 ψυχῆς
3240 2528 3339 2600 τὴν
3363 2527 3468 2582 τῶν
3514 2525 3732 2597 ἀλόγων

2154 2621 2458 2692 διαφέρειν
2512 2621 2594 2675 διὸ
2633 2620 2726 2675 καὶ
2772 2622 2933 2691 φόνου
2962 2620 3113 2693 δίκην
3146 2620 3365 2690 ὑπέχειν
3406 2617 3551 2683 ἄξιον
3604 2617 3732 2680 τοὺς

2157 2711 2560 2778 ζωοθυτοῦντας
2603 2713 2858 2783 ἔφασκον,
2907 2713 2983 2776 ὡς
3024 2711 3127 2783 τῆς
3178 2712 3343 2783 αὐτῆς
3400 2711 3493 2765 καὶ
3531 2710 3732 2782 ὁμοίας

2155 2804 2212 2858 ἔν
2238 2808 2295 2858 τε
2328 2803 2600 2877 ἀνθρώπῳ
2634 2804 2729 2858 καὶ
2760 2805 2817 2859 ὲν
2836 2804 2914 2875 τῷ
2939 2804 3115 2875 ἀλόγῳ
3143 2800 3265 2874 ξὼῳ
3283 2801 3460 2873 ψυχῆς
3485 2804 3729 2873 ἐνυπαρ-

2155 2898 2373 2971 χούσης.
2423 2897 2560 2951 Ἀλλ’
2608 2897 2638 2949 ὁ
2679 2897 2777 2968 μὲν
2825 2897 2935 2951 τῶν
2982 2896 3251 2968 Ἐλλήνων
3298 2896 3425 2972 περὶ
3462 2894 3574 2949 τῶν
3618 2913 3725 2949 πα-

2155 2988 2319 3044 λαιῶν
2360 2988 2517 3057 λόγος
2555 2988 2761 3041 τοιόσδε
2794 3006 2877 3052 τις
2914 2983 2983 3061 ἦν
3005 3004 3018 3017 ⁸
3063 2990 3093 3041 ό
3128 2986 3184 3040 δέ
3210 3005 3276 3057 γε
3315 2988 3414 3059 τῆς
3453 2986 3725 3060 Ἑϐραίων

2153 3081 2374 3155 Γραφῆς
2414 3081 2476 3133 οὐ
2523 3079 2779 3144 τοιοῦτος.
2834 3080 2973 3143 Τοὺς
2998 3078 3107 3151 γάρ
3149 3096 3232 3131 τοι
3272 3075 3520 3150 πρώτους
3562 3076 3729 3139 εὐθὺς

2154 3174 2475 3245 γενομένους
2509 3171 2828 3245 ἀνθρώπους
2875 3170 2989 3243 ἅμα
3009 3174 3075 3242 τῇ
3108 3169 3296 3245 πρώτῃ
3325 3170 3583 3224 συστάσει
3632 3168 3728 3224 τοῦ

2157 3265 2273 3336 βίου
2301 3265 2511 3328 θυσίαις
2533 3267 2649 3328 ταῖς
2672 3264 2778 3318 ἀπὸ
2803 3262 2957 3327 ζώων
2985 3263 3209 3334 τιμῆσαι
3234 3262 3294 3315 τὸ
3319 3261 3471 3315 Θεῖον
3499 3263 3728 3335 ἱστορεῖ.

2153 3357 2316 3426 Λέγει
2358 3356 2403 3410 δ’
2449 3354 2564 3411 οὖν’
2615 3376 2635 3409 ι
2661 3358 2771 3412 Kal
2822 3355 3036 3425 ἐγένετο
3072 3354 3188 3426 μεθ’
3226 3352 3475 3426 ἡμέρας,
3524 3354 3733 3426 ἧνεγκε

2154 3451 2293 3505 Κάῖν
2330 3451 2438 3504 ἀπὸ
2476 3448 2585 3503 τῶν
2625 3449 2852 3522 καρπῶν
2893 3449 2990 3519 τῆς
3026 3448 3128 3519 γῆς
3173 3445 3363 3502 θυσίαν
3396 3444 3475 3516 τῷ
3507 3443 3727 3517 Κυρίῳ·

2154 3541 2250 3593 καὶ
2281 3538 2449 3592 ’Ἅϐελ
2486 3540 2700 3609 ήνεγκε
2730 3538 2824 3592 καὶ
2870 3537 3032 3600 αὐτὸς
3080 3536 3186 3590 ἀπὸ
3224 3536 3331 3591 τῶν
3366 3534 3734 3607 πρωτοτόκων

2152 3632 2260 3687 τῶν
2291 3631 2578 3704 προϐάτων
2607 3630 2792 3684 αὐτοῦ.
2838 3631 2948 3683 Kal
2978 3630 3185 3684 ἐπεῖδεν
3218 3631 3246 3681 ὁ
3273 3628 3407 3692 Θεὸς
3442 3629 3536 3681 ἐπὶ
3563 3624 3736 3680 ’Δϐελ

2153 3727 2247 3779 καὶ
2289 3725 2381 3777 ἐπὶ
2422 3726 2535 3787 τοῖς
2571 3721 2763 3794 δώροις
2805 3720 2971 3774 αὐτοῦ
2995 3737 3011 3752 ο
3051 3721 3143 3773 ἐπὶ
3185 3719 3243 3773 δὲ
3284 3719 3424 3773 Κάἳν
3466 3719 3564 3772 καὶ
3608 3718 3736 3781 ταῖς

2154 3817 2366 3881 θυσίαις
2390 3816 2554 3870 αὐτοῦ
2587 3816 2647 3873 οὐ
2673 3814 2994 3887 προσέσχεν.
3031 3833 3048 3868 ι
3091 3812 3259 3867 Ἔνθα
3285 3812 3347 3883 δὴ
3387 3813 3735 3884 ἐπιστήσεις,

2151 3911 2227 3976 ὡς
2269 3911 2466 3983 μᾶλλον
2516 3913 2545 3964 ό
2586 3908 2930 3980 ζωοθυτήσας
2979 3906 3271 3970 ἀπόδεκτος
3319 3905 3531 3977 εἴρηται
3578 3903 3738 3977 παρὰ

2152 4004 2242 4059 τὸν
2288 4003 2396 4057 ἀπὸ
2449 4003 2552 4074 γῆς
2601 4001 3022 4074 προσαγαγόντα
3071 3999 3148 4070 τῷ
3187 3998 3306 4070 Θεῷ
3352 3999 3452 4070 τὴν
3510 3996 3733 4051 θυσίαν.

2152 4096 2263 4149 Kal
2311 4095 2433 4148 Νῶε
2473 4094 2531 4147 δὲ
2570 4093 2729 4158 εὐθὺς
2772 4094 2881 4148 ἀπὸ
2929 4093 3147 4148 πάντων
3198 4091 3305 4147 τῶν
3350 4089 3572 4161 κτηνῶν
3622 4089 3737 4144 τῶν

2152 4186 2441 4260 καθαρῶν,
2485 4188 2580 4243 καὶ
2619 4190 2728 4242 ἀπὸ
2774 4188 2990 4241 πάντων
3033 4186 3140 4240 τῶν
3190 4182 3405 4256 πτηνῶν
3464 4182 3581 4237 τῶν
3625 4200 3730 4238 κα-

2153 4281 2332 4353 θαρῶν
2395 4283 2692 4353 ἀνήνεγκεν
2754 4277 3157 4351 ὁλοκαρπώσεις
3196 4278 3288 4330 ἐπὶ
3325 4276 3385 4330 τὸ
3428 4275 3741 4346 θυσιαστήο

2153 4391 2289 4447 ριον,
2336 4374 2428 4426 καὶ
2467 4371 2759 4446 ὼσφράνθη
2807 4370 3009 4443 Κύριος
3058 4368 3232 4439 ὀσμὴν
3274 4365 3520 4430 εὐωδίας.
3565 4363 3739 4427 Ἀλλὰ

2151 4466 2244 4519 καὶ
2280 4464 2530 4538 Ἀϐραὰμ
2565 4464 2731 4527 θύσας
2774 4462 3182 4534 ἀναγέγραπται
3206 4476 3219 4489 ·
3249 4457 3409 4524 ὥστε,
3443 4456 3594 4511 κατὰ
3633 4456 3739 4529 τὴν

2149 4559 2249 4630 τῆς
2275 4556 2424 4621 θείας
2440 4555 2664 4635 Γραφῆς
2712 4553 3034 4631 μαρτυρίαν,
3055 4549 3280 4622 πρώτην
3324 4548 3586 4603 ἁπάντων
3630 4549 3737 4621 τὴν

2149 4651 2239 4705 διὰ
2272 4648 2424 4714 ζώων
2463 4647 2652 4701 θυσίαν
2676 4643 3053 4715 ὲπινενοῆσθαι
3085 4644 3194 4705 τοῖς
3229 4640 3395 4694 πάλαι
3428 4637 3735 4708 θεοφιλέσι.

2151 4742 2353 4797 Τούτου
2385 4741 2443 4794 δὲ
2462 4741 2553 4794 τὸν
2584 4737 2841 4809 λογισμὸν
2868 4734 3106 4809 ήγοῦμαι
3133 4730 3270 4787 εἶναι
3290 4733 3348 4785 οὐ
3371 4731 3462 4784 τὸν
3487 4731 3740 4803 τυχόντα

469 4821 835 4892 excogitatum
859 4820 1050 4887 fuisse,
1077 4839 1178 4881 nos
1211 4824 1395 4882 dicere
1421 4838 1687 4899 oporteat.
1720 4831 1892 4900 Quam
1917 4849 2051 4890 sane

2158 4835 2260 4889 οὐδ’
2287 4831 2641 4906 ἀνθρωπίνως
2672 4827 3044 4899 κεκινημένον,
3066 4827 3208 4880 κατὰ
3239 4825 3387 4879 θείαν
3408 4824 3453 4877 δ’
3479 4824 3740 4885 ἐπίνοιαν

466 4913 920 4984 excogitationem
951 4923 1155 4974 temere
1184 4921 1483 4987 exstitisse,
1517 4930 1610 4977 aut
1631 4924 1868 4980 humano
1893 4942 2045 4983 more

2158 4927 2610 4999 ὐποϐεϐλημένον.
2658 4922 2874 4999 Ἐπειδὴ
2906 4920 3014 4994 γὰρ
3037 4919 3241 4991 ἐώρων,
3273 4919 3370 4972 ἅτε
3400 4917 3490 4971 τὸν
3519 4918 3742 5001 τρόπον

466 5014 731 5074 exortam,
755 5008 1058 5077 putandum
1094 5026 1206 5067 non
1234 5023 1337 5080 est,
1368 5015 1461 5071 sed
1489 5015 1675 5070 divino
1698 5020 1878 5087 potius
1904 5028 2042 5077 nutu

2158 5020 2391 5086 εὐσεϐεῖς
2435 5021 2526 5074 καὶ
2570 5016 2687 5088 Θεῷ
2728 5013 3220 5087 προσῳκειωμένοι,
3269 5011 3396 5083 θείῳ
3435 5028 3495 5063 τε
3548 5008 3741 5064 Πνεύ-

468 5102 820 5160 insinuatam.
856 5102 1064 5160 Etenim
1099 5124 1222 5163 cum
1252 5126 1468 5167 morum
1490 5112 1781 5168 sanctitate
1813 5124 2041 5183 praesta-

2158 5135 2282 5189 ματι
2310 5115 2408 5180 τὰς
2428 5112 2605 5189 ψυχὰς
2637 5108 3054 5180 πεφωτισμένοι,
3091 5105 3329 5179 μεγάλης
3351 5104 3531 5166 αὐτοῖς
3565 5102 3743 5175 θερα-

468 5203 608 5261 rent,
642 5195 860 5267 Deoque
889 5198 1103 5268 penitus
1132 5202 1335 5258 addicti
1360 5211 1564 5266 essent,
1598 5212 1652 5258 et
1680 5204 1753 5258 ob
1781 5220 1898 5260 eam
1925 5223 2038 5263 rem

2158 5213 2308 5277 πείας
2340 5210 2451 5264 δεῖν
2493 5211 2572 5272 είς
2602 5205 2973 5277 ἀποκάθαρσιν
3004 5202 3110 5256 τῶν
3149 5201 3356 5273 θνητῶν
3399 5198 3745 5271 πλημμελη-

458 5287 624 5358 quasi
657 5288 844 5344 divino
867 5288 1073 5361 Spiritu
1115 5294 1370 5348 illustrati
1413 5294 1676 5359 viderent,
1710 5312 1908 5368 magno
1934 5299 2038 5354 sibi

2158 5305 2358 5377 μάτων,
2393 5302 2584 5374 λύτρον
2631 5300 2730 5372 τῆς
2764 5297 2944 5353 αὐτῶν
2990 5294 3280 5367 σωτηρίας,
3312 5291 3391 5365 τῷ
3432 5291 3528 5346 καὶ
3580 5288 3743 5363 ζωῆς

457 5396 594 5448 opus
623 5394 747 5437 esse
773 5382 1058 5455 obsequio,
1085 5386 1132 5441 si
1165 5402 1263 5440 sua
1294 5387 1534 5457 ipsorum
1572 5388 1806 5447 humana
1840 5389 2038 5446 delicta

2158 5393 2239 5445 καὶ
2279 5390 2454 5461 ψυχῆς
2502 5388 2722 5465 χορηγῷ
2773 5383 3218 5460 προσοφείλεσθαι
3245 5381 3493 5454 ἡγοῦντο*
3531 5379 3745 5437 ἔπειτα

457 5474 671 5531 diluere
696 5476 933 5534 vellent:
967 5480 1203 5551 pretium
1254 5496 1353 5551 pro
1384 5482 1559 5538 salute
1598 5500 1696 5539 sua
1726 5486 1796 5550 ei,
1834 5487 1926 5557 qui
1957 5488 2038 5540 vi—

2158 5486 2317 5563 μηδὲν
2352 5489 2595 5559 κρεῖττον
2647 5486 2741 5541 καὶ
2783 5481 3103 5560 τιμιὼτερον
3149 5480 3247 5555 τῆς
3285 5476 3488 5540 οἰκείας
3543 5475 3745 5552 ψυχῆς

422 5668 430 5706 γ
529 5626 572 5658 ⁸⁸
611 5628 774 5686 Hebr.
811 5650 930 5696 xm,
974 5634 1028 5688 4.
1110 5636 1151 5666 ¹⁷
1180 5636 1316 5691 Gen.
1366 5655 1438 5703 Iv,
1475 5639 1596 5693 5-5.

532 5809 608 5880 (l)
653 5813 791 5869 Sunt
823 5816 933 5870 hzec
960 5813 1245 5887 desumpta
1274 5835 1303 5874 e
1335 5819 1511 5890 primo
1539 5821 1678 5878 libro
1712 5819 1997 5892 Porphyrii
2034 5825 2054 5877 1

2158 5819 2171 5874 ὶ
2207 5818 2444 5890 ἀποχης
