3942 6258
298 328 365 386 85
1198 326 1855 388 DEHONSTRATiONIS
1886 328 2342 387 EVANGELICAS
2376 330 2501 386 LIB.
2536 330 2576 386 Ι.
3489 332 3558 383 86

304 448 585 522 καθιεροῦν
634 451 876 524 ἔχοντες,
924 454 1044 509 ἀντὶ⁸
1083 454 1289 524 ταύτης
1330 455 1471 518 τέως
1514 454 1610 527 τὴν
1655 454 1743 508 διὰ
1779 453 1879 507 τῶν

1989 462 2099 508 tam
2133 464 2293 524 atque
2313 456 2550 507 animam
2582 452 2925 523 praebuisset.
2946 468 3004 509 se
3031 451 3228 508 debere
3250 453 3512 522 putabant
3538 474 3553 508 :

311 542 510 609 ἀλόγων
548 540 709 606 ζώων
751 545 1026 616 προσῆγον
1054 545 1264 609 θυσίαν,
1295 544 1394 616 τῆς
1418 544 1567 614 σφῶν
1594 546 1770 616 ψυχῆς
1799 547 1891 599 ἀν-

315 634 498 702 τίψυχα
545 635 1015 706 προσκομίζοντες
1034 653 1047 667 ο
1075 635 1227 690 οὐδὲν
1258 635 1398 689 κατὰ
1444 636 1600 690 τοῦτο
1635 637 1893 708 πλημμε-

314 724 435 789 λεῖν,
460 726 571 779 οὐδ’
603 728 813 782 ἀδικεῖν
843 729 976 800 ήγού
985 746 1154 801 μενοι,
1179 730 1260 782 ὅτι
1298 729 1436 800 μηδὲ
1463 732 1529 800 τῇ
1556 729 1662 782 τῶν
1684 730 1891 802 ἀνθρὼ-

312 834 423 871 πων
465 817 661 889 λογικῇ
714 822 810 873 καὶ
852 823 1011 892 νοερᾷ
1061 822 1288 893 δυνάμει
1334 821 1720 894 παραπλησίαν
1751 819 1889 877 εἷναι

312 909 401 980 τὴν
430 909 609 981 ψυχὴν
632 911 739 964 τῶν
763 913 971 980 ἀλόγων
992 913 1355 978 ἐπαιδεύοντο,
1375 914 1483 968 οὐδ’
1514 914 1640 969 ἀλλο
1667 932 1719 969 τι
1752 912 1888 969 εἶναι

258 1038 261 1055 ι
313 1003 474 1074 αὐτὴν
504 1003 538 1074 ἢ
580 1003 641 1056 τὸ
668 997 807 1074 αἷμα
835 1005 1012 1058 αὐτῶν
1043 1006 1443 1076 μεμαθηκότες,
1470 1007 1564 1059 καὶ
1596 1006 1695 1080 τὴν
1722 1010 1780 1063 ἐν
1811 1006 1889 1077 τῷ

312 1096 495 1165 αἵματι
555 1095 795 1167 ζωτικὴν
849 1096 1096 1167 δύναμιν,
1152 1097 1180 1151 ὃ
1238 1099 1333 1151 καὶ
1384 1098 1642 1169 παρέχειν
1691 1099 1888 1162 αὐτοὺς

311 1187 453 1239 ὥσπε
462 1204 493 1258 ρ
515 1186 696 1257 ψυχὴν
719 1189 837 1241 ἀντὶ
865 1189 1042 1260 ψυχῆς
1066 1190 1435 1260 ἀναφέροντας
1456 1190 1533 1262 τῷ
1554 1190 1689 1261 Θεῷ.
1717 1191 1888 1243 Τοῦτο

308 1279 365 1332 δέ
403 1280 535 1332 αὐτὸ
586 1280 791 1351 Μωσῆς
838 1280 1133 1337 λευκότατά
1184 1300 1286 1336 που
1340 1283 1614 1353 διασαφεῖ,
1675 1283 1882 1352 λέγων·

319 1389 339 1422 ι
374 1371 535 1442 Ψυχὴ
582 1372 763 1443 πάσης
816 1373 1013 1445 σαρκὸς
1064 1368 1202 1444 αἷμα
1243 1374 1408 1429 αὐτοῦ
1455 1377 1591 1437 ἐστι,
1639 1376 1732 1428 καὶ¹
1778 1372 1887 1443 ἐγὼ

309 1461 510 1516 δέδωκα
558 1464 687 1533 ὑμῖν
733 1464 794 1516 τὸ
828 1458 965 1534 αἷμα
1000 1465 1094 1518 ἐπὶ
1124 1465 1216 1518 τοῦ
1263 1466 1670 1537 θυσιαστηρίου,
1705 1466 1886 1533 ἐξιλά-

311 1554 529 1613 σκεσθαι
563 1555 695 1626 περὶ
720 1554 826 1608 τῶν
854 1557 1138 1627 ἁμαρτιῶν
1189 1558 1363 1628 ὐμῶν.
1392 1558 1464 1611 Τὸ
1490 1558 1601 1630 γὰρ
1622 1553 1764 1629 αἷμα
1792 1560 1888 1613 αὐ-

308 1643 412 1695 τῶν
458 1644 583 1696 ἀντὶ
623 1643 803 1714 ψυχῆς
842 1644 1165 1710 ἐξιλάσεται.
1201 1646 1299 1700 Διά
1349 1646 1505 1699 τοῦτο
1536 1648 1730 1717 εἴρηκα
1774 1650 1884 1711 τοῖς

307 1737 436 1799 υἱοῖς
492 1736 750 1807 Ἰσραήλ·
805 1737 960 1790 Πᾶσα
1018 1738 1164 1810 ψυχὴ
1222 1737 1282 1803 ἐξ
1343 1739 1497 1809 ὑμῶν
1543 1741 1604 1792 οὐ
1651 1739 1883 1809 φάγεται

306 1821 461 1896 αἷμα.
509 1845 529 1878 ι
572 1827 818 1898 Πρόσχες
858 1829 989 1898 γοῦν
1036 1830 1309 1902 ἐπιμελῶς
1349 1832 1406 1883 ἐν
1453 1831 1683 1896 τούτοις,
1735 1833 1882 1896 ὅπως

306 1916 516 1986 εἴρηται
548 1917 631 1981 τὸ,
671 1936 690 1968 ι
748 1918 889 1987 Ἐγὼ
927 1920 1135 1973 δέδωκα
1172 1922 1299 1993 ὑμῖν
1345 1922 1447 1987 ἐπὶ,
1466 1920 1559 1974 τοῦ
1590 1922 1880 1993 θυσιαστη-

306 2008 419 2077 ρίου
466 2007 848 2072 ἐξιλάσκεσθαι
892 2011 1022 2082 περὶ
1064 2011 1172 2064 τῶν
1212 2012 1398 2083 ψυχῶν
1436 2012 1618 2083 ὑμῶν·
1666 2014 1727 2067 τὸ
1771 2014 1880 2086 γὰρ

302 2093 436 2170 αἷμα
463 2101 585 2153 ἀντὶ
616 2101 715 2172 τῆς
743 2103 920 2174 ψυχῆς
961 2102 1281 2169 ὲξιλάσεται.
1325 2124 1343 2156 ι
1396 2104 1589 2175 Σαφῶς
1611 2105 1718 2178 γάρ
1760 2106 1880 2160 ἀντὶ

300 2192 396 2263 τῆς
426 2193 779 2264 ἀνθρωπίνης
804 2195 981 2266 ψυχῆς
1012 2196 1074 2249 τὸ
1101 2195 1211 2249 τῶν
1246 2197 1694 2269 σφαγιαζομένων
1727 2196 1879 2263 ζώων

299 2279 435 2355 αἷμά
462 2303 630 2356 φησιν
675 2286 1074 2352 ἐξιλάσκεσθαι.
1107 2288 1280 2342 Τοῦτο
1314 2288 1368 2340 δὲ
1406 2290 1537 2342 αὐτὸ
1571 2290 1666 2344 καὶ
1693 2290 1725 2341 ό
1754 2292 1881 2362 περ)⁸

296 2378 404 2430 τῶν
430 2377 635 2432 θυσιῶν
677 2380 840 2450 νόμος
869 2380 1156 2435 ὑποϐάλλει
1179 2384 1319 2434 νοεῖν
1345 2381 1430 2453 τῷ
1452 2383 1880 2455 τεθεωρημένως

298 2469 609 2523 σκοποῦντι.
647 2472 833 2526 Πάντα
871 2471 1000 2541 γοῦν
1033 2473 1127 2526 τὸν
1173 2472 1367 2527 θύοντα
1396 2473 1494 2537 τὰς
1537 2478 1723 2547 χεῖρας
1762 2477 1879 2528 ἐπι-

298 2556 511 2614 ϐάλλειν
544 2560 873 2630 προστάττει
914 2564 979 2633 τῇ
1016 2562 1226 2636 κεφαλῇ
1258 2562 1351 2617 τοῦ
1391 2565 1676 2635 θυομένου,
1712 2582 1878 2636 προσ-

297 2648 546 2718 κομίζειν
578 2651 636 2704 δέ
670 2652 729 2705 τὸ
760 2651 900 2717 ζῶον
932 2652 1009 2723 τῷ
1041 2634 1178 2726 ἱερεῖ
1198 2656 1298 2726 τῆς
1332 2634 1571 2725 κεφαλῆς
1599 2634 1875 2727 ἐχόμενον,

296 2742 495 2796 ὡσανεὶ
525 2744 669 2815 ὑπὲρ
708 2745 807 2815 τῆς
841 2743 1036 2798 ἑαυτοῦ
1065 2747 1307 2817 κεφαλῆς
1330 2748 1392 2801 τὸ
1424 2750 1619 2821 ἱερεῖον
1645 2748 1880 2819 προσφέ-

300 2850 476 2905 ροντα.
522 2836 688 2906 Λέγει
735 2836 781 2891 δ’
828 2833 920 2892 οὖν
965 2840 1051 2908 ἐφ’
1086 2841 1317 2912 ἑκάστῳ·
1357 2859 1376 2892 ι
1428 2838 1696 2912 Προσάξει
1746 2842 1879 2896 αὐτὸ

299 2924 472 2981 ἔναντι
510 2928 740 3001 Κυρίου,
770 2930 867 2984 καὶ
908 2931 1165 3003 ἐπιθήσει
1208 2932 1307 2997 τάς
1346 2936 1535 3004 χεῖρας
1582 2933 1746 2988 αὐτοῦ
1788 2934 1879 2987 ἐπὶ

295 3019 392 3091 τὴν
424 3020 671 3091 κεφαλὴν
714 3022 808 3075 τοῦ
860 3022 1057 3095 δώρου.
1100 3044 1118 3076 ι
1168 3027 1283 3078 Καὶ
1310 3024 1484 3089 οὓτως
1514 3028 1599 3096 ἐφ’
1648 3027 1876 3081 ἑκάστου

296 3113 592 3184 τετήρηται
619 3113 877 3184 θύματος,
908 3115 1162 3187 οὐδεμιᾶς
1193 3116 1383 3182 θυσίας
1413 3117 1586 3181 άλλως
1616 3120 1880 3191 ἀναφερο-

300 3204 484 3275 μένης.
518 3204 597 3258 Δι’
631 3198 705 3259 ὧν
738 3209 767 3260 6
809 3206 987 3276 λόγος,
1018 3210 1099 3262 ὅτι
1139 3208 1203 3280 δὴ
1236 3209 1504 3281 ἀντίψυχα
1551 3210 1654 3281 τῆς
1698 3212 1876 3265 αὐτῶν

294 3296 470 3367 ψυχῆς
496 3299 804 3369 προσήγετο
822 3298 891 3352 τὰ
913 3299 1328 3370 ζωοθυτούμενα
1348 3318 1361 3331 ·
1397 3304 1425 3355 ὁ
1465 3302 1519 3355 δὲ
1539 3303 1645 3356 τῶν
1666 3303 1877 3372 ἀλόγων

296 3387 447 3453 ζώων
487 3389 556 3442 τὸ·
577 3385 846 3462 αἷμα-τὴν
878 3391 1055 3464 ψυχὴν
1086 3389 1225 3446 εἶναι
1258 3392 1475 3458 διδάξας
1505 3392 1752 3464 οὐδαμῶς
1792 3394 1877 3446 λο-

296 3481 453 3551 γικῆς
484 3483 579 3535 καὶ
606 3484 798 3554 νοερᾶς
829 3484 1014 3547 οὐσίας
1046 3479 1247 3554 ὁμοίως
1275 3488 1388 3549 τοῖς
1407 3484 1713 3556 ἀνθρώποις
1745 3502 1875 3555 μετ-

296 3571 435 3642 έχειν
464 3573 605 3627 αὐτά
634 3574 987 3646 παρίστησιν·
1035 3571 1172 3629 εἶναι
1224 3575 1332 3647 γάρ
1361 3576 1538 3629 αὐτῶν
1562 3577 1659 3647 τὴν
1689 3576 1877 3630 σύστα-

298 3680 377 3717 σιν
408 3664 469 3730 ἐξ
499 3665 636 3737 ὖλης
669 3667 763 3720 καὶ
798 3670 1083 3737 σωμάτων,
1111 3670 1223 3732 τοῖς
1249 3667 1357 3721 ἀπὸ
1397 3669 1497 3738 γῆς
1532 3668 1874 3739 βλαστήμασι

295 3755 384 3807 καὶ
427 3757 617 3822 φυτοῖς
666 3757 1071 3828 παραπλησίαν.
1121 3759 1233 3811 Ἑνὶ
1263 3759 1308 3812 δ’
1349 3754 1441 3811 οὖν
1479 3748 1626 3830 λόγῳ
1660 3758 1818 3813 πάλιν
1844 3761 1873 3812 ὁ

293 3844 498 3916 Μωσῆς
537 3864 671 3917 φησι
714 3848 805 3901 τὸν
840 3849 972 3902 Θεὸν
1021 3852 1192 3905 εἰπεῖν
1211 3867 1225 3880 ·
1274 3869 1292 3900 ι
1330 3851 1751 3924 Βλαστησάτωή
1801 3854 1873 3925 γῆ

297 3934 525 4009 βοτάνην
554 3939 768 4009 χόρτου,
806 3943 1026 4011 σπεῖρον
1073 3942 1293 4014 σπέρμα
1333 3944 1427 3996 καὶ
1473 3942 1632 4009 ξύλον
1674 3945 1873 4016 κάρπι-

300 4042 415 4096 μον.
448 4046 468 4079 ›
502 4029 616 4081 Καὶ
648 4026 804 4093 αὖθις
835 4032 1249 4103 παραπλησίως·
1294 4052 1313 4086 ι
1369 4035 1712 4104 Ἐξαγαγέτω
1742 4037 1869 4108 ήγῆ

290 4120 613 4190 τετράποδα,
658 4122 753 4175 κα)¹
794 4123 1028 4194 ἑρπετὰ,
1075 4126 1168 4178 καὶ
1217 4126 1382 4198 θηρία
1430 4128 1531 4198 τῆς
1579 4130 1681 4199 γῆς
1730 4129 1870 4183 κατά

292 4209 462 4278 γένος.
509 4229 529 4261 ι
571 4212 732 4265 Ὥστε
757 4215 1065 4285 ὁμοιογενῆ,
1096 4217 1191 4270 καὶ
1226 4219 1463 4290 όμοφυῆ,
1491 4221 1585 4273 καὶ
1611 4221 1870 4291 ὁμοούσια

291 4298 428 4356 εἶναι
460 4304 710 4373 ἡγεῖσθαι
742 4309 854 4370 τοῖς
883 4309 991 4362 ἀπὸ
1022 4310 1126 4379 γῆς
1171 4310 1513 4382 βλαστήμασι
1542 4313 1634 4366 καὶ
1684 4319 1869 4384 φυτοῖς

288 4394 355 4448 τὰ
380 4394 556 4463 ἄλογα
575 4413 587 4424 ·
622 4395 705 4448 διὸ
746 4400 842 4453 καὶ
889 4400 1154 4471 μηδαμῶς
1190 4403 1529 4473 πλημμελεῖν
1564 4405 1691 4469 τοὺς
1732 4404 1867 4469 ζωο-

1995 544 2089 600 sed
2121 561 2243 600 cum
2259 545 2393 600 nihil
2419 546 2765 615 praestantius
2809 553 2903 599 aut
2927 546 3221 615 pretiosius
3246 545 3424 599 anima
3459 561 3558 601 sua

1991 637 2275 702 haberent,
2304 636 2447 708 quod
2469 637 2736 702 dicarent,
2766 654 2865 708 pro
2892 638 2995 693 hac
3022 638 3239 693 interim
3269 639 3557 693 brutorum

1990 728 2304 782 animalium
2331 729 2498 783 vitam
2522 727 2839 794 olIerebant,
2865 730 2937 783 ita
2968 745 3080 785 suae
3099 730 3341 799 ipsorum
3366 730 3559 783 animm

1990 817 2321 873 sacriﬁcium
2353 819 2486 874 illud
2516 827 2895 889 comparantes
2926 840 2938 873 :
2973 835 3147 890 neque
3168 836 3227 875 se
3250 821 3306 874 in
3331 820 3432 874 hoc
3464 829 3558 874 aut

1988 905 2324 977 delinquere,
2347 916 2439 962 aut
2462 909 2665 978 injuste
2688 908 2867 964 facere
2890 909 3297 965 arbitrabantur
3320 929 3334 964 :
3357 910 3558 982 quippe

1988 997 2081 1067 qui
2112 997 2393 1053 hominum
2440 999 2749 1066 rationalis,
2781 1005 2943 1068 atque
2974 999 3326 1070 intelligentia
3357 1002 3554 1070 praedi-

1989 1096 2057 1144 te:
2099 1089 2295 1144 anima:
2348 1090 2659 1160 neutiquam
2706 1090 2937 1145 similem
2995 1089 3280 1145 hrutorum
3319 1092 3554 1146 animam

1988 1198 2109 1237 esse
2132 1182 2473 1247 didicissent,
2496 1198 2672 1252 neque
2686 1181 2833 1236 aliud
2852 1180 3140 1252 quicquam
3163 1198 3325 1253 quam
3340 1184 3553 1238 illorum

1988 1276 2327 1345 sanguinem,
2374 1276 2698 1347 vitalemque
2728 1276 2782 1331 in
2824 1292 2889 1331 eo
2920 1276 3025 1330 vim
3062 1290 3185 1331 esse
3209 1292 3350 1343 eam,
3379 1277 3553 1332 edocti

1987 1376 2189 1431 essent,
2218 1366 2432 1437 hocque
2459 1383 2625 1421 unum
2660 1368 2901 1437 praebere
2926 1369 3154 1438 sequasi
3185 1368 3420 1423 animam
3446 1366 3557 1423 Deo

1988 1471 2087 1525 pro
2117 1456 2297 1510 anima
2327 1455 2636 1511 oﬁ‘erentes.
2664 1455 2777 1511 Hoc
2806 1464 2987 1513 autem
3022 1458 3199 1528 ipsum
3223 1457 3399 1513 Moses
3420 1473 3557 1527 quo-

1987 1546 2111 1600 dam
2146 1547 2266 1601 loco
2296 1547 2615 1617 planissime
2636 1548 2859 1615 indicat,
2890 1549 2983 1603 ubi
3016 1550 3092 1602 ait
3126 1568 3138 1602 :
3173 1567 3191 1598 ι
3223 1550 3413 1603 Anima
3438 1564 3556 1603 om-

1986 1637 2074 1691 nis
2105 1636 2292 1692 carnis
2330 1637 2554 1708 sanguis
2591 1637 2711 1706 ejus
2742 1645 2846 1702 est,
2887 1648 2940 1694 et
2973 1654 3073 1709 ego
3105 1639 3227 1694 dedi
3252 1641 3405 1696 vobis
3435 1656 3560 1695 san-

1987 1727 2205 1797 guinem
2254 1727 2310 1782 in
2350 1728 2507 1783 altari
2541 1728 2608 1782 ad
2658 1726 2986 1798 expiandum
3019 1743 3118 1799 pro
3173 1731 3410 1799 peccatis
3464 1747 3557 1784 ve-

1914 1827 1955 1884 B
1986 1821 2116 1877 stris
2149 1839 2164 1876 :
2198 1822 2421 1893 sanguis
2461 1822 2603 1877 enim
2632 1837 2820 1877 eorum
2849 1837 2947 1893 pro
2972 1823 3152 1877 anima
3181 1825 3440 1894 expiabit.
3471 1822 3558 1879 Id.

1984 1914 2131 1968 circo
2163 1914 2276 1969 dixi
2302 1913 2428 1969 ﬁliis
2471 1912 2637 1970 israel
2670 1932 2684 1968 :
2728 1913 2917 1970 Omnis
2950 1913 3131 1970 anima
3160 1931 3225 1970 ex
3256 1916 3409 1971 vobis
3446 1932 3555 1972 non

1983 2008 2228 2064 comedet
2260 2007 2581 2079 sanguinem
2618 2007 2681 2058 ’3.
2726 2026 2745 2057 ι
2782 2005 3010 2061 Attende
3044 2006 3209 2076 igitur
3242 2006 3552 2078 diligenter,

1984 2098 2258 2170 quomodo
2298 2099 2354 2153 in
2385 2098 2471 2154 his
2496 2097 2702 2153 dictum
2733 2097 2806 2150 sit
2832 2096 2967 2150 illud
3002 2115 3014 2151 :
3052 2115 3070 2146 ι
3104 2095 3219 2167 Ego
3248 2097 3369 2152 dedi
3402 2100 3557 2154 vobis

1983 2191 2039 2246 in
2069 2192 2229 2246 altari
2251 2192 2472 2263 expiare
2500 2192 2711 2245 animas
2730 2199 2951 2245 vestras
2978 2208 2993 2257 ;
3028 2192 3253 2261 sanguis
3274 2192 3418 2245 enim
3456 2207 3555 2261 pro

1983 2283 2163 2336 anima
2192 2283 2464 2352 piaculum
2493 2282 2616 2338 erit.
2648 2300 2666 2332 ι
2700 2279 2866 2336 Plane
2885 2280 3029 2336 enim
3054 2297 3151 2352 pro
3173 2283 3406 2337 humana
3436 2287 3555 2339 ani-

1983 2388 2091 2437 ma,
2142 2382 2499 2429 mactatorum
2545 2364 2860 2427 animalium
2912 2375 3232 2443 sanguinem
3278 2378 3552 2445 piaculum

1983 2461 2165 2518 oﬁ'erri
2210 2464 2362 2519 dicit.
2406 2464 2519 2519 Hoc
2550 2462 2692 2517 idem
2724 2460 2886 2516 etiam
2918 2461 3008 2515 lex
3047 2462 3115 2518 de
3149 2465 3435 2520 sacriﬁciis
3457 2467 3555 2521 ad-

1982 2565 2166 2613 monet
2210 2558 2640 2628 intelligendum,
2675 2560 2722 2614 si
2771 2561 2895 2631 quis
2947 2561 3106 2615 modo
3154 2559 3554 2616 consideratius

1981 2651 2289 2707 attenderit.
2332 2650 2466 2706 Nam
2497 2653 2659 2723 capiti
2685 2654 2918 2708 victimae
2949 2668 3389 2724 unumquemque
3420 2651 3551 2708 dum

1981 2742 2257 2799 sacriﬁcat
2272 2760 2468 2799 manus
2495 2745 2697 2801 habere
2716 2788 2719 2789 ν
2737 2747 2968 2816 injectas
3002 2748 3263 2815 imperat,
3287 2757 3341 2801 et
3372 2744 3440 2799 ad
3464 2759 3555 2800 sa-

1980 2831 2251 2887 cerdotem
2284 2833 2485 2887 animal
2510 2833 2689 2904 ipsum
2712 2834 2982 2892 adducere
3005 2837 3180 2906 capite
3200 2834 3526 2905 comprebet:
3541 2863 3554 2874 -

1981 2938 2125 2990 sum,
2158 2925 2650 2994 atquedetentum,
2677 2927 2835 2996 quasi
2860 2928 2953 2997 qui
2993 2942 3093 2999 pro
3124 2941 3226 2983 suo
3255 2926 3427 2997 ipsius
3455 2940 3548 2980 ca-

1982 3016 2091 3087 pite
2118 3014 2356 3072 hostiam
2383 3017 2672 3084 exhibeat;
2705 3018 2838 3074 dicit
2871 3022 3035 3091 igitur
3079 3021 3147 3076 de
3181 3034 3548 3091 unoquoque:

1985 3126 2004 3158 ι
2042 3106 2288 3162 Adducet
2326 3108 2458 3164 illud
2485 3115 2612 3163 ante
2658 3107 2971 3177 Dominum,
3003 3119 3057 3167 et
3088 3113 3328 3183 imponet
3354 3125 3551 3167 manu!

1984 3215 2114 3255 suas
2136 3201 2191 3255 in
2224 3209 2389 3272 caput
2434 3206 2678 3261 muneris
2711 3208 2774 3259 ".
2813 3226 2832 3258 ι
2865 3206 3021 3272 Quod
3060 3221 3192 3260 sane
3221 3206 3276 3259 in
3298 3205 3445 3259 omni
3465 3204 3550 3258 τίς

1981 3294 2144 3349 ctima
2175 3295 2523 3351 observatum
2551 3306 2655 3363 est,
2706 3315 2829 3354 cum
2879 3299 3037 3352 aliter
3082 3299 3288 3352 nullum
3335 3297 3548 3353 sacriﬁ-

1979 3388 2123 3442 cium
2172 3385 2451 3442 oﬂ'eratur.
2480 3387 2558 3442 Ex
2591 3391 2790 3460 quibus
2827 3391 3011 3460 utique
3044 3391 3225 3445 verbis
3257 3404 3437 3444 sermo
3466 3388 3550 3442 di-

1977 3479 2138 3533 vinus
2192 3478 2325 3532 illud
2358 3477 2586 3549 intelligi
2635 3483 2771 3545 vult,
2829 3483 3189 3536 humanarum
3242 3482 3545 3534 animarum

1979 3572 2232 3640 pretium,
2274 3588 2395 3642 quae
2424 3574 2868 3629 sacriﬁcarentur
2899 3572 3154 3627 animalia
3186 3571 3429 3627 exhiberi
3458 3586 3551 3626 so-

1979 3666 2071 3731 lita
2107 3681 2249 3721 esse.
2278 3665 2451 3720 Porro
2473 3675 2656 3721 autem
2687 3671 2779 3737 qui
2817 3667 2975 3721 docet
3015 3666 3298 3721 hrutorum
3331 3665 3543 3719 anima-

1976 3758 2105 3813 lium
2137 3761 2482 3829 sanguinem,
2526 3763 2770 3832 ipsorum
2803 3776 2927 3816 esse
2969 3759 3228 3821 animam,
3265 3757 3313 3813 is
3339 3773 3547 3828 nequa-

1974 3866 2137 3921 quam
2162 3868 2225 3907 ea
2259 3869 2383 3908 cum
2417 3854 2671 3908 rationali
2718 3853 2828 3925 36
2850 3860 3025 3923 atque
3055 3851 3386 3920 intelligente
3416 3850 3546 3904 sub-

1976 3944 2197 4006 stantia,
2238 3944 2403 3998 sicut
2428 3945 2675 4000 homines
2710 3943 3094 3999 commercium
3144 3942 3343 3996 habere
3377 3940 3548 4010 signi-

1976 4032 2120 4087 ﬁcat.
2161 4032 2428 4089 Constare
2460 4035 2604 4090 enim
2634 4051 2700 4091 ex
2731 4050 2793 4089 ea
2826 4034 3053 4088 materia
3098 4041 3149 4089 et
3195 4032 3542 4103 corporibus,

1973 4127 2117 4184 sicut
2172 4129 2498 4199 pullulantia
2540 4130 2723 4183 omnia
2755 4129 3060 4198 plantaque
3106 4134 3381 4182 constant.
3425 4125 3547 4182 Uno

1971 4221 2155 4291 itaque
2195 4235 2448 4276 sermone
2480 4236 2672 4276 rursus
2701 4220 2883 4275 Moses
2915 4218 3084 4274 Deum
3121 4236 3279 4275 usum
3311 4219 3544 4285 inducit,

1971 4328 2095 4367 cum
2129 4314 2203 4367 ait
2237 4333 2249 4366 :
2294 4332 2312 4365 ι
2354 4313 2633 4368 Germinet
2650 4320 2800 4367 terra
2836 4312 3055 4367 herbam
3096 4311 3227 4367 foeni
3274 4312 3546 4366 seminan-

1971 4407 2042 4461 tis
2071 4422 2276 4470 semen,
2326 4413 2383 4461 ut
2435 4406 2637 4476 lignum
2670 4404 3010 4460 fructiferum
3057 4406 3124 4458 '°.
3168 4425 3185 4456 ι
3240 4403 3306 4457 Ει
3354 4406 3540 4458 eadem

290 4481 605 4550 θυτοῦντας.
622 4488 850 4561 Εἴρηται
871 4491 1002 4560 γοῦν
1021 4492 1117 4545 καὶ
1131 4493 1209 4563 τῷ
1230 4494 1372 4558 Νῶε,
1390 4494 1774 4568 ἔδεσθαιοκρέα,
1792 4499 1868 4563 ὡς

1982 4511 2165 4551 rursus
2198 4497 2409 4550 ratione
2442 4515 2453 4549 :
2492 4515 2510 4547 ι
2546 4494 2817 4550 Producat
2857 4502 3005 4550 terra
3041 4494 3442 4564 quadrupedes.
3487 4503 3546 4548 et
3622 4555 3634 4563 α

290 4574 491 4648 λάχανα
502 4578 849 4649 ἀγροῦ.”Εως
867 4584 964 4653 μὲν
983 4580 1075 4637 οὖν
1093 4584 1302 4639 οὐδέπω
1316 4586 1376 4639 τὸ
1392 4592 1658 4659 κρεῖττον,
1672 4589 1791 4642 οὐδέ
1807 4591 1868 4644 τὸ

1982 4587 2192 4657 reptilia
2218 4626 2233 4650 ,
2280 4595 2334 4642 et
2380 4587 2588 4642 bestias
2622 4595 2782 4642 terrae
2828 4588 3124 4657 generatim
3155 4588 3222 4639 ³⁸.
3260 4605 3277 4637 ι
3322 4585 3389 4639 Ut
3418 4602 3539 4639 om-

293 4668 429 4739 μέγα
474 4672 572 4724 καὶ
609 4672 808 4743 τίμιον,
839 4677 931 4729 καὶ
954 4675 1253 4747 θεοπρεπὲς
1288 4679 1513 4748 σφάγιον
1546 4683 1727 4753 παρῆν
1769 4684 1864 4736 ἀν-

1982 4680 2105 4735 nino
2152 4680 2397 4749 ejusdem
2442 4688 2496 4735 et
2537 4681 2751 4751 generis
2794 4688 2848 4733 et
2878 4687 3085 4732 natura:
3115 4686 3167 4731 et
3218 4679 3542 4732 substantia

288 4757 539 4832 θρώποις,
559 4766 677 4827 ταῖς
691 4764 778 4817 διὰ
794 4765 945 4830 ζώων
961 4767 1171 4833 θυσίαις
1185 4769 1356 4842 λύτρα
1365 4771 1465 4840 τῆς
1480 4771 1684 4826 ἑαυτῶν
1697 4772 1859 4845 ζωῆς,

1982 4772 2128 4826 bruta
2155 4787 2277 4827 esse
2305 4771 2595 4827 dicendum
2626 4772 2716 4835 sit,
2749 4770 2907 4839 cujus
2936 4777 2999 4825 et
3027 4768 3388 4839 germinantia
3419 4784 3540 4823 om-

289 4852 377 4905 ttal.
404 4854 676 4927 ἀντίψυχα
704 4858 804 4930 τῆς
829 4860 1033 4924 οἰκείας
1071 4861 1285 4937 φύσεως
1317 4865 1698 4934 προσηκόντως
1725 4868 1863 4919 ἀπο-

1982 4867 2058 4918 aia
2111 4872 2167 4918 et
2228 4865 2425 4933 plantat
2468 4872 2616 4920 sunt.
2681 4861 2917 4917 Proinde
2964 4863 3285 4923 neutiquam
3330 4876 3538 4931 errare,

287 4942 477 4999 διδόναι
509 4948 651 5019 χρῆν
681 4948 759 5020 τῷ
781 4949 929 5022 Θεῷ’
958 4953 1033 5017 ὡς
1060 4954 1164 5007 καὶ·
1189 4953 1456 5027 ἔπραττον
1477 4958 1526 5009 οί
1555 4957 1721 5011 πάλαι
1746 4958 1864 5011 θεο-

1982 4956 2060 5026 lui
2110 4957 2365 5012 animalia
2408 4957 2737 5014 sacriﬁcant.
2780 4954 2990 5009 Dictum
3039 4955 3201 5025 igitur
3244 4960 3328 5008 est
3370 4953 3540 5010 etiam

290 5038 474 5106 φιλεῖς,
501 5040 698 5110 σεμνόν
728 5058 779 5094 τι
806 5043 900 5097 καὶ
934 5043 1175 5114 θεοφιλὲς
1199 5046 1293 5100 καὶ
1326 5046 1468 5118 μέγα
1498 5048 1690 5120 ίερεῖον
1713 5049 1861 5120 ἥξειν

1982 5048 2095 5115 \‘oe,
2128 5058 2188 5105 ut
2201 5051 2515 5106 comederet
2536 5064 2750 5116 carnes,
2774 5048 2932 5118 quasi
2958 5047 3111 5101 olera
3138 5046 3273 5115 agri.
3301 5045 3541 5103 Proinde

290 5130 412 5184 ποτὲ
436 5133 518 5194 εἰς
544 5130 868 5203 ἀνθρώπους
892 5134 969 5207 τῷ
992 5136 1122 5208 θείῳ
1145 5139 1423 5210 Πνεύματι
1447 5140 1855 5212 προειληφότες,

1982 5142 2091 5196 ium
2125 5142 2273 5198 nulla
2303 5142 2668 5212 praestantior,
2703 5155 2879 5209 neque
2904 5140 3098 5208 major,
3131 5155 3306 5209 neque
3332 5140 3539 5209 pretio-

289 5220 341 5274 τὸ
365 5222 457 5275 τοῦ
499 5224 706 5288 παντὸς
737 5226 1033 5299 καθάρσιον
1056 5229 1279 5301 κόσμου,
1306 5227 1366 5287 οὐ
1395 5233 1490 5287 καὶ
1517 5218 1585 5286 τά
1614 5234 1856 5305 σύμὸολα

1982 5235 2095 5298 ιίοτ,
2139 5250 2314 5305 neque
2346 5232 2457 5289 Deo
2506 5233 2919 5288 convenientior
2967 5231 3185 5285 victima
3222 5231 3534 5286 hominibus

291 5311 415 5377 τέως
445 5315 718 5377 ἐπιτελεῖν
758 5319 953 5383 αὐτοὺς
985 5323 1267 5393 προφήτας
1299 5323 1478 5389 ὄντας,
1514 5325 1695 5378 καὶτὸ
1731 5325 1857 5396 μέλ-

1982 5327 2154 5381 iderat
2184 5345 2197 5381 :
2231 5325 2499 5380 sacriﬁcia
2539 5324 2760 5380 interim
2801 5339 2867 5379 ex
2903 5324 3254 5387 animalibus,
3287 5339 3386 5394 pro
3432 5337 3530 5377 sua

293 5399 371 5454 λον
413 5403 637 5461 ἔσεσθαι
680 5410 1178 5481 προτυπουμένους·
1234 5413 1417 5484 ἐπειδὴ
1464 5414 1532 5466 δὲ
1555 5414 1615 5467 τὺ
1654 5414 1855 5468 τέλειον

1987 5431 2208 5485 psorum
2243 5417 2353 5470 vita
2387 5415 2721 5481 redimenda,
2751 5422 2806 5470 et
2833 5412 3104 5485 quoddam
3134 5417 3291 5485 quasi
3325 5421 3536 5471 natura

291 5495 483 5566 παρῆν,
511 5500 626 5561 τοῖς
668 5498 778 5551 τῶν
822 5501 1115 5572 προφητῶν
1149 5503 1455 5568 ἀκολούθως
1495 5504 1849 5576 θεσπίσμασι,

1982 5508 2196 5574 tropriae
2242 5508 2541 5561 animatum
2569 5509 2825 5577 pretium,
2862 5508 2964 5579 ipsi
3004 5506 3114 5562 Deo
3146 5507 3373 5562 reddere
3412 5507 3535 5560 illos

291 5584 519 5640 πέπαυτο
555 5587 626 5640 τὰ
664 5589 856 5660 πρῶτα
901 5591 995 5645 καὶ
1038 5592 1226 5645 λὲλυτο
1263 5596 1605 5666 παραχρῆμα
1630 5596 1718 5649 διὰ
1756 5598 1854 5667 τῆς

1982 5592 2347 5652 ronvenienter
2390 5599 2675 5668 oportebat-
2722 5617 2734 5652 :
2785 5598 2925 5653 sicut
2969 5600 3133 5654 etiam
3186 5597 3278 5652 Dei
3324 5604 3533 5652 veteres

350 5765 598 5851 "Levit
652 5769 1049 5853 mutue.
1128 5769 1366 5827 "chit.
1428 5789 1509 5839 ιιι,
1547 5772 1682 5839 5,8,
1721 5773 1811 5840 l5;
1849 5789 1879 5827 ιη

1982 5809 2008 5839 ν,
2041 5772 2129 5839 24,
2154 5772 2240 5843 29,
2277 5775 2364 5830 55.
2444 5778 2485 5808 ²⁰
2518 5775 2647 5831 Gen.
2683 5792 2721 5842 ι,
2756 5776 2837 5829 ll.
2918 5778 2957 5809 ²¹
2992 5775 3125 5831 ibid.
3160 5774 3248 5831 20.
