3942 6258
440 323 509 378 87
1070 326 1338 383 EUSEBll
1377 328 1854 384 CIESARIENSIS
1890 327 2041 383 OPP.
2084 327 2267 384 PARS
2305 326 2370 384 ll.
2413 359 2483 369 —
2519 302 3015 382 APOLOGETICA:
3600 317 3670 374 88

440 440 600 493 amici
629 450 681 497 et
719 444 958 499 cultores
988 444 1278 510 faciebant,
1303 448 1395 516 qui
1436 449 1792 504 venerabilem
1813 463 2001 519 quam-

2104 447 2196 501 τοῦ
2239 448 2541 519 κρείττονος
2566 446 2658 500 καὶ
2690 444 2922 517 ἀληθοῦς
2955 442 3243 514 ίερουγίας.
3275 431 3439 503 Οἷτος
3467 439 3511 492 δ’
3542 432 3609 507 ἦν
3642 440 3671 491 6

439 528 587 594 dam,
632 529 850 600 Deoque
879 544 1176 603 acceptam,
1206 545 1258 592 et
1304 553 1551 607 magnam
1583 538 1835 601 hostiam,
1870 554 2004 593 ven-

440 626 619 674 turam
653 622 782 676 olim
829 625 897 679 ad
944 626 1213 691 homines,
1249 629 1437 684 divino
1474 631 1749 685 iudicante
1784 631 2000 700 spiritu,

441 716 593 763 tanto
629 718 755 767 ante
794 714 1119 781 didicerant,
1157 736 1278 790 qua:
1324 723 1488 777 totius
1530 721 1717 776 mundi
1767 722 2004 793 expiatio

438 802 728 857 exsisteret
763 822 776 858 :
804 806 959 875 cujus
991 809 1151 864 etiam
1181 814 1334 881 signa
1355 814 1597 883 quazdam
1626 821 1680 869 et
1722 822 1876 869 notas
1900 815 2003 885 ipsi

442 892 645 947 interea
689 896 903 953 obirent
947 910 1110 971 atque
1158 907 1478 973 perﬁcerent
1519 928 1533 961 :
1577 908 1776 976 quippe
1814 907 1907 977 qui
1950 916 2003 963 et

443 983 716 1050 prophetae
753 997 958 1053 essent,
991 998 1045 1043 et
1066 992 1204 1060 ejus,
1236 995 1377 1064 quod
1405 997 1643 1050 futurum
1668 1008 2007 1066 exspectare-

438 1084 548 1135 tur,
580 1076 804 1146 ﬁguram
834 1083 888 1136 in
924 1099 982 1137 se
1008 1087 1277 1155 quandam
1312 1096 1437 1145 ante
1461 1096 1725 1158 gerentes.
1769 1090 1869 1145 Ubi
1906 1108 2004 1145 au-

439 1162 547 1220 tem
580 1169 724 1236 quod
768 1172 1067 1241 perfectum
1112 1188 1229 1232 erat
1266 1180 1504 1242 advenit,
1548 1183 2001 1251 quemadmodum

444 1259 699 1316 vaticinia
734 1266 1117 1334 prophetarum
1164 1271 1546 1340 praedixerant,
1582 1278 1762 1343 priora
1790 1276 1881 1329 illa
1908 1276 2004 1331 de-

439 1351 671 1418 sierunt,
706 1366 758 1410 et
787 1362 1163 1426 praestantiore
1202 1366 1520 1433 verioreque
1555 1366 1824 1420 sacriﬁcio
1856 1368 2003 1421 illico

440 1445 653 1501 sublata
676 1456 822 1503 sunt.
848 1449 947 1504 llic
976 1461 1155 1508 autem
1185 1454 1285 1509 fuit
1309 1457 1560 1513 Christus
1584 1458 1699 1522 Dei,
1730 1460 1777 1513 is
1797 1458 1864 1514 de
1895 1475 2003 1530 quo

439 1537 759 1609 antiquitus,
797 1557 827 1595 a
858 1543 1048 1612 primis
1087 1564 1259 1618 usque
1291 1551 1627 1620 temporibus
1655 1551 1859 1605 dictum
1895 1560 2000 1618 est,

437 1629 582 1695 quod
620 1631 686 1685 ad
717 1631 963 1689 homines
1003 1647 1147 1692 esset
1194 1648 1477 1706 venturus,
1504 1650 1668 1717 atque
1707 1643 1879 1696 instar
1910 1658 2003 1712 pe-

438 1721 595 1776 cudis
637 1738 735 1792 pro
783 1732 897 1781 toto
944 1744 1143 1797 genere
1185 1730 1428 1787 humano
1471 1734 1908 1796 interﬁciendus,
1941 1741 2002 1788 ut

438 1811 579 1879 apud
611 1809 803 1867 lsaiam
836 1817 1157 1886 prophetam
1188 1820 1449 1890 scriptum
1480 1823 1727 1892 legimus,
1758 1823 1848 1876 ubi
1878 1823 1953 1877 ait
1984 1841 1997 1876 :

443 1923 461 1953 ι
492 1901 644 1958 Sicut
670 1906 786 1961 ovis
809 1906 873 1959 ad
894 1909 1221 1965 occisionem
1246 1913 1444 1968 ductus
1464 1920 1567 1978 est,
1595 1923 1648 1967 et
1670 1914 1811 1967 sicut
1829 1929 2002 1984 agnus

437 2009 621 2049 coram
644 1996 901 2052 tondente
934 1999 1204 2054 obmutuit
1230 2004 1294 2054 ".
1328 2002 1457 2056 Item
1497 2003 1627 2057 dicit
1658 2023 1671 2058 :
1699 2022 1717 2053 ι
1747 2002 1845 2057 Hic
1879 2020 2002 2072 pec-

437 2094 556 2141 cata
586 2095 772 2141 nostra
808 2087 932 2149 fert,
969 2098 1021 2143 et
1052 2106 1151 2159 pro
1180 2092 1338 2148 nobis
1367 2094 1418 2145 in
1451 2094 1637 2149 dolore
1658 2102 1740 2149 est
1769 2114 1781 2148 :
1816 2102 1870 2149 et
1900 2110 2001 2150 nos

439 2178 809 2246 reputavimus
845 2196 968 2234 eum
998 2197 1121 2237 esse
1159 2183 1213 2237 in
1252 2184 1454 2247 labore,
1485 2193 1537 2239 et
1580 2186 1632 2238 in
1663 2185 1838 2254 plaga,
1873 2187 2002 2239 etin

436 2268 761 2324 aﬂlictione:
803 2272 918 2340 ipse
959 2280 1139 2328 autem
1183 2275 1496 2329 vulneratus
1516 2283 1600 2329 est
1631 2282 1850 2346 propter
1877 2291 2003 2345 pec—

435 2369 555 2414 cata
584 2370 795 2426 nostra,
837 2371 889 2419 et
934 2366 1054 2418 tulit
1095 2368 1406 2438 languorem
1436 2378 1655 2437 propter
1688 2364 2002 2437 iniquitates

435 2464 651 2510 nostras
688 2475 701 2509 :
733 2455 1017 2525 disciplina
1055 2460 1205 2528 pacis
1236 2469 1434 2515 nostra:
1456 2476 1620 2530 super
1646 2478 1767 2515 eum
1796 2479 1807 2513 :
1834 2462 2003 2517 livore

431 2545 558 2614 ejus
598 2563 699 2603 nos
739 2551 914 2603 sanati
963 2566 1174 2614 sumus,
1219 2560 1272 2607 et
1308 2551 1570 2608 Dominus
1604 2554 1829 2607 tradidit
1876 2569 1999 2609 eum

432 2640 668 2708 peccatis
699 2644 901 2697 nostris
928 2662 942 2697 :
969 2643 1086 2714 ipse
1115 2645 1257 2699 enim
1289 2655 1569 2714 peccatum
1593 2660 1701 2700 non
1729 2645 1875 2711 fecit,
1906 2662 2002 2700 ne-

432 2745 538 2799 que
578 2731 832 2787 inventus
872 2740 957 2787 est
1001 2733 1159 2788 dolus
1205 2735 1259 2787 in
1288 2749 1383 2789 ore
1420 2735 1561 2804 ejus.
1598 2754 1616 2787 ι
1654 2733 1862 2788 Similia
1893 2734 1998 2800 his,

433 2823 559 2876 item
586 2824 632 2856 "
651 2822 914 2880 Jeremias
932 2827 1068 2880 alter
1101 2826 1448 2881 Hebraeorum
1485 2827 1744 2897 prepheta
1779 2828 2001 2881 inducta

432 2928 664 2982 persona
694 2915 897 2971 Christi
944 2918 1120 2985 palam
1153 2919 1400 2973 enuntiat
1441 2918 1629 2974 dicens
1667 2938 1686 2969 ι
1723 2919 1833 2989 Ego
1862 2920 2003 2973 sicut

432 3022 605 3075 agnus
635 3007 921 3071 innocens,
944 3010 1038 3078 qui
1070 3010 1301 3064 ducatur
1331 3012 1399 3065 ad
1423 3012 1839 3067 sacriﬁcandum
1869 3014 1934 3067 “.
1975 3033 1994 3065 ι

2104 537 2335 609 Χριστὸς
2368 536 2459 589 τοῦ
2499 536 2654 599 Θεοῦ,
2692 535 2895 589 ἄνωθεν
2921 536 2983 586 ἐκ
3011 532 3249 585 παλαιῶν
3282 530 3486 602 χρόνων
3518 528 3669 598 ἥξειν

2104 629 2182 689 εἰς
2215 625 2549 696 ἀνθρώπους,
2576 628 2668 679 καὶ
2691 626 2958 697 προϐάτου
2985 624 3138 694 δίκην
3165 624 3303 694 ὑπὲρ
3331 623 3526 685 παντὸς
3567 620 3667 674 τοῦ

2104 716 2211 770 τῶν
2249 717 2548 788 ἀνθρώπων
2586 717 2773 786 γένους
2812 715 3182 785 σφαγήσεσθαι
3233 712 3669 784 προαγορευόμε-

2104 825 2218 871 νος·
2323 826 2454 878 φησι
2494 808 2618 880 περὶ
2658 806 2818 861 αὑτοῦ
2861 807 3082 868 Ἡσαΐας
3106 806 3134 858 6
3175 806 3475 876 προφήτης·
3511 820 3529 853 ι
3581 802 3669 863 Ὡς

2103 901 2371 973 πρόϐατον
2411 902 2501 953 ἐπὶ
2542 902 2751 971 σφαγὴν
2793 900 2953 970 ἤχθη,
2984 899 3077 951 καὶ
3125 898 3200 960 ὡς
3230 895 3397 968 ἀμνὸς
3426 895 3666 949 ἐναντίον

2102 992 2195 1046 τοῦ
2222 993 2493 1062 κείροντος
2534 992 2764 1060 ἄφωνος.
2819 1011 2836 1042 ι
2874 991 2981 1044 Καὶ
3006 989 3262 1055 ἐπιλέγει·
3306 1006 3323 1038 ι
3369 978 3536 1050 Οῦτος
3567 984 3668 1049 τάς

2106 1086 2375 1157 ἁμαρτίας
2407 1086 2560 1156 ἡμῶν
2591 1085 2766 1154 φέρει,
2798 1085 2889 1136 καὶ
2923 1082 3050 1152 ’περὶ⁵
3080 1080 3234 1150 ἡμῶν
3266 1079 3545 1131 ὀδυνᾶται·
3573 1078 3668 1130 καὶ

2102 1181 2263 1248 ἡμεῖς
2288 1176 2647 1246 ἐλογισάμεθα
2676 1176 2835 1228 αὑτὸν
2855 1170 2990 1226 εἶναι
3014 1176 3068 1225 ἐν
3102 1172 3243 1241 πόνῳ
3264 1171 3356 1224 καὶ
3378 1172 3433 1224 ἐν
3460 1168 3668 1240 πληγῇν

2104 1271 2196 1323 καὶ
2247 1271 2303 1322 ὲν
2358 1267 2631 1322 κακώσει·
2676 1267 2835 1329 αὐτὸς
2885 1266 2940 1317 δὲ
2988 1262 3389 1337 ἐτραυματίσθη
3437 1260 3522 1313 διὰ
3568 1259 3669 1325 τὰς

2105 1361 2382 1432 ἁμαρτίας
2424 1358 2599 1431 ὴμῶν,
2642 1359 2735 1413 καὶ
2778 1356 3176 1429 μεμαλάκισται
3200 1353 3285 1407 διὰ
3319 1353 3416 1416 τὰς
3444 1350 3671 1423 ἀνομίας

2101 1455 2278 1526 ἡμῶν.
2316 1453 2538 1507 Παιδεία
2564 1453 2784 1525 εἰρήνης
2814 1449 2967 1520 ἡμῶν
2998 1449 3081 1501 ἐπ’
3110 1446 3300 1499 αὐτόν·
3336 1444 3413 1516 τῷ
3441 1444 3669 1515 μώλωπι

2104 1546 2266 1601 αὑτοῦ
2304 1548 2463 1617 ἡμεῖς
2500 1544 2748 1615 ἰάθημεν,
2785 1542 2877 1595 καὶ
2913 1540 3114 1611 Κύριος
3154 1537 3466 1608 παρέδωκεν
3510 1536 3671 1589 αὑτὸν

2104 1644 2219 1702 ταῖς
2278 1638 2574 1708 ἁμαρτίαις
2628 1635 2813 1706 ἡμῶν·
2861 1633 3021 1696 αὐτὸς
3076 1631 3183 1703 γὰρ
3238 1629 3511 1699 ἁμαρτίαν
3566 1627 3674 1680 ούκ

2105 1733 2379 1801 ἐποίησεν,
2405 1730 2513 1784 οὐδ’
2544 1728 2737 1799 εὑρέθη
2777 1726 2926 1788 δόλος
2950 1727 3004 1777 ἐν
3040 1724 3116 1795 τῷ
3160 1723 3383 1792 στόματι
3415 1718 3598 1773 αὑτοῦ.
3646 1736 3665 1769 ι

2104 1824 2184 1877 Τά
2208 1825 2390 1893 -ὅμοια
2437 1821 2646 1883 τούτοις
2692 1821 2785 1873 καὶ
2843 1817 3107 1888 Ἱερεμίας
3158 1815 3342 1886 ἕτερος
3405 1810 3674 1883 Ἐϐραίων

2105 1919 2387 1989 προφήτης
2418 1916 2510 1968 ἐπὶ
2554 1911 2841 1984 προσώπου
2872 1911 2963 1965 τοῦ
3003 1908 3238 1980 Χριστοῦ
3272 1908 3552 1975 ἐπιφωνεί,
3583 1902 3674 1956 λέ-

2103 2027 2214 2078 γων
2228 2026 2239 2039 ·
2263 2028 2281 2059 ‹
2316 2008 2456 2076 Ἐγὼ
2475 2007 2549 2068 ώς
2571 2006 2752 2077 ἀρνίον
2774 2006 2974 2059 ἄκακον
2991 2003 3253 2072 ἀγόμενον
3273 1999 3365 2053 τοῦ
3390 1998 3630 2052 θύεσθαι.
3645 2016 3666 2049 ι

2116 2099 2600 2169 Ἐπισφραγίζεται
2628 2098 2724 2160 τὰς
2752 2097 2954 2149 τούτων
2991 2095 3321 2167 προρρήσεις
3362 2093 3612 2162 Ἰωάννης
3639 2091 3674 2143 6

2104 2189 2410 2255 Βαπτιστὴς
2447 2189 2539 2240 κα)⁸
2581 2188 2672 2239 ἐπὶ
2718 2187 2816 2257 τῆς
2848 2185 2939 2240 τοῦ
2973 2186 3223 2256 Σωτῆρος
3272 2183 3426 2254 ἡμῶν
3467 2184 3671 2250 ἐπιςρα.⁹

2102 2282 2267 2344 νείας.
2310 2279 2452 2332 Ἰδὼν
2479 2279 2587 2349 γὰρ
2621 2280 2802 2342 αὐτὸν,
2844 2279 2936 2331 καὶ
2964 2281 3075 2341 τοῖς
3112 2276 3371 2348 παροῦσιν
3400 2274 3675 2339 ἐπιδείξας

2102 2372 2177 2435 ὡς
2213 2371 2320 2441 ἄρα
2360 2371 2521 2433 αὐτὸς
2561 2370 2644 2442 εἴη
2696 2372 2724 2424 6
2762 2370 3251 2440 προφητευόμενος,
3283 2364 3667 2438 ἐπεφώνησεν·

2108 2481 2126 2514 ι
2162 2463 2264 2515 Ἴδε
2293 2465 2319 2515 6
2344 2462 2512 2533 ἀμνὸς
2545 2460 2637 2513 τοῦ
2666 2458 2800 2512 Θεοῦ
2823 2500 2836 2521 ,
2866 2461 2894 2511 6
2928 2458 3096 2529 αἴρων
3134 2450 3231 2529 τῆν
3260 2457 3530 2528 ἁμαρτίαν
3573 2453 3670 2509 τοῦ

2103 2554 2327 2624 κόσμου.
2372 2572 2390 2603 ι
2425 2554 2552 2604 Ὅτε
2580 2552 2755 2605 τοίνυν
2781 2550 2920 2604 κατά
2945 2550 3040 2614 τὰς
3065 2550 3172 2604 τῶν
3208 2548 3497 2621 προφητῶν
3525 2565 3674 2619 μαρ-

2101 2646 2291 2716 τυρίας
2323 2644 2549 2714 εὓρηται
2574 2643 2634 2694 τὸ
2670 2643 2810 2712 μέγα
2844 2643 2936 2694 καὶ
2963 2641 3141 2711 τίμιον
3172 2640 3365 2708 λύτρον
3408 2638 3674 2692 Ἰουδαίων

2102 2739 2233 2809 ὁμοῦ
2270 2738 2361 2790 καὶ
2402 2736 2686 2807 Ἑλλήνων,
2720 2736 2781 2787 τὸ
2821 2734 2911 2787 τοῦ
2954 2734 3153 2799 παντὸς
3206 2734 3410 2804 κόσμου
3467 2731 3679 2800 καθάρ-

2105 2846 2236 2894 σιον,
2265 2830 2479 2883 πάντων
2502 2829 2799 2898 ἀνθρώπων
2828 2827 3134 2898 ἀντίψυχον,
3168 2826 3227 2879 τὸ
3254 2827 3432 2897 πάσης
3457 2823 3674 2895 κηλίδος

2102 2924 2193 2976 καὶ
2230 2922 2503 2992 ἁμαρτίας
2535 2921 2772 2991 καθαρὸν
2801 2921 3013 2988 ἱερεῖον,
3047 2921 3076 2971 6
3104 2918 3271 2989 ἀμνὸς
3297 2916 3388 2970 τοῦ
3421 2916 3577 2980 Θεοῦ,
3610 2914 3675 2969 τὸ

2103 3012 2343 3082 θεοφιλὲς
2399 3012 2491 3064 καὶ
2554 3011 2712 3075 ἁγνὸν
2765 3008 3051 3079 πρόϐατον,
3094 3008 3155 3061 τὸ
3202 3006 3676 3079 προφητευόμενον

432 3098 538 3170 37
570 3099 793 3165 Claudit
836 3100 1030 3155 horum
1076 3100 1458 3171 praedictiones
1504 3105 1661 3172 quasi
1695 3104 1907 3174 signum
1930 3106 2000 3161 iis

2103 3105 2304 3177 ἀρνίον,
2344 3098 2404 3158 οῦ
2438 3103 2525 3157 διὰ
2557 3104 2654 3173 τῆς
2687 3102 2867 3156 ἐνθέου
2904 3101 2995 3155 καὶ
3030 3101 3294 3172 μυστικῆς
3325 3098 3675 3162 διδασκαλίας

432 3192 751 3261 imprimens
780 3191 1021 3248 Joannes
1082 3193 1347 3267 Baptista,
1395 3197 1452 3250 iu
1501 3197 1671 3265 ipsius
1702 3197 1998 3253 Salvatoris

433 3285 604 3339 nostri
638 3286 895 3340 adventu.
928 3287 1063 3341 Cum
1095 3289 1239 3342 enim
1264 3289 1415 3341 illum
1461 3290 1707 3353 vidisset,
1738 3291 1877 3345 etiis
1904 3290 1999 3359 qui

434 3376 659 3432 aderant
714 3379 1007 3433 indicasset
1039 3399 1050 3432 :
1083 3389 1141 3433 ut
1166 3381 1416 3436 videlicet
1454 3383 1569 3451 ipse
1597 3390 1764 3446 esset,
1795 3381 1862 3437 de
1889 3398 1998 3451 quo

433 3470 707 3540 prophetae
764 3471 1136 3541 loquerentur,
1185 3474 1546 3527 acclamavit:
1596 3492 1614 3523 ‹
1653 3473 1794 3527 Ecce
1826 3489 2001 3543 agnus

432 3559 554 3624 Dei,
584 3562 677 3630 qui
707 3563 847 3617 tollit
873 3573 1156 3633 peccatum
1207 3564 1395 3619 mundi
1426 3566 1492 3619 ”.
1522 3583 1541 3616 ι
1578 3564 1806 3630 Quando
1836 3564 2001 3634 igitur
2038 3558 2041 3561 ’

434 3652 734 3707 secundum
796 3654 1108 3708 testimonia
1154 3655 1538 3723 prophetarum
1590 3655 1866 3712 inventum
1917 3664 2001 3711 est

434 3758 710 3814 magnum,
745 3746 1034 3816 magnique
1062 3747 1443 3801 aestimandum
1496 3764 1597 3817 pro
1645 3749 1997 3813 redimendis,

433 3842 488 3889 et
506 3834 710 3892 Iudaeis
740 3838 946 3905 pariter
973 3846 1028 3894 et
1059 3838 1263 3896 Grazcis
1296 3841 1553 3908 pretium,
1591 3838 1723 3892 illud
1750 3839 2001 3894 videlicet

434 3942 536 3996 pro
556 3933 671 3981 toto
708 3928 913 3982 mundo
935 3929 1228 3997 piaculum,
1263 3930 1394 3982 illud
1429 3945 1526 3999 pro
1556 3928 1736 3982 anima
1770 3938 1998 3984 cuncto-
2034 3975 2037 3979 .

435 4035 554 4074 rum
596 4020 877 4074 hominum
906 4021 1234 4076 sacriﬁcium
1262 4061 1277 4085 ,
1316 4022 1406 4075 illa
1455 4038 1554 4092 pro
1590 4024 1734 4076 omni
1762 4024 1997 4088 macula,

432 4119 487 4165 et
515 4120 737 4181 peccato
752 4113 1046 4182 purissima
1082 4112 1258 4169 hostia
1286 4129 1300 4165 :
1338 4114 1428 4169 ille
1458 4115 1645 4184 utique
1677 4131 1848 4186 agnus
1884 4114 1997 4180 Dei,

432 4202 526 4256 illa
555 4202 666 4257 Deo
695 4212 919 4272 accepta
946 4243 961 4268 ,
994 4211 1047 4258 et
1080 4204 1442 4259 mundissima
1481 4205 1599 4261 ovis
1631 4221 1643 4256 :
1686 4206 1777 4260 ille
1802 4222 1997 4276 agnus,

432 4294 502 4350 de
540 4310 648 4365 quo
670 4296 945 4366 propheta:
965 4303 1074 4350 tam
1105 4297 1272 4351 multa
1301 4297 1577 4360 dixerunt,
1606 4314 1702 4368 per
1730 4299 1889 4367 cujus
1913 4299 1999 4353 di-

430 4386 613 4442 vinam
671 4403 736 4442 ac
764 4389 1047 4459 mysticam
1088 4388 1391 4442 doctrinam
1435 4404 1624 4443 omnes
1658 4405 1780 4451 nos,
1814 4390 1907 4457 qui
1932 4388 1999 4443 de

2103 3198 2300 3261 πάντες
2334 3198 2490 3265 ἡμεῖς
2528 3196 2575 3247 οἱ
2610 3194 2667 3260 ἐξ
2701 3194 2868 3247 ἐθνῶν
2901 3193 2997 3265 τὴν
3038 3194 3227 3261 ἄφεσιν
3258 3191 3363 3245 τῶν
3394 3190 3674 3263 προτέρων

2102 3288 2510 3360 ἁμαρτημάτων
2538 3284 2837 3357 εὐράμεθα,
2864 3285 2943 3338 διὸ
2968 3286 3061 3338 καὶ¹
3102 3283 3366 3338 Ἰουδαίων
3393 3285 3439 3336 ot
3472 3282 3550 3345 εἰς
3578 3281 3677 3333 αὐ-

2100 3384 2188 3437 τὸν
2219 3381 2507 3451 ἠλπικότες
2538 3378 2813 3450 ἐλεύθεροι
2834 3379 2934 3447 τῆς
2962 3378 3203 3439 Μωσέως
3228 3376 3473 3445 ἀφίενται
3499 3374 3673 3428 κατά-

2104 3494 2221 3549 ρας,
2257 3474 2478 3535 εἰκότως
2510 3473 2606 3545 τὴν
2636 3472 2730 3525 τοῦ
2775 3472 3023 3542 σώματος
3056 3470 3218 3524 αὑτοῦ
3257 3469 3351 3523 καὶ
3383 3468 3473 3521 τοῦ
3505 3466 3674 3537 αἵμα-

2098 3586 2189 3631 τος
2221 3570 2318 3637 τὴν
2351 3567 2655 3635 ὑπόμνησιν
2682 3565 2950 3637 ὁσημέραι
2997 3562 3389 3625 ἐπιτελοῦντες,
3431 3558 3523 3613 καὶ
3572 3558 3676 3629 τῆς

2101 3661 2406 3732 κρείττονος
2451 3658 2483 3729 ἢ
2525 3657 2667 3711 κατὰ
2705 3659 2829 3719 τοὺς
2871 3655 3129 3717 παλαιοὺς
3161 3652 3351 3715 θυσίας
3382 3667 3440 3703 τε
3472 3650 3566 3703 καὶ
3596 3651 3677 3702 ἱε-

2105 3754 2359 3827 ρουργίας
2397 3753 2710 3823 ἠξιωμένοι,
2751 3753 2848 3804 οὐκ
2885 3749 2960 3802 ἔθ’
3004 3750 3148 3802 ὅσιον
3186 3744 3464 3816 ἡγούμεθα
3501 3761 3675 3798 κατα·

2103 3847 2323 3900 πίπτειν
2350 3845 2442 3898 ἐπὶ
2474 3843 2543 3897 τὰ
2570 3844 2762 3913 πρῶτα
2794 3843 2886 3895 καὶ
2910 3840 3108 3908 ἀσθενῆ
3140 3838 3393 3907 στοιχεῖα,
3432 3832 3680 3904 σύμϐολα

2101 3940 2194 3993 καὶ
2228 3939 2458 4000 εἰκόνας,
2489 3936 2601 3988 ἀλλ’
2622 3936 2723 3988 οὐκ
2748 3933 2915 4003 αὐτὴν
2942 3930 3194 4001 ἀλήθειαν
3224 3926 3557 3997 περιέχοντα.
3585 3925 3681 3977 Εἰ-

2101 4034 2272 4094 κότως
2302 4031 2356 4082 δὲ
2382 4030 2476 4083 καὶ
2503 4029 2679 4081 αὐτῶν
2720 4028 2987 4081 Ἰουδαίων
3020 4026 3068 4078 οἱ
3102 4026 3181 4088 είς
3206 4023 3294 4077 τὸν
3321 4020 3550 4093 Χριστὸν
3576 4018 3678 4073 τοῦ

2102 4123 2236 4176 Θεοῦ
2276 4122 2772 4189 καταπεφευγότες,
2814 4120 2861 4173 εἰ
2907 4124 3100 4189 μηκέτι
3136 4116 3241 4169 τῶν
3274 4113 3515 4175 Μωσέως
3555 4114 3681 4164 ἐπι-

2104 4215 2417 4284 στρέφοιντυ
2440 4211 2933 4282 παραγγελμάτων,
2962 4207 3102 4262 κατά
3129 4208 3227 4277 τὴν
3252 4205 3459 4274 Καινὴν
3477 4201 3679 4272 Διαθή-

2103 4325 2204 4378 κην
2236 4305 2493 4376 βιοῦντες,
2528 4303 2625 4370 τῆς
2658 4302 2763 4355 ὑπὸ
2795 4301 3034 4363 Μωσέως
3070 4296 3380 4369 ὡρισμένης
3423 4291 3578 4355 ἐκτὸς
3606 4290 3680 4345 ἂν

2102 4394 2209 4451 εἷεν
2250 4396 2493 4467 κατάρας
2513 4411 2526 4424 ·
2572 4393 2667 4446 ἁτε
2701 4393 2763 4464 δὴ
2798 4389 2970 4461 ἀμνοῦ
3000 4387 3092 4442 τοῦ
3129 4385 3263 4440 Θεοῦ
3291 4385 3351 4439 οὐ
3385 4383 3540 4454 μόνον
3573 4380 3679 4452 τὴν

432 4480 687 4550 gentibus
734 4481 999 4550 assumpti
1047 4496 1275 4545 sumus,
1331 4481 1708 4536 remissionem
1756 4482 2000 4549 priorum

2104 4490 2376 4562 ἁμαρτίαν
2402 4486 2492 4539 τοῦ
2524 4486 2750 4557 κόσμου,
2781 4483 2915 4536 ἁλλὰ
2936 4483 3029 4536 καὶ
3058 4480 3156 4551 τὴν
3185 4481 3241 4531 ἐν
3270 4479 3334 4547 τῇ
3365 4472 3677 4545 παραϐάσει

432 4580 777 4644 ρροοιιιοτιιλη
826 4573 1154 4636 invenimus,
1209 4588 1273 4627 ex
1324 4590 1432 4643 quo
1485 4574 1647 4628 etiam
1688 4571 1999 4628 Judmorum

429 4665 741 4735 quicunque
766 4664 818 4718 in
854 4664 946 4718 illo
975 4680 1125 4733 spem
1159 4664 1467 4728 habuerint,
1496 4682 1526 4718 a
1556 4665 1721 4719 Mosis
1745 4680 2000 4720 exsecra-

430 4759 579 4811 tione
600 4756 923 4819 liberantur,
958 4756 1152 4811 merito
1180 4771 1333 4821 sane,
1384 4758 1603 4827 quando
1626 4758 1771 4812 illius
1794 4773 2001 4814 memo-

432 4848 592 4911 riam,
626 4848 983 4917 corporisque
1041 4847 1286 4916 ejusdem
1328 4856 1382 4903 et
1440 4850 1721 4918 sanguinis
1747 4849 2002 4904 recorda-

432 4940 635 4994 tionem
672 4938 919 5007 quotidie
941 4939 1237 5005 celebrant,
1257 4948 1311 4994 et
1342 4940 1407 4994 ad
1437 4942 1595 5009 longe
1624 4943 1996 5010 praestantius,

428 5035 483 5079 et
534 5024 885 5088 sacriﬁcium,
926 5035 980 5080 et
1018 5042 1217 5084 munus
1250 5029 1514 5098 assumpti
1544 5037 1703 5097 sunt,
1744 5046 1905 5100 quam
1935 5032 2001 5085 il-

429 5116 520 5170 lud
555 5116 835 5185 antiquius
859 5115 1037 5172 fuerit.
1064 5118 1290 5185 Quando
1313 5122 1476 5191 igitur
1497 5120 1678 5175 omnia
1704 5121 1777 5174 ita
1810 5138 1868 5177 se
1902 5122 2001 5176 ha-

428 5210 580 5273 bent,
610 5226 715 5264 non
739 5212 971 5281 amplius
1025 5212 1107 5267 fas
1153 5230 1274 5269 esse
1318 5222 1571 5284 putamus
1607 5214 1662 5267 in
1696 5214 1870 5283 prima
1911 5215 2000 5268 illa

427 5313 482 5357 et
510 5302 721 5358 inﬁrma
749 5306 1012 5359 elementa
1036 5308 1297 5369 recidere,
1328 5322 1449 5375 quae
1473 5310 1653 5376 utique
1669 5308 1821 5377 signa
1852 5323 1998 5377 qua:-

428 5397 576 5460 dam,
622 5406 678 5452 et
726 5398 1009 5468 imagines,
1066 5413 1175 5452 non
1229 5400 1401 5467 ipsam
1452 5400 1733 5454 veritatem
1763 5401 1999 5470 comple-

431 5497 675 5544 ctuntur.
702 5490 893 5547 Merito
924 5499 1103 5551 autem
1144 5493 1386 5561 ipsorum
1433 5506 1647 5561 quoque
1682 5489 1996 5545 Iudaeorum

429 5585 742 5654 quicunque
794 5583 865 5640 ad
893 5583 1173 5641 Christum
1218 5582 1313 5638 Dei
1348 5583 1706 5654 confugiunt:
1756 5584 1804 5639 si
1837 5583 1996 5638 modo

2103 4584 2210 4637 τῶν
2246 4580 2487 4643 Μωσέως
2534 4578 2761 4632 ἐντολῶν
2791 4575 3030 4643 κατάραν
3064 4574 3142 4635 εἰς
3185 4570 3344 4622 αὑτὸν
3385 4564 3675 4637 ἀνειληφό⁹

2104 4677 2212 4732 τος.
2250 4669 2472 4735 Γέγονεν
2499 4662 2590 4719 οὖν
2627 4668 2655 4718 6
2688 4666 2855 4736 ἀμνὸς
2882 4661 2973 4716 τοῦ
3018 4660 3151 4714 Θεοῦ
3182 4660 3274 4713 καὶ
3301 4656 3543 4728 ἁμαρτία
3577 4655 3677 4708 καὶ

2104 4759 2345 4830 κατάρα·
2376 4755 2617 4828 ἁμαρτία
2652 4755 2749 4825 μὲν
2781 4755 2920 4824 ὑπὲρ
2948 4750 3055 4804 τῶν
3084 4745 3420 4822 ἁμαρτωλῶν
3455 4742 3547 4797 τοῦ
3582 4743 3680 4797 κό-

2105 4867 2265 4921 σμου,
2299 4849 2511 4919 κατάρα
2533 4846 2576 4899 δ’
2605 4848 2745 4918 ὑπὲρ
2770 4844 2876 4898 τῶν
2908 4843 3251 4914 ἐμμενόντων
3285 4841 3417 4892 πᾶσι
3440 4839 3551 4899 τοῖς
3576 4836 3674 4904 ἐγ-

2103 4942 2506 5014 γεγραμμένοις
2560 4943 2619 4994 ἐν
2676 4938 2754 5008 τῷ
2801 4936 3043 4998 Μωσέως
3096 4933 3263 5004 νόμῳ.
3309 4931 3399 4984 Διό
3441 4944 3606 4999 φησιν
3643 4928 3679 4981 6

2113 5034 2430 5096 Ἀπόστολος
2456 5052 2471 5066 ·
2502 5052 2518 5084 ι
2540 5031 2769 5103 Χριστὸς
2796 5030 2941 5099 ἡμᾶς
2966 5026 3295 5097 ἐξηγόρασεν
3322 5025 3385 5076 ἐκ
3418 5022 3516 5091 τῆς
3538 5035 3679 5075 κατ-

2101 5125 2238 5195 άρας
2273 5123 2365 5177 τοῦ
2402 5123 2587 5194 νόμου,
2635 5120 2923 5190 γενόμενος
2969 5118 3108 5186 ὑπὲρ
3146 5114 3300 5186 ἡμῶν
3360 5111 3594 5183 κατάρα.
3649 5128 3670 5163 ι

2102 5218 2231 5279 Καὶ,
2269 5235 2285 5267 ι
2332 5216 2437 5267 Τὸν
2481 5214 2554 5285 μὴ
2585 5213 2777 5282 γνόντα
2820 5209 3111 5281 ἁμαρτίαν,
3146 5207 3283 5276 ὑπὲρ
3312 5203 3465 5276 ἡμῶν
3494 5205 3678 5273 ἁμαρ-

2104 5308 2223 5360 τίαν
2262 5305 2503 5376 ἐποίησε.
2556 5323 2573 5357 ι
2609 5305 2673 5357 Τί
2701 5304 2808 5373 γὰρ
2847 5304 2945 5355 ούκ
2990 5299 3178 5370 ἔμελλε
3206 5297 3452 5365 γίνεσθαι
3492 5295 3552 5347 τὸ
3578 5293 3675 5348 τοῦ

2105 5399 2309 5468 κόσμου
2351 5396 2665 5467 καθάρσιον,
2705 5396 2765 5448 τὸ
2793 5394 2899 5447 τῶν
2927 5388 3259 5463 ἁμαρτωλῶν
3302 5387 3611 5457 ἁντίψυχον,
3644 5386 3678 5440 ὃ

2103 5488 2166 5560 δὴ
2189 5490 2282 5541 καὶ
2309 5489 2383 5551 ὡς
2414 5488 2679 5559 πρόϐατον
2713 5487 2806 5539 ἐπὶ
2836 5483 3048 5554 σφαγὴν
3077 5481 3237 5552 ἤχθη,
3269 5480 3362 5534 καὶ
3387 5479 3462 5542 ὡς
3488 5478 3676 5549 ἀρνίον

2104 5579 2368 5649 ἀγόμενον
2412 5578 2502 5633 τοῦ
2547 5578 2789 5641 θύεσθαι,
2820 5576 2992 5629 ταῦτά
3034 5591 3095 5626 τε
3139 5573 3312 5626 πάντα
3342 5569 3482 5641 ὑπὲρ
3514 5569 3676 5641 ἡμῶν

505 5762 548 5795 θ’
581 5761 681 5816 lsa:
710 5777 830 5827 Llll,
862 5762 910 5816 7.
993 5761 1036 5793 ⁸³
1070 5759 1203 5815 lhid.
1244 5760 1356 5815 4‘9.
1435 5762 1478 5794 "*
1509 5760 1617 5816 Jer.
1657 5777 1745 5827 ιι,
1786 5761 1870 5816 l9.
1949 5760 1991 5792 ’⁵

2103 5774 2173 5814 ιη.
2200 5774 2238 5822 ι,
2268 5756 2359 5812 ‘29.
