3942 6258
208 359 264 419 ιι
1124 332 1782 421 υΕΜοΝετιιΑτιοΝιε
1825 361 2286 420 nasorum
2335 362 2465 419 LIB.
2505 362 2549 422 ι.
3391 362 3466 422 oo

213 479 291 535 mi.
306 479 369 534 δι’
400 481 592 551 ﬁuk;
630 484 798 538 Ὅθεν
828 486 879 539 οἱ
907 485 1003 555 μὲν
1032 485 1249 540 παλαιοὶ
1274 487 1367 540 καὶ
1391 486 1654 556 θεοφιλεῖς
1687 486 1780 540 ἀν-

1882 501 1989 540 non
2023 485 2256 556 amplius
2305 482 2371 538 de
2405 482 2572 539 Musis
2600 481 2888 553 prteceptis
2946 479 3164 537 solliciti
3204 479 3334 544 sint,
3368 480 3463 534 sed

220 573 319 645 δρες
334 572 586 641 εἰκότως,
614 576 856 648 ἀπουσίᾳ
872 576 981 630 τῶν
1005 578 1348 648 κρειττόνων,
1369 580 1482 642 τοῖς
1499 577 1783 649 συμϐόλοις

227 667 573 737 προσανεῖχον.
619 668 711 731 Ὠς
735 669 830 721 καὶ
852 669 1010 721 τοῦτο
1037 669 1168 723 αὐτὸ
1189 671 1218 722 ό
1240 669 1428 741 Σωτὴρ
1454 672 1488 741 ἡ
1497 670 1611 740 μῶν
1636 669 1783 724 διδά-

231 773 345 819 σκει,
372 756 582 824 λέγων·
629 777 648 810 ι
703 758 893 813 Πολλοὶ
922 761 1192 832 προφῆται
1229 761 1320 816 καὶ
1351 761 1547 816 δίκαιοι
1587 759 1783 815 ἐπεθύ-

233 866 383 918 μησαν
429 849 559 902 ἰδεῖν
604 850 640 904 ἃ
688 851 845 921 ὑμεῖς
893 851 1138 922 βλέπετε,
1187 854 1282 908 καὶ
1317 855 1417 906 οὐκ
1462 849 1601 906 εἶδον
1621 870 1632 882 ·
1689 852 1784 906 καὶ⁹

230 941 431 994 ἀκοῦσαι
457 940 492 994 ἃ
522 943 680 1012 ὑμεῖς
702 944 953 1009 ἀκούετε,
997 946 1089 998 καὶ
1113 944 1212 998 οὐκ
1237 945 1494 1016 ἤκουσαν.
1531 964 1550 996 ι
1593 944 1783 1014 Ἡμεῖς

230 1035 294 1093 δὲ,
328 1033 389 1084 τὰ
427 1032 604 1103 ἀληθῆ
631 1035 724 1088 καὶ
753 1035 861 1090 τῶν
899 1038 1121 1090 εἰκόνων
1153 1037 1221 1091 τά
1256 1038 1536 1110 ἀρχέτυπα
1568 1037 1654 1090 διά
1682 1037 1784 1107 τῆς

232 1123 613 1196 imm-om”;
639 1127 945 1197 οἰκονομίας
969 1128 1062 1181 τοῦ
1102 1129 1337 1199 Χριστοῦ
1368 1130 1779 1201 παρειληφότες,

231 1218 314 1270 οὐκ
336 1216 407 1267 ἔτι
426 1216 533 1268 τῶν
564 1216 808 1270 παλαιῶν
828 1220 1151 1289 δεησόμεθα.
1198 1221 1373 1284 Μόνος
1400 1221 1444 1274 δ’
1480 1218 1571 1275 οὖν
1619 1222 1781 1286 αὐτὸς

233 1310 321 1363 τῶν
346 1306 553 1360 πώποτε
594 1308 764 1377 Λόγος
804 1310 877 1365 ὢν
900 1311 1057 1375 Θεοῦ,
1094 1315 1442 1384 προκόσμιος,
1478 1318 1569 1368 καί
1599 1316 1783 1386 ἀρχιε-

235 1406 339 1474 ρεὺς
375 1401 549 1470 πάσης
593 1404 785 1473 νοερᾶς
830 1404 923 1456 καὶ
979 1403 1201 1474 λογικῆς
1256 1406 1502 1470 κτίσεως,
1532 1407 1621 1460 τὸν
1650 1409 1782 1478 ἡμῖν

230 1492 526 1564 ὁμοιοπαθῆ,
555 1487 644 1546 οἷα
684 1495 954 1565 πρόϐατον
988 1497 1081 1550 καὶ
1127 1498 1297 1567 ἀμνὸν
1336 1499 1400 1551 ἐκ
1441 1500 1539 1570 τῆς
1571 1498 1781 1571 ἀνθρώ-

234 1602 333 1635 πων
356 1584 620 1653 ἀφορίσας
646 1585 866 1656 ἀγέλης,
890 1587 1063 1659 τούτῳ
1092 1604 1150 1640 τε
1190 1588 1501 1661 ἐπιγράψας
1527 1590 1625 1652 τὰς
1654 1590 1783 1644 πάν-

230 1691 322 1725 των
344 1672 493 1742 ἡμῶν
525 1674 821 1744 ἁμαρτίας,
859 1676 953 1728 καὶ
989 1676 1088 1747 τὴν
1115 1678 1359 1749 κατάραν
1386 1695 1448 1747 γε
1477 1678 1646 1749 αὐτῷ,
1681 1680 1779 1750 τὴν

226 1767 275 1817 ἐν
314 1766 383 1835 τῷ
427 1766 670 1829 Μωσέως
732 1766 883 1836 νόμῳ
933 1771 1462 1841 προστετιμημὲνην,
1510 1772 1778 1844 περιάψας

226 1860 326 1926 (ὅτι
355 1856 414 1928 δὴ
442 1858 684 1920 Μωσέως
707 1836 1020 1924 ἀνειπόντος
1038 1878 1051 1892 ·
1090 1881 1108 1913 ι
1157 1836 1593 1934 Ἐπικατάρατος,
1616 1836 1722 1930 πάς
1811 1836 1853 1894 Β

222 1950 550 2020 κρεμάμενος
600 1952 695 2004 ἐπὶ
735 1950 891 2016 ξύλου
929 1972 948 2003 ι
974 1952 1016 2023 ),
1046 1954 1202 2008 τοῦτο
1226 1955 1490 2009 πέπονθεν
1522 1957 1683 2021 αὐτὸς
1711 1957 1779 2010 δι’

223 2041 355 2110 ἡμᾶς
402 2041 692 2112 γενόμενος
738 2043 880 2113 ὑπὲρ
929 2044 1085 2114 ἡμῶν
1138 2046 1381 2118 κατάρα·
1433 2048 1528 2100 καὶ
1570 2047 1634 2116 δὴ
1684 2048 1777 2102 καὶ

220 2132 474 2203 ἁμαρτίαν
517 2133 680 2186 αὐτὸν
717 2133 783 2187 δι’
820 2135 968 2204 ἡμᾶς
1010 2137 1275 2207 ποιήσας·
1325 2155 1344 2187 ι
1388 2138 1513 2190 ἐπεὶ
1569 2138 1659 2191 τὸν
1703 2138 1779 2209 μὴ

218 2226 396 2293 γνόντα
434 2227 733 2297 ἁμαρτίαν,
766 2228 906 2299 ὑπὲρ
951 2228 1105 2298 ἡμῶν
1151 2231 1422 2301 ἁμαρτίαν
1472 2232 1714 2302 ἐποίησε,
1753 2252 1773 2284 ι

218 2319 379 2382 πάσας
423 2336 482 2372 τε
516 2319 664 2391 αὐτῷ
702 2320 770 2373 δι’
802 2324 952 2391 ἡμᾶς
985 2322 1086 2386 τάς
1120 2326 1250 2394 ἡμῖν
1290 2325 1676 2396 ἐπηρτημένας
1706 2342 1782 2380 τι·

220 2412 415 2480 μωρίας
443 2412 673 2477 ἐπιθεὶς,
716 2413 890 2485 δεσμά
929 2417 1023 2471 καὶ
1055 2418 1276 2488 ἀτιμίας
1322 2422 1414 2472 καὶ
1442 2419 1647 2491 ὕϐρεις,
1685 2420 1782 2489 μά-

218 2503 391 2570 στιγάς
436 2521 496 2558 τε
542 2508 637 2559 καὶ
685 2506 949 2571 ἐκτόπους
981 2509 1215 2580 πληγὰς,
1267 2512 1359 2565 καὶ
1394 2513 1486 2565 ἐπὶ
1527 2514 1691 2565 πᾶσιν
1718 2513 1781 2566 τὺ

218 2594 306 2663 τῆς
331 2597 573 2669 κατάρας
609 2600 889 2669 τρόπαιον.
926 2601 1080 2656 Μετά
1108 2603 1172 2673 δὴ
1204 2604 1383 2658 πάντα
1416 2599 1527 2657 οἷόν
1554 2623 1607 2657 τι
1650 2604 1780 2658 θαυο

223 2687 398 2755 μάτιον
429 2689 599 2760 θῦμα,
630 2691 726 2745 καὶ
766 2693 993 2759 σφάγιον
1026 2692 1302 2764 ἐξαίρετον
1332 2694 1407 2765 τῷ
1438 2696 1611 2767 Πατρὶ
1648 2697 1778 2750 καλ-

219 2778 614 2851 λιερησάμενος,
673 2784 815 2856 ὑπὲρ
845 2785 946 2854 τῆς
996 2785 1254 2839 ἁπάντων
1303 2787 1459 2857 ἡμῶν
1508 2790 1778 2860 ἀνήνεγκε

223 2871 495 2941 σωτηρίας,
544 2875 766 2946 μνήμην
803 2878 896 2930 καὶ
937 2879 1067 2948 ἡμῖν
1096 2879 1389 2949 παραδοὺς,
1424 2881 1543 2935 ἀντὶ
1592 2882 1779 2946 θυσίας

219 2962 286 3031 τῷ
312 2961 425 3035 Θεῷ
466 2965 730 3037 διηνεκῶς
770 2970 1118 3041 προσφέρειν.
1153 2971 1323 3025 Τοῦτο
1362 2974 1456 3025 καὶ
1486 2974 1779 3044 προφητῶν

219 3058 243 3108 ὀ
270 3056 559 3129 θαυμάσιος
592 3061 756 3114 Δαϐὶδ
788 3061 916 3133 θείῳ
945 3062 1225 3134 Πνεύματι
1254 3064 1316 3116 τὸ
1355 3064 1544 3135 μέλλον
1589 3066 1781 3138 προλα-

219 3146 317 3203 ϐὼν
351 3151 658 3218 ἐθέσπισεν,
700 3153 902 3208 εἰπών’
952 3174 971 3207 ι
1023 3155 1339 3225 ’Υπομένων
1382 3157 1649 3226 ὑπέμεινα
1688 3159 1779 3211 τὸν
1806 3183 1849 3240 C

220 3241 425 3312 Ku'pzov,
454 3244 550 3297 καὶ
591 3245 861 3316 προσέσχε
906 3263 1023 3318 μοι·
1072 3249 1167 3300 xa‘t
1207 3249 1493 3318 είσήκουσε
1522 3249 1625 3319 τῆς
1664 3249 1778 3321 δεή-

222 3330 341 3396 σεώς
369 3350 492 3403 μου,
523 3337 617 3389 καὶ
651 3337 919 3407 ἀνήνεγκέ
955 3356 1022 3408 με
1052 3341 1116 3391 ἐκ
1143 3338 1361 3393 λάκκων
1380 3340 1775 3413 ταλαιπωρίας,

221 3426 299 3475 καὶ
336 3425 441 3479 ἀπὸ
472 3427 646 3498 πηλοῦ
684 3428 859 3492 ίλύος·
896 3430 990 3483 καὶ
1022 3430 1249 3501 ἔστησεν
1290 3432 1383 3484 ἐπὶ
1417 3434 1620 3503 πέτραν
1652 3435 1778 3498 τοὺς

220 3515 367 3579 ’.πόδας
399 3535 522 3587 μου,
546 3519 841 3573 κατεύθυνε
868 3520 936 3574 τὰ
965 3520 1279 3591 διαϐήματά
1310 3540 1433 3592 μου,
1470 3523 1562 3576 καὶ
1594 3524 1778 3577 ἐνέϐα-

216 3601 294 3658 λεν
330 3609 406 3670 εἰς
442 3608 504 3661 τὸ
546 3610 722 3680 στόμα
773 3627 874 3680 μου
920 3606 1070 3681 ᾆσμα
1116 3612 1320 3675 καινὸν,
1354 3611 1521 3682 ὕμνον
1552 3612 1629 3683 τῷ
1659 3613 1778 3685 Θεῷ

217 3695 373 3767 ἡμῶν.
412 3717 431 3749 ι
464 3700 574 3752 Καὶ
607 3700 659 3752 τί
692 3702 754 3753 τὸ
790 3700 974 3755 καινὸν
1002 3697 1155 3773 ᾆσμα
1186 3703 1465 3773 τυγχάνει,
1501 3705 1775 3775 διασαφεῖ,

216 3786 371 3856 λέγων
401 3791 528 3861 ἑξῆς
551 3809 567 3826 ·
605 3810 623 3844 ι
664 3793 866 3847 Θυσίαν
888 3794 983 3847 κα)⁵
1011 3795 1328 3865 προσφορὰν
1360 3796 1460 3849 οὐκ
1483 3796 1775 3869 ἠθέλησας,

215 3881 360 3952 σῶμα
396 3883 454 3937 δὲ
491 3885 808 3956 κατηρτίσω
862 3902 989 3955 μοι·
1042 3885 1470 3957 ὁλοκαυτώματα
1514 3890 1611 3942 καὶ
1651 3890 1778 3963 περὶ

211 3973 473 4046 ἁμαρτίας
514 3979 615 4030 οὐκ
660 3978 983 4048 ηὑδόκησας.
1041 3980 1173 4032 Τότε
1220 3978 1409 4033 εἶπον·
1460 3981 1591 4035 Ἰδοὺ
1635 3983 1773 4053 ἥκω.

222 4068 299 4119 Ἐν
349 4070 598 4139 κεφαλίδι
654 4070 859 4141 βιϐλίου
905 4072 1217 4143 γέγραπται
1280 4074 1408 4145 περὶ
1459 4074 1629 4145 ἐμιῦ,
1682 4077 1776 4131 τοῦ

210 4162 441 4233 ποιῆσαι,
495 4163 524 4216 ό
581 4163 734 4231 Θεὸς,
791 4164 853 4216 τὸ
905 4165 1117 4236 θέλημά
1155 4182 1269 4220 σου.
1344 4167 1689 4240 Ἐϐουλήθην.
1751 4188 1771 4223 ι

208 4251 310 4305 Καὶ
367 4250 645 4320 ἐπιλέγει·
713 4271 732 4303 ι
810 4252 1267 4324 Εὑηγγελισάμην
1320 4253 1667 4325 δικαιοσύνην
1720 4256 1778 4310 ἐν

218 4337 505 4412 Ἐκκλησία
543 4339 773 4411 μεγάλῃ.
805 4360 825 4391 ι
866 4342 1158 4413 Ἀντικρυς
1190 4343 1309 4396 ἀντὶ
1344 4343 1451 4396 τῶν
1482 4344 1648 4397 πάλαι
1680 4343 1777 4397 θυ-

208 4430 329 4483 σιῶν
381 4433 479 4485 καὶ
528 4432 996 4503 ὁλοκαυτωμάτων
1045 4434 1145 4505 τὴν
1190 4434 1453 4507 ἐνσαρκον
1507 4437 1602 4490 τοῦ
1643 4438 1778 4509 Χρι-

1892 579 1966 630 ita
1985 576 2192 637 vivant,
2227 581 2287 629 ut
2340 572 2476 627 Novi
2509 572 2845 629 Testamenti
2890 573 3031 627 ratio
3083 572 3283 627 docet:
3317 568 3492 634 eatu,‘.

1886 682 2008 739 quae
2046 682 2075 721 a
2111 666 2257 722 Mose
2285 666 2507 722 deﬁnita
2549 673 2653 728 est,
2687 665 3117 720 exsecrationem
3141 662 3417 719 evaserint
3445 676 3465 716 :

1885 760 2087 829 quippe
2116 774 2239 814 cum
2273 758 2462 830 Agnus
2483 756 2576 812 Dei
2600 772 2710 812 non
2740 758 2916 814 solum
2933 764 3216 828 peccatum
3249 752 3464 808 mundi.

1886 852 1980 908 sed
2004 854 2166 906 etiam
2210 867 2333 907 eam
2353 850 2810 915 exsecrationem,
2839 864 2960 921 quae
2994 849 3061 904 iis
3089 848 3337 912 debetur,
3369 845 3465 916 qui

1886 954 2076 999 contra
2096 941 2449 1014 Mosislegem
2478 942 2682 1013 aliquid
2696 942 3097 1006 commiserint,
3136 941 3192 994 in
3220 940 3463 1010 seipsum

1886 1036 2171 1107 receperit.
2206 1033 2407 1091 Factus
2447 1035 2612 1105 igitur
2639 1043 2724 1092 est
2766 1035 2857 1089 Dei
2888 1035 3076 1104 Agnus
3103 1040 3158 1086 et
3177 1038 3463 1103 peccatum

1883 1139 1937 1185 et
1989 1131 2311 1186 exsecratio.
2347 1127 2642 1184 Peccatum
2683 1128 2902 1198 quidem
2956 1141 3054 1197 pro
3085 1124 3464 1195 peccatoribus

1884 1220 2049 1289 hujus
2084 1221 2273 1275 mundi
2303 1239 2316 1274 ε
2354 1220 2662 1276 exsecratio
2691 1226 2871 1274 autem
2903 1233 3003 1289 pro
3041 1218 3109 1272 iis
3145 1216 3238 1286 qui
3270 1216 3466 1270 nolunt

1882 1327 1913 1366 a
1960 1312 2165 1383 scripto
2200 1313 2335 1383 legis
2388 1312 2640 1368 Mosaicze
2688 1310 2963 1367 recedere.
3008 1308 3277 1377 Quocirca
3328 1307 3466 1363 dicit

1881 1405 2213 1475 Apostolus:
2251 1423 2271 1459 ι
2303 1405 2561 1462 Christus
2592 1421 2694 1461 nos
2726 1403 2953 1459 redemit
2990 1402 3058 1457 ab
3088 1400 3467 1457 exsecratione

1884 1497 2039 1566 legis.
2066 1496 2243 1553 {actus
2268 1514 2368 1569 pro
2394 1499 2555 1554 nobis
2580 1498 2892 1553 exsecratio
2919 1497 2986 1551 “.
3022 1514 3041 1549 ι
3073 1493 3204 1549 Item
3232 1509 3246 1546 :
3276 1511 3295 1545 ι
3324 1490 3463 1568 Eum

1880 1588 1973 1657 qui
2006 1603 2116 1643 non
2148 1595 2377 1643 noverat
2406 1599 2714 1658 peccatum,
2771 1601 2872 1657 pro
2906 1586 3066 1641 nobis
3108 1585 3241 1641 fecit
3270 1597 3464 1655 pecca-

1881 1688 1994 1734 tum
2023 1679 2090 1734 ".
2131 1698 2153 1732 ι
2184 1679 2325 1746 Quid
2353 1680 2497 1735 enim
2524 1696 2634 1736 non
2661 1680 2882 1736 futurus
2911 1678 3013 1735 fuit
3038 1679 3109 1742 is,
3140 1678 3235 1750 qui
3270 1674 3463 1733 mundi

1881 1773 2154 1843 piaculum
2190 1773 2366 1830 factus
2396 1774 2520 1830 est?
2567 1776 2615 1830 is
2643 1773 2737 1845 qui
2761 1788 2861 1844 pro
2889 1781 3235 1843 peccatorum
3279 1770 3464 1826 anima

1882 1864 2158 1935 pretium?
2194 1866 2287 1936 qui
2324 1876 2584 1935 tanquam
2624 1867 2744 1922 ovis
2792 1864 2860 1919 ad
2894 1865 3228 1920 occisionem
3258 1862 3459 1919 ductus

1879 1956 2002 2010 est?
2047 1956 2140 2026 qui
2175 1957 2520 2013 existimatus
2570 1963 2656 2014 est
2699 1959 2842 2013 sicut
2876 1972 3070 2028 agnus,
3102 1957 3192 2027 qui
3227 1955 3464 2011 ducatur

1881 2049 1948 2103 ad
1983 2048 2446 2105 sacriﬁcandum?
2474 2057 2638 2119 atque
2665 2049 2849 2103 omnia
2880 2048 3029 2113 haec,
3063 2057 3119 2102 et
3159 2062 3258 2118 pro
3277 2045 3460 2113 nobis,

1879 2147 1934 2196 et
1971 2150 2196 2212 propter
2225 2157 2347 2196 nos.
2394 2140 2472 2195 Ex
2504 2155 2614 2211 quo
2658 2141 2880 2210 quidem
2912 2139 3078 2210 prisci
3103 2139 3203 2205 illi,
3243 2137 3464 2209 Deoqtte

1880 2232 2019 2301 grati
2049 2233 2187 2297 viri,
2224 2247 2349 2287 cum
2382 2233 2761 2303 praestantiora
2806 2247 2914 2287 non
2946 2231 3230 2295 haberent,
3263 2229 3460 2287 merito

1881 2321 2035 2391 signa
2061 2323 2176 2391 ipsa
2212 2322 2584 2379 attendebant.
2625 2321 2736 2393 38
2764 2321 2899 2376 Nam
2945 2322 3107 2376 etiam
3138 2321 3242 2376 hoc
3276 2321 3457 2389 ipsum

1883 2410 2131 2467 Salvator
2155 2422 2340 2468 noster
2366 2414 2545 2480 docet,
2578 2418 2704 2471 cum’
2754 2414 2831 2469 ait
2868 2430 2881 2468 :
2919 2431 2938 2462 ι
2973 2411 3125 2466 Multi
3179 2411 3460 2482 prophetat

1880 2514 1933 2560 et
1959 2505 2093 2574 justi
2122 2506 2408 2574 cupierunt
2439 2507 2644 2571 videre,
2699 2520 2821 2576 quae
2866 2521 2964 2561 vos
2996 2503 3229 2566 videtis,
3265 2512 3322 2558 et
3348 2517 3459 2558 non

1880 2597 2170 2653 viderunt:
2227 2609 2280 2654 et
2329 2600 2539 2665 audire,
2572 2614 2693 2670 qua:
2750 2614 2849 2654 vos
2887 2597 3110 2661 auditis,
3140 2604 3196 2653 et
3219 2611 3328 2650 non
3358 2609 3461 2649 au-

1879 2692 2099 2746 dierunt
2124 2694 2189 2747 ".
2213 2713 2231 2745 ι
2276 2693 2342 2746 At
2367 2708 2488 2759 nos,
2533 2694 2624 2763 qui
2656 2706 2724 2747 ea
2782 2706 2904 2762 qua:
2952 2706 3077 2746 vera
3108 2696 3258 2756 sunt,
3291 2695 3455 2759 atque

1881 2784 1997 2854 ipsa
2055 2785 2352 2855 imaginum
2419 2784 2688 2855 principia
2763 2799 2861 2856 per
2926 2781 3183 2837 refertam
3247 2780 3462 2851 magnis

1881 2874 2156 2944 mysteriis
2187 2874 2649 2945 dispensationem
2706 2873 2909 2929 Christi
2943 2873 3283 2943 accepimus,
3338 2885 3452 2926 non

1881 2967 2117 3036 amplius
2156 2982 2241 3032 ea,
2300 2983 2422 3038 quae
2471 2978 2656 3024 vetera
2699 2966 2838 3022 facta
2860 2974 3011 3029 sunt,
3056 2964 3456 3020 desideramus.

1885 3057 2049 3113 Solus
2077 3061 2242 3130 igitur
2273 3060 2388 3130 ipse
2439 3075 2630 3116 eorum
2657 3060 2901 3114 omnium
2936 3058 3028 3129 qui
3064 3070 3305 3127 unquam
3341 3053 3463 3110 fue-

1880 3153 2012 3213 rint,
2046 3167 2170 3205 cum
2217 3151 2289 3205 sit
2346 3149 2437 3206 Dei
2472 3150 2735 3214 Verbum,
2778 3151 2895 3221 ipsi:
2926 3149 3204 3218 antiquius
3232 3144 3457 3211 mundo,

1879 3243 2235 3315 pontifexque
2266 3243 2445 3298 omnis
2472 3243 2689 3298 ratione
2742 3250 2908 3311 atque
2933 3238 3289 3309 intelligentia
3321 3251 3461 3308 pra)-

1878 3333 2010 3387 dita:
2037 3341 2325 3397 creaturae,
2362 3348 2487 3386 eum
2545 3335 2638 3402 qui
2683 3334 2890 3387 nostris
2935 3333 3156 3386 casibus
3187 3337 3334 3384 esset
3359 3329 3463 3386 ob-

1879 3425 2099 3492 noxius,
2147 3427 2303 3495 quasi
2353 3440 2509 3480 ovem
2572 3433 2667 3478 aut
2696 3439 2896 3494 agnum
2930 3424 2997 3478 ab
3032 3423 3344 3478 hominibus
3372 3436 3465 3477 se-

1877 3530 2130 3585 gregans,
2199 3522 2255 3569 et
2303 3516 2431 3570 huic
2484 3524 2674 3569 nostra
2702 3515 2945 3569 omnium
2996 3514 3280 3567 ascribens
3332 3525 3462 3583 pec-

1878 3612 2000 3659 cata
2029 3646 2044 3670 ,
2106 3604 2390 3675 eidemque
2444 3605 2899 3666 exsecrationem,
2933 3619 3054 3672 quae
3083 3602 3299 3655 mulctaa
3335 3601 3456 3655 loco

1878 3700 1934 3753 in
1998 3700 2113 3768 lege
2160 3698 2326 3755 Mosis
2384 3697 2640 3767 adjuncta
2689 3704 2775 3752 est
2823 3698 3133 3765 imponens,
3189 3692 3461 3763 siquidem

1878 3793 2000 3863 ipso
2055 3790 2204 3845 Mose
2262 3790 2641 3860 proloquente,
2675 3806 2694 3840 ι
2728 3786 3082 3843 exsecrabilis
3136 3784 3316 3838 omnis
3365 3797 3462 3853 qut

1880 3885 2077 3954 pendet
2134 3884 2189 3937 in
2234 3884 2379 3953 ligno
2403 3883 2521 3948 “,o
2579 3882 2682 3936 hoc
2750 3881 2931 3951 ipsum
2984 3877 3227 3949 pertulit,
3283 3875 3461 3931 fat-tus

1878 3986 2098 4047 propter
2119 3993 2220 4032 nos
2251 3978 2367 4048 ipse
2392 3992 2492 4048 pro
2529 3976 2689 4031 nobis
2715 3974 3021 4030 exsecratio
3047 3991 3060 4028 :
3092 3970 3185 4042 qui
3218 3970 3460 4041 seipsum

1878 4083 2095 4139 quoque
2130 4078 2351 4139 propter
2392 4085 2492 4125 nos
2543 4074 2826 4138 peccatum
2889 4064 3070 4119 facere
3100 4079 3210 4117 non
3252 4063 3460 4117 veritus

1876 4169 1993 4217 est:
2016 4160 2455 4231 quandoquidem
2478 4180 2496 4212 ι
2524 4175 2671 4226 eum,
2699 4166 2791 4229 qui
2823 4165 3107 4228 peccatum
3144 4168 3255 4209 non
3284 4153 3457 4214 novit,

1878 4270 1977 4325 pro
2006 4255 2163 4309 nobis
2185 4264 2467 4323 peccatum
2491 4253 2689 4318 effecit,
2720 4270 2738 4303 ι
2766 4252 3051 4320 eidemque
3081 4255 3300 4320 propter
3333 4261 3456 4311 nos,

1877 4346 2060 4401 omnia
2121 4359 2462 4415 quaecunque
2511 4343 2674 4399 nobis
2724 4340 3133 4412 impendebant,
3189 4335 3459 4409 supplicia

1879 4438 2172 4509 imposuit,
2205 4438 2446 4501 vincula,
2468 4436 2694 4506 probra,
2731 4433 3117 4496 contumelias,
3137 4431 3369 4501 ﬂagella,
3401 4440 3457 4484 et

208 4519 324 4572 στοῦ
375 4522 701 4592 παρουσίαν,
749 4523 844 4576 καὶ
900 4522 961 4577 τὸ
997 4524 1356 4594 καταρτισθὲν
1403 4524 1566 4579 αὑτοῦ
1619 4526 1777 4597 σῶμα

1880 4545 2003 4584 cum
2038 4531 2145 4593 bis,
2202 4530 2429 4584 verbera
2488 4526 2797 4583 deformia:
2831 4535 3279 4596 postremumque
3338 4536 3457 4575 om-

208 4612 620 4685 προσενηνέχθαι
682 4613 760 4684 τῷ
819 4613 938 4684 Θεῷ
993 4614 1231 4680 διδάξας,
1296 4616 1454 4669 τοῦτό
1506 4633 1566 4669 τε
1640 4618 1773 4671 αὐτὸ

1880 4622 2047 4683 nium,
2102 4621 2279 4691 ipsum
2326 4619 2720 4675 exsecrationis
2754 4617 3075 4686 trophaeum.
3106 4614 3291 4684 Itaque
3330 4622 3457 4683 post

209 4703 269 4772 τῇ
337 4703 503 4757 αὐτοῦ
583 4704 877 4775 Ἐκκλησία
921 4705 1351 4774 εὐαγγελίζεται,
1394 4707 1470 4771 ὡς
1510 4707 1578 4762 ἂν
1633 4709 1773 4780 μέγα

213 4799 497 4868 μυστήριον
579 4801 637 4853 ἐν
706 4800 956 4869 κεφαλίδι
1030 4800 1235 4871 βιϐλίου
1320 4804 1387 4873 τῇ
1458 4805 1771 4874 προφητικῇ

371 4909 806 4966 προαναπεφωνη
816 4895 991 4965 μένον.
1026 4896 1229 4950 Τούτου
1254 4896 1390 4967 δῆτα
1410 4896 1505 4950 τοῦ
1536 4896 1776 4967 θύματος

325 4984 543 5053 μνήμην
586 4983 681 5038 ἐπὶ
731 4986 1010 5057 τραπέζης
1048 4987 1286 5040 ἐκτελεῖν
1329 4986 1418 5039 διὰ
1460 4988 1767 5060 συμϐόλων,

186 5060 290 5131 ξτῢῦ
306 5091 363 5127 τε
386 5074 639 5146 σώματος
663 5077 828 5130 αὐτοῦ
853 5080 946 5132 καὶ
969 5079 1061 5132 τοῦ
1087 5081 1355 5151 σωτηρίου
1378 5082 1608 5151 αἵματος
1630 5082 1771 5136 κατά

178 5230 187 5249 ο
212 5162 428 5237 θεσμοὺς
456 5170 558 5239 τῆς
589 5170 798 5241 Καινῆς
836 5170 1110 5243 Διαθήκης
1139 5174 1557 5246 παρειληφότες,
1608 5174 1772 5229 πάλιν

212 5256 302 5310 ὑπὸ
321 5260 412 5312 τοῦ
436 5262 720 5332 προφήτου
748 5262 913 5315 Δαϐὶδ
927 5262 1288 5333 παιδευόμεθα
1312 5264 1509 5334 λέγειν·
1541 5284 1560 5317 ι
1597 5265 1773 5319 Ἠτοί-

162 5406 171 5419 ,
214 5364 371 5418 μασας
415 5353 651 5408 ἐνώπιόν
687 5371 789 5425 μου
822 5354 1102 5426 τράπεζαν
1132 5356 1192 5423 ἐξ
1224 5359 1470 5422 ἐναντίας
1513 5358 1622 5413 τῶν
1660 5359 1773 5413 θλι-

208 5440 391 5499 δόντων
421 5465 511 5518 με.
576 5448 867 5510 Ἐλίπανα;
916 5450 973 5502 ἐν
1024 5449 1188 5521 ἐλαίῳ
1218 5451 1318 5523 τὴν
1365 5451 1610 5522 κεφαλήν
1644 5468 1766 5522 μου,

209 5537 289 5605 καὶ
315 5538 374 5590 τὸ
410 5540 675 5613 ποτήριόν
728 5556 823 5593 σου
877 5540 1145 5610 μεθύσκον
1181 5557 1249 5613 με
1285 5542 1362 5606 ὡς
1400 5543 1711 5616 κράτιστον.
1748 5562 1766 5595 ι

207 5630 496 5703 Διιρῤήδην
527 5631 664 5700 γοῦν
690 5632 751 5685 ἐν
777 5631 987 5696 τούτοις
1015 5633 1109 5688 καὶ
1139 5633 1199 5686 τὸ
1222 5634 1480 5705 μυστικὸν
1504 5634 1768 5705 σημαίνε-

1876 4715 2081 4777 omnia,
2112 4714 2269 4784 quasi
2295 4712 2600 4767 mirabilem
2626 4711 2899 4782 quandam
2947 4709 3220 4763 victimam
3239 4746 3255 4772 ,
3282 4704 3456 4761 sacri-

1879 4807 2170 4876 ﬁciumque
2198 4805 2458 4861 eximium
2490 4803 2632 4874 patri
2690 4817 2793 4858 suo
2844 4809 3105 4871 cperatus
3135 4813 3233 4869 pro
3265 4807 3457 4852 nostra

1876 4897 2120 4952 omnium
2160 4897 2338 4950 salute
2399 4895 2617 4961 obtulit,
2670 4892 2899 4963 ejusque
2930 4891 3006 4946 rei
3038 4888 3353 4943 memoriam
3396 4894 3456 4941 ut

1879 5005 1979 5045 nos
2035 4989 2138 5057 ipsi
2187 4987 2299 5044 Deo
2320 5003 2420 5059 pro
2475 4987 2746 5043 sacriﬁcio
2801 4985 3158 5046 oﬂerrenius,
3194 4980 3451 5036 instituit.

1879 5083 1993 5139 Hoc
2019 5084 2183 5138 etiam
2221 5082 2607 5153 prophetarum
2640 5079 2951 5150 praecipuus
2973 5075 3160 5139 David,
3193 5075 3286 5145 qui
3307 5072 3453 5144 quod

1878 5176 2122 5232 futurum
2148 5183 2268 5231 erat
2305 5173 2513 5245 Spiritu
2565 5173 2753 5228 divino
2786 5170 3100 5242 providerat
3122 5167 3457 5222 vaticinatus

1877 5276 1981 5332 est,
2010 5268 2102 5322 ubi
2136 5265 2212 5320 ait
2242 5284 2256 5321 :
2281 5283 2301 5317 ι
2332 5264 2667 5335 Exspectans
2722 5258 3033 5332 ex5pectavi
3068 5258 3377 5323 Dominum,
3402 5268 3460 5313 et

1879 5356 2115 5414 intendit
2142 5359 2310 5413 mihi:
2340 5366 2395 5412 et
2421 5355 2699 5412 exaudivit
2722 5368 2937 5425 precem
2970 5367 3167 5416 meam,
3198 5360 3250 5406 et
3270 5356 3457 5405 sustu~

1878 5451 1943 5504 lit
1967 5466 2052 5505 me
2080 5451 2148 5506 de
2179 5451 2301 5505 lacu
2333 5450 2569 5505 miseriae
2596 5457 2652 5504 et
2679 5448 2747 5504 de
2806 5448 2920 5501 luto
2956 5444 3105 5500 faecis
3132 5462 3145 5498 :
3175 5452 3229 5499 et
3264 5452 3457 5497 statuit

1880 5556 2043 5610 supra
2070 5549 2279 5610 petram
2300 5540 2466 5612 pedes
2513 5554 2684 5604 meos,
2718 5546 2773 5595 et
2805 5536 3002 5593 direxit
3029 5548 3253 5607 gressus
3277 5549 3451 5588 meos.

1879 5640 1934 5690 et
1963 5633 2191 5690 immisit
2246 5634 2306 5689 in
2333 5649 2395 5690 os
2418 5649 2599 5690 meum
2646 5630 2934 5688 Canticum
2983 5642 3207 5694 novum,
3236 5640 3453 5682 carmen

262 5810 303 5845 ³⁸
331 5810 569 5878 Gal..m,
604 5812 688 5867 13.
772 5813 815 5844 ²⁷
847 5811 890 5866 ll
913 5812 1036 5872 Cor.
1067 5814 1222 5883 r,‘2l.
1304 5812 1511 5869 "Luc.
1543 5829 1596 5879 τι,
1627 5813 1715 5868 “li.
1797 5815 1841 5848 "
1875 5812 2032 5870 Deut.
2064 5830 2179 5883 xxi,
2209 5815 2296 5870 25.
