3942 6258
485 377 548 434 9|
1138 371 1406 431 EUSEBll
1437 373 1917 430 CESAB-IENSIS
1954 371 2104 428 ΟΡΡ.
2145 371 2326 426 PARS
2363 370 2428 426 ll.
2467 399 2536 410 -
2573 366 3068 424 APOLOGETICA.
3654 365 3723 420 9‘3

487 493 600 548 Deo
627 501 815 549 nostro
838 492 904 546 ³ο.
939 511 957 545 ι
992 491 1145 558 Quod
1178 507 1341 562 porro
1388 494 1458 548 sit
1498 493 1602 547 hoc
1657 509 1855 547 novum
1881 493 2049 547 canti-

2152 507 2241 543 ται
2283 490 2510 562 χρίσμα,
2559 487 2654 541 καὶ
2693 488 2761 540 τά
2802 485 2975 556 σεμνὰ
3015 485 3114 557 τῆς
3163 483 3400 556 Χριστοῦ
3447 484 3720 556 τραπέζης

484 599 613 642 cum
664 585 905 640 declarat
955 583 1213 653 deinceps
1273 585 1365 640 ubi
1416 587 1523 638 ait:
1555 605 1572 636 ε
1606 584 1948 638 Sacriﬁcium
2000 590 2056 638 et

485 678 814 732 oblationem
848 677 1091 740 noluisti,
1127 691 1328 746 corpus
1370 687 1547 732 autem
1586 676 1858 747 perfecisti
1882 674 2052 729 mihi:

486 768 808 822 holocausta
835 777 889 821 et
930 782 1028 836 pro
1054 779 1276 836 peccato
1299 784 1405 822 non
1441 768 1680 838 probasti
1710 785 1727 832 ;η
1759 775 1891 820 tunc
1919 765 2054 830 dixi,

484 873 615 913 ecce
639 860 812 914 venio.
839 859 898 910 In
917 859 1092 927 capite
1111 858 1230 912 libri
1263 862 1528 928 scriptum
1560 866 1645 913 est;
1675 859 1740 912 de
1760 873 1864 919 me,
1900 866 1960 911 ut
1978 857 2057 910 fa-

485 964 682 1014 cerem,
712 949 870 1013 Deus,
899 951 1229 1005 voluntatem
1262 960 1429 1016 tuam,
1463 952 1604 1006 volui
1642 951 1705 1014 ³¹,
1740 969 1756 1001 ι
1790 958 1842 1004 et
1864 949 2058 1019 adjun-

483 1041 564 1112 git
597 1057 610 1092 :
652 1059 671 1092 ι
703 1042 1033 1094 Annuntiavi
1064 1042 1332 1110 justitiam
1368 1043 1426 1096 in.
1453 1043 1690 1097 Ecclesia
1722 1056 1916 1112 magna
1943 1042 2009 1094 ⁸³.
2033 1060 2050 1093 ι

486 1133 579 1190 Sic
611 1135 768 1204 plane
799 1134 1001 1190 docens
1019 1150 1114 1203 pro
1143 1136 1379 1204 antiquis
1413 1135 1698 1190 sacriﬁciis
1736 1135 2059 1189 etholocau-

487 1226 608 1286 stis.
639 1226 841 1281 Cbrisﬁ
895 1227 1182 1280 adventum
1219 1242 1314 1295 per
1360 1227 1787 1294 assumptionem
1835 1224 2057 1278 humani

486 1315 596 1385 39
624 1317 893 1385 corporis.
924 1317 1150 1386 ejusque
1175 1332 1376 1385 corpus
1406 1314 1725 1386 perfect-um,
1765 1314 1874 1368 Deo
1905 1317 2059 1369 obla-

485 1414 602 1460 tum
634 1422 754 1462 esse
784 1425 795 1461 :
824 1407 1110 1478 ipsumque
1145 1408 1247 1461 hoc
1268 1407 1524 1461 Ecclesia}
1553 1422 1665 1461 suae
1692 1408 1903 1460 nuntiat
1931 1422 2062 1460 cum.

485 1497 682 1567 gaudio
713 1505 969 1566 tanquam
1017 1499 1206 1566 ingens
1251 1497 1588 1569 mysterium,
1633 1497 1774 1566 quod
1825 1497 2059 1565 propbea

485 1587 596 1639 tica
621 1604 753 1642 voce
784 1587 838 1641 in
870 1589 1046 1656 capite
1093 1588 1213 1642 libri
1252 1589 1588 1658 propositum
1631 1603 2058 1657 expressumque

485 1680 576 1734 sit.
596 1679 731 1733 Cum
758 1695 886 1749 ergo
912 1681 1073 1750 hujus
1105 1682 1358 1736 sacriﬁcii
1387 1679 1702 1734 memoriam
1736 1681 1904 1750 signis
1933 1681 2056 1750 qui--

484 1770 713 1826 busdam
756 1773 809 1825 in
857 1788 1044 1827 mensa
1079 1773 1481 1834 celebrandam,
1528 1773 1882 1841 corporisque
1925 1772 2054 1826 item

2155 582 2390 651 θύματα,
2416 581 2483 632 δι’
2516 572 2589 631 ὧν
2621 578 3047 649 καλλιεροῦντες,
3079 577 3176 639 τάς
3205 575 3466 647 ἀναίμους
3510 577 3604 629 καὶ
3637 576 3724 629 λο-

2153 674 2315 743 γικὰς
2371 672 2516 742 αὐτῷ
2545 689 2603 724 τε
2632 672 2918 742 προσηνεῖς
2947 669 3134 732 Θυσίας
3161 668 3250 721 διὰ
3280 669 3476 731 παντὸς
3502 668 3615 738 βίου
3647 667 3735 738 τῷ⁴

2155 762 2247 814 ἐπὶ
2279 762 2492 814 πάντων
2526 760 2848 832 προσφέρειν
2873 757 2990 827 Θεῷ
3028 757 3113 810 διὰ
3147 757 3240 810 τοῦ
3273 758 3489 810 πάντων
3518 756 3726 810 ἀνωτά-

2156 871 2248 905 του
2279 853 2576 923 ἀρχιερέως
2599 852 2762 904 αὐτοῦ
2790 851 3160 920 δεδιδάγμεθα.
3191 849 3360 902 Τοῦτο
3391 849 3444 901 δὲ
3478 848 3608 900 αὐτὸ
3631 849 3727 901 καὶ

2172 943 2395 1006 Ἡσαΐας
2445 946 2473 996 6
2537 944 2707 1012 μέγας
2758 943 3040 1012 προφήτης
3101 939 3425 1010 θαυμαστῶς
3467 938 3542 1008 τῷ
3595 938 3725 1008 θείῳ

2159 1034 2434 1104 Πνεύματι
2467 1035 2798 1104 προέγνω-τε
2841 1033 2932 1085 καὶ
2985 1030 3423 1101 προανεφώνησε.
3469 1029 3629 1096 Λέγει
3677 1028 3742 1082 δ’·

2156 1123 2247 1180 οὖν
2279 1121 2378 1180 ὧδε
2407 1127 2499 1178 καὶ
2539 1126 2722 1189 αὐτός’
2763 1145 2780 1176 ‹
2816 1125 2985 1196 Κύριε
3017 1127 3044 1177 6
3068 1123 3198 1185 Θεός
3233 1139 3354 1192 μου,
3401 1117 3608 1184 δοξάσω
3639 1136 3722 1184 σε,

2159 1220 2384 1289 ὑμνήσω
2405 1218 2467 1270 τὸ
2490 1218 2659 1287 ὄνομα
2694 1235 2808 1280 σου,
2835 1219 2916 1268 ὅτι
2952 1216 3209 1285 ἐποίησας
3261 1213 3544 1283 θαυμαστὰ
3584 1212 3728 1282 πρά⁶

2157 1328 2365 1381 γματα.
2403 1329 2420 1360 ι
2450 1311 2558 1363 Kal
2585 1310 2703 1361 τίνα
2744 1309 2918 1362 ταῦτα
2939 1308 3012 1370 ὡς
3043 1305 3254 1376 ἀληθῶς
3285 1305 3579 1374 θαυμάσια,
3608 1303 3726 1356 δια-

2160 1404 2340 1470 σαφεῖ,
2386 1400 2557 1468 λέγων
2592 1401 2747 1472 ἑξῆς·
2790 1419 2806 1451 ι
2841 1401 3056 1470 Ποιήσει
3098 1397 3299 1468 Κύριος
3331 1395 3556 1450 Σαϐαὼθ
3591 1395 3725 1447 πᾶσι

2156 1497 2269 1556 τοῖς
2290 1494 2484 1547 ἔθνεσι·
2523 1494 2734 1546 πίονται
2764 1490 3122 1563 εὐςςροσύνην,
3172 1491 3384 1542 πίονται
3413 1485 3574 1549 οἶνον,
3601 1487 3724 1559 χρί-

2161 1603 2340 1639 σονται
2369 1585 2536 1657 μύρον
2565 1587 2621 1638 ὲν
2649 1585 2726 1655 τῷ
2746 1585 2858 1655 ὄρει
2879 1583 3068 1652 τούτῳ.
3098 1582 3341 1653 Παράδος
3362 1580 3530 1634 ταῦτα
3546 1581 3728 1634 πάντα

2157 1681 2267 1741 τοῖς
2291 1677 2516 1730 ἔθνεσινο
2547 1680 2578 1747 ἡ
2611 1677 2718 1747 γὰρ
2751 1676 2912 1746 βουλὴ
2935 1676 3071 1748 αὐτη
3105 1677 3197 1727 ἐπὶ
3223 1675 3397 1726 πάντα
3419 1673 3486 1726 τὰ
3519 1672 3668 1741 ἔθνη.
3700 1690 3720 1724 ι

2158 1770 2394 1823 Τοιαῦτα
2423 1787 2544 1823 τινα
2569 1766 2636 1840 ἦν
2677 1770 2770 1822 καὶ
2800 1768 2871 1821 τά
2919 1770 3138 1821 Ἡσαΐου
3167 1767 3461 1837 θαυμάσια,
3502 1765 3726 1828 εὐωδίας

485 1864 652 1928 illius,
699 1865 1065 1934 salutarisque
1111 1865 1412 1934 sanguinis.
1455 1873 1512 1918 ut
1564 1866 1690 1918 novi
1722 1863 2049 1921 Testamenti

2155 1862 2364 1932 ἀγαθῆς
2387 1863 2480 1914 καὶ
2512 1861 2696 1932 μύρων
2725 1862 2920 1932 κρίσιν,
2947 1862 3007 1912 οὐ
3038 1860 3115 1929 τῷ
3161 1859 3394 1930 Ἰσραὴλ,
3421 1858 3554 1910 ἀλλά
3587 1858 3727 1910 πᾶσι

485 1955 799 2012 institutum
834 1958 1018 2021 habet,
1048 1959 1416 2026 acceperimus
1449 1977 1462 2012 :
1491 1973 1706 2011 rursum
1735 1972 1763 2010 a
1795 1957 2056 2027 propheta

486 2043 656 2101 David
700 2038 1023 2103 instruimur
1076 2047 1142 2101 ad
1193 2047 1482 2102 dicendum
1521 2067 1576 2101 ε(
1602 2048 1812 2102 Parzisti
1845 2049 1896 2102 in
1925 2064 2059 2102 con--

487 2148 678 2208 spectu
731 2155 850 2194 meo
897 2156 1139 2194 mensam
1191 2147 1389 2195 contra.
1423 2156 1517 2196 eos
1541 2141 1632 2210 qui
1665 2140 1904 2210 affligunt
1947 2156 2052 2195 me.

485 2229 689 2302 Pingue
715 2230 888 2287 fecisti
942 2233 998 2287 in
1046 2233 1165 2287 oleo
1213 2239 1375 2301 caput
1419 2247 1619 2295 meum,
1653 2239 1706 2286 et
1745 2233 1884 2285 calix
1930 2240 2055 2285 tuus

486 2322 768 2378 inebrians
804 2337 965 2392 quam
1006 2323 1573 2394 prmstantissimus”.
1609 2341 1628 2374 ›
1664 2321 1846 2376 Palam
1893 2323 2056 2392 igitur

485 2413 540 2465 in
573 2413 657 2467 his
689 2415 968 2484 mysticam
1012 2415 1280 2486 signiﬁcat
1309 2415 1642 2476 unctionem,
1673 2423 1725 2468 et
1774 2413 2055 2468 horrorem

484 2500 762 2556 aﬁ‘erentia
797 2518 996 2558 mensa:
1019 2505 1222 2559 Christi
1255 2505 1545 2569 sacriﬁcia,
1580 2506 1778 2574 quibus
1825 2520 2056 2574 operan-

483 2599 591 2659 tes,
623 2592 936 2658 incruentas
964 2602 1019 2650 et
1051 2596 1343 2651 rationales
1376 2595 1533 2666 eique
1566 2611 1760 2652 suaves
1785 2596 2052 2660 victimas,

484 2683 540 2738 in
589 2691 700 2738 tota
738 2686 846 2739 vita
882 2701 1136 2755 supremo
1181 2685 1291 2742 Deo
1336 2685 1553 2748 offerre,
1595 2701 1694 2756 per
1737 2687 2059 2741 eminentis-

483 2774 680 2829 simum
737 2777 981 2831 onmium
1038 2776 1208 2845 ipsius
1263 2775 1800 2846 pontiﬁcem,edocti
1842 2792 2052 2832 sumus.

488 2861 599 2915 lloc
635 2863 810 2931 ipsum
845 2878 1074 2933 magnus
1097 2879 1316 2934 quoque
1346 2864 1605 2933 propheta
1633 2863 1802 2920 Isaias
1830 2867 2054 2920 mirabi-

485 2951 610 3006 liter
638 2953 823 3008 divino
861 2953 1064 3024 Spiritu
1092 2956 1366 3011 indicante
1387 2958 1646 3027 providit,
1676 2965 1730 3012 et
1763 2967 2054 3026 antequam

485 3044 637 3098 ﬁeret
688 3046 1038 3114 prtedicavit;
1070 3047 1202 3101 dicit
1230 3048 1394 3118 igitur
1426 3049 1504 3103 sic
1537 3069 1552 3104 :
1593 3067 1611 3099 ι
1656 3048 1878 3104 Domine
1910 3048 2054 3105 Deus

485 3147 660 3198 meus,
704 3134 1019 3204 gloriﬁcaho
1069 3144 1142 3200 te,
1190 3137 1424 3191 laudabo
1466 3153 1663 3193 nomen
1707 3146 1882 3203 tuum,
1916 3156 2054 3209 quo-

483 3224 629 3278 niam
672 3225 845 3282 fecisti
870 3244 958 3283 res
987 3229 1264 3287 mirabiles
1281 3232 1348 3284 ³⁸.
1391 3251 1410 3284 ι
1447 3231 1512 3285 Et
1542 3249 1788 3302 quaenam
1820 3233 1902 3287 ha:
1941 3235 2052 3289 sint

480 3331 571 3372 res
623 3319 930 3384 mirabiles,
990 3321 1150 3391 plane
1197 3323 1454 3393 deinceps
1512 3327 1751 3380 ostendit
1800 3325 1988 3381 dicens
2036 3346 2048 3380 :

485 3427 504 3458 ε
536 3405 721 3462 Faciet
745 3408 1007 3466 Dominus
1041 3410 1276 3467 Sabaoth
1313 3415 1620 3470 convivium
1645 3416 1897 3471 omnibus
1923 3433 2053 3486 gen-

479 3500 625 3555 tibus
663 3521 675 3555 :
711 3501 895 3557 bibent
923 3504 1180 3569 laetitiam,
1214 3505 1398 3564 bibent
1421 3508 1605 3561 vinum
1628 3527 1640 3564 :
1663 3519 1930 3578 ungentur
1953 3525 2054 3563 un-

477 3603 680 3661 guento
697 3593 751 3646 in
771 3601 952 3650 monte
973 3595 1096 3662 illo;
1114 3596 1264 3650 trade
1285 3596 1399 3651 haec
1417 3599 1596 3651 omnia
1620 3599 1886 3668 gentibus.
1916 3600 2054 3654 Con-

477 3687 659 3739 silium
700 3686 842 3740 enim
883 3687 987 3742 hoc
1030 3689 1084 3741 in
1128 3703 1318 3742 omnes
1349 3698 1535 3758 gentes
1561 3691 1626 3744 ⁸⁸.
1664 3710 1681 3742 ι
1717 3690 2042 3760 Hujusmodi

474 3789 608 3830 sane
664 3784 821 3830 erant
872 3777 1024 3832 Isaiae
1073 3778 1366 3842 mirabilia,
1401 3795 1522 3849 qua:
1566 3781 1721 3834 bona;
1762 3780 2048 3850 cujusdam

477 3865 807 3936 fragrantiaa,
839 3870 1208 3940 unguentique
1236 3871 1568 3934 unctionem,
1600 3887 1707 3925 non
1736 3871 1920 3934 Israel,
1952 3870 2047 3926 sed

474 3960 733 4014 omnibus
758 3961 1012 4029 gentibus
1037 3961 1425 4029 promittebant
1454 3979 1466 4014 :
1497 3977 1562 4015 ex
1587 3977 1694 4032 quo
1719 3979 1828 4017 non
1857 3963 2048 4018 imme-

475 4055 584 4106 rito
644 4061 863 4122 propter
925 4057 1190 4123 unguenti
1245 4056 1558 4110 unctionem
1610 4055 2045 4112 Christianorum

478 4144 896 4213 appellationem
955 4154 1263 4200 consecutae
1318 4154 1464 4210 sunt,
1527 4146 1622 4202 sed
1673 4148 1783 4202 vini
1830 4165 2045 4218 quoque

477 4234 718 4288 laetitiam
771 4235 1022 4304 gentibus
1069 4236 1401 4289 vaticinatur
1439 4236 1492 4290 in
1527 4251 1613 4300 eo,
1659 4237 1792 4292 Novi
1855 4237 2046 4291 Testa-

477 4325 666 4387 menti,
696 4326 840 4394 quod
881 4340 912 4378 a
953 4325 1173 4381 Christo
1223 4326 1506 4380 conditum
1553 4334 1666 4391 est,
1699 4329 2041 4400 mysterium,

475 4417 812 4472 subobscure
871 4417 1228 4488 signiﬁcans:
1263 4419 1409 4489 quod
1467 4434 1598 4474 sane
1654 4419 1796 4489 apud
1852 4434 2042 4475 omnes

2155 1956 2265 2016 τοῖς
2297 1953 2503 2006 ἔθνεσιν
2537 1953 2995 2022 ἐπαγγελλόμεναο
3031 1952 3152 2004 ὅθεν
3196 1951 3418 2014 εἰκότως
3451 1949 3602 2020 παρά
3626 1948 3727 2019 τὴν

2155 2049 2248 2102 τοῦ
2303 2047 2471 2120 μύρου
2531 2048 2706 2119 χρίσιν
2752 2049 2845 2101 καὶ
2894 2047 2991 2115 τῆς
3031 2045 3370 2118 Χριστιανῶν
3416 2045 3727 2115 ἠξιώθησαν

2156 2141 2546 2211 προσηγορίας.
2584 2139 2743 2192 Ἀλλά
2770 2141 2863 2193 καὶ
2895 2138 3036 2192 οἴνου
3071 2141 3180 2200 τοῖς
3217 2138 3420 2190 ἔθνεσιν
3460 2136 3730 2209 εὐφροσύ-

2156 2249 2253 2304 νην
2295 2232 2559 2296 θεσπίζει,
2592 2233 2654 2284 τὸ
2697 2231 2794 2302 τῆς
2820 2230 3025 2300 Καινῆς
3051 2229 3143 2281 τοῦ
3179 2227 3412 2300 Χριστοῦ
3450 2229 3728 2298 Διαθήκης

2160 2325 2454 2394 μυστήριον
2494 2323 2879 2393 αἰνιττόμενος,
2923 2321 2952 2374 ὃ
3000 2319 3151 2390 παρά
3186 2321 3314 2373 πᾶσι
3357 2321 3466 2382 τοῖς
3513 2318 3724 2371 ἔθνεσιν

2155 2416 2397 2486 ἐναργῶς
2426 2414 2565 2468 κατά
2598 2415 2686 2468 τὸν
2719 2413 2957 2485 παρόντα
2988 2413 3173 2483 καιρὸν
3209 2411 3526 2464 ὲκτελεῖται.
3573 2410 3722 2462 Ταύ-

2154 2527 2251 2571 τας
2275 2509 2332 2561 δὲ
2366 2507 2526 2562 πάλιν
2551 2506 2648 2569 τὰς
2683 2505 3026 2576 ἀσωμάτους,
3071 2503 3165 2556 κα)⁹
3203 2502 3392 2572 νοεράς
3423 2500 3611 2562 θυσίας
3651 2499 3726 2552 τά

2155 2599 2466 2672 προφητικά
2531 2598 2788 2669 κηρύττει
2838 2596 3014 2664 λόγια,
3080 2587 3183 2646 ὧδέ
3233 2611 3307 2664 πη
3376 2591 3719 2661 περιέχονταο

2161 2711 2179 2742 ι
2215 2691 2384 2744 Θῦσον
2417 2689 2494 2760 τῷ
2543 2689 2662 2759 Θεῷ
2707 2687 2895 2741 θυσίαν
2948 2683 3224 2746 αἰνέσεως,
3260 2684 3352 2736 καὶ
3403 2682 3597 2747 ἀπόδος
3640 2683 3724 2754 τῷ

2166 2782 2404 2851 Ὑψίστῳ
2430 2781 2530 2844 τάς
2554 2780 2716 2849 εὐχάς
2739 2796 2853 2841 σου,
2895 2779 2989 2831 καὶ
3014 2775 3332 2830 ὲπικὰλεσαί
3369 2793 3433 2846 με
3460 2778 3516 2828 ὲν
3539 2777 3724 2848 ἡμέρᾳ

2155 2873 2403 2943 θλίψεως,
2443 2875 2536 2927 καὶ
2579 2871 2870 2942 ὲξελοῦμαί
2896 2889 2976 2934 σε,
3007 2872 3099 2923 καὶ
3140 2868 3383 2934 δοξάσεις
3419 2888 3503 2940 με.
3538 2889 3557 2922 ι
3609 2871 3725 2923 Καὶ

2153 2966 2312 3018 πάλιν
2331 2983 2344 2995 ·
2383 2985 2400 3016 ι
2441 2967 2707 3035 Ἔπαρσις
2731 2962 2838 3015 τῶν
2873 2961 3068 3033 χειρῶν
3091 2979 3188 3031 μου
3207 2961 3362 3014 θυσία
3385 2962 3660 3032 ὲσπερινή.
3695 2979 3716 3010 ρ

2153 3057 2264 3110 Kal
2292 3053 2464 3119 αὖθις·
2513 3075 2531 3106 ι
2578 3055 2746 3108 Θυσία
2786 3053 2864 3124 τῷ
2905 3053 3023 3124 Θεῷ
3069 3052 3284 3122 πνεῦμα
3325 3050 3725 3125 συντετριμμέ-

2153 3166 2265 3202 νον.
2301 3168 2318 3198 ›
2353 3146 2533 3201 Ταῦτα
2562 3146 2625 3217 δὴ
2649 3143 2740 3199 οῦν
2773 3145 2966 3210 πάντα,
3015 3143 3074 3208 ἐξ
3107 3144 3296 3206 αἰῶνος
3323 3143 3723 3212 τεθεσπισμένα

2153 3240 2240 3296 διὰ
2265 3240 2364 3310 τῆς
2388 3238 2747 3307 εὐαγγελικῆς
2779 3236 2871 3289 τοῦ
2895 3237 3146 3307 Σωτῆρος
3168 3235 3322 3306 ήμῶν
3350 3232 3720 3296 διδασκαλίας,

2154 3329 2293 3383 κατά
2325 3331 2414 3381 τὸν
2447 3329 2687 3398 παρόντα
2733 3327 2920 3398 καιρὸν
2952 3328 3086 3400 πρὸς
3128 3327 3381 3380 ἁπάντων
3413 3327 3520 3378 τῶν
3549 3325 3723 3378 ἐθνῶν

2152 3421 2468 3482 ὲκτελεῖται,
2496 3421 2750 3490 ἀληθείας
2779 3418 3258 3490 ὲπιμαρτυῳύσης
3290 3422 3355 3489 τῇ
3406 3419 3722 3490 προφητικῇ

2152 3515 2322 3582 φωνῇ,
2345 3509 2509 3584 δι’ἦς,
2545 3511 2642 3574 τὰς
2671 3511 2810 3565 κατὰ
2833 3510 3066 3564 Μωῦσέα
3099 3509 3283 3573 θυσίας
3304 3511 3332 3561 6
3362 3509 3491 3572 Θεὸς
3521 3525 3724 3580 παραι-

2149 3604 2471 3674 τησάμενος,
2498 3604 2559 3656 τὸ
2599 3603 2788 3674 μέλλον
2826 3601 3044 3655 ἔσεσθαι
3071 3601 3190 3654 καθ’
3230 3603 3374 3672 ἡμᾶς
3402 3601 3597 3664 αὐτοὺς
3629 3601 3724 3654 θε-

2153 3691 2360 3757 σπίζει,
2413 3693 2625 3761 λέγων·
2681 3711 2699 3743 ι
2747 3693 2891 3745 Διότι
2946 3691 3054 3744 ἀπὸ
3104 3689 3376 3744 ἀνατολῶν
3425 3689 3573 3759 ἡλίου
3623 3689 3720 3741 καὶ

2154 3783 2313 3855 μέχρι
2367 3783 2584 3855 δυσμῶν
2639 3785 2700 3837 τὸ
2751 3782 2922 3854 ὄνομά
2977 3800 3077 3854 μου
3127 3781 3436 3845 δεδόξασται
3497 3783 3555 3834 ὲν
3604 3783 3718 3843 τοῖς

2149 3875 2345 3941 ἔθνεσι,
2383 3878 2477 3930 καὶ
2510 3879 2566 3930 ὲν
2602 3877 2763 3930 παντὶ
2807 3876 2956 3947 τόπῳ
2991 3875 3237 3946 θυμίαμα
3271 3874 3599 3944 προσάγεται
3635 3872 3719 3943 τῷ

2147 3968 2366 4038 ὀνόματί
2397 3985 2518 4038 μου,
2553 3969 2646 4020 καὶ
2683 3967 2842 4020 θυσία
2870 3966 3102 4037 καθαρά.
3141 3985 3158 4016 ›
3192 3966 3400 4036 Θύομεν
3427 3965 3563 4034 δῆτα
3605 3981 3719 4016 τοι-

2146 4058 2348 4128 γαροῦν
2371 4058 2449 4129 τῷ
2474 4059 2564 4110 ἐπὶ
2589 4059 2802 4111 πάντων
2835 4056 2951 4127 Θεῷ
2981 4055 3165 4109 θυσίαν
3193 4055 3478 4119 αἰνέσεως·
3513 4055 3715 4124 θύομεν

2144 4150 2206 4202 τὸ
2232 4149 2430 4213 ἔνθεον,
2458 4149 2550 4202 καὶ
2594 4147 2808 4219 σεμνὸν,
2840 4149 2933 4202 xal
2969 4148 3287 4219 ἱεροπρεπὲς
3315 4147 3482 4218 θῦμα·
3513 4146 3716 4216 θύομεν

2145 4241 2346 4304 καινῶς
2378 4241 2518 4294 κατά
2549 4241 2646 4311 τὴν
2677 4241 2883 4312 Καινὴν
2911 4240 3182 4310 Διαθήκην
3215 4240 3310 4309 τὴν
3342 4238 3585 4310 καθαρὰν
3619 4238 3718 4291 θυ-

2147 4332 2284 4384 σίαν.
2337 4350 2356 4383 ι
2392 4331 2562 4385 Θυσία
2589 4331 2645 4384 δὲ
2673 4330 2750 4402 τῷ
2777 4330 2894 4402 Θεῷ
2940 4330 3155 4400 πνεῦμα
3190 4329 3646 4400 συντετριμμένον
3687 4347 3708 4381 ι

2144 4422 2390 4492 εἴρηταιο
2437 4441 2454 4474 ι
2489 4423 2712 4492 καρδίαν
2755 4422 2886 4491 γοῦν
2925 4421 3386 4493 συντετριμμένην
3420 4421 3515 4472 καὶ
3546 4435 3712 4474 τεταο

473 4519 663 4578 gentes
705 4509 759 4562 in
795 4510 1049 4580 praesenti
1093 4517 1336 4580 tempore
1383 4513 1669 4582 perspicue
1713 4511 2038 4567 celebratur.

2151 4511 2483 4582 πεινωμένην
2526 4515 2554 4565 6
2581 4512 2714 4575 Θεὸς
2745 4513 2844 4566 οὐκ
2889 4510 3252 4578 ὲξουδενώσει.
3298 4531 3316 4563 ι
3351 4513 3460 4564 Kal
3502 4511 3566 4581 δὴ
3611 4511 3714 4565 καὶ

474 4601 645 4657 Porro
671 4602 770 4657 has
795 4617 988 4658 rursus
1024 4603 1373 4673 incorporeas
1397 4604 1858 4674 intelligentiaque
1897 4619 2040 4673 prae-

469 4693 616 4750 ditas
647 4695 854 4750 hostias
890 4695 1203 4765 prophetica
1234 4698 1490 4751 nuntiant
1513 4697 1757 4756 oracula.
1791 4696 1871 4752 sic
1902 4712 2040 4766 quo-

472 4787 598 4841 dam
630 4787 749 4840 loco
775 4787 1070 4841 habentia:
1112 4806 1130 4838 ‹
1167 4787 1388 4843 lmmola
1416 4787 1526 4844 Deo
1561 4788 1888 4844 sacriﬁcium
1921 4789 2039 4843 lau-

472 4878 579 4935 dis.
603 4885 656 4931 et
698 4877 862 4932 redde
903 4877 1182 4934 Altissimo
1213 4889 1335 4935 vota
1381 4892 1491 4943 tua,
1523 4888 1576 4934 et
1617 4881 1808 4934 invoca
1853 4896 1938 4935 me
1979 4881 2036 4935 in

469 4969 559 5024 die
614 4969 1002 5034 tribulationis,
1064 4979 1120 5026 et
1185 4989 1372 5027 eruam
1443 4982 1526 5036 te,
1601 4981 1656 5028 et
1705 4972 2038 5042 gloriﬁcabis

470 5076 558 5115 me
573 5061 638 5115 ".
682 5081 702 5114 ›
737 5061 802 5114 Et
827 5079 1049 5119 rursus:
1080 5083 1098 5116 ι
1137 5065 1378 5121 Elevatio
1404 5081 1662 5119 manuum
1693 5080 1932 5119 mearum
1951 5081 2041 5121 sa-

467 5150 734 5205 criﬁcium
763 5156 1126 5221 vespertinum
1140 5156 1204 5208 ³⁷.
1242 5175 1261 5207 ι
1289 5157 1420 5208 ltem
1447 5155 1611 5208 alibi:
1649 5173 1667 5206 ι
1701 5152 2038 5208 Sacriﬁcium

469 5239 601 5308 Deo,
634 5244 855 5312 spiritus
879 5247 1224 5302 contritus”.
1249 5267 1266 5298 ι
1295 5245 1419 5300 Hmc
1437 5245 1598 5316 igitur
1615 5247 1950 5316 omnia,qu:e
1969 5247 2038 5302 ab

468 5333 624 5386 initio
649 5334 908 5394 divinitus
939 5339 1198 5408 praedicta
1234 5346 1385 5403 sunt,
1415 5337 1467 5390 in
1509 5338 1762 5407 przesenti
1794 5346 2038 5406 tempore

465 5441 562 5496 per
603 5429 964 5498 evangelicam
1008 5431 1308 5484 Salvatoris
1356 5429 1528 5484 nostri
1581 5431 1886 5484 doctrinam
1919 5429 2028 5500 40

465 5520 536 5574 ab
567 5521 819 5578 omnibus
851 5523 1104 5592 gentibus
1133 5522 1498 5588 celebrantur,
1546 5523 1872 5594 prophetica:
1904 5524 2023 5578 voci

535 5614 582 5646 ³⁹
605 5613 750 5671 Psal.
792 5633 992 5678 χχιιι,
1027 5618 1145 5672 2-4.
1221 5618 1264 5649 ⁸¹
1318 5617 1452 5673 Ibid.
1487 5618 1601 5671 7-9.

464 5683 508 5716 "‘
551 5685 695 5740 Psal.
737 5704 864 5740 nix
889 5727 902 5749 ,
942 5689 1122 5760 ΗΑΒ.
1199 5690 1241 5720 ³⁷
1274 5688 1417 5744 Psal.
1457 5704 1578 5749 CXL,
1621 5690 1676 5743 ξ’..

1683 5619 1724 5649 ³⁸
1757 5619 1893 5673 Ibid.
1932 5621 2017 5672 10.
2094 5618 2137 5649 ³³
2171 5617 2314 5672 Psal.
2375 5633 2514 5685 ml,
2551 5617 2602 5674 5.

1752 5690 1796 5720 ³⁸
1820 5688 1963 5741 Psal.
1994 5705 2046 5746 ι..
2079 5689 2131 5741 9.

539 5782 615 5851 (Ι)
639 5780 802 5837 Forte
837 5783 1115 5850 legendum
1155 5782 1307 5845 ὅλους
1331 5785 1410 5838 vel
1441 5782 1594 5846 ὅλως.
1628 5782 1781 5837 Enn.
1825 5781 2062 5837 ΡΑτειυι..

2147 4604 2425 4675 θυμιῶμεν
2469 4604 2528 4656 τὸ
2571 4593 2901 4676 προφητικὸν
2944 4602 3213 4674 θυμίαμα,
3265 4604 3322 4655 ὲν
3355 4603 3516 4655 παντὶ
3559 4601 3715 4672 τόπῳ

2146 4696 2599 4770 προσκομίζοντες
2629 4696 2776 4766 αὐτῷ
2807 4694 2896 4748 τὸν
2936 4693 3108 4764 εὐώδη
3150 4694 3360 4766 καρπὸν
3401 4694 3500 4765 τῆς
3531 4709 3710 4748 πανα-

2148 4793 2300 4863 ρέτου
2339 4789 2634 4858 θεολογίας,
2672 4788 2760 4841 δια
2805 4786 2913 4840 τῶν
2948 4787 3084 4858 πρὸς
3106 4787 3268 4840 αὐτὸν
3299 4786 3472 4856 εὐχῶν
3500 4785 3708 4856 ἀναφέ-

2145 4899 2346 4954 ροντες.
2384 4880 2552 4934 Τοῦτό
2588 4897 2670 4933 τοι
2713 4877 2804 4932 καὶ
2847 4877 3000 4942 ἄλλος
3048 4877 3286 4931 διδάσκει
3325 4878 3631 4948 προφήτης,
3677 4879 3708 4930 6

2144 4973 2343 5043 φήσαςο
2374 4991 2392 5023 ι
2417 4969 2704 5041 Γενηθήτω
2725 4971 2758 5039 ή
2774 4968 3045 5038 προσευχὴ
3077 4985 3178 5038 μου
3205 4967 3280 5030 ὡς
3307 4966 3554 5038 θυμίαμα
3579 4964 3708 5020 ὲνώ-

2140 5065 2260 5117 πιόν
2292 5081 2404 5116 σου.
2446 5082 2465 5116 ι
2497 5059 2703 5115 Οὐκοῦν
2732 5060 2825 5113 καί⁴
2853 5059 3072 5130 θύομεν,
3103 5059 3193 5112 καὶ
3227 5057 3541 5129 θυμιῶμενο
3581 5058 3709 5112 τοτὲ

2141 5157 2237 5226 μὲν
2265 5155 2362 5226 τὴν
2389 5155 2606 5226 μνήμην
2634 5151 2727 5206 τοῦ
2756 5153 2989 5223 μεγάλου
3014 5151 3270 5220 θύματος,
3305 5148 3447 5204 κατά
3466 5147 3537 5200 τά
3565 5148 3707 5220 πρὸς

2135 5248 2297 5302 αὐτοῦ
2325 5245 2694 5318 παραδοθέντα
2729 5245 3001 5316 μυστήρια
3042 5240 3434 5304 ἐπιτελοῦντες,
3474 5241 3569 5292 καὶ
3605 5240 3706 5307 τὴν

2136 5338 2276 5408 ὑπὲρ
2305 5336 2576 5408 σωτηρίας
2601 5337 2754 5406 ήμῶν
2784 5334 3128 5406 εὐχαριστίαν
3157 5333 3222 5386 δι’
3247 5330 3484 5384 εὐσεϐῶν
3516 5329 3705 5400 ὓμνων

2134 5448 2190 5482 τε
2224 5429 2317 5483 καὶ
2356 5429 2529 5498 εὐχῶν
2556 5428 2632 5500 τῷ
2671 5428 2788 5499 Θεῷ
2823 5424 3298 5497 προσκομίζοντεςο
3333 5423 3452 5476 τοτὲ
3477 5421 3531 5474 δὲ
3560 5423 3704 5490 σφᾶς

2133 5523 2329 5584 αὐτοὺς
2359 5523 2500 5592 ὅλῳ(
2510 5522 2555 5592 1)
2577 5519 2954 5592 καθιεροῦντες
2984 5517 3150 5587 αὐτῷ,
3181 5519 3272 5570 καὶ
3291 5514 3440 5586 τῷγε
3457 5515 3705 5584 ἀρχιερεῖ

2733 5618 2776 5649 ³³
2816 5613 2916 5672 lsa.
2959 5631 3091 5681 xxv,
3123 5615 3171 5668 1.
3277 5613 3320 5644 ³⁵
3370 5610 3502 5666 Ibid.
3579 5609 3700 5667 6,7.
