3942 6258
230 339 282 394 91
1133 325 1783 389 DEMONSTRATIONIS
1819 321 2277 382 EV'ANGELICAE
2316 321 2442 383 LIB.
2469 324 2532 380 ll.
3391 327 3463 385 98

243 456 450 526 μετεῖναι
483 453 702 522 ἔφασαν
729 451 839 509 τῶν
873 455 1000 524 παρ’
1031 453 1213 516 αὐτοῖς
1247 452 1608 523 ἀναγράπτων
1630 450 1780 517 ἐπαγ·

1900 444 2102 501 (etiam.
2139 443 2406 512 Quoniam
2455 443 2620 514 igitur
2655 441 2835 498 dicere
2865 442 3060 506 solent,
3097 457 3284 498 earum
3330 459 3461 513 prn-

239 547 443 618 γελιῶν·
496 546 680 599 αὐτῶν
712 546 822 618 γὰρ
865 547 960 599 καὶ
999 547 1123 608 τοὺς
1166 547 1443 617 προφήτας
1490 542 1791 612 γεγονέναι,

239 640 400 703 αὐτοῖς
427 637 525 692 καὶ
568 637 826 710 Χριστὸν,
857 636 914 689 ὃν
946 635 1009 706 δὴ
1053 635 1201 704 φίλον
1244 634 1536 688 ἀποκαλεῖν
1565 634 1794 702 Σωτῆρα

239 733 318 786 καὶ
341 730 615 801 λυτρωτὴν
648 727 1008 801 κηρύττεσθαι
1029 745 1040 756 ⁸
1078 729 1256 790 αὐτοῖς
1287 729 1377 780 καὶ¹
1422 727 1520 788 τὰς
1551 726 1791 795 ἀναγρά-

239 837 382 883 πτους
420 819 743 888 ὑποσχέσεις
783 816 1084 888 προσδοκᾷν
1133 815 1598 886 ἀποδοθήσεσθαι·
1643 815 1792 883 ἡμᾶς

236 912 284 966 δὲ
308 910 583 981 περιττοὺς
610 909 812 962 τούτων
846 907 1136 980 ὑπάρχειν,
1171 901 1256 960 οἷα
1286 907 1345 959 τὸ
1377 905 1531 975 γένος
1563 902 1793 972 ἀλλοφύ-

236 1001 540 1066 Ᾰωςὸντας,
578 995 660 1064 οἷς
692 999 758 1053 τά
787 1000 1031 1071 χείριστα
1074 998 1159 1052 διὰ
1203 997 1393 1052 πασῶν
1421 996 1527 1049 τῶν
1579 1012 1790 1066 προφη-

235 1093 376 1150 τιιιῖιν
401 1092 768 1156 θεσπίζεσθαι.
799 1092 940 1162 Πρὸς
983 1091 1047 1161 δὴ
1080 1086 1170 1143 οὖν
1201 1089 1392 1153 ταῦτα,
1421 1089 1574 1160 φέρε,
1610 1087 1666 1153 ἐξ
1697 1086 1792 1140 αὑ-

235 1187 329 1241 τῶν
365 1184 469 1238 τῶν
501 1187 632 1255 παρ’
661 1185 840 1247 αὐτοῖς
872 1181 1222 1253 προφητικῶν
1272 1181 1468 1250 βίϐλων
1515 1181 1613 1250 τήν
1658 1178 1792 1248 πρὸς

233 1279 413 1342 αὐτοὺς
439 1279 740 1346 ἀπάντησιν
791 1274 1160 1345 ποιησώμεθα.
1199 1274 1271 1326 Τὸ
1333 1274 1430 1344 μὲν
1474 1268 1567 1326 οὖν
1610 1273 1791 1334 αὐτοῖς

239 1367 553 1437 ἐπηγγέλθαι
580 1366 671 1418 τὸν
696 1363 928 1434 Χριστὸν
957 1361 1049 1416 τοῦ
1069 1361 1226 1427 Θεοῦ,
1259 1363 1352 1415 καὶ
1378 1362 1476 1430 τὴν
1504 1361 1683 1428 ἄφιξιν
1704 1359 1792 1412 αὐ-

235 1459 320 1513 τοῦ
355 1459 619 1529 λύτρωσιν
652 1458 730 1528 τῷ
770 1455 986 1526 Ἰσραὴλ
1036 1454 1341 1526 κηρύττειν,
1382 1453 1486 1506 οὐδ’
1516 1452 1580 1506 ἂν
1631 1453 1791 1522 ἡμεῖς

235 1548 470 1620 ἀρνηθείη
479 1565 597 1617 μεν,
620 1546 1058 1616 ὁμολογουμένως
1076 1543 1162 1596 διά
1180 1545 1352 1613 πάσης
1379 1542 1555 1597 αὐτῶν
1571 1542 1790 1613 Γραφῆς

235 1641 490 1712 προδήλως
519 1639 706 1691 τούτου
726 1637 1124 1709 παρισταμένου
1140 1653 1152 1664 ·
1170 1635 1260 1688 τοῦ
1280 1651 1341 1702 γε
1362 1635 1464 1705 μὴν
1482 1633 1789 1686 ἀποκλείειν

231 1733 291 1785 τά
305 1731 420 1802 ἔθνη
457 1731 566 1783 τῶν
588 1730 680 1782 ἐπὶ
705 1729 782 1799 τῷ
815 1727 1032 1800 Χριστῷ
1065 1726 1519 1797 προσδοκωμένων
1549 1723 1785 1792 ἀγαθῶν,

1896 539 2243 602 missionum,
2281 552 2401 607 quae
2433 537 2485 590 in
2517 537 2632 591 suis
2665 537 2907 607 ipsorum
2939 535 3094 591 libris
3142 544 3326 606 aperte
3360 537 3460 591 de-

1896 631 2109 701 scriptae
2143 631 2429 695 habentur,
2459 629 2612 681 nullo
2636 627 2796 682 modo
2825 644 2924 682 nos
2964 643 3084 683 esse
3109 617 3411 697 participes
3443 649 3456 683 :

1893 736 2024 775 suos
2081 722 2222 775 enim
2273 720 2443 775 fuisse
2491 721 2806 790 prophetas,
2860 720 2962 775 sibi
3017 719 3148 789 ipsis
3179 719 3458 775 Christum

1893 814 2157 877 nuntiari,
2195 827 2352 882 quem
2389 813 2619 866 libenter
2652 820 2704 866 et
2736 811 3074 866 Salvatorem
3120 821 3173 866 et
3223 809 3460 865 Redem-

1894 913 2103 976 ptorem
2131 912 2325 959 vocant
2355 924 2366 956 :
2402 904 2504 960 sibi
2534 903 2670 973 ipsis
2701 903 3097 972 promissioncs
3143 904 3286 966 i-Ilas,
3317 918 3458 973 quas

1894 1002 2079 1064 aperte
2137 993 2440 1063 descriptas
2492 994 2710 1059 habent,
2761 993 3092 1048 exhibendas
3141 1001 3302 1062 atque
3337 992 3460 1047 red-

1895 1085 2103 1140 (lendas
2119 1084 2418 1154 exspectari
2440 1103 2451 1137 :
2475 1099 2572 1139 nos
2593 1094 2771 1140 autem
2792 1085 2940 1152 justo
2965 1085 3205 1154 ipsorum
3230 1098 3461 1138 numero

1893 1191 2328 1245 supervacaneos
2359 1177 2637 1241 accedere,
2677 1184 2864 1247 utpote
2906 1177 2996 1244 qui
3040 1191 3236 1246 genere
3285 1176 3460 1230 simus

1891 1267 2132 1332 diverso,
2182 1278 2236 1322 et
2271 1269 2471 1337 quibus
2526 1270 2683 1338 quasi
2742 1278 3002 1331 externis,
3059 1268 3350 1322 deterrima
3402 1272 3459 1323 in

1893 1360 2146 1414 omnibus
2179 1360 2479 1429 prophetiis
2511 1374 2775 1430 responsa
2819 1361 2927 1414 sint
2986 1378 3000 1414 :
3042 1360 3152 1429 jam
3190 1376 3336 1415 nunc
3372 1362 3458 1416 his

1891 1452 2106 1507 obviam
2141 1467 2204 1506 ex
2233 1453 2472 1521 ipsorum
2508 1452 2840 1522 propheticis
2870 1452 3024 1508 libris
3061 1469 3270 1508 eamus.
3300 1453 3458 1518 Quod

1893 1543 2056 1612 igitur
2091 1544 2233 1613 apud
2271 1544 2389 1598 illos
2432 1545 2762 1612 promissum
2799 1552 2997 1609 exstet,
3022 1543 3298 1598 Christum
3335 1544 3454 1609 Dei,

1889 1634 2118 1704 ejusque
2172 1635 2459 1688 adventum
2510 1635 2936 1706 redemptionem
2983 1635 3148 1691 Israel
3181 1637 3453 1700 nuntiare,

1890 1728 2180 1782 inﬁciaturi
2215 1745 2280 1783 ne
2317 1745 2416 1784 nos
2441 1731 2658 1798 quidem
2696 1747 2886 1786 sumus
2915 1750 2928 1786 :
2961 1733 3160 1801 quippe
3188 1746 3310 1785 cum
3329 1731 3456 1786 abs-

229 1823 360 1877 ὤσάν
385 1824 528 1893 μόνῳ
559 1822 635 1892 τῷ
666 1820 900 1892 Ἰσραὴλ,
923 1819 1041 1888 οὐχὶ
1057 1819 1111 1870 δὲ
1144 1818 1235 1870 καὶ
1262 1819 1369 1880 τοῖς
1387 1817 1589 1868 ἔθνεσιν
1613 1818 1780 1886 ἐπηγ-

1889 1834 1998 1888 que
2030 1821 2403 1873 controversia
2467 1821 2521 1874 in
2566 1823 2820 1878 omnibus
2851 1824 3065 1877 illorum
3097 1824 3318 1894 scriptis
3353 1823 3457 1878 hoc

231 1914 506 1982 γελμένων,
529 1913 709 1965 οὐκέτι
736 1912 936 1965 δίκαιον
966 1910 1145 1970 αὐτοῖς
1182 1908 1498 1977 συγχωρεῖν,
1519 1904 1667 1975 παρά
1688 1904 1783 1974 τὴν

229 2005 325 2058 τῶν
348 2005 502 2058 θείων
533 2004 764 2076 Γραφῶν
792 2003 947 2056 τοῦτο
975 2002 1237 2068 φάσκουσι
1272 1999 1590 2070 μαρτυρίαν.

1890 1909 2065 1978 palam
2125 1910 2354 1963 inveniri
2396 1920 2610 1966 constet
2653 1932 2664 1965 :
2721 1921 2780 1966 ut
2821 1921 3000 1966 autem
3045 1921 3232 1982 gentes
3263 1913 3332 1967 ab
3363 1912 3452 1977 iis,

1891 2016 2012 2070 quae
2061 2001 2114 2056 in
2168 2002 2388 2058 Christo
2435 2013 2824 2073 exspectantur
2882 2006 3062 2068 bonis,
3111 2005 3452 2060 excludant:

231 2098 371 2168 quasi
398 2096 463 2150 ab
503 2096 572 2150 iis
603 2111 726 2164 quae
764 2094 856 2148 uni
885 2093 1071 2154 Israel,
1103 2108 1208 2145 non
1237 2099 1414 2144 autem
1446 2091 1608 2144 etiam
1643 2090 1895 2160 gentibus
1956 2095 2226 2163 promissa
2273 2105 2404 2159 sunt,
2472 2111 2579 2149 non
2643 2097 2770 2151 item
2823 2111 2976 2166 teque
3026 2097 3282 2167 justeque
3345 2097 3455 2153 illis

228 2199 304 2244 est
327 2188 728 2244 concedendum
781 2205 796 2242 :

733 2275 1126 2330 ΚΕΦΑΛΑΙΟΝ
1165 2275 1242 2328 A’.

235 2373 408 2438 Ὅπως
435 2372 507 2425 τὰ
540 2373 906 2440 χρηστότερα
947 2367 1074 2433 περὶ
1099 2364 1263 2440 ἡμῶν
1290 2363 1788 2440 τῶν-ἀλλοφύίῖων

296 2434 478 2496 ἑθίῶν
523 2434 926 2508 εἶρολαϐόντες
973 2441 1025 2490 οἱ
1071 2436 1204 2502 παρ’
1248 2434 1450 2500 αὐτοῖς
1495 2435 1786 2503 προφῆται

292 2513 630 2580 ἐκήρυττον.

282 2604 497 2676 Πρῶτον
519 2599 635 2664 οὖν,
663 2601 955 2672 ἐπειδήπερ
985 2598 1135 2652 αὐτοὶ
1156 2597 1254 2658 τὰς
1284 2596 1422 2666 ὑπὲρ
1442 2595 1618 2648 αὐτῶν
1647 2613 1782 2667 χρη-

227 2696 467 2767 στοτέρας
496 2693 676 2763 φωνὰς
703 2691 1054 2760 ἀναλέγεσθαι
1081 2688 1319 2752 εἰώθασι,
1346 2689 1439 2741 καὶ
1464 2688 1666 2751 ταύτας
1691 2687 1777 2741 διὰ

227 2787 477 2859 πόματος
527 2783 1028 2855 ἀπομνημονεύειν,
1087 2779 1543 2851 ἀντιπαραθῶμεν
1596 2781 1777 2842 αὐτοῖς

223 2879 311 2942 τὰς
335 2878 458 2950 περὶ
486 2877 594 2930 τῶν
632 2874 802 2927 ἐθνῶν
830 2873 889 2937 ἐξ
918 2872 1093 2925 αὐτῶν
1122 2871 1231 2923 τῶν
1265 2869 1608 2944 προφητειῶν
1643 2871 1777 2922 ἀπο-

223 2968 421 3032 δείξεις,
450 2964 820 3038 παριστώσας,
841 2963 914 3027 ὡς
943 2963 1049 3034 ἀρα
1081 2961 1269 3033 μυρίαι
1299 2963 1419 3014 ὅσαι
1445 2961 1776 3030 προρρήσεις

227 3057 389 3124 ἀγαθά
411 3051 519 3105 καὶ
539 3055 782 3126 σωτήρια
814 3055 944 3106 πᾶσι
973 3056 1088 3116 τοῖς
1122 3051 1326 3104 ἔθνεσιν
1357 3049 1658 3114 ἐθέσπιζον,
1684 3050 1776 3102 καὶ

229 3148 292 3211 ὼς
316 3148 414 3201 οὐδ’
448 3148 620 3209 ἄλλως
671 3146 904 3214 ἔφασκον
947 3143 1465 3214 ἀποτελεσθήσεσθαι
1497 3143 1562 3195 τὰ
1608 3143 1780 3212 ἐπηγ-

229 3237 442 3305 γελμένα
470 3240 580 3299 τοῖς
625 3235 832 3289 ἒθνασιν
864 3234 896 3306 ῆ
935 3233 1021 3286 διὰ
1066 3233 1227 3302 μόνης
1275 3232 1374 3302 τῆς
1417 3231 1510 3283 τοῦ
1545 3230 1777 3302 Χριστοῦ

229 3329 529 3400 παρουσίας.
566 3329 866 3397 Στήσαντες
895 3326 952 3379 δὲ
989 3324 1218 3378 ἐνταῦθα
1250 3325 1340 3377 τὸν
1381 3324 1556 3392 λόγον,
1584 3323 1778 3376 ἀποδε-

230 3417 444 3487 δειχότες
469 3418 534 3471 ἂν
555 3417 766 3487 εἴημεν,
794 3417 869 3479 ὼς
887 3416 948 3469 οὒ
981 3416 1177 3488 μᾶλλον
1202 3418 1423 3478 ἐκείνοις
1449 3416 1610 3484 φάναι
1642 3415 1778 3484 χρῆν

227 3512 256 3580 ἢ
279 3514 400 3580 ἡμῖν
426 3511 523 3582 τὴν
555 3512 646 3562 ἐπὶ
673 3511 764 3563 τὸν
785 3508 1015 3578 Χριστὸν
1041 3508 1134 3561 τοῦ
1163 3505 1298 3561 Θεοῦ
1325 3506 1648 3578 προσδοκίαν
1681 3508 1780 3578 ἀρ-

235 3602 447 3670 μόττειν.
507 3599 814 3672 Ἰσορρὀου
865 3598 921 3651 δὲ
964 3597 1234 3659 Ἰουδαίοις
1275 3597 1370 3649 καὶ
1419 3595 1640 3666 Ἕλλησι
1679 3597 1778 3665 τῆς

230 3691 322 3743 τῶν
351 3692 768 3763 ἐπηγγελμένων
812 3689 1020 3752 ἐλπίδος
1063 3688 1487 3759 ἀποδειχθείσης,
1532 3687 1605 3750 ὡς
1638 3686 1779 3740 κατὰ

228 3785 367 3838 τοῦτο
399 3785 564 3856 μηδὲν
608 3785 716 3836 τῶν
755 3785 818 3835 ἐκ
851 3781 1148 3853 περιτομῆς
1189 3780 1465 3833 λείπεσθαι
1506 3782 1629 3843 τοὺς
1669 3780 1778 3832 ἀπὸ

228 3876 319 3930 τῶν
342 3875 508 3930 ἐθνῶν
530 3876 618 3929 διὰ
642 3872 875 3946 Χριστοῦ
912 3872 1340 3943 σωθησομένους,
1364 3873 1428 3924 ἐκ
1462 3871 1776 3940 περιουσίας

229 3967 340 4038 ἑξῆς
370 3967 678 4038 ἐλέγξομεν,
717 3967 792 4029 ὡς
827 3965 918 4018 ἐπὶ
947 3963 1040 4017 τοῦ
1085 3963 1321 4036 Χριστοῦ
1358 3964 1646 4035 παρουσίᾳ,
1681 3962 1776 4014 καὶ

228 4063 281 4130 τῇ
308 4060 408 4114 τῶν
437 4059 605 4112 ἐθνῶν
647 4058 857 4128 κλήσει,
884 4058 1196 4110 ἀπόπτωσιν
1233 4055 1468 4126 παντελῆ
1501 4057 1594 4107 καὶ
1640 4056 1775 4107 ἀπο-

229 4152 368 4224 ὣλὴν
394 4152 488 4206 τοῦ
525 4153 722 4214 παντὸς
764 4149 1027 4204 Ἰουδαίων
1063 4150 1246 4213 ἔθνους
1275 4149 1345 4202 τὰ
1373 4151 1489 4202 θεῖα
1535 4165 1774 4219 προανα-

227 4249 374 4314 φωνεῖ
414 4246 588 4314 λόγια,
622 4245 845 4315 βραχέσι
873 4244 1051 4314 μόνοις
1093 4242 1268 4296 αὐτῶν
1306 4243 1399 4294 καὶ
1442 4239 1657 4312 ἀριθμῷ
1683 4239 1778 4309 λη-

226 4340 359 4400 πτοίς
389 4338 457 4390 τὰ
501 4338 838 4408 χρηστότερα
878 4335 1218 4398 θεσπίζοντα,
1263 4334 1357 4386 καὶ
1397 4333 1472 4396 ὡς
1511 4333 1774 4386 ἁλώσεται

851 2194 1032 2254 utpote
1061 2201 1183 2238 cum
1216 2185 1318 2238 hoc
1351 2183 1426 2235 illi
1457 2193 1654 2253 praeter
1686 2184 1995 2239 divinorum
2022 2186 2284 2241 librorum
2309 2189 2687 2242 auctoritatem
2717 2187 2946 2255 jartent.

2444 2279 2555 2352 44
2587 2277 2814 2333 CAPUT
2851 2277 2891 2335 1.

1889 2365 2341 2437 Quemadmodum
2389 2369 2609 2422 meliora
2657 2367 2720 2429 de
2764 2369 2911 2421 nobis
2945 2370 3173 2421 externis
3213 2368 3452 2437 gentibus

1985 2435 2262 2505 Propheta:
2288 2438 2502 2492 illorum
2528 2449 2650 2492 ante
2674 2439 2930 2490 venientes
2961 2435 3351 2491 nuntiaverunt.

1955 2591 2199 2647 Primum
2251 2594 2435 2664 igitur,
2488 2595 2747 2664 quoniam
2794 2611 2892 2666 pro
2944 2595 3140 2665 seipsis
3196 2596 3452 2649 meliores

1882 2685 2348 2754 optaliilioresque
2377 2701 2536 2741 voces
2557 2689 2814 2755 colligere
2844 2687 3040 2751 solent,
3078 2695 3132 2741 et
3160 2703 3254 2742 eas
3308 2688 3452 2742 assi-

1883 2778 1989 2834 due
2018 2779 2322 2849 crebroque
2375 2779 2606 2847 jactare,
2639 2781 2791 2834 hisce
2815 2795 3158 2850 opponamus
3185 2797 3302 2845 eas,
3331 2799 3453 2853 qua:

1882 2870 1940 2924 in
1973 2871 2190 2925 illorum
2223 2871 2523 2940 prophetiis
2556 2880 2772 2926 exstant
2819 2872 2885 2927 de
2925 2873 3175 2943 gentibus
3224 2873 3451 2929 demon-

1879 2966 2195 3025 strationes,
2256 2979 2376 3033 qua:
2434 2965 2609 3033 palam
2661 2973 2994 3034 proponunt,
3032 2965 3450 3021 innumerabilia

1881 3072 2000 3112 esse
2018 3057 2297 3119 vaticinia,
2323 3057 2520 3125 quibus
2548 3057 2687 3110 bona
2709 3069 2762 3111 et
2795 3058 3055 3111 salutaria
3085 3059 3298 3112 cunctis
3320 3075 3446 3128 gen-

1881 3149 2027 3204 tibus
2058 3147 2241 3202 l‘utura
2287 3149 2660 3202 nuntientur:
2710 3163 2810 3202 nec
2857 3150 3015 3204 aliter
3060 3148 3313 3204 dicantur
3363 3165 3449 3216 ea,

1879 3255 1999 3310 quae
2030 3240 2280 3308 gentibus
2322 3239 2592 3308 promissa
2638 3248 2786 3304 sunt,
2838 3239 3044 3293 exitum
3088 3255 3230 3304 esse,
3283 3255 3449 3309 quam

1879 3349 1976 3402 per
2003 3347 2172 3386 unum
2218 3331 2419 3386 Christi
2451 3331 2742 3386 adventum
2778 3331 3052 3386 habitura.
3101 3332 3271 3399 Quem
3326 3334 3451 3403 qui-

1879 3424 1998 3479 dem
2057 3424 2236 3479 locum
2291 3423 2380 3478 ubi
2439 3423 2670 3478 dicendo
2710 3424 3130 3486 absolverimus,
3169 3435 3281 3478 tum
3313 3425 3447 3478 illud

1879 3514 2037 3568 nobis
2067 3512 2556 3568 demonstrandum
2596 3513 2720 3576 erit,
2755 3529 2862 3566 non
2893 3513 3003 3567 illis
3037 3515 3231 3583 magis,
3261 3517 3448 3569 dicen-

1880 3605 2005 3658 dum
2037 3621 2180 3668 esse,
2203 3605 2671 3674 exspectationem
2721 3603 2929 3659 Christi
2982 3603 3075 3659 Dei
3130 3607 3444 3669 convenire,

1878 3711 2041 3766 quam
2093 3696 2275 3750 nobis.
2325 3693 2426 3750 Ubi
2472 3710 2600 3750 vero
2652 3711 2775 3764 spes
2829 3696 3246 3764 promissorum,
3301 3701 3448 3766 paris

1877 3788 2136 3842 momenti
2166 3793 2221 3842 et
2249 3786 2451 3841 Judaais
2483 3795 2538 3841 et
2568 3785 2772 3840 Graecis
2803 3795 3025 3840 ostensa
3065 3786 3250 3851 fuerit,
3280 3789 3448 3858 quod-

1877 3895 1983 3949 que
2014 3879 2067 3932 in
2111 3879 2235 3942 hoc,
2271 3879 2337 3932 iis
2383 3883 2479 3948 qui
2528 3894 2595 3932 ex
2647 3877 3083 3934 Circumcisione
3129 3881 3444 3934 assumendi

1877 3971 2007 4033 sint,
2041 3970 2178 4024 nihil
2208 3971 2245 4024 ii
2277 3971 2370 4040 qui
2406 3985 2471 4026 ex
2513 3969 2765 4040 gentibus
2812 3971 3042 4025 salutem
3099 3981 3442 4042 elspectant,

1876 4061 1988 4116 sint
2025 4063 2342 4116 concessuri
2379 4081 2391 4116 :
2427 4070 2539 4115 tum
2586 4062 2640 4116 in
2692 4063 2778 4125 iis,
2826 4078 2946 4133 qua:
2975 4073 3272 4132 sequentur
3314 4065 3447 4120 ube-

1874 4153 2013 4219 rius,
2046 4161 2101 4209 et
2129 4155 2286 4222 quasi
2316 4155 2470 4223 copia
2509 4155 2742 4225 quadam
2773 4155 3012 4226 provecti
3041 4157 3444 4212 demonstrabi-

1875 4262 2017 4310 mus,
2041 4246 2496 4317 quemadmodum
2528 4247 2582 4300 in
2621 4248 2853 4301 adventu
2905 4247 3132 4312 Christi,
3179 4251 3446 4318 gentium-

1875 4352 1982 4406 que
2029 4337 2335 4401 vocatione,
2389 4352 2643 4392 casuram
2713 4338 2930 4407 penitus
2969 4345 3250 4408 totamque
3305 4338 3443 4408 abji-

227 4429 386 4481 αὐτῶν
409 4432 443 4500 ἡ
470 4430 624 4491 πόλις
652 4427 800 4498 αὐτῷ
822 4427 979 4499 ἱερῷ-
1011 4428 1185 4480 πάντα
1211 4442 1270 4478 τε
1298 4425 1366 4477 τά
1398 4426 1570 4495 σεμνά
1592 4422 1776 4477 καθαι-

1883 4429 2122 4485 ciendam
2143 4444 2264 4485 esse
2279 4427 2590 4482 Iudaeorum
2616 4430 2912 4491 nationem,
2934 4428 3118 4482 divina
3139 4429 3444 4498 praedicunt

230 4520 534 4592 ρεθήσεσθαι
572 4520 849 4592 δηλοῦντα,
889 4519 925 4573 ἃ
957 4521 1049 4572 καὶ⁵
1091 4517 1270 4588 ἔργοις
1313 4517 1518 4588 πέφηνε
1547 4515 1776 4586 δεδηλω-

232 4613 368 4680 μένα.
394 4614 518 4677 Πῶς
556 4613 599 4666 δ’
630 4613 718 4682 ὑφ’
751 4613 807 4665 ἓν
841 4612 933 4665 καὶ
976 4610 1119 4664 κα.τά
1149 4610 1209 4662 τὸ
1252 4609 1382 4662 αὐτὸ
1416 4610 1508 4662 ἐπὶ
1538 4608 1637 4678 τῆς
1682 4607 1774 4660 τοῦ

228 4705 442 4775 Χριστοῦ
472 4705 770 4776 παρουσίας
799 4704 1063 4775 λύτρωσιν
1097 4702 1280 4755 κακῶν
1303 4700 1382 4771 τῷ
1419 4700 1652 4771 Ἰσραὴλ,
1683 4700 1774 4752 καὶ

229 4801 424 4867 ἀγαθῶν
453 4800 770 4860 ἀπόλαυσιν,
799 4798 1030 4869 ἔμπαλίν
1054 4814 1111 4850 τε
1141 4797 1391 4867 στέρησιν
1419 4794 1656 4863 ἀγαθῶν,
1681 4795 1775 4848 καὶ⁹

229 4891 522 4944 ἀπόπτωσιν
566 4892 666 4959 τῆς
713 4890 806 4942 τοῦ
839 4887 972 4942 Θεοῦ
1023 4887 1301 4950 εὐσεϐείας
1337 4887 1679 4951 θεσπίζουσιν
1724 4889 1772 4939 οἱ

231 4983 346 5052 ἱεροὶ
367 4985 536 5052 λόγοι,
564 4984 704 5036 κατά
734 4981 824 5036 τὸν
867 4983 1206 5056 προσήκοντα
1240 4980 1432 5051 καιρὸν
1473 4979 1774 5051 διευκρινή-

233 5089 390 5143 σομεν.
431 5074 580 5137 Τέως
618 5073 673 5126 δὲ
696 5073 938 5142 ἐπίωμεν
983 5073 1075 5124 ἐπὶ
1100 5072 1160 5124 τὸ
1206 5071 1440 5143 πρῶτον,
1465 5070 1617 5138 ὀλίγα
1650 5070 1772 5124 τινὰ

231 5167 296 5227 είς
325 5165 592 5230 ἀπόδειξιν
626 5165 734 5218 τῶν
771 5164 1072 5236 εἰρημένων
1100 5163 1206 5216 ἀπὸ
1243 5164 1448 5234 μυρίων
1473 5162 1610 5214 ὅσων
1641 5179 1774 5232 προ-

230 5260 440 5329 φητειῶν
473 5257 880 5328 ἀναλεξάμενοι.
920 5257 1072 5309 Ἐπεὶ
1105 5255 1279 5308 τοίνυν
1307 5255 1457 5307 αὐτοὶ
1487 5255 1613 5325 περὶ
1650 5256 1774 5308 ἐαυ-

229 5350 318 5404 τῶν
370 5351 741 5423 χρηστοτέρας
804 5349 1139 5420 προφητείας
1195 5347 1588 5418 προϐάλλεσθαι
1641 5349 1772 5418 ἡμῖν

228 5440 490 5504 εἰώθασιν,
541 5441 689 5492 ὼσάν
743 5439 924 5502 αὐτοῖς
989 5438 1169 5507 μόνοις
1221 5437 1610 5508 ὑπεσχημένων
1663 5437 1772 5490 τῶν

227 5531 700 5606 προῢπηργμένων,
729 5530 848 5601 ὥρα
871 5531 962 5583 καὶ
995 5531 1142 5601 ἡμᾶς
1172 5530 1651 5600 ἀντιπαραγαγεῖν,
1677 5529 1772 5580 καὶ

224 5628 496 5682 ἀντιθεῖναι
525 5627 709 5689 αὐτοῖς
749 5624 846 5688 τάς
878 5624 1005 5695 περὶ
1048 5623 1155 5676 τῶν
1209 5623 1377 5677 ἐθνῶν
1419 5622 1767 5690 ἐπαγγελίας,

225 5711 311 5775 ὧδέ
335 5737 448 5782 πως
478 5719 630 5790 παρά
665 5718 779 5779 τοῖς
805 5714 981 5769 αὐτῶν
1013 5716 1316 5786 προφήταις
1340 5714 1661 5784 φερομένας.

1878 4525 2099 4579 oracula
2130 4543 2144 4578 :
2176 4532 2230 4578 et
2277 4523 2418 4592 quod
2452 4525 2642 4594 paucis
2672 4526 2934 4579 duntaxat
2971 4525 3236 4594 ipsorum,
3287 4535 3340 4579 et
3371 4525 3444 4578 ia-

1877 4615 1980 4669 cile
2029 4614 2483 4678 numerabilibus,
2545 4617 2770 4670 meliora
2819 4616 2910 4668 illa
2945 4617 3294 4684 promittunt,
3328 4618 3445 4670 illo-

1875 4720 2107 4774 rumque
2156 4707 2348 4761 urbem
2405 4706 2737 4777 signiﬁcant,
2773 4721 2880 4758 una
2914 4722 3037 4760 cum
3083 4708 3287 4775 templo
3319 4723 3441 4763 esse

1876 4796 2218 4866 capiendam,
2279 4807 2587 4867 cunctaque
2631 4797 2722 4850 illa
2777 4798 3100 4852 severiorem
3153 4799 3438 4866 quemdam

1875 4888 2206 4959 postulantia
2233 4889 2464 4953 cultum,
2494 4887 2806 4943 auferenda.
2837 4887 2991 4953 Quod
3017 4888 3234 4958 quidem
3261 4889 3439 4958 ipsum

1870 4977 1983 5047 jam
2019 4979 2197 5048 reipsa
2224 4995 2348 5034 vere
2365 4980 2680 5050 praedictum
2707 4979 2874 5033 fuisse
2889 4988 3129 5048 apparet.
3157 4978 3441 5044 Quomodo

1875 5083 2006 5122 vero
2040 5085 2145 5122 una
2191 5070 2490 5139 eademque
2535 5071 2754 5123 ratione
2805 5070 2856 5122 in
2915 5070 3035 5138 ipso
3093 5069 3298 5122 Christi
3352 5070 3444 5124 ad-

1873 5168 2061 5222 ventu,
2107 5161 2480 5214 liberationem
2515 5176 2544 5213 a
2575 5161 2734 5215 malis
2781 5160 2886 5229 ipsi
2915 5159 3102 5224 lsrael,
3136 5161 3439 5214 bonorum-

1873 5266 1979 5320 que
2034 5253 2458 5322 perceptionem,
2491 5260 2545 5306 et
2591 5268 2784 5307 rursus
2812 5253 3080 5304 bonorum
3132 5253 3436 5321 ademptio-
3503 5261 3520 5263 “

1872 5359 2019 5406 nem,
2073 5346 2396 5414 ruinamque
2441 5345 2720 5414 religionis
2765 5344 3028 5407 futuram,
3078 5342 3227 5396 Libri
3264 5342 3437 5396 sancti

1874 5435 2201 5504 significent,
2255 5452 2354 5492 suo
2399 5445 2640 5507 tempore
2674 5437 2895 5505 planum
2947 5434 3229 5490 faciemus.
3283 5432 3439 5487 Nunc

1875 5534 2052 5582 autem
2099 5529 2165 5582 ad
2207 5531 2441 5598 primum
2480 5539 2838 5594 revertemur,
2893 5528 2938 5584 si
2985 5542 3158 5598 pauca
3189 5527 3437 5596 quaedam

1872 5633 1940 5672 ex
1991 5619 2480 5675 innumerabilibus
2524 5620 2848 5690 pr0phetiis,
2892 5619 2959 5673 ad
3011 5615 3437 5674 demonstranda

1872 5728 1960 5776 ea,
1989 5727 2107 5782 qua:
2150 5711 2296 5767 dicta
2345 5724 2491 5778 sunt,
2542 5713 2941 5784 collegerimus.
2980 5711 3244 5776 Quoniam
3275 5709 3439 5778 igitur

225 5830 323 5884 eas,
353 5831 475 5891 qua:
507 5815 767 5873 meliores
795 5810 1064 5867 habentur
1083 5810 1149 5867 de
1187 5809 1384 5882 seipsis
1411 5809 1750 5882 prophetias,
1787 5806 1948 5864 nobis
2004 5807 2181 5865 solent
2214 5807 2474 5879 ohjicere,
2512 5817 2769 5878 tanquam
2803 5807 2862 5872 ii,
2890 5807 2981 5878 qui
3011 5820 3093 5870 ea,
3136 5818 3256 5874 quae
3279 5811 3438 5855 ante-

1485 5929 1505 5954 δ,
