3942 6258
440 302 514 359 99
1086 295 1355 354 EUSEBII
1392 295 1874 354 CAESARiENSlS
1908 294 2059 356 OPP.
2102 299 2282 358 PARS
2319 299 2385 357 11.
2412 333 2479 342 --
2517 299 3016 356 APOLOGE’l‘lCA.

3586 301 3686 356 100

444 414 711 473 cesserint
731 414 990 470 beneﬁcia
1015 415 1116 469 soli
1145 415 1507 485 susceperint,
1533 423 1748 485 tempus
1767 416 1880 485 jam
1903 425 2009 482 est,
2038 425 2231 472 contra
2248 418 2375 475 illos
2392 419 2683 483 adducere,
2706 418 2921 488 illisque
2974 431 3248 488 opponere
3264 434 3349 483 ea,
3399 434 3520 488 quae
3552 417 3688 488 ipsis

445 522 663 579 quoque
689 507 945 576 gentibus
968 506 1241 576 promissa
1267 515 1419 574 sunt,
1443 523 1564 579 quae
1587 508 1842 564 videlicet
1866 509 2008 578 apud
2041 508 2331 582 prophetas
2369 512 2612 582 ipsorum
2648 512 2919 567 feruntur.
2972 508 3087 564 lloc
3116 519 3298 565 autem
3344 511 3424 565 sic
3467 510 3580 566 tiet.

377 616 383 621 I
444 640 609 717 451.
646 643 689 696 Α
706 639 1440 726 βαηεεὶἰ-ρςιειςεαᾱιηοάαίῃ
1458 640 1820 726 benedicentur
1837 651 2012 711 gentes

2127 649 2192 701 Al.
2240 646 2377 726 ςΑςεῤ
2409 645 2545 726 τῆς-
2561 643 2885 726 Γεζέσεως.
2931 647 3132 726 Σ-ξΩς
3166 640 3687 726 solely-naviganti}
3715 634 3725 663 ⁸

517 711 692 779 lcrrte,
710 714 765 766 in
777 711 991 766 modum
1011 711 1236 765 similent
1259 712 1627 780 appellationis
1650 712 1940 766 Abraham.

520 908 771 979 Dixitque
804 909 1062 965 Dominus
1098 927 1113 964 :
1158 927 1178 961 ι
1228 907 1348 964 Non
1383 910 1572 965 celabo
1603 923 1710 981 ego
1743 908 2018 964 Abraham

446 1014 701 1072 puerum
726 1014 901 1055 meum
927 1038 943 1062 ,
975 1015 1095 1070 quae
1134 998 1356 1056 iaciam.
1390 998 1486 1054 Est
1524 1009 1702 1055 autem
1746 999 2017 1054 Abraham

449 1085 670 1142 futurus
702 1087 757 1140 in
784 1094 998 1156 gentem
1031 1102 1279 1157 magnam
1320 1095 1375 1142 et
1418 1089 1668 1145 multam.
1709 1088 1772 1142 Et
1800 1088 2021 1144 benedi-

449 1185 644 1232 centur
674 1176 727 1231 in
747 1192 812 1232 eo
830 1193 1016 1232 omnes
1034 1188 1222 1249 gentes
1256 1188 1415 1234 terra:
1430 1179 1495 1235 “.
1522 1199 1540 1232 ι
1563 1178 1848 1235 Occultum
1879 1182 2020 1234 mul-

447 1277 644 1339 tesque
666 1270 839 1324 latens
866 1273 1180 1341 mysterium
1208 1312 1223 1337 ,
1264 1284 1377 1326 non
1424 1286 1482 1327 se
1515 1274 1917 1327 occultatur-um
1945 1274 2021 1328 ait

445 1362 764 1426 oraculum,
793 1362 895 1417 sed
949 1363 1124 1416 amico
1164 1362 1256 1417 Dei
1301 1363 1689 1421 indicaturum.
1731 1364 1790 1419 ld
1836 1373 2015 1420 autem

443 1460 566 1508 erat
593 1452 661 1508 de
698 1452 1074 1509 benedictione
1101 1454 1344 1508 omnium
1375 1456 1615 1525 gentium
1641 1496 1656 1519 ,
1697 1456 1842 1526 quod
1888 1456 2017 1510 olim

444 1543 667 1614 quidem
697 1543 917 1607 latebat,
940 1558 1004 1598 eo
1020 1544 1165 1613 quod
1193 1544 1423 1599 Abrahae
1444 1546 1780 1616 temporibus
1829 1561 2019 1600 omnes

443 1642 636 1706 gentes
687 1634 909 1690 infando
961 1637 1368 1706 superstitionis
1415 1653 1605 1692 errore
1656 1644 2016 1692 tenerentur:

444 1743 593 1783 nunc
623 1735 802 1782 autem
850 1728 904 1783 id
956 1729 1011 1782 in
1055 1738 1304 1798 apertum
1343 1728 1547 1800 prodiit
1576 1769 1590 1792 ,
1623 1744 1746 1783 cum
1790 1729 1894 1783 illae
1929 1744 2022 1798 per

443 1819 814 1890 e‘vattgelicam
847 1818 1147 1877 Salvatoris
1190 1822 1363 1876 nostri
1401 1821 1705 1875 doctrinam
1738 1861 1753 1887 ,
1789 1822 2019 1875 eundem

439 1924 571 1966 cum
601 1911 914 1967 Abrahamo
938 1913 1108 1967 divini
1138 1914 1322 1968 cultus
1352 1913 1514 1967 ritum
1546 1920 1847 1978 servantes,
1870 1913 2019 1981 ejus-

2189 716 2435 793 ‘cdﬁﬁm
2473 716 2582 784 τῆς
2616 716 2729 785 γῆς
2757 717 2855 793 ἐπὶ
2885 716 2963 782 τῷ
2997 718 3176 786 ὁμοίῳ
3201 719 3396 785 τρόπῳ
3429 717 3539 784 τῆς
3577 717 3688 773 τοῦ
3715 780 3722 793 υ

2202 788 2447 856 Ἀϐραὰμ
2474 789 2900 855 προσηγορίας.
3304 828 3310 834 .

2202 903 2260 955 '0
2311 901 2369 954 δὲ
2419 896 2622 973 Κύριος
2656 895 2837 955 εἶπεν·
2876 917 2894 951 ι
2937 900 3011 954 Οὐ
3066 901 3139 972 μὴ
3171 901 3362 973 κρύψω
3411 900 3521 970 ἐγὼ
3578 898 3692 955 ἀπὸ

2130 992 2379 1065 Ἀϐραὰμ
2409 991 2503 1044 τοῦ
2537 990 2723 1052 παιδός
2757 1007 2878 1060 μου,
2911 989 2947 1043 ἆ
2974 989 3082 1059 ἐγὼ
3116 992 3274 1045 ποιῶ.
3320 990 3568 1062 Ἀϐραὰμ
3600 1008 3690 1061 γι*
3724 1034 3731 1063 ,

2118 1085 2341 1155 νόμενος
2377 1083 2528 1137 ἔσται
2556 1085 2634 1146 εἰς
2667 1081 2816 1145 ἔθνος
2854 1081 2995 1152 μέγα
3027 1084 3121 1136 καὶ
3156 1083 3287 1136 πολύ
3307 1100 3321 1113 θ
3356 1085 3450 1137 καὶ⁸
3477 1084 3691 1137 ὲνευλο-
3724 1066 3729 1080 ⁸

2119 1177 2445 1249 γηθήσονται
2472 1178 2528 1231 ὲν
2562 1173 2710 1245 αὐτῷ
2739 1174 2915 1229 πάντα
2943 1176 3009 1229 τὰ
3043 1175 3168 1246 ἔθνη
3196 1177 3293 1247 τῆς
3320 1175 3442 1246 γῆς.
3484 1195 3503 1228 ι
3536 1175 3690 1247 Κρύ-

2121 1288 2240 1340 φιον
2264 1269 2359 1323 καὶ
2390 1268 2609 1338 λεληθὸς
2632 1269 2758 1331 τοὺς
2782 1268 3007 1331 πολλοὺς
3031 1269 3325 1339 μυστήριον
3359 1267 3433 1339 μὴ
3461 1267 3693 1338 κρύψειν

2122 1363 2284 1432 φησὶν
2312 1364 2339 1415 ὁ
2357 1360 2621 1432 χρησμὸς,
2650 1359 3019 1428 ἀποκαλύψειν
3045 1360 3100 1413 δὲ
3132 1359 3207 1430 τῷ
3238 1358 3486 1429 θεοφιλεῖ.
3519 1356 3695 1414 Τοῦτο

2121 1454 2177 1507 δὲ
2203 1449 2271 1525 ἦν
2313 1454 2374 1506 τὸ
2422 1455 2549 1524 περὶ
2579 1452 2678 1521 τῆς
2725 1452 2831 1505 τῶν
2876 1451 3045 1506 ὲθνῶν
3079 1454 3331 1507 ἁπάντων
3361 1453 3632 1522 εὐλογίας,
3658 1453 3692 1507 ὅ

2120 1545 2289 1598 πάλαι
2335 1545 2432 1616 μὲν
2483 1545 2778 1618 κέκρυπτο,
2820 1546 2906 1598 διὰ
2954 1544 3013 1598 τὸ
3058 1544 3233 1598 πάντα
3274 1544 3342 1598 τὰ
3384 1544 3507 1617 ἔθνη
3546 1547 3692 1600 κατὰ

2121 1640 2243 1700 τοὺς
2271 1636 2364 1689 τοῦ
2411 1636 2658 1708 Ἀϐραὰμ
2689 1636 2907 1709 χρόνους
2936 1636 3128 1707 ἀφὰτῳ
3160 1636 3334 1708 πλάνῃ
3365 1634 3694 1707 δεισιδαιμο⁴

2121 1728 2238 1791 νίας
2267 1726 2653 1800 κεκρατῆσθαι·
2688 1729 2804 1783 νυνὶ
2842 1729 2902 1781 δὲ
2946 1727 3102 1781 τοῦτο
3148 1728 3267 1782 καθ’
3305 1730 3453 1799 ἡμᾶς
3484 1728 3694 1783 ἀναπέ-

2123 1835 2337 1887 φανται,
2373 1820 2459 1872 ὅτε
2484 1820 2571 1873 διὰ
2601 1819 2700 1890 τῆς
2726 1819 2818 1872 τοῦ
2855 1818 3105 1891 Σωτῆρος
3143 1819 3299 1890 ἡμῶν
3332 1819 3695 1892 εὐαγγελικῆς

2122 1906 2465 1975 διδασκαλίας
2494 1909 2583 1963 τὸν
2618 1910 2779 1965 αὐτὸν
2800 1909 2877 1980 τῷ
2915 1911 3164 1981 Ἀϐραὰμ
3196 1910 3547 1964 θεοσεϐοὖντα
3565 1912 3697 1984 τρό-

440 2003 566 2060 dem
620 2018 747 2058 cum
796 2004 890 2057 illo
946 2003 1348 2060 benedictionis
1391 2004 1681 2074 participes
1723 2005 2014 2059 exsistunt.

2127 2018 2218 2055 πον
2240 2002 2337 2073 τῆς
2361 2000 2482 2071 ἴσης
2516 2001 2664 2072 αὐτῷ
2693 2001 2908 2072 μετέχει
2935 2000 3201 2070 εὐλογίας.
3232 2002 3352 2054 Ὅτι
3375 2002 3418 2055 δ’
3447 2002 3544 2073 οὐχ
3575 1997 3693 2057 οἷόν

439 2092 912 2160 Quemadmodum
935 2108 1066 2148 vero
1086 2092 1204 2148 ﬁeri
1235 2095 1384 2148 nullo
1408 2094 1571 2148 modo
1600 2102 1785 2164 posset
1811 2134 1825 2157 ,
1864 2102 1923 2147 ut
1950 2109 2014 2148 ex

441 2183 658 2255 legibus
691 2200 724 2239 a
763 2184 912 2241 Mose
953 2186 1187 2256 positis,
1239 2194 1429 2255 gentes
1485 2185 1754 2240 universae
1805 2185 2017 2240 vivendi

441 2289 689 2329 normam
718 2274 1049 2345 acciperent,
1082 2276 1399 2346 plenissime
1429 2276 1568 2331 libro
1600 2277 1882 2346 superiore
1904 2276 2020 2332 dis-

441 2364 718 2421 seruimus
747 2405 762 2430 ,
794 2381 860 2419 ne
888 2366 1012 2435 quis
1036 2365 1181 2425 forte
1211 2365 1522 2434 suspicetur
1555 2364 1621 2420 de
1653 2364 1897 2430 advenis,
1922 2367 2018 2436 qui

442 2456 586 2527 apud
624 2453 845 2511 Iudaeos
878 2457 1186 2527 degebant,
1216 2456 1350 2510 illud
1380 2455 1551 2512 fuisse
1586 2457 1859 2526 prolatum
1891 2474 2019 2512 ora-

438 2545 644 2599 culum.
678 2543 864 2615 Itaque
903 2560 1027 2600 cum
1068 2562 1126 2600 in
1170 2545 1362 2600 eodem
1393 2547 1806 2616 probaverimus
1829 2589 1844 2612 ,
1872 2548 2017 2617 quod

439 2638 510 2694 iis
539 2639 671 2694 solis
694 2678 711 2704 ,
732 2641 824 2710 qui
853 2654 950 2709 per
974 2638 1248 2693 Christum
1288 2636 1357 2693 de
1388 2639 1602 2693 cunctis
1635 2639 1891 2708 gentibus
1923 2653 2015 2694 as-

442 2738 732 2785 sumantur
756 2768 774 2795 ,
803 2729 1112 2786 benedictio
1134 2729 1378 2783 omnium
1411 2728 1652 2800 gentium
1682 2728 1913 2784 Abrahae
1935 2728 2015 2783 di-

442 2821 652 2876 vinitus
695 2820 904 2875 reddita
941 2862 956 2886 ,
995 2825 1290 2877 convenire
1329 2822 1505 2890 possit
1541 2838 1554 2873 :
1594 2820 1874 2875 studiosos
1926 2820 2013 2875 le-

441 2919 627 2966 ctores
655 2927 720 2966 ex
746 2913 849 2966 hoc
880 2912 1000 2967 loco
1029 2953 1044 2979 ,
1081 2913 1148 2967 ad
1182 2913 1271 2967 illa
1301 2912 1652 2967 remittimus.

442 3021 509 3078 ll.
543 3023 622 3076 Ab
649 3023 878 3078 eadem.-
898 3023 1408 3089 —-Quemadmodum
1441 3023 1806 3079 benedicentur
1839 3040 2015 3079 omnes

513 3106 686 3166 gentes
725 3105 877 3166 terrm
910 3096 962 3148 in
990 3113 1049 3148 eo
1082 3097 1275 3149 semine
1306 3136 1323 3163 ,
1356 3095 1491 3166 quod
1521 3110 1919 3166 progressurum
1939 3103 2019 3149 est

512 3163 576 3218 de
607 3164 784 3219 sobole
818 3163 996 3218 Isaac.

510 3278 777 3332 Dominus
805 3286 984 3331 autem
1021 3277 1087 3332 ad
1134 3274 1287 3334 Isaac
1333 3279 1672 3350 reSpondens
1695 3320 1711 3347 ,
1752 3287 1875 3352 post
1907 3281 2012 3336 alia

349 3417 355 3422 .
441 3370 605 3424 etiam
667 3370 779 3423 lucc
832 3367 1015 3423 dicit:
1056 3387 1075 3421 ι
1136 3372 1203 3425 Ει
1251 3348 1588 3427 conﬁrmabo
1627 3348 2085 3442 jusjurandumC

442 3477 621 3515 meum
668 3460 895 3515 Abrahae
939 3461 1080 3531 patri
1134 3468 1268 3528 tuo,
1304 3471 1359 3518 et
1410 3463 1781 3534 multiplicabo
1832 3481 2016 3521 semen

444 3558 622 3614 tuum,
647 3550 786 3604 sicut
814 3550 1000 3605 stellas
1027 3550 1174 3615 caeli,
1198 3560 1254 3605 et
1279 3551 1420 3606 dabo
1455 3553 1649 3606 semini
1684 3562 1778 3607 tuo
1800 3569 2017 3608 onmem

443 3648 647 3694 terram
682 3640 824 3694 hanc
847 3680 862 3705 ,
894 3649 948 3695 et
977 3641 1370 3697 benedicentur
1394 3642 1448 3695 in
1475 3643 1681 3697 semine
1709 3651 1803 3698 tuo
1826 3659 2016 3701 omnes

442 3740 631 3804 gentes
663 3741 819 3786 terra:
834 3729 901 3787 δ’.
928 3751 947 3783 ι
969 3730 1232 3788 Dominus
1260 3743 1313 3788 et
1349 3730 1603 3787 Salvator
1627 3746 1813 3789 noster
1828 3733 1856 3788 J
1864 3751 2012 3799 esus,

442 3827 537 3896 qui
560 3824 814 3881 Christus
837 3833 923 3881 est
949 3823 1044 3881 Dei
1072 3866 1086 3891 ,
1118 3842 1187 3882 ex
1229 3826 1435 3882 semine
1466 3824 1617 3880 Isaac
1650 3834 1817 3881 natus
1842 3833 1895 3880 et
1929 3842 2018 3879 ra-

443 3918 591 3973 tione
636 3917 860 3972 humani
905 3919 1153 3987 corporis
1178 3957 1192 3982 ,
1230 3918 1285 3971 in
1327 3934 1438 3988 quo
1473 3918 1730 3974 omnibus
1762 3919 2015 3988 gentibus

444 4017 607 4065 terra:
639 4007 978 4064 benedicitur
999 4048 1014 4073 ,
1041 4025 1163 4078 quae
1184 4010 1251 4063 ab
1276 4009 1368 4062 illo
1396 4024 1740 4065 communem
1770 4010 2015 4064 universi

445 4098 614 4155 Déum
644 4101 852 4154 edoctae
886 4107 1035 4165 sunt,
1070 4100 1488 4172 didiceruntque
1518 4101 1670 4166 item,
1706 4099 1797 4155 Dei
1827 4101 2016 4156 amicis

444 4196 580 4250 viris
603 4195 943 4252 benedicere.
975 4197 1054 4252 Ex
1084 4214 1192 4269 quo
1229 4199 1472 4255 vicissim
1503 4199 1639 4270 ipsis
1674 4215 1889 4271 quoque
1922 4200 2017 4255 be-

445 4288 724 4344 nedicitur
752 4328 767 4352 ,
799 4300 919 4359 quae
950 4289 1003 4344 in
1045 4290 1148 4346 hoc
1187 4291 1438 4347 videlicet
1481 4292 1714 4346 eundem
1746 4307 1869 4346 cum
1902 4292 1970 4346 iis
1997 4334 2012 4353 .

443 4380 645 4452 quibus
690 4381 823 4453 ipsas
873 4382 1290 4449 bcnedixerint,
1341 4383 1736 4439 benedictionis
1777 4383 2014 4438 fructum

445 4474 788 4547 percipiunt,
824 4474 1280 4545 quemadmodum
1331 4474 1429 4531 Dei
1482 4475 1549 4531 ad
1595 4474 1868 4529 Abraham
1931 4491 2017 4528 re-

444 4582 710 4639 sponsum
766 4568 960 4626 habet:
989 4592 1007 4622 ι
1046 4568 1150 4636 Qui
1179 4569 1276 4624 tibi
1298 4568 1651 4634 benedicunt,
1690 4568 1771 4624 eis
1796 4566 2017 4622 benedi-

445 4666 594 4714 ctum
628 4667 731 4716 est.
775 4679 794 4714 ι
1187 4679 1191 4684 ·

442 4813 555 4886 46
593 4812 681 4868 lll.
717 4814 794 4868 Ab
830 4815 1032 4869 eadem.
1071 4840 1140 4886 έν
1175 4813 1252 4869 De
1298 4815 1541 4886 plurimis
1565 4812 1808 4886 gentibus
1835 4853 1850 4875 ,
1882 4829 2009 4883 gen-

516 4883 749 4957 tiumque
766 4885 1180 4957 collectionibus,
1205 4883 1320 4954 qua:
1336 4901 1401 4957 ea;
1419 4883 1585 4937 Iacob
1608 4884 2011 4957 constituentur,

512 4954 748 5027 quamvis
779 4956 896 5010 sola
924 4954 1155 5010 Judaica
1187 4972 1308 5025 gens
1337 4955 1402 5009 ab
1430 4972 1488 5008 eo
1517 4955 1751 5022 profecta
1776 4955 1865 5007 sit.

516 5148 664 5203 Dixit
696 5156 878 5203 autem
935 5146 1011 5200 illi
1059 5147 1248 5203 Deus:
1293 5147 1534 5218 (constat
1586 5151 1767 5197 autem
1809 5141 2013 5195 dixisse

442 5241 633 5312 Iacob)
652 5258 669 5291 ι
707 5240 818 5311 Ego
836 5239 1095 5296 Dominus
1123 5242 1506 5309 Deus;cresce
1533 5246 1587 5292 et
1612 5233 1972 5302 multiplicare
1997 5250 2009 5285 :

445 5345 634 5406 gentes
657 5342 711 5387 et
739 5335 1185 5404 congregationes
1205 5334 1446 5404 gentium
1462 5346 1530 5385 ex
1548 5337 1602 5383 te
1620 5334 1782 5384 erunt
1802 5324 1866 5377 “.
1894 5344 1913 5376 ι
1936 5323 2014 5377 Ex

444 5442 514 5484 eo
545 5426 761 5497 quidem
793 5429 940 5498 quod
971 5434 1195 5498 apparet
1222 5467 1237 5488 ,
1268 5440 1331 5479 ac
1360 5423 1709 5495 perspicuum
1737 5425 1822 5475 est
1853 5458 1869 5483 ,
1903 5431 2014 5471 una

446 5520 711 5576 duntaxat
754 5518 980 5574 Iudaica
1022 5534 1156 5591 gens
1199 5518 1269 5571 ab
1304 5514 1472 5570 Jacob
1503 5513 1734 5569 exstitit.
1765 5509 2011 5575 Quonam

445 5610 610 5667 modo
648 5609 810 5681 igitur
846 5626 1034 5667 verum
1077 5610 1149 5667 sit
1200 5607 1519 5671 oraculum,
1581 5603 1728 5675 quod
1785 5613 2014 5658 numero

2044 4714 2092 4771 υ

2119 2111 2178 2147 τε
2222 2090 2289 2165 ἦν
2331 2093 2474 2148 κατὰ
2519 2093 2615 2165 τὴν
2658 2095 2898 2158 Μωσέως
2950 2093 3267 2164 νομοθεσίαν
3315 2095 3692 2151 πολιτεύεσθαι

2118 2185 2295 2238 πάντα
2335 2184 2403 2236 τὰ
2429 2183 2574 2256 ἔθνη,
2618 2184 2967 2256 πληρέστατα
2999 2187 3057 2238 ὲν
3093 2184 3169 2256 τῷ
3197 2185 3302 2254 πρὸ
3338 2186 3526 2238 τούτου
3555 2203 3693 2256 συγ»

2117 2277 2403 2348 γράμματι
2431 2275 2803 2346 διειλήφαμεν,
2838 2276 2913 2338 ὡς
2948 2276 3011 2330 ἂν
3047 2278 3120 2348 μή
3164 2292 3245 2339 τις
3273 2275 3528 2329 ὑπολάϐοι
3561 2278 3695 2349 περὶ

2119 2367 2223 2421 τῶν
2250 2367 2399 2438 παρὰ
2437 2365 2707 2430 Ἰουδαίοις
2737 2366 3092 2438 προσηλύτων
3122 2366 3370 2438 εἰρῆσθαι
3399 2368 3458 2421 τὸ
3486 2367 3691 2437 λόγιον.

2130 2458 2217 2512 Ἐν
2254 2458 2434 2529 ταύτῷ
2463 2459 2518 2512 δὲ
2556 2462 2936 2531 συστήσαντες,
2966 2461 3047 2513 ὅτι
3078 2460 3257 2530 μόνοις
3291 2463 3401 2523 τοῖς
3427 2459 3515 2514 διὰ
3550 2461 3694 2535 Χρι-

2120 2551 2245 2606 στοῦ
2289 2551 2349 2617 ἐξ
2384 2552 2638 2607 ἁπάντων
2683 2553 2791 2607 τῶν
2836 2553 3004 2606 ἐθνῶν
3047 2553 3346 2624 ὲφαρμόζοι
3378 2552 3508 2624 ἂνή
3552 2553 3695 2626 πρὸς

2116 2644 2208 2699 τόν
2247 2645 2492 2716 Ἀϐραὰμ
2535 2646 2884 2700 θεσπισθεῖσα
2932 2646 3057 2719 περὶ⁸
3104 2646 3318 2701 πάντων
3366 2645 3471 2699 τῶν
3520 2645 3694 2700 ἐθνῶν

2118 2738 2354 2807 εὐλογία,
2381 2739 2508 2802 τοὺς
2532 2737 2848 2808 φιλομαθεῖς
2870 2738 2955 2790 ἐπ’
2987 2738 3170 2791 ἐκεῖνα
3196 2736 3288 2790 καὶ
3313 2735 3406 2792 νῦν
3436 2736 3690 2806 ἀναπέμ⁶

2117 2828 2311 2903 ψομενο

2117 3035 2192 3090 B'.
2227 3036 2359 3091 Ἀπὸ
2383 3032 2493 3102 τῆς
2512 3028 2721 3100 αὐτῆς.
2742 3061 2813 3073 —-
2835 3032 2934 3102 Ὠς
2953 3021 3691 3102 εὐλογηθήσονται-πόμα

2190 3107 2259 3161 τὰ
2284 3094 2561 3172 ἕθνηῖῆς
2720 3102 2818 3156 ἐπὶ
2840 3094 2923 3167 τῷ
2947 3094 3439 3169 προελευσομένῳ
3462 3097 3532 3151 ἐκ
3558 3094 3688 3149 6m—

2187 3176 2376 3247 δοχῆς
2403 3174 2509 3230 τοῦ
2559 3174 2756 3230 Ἰσαὰκ
2786 3173 3096 3241 σπέρματι.

2129 3288 2188 3340 Ὁ
2214 3286 2272 3340 δὲ
2299 3286 2501 3359 Κύριος
2528 3283 2605 3356 τῷ
2641 3282 2825 3337 Ἰσαὰκ
2854 3281 3211 3353 χρηματίζων
3241 3279 3353 3352 μεθ’
3380 3273 3561 3347 ἔτερα,
3590 3276 3689 3331 καὶ

2116 3379 2291 3435 ταῦτά
2316 3394 2509 3448 φησιν·
2552 3395 2571 3427 ι
2616 3376 2726 3429 Καὶ
2759 3375 2939 3444 στήσω
2984 3374 3074 3426 τὸν
3106 3374 3267 3446 ὅρκον
3302 3387 3402 3443 μου
3438 3368 3690 3442 Ἀϐραὰμ

2116 3472 2194 3544 τῷ
2227 3471 2390 3543 πατρί
2420 3486 2533 3535 σου,
2569 3469 2662 3522 καὶ
2690 3465 2942 3538 πληθυνῶ
2969 3465 3029 3518 τὸ
3071 3464 3293 3534 σπέρμα
3323 3480 3436 3525 σου,
3464 3460 3539 3525 ὼς
3560 3461 3689 3525 τοὺς

2115 3562 2349 3632 ἀστέρας
2398 3558 2491 3613 τοῦ
2533 3556 2781 3630 οὐρανοῦ,
2830 3557 2923 3609 καὶ
2959 3553 3112 3607 δώσω
3153 3553 3230 3623 τῷ
3281 3551 3550 3624 σπέρματί
3590 3567 3686 3603 σου

2117 3658 2293 3710 πᾶσαν
2322 3653 2420 3725 τὴν
2450 3653 2551 3723 γῆν
2584 3651 2786 3721 ταύτην
2808 3666 2822 3681 °
2859 3651 2953 3702 καὶ
2979 3645 3497 3716 ἐνευλογηθήσονται
3527 3644 3585 3696 ἐν
3607 3641 3687 3712 τῷ

2118 3745 2389 3818 σπέρματί
2434 3761 2526 3797 σου
2561 3744 2736 3798 πάντα
2778 3740 2846 3793 τὰ
2893 3739 3018 3809 ἔθνη
3050 3739 3146 3809 τῆς
3186 3737 3308 3807 γῆς.
3342 3755 3361 3787 ι
3410 3736 3465 3789 Ὁ
3494 3734 3690 3806 Σωτὴρ

2117 3839 2211 3891 καὶ
2259 3836 2462 3908 Κύριος
2518 3832 2673 3905 ἡμῶν
2714 3830 2917 3902 Ἰησοῦς
2963 3832 2991 3883 ὁ
3041 3827 3272 3899 Χριστὸς
3315 3825 3406 3880 τοῦ
3452 3823 3585 3877 Θεοῦ
3620 3826 3691 3878 ὲκ

2118 3929 2426 4000 σπέρματος
2465 3925 2647 3979 Ἰσαὰκ
2668 3923 2858 3992 γέγονε
2880 3922 2940 3975 τὸ
2961 3920 3099 3973 κατὰ
3130 3918 3326 3989 σάρκα,
3359 3920 3416 3971 ὲν
3442 3910 3486 3984 ᾧ
3509 3915 3691 3970 πάντα

2116 4022 2183 4076 τὰ
2216 4021 2340 4091 ἔθνη
2372 4019 2471 4089 τῆς
2498 4016 2601 4086 γῆς
2640 4015 2958 4082 εὐλογεῖται,
3005 4011 3239 4083 μαθόντα
3280 4010 3346 4063 δι’
3386 4008 3548 4063 αὐτοῦ
3593 4008 3689 4063 τὸν

2115 4116 2222 4168 τῶν
2268 4114 2403 4168 ὅλων
2447 4111 2599 4173 Θεὸν,
2643 4107 2736 4161 καὶ
2784 4105 3143 4159 παιδευθέντα
3195 4102 3355 4156 πάλιν
3402 4100 3467 4153 δι’
3518 4097 3685 4155 αὐτοῦ

2114 4207 2239 4271 τοὺς
2272 4204 2533 4274 θεοφιλεῖς
2565 4202 2764 4273 ἄνδρας
2794 4199 3053 4266 εὐλογεῖν.
3098 4196 3187 4249 Διὸ
3218 4196 3312 4248 καὶ
3344 4192 3687 4261 ἀντευλογεῖ-

2114 4317 2201 4353 ται
2254 4299 2352 4367 τῆς
2404 4296 2526 4368 ῐσης
2564 4296 2676 4357 τοῖς
2728 4292 2819 4345 ὑπ’
2872 4290 3048 4343 αὐτῶν
3090 4287 3499 4357 εὐλογουμένοις
3544 4285 3686 4338 ἁπο-

2115 4391 2344 4444 λαύοντα
2375 4386 2645 4455 εὐλογίας,
2682 4384 2824 4438 κατὰ
2857 4383 2947 4436 τὸν
2987 4381 3230 4451 φήσαντα
3260 4376 3352 4430 τοῦ
3384 4375 3517 4430 Θεοῦ
3546 4374 3686 4446 πρὸς

2114 4484 2204 4537 τὸν
2244 4480 2492 4554 Ἀϐραὰμ
2523 4478 2678 4547 λόγον
2698 4497 2712 4509 ·
2752 4496 2771 4528 ι
2825 4477 2888 4528 Οἱ
2930 4470 3275 4540 εὐλογοῦντες
3321 4486 3379 4522 σε
3425 4465 3684 4537 εὐλόγην-

2114 4593 2225 4629 ται.
2266 4594 2284 4625 ι»

2114 4798 2188 4850 Γ’.
2249 4794 2382 4849 Ἀπὸ
2434 4790 2544 4860 τῆς
2581 4783 2788 4857 αὐτῆς.
2820 4818 2889 4860 τ-
2930 4784 3071 4860 17te
3115 4783 3425 4860 raptore»:
3465 4778 3680 4846 ἐθνῶν,

2184 4866 2283 4919 καὶ
2319 4851 2683 4932 συναγωγῶν
2711 4851 2921 4932 ἐθνῶν,
2967 4851 3087 4932 tier
3227 4851 3425 4932 ’ζακὼϐ
3450 4866 3684 4932 qum-

2184 4922 2500 5006 σομὲνωις,’
2522 4922 2711 5006 καίτοι
2743 4931 2934 5006 gronov
2970 4926 3077 4980 τοῦ
3130 4922 3421 4979 Ἰουδαίων
3464 4922 3683 4989 ἔθνους

2181 5008 2250 5072 ἐξ
2263 5000 2469 5060 ἀὐτοῦ
2501 5000 2998 5070 προεληλυθότος.
3626 5070 3629 5071 ν

2184 5126 2349 5184 Εἶπεν
2379 5129 2435 5180 δὲ
2467 5124 2614 5194 αὐτῷ
2644 5124 2673 5174 ὁ
2697 5122 2828 5185 Θεὸς
2867 5119 3040 5192 (δῆλον
3078 5118 3152 5181 δὲ,
3187 5116 3266 5169 ὅτι
3312 5112 3389 5183 τῷ
3437 5106 3679 5175 Ἰακώὸ)⁶

2116 5246 2134 5277 ι
2187 5221 2329 5291 Ἐγὼ
2360 5219 2563 5290 Κύριος
2607 5218 2635 5269 ὁ
2678 5214 2841 5277 Θεός·
2894 5211 3120 5277 αὐξάνοι)
3154 5208 3247 5261 καὶ
3290 5203 3557 5274 πληθύνου
3596 5201 3682 5261 εις

2112 5317 2260 5385 ἔθνη,
2303 5314 2396 5368 καὶ
2429 5309 2738 5377 συναγωγαὶ
2764 5306 2931 5360 ἐθνῶν
2974 5305 3038 5355 ὲκ
3070 5301 3162 5354 σοῦ
3195 5299 3427 5352 ἔσονται.
3467 5314 3485 5345 ι
3521 5291 3681 5385 Kurd

2116 5383 2301 5481 μὲνῖτὸ
2340 5402 2634 5477 προφανὲς,
2668 5401 2725 5453 ἓν
2755 5399 2905 5462 ἐθνος
2951 5397 3107 5467 μόνον
3150 5392 3213 5445 τὸ
3258 5389 3523 5481 Ἰουδαίων
3558 5383 3680 5481 *ἀπὸ

2109 5476 2203 5555 τοῦ
2241 5476 2432 5554 Ἰακὼὸ
2466 5495 2718 5565 συνέστη.
2753 5491 2876 5555 Πῶς
2914 5484 3005 5543 οὖν
3050 5484 3300 5558 ἀληθεύοι
3332 5481 3396 5536 ἂν
3442 5476 3681 5565 πληθυνζ

2110 5587 2274 5651 τικῶς
2315 5585 2488 5653 λέγων
2532 5586 2562 5638 ὁ
2606 5559 2884 5655 χρησμός;
2926 5578 3077 5633 Ἐπεὶ
3122 5576 3178 5630 δὲ
3220 5576 3248 5628 ὁ
3298 5568 3529 5644 Χριστὸς
3579 5559 3679 5623 τοῦ

517 5767 564 5800 ⁸³
595 5766 730 5824 Gen.
773 5782 945 5831 xvnt,
1006 5763 1193 5823 l7-18.
1274 5764 1314 5794 ⁵²
1348 5761 1483 5817 Gen.
1550 5774 1713 5826 xxvi,
1761 5755 1878 5811 5-4.
1954 5753 1997 5785 ‘3
2029 5748 2162 5805 Gen.
2197 5761 2358 5812 xxxv,
2393 5744 2481 5800 il.
