3942 6258
495 308 601 366 105

1108 304 1373 361 EUSEBH
1410 300 1885 359 CASSARIENSIS
1912 301 2063 360 OPP.
2094 298 2275 358 PARS
2309 301 2375 357 ll.
2406 332 2476 344 --
2511 298 3010 358 APOLOGETICA.

3615 303 3717 358 105

489 422 655 479 milia:
707 420 966 492 gentium,
1030 419 1215 475 afferte
1276 417 1506 473 Domino
1573 419 1799 490 gloriam
1846 420 2028 475 nomin

2150 420 2341 491 Κυρίῳ
2374 419 2426 471 αἱ
2463 419 2685 489 πατριαὶ
2729 418 2836 471 τῶν
2878 417 3076 471 ἐθνῶν·
3116 417 3369 486 ἐνέγκατε
3402 417 3478 488 τῷ
3528 418 3719 490 Κυρίῳ

488 516 610 584 ejus
632 513 699 581 ¹¹,
742 533 761 566 ι
795 527 857 567 ac
893 512 1151 583 deinceps
1183 526 1195 561 :
1234 530 1252 563 ι
1275 510 1447 566 Dicite
1508 511 1563 564 in
1605 511 1879 581 gentibus,
1908 510 2054 579 quod

491 604 749 660 Dominus
788 602 1049 673 regnavit.
1116 601 1322 658 Etenim
1355 602 1591 655 correxit
1644 602 1828 655 orbem
1871 608 2052 667 terra),

487 698 579 768 qui
630 713 737 752 non
785 696 1211 752 commovebitur
1269 696 1341 751 ".
1375 714 1392 747 ι
1450 693 1626 748 Etiam
1690 693 1806 755 haec
1859 703 2049 765 aperta

487 795 634 846 sunt.

485 920 576 977 IX.
611 923 653 974 A
684 918 964 976 Zacltaria.
992 921 1415 993 --7Cunctarum
1456 923 1708 993 gentium,
1741 931 1791 976 et
1818 924 1907 993 qui
1936 940 2047 977 om-

557 993 703 1046 nium
732 992 1230 1061 superstitiosissimi
1279 1001 1419 1055 sunt,
1460 990 1852 1061 )Egyptiorum,
1887 996 2045 1048 unius

550 1070 604 1134 et
636 1064 742 1116 veri
764 1063 881 1122 Dei,
903 1073 966 1134 et
1013 1063 1065 1134 in
1116 1062 1326 1134 spiritu,
1365 1076 1429 1134 ex
1462 1061 1639 1134 divina
1690 1065 1817 1134 lege,
1847 1062 2047 1117 adora-

555 1133 735 1198 ιὲοηίε,
761 1143 810 1187 et
836 1132 1152 1186 celebritatis
1175 1130 1421 1185 solemnia
1450 1133 1667 1202 agnitio.

559 1326 579 1361 ι
610 1307 677 1362 Ει
706 1308 829 1369 erit,
857 1308 1167 1378 quicunque
1198 1308 1393 1378 reliqui
1449 1309 1652 1364 fuerint
1681 1327 1747 1365 ex
1773 1311 2047 1370 universis

478 1398 907 1482 gentibustqnze
933 1407 1198 1454 venerunt
1224 1411 1409 1453 contra
1458 1399 1819 1466 Hierusalem,
1856 1418 2046 1458 ascen-

481 1490 614 1544 dent
653 1490 942 1556 quatannis
978 1491 1280 1544 utadorent
1300 1488 1499 1560 Regem
1536 1488 1822 1544 Dominum
1864 1493 2044 1545 omni-

480 1588 778 1653 potentem,
812 1589 864 1635 et
888 1582 1163 1636 celebrent
1182 1582 1404 1636 solenne
1447 1583 1947 1638 tabernaculorum.
1983 1583 2047 1638 Et

479 1674 629 1728 erit:
666 1673 986 1743 Quicunque
1037 1691 1146 1728 non
1195 1674 1540 1729 ascenderint
1591 1691 1656 1729 ex
1698 1677 1847 1731 omni
1902 1677 2043 1732 tribu

2153 508 2307 575 δόξαν
2345 510 2567 581 ὀνόματι
2607 509 2789 563 αὑτοῦ.
2838 529 2855 561 ι
2893 510 3002 562 Καὶ
3024 509 3176 581 ἑξῆς·
3220 529 3238 561 ι
3276 511 3477 563 Εἴπατε
3515 512 3571 563 ἐν
3602 513 3716 568 τοῖς

2154 599 2359 653 ἔθνεσιν
2384 617 2396 630 ·
2440 600 2496 652 '0
2522 598 2721 671 Κύριος
2743 599 3069 653 ἐϐασίλευσε.
3101 603 3209 654 Καὶ
3250 602 3359 673 γὰρ
3386 601 3714 672 κατώρθωσε

2152 692 2249 763 τὴν
2287 691 2625 762 οἰκουμένην,
2664 692 2786 761 ἥτις
2821 692 2882 743 οὐ
2924 692 3326 763 σαλευθήσεται.
3365 712 3382 743 ι
3411 691 3513 745 Καὶ
3544 693 3717 747 ταῦτα

2153 784 2317 854 σαφῆ.

2149 919 2226 972 0'.
2246 918 2384 997 ’ᾼπὸ
2408 918 2518 1003 τοῦ⁸
2538 921 2849 1003 Ζαχαρίου.
2872 948 2944 1003 ξ-
2964 915 3208 1003 miretur
3234 914 3581 1003 τῶνιέθνῶνλ,
3595 916 3713 1003 ,καὶ

2219 988 2337 1042 τῶν
2373 988 2531 1056 παρὰ
2582 984 2805 1052 πᾶντας
2861 984 3493 1056 δεισιδαιμονεστάζων
3536 987 3717 1056 Αιγυ-

2219 1061 2424 1123 πτίων,
2455 1055 2563 1111 rei?
2592 1060 2781 1126 μόνου
2829 1058 2926 1110 καὶ
2968 1056 3231 1122 ἀληθοῦς
3256 1055 3440 1126 ⁸Θεοῦ,
3474 1055 3570 1108 καὶ
3602 1055 3716 1120 τῆς

2217 1129 2367 1182 κατὰ
2396 1128 2496 1181 τὸν
2520 1123 2677 1181 θεῖον
2701 1128 2886 1196 νόμον
2916 1123 3315 1194 πνευματικῆς
3342 1126 3620 1192 λατρείας
3649 1141 3716 1178 τε

2216 1199 2313 1253 καὶ
2354 1197 2565 1266 ἑορτῆς
2599 1197 2937 1266 ἐπίγνωσις.

2224 1331 2242 1363 ι
2299 1310 2408 1365 Καὶ
2453 1311 2625 1374 ἔσται,
2665 1311 2778 1363 ὅσοι
2806 1309 2871 1363 ἂν
2912 1307 3338 1377 καταλειφθῶσιν
3383 1309 3447 1361 ἐκ
3496 1308 3715 1361 πάντων

2147 1403 2255 1457 τῶν
2286 1400 2451 1457 ἐθνῶν
2483 1403 2739 1457 ἐλθόντων
2765 1403 2855 1454 ἐπὶ
2891 1400 3260 1473 Ἰερουσαλὴμ,
3291 1401 3384 1453 καὶ
3414 1400 3714 1470 ἀναϐήσον-

2146 1511 2233 1548 ται
2261 1498 2379 1547 κατ’
2409 1492 2649 1546 ἐνιαυτὸν
2678 1493 2770 1546 τοῦ
2795 1491 3166 1563 προσκυνῆσαι
3188 1491 3263 1561 τῷ
3288 1490 3495 1561 βασιλεί
3522 1492 3712 1562 Κυρίῳ

2147 1583 2582 1654 παντοκράτορι,
2629 1581 2721 1634 καὶ
2765 1581 2859 1633 τοῦ
2910 1581 3184 1652 ἑορτάζειν
3230 1582 3326 1651 τὴν
3376 1580 3565 1650 ἑορτὴν
3609 1581 3710 1649 τῆς

2145 1675 2543 1747 Σκηνοπηγίας.
2579 1675 2686 1728 Καὶ
2721 1674 2893 1738 ἔσται,
2939 1674 3052 1726 ὅσοι
3096 1673 3159 1727 ἂν
3210 1673 3281 1743 μὴ
3332 1672 3601 1726 ἀναϐῶσιν
3644 1675 3711 1726 ἐκ

475 1774 637 1821 terra:
658 1766 713 1820 in
742 1765 1100 1828 Hierusalem,
1144 1777 1203 1821 ut
1253 1769 1478 1822 adorent
1515 1766 1707 1837 Regem
1756 1767 2030 1822 Dominum

2148 1768 2326 1837 πάσης
2356 1769 2453 1837 τῆς
2483 1766 2652 1836 φυλῆς
2680 1766 2780 1836 τῆς
2807 1766 2906 1837 γῆς
2945 1767 3023 1828 είς
3061 1764 3428 1835 Ἰερουσαλὴμ,
3466 1780 3709 1834 προσκυ-

476 1857 921 1929 omnipotentem,
943 1866 996 1913 et
1027 1860 1131 1928 ipsi
1153 1859 1259 1914 illis
1289 1859 1637 1928 adjicientur,
1684 1875 1792 1914 non
1817 1861 1923 1915 erit
1949 1877 2045 1915 su-

476 1962 575 2019 per
599 1964 696 2003 eos
738 1949 927 2004 imber.
963 1948 1116 2015 Quod
1165 1950 1210 2004 si
1263 1950 1438 2004 tribus
1467 1948 1686 2021 {Egypti
1720 1965 1824 2004 non
1850 1967 2042 2006 ascen-

476 2038 641 2105 derit,
671 2050 725 2094 et
769 2056 878 2094 non
908 2040 1136 2104 venerit,
1171 2048 1225 2096 et
1261 2056 1423 2110 super
1452 2042 1550 2097 hos
1582 2042 1687 2095 erit
1717 2044 1898 2106 ruina,
1933 2058 2040 2113 qua

474 2131 741 2198 percutiet
774 2128 1033 2186 Dominus
1076 2146 1267 2186 omnes
1307 2140 1514 2201 gentes,
1560 2148 1896 2202 qutecunque
1930 2148 2041 2187 non

476 2221 817 2276 ascenderint
851 2221 917 2275 ad
958 2222 1344 2277 celebrandum
1388 2225 1629 2279 solemne
1665 2225 2041 2279 tabernaculo-

473 2323 616 2362 rum.
643 2308 757 2381 48
778 2309 891 2364 Hoc
919 2311 1022 2365 erit
1069 2320 1355 2381 peccatum
1385 2311 1625 2383 Egypti,
1662 2322 1717 2368 et
1758 2322 2038 2382 peccatum

470 2400 715 2454 omnium
746 2402 1007 2471 gentium,
1066 2416 1404 2473 quaecunque
1439 2420 1547 2457 non
1578 2405 1922 2459 ascenderint
1970 2406 2039 2460 ad

472 2489 857 2544 celebrandum
905 2491 1147 2546 solemne
1198 2493 1670 2548 tabernaculorum
1693 2494 1762 2548 ⁸⁸.
1797 2513 1815 2545 ι
1873 2493 2039 2550 Plane

472 2579 589 2635 haec
604 2585 945 2636 vocationem
975 2584 1216 2637 omnium
1249 2586 1489 2654 gentium
1521 2586 1822 2649 continent,
1851 2588 2038 2640 sisen-

468 2686 595 2726 sum
643 2674 904 2727 duntaxat
940 2684 1248 2744 spectemus
1275 2691 1486 2739 eorum,
1537 2694 1657 2747 quae
1680 2677 1747 2731 de
1778 2676 2036 2732 Hierusa-

469 2762 597 2825 lem,
631 2769 686 2817 et
710 2764 1023 2820 celebritate
1054 2766 1526 2822 tabernaculorum
1551 2769 1692 2822 dicta
1723 2777 1871 2832 sunt,
1915 2784 2037 2838 qua:

467 2853 686 2924 quidem
736 2868 837 2909 suo
870 2862 1110 2926 tempore
1143 2862 1322 2925 aptam
1353 2857 1856 2927 interpretationem
1884 2859 2036 2913 habi-

467 2951 593 3000 tura
626 2955 777 3000 sunt.

2144 1852 2303 1928 νῆσαι
2344 1858 2421 1929 τῷ
2467 1858 2674 1929 βασιλεῖ
2712 1858 2900 1930 Κυρίῳ
2944 1857 3339 1929 παντοκράτορι
3364 1898 3378 1921 ,
3418 1857 3508 1910 καὶ
3553 1858 3710 1910 αὐτοὶ

2142 1949 2368 2014 ἐκείνοις
2410 1950 2882 2021 προστεθήσονται.
2925 1951 3048 2004 Ἐὰν
3083 1951 3137 2003 δὲ
3163 1951 3298 2021 φυλὴ
3333 1951 3604 2019 Αἰγύπτου
3631 1950 3709 2022 μὴ

2140 2042 2334 2112 ἀναϐῇ,
2384 2042 2517 2113 μηδέ
2544 2041 2691 2114 ἔλθῃ,
2719 2043 2811 2095 καὶ
2844 2045 2936 2096 ἐπὶ
2968 2043 3188 2106 τούτους
3218 2042 3369 2096 ἐσται
3398 2044 3430 2114 ἡ
3474 2043 3704 2104 πτῶσις,

2139 2127 2173 2206 ᾖ
2205 2133 2430 2198 πατάξει
2459 2133 2660 2205 Κύριος
2706 2136 2880 2188 πάντα
2907 2135 2974 2187 τὰ
3007 2135 3154 2205 ἔθνη,
3183 2136 3283 2188 ὅσα
3318 2134 3381 2187 ἂν
3418 2133 3489 2205 μὴ
3527 2134 3704 2204 ἀναϐῇ

2138 2225 2231 2278 τοῦ
2274 2226 2528 2298 ἑορτάσαι
2581 2228 2677 2298 τὴν
2723 2228 2912 2298 ἑορτὴν
2964 2228 3061 2298 τῆς
3105 2225 3502 2296 Σκηνοπηγίας.
3552 2223 3703 2294 Αὕτη

2137 2316 2287 2371 ἔσται
2330 2321 2362 2389 ἡ
2396 2321 2637 2390 ἁμαρτία
2672 2320 2965 2387 Αἰγύπτου,
3000 2322 3091 2372 καὶ
3120 2322 3152 2391 ή
3196 2319 3440 2390 ἁμαρτία
3486 2317 3710 2369 πάντων

2136 2408 2243 2461 τῶν
2284 2408 2470 2470 ἐθνῶν,
2496 2411 2594 2463 ὅσα
2628 2410 2692 2463 ἂν
2729 2412 2801 2483 μὴ
2829 2410 3000 2481 ἀναϐῇ
3036 2410 3127 2464 τοῦ
3168 2412 3420 2481 ἑορτάσαι
3447 2411 3546 2480 τὴν
3584 2410 3710 2479 ἑορ-

2136 2501 2232 2573 τὴν
2281 2502 2384 2572 τῆς
2431 2504 2825 2573 Σκηνοπηγίας.
2871 2522 2889 2553 υ
2918 2503 3111 2572 Σαφῶς
3147 2505 3239 2556 καὶ
3291 2502 3460 2556 ταῦτα
3512 2501 3705 2573 κλῆσιν

2135 2594 2387 2647 ἁπάντων
2426 2594 2534 2647 τῶν
2566 2594 2736 2646 ἐθνῶν
2771 2594 3030 2665 περιέχει.
3063 2595 3201 2647 κατὰ
3244 2594 3482 2647 διάνοιαν
3532 2592 3703 2663 μόνην

2136 2685 2518 2756 θεωρουμένων
2550 2686 2655 2738 τῶν
2687 2687 2816 2756 περὶ
2842 2688 2940 2756 τῆς
2979 2687 3349 2757 Ἰερουσαλὴμ,
3380 2687 3472 2738 καὶ⁵
3493 2686 3691 2755 Σκηνο·

2135 2775 2335 2844 πηγίας
2360 2776 2680 2846 εἰρημένων,
2709 2776 2743 2828 ἃ
2776 2777 2868 2830 καὶ
2893 2776 3030 2830 κατὰ
3055 2777 3242 2849 καιρὸν
3266 2778 3362 2847 τῆς
3395 2775 3702 2847 προσηκού-

2136 2881 2234 2934 σης
2258 2863 2499 2928 τεύξεται
2531 2866 2791 2937 ἑρμηνεία
2801 2883 2843 2930 ς.

468 3056 539 3117 X.
572 3059 650 3115 Ab
681 3058 848 3116 Isaia.
881 3090 951 3100 —
974 3059 1276 3116 Declaratio
1303 3073 1360 3116 ut
1381 3064 1532 3117 electi
1574 3064 1679 3118 sint
1706 3065 1950 3134 apostoli,
1980 3073 2030 3119 et

2145 3075 2188 3127 l'.
2234 3072 2373 3127 Ἀπὸ
2415 3070 2520 3125 τοῦ
2577 3071 2833 3124 Ἡσαΐου.
2867 3101 2935 3111 —-
2964 3068 3236 3135 Δήλωσις
3262 3069 3372 3136 τῆς
3404 3068 3522 3121 τῶν
3544 3069 3697 3121 ἀπο-

1029 3142 1225 3186 υοεαιω
1266 3144 1457 3203 gentes.

547 3322 567 3354 ι
601 3303 717 3359 Hoc
772 3306 1007 3375 primum
1068 3308 1213 3373 bibe,
1256 3310 1366 3366 cito
1421 3310 1528 3377 fac,
1561 3313 1710 3384 regio
1760 3314 2025 3380 Zaliulon,

464 3404 612 3452 terra
642 3397 968 3468 Nepthalim,
997 3407 1050 3455 et
1085 3402 1279 3472 reliqui
1328 3405 1421 3474 qui
1461 3407 1787 3461 maritimam
1823 3409 2030 3463 habita-

463 3490 537 3545 tis
567 3499 717 3545 trans
742 3488 1057 3556 Jordanem,
1105 3492 1323 3549 Galilzea
1381 3498 1642 3567 gentium,
1674 3501 1903 3568 populus
1940 3515 2027 3554 se-

464 3581 601 3636 dens
629 3582 686 3636 in
711 3584 968 3637 tenebris.
1006 3581 1197 3640 Videte
1255 3588 1433 3642 lucem
1478 3603 1725 3659 magnam
1751 3591 1841 3660 qui
1874 3590 2027 3645 babi-

464 3673 594 3726 tatis
618 3673 670 3725 in
729 3672 950 3742 regione
977 3682 1033 3729 et
1061 3675 1253 3730 umbra
1303 3678 1515 3742 mortis,
1545 3678 1635 3733 lux
1684 3680 2025 3750 splendeseet

461 3778 627 3832 super
647 3779 742 3819 vos
769 3763 833 3817 “.
863 3783 881 3815 ι

497 3875 588 3930 XI.
624 3876 704 3929 Ab
732 3876 929 3929 eodem.
964 3907 1033 3917 —
1062 3876 1368 3931 Declaratt'o
1418 3880 1705 3934 vocationis
1731 3884 1980 3951 gentium.

535 4070 554 4102 ι
587 4051 783 4106 Audite
827 4068 934 4116 me,
992 4053 1208 4119 insulae,
1260 4056 1543 4123 attendite,
1592 4067 1797 4129 gentes.
1853 4062 2020 4120 Multo

2057 3116 2104 3179 C

2200 3146 2437 3197 στόλων
2493 3141 2750 3211 ἐκλογῆς
2805 3141 2901 3195 καὶ
2960 3139 3068 3208 τῆς
3126 3138 3244 3192 τῶν
3301 3139 3491 3194 ἐθνῶν
3546 3138 3694 3206 κλή-

2199 3230 2371 3280 σεως.

2204 3345 2223 3378 ι
2262 3326 2430 3380 Τοῦτο
2454 3325 2666 3398 πρῶτον
2695 3325 2808 3387 πίε,
2834 3324 2971 3394 ταχὺ
3014 3322 3174 3385 ποίει,
3206 3320 3356 3392 χώρα
3386 3318 3693 3383 Ζαϐουλὼν,

2126 3418 2161 3488 ἡ
2208 3416 2277 3487 γῆ
2319 3417 2654 3487 Νεφθαλείμ,
2698 3416 2795 3469 καὶ
2846 3416 2896 3468 οἱ
2945 3414 3119 3468 λοιποὶ
3170 3415 3218 3466 οἱ
3271 3412 3368 3482 τὴν
3418 3411 3692 3482 παραλίαν

2127 3508 2299 3578 πέραν
2329 3508 2422 3562 τοῦ
2463 3507 2745 3580 Ἰορδάνου,
2774 3506 3029 3559 Γαλιλαία
3069 3504 3176 3558 τῶν
3217 3503 3404 3567 ἐθνῶν,
3436 3505 3465 3556 ὁ
3497 3500 3623 3563 λαὸς
3663 3504 3692 3555 ὁ

2126 3599 2428 3670 καθήμενος
2456 3601 2514 3652 ἐν
2544 3600 2742 3653 σκότει.
2779 3599 2946 3653 Ἴδετε
2974 3598 3089 3666 φῶς
3126 3596 3265 3667 μέγα
3292 3599 3340 3649 οἱ
3375 3592 3689 3649 κατοικοῦν-

2123 3709 2215 3756 τες
2235 3694 2292 3746 ἐν
2313 3691 2465 3764 χώρα
2480 3694 2572 3746 καὶ
2589 3695 2716 3764 σκιᾷ
2736 3692 2987 3767 θανάτου,
3008 3690 3122 3759 φῶς
3142 3688 3343 3761 λάμψει
3362 3689 3446 3757 ἐφ’
3471 3688 3635 3758 ὑμᾶς.
3664 3704 3684 3738 ι
3720 3730 3725 3737 .

2123 3895 2223 3947 lA’.
2272 3892 2411 3948 Ἀπὸ
2440 3892 2546 3945 τοῦ
2573 3890 2792 4013 αὑτοῦιὲ
2808 3920 2879 4028 ᾖ·
2914 3888 3029 3955 Τῆς
3050 3888 3172 3943 τῶν
3196 3888 3387 3944 ἐθνῶν
3412 3888 3686 3956 κλήσεως

2799 3980 2812 4013 ι
2880 3974 3043 4025 ωσις.

2799 3974 3043 4025 iuniore.

2198 4092 2217 4124 ι
2262 4072 2551 4126 Ἀκούσατὲ
2578 4089 2697 4143 μου,
2730 4072 2903 4142 νῆσοι,
2935 4072 3029 4124 καὶ
3055 4071 3367 4144 προσέχετε,
3403 4069 3551 4140 ἔθνη.
3587 4072 3683 4123 Διά

456 4150 701 4211 tempore
744 4144 941 4207 stabit,
979 4143 1114 4198 dicit
1174 4145 1434 4203 Dominus
1466 4148 1535 4203 ⁸⁸.
1577 4170 1597 4201 ι
1631 4150 1837 4217 Quibus
1866 4154 2021 4209 dein-

2145 4165 2307 4237 ςρόνου
2360 4163 2552 4216 πολλοῦ
2603 4164 2876 4234 στήσεται,
2912 4162 3056 4231 λέγει
3096 4143 3315 4233 Κύριος.
3363 4182 3380 4215 ι
3436 4158 3530 4226 Οἷς
3555 4163 3682 4234 ἑξῆς

456 4248 586 4304 ceps
609 4242 662 4287 et
694 4233 762 4288 de
789 4236 1039 4304 gentibus
1068 4239 1293 4308 pariter,
1322 4246 1375 4293 et
1404 4240 1473 4296 de
1508 4241 1727 4299 Christo
1750 4248 2015 4317 adjungit:

2151 4252 2251 4325 μοῦ
2289 4253 2415 4325 περὶ
2445 4252 2550 4305 τῶν
2585 4252 2752 4305 ἐθνῶν
2798 4253 2891 4307 καὶ
2930 4255 3057 4324 περὶ
3094 4254 3185 4307 τοῦ
3229 4255 3463 4325 Χριστοῦ
3503 4256 3682 4309 ἐπιλέ-

460 4342 482 4378 ι
525 4325 819 4396 Eecedcdi
872 4335 924 4382 te
966 4330 1022 4382 in
1076 4338 1459 4388 testamentum
1489 4337 1723 4406 generis,
1757 4339 1810 4392 in
1841 4341 2017 4394 lucem

2145 4362 2223 4398 νει·
2261 4364 2279 4397 ι
2332 4344 2460 4398 Ἰδοὺ
2480 4343 2686 4397 δέδωκά
2715 4361 2773 4397 σε
2806 4347 2883 4408 είς
2910 4344 3172 4417 διαθήκην
3204 4346 3412 4415 γένους,
3454 4350 3532 4410 είς
3564 4348 3682 4415 φῶς

451 4419 716 4488 gentium,
756 4427 813 4473 ut
861 4421 938 4476 sis
983 4423 1038 4475 in
1095 4424 1324 4480 salutem
1371 4443 1545 4498 usque
1600 4429 1668 4483 ad
1708 4440 2011 4484 extremum

452 4510 682 4532 .--μη
733 4510 1032 4532 ,μμηηημ
1279 4531 1307 4532 ,,
1527 4520 1538 4531 .
1926 4522 1937 4532 .

2146 4435 2305 4499 θνῶν,
2331 4435 2424 4488 τοῦ
2448 4432 2584 4489 εἷναί
2612 4453 2669 4489 σε
2705 4437 2975 4507 σωτηρίαν
2998 4437 3100 4501 ἕως
3126 4439 3351 4508 ἐσχάτου
3379 4440 3476 4510 τῆς
3503 4440 3623 4511 γῆς.
3657 4461 3676 4491 ι

452 4516 612 4564 terrm
635 4510 701 4566 ⁸⁸.
732 4528 751 4562 ι
773 4510 1037 4567 Caeterum
1076 4516 1491 4573 innumerabilia
1526 4520 1641 4590 ipse
1664 4537 1880 4591 quoque
1924 4522 2012 4576 in-

2145 4528 2298 4599 ίυρία
2338 4529 2382 4582 δ’
2428 4527 2493 4582 ἂν
2537 4530 2715 4600 εὕροις
2746 4529 2838 4582 καὶ
2867 4529 3023 4590 αὐτὸς
3056 4530 3123 4582 δι’
3148 4530 3282 4583 ὅλων
3320 4530 3424 4583 τῶν
3462 4510 3679 4602 προφη-

448 4601 655 4667 venies,
682 4604 880 4673 quibus
905 4620 990 4671 ea,
1015 4622 1135 4676 qua:
1162 4610 1412 4680 gentibus
1444 4613 1710 4681 promissa
1729 4624 1859 4670 sunt
1883 4631 2014 4670 con--

2145 4621 2220 4672 ῶν
2253 4620 2673 4690 κατεσπαρμὲνα
2698 4620 2755 4672 ἐν
2785 4619 3134 4686 ἐπαγγελίαις
3164 4621 3274 4673 τῶν
3316 4621 3503 4683 ἐθνῶν,
3533 4620 3679 4693 ἅπερ

448 4696 712 4763 tinentur,
776 4714 869 4768 per
930 4714 1122 4757 omnes
1171 4705 1465 4775 prophetas
1516 4707 1782 4778 dispersa,
1813 4711 2012 4778 quibus

2145 4714 2203 4766 πὶ
2234 4710 2325 4765 τοῦ
2376 4713 2636 4784 παρόντος
2683 4710 2805 4764 οὗτε
2852 4710 3153 4780 ὰναλὲγειν,
3186 4711 3310 4765 οὔτε
3357 4713 3678 4786 ἑρμηνεύειν

446 4802 582 4842 sane
608 4788 664 4842 in
718 4793 1005 4859 praesentia
1025 4832 1041 4858 ,
1081 4810 1258 4866 neque
1282 4798 1617 4869 colligendis,
1648 4816 1821 4870 neque
1842 4802 2013 4858 inter-

2147 4805 2319 4874 αιρὸς,
2346 4803 2484 4874 πλὴν
2515 4801 2673 4857 ἱκανὰ
2703 4802 2958 4872 τυγχάνει
2981 4805 3074 4857 καὶ
3106 4803 3174 4856 τὰ
3212 4803 3537 4876 προτεθέντα
3567 4823 3677 4860 πα-

447 4881 727 4950 pretandis
763 4890 978 4953 tempus
1007 4885 1183 4952 adest,
1214 4890 1431 4945 tametsi
1480 4892 1648 4945 multa
1682 4892 1749 4945 ad
1781 4893 2009 4949 demon-

446 4973 731 5027 strandum
761 4974 812 5027 id
842 4976 987 5044 quod
1014 4980 1354 5047 propositum
1386 4988 1491 5044 est,
1539 4982 1594 5035 in
1634 4985 2007 5052 superioribus

445 5060 735 5117 habentur.
763 5061 878 5119 Iloc
928 5074 1108 5121 autem
1141 5068 1246 5123 fuit
1275 5071 1566 5127 ostendere
1600 5073 1704 5137 eis,
1750 5076 1841 5143 qui
1872 5091 2005 5143 quo-

442 5154 589 5207 niam
619 5170 684 5209 ex
710 5156 1125 5216 circumcisione
1168 5172 1330 5227 sunt,
1359 5165 1556 5235 seipsis
1587 5166 1743 5220 valde
1768 5167 2006 5237 glorian-

442 5256 533 5300 tur
565 5256 618 5301 et
651 5248 990 5316 superbiunt,
1013 5255 1166 5321 quasi
1206 5270 1265 5310 se
1289 5272 1429 5312 unos
1452 5256 1593 5312 Deus
1624 5257 1845 5327 reliquis
1873 5274 2006 5328 gen-

440 5337 588 5392 tibus
615 5343 979 5408 proposuerit,
1006 5360 1174 5414 seque
1205 5363 1344 5402 unos
1366 5348 1560 5418 dignos
1587 5350 1999 5414 existimaverit,

438 5429 640 5498 quibus
667 5445 787 5500 quae
821 5433 999 5489 futura
1038 5445 1214 5501 erant,
1236 5439 1498 5494 divinitus
1530 5446 1997 5508 promitterentur,

440 5520 574 5577 nihil
615 5523 748 5593 ipsis
792 5538 1037 5583 seorsum
1080 5531 1345 5587 acteteris
1394 5533 1667 5599 omnibus,
1715 5534 1770 5588 in
1797 5534 1997 5591 divinis

2113 4897 2374 4968 ραστῆσαι
2402 4895 2463 4949 τὸ
2504 4893 2880 4967 προκείμενον.
2914 4896 3084 4950 Τοῦτο
3113 4898 3157 4950 δ’
3186 4894 3253 4968 ἦν
3282 4902 3392 4960 τοῖς
3419 4901 3482 4951 ἐκ
3514 4916 3674 4971 περι-

2106 4987 2279 5057 τομῆς
2318 4987 2460 5057 μέγα
2491 4988 2573 5054 ἐφ’
2606 4988 2819 5049 ἑαυτοῖς
2853 4987 3076 5057 αὑχοῦσι
3111 4989 3205 5041 καὶ
3238 4990 3673 5061 σεμνυνομένοις,

2107 5079 2183 5142 ὡς
2205 5078 2298 5132 τοῦ
2322 5079 2456 5132 Θεοῦ
2490 5079 2682 5150 μόνους
2706 5080 2899 5144 αὐτοὺς
2926 5081 3034 5135 τῶν
3058 5082 3258 5135 λοιπῶν
3285 5083 3453 5136 ἐθνῶν
3485 5101 3672 5153 προτι-

2110 5173 2397 5242 μήσαντος,
2429 5172 2523 5224 καί¹
2558 5171 2748 5241 μόνους
2790 5171 2895 5224 τῶν
2928 5173 3084 5226 θείων
3122 5174 3460 5242 ἐπαγγελιῶν
3500 5193 3672 5244 κατη-

2106 5258 2377 5326 ξιωκότος,
2436 5260 2694 5326 ἐπιδεῖξαι
2743 5262 2818 5324 ὡς
2844 5262 2995 5315 οὐδὲν
3051 5267 3294 5335 κρεῖττον
3350 5264 3499 5335 παρὰ
3545 5268 3671 5329 τοὺς

2104 5351 2322 5415 λοιποὺς
2372 5352 2615 5415 ἅπαντας
2661 5352 2803 5415 ἰδίως
2841 5354 3023 5417 αὐτοῖς
3054 5356 3113 5406 ἐν
3140 5359 3259 5421 ταῖς
3291 5356 3459 5420 θείαις
3492 5358 3671 5427 ἐπήγ-

2107 5444 2288 5513 γελται
2311 5444 2680 5513 ὑποσχέσεσιν.
2709 5445 2835 5497 Ὅτε
2861 5446 3038 5498 τοίνυν
3063 5447 3355 5518 ἀπεδείχθη
3379 5448 3485 5502 τῶν
3509 5448 3669 5502 θείων

2105 5533 2441 5603 ἐπαγγελιῶν
2480 5534 2549 5588 τὰ
2589 5535 2714 5605 ἑθνη
2749 5537 3149 5607 κατηξιωμὲνα,
3178 5540 3310 5611 φέρε
3351 5540 3533 5595 λοιπὸν
3564 5539 3673 5611 ήδη

509 5710 551 5743 ³⁸
582 5708 723 5767 Psal.
753 5722 875 5772 xcv,
899 5712 949 5769 7.
1006 5714 1051 5744 "
1083 5711 1212 5767 ibid.
1255 5713 1341 5769 l0.
1416 5713 1462 5747 ³³
1494 5714 1657 5771 Zacli.
1685 5732 1795 5772 xtv.
1829 5717 2014 5774 {6.19.

2165 5719 2263 5773 lea.
2304 5734 2376 5785 ix,
2412 5718 2517 5786 ",2.
2596 5722 2639 5753 "
2668 5721 2769 5776 lsa.
2795 5736 2941 5785 λιιι,
2972 5720 3020 5773 1.
3088 5721 3133 5753 ⁸³
3162 5721 3294 5777 ibid.
3323 5720 3376 5779 6.
