3942 6258
557 345 657 400 107

1217 341 1486 399 EUSEBII
1523 339 1995 398 CAESARIENSIS
2027 339 2177 398 OPP.
2220 338 2396 397 PARS
2432 339 2583 399 IL—
2620 339 3110 401 APOLOGETICA.

3677 343 3774 401 £08

553 461 807 518 viderunt
839 474 1026 515 omnes
1058 458 1194 515 ﬁnes
1229 469 1386 515 terra:
1411 461 1648 515 salutare
1671 459 1764 516 Dei
1790 461 1996 524 nostri,
2017 460 2110 531 ju-

2236 459 2423 532 τέρατα
2450 461 2549 532 τῆς
2593 463 2694 534 γῆς
2720 463 2778 516 τὸ
2824 464 3086 534 σωτήριον
3114 459 3208 513 τοῦ
3241 459 3376 513 θεοῦ
3417 459 3594 532 ἡμῶν,
3641 460 3772 514 ἁλα-

555 553 717 608 bilate
739 551 968 605 Domino
991 551 1168 605 omnis
1195 557 1337 605 terra
1362 551 1426 605 “.
1455 569 1473 602 ι
1503 549 1568 606 Et
1598 551 1874 621 adjungit:
1904 568 1924 604 ι
1951 550 2113 606 (Σοω-

556 650 835 696 moveatur
866 655 1013 693 mare
1044 647 1098 693 et
1128 639 1410 708 plenitudo
1440 641 1560 709 ejus
1585 680 1599 705 ,
1633 640 1782 694 orbis
1809 647 2110 706 terrarum,

554 739 610 788 et
662 747 850 786 omnes
901 731 992 801 qui
1037 730 1282 784 habitant
1330 731 1382 784 in
1435 745 1519 785 eo.
1556 729 1802 784 Flumina
1857 731 2114 800 plaudent

553 838 719 878 manu
748 823 943 886 simul,
976 830 1190 877 montes
1220 824 1575 878 exsultabunt
1609 840 1638 878 a
1686 823 1824 879 facie
1859 824 2109 890 Domini,

553 917 809 988 quoniam
860 917 1009 971 venit
1048 916 1299 986 judicare
1347 923 1592 970 terram:
1634 916 1899 985 judicabit
1927 919 2110 974 orbem

552 1015 713 1063 terrae
750 1008 806 1062 in
838 1007 1082 1078 iustitia,
1115 1016 1169 1060 et
1199 999 1429 1076 populos
1464 1008 1520 1060 in
1549 1011 1801 1078 aequitate
1829 1009 1893 1060 ⁸³.
1927 1029 1947 1062 ›

553 1204 671 1260 XV.
713 1207 751 1258 Α
799 1204 1004 1260 Genesi.
1035 1203 1282 1276 —-._Quod
1328 1204 1417 1257 ubi
1458 1204 1710 1276 defecerit
1755 1223 1968 1276 regnum
2011 1205 2114 1260 Ju-

619 1278 907 1358 dworum,_
947 1279 1054 1345 ipse
1105 1274 1346 1330 Christus
1398 1274 1672 1331 adveniens
1724 1274 1957 1345 gen—tium
2011 1279 2112 1333 erit

624 1357 960 1414 exspectatio.

624 1475 644 1509 ι
670 1455 790 1510 Non
827 1456 1041 1511 deﬁciet
1081 1459 1334 1528 princeps
1373 1457 1439 1513 de
1471 1457 1646 1522 Juda,
1684 1475 1860 1530 neque
1897 1460 2008 1516 dux
2041 1463 2108 1518 de

549 1547 847 1604 femoribus
889 1549 1044 1618 ejus,
1095 1551 1268 1603 donec
1315 1550 1496 1603 veniat
1529 1551 1616 1606 cui
1664 1556 1961 1620 repositum
1991 1562 2108 1618 est,

547 1649 601 1694 et
622 1639 738 1709 ipse
766 1640 871 1694 erit
902 1642 1232 1710 exspectatio
1264 1641 1505 1710 gentium
1537 1642 1601 1698 ⁸⁸.
1632 1661 1650 1692 ι

548 1729 688 1784 XVI.
740 1731 800 1806 ΑΔ
824 1730 1114 1806 δορίιοηὶα.
1141 1760 1210 1806 -τ-
1249 1731 1553 1806 Declaratio
1595 1731 1843 1788 adventus
1873 1733 2106 1806 Christi,

2213 554 2408 618 λάξατε
2459 554 2536 626 τῷ
2589 555 2799 626 Κυρίῳ,
2833 556 2982 608 πᾶσα
3030 557 3064 625 ή
3122 554 3214 623 γῆ.
3270 571 3288 604 ι
3338 552 3448 604 Καὶ
3497 549 3770 619 ἐπιλέγειο

2221 664 2239 698 ι
2280 647 2595 718 Σαλευθήτω
2641 649 2674 718 ἡ
2717 646 2979 712 Θάλασσα,
3025 647 3118 700 καὶ
3169 646 3230 698 τὸ
3270 645 3538 716 πλήρωμα
3585 643 3771 714 αὐτῆς,

2214 741 2247 810 ή
2290 740 2576 810 οἰκουμένη
2632 740 2722 792 καὶ
2761 739 2959 803 πάντες
3003 740 3052 792 οἱ
3099 736 3473 798 κατοικοῦντες
3515 737 3571 789 ὲν
3617 735 3772 805 αὐτῇ.

2213 831 2452 900 Ποταμοί
2503 832 2825 902 κροτήσουσι
2898 830 3040 901 χειρὶ
3099 829 3192 882 ἐπὶ
3240 829 3300 881 τὸ
3348 827 3510 881 αὑτό·
3559 824 3628 878 τὰ
3672 824 3773 896 ὅρη

2213 922 2625 991 ἀγαλλιάσονται
2681 923 2786 976 ἀπὸ
2832 920 3122 992 προσώπου
3168 918 3395 990 Κυρίου,
3435 918 3516 971 ὅτι
3560 917 3774 986 ἔρχεται

2215 1017 2392 1086 κρῖναι
2427 1015 2525 1085 τὴν
2561 1016 2693 1084 γῆνο
2737 1016 2910 1084 κρινεί
2948 1013 3044 1084 τὴν
3090 1011 3408 1082 οἰκουμένην
3460 1010 3516 1062 ὲν
3565 1009 3772 1062 δικαιο-

2216 1105 2368 1177 σύνῃ,
2404 1107 2497 1158 καί.
2526 1105 2686 1167 λαοὺς
2715 1107 2771 1158 ὲν
2795 1103 3063 1174 εύθύτητι.
3106 1122 3124 1154 ι

2215 1215 2315 1268 IE'.
2351 1215 2483 1272 Ἀπὸ
2506 1214 2616 1283 τῆς
2638 1215 2960 1281 Γενέσεως.
2993 1247 3063 1257 —
3089 1217 3183 1280 Ὠς
3199 1215 3348 1283 μετὰ
3372 1214 3484 1282 τὴν
3503 1213 3776 1283 ἔκλειψιν

2281 1285 2392 1352 τῆς
2421 1282 2741 1351 βασιλείας
2769 1285 2884 1338 τῶν
2921 1282 3230 1348 Ἰουδαίων,
3260 1284 3440 1348 αὐτὸς
3464 1289 3495 1338 ό
3521 1282 3774 1350 Χριστὸς

2281 1355 2530 1421 ἐπιστὰς
2558 1358 2595 1424 ἡ
2624 1357 2741 1411 τῶν
2766 1355 2954 1409 ἐθνῶν
2982 1354 3292 1426 γενήσεται
3331 1355 3683 1422 προσδοκία.

2289 1487 2306 1518 ι
2351 1469 2463 1520 Οὐκ
2495 1467 2732 1536 ἐκλείψει
2769 1468 2949 1538 ἄρχων
2992 1467 3052 1531 ἐξ
3095 1466 3283 1529 Ἰούδα,
3313 1465 3433 1519 οὐδὲ
3476 1464 3775 1535 ἡγούμενος

2213 1561 2276 1612 ὲκ
2306 1558 2412 1611 τῶν
2450 1559 2639 1630 μηρῶν
2671 1559 2856 1621 αὐτοῦ,
2886 1559 2987 1622 ἓως
3014 1557 3079 1612 ἂν
3109 1558 3232 1629 ἔλθῃ
3263 1551 3308 1625 ᾧ
3341 1557 3644 1620 ἀπόκειται,
3682 1557 3776 1610 καὶ

2213 1651 2374 1714 αὐτὸς
2401 1651 2694 1722 προσδοκία
2727 1650 2916 1706 ἐθνῶν,
2954 1670 2972 1702 ι
3601 1659 3603 1662 ‘

2212 1743 2328 1811 ις’.
2394 1743 2528 1798 Ἀπὸ
2581 1743 2686 1796 τοῦ
2733 1743 3049 1812 Σοφογίου.
3110 1743 3378 1812 Δήλωσις
3424 1741 3775 1809 ἐπιφανείας

613 1810 664 1855 et
718 1800 1031 1882 sublationis
1085 1801 1256 1882 cultus
1303 1802 1749 1869 simulacrorum,
1786 1815 1834 1858 et
1872 1800 2104 1875 gentium

2268 1800 2558 1882 ’Χριστοῦ,
2588 1812 2686 1867 καὶ
2716 1800 3108 1882 καθαιρέσεως
3133 1800 3638 1880 είδωλοάατρεῗας,
3671 1800 3773 1865 καὶ

613 1888 738 1941 erga
772 1873 936 1925 Deum
965 1873 1197 1940 pietatis.

620 2001 640 2035 ι
669 1983 933 2039 Adveniet
966 1983 1224 2039 Dominus
1257 2000 1424 2055 super
1452 2001 1547 2042 eos
1567 2029 1582 2050 ,
1613 1993 1668 2042 et
1699 1987 1887 2057 perdet
1918 2004 2109 2046 omnes

543 2075 674 2130 deos
703 2076 939 2145 gentium
964 2119 978 2142 ,
1011 2083 1065 2131 et
1097 2076 1403 2131 adorabunt
1432 2092 1554 2132 eum
1577 2118 1592 2144 ,
1635 2080 2014 2152 unusquisque
2043 2082 2110 2138 de

529 2168 667 2222 .loco
699 2183 830 2231 suo,
864 2183 1055 2225 omnes
1089 2168 1282 2224 insulae
1312 2170 1556 2240 gentium
1589 2170 1656 2224 ⁸⁷.
1693 2191 1711 2223 ›

544 2389 707 2443 XVII.
739 2388 815 2442 Ab
868 2389 1067 2444 eodem.
1097 2420 1165 2428 ——
1191 2389 1494 2443 Declaratio
1555 2391 1659 2444 diei
1715 2393 2108 2446 resurrectionis

613 2459 852 2533 Christi,
897 2461 1304 2533 item_gent_ium
1347 2462 1709 2531 congregatio,
1771 2464 2104 2533 omniumque

615 2531 1124 2602 hominum_agnitio
1169 2530 1380 2602 Dei,ret
1427 2530 1611 2602 modus
1672 2549 1804 2586 unus
1848 2530 2058 2602 pietatis
2090 2550 2108 2585 :

607 2610 657 2655 et
688 2599 826 2670 quod
861 2599 1140 2671 .Ethiopes
1175 2601 1444 2670 sacriﬁcia
1474 2601 1558 2655 illi
1587 2602 1825 2670 oﬂ'ereut.

621 2797 638 2827 ι
671 2776 878 2832 Idcirco
925 2784 1181 2846 exspecta
1225 2792 1310 2832 me
1331 2819 1345 2842 ,
1377 2777 1510 2832 dicit
1551 2777 1848 2843 Dominus,
1880 2779 1934 2833 in
1966 2779 2109 2834 diem

545 2866 966 2921 resurrectionis
995 2865 1210 2919 metein
1234 2867 1614 2921 testimonium
1647 2887 1658 2921 :
1692 2867 1792 2938 5],
1819 2870 1944 2938 quia
1965 2868 2112 2938 judi-

544 2958 690 3012 cium
723 2972 900 3012 meum
949 2958 1015 3010 ad
1045 2953 1454 3025 congregandos
1482 2964 1668 3026 gentes
1690 2997 1704 3022 ,
1737 2966 1796 3012 ut
1827 2958 2110 3013 admittam

545 3064 730 3119 reges,
764 3057 818 3104 et
849 3047 1120 3103 effundam
1153 3063 1317 3117 super
1349 3063 1444 3102 eos
1477 3047 1613 3102 iram
1649 3065 1822 3104 meam
1843 3091 1858 3116 ,
1893 3066 2108 3107 omnem

2282 1884 2398 1938 τῶν
2419 1882 2608 1940 ἐθνῶν
2630 1887 2716 1950 εἰς
2750 1883 2895 1938 Θεὸν
2918 1883 3242 1947 εὐσεϐείας.

2283 2017 2302 2051 ι
2351 1997 2778 2067 Ἑπιφανήσεται
2824 1995 3026 2065 Κύριος
3073 1995 3159 2047 ἐπ’
3196 1992 3419 2055 αὐτοὺς,
3463 1993 3557 2044 καὶ
3593 1989 3773 2054 ἐξολο-

2210 2090 2424 2161 θρεύσει
2463 2089 2668 2150 πάντας
2693 2088 2816 2150 τοὺς
2849 2086 3002 2149 θεοὺς
3029 2085 3137 2138 τῶν
3168 2083 3352 2144 ἐθνῶν,
3395 2083 3488 2135 καί
3528 2096 3777 2152 προσκυ-

2173 2232 2176 2234 ν
2209 2183 2458 2254 νὴσουσιν
2487 2179 2654 2250 αὐτῷ,
2684 2178 2910 2241 ἕκαστος
2939 2179 3004 2230 ὲκ
3041 2174 3136 2230 τοῦ
3169 2175 3333 2228 τόπου
3362 2173 3560 2237 αὐτῶν,
3599 2173 3775 2225 πᾶσαι

2211 2275 2266 2328 αἱ
2303 2275 2453 2344 νῆσοι
2484 2271 2589 2325 τῶν
2619 2270 2808 2325 ἐθνῶν.
2850 2290 2868 2321 ι

2212 2387 2311 2442 iZ’.
2356 2386 2484 2439 Ἀπὸ
2512 2386 2615 2439 τοῦ
2644 2386 2849 2440 αὑτοῦ.
2877 2383 3226 2450 -Δήλωσις
3265 2382 3486 2452 ἡμέρας
3509 2377 3777 2452 ἀναστά-

2281 2474 2432 2522 σεως
2477 2455 2749 2524 Χριστοῦ,
2792 2457 2888 2509 καὶ
2925 2448 3114 2508 ἐθνῶν
3149 2448 3500 2524 σὺνᾱγώγὴ,
3533 2448 3778 2524 πάιετωλιρ

2283 2545 2346 2580 τε
2377 2513 2698 2594 cii-05mm.”
2737 2513 3056 2594 ἐπίγνωσις
3085 2525 3262 2584 Θεοῦ,
3304 2513 3409 2575 aiat
3433 2513 3650 2594 cpdaoc
3683 2513 3777 2584 εἷς

2282 2591 2616 2661 εὐσεϐείας·
2647 2596 2742 2649 καί
2763 2591 3141 2662 ὠςΑιθίοπες
3165 2595 3378 2658 θυσίας
3394 2591 3552 2656 αὐτῷ
3582 2604 3776 2658 προσ-

2283 2670 2582 2720 οίσουσιν.

2287 2798 2305 2830 ι
2330 2779 2426 2832 Διὰ
2447 2778 2601 2832 τοῦτο
2620 2779 2909 2850 ἀπόμεινύν
2932 2794 3019 2848 με,
3046 2776 3190 2844 λέγει
3217 2774 3438 2846 Κύριος,
3468 2773 3665 2843 εἰςὴμέ
3676 2789 3776 2843 ραν

2213 2869 2556 2933 ἀναπάσειῦς
2593 2887 2690 2941 μου
2725 2873 2802 2933 εἰς
2837 2869 3130 2941 μαρτύριον
3155 2884 3167 2897 ·
3201 2866 3334 2918 διότι
3364 2865 3424 2918 τὸ
3455 2863 3626 2935 κρῑμά
3669 2879 3778 2933 μου

2212 2966 2292 3027 εἰς
2326 2962 2641 3031 συναγωγάς
2677 2962 2872 3025 ἐθνῶν,
2911 2961 3005 3014 τοῦ
3045 2957 3380 3023 εἰσδέξασθαι
3411 2955 3646 3028 βασιλεῖς
3676 2954 3777 3009 τοῦ

2213 3055 2397 3127 ἐκχέαι
2417 3056 2501 3108 ἐπ’
2523 3055 2716 3118 αὐτοὺς
2741 3055 2839 3124 τὴν
2867 3053 3035 3123 ὀργήν
3065 3068 3184 3123 μου,
3209 3051 3385 3103 πᾶσαν
3413 3047 3577 3120 ὀργὴν
3601 3047 3775 3118 θυμοῦ

543 3141 677 3195 iram
726 3140 926 3196 furoris
973 3140 1119 3194 mei:
1157 3140 1410 3208 quoniam
1463 3139 1518 3193 in
1571 3141 1695 3210 igne
1742 3144 2103 3200 aemulationis

2236 3166 2335 3201 ιου·
2364 3148 2495 3202 διότι
2517 3149 2574 3201 ὲν
2603 3149 2734 3220 πυρὶ
2767 3146 2928 3218 ζήλου
2962 3164 3061 3216 μου
3092 3144 3597 3213 καταναλωθήσεται
3622 3141 3778 3192 πᾶσα

543 3251 678 3291 meae
709 3245 1061 3290 consumetur
1090 3236 1268 3288 omnis
1299 3241 1471 3297 terra,
1522 3234 1649 3303 quia
1703 3244 1830 3290 tunc
1879 3251 2107 3291 conver-

547 3337 660 3381 tam
693 3329 746 3382 in
784 3329 1013 3398 pepulos
1042 3327 1280 3398 linguam
1308 3370 1322 3391 ,
1360 3328 1413 3382 in
1445 3327 1846 3397 generationem
1877 3327 2017 3396 ejus,
2051 3336 2110 3382 ut

543 3421 798 3476 invocent
829 3435 1020 3476 omnes
1059 3436 1260 3475 nomen
1297 3419 1548 3483 Domini,
1583 3419 1649 3473 ad
1685 3419 2025 3474 serviendum
2057 3422 2109 3475 ei

546 3515 650 3571 sub
675 3515 864 3585 iugum
899 3530 1109 3568 unum:
1153 3529 1182 3567 a
1233 3513 1431 3568 ﬁnibus
1487 3512 1774 3567 ﬂuviorum
1815 3511 2110 3584 Ethiopian

538 3606 718 3661 ferent
751 3606 1018 3660 sacriﬁcia
1051 3606 1182 3658 mihi
1220 3607 1283 3660 ⁵⁸.
1322 3625 1340 3657 ›

541 3718 727 3774 'X'Vlll.
770 3723 810 3771 Α
849 3717 1134 3773 Zacharia.
1159 3749 1226 3757 —
1253 3717 1550 3772 Declaratio
1584 3718 1783 3773 Citriin
1829 3718 2103 3783 adventus,

613 3799 661 3844 et
699 3790 836 3859 quod
868 3791 1046 3842 multa:
1067 3797 1238 3857 gentes
1274 3789 1341 3840 ad
1368 3805 1484 3842 eum
1521 3790 1837 3859 confugient,
1875 3790 2110 3859 quodque

609 3869 764 3914 erunt
801 3859 1026 3912 Domino
1065 3875 1128 3912 ex
1157 3859 1392 3928 gentibus
1423 3859 1772 3914 constituendi
1801 3861 2000 3928 populi.

624 4082 644 4117 ι
676 4061 862 4117 Gaude
883 4069 936 4116 et
967 4061 1174 4126 laetare,
1215 4060 1321 4114 ﬁlia
1361 4059 1514 4126 Sion,
1543 4063 1669 4132 quia
1704 4078 1832 4120 ecce
1879 4079 1979 4134 ego
2015 4079 2112 4119 νε-

549 4155 663 4217 nio,
701 4161 755 4208 ct
792 4152 1054 4208 "habitabo
1081 4152 1134 4204 in
1179 4151 1360 4206 medio
1399 4153 1500 4216 tui,
1546 4153 1679 4208 dicit
1720 4153 2021 4211 Dominus:
2058 4164 2112 4212 et

548 4247 1084 4318 confugient'gentes
1121 4245 1304 4298 multa:
1337 4243 1406 4298 ad
1452 4244 1738 4301 Dominum
1771 4247 1826 4301 in
1869 4247 1958 4303 die
1994 4248 2106 4314 illa,

548 4347 604 4394 et
630 4347 788 4394 erunt
836 4338 884 4392 ei
929 4339 982 4391 in
1027 4337 1286 4406 p0puium
1321 4355 1332 4388 :
1366 4347 1420 4390 et
1468 4336 1788 4393 habitabant
1833 4339 1888 4392 in
1931 4339 2111 4394 medio

549 4432 650 4495 tui,
688 4437 742 4485 et
778 4443 1074 4500 cognosces
1117 4426 1261 4497 quod
1299 4425 1562 4483 Dominus
1589 4429 1930 4499 omnipotens
1963 4430 2111 4485 misit

551 4539 637 4578 me
663 4522 728 4576 ad
760 4534 811 4576 te
835 4523 900 4576 ⁸³.
935 4541 955 4574 ›

549 4635 688 4693 XIX.
729 4636 807 4690 Ab
848 4635 1014 4689 Isaia.
1039 4667 1110 4676 -—
1154 4635 1455 4690 Dec‘laratio
1488 4642 1632 4686 ortus
1673 4631 1893 4695 Christi,
1925 4632 2017 4702 qui
2041 4631 2112 4685 sit

619 4724 686 4762 ea:
725 4707 902 4761 radice
937 4705 1084 4761 Jesse
1125 4706 1465 4776 proditurus,
1517 4715 1566 4758 et
1598 4707 1796 4757 vacatio
1825 4719 1916 4771 per
1938 4701 2110 4754 illum

619 4780 852 4832 omnium
874 4777 1123 4846 gentium.

535 4873 539 4878 ’
625 4897 644 4922 ι
676 4871 993 4942 Egredictur
1023 4871 1177 4942 virga
1208 4869 1274 4924 de
1308 4867 1689 4930 radice-Jesse,
1717 4876 1770 4920 et
1799 4864 1900 4919 ﬂos
1927 4863 1993 4917 de
2022 4878 2114 4916 ra-

547 4964 670 5020 dice
718 4965 992 5028 ascendet,
1037 4970 1091 5018 et
1143 4964 1447 5033 requiescet
1507 4976 1669 5030 super
1716 4973 1838 5013 eum
1873 4955 2112 5026 Spiritus

533 5054 647 5112 [Dei
669 5057 736 5118 ⁷⁸,
768 5075 788 5108 ι
819 5063 872 5109 et
899 5070 1021 5125 qua:
1071 5065 1393 5125 sequuntur,
1423 5053 1623 5124 quibus
1665 5048 1953 5119 adjungit:
1991 5064 2009 5096 ι
2047 5044 2114 5098 Et

535 5147 660 5203 .erit
697 5148 752 5201 in
778 5145 866 5201 die
901 5148 992 5201 illa
1021 5149 1176 5202 radix
1203 5147 1378 5212 Jesse,
1415 5153 1470 5201 ct
1492 5143 1585 5215 qui
1609 5143 1906 5198 suscitatur
1937 5145 1998 5191 ut
2019 5137 2114 5192 im-

533 5250 703 5313 .peret
731 5243 1013 5312 gentibus;
1047 5241 1101 5295 in
1120 5256 1185 5297 eo
1216 5248 1404 5312 gentes
1431 5235 1728 5308 sperabunt
1751 5234 1817 5287 ⁷⁸.
1852 5252 1870 5283 ι

552 5425 670 5483 XX.
714 5425 790 5478 Ab
826 5425 1023 5480 eodem.
1051 5451 1125 5466 -
1153 5421 1455 5478 Declaratio
1503 5413 1702 5471 Christi
1743 5410 2014 5474 adventus,
2064 5416 2114 5461 et

624 5497 856 5564 beneﬁcii
915 5512 1015 5566 quo
1060 5511 1151 5564 per
1206 5495 1355 5546 illum
1410 5483 1693 5560 aﬁicieuda:
1757 5494 1880 5536 sunt
1937 5494 2112 5535 omnes

621 5577 813 5637 gentes.

529 5686 538 5697 ι
621 5677 644 5708 ι
678 5655 816 5713 Ecce
840 5675 973 5729 puer
998 5671 1171 5720 meus,
1200 5651 1494 5723 suscipiam
1517 5664 1684 5706 eumr:
1706 5649 1912 5704 eiectus
1934 5654 2112 5705 meus,

2209 3243 2241 3313 ἠ
2271 3241 2369 3312 γῆ’
2410 3242 2492 3293 ὅτι
2527 3239 2647 3292 τότε
2677 3239 3031 3310 μεταστρέψω
3064 3237 3155 3290 ὲπί
3195 3235 3356 3298 λαοὺς
3391 3233 3657 3302 γλῶσσαν,
3695 3233 3778 3293 εἰς

2208 3334 2398 3402 γενεὰν
2427 3333 2617 3402 αὐτῆς,
2647 3330 2740 3384 τοῦ
2765 3328 3136 3383 ἐπικαλεῖσθαι
3162 3327 3368 3390 πάντας
3389 3326 3448 3379 τὸ
3472 3325 3640 3394 δνομα
3660 3325 3780 3377 Κυ-

2211 3427 2328 3496 ρίου
2353 3424 2447 3477 τοῦ
2484 3423 2754 3476 δουλεύειν
2783 3421 2930 3491 αύτῷ
2955 3420 3060 3472 ὑπὸ
3101 3419 3258 3488 ζυγὸν
3283 3419 3376 3472 ἓνα
3395 3435 3409 3448 ο
3437 3421 3499 3472 ὲκ
3522 3417 3779 3485 περάτων

2211 3516 2472 3588 ποταμῶν
2504 3515 2787 3577 Αἰθιοπίας
2828 3513 3033 3567 οἴσουσι
3065 3511 3253 3575 θυσίας
3292 3528 3400 3582 μοι.
3445 3529 3463 3561 ι

2210 3715 2314 3767 1Ν⁹.
2376 3712 2518 3768 Ἀπὸ
2574 3713 2678 3766 τοῦ
2733 3713 3044 3780 Ζαχαρίου.
3087 3740 3155 3750 -
3197 3707 3465 3780 ᾼήλῳσις
3510 3701 3783 3780 ΔΧριστοῦ

2287 3781 2640 3851 παρουσίας,
2681 3783 2778 3834 καὶ
2815 3775 3059 3835 πολλῶν
3085 3778 3274 3851 ἐθνῶν
3315 3777 3406 3851 ἐπ’
3456 3775 3642 3851 uete;
3670 3792 3782 3851 x9-

2279 3843 2534 3922 ταεξιυγὴ,
2577 3843 2671 3906 θὶὰί
2718 3853 2795 3916 ὡς
2827 3851 3069 3905 ἔσονται
3113 3849 3191 3915 τῷ
3230 3847 3424 3915 Κυρίῳ
3466 3845 3534 3908 ἐξ
3580 3843 3782 3900 ἐθνῶν

2280 3921 2724 3992 συστησάμενοι
2751 3921 2907 3975 λαοί.

2287 4057 2308 4090 ι
2346 4039 2560 4110 Τέρπου
2593 4038 2686 4092 καί
2714 4038 3024 4109 εὐφραίνου,
3055 4035 3288 4106 θύγατερ
3319 4031 3478 4095 Σιὼν,
3501 4030 3632 4084 διότι
3665 4029 3781 4082 ἰδοὺ

2211 4129 2459 4202 ἔρχομαι,
2509 4130 2600 4183 καὶ
2629 4129 3031 4200 κατασκηνώσω
3073 4130 3129 4182 ἐν
3162 4121 3309 4197 μέσῳ
3341 4141 3455 4187 σου,
3481 4123 3624 4190 λέγει
3659 4119 3779 4174 Κύ-

2213 4239 2346 4294 ριοςο
2389 4223 2482 4274 καὶ
2526 4221 2951 4290 καταφεύξονται
2980 4220 3105 4289 ἔθνη
3137 4215 3304 4271 πολλὰ
3329 4215 3422 4267 ἐπὶ
3449 4213 3536 4267 τὸν
3572 4211 3781 4283 Κύριον

2211 4316 2270 4368 ὲν
2295 4317 2361 4385 τῇ
2383 4315 2566 4386 ἡμέρᾳ
2593 4315 2795 4385 ἐκείνῃ,
2837 4314 2929 4366 καὶ
2972 4311 3180 4364 ἔσονται
3212 4308 3358 4378 αὐτῷ
3386 4309 3463 4370 εἰς
3501 4304 3645 4358 λαόν·
3683 4304 3783 4357 καὶ
3846 4354 3854 4362 ,

2202 4407 2724 4479 ,κατασκηνώσουσιν
2769 4409 2825 4459 ὲν
2877 4405 3024 4476 μέσῳ
3055 4419 3166 4464 σου,
3199 4401 3292 4453 καὶ
3317 4397 3519 4470 γνώσῃ,
3554 4397 3635 4448 ὃτι
3663 4393 3784 4448 Κύ-

2136 4503 2188 4564 D
2217 4518 2326 4571 ριος
2355 4499 2744 4572 παντοκράτωρ
2771 4494 3113 4562 ἐξαπέστειλε
3147 4509 3212 4563 με
3244 4491 3378 4562 πρὸς
3399 4489 3476 4542 σέ.
3515 4506 3534 4539 ι

2213 4613 2310 4669 ΙΘ’.
2364 4614 2504 4668 Ἀπὸ
2533 4613 2638 4667 τοῦ
2675 4613 2929 4667 Ἡσαΐου.
2951 4640 3018 4650 -
3037 4607 3303 4673 Δήλωσις
3333 4600 3618 4673 γενέσεως
3642 4598 3781 4673 Χριτ

2282 4665 2459 4748 stas;
2480 4665 2555 4738 ei
2578 4665 2758 4750 sua,
2821 4681 3035 4750 Ἰεσσαὶ
3081 4665 3625 4750 ausaausa...
3679 4665 3786 4720 και

2283 4745 2506 4822 κλῆσις
2535 4745 2608 4806 διῖ
2639 4745 2823 4806 αὑτοῦ
2854 4749 3092 4802 πάντων
3115 4745 3232 4799 τῶν
3253 4745 3462 4796 ἐθνῶν.

2291 4864 2310 4897 ι
2357 4843 2720 4910 Ἐξελεύσεται
2752 4840 2942 4912 ῥάϐδος
2970 4840 3034 4892 ὲκ
3069 4833 3222 4910 ῥίζης
3260 4829 3474 4890 Ἰεσσαὶ,
3505 4826 3598 4878 καὶ
3617 4823 3786 4887 ἄνθος

2215 4942 2281 4994 ὲκ
2312 4939 2410 5009 τῆς
2443 4937 2596 5010 ῥίζης
2635 4934 2980 5004 ἀναϐήσεται,
3034 4929 3126 4981 καὶ
3154 4920 3527 5010 ἀναπαύσεται
3549 4914 3636 5010 ἐπ’
3655 4915 3756 5010 ἀὐ
3776 4945 3788 4953 -

2216 5033 2306 5085 τὸν
2335 5004 2678 5100 ῐίνεξῦματοῦ
2715 5025 2870 5086 Θεοῦ,
2909 5043 2927 5074 ι
2972 5023 3064 5076 καὶ
3112 5020 3179 5072 τά
3219 5015 3362 5083 ὲξῆςο
3398 5004 3784 5100 οἷςὲπιλέγει’

2223 5143 2242 5176 ι
2270 5125 2380 5177 Καὶ
2407 5098 2558 5176 ἔσται
2603 5121 2658 5172 ὲν
2701 5121 2767 5189 τῇ
2797 5117 2976 5188 ἡμέρα
3004 5113 3185 5182 ἐκείνῃ
3216 5111 3249 5178 ὴ
3280 5103 3403 5178 ῥίζα
3429 5099 3522 5154 τοῦ
3564 5098 3784 5161 Ἰεσσαὶ,

2217 5217 2310 5269 καὶ
2363 5217 2392 5267 ὁ
2445 5211 2798 5281 ἀνιστάμενος
2847 5208 3031 5280 ἄρχειν
3082 5199 3268 5255 ἐθνῶν·
3323 5193 3409 5248 ἐπ’
3463 5191 3608 5261 αὐτῷ
3650 5190 3786 5261 ἔθνη

2216 5308 2506 5361 ἐλπιοῦσιν.
2556 5325 2574 5358 ι

2217 5404 2299 5456 Κ’.
2353 5399 2492 5456 Ἀπὸ
2528 5399 2635 5470 τοῦ
2659 5397 2870 5470 αὑτοῦ.
2893 5391 3250 5470 --Δήλωσις
3279 5385 3534 5470 Χριστοῦ
3555 5397 3784 5470 uapor):

2287 5448 2550 5537 ἓλ-ίᾶιῖςξαὶ
2566 5448 2991 5535 αὐτοῦ
3023 5448 3344 5532 parauerat}
3375 5460 3462 5523 εὶς
3487 5448 3684 5508 πάντα
3709 5448 3786 5502 τὰ

2285 5543 2430 5609 ἔθνη
2454 5539 2814 5608 εὐεργεσίας.

2293 5655 2311 5687 ι
2363 5634 2512 5697 Ἰδοὺ,
2543 5633 2572 5684 ὁ
2601 5633 2730 5693 παῖς
2776 5646 2896 5699 μου,
2944 5621 3300 5694 ἀντιλήψομαι
3334 5615 3516 5672 αὐτοῦ’
3569 5615 3599 5667 ὁ
3631 5611 3788 5666 ἐκλε-

660 5774 706 5805 ⁸⁸
731 5727 875 5828 Psai.
910 5787 1076 5832 xcm,
1118 5769 1231 5826 1-4.
1309 5769 1352 5800 ⁸³
1369 5766 1501 5823 ibid.
1534 5765 1649 5819 7-9.
1724 5760 1917 5818 “Gen.
1949 5770 2102 5822 XLIX,

2298 5753 2342 5785 ⁸⁷
2376 5749 2692 5822 Sophon.n,
2724 5747 2810 5802 Η.
2889 5741 3186 5813 "Sophon.
3216 5751 3298 5802 tu,
3321 5733 3485 5802 8-10,
3537 5729 3582 5762 ⁶⁹
3608 5727 3789 5784 Zach.

557 5860 618 5910 ιι,
658 5844 742 5900 10,
820 5843 866 5928 ξ’
892 5840 997 5895 lsa.
1023 5857 1098 5909 xl,
1131 5839 1252 5895 1-2..
1311 5839 1364 5922 ,τι
1396 5835 1525 5892 ibid.
1561 5837 1646 5889 10.
