3942 6258
573 368 668 425 HI

1237 365 1504 423 EUSEBII
1544 365 2021 423 CESSRIENSIS
2055 364 2205 422 OPP.
2249 363 2429 420 PARS
2460 361 2529 420 Π.
2562 392 2629 405 --
2669 362 3166 421 APOLOGETICA.

3704 366 3798 425 ΗΞ

569 499 624 543 et
656 488 883 541 condam
929 488 1082 542 vobis
1114 484 1521 542 Testamentum
1558 489 1971 558 sempiternum,
2012 503 2137 543 san-

2251 487 2462 556 Ξιγαθοῖς
2493 489 2527 558 ή
2559 485 2705 558 ψυχὴ
2726 485 2901 557 ὑμῶν,
2932 488 3026 541 καὶ
3049 487 3372 560 διαθήσομαι
3395 487 3522 559 ὑμῖν
3540 488 3798 564 διαθήκην

571 589 658 636 cta
684 580 853 637 David
888 581 1082 637 ﬁdelia.
1122 581 1259 637 Ecce
1289 583 1657 637 testimonium
1717 582 1971 653 gentibus
2014 582 2138 637 dedi

571 688 717 739 eum,
759 673 1060 744 principem
1109 682 1163 728 et
1211 675 1565 745 imperantem
1624 673 1891 744 gentibus.
1940 671 2139 728 Gentes

572 778 694 835 quas
725 780 833 818 non
865 773 1133 819 noverunt
1162 772 1234 827 te,
1270 766 1601 820 invocabunt
1626 772 1678 818 te
1710 785 1723 818 :
1758 772 1811 818 et
1842 765 2023 834 populi
2047 765 2138 833 Qui

572 855 825 911 nesciunt
876 863 947 919 te,
997 858 1063 910 ad
1120 865 1170 912 te
1218 856 1533 927 confugient
1578 864 1797 928 propter
1854 856 2139 911 Doﬁnum

572 947 738 1001 Deum
774 955 952 1011 tuum,
979 958 1228 1003 sanctum
1265 958 1421 1003 tuum
1457 947 1643 1014 Israel,
1674 950 1929 1019 quoniam
1975 948 2140 1017 glori-

572 1037 753 1092 iicavit
777 1037 900 1092 te."
926 1057 944 1088 ι
963 1036 1192 1103 Quando
1220 1054 1350 1109 ergo
1380 1040 1449 1093 ab
1480 1040 1568 1094 his
1599 1054 1815 1110 quoque
1847 1039 2139 1094 didicimus

570 1127 774 1185 Christi
824 1131 1114 1185 adventum
1157 1130 1473 1201 prmparari,
1508 1140 1568 1185 ut
1601 1147 1708 1185 non
1750 1133 1883 1187 solis
1914 1131 2138 1197 Iudaeis,

574 1222 668 1278 sed
706 1223 962 1277 omnibus
1001 1223 1253 1295 gentibus
1284 1224 1540 1280 salutaris
1574 1225 1713 1278 foret
1745 1244 1758 1279 :
1791 1240 1887 1296 age
1918 1226 2138 1281 tertium

572 1328 790 1385 quoque
817 1314 947 1369 illud
967 1314 1341 1379 ostendamus,
1356 1315 1811 1386 quemadmodum
1832 1316 1884 1370 in
1907 1317 2139 1372 adventu

572 1405 715 1476 ejus,
748 1421 852 1459 non
905 1406 1080 1459 solum
1131 1407 1355 1461 meliora
1393 1408 1644 1477 gentibus
1701 1422 1795 1478 per
1842 1405 2141 1479 Prophetas

572 1498 988 1561 nuntiabantur,
1038 1490 1132 1554 Sed
1173 1500 1333 1553 etiam
1379 1500 1444 1554 iis
1474 1500 1567 1570 qui
1615 1516 1681 1554 ex
1725 1503 2142 1557 circumcisione

573 1598 703 1647 sunt
748 1591 1042 1644 contraria.
1101 1587 1381 1660 Siquidem
1437 1592 1593 1661 plane
1650 1594 1887 1656 ruinam,
1916 1599 1971 1647 et
2005 1592 2142 1662 reje-

572 1683 806 1737 ctionem
860 1680 1098 1736 Judaicze
1147 1682 1323 1752 gentis
1382 1675 1899 1754 futuram,pr0pter
1952 1697 2140 1738 eorum

572 1784 700 1842 erga
727 1769 1007 1825 Christum
1067 1770 1529 1837 incredulitatem,
1562 1773 1783 1828 oracula
1833 1788 1953 1843 quae
1996 1774 2140 1843 apud

572 1862 724 1932 ipsos
755 1861 1043 1928 habentur,
1074 1862 1429 1930 pronuntiant
1465 1884 1478 1917 :
1513 1871 1572 1917 ut
1595 1864 1707 1934 jam
1751 1879 1861 1919 non
1901 1865 2138 1935 aequales
2173 1845 2213 1898 Β

574 1968 675 2008 nos
707 1955 808 2013 eis.
841 1955 935 2009 sed
965 1954 1125 2009 etiam
1158 1955 1314 2025 longe
1354 1955 1665 2024 superiores
1701 1954 2001 2010 videamur.
2024 1955 2139 2011 Ca3-

571 2053 751 2101 terum
788 2061 933 2100 nunc
973 2061 1191 2116 quoque
1217 2053 1339 2100 utar
1370 2045 1532 2100 nudis
1561 2044 1951 2117 Prophetarum
1982 2047 2137 2114 locis,

572 2153 674 2194 nec
701 2153 765 2194 ea
798 2139 909 2193 ullo
954 2137 1119 2192 modo
1148 2137 1575 2208 contemplabor,
1611 2152 1733 2192 cum
1789 2149 2009 2209 propter
2047 2155 2141 2195 eo-

570 2230 819 2286 rumdem
864 2229 1329 2302 perspicuitatem,
1369 2234 1484 2282 tum
1534 2228 1679 2299 quod
1716 2229 1971 2285 liberiore
2007 2232 2138 2296 otio,

572 2323 941 2395 plenissimam
992 2336 1182 2377 eorum
1227 2322 1624 2391 expositionem
1682 2320 1881 2377 edituri
1927 2337 2137 2379 sumus.

1176 2431 1405 2486 CAPUT
1452 2430 1539 2486 III.

573 2543 1026 2615 Quemadmodum
1058 2546 1108 2599 in
1142 2547 1408 2600 vocatione
1436 2547 1688 2617 gentium,
1723 2562 1838 2615 qua
1866 2560 1956 2613 per
1986 2544 2142 2600 Chri-

641 2653 780 2698 stum
809 2639 1051 2711 facienda
1079 2651 1214 2701 erat,
1244 2641 1557 2697 Judworum
1599 2650 1798 2712 gentem
1829 2659 1860 2694 a
1889 2643 1998 2694 ritu
2029 2657 2141 2710 pro-

639 2729 776 2796 prio,
812 2728 1053 2798 cultuque
1090 2728 1184 2783 Dei
1207 2729 1392 2784 cadere
1422 2730 1715 2798 oportebat.

572 2837 759 2913 XXIV,
796 2840 874 2893 Ab
897 2840 1148 2895 Jeremia.
1179 2873 1247 2913 -έ
1276 2840 1577 2896 Declaratio
1629 2842 1926 2910 rejectionis
1973 2844 2140 2913 gentis

642 2909 974 2975 Judworum,
999 2920 1048 2965 et
1069 2912 1366 2980 adoptionis
1399 2913 1630 2983 gentium
1659 2909 1769 2966 loco
1796 2909 1996 2967 eorum:

649 3080 669 3114 ι
712 3062 837 3118 llaec
879 3063 1013 3119 dicit
1048 3062 1311 3121 Dominus
1344 3083 1357 3119 :
1395 3063 1547 3120 State
1593 3067 1648 3120 in
1691 3066 1813 3130 viis,
1849 3074 1905 3122 et
1937 3066 2135 3130 videte,

2242 579 2476 640 αἰώνιον,
2523 577 2591 631 τὰ
2634 579 2756 630 ὅσια
2787 577 2947 631 Δαϐὶδ
2972 579 3038 632 τὰ
3087 578 3273 632 πιστά.
3325 578 3453 632 Ἰδοὺ
3507 581 3799 651 μαρτύριον

2241 669 2415 724 ἔθνεσι
2435 668 2642 722 δέδωκα
2669 669 2848 731 αὐτὸν,
2873 669 3106 740 ἄρχοντα
3130 670 3220 723 καὶ
3238 672 3644 743 προστάσσοντα
3666 671 3802 726 ἔθνεα

2244 779 2343 816 σιν.
2370 761 2536 832 Ἐθνη
2576 760 2610 815 ἃ
2636 761 2735 813 οὐκ
2777 761 2977 815 οἴδασίν
3017 778 3097 827 σε,
3146 760 3556 815 ἐπικαλέσονταί
3595 778 3676 825 σε,
3711 764 3802 816 καὶ

2241 853 2357 906 λαοὶ
2410 854 2458 907 οἳ
2504 854 2604 906 οὐκ
2645 854 2960 906 ἐπίστανταί
3007 869 3086 917 σε,
3122 852 3212 906 ἐπὶ
3252 854 3310 905 σὲ
3355 853 3799 924 καταφεύξονται,

2239 942 2403 996 ἕνεκα
2447 943 2649 1015 Κυρίου
2679 943 2771 997 τοῦ
2802 943 2937 996 Θεοῦ
2978 942 3068 997 τοῦ
3102 944 3259 1011 ἁγίου
3294 961 3388 996 σου
3434 944 3671 1016 Ἰσραὴλ,
3724 946 3800 999 ὅτι

2242 1034 2491 1100 ἐδόξασεν
2523 1052 2604 1088 σε.
2646 1053 2662 1085 ι
2702 1037 2809 1089 Καὶ
2838 1034 2925 1087 διὰ
2954 1035 3156 1088 τούτων
3182 1031 3273 1088 οὖν
3306 1035 3704 1107 μεμαθηκότες,
3731 1037 3802 1101 ὡς

2242 1127 2394 1197 ήτοῦ
2428 1125 2662 1199 Χριστοῦ
2698 1126 2967 1196 παρουσία
3017 1128 3077 1180 οὐ
3116 1128 3311 1199 μόνοιςτ
3341 1127 3632 1191 Ἰουδαίοις,
3671 1127 3803 1181 ἀλλά

2242 1217 2334 1270 καὶ
2365 1219 2498 1270 πᾶσι
2528 1218 2640 1281 τοῖς
2666 1216 2839 1271 ἔθνεσι
2874 1219 3140 1290 σωτήριος
3180 1218 3395 1275 ἔσεσθαι
3438 1218 3801 1291 προηυτρεπί-

2242 1307 2383 1372 ζετο,
2426 1307 2556 1379 φέρε
2602 1308 2696 1361 καὶ
2726 1309 2788 1361 τὸ
2831 1309 3011 1381 τρίτον
3044 1309 3432 1380 ἀποδείξωμεν,
3475 1310 3622 1374 ὅπως
3664 1311 3802 1365 κατά

2239 1399 2363 1463 τοὺς
2394 1399 2493 1469 τῆς
2516 1399 2829 1468 ἐπιφανείας
2856 1400 3018 1454 αὑτοῦ
3051 1401 3272 1471 χρόνους
3294 1402 3353 1453 οὐ
3383 1401 3542 1471 μόνον
3572 1402 3640 1454 τὰ
3671 1418 3804 1474 χρη-

2243 1492 2468 1562 στότερα
2498 1493 2611 1554 τοῖς
2656 1489 2830 1543 ἔθνεσι
2865 1490 3287 1563 προεφητεύετο,
3316 1491 3451 1545 ἀλλά
3477 1491 3571 1546 καὶ⁵
3601 1496 3714 1556 τοῖς
3742 1495 3803 1548 ὲκ

2244 1585 2540 1658 περιτομῆς
2570 1584 2640 1638 τὰ
2677 1585 2915 1640 ἐναντία.
2966 1586 3268 1658 Διαρρήδην
3312 1585 3443 1655 γοῦν
3486 1587 3802 1640 ἀπόπτωσιν

2242 1677 2335 1731 καὶ
2355 1676 2621 1748 ἀποϐολὴν
2651 1676 2743 1730 τοῦ
2782 1676 3045 1730 Ἰουδαίων
3075 1677 3276 1741 ἔθνους,
3303 1677 3388 1731 διὰ
3428 1677 3527 1749 τὴν
3561 1680 3640 1742 εἰς
3674 1680 3806 1751 Χρι-

2246 1768 2367 1821 στὸν
2394 1768 2649 1821 ἀπιστίαν
2690 1767 2887 1833 αὐτῶν,
2918 1767 3153 1834 ἔσεσθαι,
3173 1769 3241 1822 τὰ
3273 1768 3402 1839 παρ’
3440 1769 3622 1833 αὐτοῖς
3649 1768 3804 1838 λόγια

2241 1858 2620 1932 προαγορεύει,
2651 1859 2725 1924 ὡς
2752 1860 2945 1931 μηκέτι
2976 1859 3121 1924 ἴσους
3146 1861 3293 1930 ἡμᾶς
3322 1862 3523 1924 αὐτοῖς,
3549 1859 3686 1914 ἀλλά
3713 1861 3804 1915 καὶ

2241 1950 2518 2022 κρείττους
2562 1950 2740 2003 αὐτῶν
2780 1952 2845 2004 ἐκ
2892 1951 3204 2021 περιουσίας
3250 1951 3655 2020 ἀναφαίνεσθαι.
3696 1953 3806 2006 Καὶ

2239 2040 2332 2096 νῦν
2352 2040 2412 2095 δὲ
2440 2041 2712 2113 χρήσομαι
2742 2041 2922 2111 ψιλαῖς
2953 2044 3073 2104 ταῖς
3102 2040 3210 2094 τῶν
3236 2041 3527 2114 προφητῶν
3566 2042 3805 2115 παραθέ-

2241 2150 2378 2197 σεσι,
2419 2134 2539 2205 δίχα
2567 2135 2746 2205 πάσης
2785 2134 2884 2202 τῆς
2914 2135 2993 2196 εἰς
3033 2132 3204 2197 αὐτὰς
3247 2133 3497 2205 θεωρίας,
3536 2133 3624 2188 διά
3648 2152 3712 2188 τε
3746 2134 3806 2190 τδ

2242 2224 2407 2294 σαφὲς
2436 2223 2634 2288 αὐτῶν,
2676 2225 2770 2279 καὶ
2798 2224 2884 2277 διὰ
2928 2224 2989 2277 τὸ
3037 2222 3250 2294 μέλλειν
3296 2224 3387 2276 ἐπὶ
3430 2223 3626 2295 σχολῆς
3669 2223 3808 2297 πλη-

2244 2316 2504 2389 ρεστάτην
2537 2315 2716 2370 αὐτῶν
2748 2314 3076 2387 ποιήσασθαι
3104 2316 3201 2387 τὴν
3234 2314 3496 2380 ἐξέτασιν.

2767 2429 3160 2482 ΚΕΦΑΛΑΙΟΝ
3209 2428 3282 2481 Γ’.

2245 2543 2434 2608 Ὅπως
2463 2543 2559 2597 ἐπὶ
2590 2543 2663 2611 τῇ
2687 2542 2804 2596 τῶν
2833 2541 3023 2595 ἐθνῶν
3049 2542 3288 2611 κλήσει,
3314 2542 3388 2613 τῇ
3411 2542 3506 2597 διὰ
3537 2542 3641 2596 τοῦ
3675 2545 3810 2613 Χρι-

2310 2635 2460 2691 στοῦ
2512 2636 2821 2707 γενομένῃ,
2860 2636 3207 2702 ἀπόπτωσις
3249 2635 3505 2706 ἔμελλεν
3533 2636 3806 2701 ἔσεσθαι,

2310 2728 2421 2799 τῆς
2450 2729 2597 2784 κατὰ
2621 2727 2769 2783 Θεὸν
2799 2728 3103 2795 εὐσεϐείας
3135 2725 3215 2794 τῷ
3249 2727 3540 2783 Ἰουδαίων
3563 2728 3747 2784 ἔθνει.

2241 2838 2365 2892 KA’.
2400 2838 2532 2891 Ἀπὸ
2548 2837 2651 2891 τοῦ
2686 2837 2974 2907 Ἰερεμίου.
2999 2869 3068 2880 -
3085 2835 3352 2907 Δήλωσις
3366 2835 3675 2907 ἀρνήσεως
3701 2835 3808 2907 τοῦ

2324 2907 2624 2961 Ἰουδαίων
2652 2904 2883 2974 ἔθνους,
2912 2908 3008 2962 καὶ
3034 2906 3144 2976 τῆς
3174 2907 3299 2961 ἀντ’
3322 2904 3518 2961 αὐτῶν
3540 2904 3810 2973 εἰσποιή-

2312 2994 2466 3045 σεως
2503 2978 2620 3030 τῶν
2650 2977 2859 3031 ἐθνῶν.

2316 3089 2335 3123 ι
2364 3068 2500 3123 Τάδε
2528 3068 2672 3137 λέγει
2697 3067 2917 3139 Κύριος·
2949 3067 3116 3138 Στῆτε
3149 3069 3206 3121 ὲν
3225 3070 3343 3132 ταῖς
3364 3068 3615 3133 ὁδοῖς,καὶ
3640 3066 3807 3131 ἴδετε,

570 3165 625 3210 et
677 3162 864 3226 rogate
910 3155 1132 3212 semitas
1167 3154 1383 3211 Domini
1436 3158 1830 3227 sempiternas,
1880 3164 1932 3213 et
1963 3156 2137 3213 videte

2251 3163 2335 3218 καὶ
2373 3161 2686 3232 ἐρωτήσατε
2728 3159 2945 3232 τρίϐους
2987 3160 3189 3232 Κυρίου
3231 3159 3499 3223 αἰωνίους·
3535 3159 3628 3213 καὶ
3662 3159 3808 3213 ἴδετε

572 3263 820 3317 quamam
871 3249 941 3303 sit
980 3251 1065 3304 via
1114 3252 1277 3314 bona,
1313 3258 1367 3305 et
1405 3249 1679 3305 ambulate
1711 3250 1764 3303 in
1792 3265 1876 3315 ea,
1908 3260 1962 3304 et
1990 3249 2142 3303 inve-

573 3337 736 3392 nietis
790 3339 1166 3408 purgationem
1220 3338 1418 3394 animis
1464 3337 1680 3393 vestris.
1726 3335 1790 3390 Et
1844 3335 2139 3391 dixerunt:

574 3440 682 3482 non
739 3429 1160 3486 ambit-labimus.
1206 3430 1479 3487 Constitui
1528 3445 1693 3500 super
1746 3444 1843 3485 vos
1896 3427 2145 3498 specula-

567 3528 741 3584 tores,
775 3520 960 3577 audite
991 3538 1178 3579 vocem
1203 3524 1373 3590 tubae;
1405 3531 1459 3579 et
1486 3524 1744 3579 dixerunt
1773 3539 1787 3578 :
1820 3537 1928 3576 non
1953 3518 2140 3577 audie-

572 3626 717 3669 mus.
754 3613 863 3686 54
900 3612 1108 3670 Idcirco
1145 3615 1439 3671 audierunt
1466 3623 1677 3687 gentes,
1700 3621 1756 3667 et
1784 3614 1878 3684 qui
1909 3618 2141 3683 pascunt

566 3712 765 3774 greges
794 3704 849 3758 in
874 3705 975 3760 eis.
1003 3704 1106 3761 τ’.»

569 3813 739 3871 XXV.
776 3816 1175 3890 Ab_eodem.—
1200 3816 1422 3873 Pietatis
1464 3820 1695 3890 gentium
1743 3818 2056 3890 declaratio,
2087 3826 2139 3890 et

641 3889 810 3959 gentis
834 3885 1086 3941 Judaicie
1123 3889 1409 3959 impietatis
1455 3885 1745 3959 accusatio,
1776 3898 1825 3943 et
1866 3888 2139 3959 praedictio

636 3958 928 4021 malorum,
970 3974 1086 4028 quia
1131 3967 1249 4027 post
1293 3958 1494 4014 Christi
1555 3958 1834 4014 adventum
1870 3958 2139 4015 'invasura

630 4035 792 4080 erant
818 4044 925 4081 eos.

636 4160 666 4190 τι
700 4139 947 4204 Domine,
980 4139 1239 4196 fortitudo
1273 4156 1413 4204 mea,
1446 4148 1500 4197 et
1541 4140 1807 4197 auxilium
1851 4157 2053 4208 meum,
2083 4149 2139 4196 et

571 4231 843 4303 refugium
883 4249 1061 4288 meum
1091 4236 1145 4289 in
1178 4234 1268 4289 die
1298 4234 1588 4289 malorum.
1616 4233 1694 4288 Ad
1738 4241 1789 4288 te
1831 4241 2021 4305 gentes
2045 4250 2139 4293 ve-

570 4324 743 4387 nient,
770 4323 839 4378 ab
862 4334 1106 4379 extremo
1133 4332 1319 4386 terrm,
1346 4333 1398 4378 et
1428 4323 1611 4379 dicent
1638 4339 1651 4374 :
1690 4322 1824 4380 Vere
1853 4324 1987 4379 falsa
2010 4340 2138 4397 pos-

571 4418 831 4473 sederunt
861 4426 1043 4487 patres
1076 4419 1249 4473 nostri
1282 4417 1595 4484 simulacra,
1626 4428 1682 4473 et
1717 4435 1825 4474 non
1855 4427 1939 4475 est
1963 4420 2019 4475 in
2056 4421 2136 4477 eis

2243 3253 2371 3308 ποία
2402 3255 2548 3307 ἐστὶν
2591 3254 2625 3323 ἡ
2664 3252 2781 3315 ὁδὸς
2813 3253 2846 3324 ή
2893 3250 3092 3323 ἀγαθὴ,
3121 3251 3214 3305 καὶ
3257 3251 3498 3322 βαδίζετε
3542 3252 3601 3304 ὲν
3638 3253 3807 3324 αὐτῇ,

2240 3346 2337 3401 καὶ
2364 3346 2626 3416 εὑρήσετε
2654 3344 2913 3415 ἁγνισμὸν
2933 3345 3053 3407 ταῖς
3072 3343 3270 3415 ψυχαῖς
3292 3345 3321 3397 ὐ
3329 3344 3462 3415 μῶν.
3491 3345 3600 3399 Καὶ
3619 3339 3807 3398 εἴπανο

2239 3437 2315 3492 06
2377 3434 2771 3507 πορευσόμεθα,
2828 3434 3155 3488 Καθέστακα
3206 3436 3292 3505 ἐφ’
3345 3436 3488 3507 ὑμᾶς
3543 3436 3806 3499 σκοποὺς,

2239 3528 2509 3585 ἀκούσατε
2536 3529 2633 3600 τῆς
2656 3527 2837 3598 φωνῆς
2864 3527 2966 3598 τῆς
2994 3527 3311 3598 σάλπιγγος,
3342 3528 3436 3582 καὶ
3464 3522 3622 3580 εἶπαν
3641 3542 3655 3556 ·
3694 3528 3812 3581 Οὐκ

2237 3619 2600 3690 ἀκουσόμεθα.
2629 3616 2727 3670 Διά
2760 3618 2916 3671 τοῦτο
2940 3618 3174 3688 ἥκουσαν
3201 3619 3270 3672 τὰ
3300 3618 3448 3690 ἔθνη,
3480 3619 3573 3671 καὶ
3601 3619 3655 3671 οἱ
3684 3634 3809 3670 ποι-

2242 3712 2523 3783 μαίνοντες
2545 3711 2612 3765 τὰ
2638 3712 2863 3783 ποίμνια
2887 3711 2945 3765 ὲν
2971 3711 3173 3772 αὐτοῖς.
3207 3729 3225 3761 ι

2239 3825 2368 3877 KE'.
2406 3822 2537 3877 Ἀπὸ
2560 3822 2667 3878 τοῦ
2690 3823 2979 3877 αὑτοῦ.--
2996 3823 3109 3892 Τῆς
3141 3821 3261 3876 τῶν
3279 3822 3468 3876 ἐθνῶν
3493 3824 3807 3892 εὐσεϐείας

2306 3894 2592 3963 δήλωσις,
2619 3893 2719 3946 καὶ
2745 3893 2856 3962 τῆς
2879 3893 2983 3947 τοῦ
3018 3892 3308 3963 Ἰουδαίων
3322 3895 3540 3963 ἔθνους
3576 3892 3811 3963 δυσσετ

2308 3965 2467 4028 ὄείας
2481 3964 2818 4033 κατηγορία.
2842 3964 3171 4032 Πρόρῤησις
3192 3962 3259 4015 δὲ
3274 3962 3389 4016 τῶν
3403 3962 3551 4031 μετὰ
3563 3962 3681 4029 τὴν
3701 3962 3811 4033 τοῦ

2307 4034 2561 4102 Χριστοῦ
2576 4032 2914 4102 παρουσίαν
2920 4035 3328 4102 μετελθόντων
3345 4033 3564 4098 αὐτοὺς
3578 4032 3809 4088 κακῶν.

2313 4168 2331 4199 ι
2365 4148 2558 4219 Κύριε,
2604 4148 2756 4218 ἰσχύς
2799 4164 2901 4217 μου
2944 4146 3039 4200 καὶ
3082 4144 3299 4217 βοήθειά
3340 4163 3462 4217 μου,
3506 4146 3600 4199 καὶ
3632 4163 3812 4200 κατα-

2237 4241 2381 4312 φυγή
2415 4256 2514 4311 μου
2546 4240 2603 4292 ὲν
2623 4239 2806 4311 ἡμέρᾳ
2835 4238 3041 4301 κακῶν,
3068 4237 3202 4309 πρὸς
3236 4239 3295 4290 σὲ
3316 4236 3441 4308 ἔθνη
3467 4238 3689 4308 ήξουσιν
3711 4238 3814 4291 ἀπ’

2236 4334 2461 4403 ἐσχάτου
2501 4332 2600 4401 τῆς
2628 4331 2754 4402 γῆς,
2782 4330 2875 4385 καὶ
2898 4330 3130 4403 ἐροῦσιν·
3182 4331 3268 4394 Ὠς
3299 4330 3465 4400 ψευδῆ
3507 4332 3817 4402 ἐκτήσαντο

2237 4426 2285 4478 οἱ
2325 4423 2560 4494 πατέρες
2609 4420 2764 4494 ήμῶν
2802 4420 3016 4486 εἴδωλα,
3055 4421 3148 4475 καὶ
3190 4421 3290 4475 οὐκ
3333 4421 3479 4474 ἐστιν
3527 4420 3585 4473 ἐν
3622 4420 3817 4485 αὐτοῖς

572 4508 780 4564 utilitas
810 4526 825 4561 :
863 4507 910 4563 si
954 4506 1117 4562 faciet
1145 4508 1249 4563 sibi
1278 4507 1441 4563 homo
1473 4509 1625 4570 deos.
1662 4516 1716 4564 ct
1757 4509 1812 4563 hi
1858 4526 1968 4566 non
2006 4519 2136 4567 sunt

2251 4514 2490 4584 ὠφέλεια·
2526 4515 2575 4566 et
2610 4515 2825 4586 ποιήσει
2849 4511 3023 4583 ἑαυτῷ
3044 4510 3327 4585 ἄνθρωπος
3345 4512 3520 4575 θεοὺς,
3544 4510 3640 4565 καὶ
3662 4506 3818 4566 οὗτοι

567 4599 668 4655 dii.
692 4596 900 4655 Idcirco
940 4614 1044 4670 ego
1067 4600 1350 4656 ostendam
1379 4602 1460 4657 cis
1493 4601 1548 4655 in
1581 4609 1824 4670 tempore
1857 4602 1960 4658 hoc
1992 4622 2005 4657 :
2034 4618 2136 4657 no-

569 4704 681 4749 tam
724 4692 921 4748 faciam
962 4693 1043 4750 eis
1089 4709 1309 4748 manum
1339 4709 1536 4757 meam,
1568 4704 1624 4749 et
1654 4694 1905 4751 virtutem
1936 4710 2134 4762 meam.

566 4795 624 4843 et
644 4793 998 4856 cognoscent,
1026 4784 1172 4856 quod
1216 4798 1415 4841 nomen
1457 4786 1589 4838 mihi
1620 4782 1902 4841 Dominus.
1934 4785 2136 4842 Pecca-

568 4886 686 4933 tum
723 4876 863 4933 Juda
897 4878 1160 4948 scripturn
1194 4884 1279 4933 est
1315 4880 1453 4950 ston
1489 4878 1666 4935 ferreo
1697 4880 1750 4934 in
1783 4896 1961 4951 ungue
2001 4879 2135 4934 ada-

569 4968 837 5031 mantina,
871 4975 1151 5023 exaratum
1189 4984 1354 5039 super
1387 4970 1673 5026 latitudine
1706 4970 1889 5026 cordis
1917 4986 2129 5026 eorum.

567 5057 705 5113 Cum
733 5059 1015 5114 recordata
1047 5060 1247 5119 iuerint
1273 5077 1494 5117 nemora
1524 5076 1714 5117 eorum
1749 5062 1803 5116 in
1836 5062 1981 5134 ligno
2002 5078 2136 5118 con-

568 5150 760 5214 denso,
791 5159 844 5205 et
876 5151 931 5205 in
965 5154 1197 5209 collibus
1218 5155 1467 5216 excelsis,
1489 5163 1543 5208 et
1572 5154 1867 5220 montibus,
1892 5156 1945 5208 in
1981 5171 2131 5226 agro.

567 5241 960 5300 Fortitudinem
1003 5254 1171 5309 tuam,
1201 5254 1253 5300 et
1286 5247 1572 5301 thesauros
1612 5254 1739 5302 tuos
1776 5248 1830 5301 in
1874 5246 2133 5317 direptio-

567 5351 692 5390 nem
739 5336 900 5403 dabo,
933 5348 985 5393 et
1014 5341 1229 5393 excelsa
1278 5348 1390 5403 tua,
1420 5348 1643 5409 propter
1672 5347 1893 5409 peccata
1927 5348 2040 5401 tua,
2076 5340 2131 5392 in

494 5449 501 5457 υ
566 5429 821 5487 omnibus
876 5430 1077 5489 ﬁnibus
1128 5433 1237 5487 tuis
1265 5451 1279 5486 :
1310 5440 1367 5486 ct
1401 5431 1727 5502 relinqueris
1776 5433 1914 5495 sola,
1938 5438 1991 5487 et
2025 5431 2133 5486 hu-

564 5520 865 5577 miliabcris
915 5523 983 5575 ab
1036 5524 1345 5576 haereditate
1399 5531 1511 5586 tua,
1554 5539 1719 5593 quam
1756 5524 1877 5578 dedi
1902 5523 2029 5589 tibi,
2083 5533 2134 5577 et

566 5611 771 5665 servire
804 5619 856 5664 te
888 5609 1080 5665 l‘aciam
1116 5610 1350 5666 inimicis
1384 5612 1490 5666 tuis
1530 5612 1582 5666 in
1624 5621 1788 5678 terra,
1823 5629 1984 5683 quam
2025 5628 2133 5668 non

634 5785 680 5817 ⁷⁸
702 5783 811 5840 Isa.
841 5800 928 5850 LV,
963 5774 1077 5839 355.
1156 5787 1200 5818 τ’
1221 5784 1332 5842 Jer.
1355 5802 1430 5852 vr,
1458 5786 1643 5842 16-18.

2241 4607 2341 4661 οὐκ
2368 4607 2474 4660 εἰσὶ
2502 4605 2633 4663 θεοί.
2670 4606 2767 4660 Διά
2791 4605 2951 4659 τοῦτο
2978 4605 3087 4659 ἰδοὺ
3119 4605 3230 4675 ἐγὼ
3255 4604 3411 4673 δείξω
3430 4605 3613 4669 αὐτοῖς
3648 4606 3714 4659 ὲν
3735 4603 3820 4676 τῷ

2242 4693 2417 4768 καιρῷ
2443 4694 2638 4766 τούτῳ,
2678 4694 2894 4767 γνωριῶ
2926 4695 3108 4759 αὐτοῖς
3131 4694 3227 4766 τὴν
3256 4693 3413 4766 χεῖρά
3452 4710 3552 4766 μου
3587 4693 3687 4748 καὶ
3712 4692 3821 4765 τὴν

2241 4785 2466 4857 δύναμίν
2492 4801 2623 4857 μου’
2655 4786 2747 4839 καὶ
2779 4784 3096 4854 γνώσονται,
3134 4787 3218 4839 ὅτι
3247 4784 3414 4856 ὄνομά
3445 4802 3534 4855 μοι
3577 4784 3819 4856 Κύριος.

2252 4879 2521 4950 Ἀμαρτία
2584 4878 2755 4933 Ἰούδα
2808 4877 3177 4951 ἐγγέγραπται
3222 4881 3279 4932 ὲν
3321 4880 3506 4949 γραφῇ
3549 4878 3607 4930 ὲν
3653 4876 3821 4949 ὄνυχι

2238 4968 2602 5040 ἁδαμαντίνῳ,
2653 4968 3101 5041 ὲγκεκολαμμένη
3155 4959 3387 5022 ἐπὶ’τοῦ
3435 4967 3663 5040 στήθους
3712 4969 3825 5040 τῆς

2243 5060 2467 5133 καρδίας
2495 5059 2693 5125 αὐτῶν,
2718 5061 2881 5132 ήνίκα
2916 5060 2981 5115 ἂν
3017 5059 3325 5132 μνησθῶσιν
3354 5060 3423 5114 τὰ
3449 5061 3585 5131 ἄλση
3622 5059 3826 5113 αὐτῶν

2240 5152 2333 5204 ἐπὶ
2376 5151 2530 5217 ξύλου
2580 5151 2784 5215 δασέως
2833 5153 2925 5205 καὶ⁸
2974 5153 3064 5204 ἐπὶ
3108 5151 3308 5222 βουνῶν
3357 5150 3665 5223 μετεώρων,
3720 5151 3827 5204 καὶ

2238 5247 2407 5317 ὀρέων
2450 5248 2507 5299 ὲν
2544 5245 2718 5316 ἀγρῷ.
2778 5245 2949 5315 ’ἰσχύν
2988 5261 3079 5297 σου
3121 5246 3213 5299 καὶ
3253 5244 3559 5316 θησαυρούς
3593 5259 3691 5296 σου
3736 5245 3827 5307 εἰς

2239 5338 2516 5410 προνομὴν
2536 5337 2709 5399 δώσω.
2734 5340 2827 5391 καὶ
2850 5338 2917 5391 τὰ
2956 5335 3136 5407 ὑψηλά
3175 5352 3268 5389 σου
3292 5335 3380 5389 διὰ
3406 5335 3509 5399 τὰς
3534 5336 3829 5407 ἁμαρτίας

2240 5446 2335 5483 σου
2368 5430 2463 5493 τὰς
2489 5432 2547 5484 ἐν
2582 5432 2713 5484 πᾶσι
2741 5433 2851 5493 τοῖς
2877 5428 3043 5500 ὁρίοις
3072 5445 3165 5481 σου
3184 5445 3198 5458 ·
3229 5430 3323 5482 καὶ
3360 5427 3611 5501 ἀφεθήσῃ
3642 5428 3831 5501 μόνη,

2240 5522 2331 5574 καὶ⁵
2354 5521 2732 5593 ταπεινωθήσῃ
2752 5521 2858 5575 ἀπὸ
2879 5519 2978 5589 τῆς
3005 5517 3363 5590 κληρονομίας
3384 5535 3500 5583 σου,
3533 5513 3601 5590 ἧς
3629 5512 3836 5572 ἔδωκα

2241 5629 2352 5667 σοι·
2390 5615 2483 5667 καί
2515 5611 2906 5669 καταδουλώσω
2941 5629 2998 5665 σε
3035 5615 3148 5677 τοῖς
3173 5613 3383 5685 ἐχθροῖς
3416 5628 3512 5665 σου
3549 5613 3608 5666 ὲν
3631 5613 3711 5683 τῇ
3751 5614 3831 5685 γῇ
