3942 6258
510 397 617 454 “5

1176 390 1447 448 EUSEBII
1482 385 1961 446 CESABIENSIS
1997 385 2092 442 ΟΡ]

2210 379 2371 436 mas
2407 379 2472 434 ιι.
2509 407 2581 421 -
2616 351 3141 432 ΑΡοιοοΕτιοΑ.“

3646 361 3750 419 116

510 509 698 567 XXIX.
738 509 778 563 Α
815 508 1181 563 Malacltia.-
1209 505 1486 560 Recusutio
1514 505 1679 574 gentis
1705 502 1982 564 Judaicw,
2028 511 2077 555 et

2210 496 2307 574 161-
2336 492 2625 574 .·Απρ,τοῡ
2658 477 3747 574 Μαλρικιουο-ξῖαρίξίετιςτειῐοτὶὲξνξί-

579 581 869 653 corporalis
902 581 1142 653 ipsorum
1177 577 1392 653 ea:_lege
1433 577 1597 653 illatis
1639 574 1966 629 adorationis
1995 588 2078 653 re-

577 641 755 720 iectio,
783 641 1055 720 s'pirit'ueli
1098 641 1396 702 introducta
1442 647 1495 700 in
1527 661 1702 700 omnes
1731 654 1903 716 gentes
1946 641 2077 697 ade-

579 717 783 775 ratione
813 717 905 790 per
929 717 1221 777 Christum.

582 877 690 949 56
717 896 736 926 ι
763 874 881 930 Non
906 882 1124 930 estmea
1149 870 1465 925 voluntasin
1484 867 2079 935 vobis,dicitDominus

512 970 880 1039 omnipotens,
905 974 960 1020 et
987 963 1317 1020 sacriﬁcium
1346 978 1453 1017 non
1484 960 1777 1031 suscipiam
1804 959 1872 1015 de
1900 959 2077 1013 mani-

514 1065 617 1118 bus
638 1060 835 1116 vestris
861 1077 876 1126 ;
910 1059 1167 1129 quoniam
1197 1055 1265 1109 ab
1289 1060 1411 1107 ortu
1437 1054 1588 1118 solis,
1613 1061 1666 1108 et
1698 1067 1869 1123 usque
1892 1052 1959 1106 ad
1988 1065 2080 1105 oc-

514 1168 724 1216 casum,
753 1167 954 1208 nomen
988 1165 1166 1205 meum
1202 1146 1558 1219 gloriﬁcatum
1591 1146 1753 1202 estin
1781 1145 2032 1217 gentibus
2062 1164 2076 1199 ε

513 1255 569 1302 et
590 1248 644 1300 in
676 1244 826 1299 omni
848 1244 967 1297 loco
1006 1242 1290 1298 incensum
1321 1238 1543 1295 oﬁ’ertur
1576 1239 1785 1293 nomini
1831 1253 1952 1292 meo
1972 1277 1986 1300 ,
2025 1244 2081 1291 et

518 1339 697 1393 hostia
732 1335 933 1392 munda
964 1354 978 1389 :
1009 1334 1262 1404 quoniam
1293 1347 1544 1401 magnum
1577 1346 1773 1385 nomen
1817 1344 1992 1383 meum
2023 1328 2079 1383 in

515 1429 788 1501 gentibus,
807 1426 940 1483 dicit
971 1424 1234 1480 Dominus
1256 1423 1618 1495 omnipotens,
1643 1436 1740 1476 vos
1756 1429 1934 1475 autem
1957 1434 2081 1489 pro—

462 1522 466 1529 ’
516 1521 713 1576 fanatis
742 1519 871 1575 illud
898 1518 964 1572 ⁸⁸.
1008 1537 1028 1569 ι

518 1632 681 1688 XXX.
724 1632 802 1685 Ab
836 1631 1009 1686 Isaia.
1048 1661 1118 1671 -—
1145 1629 1387 1683 Iudaicae
1415 1629 1580 1699 gentis
1612 1627 1767 1680 ruina
1792 1667 1806 1688 ,
1845 1624 2081 1699 verbique

587 1704 703 1767 Dei,
723 1713 771 1756 et
806 1703 931 1772 legis
976 1717 1120 1756 nova:
1163 1700 1384 1772 ejusque
1420 1697 1610 1772 domus
1658 1697 1978 1765 divulgatio.
2031 1703 2081 1746 et

586 1774 796 1844 pietatis
829 1768 1059 1826 omnium
1091 1768 1323 1842 gentium
1350 1768 1658 1823 declaratio.

592 1969 611 2001 σ
654 1949 1010 2019 Relinquetur
1037 1948 1146 2002 ﬁlia
1178 1946 1310 2002 Sion
1334 1958 1394 2001 ut
1409 1946 1784 2002 umbraculum
1819 1944 1869 1996 in
1901 1943 2089 2019 vinea,’

518 2052 573 2097 et
598 2042 740 2096 sicut
771 2042 1045 2096 fructuum
1075 2039 1325 2096 custodia
1372 2039 1429 2092 in
1474 2036 1851 2093 cucumerario
1877 2074 1891 2098 ,
1939 2033 2082 2088 sicut

520 2136 715 2190 civitas
774 2134 829 2188 in
877 2133 1160 2190 obsidione
1205 2133 1291 2199 ⁸⁸;
1334 2151 1353 2184 ι
1392 2146 1457 2185 ac
1487 2131 1743 2198 deinceps
1796 2125 2077 2197 adiungit:

519 2227 803 2294 Quomodo
833 2228 973 2281 facta
1006 2235 1091 2281 est
1126 2224 1383 2280 meretrix
1411 2223 1604 2277 civitas
1627 2222 1797 2275 ﬁdelis
1828 2217 1993 2275 Sion?
2027 2217 2080 2271 in

519 2334 627 2390 qua
651 2319 865 2388 iustitia
914 2332 1165 2374 somnum
1208 2318 1352 2385 cepit
1397 2317 1451 2370 in
1475 2329 1562 2380 ea,
1598 2328 1743 2368 nunc
1790 2318 1970 2365 autem
1999 2308 2084 2361 in-

522 2412 840 2467 terfectores
870 2411 936 2464 ⁸⁸.
985 2428 1006 2462 ι
1061 2407 1128 2462 Et
1177 2408 1245 2463 ad
1293 2408 1455 2464 haec:
1496 2425 1515 2459 ι
1561 2405 1733 2459 Erunt
1763 2403 1908 2457 enim
1944 2400 2085 2455 sicut

522 2500 861 2556 terebinthus
891 2499 1119 2568 ahjectis
1166 2497 1333 2562 t‘oliis,
1365 2505 1420 2553 et
1458 2498 1601 2551 sicut
1653 2495 1844 2548 hortus
1887 2504 2083 2560 aquam

523 2605 631 2645 non
673 2589 899 2644 habens.
932 2586 1000 2642 Et
1035 2589 1139 2643 erit
1182 2586 1448 2641 fortitudo
1488 2598 1714 2648 eorum,
1772 2589 1832 2635 ut
1886 2578 2085 2649 stipula

522 2691 749 2752 stuppae,
793 2688 847 2735 et
877 2689 1119 2749 quaestus
1161 2692 1349 2734 eorum
1372 2717 1388 2741 ,
1433 2683 1493 2731 ut
1535 2675 1784 2730 scintilla:
1821 2672 2002 2744 ignis;
2033 2677 2086 2724 et

524 2773 910 2830 oomburentur
939 2770 1145 2839 iniqui,
1195 2777 1250 2823 et
1300 2774 1612 2836 peccatores
1644 2764 1840 2827 simul,
1889 2769 1943 2817 et
1975 2776 2085 2815 non

525 2864 627 2918 erit
652 2863 746 2934 qui
767 2860 1077 2930 exstinguat
1105 2859 1171 2912 ⁸⁷.
1211 2878 1230 2911 ι
1257 2857 1353 2913 His
1370 2857 1622 2911 omnibus
1651 2854 1931 2925 adjungit:
1969 2872 1986 2905 ι
2022 2852 2088 2906 Et

524 2954 627 3011 erit
653 2955 707 3008 in
740 2951 1054 3009 novissimis
1081 2950 1274 3005 diebus
1303 2948 1626 3003 manifestus
1648 2962 1805 3001 mons
1836 2944 2085 3007 Domini,

525 3055 579 3101 et
605 3045 802 3101 domus
834 3043 927 3098 Dei
960 3044 1016 3097 in
1045 3042 1272 3097 summis
1295 3040 1578 3103 montium,
1603 3045 1656 3094 et
1681 3037 1971 3093 extolletqu
1996 3051 2090 3091 su—

525 3149 621 3205 per
659 3134 846 3187 colles.
898 3130 964 3183 Et
1009 3129 1226 3184 venient
1276 3128 1342 3182 ad
1373 3143 1496 3183 eum
1535 3142 1727 3182 omnes
1771 3134 1994 3196 gentes:
2034 3132 2089 3181 et

2247 545 2683 627 dulce—fibram,
2715 560 2810 613 καὶ
2831 545 2939 625 ἷῆς
2962 555 3108 627 κατᾲ
3128 545 3240 627 ibi;
3275 545 3528 613 Μωσέως
3556 549 3738 627 ,τύμβοι

2248 616 2814 704 σωμίατιπιῆς-ἀὺτῶἴ
2847 616 3167 704 θρῂσκείας
3204 620 3476 704 ἄρησςς,
3510 616 3619 704 τῆς
3651 616 3745 704 διὸ

2246 688 2501 773 Ῐρῖστοῦ
2531 688 2678 755 Etim
2705 698 2828 773 τοῖς
2868 688 3069 752 ἓθὸοεσι
3100 688 3534 760 παραδοθείσης
3565 702 3737 740 arav-

2246 771 2506 845 ματικῆς
2536 771 2833 839 λατρείας.

2254 887 2273 919 ‹
2319 868 2433 920 Οὐκ
2484 864 2598 917 ἐστι
2648 879 2748 933 μου
2798 858 3009 929 θέλημα
3065 857 3123 907 ὲν
3172 855 3318 924 ἡμῖν,
3366 849 3512 917 λέγει
3544 845 3748 918 Κύριος

2179 957 2599 1028 παντοκράτωρ,
2651 953 2744 1006 καὶ
2787 949 2977 1004 Θυσίαν
3024 947 3084 999 οὑ
3131 941 3493 1016 προσδέξομαι
3538 940 3602 992 ἐκ
3640 937 3748 990 τῶν

2178 1049 2374 1122 χειρῶν
2405 1046 2592 1118 ὑμῶν·
2632 1044 2766 1097 διότι
2811 1043 2904 1094 ἀπ’
2940 1035 3208 1092 ἀνατολῶν
3252 1032 3403 1102 ἡλίου
3444 1031 3537 1085 καὶ
3584 1029 3751 1100 μέχρι

2177 1120 2396 1212 δυσμῶν
2433 1138 2493 1191 τὸ
2524 1136 2693 1207 ὄνομά
2726 1150 2824 1205 μου
2852 1130 3159 1196 δεδόξασται
3196 1128 3253 1179 ὲν
3283 1126 3394 1186 τοῖς
3430 1121 3624 1183 ἔθνεσι,
3653 1120 3751 1172 καὶ

2179 1236 2238 1288 έν
2290 1231 2453 1286 παντὶ
2500 1229 2650 1298 τόπῳ
2706 1224 2956 1296 θυμίαμα
3013 1219 3344 1293 προσάγεται
3401 1215 3478 1286 τῷ
3525 1212 3752 1284 ὀνόματί

2184 1342 2306 1396 μου,
2333 1324 2428 1376 καὶ
2461 1320 2620 1374 θυσία
2654 1316 2869 1389 καθαρά
2891 1332 2904 1345 ·
2941 1313 3074 1367 διότι
3106 1310 3245 1382 μέγα
3276 1307 3336 1363 τὸ
3361 1304 3532 1379 ὄνομά
3559 1323 3660 1375 μου
3691 1306 3753 1357 ἐν

2179 1417 2289 1477 τοῖς
2332 1413 2526 1477 έθνεσι,
2573 1410 2723 1478 λέγει
2762 1405 2958 1478 Κύριος
3003 1401 3435 1474 παντοκράτωρ
3491 1400 3648 1470 ὑμεῖς
3693 1398 3754 1452 δε

2182 1503 2473 1574 βεϐηλοῦτε
2510 1501 2657 1555 αὑτό.
2703 1520 2722 1551 ›

2181 1620 2258 1672 A'.
2313 1616 2443 1671 Ἀπὸ
2492 1616 2598 1669 τοῦ
2640 1615 2898 1667 Ἡσαΐου.
2927 1641 2993 1651 --
3030 1609 3140 1664 Τοῦ
3199 1606 3491 1661 Ἰουδαίων·
3537 1603 3757 1672 ἔθνους

2250 1689 2584 1751 ἀπόπτωσις
2617 1683 2800 1752 λόγου
2843 1699 2906 1735 τε
2947 1680 3116 1752 Θεοῦ,
3163 1678 3261 1732 καὶ
3292 1678 3476 1752 ἢόμορ
3518 1671 3753 1752 ueremi},

2250 1758 2423 1810 οἴκου
2473 1772 2537 1808 τε
2560 1741 2763 1808 ἀὑτοῦ
2811 1741 3174 1821 φανέρωσις,
3234 1746 3335 1800 καὶ
3360 1741 3513 1800 ’τῶν
3561 1741 3757 1798 ἐθνῶν

2113 1852 2155 1904 Β
2252 1826 2531 1881 ἁπάντων
2557 1823 2865 1889 εὐσεϐείας
2895 1821 3177 1887 δήλωσις.

2256 1938 2275 1971 ι
2312 1914 2896 1985 Ἐγκαταλειφθήσεται
2940 1914 2974 1982 ἡ
3007 1910 3257 1979 θυγάτηρ
3282 1905 3420 1960 Σιὼν
3457 1905 3533 1970 ὡς
3577 1903 3759 1975 σκηνὴ

2181 2013 2237 2064 ὲν
2269 2004 2569 2078 ἀμπελῶνι,
2615 2004 2710 2057 καὶ
2749 2003 2824 2066 ὡς
2853 1999 3293 2074 ὀπωροφυλάκιον
3327 1998 3383 2051 ὲν
3419 1994 3758 2066 σικυηράτῳ,

2180 2102 2254 2165 ὡς
2285 2099 2437 2161 πόλις
2465 2094 2916 2168 πολιορκουμένη.
2955 2113 2973 2144 ι
3003 2093 3113 2144 Καὶ
3155 2088 3282 2160 ἑξῆς
3315 2087 3582 2156 ἐπιλέγει·
3629 2086 3762 2150 Πῶς

2183 2192 2396 2260 ἐγένετο
2434 2189 2606 2259 πόρνη
2648 2185 2798 2247 πόλις
2847 2181 3011 2253 πιστὴ
3056 2179 3228 2244 Σιών;
3269 2181 3327 2232 ὲν
3445 2175 3763 2247 δικαιοσύνη

2183 2282 2445 2352 ἐκοιμήθη
2476 2283 2533 2333 ὲν
2559 2280 2719 2348 αὐτῇ,
2752 2276 2843 2330 νῦν
2861 2275 2916 2328 δὲ
2933 2270 3200 2344 φονευταί.
3232 2291 3250 2323 ο
3270 2272 3381 2325 Καὶ
3410 2270 3501 2323 ἐπὶ
3526 2268 3762 2332 τούτοιςο

2190 2390 2208 2422 ι
2233 2372 2483 2424 Ἔσονται
2507 2367 2614 2438 γὰρ
2637 2368 2711 2430 ὡς
2733 2363 3039 2437 τερέϐινθος
3064 2360 3460 2430 ἀποϐεϐληκυῖα
3473 2360 3540 2412 τὰ
3563 2358 3761 2428 φύλλα,

2185 2463 2278 2515 καὶ
2308 2460 2383 2522 ὡς
2413 2458 2736 2530 παράδεισος
2760 2456 2901 2527 ὕδωρ
2928 2453 3002 2526 μὴ
3029 2453 3187 2523 ἔχων.
3222 2451 3332 2505 Καὶ
3361 2449 3511 2502 ἔσται
3545 2451 3577 2520 ή
3606 2449 3766 2519 ἰσχὺς

2186 2551 2364 2604 αὑτῶν
2401 2549 2475 2612 ὡς
2509 2548 2729 2618 καλάμη
2765 2546 3052 2608 στυππίου,
3094 2543 3185 2598 καὶ
3222 2543 3276 2596 αἱ
3306 2540 3555 2613 ἐργασίαι
3582 2540 3766 2594 αὑτῶν

2187 2643 2262 2706 ὡς
2300 2641 2591 2712 σπινθῆρες
2638 2639 2828 2712 πυρὸς,
2862 2638 2956 2691 καὶ
3005 2635 3509 2706 κατακαυθήσονται
3551 2634 3600 2686 οἱ
3637 2634 3765 2687 ἄνο-

2191 2752 2300 2805 μοι,
2326 2735 2420 2787 καὶ
2448 2734 2496 2785 οἱ
2531 2730 2837 2803 ἁμαρτωλοὶ
2871 2729 3001 2800 ἅμα,
3022 2730 3115 2781 καὶ
3130 2728 3231 2780 οὑκ
3254 2726 3405 2779 ἔσται
3427 2726 3456 2777 ὁ
3484 2724 3716 2777 σὸἐσων.
3737 2743 3758 2775 ο

2189 2826 2407 2889 Τούτοις
2445 2824 2644 2877 ἅπασιν
2689 2821 2957 2889 ἐπιλέγει·
2983 2839 3000 2870 ι
3030 2819 3138 2872 Καὶ
3169 2817 3321 2870 ἔσται
3349 2818 3406 2869 ἐν
3434 2818 3553 2878 ταῖς
3592 2815 3762 2884 ἐσχά-

2189 2933 2309 2979 ταις
2348 2914 2585 2986 ἡμέραις
2623 2910 2864 2982 ὲμφανὲς
2907 2908 2968 2961 τὸ
3014 2908 3137 2978 ὅρος
3168 2906 3395 2978 Κυρίου,
3424 2905 3518 2958 καὶ
3557 2905 3584 2956 ὁ
3614 2897 3768 2967 οἶκος

2190 3008 2281 3061 τοῦ
2333 3006 2466 3059 Θεοῦ
2511 3005 2595 3058 ἐπ’
2645 3004 2826 3074 ἄκρων
2878 2999 2984 3053 τῶν
3030 2999 3221 3070 ὀρέων,
3277 2997 3370 3051 καὶ
3417 2995 3766 3065 ὑψωθήσεται

2195 3101 2447 3170 ὑπεράνω
2492 3097 2599 3151 τῶν
2643 3094 2866 3166 βουνῶν.
2910 3094 3020 3146 Καὶ
3045 3091 3264 3163 ἥξουσιν
3300 3091 3384 3142 ἐπ’
3422 3087 3552 3141 αὑτὸ
3585 3086 3771 3142 πάντα

526 3179 684 3280 ibunt
710 3232 897 3293 gentes
928 3222 1110 3276 multae
1135 3228 1189 3275 et
1213 3220 1396 3275 dicent
1422 3239 1435 3272 :
1466 3217 1687 3283 Venite,
1733 3179 2092 3273 ascendamus

2210 3190 2262 3244 τὰ
2291 3190 2415 3260 ἔθνη
2434 3206 2449 3219 ο
2494 3189 2587 3243 καὶ
2618 3185 2974 3258 πορεύσονται
3017 3182 3142 3254 ἔθνη
3176 3180 3364 3244 πολλὰ,
3395 3181 3490 3234 καὶ
3510 3179 3765 3251 ἐροῦσιν*

516 3294 583 3370 in
628 3322 868 3369 montem
926 3311 1141 3368 Domini
1192 3321 1244 3365 et
1286 3311 1341 3365 in
1383 3312 1603 3366 domum
1640 3310 1735 3365 Del
1782 3309 1990 3364 Iacob:
2041 3317 2096 3364 et

528 3406 872 3465 annuntiabit
899 3405 1061 3461 nobis
1095 3407 1236 3460 viam
1282 3419 1470 3469 suam,
1513 3413 1569 3459 et
1616 3403 2012 3459 ambulabimus
2040 3403 2097 3456 in

528 3517 611 3556 ea.
642 3499 779 3555 Nam
828 3501 895 3555 de
930 3499 1060 3555 Sion
1093 3500 1259 3554 exibit
1288 3499 1394 3562 lex,
1425 3504 1479 3552 et
1514 3496 1739 3551 verbum
1791 3494 2002 3550 Domini
2029 3495 2097 3548 de

529 3591 825 3649 Jerusalem
856 3610 869 3646 :
900 3600 954 3647 et
979 3590 1249 3660 judicabit
1278 3591 1420 3645 inter
1449 3596 1637 3659 gentes
1662 3587 1727 3641 ⁸⁸.
1773 3606 1791 3638 ι

530 3791 718 3847 XXXI.
761 3793 838 3846 Ab
874 3791 1071 3846 eodem.
1100 3820 1171 3830 -—
1200 3788 1441 3844 Sublatio
1469 3787 1651 3855 gloria
1672 3785 1850 3854 populi
1880 3783 2098 3855 Judaeu-

602 3879 741 3926 rum,
773 3873 822 3916 et
856 3864 1085 3931 gentium
1138 3859 1403 3931 conversio
1432 3853 1488 3931 _d
1509 3853 1923 3931 simulacrorum
1954 3853 2099 3905 cultu

604 3933 656 3985 in
676 3924 839 3985 Deum
856 3924 1120 3990 Vuniversi.
1140 3939 1188 3983 et
1217 3928 1280 3982 de
1297 3927 1617 3981 desalntione
1636 3924 1985 3981 Iudaicarum
2007 3939 2088 3974 ur-

604 4002 767 4062 bium,
793 4012 841 4056 et
872 4000 935 4054 de
963 3998 1331 4054 incredulitate
1357 4013 1535 4050 eorum
1560 4011 1686 4066 erga
1720 3995 1905 4048 Deum.

613 4216 632 4249 α
668 4196 793 4255 Hec
844 4196 976 4252 dicit
1003 4195 1264 4250 Dominus
1298 4193 1536 4249 Sabaoth
1565 4212 1577 4247 :
1616 4191 1682 4246 Et
1705 4192 1810 4247 erit
1833 4190 2102 4261 quemad-

538 4288 758 4345 modum
788 4290 835 4344 si
863 4288 990 4360 quis
1013 4288 1233 4359 colligat
1262 4286 1465 4357 spicam
1491 4287 1542 4340 in
1561 4284 1806 4339 convalle
1831 4280 2025 4347 solida,
2048 4289 2104 4335 et

533 4380 720 4435 relicta
750 4379 804 4433 in
826 4394 890 4434 ea
921 4377 992 4432 sit
1019 4378 1242 4448 stipula,
1272 4386 1365 4431 aut
1391 4384 1649 4446 tanquam
1677 4374 1724 4430 si
1753 4375 1932 4428 baccae
1951 4372 2106 4426 olivae

535 4469 656 4526 dua:
682 4471 766 4525 vel
803 4478 914 4525 tres
941 4471 997 4524 in
1032 4484 1247 4525 summo
1277 4468 1613 4533 sublimium,
1645 4468 1730 4523 vel
1763 4475 1997 4538 quatuor
2018 4464 2103 4519 vel

535 4562 778 4632 quinque
812 4562 867 4616 in
900 4562 1066 4617 ramis
1106 4576 1293 4616 eorum
1325 4561 1528 4616 relicta:
1557 4536 1938 4615 fuerintiliaac
1970 4557 2104 4613 dicit
2135 4536 2177 4588 θ

539 4660 804 4741 Dominus
839 4657 980 4714 Deus
1009 4656 1177 4713 Israel
1205 4677 1218 4711 :
1250 4656 1347 4711 Die
1386 4655 1478 4710 illa
1506 4655 1787 4711 conﬁdens
1816 4655 1922 4709 erit
1943 4654 2105 4707 homo

539 4756 597 4808 in
622 4767 710 4817 eo,
734 4751 825 4820 qui
858 4750 961 4821 57
985 4747 1113 4803 fecit
1142 4749 1353 4818 ipsum;
1382 4747 1526 4802 oculi
1546 4757 1724 4801 autem
1745 4745 1866 4814 eius
1891 4744 1957 4799 ad
1981 4760 2106 4799 san-

538 4842 687 4894 ctum
712 4839 874 4895 Israel
899 4837 1209 4907 respicient,
1238 4845 1291 4889 et
1314 4850 1421 4890 non
1446 4834 1719 4890 conﬁdent
1742 4835 1796 4889 in
1822 4834 2105 4896 altaribus,

541 4948 722 5003 neque
768 4932 824 4985 in
850 4930 1105 4999 operibus
1134 4944 1390 4982 manuum
1428 4943 1670 5000 suarum,
1692 4942 1814 4997 qua:
1865 4926 2111 4981 fecerunt

542 5026 694 5097 digiti
718 5026 962 5097 ipsorum
995 5044 1012 5081 :
1037 5040 1214 5094 neque
1245 5024 1512 5093 aspicient
1546 5023 1717 5093 ligna,
1748 5032 1802 5076 et
1831 5021 2103 5076 abomina-

545 5119 724 5172 tiones
745 5131 875 5171 suas
924 5115 1010 5171 die
1054 5116 1165 5171 illa.
1229 5114 1403 5169 Erunt
1452 5114 1701 5168 civitates
1730 5121 1836 5166 tute
1865 5113 2069 5166 relictae
2093 5152 2109 5173 ,

543 5206 1000 5277 quemadmodum
1048 5206 1364 5262 defecerunt
1393 5204 1692 5259 Amorrhmi
1721 5211 1774 5258 et
1805 5201 1943 5257 [ἐνπί
1973 5216 2003 5255 a
2033 5201 2112 5255 fa-

546 5299 628 5353 cie
658 5298 889 5352 ﬁliorum
922 5299 1105 5363 Israel,
1136 5309 1190 5355 et
1239 5307 1401 5355 erunt
1430 5298 1643 5353 deserta
1675 5315 1687 5350 :
1731 5295 1987 5364 quoniam
2019 5294 2114 5349 de-

547 5390 770 5445 seruisti
801 5388 967 5446 Deum
999 5391 1332 5448 Salvatorem
1363 5401 1539 5454 tuum,
1565 5396 1619 5444 et
1662 5388 1875 5442 Domini
1909 5385 2001 5441 Dei
2033 5386 2112 5439 tui

547 5496 653 5535 non
686 5482 1001 5539 recordatus
1030 5499 1111 5539 es.
1156 5483 1447 5553 Propterea
1502 5480 1773 5551 plantabis
1823 5477 2115 5549 plantatio-

547 5588 670 5628 nem
711 5573 979 5629 inﬁdelem
1007 5595 1021 5629 :
1057 5590 1382 5646 quacunque
1414 5583 1593 5629 autem
1628 5574 1715 5629 die
1743 5570 2072 5643 plantaveris
2095 5608 2112 5632 ,

545 5665 834 5734 decipieris
869 5667 933 5718 “’.
979 5687 996 5719 ι

547 5776 720 5828 τευμα
751 5760 975 5814 ἄπιστον
1021 5776 1036 5789 ·
1095 5762 1158 5829 τῇ
1186 5761 1243 5812 δὲ
1275 5759 1455 5831 ἡμέρᾳ
1492 5754 1531 5834 ᾗ
1576 5758 1641 5813 ἂν
1674 5754 1939 5833 ιξυτεύσῃς

2197 3283 2381 3348 Δεῦτε,
2412 3283 2505 3335 καὶ
2530 3279 2821 3349 ἀναὸὦμεν
2850 3279 2929 3340 εἰς
2951 3276 3010 3329 τὸ
3035 3276 3157 3347 ὅρος
3182 3273 3272 3327 τοῦ
3305 3274 3530 3347 Κυρίου,
3565 3273 3657 3325 καὶ
3687 3274 3771 3337 είς

2196 3376 2287 3430 τὸν
2323 3372 2466 3429 οἷκον
2494 3374 2586 3427 τοῦ
2607 3372 2742 3426 Θεοῦ
2776 3368 2968 3424 Ἰακώϐ
2993 3387 3005 3399 ’
3047 3369 3141 3422 καὶ⁵
3182 3369 3468 3436 ἀναγγελεῖ
3504 3368 3635 3437 ἡμῖν
3664 3367 3772 3437 τὴν

2196 3467 2312 3521 ὁδὸν
2364 3465 2564 3530 αὑτοῦ,
2618 3465 2712 3517 καὶ
2770 3460 3145 3533 πορευσόμεθα
3194 3462 3250 3512 ὲν
3294 3459 3449 3529 αὑτῇ.
3506 3457 3601 3510 Ἐκ
3657 3457 3775 3529 γὰρ

2198 3557 2334 3613 Σιὼν
2357 3556 2692 3622 ἐξελεύσεται
2728 3553 2909 3624 νόμος,
2942 3553 3037 3605 καὶ⁸
3062 3550 3216 3619 λόγος
3238 3549 3440 3619 Κυρίου
3468 3548 3526 3615 ἐξ
3566 3548 3771 3619 Ἰερου-

2200 3650 2400 3721 σαλὴμ,
2430 3650 2523 3702 καὶ
2550 3649 2725 3719 κρινεῖ
2750 3644 2852 3699 ἀνὰ
2886 3644 3050 3714 μέσον
3072 3642 3178 3696 τῶν
3198 3641 3389 3695 ἐθνῶν.
3416 3659 3435 3692 ι

2198 3760 2322 3813 ΛΑ’.
2377 3761 2505 3813 Ἀπὸ
2558 3758 2663 3811 τοῦ
2703 3757 2908 3811 αὑτοῦ.
2939 3787 3009 3797 -
3032 3754 3382 3820 Καθαῷεσις
3418 3749 3541 3820 τῆς
3580 3748 3773 3820 δόξης

2270 3830 2375 3883 τοῦ
2418 3828 2720 3882 Ἰουδαίων
2744 3825 2919 3888 λαοῦ,
2954 3825 3052 3878 καὶ
3083 3825 3120 3891 ἡ
3149 3817 3268 3875 τῶν
3293 3817 3774 3891 ἐθνῶνᾴπόμτῆς

2269 3898 2753 3965 είδωλολατρείας
2785 3887 3118 3965 ἐπιστροφῆ
3148 3891 3292 3965 πρὸς
3319 3890 3438 3965 ςὸὴ
3452 3888 3578 3965 τῶφξ
3609 3887 3778 3965 ὅλων

2274 3969 2441 4029 Θεὸν,
2484 3967 2555 4020 τά
2584 3956 2647 4019 τε
2679 3956 2810 4033 περὶ
2850 3956 2971 4031 τῆξ
2996 3956 3240 4033 ἐρημὶἁς
3273 3956 3395 4033 τῶν.
3426 3956 3776 4033 Ἰορδατκῷν

2271 4041 2524 4125 πόλεων,
2569 4036 2666 4090 καὶ
2707 4028 2837 4103 περὶ
2870 4028 2983 4102 τῆς
3019 4028 3113 4098 εἰς’
3147 4032 3254 4086 τὸν
3296 4029 3446 4084 Θεὸν
3484 4028 3778 4094 ἀπιστίας

2276 4125 2492 4161 amtor.

2278 4217 2298 4250 ‹
2326 4198 2462 4252 Τάδε
2508 4198 2653 4266 λέγει
2699 4195 2900 4266 Κύριος
2925 4190 3146 4246 Σαϐαώο
3169 4208 3182 4220 ⁸
3230 4190 3325 4242 καὶ
3362 4187 3513 4241 ἔσται
3554 4186 3611 4239 ὃν
3649 4186 3779 4256 τρό-

2204 4307 2304 4343 πον
2346 4291 2438 4344 ὲάν
2480 4307 2561 4353 τις
2603 4286 2879 4357 συναγάγῃ
2925 4285 3123 4353 στάχυν
3164 4283 3221 4334 ἐν
3265 4282 3509 4353 φάραγγι
3553 4277 3776 4348 στερεᾷ.

2206 4384 2299 4439 καὶ
2327 4379 2656 4451 καταλειφθῇ
2693 4380 2749 4431 ὲν
2778 4379 2914 4447 αὑτῇ
2943 4375 3186 4444 καλάμη,
3218 4372 3251 4444 ἢ
3283 4373 3358 4434 ὼς
3386 4371 3559 4443 ῥῶγες
3588 4367 3780 4431 ἐλαίας

2206 4475 2299 4529 δύο
2344 4475 2376 4544 ἦ
2420 4476 2568 4544 τρεῖς
2620 4472 2704 4522 ἐπ’
2752 4471 2923 4541 ἄκρου
2982 4464 3308 4537 μετεώρων,
3358 4462 3391 4529 ἢ
3438 4461 3698 4530 τέσσαρες
3740 4458 3776 4530 ἢ

2205 4567 2368 4621 πέντε
2407 4561 2636 4616 ἐπὶτῶν
2675 4561 2881 4616 κλάδων
2932 4557 3110 4613 αὑτῶν
3164 4551 3586 4622 καταλειφθῶσι.
3634 4549 3778 4604 Τάδε

2205 4657 2353 4725 λέγει
2397 4655 2599 4726 Κύριος
2646 4657 2672 4707 ὁ
2695 4652 2824 4716 Θεὸς
2851 4649 2944 4704 τοῦ
2988 4648 3219 4719 Ἰσραήλ·
3252 4647 3329 4717 Τῇ
3366 4644 3550 4716 ἡμέρα
3589 4641 3780 4714 ἐκείνῃ

2210 4746 2483 4811 πεποιθὼς
2508 4747 2657 4799 ἔσται
2684 4745 2713 4797 ὁ
2743 4743 3024 4814 ἄνθρωπος
3050 4740 3141 4792 ἐπὶ
3168 4738 3244 4810 τῷ
3276 4738 3556 4808 ποιήσαντι
3590 4732 3775 4786 αὑτόν·

2210 4843 2260 4896 οἱ
2299 4841 2356 4894 δὲ
2390 4839 2656 4909 ὀφθαλμοὶ
2686 4835 2851 4889 αὑτοῦ
2891 4834 2971 4897 εἰς
3011 4834 3101 4889 τὸν
3142 4832 3293 4900 ἆγιον
3327 4827 3542 4900 Ἰσραὴλ
3574 4825 3777 4897 ἔμελέ-

2210 4934 2399 5004 ψονται
2417 4949 2431 4963 ο
2466 4932 2560 4986 καὶ
2591 4931 2651 4984 οὑ
2673 4928 2746 4999 μὴ
2778 4925 3092 4989 πεποιθότες
3124 4919 3255 4978 ὦσιν
3287 4922 3380 4975 ἐπὶ
3408 4922 3521 4983 τοῖς
3551 4918 3782 4989 βωμοῖς,

2213 5023 2333 5078 οὔτε
2369 5024 2460 5076 ἐπὶ
2485 5024 2599 5084 τοῖς
2635 5019 2815 5092 ἔργοις
2848 5017 2956 5071 τῶν
2987 5015 3185 5088 χειρῶν
3217 5013 3419 5079 αὐτῶν,
3453 5010 3490 5065 ἃ
3518 5008 3785 5080 ἐποίησαν

2212 5117 2261 5167 οἱ
2281 5113 2527 5169 δάκτυλοι
2558 5110 2767 5164 αὐτῶν·
2798 5110 2893 5162 καὶ¹
2935 5108 3034 5163 οὑκ
3065 5108 3284 5177 ὄψονται
3312 5105 3379 5159 τὰ
3405 5104 3619 5173 δένδρα,
3652 5101 3784 5156 οὔτε

2214 5206 2281 5259 τὰ
2324 5205 2666 5277 βδελύγματα
2709 5201 2885 5256 αὑτῶν
3048 5199 3230 5271 ἡμέρᾳ
3277 5198 3480 5268 ἐκείνῃ.
3527 5196 3787 5248 Ἔσονται

2215 5298 2273 5351 αἱ
2295 5296 2476 5359 πόλεις
2513 5313 2604 5347 σου
2633 5291 3207 5363 ὲγκαταλελειμμέναι,
3237 5288 3295 5342 ὃν
3323 5289 3519 5361 τρόπον
3551 5285 3787 5355 ἐγκατέ-

2216 5390 2370 5442 λιπον
2414 5388 2466 5440 οξ
2512 5387 2825 5458 Ἀμοῤῥαῖοι
2879 5383 2973 5437 καί
3012 5382 3061 5433 οἱ
3111 5381 3290 5434 Εὑαῖοι
3334 5379 3441 5432 ἀπὸ
3489 5374 3788 5449 προσώπου

2218 5479 2325 5534 τῶν
2359 5477 2489 5531 ulth
2524 5475 2770 5548 Ἰσραήλ·
2807 5475 2898 5528 καὶ
2952 5473 3159 5527 ἔσονται
3189 5471 3383 5543 ἔρημοι
3412 5469 3542 5522 διότι
3588 5468 3796 5535 ἐγκατ-

2220 5570 2403 5633 έλιπες
2435 5569 2526 5622 τὸν
2557 5568 2688 5621 Θεὸν
2739 5566 2830 5620 τὸν
2869 5563 3090 5635 σωτῆρά
3130 5579 3252 5617 σου.
3309 5562 3402 5614 καὶ
3437 5556 3643 5630 Κυρίου
3688 5556 3792 5611 τοῦ

2221 5661 2355 5715 Θεοῦ
2408 5677 2501 5714 σου
2541 5658 2641 5712 οὑκ
2678 5655 2977 5728 ἐμνήσθης.
3024 5652 3122 5707 Διὰ
3158 5650 3314 5706 τοῦτο
3354 5650 3637 5720 φυτεύσεις
3684 5643 3791 5717 φύ-

1994 5754 2334 5827 πλανηθήσῃ.
2371 5772 2389 5805 ι

622 5877 1221 5943 “Malach.i,i0,ll.
1299 5876 1606 5945 "lsa.l,8
1704 5860 1749 5909 δ’*
1781 5877 1910 5931 ibid.
1950 5876 2038 5928 νει.
2114 5873 2438 5930 "ibihm.
2514 5867 2929 5936 "lsa.n,2-L

3019 5866 3066 5898 ”
3099 5864 3200 5921 lsa.
3229 5875 3361 5925 Νη,
3396 5856 3545 5914 5-10.
