3942 6258
216 337 286 393 ll'l
1128 340 2261 403 DEMONSTRATIONIS-EYANGELICIE
2298 340 2426 397 LIB.
2465 340 2531 396 II.

3338 336 3438 392 H8

225 458 319 546 “2.-
385 461 506 546 !0'?
549 465 786 546 ξιῠτοῆ-
819 496 890 509 -·
913 465 1616 546 Αήλωξνιςμιξξαιρέσεως
1646 466 1783 546 Ξῷν

1896 461 2096 523 mw
2126 462 2200 546 et
2227 464 2426 546 eoder-
2455 456 2812 546 -ς.εεηοιὲξε
2851 454 3166 546 Mi?st
3179 452 3439 546 11531:“-

283 531 633 606 Ἰουδαϊκῶν
648 537 892 591 πόλεων
905 531 1001 591 καὶ
1023 535 1131 606 τῆς
1145 531 1261 591 τῶν
1273 531 1462 593 ἐθνῶν
1472 531 1621 591 κατὰ
1637 538 1785 590 Θεὸν

283 605 689 673 εὐφροσύνης.

296 714 487 786 «Κύριε
502 716 689 779 ὁΘεός
705 734 830 789 μου,
847 717 1050 783 δοξάσω
1071 733 1150 781 σε,
1170 717 1394 788 ὑμνήσω
1413 716 1475 771 τὸ
1487 716 1655 788 ὅνομά
1670 730 1783 780 σου,

244 810 309 863 ὃτι
344 809 605 878 ἐποίησας
644 808 931 880 θαυμαστὰ
954 809 1271 881 πράγματα,
1323 808 1514 879 βουλὴν
1535 807 1786 880 ἀρχαίαν,

249 900 502 969 ἀληθινήν.
523 899 562 950 Γ
566 900 761 962 ένοιτο,
788 900 977 971 Κύριε,
1004 901 1083 953 ὅτι
1100 900 1299 969 ἔθηκας
1313 898 1492 963 πόλεις
1517 901 1594 963 εἰς
1608 896 1788 968 χῶμα,

248 990 405 1051 πόλεις
428 988 653 1061 ὀχυρὰς,
687 989 780 1043 τοῦ
801 993 983 1043 πεσεῖν
1000 990 1176 1045 αὐτῶν
1191 990 1259 1044 τά
1276 989 1513 1061 θεμέλια.
1532 988 1651 1042 Τῶν
1662 989 1789 1042 ἀσε-

245 1078 342 1133 ϐῶν
365 1079 513 1143 πόλις
535 1082 615 1144 εἰς
652 1080 742 1134 τὸν
771 1081 944 1135 αἰῶνα
965 1082 1023 1134 ού
1054 1081 1130 1152 μὴ
1154 1080 1475 1152 οἰκοδομηθῇ
1492 1097 1507 1111 ο
1525 1078 1611 1133 διὰ
1636 1076 1791 1133 τοῦτο

246 1172 574 1242 εὖλογήσουσί
628 1188 707 1225 σε.
778 1174 989 1241 Ἐγένου
1027 1175 1133 1247 γὰρ
1196 1175 1343 1245 πάσῃ
1382 1174 1532 1227 πόλει
1567 1175 1790 1244 ταπεινῇ

246 1263 437 1334 βοηθὸς,
464 1263 558 1317 καὶ
615 1268 724 1329 τοῖς
779 1265 1089 1337 ἀθυμήσασι
1120 1268 1186 1321 δι’
1219 1266 1421 1320 ἔνδειαν
1454 1264 1640 1334 σκέπη.
1682 1264 1792 1317 Kal

245 1353 440 1421 ποιήσει
468 1352 669 1424 Κύριος
696 1353 920 1407 Σαϐαὼθ
938 1357 1081 1419 ,πᾶσι
1110 1359 1219 1420 τοῖς
1252 1355 1456 1408 ἔθνεσιν
1476 1354 1569 1407 ἐπὶ
1589 1353 1650 1407 τὸ
1671 1353 1793 1423 ὅρος

240 1440 400 1507 τοῦτο,
431 1444 640 1496 πίονται
676 1444 1031 1518 εὐφροσύνην,
1078 1447 1288 1501 πίονται
1330 1443 1490 1511 οἶνον,
1518 1445 1793 1518 χρίσονται

247 1535 401 1606 μύρον
426 1536 483 1587 ὲν
508 1534 588 1606 τῷ
612 1534 729 1608 δρει
757 1537 944 1608 τούτῳ.
998 1539 1243 1611 Παράδος
1269 1538 1441 1594 ταῦτα
1471 1538 1648 1592 πάντα
1683 1537 1795 1599 τοῖς

236 1627 429 1680 ἔθνεσιν
446 1644 460 1658 ·
481 1630 516 1696 ἡ
545 1628 655 1700 γὰρ
689 1628 850 1700 βουλὴ
878 1629 1013 1701 αὕτη
1045 1631 1136 1683 ἐπὶ
1168 1632 1341 1686 πάντα
1377 1632 1445 1685 τὰ
1473 1630 1597 1702 ἔθνη
1618 1647 1632 1661 ο
1660 1647 1796 1684 κατ’

236 1719 425 1772 ἕπιενό
450 1719 676 1783 θάνατος
724 1720 966 1791 ίσχύσας.
1008 1723 1157 1776 »Καὶ
1185 1721 1374 1776 πάλιν
1418 1741 1436 1773 ι
1484 1722 1722 1792 Ἀφεῖλεν
1765 1722 1794 1774 ὁ

1934 521 2051 589 runt
2076 532 2305 599 urbium,
2335 541 2384 585 et
2405 521 2857 601 gentium'ltetitic
2886 525 3168 580 secundum
3196 521 3384 578 Deum.

1960 733 1979 765 ι
2019 709 2242 766 Domine
2267 708 2411 764 Deus
2443 722 2618 770 meus,
2642 704 2953 776 gloriﬁcabo
2983 712 3054 764 te.-
3087 699 3319 756 Iaudabo
3347 714 3443 754 no-

1886 820 2007 859 men
2038 813 2209 870 tuum,
2242 801 2497 873 quoniam
2526 798 2699 854 fecisti
2716 813 2803 853 res
2831 796 3125 860 mirabiles,
3153 792 3440 848 consilium

1887 897 2190 966 antiquum,
2212 908 2422 949 verum.
2454 890 2595 959 Fiat,
2633 889 2879 959 Domine,
2914 887 3171 959 quoniam
3211 882 3455 957 posuisti.

1887 987 2138 1043 civitates
2179 986 2235 1040 in
2267 985 2557 1048 tumulum,
2585 984 2831 1038 civitates
2874 980 3132 1041 munitas,
3158 986 3220 1032 ut
3250 977 3449 1033 cadent

1888 1093 2074 1134 earum
2106 1076 2471 1132 fundamenta.
2520 1073 2810 1144 Impiorum
2866 1072 3057 1126 civitas
3099 1070 3151 1123 in
3182 1076 3447 1123 aeternum

1890 1186 2000 1225 non
2028 1167 2384 1225 aediﬁcabitur
2416 1184 2430 1221 :
2465 1173 2750 1238 propterea
2783 1163 3067 1219 benedicct
3090 1161 3185 1215 tibi
3210 1159 3443 1230 populus

1891 1266 2068 1334 ineps,
2098 1271 2151 1318 et
2178 1263 2425 1318 civitates
2455 1259 2736 1314 hominum
2773 1256 3005 1326 injurias
3030 1254 3316 1308 ferentium
3348 1252 3446 1306 be-

1893 1355 2144 1410 nedicth
2166 1353 2283 1410 tibi.
2311 1350 2513 1405 Factus
2542 1349 2685 1404 enim
2723 1363 2782 1403 es
2825 1346 2973 1401 omni
3004 1345 3209 1401 civitati
3252 1340 3446 1397 humili

1894 1442 2127 1512 adjutor,
2161 1449 2215 1496 et
2254 1453 2486 1494 mmrore
2538 1436 2745 1491 affectis
2796 1444 3016 1506 propter
3070 1433 3444 1503 indigentiam,

1895 1531 2158 1602 protectio
2189 1548 2203 1585 :
2225 1537 2278 1585 et
2306 1528 2465 1583 faciet
2491 1526 2751 1581 Dominus
2775 1525 3010 1580 Sabaoth
3041 1524 3294 1581 omnibus
3313 1538 3453 1594 gen-7

1894 1624 2042 1679 tibus
2071 1623 2126 1678 in
2154 1630 2332 1677 monte
2360 1621 2485 1685 hoc,
2515 1620 2699 1676 bibent
2734 1619 2992 1680 laetitiam,
3021 1618 3208 1674 bibent
3235 1617 3442 1679 vinum,

1899 1721 2168 1786 ungentur
2194 1720 2469 1783 unguento
2498 1712 2553 1765 in
2593 1719 2775 1766 monte
2798 1710 2921 1764 hoc.
2977 1707 3154 1764 Trade
3189 1708 3303 1763 haec
3329 1722 3447 1762 om-

235 1807 361 1872 Θεὸς
395 1810 501 1861 πᾶν
522 1808 755 1880 δάκρυον
782 1809 889 1863 άπὸ
923 1810 1122 1873 παντὸς
1152 1809 1464 1881 προσώπου,
1492 1809 1552 1864 τὸ
1583 1808 1781 1871 ὄνειδος

1896 1805 1971 1859 aia
1996 1802 2268 1873 gentibus,
2304 1801 2595 1857 consilium
2626 1799 2771 1855 enim
2796 1799 2899 1852 hoc
2927 1799 2980 1852 in
3010 1813 3200 1853 omnes
3222 1807 3442 1867 gentes:

234 1899 329 1952 τοῦ
356 1900 479 1954 λαοῦ
509 1900 727 1969 ἀφεῖλεν
751 1902 780 1954 ό
812 1901 943 1965 Θεὸς
976 1903 1084 1956 ἀπὸ
1110 1903 1286 1974 πάσης
1309 1904 1407 1974 τῆς
1429 1902 1549 1973 γῆς.
1574 1901 1647 1954 Τὸ
1673 1901 1781 1974 γὰρ

238 1990 401 2061 στόμα
424 1992 629 2062 Κυρίου
647 1991 874 2063 ὲλάλησε
899 1990 1087 2046 ταῦτα.
1103 2011 1122 2043 ι

237 2274 352 2346 ΔΡ.
389 2274 496 2329 Τοῦ
515 2276 727 2333 αὐτοῦ.
757 2305 828 2346 τ-
869 2275 1116 2346 Ἀγαθῶν
1140 2278 1463 2346 ἐπαγγελία
1491 2273 1566 2343 τῇ
1603 2274 1785 2346 πάλαι

299 2344 486 2412 ἐρήμῳ
525 2345 596 2409 ἐξ
644 2345 836 2400 ἐθνῶν
881 2343 1217 2414 Ἐκκλησία,
1254 2343 1361 2400 τοῦ
1386 2363 1448 2401 τε
1496 2343 1789 2414 Ἰουδαίων

300 2414 506 2495 ἕᾲναυς
540 2416 882 2495 ἀπξόγιςωσις
917 2415 1016 2494 καὶ
1053 2417 1303 2495 gemo;-
1328 2416 1452 2495 σῶν
1493 2413 1787 2485 ἁμαρτιῶν

297 2483 507 2548 αὐτῶν,
532 2485 631 2538 καὶ
651 2483 890 2539 πάντων
912 2485 1030 2539 τῶν
1056 2483 1246 2541 ἐθνῶν
1271 2484 1506 2554 κλῆσις.

307 2612 325 2644 ι
350 2593 436 2664 Μὴ
458 2595 821 2665 μνημονεύετε
839 2595 907 2649 τὰ
928 2595 1139 2668 πρῶτα,
1168 2597 1261 2651 καὶ
1280 2598 1346 2651 τά
1364 2600 1559 2671 ἀρχαῖα
1579 2602 1653 2674 μὴ
1678 2605 1788 2658 συλ-

234 2679 495 2750 λογίζεσθε
515 2701 529 2713 ·
560 2685 642 2737 ὄτι
666 2684 773 2739 ἰδοὺ
799 2685 910 2754 ἐγὼ
924 2687 1061 2739 ποιῶ
1082 2687 1244 2742 καινὰ
1257 2687 1293 2742 ἃ
1309 2689 1400 2742 νῦν
1416 2690 1676 2757 ἁνατελεῖ,
1693 2693 1788 2746 καὶ

238 2770 492 2838 γνώσεσθε
510 2773 654 2827 αὑτά
670 2789 684 2803 ’
705 2775 798 2828 καὶ
830 2776 1038 2846 ποιήσω
1062 2776 1120 2828 ὲν
1147 2778 1212 2847 τῇ
1244 2777 1432 2849 ἐρήμῳ
1455 2779 1590 2845 ὁδὸν,
1620 2782 1713 2834 καὶ
1730 2783 1786 2834 ὲν

239 2865 298 2932 τῇ
324 2864 528 2935 ἀνύδρῳ
546 2865 839 2936 ποταμούς.
867 2867 976 2920 Kal
1003 2867 1283 2939 εύλογήσει
1312 2887 1378 2939 με
1406 2870 1473 2923 τὰ
1497 2870 1660 2943 θηρία
1690 2873 1783 2926 τοῦ

238 2953 414 3025 ἀγροῦ,
447 2956 695 3027 σειρῆνες
727 2957 820 3010 καὶ
844 2956 1138 3028 θυγατέρες
1165 2958 1462 3027 στρουθῶν·
1501 2961 1583 3014 ὅτι
1614 2960 1787 3016 ἔδωκα

238 3043 366 3114 ὲντῇ
395 3045 584 3115 ἐρήμῳ
617 3043 761 3116 ὕδωρ
786 3045 998 3099 ποτίσαι
1024 3047 1086 3099 τὸ
1105 3047 1259 3115 γένος
1294 3064 1393 3118 μου
1423 3048 1484 3100 τὸ
1512 3048 1784 3114 ἐκλεκτὸν,

1885 1894 2162 1952 devoravit
2217 1908 2363 1947 mors
2391 1891 2727 1946 invalescens
2756 1889 2859 1943 ⁸⁸».
2904 1887 2969 1942 Et
3012 1903 3204 1943 rursus
3235 1907 3249 1942 :
3279 1884 3447 1941 «Abs-

1882 1986 2007 2044 tulit
2067 1972 2210 2040 De'us
2258 1998 2474 2040 onmem
2526 1982 2823 2053 lacrymam
2854 1979 2922 2034 ab
2953 1978 3104 2032 omni
3136 1977 3295 2041 facie,
3323 1991 3449 2047 pro-

1884 2079 2043 2134 brum
2097 2075 2283 2146 populi
2309 2073 2532 2129 abstulit
2563 2072 2706 2127 Deus
2728 2072 2799 2127 ab
2821 2070 2967 2127 omni
3001 2077 3167 2125 terra.
3206 2065 3282 2124 Ds
3302 2068 3448 2123 enim

1882 2160 2096 2222 Domini
2119 2165 2359 2219 locutum
2383 2171 2467 2219 est
2498 2162 2612 2216 haec
2642 2161 2743 2216 ⁸³.»

1886 2273 2121 2331 XXXIII.
2157 2273 2234 2327 Ab
2272 2273 2469 2328 eodem.
2499 2303 2569 2313 —
2594 2271 2864 2326 Bonorum
2921 2269 3198 2339 promissio
3225 2267 3292 2320 ad
3321 2266 3450 2321 olim

1957 2346 2217 2399 desertam
2244 2360 2277 2397 a
2295 2343 2532 2414 gentibus
2568 2340 2882 2404 Ecclesium,
2922 2337 2982 2394 et
3011 2337 3251 2393 Iudaicae
3281 2338 3446 2407 gemis

1956 2415 2270 2484 desperatio,
2291 2412 2339 2467 et
2362 2412 2660 2481 redargutia
2674 2419 3006 2480 peccatorum
3030 2424 3229 2472 eorum,
3260 2416 3310 2461 et
3341 2422 3448 2460 om-

1957 2487 2101 2539 nium
2127 2484 2359 2554 gentium
2385 2484 2605 2537 vacatio.

1896 2642 1902 2648 .
1966 2615 1986 2648 ι
2026 2598 2106 2653 Ne
2135 2594 2502 2652 recordamini
2558 2593 2758 2664 prima,
2784 2600 2839 2647 et
2872 2591 3094 2660 antiqua
3126 2605 3193 2645 ne
3233 2603 3448 2658 compu-

1892 2692 2002 2742 tate
2030 2704 2044 2742 :
2081 2685 2334 2757 quoniam
2361 2699 2487 2739 ecce
2511 2699 2611 2753 ego
2629 2681 2766 2737 facio
2795 2696 2954 2747 nova,
2975 2696 3095 2751 quae
3122 2680 3449 2736 nuncorien-

1895 2784 2006 2840 tur,
2040 2785 2094 2832 et
2132 2774 2476 2846 cognoscetis
2503 2787 2566 2829 ea
2615 2787 2629 2823 :
2666 2781 2720 2828 et
2751 2770 2944 2825 faciam
2979 2770 3035 2824 in
3064 2771 3278 2826 deserto
3304 2769 3448 2825 viam

1893 2877 1948 2922 et
1975 2868 2068 2923 ubi
2100 2883 2209 2922 non
2238 2875 2322 2922 est
2371 2879 2533 2935 aqua,
2590 2861 2818 2917 ﬂuvios:
2851 2870 2905 2917 et
2934 2861 3254 2917 benedicent
3305 2858 3440 2915 mili

1890 2959 2080 3014 bestia;
2118 2959 2265 3029 agri,
2312 2957 2521 3013 sirenes
2560 2961 2614 3010 et
2644 2953 2768 3009 ﬁliae
2805 2968 3085 3024 passerum
3119 2972 3132 3008 :
3188 2952 3448 3022 quoniam

1891 3050 2013 3106 dedi
2042 3051 2096 3105 in
2129 3052 2345 3105 deserto
2367 3063 2584 3119 aquam,
2618 3054 2677 3100 ut
2706 3053 2890 3117 potum
2912 3046 3098 3100 darem
3131 3046 3313 3114 generi
3329 3058 3451 3098 meo

238 3133 352 3189 λαόν
384 3155 483 3208 μου
534 3137 594 3190 ὃν
652 3138 1152 3209 περιεποιησάμηνο
1192 3138 1293 3202 τὰς
1338 3140 1537 3211 ἀρετάς
1575 3157 1676 3211 μου
1716 3140 1787 3194 δι-

1896 3142 2086 3206 electo,
2119 3141 2319 3211 populo
2338 3154 2480 3205 meo,
2515 3153 2674 3209 quem
2699 3137 3000 3207 acquisivi:
3033 3137 3260 3191 virtutes
3297 3149 3448 3190 meas

240 3228 465 3295 ηγεῖσθε.
502 3229 578 3281 Οὐ
602 3229 695 3281 νῦν
724 3227 955 3282 ὲκάλεσά
972 3245 1030 3281 σε
1056 3230 1267 3291 Ἰακὼϐ,
1299 3232 1417 3284 οὐδὲ
1449 3233 1702 3286 κοπιάσαι
1729 3250 1788 3287 σε

240 3319 456 3388 ἐποίησα
494 3320 732 3392 Ἰσραήλ.
766 3322 881 3374 Ούκ
908 3321 1141 3391 ἦνεγκάς
1170 3340 1258 3392 μοι
1284 3322 1532 3393 πρόϐατα
1557 3323 1655 3393 τῆς
1674 3324 1791 3377 ὀλο-

239 3412 562 3483 καρπώσεώς
601 3430 716 3475 σου,
766 3413 888 3466 οὐδὲ
933 3416 990 3468 ὲν
1020 3417 1138 3478 ταῖς
1184 3415 1393 3479 θυσίαις
1421 3432 1512 3469 σου
1538 3415 1790 3481 ὲδόξασάς

241 3519 328 3571 με·
356 3503 451 3556 οὐκ
500 3502 819 3565 ἐδούλευσάς
851 3520 938 3573 μοι
993 3506 1051 3556 ὲν
1075 3503 1283 3575 δώροις.
1313 3504 1434 3558 οὐδὲ
1473 3504 1701 3573 ἔγκοπόν
1730 3524 1789 3560 σε

238 3589 453 3662 ἐποίησα
507 3593 567 3645 ὲν
619 3591 841 3662 λιϐάνῳ,
872 3592 992 3645 οὐδὲ
1023 3594 1238 3664 ἐκτήσω
1284 3611 1372 3664 μοι
1406 3595 1666 3667 ἀργυρίου
1698 3578 1792 3648 θυ-

241 3681 424 3750 μίαμα,
448 3681 569 3733 οὐδὲ
614 3679 778 3750 στέαρ
812 3679 919 3733 τῶν
950 3679 1148 3733 θυσιῶν
1177 3698 1271 3734 σου
1300 3682 1640 3753 ἐπεθύμησαν,
1674 3682 1789 3735 ἀλλ’

238 3774 288 3825 ὲν
314 3776 426 3836 ταῖς
452 3771 745 3844 ἁμαρτίαις
778 3788 872 3825 σου
910 3773 1003 3826 καὶ
1033 3775 1090 3826 ὲν
1110 3775 1229 3837 ταῖς
1265 3773 1500 3837 ἀδικίαις
1534 3791 1625 3826 σου
1659 3791 1791 3845 προ-

238 3865 387 3936 έστην
418 3883 532 3920 σου.
560 3885 579 3917 ›
615 3866 724 3918 Kal
752 3865 808 3917 ὲν
825 3866 935 3928 τοῖς
974 3864 1101 3934 ἑξῆς
1126 3880 1288 3936 φησιν
1308 3881 1322 3895 ο
1346 3883 1364 3914 ι
1387 3865 1786 3937 Ἐπιστράφητε

235 3956 361 4027 πρὸς
404 3958 491 4027 μὲ,
540 3957 637 4010 καὶ
691 3955 997 4028 σωθήσεσθε
1029 3959 1077 4009 οἱ
1118 3957 1211 4009 ἀπ’
1258 3955 1484 4027 ἐσχάτου
1526 3955 1626 4026 τῆς
1665 3957 1786 4027 γῆς.

245 4048 373 4117 Ἐγώ
394 4050 534 4119 ειμι,
564 4049 658 4102 καὶ
673 4048 773 4102 οὐκ
795 4048 940 4101 ἐστιν
964 4047 1120 4111 ἄλλος
1140 4064 1155 4077 ο
1180 4049 1298 4100 κατ’
1333 4046 1567 4118 ἐμαυτοῦ
1582 4047 1787 4118 ὀμνύω,

230 4132 263 4209 ἦ
292 4140 395 4210 μὴν
420 4139 761 4206 ἐξελεύσεται
789 4143 853 4193 ὲκ
884 4138 977 4192 τοῦ
1014 4138 1279 4210 στόματός
1322 4156 1422 4209 μου
1453 4138 1783 4210 δικαιοσύνη.

232 4230 286 4284 Ol
312 4231 470 4299 Λόγοι
512 4249 614 4304 μου
661 4232 762 4285 οὐκ
816 4232 1354 4304 άποστραφήσονται·
1391 4233 1472 4285 ὅτι
1523 4234 1647 4303 ἐμοὶ
1681 4234 1788 4286 πᾶν

231 4321 348 4388 γόνυ
385 4321 614 4393 κάμψει,
637 4323 733 4376 καὶ
757 4322 971 4394 ὀμεῖται
997 4326 1144 4377 πᾶσα
1171 4326 1388 4393 γλῶσσα
1410 4325 1503 4378 τὸν
1527 4324 1661 4379 Θεὸν
1695 4323 1787 4379 τδν

231 4408 505 4481 ἀληθινὸν,
546 4410 721 4479 λέγων
744 4428 758 4442 ·
798 4413 1118 4486 Δικαιοσύνη
1150 4417 1243 4468 καὶ
1289 4415 1416 4480 δόξα
1451 4415 1588 4487 πρὸς
1626 4415 1786 4470 αὑτὸν

1889 3248 2135 3290 narrare.
2169 3231 2278 3303 58
2308 3231 2426 3286 Non
2452 3246 2600 3287 nunc
2631 3231 2819 3285 vocavi
2851 3238 2922 3294 te,
2951 3228 3137 3294 Iacob,
3160 3244 3335 3298 neque
3362 3229 3447 3282 la-

1889 3325 2085 3381 borare
2137 3333 2189 3379 te
2226 3323 2353 3389 ieci,
2401 3321 2586 3378 Israel.
2618 3320 2736 3377 Non
2769 3320 3010 3377 obtulisti
3043 3320 3174 3375 mihi
3212 3319 3447 3390 pecudes

1891 3418 2193 3474 holocausti
2229 3418 2329 3482 tui,
2386 3430 2560 3485 neque
2593 3415 2648 3469 in
2679 3414 2960 3469 sacriﬁciis
2993 3414 3103 3467 tuis
3132 3412 3451 3483 gloriﬁcasti

1890 3524 2011 3576 me;
2045 3523 2152 3563 non
2182 3506 2399 3563 servisti
2439 3505 2569 3561 mihi
2592 3506 2646 3559 in
2671 3504 2850 3569 donis,
2882 3519 2983 3560 nec
3014 3505 3198 3559 labore
3221 3510 3272 3558 te
3286 3502 3442 3557 ati‘eci

1891 3604 1945 3658 in
1977 3604 2154 3666 thure,
2173 3615 2348 3670 neque
2373 3597 2701 3669 comparasti
2732 3597 2865 3650 mihi
2890 3604 3109 3667 argento
3140 3595 3447 3656 incensum,

1889 3709 2064 3764 neque
2096 3693 2310 3762 adipem
2345 3690 2686 3744 victimarum
2745 3697 2960 3741 tuarum
2994 3685 3282 3755 concupivi
3303 3725 3318 3749 ,
3354 3685 3447 3740 sed

1890 3789 1944 3841 in
1974 3784 2212 3856 peccatis
2241 3782 2372 3844 tuis,
2402 3788 2456 3836 et
2489 3781 2543 3835 in
2573 3780 2855 3851 injustitiis
2882 3780 2989 3833 tuis
3014 3778 3205 3849 praefui
3224 3777 3381 3831 tibi”
3401 3796 3446 3831 ι.

1889 3878 1955 3932 Ει
2006 3878 2061 3931 in
2092 3872 2447 3945 sequentibus
2507 3872 2622 3928 ait:
2672 3890 2691 3923 ι
2729 3870 3120 3926 Convertimini
3154 3870 3220 3924 ad
3261 3885 3367 3932 me.
3395 3876 3448 3923 et

1888 3969 2022 4025 salvi
2048 3967 2225 4030 eritis,
2255 3964 2348 4035 qui
2378 3964 2575 4019 venitis
2605 3963 2672 4017 ab
2696 3970 2939 4017 extremo
2963 3970 3140 4018 terrae.
3169 3960 3281 4031 Ego
3302 3976 3445 4025 sum,

1886 4072 1940 4117 et
1972 4076 2080 4116 non
2107 4066 2190 4114 est
2218 4058 2378 4119 alius,
2408 4069 2501 4125 per
2532 4070 2620 4110 me
2653 4055 2829 4125 ipsum
2847 4053 2974 4125 juro
3002 4072 3018 4108 :
3047 4067 3173 4108 vere
3190 4051 3359 4106 exibit
3383 4051 3450 4105 de

1887 4169 1982 4208 ore
2004 4166 2123 4206 meo
2145 4149 2380 4220 justitia.
2401 4146 2580 4203 Verba
2609 4161 2727 4201 mea
2753 4161 2859 4200 non
2903 4152 3281 4200 revertentur:
3313 4156 3451 4213 quo-

1888 4244 2031 4298 niam
2056 4240 2185 4295 mihi
2236 4254 2396 4294 omne
2419 4253 2559 4308 genu
2592 4237 2928 4300 curvabitur,
2960 4244 3014 4291 et
3034 4235 3241 4305 jurabit
3270 4234 3449 4289 omnis

1889 4335 2071 4404 lingua
2121 4331 2286 4387 Deum
2310 4345 2518 4393 verum,
2577 4329 2766 4385 dicens
2797 4348 2810 4384 :
2843 4327 3063 4383 Justitia
3100 4334 3154 4383 et
3180 4326 3349 4398 gloria
3379 4324 3449 4380 ad

1887 4441 2009 4480 eum
2039 4423 2237 4486 veniet,
2270 4428 2324 4476 et
2352 4420 2672 4477 erubescent
2723 4435 2935 4486 omnes,
2983 4421 3076 4491 qui
3129 4419 3449 4492 disjungunt

230 4498 357 4569 ἥξει,
381 4504 478 4557 καί
517 4503 966 4575 αἰσχυνθήσονται
997 4507 1193 4570 πάντες
1218 4509 1265 4561 οἱ
1307 4508 1630 4580 διορίζοντες
1658 4509 1784 4562 ὲαυ-

1896 4516 2097 4585 seipsos
2128 4529 2157 4567 a
2187 4511 2414 4568 Domino
2446 4512 2495 4545 ”
2532 4530 2577 4565 ι.

231 4588 345 4652 τοὺς
372 4590 481 4644 ἀπὸ
505 4590 601 4644 τοῦ
625 4591 851 4663 Κυρίου.
893 4611 913 4645 ι

230 4698 338 4774 Mf.
369 4701 480 4774 Τοῦ
499 4700 704 4755 αὑτοῦ.
728 4733 798 4742 -
821 4701 1087 4774 Δήλνωσις
1124 4703 1233 4773 τῆς
1261 4704 1368 4759 τοῦ
1410 4706 1666 4774 Χριστοῦ
1694 4708 1782 4771 είς

292 4770 640 4843 ᾀνᾷρώαεους
685 4773 1037 4843 παρουσίας.
1074 4770 1481 4843 Καϊίὲλεγχοξ»
1500 4775 1606 4829 τοῦ
1643 4770 1781 4830 ‘10:)-

289 4838 469 4914 ζαὶων
489 4841 727 4914 ἔθνους,
749 4840 847 4894 καὶ
878 4838 1003 4908 τοῖς
1032 4843 1274 4900 ἔθνεσιν
1304 4838 1533 4900 diradar-
1549 4844 1785 4914 ἀγαθῶν

293 4909 635 4980 ὲκαγτενυα.

298 5044 316 5076 ι
345 5025 500 5080 Οὕτω
535 5025 685 5095 λέγει
716 5026 948 5098 Κύριος·
987 5028 1142 5082 Ποῖον
1184 5028 1246 5081 τὸ
1281 5027 1484 5099 βιϐλίον
1507 5027 1663 5081 τοῦτο
1687 5027 1781 5082 τοῦ

236 5114 547 5170 ἀποστασίου
574 5118 676 5186 τῆς
704 5119 907 5189 μητρὸς
942 5120 1114 5191 ὑμῶν,
1137 5121 1196 5174 ὲν
1219 5114 1264 5189 ᾧ
1294 5120 1650 5187 ὲξαπέστειλα
1687 5123 1782 5175 αὐ-

237 5205 353 5275 τήν;
409 5208 444 5280 ἢ
494 5209 601 5262 τίνι
648 5210 899 5281 ὑπόχρεῳ
939 5211 1197 5283 πέπρακα
1242 5213 1419 5283 huic;
1493 5212 1623 5267 Ἰδοὺ
1662 5215 1783 5277 ταῖς

242 5296 509 5370 ἁμαρτίαις
536 5301 691 5373 ὑμῶν
727 5302 1023 5374 ὲπράθητε,
1060 5303 1154 5356 καὶ
1190 5306 1308 5367 ταῖς
1350 5305 1599 5375 ἀνομίαις
1630 5304 1784 5376 ὑμῶν

241 5387 564 5452 εξαπὲστειλα
598 5396 699 5467 τὴν
722 5394 937 5467 μητέρα
965 5394 1144 5465 ὑμῶν·
1183 5395 1317 5449 διότι
1354 5391 1536 5467 ἦλθον,
1567 5397 1663 5451 καὶ
1686 5399 1786 5451 οὐκ

241 5472 295 5548 ἦν
311 5483 578 5559 ἄνθρωπος
594 5502 612 5520 ο
638 5486 897 5549 ἐκάλεσα,
915 5486 1008 5540 καὶ
1023 5487 1125 5541 οὐκ
1150 5482 1218 5558 ἦν
1231 5489 1260 5540 ὁ
1273 5488 1729 5560 ὑπακουσόμενος,
1761 5508 1781 5541 ι

241 5575 544 5651 ηὶτὰὲξῆς·
573 5576 659 5645 οἷς
690 5578 959 5647 ἐπιλέγεισ
996 5597 1014 5630 ι
1052 5581 1115 5633 Οἱ
1144 5580 1493 5651 πορευόμενοι
1508 5581 1565 5635 ὲν
1588 5581 1785 5646 σκότει,

1888 4714 2121 4771 XXXIV.
2158 4716 2239 4784 ΑΙ)
2266 4717 2462 4774 eodem.
2490 4747 2562 4760 -
2591 4716 2891 4772 Declaratio
2944 4715 3141 4772 Christi
3173 4718 3241 4772 ad
3277 4719 3449 4773 homi-

1957 4803 2046 4841 nes
2076 4785 2346 4859 adventus,
2378 4799 2425 4844 et
2463 4787 2772 4859 redargutio
2815 4787 2981 4858 gentis
3022 4786 3354 4853 Iudaeorum,
3396 4797 3447 4843 et

1959 4858 2157 4911 cunctis
2181 4858 2421 4928 gentibus
2443 4857 2723 4930 promiisio
2755 4857 3030 4912 bonorum.

1963 5047 1984 5082 ι
2024 5028 2115 5085 Sic
2164 5030 2298 5085 dicit
2338 5027 2623 5095 Dominus,
2665 5029 2790 5100 quis
2842 5040 2924 5086 est
2957 5030 3200 5087 hicliber
3233 5030 3447 5103 repudii

1887 5122 2079 5178 matris
2103 5131 2319 5187 vestrae,
2350 5123 2405 5178 in
2434 5135 2545 5193 quo
2580 5121 2739 5178 emisi
2771 5123 2939 5178 eam?
2971 5131 3065 5178 aut
3096 5124 3184 5180 cui
3215 5121 3449 5180 debitori

1886 5213 2106 5269 vendidi
2154 5228 2252 5269 vos
2281 5214 2305 5268 ?
2333 5228 2461 5269 ecce
2493 5214 2734 5285 peccatis
2757 5214 2958 5271 vestris
2977 5214 3182 5270 venditi
3208 5216 3363 5280 estis,
3394 5224 3450 5272 et

1889 5306 2268 5377 iniquitatibus
2296 5306 2495 5361 vestris
2551 5304 2712 5363 emisi
2741 5313 2969 5362 matrem
2999 5315 3233 5363 vestram
3261 5326 3276 5362 :
3311 5323 3451 5381 quo-

1889 5399 2035 5452 niam
2059 5397 2206 5462 veni,
2233 5408 2286 5454 et
2312 5413 2423 5453 non
2449 5405 2567 5454 erat
2588 5397 2753 5454 homo
2785 5398 3015 5454 :voeavi
3063 5409 3120 5456 et
3162 5414 3275 5455 non
3330 5408 3447 5455 erat

1891 5488 1983 5560 qui
2009 5487 2221 5544 audiret
2236 5488 2305 5557 ";
2340 5510 2360 5543 ι
2394 5496 2448 5546 et
2471 5490 2700 5561 reliqua.
2730 5488 2941 5557 Quibus
2963 5490 3209 5563 adjungit
3241 5511 3255 5546 :
3289 5492 3448 5545 «Am-

1893 5580 2142 5637 bulantes
2164 5580 2218 5637 in
2244 5581 2501 5647 tenebris,
2518 5589 2574 5637 et
2597 5596 2705 5637 non
2729 5589 2815 5638 est
2835 5583 2917 5638 eis
2942 5583 3032 5638 lux
3058 5601 3071 5637 :
3107 5581 3361 5639 conﬁdite
3392 5583 3446 5637 in

281 5758 434 5817 L'lsa.
461 5778 588 5825 xxv,
632 5760 744 5815 1-8.
828 5757 868 5788 ⁹¹
893 5752 1028 5817 Ibid.
1058 5758 1110 5814 8.
1187 5760 1231 5792 "
1264 5758 1370 5824 Isa,
1401 5774 1555 5824 mn,
1592 5758 1773 5816 18-24.
1850 5759 1895 5792 ⁸³
1924 5758 2028 5816 Isa.
2060 5775 2184 5824 xu,
2208 5758 2395 5816 22-25.
2472 5761 2518 5794 “
2546 5762 2654 5818 Isa.
2689 5778 2744 5827 ι..
2779 5760 2883 5830 ιβ.

3436 5854 3469 5873 ’δ’
3510 5872 3527 5889 2
