3942 6258
463 351 567 412 ΗΘ

1128 348 1399 408 EUSEBll
1432 340 1906 405 CAESABIENSIS
1942 340 2092 399 OPP.
2131 334 2322 395 PARS
2355 333 2507 391 ll.—-—
2543 327 3037 387 APOLOGETICA.

3602 317 3703 373 19.0

461 473 684 531 nomine
737 473 989 539 Domini,
1024 481 1076 531 et
1108 472 1401 530 innitimini
1451 471 1560 526 Deo
1611 478 1841 526 vestro:
1897 482 2022 524 ecce

2132 464 2225 515 ml.
2251 458 2351 512 οὑκ
2383 457 2528 510 ἐστιν
2559 456 2739 516 αὐτοῖς
2764 450 2877 520 φῶς
2897 467 2911 483 ⁸
2937 445 3228 502 πεποίθατι
3258 440 3351 497 ἐπὶ
3377 439 3455 513 τῷ
3477 437 3702 539 ὀνόματι

420 591 437 620 ι
462 586 654 626 omnes
669 587 763 626 vos
787 572 960 642 ignem
985 570 1293 632 incenditis,
1322 567 1692 623 corroboratis
1721 562 2023 619 ﬂammam:

462 664 736 719 sn‘ibulate
777 664 980 719 lumine
1015 663 1156 733 ignis
1198 662 1388 726 vestri,
1422 668 1476 716 et
1491 660 1716 717 'ﬂamma
1744 676 1907 732 quam
1936 675 2027 714 ac-

463 756 746 813 cendistis.
776 755 1002 826 Propter
1025 772 1111 811 me
1160 754 1300 810 facta
1328 762 1457 810 sunt
1488 753 1602 809 haec
1636 753 1810 818 vobis,
1846 752 1900 806 in
1926 753 2027 806 tri-

466 850 615 903 stitia
644 849 927 904 dormietis
956 850 1026 912 θ’,
1057 869 1073 899 ι
1094 859 1148 904 et
1178 865 1297 919 qua:
1321 857 1653 919 sequuntur;
1683 847 1882 918 quibus
1933 845 2028 900 ad-

458 939 639 1011 jungit
669 960 683 995 :
714 959 732 989 ι
766 940 963 995 Audite
991 955 1096 1002 me,
1130 942 1314 994 audite
1352 956 1475 995 me:
1524 938 1759 1009 populus
1792 951 1944 991 meus
1973 942 2028 989 et

461 1046 637 1102 reges,
683 1033 749 1087 ad
776 1049 861 1088 me
886 1048 1047 1088 aures
1096 1033 1402 1088 intendite:
1439 1032 1697 1102 quoniam
1745 1029 1827 1085 lex
1874 1044 1905 1083 a
1940 1043 2027 1083 me

461 1122 793 1194 egredietur,
843 1132 898 1179 et
920 1123 1185 1192 judicium
1233 1138 1411 1179 meum
1442 1124 1496 1177 in
1532 1123 1714 1176 lumen
1742 1119 1982 1191 gentium
2010 1137 2022 1173 :

465 1217 865 1287 appropinquat
900 1217 1010 1272 cito
1036 1217 1248 1287 justitia
1283 1232 1421 1281 mea,
1452 1224 1506 1268 et
1533 1214 1843 1287 egredietur
1865 1212 2025 1284 quasi

466 1310 555 1364 lux
608 1309 847 1363 salutare
875 1324 1075 1370 meum,
1098 1318 1149 1363 et
1192 1311 1245 1360 in
1284 1306 1565 1362 brachium
1608 1322 1785 1362 meum
1839 1311 2026 1376 gentes

462 1401 759 1470 sperabunt
779 1402 843 1456 ’⁸.
893 1421 911 1452 ι

464 1530 681 1586 XXXV.
710 1532 787 1586 Ab
810 1533 1017 1603 eodem.
1039 1562 1108 1571 —
1148 1531 1466 1601 Redargutio
1488 1534 1771 1603 impiarum
1800 1532 2027 1602 injuria-

533 1620 648 1656 rum
691 1604 856 1674 gentis
908 1602 1173 1664 Judaicw,
1199 1615 1248 1657 et
1280 1602 1567 1671 reliqionis
1591 1619 1771 1657 eorum
1819 1603 1976 1657 ruina
2006 1620 2025 1656 :

533 1674 819 1727 rocaliauis
861 1682 1038 1728 autem
1067 1676 1297 1729 omnium
1325 1677 1554 1745 gentium
1579 1674 1890 1745 patefactio.

2139 551 2365 622 Κυρίου,
2402 548 2496 602 καὶ
2520 541 2969 615 ἀντιστηρίσασθε
3005 541 3096 593 ἐπὶ
3123 537 3200 609 τῷ
3220 534 3336 606 Θεῷ
3363 533 3534 605 ὑμῶν.
3570 530 3702 583 Ἰδοὺ

2138 644 2337 705 πάντες
2395 641 2553 711 ὑμεῖς
2604 637 2713 708 πῦρ
2754 634 2935 689 καίετε
2966 633 3059 687 καὶ
3100 627 3459 699 κατισχύσατε
3493 622 3699 693 φλόγαο

2133 732 2431 807 πορεύεσθε
2476 729 2553 801 τῷ
2605 729 2742 798 φωτὶ
2771 727 2864 781 τοῦ
2911 724 3082 796 πυρὸς
3111 721 3284 792 ὑμῶν,
3324 719 3418 772 καὶ
3446 719 3511 788 τῇ
3542 713 3702 807 φλογὶ

2134 823 2168 901 ᾖ
2198 805 2545 893 ἕξεκαύσατε.
2576 825 2653 875 Δι’
2692 820 2792 891 ἐμὲ
2834 818 3047 901 ἐγένετρ
3068 815 3238 867 ταῦτα
3268 812 3396 876 ὑμῖν
3416 825 3430 838 ο
3465 811 3521 861 ἐν
3555 805 3702 879 λύπῃ

2130 893 2552 992 κοιμηθήσεσθε,
2568 936 2586 969 ι
2606 916 2701 969 καὶ
2725 914 2792 966 τὰ
2826 911 2967 981 ἑξῆς·
2990 893 3071 959 οἷς
3093 898 3382 969 ἐπιλέγῖιά
3407 896 3700 953 Ἀκούσατέ

2133 986 2259 1086 μου,
2278 986 2545 1068 ἀκούσατέ
2570 1026 2669 1080 μου
2691 1024 2704 1040 ο
2734 1005 2859 1068 λαός
2884 1020 3002 1074 μου,
3031 999 3122 1053 καὶ
3144 998 3192 1050 oi
3220 986 3616 1086 βασιλεῖς,πρὸς
3632 987 3701 1086 με

2130 1082 2481 1169 ἐνωτίσασθε,
2509 1104 2589 1157 ὃτι
2618 1101 2778 1171 νόμος
2806 1098 2934 1169 παρ’
2968 1091 3101 1165 ἐμοῦ
3133 1088 3485 1155 ἐξελεύσεται,
3528 1083 3623 1136 καὶ
3665 1082 3703 1153 ἡ

2131 1200 2317 1272 κρίσις
2364 1215 2461 1270 μου
2494 1197 2573 1259 εἰς
2596 1193 2709 1263 φῶς
2744 1189 2929 1245 ἐθνῶν.
2977 1183 3214 1254 Ἑγγίζει
3253 1180 3464 1272 ταχὺνή-
3493 1176 3703 1272 δικαιο-

2133 1268 2270 1363 σῦνη
2305 1268 2433 1362 μου,
2461 1290 2555 1342 καὶ
2571 1283 2906 1352 ἐξελεύσεται
2937 1278 3011 1342 ὡς
3037 1277 3151 1347 φῶς
3186 1274 3246 1327 τὸ
3274 1268 3534 1342 σωτήριόν
3576 1282 3700 1359 μου,

2129 1388 2225 1441 καὶ
2261 1385 2354 1438 ἐπὶ
2387 1384 2476 1438 τὸν
2511 1378 2768 1453 βραχίονά
2797 1393 2894 1448 μου
2928 1372 3053 1444 ἔθνη
3076 1366 3364 1422 ἐλπιοῦσιν.
3391 1383 3411 1416 ι

2127 1541 2252 1608 AE'.
2293 1540 2400 1608 Ἐκ
2426 1535 2532 1589 τοῦ
2570 1524 3296 1608 αὑτοῦ.-ςξΕλεγ-χος’ζῶν
3312 1518 3709 1608 ἀσεϐημάτων

2202 1609 2309 1662 τοῦ
2338 1606 2456 1663 τῶν
2497 1604 2790 1677 Ἰουδαίων
2820 1596 3054 1677 ἐρῖους,
3110 1596 3205 1675 καί
3223 1596 3567 1677 diminuam;
3593 1596 3703 1643 αὺ-

2201 1680 2319 1732 τῶν
2346 1677 2457 1745 τῆς
2478 1674 2807 1738 εὐσεϐείας.
2838 1669 2954 1739 Τῆς
2979 1668 3048 1722 δὲ
3067 1665 3183 1721 τῶν
3216 1665 3407 1719 ἐθνῶν
3425 1665 3707 1715 ἁπάντων

2205 1744 2480 1814 κλήσεως
2506 1744 2792 1813 δήλωσις.

536 1876 556 1908 σ
585 1856 841 1928 Nunquid
871 1872 979 1912 non
1015 1858 1238 1913 robusta
1268 1866 1350 1913 est
1380 1874 1573 1913 manus
1591 1856 1800 1912 Domini
1832 1856 1897 1912 ad
1921 1857 2022 1912 sal-

2204 1890 2229 1936 ἐ
2270 1884 2359 1956 Μὴ
2382 1883 2500 1954 οὑχ).
2527 1852 2705 1953 ίσχὺει
2724 1882 2756 1953 ή
2777 1880 2895 1951 χεὶρ
2923 1876 3131 1948 Κυρίου
3161 1873 3252 1928 τοῦ
3288 1873 3479 1937 σῶσαι,
3512 1871 3545 1942 ἢ
3577 1868 3706 1925 ἐϐά-

462 1949 745 2004 vandum?
777 1957 872 2004 aut
891 1959 1111 2021 gravata
1144 1960 1225 2004 est
1244 1950 1389 2005 auris
1418 1948 1560 2018 ejus,
1586 1956 1644 2003 ut
1668 1964 1776 2004 non
1805 1949 2031 2009 audiat?

460 2040 555 2095 sed
585 2051 806 2112 peccata
831 2049 1014 2097 vestra
1047 2041 1297 2096 dividunt
1342 2041 1482 2095 inter
1513 2056 1610 2096 vos
1644 2049 1698 2097 et
1729 2039 1898 2095 Deum
1925 2082 1940 2107 ,
1976 2051 2032 2096 et

459 2132 569 2204 59
600 2142 821 2204 propter
844 2141 1061 2205 peccata
1090 2142 1293 2197 vestra,
1339 2134 1535 2190 avertit
1583 2134 1774 2190 faciem
1819 2149 1973 2189 suam
1999 2148 2030 2187 a

458 2223 617 2280 vobis
671 2239 740 2280 ne
783 2225 1128 2281 misereatur.
1154 2223 1345 2279 Manus
1393 2224 1537 2280 enim
1572 2231 1768 2279 vestra:
1818 2222 2030 2279 foedatae

459 2328 589 2377 sunt
639 2320 925 2391 sanguine,
957 2327 1011 2373 et
1042 2320 1196 2391 digiti
1230 2320 1395 2375 vestri
1454 2320 1507 2374 in
1565 2318 1847 2390 peccatis:
1885 2318 2028 2373 labia

456 2420 639 2467 autem
670 2422 848 2468 vestra
875 2411 1054 2466 locuta
1091 2419 1220 2467 sunt
1281 2412 1620 2483 iniquitatem
1664 2453 1679 2477 ,
1744 2418 1799 2466 et
1844 2410 2027 2480 lingua

457 2510 637 2557 vestra
670 2501 989 2571 injustitiam
1020 2502 1316 2557 meditatur
1347 2518 1359 2552 :
1393 2502 1574 2557 nullus
1595 2500 1835 2571 loquitur
1856 2499 2025 2569 justa,

458 2610 636 2665 neque
658 2603 743 2650 cst
769 2595 1036 2664 judicium
1071 2610 1256 2649 verum
1292 2610 1304 2645 :
1345 2592 1629 2650 conﬁdunt
1672 2593 1729 2647 in
1766 2592 1942 2656 vanis,
1973 2599 2028 2647 et

457 2685 756 2756 loquuntur
784 2685 965 2738 inania
991 2702 1005 2738 :
1039 2685 1296 2755 quoniam
1334 2683 1653 2753 concipiunt
1680 2682 1945 2745 laborem,
1972 2688 2029 2736 et

460 2776 678 2848 pariunt
708 2775 1050 2846 iniquitatem
1080 2796 1093 2831 :
1126 2791 1227 2831 ova
1252 2774 1500 2847 aspidum
1533 2774 1831 2845 fregerunt,
1861 2783 1916 2829 et
1947 2782 2028 2829 te-

457 2872 562 2925 lam
587 2884 801 2925 aranea:
831 2877 1041 2936 texunt,
1063 2876 1117 2923 et
1139 2868 1232 2939 qui
1258 2867 1374 2922 vult
1396 2883 1460 2922 ex
1482 2866 1601 2922 ovis
1628 2881 1817 2921 eorum
1845 2880 2029 2921 come—

456 2963 606 3025 derc,
637 2962 727 3017 ubi
762 2961 1040 3027 contrivit,
1072 2960 1260 3015 lotium
1295 2959 1523 3023 invenit,
1571 2966 1626 3013 et
1666 2959 1722 3013 in
1751 2971 1817 3013 eo
1867 2972 2025 3028 regu-

458 3056 600 3120 lum;
629 3056 735 3110 tela
759 3070 948 3110 eorum
979 3070 1086 3108 non
1119 3054 1224 3108 erit
1276 3053 1330 3108 in
1374 3054 1790 3116 vestimentum,
1849 3066 2028 3120 neque

455 3148 770 3218 operientur
790 3163 853 3202 ex
884 3146 1140 3217 operibus
1187 3146 1326 3201 suis.
1380 3144 1557 3215 Opera
1604 3144 1750 3199 enim
1792 3158 1979 3199 eorum
2006 3183 2022 3207 ,

453 3242 619 3311 o'pura
648 3238 976 3309 iniquitatis,
1011 3238 1175 3309 pedes
1199 3246 1379 3293 autem
1414 3252 1625 3303 eorum,
1661 3236 1729 3291 ad
1757 3236 2023 3307 improbi-

453 3342 617 3387 tatem
639 3341 894 3395 eurrunt,
921 3332 1134 3386 veloces
1162 3332 1227 3386 ad
1253 3330 1637 3386 ell‘undendum
1665 3330 2020 3401 sanguinem;

451 3431 507 3478 et
535 3423 893 3492 cogitationes
940 3438 1167 3487 eorum,
1213 3421 1572 3493 cogitationes
1625 3419 2020 3491 insipientium.

451 3519 718 3575 Contritio
749 3528 802 3574 et
828 3517 1050 3572 miseria
1102 3518 1157 3571 in
1190 3516 1295 3571 viis
1329 3517 1785 3583 eorum;semit:e
1831 3528 2021 3569 eorum

451 3611 715 3676 distortae,
750 3626 847 3681 per
896 3626 1033 3682 quas
1071 3618 1377 3676 transeunt,
1411 3618 1467 3667 et
1522 3610 1774 3665 nesciunt
1806 3623 2017 3674 pacem.

450 3702 660 3758 Idcirco
691 3711 930 3757 amotum
961 3712 1046 3757 est
1085 3701 1353 3773 judicium
1386 3701 1455 3756 ab
1480 3702 1581 3765 eis,
1625 3706 1680 3755 et
1711 3713 1819 3753 non
1870 3713 2022 3751 com-

451 3795 739 3867 prehendit
771 3812 867 3852 eos
914 3797 1149 3867 justitia.
1201 3796 1337 3851 (ium
1388 3806 1769 3867 exspectarent
1817 3795 2017 3859 lucem,

451 3893 608 3946 facta:
639 3899 768 3945 sunt
790 3892 871 3946 eis
894 3892 1132 3946 tenebrae
1166 3911 1180 3947 :
1234 3898 1617 3961 exspectantes
1647 3890 2018 3961 splendorem,

450 3982 507 4036 in
533 3981 868 4037 obscuritate
894 3984 1070 4038 noctis
1095 3983 1545 4050 ambulaverunt;
1575 3998 1743 4037 manu
1768 3983 2018 4052 explora-

449 4073 584 4128 bunt
623 4083 682 4129 ut
723 4075 851 4129 caeci
901 4075 1202 4146 parietem,
1248 4085 1303 4130 et
1333 4076 1489 4148 quasi
1539 4076 1673 4146 ipsis
1718 4077 1860 4131 oculi
1908 4092 2017 4130 nun

448 4166 583 4231 sint,
635 4168 1051 4223 contrectabunt
1081 4188 1093 4223 :
1147 4168 1344 4224 cadent
1381 4170 1434 4223 in
1462 4169 1715 4235 meridie,
1750 4170 1907 4240 quasi
1962 4169 2018 4223 in

448 4257 626 4314 media
655 4266 851 4314 nocte:
887 4266 1143 4331 tanquam
1192 4261 1509 4327 morientes,
1563 4262 1937 4333 ingemisceut,
1968 4271 2021 4317 et

450 4351 608 4420 quasi
652 4364 817 4405 ursus
848 4361 902 4407 et
935 4351 1185 4407 columba
1216 4352 1379 4408 simul
1406 4352 1728 4418 incedent,"
1783 4363 1868 4409 iet
1900 4369 2021 4425 quae

448 4452 753 4514 sequuntur
832 4461 847 4510 ;
888 4445 1089 4516 quibus
1143 4446 1429 4516 adiungit:
1469 4465 1488 4498 ι
1538 4453 1593 4501 et
1626 4446 1894 4502 timebunt
1922 4447 2016 4518 qui

2136 1996 2259 2052 ρυνε
2278 1977 2338 2030 τὸ
2352 1974 2442 2041 οὖς
2465 1974 2630 2030 αὑτοῦ
2650 1973 2744 2028 τοῦ
2770 1972 2843 2044 μὴ
2870 1969 3096 2025 ἀκοῦσαι
3116 1986 3130 2034 ;
3147 1966 3360 2023 ἀλλάτά
3376 1968 3706 2038 ἁμαρτήμα-

2129 2086 2198 2123 τα
2224 2069 2375 2140 ὑμῶν
2406 2068 2663 2137 διίστησιν
2690 2064 2792 2119 ἀνὰ
2815 2063 2974 2135 μέσον
2996 2061 3148 2133 ὑμῶν
3183 2061 3273 2114 καὶ
3299 2059 3393 2113 τοῦ
3419 2057 3574 2122 Θεοῦ,
3607 2056 3704 2111 καὶ

2132 2162 2220 2216 διὰ
2244 2161 2343 2225 τὰς
2368 2159 2639 2230 ἁμαρτίας
2664 2157 2815 2227 ὑμῶν
2844 2153 3117 2227 ἀπέτρεψε
3140 2153 3200 2206 τὸ
3225 2153 3511 2225 πρόσωπον
3538 2147 3703 2204 αὑτοῦ

2130 2255 2223 2324 ἀφ’
2247 2252 2421 2324 ὑμῶν,
2453 2251 2545 2305 τοῦ
2570 2250 2642 2322 μὴ
2660 2250 2895 2319 ἐλεῆσαι.
2930 2248 2995 2301 Αἱ
3020 2247 3128 2319 γὰρ
3159 2249 3339 2318 χεῖρες
3360 2245 3513 2317 ὑμῶν
3541 2258 3705 2315 μεμο-

2128 2346 2395 2417 λυσμέναι
2425 2344 2638 2413 αἵματι,
2668 2341 2762 2395 καὶ
2780 2341 2829 2393 οἱ
2851 2339 3101 2393 δάκτυλοι
3125 2337 3280 2409 ὑμῶν
3303 2340 3359 2391 ὲν
3384 2336 3699 2408 ἁμαρτίαις.

2131 2441 2213 2493 Τά
2243 2439 2300 2493 δὲ
2335 2437 2484 2509 χείλη
2519 2435 2670 2507 ὑμῶν
2705 2434 2962 2504 ἐλάλησεν
2993 2433 3251 2504 ἀνομίαν,
3291 2430 3385 2486 καὶ
3420 2432 3453 2502 ή
3483 2430 3702 2500 γλῶσσα

2132 2532 2285 2605 ὑμῶν
2319 2531 2532 2586 ἀδικίαν
2564 2529 2780 2601 μελετῷ
2815 2528 2988 2590 οὐδεὶς
3012 2526 3163 2580 λαλεῖ
3191 2526 3395 2589 δίκαια,
3422 2524 3531 2578 οὐδ’
3556 2523 3703 2578 ἔστιν

2132 2627 2166 2698 ἢ
2199 2626 2377 2697 κρίσις
2404 2622 2650 2694 ἀληθινήσ
2691 2621 3011 2675 πεποίθασιν
3049 2620 3141 2673 ἐπὶ
3178 2618 3444 2690 ματαίοις,
3482 2618 3575 2672 καὶ
3604 2617 3704 2671 λα-

2128 2716 2278 2771 λοῦσι
2317 2715 2466 2769 κενά·
2506 2715 2586 2767 ὅτι
2613 2715 2802 2768 κύουσι
2828 2714 3006 2777 πόνον,
3037 2713 3130 2767 καὶ
3162 2713 3432 2767 τίκτουσιν
3452 2712 3705 2783 ἀνομίανο

2130 2810 2214 2863 ὠά
2246 2807 2485 2862 ἀσπίδων
2516 2806 2751 2878 έρῤηξαν
2774 2846 2789 2871 ,
2826 2807 2917 2859 καὶ
2948 2805 3092 2858 ἰστὸν
3126 2805 3366 2878 ἀράχνης
3398 2804 3706 2873 ὑφαίνουσι,

2128 2901 2223 2955 καὶ
2248 2903 2276 2954 ὁ
2296 2899 2462 2953 θέλων
2480 2899 2586 2952 τῶν
2601 2899 2724 2952 ὠῶν
2744 2898 2919 2953 αὑτῶν
2940 2902 3152 2969 φαγεῖν,
3182 2898 3494 2970 συντρίψας,
3521 2896 3706 2968 οῦριον

2129 2988 2272 3064 εὗρε,
2290 2993 2382 3047 καὶ
2406 2996 2462 3047 ὲν
2485 2993 2631 3063 αὑτῷ
2651 2992 2978 3063 βασιλίσκον·
3007 2992 3034 3043 ὁ
3062 2991 3205 3055 ἱστὸς
3230 2991 3408 3044 αὐτῶν
3429 2989 3528 3043 οὑκ
3551 2982 3708 3043 ἔσται

2129 3087 2209 3150 είς
2247 3086 2477 3157 ἱμάτιον,
2515 3085 2635 3138 οὑδὲ
2685 3084 2758 3156 μὴ
2802 3083 3199 3156 περιϐάλωνται
3235 3083 3341 3136 ἀπὸ
3371 3082 3479 3135 τῶν
3524 3082 3707 3154 ἔργων

2130 3177 2330 3233 αὐτῶν.
2360 3176 2442 3230 Τὰ
2465 3176 2572 3249 γάρ
2599 3176 2735 3247 ἔργα
2763 3176 2940 3229 αὑτῶν
2963 3176 3099 3248 ἔργα
3122 3176 3370 3246 ἀνομίας·
3394 3176 3443 3227 el
3468 3174 3524 3227 δὲ
3543 3173 3706 3239 πόδες

2128 3268 2306 3323 αὐτῶν
2350 3269 2441 3321 ἐπὶ
2482 3267 2743 3339 πονηρίαν
2774 3267 3044 3339 τρέχουσι.
3082 3266 3300 3337 Ταχινοὶ
3325 3264 3510 3335 ὲκχέαι
3535 3259 3705 3336 αἷμα,

2126 3360 2218 3413 καὶ
2247 3362 2294 3413 οἱ
2326 3359 2663 3429 διαλογισμοὶ
2691 3357 2866 3412 αὑτῶν
2894 3356 3229 3428 διαλογισμοὶ
3267 3356 3531 3427 ἀφρόνων.
3565 3354 3709 3410 Σύν-

2123 3470 2339 3525 τριμμα
2366 3452 2459 3505 καὶ
2484 3451 2825 3522 ταλαιπωρία
2858 3453 2915 3505 ὲν
2947 3453 3066 3514 ταῖς
3093 3450 3229 3512 ὁδοῖς
3262 3449 3457 3502 αὑτῶν·
3492 3450 3547 3502 αί
3583 3447 3708 3521 τρί-

2125 3546 2207 3601 ϐοι
2262 3546 2439 3598 αὑτῶν
2483 3544 2929 3617 διεστραμμέναι,
2982 3543 3046 3607 ἂς
3102 3542 3411 3608 διοδεύουσι,
3472 3543 3563 3595 καὶ
3602 3542 3713 3597 οὐκ

2122 3639 2325 3693 οἴδασιν
2386 3639 2636 3708 εἰρήνην·
2691 3636 2780 3690 διὰ
2838 3635 2994 3690 τοῦτο
3046 3635 3256 3706 ἀπέστη
3304 3637 3337 3707 ἡ
3380 3636 3572 3708 ,κρίσις
3606 3635 3706 3688 ἀπ’

2122 3729 2319 3795 αὑτῶν,
2379 3729 2471 3783 καὶ
2529 3730 2598 3783 οὑ
2650 3729 2724 3800 μὴ
2781 3727 3064 3798 καταλάϐῃ
3120 3727 3314 3790 αὑτοὺς
3365 3723 3703 3797 δικαιοσύνη.

2135 3822 2572 3893 ’Υπομεινάντων
2618 3821 2763 3890 φῶς,
2811 3820 3026 3887 ἐγένετο
3073 3820 3257 3883 αὐτοῖς
3304 3816 3525 3882 σκότος’
3581 3816 3708 3889 μεί-

2120 3932 2311 3978 ναντες
2342 3914 2537 3987 αὐγὴν,
2571 3916 2627 3966 ἐν
2659 3913 2837 3985 ἀωρία
2873 3912 3303 3984 περιεπάτησαν·
3350 3910 3705 3981 ψηλαφήσου-

2125 4024 2206 4061 σιν
2235 4007 2309 4070 ὼς
2336 4006 2525 4075 τυφλοὶ
2555 4008 2751 4075 τοῖχον,
2784 4005 2877 4059 καὶ
2900 4004 2974 4069 ὡς
2999 4005 3096 4074 οὑχ
3123 4002 3474 4075 ὑπαρχόντων
3500 4001 3706 4072 ὀφθαλ-

2125 4095 2260 4168 μῶν,
2296 4095 2696 4167 ψηλαφήσουσι·
2743 4093 3034 4147 πεσοῦνται
3068 4095 3123 4146 ὲν
3157 4092 3493 4164 μεσημϐρίᾳ,
3532 4091 3607 4156 ῶς
3641 4094 3710 4148 ἐν

2125 4185 2477 4256 μεσονυκτίῳο
2509 4185 2584 4248 ὡς
2623 4183 3059 4256 ἀποθνήσκοντες
3102 4183 3464 4247 στενάξουσινο
3493 4182 3567 4247 ῶς
3594 4183 3702 4256 ἀρε·
3725 4193 3739 4214 ⁵

2121 4294 2245 4341 κτος
2266 4277 2360 4331 καὶ
2401 4275 2714 4348 περιστερὰ,
2744 4276 2859 4347 ἀμα
2891 4276 3265 4348 πορεύσονται,
3299 4294 3317 4328 ι
3340 4276 3431 4329 καί
3456 4276 3522 4329 τὰ
3547 4274 3701 4347 ἑξῆς·

2119 4364 2200 4433 οἷς
2238 4368 2512 4437 ἐπιλέγει·
2566 4389 2584 4420 ‹
2616 4370 2727 4423 Καὶ
2778 4367 3174 4440 φοϐηθήσονται
3227 4370 3275 4421 οἱ
3321 4366 3430 4421 ἀπὸ
3476 4366 3702 4437 δυσμῶν

2120 4459 2181 4512 τὸ
2209 4459 2379 4530 ὄνομα
2405 4460 2632 4531 Κυρίου,
2658 4462 2752 4514 καὶ
2771 4463 2821 4513 ot
2844 4461 2951 4515 ἀπὸ
2974 4458 3245 4515 ἀνατολῶν
3274 4458 3422 4531 ἡλίου
3440 4459 3499 4511 τὸ
3523 4458 3700 4529 δνομα

447 4535 519 4590 ab
550 4549 751 4592 occasu
773 4537 1067 4601 exsistunt,
1090 4551 1288 4592 nomen
1319 4535 1557 4599 Domini,
1584 4546 1640 4592 et
1665 4538 1758 4608 qui
1791 4537 1861 4593 ab
1889 4550 2013 4591 ortu

2129 4551 2179 4603 τὸ
2222 4549 2448 4615 ἔνδοξον.
2486 4570 2505 4602 ι
2568 4551 2726 4604 Ἀλλά
2757 4551 2865 4623 γὰρ
2900 4550 3164 4603 πλείστων
3189 4550 3327 4603 ὅσων
3358 4548 3530 4601 οὐσῶν
3564 4549 3701 4621 περὶ

446 4628 603 4697 solis,
630 4645 826 4685 nomen
844 4629 1253 4702 gloriosum’M
1301 4630 1591 4696 Caeterum,
1616 4647 1739 4686 cum
1770 4632 2017 4702 plurimae

443 4721 689 4793 ejusdem
722 4723 1026 4794 argumenti
1062 4723 1172 4778 sint
1199 4723 1515 4793 prophetiae,
1547 4725 1875 4780 testimoniis
1908 4725 2021 4781 his-

444 4829 529 4880 ee,
555 4830 678 4887 quae
724 4816 813 4871 hic
870 4814 1247 4887 apposuimus,
1288 4818 1528 4872 contenti
1558 4818 1767 4873 erimus
1806 4837 1818 4872 :
1855 4825 2020 4888 atque

444 4923 507 4964 ea
528 4923 630 4964 suo
654 4917 900 4979 tempore
927 4923 1119 4964 rursus
1138 4917 1464 4978 repetentes,
1482 4910 1908 4980 explanabimus.
1936 4909 2022 4965 ln-

444 5009 592 5055 terea
616 5014 770 5062 vero,
802 4999 1023 5068 quando
1052 5000 1120 5054 ad
1152 5000 1376 5055 verbum
1407 5001 1621 5056 abunde
1641 5001 1843 5057 talibus
1865 5002 2020 5057 testi-

446 5091 648 5147 moniis
677 5091 761 5145 usi
786 5106 999 5154 sumus,
1028 5092 1163 5147 satis
1188 5109 1290 5149 nos
1323 5093 1632 5149 ostendisse
1662 5095 2016 5161 arbitramur,

442 5182 579 5237 nihil
608 5183 842 5253 amplius
863 5199 1025 5254 quam
1046 5186 1285 5255 reliquas
1307 5196 1516 5257 gentes,
1553 5187 1755 5242 habere
1772 5186 2010 5243 Judaeos.

445 5272 573 5330 Sive
603 5275 750 5331 enim
781 5276 927 5333 illius
952 5278 1111 5333 amici
1145 5278 1241 5335 Dei
1261 5280 1495 5335 Abrahae
1522 5280 1919 5337 benedictionis
1954 5297 2013 5337 se

442 5368 593 5424 solos
641 5368 827 5423 dicunt
852 5386 978 5426 esse
1000 5373 1313 5443 participes,
1347 5381 1629 5442 propterea
1654 5372 1802 5443 quod
1833 5375 2015 5429 abillo

401 5507 413 5523 ,
442 5461 557 5513 sint
577 5458 796 5513 oriundi
834 5479 847 5516 :
873 5461 987 5530 jam
1016 5460 1159 5519 Deus
1187 5464 1367 5533 palam
1391 5465 1667 5533 pollicitus
1696 5473 1799 5532 est,
1834 5468 2013 5534 genti-

440 5549 545 5604 bus
565 5563 781 5619 quoque
818 5566 1002 5620 parem
1045 5566 1156 5606 non
1181 5553 1343 5608 modo
1395 5554 1498 5625 ipsi
1528 5554 1779 5620 Abrahae,
1821 5555 1915 5610 sed
1959 5562 2014 5608 et

443 5645 615 5708 Isaac,
660 5650 714 5697 et
763 5641 933 5699 Jacob
988 5643 1419 5702 benedictionem
1474 5663 1533 5702 se
1569 5647 2009 5718 impertiturum:

2116 4643 2216 4713 τῆς
2232 4642 2400 4713 αὑτῆς
2422 4642 2727 4707 ὑποθέσεως
2746 4642 3113 4714 προφητειῶν,
3134 4643 3254 4704 ταῖς
3279 4639 3701 4712 παρατεθείσαις

2125 4735 2449 4807 μαρτυρίαις
2490 4733 2959 4806 ἀρκεσθησόμεθα,
3010 4734 3105 4787 καὶ
3142 4732 3284 4786 κατὰ
3322 4732 3510 4803 καιρὸν
3537 4728 3701 4797 αὖθις

2121 4824 2481 4888 ἀναλαϐόντες
2508 4823 2919 4895 ὲξομαλίσομεψ
2968 4823 3256 4894 ἡγούμενοι
3285 4823 3422 4886 τέως
3448 4822 3700 4892 δαψιλέσι

2120 4917 2241 4977 ταῖς
2265 4913 2461 4980 λέξεσι,
2502 4916 2596 4967 καὶ
2618 4914 2734 4975 ταῖς
2762 4912 2871 4965 ἀπὸ
2896 4913 3097 4965 τούτων
3131 4910 3457 4983 μαρτυρίαις
3486 4926 3696 4982 κεχρη-

2123 5006 2294 5077 μένοι,
2340 5006 2537 5068 ίκανῶς
2579 5002 2975 5073 ἀποδεδειχέναι
3008 5003 3171 5074 μηδὲν
3199 5003 3354 5056 πλέον
3385 5001 3526 5071 ἔχειν
3562 5001 3700 5055 Ἰου-

2116 5094 2300 5160 δαίους
2320 5097 2427 5152 τῶν
2450 5095 2649 5150 λοιπῶν
2672 5094 2858 5148 ἐθνῶν.
2882 5093 3006 5146 Εἴτε
3035 5093 3143 5165 γὰρ
3165 5093 3263 5162 τῆς
3290 5092 3385 5145 τοῦ
3415 5091 3699 5161 Θεοφιλοῦς

2129 5190 2378 5262 ’Δϐραάμ
2409 5190 2658 5257 εὐλογίας
2688 5189 2881 5260 μόνους
2911 5190 3108 5252 αὑτούς
3135 5206 3294 5257 φασιν
3325 5183 3466 5242 εἶναι
3497 5205 3697 5243 κοινωο

2118 5286 2261 5349 νοὺς,
2281 5283 2368 5336 διὰ
2387 5280 2447 5334 τὸ
2466 5280 2525 5347 ἐξ
2546 5279 2708 5333 αὑτοῦ
2728 5278 2991 5344 κατάγειν
3010 5276 3069 5328 τὸ
3090 5275 3264 5343 γένος·
3292 5275 3428 5327 ἀλλά
3449 5274 3543 5326 καὶ
3563 5276 3685 5338 τοῖς

2121 5377 2296 5431 ἔθνεσι
2322 5375 2421 5443 τῆς
2454 5375 2573 5443 ἴσης
2600 5370 2677 5441 τῷ
2711 5370 2959 5440 Ἀϐραὰμ
2996 5369 3055 5421 οὑ
3104 5367 3281 5438 μόνον,
3312 5366 3446 5419 ἀλλά
3474 5365 3571 5418 καὶ
3604 5366 3684 5438 τῷ

2118 5467 2326 5531 Ἰσαὰκ,
2371 5467 2465 5519 καὶ
2507 5465 2586 5534 τῷ
2613 5463 2807 5518 Ἰακὼϐ
2842 5461 3095 5529 εὐλογίας
3138 5457 3463 5537 μεταδιὶισειν
3504 5459 3685 5528 ἐπήγ-

2121 5559 2335 5629 γελταιο
2364 5558 2655 5629 διαρρήδην
2697 5554 3149 5625 εὑλογηθήσεσθαι
3179 5552 3379 5622 ὁμοίως
3407 5551 3586 5604 παντά
3616 5552 3688 5606 τὰ

2121 5651 2248 5722 ἔθνη
2281 5648 2573 5721 προειπὼν,
2603 5649 2696 5703 καὶ
2731 5647 2836 5701 ὑπὸ
2870 5645 2996 5716 μίαν
3022 5646 3116 5697 καὶ
3144 5643 3239 5714 τὴν
3271 5642 3441 5710 αὑτὴν
3472 5642 3689 5714 εὑφρου

511 5796 555 5831 ⁸³
589 5798 691 5857 lsa.
730 5816 781 5866 ι,
815 5799 1006 5858 ίὸοίί).
1076 5801 1121 5830 ’⁸
1154 5800 1257 5858 lsa.
1284 5817 1358 5861 ιι.
1398 5800 1508 5858 4-5.
1587 5804 1631 5837 ⁸⁷
1657 5801 1761 5859 lsa.
1795 5819 1880 5859 Lix
1919 5802 2022 5855 l-ll

2132 5803 2175 5836 ”
2200 5800 2330 5856 ibid.
2360 5799 2449 5854 l9.
