3942 6258
267 310 355 366 121
1194 316 1841 383 ΒΕΜΟΝΞΤΒΑἸἸΟΝΙΞ
1889 326 2350 387 EV'ANGELICE
2402 329 2530 388 LIB.
2570 331 2636 389 ll.

3427 338 3531 393 122

279 435 432 507 miqu
462 435 586 499 τοῖς
620 437 924 511 μακαρίοις
947 436 1040 491 καὶ
1058 436 1324 508 θεοφιλίσι
1344 436 1438 493 καὶ
1463 439 1531 493 τὰ
1556 439 1717 494 λοιπά
1736 440 1848 495 ἔθντ

1964 443 2163 515 quippe
2188 445 2280 516 qui
2313 443 2711 502 benedicendas
2737 461 2862 503 esse
2882 407 3111 513 itidem.
3151 458 3210 505 ut
3238 449 3364 508 illos
3410 467 3531 506 om-

288 527 753 599 ἀνακαλούμενος,
806 528 942 583 κατά
984 529 1063 582 τό·
1107 548 1125 580 1
1162 529 1513 602 Εὐφράνθητε
1550 532 1675 603 ἔθνη
1721 532 1859 604 μετά

297 620 377 674 τοῦ
399 620 528 674 λαοῦ
552 621 750 675 αὑτοῦ·
782 641 801 673 1
838 621 950 676 καί·
984 640 1003 672 1
1033 622 1319 693 ’Δρχοντες
1347 622 1489 676 λαῶν
1521 623 1861 696 συνήχθησαν

310 708 429 781 μετὰ
446 708 539 762 τοῦ
562 709 706 763 Θεοῦ
744 709 1009 781 Ἀϐραάμ*
1041 728 1059 760 1
1084 710 1193 763 εἴτε
1214 711 1305 764 ἐπὶ
1330 711 1573 785 βασιλείᾳ
1587 713 1680 767 τοῦ
1702 714 1857 777 Θεοῦ,

309 802 438 855 ώσάν
462 800 629 854 αὑτοῦ
652 802 937 870 γεγονότες
956 800 1173 872 κλῆρος,
1201 804 1583 874 φρυάττονται,
1611 805 1745 858 ἀλλὰ
1766 805 1859 859 καὶ

310 896 390 948 ἐπὶ
423 893 596 946 πάντα
622 894 694 947 τά
726 893 888 947 λοιπά
920 893 1047 966 ἔθνη
1088 894 1423 965 βασιλεύσειν
1454 900 1482 950 ό
1513 897 1644 961 Θεὸς
1675 898 1862 952 θεσπί-

314 988 474 1052 (erat:
512 1005 530 1037 1
569 986 772 1039 Εἴπατε
813 1004 832 1036 1
863 985 991 1057 γὰρ,
1019 986 1200 1057 φησὶν,
1236 1006 1255 1039 1
1284 989 1341 1041 ἐν
1372 992 1481 1053 τοῖς
1511 989 1739 1054 ἔθνεσιν,
1776 992 1857 1046 ὅτι

312 1078 501 1150 Κύριος
543 1077 879 1132 ἐϐασίλευσε.
911 1096 930 1129 1
984 1079 1094 1131 Καὶ
1133 1079 1310 1134 πάλιν·
1360 1099 1378 1131 1
1425 1081 1799 1136 Ἐϐασίλευσεν
1830 1085 1859 1138 δ

317 1172 433 1234 Θεὸς
458 1172 546 1225 ἐπὶ
580 1171 757 1225 πάντα
787 1170 857 1223 τά
885 1170 1029 1241 ἔθνη·
1069 1172 1177 1225 είτε
1212 1173 1304 1226 ἐπὶ
1335 1172 1395 1226 τὸ
1429 1174 1729 1246 ἱερουργεῖν
1765 1175 1859 1229 καὶ

319 1269 384 1339 τῷ
408 1267 518 1339 Θεῷ
556 1267 836 1340 λατρεύειν
865 1267 1158 1338 ἐξειλέχθαι
1199 1267 1392 1330 αὐτοὺς
1425 1270 1600 1336 φαῖεν,
1623 1267 1858 1321 δεικτέον

320 1362 383 1426 ὡς
401 1362 485 1414 καὶ
506 1362 617 1424 τοῖς
636 1359 813 1413 ἐθνεσι
834 1359 934 1430 τῆς
957 1360 1076 1430 ίσης
1096 1361 1124 1412 ὁ
1149 1359 1304 1427 λόγος
1332 1358 1658 1429 μεταδώσειν
1689 1360 1858 1431 ἐπήγ-

320 1454 481 1524 γελται
520 1452 830 1522 θεραπείας,
869 1453 1060 1522 λέγων*
1101 1472 1119 1506 ι
1162 1455 1443 1523 Ἐνέγκατε
1480 1454 1556 1525 τῷ
1585 1455 1772 1527 Κυρίῳ
1802 1456 1856 1509 αἱ

322 1544 521 1615 πατριαὶ
546 1544 654 1598 τῶν
677 1544 863 1609 ἐθνῶν,
888 1545 1146 1613 ἐνέγκατε
1171 1545 1247 1616 τῷ
1273 1545 1460 1617 Κυρίῳ
1485 1547 1640 1613 δόξαν
1666 1548 1760 1601 καὶ
1777 1563 1856 1599 τι-

323 1639 432 1707 μήνο
460 1638 625 1708 ἄρατε
660 1636 871 1700 θυσίας,
913 1637 1007 1690 καὶ
1044 1637 1424 1709 εἰσπορεύεσθε
1451 1640 1530 1701 είς
1562 1638 1660 1702 τὰς
1688 1637 1857 1702 αὐλὰς

319 1730 479 1783 αὐτοῦ·
511 1749 529 1781 1
550 1724 631 1792 οἷς
652 1730 745 1783 καὶ
761 1730 823 1783 τὸ
846 1728 996 1801 παρά
1024 1729 1101 1801 τῷ
1115 1729 1307 1801 Ἡσαΐᾳ
1327 1729 1578 1800 συνάψεις
1606 1729 1801 1798 λόγιον,
1831 1748 1850 1779 1

317 1821 372 1876 τὸ
391 1822 574 1893 φῆσαν·
610 1840 629 1873 1
667 1822 859 1875 Ἔσται
892 1821 1267 1893 θυσιαστήριον
1295 1821 1375 1892 τῷ
1406 1821 1592 1893 Κυρίῳ
1616 1821 1673 1873 ἐν
1704 1819 1856 1892 χώρᾳ

316 1914 586 1982 Αἰγύπτου,
616 1913 712 1968 καὶ
752 1912 1051 1983 γνώσονται
1081 1915 1129 1966 οί
1175 1911 1464 1981 Αίγύπτιοι
1503 1912 1592 1965 τὸν
1627 1911 1851 1983 Κύριον,

316 2004 397 2058 καὶ
424 2006 702 2075 ποιήσουσι
729 2004 936 2068 θυσίας,
960 2003 1055 2057 καὶ
1084 2002 1323 2067 εὔξονται
1353 2002 1516 2073 εὐχὰς
1543 2001 1620 2074 τῷ
1644 2003 1851 2075 Κυρίῳ,

314 2096 392 2150 ui.
421 2094 801 2150 ἀποδώσουσιν.
840 2115 859 2147 1
916 2095 1082 2148 Ἔνθα
1122 2096 1214 2148 καὶ
1256 2095 1567 2167 ἐπιστήσεις
1598 2094 1673 2157 ὼς
1701 2094 1855 2157 ἐκτὸς

312 2187 397 2258 τῆς
435 2189 783 2261 Ἰερουσαλὴμ
814 2189 905 2242 ἐπὶ
933 2188 1031 2258 τῆς
1068 2186 1340 2255 Αἰγύπτου
1375 2186 1752 2257 θυσιαστήριον
1778 2183 1854 2256 τῷ

314 2279 485 2351 Κυρίῳ
516 2280 897 2348 συστήσεσθαι,
949 2280 1044 2332 καὶ
1089 2278 1270 2332 θύσειν
1313 2277 1497 2331 αύτόθι
1535 2278 1661 2339 τοὺς
1687 2277 1851 2343 Δίγυ-

310 2369 497 2433 πτίους,
520 2370 614 2422 καὶ
640 2368 887 2435 εὔξεσθαι
914 2369 1094 2441 εὐχάς,
1117 2371 1210 2422 καὶ
1234 2366 1531 2421 ἀποδώσειν
1545 2366 1622 2436 τῷ
1646 2366 1851 2437 Κυρίῳ,

311 2463 705 2533 προσητεύεται.
742 2464 817 2515 Οὐ
855 2463 1010 2533 μόνον
1054 2461 1108 2514 δὲ
1151 2461 1258 2532 ἄρα
1297 2460 1388 2513 ἐπὶ
1417 2458 1516 2529 τῆς
1555 2456 1850 2524 Αἰγύπτου,

310 2552 428 2605 ἀλλά
454 2553 543 2607 καὶ
584 2555 669 2607 ἐπ’
715 2553 885 2624 αὐτῆς
923 2553 1022 2623 τῆς
1060 2552 1292 2621 ἀληθοῦς
1332 2550 1700 2622 Ἰερουσαλὴμ,
1732 2550 1854 2619 ἥτις

309 2646 423 2698 ποτὲ
451 2646 582 2717 αῦτη
614 2649 834 2708 νοεῖται,
876 2646 1052 2699 πάντα
1092 2645 1157 2699 τά
1202 2644 1349 2715 ἔθνη,
1404 2642 1497 2697 καὶ
1532 2642 1683 2696 αὐτοί
1710 2659 1772 2710 γε
1802 2644 1851 2694 oi

310 2736 499 2790 πάντων
532 2738 1073 2808 δεισιδαιμονέστατοι
1116 2736 1399 2805 Αἰγύπτιοι
1443 2736 1540 2805 τὴν
1572 2735 1712 2788 κατά
1740 2735 1853 2788 διὰ-

308 2845 434 2881 νοιαν
474 2829 851 2901 θεωρουμένην
891 2829 1261 2899 σκηνοπηγίαν
1305 2828 1581 2899 ἑορτάσειν
1621 2826 1724 2880 ὑπὸ
1753 2826 1850 2897 τῆς

307 2924 620 2993 προφητείας
646 2921 1060 2977 ἀνακαλοῦνται.
1097 2923 1159 2974 El
1189 2922 1244 2974 δὲ
1271 2922 1365 2974 καὶ
1392 2921 1557 2975 πάλαι
1591 2920 1851 2991 πρότερον

306 3013 512 3085 ἐγενήθη
543 3016 699 3086 μερὶς
726 3014 928 3086 Κυρίου
957 3013 1083 3076 λαὸς
1110 3012 1270 3066 αὑτοῦ
1323 3011 1534 3075 Ἰακὼϐ,
1566 3010 1851 3082 σχοίνισμα

1962 551 2060 591 nes
2072 543 2258 606 gentes
2277 535 2623 607 praedixerit,
2641 546 2695 593 et
2711 539 2812 593 sub
2837 555 2999 595 unam
3036 541 3372 614 eandemque
3400 558 3525 598 cum

1961 626 2133 682 beatis
2156 626 2283 692 illis,
2317 626 2521 699 Deique
2576 630 2768 686 amicis
2799 631 2929 688 viris
2971 633 3232 693 laetitiam.
3283 635 3528 704 reliquas

1961 734 2175 790 quoque
2224 729 2413 791 gentes
2466 722 2656 777 invitet
2687 761 2703 788 ,
2734 724 2888 792 juxta
2933 726 3103 782 illud:
3147 744 3166 779 1
3223 726 3526 793 L'ctamini,

1959 820 2165 882 gentes,
2189 828 2312 867 cum
2331 814 2529 884 populo
2560 819 2680 884 ejus
2707 816 2753 848 ”
2783 836 2795 870 :
2844 837 2861 870 1
2890 816 2954 872 Et
2975 820 3105 874 illud
3145 839 3158 875 :
3190 839 3208 872 1
3240 819 3527 892 Principes

1960 902 2279 971 populorum
2311 906 2623 975 congregati
2660 915 2787 961 sunt
2836 923 2958 962 cum
2992 908 3100 965 Deo
3139 911 3453 968 Abraham:
3495 931 3515 964 1

1959 995 2073 1050 sive
2099 994 2166 1049 de
2193 994 2303 1066 eo
2334 1011 2502 1067 regno
2531 995 2645 1060 Dei,
2690 1000 2847 1068 quasi
2890 1001 3036 1056 iEIius
3074 1001 3203 1059 facti
3258 1004 3521 1071 lueredes,

1958 1085 2295 1154 gloriantur:
2321 1087 2434 1156 jam
2467 1089 2521 1142 in
2552 1089 2778 1159 reliquis
2801 1105 3018 1162 quoque
3049 1093 3300 1162 gentibus
3328 1110 3524 1167 regna-

1960 1172 2139 1230 turum
2183 1174 2373 1241 Deum,
2420 1179 2604 1234 divina
2647 1184 2868 1235 oracula
2926 1184 3267 1239 ostendunt:
3303 1179 3525 1243 1Dicito

1956 1268 2347 1338 enim,inquit,
2396 1269 2449 1324 in
2478 1272 2767 1340 gentibus,
2819 1275 2962 1343 quod
3010 1273 3273 1330 Dominus
3323 1291 3519 1347 regna-

1958 1355 2033 1409 vit
2067 1356 2081 1387 ⁸
2120 1376 2167 1410 .1
2211 1356 2275 1410 Et
2306 1372 2499 1414 rursus
2531 1377 2545 1414 :
2594 1378 2612 1411 1
2668 1359 2935 1431 Regnavit
2968 1362 3111 1419 Deus
3139 1380 3305 1435 super
3331 1381 3523 1423 omnes

1958 1456 2145 1517 gentes
2167 1452 2226 1506 ἐ
2260 1468 2279 1502 1
2308 1452 2424 1507 sive
2453 1453 2519 1506 ad
2552 1455 2841 1509 sacerdotii
2873 1472 3092 1521 munus,
3126 1467 3181 1512 et
3213 1460 3280 1513 ad
3314 1461 3522 1516 cultum

1959 1538 2068 1595 Deo
2096 1541 2457 1598 exhibendum
2487 1560 2547 1601 se
2565 1546 2768 1603 electos
2792 1548 3066 1615 dictitant,
3091 1549 3523 1606 demonstratum

1957 1634 2092 1701 erit;
2128 1636 2584 1704 quemadmodum
2634 1639 2887 1708 gentibus
2913 1656 3152 1711 quoque,
3184 1644 3391 1712 mquale
3419 1644 3524 1697 mi-

1958 1726 2243 1781 nisterium
2276 1743 2456 1786 sermo
2488 1731 2707 1785 divinus
2736 1748 2796 1787 se
2819 1732 3225 1804 impertiturum
3259 1736 3523 1806 promise-

1958 1818 2048 1881 rit,
2082 1818 2173 1871 ubi
2204 1818 2278 1872 ait
2314 1837 2329 1874 :
2366 1839 2385 1871 1
2416 1820 2618 1877 Aﬂ'erte
2664 1821 2931 1888 Domino,
2984 1825 3201 1880 familia:
3254 1826 3518 1896 gentium.

1955 1908 2142 1964 afferte
2171 1908 2402 1966 Domino
2434 1913 2661 1982 gloriam
2689 1923 2745 1969 et
2765 1915 3023 1971 honorem
3051 1935 3063 1971 :
3092 1918 3263 1971 tollite
3286 1918 3518 1985 hostias,

1952 2008 2006 2055 et
2030 2001 2380 2071 ingredimini
2410 2005 2465 2058 in
2496 2005 2636 2059 atria
2660 2005 2780 2075 ejus
2813 2007 2833 2038 ³
2869 2026 2881 2060 :
2916 2026 2935 2059 1
2967 2008 3168 2078 quibus
3191 2008 3356 2063 etiam
3386 2010 3520 2064 illud

1953 2093 2095 2163 apud
2118 2094 2310 2150 Isaiam
2356 2098 2639 2151 oraculun
2671 2098 2974 2169 adjungere
2996 2101 3218 2169 poteris,
3251 2099 3395 2169 quod
3444 2099 3521 2155 ita

1953 2185 2154 2240 habet:
2190 2205 2210 2238 1
2248 2185 2311 2240 Et
2334 2188 2504 2244 altare
2522 2189 2771 2245 ~Domino
2810 2193 2865 2246 in
2891 2200 3034 2247 terra
3074 2193 3314 2265 Egypti,
3348 2201 3399 2248 et
3427 2209 3522 2249 co-

1951 2286 2213 2348 gnoscent
2242 2277 2481 2350 Egyptii
2527 2280 2835 2346 Dominum,
2886 2291 2939 2339 et
2973 2283 3172 2338 facient
3230 2286 3518 2354 sacrificia,

1950 2379 2004 2423 et
2033 2371 2307 2424 vovebunt
2340 2382 2461 2426 vota
2494 2361 2744 2437 Domino,
2778 2382 2833 2428 et
2856 2375 3083 2429 reddent
3113 2375 3155 2430 ⁸.
3197 2395 3217 2428 1
3253 2374 3356 2430 Ubi
3389 2377 3518 2430 item

1952 2461 2083 2514 illud
2116 2461 2214 2515 tibi
2237 2461 2340 2515 erit
2368 2462 2827 2517 considerandum
2857 2465 3135 2528 attentius,
3176 2450 3321 2535 quod
3364 2475 3519 2520 extra

1948 2548 2245 2604 Jerusalem
2272 2553 2325 2604 in
2354 2551 2587 2622 Egypto
2608 2553 2777 2607 altare
2798 2551 3025 2608 Domino
3051 2556 3516 2621 constituendum,

1950 2650 2004 2697 et
2034 2643 2146 2697 illic
2182 2644 2591 2698 saeriticaturos
2615 2642 2926 2714 Egyptios,
2952 2653 3184 2715 votaque
3213 2644 3444 2699 Domino
3466 2655 3520 2699 et

1952 2730 2211 2795 facturos,
2237 2743 2288 2787 et
2313 2733 2624 2788 reddituros
2650 2733 2933 2801 prophetia
2964 2735 3251 2804 signiticet.
3284 2734 3400 2789 Non
3426 2751 3516 2789 er-

1950 2840 2018 2888 go
2040 2825 2093 2889 in
2118 2813 2353 2896 Egyptb
2377 2826 2552 2880 solum
2582 2865 2597 2889 ,
2634 2826 2727 2881 sed
2762 2828 2816 2880 in
2845 2827 2958 2895 ipsa
3002 2843 3219 2895 quoque
3257 2843 3384 2882 vera
3430 2824 3520 2883 Je-

1950 2915 2212 2978 rusalem,
2271 2932 2609 2986 quaecunque
2656 2932 2719 2972 ea
2766 2918 3117 2988 intelligatur,
3150 2932 3339 2972 omnes
3388 2934 3520 2988 gen-

1952 3014 2058 3071 tes,
2110 3023 2324 3062 necnon
2358 3008 2460 3078 ipsi
2492 3010 2733 3063 omnium
2784 3011 3306 3079 superstitiosissinii
3350 3010 3518 3082 Egy-

306 3106 645 3179 κληρονομίας
685 3106 849 3160 αὑτοῦ
902 3106 1133 3178 Ἰσραὴλ,
1178 3104 1312 3160 ἀλλά
1343 3104 1565 3174 ὕστερόν
1604 3118 1734 3156 ποτε
1759 3102 1848 3157 καὶ

1958 3100 2074 3169 ptii,
2108 3099 2175 3152 ad
2206 3098 2257 3153 id
2279 3101 2420 3169 quod
2454 3116 2516 3155 ex
2548 3104 2839 3165 sententia,
2872 3119 2979 3158 non
3021 3116 3087 3157 ex
3117 3105 3322 3173 scripto
3349 3104 3519 3158 inter-

302 3197 360 3251 τὰ
381 3198 498 3270 εθνη
530 3199 706 3252 πάντα
731 3197 808 3269 τῷ
832 3198 1021 3269 Κυρίῳ
1041 3196 1356 3268 δοθήσεσθαι
1385 3195 1584 3267 κλῆρος
1610 3194 1845 3266 εἴρηται,

304 3292 550 3361 φήσαντος
576 3289 723 3360 αὐτῷ
746 3288 839 3343 τοῦ
858 3290 1097 3361 Πατρόςθ
1130 3308 1147 3339 1
1170 3289 1397 3358 Δίτησαι
1426 3289 1551 3357 παρ’
1575 3287 1728 3357 ἐμοῦ,
1755 3287 1848 3340 καὶ

298 3382 436 3437 δώσω
472 3401 553 3437 σοι
589 3383 714 3454 ἔθνη
749 3382 844 3453 τὴν
876 3381 1237 3453 κληρονομίαν
1275 3397 1386 3433 σου.
1420 3399 1438 3430 1
1472 3380 1583 3432 Καὶ
1609 3378 1718 3448 γάρ
1749 3394 1849 3431 κα·-

297 3473 659 3544 τακυριεύσειν
705 3473 765 3525 οὐ
800 3473 898 3543 τῆς
942 3471 1219 3534 Ἰουδαίας,
1266 3470 1377 3523 ἀλλ’
1424 3470 1530 3523 ἀπὸ
1573 3468 1846 3539 θαλάσσης

296 3565 389 3628 ἕως
421 3564 718 3634 θαλάσσης,
753 3563 847 3617 καὶ
876 3563 1126 3636 περάτων
1151 3562 1252 3631 τῆς
1286 3561 1608 3632 οἰκουμένης
1645 3576 1849 3631 προφη-

294 3656 511 3710 τεύεται·
546 3675 564 3705 1
592 3654 779 3707 Πάντα
807 3671 865 3707 τε
890 3653 960 3706 τὰ
990 3652 1114 3723 ἔθνη
1145 3652 1515 3705 δουλεύσουσιν
1552 3650 1718 3721 αὐτῷ,
1753 3652 1846 3705 καὶ

293 3746 787 3817 ἐνευλογηθήσονται
824 3748 881 3799 ἐν
907 3744 1052 3815 αὐτῷ
1084 3746 1253 3797 πᾶσαι
1281 3745 1336 3797 αἱ
1362 3743 1523 3812 φυλαὶ
1543 3742 1642 3813 τῆς
1667 3743 1786 3813 γῆς.
1820 3761 1840 3795 1

292 3839 479 3892 Τούτου
505 3839 561 3892 δὲ
588 3833 657 3908 ἦν
690 3838 883 3899 αἴτιον,
917 3837 977 3889 τὸ
1006 3835 1271 3906 γνωρίσαι
1302 3834 1376 3905 (1)
1408 3834 1514 3888 τῶν
1548 3833 1682 3886 ὅλων
1712 3833 1845 3886 Θεὸν

290 3928 371 3982 τὸν
393 3930 656 4001 σωτήριον
678 3926 840 3981 αὐτοῦ
858 3924 1083 3980 ἐνώπιον
1103 3925 1317 3978 πάντων
1332 3924 1437 3977 τῶν
1455 3922 1642 3977 ἐθνῶν.
1675 3923 1843 3993 Σεση-

291 4020 505 4091 μείωται
533 4019 588 4073 δὲ
617 4022 747 4091 ἡμῖν
776 4018 877 4088 ήδη
902 4019 1161 4090 πρότερον
1190 4017 1250 4069 τὸ
1278 4016 1517 4084 Ἰησοῦς
1543 4015 1732 4085 ὄνομα,
1765 4017 1846 4079 εἰς

286 4116 375 4184 τὴν
424 4113 692 4184 ἘὈ-ήνων
742 4111 851 4165 ἀπὸ
902 4113 999 4183 τῆς
1066 4109 1329 4181 Ἐϐραίων
1382 4107 1844 4180 μεταϐαλλόμενον

288 4204 483 4273 φωνῆς,
514 4201 813 4270 Σωτήρων
850 4200 1263 4273 ἑρμηνεύεσθαι,
1309 4201 1385 4265 ὡς
1440 4199 1603 4270 μηδὲν
1661 4199 1844 4269 ἕτερον

288 4290 413 4349 εἶναι
462 4294 524 4348 τὺ
575 4294 877 4363 Σωτήρων
900 4293 1005 4347 τοῦ
1030 4292 1179 4347 Θεοῦ
1213 4292 1246 4363 ἢ
1279 4291 1376 4363 τὴν
1430 4290 1524 4343 τοῦ
1593 4291 1844 4361 Σωτῆρος

287 4387 431 4457 ἡμῶν
522 4385 697 4457 Ἰησοῦ
775 4384 1008 4457 Χριστοῦ
1093 4383 1482 4456 προσηγορίαν.
1564 4383 1845 4454 Μαρτυρεί

1952 3191 2272 3262 pretandum
2302 3193 2393 3254 sit,
2435 3194 2905 3249 tabernaculorum
2961 3196 3203 3258 solenne,
3235 3197 3518 3251 celebran-

1953 3284 2103 3346 dum,
2133 3283 2450 3340 invitantur.
2473 3285 2626 3351 Quod
2655 3287 2701 3341 si
2726 3287 2853 3340 olim
2880 3286 3053 3341 factus
3076 3295 3160 3342 est
3193 3305 3212 3334 1
3252 3303 3376 3357 pars
3410 3289 3519 3343 Do-

1952 3373 2084 3444 mini
2111 3375 2342 3444 populus
2361 3375 2480 3443 ejus
2516 3374 2704 3439 Jacob,
2740 3376 3015 3432 funiculus
3046 3377 3374 3433 han-editutis
3396 3379 3516 3449 ejus

1951 3462 2118 3519 Israel
2149 3466 2192 3529 ⁸,
2235 3483 2254 3516 1
2304 3473 2358 3519 at
2388 3467 2443 3519 in
2478 3476 2753 3535 posterum
2775 3507 2790 3529 ,
2840 3475 3026 3537 gentes
3053 3485 3267 3538 quoque
3299 3485 3510 3525 omnes.

1951 3549 2181 3610 Demino
2215 3558 2268 3610 in
2307 3564 2509 3612 sortem
2533 3573 2655 3611 esse
2680 3558 3016 3622 tribuendas,
3045 3560 3247 3616 dictum
3273 3569 3384 3616 est:
3421 3562 3516 3617 ubi

1949 3647 2200 3701 videlicet
2250 3648 2322 3700 illi
2353 3648 2432 3702 sic
2460 3649 2535 3701 ait
2568 3647 2763 3703 Pater:
2802 3669 2820 3699 1
2856 3649 3075 3704 Postula
3105 3667 3133 3703 a
3166 3661 3336 3713 me.et
3372 3651 3517 3706 dabo

1950 3736 2048 3790 tibi
2103 3744 2292 3806 gentes
2324 3738 2688 3791 haereditatem
2725 3746 2869 3798 tuam
2896 3739 2936 3794 °.
2969 3758 2988 3790 1
3025 3739 3234 3794 Etenim
3268 3740 3520 3794 domina-

1951 3833 2133 3879 turum
2162 3842 2283 3882 esse
2311 3841 2419 3880 non
2460 3832 2514 3881 in
2543 3825 2728 3881 Juda'a
2757 3829 2956 3891 solum,
3000 3829 3092 3883 sed
3121 3844 3150 3881 a
3175 3831 3307 3883 mari
3343 3844 3516 3898 usque

1950 3919 2018 3973 ad
2043 3934 2214 3981 mare,
2270 3929 2323 3974 et
2354 3919 2488 3975 fines
2535 3920 2685 3974 orbis
2727 3931 2905 3981 terrae.
2934 3921 3213 4000 prophetia
3243 3923 3440 3976 clamat
3466 3920 3513 3985 ⁷,

1949 4026 2248 4081 omnesque
2280 4012 2358 4065 illi
2389 4021 2577 4082 gentes
2597 4028 2720 4068 esse
2743 4013 3058 4073 servituras,
3099 4013 3518 4068 benedicendas-

1948 4118 2055 4173 que
2079 4117 2199 4157 esse
2228 4103 2281 4156 in
2302 4118 2367 4157 eo
2391 4119 2582 4158 omnes
2604 4104 2779 4158 tribus
2804 4111 2977 4157 terrae.
3004 4102 3115 4159 Hac
3143 4113 3321 4159 autem
3347 4119 3513 4159 causa

1950 4193 2053 4247 hoc
2088 4194 2288 4248 factum
2322 4203 2427 4260 est,
2453 4204 2511 4248 ut
2537 4194 2677 4251 Deus
2707 4196 2944 4251 universi
2977 4196 3032 4249 in
3067 4207 3362 4267 conspectu
3394 4211 3514 4250 om-

1949 4285 2098 4339 nium
2134 4278 2428 4355 gentium,
2461 4288 2700 4342 salutare
2754 4303 2915 4343 suum
2977 4297 3166 4342 notum
3204 4288 3407 4342 faceret
3436 4288 3457 4320 ⁸
3493 4307 3509 4342 :

1949 4392 2051 4433 nos
2076 4376 2335 4445 verojam
2361 4384 2487 4433 ante
2539 4379 2849 4434 notavimus
2880 4394 3075 4433 nomen
3116 4378 3297 4445 Jesns,
3349 4378 3395 4432 si
3442 4392 3510 4433 ex

286 4479 447 4549 τούτῳ
484 4478 580 4532 καὶ
616 4479 645 4530 ὁ
681 4477 904 4548 Συμεὼν
943 4478 999 4529 ἐν
1033 4475 1111 4546 τῷ
1150 4474 1485 4545 Εὐαγγελίῳ,
1538 4474 1616 4538 ὃς,
1665 4473 1844 4528 λαϐὼν

1950 4468 2212 4524 liebraica
2245 4469 2428 4540 lingua
2481 4470 2535 4524 in
2588 4469 2829 4525 Graecam
2890 4478 3277 4533 convertatur,
3324 4469 3509 4541 Σωτή-

283 4570 339 4625 τὸ
391 4569 626 4633 παιδίον,
676 4568 835 4623 αὐτὸν
889 4567 951 4639 δὴ
1005 4567 1095 4619 τὸν
1162 4565 1388 4637 Ἰησοῦν,
1442 4565 1577 4635 μετά
1628 4568 1838 4636 χεῖρας,

284 4662 566 4734 ἐπηύξατο·
612 4678 633 4711 1
670 4659 784 4712 Νῦν
821 4657 1071 4722 ἀπολύεις
1099 4656 1188 4711 τὸν
1220 4657 1403 4711 δοῦλόν
1434 4673 1548 4722 σου,
1572 4656 1837 4719 Δέσποτα,

283 4754 414 4807 κατὰ
448 4753 511 4806 τὸ
548 4752 701 4825 ρἧἀ
738 4767 848 4811 σου,
878 4751 936 4802 ἐν
988 4750 1208 4821 είρήνῃ’
1259 4749 1340 4801 ὅτι
1374 4745 1512 4801 εἶδον
1548 4750 1597 4800 οἱ
1634 4746 1838 4814 ὀφθαλ-

287 4846 368 4913 μοί
403 4862 502 4915 μου
535 4845 596 4897 τὸ
631 4842 894 4914 σωτήριόν
921 4858 1033 4904 σου,
1068 4841 1096 4894 ὃ
1119 4839 1421 4912 ἡτοίμασας
1449 4841 1589 4894 κατά
1622 4840 1839 4913 πρόσω-

284 4952 372 4989 πον
404 4938 622 4991 πάντων
645 4933 753 4987 τῶν
784 4932 949 4998 λαῶν,
972 4932 1087 5002 φῶς
1123 4935 1203 4995 είς
1226 4931 1568 5001 ἀποκάλυψιν
1600 4931 1786 4987 ἐθνῶν.
1814 4952 1833 4983 1

283 5028 410 5081 Αὐτὸ
444 5027 576 5099 γοῦν
603 5026 664 5081 τὸ
707 5028 970 5098 σωτήριον
1000 5026 1094 5079 καί
1121 5028 1149 5080 ό
1173 5024 1474 5097 Ψαλμῳδὸς
1511 5024 1717 5096 ἐδήλου,
1753 5025 1840 5078 λέ-

285 5136 400 5187 γωνο
430 5141 448 5171 ι
484 5119 781 5190 Ἐγνώρισε
818 5120 1018 5189 Κύριος
1046 5117 1107 5171 τὸ
1148 5120 1409 5190 σωτήριον
1441 5116 1603 5170 αὑτοῦ
1627 5157 1642 5181 ,
1682 5118 1838 5171 ἐναν-

286 5210 383 5264 τίον
407 5211 516 5264 τῶν
562 5210 734 5264 ἐθνῶν
760 5210 1075 5280 ἀπεκάλυψε
1113 5209 1209 5281 τὴν
1229 5209 1571 5278 δικαιοσύνην
1603 5207 1789 5262 αὐτοῦ.
1816 5227 1835 5259 1

287 5296 381 5351 Καὶ
402 5298 545 5353 κατά
569 5298 662 5353 τὸν
696 5299 919 5352 Ἡσαΐαν
940 5299 1082 5352 τοῦτ’
1108 5298 1237 5352 αὐτὸ
1259 5299 1321 5351 τὸ
1350 5299 1612 5370 σωτήριον
1644 5298 1841 5361 ἰδόντες

286 5388 467 5453 πάντες
515 5389 831 5461 ἄνθρωποι,
885 5392 1276 5461 προσκυνήσειν
1320 5390 1563 5459 λέγονται
1609 5388 1686 5460 τῷ
1733 5390 1839 5442 τῶν

282 5477 400 5535 ὅλων
431 5479 551 5552 θεῷ
582 5481 647 5533 τὸ
696 5480 962 5551 σωτήριον
1014 5479 1178 5532 αὐτοῦ
1217 5481 1329 5543 τοῖς
1384 5482 1547 5534 πᾶσιν
1595 5479 1838 5550 ἀφθόνως

337 5601 378 5632 ”
408 5597 555 5654 Psal.
582 5611 737 5655 nvi.
770 5596 852 5650 t0.
950 5599 966 5627 ³
1000 5594 1139 5652 Psal.
1176 5610 1300 5659 xcv,
1334 5596 1419 5651 10.

275 5671 515 5732 11:11.9.
603 5666 880 5729 ‘Psal.n.
940 5676 1002 5729 8.

332 5764 403 5833 (1)
434 5759 810 5819 Desideratur
831 5757 920 5810 τόν
973 5756 1126 5813 Eon.
1162 5757 1334 5811 Pun.

1522 5596 1542 5626 ’
1566 5595 1709 5650 Psal.
1745 5611 1890 5656 XLVI,
1919 5594 1995 5649 9.‘

1077 5666 1096 5697 ⁷
1118 5665 1260 5721 Psal.
1297 5682 1444 5729 Lxxi,
1481 5667 1535 5725 8.
1578 5669 1662 5732 ll,
1697 5667 1779 5721 i7.
1860 5667 1881 5697 ⁸
1908 5664 2051 5721 Psal.
2085 5681 2247 5732 xcvu,
2279 5664 2333 5719 2.
2400 5666 2421 5697 '
2448 5665 2578 5733 Luc,
2607 5682 2666 5730 ιι,
2698 5667 2888 5727 29—32.

1948 4577 2063 4633 ριον
2079 4560 2405 4630 signiﬁcare,
2423 4560 2567 4631 quod
2590 4561 2781 4617 Latine
2800 4561 3001 4616 dicitur
3021 4561 3279 4622 salutare.
3301 4561 3509 4614 utnihil

1944 4652 2091 4707 aliud
2104 4655 2174 4707 sit
2185 4652 2431 4707 Salutare
2442 4652 2539 4707 Dei
2547 4668 2707 4723 quam
2726 4653 3203 4719 Salvatorisnostri
3218 4650 3343 4706 Jesu
3357 4650 3512 4706 ειη-ί.

1943 4745 2014 4800 sti
2030 4746 2320 4816 appellatio
2343 4765 2357 4801 :
2377 4746 2503 4801 huic
2528 4747 2603 4802 rei
2631 4746 2787 4802 fidem
2807 4747 2935 4801 facit
2951 4745 3170 4801 Simeon
3191 4746 3247 4800 in
3266 4744 3508 4815 Evange-

1940 4838 2033 4900 lio.
2056 4839 2146 4908 qui
2161 4846 2387 4909 accepto
2399 4854 2590 4909 puero,
2618 4838 2736 4908 ipso
2752 4839 2935 4908 utique
2954 4838 3105 4901 Jesu,
3128 4839 3269 4892 intra
3285 4852 3506 4902 manus,

1941 4929 2020 4986 sic
2045 4931 2222 4983 oravit
2257 4947 2270 4984 :
2306 4948 2326 4981 1
2364 4918 2522 4984 Nunc
2553 4929 2786 4985 dimittis
2813 4945 3027 4985 servum
3054 4938 3226 4992 tuum,
3256 4927 3504 4991 Domine,

1941 5022 2236 5077 secundum
2253 5022 2475 5076 verbum
2508 5028 2660 5074 tuum
2701 5020 2754 5074 in
2780 5036 2941 5091 pace:
2961 5021 3087 5091 quia
3103 5021 3506 5075 videruntoeuli

1937 5112 2040 5183 61
2078 5113 2184 5167 mei
2232 5110 2481 5166 Salutare
2513 5119 2690 5175 tuum,
2714 5113 2856 5182 quod
2907 5113 3110 5183 parasti
3143 5120 3268 5167 ante
3312 5110 3504 5166 faciem

1937 5207 2176 5261 omnium
2214 5206 2568 5275 populorum,
2607 5204 2789 5259 lumen
2837 5204 2905 5258 ad
2947 5204 3329 5261 revelationem
3374 5218 3507 5274 gen-

1936 5296 2138 5350 tium’.
2181 5316 2200 5348 1
2252 5295 2367 5351 Hoc
2414 5297 2592 5366 ipsum
2639 5296 2804 5366 igitur
2857 5295 3128 5360 Salutare,
3163 5295 3502 5353 Psalmorum
3548 5296 3555 5315 ‘

1937 5404 2153 5459 quoque
2204 5397 2399 5444 auctor
2462 5390 2810 5463 signiﬁcavit,
2853 5405 2977 5444 cum
3020 5389 3201 5444 dixit:
3249 5407 3269 5441 1
3304 5387 3501 5443 Notum

1939 5482 2062 5536 fecit
2095 5480 2380 5534 Dominum
2415 5480 2666 5537 Salutare
2696 5497 2876 5548 suum,
2928 5483 2981 5536 in
3032 5491 3326 5552 conspectu
3369 5497 3502 5552 gen-

2077 5593 2097 5625 ⁸
2127 5593 2423 5665 Ρεοιηιον,
2483 5596 2589 5662 7,8.
2662 5596 2808 5652 διεδ.
2841 5613 2954 5664 χιι,
2997 5597 3084 5665 19,
3112 5597 3200 5653 2|.
3299 5595 3494 5652 'ileut.
