3942 6258
390 316 494 373 I25

1048 309 1316 366 EUSEBII
1350 306 1825 368 CESARIENSIS
1859 304 2009 362 OPP.
2048 303 2229 362 PARS
2264 303 2328 362 Il.
2357 335 2430 349 -
2464 304 2960 365 APOLOGETICA.
3063 282 3074 289 ἱ

3514 308 3617 363 128

386 429 524 483 tium
557 425 814 482 revelavit
861 424 1132 495 justitiam
1171 438 1326 479 suam
1352 423 1416 478 ιθ.
1456 443 1476 477 ι
1516 421 1777 477 Similiter
1806 419 1950 490 apud

2056 421 2470 494 κεχαρισμένῳ·
2520 425 2613 478 καὶ
2642 425 3035 497 προσκυνήσειν
3084 440 3149 494 γε
3198 423 3347 496 αὐτῷ
3381 423 3481 479 οὐκ
3522 424 3618 478 ἐπὶ

386 515 580 575 Isaiam
599 532 790 574 omnes
834 516 1101 581 homines,
1122 515 1227 571 hoc
1257 515 1436 586 ipsum
1470 516 1705 572 salutare
1733 514 1949 568 intuen-

387 620 491 676 tes,
526 610 693 667 Deum
734 610 977 667 universi
1026 610 1289 665 dicuntur
1320 608 1621 672 adoraturi,
1666 607 1761 678 qui
1795 604 1955 660 Salu-

384 713 505 756 tare
538 717 697 757 suum
721 701 976 756 omnibus
1000 698 1216 755 abunde
1256 701 1329 755 sit
1367 699 1705 770 largiturus:
1732 704 1787 753 et
1818 696 1954 751 ado-

388 792 580 856 raturi,
619 808 728 847 non
757 793 814 847 in
852 791 957 846 hac
987 790 1234 846 inferiori
1283 789 1609 852 Jerusalem,
1642 804 1762 858 quae
1788 796 1872 843 est
1893 787 1952 841 in

386 884 695 949 Palaestina,
718 883 814 939 sed
838 898 1283 954 unumquemque
1311 899 1375 938 ex
1397 883 1517 936 loco
1541 896 1661 942 suo,
1681 887 1954 939 et.omnes

387 978 699 1047 quicunque
754 976 864 1032 sint
916 976 973 1030 in
1029 976 1227 1030 insulis
1267 974 1510 1045 gentium
1539 992 1554 1028 :
1585 987 1693 1042 quo
1713 980 1954 1040 tempore

386 1068 668 1122 oraculum
703 1066 834 1121 illud
863 1066 1024 1121 ﬁnem
1049 1065 1299 1135 accipiet,
1325 1065 1470 1134 quod
1504 1062 1732 1117 allirmat
1763 1076 1953 1116 omnes

388 1157 640 1212 homines
669 1159 925 1212 invocare
960 1172 1069 1211 non
1094 1156 1328 1227 amplius
1358 1155 1499 1210 Deos
1521 1154 1749 1224 patrios,
1776 1167 1953 1223 neque

389 1251 703 1314 simulacra,
736 1258 832 1305 aut
872 1251 1173 1315 daemonas,
1231 1249 1324 1304 sed
1384 1262 1583 1302 nomen
1642 1245 1955 1311 Domini,et

388 1343 596 1399 servire
638 1342 714 1396 illi
766 1343 870 1397 sub
894 1342 1027 1411 jugo
1061 1355 1192 1405 uno,
1223 1347 1278 1395 et
1309 1339 1386 1393 illi
1414 1355 1444 1392 a
1486 1338 1737 1393 terminis
1770 1336 1953 1391 [lumi-

386 1451 518 1491 num
572 1434 860 1504 IEthiopiae
912 1433 1205 1488 rationales
1263 1438 1318 1485 et
1379 1430 1693 1484 incruentas
1746 1428 1954 1482 hostias

385 1543 484 1598 per
515 1525 724 1580 Novum
751 1524 954 1580 Christi
992 1522 1422 1586 Testamentum,
1447 1535 1556 1573 non
1598 1520 1655 1572 in
1706 1515 1954 1572 inferiori

382 1620 709 1683 Jerusalem,
772 1631 950 1685 neque
1003 1615 1155 1669 ineo
1186 1613 1331 1684 quod
1387 1612 1444 1666 in
1493 1611 1584 1665 illa
1640 1617 1725 1665 est
1772 1608 1951 1673 altari,

386 1709 481 1764 sed
511 1709 568 1762 in
619 1707 740 1776 ejus
788 1705 1082 1775 EthiOpiae
1112 1704 1332 1769 ﬁnibus,
1368 1702 1436 1758 de
1477 1717 1584 1772 qua
1608 1702 1720 1771 jam
1747 1699 1953 1754 dictum

384 1811 490 1863 est,
527 1798 825 1853 oblaturos.
864 1796 1020 1864 Quod
1049 1796 1096 1852 si
1132 1810 1385 1866 magnum
1417 1793 1675 1864 quiddam
1720 1799 1824 1854 est,
1855 1789 1951 1845 Dei

383 1890 644 1962 populum
674 1897 729 1944 et
755 1904 899 1954 esse,
930 1896 985 1943 et
1017 1887 1254 1952 censeri,
1289 1895 1344 1942 et
1391 1900 1563 1940 unum
1602 1883 1707 1938 hoc
1740 1880 1950 1937 divino-

385 1998 507 2038 rum
540 1983 933 2051 promissorum
984 1980 1280 2034 maximum
1328 1985 1431 2039 est,
1457 1976 1550 2030 ubi
1587 1975 1657 2031 ab
1687 1975 1806 2044 ipso
1838 1971 1950 2027 Deo

384 2073 452 2129 de
490 2074 558 2129 iis
579 2073 673 2144 qui
696 2073 877 2143 seipso
898 2071 1047 2141 digni
1081 2071 1212 2133 sint,
1241 2068 1448 2123 dicitur
1486 2086 1499 2121 :
1536 2086 1554 2118 ι
1592 2065 1698 2120 Ero
1729 2065 1948 2118 illorum

385 2166 551 2231 Deus,
584 2175 638 2221 et
678 2166 783 2237 ipsi
832 2172 994 2220 erunt
1043 2163 1279 2234 populus
1308 2160 1546 2223 meus“,
1589 2176 1609 2210 ι
1650 2157 1951 2227 meritoque

383 2268 546 2314 antea
573 2257 908 2328 gloriabatur
935 2254 1134 2318 Israel,
1159 2254 1316 2325 quasi
1348 2252 1439 2323 qui
1482 2251 1632 2306 solus
1654 2247 1748 2304 Dei
1773 2263 1948 2317 popu-

386 2351 473 2408 lus
511 2358 675 2415 esset,
708 2351 811 2405 hoc
854 2364 1071 2421 quoque
1122 2349 1349 2411 bonum,
1383 2352 1498 2399 tum
1527 2358 1650 2398 cum
1683 2340 1749 2395 ad
1777 2354 1950 2409 popu-

383 2445 500 2499 lum
528 2444 679 2497 illum
714 2442 1000 2497 advenerit
1023 2439 1307 2504 Dominus,
1343 2437 1597 2517 gentibus
1632 2449 1693 2489 se
1722 2433 1952 2502 largitu-

334 2538 353 2556 ’
382 2551 505 2592 rum
535 2535 842 2606 pollicetur,
869 2533 1062 2588 dicens
1088 2551 1101 2587 :
1143 2549 1161 2582 ι
1205 2530 1343 2586 Ecce
1371 2544 1469 2600 ego
1493 2527 1674 2592 venio,
1708 2534 1761 2581 et
1791 2522 1950 2578 babi-

379 2630 511 2684 tabo
544 2629 601 2681 in
635 2626 815 2682 medio
861 2624 965 2689 tui,
999 2632 1054 2679 et
1083 2622 1396 2693 confugient
1445 2629 1633 2691 gentes
1669 2617 1853 2670 multae
1881 2613 1947 2668 ad

382 2718 696 2784 Dominum,
723 2727 776 2773 et
810 2726 972 2773 erunt
1013 2717 1067 2774 ei
1110 2718 1165 2770 in
1210 2715 1467 2786 populum
1489 2715 1553 2767 ¹².
1592 2731 1612 2765 ι
1646 2709 1720 2764 De
1752 2708 1950 2778 quibus

384 2812 520 2868 illud
548 2813 675 2866 item
710 2809 844 2866 satis
883 2820 1004 2878 apte
1045 2811 1262 2867 dicetur
1293 2825 1306 2860 :
1340 2824 1359 2857 ι
1402 2805 1467 2858 Ει
1491 2804 1666 2859 dica‘m
1710 2817 1817 2856 non
1853 2814 1950 2870 po-

384 2906 514 2977 pulo
546 2918 687 2964 meo,
720 2901 955 2972 populus
1001 2915 1154 2954 meus
1183 2914 1245 2954 es
1285 2904 1345 2951 tu
1382 2914 1396 2950 :
1427 2903 1481 2951 et
1511 2895 1626 2965 ipse
1655 2893 1819 2956 dicet,
1842 2889 1950 2945 Do-

384 2997 568 3051 minus
596 2993 739 3048 Deus
768 3007 923 3047 meus
943 3007 1003 3046 es
1026 2991 1168 3044 tu".
1208 3008 1228 3040 ι
1257 2988 1315 3043 Si
1363 3003 1492 3044 vero
1523 3002 1631 3041 non
1660 2987 1822 3051 alius,
1851 2982 1948 3038 sed

384 3085 503 3155 ipse
542 3092 627 3139 est
684 3082 957 3147 Christus,
982 3080 1075 3151 qui
1106 3079 1174 3135 de
1226 3078 1411 3132 radice
1455 3076 1609 3131 .lesse
1640 3071 1887 3129 oritu'rus
1916 3089 1947 3128 a

2055 508 2155 577 τῆς
2186 509 2335 564 κάτω
2373 512 2725 585 Ἰερουσαλὴμ
2762 515 2860 586 τῆς
2904 513 3047 569 κατά
3091 514 3191 586 τὴν
3217 514 3615 586 ¹Παλαιστίνην,

2056 599 2170 653 ἀλλ’
2201 600 2428 658 ἕκαστον
2463 607 2527 658 ἐκ
2559 606 2653 659 τοῦ
2681 605 2843 660 τόπου
2881 605 3046 661 αὑτοῦ
3067 645 3083 672 ,
3122 607 3215 662 καὶ
3245 608 3449 670 πάντας
3491 608 3618 672 τοὺς

2056 689 2114 743 ἐν
2136 694 2260 756 ταῖς
2283 695 2465 765 νήσοις
2487 694 2596 750 τῶν
2625 695 2822 751 ἐθνῶν·
2855 699 2943 752 ὅτε
2979 698 3073 753 καὶ
3112 699 3520 771 πληρωθήσεται
3556 699 3618 753 τὺ

2058 783 2267 852 φάσκον
2308 785 2484 855 λόγιον
2532 788 2901 844 ἐπικαλεῖσθαι
2931 791 3138 856 πάντας
3176 791 3491 865 ἀνθρώπους
3516 793 3619 846 οὐκ

2055 876 2136 931 ἐτι
2173 880 2300 943 τοὺς
2333 879 2612 952 πατρῴους
2649 881 2822 947 θεοὺς,
2854 882 2974 936 οὐδὲ
3017 882 3085 936 τά
3121 882 3331 949 εἴδωλα,
3364 883 3459 937 καὶ
3492 883 3619 948 τοὺς

2054 969 2335 1041 δαίμονας,
2364 972 2500 1026 ἀλλά
2517 972 2578 1026 τὸ
2601 973 2771 1044 ὄνομα
2799 975 3030 1044 Κυρίου,
3056 974 3151 1028 καὶ
3181 974 3450 1030 δουλεύειν
3471 973 3620 1045 αύτῷ

2056 1063 2161 1117 ὑπὸ
2195 1063 2355 1134 ζυγὸν
2385 1065 2511 1131 ἐνα,
2561 1069 2625 1121 ἐκ
2662 1067 2912 1142 περάτων
2939 1086 2998 1121 τε
3030 1067 3290 1139 ποταμῶν
3336 1067 3621 1132 Αἰθιοπίας

2055 1159 2431 1230 προσοίσουσιν
2466 1159 2614 1231 αὐτῷ
2642 1160 2739 1225 τὰς
2768 1161 2990 1231 λογικάς
3014 1162 3108 1216 καὶ
3142 1161 3400 1231 ἀναίμους
3429 1158 3621 1224 θυσίας

2053 1247 2141 1301 διὰ
2180 1249 2280 1319 τῆς
2311 1247 2403 1302 τοῦ
2443 1249 2676 1321 Χριστοῦ
2709 1251 2916 1322 Καινῆς
2947 1251 3217 1323 Διαθήκης
3250 1251 3351 1304 οὐκ
3392 1250 3484 1303 ἐπὶ
3521 1250 3620 1321 τῆς

2054 1339 2204 1393 κάτω
2240 1340 2608 1412 Ἰερουσαλὴμ,
2633 1341 2739 1394 οὐδ’
2771 1344 2826 1395 ἐν
2859 1341 2936 1414 τῷ
2973 1342 3109 1413 πρὸς
3131 1326 3301 1414 ταύτῃ
3326 1341 3619 1414 θυσιαστη-

2058 1430 2174 1502 ρίῳ,
2199 1430 2312 1484 ἀλλ’
2354 1432 2412 1485 ἐν
2437 1435 2550 1495 τοῖς
2582 1432 2926 1505 δηλουμένοις
2961 1433 3158 1507 πέρασι
3193 1435 3295 1506 τῆς
3334 1434 3620 1500 Αἰθιοπίας

2054 1522 2568 1595 ἀνενεχθησομένας.
2588 1525 2650 1577 Εἰ
2669 1525 2726 1578 δέ
2749 1526 2842 1579 καὶ
2869 1526 3008 1598 μέγα
3032 1526 3084 1578 τί
3100 1527 3234 1590 ἐστι,
3251 1525 3378 1580 λαὸν
3399 1523 3536 1580 εἷναί
3557 1542 3620 1583 τε

2053 1616 2147 1669 καὶ
2168 1615 2528 1688 χρηματίζειν
2556 1617 2712 1681 Θεοῦ,
2737 1620 2828 1671 καὶ
2858 1618 2915 1672 ἐν
2949 1635 3013 1688 γε
3035 1618 3190 1672 τοῦτο
3213 1617 3321 1671 τῶν
3349 1620 3621 1689 μεγίστων

2055 1705 2212 1762 θείων
2245 1707 2619 1777 ἐπαγγελλιῶν
2656 1709 2930 1781 τυγχάνει,
2957 1710 3017 1763 τὸ
3048 1710 3138 1764 ὑπ’
3172 1709 3334 1765 αὐτοῦ
3367 1709 3623 1779 λέγεσθαι

2054 1797 2183 1867 περὶ
2225 1795 2332 1852 τῶν
2376 1796 2539 1862 ἀξίων
2572 1798 2764 1852 αὐτοῦ·
2803 1818 2822 1850 ι
2858 1801 3089 1871 Ἕσομαι
3130 1799 3308 1854 αὐτῶν
3349 1799 3500 1865 Θεὸς,
3525 1800 3624 1855 καὶ

2054 1886 2208 1940 αὐτοὶ
2232 1886 2443 1942 ἔσονται
2468 1888 2595 1953 λαός
2613 1907 2712 1961 μου
2732 1906 2746 1922 ο
2772 1909 2791 1942 ι
2821 1889 3140 1962 ἐσεμνύνετό
3166 1908 3225 1944 τε
3249 1891 3374 1964 πρὶν
3395 1891 3624 1955 εἰκότως

2055 1980 2084 2031 6
2122 1979 2337 2052 Ἰσραὴλ
2367 1981 2460 2034 ἐπὶ
2488 1980 2565 2052 τῷ
2601 1982 2676 2046 ὡς
2703 1982 2860 2054 μόνος
2884 1983 3010 2048 λαὸς
3048 1983 3122 2038 ῶν
3154 1984 3249 2038 τοῦ
3280 1981 3415 2037 Θεοῦ
3435 2001 3448 2014 ·
3484 1982 3625 2038 ἀλλά

2057 2072 2151 2125 καὶ
2182 2072 2338 2128 τοῦτο
2370 2074 2431 2127 τὸ
2477 2075 2711 2144 ἀγαθὸν,
2757 2077 3097 2150 ἐπιδημήσας
3153 2080 3181 2132 6
3236 2078 3437 2151 Κύριος
3460 2118 3476 2143 ,
3508 2081 3625 2142 τοῖς

2057 2164 2232 2219 ἔθνεσι
2275 2166 2580 2238 χαριεῖσθαι
2621 2168 2987 2240 ὑπισχνεῖται,
3038 2169 3240 2239 λέγων·
3287 2189 3304 2221 ι
3345 2170 3472 2224 Ἰδοὺ
3509 2168 3626 2239 ἐγὼ

2057 2256 2306 2330 ἔρχομαι,
2332 2259 2426 2313 καὶ
2456 2258 2862 2330 κατασκηνώσω
2889 2263 2947 2315 ἐν
2992 2262 3140 2333 μέσῳ
3174 2279 3267 2316 σου
3288 2280 3301 2293 ·
3330 2263 3425 2316 καὶ
3453 2279 3627 2317 κατα-

2058 2351 2341 2421 φεύξονται
2381 2351 2507 2423 ἔθνη
2545 2351 2717 2406 πολλά
2746 2353 2839 2407 ἐπὶ
2880 2353 2969 2407 τὸν
3001 2354 3223 2424 Κύριον,
3269 2354 3362 2408 καὶ
3411 2354 3625 2410 ἔσονται

2057 2439 2205 2511 αὐτῷ
2251 2443 2331 2505 είς
2369 2440 2515 2496 λαόν.
2548 2462 2566 2494 ι
2621 2444 2755 2513 Περὶ
2801 2436 2875 2497 ὧν
2908 2444 3004 2499 καὶ
3049 2446 3279 2516 ἁρμόσει
3326 2444 3621 2513 λέγεσθαιο

2062 2551 2081 2583 ι
2109 2533 2220 2587 Καὶ
2255 2533 2364 2605 ἐρῶ
2420 2533 2498 2606 τῷ
2542 2535 2602 2588 ού
2635 2535 2748 2608 λαῷ
2793 2553 2892 2607 μου
2916 2553 2930 2567 ·
2984 2538 3124 2600 Λαός
3177 2554 3278 2609 μου
3305 2534 3355 2590 εἱ
3391 2537 3453 2591 σύ
3475 2554 3489 2569 ·
3525 2537 3624 2594 καὶ

2056 2626 2217 2690 αὐτὸς
2251 2629 2394 2699 ἐρεῖ·
2429 2628 2631 2700 Κύριος
2660 2632 2688 2683 6
2719 2629 2850 2694 Θεός
2885 2648 2985 2700 μου
3010 2626 3062 2683 εἴ
3102 2630 3185 2684 σύ.
3226 2650 3246 2683 ›
3283 2633 3346 2684 Ei
3370 2631 3426 2685 δὲ
3459 2629 3625 2696 αὐτός

2057 2719 2173 2772 ἐστι
2204 2719 2297 2771 καὶ⁹
2325 2719 2432 2772 οὐδ’
2457 2720 2530 2793 (ί)
2557 2720 2714 2785 ἄλλος
2748 2722 2777 2773 ὁ
2802 2721 3054 2791 Χριστὸς,
3081 2724 3109 2774 6
3139 2723 3201 2775 ἐκ
3229 2721 3382 2793 ῥίζης
3425 2721 3624 2775 Ἰεσσαὶ

2058 2809 2375 2881 βλαστήσειν
2406 2813 2898 2884 προφητευόμενος,
2926 2813 3021 2869 καὶ
3054 2813 3210 2866 τοῦτό
3238 2830 3300 2882 γε
3331 2813 3423 2866 καὶ
3441 2813 3623 2876 αὐτοῖς

2068 2901 2336 2973 Ἑϐραίοις
2374 2904 2817 2977 ἀνωμολόγηται,
2851 2906 2926 2970 ὡς
2966 2906 3168 2978 μηδένα
3203 2905 3462 2978 μηδαμῶς
3494 2905 3624 2978 περ)⁸

2054 2992 2242 3046 τούτου
2264 3010 2326 3063 γε
2358 2996 2750 3068 ἀμφισϐητεῖν·
2783 2999 2884 3069 ὅρα
2921 2999 3068 3062 ὅπως
3091 2998 3182 3051 καὶ
3211 2993 3361 3061 οὗτος
3392 2998 3626 3069 ἀναστή-

2057 3085 2241 3140 σεσθαι
2265 3089 2357 3141 ἐπὶ¹
2382 3089 2441 3142 τὸ
2473 3090 2660 3162 ἄρχειν
2688 3091 2750 3144 ού
2773 3090 2865 3143 τοῦ
2901 3090 3135 3162 Ἰσραὴλ,
3162 3089 3295 3144 ἀλλά
3323 3088 3429 3144 τῶν
3452 3087 3624 3144 ἐθνῶν

384 3177 666 3248 prophetis
691 3173 1025 3245 praedicitur,
1057 3180 1112 3227 et
1156 3171 1258 3225 hoc
1296 3170 1432 3240 ipsis
1460 3182 1678 3239 quoque
1707 3164 1948 3221 Hebraeis

2056 3179 2495 3253 ἀναπεφώνηται,
2525 3183 2593 3236 τά
2618 3200 2678 3235 τε
2705 3182 2830 3254 ἔθνη
2863 3182 3101 3235 ἐλπίσειν
3145 3182 3229 3234 ἐπ’
3273 3181 3419 3253 αύτῷ
3438 3221 3452 3247 ,
3488 3181 3627 3236 ἀλλὰ

385 3269 617 3324 habetur
671 3267 1056 3327 indubitatum,
1092 3263 1247 3328 adeo,
1284 3271 1343 3316 ut
1400 3261 1551 3316 nullo
1583 3266 1741 3329 pacto
1800 3257 1952 3328 quis-

385 3362 531 3434 piam
555 3361 623 3415 de
663 3359 768 3413 hoc
802 3357 1081 3427 ambigat:
1118 3354 1408 3411 considera
1435 3352 1549 3423 jam
1589 3350 1957 3422 quemadmo:

386 3455 516 3510 dum
564 3452 655 3508 hic
703 3457 1049 3507 surrecturus
1101 3447 1169 3501 ad
1227 3444 1602 3516 imperandum
1663 3458 1774 3498 non
1847 3440 1952 3512 ipsi

384 3544 574 3608 Israel,
629 3544 724 3598 sed
782 3541 1034 3613 gentibus
1084 3539 1260 3609 palam
1302 3537 1374 3593 sit
1435 3536 1635 3600 dictus,
1685 3548 1787 3588 nec
1837 3533 1953 3602 ipse

385 3637 571 3705 Israel,
601 3637 697 3693 sed
725 3643 913 3707 gentes
942 3636 996 3688 in
1039 3649 1105 3688 eo
1135 3647 1285 3703 spem
1319 3630 1584 3685 habitura:
1622 3628 1781 3683 dictae
1818 3628 1950 3694 sint,

387 3734 588 3805 quippe
614 3731 708 3802 qui
737 3736 883 3785 esset
919 3726 1255 3798 exspectatio
1299 3723 1542 3794 gentium
1571 3741 1584 3776 :
1617 3728 1954 3792 quapropter

385 3834 440 3883 et
458 3825 708 3895 gentibus
747 3824 1060 3893 prolaturus
1084 3818 1373 3888 judicium,
1415 3822 1468 3870 et
1499 3814 1717 3869 futurus
1771 3814 1953 3868 lumen

387 3917 629 3989 gentium
660 3913 916 3969 vaticinio
936 3912 1259 3966 declaretur.
1283 3907 1351 3962 Et
1378 3922 1594 3970 rursus,
1625 3906 1831 3960 dictum
1858 3907 1951 3971 sit,

387 4012 445 4064 in
488 4009 708 4064 nomine
742 4007 862 4075 ejus
890 4011 1080 4075 gentes
1119 4008 1460 4072 speraturas,
1510 4000 1867 4069 eumdemque
1898 4000 1952 4053 in

390 4101 620 4156 salutem
652 4097 838 4152 datum
870 4095 938 4149 iri
983 4110 1092 4148 non
1140 4092 1271 4148 solis
1302 4089 1528 4154 Judazis,
1565 4090 1659 4146 sed
1700 4090 1955 4146 omnibus

388 4192 727 4252 hominibus,
762 4204 934 4258 usque
984 4186 1051 4242 ad
1102 4194 1403 4242 extremum
1457 4194 1633 4240 terrae.
1683 4185 1954 4252 Quocirca

391 4292 447 4339 et
476 4283 544 4337 ab
572 4282 685 4345 illo,
717 4281 809 4350 qui
839 4280 1015 4349 ipsum
1059 4278 1229 4342 misit,
1272 4276 1452 4340 Patre,
1486 4278 1691 4334 dictum
1737 4288 1821 4336 est
1852 4280 1904 4336 ei
1935 4299 1953 4339 :

399 4393 419 4427 ι
460 4373 591 4428 Dedi
619 4381 671 4427 te
723 4372 781 4426 in
823 4370 1229 4426 Testamentum
1275 4369 1510 4440 generis,
1544 4370 1652 4441 62
1695 4372 1751 4427 in
1778 4373 1955 4431 lucem

394 4468 658 4541 gentium,
693 4474 751 4521 ut
784 4464 1089 4520 constituas
1119 4470 1344 4527 terram,
1371 4471 1425 4518 et
1455 4466 1813 4536 consequaris
1844 4468 1956 4523 lia:-

393 4560 653 4616 reditates
683 4555 1005 4613 desertas".
1040 4552 1463 4610 i'l‘estimonium
1487 4564 1667 4611 autem
1699 4558 1955 4628 gentibus

394 4648 545 4714 dicit,
585 4663 647 4705 ea
682 4647 749 4702 de
784 4661 970 4711 causa,
1018 4653 1079 4700 nt
1125 4660 1315 4700 omnes
1366 4652 1554 4716 gentes
1598 4664 1956 4720 quaecumque

393 4740 461 4796 de
482 4739 701 4796 Christo
726 4737 864 4793 nihil
896 4751 1133 4806 unquam
1172 4735 1484 4800 didicerint,
1511 4736 1601 4791 ubi
1625 4737 1834 4795 ordinis
1866 4754 1957 4793 ra-

392 4828 618 4893 tionem,
653 4843 774 4898 qua:
800 4825 867 4880 ad
896 4827 1048 4879 illum
1084 4825 1317 4895 pertinet
1342 4828 1661 4896 agnoverint
1686 4847 1700 4883 :
1730 4836 1785 4885 et
1811 4844 1955 4900 quaa-

394 4933 518 4974 nam
550 4918 607 4971 in
639 4932 704 4972 eo
729 4917 801 4972 sit
831 4914 1024 4980 virtus,
1058 4916 1390 4970 invocatur‘m
1443 4917 1554 4973 sint
1586 4933 1710 4974 eum
1738 4939 1751 4973 :
1781 4927 1837 4976 et
1862 4921 1957 4991 qui

396 5016 553 5063 antea
577 5007 725 5061 illum
757 5006 941 5076 populi
970 5020 1245 5074 nunquam
1272 5006 1525 5072 viderint,
1552 5007 1621 5063 ad
1645 5008 1797 5064 illum
1826 5025 1959 5065 con-

397 5098 642 5169 fugituri.
674 5100 970 5159 Caeterum,
1008 5096 1137 5166 quid
1168 5098 1418 5170 pluribus
1456 5113 1597 5170 opus
1619 5108 1705 5155 est
1728 5100 1959 5157 verbis?

396 5204 522 5245 cum
564 5203 631 5243 ex
660 5187 792 5257 ipsis
826 5187 1159 5257 propheticis
1200 5191 1426 5247 vocibus
1474 5191 1653 5257 liceat,
1679 5198 1794 5246 tum
1818 5208 1957 5263 quas

399 5280 584 5352 posui,
617 5286 731 5333 tum
754 5294 894 5349 quas
922 5279 1045 5349 plus
1086 5280 1185 5334 otii
1208 5290 1404 5338 nactus
1423 5298 1716 5361 exponam,
1751 5299 1872 5355 qua:
1900 5285 1957 5340 in

402 5368 602 5424 divinis
630 5368 784 5423 libris
802 5367 1071 5437 feruntur,
1102 5371 1148 5425 si
1181 5372 1270 5425 cui
1299 5373 1460 5427 modo
1485 5372 1696 5441 placeat
1736 5375 1957 5447 collige-

398 5478 459 5516 re
494 5459 639 5514 dicta
677 5460 1086 5530 praphetarum,
1117 5461 1277 5519 facile
1320 5465 1411 5527 iis,
1438 5463 1533 5534 qui
1570 5479 1635 5519 ex
1665 5465 1956 5523 circumci-

399 5555 554 5609 sione
583 5559 712 5606 sunt
764 5552 1040 5608 silentium
1094 5552 1391 5623 imponere,
1427 5554 1698 5626 siquando
1744 5557 1955 5627 jactent

2051 3273 2149 3343 ούχ
2175 3274 2203 3326 ὅ
2247 3291 2310 3342 γε
2361 3274 2578 3346 Ἰσραὴλ
2615 3273 2895 3337 λέλεκται,
2930 3273 3224 3344 ἐπειδήπερ
3274 3272 3435 3335 αὐτὸς
3474 3267 3543 3343 ἦν
3588 3273 3625 3342 ἡ

2052 3362 2341 3434 προσδοκία
2386 3363 2491 3418 τῶν
2534 3362 2732 3417 ἐθνῶν·
2773 3362 2854 3416 διὸ
2891 3364 2983 3416 καὶ
3028 3362 3206 3433 κρίσιν
3249 3364 3359 3425 τοῖς
3416 3359 3627 3416 ἔθνεσιν

2052 3454 2278 3520 ἐξοίσειν
2305 3456 2540 3525 λέγεται,
2570 3457 2663 3511 καὶ
2697 3458 2774 3520 εἰς
2812 3454 2927 3526 φῶς
2949 3453 3116 3508 ἐθνῶν
3141 3452 3490 3525 γενήσεσθαι·
3527 3453 3627 3508 καὶ

2053 3549 2244 3603 πάλιν·
2287 3569 2306 3601 ι
2342 3551 2464 3603 Ἐπὶ
2518 3550 2595 3622 τῷ
2642 3551 2861 3621 ὀνόματι
2909 3547 3071 3603 αὐτοῦ
3118 3548 3242 3621 ἔθνη
3291 3547 3567 3614 ἐλπιοῦσι,
3599 3567 3621 3603 ι

2052 3642 2149 3696 καὶ
2190 3644 2270 3706 είς
2322 3643 2593 3715 σωτηρίαν
2636 3642 2953 3714 δοθήσεσθαι
3002 3642 3062 3695 ού
3115 3641 3292 3713 μόνοις
3325 3640 3628 3707 Ἰουδαίοις,

2053 3732 2191 3787 ἀλλὰ
2241 3734 2334 3787 καὶ
2375 3734 2539 3787 πᾶσιν
2592 3731 2895 3803 ἀνθρώποις
2938 3733 3051 3794 τοῖς
3098 3730 3202 3794 ἕως
3251 3729 3476 3800 ἐσχάτου
3520 3726 3628 3800 τῆς

2053 3824 2188 3893 γῆς·
2222 3823 2301 3877 διὸ
2337 3824 2432 3877 καὶ
2464 3824 2674 3895 εἴρηται
2718 3821 2865 3893 αὑτῷ
2898 3820 3004 3874 ὑπὸ
3034 3819 3133 3874 τοῦ
3169 3819 3630 3890 καταπέμψαντος

2055 3917 2214 3971 αὑτὸν
2242 3916 2489 3987 Πατρός·
2543 3894 2812 3968 «λΕδωκά
2868 3930 2928 3967 σε
2983 3913 3063 3975 εἰς
3107 3912 3366 3983 διαθήκην
3397 3894 3626 3980 γένους,

2056 4012 2134 4073 είς
2165 4009 2281 4078 φῶς
2322 4007 2512 4072 ἐθνῶν,
2552 4005 2643 4061 τοῦ
2679 4005 3015 4075 καταστῆσαι
3048 4005 3145 4076 τὴν
3191 4004 3316 4074 γῆν,
3350 4003 3444 4057 καὶ
3490 4001 3630 4074 κλη-

2057 4098 2352 4169 ρονομῆσαι
2385 4095 2745 4169 κληρονομίας
2770 4095 3029 4167 ἐρήμους.
3050 4114 3068 4145 ι
3093 4094 3401 4166 Μαρτύριον
3432 4091 3490 4146 δὲ
3512 4094 3629 4158 τοῖς

2055 4188 2232 4242 ἐθνεσί
2270 4205 2453 4259 φησιν,
2487 4187 2626 4240 ὥστε
2662 4186 2839 4241 πάντα
2885 4186 2954 4241 τά
2996 4186 3122 4258 ἔθνη
3152 4186 3220 4239 τὰ
3254 4185 3521 4258 μηδέποτέ
3568 4201 3628 4242 τι

2054 4281 2185 4354 περὶ
2213 4278 2446 4352 Χριστοῦ
2480 4279 2835 4351 μεμαθηκότα
2855 4319 2871 4345 ,
2933 4278 3127 4348 γνόντα
3159 4278 3256 4350 τὴν
3302 4277 3429 4349 περὶ
3457 4273 3626 4331 αὑτοῦ

2054 4373 2383 4444 οίκονομίαν,
2409 4372 2502 4426 καὶ
2534 4372 2618 4435 τίς
2652 4367 2719 4444 ἦν
2748 4373 2805 4426 ἐν
2840 4370 2985 4442 αύτῷ
3016 4370 3263 4441 δύναμις,
3295 4368 3629 4423 ἐπικαλέσα-

2060 4463 2183 4518 σθαι
2221 4462 2412 4527 αὐτὸν,
2460 4461 2553 4515 καὶ
2595 4460 2722 4524 τοὺς
2757 4460 2829 4531 μὴ
2886 4459 3052 4513 πάλαι
3103 4457 3366 4530 πρότερον
3419 4454 3629 4519 είδότας

1988 4536 2033 4591 D
2062 4556 2223 4610 αὑτὸν
2247 4555 2408 4618 λαοὺς
2440 4556 2526 4607 ἐπ’
2559 4553 2718 4608 αὐτὸν
2746 4549 3204 4621 καταφεύξασθαι.
3227 4549 3337 4602 Καὶ
3368 4547 3420 4602 τί
3452 4564 3518 4620 με
3545 4546 3633 4601 δεῖ

2063 4647 2322 4720 μηκύνειν
2359 4647 2448 4701 τὸν
2489 4646 2645 4716 λόγον
2665 4686 2681 4710 ,
2712 4644 2885 4718 παρὸν
2923 4643 2982 4708 ἐξ
3014 4641 3191 4696 αὐτῶν
3221 4641 3328 4695 τῶν
3363 4656 3632 4712 προφητι-

2059 4738 2171 4795 κῶν
2193 4738 2409 4804 λέξεων,
2444 4732 2519 4793 ὧν
2551 4755 2609 4791 τε
2640 4735 3057 4809 παρατέθειμαι,
3081 4733 3177 4787 καὶ
3203 4725 3276 4785 ὧν
3308 4731 3400 4785 ἐπί
3432 4728 3630 4802 σχολῆς

2063 4830 2453 4904 μνημονεύσω,
2501 4831 2558 4883 ἐν
2606 4830 2726 4891 ταῖς
2771 4825 2943 4889 θείαις
2999 4823 3310 4896 φερομένων
3352 4822 3628 4892 Γραφαῖς,

2058 4925 2164 4996 ὅτῳ
2198 4924 2347 4995 φίλον
2380 4920 2738 4986 ἀναλέξασθαι
2768 4919 2865 4983 τὰς
2908 4916 3252 4991 προφητικὰς
3287 4913 3490 4984 φωνὰς,
3520 4910 3629 4968 αὖ·

2056 5011 2210 5066 τόθεν
2242 5010 2625 5079 κατασιγάζειν
2659 5009 2783 5071 τοὺς
2834 5009 2898 5061 ἐκ
2941 5006 3273 5080 περιτομῆς,
3319 5003 3629 5073 φάσκοντας

2061 5103 2241 5175 μόνοις
2270 5104 2452 5165 αὐτοῖς
2492 5100 2590 5164 τάς
2624 5098 2953 5169 ἐπαγγελίας
2989 5097 3082 5152 τοῦ
3110 5096 3243 5150 Θεοῦ
3268 5094 3628 5167 δεδωρῆσθαι,

2056 5194 2203 5265 ἡμᾶς
2222 5192 2299 5256 δέ,
2325 5193 2450 5256 τοὺς
2470 5190 2577 5244 ἀπὸ
2595 5190 2701 5244 τῶν
2722 5189 2910 5253 ἐθνῶν,
2937 5188 3218 5259 περιττοὺς
3235 5181 3393 5249 εἶναι,
3409 5185 3628 5240 καὶτῶν

2058 5282 2218 5336 θείων
2251 5281 2593 5352 ὑποσχέσεων
2639 5279 2952 5351 ἀλλοτρίους
2972 5296 2987 5345 ;
3009 5276 3282 5331 Δέδεικται
3317 5276 3425 5348 γὰρ
3450 5275 3635 5347 ἔμπα-

2057 5373 2160 5436 λιν,
2190 5373 2265 5437 ὡς
2293 5372 2614 5426 τεθέσπιστο
2642 5369 2712 5424 τά
2741 5371 2837 5442 μὲν
2880 5369 3007 5440 ἔθνη
3050 5367 3225 5421 πάντα
3253 5367 3353 5438 τῆς
3388 5364 3630 5439 Χριστοῦ

2058 5464 2358 5539 παρουσίας
2387 5462 2736 5529 ἀπολαύσειν,
2766 5463 2833 5517 τὰ
2856 5461 2899 5514 δ’
2933 5458 3197 5513 Ἰουδαίων
3213 5457 3389 5528 πλήθη
3421 5457 3634 5510 ἀποπε-

2059 5560 2266 5614 σεῖσθαι
2290 5557 2389 5628 τῆς
2423 5556 2557 5629 πρὸς
2582 5556 2707 5620 τοὺς
2741 5552 2918 5609 αὐτῶν
2950 5551 3247 5624 προγόνους
3277 5547 3633 5618 ἐπαγγελίας,

484 5669 528 5700 ιο
544 5666 689 5725 Psal.
721 5681 889 5731 xcvn,
921 5667 976 5720 2.
1021 5668 1061 5699 ¹¹
1087 5667 1258 5725 Levit.
1303 5686 1452 5735 xxvr,
1479 5670 1546 5725 12
1565 5691 1579 5741 ;
1622 5670 1663 5727 ll
1693 5674 1818 5732 Cor.
1846 5690 1922 5742 vl,

2056 5676 2094 5710 "
2132 5675 2358 5733 Zachar.
2394 5690 2453 5743 ιι,
2480 5674 2667 5741 10,11.
2714 5670 3075 5739 "Osc.n,‘24.
3115 5669 3160 5704 ίι
3187 5667 3458 5731 Isa.xux,
3480 5663 3539 5730 6,
3566 5664 3626 5722 ε.

474 5783 553 5856 (Ι)
591 5779 749 5840 οὒδξ
777 5783 941 5840 Forte
967 5784 1085 5838 οὐκ.
1117 5780 1276 5843 Eutr.
1314 5786 1484 5840 Pun.
