3942 6258
297 350 391 413 135

1192 350 1844 408 DEMONSTRATIONIS
1878 347 2334 408 EVANGEIJCAE
2368 348 2497 407 LIB.
2539 349 2600 407 II.

3419 353 3525 411 ιιο

294 474 371 529 διὰ
407 471 505 543 τὴν
558 473 644 536 είς
691 471 922 545 Χριστὸν
971 472 1147 528 αὐτῶν
1179 474 1471 540 ἀπιστίαν,
1521 475 1760 530 σπανίων
1799 474 1848 542 ἑξ

1958 474 2231 545 promissa
2252 472 2436 528 divina
2464 472 2570 528 sibi
2614 470 2748 530 solis
2777 470 3015 527 exhibita
3040 485 3184 538 esse,
3215 478 3271 528 et
3293 486 3395 529 nos
3425 471 3521 544 qui

293 564 459 621 αὐτῶν
488 565 571 628 είς
600 565 694 620 τὸν
721 565 950 638 Σωτῆρα
977 566 1070 620 καὶ
1109 566 1312 639 Κύριον
1344 565 1501 638 ἡμῶν
1528 566 1850 620 πιστευσάν-

292 675 405 721 των,
442 656 536 709 καὶ
568 656 663 711 διά
701 656 854 711 τοῦτο
882 658 980 728 τῆς
1022 657 1432 729 ἐπηγγελμένης
1477 657 1850 729 πνευματικῆς

292 747 710 823 ἀπολυτρώσεως
736 750 804 803 δι’
832 750 996 805 αὑτοῦ
1029 750 1363 823 τευξομένων
1385 768 1399 783 ο
1442 752 1570 823 περὶ
1598 744 1671 804 ὧν
1700 752 1793 804 κα)⁵
1821 753 1850 804 6

293 839 578 910 Θαυμάσιος
614 840 930 905 ’.ἀπόστολος
944 841 1317 910 διδάσκειπου,
1348 842 1550 912 λέγων·
1582 861 1600 892 ι
1624 842 1850 905 Ἡσαΐας

288 930 338 985 δὲ
366 933 665 1003 κῳυγάξει
714 934 854 1005 ὑπὲρ
891 934 985 987 τοῦ
1028 935 1277 1007 Ἰσραήλο
1325 934 1451 988 Ἑάν
1557 935 1587 987 6
1618 933 1850 1007 ἀριθμὸς

287 1023 385 1076 τῶν
437 1023 573 1076 υἱῶν
627 1025 842 1097 Ἰσραὴλ
883 1026 957 1090 ὡς
1012 1028 1047 1099 ἡ
1089 1028 1271 1098 ἀμμος
1315 1028 1412 1098 τῆς
1447 1025 1741 1098 θαλάσσης,
1789 1027 1852 1081 τὸ

289 1118 591 1188 ὑπόλειμμα
624 1118 925 1190 σωθήσεται
947 1135 961 1150 ο
991 1117 1145 1189 λόγον
1174 1119 1282 1192 γάρ
1313 1118 1577 1173 συντελῶν
1605 1120 1698 1173 καὶ
1723 1137 1841 1173 συν-

285 1212 485 1281 τέμνων
544 1212 609 1265 ὲν
670 1211 1014 1284 δικαιοσύνῃ·
1055 1212 1138 1265 ὅτι
1198 1212 1354 1281 λόγον
1423 1210 1851 1282 συν-τετμημένον

285 1306 484 1374 ποιήσει
528 1303 740 1376 Κύριος
785 1304 877 1357 ἐπὶ
919 1304 1018 1375 τῆς
1062 1304 1185 1374 γῆς.
1226 1304 1337 1358 Καὶ
1378 1303 1559 1366 καθὼς
1595 1306 1851 1375 προεῖπεν

294 1397 542 1460 Ἡσαΐαςο
580 1398 645 1451 Et
688 1398 761 1468 μὴ
792 1396 998 1469 Κύριος
1048 1395 1273 1450 Σαϐαὼθ
1320 1397 1676 1465 ἐγκατέλιπεν
1720 1397 1851 1467 ἡμῖν

285 1488 513 1560 σπέρμα,
548 1489 630 1553 ὡς
661 1489 867 1559 Σόδομα
893 1488 959 1543 ἂν
992 1488 1351 1561 ἐγενήθημεν,
1373 1489 1467 1541 καὶ
1497 1488 1573 1549 ὡς
1600 1488 1850 1559 Γόμορρα

280 1579 742 1651 ἆνὼμοιώθημεν.
766 1601 785 1633 ι
807 1575 902 1644 Οἷς
926 1579 1041 1651 μεθ’
1057 1579 1218 1651 ἔτερα
1233 1579 1484 1651 ἐπιφέρει
1504 1579 1693 1648 λέγων·
1716 1599 1733 1631 ι
1760 1579 1851 1651 Μὴ

280 1672 527 1727 ἀπώσατο
556 1675 590 1726 6
625 1673 756 1737 Θεὸς
796 1671 887 1726 τὸν
917 1672 1047 1726 λαὸν
1091 1672 1291 1736 αύτοῦ;
1346 1671 1419 1744 μὴ
1466 1671 1699 1741 γένοιτοῑ
1741 1672 1850 1725 Καὶ

277 1767 375 1838 γὰρ
397 1766 511 1835 ἐγὼ
566 1768 907 1839 Ίσραηλίτης
951 1766 1067 1837 εἰμὶ
1110 1768 1174 1819 ὲκ
1219 1766 1529 1837 σπέρματος
1580 1764 1847 1836 Ἀϐραὰμ,

1951 565 2019 621 de
2058 564 2311 636 gentibus
2369 564 2725 629 assumimur,
2755 578 3191 634 supervacaneos
3237 564 3520 630 accedere,

1953 665 2114 726 atque
2145 670 2175 709 a
2197 655 2396 711 divinis
2414 655 2900 725 pollicitationibus
2925 654 3132 710 alienos
3154 655 3418 710 exsistere
3446 673 3460 709 :
3492 669 3526 710 ο

1952 748 2228 803 contrario
2270 748 2416 803 enim
2458 757 2737 803 ostensum
2769 754 2873 812 est,
2909 747 3369 818 quemadmodum
3404 762 3524 803 ora-

1951 841 2092 897 culis
2124 839 2382 895 traditum
2431 840 2524 906 sit,
2573 854 2764 895 omnes
2814 847 3002 907 gentes
3039 839 3273 895 adventu
3320 839 3526 895 Christi

1952 931 2239 995 fruituras,
2269 939 2324 988 et
2376 931 2689 988 Iudaeorum
2728 933 3000 1001 ingentem
3034 948 3323 988 numerum
3370 932 3527 989 abea

1952 1026 2334 1096 promissione,
2367 1039 2489 1093 quae
2516 1024 2584 1079 ad
2634 1022 2872 1092 majores
2918 1022 3159 1092 ipsorum
3216 1024 3362 1079 edita
3415 1031 3524 1088 est,

1953 1125 2171 1188 propter
2202 1117 2445 1186 ipsorum
2496 1131 2624 1185 erga
2658 1113 2938 1169 Christum
2985 1116 3371 1186 pervicaciam,
3401 1130 3526 1172 esse

1952 1224 2233 1264 casurum.
2268 1207 2480 1264 Paucos
2509 1223 2639 1263 vero
2670 1222 2859 1262 eorum
2899 1207 3165 1262 duntaxat
3193 1208 3245 1260 in
3279 1205 3528 1261 Salvato-

1951 1314 2064 1355 rem
2099 1307 2153 1353 et
2185 1297 2472 1351 Dominum
2515 1305 2766 1352 nostrum
2804 1296 3134 1355 credituros.
3159 1306 3214 1350 et
3268 1295 3373 1348 hac
3404 1294 3525 1364 ipsa

1952 1406 2011 1446 re
2038 1390 2364 1460 promissam
2398 1388 2697 1458 spiritalem
2730 1388 3157 1457 redemptionem
3194 1396 3526 1440 consecutu-

1952 1501 2066 1541 ros.
2092 1484 2165 1539 De
2188 1484 2391 1555 quibus
2415 1498 2546 1538 sane
2578 1482 2799 1538 divinus
2823 1497 3044 1553 quoque
3069 1480 3366 1551 Apostolus
3397 1492 3530 1549 quo-

1952 1575 2076 1630 dam
2127 1576 2248 1629 loco
2298 1575 2369 1630 ita
2417 1573 2658 1629 scribit:
2697 1592 2715 1625 ι
2761 1572 2931 1629 Isaias
2993 1580 3173 1628 autem
3205 1573 3404 1627 clamat
3426 1584 3528 1641 pro

1952 1665 2119 1723 Israel
2154 1687 2166 1722 :
2205 1667 2260 1721 Si
2310 1666 2475 1721 fuerit
2511 1681 2772 1721 numerus
2796 1666 3028 1721 ﬁliorum
3061 1665 3231 1721 Israel
3262 1671 3524 1735 tanquam

1954 1773 2119 1813 arena
2174 1758 2365 1820 maris,
2402 1756 2646 1826 reliquiae
2689 1757 2852 1812 salva:
2904 1757 3053 1812 tlent.
3085 1755 3322 1812 Verbum
3379 1755 3526 1811 enim

277 1857 435 1929 φυλῆς
456 1859 743 1929 Βενιαμίν.
768 1861 880 1911 Ούκ
902 1857 1159 1912 ἀπώσατο
1183 1859 1212 1911 ό
1233 1856 1364 1921 Θεὸς
1389 1858 1480 1911 τὸν
1513 1856 1638 1910 λαὸν
1664 1855 1848 1921 αὐτοῦ,

1956 1847 2266 1918 perlicicns,
2290 1856 2344 1902 et
2374 1846 2710 1903 contrahens
2735 1846 2790 1902 in
2820 1848 3074 1918 aequitate
3105 1868 3117 1902 :
3146 1849 3273 1917 quia
3298 1847 3524 1902 verbum

276 1950 328 2004 δν
351 1951 613 2022 προέγνω
632 1967 647 1982 ο
672 1951 707 2021 ἢ
731 1952 833 2003 οὐκ
863 1949 1040 2004 οἴδατε
1071 1950 1129 2002 ὲν
1154 1949 1309 2021 Ἠλίᾳ
1329 1949 1380 2003 τί
1411 1949 1558 2018 λέγει
1582 1952 1616 2020 ἡ
1638 1948 1849 2020 Γραφὴν

275 2041 342 2106 ὡς
380 2043 711 2113 ἐντυγχάνει
756 2041 834 2112 τῷ
878 2041 1029 2112 Θεῷ,
1059 2041 1234 2110 λέγων
1277 2042 1405 2113 περὶ
1451 2041 1543 2096 τοῦ
1607 2041 1849 2114 Ἰσραήλο

275 2131 455 2204 Κύριε,
498 2136 637 2197 τοὺς
678 2134 964 2206 προφήτας
1011 2149 1104 2186 σου
1157 2133 1519 2199 ἀπέκτειναν,
1562 2133 1632 2187 τὰ
1668 2134 1853 2187 θυσια-

272 2226 460 2296 στήριά
526 2243 624 2279 σου
673 2226 1055 2296 κατέσκαψαν·
1108 2224 1264 2293 κάγὼ
1303 2224 1633 2297 ὑπελείφθην
1672 2227 1850 2296 μόνος,

271 2316 354 2370 καὶ
386 2314 626 2388 ζητοῦσι
657 2318 759 2390 τήν
784 2318 961 2389 ψυχήν
986 2335 1110 2389 μου,
1139 2316 1235 2370 τοῦ
1256 2316 1440 2370 λαϐεῖν
1473 2317 1659 2388 αύτήν.
1695 2317 1852 2371 Ἀλλά

271 2405 318 2461 τί
344 2406 504 2476 λέγει
547 2410 578 2461 6
621 2408 1037 2480 χρηματισμός;
1084 2407 1388 2461 Κατέλιπον
1434 2406 1654 2478 ἐμαυτῷ
1689 2410 1853 2462 ἑπτα-

271 2500 572 2571 κισχιλίους
598 2500 814 2571 ἄνδρας,
838 2501 1031 2565 οἵτινες
1052 2502 1149 2554 οὐκ
1172 2499 1424 2570 ἔκαμψαν
1446 2499 1575 2567 γόνυ
1596 2502 1659 2570 τῇ
1682 2499 1847 2555 Βάαλ.

271 2591 451 2658 Οὕτως
489 2588 583 2647 οὖν
619 2593 713 2647 καὶ
746 2594 804 2645 ὲν
833 2592 912 2664 τῷ
940 2593 1033 2647 νῦν
1066 2592 1244 2665 καιρῷ
1286 2593 1491 2661 λεῖμμα
1519 2591 1658 2645 κατὰ
1697 2592 1851 2645 ἐκλο-

273 2683 364 2754 γήν
394 2684 633 2756 χάριτος
657 2684 899 2752 γέγονεν.
928 2703 945 2736 ι
980 2683 1077 2735 Διά
1103 2682 1305 2736 τούτων
1331 2682 1441 2754 γάρ
1468 2684 1496 2734 ὁ
1533 2682 1851 2746 Ἀπόστολος

273 2774 480 2844 σαφῶς,
504 2774 598 2825 ἐπὶ
620 2776 684 2845 τῇ
704 2772 799 2827 τοῦ
826 2774 1024 2837 παντὸς
1039 2774 1305 2828 Ἰουδαίων
1334 2773 1517 2837 ἔθνους
1537 2771 1850 2827 ἀποπτῶσει

273 2864 463 2920 ἑαυτὸν
501 2878 599 2918 και
628 2867 756 2929 τοὺς
784 2865 932 2936 αύτῷ
982 2866 1395 2938 παραπλησίους
1436 2865 1766 2930 ἀποστόλους
1790 2883 1848 2919 τε

272 2956 356 3008 καὶ
406 2954 811 3024 εύαγγελιστάς
856 2954 949 3009 τοῦ
1004 2956 1255 3027 Σωτῆρος
1300 2954 1492 3026 ἡμῶν,
1540 2956 1748 3018 πάντας
1788 2971 1849 3008 τε

269 3046 388 3109 τοὺς
414 3045 502 3097 ἔτι
529 3045 624 3097 καὶ
651 3043 747 3098 νῦν
771 3042 831 3109 ἐξ
859 3044 1124 3098 Ἰουδαίων
1150 3047 1231 3110 είς
1259 3046 1351 3099 τὸν
1375 3046 1607 3117 Χριστὸν
1630 3045 1850 3099 πιστεύ-

272 3153 494 3200 σαντας,
524 3137 588 3189 τὺ
612 3137 834 3208 σπέρμα
862 3132 1001 3190 εἶναι
1036 3136 1308 3207 διασαφεῖ,
1348 3138 1408 3192 τὸ
1450 3139 1555 3192 ὑπὸ
1597 3137 1689 3191 τοῦ
1717 3156 1851 3209 προ-

1952 1938 2294 1991 contractius
2326 1936 2486 1993 faciet
2524 1936 2789 1993 Dominus
2822 1939 2877 1992 in
2910 1947 3077 1992 terra.
3114 1938 3178 1992 Et
3209 1941 3354 1994 sicut
3389 1951 3526 2007 pm-

1951 2029 2088 2084 dixit
2114 2028 2285 2085 Isaias
2317 2048 2330 2083 :
2359 2029 2475 2086 Nisi
2505 2028 2769 2086 Dominus
2809 2029 3051 2084 Sabaoth
3083 2030 3396 2100 reliquisset
3425 2046 3524 2085 no-

1951 2118 2037 2174 bis
2059 2134 2267 2186 semen,
2300 2119 2457 2189 quasi
2515 2120 2753 2175 Sodoma
2797 2119 2929 2173 facti
2982 2137 3254 2185 essemus,
3278 2129 3333 2176 et
3385 2122 3528 2177 sicut

1952 2208 2253 2266 Gomorrha
2279 2211 2490 2267 similes
2520 2211 2820 2268 fuissemus
2840 2214 2887 2245 ¹³
2914 2233 2927 2268 :
2972 2231 2990 2264 ι
3026 2214 3226 2282 quibus
3246 2222 3369 2283 post
3395 2214 3524 2279 alia,

1952 2300 2067 2355 haec
2099 2317 2316 2372 quoque
2347 2303 2635 2373 adiungit:
2669 2322 2688 2355 ι
2720 2303 2978 2375 Nunquid
3022 2303 3166 2360 Deus
3206 2305 3406 2374 repulit
3429 2319 3529 2376 po-

1951 2392 2138 2462 pulum
2182 2396 2383 2448 suum?
2412 2395 2574 2451 absit.
2611 2395 2746 2450 Nam
2772 2404 2827 2451 et
2868 2412 2970 2465 ego
3001 2395 3246 2451 Israelita
3276 2413 3418 2459 sum,
3459 2412 3524 2453 ex

1950 2486 2159 2540 semine
2182 2485 2479 2554 Abraham,
2504 2488 2651 2541 tribu
2672 2486 2976 2557 Benjamin.
3004 2486 3124 2542 Non
3156 2489 3357 2558 repulit
3382 2488 3527 2546 Deus

1950 2575 2210 2645 populum
2236 2592 2417 2640 suum,
2440 2592 2600 2647 quem
2620 2578 2895 2647 praescivit
2917 2596 2930 2632 :
2950 2577 3034 2632 An
3067 2579 3292 2633 nescitis
3323 2578 3377 2632 in
3408 2577 3527 2634 Elia

1951 2664 2084 2735 quid
2132 2666 2281 2721 dicat
2329 2668 2651 2736 Scriptura?
2702 2669 3160 2739 quemadmodum
3222 2670 3528 2741 interpellat

1950 2756 2144 2823 Deum,
2178 2758 2369 2815 dicens
2400 2760 2468 2816 de
2515 2760 2680 2817 Israel
2720 2781 2732 2817 :
2766 2760 3016 2825 Domine,
3054 2761 3351 2832 prophetas
3401 2768 3528 2819 tuos

1950 2850 2298 2917 occiderunt,
2331 2854 2526 2907 altaria
2557 2862 2651 2908 tua
2687 2853 3051 2922 sull'oderunt,
3083 2863 3138 2909 et
3178 2855 3527 2925 egorelictus

1950 2958 2072 2999 sum
2095 2944 2268 3011 solus,
2293 2954 2348 3000 et
2377 2957 2628 3016 quaerunt
2664 2946 2904 3001 animam
2954 2960 3153 3010 meam,
3184 2954 3245 2999 ut
3276 2945 3528 3001 auferant

1947 3052 2067 3092 eam
2102 3055 2116 3092 :
2151 3036 2245 3093 sed
2279 3039 2411 3108 quid
2458 3038 2594 3093 dicit
2642 3052 2969 3108 responsum
3003 3036 3296 3091 divinum?
3330 3038 3527 3108 reliqui

1948 3129 2083 3183 mihi
2118 3130 2221 3200 ipsi
2253 3140 2460 3201 septem
2505 3131 2677 3185 millia
2707 3132 2971 3195 virorum,
2997 3132 3089 3202 qui
3124 3146 3235 3187 non
3258 3148 3526 3189 curvave-

270 3233 443 3302 φήτου
465 3231 873 3302 ὠνομασμένον,
904 3232 1044 3285 κατά
1057 3231 1135 3284 τό·
1162 3250 1180 3282 ι
1205 3231 1268 3285 Et
1293 3231 1366 3304 μὴ
1392 3231 1593 3304 Κύριος
1618 3229 1842 3285 Σαϐαὼθ

1954 3227 2227 3291 runtgenu
2255 3230 2380 3277 ante
2408 3221 2555 3275 Baal.
2586 3220 2676 3277 Sic
2701 3238 2831 3293 ergo
2857 3230 2912 3277 et
2935 3223 2988 3277 iu
3007 3223 3111 3278 hoc
3128 3233 3369 3295 tempore
3399 3225 3527 3280 reli-

269 3321 631 3391 ἐγκατέλιπεν
659 3323 792 3392 ἡμῖν
819 3320 1039 3393 σπέρμα
1057 3337 1071 3351 ·
1108 3340 1126 3371 ι
1163 3319 1321 3374 τοῦτο
1346 3321 1405 3373 δὲ
1432 3317 1571 3375 εἶναι
1601 3322 1696 3375 καὶ
1711 3320 1771 3374 τὸ
1786 3322 1842 3374 ἐν

269 3417 390 3478 ταῖς
421 3414 637 3477 λοιπαῖς
667 3414 1024 3485 προφητείαις
1051 3411 1376 3483 δηλούμενον
1409 3412 1721 3484 ὑπόλειμμα
1749 3413 1843 3466 τοῦ

271 3503 495 3566 παντὸς,
513 3503 652 3573 ὅπερ
673 3502 807 3573 φησὶ
828 3503 943 3555 κατ’
976 3500 1205 3571 ἐκλογὴν
1230 3500 1451 3573 χάριτος
1485 3499 1842 3571 πεςςυλάχθαι.

273 3594 409 3666 Περὶ
437 3585 502 3647 οὗ
532 3591 956 3662 ὑπολείμματος,
995 3590 1126 3661 φέρε
1153 3588 1334 3652 πάλιν,
1367 3588 1427 3641 τὸ
1458 3588 1565 3642 ἀπὸ
1585 3587 1691 3641 τῶν
1716 3604 1848 3659 προ-

273 3685 460 3757 φητῶν
483 3683 909 3755 ὲξαπλὼσωμεν,
937 3683 1011 3748 ὼς
1035 3682 1101 3737 ἂν
1122 3683 1431 3755 παρασταίη
1456 3681 1544 3734 διὰ
1565 3678 1859 3740 πλειόνων,

270 3777 351 3828 ὅτι
377 3775 452 3846 μὴ
485 3772 814 3845 ἀδιακρίτως
840 3771 1003 3825 παντὶ
1028 3770 1107 3841 τῷ
1146 3770 1411 3824 Ἰουδαίων
1446 3768 1587 3822 ἔθνει
1628 3768 1725 3840 τὴν
1752 3767 1846 3821 τοῦ

272 3864 511 3937 Χριστοῦ
569 3863 872 3934 παρουσίαν
914 3865 1176 3933 σωτήριον
1227 3861 1443 3915 ἔσεσθαι
1508 3860 1774 3931 ὑπέσχετο
1819 3859 1849 3911 6

274 3956 424 4021 Θεὸς,
442 3955 558 4009 ἀλλ’
575 3954 779 4022 ὀλίγοις
805 3954 899 4007 καὶ
920 3955 1115 4025 κομιδῆ
1148 3954 1391 4017 σπανίοις
1406 3955 1516 4016 τοῖς
1537 3953 1616 4015 εἰς
1630 3952 1722 4006 τὸν
1738 3953 1849 4004 Σω-

276 4045 414 4119 τῆρα
446 4047 544 4099 καὶ
565 4044 767 4114 Κύριον
792 4045 950 4115 ἡμῶν
975 4045 1413 4109 πεπιστευκόσιν,
1443 4042 1726 4115 ὼσπεροῦν
1757 4043 1851 4097 καὶ

274 4138 334 4191 τδ
354 4137 516 4211 ἔργον
535 4136 841 4201 ἀκολούθως
857 4139 973 4200 ταῖς
1001 4137 1366 4209 προρρήσεσιν
1395 4134 1847 4206 ἐπηκολούθησεν.

1947 3310 2091 3379 quia:
2118 3310 2419 3366 secundum
2453 3312 2774 3378 electionem
2810 3314 2999 3384 gratiae
3045 3313 3206 3370 factae
3244 3323 3376 3372 sunt
3397 3316 3464 3371 ¹⁶.
3498 3334 3520 3370 ο

1946 3402 2053 3473 63
2087 3401 2184 3457 His
2213 3404 2360 3458 enim
2390 3403 2570 3460 verbis
2596 3405 2889 3474 Apostolus
2914 3407 3074 3476 plane
3102 3407 3158 3462 in
3205 3407 3324 3477 ipso
3355 3409 3525 3465 totius

1884 3488 1893 3497 ’
1946 3492 2188 3550 Iudaicae
2215 3496 2392 3568 gentis
2420 3512 2573 3561 casu,
2602 3497 2842 3567 seipsum
2863 3506 2916 3553 et
2947 3500 3048 3555 sibi
3076 3500 3302 3565 similes,
3333 3498 3528 3555 Salva-

1946 3589 2083 3643 toris
2112 3590 2287 3643 nostri
2327 3604 2453 3643 cum
2509 3590 2807 3658 apostolos,
2843 3599 2957 3643 tum
2992 3592 3376 3659 evangelistas,
3402 3606 3525 3647 om-

1947 3698 2154 3751 nesque
2175 3684 2268 3752 qui
2291 3698 2359 3737 ex
2388 3681 2593 3739 Iudaeis
2647 3683 2814 3738 etiam
2843 3699 2992 3738 nunc
3015 3684 3083 3737 ad
3112 3684 3393 3739 Christum
3425 3701 3523 3741 ac-

1948 3773 2172 3837 cedunt,
2204 3788 2387 3828 semen
2409 3789 2533 3828 esse
2563 3771 2697 3827 illud
2719 3773 2982 3837 declarat,
3006 3775 3152 3844 quod
3185 3779 3525 3833 nominatum

1949 3874 2034 3920 est
2065 3880 2093 3918 a
2124 3866 2386 3935 propheta
2426 3866 2490 3930 ‘7,
2521 3867 2610 3921 ubi
2641 3868 2718 3921 ait
2746 3885 2759 3921 :
2795 3887 2814 3919 ι
2842 3866 2956 3923 Nisi
2983 3867 3246 3924 Dominus
3281 3867 3523 3925 Sabaoth

1950 3958 2279 4027 reliquisset,
2338 3958 2497 4013 nobis
2545 3974 2762 4025 semen;
2824 3979 2843 4011 ι
2886 3960 3098 4030 hocque
3153 3960 3330 4029 ipsum
3378 3976 3523 4029 esse,

1950 4048 2096 4119 quod
2138 4049 2195 4103 in
2245 4049 2471 4118 reliquis
2522 4050 2653 4105 item
2698 4050 2999 4120 prophetiis
3028 4050 3387 4121 signiﬁcatur,
3422 4068 3524 4108 no-

1954 4138 2100 4195 mine
2128 4139 2482 4209 reliquiarum
2510 4142 2695 4205 totius,
2739 4156 2876 4210 quas
2915 4142 3048 4196 dicit
3086 4142 3387 4198 secundum
3412 4142 3525 4199 ele-

282 4235 511 4289 ctionem
539 4234 728 4304 gratiae
756 4242 1000 4289 servatas
1031 4248 1171 4289 esse.
1207 4231 1284 4287 De
1313 4233 1512 4303 quibus
1542 4247 1675 4286 sane
1704 4233 1972 4302 reliquiis,
1999 4249 2099 4305 age
2131 4250 2348 4302 rursus,
2380 4250 2502 4305 qua:
2546 4235 2787 4290 dixerint
2816 4236 3116 4306 pr0phetaa,
3164 4236 3333 4293 latius
3367 4252 3524 4293 exse-

279 4341 528 4395 quamur,
550 4335 609 4381 ut
640 4327 889 4398 pluribus
921 4327 1035 4396 jam
1068 4333 1302 4391 constet,
1340 4340 1448 4380 non
1480 4325 1729 4381 absolute
1755 4327 2025 4382 universae
2061 4325 2374 4383 Iudaeorum
2404 4327 2635 4393 nationi,
2668 4326 2875 4383 Christi
2902 4328 3197 4383 adventum
3228 4328 3524 4383 salutarem

281 4417 517 4475 futurum
548 4421 848 4491 pollicitum
878 4435 998 4475 esse
1032 4418 1223 4484 Deum,
1259 4420 1354 4476 sed
1385 4421 1574 4491 paucis
1598 4435 1809 4483 eorum,
1832 4430 1998 4493 atque
2026 4422 2317 4479 admodum
2348 4423 2511 4492 raris,
2547 4422 2617 4478 iis
2655 4424 2931 4488 videlicet,
2964 4423 3057 4494 qui
3079 4423 3135 4477 in
3162 4421 3522 4488 Salvatorem,

278 4515 331 4565 et
353 4509 647 4568 Dominum
692 4522 939 4569 nostrum
967 4512 1300 4568 crediderint
1330 4532 1343 4567 :
1393 4513 1853 4585 quemadmodum
1892 4522 1949 4571 et
1974 4530 2065 4572 res
2103 4517 2244 4587 ipsa,
2279 4517 2415 4588 ipsis
2450 4516 2904 4589 praedictionibus
2934 4524 3304 4572 consentanea
3339 4515 3523 4571 decla-

278 4609 434 4666 ravit.
710 4653 720 4663 .

822 4703 1214 4758 ΚΕΦΑΛΑΙΟΝ
1243 4703 1317 4758 Δ’.

278 4785 413 4914 Δΐ.
446 4790 592 4845 Ἀπὸ
623 4791 730 4846 τοῦ
776 4794 1035 4848 Ἡσαΐου.
1072 4796 1192 4847 Ὅτι
1217 4794 1305 4863 μὴ
1334 4798 1420 4862 είς
1445 4794 1569 4876 θεᾶν
1607 4797 1672 4851 τὸ
1718 4798 1841 4853 Ἰουο

382 4861 531 4914 αίων
558 4861 755 4914 ἔθνοο.
790 4864 927 4914 ἀλλ’
953 4867 1039 4914 εὶτ·
1067 4866 1309 4914 ὀλίγουτ·
1337 4869 1535 4914 αὑτων
1555 4866 1747 4914 διήκει
1774 4870 1841 4914 τὰ

382 4861 531 4940 alma:
558 4861 756 4940 ἑξθνος,
790 4864 1039 4940 M17825,-
1067 4861 1309 4936 ὀλίγους
1337 4861 1535 4921 αὐτῶν
1555 4866 1747 4938 διήκει
1774 4870 1849 4923 τὰ

344 4932 466 4985 τῶν
496 4932 672 4986 θείων
695 4934 1083 5005 ἐπαγγελιῶν.
1170 4932 1181 4936 ⁷
1248 4963 1257 4972 ·

351 5039 372 5074 ι
414 5022 479 5075 Ἦ
528 5023 601 5093 γῆ
637 5023 792 5095 ὑμῶν
825 5025 1048 5098 ἔρημος,
1080 5027 1136 5082 al
1178 5026 1360 5091 πόλεις
1391 5026 1543 5099 ὑμῶν
1580 5028 1846 5100 πυρίκαυ-

284 5129 411 5167 στον
447 5113 548 5187 τὴν
582 5113 767 5187 χώραν
794 5118 966 5189 ὑμῶν,
986 5118 1212 5173 ἐνώπιον
1241 5120 1395 5192 ὑμῶν
1411 5120 1681 5195 ἀλλότριοι
1708 5139 1841 5175 κατ-

281 5198 573 5263 εσθίουσιν’
617 5211 822 5284 αὐτὴν,
879 5214 975 5268 καὶ
1037 5217 1328 5287 ἠρήμωται
1386 5220 1843 5291 κατεστραμμένη

285 5298 384 5354 ὑπὸ
410 5301 557 5356 λαῶν
583 5302 898 5376 ἀλλοτρίων.
932 5306 1513 5381 Ἐγκαταλειφθήσεται
1534 5313 1567 5381 ή
1600 5309 1846 5382 θυγάτηρ

282 5391 436 5457 Σιὼν,
461 5394 538 5458 ὡς
566 5396 738 5466 σκηνὴ
769 5398 825 5450 ὲν
852 5398 1153 5468 ἀμπελῶνι,
1178 5400 1273 5453 καὶ
1302 5400 1378 5464 ὠς
1400 5401 1844 5474 όπωροφυλάκιον

281 5487 336 5538 ἐν
380 5489 714 5560 σικυηράτῳ,
748 5489 823 5554 ὠς
856 5490 1010 5555 πόλις
1054 5492 1500 5565 πολιορκουμένη.
1540 5496 1651 5549 Καὶ
1681 5497 1730 5548 εἰ
1772 5494 1847 5565 μὴ

282 5579 476 5651 Κύριος
507 5580 739 5634 Σαϐαὼθ
782 5582 1135 5651 ἐγκατέλιπεν
1178 5586 1308 5655 ἡμῖν
1362 5587 1601 5658 σπέρμα,
1644 5587 1719 5651 ὡς
1757 5588 1851 5640 Σό-

281 5667 409 5739 δομα
457 5670 524 5724 ἂν
567 5670 924 5743 ἐγενήθημεν,
964 5673 1058 5728 καὶ
1084 5673 1160 5737 ὡς
1196 5673 1446 5745 Γόμορρα
1478 5674 1543 5728 ἂν
1576 5671 1853 5745 ὡμοιώθης

348 5827 386 5859 ³⁸
419 5828 577 5883 llom.
611 5844 686 5895 Ix,
726 5827 912 5885 27-2“).
996 5830 1036 5861 “
1059 5828 1214 5885 Rom.
1260 5845 1335 5896 τι,
1372 5831 1482 5885 loa‘i.

2554 4703 2783 4760 CAPUT
2831 4703 2919 4758 IV.

1952 4795 2194 4853 XXXVI.
2227 4796 2306 4851 Ab
2350 4794 2523 4851 Isaia.
2557 4825 2631 4839 —
2669 4795 2823 4861 Quod
2883 4810 2987 4849 non
3052 4796 3106 4848 in
3158 4811 3360 4848 omnem
3419 4794 3522 4850 Ju-

2023 4867 2234 4922 daicam
2271 4877 2502 4937 gentem,
2541 4866 2632 4920 sed
2688 4868 2743 4919 in
2787 4880 2980 4926 paucos
3012 4880 3188 4919 eorum
3235 4865 3520 4934 duntaxat,

2022 4939 2318 4994 divinorum
2351 4938 2730 5006 promissorum
2754 4946 2936 4989 eventa
2958 4940 3323 5006 pervenerint..

2027 5051 2045 5084 ι
2092 5029 2261 5087 Terra
2292 5037 2475 5086 vestra
2503 5028 2739 5093 deserta,
2776 5028 3031 5082 civitates
3063 5035 3258 5082 vestra:
3290 5040 3523 5083 succen-

1953 5138 2028 5181 sae
2069 5124 2222 5195 igni:
2274 5122 2549 5191 regionem
2599 5128 2860 5183 vestram,
2893 5120 2946 5174 in
2995 5126 3290 5189 conspectu
3338 5129 3524 5175 vestro

1954 5215 2113 5270 alieni
2146 5215 2408 5270 devorant
2440 5231 2451 5266 :
2478 5218 2531 5267 et
2557 5211 2772 5267 deserta
2801 5219 2904 5275 est,
2929 5226 3053 5281 cum
3082 5210 3345 5265 subversa
3384 5211 3457 5264 sit
3487 5224 3519 5264 a

1952 5306 2168 5378 populis
2198 5305 2409 5360 alienis.
2440 5302 2800 5374 Relinquetur
2829 5302 2939 5356 tilia
2966 5300 3121 5368 Sion,
3145 5309 3205 5356 ut
3230 5302 3525 5358 umbracu-

1951 5400 2063 5454 lum
2113 5400 2169 5453 in
2216 5398 2372 5453 vinea
2404 5437 2419 5463 ,
2468 5404 2522 5452 et
2558 5404 2817 5467 tanquam
2859 5394 3132 5449 fructuum
3175 5394 3423 5450 custodia
3466 5393 3523 5449 in

1952 5492 2349 5556 cucumerario,
2380 5498 2640 5561 tanquam
2678 5489 2870 5547 civitas
2898 5488 2953 5542 in
2984 5487 3286 5544 obsidione.
3311 5486 3378 5541 Et
3413 5486 3521 5542 nisi

1957 5572 2219 5638 Dominus
2267 5581 2505 5638 Sabaoth
2544 5580 2853 5651 reliquisset
2897 5580 3055 5637 nobis
3099 5596 3306 5645 semen,
3363 5577 3521 5649 quasi

1960 5673 2197 5729 Sodoma
2239 5673 2366 5729 facti
2394 5689 2658 5741 essemus,
2694 5681 2747 5729 et
2788 5673 2930 5730 sicut
2975 5670 3278 5729 Gomorrba
3313 5669 3521 5729 similes

1569 5832 1608 5861 ¹⁷
1642 5830 1745 5887 lsa.
1774 5846 1810 5885 ι.
1847 5832 1899 5887 9.
1984 5831 2024 5863 ⁸⁸
2050 5829 2180 5887 ibid.
2208 5829 2321 5886 7-9.
