3942 6258
410 343 511 404 12⁸1

1046 351 1152 425 [EU
1162 352 1332 410 SEBH
1363 354 1835 416 CESARIENSIS
1872 358 1940 416 Ol

2064 359 2242 417 PARS
2277 364 2345 422 11.
2382 396 2453 408 ——
2489 366 2988 426 APOLOGETICA.

3528 385 3630 441 128

407 466 701 523 fuissemus
729 467 792 524 ⁸⁸.
833 486 855 521 ιι
887 466 1186 526 Exordiens
1210 488 1439 543 magnus
1477 476 1800 550 divinosque
1844 495 1940 550 pro

2074 501 2224 554 μεν.»
2258 485 2581 556 Ἀρχόμενος
2627 489 2655 539 6
2687 489 2860 558 μέγας
2888 491 2981 543 καὶ
3015 490 3311 563 θαυμάσιος
3348 502 3630 576 προφήτης

406 557 566 629 pheta
612 573 774 614 suum
824 574 981 630 opus,
1022 563 1255 632 primum
1309 565 1467 621 docet
1508 571 1961 638 quemadmodum

406 651 719 705 universum
762 667 874 706 suae
916 654 1214 723 prephetim
1259 661 1782 729 propositum,nihil
1817 665 1963 718 aliud

402 741 665 805 continet,
699 758 860 812 quam
915 745 1179 801 visionem
1211 755 1265 803 et
1296 753 1806 822 contemplationem
1838 770 1960 825 quae

404 829 608 884 feratur
668 843 856 887 contra
920 834 1158 891 Iudaeam
1192 879 1206 905 ,
1258 849 1312 895 et
1368 849 1557 897 contra
1603 841 1901 901 Jerusalem
1944 864 1958 901 :

400 918 593 976 deinde
620 932 872 977 cunctam
896 925 1205 982 Judaeorum
1231 932 1502 988 nationem
1530 936 1823 1008 redarguit,
1851 938 1963 1008 pri-

399 1027 546 1067 mum
594 1013 709 1069 hare
747 1015 976 1073 dicens:
1013 1037 1031 1068 ι
1070 1020 1304 1090 Agnovit
1341 1023 1439 1080 bos
1483 1036 1877 1097 posseSsorem,
1907 1039 1962 1086 et

399 1102 588 1161 asinus
634 1122 872 1177 praesepe
907 1109 1117 1165 Domini
1160 1114 1279 1179 sui;
1310 1114 1477 1172 Israel
1527 1129 1706 1174 autem
1739 1138 1824 1177 me
1851 1139 1959 1178 non

399 1198 638 1265 agnovit,
674 1207 727 1253 et
757 1201 988 1269 populus
1014 1219 1122 1258 non
1154 1205 1421 1263 intellexit
1452 1210 1517 1263 ι’.
1558 1229 1578 1262 ι
1613 1211 1813 1269 Deinde
1844 1217 1961 1271 uni-

397 1301 609 1341 versam
668 1300 880 1359 gentem
933 1292 1244 1364 deplorans,
1288 1298 1531 1371 adjungit
1567 1322 1579 1356 :
1629 1321 1649 1355 ‹
1688 1303 1779 1360 Vm
1812 1309 1958 1377 genti

395 1382 707 1448 peccatrici,
768 1383 965 1451 populo
1022 1387 1179 1455 pleno
1227 1391 1501 1458 peccatis,
1529 1396 1723 1450 semini
1769 1414 1955 1467 pravo,

396 1468 522 1525 (iliis
553 1472 754 1542 iniquis
778 1475 844 1528 ²⁰.
883 1496 899 1526 ι
936 1475 1097 1533 Hisce
1118 1480 1272 1535 initio
1300 1483 1480 1551 operis
1503 1486 1593 1540 ubi
1622 1496 1812 1543 contra
1838 1491 1959 1546 illos

394 1576 527 1616 usus
557 1571 641 1617 est
682 1565 1174 1636 objurgationibus,
1203 1581 1257 1626 et
1287 1577 1569 1644 proposuit
1601 1593 1798 1636 causas
1837 1583 1957 1652 ejus

392 1655 652 1721 vaticinii,
674 1658 818 1726 quod
836 1670 1024 1716 contra
1043 1663 1162 1719 illos
1187 1664 1408 1733 feratur,
1429 1674 1542 1723 tum
1568 1670 1779 1726 initium
1808 1675 1954 1741 facit,

391 1744 578 1801 dicens
609 1788 621 1801 .
652 1767 670 1798 ι
704 1747 868 1805 Terra
894 1762 1074 1808 vestra
1093 1754 1326 1824 deserta,
1355 1778 1374 1811 ι
1392 1777 1511 1831 quae
1539 1769 1719 1818 tamen
1741 1765 1957 1823 deserta

2063 577 2161 646 τῆς
2188 577 2391 640 οἰκείας
2421 577 2623 647 βίϐλου,
2657 578 2756 650 τὴν
2782 583 2961 636 πᾶσαν
2991 585 3088 655 τῆς
3121 590 3452 660 προφητείας
3494 594 3629 648 ὑπό·
3654 652 3657 655 λ

2064 666 2229 731 θεσιν,
2263 668 2401 722 κατὰ
2426 669 2524 740 τῆς
2560 670 2817 737 Ἰουδαίας
2845 675 2938 727 καὶ
2964 675 3105 729 κατὰ
3136 678 3234 748 τῆς
3278 682 3629 757 Ἰερουσαλὴμ

2062 757 2249 828 ὅρασιν
2294 760 2386 812 καὶ
2428 760 2659 830 θεωρίαν
2705 763 2975 834 περιέχειν
3019 766 3284 820 διδάσκειο
3339 770 3525 826 ἔπειτα
3565 777 3628 828 τὸ

2063 849 2168 900 πᾶν
2215 847 2478 903 Ἰουδαίων
2522 851 2671 915 ἔθνος
2711 853 3020 925 ἀπελέγχει,
3066 858 3255 927 πρῶτα
3304 862 3401 931 μὲν
3432 863 3623 933 λέγι-’ν

2068 956 2087 989 ι
2114 939 2295 1007 Ἔγνω
2324 939 2449 1010 βοῦς
2491 941 2580 995 τὸν
2612 944 2969 1014 κτησάμενον,
3015 950 3108 1002 καὶ
3137 950 3254 1015 ὄνος
3290 952 3388 1025 τὴν
3420 957 3627 1026 φάτνην

2059 1030 2152 1084 τοῦ
2198 1032 2385 1103 κυρίου
2433 1034 2615 1088 αὐτοῦ·
2653 1036 2866 1109 Ἰσραὴλ
2895 1038 2951 1093 δέ
3000 1058 3068 1109 με
3116 1043 3217 1095 οὐκ
3265 1043 3422 1113 ἔγνω,
3462 1051 3554 1101 καὶ
3595 1052 3626 1105 ὀ

2059 1121 2186 1186 λαός
2216 1141 2284 1193 με
2321 1123 2382 1176 οὐ
2409 1125 2690 1194 συνῆκεν.»
2721 1125 2852 1182 Εἶτα
2877 1130 2937 1183 τὸ
2975 1133 3081 1184 πᾶν
3121 1132 3269 1198 ἔθνος
3298 1136 3623 1205 ταλανίξων,

2060 1212 2358 1283 ἐπιφέρει·ι
2380 1216 2513 1269 Οὐαὶ
2530 1216 2681 1281 ἔθνος
2702 1219 3038 1291 ἁμαρτωλὸν,
3061 1222 3185 1287 λαὸς
3209 1225 3417 1297 πλήρης
3445 1230 3627 1303 ἁμαρ-

2059 1297 2211 1363 τιῶν,
2262 1300 2479 1371 σπέρμα
2529 1304 2780 1374 πονηρὸν,
2830 1307 2935 1358 υἱοὶ
2979 1308 3188 1378 ἄνομοι.
3225 1329 3243 1361 ι
3294 1297 3514 1378 Τούτοις
3561 1297 3623 1369 ἐν

2058 1389 2197 1462 ἀρχῇ
2231 1392 2329 1461 τῆς
2373 1392 2553 1463 βίϐλου
2590 1396 2706 1447 κατ’
2737 1396 2912 1450 αὐτῶν
2954 1400 3295 1471 χρησάμενος
3332 1407 3444 1468 τοῖς
3473 1407 3626 1477 ἐλέγ.

2057 1499 2191 1552 χοις,
2239 1487 2332 1537 καὶ
2370 1485 2686 1556 προδιδάξας
2728 1488 2826 1553 τὰς
2852 1492 3028 1556 αίτίας
3050 1494 3147 1564 τῆς
3171 1496 3464 1570 μελλούσης
3493 1503 3621 1554 ἐπι-

2058 1573 2316 1645 φέρεσθαι
2355 1577 2474 1630 κατ’
2520 1580 2695 1633 αὐτῶν
2738 1587 3110 1655 προρρήσεως,
3155 1589 3281 1659 ἑξῆς
3310 1592 3621 1664 ἀπάρχεται

2057 1664 2298 1732 φάσκων
2330 1687 2348 1718 ι
2391 1669 2455 1721 Ἠ
2492 1670 2564 1740 γῆ
2596 1672 2745 1740 ὑμῶν
2787 1673 3008 1745 ἔρημος,
3040 1695 3057 1726 ι
3100 1679 3172 1749 μὴ
3212 1679 3373 1752 οὔσης
3405 1685 3618 1756 ἐρήμου

2057 1756 2177 1810 καθ’
2200 1758 2292 1822 οὓς
2319 1763 2651 1832 προεφήτευε
2686 1764 2928 1835 χρόνους·
2967 1787 2984 1818 ι
3008 1769 3062 1820 αἱ
3093 1771 3274 1835 πόλεις
3296 1773 3446 1844 ὑμῶν
3462 1779 3624 1849 πυρίο

389 1852 496 1891 non
527 1847 664 1902 erat,
695 1855 759 1895 eo
788 1842 905 1912 ipso
958 1861 1063 1915 quo
1090 1850 1427 1918 prophetiam
1466 1854 1660 1910 edebat
1691 1864 1940 1929 tempore.

2055 1865 2296 1903 καυστοιο
2331 1870 2350 1903 ι
2392 1853 2524 1923 μηδέ
2549 1854 2734 1908 τούτου
2766 1873 2852 1910 πω
2897 1861 3281 1932 γεγενημένου.
3331 1842 3465 1919 Ἆλλ*
3493 1842 3619 1923 οδδὲ

394 1944 414 1978 ι
453 1928 713 1986 Civitates
753 1945 946 1991 vestrae
988 1951 1266 1996 succensae
1291 1941 1438 2011 igni:
1471 1963 1489 1996 ι
1519 1956 1850 2004 cumtamen
1884 1967 1952 2008 ne

386 2017 493 2073 hoc
525 2021 740 2089 quidem
774 2026 954 2081 adhuc
987 2028 1191 2085 factum
1221 2042 1389 2091 esset.
1427 2035 1533 2092 Sed
1563 2055 1738 2108 neque
1773 2043 1952 2113 regio-

386 2124 510 2164 nem
560 2113 800 2182 ipsorum
832 2123 961 2172 tunc
999 2120 1159 2176 alieni
1194 2123 1544 2195 devorabant,
1578 2132 1692 2210 64
1716 2149 1837 2188 eum
1868 2144 1951 2190 ta-

390 2212 515 2253 men
558 2200 649 2256 ille
681 2205 761 2259 sic
805 2207 970 2271 dicat,
1011 2229 1030 2262 ι
1082 2214 1356 2282 regionem
1402 2200 1683 2287 vestram,-
1715 2224 1770 2279 in
1818 2242 1951 2282 eon-

385 2301 574 2362 spectu
605 2305 784 2352 vestro
815 2300 974 2355 alieni
1006 2303 1295 2371 devorant,
1329 2328 1348 2359 ι
1385 2317 1439 2364 et
1472 2329 1591 2381 qua:
1617 2326 1943 2385 sequuntur.

386 2385 455 2441 At
482 2389 625 2443 enim
655 2391 699 2446 si
730 2391 797 2447 ad
826 2392 1123 2452 Salvatoris
1151 2400 1322 2453 nostri
1349 2400 1477 2457 Jesu
1507 2404 1709 2462 Christi
1744 2409 1947 2464 adven-

384 2485 498 2531 tum:
540 2485 845 2548 transieris,
883 2494 937 2541 et
971 2488 1036 2543 ad
1066 2504 1127 2543 ea
1151 2506 1270 2559 qua:
1292 2494 1579 2550 subsecuta
1610 2507 1738 2553 sunt
1775 2516 1947 2571 usque

382 2567 436 2622 in
470 2571 612 2626 hunc
633 2572 771 2626 diem
796 2582 1059 2646 tempora,
1088 2577 1245 2635 facile
1272 2583 1542 2640 inveneris
1570 2603 1634 2640 ea
1658 2603 1778 2658 quae
1802 2567 1946 2646 dicta

381 2670 510 2715 sunt
552 2666 817 2734 completa
849 2683 992 2721 esse.
1026 2668 1160 2723 Nam
1202 2681 1255 2727 et
1284 2673 1392 2727 tilia
1426 2674 1556 2731 Sion
1599 2679 1735 2749 (haec
1765 2691 1944 2737 autem

379 2762 496 2807 erat
524 2754 771 2810 adoratio
800 2775 920 2827 quae
944 2761 997 2814 in
1034 2769 1215 2817 monte
1243 2766 1642 2836 celebrabatur,
1669 2773 1763 2841 qui
1784 2787 1946 2827 voca-

379 2849 470 2896 tur
525 2843 677 2916 Sion)
721 2863 785 2903 ex
827 2866 934 2919 quo
987 2853 1203 2908 advenit
1255 2853 1414 2912 Jesus
1452 2858 1702 2915 Salvator
1737 2872 1943 2931 noster,

378 2934 566 2988 relicta
596 2944 680 2990 est
720 2947 777 2992 ut
809 2943 1181 2997 umbraculum
1216 2945 1269 2999 in
1319 2949 1496 3012 vinea,
1527 2960 1581 3006 et
1605 2955 1759 3023 quasi
1796 2955 1941 3013 fruc-

378 3033 529 3082 tuum
557 3032 800 3084 custodia
832 3034 884 3087 in
915 3040 1305 3104 cucumerario,
1339 3049 1431 3095 aut
1465 3043 1508 3098 si
1537 3044 1621 3100 his
1648 3048 1940 3120 quidquam

377 3118 607 3185 cogitari
666 3129 843 3188 potest
894 3123 1184 3191 desertius,
1233 3132 1617 3203 regionemque
1671 3118 1936 3207 ipsorum,

2052 1937 2150 2011 τήν
2180 1940 2359 2013 χώραν
2399 1944 2574 1997 αὐτῶν
2612 1946 2733 2000 τότε
2760 1948 2944 2019 ἤσθιον
2994 1951 3258 2025 ἀλλότριοι
3278 1972 3292 1987 ο
3340 1958 3432 2010 καὶ
3464 1959 3619 2030 ὅμως

2052 2030 2203 2102 φησί·
2256 2052 2274 2083 ι
2300 2032 2409 2104 Τὴν
2455 2033 2635 2106 χώραν
2668 2038 2837 2108 ὑμῶν,
2887 2042 3112 2097 ἐνώπιον
3157 2047 3308 2116 ὑμῶν
3346 2049 3617 2123 ἀλλότριοι

2050 2124 2416 2178 κατεσθίουσιν
2446 2128 2632 2199 αὐτὴν,
2666 2149 2684 2182 ι
2705 2133 2797 2184 καὶ
2817 2132 2885 2185 τὰ
2913 2134 3058 2206 ἑξῆς.
3081 2137 3141 2190 Εἰ
3168 2135 3258 2192 οὖν
3286 2143 3376 2194 ἐπὶ
3400 2143 3497 2215 τὴν
3516 2144 3615 2199 τοῦ

2047 2213 2294 2284 Σωτῆρος
2322 2216 2476 2286 ἡμῶν
2519 2218 2689 2290 Ἰησοῦ
2721 2222 2953 2295 Χριστοῦ
2989 2228 3261 2297 μετέλθοις
3287 2213 3613 2304 παρουσίαν,

2049 2306 2141 2358 καὶ
2178 2308 2301 2369 τοὺς
2328 2308 2385 2374 ἐξ
2415 2310 2619 2365 ἐκείνου
2645 2313 2737 2367 καὶ
2777 2317 2857 2380 εἰς
2879 2317 3035 2391 δεῦρο
3065 2322 3304 2393 χρόνους,
3340 2328 3514 2382 πάντα
3540 2330 3613 2386 ἂν

2047 2395 2229 2468 εὕροις
2254 2398 2320 2452 τὰ
2352 2402 2614 2472 εἰρημένα
2642 2405 3005 2479 πληρούμενα.
3040 2413 3112 2466 Ἥ
3146 2431 3204 2469 τε
3232 2417 3338 2489 γὰρ
3362 2418 3613 2493 θυγάτηρ

2046 2487 2182 2541 Σιὼν
2227 2488 2385 2563 (αὕτη
2407 2494 2463 2547 δὲ
2497 2492 2620 2569 ἦνή
2654 2499 2746 2551 ἐπὶ
2775 2499 2935 2571 ὅρους
2968 2504 3059 2557 τοῦ
3107 2487 3613 2580 καλουμένουγΣιίυν

2044 2582 2429 2659 ἐπιτελουμένη
2471 2587 2754 2665 θρησκεία)
2808 2595 2915 2648 ἀπὸ
2956 2597 3054 2667 τῆς
3095 2599 3264 2669 Ἰησοῦ
3294 2602 3388 2656 τοῦ
3417 2605 3609 2678 Σωτῆο

2048 2691 2137 2745 ρος
2181 2676 2334 2747 ήμῶν
2375 2683 2673 2751 παρουσίας
2720 2685 3197 2754 ἐγκαταλέλειπται
3232 2691 3307 2754 ὡς
3341 2695 3509 2767 σκηνὴ
3545 2676 3608 2751 ἐν

2044 2767 2345 2836 ἀμπελῶνι,
2378 2773 2471 2824 καὶ
2496 2772 2572 2837 ὡς
2598 2774 3038 2846 όπωροφυλὰκιον
3060 2782 3117 2833 ἐν
3148 2785 3476 2862 σικυηράτῳ,
3510 2790 3608 2844 καὶ

2041 2857 2096 2910 εἴ
2122 2876 2173 2912 τι
2206 2861 2405 2915 τούτων
2441 2865 2787 2938 ἐρημότερον*
2818 2872 2917 2940 τήν
2951 2889 3009 2924 τε
3037 2871 3217 2943 χώραν
3240 2877 3417 2930 αὐτῶν
3444 2878 3603 2933 ἀλλό-

2038 2964 2177 3021 τριοι
2208 2951 2432 3008 ἐνώπιον
2474 2958 2649 3011 αὐτῶν
2684 2961 3045 3025 κατεσθίουσι,
3084 2967 3203 3019 τοτὲ
3241 2969 3336 3038 μὲν
3365 2970 3606 3042 δασμοὺς

2038 3044 2133 3097 καὶ
2160 3045 2354 3117 φόρους
2374 3050 2566 3113 αὐτοὺς
2582 3054 3051 3124 εἰσπραττόμενοι,
3087 3060 3205 3112 τοτὲ
3231 3061 3285 3113 δὲ
3306 3061 3432 3116 ἴδιον
3471 3065 3602 3118 ἐαυ-

2038 3136 2143 3190 τῶν
2161 3139 2342 3208 κτῆμα
2368 3139 2464 3211 τὴν
2488 3141 2653 3196 πάλαι
2681 3144 2788 3198 τῶν
2816 3146 3077 3201 Ἰουδαίων
3096 3151 3195 3220 γῆν
3223 3154 3596 3224 πεποιημένοι.

376 3208 536 3263 alieni
583 3225 766 3265 coram
810 3214 943 3283 ipsis
975 3216 1255 3284 devorant,
1290 3237 1435 3277 nunc
1459 3225 1672 3294 quidem
1704 3232 1939 3302 vectiga-

2053 3229 2209 3285 Ἀλλὰ
2244 3233 2338 3284 καὶ
2385 3208 2445 3285 τδ
2486 3235 2629 3304 ἱερὸν
2669 3236 2730 3289 τὸ
2776 3238 3044 3310 εὐπρεπὲς
3218 3208 3600 3315 μητροπόλεως

377 3298 471 3360 iia,
505 3315 567 3354 ac
615 3303 817 3357 tributa
877 3306 945 3360 ab
994 3308 1101 3362 illis
1129 3310 1428 3381 exigentes,
1462 3332 1608 3371 nunc
1654 3335 1782 3375 vero
1812 3339 1938 3392 pro-

376 3392 554 3461 prium
590 3393 830 3461 ipsormn
860 3398 1144 3465 praedium,
1172 3415 1290 3455 eam
1327 3420 1446 3473 qua:
1473 3408 1600 3461 olim
1627 3407 1937 3468 Iudaeorum

375 3487 511 3543 erat,
537 3489 734 3535 terram
770 3483 1047 3542 facientes.
1086 3489 1191 3543 Sed
1222 3500 1275 3545 et
1313 3496 1567 3564 templum
1601 3498 1732 3555 illud
1764 3504 1937 3557 admi-

376 3570 565 3635 rabile,
593 3576 735 3642 quod
760 3588 875 3630 erat
900 3579 953 3631 in
981 3595 1166 3633 eorum
1198 3589 1503 3656 metropoli,
1532 3589 1585 3643 in
1617 3598 1816 3648 terram
1848 3610 1938 3650 ce-

374 3661 526 3727 cidit,
552 3679 583 3718 a
613 3669 825 3737 populis
858 3672 1047 3725 alienis
1072 3688 1355 3730 eversum:
1387 3687 1441 3733 et
1472 3682 1716 3739 civitates
1747 3701 1934 3743 eorum

375 3752 483 3826 igni
525 3772 801 3815 succensae
843 3771 1010 3817 sunt:
1058 3773 1111 3818 et
1146 3764 1285 3819 facta
1326 3777 1410 3824 est
1467 3770 1766 3829 Jerusalem
1811 3794 1936 3834 vere

374 3846 566 3904 civitas
621 3851 673 3904 in
715 3853 1016 3911 obsidione.
1047 3856 1115 3909 At
1165 3872 1291 3912 vero
1318 3862 1443 3929 quia
1497 3875 1784 3936 postquam
1827 3870 1933 3926 illis

373 3936 488 3992 haec
529 3951 825 3996 evenerunt
875 3954 930 3998 et
973 3948 1174 4005 chorus
1220 3955 1610 4021 apostolorum,
1641 3967 1694 4012 et
1731 3961 1823 4030 qui
1865 3978 1929 4017 ex

373 4028 616 4087 Hebraeis
659 4034 712 4087 in
770 4034 1049 4092 Christum
1098 4044 1465 4113 crediderunt,
1499 4047 1714 4105 fecundi
1757 4056 1933 4109 instar

371 4124 600 4179 seminis
630 4140 695 4179 ex
727 4127 832 4182 illis
863 4129 996 4199 ipsis
1022 4136 1217 4188 servati
1247 4148 1394 4201 sunt,
1431 4147 1483 4193 et
1503 4156 1599 4210 per
1621 4143 1930 4201 universam

370 4220 593 4281 terram,
621 4228 781 4288 atque
808 4220 861 4274 in
883 4239 1041 4279 omne
1061 4242 1231 4296 genus
1265 4230 1536 4286 hominum
1561 4245 1927 4305 penetrantes,

368 4320 585 4362 omnem
615 4311 908 4378 civitatem,
944 4332 1007 4372 ac
1054 4319 1252 4383 locum,
1297 4330 1351 4378 et
1403 4327 1672 4396 regionem
1711 4333 1930 4401 proprio

368 4408 532 4469 atque
561 4403 856 4462 Israelitico
882 4412 1087 4467 semine
1110 4414 1485 4484 impleverunt,
1516 4422 1651 4477 adeo
1685 4424 1925 4494 quidem,

370 4498 430 4544 ut
465 4508 530 4547 ex
567 4495 676 4552 illis
713 4502 868 4568 quasi
909 4503 1090 4572 spicae,
1132 4522 1254 4575 quae
1290 4510 1343 4563 in
1374 4514 1594 4569 nomine
1623 4512 1925 4572 Salvatoris

365 4587 540 4640 nostri
572 4587 809 4646 fundatae
841 4605 969 4650 sunt
1005 4596 1281 4664 Ecclesize,
1314 4603 1424 4657 sint
1457 4617 1630 4660 enalae
1664 4625 1676 4660 :
1728 4610 1923 4663 merito

365 4676 583 4733 divinus
610 4684 891 4753 propheta,
930 4688 995 4743 iis
1026 4670 1209 4754 minis,
1242 4695 1439 4762 quibus
1471 4709 1657 4752 contra
1689 4699 1809 4754 illos
1840 4709 1924 4756 est

365 4784 519 4834 usus,
548 4773 791 4846 adjungit
821 4796 835 4832 :
870 4797 886 4827 ι
915 4778 1029 4834 Nisi
1055 4780 1312 4841 Dominus
1345 4784 1581 4842 Sabaoth
1616 4790 1924 4860 reliquisset

363 4862 522 4918 nobis
548 4881 752 4931 semen,
783 4871 937 4938 quasi
970 4872 1203 4929 Sodoma
1244 4877 1373 4934 facti
1407 4896 1676 4947 essemus,
1701 4890 1754 4936 et
1781 4885 1922 4939 sicut

363 4950 662 5010 Gomorrha
711 4959 915 5015 similes
970 4962 1278 5025 fuissemus.
1342 4991 1360 5023 ι
1396 4971 1549 5037 Quod
1601 4974 1817 5043 quidem
1865 4976 1919 5030 in

363 5046 691 5113 apertiorem
750 5066 967 5106 sensum
1013 5060 1339 5115 contrahens
1371 5073 1592 5117 sanctus
1621 5065 1914 5134 Apostolus

362 5131 416 5186 in
456 5132 696 5204 Epistola
734 5140 798 5193 ad
826 5139 1098 5202 Romanos
1125 5150 1511 5219 interpretatus
1532 5164 1614 5208 est
1642 5131 1712 5209 ξι
1754 5155 1919 5213 Isaias

361 5234 540 5280 autem
577 5230 774 5283 clamat
797 5248 893 5302 pro
914 5232 1097 5303 Israel,
1127 5240 1172 5294 si
1215 5240 1375 5295 fuerit
1398 5260 1656 5303 numerus
1688 5247 1917 5303 ﬁliorum

362 5313 520 5372 istael
554 5321 695 5374 sicut
725 5339 886 5379 arena
923 5331 1110 5393 maris,
1147 5333 1367 5401 reliqua:
1402 5337 1563 5392 salva:
1599 5338 1745 5394 fient.
1781 5339 1917 5396 Ver-

358 5404 488 5462 bum
516 5409 658 5462 enim
701 5412 983 5482 perficiens
1013 5426 1066 5471 et
1095 5423 1421 5478 contrahens
1463 5424 1624 5482 faciet
1658 5427 1916 5489 Dominus

360 5497 416 5551 in
466 5506 634 5557 terra.
675 5500 739 5556 Et
769 5506 911 5561 sicut
951 5510 1201 5578 praedixit
1249 5509 1418 5571 Isaias
1452 5536 1464 5570 :
1495 5517 1611 5574 Nisi
1653 5519 1915 5578 Dominus

2039 3321 2214 3374 αὐτῶν
2245 3323 2584 3393 ήρειπίωται,
2613 3329 3088 3400 κατεστραμμένον
3127 3332 3232 3386 ὑπὸ
3266 3332 3408 3388 λαῶν
3441 3335 3598 3390 ἀλλο-

2037 3413 2218 3483 τρίων·
2271 3415 2331 3467 αἴ
2377 3431 2437 3468 τε
2486 3416 2665 3480 πόλεις
2712 3418 2888 3471 αὐτῶν
2924 3421 3277 3492 πυρίκαυστοι
3321 3426 3596 3497 γεγόνασι,

2037 3502 2129 3554 καὶ
2181 3503 2370 3571 γέγονε
2428 3503 2776 3578 Ἰερουσαλὴμ
2834 3508 3045 3579 ἀληθῶς
3082 3511 3232 3575 πόλις
3278 3513 3597 3587 πολιορκου-

2039 3593 2192 3665 μένη.
2220 3593 2353 3646 Ἀλλ’
2386 3596 2527 3662 ἐπεὶ,
2560 3597 2761 3651 τούτων
2777 3600 2902 3670 περὶ
2929 3600 3122 3666 αὐτοὺς
3152 3603 3594 3677 συμϐεϐηκότων,

2034 3684 2062 3735 6
2098 3685 2203 3737 τῶν
2234 3686 2539 3749 ἀποστόλων
2593 3688 2768 3760 χορὸς,
2808 3690 2861 3742 οῖ
2896 3705 2954 3743 τε
2988 3691 3044 3757 ἐξ
3091 3693 3349 3764 Ἑϐραίων
3385 3698 3465 3760 εἰς
3502 3698 3597 3753 τὸν

2033 3774 2264 3845 Χριστὸν
2309 3778 2728 3840 πεπιστευκότες
2760 3778 2979 3848 γονίμου
3007 3779 3160 3848 δίκην
3192 3782 3500 3853 σπέρματος
3532 3784 3594 3853 ἐξ

2033 3865 2211 3919 αὐτῶν
2264 3868 2485 3921 ἐκείνων
2539 3868 2989 3939 διεφυλάχθησαν,
3051 3872 3174 3926 καθ’
3216 3874 3344 3944 ὅλης
3384 3893 3444 3930 τε
3490 3878 3595 3947 τῆς

2031 3957 2352 4028 οἰκουμένης
2384 3959 2476 4011 καὶ
2508 3960 2587 4022 εἰς
2621 3961 2725 4012 πᾶν
2768 3961 2921 4028 γένος
2952 3961 3252 4033 ἀνθρώπιον
3275 3964 3591 4033 διελθόντες,

2031 4047 2208 4099 πᾶσαν
2253 4047 2405 4101 πόλιν
2452 4048 2544 4101 καὶ
2577 4048 2737 4101 τόπον
2777 4050 2869 4102 καὶ
2907 4048 3088 4121 χώραν
3118 4050 3210 4104 τοῦ
3255 4054 3451 4106 οἰκείου
3496 4054 3592 4109 καὶ

2043 4137 2426 4209 Ἰσραηλιτικοῦ
2478 4140 2678 4211 σπόρου
2733 4140 3095 4212 κατέπλησαν,
3130 4142 3266 4195 ὥστε
3309 4144 3366 4210 ἐξ
3410 4144 3591 4200 αὐτῶν

2032 4227 2227 4297 στάχυς
2253 4226 2351 4291 τὰς
2379 4229 2465 4281 ἐπ’
2492 4229 2749 4299 ὀνόματος
2777 4228 2867 4283 τοῦ
2897 4231 3146 4303 Σωτῆρος
3174 4231 3326 4302 ήμῶν
3353 4233 3591 4288 ὑποστά-

2030 4332 2125 4380 σας
2183 4316 2504 4387 Ἐκκλησίας
2552 4318 2729 4387 φῦναι·
2776 4319 2997 4383 εἰκότως
3041 4322 3068 4374 6
3119 4320 3258 4386 θεῖος
3303 4324 3591 4395 προφήτης

2027 4407 2264 4475 ἐπιλέγει
2286 4411 2404 4472 ταῖς
2430 4409 2955 4481 προαποφανθείσαις
2979 4413 3093 4465 κατ’
3116 4411 3293 4465 αὐτῶν
3316 4412 3584 4479 ἀπειλαῖς·

2033 4518 2051 4548 ι
2080 4501 2142 4552 Εἰ
2171 4498 2244 4570 μὴ
2278 4500 2478 4571 Κύριος
2510 4500 2736 4555 Σαϐαὼθ
2780 4503 3135 4571 ἐγκατέλιπεν
3176 4507 3307 4575 ήμῖν
3341 4506 3585 4578 σπέρμα,

2027 4590 2102 4654 ὡς
2167 4591 2374 4662 Σόδομα
2428 4592 2494 4646 ἂν
2538 4594 2904 4665 ἐγενήθημεν,
2950 4597 3041 4648 καὶ
3085 4596 3161 4659 ὡς
3226 4598 3473 4669 Γόμορρα
3519 4598 3587 4653 ἂν

2027 4680 2404 4754 ὡμοιώθημεν.
2455 4703 2474 4735 ι
2515 4685 2688 4758 Ὅπερ
2723 4685 3036 4755 συναγαγὼν
3069 4690 3159 4741 ἐπὶ
3189 4689 3248 4743 τὸ
3294 4691 3460 4759 σαφὲς
3493 4693 3586 4763 ἐρ-

2030 4773 2251 4845 μηνεύει
2270 4776 2327 4827 ἐν
2356 4779 2420 4848 τῇ
2451 4778 2583 4848 πρὸς
2610 4778 2908 4848 Ῥωμαίους
2933 4780 3210 4852 Ἐπιστολῇ
3235 4782 3263 4833 ὁ
3293 4780 3433 4852 ἱερὸς
3452 4781 3589 4835 ἀπό-

2030 4860 2228 4924 στολος*
2269 4880 2287 4912 ι
2323 4863 2543 4927 Ἡσαΐας
2573 4864 2630 4917 δὲ
2661 4866 2958 4937 κραυγάζει
3013 4868 3150 4939 ὑπὲρ
3206 4869 3297 4921 τοῦ
3345 4870 3580 4940 Ἰσραήλ’

2041 4952 2164 5006 Ἐὰν
2287 4955 2314 5006 6
2361 4955 2590 5026 ἀριθμὸς
2623 4957 2751 5009 ·τῶν
2778 4957 2905 5011 υἰὼν
2963 4959 3175 5031 Ἰσραὴλ
3222 4960 3297 5023 ὡς
3330 4963 3362 5032 ή
3399 4964 3584 5034 ἄμμος

2021 5044 2119 5114 τῆς
2152 5044 2445 5116 θαλάσσης,
2479 5045 2875 5117 τδὺπόλειμμα
2920 5049 3237 5121 σωθήσεται.
3269 5052 3437 5117 Λόγον
3471 5053 3582 5125 γὰρ

2023 5136 2285 5190 συντελῶν
2336 5138 2429 5190 καὶ
2482 5140 2786 5207 συντέμνων
2835 5142 3045 5210 ποιήσει
3082 5141 3282 5212 Κύριος
3334 5145 3425 5197 ἐπὶ
3478 5145 3581 5215 τῆς

2021 5229 2142 5299 γῆς.
2182 5231 2288 5283 Καὶ
2329 5229 2511 5292 καθὼς
2558 5229 2880 5302 προείρηκεν
2927 5233 3187 5296 Ἠσαῖας’
3232 5234 3293 5287 Εἰ
3347 5234 3421 5305 μὴ
3462 5237 3579 5289 liti-‘-

2026 5338 2138 5392 ριος
2175 5320 2394 5374 Σαϐαὼθ
2435 5322 2784 5391 ἐγκατέλιπεν
2822 5326 2954 5395 ἡμῖν
2999 5324 3238 5395 σπέρμα,
3271 5326 3344 5389 ὼς
3369 5327 3580 5398 Σόδομα

2022 5410 2086 5464 ἂν
2112 5411 2459 5482 ἐγενήθημεν,
2486 5414 2577 5467 καὶ
2595 5413 2670 5478 ὡς
2685 5415 2725 5466 Γ
2725 5415 2934 5487 όμορῤα
2949 5414 3015 5468 ἂν
3036 5415 3287 5488 ὡμοιώθη
3296 5436 3411 5488 μεν.
3438 5439 3457 5471 ι
3480 5416 3578 5486 Οἷς

2020 5498 2174 5566 αὖθις
2207 5504 2542 5575 προστίθησι,
2565 5505 2754 5574 λέγων’
2791 5526 2810 5557 ο
2837 5505 2926 5576 Μὴ
2949 5504 3202 5560 ἀπώσατο
3243 5510 3270 5561 6
3312 5508 3442 5572 Θεὸς
3483 5510 3579 5565 τὸν
3620 5562 3631 5571 ,

359 5585 593 5646 Sabaoth
646 5595 952 5667 reliquisset
997 5601 1153 5656 nobis
1201 5617 1406 5671 semen,
1464 5611 1619 5692 quasi
1672 5611 1905 5669 Sodoma

2042 5594 2139 5648 .abv
2196 5595 2393 5661 αὐτοῦς
2453 5595 2528 5667 μὴ
2570 5598 2807 5666 γένοιτοί
2867 5598 2977 5653 Καὶ
3025 5599 3132 5671 γὰρ
3192 5598 3303 5670 ἐγὼ
3364 5600 3578 5675 Ἰσραη-

419 5745 475 5814 .”
502 5747 606 5804 lsa.
644 5767 681 5815 1,
711 5751 791 5819 5η
840 5752 884 5784 ιο
907 5754 1039 5807 ibid.
1069 5756 1102 5809 ι
