3942 6258
1212 366 1859 426 ΒΕΜΟΝΒΤΒᾹΤΙΟΝΙΒ
1895 360 2375 429 ΕΥΑΝΟῙΞΈΙΕᾹΞ.
2416 373 2523 428 LIB
2560 374 2625 430 II.

3460 382 3561 438 I50

304 480 441 549 λὶτης
481 478 594 551 εἰμὶ
637 482 710 535 ἐκ
744 482 1059 556 σπέρματος
1101 483 1348 556 Ἀϐραὰμ
1400 485 1571 555 φυλῆς
1614 486 1869 558 Βενιαμίν

1994 487 2121 545 facti
2162 504 2431 553 essemus,
2480 501 2532 545 et
2563 491 2705 547 sicut
2758 490 3058 548 Gomorrha
3111 493 3318 550 similes
3364 495 3561 554 fuissev

311 576 413 629 Οὑκ
455 572 720 629 ἀπώσατο
762 578 793 629 ό
829 575 961 640 Θεὸς
996 578 1086 630 τὸν
1113 576 1241 630 λαὸν
1276 577 1461 641 αὑτοῦ,
1508 579 1567 633 ὃν
1611 580 1878 650 προέγνω

310 667 342 738 ἢ
392 668 492 722 οὐκ
562 666 750 721 οἴδατε
799 670 856 721 ὲν
909 666 1063 740 Ἠλίᾳ
1134 668 1185 722 τί
1239 667 1388 737 λέγει
1442 671 1474 739 ἡ
1522 670 1746 741 Γραςὴ,
1806 671 1881 736 ὡς

314 758 619 831 ὶντυγχάνει
695 758 774 831 τῷ
839 758 956 828 Θεῷ
1014 758 1155 811 κατὰ
1214 757 1307 812 τοῦ
1380 760 1624 832 ’1σραήλ;
1688 763 1879 835 Κύριε,

311 854 430 915 τοὺς
483 852 768 923 προφήτας
831 867 922 903 σου
980 851 1339 913 ἀπέκτειναν,
1394 850 1461 904 τὰ
1525 851 1883 926 θυσιαστήριά

314 961 401 997 σου
468 943 847 1012 κατέσκαψαν·
920 940 1074 1010 κάγὼ
1142 941 1473 1012 ὑπελείφθην
1545 944 1722 1013 μόνος,
1791 946 1884 998 καὶ

314 1036 531 1107 ζητοῦσι
569 1052 669 1107 μου
698 1036 796 1107 τὴν
835 1033 1032 1105 ψυχὴν,
1064 1034 1156 1086 τοῦ
1185 1033 1367 1087 λαϐεῖν
1399 1035 1584 1106 αὑτήν.
1625 1035 1781 1089 Ἀλλὰ
1830 1038 1883 1091 τί

311 1128 453 1197 λέγει
482 1128 635 1199 αὑτῷ
655 1130 683 1182 ό
709 1126 1085 1199 χρηματισμός
1106 1141 1119 1189 ;
1150 1126 1455 1180 Κατέλιπον
1477 1128 1699 1199 ἐμαυτῷ
1722 1129 1886 1181 ἐπτα-

313 1220 607 1290 κισχιλίους
662 1219 877 1290 ἄνδρας,
930 1219 1122 1281 οἵτινες
1179 1218 1278 1272 οὑκ
1329 1219 1580 1292 ἔκαμψαν
1632 1219 1761 1288 γόνυ
1818 1223 1882 1290 τῇ

313 1313 473 1368 Βάαλ.
510 1312 698 1376 Οὑτως
750 1309 841 1366 οὖν
886 1311 982 1366 καὶ
1018 1311 1077 1365 ὲν
1099 1310 1177 1382 τῷ
1212 1312 1307 1365 νῦν
1328 1313 1502 1385 καιρῷ
1534 1313 1737 1384 λεῖμμα
1766 1315 1884 1367 κατ’

312 1406 538 1475 ὶκλογὴν
561 1405 780 1477 χάριτος
804 1404 1045 1473 γέγονεν.
1084 1422 1102 1455 ι
1139 1404 1259 1457 Ὀτι
1288 1403 1332 1457 δ’
1361 1407 1461 1459 οὑκ
1486 1408 1565 1469 εἰς
1594 1406 1748 1459 ἄλλον
1772 1423 1886 1459 και-

314 1498 421 1571 ρὸν,
462 1498 579 1551 ἀλλ’
602 1499 683 1561 εἰς
714 1497 803 1550 τὸν
835 1496 932 1566 τῆς
972 1495 1289 1564 ἐπιφανείας
1317 1496 1411 1550 τοῦ
1441 1497 1691 1569 Σωτῆρος
1728 1495 1885 1568 ἡμῶν

322 1588 491 1665 Ἰησοῦ
516 1588 754 1662 Χριστοῦ
784 1586 1096 1657 συντείνειή
1127 1588 1450 1658 προφητεία,
1493 1590 1619 1659 ἑξῆς
1655 1591 1683 1642 ό
1709 1589 1883 1657 λόγος,

313 1681 446 1753 μετὰ
471 1682 535 1734 τὸ
570 1682 733 1751 φάναι
754 1722 768 1746 ,
808 1699 827 1732 ι
863 1682 926 1736 Εἰ
955 1685 1028 1755 μὴ
1060 1684 1261 1756 Κύριος
1286 1680 1510 1734 Σαϐαὼθ
1535 1681 1887 1750 ἐγκατέλιπεν

309 1774 435 1844 ημῖν
460 1773 706 1844 σπέρμα,
741 1772 816 1837 ὡς
842 1775 1053 1846 Σόδομα
1086 1775 1150 1829 ἂν
1176 1773 1405 1845 ἐγενήθη
1416 1790 1533 1844 μεν,
1560 1773 1652 1826 καὶ
1679 1772 1753 1836 ὡς
1788 1772 1885 1826 Γό-

1983 583 2204 653 mus“.
2252 601 2270 634 ι
2316 582 2527 650 Quibus
2580 600 2774 639 rursus
2829 585 2944 641 haec
2983 586 3279 659 adiungit:
3324 608 3341 640 ι
3385 588 3557 645 Num-

1989 672 2141 740 quid,
2196 674 2392 745 inqnit,
2441 678 2639 746 repulit
2693 675 2835 734 Deus
2864 680 3119 749 papulum
3160 680 3554 738 suum?Absil.

1985 762 2117 818 Nam
2158 773 2210 819 et
2263 782 2362 836 ego
2416 765 2658 821 Israelita
2710 785 2829 823 sum
2889 788 2953 825 ex
2998 772 3204 825 semine
3257 772 3553 837 Abraham,

1983 858 2125 911 tribu
2141 857 2561 927 Benjamin.Non
2585 862 2780 930 repulit
2796 860 2934 917 Deus
2947 867 3200 935 populum
3220 882 3377 921 suum
3395 882 3556 941 quem

1984 949 2256 1020 pnescirit
2277 968 2288 1003 :
2308 965 2374 1004 an
2392 967 2496 1006 non
2530 956 2701 1007 nostis
2726 953 2778 1006 in
2804 952 2913 1006 Elia
2932 956 3059 1023 quid
3081 955 3224 1010 dicat
3244 958 3558 1028 Scriptura?

1984 1042 2442 1109 quemadmodum
2468 1044 2755 1099 intercedit
2786 1046 2925 1115 apud
2958 1045 3123 1100 Deum
3145 1059 3332 1102 contra
3355 1048 3559 1106 Israel?

1982 1129 2091 1202 65
2127 1129 2373 1198 Domine,
2428 1135 2723 1205 prophetas
2790 1144 2914 1192 tuos
2963 1139 3302 1204 occiderunt,
3362 1142 3556 1198 altaria

1986 1229 2078 1275 tua
2114 1222 2474 1288 sulfoderunt,
2510 1234 2561 1279 et
2590 1242 2691 1296 ego
2712 1228 2933 1283 relictus
2965 1245 3084 1283 sum
3115 1231 3285 1293 solus,
3325 1241 3555 1307 etquae-

1986 1323 2114 1370 runt
2153 1319 2386 1372 animam
2406 1337 2579 1375 meam
2616 1330 2672 1375 ut
2702 1323 2955 1379 auferant
2972 1325 3397 1379 eam.Cteterum
3422 1325 3554 1395 quid

1985 1408 2119 1462 dicit
2149 1410 2197 1465 ei
2224 1426 2547 1481 responsum
2585 1414 2875 1469 divinum?
2913 1415 3106 1485 reliqui
3166 1416 3297 1469 mihi
3346 1425 3550 1486 septem

1988 1502 2156 1556 millia
2194 1505 2461 1571 virorum,
2490 1508 2584 1576 qui
2646 1525 2754 1577 non
2812 1516 3177 1563 curvaverunt
3239 1524 3377 1579 genu
3428 1518 3555 1565 ante

1986 1592 2135 1650 Baal.
2190 1595 2280 1651 Sic
2308 1613 2437 1668 ergo
2471 1600 2607 1655 etin
2656 1601 2758 1655 hoc
2806 1609 3049 1672 tempore
3080 1643 3096 1669 ,
3160 1602 3403 1671 reliquiae
3462 1618 3551 1656 se—

1987 1686 2226 1740 cundum
2257 1687 2576 1744 electionem
2613 1692 2800 1760 gratiae
2832 1670 2985 1745 facta!
3007 1698 3134 1746 sunt
3164 1693 3228 1744 “.
3270 1670 3291 1743 Α
3325 1689 3400 1743 Ne
3423 1705 3554 1745 vero
3624 1670 3632 1679 ’

1988 1776 2041 1831 in
2073 1775 2221 1831 aliud
2262 1785 2476 1850 tempus
2513 1781 2852 1851 praphetiam
2882 1790 3131 1837 eventum
3165 1797 3323 1836 suum
3350 1782 3555 1852 dirige-

312 1868 481 1937 μορῲ
504 1865 572 1918 ἂν
588 1865 839 1938 ὡμοιώθη
849 1884 967 1938 μεν,
981 1845 1016 1919 ί»
1036 1867 1127 1921 τὸν
1147 1867 1320 1922 πάντα
1344 1866 1451 1919 τῶν
1466 1864 1730 1918 Ἰουδαίων
1756 1863 1875 1917 λαὸν

1985 1880 2043 1920 re
2072 1868 2393 1937 suspiceris,
2424 1886 2587 1939 quam
2614 1871 2669 1924 in
2697 1871 2985 1926 adventum
3020 1869 3322 1927 Salvatoris
3379 1871 3553 1928 nostri

307 1956 587 2029 Γομόρρας
620 1959 910 2029 ὀνομάσας,
942 1962 1069 2024 τοὺς
1104 1961 1160 2014 δὲ
1207 1962 1537 2033 ἡγουμένους
1573 1956 1748 2012 αὑτῶν
1780 1957 1879 2029 ἆρ-

304 2066 493 2121 χοντας
557 2050 834 2121 Σοδόμων,
902 2053 1145 2124 ἐπιφέρει
1216 2052 1541 2124 παραίτησιν
1594 2050 1691 2121 τῆς
1740 2050 1881 2104 κατὰ

304 2140 502 2194 Morosa
548 2140 865 2213 θρησκείας,
899 2146 992 2197 καὶ
1036 2145 1134 2215 τῆς
1170 2145 1256 2199 διὰ
1305 2143 1398 2198 τοῦ
1437 2144 1687 2214 Σωτῆρος
1726 2141 1880 2214 ἡμῶν

304 2233 466 2285 πᾶσιν
494 2232 802 2304 ἀνθρώποις
839 2236 1287 2307 κατηγγελμένης
1314 2235 1589 2307 Διαθήκης
1624 2233 1716 2287 τὸν
1751 2234 1879 2306 τρό-

306 2340 422 2386 πον,
446 2325 595 2393 λέγω
630 2326 688 2379 δὲ
728 2325 819 2379 τὸν
847 2326 934 2381 διὰ
970 2327 1194 2399 λουτροῦ
1247 2326 1679 2396 παλιγγενεσίας,
1721 2326 1910 2394 λόγον’

305 2431 359 2468 τε
384 2416 646 2490 ἄντικρυς
672 2417 790 2471 νέον
820 2419 913 2472 καὶ
939 2419 1101 2490 νόμον
1134 2419 1384 2489 εἰσῆκται
1413 2420 1470 2471 ἐν
1505 2421 1570 2486 τῇ
1606 2419 1734 2490 περὶ
1768 2417 1876 2471 τῶν

303 2506 555 2561 τοιούτων
577 2511 897 2582 προρρήσει.
926 2511 1085 2579 Λέγει
1103 2511 1159 2564 δὲ
1180 2508 1273 2564 οὗν
1297 2528 1311 2541 ο
1343 2529 1361 2561 ι
1402 2510 1694 2564 Ἀκούσατε
1720 2508 1875 2577 λόγον

305 2600 529 2672 Κυρίου,
575 2603 831 2673 ἄρχοντες
872 2603 1138 2674 Σοδόμων,
1189 2604 1482 2676 προσέχετε
1515 2604 1677 2675 νόμον
1716 2601 1871 2667 Θεοῦ,

306 2691 425 2757 λαὸς
448 2693 757 2767 Γομόρρας,
812 2696 864 2749 τί
905 2714 993 2767 μοι
1030 2695 1231 2767 πλῆθος
1264 2697 1370 2749 τῶν
1404 2695 1601 2751 Θυσιῶν
1628 2694 1811 2766 ὑμῶν;
1850 2714 1868 2746 ι

305 2785 393 2837 καὶ
438 2785 508 2838 τὰ
553 2786 711 2856 ἑξῆς·
769 2787 911 2860 ἅπερ
960 2789 1130 2843 οἰκεῖα
1180 2789 1306 2843 ὄντα
1348 2790 1448 2859 τῆς
1489 2787 1628 2843 κατὰ
1676 2787 1875 2842 Μωσέα

306 2876 619 2948 νομοθεσίας
651 2877 877 2943 ἀνελὼν,
909 2880 1213 2950 ἀντεισάγει
1259 2880 1504 2949 ἀφέσεως
1548 2878 1876 2951 ἁμαρτημά-

304 2982 404 3019 των
434 2966 622 3039 ἕτερον
670 2968 890 3040 τρόπον,
920 2970 1012 3023 τὸν
1043 2969 1130 3024 διὰ
1174 2969 1268 3022 τοῦ
1321 2968 1587 3039 σωτηρίου
1629 2968 1871 3041 λουτροῦ,

307 3058 394 3111 καὶ
425 3058 520 3112 τοῦ
547 3060 644 3112 σὺν
672 3060 845 3133 τούτῳ
874 3062 1276 3134 κηρυττομένου
1308 3061 1443 3132 βίου,
1477 3062 1681 3131 λέγων·
1708 3060 1874 3116 «Λού-

305 3151 486 3215 σασθε,
525 3151 756 3224 καθαροὶ
786 3153 1028 3223 γένεσθε,
1076 3154 1301 3224 ἀφέλετε
1342 3153 1440 3217 τὰς
1474 3154 1734 3223 πονηρίας
1766 3152 1873 3205 ἀπὸ
1904 3180 1944 3235 η

301 3241 406 3297 τῶν
433 3243 622 3315 ψυχῶν
650 3246 803 3317 ὑμῶν
824 3288 839 3311 ,
870 3266 888 3297 ι
913 3247 1007 3299 καὶ
1033 3246 1102 3299 τὰ
1136 3246 1281 3317 ἑξῆς.
1314 3247 1611 3318 Ἀρχοντας
1633 3244 1688 3297 δὲ
1722 3242 1876 3296 Σοδό-

305 3350 416 3403 μων
449 3337 547 3390 atat
574 3336 700 3390 λαὸν
723 3338 1012 3410 Γομόρρων
1042 3338 1106 3391 δι’
1134 3339 1199 3410 ἢν
1225 3339 1401 3392 αἰτίαν
1439 3339 1632 3401 αὐτοὺς
1662 3336 1875 3407 ὠνόμα-

303 3442 409 3491 σεν,
454 3427 619 3490 αὑτὸς
646 3428 959 3500 παρέστησε
1005 3429 1343 3501 παραχρῆμα
1374 3429 1577 3482 εἰπών’
1614 3446 1633 3479 ι
1666 3429 1730 3480 Al
1763 3426 1872 3499 γὰρ

299 3520 475 3592 χεῖρες
507 3518 664 3589 ὑμῶν
696 3519 919 3591 πλήρεις
936 3521 1183 3588 αἵματος.
1211 3539 1229 3572 ι
1264 3519 1373 3573 Καὶ
1402 3516 1558 3583 αὖθις
1588 3520 1645 3573 δὲ
1665 3519 1872 3582 ὑποϐὰς

298 3608 438 3680 λέγει
459 3627 476 3642 ο
504 3630 523 3661 ι
557 3610 668 3683 Τὴν
689 3612 918 3682 ἀνομίαν
947 3611 1122 3665 αὑτῶν
1146 3611 1221 3675 ὡς
1244 3612 1486 3683 Σοδόμων
1516 3610 1863 3683 ἁνήγγειλαν,

298 3699 387 3751 καὶ
411 3700 754 3767 ἐνεφάνισαν.
778 3701 915 3754 Οὐαὶ
941 3704 1008 3771 τῇ
1037 3700 1179 3771 ψυχῇ
1216 3700 1392 3755 αὑτῶν
1414 3718 1428 3731 ·
1459 3701 1590 3755 διότι
1623 3699 1868 3754 ἐϐουλεύ-

299 3806 456 3843 σαντο
506 3790 700 3863 βουλὴν
744 3792 984 3865 πονηρὰν
1030 3793 1151 3847 καθ’
1192 3794 1419 3857 ἑαυτῶν,
1471 3794 1734 3858 εἰπόντες,
1784 3794 1866 3847 ὅτι

297 3883 538 3954 Δήσομεν
580 3884 672 3937 τὸν
698 3884 926 3950 δίκαιον,
971 3887 1052 3939 δτι
1084 3884 1415 3957 δύσχρηστος
1458 3888 1587 3957 ἡμῖν
1623 3887 1768 3939 ἐστιν
1790 3924 1808 3952 ,
1842 3905 1861 3940 ι

295 3979 605 4048 σαφέστατα
647 3980 876 4049 αἵματός
904 3996 1046 4043 τινος
1085 3980 1177 4033 καὶ
1210 3980 1328 4044 ἐνὸς
1351 3980 1555 4035 δικαίου
1592 3980 1872 4051 μεμνημέ-

294 4083 380 4130 νος
422 4067 734 4138 ἐπιϐουλῆς.
789 4068 943 4132 Τίνος
975 4067 1030 4122 δὲ
1088 4069 1195 4141 ἄρα
1233 4070 1265 4139 ἢ
1305 4070 1397 4123 τοῦ
1445 4070 1693 4142 Σωτῆρος
1718 4067 1873 4141 ἡμῶν

309 4156 477 4229 Ἰησοῦ
528 4160 573 4211 Χ
583 4159 797 4230 ριστοῦ;
830 4159 896 4214 δι’
920 4161 987 4233 ἢν
1010 4162 1105 4214 καὶ
1132 4160 1248 4232 μεθ’
1279 4164 1344 4234 ην
1366 4162 1579 4216 ἅπαντα
1609 4162 1873 4234 μετῆλθον

297 4250 474 4314 αὑτοῖς
502 4250 571 4304 τὰ
601 4254 1067 4325 προηγορευμένα.

1980 1954 2110 2011 Jesu
2135 1955 2361 2021 Christi,
2394 1963 2559 2013 verba
2589 1976 2710 2023 qua:
2740 1969 3044 2031 sequuntur
3102 1969 3226 2032 post
3284 1961 3416 2015 illud
3467 1960 3553 2018 di-

1985 2056 2156 2115 ctum,
2221 2067 2241 2101 ι
2276 2047 2392 2105 Nisi
2429 2050 2689 2106 Dominus
2743 2051 2983 2108 Sabaoth
3047 2053 3359 2124 reliquisset
3391 2053 3553 2109 nobis

1982 2155 2188 2208 semen,
2214 2143 2368 2212 quasi
2417 2140 2653 2197 Sodoma
2689 2142 2814 2198 facti
2842 2159 3109 2208 essemus,
3152 2154 3206 2199 et
3261 2145 3402 2198 sicut
3442 2140 3548 2199 Go-

1979 2235 2201 2289 morrba
2247 2236 2453 2292 similes
2486 2236 2799 2298 fuissemus,
2836 2257 2854 2290 ι
2891 2238 3205 2292 universum
3260 2235 3547 2295 Iudaicum

1979 2328 2259 2398 populum,
2298 2327 2638 2393 Gomorrhze,
2686 2330 2944 2400 populum
2980 2331 3329 2400 appellantia,
3355 2340 3407 2386 et
3451 2345 3548 2386 eo-

1978 2436 2099 2475 rum
2132 2422 2322 2486 duces,
2363 2443 2380 2473 ι
2424 2424 2697 2494 principes
2763 2422 3145 2485 Sodomorum,
3176 2443 3195 2475 ι
3243 2424 3548 2495 adjungunt

1981 2513 2329 2581 rejectionem
2360 2513 2580 2568 Mosaici
2612 2516 2774 2576 lIlUS,
2811 2522 2864 2568 et
2894 2513 3015 2582 ejus
3047 2512 3379 2570 Testamenli
3430 2528 3549 2568 rno-

1978 2606 2127 2672 dum,
2157 2607 2298 2677 quod
2326 2622 2418 2675 per
2448 2604 2780 2660 Salvatorem
2817 2616 3065 2661 nostrum
3091 2606 3348 2662 omnibus
3378 2606 3551 2660 homi-

1979 2694 2142 2749 nibus
2164 2696 2540 2749 denuntiatum
2564 2705 2647 2750 est
2674 2693 2819 2766 (cum
2852 2694 3186 2750 Testamenti
3229 2694 3374 2759 dico,
3426 2694 3550 2763 ejus

1977 2786 2425 2857 regenerationis,
2458 2802 2579 2858 qua:
2611 2787 2668 2840 fit
2700 2802 2796 2858 per
2826 2787 3101 2841 lavacrum
3126 2786 3388 2857 intelligo)
3420 2802 3546 2842 vcr-

1976 2878 2213 2948 bumque
2242 2877 2401 2948 plane
2430 2894 2629 2933 novum
2659 2894 2721 2933 ac
2747 2880 2915 2949 legem
2944 2877 3319 2941 introducunt,
3362 2877 3453 2932 tibi
3479 2878 3546 2932 de

1980 2967 2181 3023 talibus
2247 2967 2567 3037 praedicunt.
2628 2967 2717 3021 Sic
2770 2969 2933 3039 igitur
2979 2968 3225 3023 habent:
3273 2986 3293 3018 ι
3351 2968 3549 3023 Audite

1977 3058 2201 3113 verbum
2250 3057 2784 3130 Domini,principes
2845 3057 3232 3125 Sodomorum,
3282 3058 3547 3114 attendite

1977 3147 2149 3219 legem
2176 3146 2409 3217 Domini,
2443 3151 2677 3221 pupulus
2705 3149 3041 3205 Gomorrhte.
3074 3150 3214 3218 Quid
3245 3151 3377 3205 mibi
3410 3150 3544 3205 mul-

1980 3239 2158 3294 titudo
2182 3241 2523 3296 victimarum
2554 3251 2857 3297 vestrarum
2890 3244 2936 3274 ’³
2964 3242 2988 3296 ?
3016 3262 3035 3294 ι
3068 3251 3121 3298 et
3152 3252 3343 3298 caetera
3377 3258 3390 3293 :
3424 3256 3547 3313 qua

1980 3337 2038 3382 ut
2066 3331 2287 3401 propria
2320 3332 2495 3402 legum
2525 3348 2555 3386 a
2584 3331 2767 3404 Moyse
2794 3334 3093 3403 positarum
3121 3331 3374 3388 auferens
3406 3372 3420 3396 ,
3451 3347 3546 3385 eo-

1977 3439 2095 3479 rum
2132 3424 2251 3479 loco
2275 3424 2439 3479 alium
2472 3424 2777 3480 remittendi
2805 3433 3024 3496 peccata
3049 3425 3267 3479 modum
3293 3424 3546 3478 introdu-

1975 3518 2074 3582 cit,
2103 3532 2226 3571 eum
2250 3515 2502 3570 videlicet
2526 3516 2618 3586 qui
2648 3530 2743 3587 per
2778 3516 3052 3569 lavacrum
3107 3515 3302 3571 salutis
3351 3525 3405 3571 et
3450 3532 3547 3588 per

1972 3623 2091 3664 eam
2139 3624 2259 3678 qua:
2280 3622 2405 3662 cum
2438 3606 2542 3662 hoc
2567 3606 2893 3678 praedicatur
2923 3606 3090 3661 vitam
3131 3606 3439 3661 celebratur
3465 3608 3545 3664 sic

1973 3700 2191 3756 dicens:
2222 3719 2241 3751 ι
2265 3699 2566 3763 Lavamini,
2589 3700 2773 3754 mundi
2801 3707 2997 3764 estote,
3019 3697 3225 3753 auferte
3244 3698 3544 3768 pravitates

1975 3795 2043 3850 ab
2073 3794 2271 3849 animis
2301 3793 2496 3849 vestris
2527 3793 2595 3857 ",
2626 3810 2645 3843 ι
2672 3800 2725 3846 et
2747 3807 2867 3862 quae
2882 3790 3330 3862 sequuntur.Cur
3361 3801 3541 3846 autem

1973 3885 2251 3957 principes
2285 3883 2643 3938 Sodomorum
2674 3888 2727 3936 et
2772 3881 3031 3952 p0pulum
3076 3880 3395 3935 Gomorrhaz
3444 3894 3543 3937 eos

1975 3976 2357 4040 nominaverit,
2389 3975 2530 4030 idem
2566 3974 2712 4029 illico
2727 3972 2998 4044 exposuit.
3013 3972 3092 4028 sic
3120 3973 3304 4028 dicens
3334 3993 3347 4028 :
3372 3992 3390 4025 ι
3422 3972 3540 4029 Ma-

1974 4085 2080 4125 nus
2105 4069 2250 4125 enim
2274 4074 2468 4122 vestrae
2496 4066 2667 4137 plenae
2695 4066 2958 4136 sanguine
2987 4066 3055 4119 ".
3089 4084 3109 4118 ι
3136 4064 3203 4119 Et
3228 4082 3420 4122 rursus
3448 4065 3541 4123 ubi

1973 4161 2193 4234 paulum
2224 4174 2546 4231 progressus
2589 4165 2698 4222 est,
2728 4159 2805 4212 ait
2841 4177 2854 4213 :
2903 4176 2921 4208 ι
2965 4156 3305 4228 lniquitatem
3357 4173 3539 4227 suam,

1976 4263 2035 4308 ιιι
2062 4251 2423 4307 Sodomorum
2463 4251 2850 4305 nuntiaverunt
2908 4257 3073 4320 atque
3138 4248 3536 4308 indicaverunt.

299 4339 386 4397 Vae
449 4344 648 4400 anima:
701 4346 914 4401 illorum
954 4362 966 4399 :
1000 4349 1253 4419 quoniam
1306 4351 1680 4420 cogitaverunt
1735 4351 2025 4406 consilium
2097 4364 2320 4419 pravum
2365 4355 2554 4402 contra
2621 4349 2831 4416 seipsos
2886 4346 3181 4402 dicentes:
3219 4344 3539 4417 Ligabimus

293 4434 520 4503 justum,
552 4441 809 4509 quoniam
838 4442 1049 4497 inutilis
1096 4444 1254 4499 nobis
1278 4456 1361 4499 est
1383 4445 1473 4500 "z
1515 4464 1535 4497 ι
1576 4446 1666 4501 ubi
1707 4461 1831 4501 cum
1888 4446 1956 4500 de
1988 4443 2221 4515 quodam
2271 4441 2534 4512 sanguine
2561 4448 2614 4495 et
2652 4440 2720 4496 de
2766 4440 2984 4495 insidiis
3028 4440 3290 4496 adversus
3322 4440 3535 4510 justum

298 4530 583 4600 quemdam
614 4534 946 4592 mentionem
989 4536 1198 4603 fecerit,
1246 4554 1407 4610 quem
1449 4539 1595 4595 hunc
1642 4542 1858 4596 tandem
1893 4540 2121 4611 intelligi
2151 4538 2286 4601 vult,
2341 4538 2446 4593 nisi
2483 4535 2819 4590 Salvatorem
2859 4544 3109 4591 nostrum
3148 4533 3332 4590 Iesum
3375 4535 3537 4589 Chri-

300 4626 481 4680 stum?
504 4637 727 4697 propter
757 4646 917 4701 quem
946 4641 999 4687 et
1052 4640 1174 4703 post
1236 4649 1397 4704 quem
1448 4636 1631 4690 omnia
1666 4636 1720 4691 in
1742 4637 1864 4693 illos
1897 4650 2236 4707 quaecunque
2262 4633 2409 4688 dicta
2434 4639 2582 4697 sunt,
2612 4631 3008 4687 redundarunt.

297 4749 409 4821 ΔΖΪ.
447 4735 770 4821 τοῦ-αὺτοῦ
804 4748 1063 4821 Ἡσαΐου.
1095 4781 1164 4791 --
1194 4752 1320 4805 Ὅτι
1351 4750 1448 4805 διὰ
1483 4752 1590 4806 τὸν
1626 4751 1870 4821 Σωτῆρα

1982 4745 2231 4807 XXXVII.
2257 4750 2336 4804 Ab
2367 4751 2548 4821 eodem
2578 4746 3024 4821 [scida—Quod
3068 4756 3279 4816 propter
3333 4747 3537 4821 Salua-

361 4816 528 4891 ἡμῶν
571 4818 808 4891 Ἰησοῦν
836 4820 1209 4891 Χριστὸννκαὶ
1228 4823 1380 4890 μετὰ
1394 4823 1509 4891 τὴν
1521 4822 1707 4877 αὐτοῦ
1727 4816 1868 4891 1:51p-

350 4888 863 4962 'ovo'lar_dxarw_
882 4888 955 4944 τὰ
998 4890 1117 4945 ὑπὸ
1174 4888 1280 4962 τοῦ
1326 4888 1633 4962 προφήτου
1681 4888 1862 4962 προή-

362 4958 689 5028 τορευμένα
713 4958 1014 5029 μετῆλθον
1048 4960 1270 5029 αὐτοῖς.

364 5091 383 5124 ι
422 5072 502 5143 Τῇ
528 5072 586 5125 δὲ
609 5072 791 5143 ἡμέρᾳ
824 5072 1007 5146 ἐκείνῃ
1057 5072 1351 5145 ὲπιλάμψει
1387 5075 1415 5128 ό
1448 5074 1578 5140 Θεὸς
1608 5078 1664 5128 ὲν
1699 5075 1859 5149 βουλῇ

301 5164 424 5232 μετά
442 5164 602 5234 δόξης
617 5163 710 5217 ἐπὶ
727 5163 827 5235 τῆς
848 5164 970 5235 γῆς,
985 5164 1078 5217 τοῦ
1100 5165 1309 5234 ὑψῶσαι
1327 5168 1421 5221 καὶ
1442 5167 1537 5220 τοῦ
1562 5167 1777 5235 δοξάσαι
1797 5169 1863 5223 τὸ

2043 4832 2207 4878 torem
2247 4832 2482 4875 nostrum
2513 4819 2696 4875 Iesum
2731 4818 3020 4882 Christum,
3051 4829 3099 4872 et
3126 4827 3262 4887 post
3302 4818 3535 4887 ejusdem

2040 4893 2340 4956 adventum,
2371 4893 2548 4946 onmia
2568 4907 2680 4962 quw
2717 4889 2865 4943 dicta
2900 4898 3021 4943 sunt
3052 4905 3084 4942 a
3110 4886 3390 4958 Propheta,
3425 4890 3534 4945 illis

2038 4964 2343 5018 acciderint.

2045 5094 2064 5128 ι
2102 5074 2160 5131 1η
2185 5076 2272 5131 die
2289 5075 2403 5139 illa,
2435 5074 2714 5129 illucescet
2748 5070 2892 5127 Deus
2915 5069 2969 5125 in
3002 5068 3231 5125 consilio
3263 5084 3386 5123 cum
3416 5068 3534 5140 glo-

1967 5171 2046 5226 ria
2078 5171 2133 5225 in
2173 5177 2339 5234 terra,
2378 5173 2437 5221 ut
2470 5166 2697 5220 extollat
2734 5171 2788 5218 et
2831 5160 3095 5234 glorificet
3131 5161 3205 5226 id,
3235 5160 3376 5231 quod
3405 5160 3535 5215 reli-

298 5255 644 5324 καταλειφθὶν
678 5253 771 5308 τοῦ
809 5254 1023 5327 Ἰσραὴλ
1042 5256 1101 5309 ἐν
1121 5255 1278 5322 Σιὼν,
1300 5259 1475 5312 καὶτὸ
1505 5259 1861 5329 καταλειφθὲν

1982 5278 2126 5334 ιιιιιπι
2158 5260 2320 5315 fuerit
2355 5275 2421 5314 ex
2444 5258 2632 5322 Israel,
2665 5264 2721 5311 et
2755 5256 2859 5310 erit
2906 5253 3037 5310 illud
3073 5254 3340 5324 reliquum
3367 5267 3432 5306 ex
3457 5250 3538 5307 Is,

297 5348 349 5399 ὲν
381 5347 768 5418 Ἰερουσαλήμ⁸
807 5348 950 5417 ἆγιοι
1001 5347 1359 5421 κληθήσονται
1403 5352 1601 5416 πάντες
1648 5354 1696 5405 οἱ
1727 5370 1865 5426 γρα-

1963 5355 2075 5408 rael
2108 5354 2162 5407 in
2198 5352 2354 5412 Sion.
2387 5347 2605 5421 etquod
2634 5349 2881 5402 relictum
2923 5346 3085 5401 fuerit
3122 5346 3175 5400 in
3207 5343 3535 5410 Jerusalem;

296 5439 474 5505 φέντες
497 5441 577 5503 εἰς
607 5438 752 5509 ζωὴν
777 5440 854 5501 εἰς
870 5440 1239 5512 Ἰερουσαλήμ.
1267 5462 1286 5494 ι
1308 5444 1417 5496 Καὶ
1438 5443 1489 5497 τί
1508 5445 1549 5497 δ’
1575 5443 1640 5498 ἂν
1657 5445 1864 5514 γένοιτο

1982 5445 2072 5515 56
2098 5445 2273 5499 sancti
2326 5441 2688 5505 vocabuli-iur,
2724 5452 2915 5492 omnes
2956 5436 3048 5506 qui
3083 5434 3270 5505 scripti
3308 5438 3441 5489 sunt
3467 5431 3534 5486 ad

292 5530 347 5582 τὸ
374 5532 733 5601 καταλειφθὲν
781 5532 877 5585 τοῦ
920 5531 1171 5605 Ἰσραὴλ,
1213 5534 1371 5598 αὑτὸς
1409 5535 1438 5586 ὁ
1473 5541 1755 5607 προφήτης
1791 5535 1869 5588 δι-

292 5623 554 5694 εσάφησεν
586 5623 776 5677 εἰπών·
810 5642 830 5673 ι
867 5624 1068 5688 Πάντες
1088 5626 1134 5677 οἰ
1155 5627 1449 5698 γραφέντες
1486 5629 1564 5693 εἰς
1606 5629 1872 5700 Ἰερουσα-

364 5741 405 5772 ﬂ
434 5739 597 5811 Rom,
640 5754 717 5804 ιι,
748 5739 937 5811 27-29.
1030 5738 1281 5811 _"iRom.
1317 5759 1395 5811 xu,
1430 5743 1548 5800 1-5.

292 5804 409 5878 Sap.
442 5826 503 5875 ll,
536 5810 627 5865 12.
706 5812 751 5844 ³⁷
784 5810 887 5867 Isa.
919 5825 994 5874 tv,
1022 5809 1139 5873 2,3.

1964 5536 2130 5590 vitam
2184 5535 2237 5588 in
2284 5532 2583 5589 Jerusalem
2605 5531 2671 5586 ³⁷.
2712 5550 2732 5583 ι
2777 5529 3058 5596 Quodnam
3106 5544 3235 5584 vero
3277 5526 3348 5583 sit
3401 5523 3535 5581 illud

1963 5627 2230 5696 reliquum
2257 5639 2322 5680 ex
2368 5622 2555 5689 Israel,
2588 5623 2703 5695 ipse
2752 5619 3011 5691 propheta
3037 5616 3368 5688 explanavit,
3403 5628 3530 5668 cum

1651 5744 1697 5776 ”
1727 5741 1833 5799 lsa.
1868 5758 1875 5797 ι

1982 5741 2132 5796 0-H.
2208 5741 2253 5774 ’δ
2283 5741 2412 5813 ibid.
2443 5739 2528 5796 16.
2608 5740 2653 5773 ⁸⁸
2680 5735 2818 5793 ibid.
2844 5735 2937 5790 15.
3010 5736 3056 5768 ’⁸
3082 5733 3189 5790 lsa.
3233 5747 3316 5796 tu,
3352 5727 3531 5802 9,“);
