3942 6258
387 329 478 383 lii!
1017 320 1287 379 EUSEBII
1323 316 1805 375 CESABIENSIS
1843 317 1994 374 OPP.
2029 316 2208 391 PARS
2248 319 2312 375 ιι.
2355 350 2425 360 -
2457 316 2935 375 APOLOGETICA

3523 321 3630 378 I32

377 444 517 499 dixit
545 459 559 496 :
598 462 620 497 ο
654 458 844 500 omnes
869 441 963 514 qui
1008 441 1194 511 scripti
1228 448 1358 496 sunt
1392 440 1449 495 in
1489 437 1812 505 Jerusalem,
1847 455 1869 490 ι
1901 445 1956 492 et

2070 439 2183 511 ίὴμ,
2215 440 2308 494 καὶ
2343 441 2391 493 οί
2419 439 2706 510 κληθέντες
2732 440 2895 509 ἆγιοι.
2932 437 3029 503 Τίς
3069 432 3161 493 οὖν
3199 437 3336 512 αῦτη
3366 440 3399 511 ή
3429 440 3631 511 ἡμέρα,

378 536 472 607 qui
524 536 708 591 vocati
757 535 956 591 sancti.
994 552 1013 586 ι
1050 531 1185 600 Quae
1224 540 1405 587 autem
1453 532 1525 586 sit
1572 530 1693 586 dies
1749 529 1862 595 illa,
1898 528 1955 585 in

378 642 485 697 qua
516 625 665 683 Deus
706 626 1131 697 gloriﬁcatur-ts,
1156 632 1210 680 et
1236 624 1292 678 in
1336 622 1558 679 sublimi
1590 622 1956 677 collocaturus

377 720 605 784 dicitur,
634 738 657 772 ι
693 721 748 774 id
792 719 938 791 quod
984 718 1257 788 reliquum
1304 716 1469 771 fuerit
1507 730 1574 771 ex
1622 715 1809 780 Israel,
1849 733 1868 767 ι
1903 721 1958 768 et

379 827 495 874 eos,
537 813 629 881 qui
649 811 878 867 vocandi
913 818 1038 865 sunt
1063 809 1259 875 sancti,
1287 815 1341 863 et
1367 805 1643 862 scribendi
1672 807 1739 861 ad
1766 806 1953 871 vitam,

380 898 425 951 εἰ
465 912 633 959 totam
676 904 841 973 hujus
880 901 1231 958 sectiunculae
1275 899 1638 955 narrationem
1668 912 1955 969 percurre-

385 997 483 1059 ris,
521 996 679 1050 facile
709 995 910 1052 disces.
938 992 1101 1047 Initio
1133 993 1299 1063 igitur
1330 993 1497 1046 totius
1532 990 1679 1055 libri,
1712 1005 1834 1044 cum
1863 988 1958 1042 ad-

384 1104 578 1142 versus
622 1085 904 1147 Judaaam,
971 1099 1036 1138 ac
1078 1072 1377 1137 Jerusalem
1425 1082 1688 1136 visionem
1733 1080 1959 1134 vidisset

384 1179 669 1252 propheta,
703 1185 757 1232 et
788 1177 1037 1247 pluribus
1072 1175 1255 1230 verbis
1304 1174 1471 1229 totius
1503 1172 1745 1228 Judaicze
1783 1171 1958 1242 gentis

387 1272 554 1342 impia
597 1271 838 1323 facinora
882 1274 1263 1330 numerasset,
1310 1282 1545 1336 cumque
1590 1266 1958 1320 minabundus

388 1361 615 1415 dixisset
644 1362 710 1416 de
746 1361 962 1414 illorum
1005 1358 1311 1423 eversione,
1362 1358 1536 1428 deque
1570 1364 1812 1412 extrema
1871 1355 1961 1411 Je-

385 1455 625 1508 rusalem
669 1453 943 1515 vastitate,
991 1459 1108 1505 tum
1144 1450 1303 1505 ﬁnem
1351 1451 1423 1516 ei,
1451 1467 1573 1521 quae
1619 1456 1811 1504 contra
1837 1450 1960 1505 illos

385 1544 709 1599 versabatur
752 1541 1196 1612 contemplationi
1257 1540 1536 1610 imponit,
1587 1541 1673 1595 his
1726 1540 1900 1594 verbis
1942 1558 1956 1593 :

392 1653 414 1687 ‹
458 1634 629 1689 Erunt
658 1635 801 1690 enim
833 1642 893 1687 ut
922 1634 1283 1695 terebinthus,
1314 1633 1543 1703 abiectis
1568 1630 1732 1694 foliis.
1762 1638 1960 1686 ettan-

388 1743 552 1798 quam
607 1727 798 1781 hortus
848 1740 1045 1795 aquam
1090 1740 1199 1779 non
1248 1724 1478 1788 habens,
1526 1733 1580 1778 et
1626 1731 1787 1778 erunt
1818 1723 1961 1778 vires

2061 524 2182 603 ἐνῇ
2224 529 2463 595 δοξάσειν
2494 532 2523 584 ό
2563 529 2716 594 Θεδς,
2764 531 2859 583 καὶ
2895 528 3128 599 ὑψώσειν
3173 528 3234 582 τὸ
3277 528 3635 598 καταλειφθὲν

2060 619 2153 674 τοῦ
2207 620 2445 693 Ἰσραὴλ,
2498 623 2593 675 καὶ
2640 622 2766 686 τοὺς
2818 620 3254 692 κληθησομένους
3298 621 3505 689 ἁγίους,
3542 622 3637 676 καὶ

2062 711 2508 784 γραφησομένους
2539 714 2617 776 εἰς
2656 712 2822 784 ζωὴν,
2854 711 3090 780 λέγεται,
3132 710 3497 783 ἀναδραμόντι
3552 729 3637 765 σοι

2062 802 2159 873 τὴν
2197 802 2324 873 ὃλην
2367 802 2466 873 τῆς
2499 803 2801 874 περικοπῆς
2844 803 3092 874 διήγησιν
3134 800 3288 873 δῆλον
3335 801 3502 856 ἔσται.
3545 803 3638 856 Ἐν

2063 895 2201 965 ἀρχῇ
2227 892 2513 965 τοιγαροῦν
2557 894 2654 964 τῆς
2682 893 2808 964 ὅλης
2840 892 3019 962 βίϐλου
3061 892 3161 963 τήν
3192 890 3332 944 κατά
3377 892 3476 961 τῆς
3508 892 3639 946 Ἰου-

2063 985 2217 1049 δαίας
2239 986 2332 1040 καὶ
2360 986 2503 1040 κατά
2538 986 2888 1059 Ἰερουσαλὴμ
2916 985 3039 1039 ἰδὼν
3057 988 3245 1063 ὅρασιν
3275 988 3303 1039 ὁ
3332 987 3637 1058 προφήτης,

2064 1077 2157 1128 καὶ
2186 1075 2271 1139 διά
2313 1075 2578 1130 πλείστων
2623 1077 3148 1149 ἀπαριθμησάμενος
3179 1077 3247 1132 τὰ
3286 1079 3379 1132 τοῦ
3437 1080 3640 1144 παντὸς

2077 1166 2340 1220 Ἰουδαίων
2366 1168 2547 1231 ἔθνους
2571 1169 2914 1239 ἀσεϐήματα,
2944 1170 3240 1243 ἀπειλήσας
3268 1189 3328 1225 τε
3350 1172 3444 1225 καὶ
3467 1170 3640 1226 εἰπὼν

2063 1259 2131 1313 τὰ
2179 1262 2303 1330 περὶ
2344 1260 2441 1331 τῆς
2462 1262 2845 1333 καταστροφῆς
2870 1262 3068 1327 αὐτῶν,
3099 1265 3192 1317 καὶ
3223 1260 3321 1335 τῆς
3340 1263 3640 1329 παντελοῦς

2065 1352 2296 1423 ἐρημίας
2330 1351 2700 1423 Ἰερουσαλὴμ,
2732 1353 2883 1416 τέλος
2912 1354 3013 1424 τῆς
3046 1356 3164 1407 κατ’
3188 1354 3366 1407 αὑτῶν
3402 1354 3641 1426 Θεωρίας

2065 1445 2283 1511 ἐπάγει,
2334 1443 2525 1512 λέγων·
2560 1464 2579 1496 ι
2616 1445 2866 1498 Ἔσονται
2902 1445 3009 1517 γὰρ
3056 1445 3129 1509 ὡς
3163 1446 3466 1516 τερέϐινθος
3503 1449 3644 1501 ἀπο-

2067 1535 2360 1607 ϐεϐληκυῖα
2406 1537 2474 1590 τὰ
2512 1536 2703 1606 φύλλα,
2755 1539 2850 1590 καὶ
2890 1537 2965 1601 ὡς
3014 1538 3337 1610 παράδεισος
3384 1538 3526 1610 ὕδωρ
3562 1538 3641 1610 μὴ

2066 1627 2238 1699 ἔχων·
2291 1629 2385 1683 καὶ
2426 1628 2576 1682 ἔσται
2607 1631 2641 1700 ἡ
2690 1631 2840 1700 ἰσχὺς
2888 1629 3064 1684 αὐτῶν
3118 1630 3193 1694 ὡς
3214 1630 3429 1703 καλάμη
3467 1648 3642 1684 στυπ-

2067 1721 2212 1786 πίου,
2231 1722 2324 1774 καὶ
2357 1724 2412 1775 αί
2435 1721 2678 1793 ἐργασίαι
2710 1721 2885 1775 αὑτῶν
2901 1722 2975 1786 ὡς
2998 1722 3291 1794 σπινθῆρες
3306 1723 3476 1795 πυρός
3500 1741 3513 1753 ·
3545 1726 3643 1777 καὶ

389 1835 576 1874 eorum
631 1826 889 1887 tanquam
943 1817 1199 1871 surculus
1235 1828 1465 1885 stuppae,
1499 1823 1552 1869 et
1588 1822 1828 1885 quaestus
1870 1830 1964 1870 eo-

2070 1813 2567 1884 κατακαυθήσονται
2595 1815 2643 1867 οἱ
2678 1813 2887 1885 ἄνομοι,
2932 1816 3024 1869 καὶ
3067 1817 3115 1868 oi
3156 1815 3468 1887 ἁμαρτωλοὶ
3495 1815 3640 1886 ἅμα,

388 1926 534 1974 rum,
568 1917 626 1964 ut
669 1910 918 1965 scintillae
949 1911 1093 1981 ignis
1125 1927 1138 1962 :
1174 1918 1229 1965 et
1270 1911 1664 1965 comburentur
1703 1910 1873 1980 iniqui
1908 1916 1963 1965 et

388 2010 706 2072 peccatores
730 2002 913 2066 simul,
945 2009 998 2056 et
1020 2017 1125 2056 non
1156 2004 1260 2056 erit
1285 2002 1377 2072 qui
1404 2003 1716 2073 exstinguat
1736 2002 1836 2056 ⁸⁸.»
1863 1999 1966 2055 Ubi

390 2106 515 2146 cum
566 2092 829 2148 adversus
885 2093 1006 2147 illos
1055 2094 1373 2147 vaticinium
1431 2092 1962 2163 circumscripserit,

389 2190 509 2238 tum
551 2185 801 2255 reprimit
830 2201 908 2248 se,
951 2195 1004 2240 et
1029 2200 1172 2239 novo
1201 2185 1359 2239 initio
1390 2184 1553 2250 facto,
1583 2187 1812 2239 alteram
1852 2200 1968 2239 ma-

390 2278 583 2331 teriam
616 2276 953 2347 aggreditur,
1001 2276 1334 2346 exordioque
1378 2277 1543 2331 etiam
1586 2275 1666 2347 (ut
1697 2275 1965 2345 dicebam)
2006 2309 2017 2321 ο

388 2369 485 2423 tali
533 2367 743 2422 utitur:
778 2367 1020 2423 Verbum
1066 2368 1212 2438 quod
1261 2368 1463 2422 factum
1523 2374 1608 2423 est
1654 2365 1721 2421 ad
1769 2364 1966 2421 Isaiam

390 2459 560 2514 lilium
599 2459 768 2514 Amos
797 2461 1116 2530 prophetam
1141 2501 1156 2523 ,
1198 2458 1266 2513 de
1302 2457 1487 2513 Judaea
1528 2467 1583 2513 et
1630 2458 1696 2514 de
1740 2455 1964 2515 Jerusa-

388 2549 496 2605 lem
516 2552 582 2625 ξ’.
619 2571 638 2602 ›
673 2552 775 2615 vel,
805 2561 861 2605 ut
888 2551 1248 2623 Symmachus
1279 2551 1670 2621 interpretatus
1691 2557 1795 2613 est,
1830 2568 1848 2600 ι
1880 2564 1967 2603 su-

390 2658 489 2714 per
525 2642 712 2698 Judtca
756 2651 810 2698 et
859 2661 1025 2714 super
1079 2642 1405 2699 Jerusalem.
1440 2660 1460 2694 ι
1519 2641 1597 2695 Ex
1641 2656 1748 2711 quo
1779 2639 1965 2695 forsan

392 2733 543 2786 illtun
573 2734 884 2804 suspicetur
917 2735 1134 2803 aliquis,
1170 2735 1237 2788 de
1266 2732 1467 2803 quibus
1500 2732 1674 2787 tristia
1705 2731 1855 2800 prius
1895 2730 1967 2784 sit

390 2824 755 2887 vaticinatus,
792 2823 859 2878 de
906 2824 1099 2878 iisdem
1151 2838 1298 2877 nunc
1353 2829 1687 2876 commutata
1732 2820 1963 2886 ratione,

393 2915 619 2969 meliora
651 2914 897 2984 quaedam
923 2916 1234 2986 praedicere.
1260 2914 1329 2967 At
1349 2928 1478 2968 vero
1507 2927 1716 2977 eorum,
1739 2927 1858 2982 quae
1888 2926 1968 2967 se-

393 3014 641 3077 quuntur
693 3015 1004 3069 contextus,
1049 3021 1392 3077 nequaquam
1441 3005 1583 3061 istuc
1627 3005 1733 3060 dici
1766 3005 1966 3075 permi-

396 3098 531 3153 serit
559 3117 571 3151 :
607 3098 806 3169 quippe
839 3098 933 3167 qui
960 3114 1126 3168 super
1150 3096 1379 3152 Judaica
1406 3105 1585 3166 gente,
1623 3104 1677 3150 et
1709 3110 1872 3164 super
1900 3109 1964 3149 eo

395 3189 490 3259 qui
529 3168 759 3243 vocatur
801 3186 992 3254 Israel,
1036 3189 1172 3243 nihil
1213 3187 1436 3243 omnino
1477 3186 1606 3241 boni
1658 3186 1964 3247 contineat,
1996 3168 2036 3224 (ἶ

394 3298 574 3351 neque
606 3282 732 3336 item
765 3296 929 3351 super
949 3279 1157 3343 Judaza,
1204 3296 1384 3350 neque
1424 3294 1588 3349 super
1617 3276 1917 3332 Jerusalem
1949 3295 1963 3330 :

395 3382 591 3430 contra
624 3370 805 3429 autem
856 3360 1285 3428 innumerabiles
1336 3373 1598 3429 adversus
1632 3370 1799 3426 Israel
1836 3385 1969 3440 que-

395 3468 563 3531 relas,
606 3475 769 3537 atque
813 3468 1212 3534 accusationes,
1245 3466 1531 3535 minasque
1576 3464 1839 3518 adversus
1879 3461 1971 3517 Je-

396 3558 635 3614 rusalem
667 3559 855 3613 tristes
897 3568 1180 3613 recenseat
1206 3573 1219 3609 :
1249 3557 1508 3629 quodque
1537 3555 1809 3611 universis
1840 3570 1967 3626 gen-

397 3649 545 3704 tibus
576 3651 816 3705 salutare
856 3648 1106 3718 contigit,
1143 3649 1509 3712 vocationem,
1546 3657 1709 3716 atque
1746 3646 1974 3716 agnitio-

397 3754 522 3794 nem
564 3740 762 3796 summi
805 3738 901 3794 Dei
939 3738 1175 3793 futuram
1224 3738 1467 3795 divinet:
1499 3749 1552 3795 et
1578 3739 1644 3793 ad
1684 3740 1820 3801 haec,
1845 3738 1973 3790 novi

398 3832 684 3902 cujusdam
713 3833 916 3888 montis
945 3833 1309 3903 proditionem
1335 3834 1391 3887 in
1432 3834 1632 3898 lucem,
1662 3841 1717 3887 et
1745 3833 1971 3888 alterius

398 3924 594 3980 domus
609 3923 726 3988 Dei,
744 3931 941 3993 praeter
969 3938 1109 3987 eam,
1132 3939 1253 3995 qua:
1275 3930 1359 3978 est
1390 3923 1445 3977 in
1490 3921 1816 3986 Jerusalem,
1848 3938 1975 3977 con—

400 4015 762 4072 structionem
803 4012 1151 4068 manifestam
1195 4020 1497 4084 proponat,
1544 4012 1726 4081 itaque
1766 4012 1857 4066 ubi
1906 4010 1975 4065 de

400 4103 587 4162 Judaaa
619 4113 674 4161 et
723 4105 790 4160 dc
833 4103 1136 4160 Jerusalem
1169 4104 1384 4158 locutus
1409 4110 1515 4170 est,
1543 4111 1673 4157 tunc
1701 4102 1778 4159 sic
1800 4103 1970 4157 dicit:

407 4214 428 4248 ι
467 4196 614 4267 quod
646 4196 752 4249 erit
792 4196 849 4250 in
873 4194 1193 4250 novissimis
1230 4194 1425 4249 diebus
1464 4193 1790 4249 manifestus
1818 4209 1975 4248 mons

403 4284 663 4349 Domini,
702 4291 757 4340 et
810 4284 1006 4341 domus
1050 4284 1147 4339 Dei
1194 4287 1248 4338 in
1310 4286 1608 4341 verticibus
1663 4286 1927 4341 montium
1957 4325 1973 4349 ,

401 4374 510 4448 67
538 4380 591 4428 et
623 4374 915 4429 extolletur
953 4390 1117 4445 super
1163 4375 1331 4430 colles
1356 4414 1373 4440 ,
1408 4387 1459 4430 et
1496 4377 1715 4431 venient
1748 4376 1815 4431 ad
1850 4391 1975 4431 eum

403 4481 595 4521 omnes
614 4475 823 4537 gentes,
844 4476 898 4520 et
926 4467 1083 4521 ibunt
1107 4473 1295 4536 gentes
1319 4467 1500 4521 multa:
1527 4475 1581 4523 et
1609 4467 1791 4522 dicent
1824 4485 1837 4521 :
1868 4465 1973 4522 Ve-

403 4555 538 4620 nite,
572 4556 930 4611 ascendamus
966 4558 1020 4611 in
1059 4568 1297 4611 montem
1332 4556 1565 4622 Domini,
1601 4558 1728 4612 etin
1752 4557 1971 4613 domum

403 4647 499 4704 Dei
520 4649 687 4705 Jacob
711 4650 756 4681 ³⁰
785 4669 799 4705 :
833 4669 852 4701 ι
890 4665 953 4705 ac
981 4650 1050 4705 de
1080 4651 1333 4720 gentibus
1357 4653 1575 4721 quidem
1601 4654 1816 4707 cunctis
1845 4653 1972 4706 talia

403 4741 613 4799 divinat
648 4760 662 4797 :
705 4740 774 4795 de
802 4741 1004 4798 Judaais
1046 4756 1177 4797 vero
1216 4741 1472 4814 deinceps
1518 4743 1823 4813 cujusmodi
1864 4744 1974 4799 sint

404 4846 469 4888 ea
494 4874 510 4897 ,
539 4850 660 4906 qua:
693 4835 940 4906 adiungit
965 4874 980 4899 ,
1011 4850 1160 4889 nunc
1186 4835 1311 4889 audi
1345 4854 1359 4890 :
1398 4854 1418 4886 ε
1459 4836 1667 4892 dimisit
1703 4838 1847 4891 enim
1876 4852 1973 4908 po—

407 4926 596 4997 pulum
618 4942 775 4982 suum
800 4966 816 4989 ,
845 4926 1066 4981 domum
1091 4923 1261 4981 Jacob
1286 4946 1299 4981 :
1327 4930 1585 4997 quoniam
1614 4928 1818 4998 repleta
1848 4934 1933 4983 est
1956 4968 1972 4993 ,

408 5025 469 5073 ut
494 5020 566 5074 ab
592 5019 747 5074 initio
778 5058 794 5083 ,
827 5018 977 5089 regio
1018 5033 1204 5073 eorum
1245 5019 1559 5075 hominibus
1584 5058 1601 5084 ,
1635 5020 1780 5074 sicut
1827 5021 1976 5091 regio

408 5110 834 5181 alienigenarum
867 5129 880 5164 :
919 5117 974 5165 et
1017 5111 1110 5165 lilii
1149 5111 1305 5165 multi
1342 5111 1504 5166 alieni
1545 5110 1659 5165 nati
1690 5118 1818 5167 sunt
1843 5112 1974 5168 illis.

407 5199 631 5272 Bepleta
661 5210 747 5257 est
773 5201 919 5256 enim
945 5202 1098 5272 regio
1130 5202 1343 5257 illorum
1375 5208 1601 5273 argento
1630 5210 1685 5258 et
1709 5217 1843 5257 auro
1870 5242 1887 5267 ,
1921 5210 1975 5258 et

408 5310 518 5349 non
557 5294 658 5348 fuit
694 5308 955 5348 numerus
997 5294 1271 5350 thesauris
1302 5310 1488 5349 eorum
1513 5296 1555 5327 ³¹
1583 5337 1598 5361 ,
1636 5313 1657 5347 ι
1703 5303 1756 5350 et
1783 5305 1976 5350 caetera

410 5401 532 5457 quae
563 5393 867 5455 sequuntur
889 5426 904 5450 ,
935 5402 1056 5456 qua:
1084 5389 1253 5442 multo
1282 5387 1437 5457 plura
1462 5394 1622 5447 sunt;
1652 5386 1851 5456 quibus
1878 5385 1975 5440 ad—

406 5477 589 5548 jungit
621 5493 635 5531 :
670 5495 690 5528 ι
728 5488 781 5531 et
810 5477 1176 5534 adoraverunt
1208 5492 1271 5534 ea
1306 5518 1323 5543 ,
1366 5492 1487 5548 qua
1531 5476 1779 5533 fecerunt
1823 5477 1978 5549 digiti

410 5564 674 5636 ipsorum.
704 5564 769 5619 Et
795 5566 1083 5623 declinavit
1113 5582 1171 5625 se
1192 5567 1378 5633 homo,
1412 5575 1466 5623 et
1490 5567 1640 5622 humi
1672 5584 1731 5625 se
1753 5566 1974 5638 abiecit,

484 5747 533 5781 ³⁸
560 5744 666 5804 Isa.
697 5763 739 5815 ι,
758 5748 939 5811 30,3I.

2001 4524 2054 4585 D

2064 1908 2154 1960 καὶ
2186 1907 2285 1960 οὑκ
2328 1906 2481 1961 ἔσται
2530 1909 2558 1960 ὁ
2592 1907 2819 1963 σϐέσων.
2853 1926 2872 1959 ι
2907 1909 3258 1981 Περιγράψας
3298 1908 3353 1962 δὲ
3404 1907 3643 1962 ἐνταῦθα

2062 1998 2160 2069 τὴν
2208 1998 2326 2052 κατ’
2378 1998 2555 2051 αὑτῶν
2604 1999 2922 2072 πρόρρησιν,
2981 2001 3244 2071 ὑποστολῇ
3308 2002 3540 2073 χρῆται·
3576 2000 3643 2067 ἐξ

2064 2092 2253 2163 ἐτέρας
2289 2091 2345 2144 δὲ
2379 2092 2571 2165 ἀρχῆς,
2606 2090 2862 2163 δευτέρας
2907 2091 3214 2156 ὑποθέσεως
3261 2092 3508 2158 ἅπτεται,
3542 2096 3645 2146 καὶ

2065 2185 2331 2257 προοιμίῳ
2348 2201 2411 2253 γε
2438 2183 2514 2254 τῷ
2542 2184 2836 2254 λεγομένῳ,
2860 2183 3045 2254 τοιῷδε
3069 2184 3264 2256 χρῆται
3280 2198 3293 2212 ⁶
3329 2203 3347 2236 t
3384 2184 3440 2237 '0
3464 2184 3645 2254 Λόγος

2064 2277 2092 2328 ὁ
2125 2277 2412 2347 γενόμενος
2462 2276 2597 2349 πρὸς
2636 2275 2858 2329 Ἡσαΐαν
2897 2277 3010 2331 υἱὸν
3054 2276 3253 2347 Ἀμὼςν
3284 2275 3373 2329 τδν
3425 2278 3642 2347 προφή-

2064 2385 2185 2437 την,
2210 2368 2336 2441 περί
2352 2369 2449 2439 τῆς
2476 2368 2730 2431 Ἰουδαίας
2752 2368 2846 2421 καὶ
2872 2368 2998 2439 περὶ
3026 2367 3397 2439 Ἰερουσαλὴμ,
3422 2387 3440 2419 ι
3468 2368 3525 2438 ἢ,
3560 2367 3645 2430 ὡς

2064 2457 2403 2529 ὁΣύμμαχος
2454 2460 2796 2531 ἡρμήνευσεν
2820 2499 2834 2524 ,
2878 2477 2897 2510 t
2938 2459 3077 2530 ὑπὲρ
3105 2459 3203 2529 τῆς
3248 2459 3502 2523 Ἰουδαίας
3543 2458 3647 2511 καὶ

2067 2551 2205 2622 ὑπὲρ
2237 2552 2608 2623 Ἰερουσαλήμ.
2656 2571 2676 2603 ιι
2715 2554 2874 2616 Ἴσως
2910 2569 2994 2614 τις
3026 2550 3360 2622 ὑπολήψεται
3398 2551 3523 2622 περὶ
3560 2544 3646 2605 ὧν

2065 2640 2134 2694 τὰ
2154 2641 2452 2713 σκυθρωπὰ
2479 2641 2762 2715 προλαϐὼν
2784 2642 3059 2706 ἐθέσπισε,
3085 2640 3287 2695 τούτων
3310 2641 3487 2695 αὐτῶν
3510 2642 3644 2714 περὶ

2064 2730 2133 2783 τὰ
2178 2732 2511 2804 χρηστότερα
2567 2733 2937 2805 μεταΰαλόντα
2985 2733 3182 2802 λέγειν.
3229 2733 3367 2786 Ἀλλ’
3419 2734 3518 2787 οὑκ
3569 2731 3644 2785 ἂν

2066 2821 2238 2876 ταῦτα
2286 2824 2591 2896 ἐπιτρέψειε
2623 2827 2783 2895 φάναι
2828 2828 2860 2897 ή
2898 2824 3006 2879 τῶν
3053 2825 3459 2897 ἐπιφερομένων
3508 2826 3645 2879 ἀκο-

2065 2911 2269 2978 λουθία,
2301 2915 2443 2986 ὑπὲρ
2488 2917 2587 2988 μὲν
2632 2916 2723 2970 τοῦ
2767 2916 3030 2971 Ἰουδαίων
3066 2916 3335 2986 ἔθνους,ῆ
3385 2917 3521 2987 ὑπὲρ
3540 2914 3643 2969 τοῦ

2069 3005 2395 3077 καλουμένου
2441 3008 2674 3080 Ἰσραὴλ,
2707 3009 2854 3062 οὐδὲν
2883 3010 3001 3062 οὑδὲ
3033 3010 3166 3073 ὅλως
3199 3008 3428 3080 χρηστὸν
3458 3007 3646 3079 περιέ-

2069 3115 2258 3168 χουσα,
2295 3099 2415 3152 οὑδέ
2444 3118 2506 3170 γε
2536 3102 2674 3173 ὑπὲρ
2695 3102 2794 3172 τῆς
2835 3102 3111 3166 Ἰουδαίας,
3134 3102 3255 3156 οὑδὲ
3283 3102 3421 3173 ὑπὲρ
3440 3102 3648 3172 διερου-

2071 3190 2270 3261 σαλὴμ,
2285 3192 2592 3246 τούναντίον
2608 3193 2663 3245 δέ
2681 3194 2875 3264 μυρίας
2891 3194 3029 3246 κατὰ
3044 3193 3137 3246 τοῦ
3171 3193 3384 3264 Ἰσραὴλ
3407 3192 3644 3264 μέμψεις

2069 3284 2161 3336 καὶ
2197 3284 2549 3355 κατηγορίας,
2591 3285 2816 3347 ἀπειλάς
2865 3303 2923 3338 τε
2965 3284 3106 3339 κατὰ
3141 3285 3241 3357 τῆς
3284 3279 3643 3353 Ἰερουσαλὴμ

2071 3374 2417 3446 σκυθρωπάς,
2450 3376 2544 3429 καὶ
2574 3376 2672 3447 τὴν
2701 3378 2832 3429 πᾶσι
2851 3379 2961 3439 τοῖς
2994 3376 3170 3430 ἔθνεσι
3215 3376 3477 3446 σωτήριον
3508 3373 3645 3447 κλῆ-

2072 3480 2175 3528 σιν,
2201 3466 2293 3519 κα)⁵
2321 3464 2519 3533 γνῶσιν
2538 3465 2633 3519 τοῦ
2661 3467 2753 3519 ἐπὶ
2773 3466 2988 3520 πάντων
3009 3467 3143 3520 Θεοῦ
3168 3465 3515 3530 θεσπίζουσα,
3543 3464 3644 3518 καὶ

2070 3555 2149 3608 ἔτι
2184 3557 2316 3627 πρὸς
2350 3556 2577 3620 τούτοις,
2610 3556 2769 3629 ὅρους
2797 3558 3116 3627 ἐπιφάνειαν
3135 3558 3346 3623 καινοῦ,
3372 3558 3466 3611 καὶ¹
3488 3555 3642 3609 οἴκου

2071 3645 2207 3698 Θεοῦ
2260 3647 2445 3718 ἐτέρου
2501 3647 2650 3717 παρὰ
2695 3649 2787 3703 τὸν
2836 3651 2893 3702 ἐν
2959 3648 3314 3721 Ἰερουσαλὴμ
3374 3647 3641 3713 ἀνάδειξιν

2073 3738 2399 3805 παριστᾶσα.
2464 3737 2624 3806 Λέγει
2690 3739 2733 3791 δ’
2792 3735 2906 3804 οὖν,
2955 3739 3092 3811 μετά
3153 3741 3214 3793 τὸ
3274 3740 3437 3810 φάναι
3513 3740 3641 3810 περὶ

2070 3825 2167 3897 τῆς
2211 3827 2496 3891 Ἰουδαίας,
2546 3829 2640 3880 καὶ
2689 3829 2816 3901 περὶ
2856 3830 3225 3902 Ἰερουσαλὴμ,
3272 3831 3352 3884 ὅτι
3388 3849 3407 3882 ι
3446 3831 3643 3884 Ἔσται

2071 3919 2130 3970 ἐν
2153 3921 2269 3981 ταῖς
2318 3921 2572 3989 ἐσχάταις
2611 3921 2845 3994 ἡμέραις
2883 3924 3123 3995 ἐμφανὲς
3149 3923 3209 3976 τὸ
3250 3923 3374 3995 ὅρος
3411 3924 3641 3995 Κυρίου,

2072 4009 2165 4061 καὶ
2227 4006 2373 4075 οἶκος
2425 4011 2519 4064 τοῦ
2561 4012 2695 4065 Θεοῦ
2753 4015 2841 4066 ἐπ’
2886 4014 3071 4086 ἄκρων
3129 4014 3239 4069 τῶν
3289 4016 3489 4087 ὀρέων,
3546 4015 3646 4067 καὶ

2073 4102 2416 4175 ὑψωθήσεται
2480 4105 2730 4175 ὑπεράνω
2765 4105 2873 4159 τῶν
2916 4105 3137 4176 βουνῶν,
3172 4108 3265 4160 καὶ
3304 4106 3520 4178 ἥξουσιν
3554 4108 3642 4160 ἐπ’

2073 4196 2205 4248 αὐτὸ
2259 4198 2434 4251 πάντα
2475 4198 2542 4251 τά
2590 4197 2739 4271 ἔθνη,
2763 4199 2857 4253 καὶ
2889 4200 3242 4269 πορεύσονται
3277 4199 3406 4271 ἔθνη
3450 4199 3642 4264 πολλὰ,

2075 4289 2169 4341 καὶ
2199 4290 2415 4361 ἐροῦσιν
2438 4308 2451 4320 ·
2498 4291 2663 4345 Δεῦτε
2698 4293 2791 4355 καὶ
2829 4292 3116 4365 ἀναὸὦμεν
3156 4296 3235 4357 είς
3274 4293 3336 4347 τὸ
3376 4293 3499 4365 ὅρος
3531 4294 3646 4346 Κυ-

2079 4382 2216 4455 ρίου,
2249 4384 2343 4436 καὶ
2372 4386 2450 4448 εἰς
2474 4384 2565 4438 τὸν
2593 4381 2738 4440 οἷκον
2762 4385 2856 4440 τοῦ
2896 4385 3031 4439 Θεοῦ
3074 4385 3287 4440 Ἰακώϐ.
3312 4406 3333 4438 ι
3364 4387 3473 4440 Καὶ
3513 4386 3645 4456 περὶ

2080 4471 2178 4542 μὲν
2218 4470 2324 4524 τῶν
2365 4472 2532 4527 ἐθνῶν
2566 4475 2818 4529 ἁπάντων
2850 4475 3073 4529 τοιαῦτα
3111 4476 3386 4541 θεσπίζει·
3421 4475 3550 4548 περὶ
3582 4475 3643 4530 δὲ

2078 4562 2185 4614 τῶν
2211 4562 2477 4616 Ἰουδαίων
2506 4565 2631 4636 ἑξῆς
2652 4562 2740 4619 οἷα
2768 4567 3029 4635 ἐπιλέγει,
3060 4566 3226 4620 ἄκουε
3242 4583 3255 4596 ο
3281 4585 3299 4617 ι
3324 4566 3514 4637 Ἀνῆκε
3535 4563 3648 4637 γὰρ

2078 4653 2169 4707 τὸν
2199 4654 2323 4708 λαὸν
2344 4655 2501 4709 αὑτοῦ
2523 4658 2614 4710 τὸν
2645 4655 2791 4711 οἷκον
2816 4658 2906 4712 τοῦ
2923 4657 3057 4711 Θεοῦ
3094 4657 3303 4723 Ἰακὼϐ,
3322 4660 3401 4711 ὅτι
3418 4656 3648 4729 ἐνεπλή-

2080 4745 2178 4816 σθη
2213 4747 2288 4810 ὠς
2312 4747 2373 4800 τὸ
2404 4749 2708 4821 ἀπαρχῆςή
2746 4749 2895 4820 χώρα
2915 4749 3094 4804 αὐτῶν
3108 4749 3581 4822 κληδονισμῶννὼς
3609 4748 3646 4821 ἡ

2078 4837 2186 4891 τῶν
2210 4838 2538 4908 ἀλλοφύλων,
2572 4842 2665 4895 καὶ
2692 4842 2853 4895 τέκνα
2887 4841 3055 4896 πολλὰ
3085 4841 3353 4912 ἀλλόφυλα
3384 4840 3646 4911 ἐγεννήθη
3726 4886 3733 4895 .

2082 4929 2281 4993 αὐτοῖς.
2322 4931 2653 5003 Ἐνεπλήσθη
2682 4932 2791 5003 γὰρ
2809 4935 2843 5001 ή
2867 4931 3019 5004 χώρα
3045 4932 3224 4987 αὐτῶν
3248 4931 3531 5004 ἀργυρίου,
3554 4930 3648 4985 καὶ

2082 5023 2327 5093 χρυσίου,
2365 5023 2461 5077 καὶ
2488 5024 2588 5077 οὑκ
2620 5019 2687 5093 ἦν
2716 5023 2945 5094 ἀριθμὸς
2967 5024 3074 5077 τῶν
3097 5023 3383 5095 θησαυρῶν
3410 5023 3642 5088 αὑτῶν,›

2082 5113 2176 5166 καὶ
2207 5112 2274 5166 τά
2306 5114 2432 5185 ἐξῆς
2460 5116 2684 5178 τούτων,
2716 5114 3058 5170 ὄντα.πλείω’
3085 5109 3165 5179 οἷς
3191 5115 3465 5186 ἐπιφέρει·
3494 5134 3513 5165 ι
3536 5115 3649 5168 Καὶ

2083 5204 2490 5277 προσεκύνησαν
2524 5200 2605 5270 οἷς
2631 5207 2890 5277 ἐποίησαν
2926 5209 2975 5261 οἰ
3012 5206 3259 5260 δάκτυλοι
3295 5204 3473 5259 αὑτῶν
3491 5246 3507 5270 ,
3552 5207 3649 5259 καὶ⁹

2080 5293 2278 5365 ἔκυψεν
2302 5296 2605 5367 ἄνθρωπος,
2630 5297 2724 5351 καὶ
2750 5295 3104 5367 ἐταπεινώθη,
3137 5297 3231 5350 καὶ
3255 5297 3317 5350 οὐ
3353 5297 3427 5369 μὴ
3461 5296 3649 5367 ἀνήσω

2079 5387 2295 5452 αὐτοὺς,
2330 5387 2425 5441 καὶ
2450 5387 2544 5442 νῦν
2579 5388 2847 5443 είσέλθετε
2888 5391 2967 5452 εἰς
2994 5388 3092 5453 τὰς
3133 5389 3357 5460 πέτρας,
3388 5388 3483 5442 καὶ
3514 5387 3648 5460 κρύ-

2081 5476 2279 5529 πτεσθε
2307 5478 2386 5541 είς
2409 5478 2507 5548 τὴν
2538 5478 2642 5549 γῆν
2666 5482 2773 5534 ἀπὸ
2795 5480 3085 5553 προσώπου
3109 5478 3203 5532 τοῦ
3226 5478 3391 5549 φόϐου
3415 5478 3644 5549 Κυρίου.

2080 5568 2174 5622 καὶ
2205 5567 2315 5621 ἀπὸ
2349 5568 2638 5641 προσώπου
2680 5572 2778 5645 τῆς
2819 5570 2977 5643 δόξης
3021 5568 3187 5626 αὑτοῦ
3209 5609 3226 5637 ,
3272 5570 3400 5626 ὅταν
3436 5570 3644 5641 ἀναστῇ

1020 5750 1065 5783 ι·
1099 5746 1206 5803 lsa.
1240 5764 1301 5817 ιι,
1334 5749 1389 5807 ι.
1460 5748 1515 5781 ιο
1547 5746 1680 5805 ibid.
1704 5747 1826 5804 2.5.
1903 5745 2103 5821 "ibid.
2131 5744 2249 5804 6.8.
