3942 6258
268 362 364 419 {35

1184 343 1837 409 DEMONS‘I'RATIONIS
1877 341 2335 401 EVANGELICIE
2369 340 2500 398 LIB.
2530 339 2596 395 11.

3405 338 3506 393 134

272 476 498 551 θραῦσαι
524 473 629 545 τὴν
667 472 794 543 γῆν.
827 490 847 522 ι
874 470 956 524 Δι’
978 460 1053 522 ὧν
1073 465 1258 536 σαφῶς
1287 463 1579 519 ἀνάστασιν
1608 479 1727 516 τινα
1748 460 1843 514 τοῦ

1946 467 1997 514 et
2026 472 2133 512 non
2165 456 2428 512 dimittam
2452 470 2548 510 eos
2579 473 2590 509 :
2620 463 2674 510 et
2696 467 2840 508 nunc
2862 451 3206 522 ingredimini
3224 453 3280 508 in
3297 464 3504 524 petras,

275 568 466 640 Κυρίου
497 566 745 621 διδάσκει
776 562 994 617 ἔσεσθαι
1013 600 1028 617 .
1054 560 1111 613 ἐν
1199 554 1632 630 θραυσθὴσεσθαι
1662 556 1861 617 πᾶσαν,

277 662 367 733 τὴν
408 658 514 729 γῆν
561 657 657 711 τοῦ
697 654 962 710 Ἰουδαίων
1003 643 1223 709 ἔθνους·
1268 647 1396 720 περὶ
1438 645 1617 701 αὐτῶν
1661 645 1770 716 γάρ
1815 645 1844 696 ὁ

281 748 463 823 1ιιιὶςῆν
480 749 663 818 λόγος,
690 747 876 818 ῶσπερ
900 746 991 800 καὶ
1022 747 1166 814 ἐςης,
1196 742 1263 796 δι’
1286 734 1345 794 οὗ
1373 756 1534 810 φησιν
1552 755 1564 766 ·
1591 757 1609 788 ι
1633 736 1843 808 Ἡμέρα

278 846 378 916 γὰρ
407 843 618 913 Κυρίου
640 838 864 893 Σαϐαὼθ
898 839 988 891 ἐπὶ
1016 836 1192 889 πάντα
1221 831 1477 905 ὑϐριστὴν
1508 830 1603 884 καὶ
1635 828 1843 899 ὑπερή-

279 952 468 1006 φανον,
503 933 600 987 καὶ
630 932 722 986 ἐπὶ
774 930 947 984 πάντα
980 928 1180 999 ὑψηλὸν
1234 926 1325 980 καὶ
1361 922 1651 995 μετέωρον,
1694 939 1713 970 ι
1751 917 1844 971 καὶ

280 1028 343 1082 τά
370 1025 581 1088 τούτοις
606 1020 890 1084 ἀκόλουθα,
922 1021 1010 1072 Ἐν
1038 1017 1211 1089 ταύτῃ
1247 1013 1531 1084 τοιγαροῦν
1566 1013 1632 1082 τῇ
1664 1009 1845 1080 ἡμέρα

282 1118 372 1188 τῆς
403 1114 752 1176 ἀναστάσεως
785 1111 877 1164 τοῦ
919 1108 1147 1182 Κυρίου,
1181 1106 1247 1159 τά
1290 1105 1430 1159 κατὰ
1474 1102 1582 1155 τῶν
1620 1102 1843 1171 ἐπαιρο-

288 1210 454 1281 μένων
489 1206 633 1260 κατὰ
663 1206 762 1276 τῆς
800 1201 1051 1264 γνώσεως
1092 1198 1183 1252 τοῦ
1228 1197 1362 1249 Θεοῦ
1402 1192 1841 1267 προαγορεύσας,

292 1319 308 1351 ι
340 1300 423 1352 Ἐν
457 1298 596 1367 αὐτῇ
622 1294 818 1366 ταύτῃ,
851 1291 1005 1362 φησὶ,
1040 1292 1104 1359 τῇ
1136 1287 1317 1359 ἡμέρᾳ
1351 1284 1693 1355 ὑψωθήσεται
1731 1281 1844 1335 Κύ-

290 1409 410 1464 ριος,
438 1389 535 1443 καὶ
567 1387 637 1441 τὰ
668 1384 1013 1458 χειροποίητα
1046 1381 1225 1435 πάντα
1253 1377 1691 1449 κατακρύψουσιν
1733 1376 1844 1427 είσ-

289 1482 595 1549 ενέγκαντες
635 1480 715 1541 είς
744 1476 810 1530 τὰ
856 1474 1122 1544 σπήλαια,
1163 1491 1181 1522 ι
1227 1467 1509 1542 μονονουχὶ
1546 1466 1717 1537 δηλῶν
1747 1465 1842 1536 τὴν

289 1572 622 1644 ἀποστροφὴν
654 1569 763 1622 τῶν
804 1567 1034 1621 εἰδώλων
1059 1606 1073 1629 ,
1111 1565 1178 1634 ἦν
1223 1561 1649 1633 ἀπεστράφησαν
1692 1558 1843 1612 αὐτοί

289 1684 340 1719 τε
372 1665 631 1727 Ἰουδαῖοι,
670 1662 764 1716 καὶ
798 1660 846 1713 οἱ
893 1658 1067 1712 λοιποὶ
1122 1657 1319 1720 πάντες
1378 1653 1653 1724 ἄνθρωποι
1708 1649 1843 1722 μετὰ

288 1758 375 1829 τὴν
401 1754 492 1809 τοῦ
527 1755 775 1824 Σωτῆρος
817 1749 975 1821 ἡμῶν
1012 1748 1350 1815 ἐπιφάνειαν,
1398 1744 1843 1805 καταπτύσαντες

1946 557 2000 603 ct
2027 546 2423 603 abscondimini
2453 548 2509 601 in
2538 555 2739 601 terram
2775 562 2803 600 a
2838 547 2977 601 t'acie
3006 545 3222 601 timoris
3255 544 3506 609 Domini,

1944 644 1999 693 et
2037 653 2067 691 a
2112 636 2251 692 facie
2302 636 2487 700 gloriae
2528 636 2685 705 ejus,
2735 650 2857 689 cum
2904 634 3201 690 surrexerit
3245 647 3510 704 quassare

1943 737 2143 783 terram
2176 728 2244 780 ⁸¹.
2284 746 2304 780 ›
2340 726 2549 793 Quibus
2580 727 2759 782 verbis
2791 727 2949 797 plane
2978 735 3352 781 surrecturum
3384 740 3510 781 esse

1944 819 2231 873 Dominum
2261 817 2506 882 indicat,
2543 826 2597 873 et
2627 818 2937 873 universam
2962 826 3164 873 terram
3197 818 3374 887 gentis
3402 816 3508 872 Ju-

1942 912 2111 967 daicze
2139 917 2522 981 quassaturum
2556 908 2657 963 :de
2700 907 2901 965 Judaeis
2932 910 3076 965 enim
3117 910 3293 965 omnis
3327 923 3509 966 sermo

1943 1012 2027 1059 est
2054 1044 2069 1065 ,
2101 1001 2558 1074 quemadmodum
2592 1002 2753 1056 etiam
2784 1002 2838 1055 in
2869 1001 3240 1071 sequentibus,
3273 1001 3365 1056 ubi
3389 1001 3505 1058 ait:

1950 1112 1970 1146 ι
2007 1093 2131 1149 Dies
2153 1094 2297 1149 enim
2322 1093 2533 1147 Domini
2561 1092 2794 1147 Sabaoth
2824 1109 2988 1163 super
3015 1108 3228 1148 omnem
3260 1093 3510 1163 petulan-

1944 1194 2049 1242 tem
2076 1195 2130 1240 et
2161 1185 2474 1256 superbum,
2505 1194 2560 1239 et
2594 1199 2760 1255 super
2788 1198 3003 1239 omnem
3025 1186 3297 1240 excelsum
3328 1195 3381 1240 et
3409 1201 3508 1241 su-

1942 1277 2161 1332 blimem
2193 1278 2259 1340 ³³,
2299 1295 2318 1328 ›
2353 1291 2582 1347 quaeque
2611 1276 2698 1330 his
2726 1276 2984 1345 deinceps
3017 1284 3385 1331 consentanea
3418 1277 3506 1331 di-

1941 1377 2158 1423 cuntur.
2206 1368 2264 1422 ln
2300 1368 2400 1421 hac
2444 1369 2608 1438 igitur
2642 1366 2764 1427 die,
2818 1367 2873 1421 in
2904 1381 3009 1436 qua
3046 1375 3396 1423 surrecturus
3421 1374 3508 1422 est

1940 1453 2222 1519 Dominus,
2258 1465 2541 1526 postquam
2578 1456 2902 1510 vaticinatus
2925 1462 3010 1510 est
3044 1464 3232 1509 contra
3265 1471 3380 1519 eos,
3413 1456 3508 1527 qui

1940 1547 2275 1602 extolluntur
2304 1546 2566 1603 adversus
2601 1546 2965 1618 cognitionem
3005 1545 3135 1611 Dei,
3175 1555 3288 1601 tum
3319 1548 3372 1600 in
3406 1547 3509 1601 hac

1938 1638 2077 1707 ipsa,
2112 1638 2353 1709 inquam,
2377 1638 2464 1693 die
2488 1677 2502 1703 ,
2539 1637 2825 1693 Dominum
2850 1637 2901 1690 id
2933 1636 3204 1691 facturum
3242 1637 3507 1707 pr0pheta

1943 1732 2213 1802 signiﬁcat
2253 1751 2266 1786 :
2303 1749 2323 1783 ι
2364 1731 2668 1787 Extolletur
2699 1751 2718 1783 ι
2756 1730 2980 1800 inquit,
3017 1730 3277 1784 Dominus
3320 1731 3374 1784 in
3419 1731 3509 1785 die

265 1821 456 1919 -πάσης
511 1821 949 1915 δεισιδαιμονίας·
1000 1859 1018 1892 ι
1070 1841 1148 1910 Τῇ
1192 1837 1319 1907 γοῦν
1373 1836 1550 1909 ἡμέρᾳ
1615 1833 1832 1902 ἐκείνῃκ

1945 1823 2027 1877 illa
2053 1841 2067 1878 :
2094 1831 2148 1879 et
2173 1823 2483 1878 manufacta
2515 1825 2695 1877 omnia
2721 1822 3095 1885 oceultahnnt,
3123 1821 3509 1877 introferentes

290 1942 459 2012 φησὶν,
494 1936 719 1991 ἐκϐαλεῖ
789 1934 1071 2004 ἄνθρωπος
1111 1930 1179 1983 τά
1210 1928 1550 2000 βδελύγματα
1582 1923 1742 1979 αὐτοῦ
1772 1920 1841 1976 τά

289 2032 471 2104 χρυσᾶ,
500 2029 593 2082 καὶ
616 2028 686 2081 τὰ
726 2026 943 2097 ἀργυρᾶ
969 2024 1004 2077 ἃ
1055 2022 1313 2093 ἐποίησαν
1332 2061 1346 2085 ,
1381 2019 1703 2092 προσκυνεῖν
1729 2017 1842 2078 τοῖς

293 2122 526 2193 ματαίοις
543 2161 557 2183 ,
591 2139 610 2171 ι
636 2116 889 2179 καθόλου,
915 2116 990 2179 ὡς
1022 2113 1186 2177 είκὸς,
1218 2112 1312 2166 καὶ
1347 2110 1475 2182 περὶ
1513 2107 1713 2171 παντὸς
1745 2108 1840 2159 άν-

290 2212 494 2286 θρὼπου
521 2210 691 2266 ταῦτα
720 2205 1018 2276 άναφωνῶν
1046 2204 1132 2257 διὰ
1168 2204 1267 2275 τὴν
1300 2201 1593 2273 μέλλουσαν
1626 2199 1841 2252 ἔσεσθαι

287 2307 387 2361 τῶν
418 2305 585 2359 ἐθνῶν
612 2303 824 2373 κλῆσιν.
859 2300 1026 2362 ’ἰδίως
1051 2298 1107 2351 δὲ
1129 2293 1285 2358 αὖθις
1306 2291 1545 2365 περὶτοῦ
1582 2291 1843 2346 Ἰουδαίων

290 2397 465 2460 ἔθνους
507 2395 613 2449 ὑπὸ
655 2394 782 2465 μίαν
821 2391 1056 2445 διάνοιαν
1100 2388 1226 2459 ἑξῆς
1266 2386 1535 2455 ἐπιλέγει·
1588 2403 1605 2434 ι
1647 2384 1775 2437 Ἰδοὺ
1815 2385 1844 2436 ὀ

291 2490 554 2557 Δεσπότης
589 2487 793 2558 Κύριος
819 2480 1041 2537 Σαϐαὼθ
1076 2480 1265 2551 ἀφελεῖ
1298 2479 1404 2531 άπὸ
1434 2478 1533 2547 τῆς
1567 2476 1842 2541 Ἰουδαίας,

293 2582 377 2635 καὶ
406 2580 514 2634 άπὸ
553 2576 906 2649 Ἰερουσαλὴμ
941 2572 1211 2643 ἰσχύοντα,
1240 2570 1335 2623 καὶ
1358 2567 1663 2639 ἰσχύουσαν,
1695 2567 1844 2637 ίσχὺν

291 2672 469 2744 άρτου,
506 2670 602 2724 καὶ
626 2668 779 2739 ἰσχὺν
811 2666 1021 2727 ὓδατος,
1055 2663 1308 2733 γίγαντα,
1337 2659 1430 2713 καὶ
1464 2658 1733 2729 ἰσχύοντα,
1752 2657 1845 2710 καὶ

292 2763 562 2837 ἄνθρωπον
590 2758 936 2830 πολεμιστὴν,
962 2755 1057 2809 καὶ
1089 2753 1346 2823 δικαστὴν
1366 2790 1381 2814 ,
1409 2750 1505 2803 καὶ
1541 2750 1842 2821 προφήτην,

292 2855 379 2910 καὶ
406 2850 723 2924 στοχαστὴν,
758 2850 851 2903 καὶ
890 2846 1278 2919 πρεσϐύτερον,
1320 2843 1413 2896 καὶ
1454 2840 1847 2910 πεντηκόνταρ-

291 2960 407 3013 χον,
461 2942 556 2994 καὶ
594 2937 901 3009 θαυμαστὸν
964 2933 1295 3005 σύμϐουλον,
1344 2929 1436 2983 καὶ
1486 2926 1647 2997 σοφὸν
1692 2928 1848 2999 ἁρχι-

291 3032 502 3085 τέκτονα
526 3069 542 3093 ,
588 3028 683 3081 καὶ
733 3026 949 3080 συνετὸν
1003 3024 1277 3095 ἀκροατὴν
1296 3062 1310 3087 ,
1346 3040 1365 3073 ι
1409 3019 1502 3073 καὶ
1533 3018 1601 3073 τὰ
1643 3017 1847 3081 τούτοις

292 3122 428 3192 ἑξῆς.
463 3121 632 3173 Ἔνθα
659 3120 976 3189 ἐπιστήσας,
1002 3115 1243 3188 παράθες
1261 3113 1329 3167 τά
1354 3109 1726 3183 προλεγόμενα
1748 3111 1847 3179 τῆς

292 3214 619 3284 προφητείας
651 3211 716 3265 δι’
741 3204 819 3264 ὧν
855 3208 1096 3280 εἴρηται,
1129 3226 1148 3258 ι
1183 3207 1239 3259 Ὁ
1279 3205 1451 3273 Λόγος
1494 3206 1523 3257 ὁ
1558 3201 1845 3272 γενόμενος

292 3309 430 3379 παρὰ
462 3307 666 3379 Κυρίου
709 3304 845 3375 πρὸς
894 3302 1135 3363 Ἡσαΐαν,
1162 3300 1276 3353 υἱὸν
1320 3297 1520 3369 Ἀμὼς,
1566 3295 1707 3366 ὑπὲρ
1749 3294 1847 3364 τῆς

304 3399 550 3461 Ἰουδαίας
594 3397 686 3450 καὶ
719 3395 855 3467 ὑπὲρ
906 3390 1276 3463 Ἰερουσαλὴμ,
1303 3409 1321 3441 ι
1360 3390 1434 3453 ὡς
1484 3386 1680 3458 μᾶλλον
1724 3388 1846 3438 κατ’

292 3491 459 3545 αὐτῶν
501 3490 535 3560 ἢ
582 3489 721 3559 ὑπὲρ
767 3484 945 3539 αὐτῶν
995 3482 1064 3536 τά
1108 3478 1512 3551 ἐπενηνεγμένα
1554 3476 1843 3546 τυγχάνει·

299 3586 341 3636 εί
371 3586 440 3654 μή
474 3598 560 3645 τις
597 3579 708 3651 ἄρα
738 3580 794 3631 ἐν
826 3576 1033 3638 τούτοις
1056 3565 1329 3628 λανθάνων
1361 3570 1668 3641 περιέχεται
1701 3565 1844 3629 νοῦς.

292 3669 409 3734 Πῶς
440 3671 584 3741 γὰρ,
643 3667 851 3739 μέλλων
894 3665 1148 3734 ἀφαιρεῖν
1193 3660 1299 3715 ἀπὸ
1325 3661 1421 3731 τῆς
1459 3658 1713 3720 Ἰουδαίας
1755 3656 1848 3710 καὶ

293 3763 393 3815 ἀπὸ
448 3758 804 3833 Ἰερουσαλὴμ
851 3756 1098 3827 ίσχύοντα
1159 3752 1255 3806 καὶ
1316 3749 1600 3821 ἰσχύουσαν
1623 3787 1638 3812 ,
1698 3748 1849 3818 ίσχὺν

298 3854 453 3924 ἄρτου
492 3852 585 3905 καὶ
611 3851 763 3921 ίσχὺν
794 3847 1002 3911 ὓδατος,
1028 3844 1121 3900 καί⁵
1149 3842 1322 3896 πάντα
1348 3841 1414 3895 τά
1452 3843 1508 3893 ὲν
1538 3840 1720 3901 αὐτοῖς
1748 3837 1850 3892 πά-

293 3946 377 4001 λαι
404 3944 791 4015 διαπρέποντα,
806 3942 945 4012 ὑπὲρ
962 3940 1063 4009 τῆς
1095 3936 1352 4000 Ἰουδαίας
1377 3934 1470 3988 καὶ
1492 3934 1632 4005 ὑπὲρ
1658 3934 1850 4003 Ἰερου-

298 4038 469 4109 σαλὴμ
520 4035 739 4090 ἔσεσθαι
792 4035 861 4088 τὰ
900 4030 1262 4101 θεσπιζόμενα
1308 4025 1600 4099 προῦλεγες
1640 4023 1756 4087 πῶς
1793 4022 1850 4076 δὲ

294 4129 425 4201 ὑπὲρ
482 4126 660 4181 αὐτῶν
719 4125 834 4178 ἐστι
884 4123 977 4177 καὶ
1034 4122 1103 4175 τὰ
1167 4119 1293 4190 ἐξῆς
1346 4113 1500 4180 αὖθις
1565 4115 1847 4185 λέγεσθαι;

301 4240 319 4271 ι
356 4221 586 4274 ’Δνεῖται
618 4216 993 4288 Ἰερουσαλὴμ,
1025 4213 1117 4267 καὶ
1143 4213 1176 4282 ἡ
1212 4208 1438 4263 Ἰουδαία
1461 4206 1847 4278 συμπέπτωκε,

294 4312 381 4367 καὶ
435 4314 493 4365 αί
552 4309 795 4379 γλῶσσαι
842 4305 1019 4361 αὐτῶν
1078 4301 1214 4375 μετὰ
1273 4299 1531 4371 ἀνομίας,
1586 4297 1653 4351 τὰ
1713 4296 1849 4368 πρὸς

294 4400 488 4472 Κύριον
534 4397 945 4460 ἀπειθοῦντες.»
988 4392 1146 4447 Ἀλλὰ
1172 4390 1281 4461 γάρ
1326 4391 1383 4443 ἐν
1425 4387 1610 4457 τοιῷδε
1650 4385 1844 4458 καιρῷ,

1941 1929 2005 1969 ea
2037 1914 2093 1969 in
2126 1915 2412 1983 speluncas
2447 1915 2533 1967 ’δε
2574 1933 2593 1964 ι
2629 1913 2720 1968 ubi
2764 1912 3151 1983 propemodum
3198 1912 3403 1965 indicat
3448 1927 3509 1965 a-

1941 2006 2242 2061 rersionem
2275 2020 2305 2058 a
2334 2005 2661 2071 simulacris,
2697 2019 2803 2074 qua
2835 2005 3013 2059 aversi
3043 2011 3168 2059 sunt
3195 2011 3249 2059 et
3282 2004 3384 2073 ipsi
3410 2001 3508 2059 Ju-

1941 2096 2041 2152 daei
2072 2136 2087 2161 ,
2133 2105 2187 2153 et
2218 2112 2407 2152 omnes
2460 2098 2655 2167 reliqui
2696 2097 2944 2152 homines
2980 2138 2995 2163 ,
3045 2106 3167 2167 post
3210 2095 3508 2151 Salvatoris

1943 2187 2119 2242 nostri
2152 2185 2440 2242 adventum
2469 2228 2484 2250 ,
2537 2171 2756 2258 quando
2810 2201 3026 2241 omnem
3066 2186 3505 2256 superstitionem

1943 2279 2216 2348 aspernati
2250 2287 2395 2332 sunt.
2433 2296 2451 2328 ι
2487 2276 2629 2349 Ergo
2659 2278 2715 2332 in
2744 2278 2832 2334 die
2861 2279 2951 2333 illa
2978 2320 2994 2343 ,
3031 2279 3248 2348 inquit,
3289 2278 3505 2348 abjiciet

1944 2369 2106 2424 homo
2134 2367 2566 2422 abominationes
2596 2370 2726 2423 Suas
2755 2383 2950 2423 aureas
2975 2377 3138 2438 atque
3172 2375 3456 2437 argenteas
3485 2405 3503 2431 ,

1942 2477 2082 2532 quas
2110 2461 2354 2515 fecerunt
2378 2499 2393 2523 ,
2424 2470 2481 2515 ut
2513 2462 2805 2515 adorarent
2830 2462 3013 2515 inania
3042 2463 3108 2515 ³⁸.
3146 2482 3165 2513 ι
3206 2460 3304 2515 Ubi
3336 2462 3451 2515 haec
3487 2500 3507 2529 ,

1943 2560 2004 2607 ut
2030 2567 2126 2623 par
2153 2562 2234 2607 est
2258 2591 2273 2615 ,
2302 2552 2370 2607 de
2389 2553 2538 2606 omni
2570 2553 2788 2609 homine
2815 2553 3109 2607 enuntians
3134 2591 3148 2615 ,
3172 2561 3396 2621 propter
3416 2551 3506 2607 fu-

1943 2650 2121 2697 turam
2141 2644 2379 2714 gentium
2419 2644 2751 2707 vocationem
2775 2684 2791 2707 ,
2826 2653 2941 2698 tum
2971 2645 3261 2714 separatim
3306 2657 3506 2700 rursus

1946 2735 2048 2790 sub
2078 2751 2240 2789 unam
2272 2735 2594 2789 sententiam
2628 2735 2695 2790 de
2723 2734 2947 2789 Judaica
2977 2744 3135 2806 gente
3161 2736 3430 2805 adjungit,
3455 2743 3509 2790 et

1945 2825 2103 2881 dicit:
2128 2845 2147 2877 ι
2173 2825 2310 2881 Ecce
2324 2825 2633 2879 dominator
2655 2827 2915 2881 Dominus
2934 2825 3196 2891 Sabaoth,
3214 2826 3422 2881 auferet
3442 2826 3513 2882 do

1944 2911 2129 2966 Judma
2169 2920 2222 2967 et
2262 2912 2329 2967 de
2368 2911 2668 2968 Jerusalem
2699 2914 2874 2967 virum
2916 2915 3199 2969 robustum
3227 2956 3241 2980 ,
3270 2923 3324 2970 et
3354 2916 3509 2970 femi-

1948 3017 2073 3057 nam
2103 3004 2372 3058 valentem
2393 3044 2409 3070 ,
2449 3004 2619 3058 robur
2651 3006 2810 3075 panis
2837 3043 2852 3068 ,
2884 3015 2938 3060 et
2988 3007 3153 3061 robur
3191 3022 3345 3077 aqua:
3366 3047 3381 3071 ,
3423 3007 3507 3077 gi-

1948 3103 2162 3164 gantem
2185 3133 2200 3160 ,
2232 3102 2286 3150 et
2317 3095 2602 3150 robustum
2632 3135 2647 3161 ,
2676 3104 2731 3151 et
2770 3096 3041 3151 hominem
3073 3098 3421 3158 bellatorem,
3455 3104 3512 3151 et

1943 3188 2202 3258 judicem,
2224 3195 2278 3242 et
2305 3188 2644 3257 prophetam,
2662 3194 2716 3243 et
2748 3189 3136 3258 conjectorem,
3158 3198 3207 3243 et
3234 3189 3346 3260 38
3361 3188 3509 3243 seni-

1947 3294 2095 3334 orem
2122 3318 2138 3344 ,
2169 3286 2224 3334 et
2258 3282 2556 3350 principem
2591 3296 2756 3350 super
2786 3282 3181 3351 quinquaginta
3216 3322 3231 3345 ,
3265 3293 3320 3335 et
3343 3282 3510 3334 mira-

1948 3372 2108 3425 bilem
2136 3373 2538 3437 consiliarium,
2574 3378 2628 3427 et
2649 3372 2867 3427 doctum
2899 3372 3283 3435 architectum,
3307 3380 3361 3426 et
3383 3388 3514 3441 pru-

1946 3458 2160 3514 dentem
2183 3460 2485 3516 auditorem
2513 3460 2580 3526 ³⁶,
2616 3478 2636 3512 ι
2662 3467 2715 3514 et
2744 3475 2864 3530 quae
2885 3468 3207 3529 sequuntur.
3231 3459 3363 3524 Quae
3386 3474 3510 3513 cum

1947 3551 2256 3621 diligentius
2286 3551 2578 3607 attenderis
2598 3591 2615 3615 ,
2652 3552 2911 3620 apponito
2940 3550 3007 3605 iis
3038 3565 3160 3619 quas
3190 3549 3348 3603 initio
3375 3563 3506 3618 pro-

1947 3643 2142 3711 phetite
2167 3643 2312 3696 dicta
2341 3650 2490 3706 sunt,
2515 3656 2635 3711 qua:
2662 3642 2743 3696 sic
2763 3642 2963 3696 habent
2988 3659 3001 3695 :
3036 3658 3054 3691 ι
3091 3640 3327 3694 Verbum
3360 3638 3507 3708 quod

1949 3733 2151 3788 factum
2183 3742 2265 3789 est
2306 3748 2336 3786 a
2370 3732 2598 3786 Domino
2632 3732 2698 3785 ad
2729 3731 2923 3785 Isaiam
2961 3731 3128 3785 ﬁlium
3159 3730 3326 3786 Amos
3345 3744 3511 3798 super

1947 3823 2132 3879 Judza
2156 3863 2171 3888 ,
2206 3832 2260 3878 et
2309 3837 2474 3892 super
2518 3819 2816 3877 Jerusalem
2840 3822 2883 3854 ³⁷
2908 3860 2924 3886 ,
2959 3830 3018 3875 ut
3046 3835 3166 3890 qua
3189 3821 3270 3875 sic
3299 3820 3509 3890 prolata

1949 3923 2098 3978 sunt,
2123 3916 2293 3984 magis
2322 3923 2510 3969 contra
2529 3914 2700 3984 ipsus,
2730 3927 2893 3983 quam
2926 3926 3026 3982 pro
3055 3911 3192 3981 ipsis
3216 3910 3507 3975 exsistant,

1949 4007 2054 4063 nisi
2080 4006 2218 4061 forte
2251 4007 2307 4060 in
2340 4007 2425 4061 his
2450 4006 2646 4076 aliquis
2680 4007 2852 4059 latens
2880 4001 3359 4072 comprehenditur
3385 4016 3513 4057 sen-

1950 4116 2065 4155 sus.
2099 4097 2201 4164 Qul
2230 4099 2371 4152 enirn
2406 4096 2518 4152 ﬁeri
2549 4103 2730 4166 potest
2760 4135 2776 4159 ,
2827 4104 2884 4148 ut
2917 4096 2964 4149 is
3000 4093 3093 4162 qui
3124 4093 3407 4149 ablaturus
3439 4092 3513 4147 sit

1950 4193 2017 4246 ab
2043 4189 2227 4245 Judaaa
2258 4228 2273 4253 ,
2300 4196 2354 4243 et
2409 4189 2479 4242 ah
2513 4187 2814 4244 Jerusalem
2843 4227 2858 4247 ,
2902 4184 3075 4239 virum
3106 4184 3389 4239 robustum
3415 4221 3430 4247 ,
3457 4189 3514 4238 et

1950 4285 2204 4339 feminam
2237 4283 2501 4336 valentem
2527 4319 2543 4344 ,
2589 4280 2757 4332 robur
2794 4277 2994 4345 panis,
3028 4282 3081 4327 et
3111 4275 3279 4329 robur
3309 4287 3465 4343 aqua:
3492 4311 3509 4334 ,

1949 4385 2004 4432 et
2032 4377 2214 4431 omnia
2255 4388 2594 4445 quaecunque
2635 4371 2763 4425 olim
2805 4370 2857 4422 in
2890 4368 2970 4422 eis
3000 4367 3316 4436 dignitatem
3344 4365 3513 4421 habe-

292 4495 346 4548 ἑν
435 4494 498 4548 τὸ
522 4492 646 4564 ὅρος
685 4457 890 4561 Κυρίου
930 4490 1063 4541 πᾶσι
1108 4457 1220 4548 toi;
1252 4457 1465 4536 ⁷ἔθνεσιν
1498 4479 1712 4548 ἀνάγκη
1749 4495 1846 4564 κηέ

1949 4468 2118 4531 bant,
2172 4482 2271 4537 pro
2297 4464 2483 4520 Judaea
2506 4504 2521 4529 ,
2567 4473 2622 4518 et
2665 4476 2762 4531 pro
2796 4459 3094 4515 Jerusalem
3134 4457 3310 4512 futura
3335 4470 3460 4511 esse
3492 4495 3509 4521 ,

296 4560 599 4658 ρύττεσθαι,
629 4584 657 4638 ὅ
686 4600 746 4636 τε
774 4560 865 4634 ἐπὶ
885 4579 978 4634 τοῦ
1012 4578 1171 4649 ὅρους
1205 4571 1351 4638 οἶκος
1373 4572 1469 4627 τοῦ
1502 4570 1657 4631 Θεοῦ,
1681 4570 1765 4639 ἐφ’
1788 4560 1849 4623 οὗ

296 4678 465 4732 πάντα
486 4675 559 4730 τὰ
586 4675 713 4745 ἔθνη
741 4673 986 4728 συνιόντα
1009 4669 1164 4740 φασί·
1189 4685 1208 4719 ι
1231 4665 1414 4727 Δεῦτε,
1443 4663 1538 4717 καὶ
1562 4660 1850 4730 ἀναδῶμεν

296 4770 370 4832 είς
396 4768 458 4822 τὸ
486 4769 612 4840 ὅρος
650 4764 877 4836 Κυρίου,
911 4762 1006 4817 καὶ
1032 4763 1110 4823 είς
1138 4759 1229 4813 τὸν
1251 4751 1397 4810 οἷκον
1441 4751 1536 4808 τοῦ
1576 4751 1708 4806 Θεοῦ
1751 4752 1851 4803 Ἰα-

296 4859 438 4912 κώϐ·
477 4878 497 4912 ι
535 4856 809 4919 τοιαύταις
850 4857 879 4908 ὁ
918 4853 1072 4921 λόγος
1119 4849 1459 4922 χρησάμενος
1499 4842 1850 4914 κατηγορίαις

294 4951 382 5005 τοῦ
408 4950 675 5004 Ἰουδαίων
696 4947 901 5012 ἔθνους,
931 4943 1123 5013 άπειλή
1132 4958 1228 5006 σας
1248 4958 1308 4994 τε
1331 4940 1510 5002 αὐτοῖς
1531 4937 1602 4989 τά
1624 4935 1844 5006 ἔσχατα,

295 5040 643 5094 ἐπισυνάπτει
692 5035 900 5098 τούτοις
943 5036 1073 5086 πᾶσι
1119 5030 1218 5094 τὰς
1267 5024 1679 5099 προεκτεθείσας
1716 5024 1848 5093 ἡμῖν

296 5128 478 5194 λέξεις,
515 5128 801 5192 διδάσκων,
829 5126 929 5185 ὅτι,
968 5121 1063 5176 τοῦ
1109 5120 1306 5184 παντὸς
1356 5115 1616 5172 Ἰουδαίων
1663 5113 1847 5175 ἔθνους

605 5216 994 5272 ἁποπεσεῖσθαι
1053 5215 1150 5284 τῆς
1198 5209 1336 5264 κατὰ
1376 5209 1466 5262 τὸν
1518 5206 1650 5259 Θεὸν
1690 5205 1845 5258 εὑσεκ

302 5309 459 5376 ϐείας,
496 5306 1006 5382 περιλειφθήσονταί
1037 5320 1180 5364 τινες
1216 5303 1272 5355 ἐν
1305 5301 1485 5362 αὐτοῖς
1527 5297 1587 5350 οὐ
1623 5312 1855 5350 συναπο-

300 5398 584 5465 λαύσαντες
612 5403 725 5462 τοῖς
748 5399 881 5451 πᾶσι
922 5395 1031 5449 τῶν
1076 5390 1286 5447 κακῶν·
1345 5388 1577 5460 ἔμπαλιν
1608 5385 1663 5439 δὲ
1706 5383 1854 5438 ὠσὰν

299 5491 356 5545 ὲκ
388 5490 674 5565 μοχθηρῶν
713 5489 809 5544 καὶ
840 5486 1164 5560 παρανόμων
1200 5475 1637 5549 διασεσωσμένοι,
1673 5477 1766 5529 καὶ
1794 5476 1856 5528 τὸ

297 5584 570 5657 εἰλικρινὲς
601 5582 703 5653 τῆς
728 5578 1002 5642 εὐσεϐείας
1029 5571 1446 5643 ἐπιδεδεγμένοι,
1479 5571 1576 5639 τῆς
1611 5566 1757 5637 παρὰ
1779 5564 1854 5636 τῷ

1952 4558 2065 4612 haec
2108 4559 2224 4627 ipsa
2264 4571 2384 4625 quae
2424 4553 2807 4610 divinabantur
2855 4547 3210 4618 praedixerit?
3239 4546 3512 4616 quomodo

1951 4654 2135 4702 autem
2171 4654 2298 4700 sunt
2321 4658 2420 4715 pro
2451 4642 2670 4704 iisdem,
2700 4655 2764 4694 ea
2788 4652 2909 4707 qua;
2938 4635 3195 4703 deinceps
3220 4630 3515 4687 dicuntur?

1955 4757 1974 4789 ι
2017 4737 2205 4792 Soluta
2249 4742 2334 4790 est
2355 4731 2677 4794 Jerusalem,
2710 4734 2764 4782 et
2790 4724 2976 4779 Judaea
3002 4721 3280 4785 concidit,
3326 4727 3381 4774 et
3408 4719 3512 4772 lin-

1947 4844 2068 4898 gua:
2110 4840 2298 4882 eorum
2349 4837 2471 4878 cum
2516 4819 2804 4889 iniquitate
2830 4856 2846 4881 ,
2882 4831 2945 4870 ea
2979 4828 3099 4884 quae
3128 4813 3194 4867 ad
3225 4810 3511 4864 Dominum

1914 4928 2200 4991 ’spectant
2239 4932 2348 4972 non
2394 4913 2682 4971 credentes
2722 4908 2787 4964 ³⁸.
2827 4929 2846 4960 ι
2897 4906 3057 4977 Atqui
3112 4921 3219 4975 quo
3268 4912 3511 4973 tempore

1952 5017 2192 5065 montem
2216 5006 2433 5061 Domini
2460 5002 2714 5057 omnibus
2739 4998 2993 5070 gentibus
3022 4996 3259 5051 nuntiari
3286 5007 3515 5049 necesse

1952 5109 2108 5166 erat,
2143 5100 2345 5167 Deique
2378 5099 2433 5153 in
2483 5097 2576 5150 illo
2608 5105 2794 5148 monte
2837 5092 3057 5146 domum
3091 5129 3105 5151 ,
3136 5088 3191 5142 in
3218 5101 3379 5158 quam
3418 5084 3513 5139 ubi

1951 5209 2141 5249 omnes
2188 5199 2376 5262 gentes
2416 5186 2845 5247 convenissent,
2878 5191 2991 5237 tum
3036 5180 3237 5236 dicturi
3283 5187 3513 5235 essent:

1959 5305 1977 5337 ι
2018 5284 2250 5347 Venite,
2304 5281 2665 5336 ascendamus
2711 5277 2768 5330 in
2808 5282 3045 5328 montem
3079 5272 3333 5336 Domini,
3376 5278 3430 5325 et
3460 5271 3516 5324 in

1950 5380 2174 5435 domum
2211 5374 2304 5430 Dei
2334 5371 2503 5427 Jacoh
2526 5371 2568 5403 '9
2603 5389 2617 5425 :
2652 5387 2670 5421 ι
2702 5369 2757 5422 in
2790 5381 2855 5422 eo
2882 5405 2897 5429 ,
2927 5366 3146 5434 inquam
3177 5403 3192 5428 ,
3226 5364 3345 5434 ipso
3376 5369 3515 5416 temv

1952 5484 2103 5542 pore,
2141 5466 2230 5521 ubi
2258 5479 2437 5520 sermo
2469 5462 2687 5517 divinus
2716 5460 2919 5514 talibus
2940 5457 3180 5513 Judaicae
3213 5454 3390 5525 gentis
3419 5468 3513 5506 ac-

1952 5557 2330 5616 cusationibus
2376 5562 2460 5610 est
2506 5569 2641 5608 usus
2669 5594 2686 5620 ,
2740 5552 2914 5622 iisque
2955 5550 3192 5604 minatus
3224 5555 3461 5601 extrema
3498 5562 3512 5596 :

390 5704 558 5760 “lsa.
586 5700 827 5764 11,840.
899 5697 1088 5753 "ibid.
1114 5694 1200 5750 12.
1277 5692 1322 5726 ⁸³
1355 5688 1484 5745 ibid.
1519 5685 1711 5750 17,18.
1790 5685 1843 5771 ⁸⁵.

1945 5681 1994 5737 d.
2032 5681 2123 5738 20.
2199 5679 2245 5712 ³⁸
2283 5675 2391 5734 isa.
2428 5690 2512 5744 HI,
2537 5673 2660 5730 1-5.
2687 5670 2819 5728 "lsa
2847 5713 2864 5728 .
2896 5686 2960 5738 ιι,
2997 5671 3049 5730 1.
3125 5669 3171 5702 ³⁸
3203 5666 3309 5723 Isa.
3341 5679 3424 5727 ιιι,
3458 5663 3512 5718 8.

292 5772 332 5805 ³⁵
367 5774 465 5831 lsa.
504 5792 570 5840 ιι,
612 5772 670 5829 5.
