  <div class='ocr_page' id='page_1' title='image "/cluster/home/n/w/nwhite01/storage/ocr_20150623/22/mdp.39015078384388/075.png"; bbox 0 0 3942 6258; ppageno 0'>
   <div class='ocr_carea' id='block_1_1' title="bbox 453 313 552 368">
    <p class='ocr_par' dir='ltr' id='par_1_1' title="bbox 453 313 552 368">
     <span class='ocr_line' id='line_1_1' title="bbox 453 313 552 368; baseline -0.02 0"><span class='ocrx_word' id='word_1_1' title='bbox 453 313 552 368; x_wconf 72' lang='lat' dir='ltr'><strong>I55</strong></span> 
     </span>
    </p>
   </div>
   <div class='ocr_carea' id='block_1_2' title="bbox 1079 315 3010 377">
    <p class='ocr_par' dir='ltr' id='par_1_2' title="bbox 1079 315 3010 377">
     <span class='ocr_line' id='line_1_2' title="bbox 1079 315 3010 377; baseline 0.003 -7"><span class='ocrx_word' id='word_1_2' title='bbox 1079 315 1343 372; x_wconf 81' lang='lat' dir='ltr'><strong>EUSEBII</strong></span> <span class='ocrx_word' id='word_1_3' title='bbox 1379 318 1859 375; x_wconf 64' lang='lat' dir='ltr'><strong>CIESARIENSIS</strong></span> <span class='ocrx_word' id='word_1_4' title='bbox 1897 317 2046 375; x_wconf 84' lang='lat' dir='ltr'><strong>OPP.</strong></span> <span class='ocrx_word' id='word_1_5' title='bbox 2088 319 2267 375; x_wconf 77' lang='lat' dir='ltr'><strong>PARS</strong></span> <span class='ocrx_word' id='word_1_6' title='bbox 2301 320 2364 376; x_wconf 89' lang='lat' dir='ltr'><strong>Il.</strong></span> <span class='ocrx_word' id='word_1_7' title='bbox 2406 351 2476 363; x_wconf 90' lang='lat'><strong>--</strong></span> <span class='ocrx_word' id='word_1_8' title='bbox 2516 319 3010 377; x_wconf 75' lang='lat' dir='ltr'><strong>APOLOGETICA.</strong></span> 
     </span>
    </p>
   </div>
   <div class='ocr_carea' id='block_1_3' title="bbox 3582 319 3680 373">
    <p class='ocr_par' dir='ltr' id='par_1_3' title="bbox 3582 319 3680 373">
     <span class='ocr_line' id='line_1_3' title="bbox 3582 319 3680 373; baseline 0.01 -1"><span class='ocrx_word' id='word_1_9' title='bbox 3582 319 3680 373; x_wconf 78' lang='lat' dir='ltr'><strong>I36</strong></span> 
     </span>
    </p>
   </div>
   <div class='ocr_carea' id='block_1_4' title="bbox 444 435 1996 517">
    <p class='ocr_par' dir='ltr' id='par_1_4' title="bbox 444 435 1996 510">
     <span class='ocr_line' id='line_1_4' title="bbox 444 435 1996 510; baseline 0.003 -21"><span class='ocrx_word' id='word_1_10' title='bbox 444 442 559 489; x_wconf 89' lang='lat' dir='ltr'><strong>tum</strong></span> <span class='ocrx_word' id='word_1_11' title='bbox 589 435 675 489; x_wconf 86' lang='lat' dir='ltr'><strong>his</strong></span> <span class='ocrx_word' id='word_1_12' title='bbox 704 435 956 490; x_wconf 87' lang='lat' dir='ltr'><strong>omnibus</strong></span> <span class='ocrx_word' id='word_1_13' title='bbox 989 475 1004 499; x_wconf 94' lang='lat'><strong>,</strong></span> <span class='ocrx_word' id='word_1_14' title='bbox 1036 452 1099 492; x_wconf 85' lang='lat' dir='ltr'><strong>ea</strong></span> <span class='ocrx_word' id='word_1_15' title='bbox 1130 453 1253 508; x_wconf 64' lang='lat' dir='ltr'><strong>qua:</strong></span> <span class='ocrx_word' id='word_1_16' title='bbox 1279 448 1405 495; x_wconf 88' lang='lat' dir='ltr'><strong>ante</strong></span> <span class='ocrx_word' id='word_1_17' title='bbox 1446 442 1800 510; x_wconf 75' lang='lat' dir='ltr'><strong>exposuimus</strong></span> <span class='ocrx_word' id='word_1_18' title='bbox 1842 444 1996 496; x_wconf 82' lang='lat' dir='ltr'><strong>verba</strong></span> 
     </span>
    </p>
   </div>
   <div class='ocr_carea' id='block_1_5' title="bbox 2096 435 3681 517">
    <p class='ocr_par' dir='ltr' id='par_1_5' title="bbox 2107 441 3681 517">
     <span class='ocr_line' id='line_1_5' title="bbox 2107 441 3681 517; baseline 0 -22"><span class='ocrx_word' id='word_1_19' title='bbox 2107 441 2225 513; x_wconf 86' lang='grc' dir='ltr'>Θεῷ</span> <span class='ocrx_word' id='word_1_20' title='bbox 2250 444 2474 517; x_wconf 82' lang='grc' dir='ltr'>Γραφῆς</span> <span class='ocrx_word' id='word_1_21' title='bbox 2501 444 3015 515; x_wconf 75' lang='grc' dir='ltr'><strong>καταξιωθήσονται,</strong></span> <span class='ocrx_word' id='word_1_22' title='bbox 3050 441 3141 496; x_wconf 89' lang='grc' dir='ltr'><strong>τοῦ</strong></span> <span class='ocrx_word' id='word_1_23' title='bbox 3169 441 3302 495; x_wconf 88' lang='grc' dir='ltr'>Θεοῦ</span> <span class='ocrx_word' id='word_1_24' title='bbox 3327 459 3385 496; x_wconf 85' lang='grc' dir='ltr'><strong>τε</strong></span> <span class='ocrx_word' id='word_1_25' title='bbox 3418 442 3510 495; x_wconf 68' lang='grc' dir='ltr'><strong>καὶ</strong></span> <span class='ocrx_word' id='word_1_26' title='bbox 3536 442 3681 511; x_wconf 86' lang='grc' dir='ltr'>ἆγιοι</span> 
     </span>
    </p>
   </div>
   <div class='ocr_carea' id='block_1_6' title="bbox 445 526 2011 603">
    <p class='ocr_par' dir='ltr' id='par_1_6' title="bbox 445 526 2011 603">
     <span class='ocr_line' id='line_1_6' title="bbox 445 526 2011 603; baseline 0.003 -22"><span class='ocrx_word' id='word_1_27' title='bbox 445 526 692 597; x_wconf 82' lang='lat' dir='ltr'><strong>adjungit</strong></span> <span class='ocrx_word' id='word_1_28' title='bbox 721 567 737 592; x_wconf 95' lang='lat'><strong>,</strong></span> <span class='ocrx_word' id='word_1_29' title='bbox 765 527 1029 600; x_wconf 78' lang='lat' dir='ltr'><strong>docetque</strong></span> <span class='ocrx_word' id='word_1_30' title='bbox 1053 548 1118 587; x_wconf 83' lang='lat' dir='ltr'><strong>ex</strong></span> <span class='ocrx_word' id='word_1_31' title='bbox 1152 531 1298 595; x_wconf 88' lang='lat' dir='ltr'><strong>omni</strong></span> <span class='ocrx_word' id='word_1_32' title='bbox 1339 529 1565 586; x_wconf 83' lang='lat' dir='ltr'><strong>Judaica</strong></span> <span class='ocrx_word' id='word_1_33' title='bbox 1592 540 1750 602; x_wconf 81' lang='lat' dir='ltr'><strong>gente</strong></span> <span class='ocrx_word' id='word_1_34' title='bbox 1778 572 1794 595; x_wconf 94' lang='lat'><strong>,</strong></span> <span class='ocrx_word' id='word_1_35' title='bbox 1824 547 1947 603; x_wconf 74' lang='lat' dir='ltr'><strong>quae</strong></span> <span class='ocrx_word' id='word_1_36' title='bbox 1981 547 2011 585; x_wconf 91' lang='lat' dir='ltr'><strong>a</strong></span> 
     </span>
    </p>
   </div>
   <div class='ocr_carea' id='block_1_7' title="bbox 443 619 2010 694">
    <p class='ocr_par' dir='ltr' id='par_1_7' title="bbox 443 619 2010 694">
     <span class='ocr_line' id='line_1_7' title="bbox 443 619 2010 694; baseline 0.006 -25"><span class='ocrx_word' id='word_1_37' title='bbox 443 636 575 675; x_wconf 78' lang='lat' dir='ltr'><strong>vero</strong></span> <span class='ocrx_word' id='word_1_38' title='bbox 606 619 699 676; x_wconf 98' lang='lat' dir='ltr'><strong>Dei</strong></span> <span class='ocrx_word' id='word_1_39' title='bbox 730 622 877 676; x_wconf 87' lang='lat' dir='ltr'><strong>cultu</strong></span> <span class='ocrx_word' id='word_1_40' title='bbox 916 638 1112 678; x_wconf 85' lang='lat' dir='ltr'><strong>casura</strong></span> <span class='ocrx_word' id='word_1_41' title='bbox 1143 625 1249 687; x_wconf 91' lang='lat' dir='ltr'><strong>sit,</strong></span> <span class='ocrx_word' id='word_1_42' title='bbox 1282 623 1664 693; x_wconf 81' lang='lat' dir='ltr'><strong>superfuturos</strong></span> <span class='ocrx_word' id='word_1_43' title='bbox 1696 625 1961 694; x_wconf 91' lang='lat' dir='ltr'><strong>quosdam</strong></span> <span class='ocrx_word' id='word_1_44' title='bbox 1994 665 2010 691; x_wconf 95' lang='lat'><strong>,</strong></span> 
     </span>
    </p>
   </div>
   <div class='ocr_carea' id='block_1_8' title="bbox 442 714 2009 783">
    <p class='ocr_par' dir='ltr' id='par_1_8' title="bbox 442 714 2009 783">
     <span class='ocr_line' id='line_1_8' title="bbox 442 714 2009 783; baseline 0.003 -16"><span class='ocrx_word' id='word_1_45' title='bbox 442 714 533 783; x_wconf 91' lang='lat' dir='ltr'><strong>qui</strong></span> <span class='ocrx_word' id='word_1_46' title='bbox 566 729 673 768; x_wconf 93' lang='lat' dir='ltr'><strong>non</strong></span> <span class='ocrx_word' id='word_1_47' title='bbox 707 715 892 768; x_wconf 88' lang='lat' dir='ltr'><strong>eadem</strong></span> <span class='ocrx_word' id='word_1_48' title='bbox 924 730 1048 769; x_wconf 91' lang='lat' dir='ltr'><strong>cum</strong></span> <span class='ocrx_word' id='word_1_49' title='bbox 1091 716 1344 770; x_wconf 87' lang='lat' dir='ltr'><strong>omnibus</strong></span> <span class='ocrx_word' id='word_1_50' title='bbox 1394 718 1534 770; x_wconf 86' lang='lat' dir='ltr'><strong>mala</strong></span> <span class='ocrx_word' id='word_1_51' title='bbox 1579 718 1689 770; x_wconf 91' lang='lat' dir='ltr'><strong>sint</strong></span> <span class='ocrx_word' id='word_1_52' title='bbox 1734 716 2009 783; x_wconf 90' lang='lat' dir='ltr'><strong>subituri,</strong></span> 
     </span>
    </p>
   </div>
   <div class='ocr_carea' id='block_1_9' title="bbox 443 805 2010 876">
    <p class='ocr_par' dir='ltr' id='par_1_9' title="bbox 443 805 2010 876">
     <span class='ocr_line' id='line_1_9' title="bbox 443 805 2010 876; baseline 0.001 -17"><span class='ocrx_word' id='word_1_53' title='bbox 443 805 574 873; x_wconf 85' lang='lat' dir='ltr'><strong>quin</strong></span> <span class='ocrx_word' id='word_1_54' title='bbox 620 812 808 859; x_wconf 89' lang='lat' dir='ltr'><strong>contra</strong></span> <span class='ocrx_word' id='word_1_55' title='bbox 856 807 1038 872; x_wconf 82' lang='lat' dir='ltr'><strong>potius</strong></span> <span class='ocrx_word' id='word_1_56' title='bbox 1068 845 1081 866; x_wconf 84' lang='lat'><strong>,</strong></span> <span class='ocrx_word' id='word_1_57' title='bbox 1130 815 1385 875; x_wconf 87' lang='lat' dir='ltr'><strong>tanquam</strong></span> <span class='ocrx_word' id='word_1_58' title='bbox 1418 823 1483 861; x_wconf 82' lang='lat' dir='ltr'><strong>ex</strong></span> <span class='ocrx_word' id='word_1_59' title='bbox 1516 807 1697 876; x_wconf 80' lang='lat' dir='ltr'><strong>pravis</strong></span> <span class='ocrx_word' id='word_1_60' title='bbox 1725 813 1888 876; x_wconf 88' lang='lat' dir='ltr'><strong>atque</strong></span> <span class='ocrx_word' id='word_1_61' title='bbox 1925 807 2010 860; x_wconf 92' lang='lat' dir='ltr'><strong>in-</strong></span> 
     </span>
    </p>
   </div>
   <div class='ocr_carea' id='block_1_10' title="bbox 438 894 2007 965">
    <p class='ocr_par' dir='ltr' id='par_1_10' title="bbox 438 894 2007 965">
     <span class='ocr_line' id='line_1_10' title="bbox 438 894 2007 965; baseline 0.002 -19"><span class='ocrx_word' id='word_1_62' title='bbox 438 894 603 960; x_wconf 79' lang='lat' dir='ltr'><strong>justis</strong></span> <span class='ocrx_word' id='word_1_63' title='bbox 648 894 815 947; x_wconf 79' lang='lat' dir='ltr'><strong>relicti</strong></span> <span class='ocrx_word' id='word_1_64' title='bbox 863 895 1187 963; x_wconf 89' lang='lat' dir='ltr'><strong>superstites</strong></span> <span class='ocrx_word' id='word_1_65' title='bbox 1214 935 1228 958; x_wconf 91' lang='lat'><strong>,</strong></span> <span class='ocrx_word' id='word_1_66' title='bbox 1263 897 1778 965; x_wconf 86' lang='lat' dir='ltr'><strong>comprobatamque</strong></span> <span class='ocrx_word' id='word_1_67' title='bbox 1804 911 1867 950; x_wconf 92' lang='lat' dir='ltr'><strong>ac</strong></span> <span class='ocrx_word' id='word_1_68' title='bbox 1892 896 2007 950; x_wconf 89' lang='lat' dir='ltr'><strong>sin-</strong></span> 
     </span>
    </p>
   </div>
   <div class='ocr_carea' id='block_1_11' title="bbox 442 986 2009 1056">
    <p class='ocr_par' dir='ltr' id='par_1_11' title="bbox 442 986 2009 1056">
     <span class='ocr_line' id='line_1_11' title="bbox 442 986 2009 1056; baseline 0.001 -17"><span class='ocrx_word' id='word_1_69' title='bbox 442 999 620 1039; x_wconf 79' lang='lat' dir='ltr'><strong>ceram</strong></span> <span class='ocrx_word' id='word_1_70' title='bbox 654 987 904 1055; x_wconf 81' lang='lat' dir='ltr'><strong>pietatem</strong></span> <span class='ocrx_word' id='word_1_71' title='bbox 941 986 1172 1055; x_wconf 78' lang='lat' dir='ltr'><strong>amplexi</strong></span> <span class='ocrx_word' id='word_1_72' title='bbox 1202 1026 1216 1047; x_wconf 93' lang='lat'><strong>,</strong></span> <span class='ocrx_word' id='word_1_73' title='bbox 1268 1000 1329 1039; x_wconf 89' lang='lat' dir='ltr'><strong>ea</strong></span> <span class='ocrx_word' id='word_1_74' title='bbox 1382 987 1651 1055; x_wconf 89' lang='lat' dir='ltr'><strong>scriptura</strong></span> <span class='ocrx_word' id='word_1_75' title='bbox 1685 1003 1805 1056; x_wconf 58' lang='lat' dir='ltr'><strong>quae</strong></span> <span class='ocrx_word' id='word_1_76' title='bbox 1835 1003 1866 1040; x_wconf 87' lang='lat' dir='ltr'><strong>a</strong></span> <span class='ocrx_word' id='word_1_77' title='bbox 1900 986 2009 1042; x_wconf 91' lang='lat' dir='ltr'><strong>Deo</strong></span> 
     </span>
    </p>
   </div>
   <div class='ocr_carea' id='block_1_12' title="bbox 437 1076 2008 1155">
    <p class='ocr_par' dir='ltr' id='par_1_12' title="bbox 437 1076 2008 1155">
     <span class='ocr_line' id='line_1_12' title="bbox 437 1076 2008 1155; baseline -0.001 -24"><span class='ocrx_word' id='word_1_78' title='bbox 437 1077 684 1155; x_wconf 78' lang='lat' dir='ltr'><strong>proiecta</strong></span> <span class='ocrx_word' id='word_1_79' title='bbox 713 1079 804 1136; x_wconf 90' lang='lat' dir='ltr'><strong>sit,</strong></span> <span class='ocrx_word' id='word_1_80' title='bbox 839 1077 986 1146; x_wconf 82' lang='lat' dir='ltr'><strong>digni</strong></span> <span class='ocrx_word' id='word_1_81' title='bbox 1020 1078 1128 1130; x_wconf 86' lang='lat' dir='ltr'><strong>sint</strong></span> <span class='ocrx_word' id='word_1_82' title='bbox 1158 1076 1412 1138; x_wconf 76' lang='lat' dir='ltr'><strong>habendi,</strong></span> <span class='ocrx_word' id='word_1_83' title='bbox 1445 1091 1507 1131; x_wconf 89' lang='lat' dir='ltr'><strong>ac</strong></span> <span class='ocrx_word' id='word_1_84' title='bbox 1536 1078 1676 1132; x_wconf 80' lang='lat' dir='ltr'><strong>servi</strong></span> <span class='ocrx_word' id='word_1_85' title='bbox 1710 1077 1800 1131; x_wconf 90' lang='lat' dir='ltr'><strong>Dei</strong></span> <span class='ocrx_word' id='word_1_86' title='bbox 1834 1077 2008 1133; x_wconf 89' lang='lat' dir='ltr'><strong>sancti</strong></span> 
     </span>
    </p>
   </div>
   <div class='ocr_carea' id='block_1_13' title="bbox 440 1166 2008 1237">
    <p class='ocr_par' dir='ltr' id='par_1_13' title="bbox 440 1166 2008 1237">
     <span class='ocr_line' id='line_1_13' title="bbox 440 1166 2008 1237; baseline 0 -17"><span class='ocrx_word' id='word_1_87' title='bbox 440 1167 690 1226; x_wconf 74' lang='lat' dir='ltr'><strong>meandi,</strong></span> <span class='ocrx_word' id='word_1_88' title='bbox 724 1167 923 1236; x_wconf 79' lang='lat' dir='ltr'><strong>quibus</strong></span> <span class='ocrx_word' id='word_1_89' title='bbox 955 1181 1085 1220; x_wconf 85' lang='lat' dir='ltr'><strong>sane</strong></span> <span class='ocrx_word' id='word_1_90' title='bbox 1116 1166 1296 1221; x_wconf 89' lang='lat' dir='ltr'><strong>verbis</strong></span> <span class='ocrx_word' id='word_1_91' title='bbox 1328 1167 1485 1234; x_wconf 80' lang='lat' dir='ltr'><strong>plane</strong></span> <span class='ocrx_word' id='word_1_92' title='bbox 1516 1168 1785 1237; x_wconf 77' lang='lat' dir='ltr'><strong>signilicat</strong></span> <span class='ocrx_word' id='word_1_93' title='bbox 1819 1167 2008 1220; x_wconf 87' lang='lat' dir='ltr'><strong>Salva-</strong></span> 
     </span>
    </p>
   </div>
   <div class='ocr_carea' id='block_1_14' title="bbox 432 1259 2008 1329">
    <p class='ocr_par' dir='ltr' id='par_1_14' title="bbox 432 1259 2008 1329">
     <span class='ocr_line' id='line_1_14' title="bbox 432 1259 2008 1329; baseline 0 -15"><span class='ocrx_word' id='word_1_94' title='bbox 432 1277 527 1315; x_wconf 71' lang='lat' dir='ltr'><strong>tor</strong></span> <span class='ocrx_word' id='word_1_95' title='bbox 556 1269 743 1314; x_wconf 84' lang='lat' dir='ltr'><strong>noster</strong></span> <span class='ocrx_word' id='word_1_96' title='bbox 772 1299 785 1319; x_wconf 90' lang='lat'><strong>,</strong></span> <span class='ocrx_word' id='word_1_97' title='bbox 822 1259 1096 1327; x_wconf 79' lang='lat' dir='ltr'><strong>apostolos</strong></span> <span class='ocrx_word' id='word_1_98' title='bbox 1125 1274 1187 1312; x_wconf 88' lang='lat' dir='ltr'><strong>ac</strong></span> <span class='ocrx_word' id='word_1_99' title='bbox 1217 1259 1517 1328; x_wconf 67' lang='lat' dir='ltr'><strong>discipulos</strong></span> <span class='ocrx_word' id='word_1_100' title='bbox 1540 1299 1556 1321; x_wconf 91' lang='lat'><strong>,</strong></span> <span class='ocrx_word' id='word_1_101' title='bbox 1596 1269 1757 1328; x_wconf 88' lang='lat' dir='ltr'><strong>atque</strong></span> <span class='ocrx_word' id='word_1_102' title='bbox 1780 1274 2008 1329; x_wconf 83' lang='lat' dir='ltr'><strong>evange-</strong></span> 
     </span>
    </p>
   </div>
   <div class='ocr_carea' id='block_1_15' title="bbox 440 1351 2006 1421">
    <p class='ocr_par' dir='ltr' id='par_1_15' title="bbox 440 1351 2006 1421">
     <span class='ocr_line' id='line_1_15' title="bbox 440 1351 2006 1421; baseline 0.001 -16"><span class='ocrx_word' id='word_1_103' title='bbox 440 1354 595 1407; x_wconf 67' lang='lat' dir='ltr'><strong>lii-tas</strong></span> <span class='ocrx_word' id='word_1_104' title='bbox 627 1394 643 1418; x_wconf 89' lang='lat'><strong>,</strong></span> <span class='ocrx_word' id='word_1_105' title='bbox 676 1351 1025 1419; x_wconf 80' lang='lat' dir='ltr'><strong>reliquosque</strong></span> <span class='ocrx_word' id='word_1_106' title='bbox 1057 1365 1244 1404; x_wconf 88' lang='lat' dir='ltr'><strong>omnes</strong></span> <span class='ocrx_word' id='word_1_107' title='bbox 1282 1392 1295 1411; x_wconf 83' lang='lat'><strong>,</strong></span> <span class='ocrx_word' id='word_1_108' title='bbox 1343 1351 1434 1421; x_wconf 90' lang='lat' dir='ltr'><strong>qui</strong></span> <span class='ocrx_word' id='word_1_109' title='bbox 1480 1352 1546 1404; x_wconf 91' lang='lat' dir='ltr'><strong>de</strong></span> <span class='ocrx_word' id='word_1_110' title='bbox 1588 1351 2006 1406; x_wconf 85' lang='lat' dir='ltr'><strong>circumcisione</strong></span> 
     </span>
    </p>
   </div>
   <div class='ocr_carea' id='block_1_16' title="bbox 438 1440 2002 1512">
    <p class='ocr_par' dir='ltr' id='par_1_16' title="bbox 438 1440 2002 1512">
     <span class='ocr_line' id='line_1_16' title="bbox 438 1440 2002 1512; baseline -0.001 -13"><span class='ocrx_word' id='word_1_111' title='bbox 438 1443 702 1512; x_wconf 87' lang='lat' dir='ltr'><strong>assutupti</strong></span> <span class='ocrx_word' id='word_1_112' title='bbox 736 1443 788 1495; x_wconf 90' lang='lat' dir='ltr'><strong>in</strong></span> <span class='ocrx_word' id='word_1_113' title='bbox 820 1442 995 1511; x_wconf 86' lang='lat' dir='ltr'><strong>ipsum</strong></span> <span class='ocrx_word' id='word_1_114' title='bbox 1039 1441 1369 1495; x_wconf 80' lang='lat' dir='ltr'><strong>crediderint</strong></span> <span class='ocrx_word' id='word_1_115' title='bbox 1394 1480 1411 1504; x_wconf 92' lang='lat'><strong>,</strong></span> <span class='ocrx_word' id='word_1_116' title='bbox 1451 1457 1559 1510; x_wconf 90' lang='lat' dir='ltr'><strong>quo</strong></span> <span class='ocrx_word' id='word_1_117' title='bbox 1582 1448 1827 1511; x_wconf 87' lang='lat' dir='ltr'><strong>tempore</strong></span> <span class='ocrx_word' id='word_1_118' title='bbox 1870 1440 2002 1511; x_wconf 82' lang='lat' dir='ltr'><strong>gens</strong></span> 
     </span>
    </p>
   </div>
   <div class='ocr_carea' id='block_1_17' title="bbox 436 1534 1997 1600">
    <p class='ocr_par' dir='ltr' id='par_1_17' title="bbox 436 1534 1997 1600">
     <span class='ocr_line' id='line_1_17' title="bbox 436 1534 1997 1600; baseline -0.001 -9"><span class='ocrx_word' id='word_1_119' title='bbox 436 1552 624 1591; x_wconf 89' lang='lat' dir='ltr'><strong>eorum</strong></span> <span class='ocrx_word' id='word_1_120' title='bbox 658 1537 910 1588; x_wconf 88' lang='lat' dir='ltr'><strong>universa</strong></span> <span class='ocrx_word' id='word_1_121' title='bbox 934 1536 1148 1589; x_wconf 88' lang='lat' dir='ltr'><strong>cecidit.</strong></span> <span class='ocrx_word' id='word_1_122' title='bbox 1182 1534 1589 1588; x_wconf 67' lang='lat' dir='ltr'><strong>I‘orroltaacille</strong></span> <span class='ocrx_word' id='word_1_123' title='bbox 1603 1535 1997 1600; x_wconf 87' lang='lat' dir='ltr'><strong>sermoiunuit,</strong></span> 
     </span>
    </p>
   </div>
   <div class='ocr_carea' id='block_1_18' title="bbox 431 1624 2000 1697">
    <p class='ocr_par' dir='ltr' id='par_1_18' title="bbox 431 1624 2000 1697">
     <span class='ocr_line' id='line_1_18' title="bbox 431 1624 2000 1697; baseline 0.001 -18"><span class='ocrx_word' id='word_1_124' title='bbox 431 1630 529 1697; x_wconf 87' lang='lat' dir='ltr'><strong>qui</strong></span> <span class='ocrx_word' id='word_1_125' title='bbox 577 1630 657 1682; x_wconf 89' lang='lat' dir='ltr'><strong>sic</strong></span> <span class='ocrx_word' id='word_1_126' title='bbox 689 1628 848 1681; x_wconf 84' lang='lat' dir='ltr'><strong>habet</strong></span> <span class='ocrx_word' id='word_1_127' title='bbox 883 1647 895 1682; x_wconf 91' lang='lat'><strong>:</strong></span> <span class='ocrx_word' id='word_1_128' title='bbox 936 1645 953 1677; x_wconf 81' lang='grc' dir='ltr'><strong>ι</strong></span> <span class='ocrx_word' id='word_1_129' title='bbox 996 1626 1051 1680; x_wconf 91' lang='lat' dir='ltr'><strong>In</strong></span> <span class='ocrx_word' id='word_1_130' title='bbox 1093 1628 1181 1681; x_wconf 87' lang='lat' dir='ltr'><strong>die</strong></span> <span class='ocrx_word' id='word_1_131' title='bbox 1210 1626 1301 1682; x_wconf 87' lang='lat' dir='ltr'><strong>illa</strong></span> <span class='ocrx_word' id='word_1_132' title='bbox 1345 1624 1422 1697; x_wconf 88' lang='lat' dir='ltr'><strong>(in</strong></span> <span class='ocrx_word' id='word_1_133' title='bbox 1465 1641 1571 1694; x_wconf 87' lang='lat' dir='ltr'><strong>qua</strong></span> <span class='ocrx_word' id='word_1_134' title='bbox 1625 1625 1877 1679; x_wconf 71' lang='lat' dir='ltr'><strong>videlicet</strong></span> <span class='ocrx_word' id='word_1_135' title='bbox 1935 1641 2000 1681; x_wconf 87' lang='lat' dir='ltr'><strong>ea</strong></span> 
     </span>
    </p>
   </div>
   <div class='ocr_carea' id='block_1_19' title="bbox 437 1719 1998 1797">
    <p class='ocr_par' dir='ltr' id='par_1_19' title="bbox 437 1719 1998 1797">
     <span class='ocr_line' id='line_1_19' title="bbox 437 1719 1998 1797; baseline 0.001 -24"><span class='ocrx_word' id='word_1_136' title='bbox 437 1735 558 1797; x_wconf 56' lang='lat' dir='ltr'><strong>quae</strong></span> <span class='ocrx_word' id='word_1_137' title='bbox 587 1722 839 1789; x_wconf 47' lang='lat' dir='ltr'><strong>praedicta</strong></span> <span class='ocrx_word' id='word_1_138' title='bbox 874 1730 1001 1775; x_wconf 90' lang='lat' dir='ltr'><strong>sunt</strong></span> <span class='ocrx_word' id='word_1_139' title='bbox 1026 1720 1208 1773; x_wconf 86' lang='lat' dir='ltr'><strong>omnia</strong></span> <span class='ocrx_word' id='word_1_140' title='bbox 1239 1719 1307 1773; x_wconf 90' lang='lat' dir='ltr'><strong>de</strong></span> <span class='ocrx_word' id='word_1_141' title='bbox 1335 1720 1618 1774; x_wconf 87' lang='lat' dir='ltr'><strong>vocatione</strong></span> <span class='ocrx_word' id='word_1_142' title='bbox 1649 1719 1911 1789; x_wconf 87' lang='lat' dir='ltr'><strong>gentium,</strong></span> <span class='ocrx_word' id='word_1_143' title='bbox 1944 1727 1998 1774; x_wconf 88' lang='lat' dir='ltr'><strong>et</strong></span> 
     </span>
    </p>
   </div>
   <div class='ocr_carea' id='block_1_20' title="bbox 433 1801 2073 1880">
    <p class='ocr_par' dir='ltr' id='par_1_20' title="bbox 433 1801 2073 1880">
     <span class='ocr_line' id='line_1_20' title="bbox 433 1801 2073 1880; baseline 0.002 -18"><span class='ocrx_word' id='word_1_144' title='bbox 433 1809 505 1865; x_wconf 86' lang='lat' dir='ltr'><strong>de</strong></span> <span class='ocrx_word' id='word_1_145' title='bbox 531 1809 840 1865; x_wconf 79' lang='lat' dir='ltr'><strong>Juda-oruut</strong></span> <span class='ocrx_word' id='word_1_146' title='bbox 884 1811 1039 1863; x_wconf 89' lang='lat' dir='ltr'><strong>ruina</strong></span> <span class='ocrx_word' id='word_1_147' title='bbox 1098 1809 1280 1863; x_wconf 83' lang='lat' dir='ltr'><strong>futura</strong></span> <span class='ocrx_word' id='word_1_148' title='bbox 1316 1810 1464 1880; x_wconf 88' lang='lat' dir='ltr'><strong>sunt)</strong></span> <span class='ocrx_word' id='word_1_149' title='bbox 1515 1809 1797 1865; x_wconf 89' lang='lat' dir='ltr'><strong>illucescet</strong></span> <span class='ocrx_word' id='word_1_150' title='bbox 1857 1809 1999 1865; x_wconf 87' lang='lat' dir='ltr'><strong>Deus</strong></span> <span class='ocrx_word' id='word_1_151' title='bbox 2032 1801 2073 1856; x_wconf 82' lang='grc' dir='ltr'>Β</span> 
     </span>
    </p>
   </div>
   <div class='ocr_carea' id='block_1_21' title="bbox 435 1901 2003 1970">
    <p class='ocr_par' dir='ltr' id='par_1_21' title="bbox 435 1901 2003 1970">
     <span class='ocr_line' id='line_1_21' title="bbox 435 1901 2003 1970; baseline 0.001 -15"><span class='ocrx_word' id='word_1_152' title='bbox 435 1903 491 1956; x_wconf 85' lang='lat' dir='ltr'><strong>in</strong></span> <span class='ocrx_word' id='word_1_153' title='bbox 545 1902 775 1955; x_wconf 82' lang='lat' dir='ltr'><strong>consilio</strong></span> <span class='ocrx_word' id='word_1_154' title='bbox 814 1915 937 1955; x_wconf 87' lang='lat' dir='ltr'><strong>cum</strong></span> <span class='ocrx_word' id='word_1_155' title='bbox 994 1901 1166 1970; x_wconf 77' lang='lat' dir='ltr'><strong>gloria</strong></span> <span class='ocrx_word' id='word_1_156' title='bbox 1223 1901 1276 1954; x_wconf 90' lang='lat' dir='ltr'><strong>in</strong></span> <span class='ocrx_word' id='word_1_157' title='bbox 1321 1909 1467 1955; x_wconf 85' lang='lat' dir='ltr'><strong>terra</strong></span> <span class='ocrx_word' id='word_1_158' title='bbox 1502 1940 1517 1965; x_wconf 92' lang='lat'><strong>,</strong></span> <span class='ocrx_word' id='word_1_159' title='bbox 1560 1908 1618 1955; x_wconf 89' lang='lat' dir='ltr'><strong>ut</strong></span> <span class='ocrx_word' id='word_1_160' title='bbox 1667 1902 1887 1956; x_wconf 81' lang='lat' dir='ltr'><strong>extollat</strong></span> <span class='ocrx_word' id='word_1_161' title='bbox 1947 1910 2003 1958; x_wconf 89' lang='lat' dir='ltr'><strong>et</strong></span> 
     </span>
    </p>
   </div>
   <div class='ocr_carea' id='block_1_22' title="bbox 433 1992 2005 2067">
    <p class='ocr_par' dir='ltr' id='par_1_22' title="bbox 433 1992 2005 2067">
     <span class='ocr_line' id='line_1_22' title="bbox 433 1992 2005 2067; baseline 0.001 -21"><span class='ocrx_word' id='word_1_162' title='bbox 433 1992 697 2067; x_wconf 79' lang='lat' dir='ltr'><strong>gloriﬁcet</strong></span> <span class='ocrx_word' id='word_1_163' title='bbox 736 1993 880 2062; x_wconf 81' lang='lat' dir='ltr'><strong>quod</strong></span> <span class='ocrx_word' id='word_1_164' title='bbox 927 1993 1176 2046; x_wconf 88' lang='lat' dir='ltr'><strong>relictum</strong></span> <span class='ocrx_word' id='word_1_165' title='bbox 1222 1992 1385 2046; x_wconf 76' lang='lat' dir='ltr'><strong>fuerit</strong></span> <span class='ocrx_word' id='word_1_166' title='bbox 1430 2008 1495 2047; x_wconf 78' lang='lat' dir='ltr'><strong>ex</strong></span> <span class='ocrx_word' id='word_1_167' title='bbox 1547 1992 1755 2056; x_wconf 90' lang='lat' dir='ltr'><strong>Israel,</strong></span> <span class='ocrx_word' id='word_1_168' title='bbox 1791 2000 1845 2048; x_wconf 89' lang='lat' dir='ltr'><strong>et</strong></span> <span class='ocrx_word' id='word_1_169' title='bbox 1900 1994 2005 2048; x_wconf 91' lang='lat' dir='ltr'><strong>erit</strong></span> 
     </span>
    </p>
   </div>
   <div class='ocr_carea' id='block_1_23' title="bbox 431 2082 2000 2156">
    <p class='ocr_par' dir='ltr' id='par_1_23' title="bbox 431 2082 2000 2156">
     <span class='ocr_line' id='line_1_23' title="bbox 431 2082 2000 2156; baseline 0.001 -19"><span class='ocrx_word' id='word_1_170' title='bbox 431 2084 578 2156; x_wconf 72' lang='lat' dir='ltr'><strong>qtmd</strong></span> <span class='ocrx_word' id='word_1_171' title='bbox 608 2086 855 2138; x_wconf 86' lang='lat' dir='ltr'><strong>relictqu</strong></span> <span class='ocrx_word' id='word_1_172' title='bbox 903 2083 1065 2137; x_wconf 82' lang='lat' dir='ltr'><strong>fuerit</strong></span> <span class='ocrx_word' id='word_1_173' title='bbox 1112 2084 1166 2137; x_wconf 88' lang='lat' dir='ltr'><strong>in</strong></span> <span class='ocrx_word' id='word_1_174' title='bbox 1211 2082 1383 2147; x_wconf 82' lang='lat' dir='ltr'><strong>Sion,</strong></span> <span class='ocrx_word' id='word_1_175' title='bbox 1436 2091 1491 2139; x_wconf 90' lang='lat' dir='ltr'><strong>et</strong></span> <span class='ocrx_word' id='word_1_176' title='bbox 1542 2085 1686 2155; x_wconf 88' lang='lat' dir='ltr'><strong>quod</strong></span> <span class='ocrx_word' id='word_1_177' title='bbox 1749 2085 2000 2139; x_wconf 86' lang='lat' dir='ltr'><strong>relictum</strong></span> 
     </span>
    </p>
   </div>
   <div class='ocr_carea' id='block_1_24' title="bbox 435 2173 1999 2240">
    <p class='ocr_par' dir='ltr' id='par_1_24' title="bbox 435 2173 1999 2240">
     <span class='ocr_line' id='line_1_24' title="bbox 435 2173 1999 2240; baseline -0.001 -9"><span class='ocrx_word' id='word_1_178' title='bbox 435 2173 596 2235; x_wconf 78' lang='lat' dir='ltr'><strong>fuerit</strong></span> <span class='ocrx_word' id='word_1_179' title='bbox 691 2179 745 2232; x_wconf 89' lang='lat' dir='ltr'><strong>in</strong></span> <span class='ocrx_word' id='word_1_180' title='bbox 844 2176 1212 2240; x_wconf 85' lang='lat' dir='ltr'><strong>Jerusalem,</strong></span> <span class='ocrx_word' id='word_1_181' title='bbox 1296 2179 1470 2232; x_wconf 88' lang='lat' dir='ltr'><strong>sancti</strong></span> <span class='ocrx_word' id='word_1_182' title='bbox 1567 2177 1905 2233; x_wconf 82' lang='lat' dir='ltr'><strong>vocabuntur</strong></span> <span class='ocrx_word' id='word_1_183' title='bbox 1982 2192 1999 2229; x_wconf 90' lang='lat'><strong><em>:</em></strong></span> 
     </span>
    </p>
   </div>
   <div class='ocr_carea' id='block_1_25' title="bbox 443 2266 2002 2340">
    <p class='ocr_par' dir='ltr' id='par_1_25' title="bbox 443 2266 2002 2340">
     <span class='ocr_line' id='line_1_25' title="bbox 443 2266 2002 2340; baseline -0.003 -15"><span class='ocrx_word' id='word_1_184' title='bbox 443 2269 544 2340; x_wconf 69' lang='lat'><strong><em>89</em></strong></span> <span class='ocrx_word' id='word_1_185' title='bbox 599 2284 790 2325; x_wconf 90' lang='lat' dir='ltr'><strong>omnes</strong></span> <span class='ocrx_word' id='word_1_186' title='bbox 839 2269 929 2339; x_wconf 87' lang='lat' dir='ltr'><strong>qui</strong></span> <span class='ocrx_word' id='word_1_187' title='bbox 967 2269 1155 2338; x_wconf 85' lang='lat' dir='ltr'><strong>scripti</strong></span> <span class='ocrx_word' id='word_1_188' title='bbox 1195 2277 1322 2324; x_wconf 90' lang='lat' dir='ltr'><strong>sunt</strong></span> <span class='ocrx_word' id='word_1_189' title='bbox 1365 2269 1431 2324; x_wconf 91' lang='lat' dir='ltr'><strong>ad</strong></span> <span class='ocrx_word' id='word_1_190' title='bbox 1467 2268 1632 2323; x_wconf 90' lang='lat' dir='ltr'><strong>vitam</strong></span> <span class='ocrx_word' id='word_1_191' title='bbox 1680 2269 1734 2323; x_wconf 91' lang='lat' dir='ltr'><strong>iu</strong></span> <span class='ocrx_word' id='word_1_192' title='bbox 1778 2266 2002 2324; x_wconf 86' lang='lat' dir='ltr'><strong>Jerusa-</strong></span> 
     </span>
    </p>
   </div>
   <div class='ocr_carea' id='block_1_26' title="bbox 434 2360 2004 2431">
    <p class='ocr_par' dir='ltr' id='par_1_26' title="bbox 434 2360 2004 2431">
     <span class='ocr_line' id='line_1_26' title="bbox 434 2360 2004 2431; baseline 0 -16"><span class='ocrx_word' id='word_1_193' title='bbox 434 2364 537 2417; x_wconf 70' lang='lat' dir='ltr'><strong>lem</strong></span> <span class='ocrx_word' id='word_1_194' title='bbox 564 2360 632 2425; x_wconf 71' lang='grc'><strong>⁸⁸,</strong></span> <span class='ocrx_word' id='word_1_195' title='bbox 672 2381 692 2414; x_wconf 77' lang='grc' dir='ltr'><strong>ι</strong></span> <span class='ocrx_word' id='word_1_196' title='bbox 730 2369 950 2431; x_wconf 84' lang='lat' dir='ltr'><strong>propter</strong></span> <span class='ocrx_word' id='word_1_197' title='bbox 973 2376 1110 2431; x_wconf 79' lang='lat' dir='ltr'><strong>quos</strong></span> <span class='ocrx_word' id='word_1_198' title='bbox 1142 2360 1453 2430; x_wconf 88' lang='lat' dir='ltr'><strong>prodituros</strong></span> <span class='ocrx_word' id='word_1_199' title='bbox 1494 2362 1561 2416; x_wconf 92' lang='lat' dir='ltr'><strong>de</strong></span> <span class='ocrx_word' id='word_1_200' title='bbox 1595 2360 1897 2416; x_wconf 82' lang='lat' dir='ltr'><strong>Jerusalem</strong></span> <span class='ocrx_word' id='word_1_201' title='bbox 1928 2360 2004 2415; x_wconf 89' lang='lat' dir='ltr'><strong>vi-</strong></span> 
     </span>
    </p>
   </div>
   <div class='ocr_carea' id='block_1_27' title="bbox 429 2453 2001 2526">
    <p class='ocr_par' dir='ltr' id='par_1_27' title="bbox 429 2453 2001 2526">
     <span class='ocr_line' id='line_1_27' title="bbox 429 2453 2001 2526; baseline 0.001 -17"><span class='ocrx_word' id='word_1_202' title='bbox 429 2453 628 2509; x_wconf 83' lang='lat' dir='ltr'><strong>delicet</strong></span> <span class='ocrx_word' id='word_1_203' title='bbox 650 2469 715 2508; x_wconf 90' lang='lat' dir='ltr'><strong>ac</strong></span> <span class='ocrx_word' id='word_1_204' title='bbox 743 2454 810 2509; x_wconf 92' lang='lat' dir='ltr'><strong>de</strong></span> <span class='ocrx_word' id='word_1_205' title='bbox 836 2453 1044 2517; x_wconf 60' lang='lat' dir='ltr'><strong>Judaea,</strong></span> <span class='ocrx_word' id='word_1_206' title='bbox 1079 2453 1274 2509; x_wconf 87' lang='lat' dir='ltr'><strong>merito</strong></span> <span class='ocrx_word' id='word_1_207' title='bbox 1304 2470 1468 2524; x_wconf 89' lang='lat' dir='ltr'><strong>super</strong></span> <span class='ocrx_word' id='word_1_208' title='bbox 1509 2453 1717 2519; x_wconf 68' lang='lat' dir='ltr'><strong>Judaea,</strong></span> <span class='ocrx_word' id='word_1_209' title='bbox 1749 2464 1803 2510; x_wconf 92' lang='lat' dir='ltr'><strong>et</strong></span> <span class='ocrx_word' id='word_1_210' title='bbox 1834 2471 2001 2526; x_wconf 86' lang='lat' dir='ltr'><strong>super</strong></span> 
     </span>
    </p>
   </div>
   <div class='ocr_carea' id='block_1_28' title="bbox 429 2542 1999 2614">
    <p class='ocr_par' dir='ltr' id='par_1_28' title="bbox 429 2542 1999 2614">
     <span class='ocr_line' id='line_1_28' title="bbox 429 2542 1999 2614; baseline -0.002 -13"><span class='ocrx_word' id='word_1_211' title='bbox 429 2544 750 2606; x_wconf 78' lang='lat' dir='ltr'><strong>Jerusalem,</strong></span> <span class='ocrx_word' id='word_1_212' title='bbox 802 2543 1137 2614; x_wconf 86' lang='lat' dir='ltr'><strong>prophetiam</strong></span> <span class='ocrx_word' id='word_1_213' title='bbox 1158 2542 1308 2598; x_wconf 90' lang='lat' dir='ltr'><strong>illam</strong></span> <span class='ocrx_word' id='word_1_214' title='bbox 1326 2543 1457 2610; x_wconf 90' lang='lat' dir='ltr'><strong>dici,</strong></span> <span class='ocrx_word' id='word_1_215' title='bbox 1474 2545 1793 2612; x_wconf 76' lang='lat' dir='ltr'><strong>prommium</strong></span> <span class='ocrx_word' id='word_1_216' title='bbox 1821 2544 1999 2613; x_wconf 90' lang='lat' dir='ltr'><strong>ipsum</strong></span> 
     </span>
    </p>
   </div>
   <div class='ocr_carea' id='block_1_29' title="bbox 431 2634 2001 2705">
    <p class='ocr_par' dir='ltr' id='par_1_29' title="bbox 431 2634 2001 2705">
     <span class='ocr_line' id='line_1_29' title="bbox 431 2634 2001 2705; baseline -0.003 -11"><span class='ocrx_word' id='word_1_217' title='bbox 431 2634 691 2696; x_wconf 87' lang='lat' dir='ltr'><strong>ostendit,</strong></span> <span class='ocrx_word' id='word_1_218' title='bbox 742 2644 836 2689; x_wconf 90' lang='lat' dir='ltr'><strong>aut</strong></span> <span class='ocrx_word' id='word_1_219' title='bbox 873 2636 1035 2690; x_wconf 90' lang='lat' dir='ltr'><strong>etiam</strong></span> <span class='ocrx_word' id='word_1_220' title='bbox 1072 2643 1296 2705; x_wconf 90' lang='lat' dir='ltr'><strong>propter</strong></span> <span class='ocrx_word' id='word_1_221' title='bbox 1345 2649 1529 2690; x_wconf 85' lang='lat' dir='ltr'><strong>veram</strong></span> <span class='ocrx_word' id='word_1_222' title='bbox 1574 2634 1896 2702; x_wconf 87' lang='lat' dir='ltr'><strong>Jerusalem,</strong></span> <span class='ocrx_word' id='word_1_223' title='bbox 1946 2642 2001 2690; x_wconf 90' lang='lat' dir='ltr'><strong>et</strong></span> 
     </span>
    </p>
   </div>
   <div class='ocr_carea' id='block_1_30' title="bbox 436 2725 1999 2797">
    <p class='ocr_par' dir='ltr' id='par_1_30' title="bbox 436 2725 1999 2797">
     <span class='ocr_line' id='line_1_30' title="bbox 436 2725 1999 2797; baseline 0.003 -20"><span class='ocrx_word' id='word_1_224' title='bbox 436 2734 653 2796; x_wconf 88' lang='lat' dir='ltr'><strong>propter</strong></span> <span class='ocrx_word' id='word_1_225' title='bbox 681 2725 924 2780; x_wconf 75' lang='lat' dir='ltr'><strong>Judaeam</strong></span> <span class='ocrx_word' id='word_1_226' title='bbox 960 2726 1130 2791; x_wconf 85' lang='lat' dir='ltr'><strong>illam,</strong></span> <span class='ocrx_word' id='word_1_227' title='bbox 1163 2742 1285 2797; x_wconf 69' lang='lat' dir='ltr'><strong>quae</strong></span> <span class='ocrx_word' id='word_1_228' title='bbox 1309 2729 1353 2782; x_wconf 92' lang='lat' dir='ltr'><strong>si</strong></span> <span class='ocrx_word' id='word_1_229' title='bbox 1376 2743 1441 2782; x_wconf 78' lang='lat' dir='ltr'><strong>ex</strong></span> <span class='ocrx_word' id='word_1_230' title='bbox 1470 2726 1767 2791; x_wconf 89' lang='lat' dir='ltr'><strong>sententia,</strong></span> <span class='ocrx_word' id='word_1_231' title='bbox 1799 2741 1907 2781; x_wconf 90' lang='lat' dir='ltr'><strong>non</strong></span> <span class='ocrx_word' id='word_1_232' title='bbox 1931 2742 1999 2781; x_wconf 79' lang='lat' dir='ltr'><strong>ex</strong></span> 
     </span>
    </p>
   </div>
   <div class='ocr_carea' id='block_1_31' title="bbox 434 2818 1996 2890">
    <p class='ocr_par' dir='ltr' id='par_1_31' title="bbox 434 2818 1996 2890">
     <span class='ocr_line' id='line_1_31' title="bbox 434 2818 1996 2890; baseline 0 -17"><span class='ocrx_word' id='word_1_233' title='bbox 434 2818 639 2887; x_wconf 86' lang='lat' dir='ltr'><strong>scripto</strong></span> <span class='ocrx_word' id='word_1_234' title='bbox 666 2818 1066 2883; x_wconf 86' lang='lat' dir='ltr'><strong>consideretur,</strong></span> <span class='ocrx_word' id='word_1_235' title='bbox 1103 2820 1234 2875; x_wconf 91' lang='lat' dir='ltr'><strong>huic</strong></span> <span class='ocrx_word' id='word_1_236' title='bbox 1286 2820 1445 2875; x_wconf 90' lang='lat' dir='ltr'><strong>alteri</strong></span> <span class='ocrx_word' id='word_1_237' title='bbox 1500 2820 1849 2890; x_wconf 82' lang='lat' dir='ltr'><strong>preportione</strong></span> <span class='ocrx_word' id='word_1_238' title='bbox 1905 2834 1996 2874; x_wconf 87' lang='lat' dir='ltr'><strong>re-</strong></span> 
     </span>
    </p>
   </div>
   <div class='ocr_carea' id='block_1_32' title="bbox 434 2910 1990 2982">
    <p class='ocr_par' dir='ltr' id='par_1_32' title="bbox 434 2910 1990 2982">
     <span class='ocr_line' id='line_1_32' title="bbox 434 2910 1990 2982; baseline 0.001 -19"><span class='ocrx_word' id='word_1_239' title='bbox 434 2912 715 2980; x_wconf 86' lang='lat' dir='ltr'><strong>spondeat.</strong></span> <span class='ocrx_word' id='word_1_240' title='bbox 747 2910 865 2977; x_wconf 85' lang='lat' dir='ltr'><strong>Qua</strong></span> <span class='ocrx_word' id='word_1_241' title='bbox 908 2911 977 2967; x_wconf 88' lang='lat' dir='ltr'><strong>de</strong></span> <span class='ocrx_word' id='word_1_242' title='bbox 1006 2927 1066 2966; x_wconf 90' lang='lat' dir='ltr'><strong>re</strong></span> <span class='ocrx_word' id='word_1_243' title='bbox 1094 2928 1217 2966; x_wconf 89' lang='lat' dir='ltr'><strong>cum</strong></span> <span class='ocrx_word' id='word_1_244' title='bbox 1245 2913 1348 2967; x_wconf 90' lang='lat' dir='ltr'><strong>erit</strong></span> <span class='ocrx_word' id='word_1_245' title='bbox 1396 2919 1634 2982; x_wconf 86' lang='lat' dir='ltr'><strong>tempus,</strong></span> <span class='ocrx_word' id='word_1_246' title='bbox 1668 2910 1990 2975; x_wconf 80' lang='lat' dir='ltr'><strong>videbimus,</strong></span> 
     </span>
    </p>
   </div>
   <div class='ocr_carea' id='block_1_33' title="bbox 433 3003 1994 3076">
    <p class='ocr_par' dir='ltr' id='par_1_33' title="bbox 433 3003 1994 3076">
     <span class='ocr_line' id='line_1_33' title="bbox 433 3003 1994 3076; baseline 0.001 -19"><span class='ocrx_word' id='word_1_247' title='bbox 433 3011 485 3057; x_wconf 75' lang='lat' dir='ltr'><strong>et</strong></span> <span class='ocrx_word' id='word_1_248' title='bbox 529 3003 654 3073; x_wconf 88' lang='lat' dir='ltr'><strong>quis</strong></span> <span class='ocrx_word' id='word_1_249' title='bbox 698 3004 917 3059; x_wconf 90' lang='lat' dir='ltr'><strong>tandem</strong></span> <span class='ocrx_word' id='word_1_250' title='bbox 968 3005 1208 3059; x_wconf 82' lang='lat' dir='ltr'><strong>divinam</strong></span> <span class='ocrx_word' id='word_1_251' title='bbox 1268 3006 1641 3076; x_wconf 89' lang='lat' dir='ltr'><strong>apostolorum</strong></span> <span class='ocrx_word' id='word_1_252' title='bbox 1694 3003 1994 3060; x_wconf 81' lang='lat' dir='ltr'><strong>Salvatoris</strong></span> 
     </span>
    </p>
   </div>
   <div class='ocr_carea' id='block_1_34' title="bbox 2116 532 3679 607">
    <p class='ocr_par' dir='ltr' id='par_1_34' title="bbox 2116 532 3679 607">
     <span class='ocr_line' id='line_1_34' title="bbox 2116 532 3679 607; baseline -0.001 -20"><span class='ocrx_word' id='word_1_253' title='bbox 2116 534 2471 606; x_wconf 79' lang='grc' dir='ltr'>κληθήσονται</span> <span class='ocrx_word' id='word_1_254' title='bbox 2504 535 2697 590; x_wconf 87' lang='grc' dir='ltr'>δοῦλοι.</span> <span class='ocrx_word' id='word_1_255' title='bbox 2746 536 2905 607; x_wconf 89' lang='grc' dir='ltr'>Δηλοῖ</span> <span class='ocrx_word' id='word_1_256' title='bbox 2946 535 3000 589; x_wconf 82' lang='grc' dir='ltr'>δὲ</span> <span class='ocrx_word' id='word_1_257' title='bbox 3041 534 3127 589; x_wconf 80' lang='grc' dir='ltr'>διὰ</span> <span class='ocrx_word' id='word_1_258' title='bbox 3164 534 3366 588; x_wconf 80' lang='grc' dir='ltr'>τούτων</span> <span class='ocrx_word' id='word_1_259' title='bbox 3413 534 3539 598; x_wconf 76' lang='grc' dir='ltr'>τοὺς</span> <span class='ocrx_word' id='word_1_260' title='bbox 3582 532 3679 586; x_wconf 86' lang='grc' dir='ltr'><strong>τοῦ</strong></span> 
     </span>
    </p>
   </div>
   <div class='ocr_carea' id='block_1_35' title="bbox 2114 622 3681 695">
    <p class='ocr_par' dir='ltr' id='par_1_35' title="bbox 2114 622 3681 695">
     <span class='ocr_line' id='line_1_35' title="bbox 2114 622 3681 695; baseline 0 -20"><span class='ocrx_word' id='word_1_261' title='bbox 2114 623 2365 695; x_wconf 84' lang='grc' dir='ltr'><strong>Σωτῆρος</strong></span> <span class='ocrx_word' id='word_1_262' title='bbox 2403 624 2555 694; x_wconf 83' lang='grc' dir='ltr'>ήμῶν</span> <span class='ocrx_word' id='word_1_263' title='bbox 2588 624 2914 688; x_wconf 77' lang='grc' dir='ltr'><strong>ἀποστόλους</strong></span> <span class='ocrx_word' id='word_1_264' title='bbox 2958 624 3051 677; x_wconf 76' lang='grc' dir='ltr'>καὶ</span> <span class='ocrx_word' id='word_1_265' title='bbox 3086 622 3352 694; x_wconf 87' lang='grc' dir='ltr'>μαθητὰς,</span> <span class='ocrx_word' id='word_1_266' title='bbox 3392 622 3485 676; x_wconf 79' lang='grc' dir='ltr'>καὶ</span> <span class='ocrx_word' id='word_1_267' title='bbox 3518 624 3681 690; x_wconf 78' lang='grc' dir='ltr'>εὐαγ-</span> 
     </span>
    </p>
   </div>
   <div class='ocr_carea' id='block_1_36' title="bbox 2110 714 3680 785">
    <p class='ocr_par' dir='ltr' id='par_1_36' title="bbox 2110 714 3680 785">
     <span class='ocr_line' id='line_1_36' title="bbox 2110 714 3680 785; baseline 0.001 -19"><span class='ocrx_word' id='word_1_268' title='bbox 2110 714 2393 783; x_wconf 78' lang='grc' dir='ltr'>γελιστὰς,</span> <span class='ocrx_word' id='word_1_269' title='bbox 2431 715 2524 767; x_wconf 72' lang='grc' dir='ltr'><strong>καὶ</strong></span> <span class='ocrx_word' id='word_1_270' title='bbox 2554 714 2679 777; x_wconf 78' lang='grc' dir='ltr'>τοὺς</span> <span class='ocrx_word' id='word_1_271' title='bbox 2716 714 2932 778; x_wconf 76' lang='grc' dir='ltr'>λοιποὺς</span> <span class='ocrx_word' id='word_1_272' title='bbox 2962 714 3202 777; x_wconf 80' lang='grc' dir='ltr'>ἅπαντας</span> <span class='ocrx_word' id='word_1_273' title='bbox 3248 716 3372 776; x_wconf 85' lang='grc' dir='ltr'>τοὺς</span> <span class='ocrx_word' id='word_1_274' title='bbox 3413 716 3470 768; x_wconf 82' lang='grc' dir='ltr'>ὲν</span> <span class='ocrx_word' id='word_1_275' title='bbox 3524 731 3680 785; x_wconf 86' lang='grc' dir='ltr'>περι-</span> 
     </span>
    </p>
   </div>
   <div class='ocr_carea' id='block_1_37' title="bbox 2109 804 3678 876">
    <p class='ocr_par' dir='ltr' id='par_1_37' title="bbox 2109 804 3678 876">
     <span class='ocr_line' id='line_1_37' title="bbox 2109 804 3678 876; baseline -0.001 -18"><span class='ocrx_word' id='word_1_276' title='bbox 2109 808 2248 876; x_wconf 83' lang='grc' dir='ltr'>τομῇ</span> <span class='ocrx_word' id='word_1_277' title='bbox 2279 806 2359 869; x_wconf 89' lang='grc' dir='ltr'>εἰς</span> <span class='ocrx_word' id='word_1_278' title='bbox 2385 805 2547 858; x_wconf 79' lang='grc' dir='ltr'>αὐτὸν</span> <span class='ocrx_word' id='word_1_279' title='bbox 2579 806 3035 868; x_wconf 76' lang='grc' dir='ltr'><strong>πεπιστευκότας,</strong></span> <span class='ocrx_word' id='word_1_280' title='bbox 3071 804 3210 857; x_wconf 83' lang='grc' dir='ltr'>κατὰ</span> <span class='ocrx_word' id='word_1_281' title='bbox 3244 805 3335 857; x_wconf 87' lang='grc' dir='ltr'><strong>τὸν</strong></span> <span class='ocrx_word' id='word_1_282' title='bbox 3364 805 3550 876; x_wconf 83' lang='grc' dir='ltr'>χρόνον</span> <span class='ocrx_word' id='word_1_283' title='bbox 3577 805 3678 874; x_wconf 75' lang='grc' dir='ltr'>τῆς</span> 
     </span>
    </p>
   </div>
   <div class='ocr_carea' id='block_1_38' title="bbox 2108 878 3678 960">
    <p class='ocr_par' dir='ltr' id='par_1_38' title="bbox 2108 895 3678 960">
     <span class='ocr_line' id='line_1_38' title="bbox 2108 895 3678 960; baseline -0.001 -9"><span class='ocrx_word' id='word_1_284' title='bbox 2108 897 2474 960; x_wconf 78' lang='grc' dir='ltr'>ἀποπτῶσεως</span> <span class='ocrx_word' id='word_1_285' title='bbox 2509 897 2599 951; x_wconf 88' lang='grc' dir='ltr'><strong>τοῦ</strong></span> <span class='ocrx_word' id='word_1_286' title='bbox 2624 899 2820 960; x_wconf 82' lang='grc' dir='ltr'>παντὸς</span> <span class='ocrx_word' id='word_1_287' title='bbox 2843 896 3019 950; x_wconf 78' lang='grc' dir='ltr'>αὐτῶν</span> <span class='ocrx_word' id='word_1_288' title='bbox 3035 896 3235 959; x_wconf 75' lang='grc' dir='ltr'>ἔθνους.</span> <span class='ocrx_word' id='word_1_289' title='bbox 3259 895 3442 949; x_wconf 82' lang='grc' dir='ltr'>Ταῦτα</span> <span class='ocrx_word' id='word_1_290' title='bbox 3480 896 3537 949; x_wconf 81' lang='grc' dir='ltr'>δὲ</span> <span class='ocrx_word' id='word_1_291' title='bbox 3590 899 3678 950; x_wconf 84' lang='grc' dir='ltr'>αί-</span> 
     </span>
    </p>
   </div>
   <div class='ocr_carea' id='block_1_39' title="bbox 2107 989 3678 1063">
    <p class='ocr_par' dir='ltr' id='par_1_39' title="bbox 2107 989 3678 1063">
     <span class='ocr_line' id='line_1_39' title="bbox 2107 989 3678 1063; baseline -0.001 -19"><span class='ocrx_word' id='word_1_292' title='bbox 2107 990 2335 1044; x_wconf 88' lang='grc' dir='ltr'>νίττεται</span> <span class='ocrx_word' id='word_1_293' title='bbox 2368 991 2588 1060; x_wconf 84' lang='grc' dir='ltr'><strong>φάσκων</strong></span> <span class='ocrx_word' id='word_1_294' title='bbox 2616 991 2643 1043; x_wconf 88' lang='grc' dir='ltr'>ὁ</span> <span class='ocrx_word' id='word_1_295' title='bbox 2670 989 2822 1058; x_wconf 87' lang='grc' dir='ltr'>λόγος</span> <span class='ocrx_word' id='word_1_296' title='bbox 2841 1006 2854 1019; x_wconf 88' lang='grc'><strong>·</strong></span> <span class='ocrx_word' id='word_1_297' title='bbox 2887 1008 2904 1040; x_wconf 76' lang='grc' dir='ltr'><strong>ι</strong></span> <span class='ocrx_word' id='word_1_298' title='bbox 2948 991 3034 1042; x_wconf 84' lang='grc' dir='ltr'>Ἐν</span> <span class='ocrx_word' id='word_1_299' title='bbox 3084 992 3150 1063; x_wconf 83' lang='grc' dir='ltr'>τῇ</span> <span class='ocrx_word' id='word_1_300' title='bbox 3178 990 3358 1060; x_wconf 74' lang='grc' dir='ltr'>ἡμέρα</span> <span class='ocrx_word' id='word_1_301' title='bbox 3387 989 3566 1062; x_wconf 78' lang='grc' dir='ltr'>ἐκείνῃ</span> <span class='ocrx_word' id='word_1_302' title='bbox 3589 991 3678 1060; x_wconf 80' lang='grc' dir='ltr'>(ἐν</span> 
     </span>
    </p>
   </div>
   <div class='ocr_carea' id='block_1_40' title="bbox 2106 1076 3677 1156">
    <p class='ocr_par' dir='ltr' id='par_1_40' title="bbox 2106 1076 3677 1156">
     <span class='ocr_line' id='line_1_40' title="bbox 2106 1076 3677 1156; baseline -0.001 -21"><span class='ocrx_word' id='word_1_303' title='bbox 2106 1076 2404 1156; x_wconf 82' lang='grc' dir='ltr'>ᾗδηλονότι</span> <span class='ocrx_word' id='word_1_304' title='bbox 2447 1082 2515 1135; x_wconf 84' lang='grc' dir='ltr'>τὰ</span> <span class='ocrx_word' id='word_1_305' title='bbox 2547 1080 2992 1154; x_wconf 80' lang='grc' dir='ltr'>προηγορευμένα</span> <span class='ocrx_word' id='word_1_306' title='bbox 3034 1082 3208 1135; x_wconf 80' lang='grc' dir='ltr'>πάντα</span> <span class='ocrx_word' id='word_1_307' title='bbox 3251 1081 3376 1153; x_wconf 71' lang='grc' dir='ltr'>περὶ</span> <span class='ocrx_word' id='word_1_308' title='bbox 3414 1082 3513 1151; x_wconf 77' lang='grc' dir='ltr'>τῆς</span> <span class='ocrx_word' id='word_1_309' title='bbox 3542 1083 3677 1154; x_wconf 76' lang='grc' dir='ltr'>κλή-</span> 
     </span>
    </p>
   </div>
   <div class='ocr_carea' id='block_1_41' title="bbox 2107 1170 3679 1241">
    <p class='ocr_par' dir='ltr' id='par_1_41' title="bbox 2107 1170 3679 1241">
     <span class='ocr_line' id='line_1_41' title="bbox 2107 1170 3679 1241; baseline 0.001 -17"><span class='ocrx_word' id='word_1_310' title='bbox 2107 1189 2244 1235; x_wconf 90' lang='grc' dir='ltr'>σεως</span> <span class='ocrx_word' id='word_1_311' title='bbox 2274 1171 2382 1224; x_wconf 88' lang='grc' dir='ltr'><strong>τῶν</strong></span> <span class='ocrx_word' id='word_1_312' title='bbox 2416 1170 2604 1234; x_wconf 77' lang='grc' dir='ltr'>ἐθνῶν,</span> <span class='ocrx_word' id='word_1_313' title='bbox 2649 1171 2742 1223; x_wconf 75' lang='grc' dir='ltr'><strong>καὶ</strong></span> <span class='ocrx_word' id='word_1_314' title='bbox 2788 1171 2914 1241; x_wconf 77' lang='grc' dir='ltr'>περὶ</span> <span class='ocrx_word' id='word_1_315' title='bbox 2946 1171 3040 1240; x_wconf 83' lang='grc' dir='ltr'>τῆς</span> <span class='ocrx_word' id='word_1_316' title='bbox 3074 1170 3181 1222; x_wconf 90' lang='grc' dir='ltr'><strong>τῶν</strong></span> <span class='ocrx_word' id='word_1_317' title='bbox 3233 1170 3500 1224; x_wconf 83' lang='grc' dir='ltr'>Ἰουδαίων</span> <span class='ocrx_word' id='word_1_318' title='bbox 3541 1171 3679 1225; x_wconf 86' lang='grc' dir='ltr'>ἁπο-</span> 
     </span>
    </p>
   </div>
   <div class='ocr_carea' id='block_1_42' title="bbox 2104 1261 3677 1335">
    <p class='ocr_par' dir='ltr' id='par_1_42' title="bbox 2104 1261 3677 1335">
     <span class='ocr_line' id='line_1_42' title="bbox 2104 1261 3677 1335; baseline 0.002 -20"><span class='ocrx_word' id='word_1_319' title='bbox 2104 1262 2363 1327; x_wconf 83' lang='grc' dir='ltr'>πτὼσεως</span> <span class='ocrx_word' id='word_1_320' title='bbox 2380 1262 2693 1334; x_wconf 85' lang='grc' dir='ltr'>γενήσεται)</span> <span class='ocrx_word' id='word_1_321' title='bbox 2740 1262 3032 1333; x_wconf 78' lang='grc' dir='ltr'>ἐπιλάμψει</span> <span class='ocrx_word' id='word_1_322' title='bbox 3064 1264 3092 1315; x_wconf 87' lang='grc' dir='ltr'>ὁ</span> <span class='ocrx_word' id='word_1_323' title='bbox 3114 1261 3245 1325; x_wconf 87' lang='grc' dir='ltr'>Θεὸς</span> <span class='ocrx_word' id='word_1_324' title='bbox 3270 1263 3327 1314; x_wconf 82' lang='grc' dir='ltr'>ἐν</span> <span class='ocrx_word' id='word_1_325' title='bbox 3351 1262 3510 1335; x_wconf 80' lang='grc' dir='ltr'>βουλῇ</span> <span class='ocrx_word' id='word_1_326' title='bbox 3536 1265 3677 1334; x_wconf 77' lang='grc' dir='ltr'>μετὰ</span> 
     </span>
    </p>
   </div>
   <div class='ocr_carea' id='block_1_43' title="bbox 2101 1352 3677 1425">
    <p class='ocr_par' dir='ltr' id='par_1_43' title="bbox 2101 1352 3677 1425">
     <span class='ocr_line' id='line_1_43' title="bbox 2101 1352 3677 1425; baseline -0.001 -17"><span class='ocrx_word' id='word_1_327' title='bbox 2101 1353 2256 1425; x_wconf 77' lang='grc' dir='ltr'>δόξης</span> <span class='ocrx_word' id='word_1_328' title='bbox 2283 1355 2372 1407; x_wconf 76' lang='grc' dir='ltr'><strong>ἐπὶ</strong></span> <span class='ocrx_word' id='word_1_329' title='bbox 2403 1354 2501 1425; x_wconf 84' lang='grc' dir='ltr'>τῆς</span> <span class='ocrx_word' id='word_1_330' title='bbox 2529 1354 2652 1424; x_wconf 82' lang='grc' dir='ltr'>γῆς,</span> <span class='ocrx_word' id='word_1_331' title='bbox 2684 1352 2776 1408; x_wconf 88' lang='grc' dir='ltr'><strong>τοῦ</strong></span> <span class='ocrx_word' id='word_1_332' title='bbox 2812 1354 3024 1422; x_wconf 68' lang='grc' dir='ltr'>ὑψῶσαι</span> <span class='ocrx_word' id='word_1_333' title='bbox 3049 1353 3143 1405; x_wconf 72' lang='grc' dir='ltr'><strong>καὶ</strong></span> <span class='ocrx_word' id='word_1_334' title='bbox 3168 1352 3385 1418; x_wconf 81' lang='grc' dir='ltr'>δοξάσαι</span> <span class='ocrx_word' id='word_1_335' title='bbox 3418 1353 3479 1407; x_wconf 80' lang='grc' dir='ltr'><strong>τὸ</strong></span> <span class='ocrx_word' id='word_1_336' title='bbox 3506 1370 3677 1408; x_wconf 86' lang='grc' dir='ltr'>κατα-</span> 
     </span>
    </p>
   </div>
   <div class='ocr_carea' id='block_1_44' title="bbox 2100 1444 3675 1518">
    <p class='ocr_par' dir='ltr' id='par_1_44' title="bbox 2100 1444 3675 1518">
     <span class='ocr_line' id='line_1_44' title="bbox 2100 1444 3675 1518; baseline 0 -19"><span class='ocrx_word' id='word_1_337' title='bbox 2100 1445 2313 1515; x_wconf 83' lang='grc' dir='ltr'>λειφθὲν</span> <span class='ocrx_word' id='word_1_338' title='bbox 2340 1446 2432 1500; x_wconf 87' lang='grc' dir='ltr'><strong>τοῦ</strong></span> <span class='ocrx_word' id='word_1_339' title='bbox 2460 1446 2694 1518; x_wconf 82' lang='grc' dir='ltr'>Ἰσραὴλ,</span> <span class='ocrx_word' id='word_1_340' title='bbox 2713 1447 2807 1500; x_wconf 78' lang='grc' dir='ltr'>καὶ</span> <span class='ocrx_word' id='word_1_341' title='bbox 2830 1445 3001 1511; x_wconf 84' lang='grc' dir='ltr'>ἔσται,</span> <span class='ocrx_word' id='word_1_342' title='bbox 3024 1444 3081 1498; x_wconf 77' lang='grc' dir='ltr'>τὸ</span> <span class='ocrx_word' id='word_1_343' title='bbox 3109 1445 3425 1515; x_wconf 82' lang='grc' dir='ltr'>ὑπολειφθὲν</span> <span class='ocrx_word' id='word_1_344' title='bbox 3456 1447 3512 1499; x_wconf 82' lang='grc' dir='ltr'><strong>ὲν</strong></span> <span class='ocrx_word' id='word_1_345' title='bbox 3535 1444 3675 1500; x_wconf 87' lang='grc' dir='ltr'>Σιὼν</span> 
     </span>
    </p>
   </div>
   <div class='ocr_carea' id='block_1_45' title="bbox 2099 1536 3707 1609">
    <p class='ocr_par' dir='ltr' id='par_1_45' title="bbox 2099 1536 3707 1609">
     <span class='ocr_line' id='line_1_45' title="bbox 2099 1536 3707 1609; baseline 0.001 -19"><span class='ocrx_word' id='word_1_346' title='bbox 2099 1537 2192 1590; x_wconf 78' lang='grc' dir='ltr'>καὶ</span> <span class='ocrx_word' id='word_1_347' title='bbox 2216 1536 2274 1590; x_wconf 81' lang='grc' dir='ltr'>τὸ</span> <span class='ocrx_word' id='word_1_348' title='bbox 2294 1536 2649 1606; x_wconf 84' lang='grc' dir='ltr'>καταλειφθὲν</span> <span class='ocrx_word' id='word_1_349' title='bbox 2664 1539 2721 1590; x_wconf 76' lang='grc' dir='ltr'>ἐν</span> <span class='ocrx_word' id='word_1_350' title='bbox 2737 1536 3108 1609; x_wconf 77' lang='grc' dir='ltr'>Ἰερουσαλὴμ,</span> <span class='ocrx_word' id='word_1_351' title='bbox 3136 1538 3276 1606; x_wconf 80' lang='grc' dir='ltr'>ἆγιοι</span> <span class='ocrx_word' id='word_1_352' title='bbox 3293 1536 3672 1608; x_wconf 76' lang='grc' dir='ltr'><strong>κληθήσονται⁸</strong></span> <span class='ocrx_word' id='word_1_353' title='bbox 3700 1541 3707 1546; x_wconf 83' lang='grc'><em>’</em></span> 
     </span>
    </p>
   </div>
   <div class='ocr_carea' id='block_1_46' title="bbox 2099 1626 3669 1700">
    <p class='ocr_par' dir='ltr' id='par_1_46' title="bbox 2099 1626 3669 1700">
     <span class='ocr_line' id='line_1_46' title="bbox 2099 1626 3669 1700; baseline 0 -20"><span class='ocrx_word' id='word_1_354' title='bbox 2099 1628 2297 1690; x_wconf 84' lang='grc' dir='ltr'>πάντες</span> <span class='ocrx_word' id='word_1_355' title='bbox 2338 1631 2385 1681; x_wconf 88' lang='grc' dir='ltr'><strong>οί</strong></span> <span class='ocrx_word' id='word_1_356' title='bbox 2424 1629 2722 1700; x_wconf 78' lang='grc' dir='ltr'>γραφέντες</span> <span class='ocrx_word' id='word_1_357' title='bbox 2754 1631 2837 1692; x_wconf 71' lang='grc' dir='ltr'>εἰς</span> <span class='ocrx_word' id='word_1_358' title='bbox 2863 1627 3006 1698; x_wconf 79' lang='grc' dir='ltr'>ζωὴν</span> <span class='ocrx_word' id='word_1_359' title='bbox 3049 1631 3106 1681; x_wconf 79' lang='grc' dir='ltr'>ὲν</span> <span class='ocrx_word' id='word_1_360' title='bbox 3148 1627 3516 1699; x_wconf 80' lang='grc' dir='ltr'>Ἰερουσαλὴμ,</span> <span class='ocrx_word' id='word_1_361' title='bbox 3556 1647 3574 1678; x_wconf 75' lang='grc' dir='ltr'><strong>ι</strong></span> <span class='ocrx_word' id='word_1_362' title='bbox 3600 1626 3669 1680; x_wconf 79' lang='grc' dir='ltr'>δι’</span> 
     </span>
    </p>
   </div>
   <div class='ocr_carea' id='block_1_47' title="bbox 2097 1720 3672 1793">
    <p class='ocr_par' dir='ltr' id='par_1_47' title="bbox 2097 1720 3672 1793">
     <span class='ocr_line' id='line_1_47' title="bbox 2097 1720 3672 1793; baseline -0.001 -20"><span class='ocrx_word' id='word_1_363' title='bbox 2097 1720 2190 1784; x_wconf 79' lang='grc' dir='ltr'><strong>οὓς</strong></span> <span class='ocrx_word' id='word_1_364' title='bbox 2220 1721 2314 1774; x_wconf 75' lang='grc' dir='ltr'>καὶ</span> <span class='ocrx_word' id='word_1_365' title='bbox 2344 1721 2567 1785; x_wconf 83' lang='grc' dir='ltr'><strong>εἰκότως</strong></span> <span class='ocrx_word' id='word_1_366' title='bbox 2595 1723 2703 1775; x_wconf 82' lang='grc' dir='ltr'><strong>ἀπὸ</strong></span> <span class='ocrx_word' id='word_1_367' title='bbox 2734 1724 2834 1793; x_wconf 65' lang='grc' dir='ltr'><strong>της</strong></span> <span class='ocrx_word' id='word_1_368' title='bbox 2879 1720 3135 1784; x_wconf 81' lang='grc' dir='ltr'>Ἰουδαίας</span> <span class='ocrx_word' id='word_1_369' title='bbox 3169 1721 3262 1773; x_wconf 74' lang='grc' dir='ltr'>καὶ</span> <span class='ocrx_word' id='word_1_370' title='bbox 3288 1720 3426 1791; x_wconf 78' lang='grc' dir='ltr'>ὑπὲρ</span> <span class='ocrx_word' id='word_1_371' title='bbox 3469 1720 3672 1790; x_wconf 81' lang='grc' dir='ltr'>Ἰερου-</span> 
     </span>
    </p>
   </div>
   <div class='ocr_carea' id='block_1_48' title="bbox 2103 1811 3671 1885">
    <p class='ocr_par' dir='ltr' id='par_1_48' title="bbox 2103 1811 3671 1885">
     <span class='ocr_line' id='line_1_48' title="bbox 2103 1811 3671 1885; baseline -0.001 -19"><span class='ocrx_word' id='word_1_372' title='bbox 2103 1813 2281 1885; x_wconf 84' lang='grc' dir='ltr'>σαλὴμ</span> <span class='ocrx_word' id='word_1_373' title='bbox 2296 1815 2370 1880; x_wconf 86' lang='lat' dir='ltr'><strong>(I)</strong></span> <span class='ocrx_word' id='word_1_374' title='bbox 2386 1814 2479 1883; x_wconf 82' lang='grc' dir='ltr'>τὴν</span> <span class='ocrx_word' id='word_1_375' title='bbox 2494 1813 2821 1885; x_wconf 80' lang='grc' dir='ltr'>προφητείαν</span> <span class='ocrx_word' id='word_1_376' title='bbox 2833 1812 3017 1884; x_wconf 78' lang='grc' dir='ltr'>ἐδήλου</span> <span class='ocrx_word' id='word_1_377' title='bbox 3033 1811 3281 1881; x_wconf 83' lang='grc' dir='ltr'>λέγεσθαι</span> <span class='ocrx_word' id='word_1_378' title='bbox 3295 1812 3354 1864; x_wconf 77' lang='grc' dir='ltr'>τὺ</span> <span class='ocrx_word' id='word_1_379' title='bbox 3371 1811 3671 1882; x_wconf 86' lang='grc' dir='ltr'>προοίμιον,</span> 
     </span>
    </p>
   </div>
   <div class='ocr_carea' id='block_1_49' title="bbox 2102 1902 3674 1978">
    <p class='ocr_par' dir='ltr' id='par_1_49' title="bbox 2102 1902 3674 1978">
     <span class='ocr_line' id='line_1_49' title="bbox 2102 1902 3674 1978; baseline -0.002 -19"><span class='ocrx_word' id='word_1_380' title='bbox 2102 1906 2134 1978; x_wconf 82' lang='grc' dir='ltr'><strong>ἢ</strong></span> <span class='ocrx_word' id='word_1_381' title='bbox 2165 1907 2255 1959; x_wconf 77' lang='grc' dir='ltr'><strong>καὶ</strong></span> <span class='ocrx_word' id='word_1_382' title='bbox 2280 1905 2366 1958; x_wconf 78' lang='grc' dir='ltr'>διὰ</span> <span class='ocrx_word' id='word_1_383' title='bbox 2392 1907 2489 1977; x_wconf 83' lang='grc' dir='ltr'>τὴν</span> <span class='ocrx_word' id='word_1_384' title='bbox 2520 1904 2693 1976; x_wconf 81' lang='grc' dir='ltr'>ἁληθῆ</span> <span class='ocrx_word' id='word_1_385' title='bbox 2735 1904 3103 1978; x_wconf 82' lang='grc' dir='ltr'>Ἰερουσαλὴμ,</span> <span class='ocrx_word' id='word_1_386' title='bbox 3149 1902 3240 1956; x_wconf 85' lang='lat' dir='ltr'><strong>xal</strong></span> <span class='ocrx_word' id='word_1_387' title='bbox 3270 1903 3365 1973; x_wconf 70' lang='grc' dir='ltr'>τὴν</span> <span class='ocrx_word' id='word_1_388' title='bbox 3395 1902 3674 1971; x_wconf 82' lang='grc' dir='ltr'>ἀναλόγως</span> 
     </span>
    </p>
   </div>
   <div class='ocr_carea' id='block_1_50' title="bbox 2102 1986 3672 2070">
    <p class='ocr_par' dir='ltr' id='par_1_50' title="bbox 2102 1986 3672 2070">
     <span class='ocr_line' id='line_1_50' title="bbox 2102 1986 3672 2070; baseline -0.003 -18"><span class='ocrx_word' id='word_1_389' title='bbox 2102 2000 2237 2070; x_wconf 78' lang='grc' dir='ltr'>αὐτῇ</span> <span class='ocrx_word' id='word_1_390' title='bbox 2266 1999 2404 2052; x_wconf 77' lang='grc' dir='ltr'>κατὰ</span> <span class='ocrx_word' id='word_1_391' title='bbox 2440 1999 2677 2051; x_wconf 82' lang='grc' dir='ltr'>διάνοιαν</span> <span class='ocrx_word' id='word_1_392' title='bbox 2714 1996 3085 2067; x_wconf 86' lang='grc' dir='ltr'>θεωρουμένην</span> <span class='ocrx_word' id='word_1_393' title='bbox 3131 1995 3414 2047; x_wconf 83' lang='grc' dir='ltr'>Ἰουδαίαν·</span> <span class='ocrx_word' id='word_1_394' title='bbox 3456 1995 3577 2065; x_wconf 78' lang='grc' dir='ltr'>περὶ</span> <span class='ocrx_word' id='word_1_395' title='bbox 3607 1986 3672 2048; x_wconf 77' lang='grc' dir='ltr'>οὗ</span> 
     </span>
    </p>
   </div>
   <div class='ocr_carea' id='block_1_51' title="bbox 2102 2081 3670 2158">
    <p class='ocr_par' dir='ltr' id='par_1_51' title="bbox 2102 2081 3670 2158">
     <span class='ocr_line' id='line_1_51' title="bbox 2102 2081 3670 2158; baseline -0.003 -17"><span class='ocrx_word' id='word_1_396' title='bbox 2102 2089 2242 2141; x_wconf 76' lang='grc' dir='ltr'>κατὰ</span> <span class='ocrx_word' id='word_1_397' title='bbox 2262 2088 2449 2158; x_wconf 72' lang='grc' dir='ltr'>καιρὸν</span> <span class='ocrx_word' id='word_1_398' title='bbox 2479 2087 2753 2157; x_wconf 83' lang='grc' dir='ltr'>εἰσόμεθα.</span> <span class='ocrx_word' id='word_1_399' title='bbox 2780 2084 2887 2140; x_wconf 98' lang='lat' dir='ltr'><strong>Kal</strong></span> <span class='ocrx_word' id='word_1_400' title='bbox 2911 2086 2990 2149; x_wconf 88' lang='grc' dir='ltr'><strong>τίς</strong></span> <span class='ocrx_word' id='word_1_401' title='bbox 3020 2101 3081 2153; x_wconf 89' lang='grc' dir='ltr'><strong>γε</strong></span> <span class='ocrx_word' id='word_1_402' title='bbox 3107 2085 3214 2138; x_wconf 89' lang='grc' dir='ltr'><strong>τῶν</strong></span> <span class='ocrx_word' id='word_1_403' title='bbox 3236 2082 3544 2138; x_wconf 81' lang='grc' dir='ltr'>ἀποστόλων</span> <span class='ocrx_word' id='word_1_404' title='bbox 3574 2081 3670 2136; x_wconf 83' lang='grc' dir='ltr'><strong>τοῦ</strong></span> 
     </span>
    </p>
   </div>
   <div class='ocr_carea' id='block_1_52' title="bbox 2102 2175 3672 2252">
    <p class='ocr_par' dir='ltr' id='par_1_52' title="bbox 2102 2175 3672 2252">
     <span class='ocr_line' id='line_1_52' title="bbox 2102 2175 3672 2252; baseline -0.005 -18"><span class='ocrx_word' id='word_1_405' title='bbox 2102 2178 2346 2252; x_wconf 78' lang='grc' dir='ltr'>Σωτῆρος</span> <span class='ocrx_word' id='word_1_406' title='bbox 2376 2182 2407 2250; x_wconf 82' lang='grc' dir='ltr'>ἡ</span> <span class='ocrx_word' id='word_1_407' title='bbox 2416 2179 2529 2250; x_wconf 88' lang='grc' dir='ltr'><strong>μῶν</strong></span> <span class='ocrx_word' id='word_1_408' title='bbox 2554 2182 2645 2234; x_wconf 75' lang='grc' dir='ltr'>καὶ</span> <span class='ocrx_word' id='word_1_409' title='bbox 2671 2181 2775 2233; x_wconf 87' lang='grc' dir='ltr'><strong>τῶν</strong></span> <span class='ocrx_word' id='word_1_410' title='bbox 2801 2179 3197 2248; x_wconf 84' lang='grc' dir='ltr'>εὐαγγελιστῶν</span> <span class='ocrx_word' id='word_1_411' title='bbox 3226 2176 3320 2247; x_wconf 74' lang='grc' dir='ltr'>τὴν</span> <span class='ocrx_word' id='word_1_412' title='bbox 3346 2175 3521 2228; x_wconf 76' lang='grc' dir='ltr'>ἔνθεον</span> <span class='ocrx_word' id='word_1_413' title='bbox 3543 2192 3672 2228; x_wconf 82' lang='grc' dir='ltr'>συν-</span> 
     </span>
    </p>
   </div>
   <div class='ocr_carea' id='block_1_53' title="bbox 2101 2264 3671 2342">
    <p class='ocr_par' dir='ltr' id='par_1_53' title="bbox 2101 2264 3671 2342">
     <span class='ocr_line' id='line_1_53' title="bbox 2101 2264 3671 2342; baseline -0.002 -19"><span class='ocrx_word' id='word_1_414' title='bbox 2101 2271 2240 2341; x_wconf 89' lang='grc' dir='ltr'>ορῶν</span> <span class='ocrx_word' id='word_1_415' title='bbox 2289 2269 2535 2341; x_wconf 81' lang='grc' dir='ltr'>δύναμιν,</span> <span class='ocrx_word' id='word_1_416' title='bbox 2586 2269 2708 2324; x_wconf 78' lang='grc' dir='ltr'>καθ’</span> <span class='ocrx_word' id='word_1_417' title='bbox 2734 2272 2798 2342; x_wconf 79' lang='grc' dir='ltr'>ἣν</span> <span class='ocrx_word' id='word_1_418' title='bbox 2827 2272 2902 2333; x_wconf 87' lang='grc' dir='ltr'>εἰς</span> <span class='ocrx_word' id='word_1_419' title='bbox 2932 2271 3108 2322; x_wconf 80' lang='grc' dir='ltr'>πᾶσαν</span> <span class='ocrx_word' id='word_1_420' title='bbox 3138 2269 3235 2338; x_wconf 78' lang='grc' dir='ltr'><strong>τὴν</strong></span> <span class='ocrx_word' id='word_1_421' title='bbox 3261 2268 3362 2337; x_wconf 87' lang='grc' dir='ltr'><strong>γῆν</strong></span> <span class='ocrx_word' id='word_1_422' title='bbox 3389 2264 3606 2331; x_wconf 75' lang='grc' dir='ltr'>ἐξῆλθεν</span> <span class='ocrx_word' id='word_1_423' title='bbox 3636 2266 3671 2319; x_wconf 81' lang='grc' dir='ltr'>ὁ</span> 
     </span>
    </p>
   </div>
   <div class='ocr_carea' id='block_1_54' title="bbox 2100 2356 3668 2432">
    <p class='ocr_par' dir='ltr' id='par_1_54' title="bbox 2100 2356 3668 2432">
     <span class='ocr_line' id='line_1_54' title="bbox 2100 2356 3668 2432; baseline -0.003 -18"><span class='ocrx_word' id='word_1_424' title='bbox 2100 2362 2332 2431; x_wconf 80' lang='grc' dir='ltr'>φθόγγος</span> <span class='ocrx_word' id='word_1_425' title='bbox 2364 2362 2563 2425; x_wconf 73' lang='grc' dir='ltr'>αὐτῶν,</span> <span class='ocrx_word' id='word_1_426' title='bbox 2600 2364 2693 2416; x_wconf 78' lang='grc' dir='ltr'><strong>καὶ</strong></span> <span class='ocrx_word' id='word_1_427' title='bbox 2740 2365 2818 2425; x_wconf 85' lang='grc' dir='ltr'>εἰς</span> <span class='ocrx_word' id='word_1_428' title='bbox 2855 2361 2923 2415; x_wconf 77' lang='grc' dir='ltr'>τὰ</span> <span class='ocrx_word' id='word_1_429' title='bbox 2957 2360 3164 2432; x_wconf 83' lang='grc' dir='ltr'>πέρατα</span> <span class='ocrx_word' id='word_1_430' title='bbox 3208 2361 3309 2430; x_wconf 82' lang='grc' dir='ltr'>τῆς</span> <span class='ocrx_word' id='word_1_431' title='bbox 3342 2356 3668 2428; x_wconf 80' lang='grc' dir='ltr'>οἰκουμένης</span> 
     </span>
    </p>
   </div>
   <div class='ocr_carea' id='block_1_55' title="bbox 2098 2447 3669 2525">
    <p class='ocr_par' dir='ltr' id='par_1_55' title="bbox 2098 2447 3669 2525">
     <span class='ocr_line' id='line_1_55' title="bbox 2098 2447 3669 2525; baseline -0.021 4"><span class='ocrx_word' id='word_1_432' title='bbox 2098 2454 2166 2507; x_wconf 72' lang='grc' dir='ltr'>τὰ</span> <span class='ocrx_word' id='word_1_433' title='bbox 2195 2456 2411 2525; x_wconf 64' lang='grc' dir='ltr'><strong>ῥήματα</strong></span> <span class='ocrx_word' id='word_1_434' title='bbox 2437 2454 2635 2518; x_wconf 68' lang='grc' dir='ltr'>αὐτῶν,</span> <span class='ocrx_word' id='word_1_435' title='bbox 2663 2453 2833 2507; x_wconf 74' lang='grc' dir='ltr'>πᾶσαί</span> <span class='ocrx_word' id='word_1_436' title='bbox 2864 2470 2921 2506; x_wconf 83' lang='grc' dir='ltr'><strong>τε</strong></span> <span class='ocrx_word' id='word_1_437' title='bbox 2946 2454 3003 2517; x_wconf 76' lang='grc' dir='ltr'>ἐξ</span> <span class='ocrx_word' id='word_1_438' title='bbox 3039 2453 3249 2505; x_wconf 82' lang='grc' dir='ltr'>ἐκείνου</span> <span class='ocrx_word' id='word_1_439' title='bbox 3278 2451 3371 2505; x_wconf 81' lang='grc' dir='ltr'>καὶ</span> <span class='ocrx_word' id='word_1_440' title='bbox 3404 2452 3480 2512; x_wconf 83' lang='grc' dir='ltr'>εἰς</span> <span class='ocrx_word' id='word_1_441' title='bbox 3508 2447 3669 2519; x_wconf 71' lang='grc' dir='ltr'>δεῦρο</span> 
     </span>
    </p>
   </div>
   <div class='ocr_carea' id='block_1_56' title="bbox 2099 2539 3667 2617">
    <p class='ocr_par' dir='ltr' id='par_1_56' title="bbox 2099 2539 3667 2617">
     <span class='ocr_line' id='line_1_56' title="bbox 2099 2539 3667 2617; baseline -0.004 -18"><span class='ocrx_word' id='word_1_442' title='bbox 2099 2548 2154 2599; x_wconf 83' lang='lat' dir='ltr'><strong>al</strong></span> <span class='ocrx_word' id='word_1_443' title='bbox 2194 2545 2288 2599; x_wconf 89' lang='grc' dir='ltr'><strong>τοῦ</strong></span> <span class='ocrx_word' id='word_1_444' title='bbox 2318 2546 2553 2617; x_wconf 76' lang='grc' dir='ltr'>Χριστοῦ</span> <span class='ocrx_word' id='word_1_445' title='bbox 2594 2546 2911 2617; x_wconf 86' lang='grc' dir='ltr'>Ἐκκλησίαι</span> <span class='ocrx_word' id='word_1_446' title='bbox 2951 2545 3073 2608; x_wconf 76' lang='grc' dir='ltr'>τοὺς</span> <span class='ocrx_word' id='word_1_447' title='bbox 3113 2544 3303 2612; x_wconf 86' lang='grc' dir='ltr'>λόγους</span> <span class='ocrx_word' id='word_1_448' title='bbox 3348 2541 3526 2596; x_wconf 77' lang='grc' dir='ltr'>αὐτῶν</span> <span class='ocrx_word' id='word_1_449' title='bbox 3561 2539 3667 2594; x_wconf 74' lang='grc' dir='ltr'><strong>ἀνὰ</strong></span> 
     </span>
    </p>
   </div>
   <div class='ocr_carea' id='block_1_57' title="bbox 2101 2632 3666 2708">
    <p class='ocr_par' dir='ltr' id='par_1_57' title="bbox 2101 2632 3666 2708">
     <span class='ocr_line' id='line_1_57' title="bbox 2101 2632 3666 2708; baseline -0.003 -18"><span class='ocrx_word' id='word_1_450' title='bbox 2101 2637 2272 2708; x_wconf 81' lang='grc' dir='ltr'>στόμα</span> <span class='ocrx_word' id='word_1_451' title='bbox 2321 2641 2413 2691; x_wconf 75' lang='grc' dir='ltr'>καὶ</span> <span class='ocrx_word' id='word_1_452' title='bbox 2463 2637 2759 2708; x_wconf 81' lang='grc' dir='ltr'>μαθήματα</span> <span class='ocrx_word' id='word_1_453' title='bbox 2801 2637 3002 2708; x_wconf 79' lang='grc' dir='ltr'>ἔχουσι,</span> <span class='ocrx_word' id='word_1_454' title='bbox 3057 2637 3148 2690; x_wconf 70' lang='grc' dir='ltr'>καὶ</span> <span class='ocrx_word' id='word_1_455' title='bbox 3191 2635 3287 2699; x_wconf 76' lang='grc' dir='ltr'>τὰς</span> <span class='ocrx_word' id='word_1_456' title='bbox 3335 2634 3435 2704; x_wconf 77' lang='grc' dir='ltr'>τῆς</span> <span class='ocrx_word' id='word_1_457' title='bbox 3464 2632 3666 2703; x_wconf 78' lang='grc' dir='ltr'>Καινῆς</span> 
     </span>
    </p>
   </div>
   <div class='ocr_carea' id='block_1_58' title="bbox 2098 2723 3667 2800">
    <p class='ocr_par' dir='ltr' id='par_1_58' title="bbox 2098 2723 3667 2800">
     <span class='ocr_line' id='line_1_58' title="bbox 2098 2723 3667 2800; baseline -0.004 -18"><span class='ocrx_word' id='word_1_458' title='bbox 2098 2728 2370 2800; x_wconf 77' lang='grc' dir='ltr'>Διαθήκης</span> <span class='ocrx_word' id='word_1_459' title='bbox 2404 2729 2469 2781; x_wconf 84' lang='grc' dir='ltr'>δι’</span> <span class='ocrx_word' id='word_1_460' title='bbox 2496 2727 2672 2781; x_wconf 75' lang='grc' dir='ltr'>αὐτῶν</span> <span class='ocrx_word' id='word_1_461' title='bbox 2705 2728 3066 2799; x_wconf 78' lang='grc' dir='ltr'>κηρυχθείσας</span> <span class='ocrx_word' id='word_1_462' title='bbox 3104 2725 3197 2779; x_wconf 85' lang='grc' dir='ltr'><strong>τοῦ</strong></span> <span class='ocrx_word' id='word_1_463' title='bbox 3237 2723 3470 2795; x_wconf 75' lang='grc' dir='ltr'>Χριστοῦ</span> <span class='ocrx_word' id='word_1_464' title='bbox 3505 2740 3667 2794; x_wconf 84' lang='grc' dir='ltr'>νομο-</span> 
     </span>
    </p>
   </div>
   <div class='ocr_carea' id='block_1_59' title="bbox 2099 2816 3664 2891">
    <p class='ocr_par' dir='ltr' id='par_1_59' title="bbox 2099 2816 3664 2891">
     <span class='ocr_line' id='line_1_59' title="bbox 2099 2816 3664 2891; baseline -0.004 -17"><span class='ocrx_word' id='word_1_465' title='bbox 2099 2820 2402 2885; x_wconf 85' lang='grc' dir='ltr'>θεσίας,οὐκ</span> <span class='ocrx_word' id='word_1_466' title='bbox 2428 2820 2493 2875; x_wconf 85' lang='grc' dir='ltr'><strong>ἂν</strong></span> <span class='ocrx_word' id='word_1_467' title='bbox 2521 2820 2777 2890; x_wconf 77' lang='grc' dir='ltr'>ἀλήθειαν</span> <span class='ocrx_word' id='word_1_468' title='bbox 2798 2823 2861 2891; x_wconf 81' lang='grc' dir='ltr'>τῇ</span> <span class='ocrx_word' id='word_1_469' title='bbox 2880 2819 3183 2891; x_wconf 79' lang='grc' dir='ltr'>προφητείᾳ</span> <span class='ocrx_word' id='word_1_470' title='bbox 3203 2820 3472 2888; x_wconf 84' lang='grc' dir='ltr'>ὲπιμαρτυ</span> <span class='ocrx_word' id='word_1_471' title='bbox 3482 2816 3664 2887; x_wconf 76' lang='grc' dir='ltr'>ρήσαι,</span> 
     </span>
    </p>
   </div>
   <div class='ocr_carea' id='block_1_60' title="bbox 2097 2906 3663 2985">
    <p class='ocr_par' dir='ltr' id='par_1_60' title="bbox 2097 2906 3663 2985">
     <span class='ocr_line' id='line_1_60' title="bbox 2097 2906 3663 2985; baseline -0.006 -18"><span class='ocrx_word' id='word_1_472' title='bbox 2097 2914 2313 2985; x_wconf 76' lang='grc' dir='ltr'>φησάσῃ</span> <span class='ocrx_word' id='word_1_473' title='bbox 2337 2913 2611 2985; x_wconf 83' lang='grc' dir='ltr'>ἐμφανῶς,</span> <span class='ocrx_word' id='word_1_474' title='bbox 2647 2932 2665 2963; x_wconf 73' lang='grc' dir='ltr'><strong>ι</strong></span> <span class='ocrx_word' id='word_1_475' title='bbox 2695 2914 2751 2967; x_wconf 76' lang='grc' dir='ltr'>ἐν</span> <span class='ocrx_word' id='word_1_476' title='bbox 2781 2912 2939 2983; x_wconf 78' lang='grc' dir='ltr'>βουλῇ</span> <span class='ocrx_word' id='word_1_477' title='bbox 2972 2932 2988 2961; x_wconf 74' lang='grc' dir='ltr'><strong>ι</strong></span> <span class='ocrx_word' id='word_1_478' title='bbox 3023 2912 3116 2964; x_wconf 82' lang='grc' dir='ltr'><strong>καὶ</strong></span> <span class='ocrx_word' id='word_1_479' title='bbox 3138 2930 3156 2961; x_wconf 79' lang='grc' dir='ltr'><strong>ι</strong></span> <span class='ocrx_word' id='word_1_480' title='bbox 3183 2910 3320 2980; x_wconf 85' lang='grc' dir='ltr'>μετὰ</span> <span class='ocrx_word' id='word_1_481' title='bbox 3339 2908 3493 2979; x_wconf 79' lang='grc' dir='ltr'>δόξης</span> <span class='ocrx_word' id='word_1_482' title='bbox 3523 2927 3539 2957; x_wconf 79' lang='grc' dir='ltr'><strong>ι</strong></span> <span class='ocrx_word' id='word_1_483' title='bbox 3569 2906 3663 2960; x_wconf 76' lang='grc' dir='ltr'><strong>ἐπὶ</strong></span> 
     </span>
    </p>
   </div>
   <div class='ocr_carea' id='block_1_61' title="bbox 2097 3000 3664 3076">
    <p class='ocr_par' dir='ltr' id='par_1_61' title="bbox 2097 3000 3664 3076">
     <span class='ocr_line' id='line_1_61' title="bbox 2097 3000 3664 3076; baseline -0.005 -16"><span class='ocrx_word' id='word_1_484' title='bbox 2097 3008 2277 3061; x_wconf 83' lang='grc' dir='ltr'>πᾶσαν</span> <span class='ocrx_word' id='word_1_485' title='bbox 2303 3004 2402 3076; x_wconf 80' lang='grc' dir='ltr'><strong>τὴν</strong></span> <span class='ocrx_word' id='word_1_486' title='bbox 2427 3006 2529 3076; x_wconf 83' lang='grc' dir='ltr'>γῆν</span> <span class='ocrx_word' id='word_1_487' title='bbox 2548 3003 2781 3074; x_wconf 72' lang='grc' dir='ltr'>ὑψῶσειν</span> <span class='ocrx_word' id='word_1_488' title='bbox 2795 3004 2885 3058; x_wconf 83' lang='grc' dir='ltr'><strong>τὸν</strong></span> <span class='ocrx_word' id='word_1_489' title='bbox 2907 3002 3037 3056; x_wconf 78' lang='grc' dir='ltr'>Θεὸν</span> <span class='ocrx_word' id='word_1_490' title='bbox 3061 3004 3155 3057; x_wconf 86' lang='grc' dir='ltr'>καὶ</span> <span class='ocrx_word' id='word_1_491' title='bbox 3181 3001 3419 3068; x_wconf 80' lang='grc' dir='ltr'>δοξάσειν</span> <span class='ocrx_word' id='word_1_492' title='bbox 3446 3019 3463 3051; x_wconf 72' lang='grc' dir='ltr'>α</span> <span class='ocrx_word' id='word_1_493' title='bbox 3487 3000 3546 3053; x_wconf 81' lang='grc' dir='ltr'><strong>τὺ</strong></span> <span class='ocrx_word' id='word_1_494' title='bbox 3563 3015 3664 3052; x_wconf 83' lang='grc' dir='ltr'>κα·</span> 
     </span>
    </p>
   </div>
   <div class='ocr_carea' id='block_1_62' title="bbox 431 3090 1996 3192">
    <p class='ocr_par' dir='ltr' id='par_1_62' title="bbox 431 3097 1993 3168">
     <span class='ocr_line' id='line_1_62' title="bbox 431 3097 1993 3168; baseline 0.001 -17"><span class='ocrx_word' id='word_1_495' title='bbox 431 3097 627 3159; x_wconf 81' lang='lat' dir='ltr'><strong>nostri,</strong></span> <span class='ocrx_word' id='word_1_496' title='bbox 678 3103 733 3152; x_wconf 92' lang='lat' dir='ltr'><strong>et</strong></span> <span class='ocrx_word' id='word_1_497' title='bbox 786 3098 1247 3168; x_wconf 84' lang='lat' dir='ltr'><strong>evangelistarum</strong></span> <span class='ocrx_word' id='word_1_498' title='bbox 1297 3113 1530 3153; x_wconf 88' lang='lat' dir='ltr'><strong>cernens</strong></span> <span class='ocrx_word' id='word_1_499' title='bbox 1576 3097 1852 3163; x_wconf 82' lang='lat' dir='ltr'><strong>virtutem,</strong></span> <span class='ocrx_word' id='word_1_500' title='bbox 1905 3112 1993 3153; x_wconf 85' lang='lat' dir='ltr'><strong>se-</strong></span> 
     </span>
    </p>
   </div>
   <div class='ocr_carea' id='block_1_63' title="bbox 2096 3090 3664 3192">
    <p class='ocr_par' dir='ltr' id='par_1_63' title="bbox 2096 3090 3664 3167">
     <span class='ocr_line' id='line_1_63' title="bbox 2096 3090 3664 3167; baseline -0.003 -17"><span class='ocrx_word' id='word_1_501' title='bbox 2096 3095 2380 3165; x_wconf 82' lang='grc' dir='ltr'>ταλειφθὲν</span> <span class='ocrx_word' id='word_1_502' title='bbox 2411 3094 2659 3167; x_wconf 84' lang='grc' dir='ltr'>Ἰσραήλ;</span> <span class='ocrx_word' id='word_1_503' title='bbox 2688 3115 2706 3147; x_wconf 72' lang='grc' dir='ltr'><strong>ι</strong></span> <span class='ocrx_word' id='word_1_504' title='bbox 2734 3095 2829 3149; x_wconf 72' lang='grc' dir='ltr'><strong>καὶ</strong></span> <span class='ocrx_word' id='word_1_505' title='bbox 2851 3096 2925 3158; x_wconf 85' lang='grc' dir='ltr'>ὡς</span> <span class='ocrx_word' id='word_1_506' title='bbox 2948 3095 3054 3167; x_wconf 83' lang='grc' dir='ltr'>ἄρα</span> <span class='ocrx_word' id='word_1_507' title='bbox 3090 3114 3107 3144; x_wconf 79' lang='grc' dir='ltr'><strong>ι</strong></span> <span class='ocrx_word' id='word_1_508' title='bbox 3134 3093 3194 3147; x_wconf 80' lang='grc' dir='ltr'><strong>τὸ</strong></span> <span class='ocrx_word' id='word_1_509' title='bbox 3218 3090 3574 3160; x_wconf 82' lang='grc' dir='ltr'>καταλειφθὲν</span> <span class='ocrx_word' id='word_1_510' title='bbox 3605 3091 3664 3145; x_wconf 68' lang='grc' dir='ltr'>ἐν</span> 
     </span>
    </p>
   </div>
   <div class='ocr_carea' id='block_1_64' title="bbox 429 3187 1993 3258">
    <p class='ocr_par' dir='ltr' id='par_1_64' title="bbox 429 3187 1993 3258">
     <span class='ocr_line' id='line_1_64' title="bbox 429 3187 1993 3258; baseline 0.003 -16"><span class='ocrx_word' id='word_1_511' title='bbox 429 3187 667 3242; x_wconf 76' lang='grc' dir='ltr'>οιιιιάιιιη</span> <span class='ocrx_word' id='word_1_512' title='bbox 697 3203 860 3258; x_wconf 91' lang='lat' dir='ltr'><strong>quam</strong></span> <span class='ocrx_word' id='word_1_513' title='bbox 917 3189 971 3242; x_wconf 90' lang='lat' dir='ltr'><strong>in</strong></span> <span class='ocrx_word' id='word_1_514' title='bbox 1020 3203 1237 3243; x_wconf 89' lang='lat' dir='ltr'><strong>omnem</strong></span> <span class='ocrx_word' id='word_1_515' title='bbox 1276 3198 1475 3244; x_wconf 84' lang='lat' dir='ltr'><strong>terram</strong></span> <span class='ocrx_word' id='word_1_516' title='bbox 1504 3189 1669 3245; x_wconf 78' lang='lat' dir='ltr'><strong>exivit</strong></span> <span class='ocrx_word' id='word_1_517' title='bbox 1696 3205 1866 3245; x_wconf 89' lang='lat' dir='ltr'><strong>sonus</strong></span> <span class='ocrx_word' id='word_1_518' title='bbox 1897 3205 1993 3246; x_wconf 89' lang='lat' dir='ltr'><strong>eo-</strong></span> 
     </span>
    </p>
   </div>
   <div class='ocr_carea' id='block_1_65' title="bbox 431 3280 1991 3353">
    <p class='ocr_par' dir='ltr' id='par_1_65' title="bbox 431 3280 1991 3353">
     <span class='ocr_line' id='line_1_65' title="bbox 431 3280 1991 3353; baseline 0.003 -21"><span class='ocrx_word' id='word_1_519' title='bbox 431 3295 570 3345; x_wconf 89' lang='lat' dir='ltr'><strong>rum,</strong></span> <span class='ocrx_word' id='word_1_520' title='bbox 593 3287 646 3335; x_wconf 90' lang='lat' dir='ltr'><strong>et</strong></span> <span class='ocrx_word' id='word_1_521' title='bbox 672 3281 724 3335; x_wconf 91' lang='lat' dir='ltr'><strong>in</strong></span> <span class='ocrx_word' id='word_1_522' title='bbox 753 3280 887 3336; x_wconf 81' lang='lat' dir='ltr'><strong>lines</strong></span> <span class='ocrx_word' id='word_1_523' title='bbox 906 3281 1055 3337; x_wconf 84' lang='lat' dir='ltr'><strong>orbis</strong></span> <span class='ocrx_word' id='word_1_524' title='bbox 1076 3289 1235 3337; x_wconf 85' lang='lat' dir='ltr'><strong>terrae</strong></span> <span class='ocrx_word' id='word_1_525' title='bbox 1261 3283 1424 3336; x_wconf 77' lang='lat' dir='ltr'><strong>verba</strong></span> <span class='ocrx_word' id='word_1_526' title='bbox 1449 3297 1661 3345; x_wconf 90' lang='lat' dir='ltr'><strong>eorum,</strong></span> <span class='ocrx_word' id='word_1_527' title='bbox 1692 3296 1991 3353; x_wconf 86' lang='lat' dir='ltr'><strong>omnesque</strong></span> 
     </span>
    </p>
   </div>
   <div class='ocr_carea' id='block_1_66' title="bbox 427 3370 1992 3444">
    <p class='ocr_par' dir='ltr' id='par_1_66' title="bbox 427 3370 1992 3444">
     <span class='ocr_line' id='line_1_66' title="bbox 427 3370 1992 3444; baseline 0.001 -18"><span class='ocrx_word' id='word_1_528' title='bbox 427 3386 493 3426; x_wconf 79' lang='lat' dir='ltr'><strong>ex</strong></span> <span class='ocrx_word' id='word_1_529' title='bbox 527 3370 623 3427; x_wconf 90' lang='lat' dir='ltr'><strong>illo</strong></span> <span class='ocrx_word' id='word_1_530' title='bbox 649 3372 716 3426; x_wconf 88' lang='lat' dir='ltr'><strong>ad</strong></span> <span class='ocrx_word' id='word_1_531' title='bbox 741 3371 848 3427; x_wconf 89' lang='lat' dir='ltr'><strong>hoc</strong></span> <span class='ocrx_word' id='word_1_532' title='bbox 876 3387 1051 3441; x_wconf 90' lang='lat' dir='ltr'><strong>usque</strong></span> <span class='ocrx_word' id='word_1_533' title='bbox 1072 3380 1287 3443; x_wconf 87' lang='lat' dir='ltr'><strong>tempus</strong></span> <span class='ocrx_word' id='word_1_534' title='bbox 1316 3373 1520 3427; x_wconf 76' lang='lat' dir='ltr'><strong>Christi</strong></span> <span class='ocrx_word' id='word_1_535' title='bbox 1550 3372 1843 3437; x_wconf 88' lang='lat' dir='ltr'><strong>Ecclesias,</strong></span> <span class='ocrx_word' id='word_1_536' title='bbox 1870 3391 1992 3444; x_wconf 69' lang='lat' dir='ltr'><strong>quae</strong></span> 
     </span>
    </p>
   </div>
   <div class='ocr_carea' id='block_1_67' title="bbox 427 3464 1989 3535">
    <p class='ocr_par' dir='ltr' id='par_1_67' title="bbox 427 3464 1989 3535">
     <span class='ocr_line' id='line_1_67' title="bbox 427 3464 1989 3535; baseline 0.002 -18"><span class='ocrx_word' id='word_1_537' title='bbox 427 3464 591 3518; x_wconf 83' lang='lat' dir='ltr'><strong>verba</strong></span> <span class='ocrx_word' id='word_1_538' title='bbox 624 3478 816 3518; x_wconf 85' lang='lat' dir='ltr'><strong>eorum</strong></span> <span class='ocrx_word' id='word_1_539' title='bbox 864 3464 919 3518; x_wconf 89' lang='lat' dir='ltr'><strong>in</strong></span> <span class='ocrx_word' id='word_1_540' title='bbox 965 3478 1059 3519; x_wconf 90' lang='lat' dir='ltr'><strong>ore</strong></span> <span class='ocrx_word' id='word_1_541' title='bbox 1107 3473 1484 3535; x_wconf 85' lang='lat' dir='ltr'><strong>praeceptaque</strong></span> <span class='ocrx_word' id='word_1_542' title='bbox 1512 3465 1737 3529; x_wconf 86' lang='lat' dir='ltr'><strong>habent,</strong></span> <span class='ocrx_word' id='word_1_543' title='bbox 1770 3472 1825 3520; x_wconf 91' lang='lat' dir='ltr'><strong>et</strong></span> <span class='ocrx_word' id='word_1_544' title='bbox 1853 3464 1989 3520; x_wconf 84' lang='lat' dir='ltr'><strong>Novi</strong></span> 
     </span>
    </p>
   </div>
   <div class='ocr_carea' id='block_1_68' title="bbox 426 3552 1985 3629">
    <p class='ocr_par' dir='ltr' id='par_1_68' title="bbox 426 3552 1985 3629">
     <span class='ocr_line' id='line_1_68' title="bbox 426 3552 1985 3629; baseline 0.004 -21"><span class='ocrx_word' id='word_1_545' title='bbox 426 3552 757 3610; x_wconf 85' lang='lat' dir='ltr'><strong>Testamenti</strong></span> <span class='ocrx_word' id='word_1_546' title='bbox 794 3570 890 3625; x_wconf 89' lang='lat' dir='ltr'><strong>per</strong></span> <span class='ocrx_word' id='word_1_547' title='bbox 936 3571 1032 3611; x_wconf 86' lang='lat' dir='ltr'><strong>eos</strong></span> <span class='ocrx_word' id='word_1_548' title='bbox 1062 3557 1369 3627; x_wconf 88' lang='lat' dir='ltr'><strong>publicatas</strong></span> <span class='ocrx_word' id='word_1_549' title='bbox 1418 3557 1625 3613; x_wconf 85' lang='lat' dir='ltr'><strong>Christi</strong></span> <span class='ocrx_word' id='word_1_550' title='bbox 1675 3559 1824 3629; x_wconf 81' lang='lat' dir='ltr'><strong>leges</strong></span> <span class='ocrx_word' id='word_1_551' title='bbox 1876 3575 1985 3614; x_wconf 92' lang='lat' dir='ltr'><strong>non</strong></span> 
     </span>
    </p>
   </div>
   <div class='ocr_carea' id='block_1_69' title="bbox 424 3647 1991 3718">
    <p class='ocr_par' dir='ltr' id='par_1_69' title="bbox 424 3647 1991 3718">
     <span class='ocr_line' id='line_1_69' title="bbox 424 3647 1991 3718; baseline 0.004 -19"><span class='ocrx_word' id='word_1_552' title='bbox 424 3647 553 3701; x_wconf 80' lang='lat' dir='ltr'><strong>huic</strong></span> <span class='ocrx_word' id='word_1_553' title='bbox 608 3647 907 3718; x_wconf 62' lang='lat' dir='ltr'><strong>prophetiae</strong></span> <span class='ocrx_word' id='word_1_554' title='bbox 970 3649 1345 3704; x_wconf 84' lang='lat' dir='ltr'><strong>testimonium</strong></span> <span class='ocrx_word' id='word_1_555' title='bbox 1396 3651 1645 3705; x_wconf 87' lang='lat' dir='ltr'><strong>veritatis</strong></span> <span class='ocrx_word' id='word_1_556' title='bbox 1699 3652 1991 3707; x_wconf 77' lang='lat' dir='ltr'><strong>exhibeat?</strong></span> 
     </span>
    </p>
   </div>
   <div class='ocr_carea' id='block_1_70' title="bbox 424 3736 1991 3807">
    <p class='ocr_par' dir='ltr' id='par_1_70' title="bbox 424 3736 1991 3807">
     <span class='ocr_line' id='line_1_70' title="bbox 424 3736 1991 3807; baseline 0 -16"><span class='ocrx_word' id='word_1_557' title='bbox 424 3744 614 3807; x_wconf 88' lang='lat' dir='ltr'><strong>utpote</strong></span> <span class='ocrx_word' id='word_1_558' title='bbox 657 3738 706 3792; x_wconf 89' lang='lat' dir='ltr'><strong>ei</strong></span> <span class='ocrx_word' id='word_1_559' title='bbox 754 3752 875 3806; x_wconf 69' lang='lat' dir='ltr'><strong>qua:</strong></span> <span class='ocrx_word' id='word_1_560' title='bbox 906 3736 1191 3792; x_wconf 80' lang='lat' dir='ltr'><strong>manifeste</strong></span> <span class='ocrx_word' id='word_1_561' title='bbox 1221 3738 1390 3803; x_wconf 88' lang='lat' dir='ltr'><strong>dicat,</strong></span> <span class='ocrx_word' id='word_1_562' title='bbox 1440 3755 1459 3789; x_wconf 78' lang='grc' dir='ltr'><strong>ι</strong></span> <span class='ocrx_word' id='word_1_563' title='bbox 1499 3738 1555 3792; x_wconf 91' lang='lat' dir='ltr'><strong>in</strong></span> <span class='ocrx_word' id='word_1_564' title='bbox 1584 3738 1838 3803; x_wconf 89' lang='lat' dir='ltr'><strong>consilio,</strong></span> <span class='ocrx_word' id='word_1_565' title='bbox 1881 3757 1901 3790; x_wconf 74' lang='grc' dir='ltr'><strong>ι</strong></span> <span class='ocrx_word' id='word_1_566' title='bbox 1936 3745 1991 3793; x_wconf 91' lang='lat' dir='ltr'><strong>et</strong></span> 
     </span>
    </p>
   </div>
   <div class='ocr_carea' id='block_1_71' title="bbox 426 3826 1989 3903">
    <p class='ocr_par' dir='ltr' id='par_1_71' title="bbox 426 3826 1989 3903">
     <span class='ocr_line' id='line_1_71' title="bbox 426 3826 1989 3903; baseline 0.003 -25"><span class='ocrx_word' id='word_1_567' title='bbox 426 3844 448 3878; x_wconf 70' lang='grc' dir='ltr'><strong>ι</strong></span> <span class='ocrx_word' id='word_1_568' title='bbox 487 3842 611 3882; x_wconf 89' lang='lat' dir='ltr'><strong>cum</strong></span> <span class='ocrx_word' id='word_1_569' title='bbox 640 3826 836 3897; x_wconf 88' lang='lat' dir='ltr'><strong>gloria,</strong></span> <span class='ocrx_word' id='word_1_570' title='bbox 868 3846 887 3879; x_wconf 73' lang='grc' dir='ltr'><strong>ι</strong></span> <span class='ocrx_word' id='word_1_571' title='bbox 922 3827 981 3881; x_wconf 90' lang='lat' dir='ltr'><strong>in</strong></span> <span class='ocrx_word' id='word_1_572' title='bbox 1010 3842 1226 3882; x_wconf 86' lang='lat' dir='ltr'><strong>omnem</strong></span> <span class='ocrx_word' id='word_1_573' title='bbox 1242 3834 1453 3903; x_wconf 75' lang='lat' dir='ltr'><strong>terram</strong></span> <span class='ocrx_word' id='word_1_574' title='bbox 1483 3826 1651 3883; x_wconf 90' lang='lat' dir='ltr'><strong>Deum</strong></span> <span class='ocrx_word' id='word_1_575' title='bbox 1685 3829 1739 3881; x_wconf 87' lang='lat' dir='ltr'><strong>in</strong></span> <span class='ocrx_word' id='word_1_576' title='bbox 1767 3827 1989 3883; x_wconf 86' lang='lat' dir='ltr'><strong>sublimi</strong></span> 
     </span>
    </p>
   </div>
   <div class='ocr_carea' id='block_1_72' title="bbox 2054 3180 3661 3254">
    <p class='ocr_par' dir='ltr' id='par_1_72' title="bbox 2054 3180 3661 3254">
     <span class='ocr_line' id='line_1_72' title="bbox 2054 3180 3661 3254; baseline -0.004 -15"><span class='ocrx_word' id='word_1_577' title='bbox 2054 3180 2062 3197; x_wconf 64' lang='grc'><strong>⁵</strong></span> <span class='ocrx_word' id='word_1_578' title='bbox 2097 3184 2233 3239; x_wconf 86' lang='grc' dir='ltr'>Σιὼν</span> <span class='ocrx_word' id='word_1_579' title='bbox 2274 3186 2367 3239; x_wconf 69' lang='grc' dir='ltr'><strong>καὶ</strong></span> <span class='ocrx_word' id='word_1_580' title='bbox 2397 3186 2456 3238; x_wconf 84' lang='grc' dir='ltr'><strong>τὸ</strong></span> <span class='ocrx_word' id='word_1_581' title='bbox 2482 3184 2837 3254; x_wconf 88' lang='grc' dir='ltr'>καταλειφθὲν</span> <span class='ocrx_word' id='word_1_582' title='bbox 2867 3187 2924 3236; x_wconf 82' lang='grc' dir='ltr'>ὲν</span> <span class='ocrx_word' id='word_1_583' title='bbox 2968 3182 3320 3254; x_wconf 82' lang='grc' dir='ltr'>Ἰερουσαλὴμ</span> <span class='ocrx_word' id='word_1_584' title='bbox 3353 3182 3496 3250; x_wconf 81' lang='grc' dir='ltr'>ἆγιοι</span> <span class='ocrx_word' id='word_1_585' title='bbox 3525 3180 3661 3250; x_wconf 86' lang='grc' dir='ltr'>κλη-</span> 
     </span>
    </p>
   </div>
   <div class='ocr_carea' id='block_1_73' title="bbox 2097 3273 3663 3348">
    <p class='ocr_par' dir='ltr' id='par_1_73' title="bbox 2097 3273 3663 3348">
     <span class='ocr_line' id='line_1_73' title="bbox 2097 3273 3663 3348; baseline -0.001 -19"><span class='ocrx_word' id='word_1_586' title='bbox 2097 3276 2348 3348; x_wconf 78' lang='grc' dir='ltr'>θήσονται</span> <span class='ocrx_word' id='word_1_587' title='bbox 2392 3277 2591 3341; x_wconf 87' lang='grc' dir='ltr'>πάντες</span> <span class='ocrx_word' id='word_1_588' title='bbox 2638 3278 2687 3330; x_wconf 88' lang='grc' dir='ltr'><strong>οί</strong></span> <span class='ocrx_word' id='word_1_589' title='bbox 2716 3277 3016 3347; x_wconf 82' lang='grc' dir='ltr'>γραφέντες</span> <span class='ocrx_word' id='word_1_590' title='bbox 3044 3277 3123 3338; x_wconf 80' lang='grc' dir='ltr'><strong>εἰς</strong></span> <span class='ocrx_word' id='word_1_591' title='bbox 3157 3275 3332 3345; x_wconf 82' lang='grc' dir='ltr'>ζωήν;</span> <span class='ocrx_word' id='word_1_592' title='bbox 3370 3293 3387 3325; x_wconf 74' lang='grc' dir='ltr'><strong>ι</strong></span> <span class='ocrx_word' id='word_1_593' title='bbox 3430 3274 3573 3327; x_wconf 71' lang='grc' dir='ltr'>Ἀντὶ</span> <span class='ocrx_word' id='word_1_594' title='bbox 3602 3273 3663 3328; x_wconf 73' lang='grc' dir='ltr'>δὲ</span> 
     </span>
    </p>
   </div>
   <div class='ocr_carea' id='block_1_74' title="bbox 2092 3366 3661 3439">
    <p class='ocr_par' dir='ltr' id='par_1_74' title="bbox 2092 3366 3661 3439">
     <span class='ocr_line' id='line_1_74' title="bbox 2092 3366 3661 3439; baseline -0.002 -18"><span class='ocrx_word' id='word_1_595' title='bbox 2092 3368 2186 3421; x_wconf 82' lang='grc' dir='ltr'><strong>τοῦ</strong></span> <span class='ocrx_word' id='word_1_596' title='bbox 2221 3367 2510 3438; x_wconf 81' lang='grc' dir='ltr'>λεγομένου</span> <span class='ocrx_word' id='word_1_597' title='bbox 2547 3369 2697 3439; x_wconf 74' lang='grc' dir='ltr'>παρὰ</span> <span class='ocrx_word' id='word_1_598' title='bbox 2720 3372 2830 3432; x_wconf 82' lang='grc' dir='ltr'>τοῖς</span> <span class='ocrx_word' id='word_1_599' title='bbox 2866 3368 3279 3438; x_wconf 79' lang='grc' dir='ltr'>Ἐδδομήκοντα,</span> <span class='ocrx_word' id='word_1_600' title='bbox 3311 3386 3329 3418; x_wconf 71' lang='grc' dir='ltr'><strong>ι</strong></span> <span class='ocrx_word' id='word_1_601' title='bbox 3372 3368 3460 3420; x_wconf 86' lang='grc' dir='ltr'>Ἑν</span> <span class='ocrx_word' id='word_1_602' title='bbox 3497 3366 3661 3437; x_wconf 83' lang='grc' dir='ltr'>βουλῇ</span> 
     </span>
    </p>
   </div>
   <div class='ocr_carea' id='block_1_75' title="bbox 2097 3458 3665 3531">
    <p class='ocr_par' dir='ltr' id='par_1_75' title="bbox 2097 3458 3665 3531">
     <span class='ocr_line' id='line_1_75' title="bbox 2097 3458 3665 3531; baseline -0.001 -20"><span class='ocrx_word' id='word_1_603' title='bbox 2097 3459 2233 3530; x_wconf 78' lang='grc' dir='ltr'>μετὰ</span> <span class='ocrx_word' id='word_1_604' title='bbox 2256 3459 2433 3531; x_wconf 79' lang='grc' dir='ltr'>δόξης,</span> <span class='ocrx_word' id='word_1_605' title='bbox 2448 3479 2466 3512; x_wconf 73' lang='grc' dir='ltr'><strong>ι</strong></span> <span class='ocrx_word' id='word_1_606' title='bbox 2481 3461 2508 3512; x_wconf 84' lang='grc' dir='ltr'>ὁ</span> <span class='ocrx_word' id='word_1_607' title='bbox 2538 3460 2764 3524; x_wconf 81' lang='grc' dir='ltr'>Ἀκύλας</span> <span class='ocrx_word' id='word_1_608' title='bbox 2784 3460 2876 3514; x_wconf 68' lang='grc' dir='ltr'>καὶ</span> <span class='ocrx_word' id='word_1_609' title='bbox 2891 3460 3178 3512; x_wconf 83' lang='grc' dir='ltr'>Θεοδοτίων</span> <span class='ocrx_word' id='word_1_610' title='bbox 3202 3458 3499 3530; x_wconf 83' lang='grc' dir='ltr'>συμφώνως</span> <span class='ocrx_word' id='word_1_611' title='bbox 3520 3478 3537 3510; x_wconf 73' lang='grc' dir='ltr'><strong>ι</strong></span> <span class='ocrx_word' id='word_1_612' title='bbox 3580 3461 3665 3524; x_wconf 81' lang='grc' dir='ltr'><strong>εἰς</strong></span> 
     </span>
    </p>
   </div>
   <div class='ocr_carea' id='block_1_76' title="bbox 2092 3551 3667 3625">
    <p class='ocr_par' dir='ltr' id='par_1_76' title="bbox 2092 3551 3667 3625">
     <span class='ocr_line' id='line_1_76' title="bbox 2092 3551 3667 3625; baseline -0.001 -20"><span class='ocrx_word' id='word_1_613' title='bbox 2092 3551 2317 3622; x_wconf 82' lang='grc' dir='ltr'>δύναμιν</span> <span class='ocrx_word' id='word_1_614' title='bbox 2347 3553 2440 3606; x_wconf 73' lang='grc' dir='ltr'><strong>καὶ</strong></span> <span class='ocrx_word' id='word_1_615' title='bbox 2464 3552 2620 3617; x_wconf 80' lang='grc' dir='ltr'>δόξαν</span> <span class='ocrx_word' id='word_1_616' title='bbox 2640 3572 2658 3606; x_wconf 70' lang='grc' dir='ltr'><strong>ι</strong></span> <span class='ocrx_word' id='word_1_617' title='bbox 2686 3553 3051 3625; x_wconf 82' lang='grc' dir='ltr'>ήρμήνευσαν,</span> <span class='ocrx_word' id='word_1_618' title='bbox 3072 3553 3169 3623; x_wconf 84' lang='grc' dir='ltr'>τὴν</span> <span class='ocrx_word' id='word_1_619' title='bbox 3191 3552 3395 3606; x_wconf 82' lang='grc' dir='ltr'>ὑπὸτοῦ</span> <span class='ocrx_word' id='word_1_620' title='bbox 3426 3551 3557 3604; x_wconf 88' lang='grc' dir='ltr'>Θεοῦ</span> <span class='ocrx_word' id='word_1_621' title='bbox 3582 3551 3667 3604; x_wconf 87' lang='grc' dir='ltr'>δο-</span> 
     </span>
    </p>
   </div>
   <div class='ocr_carea' id='block_1_77' title="bbox 2095 3642 3664 3716">
    <p class='ocr_par' dir='ltr' id='par_1_77' title="bbox 2095 3642 3664 3716">
     <span class='ocr_line' id='line_1_77' title="bbox 2095 3642 3664 3716; baseline -0.002 -19"><span class='ocrx_word' id='word_1_622' title='bbox 2095 3642 2280 3697; x_wconf 86' lang='grc' dir='ltr'>θεῖσαν</span> <span class='ocrx_word' id='word_1_623' title='bbox 2317 3647 2429 3708; x_wconf 85' lang='grc' dir='ltr'>τοῖς</span> <span class='ocrx_word' id='word_1_624' title='bbox 2458 3644 2771 3708; x_wconf 85' lang='grc' dir='ltr'>ἀποστόλοις</span> <span class='ocrx_word' id='word_1_625' title='bbox 2805 3643 3060 3715; x_wconf 89' lang='grc' dir='ltr'>δύναμιν,</span> <span class='ocrx_word' id='word_1_626' title='bbox 3097 3645 3189 3698; x_wconf 74' lang='grc' dir='ltr'><strong>καὶ</strong></span> <span class='ocrx_word' id='word_1_627' title='bbox 3232 3644 3328 3716; x_wconf 81' lang='grc' dir='ltr'>τὴν</span> <span class='ocrx_word' id='word_1_628' title='bbox 3361 3645 3453 3698; x_wconf 74' lang='grc' dir='ltr'><strong>ἐπὶ</strong></span> <span class='ocrx_word' id='word_1_629' title='bbox 3486 3642 3664 3716; x_wconf 78' lang='grc' dir='ltr'>ταύτῃ</span> 
     </span>
    </p>
   </div>
   <div class='ocr_carea' id='block_1_78' title="bbox 2094 3735 3657 3810">
    <p class='ocr_par' dir='ltr' id='par_1_78' title="bbox 2094 3735 3657 3810">
     <span class='ocr_line' id='line_1_78' title="bbox 2094 3735 3657 3810; baseline -0.001 -21"><span class='ocrx_word' id='word_1_630' title='bbox 2094 3736 2245 3808; x_wconf 78' lang='grc' dir='ltr'>παρὰ</span> <span class='ocrx_word' id='word_1_631' title='bbox 2276 3736 2352 3807; x_wconf 80' lang='grc' dir='ltr'>τῷ</span> <span class='ocrx_word' id='word_1_632' title='bbox 2383 3737 2501 3808; x_wconf 80' lang='grc' dir='ltr'><strong>Θεῷ</strong></span> <span class='ocrx_word' id='word_1_633' title='bbox 2531 3738 2684 3804; x_wconf 80' lang='grc' dir='ltr'>δόξαν</span> <span class='ocrx_word' id='word_1_634' title='bbox 2712 3737 3103 3810; x_wconf 86' lang='grc' dir='ltr'>παριστῶντες,</span> <span class='ocrx_word' id='word_1_635' title='bbox 3138 3738 3275 3791; x_wconf 80' lang='grc' dir='ltr'>κατὰ</span> <span class='ocrx_word' id='word_1_636' title='bbox 3295 3736 3376 3789; x_wconf 88' lang='grc' dir='ltr'>τό·</span> <span class='ocrx_word' id='word_1_637' title='bbox 3401 3755 3418 3787; x_wconf 77' lang='grc' dir='ltr'><strong>ι</strong></span> <span class='ocrx_word' id='word_1_638' title='bbox 3450 3735 3657 3805; x_wconf 83' lang='grc' dir='ltr'>Κύριος</span> 
     </span>
    </p>
   </div>
   <div class='ocr_carea' id='block_1_79' title="bbox 2093 3826 3655 3900">
    <p class='ocr_par' dir='ltr' id='par_1_79' title="bbox 2093 3826 3655 3900">
     <span class='ocr_line' id='line_1_79' title="bbox 2093 3826 3655 3900; baseline -0.001 -19"><span class='ocrx_word' id='word_1_639' title='bbox 2093 3826 2254 3881; x_wconf 84' lang='grc' dir='ltr'>δώσει</span> <span class='ocrx_word' id='word_1_640' title='bbox 2276 3828 2429 3899; x_wconf 80' lang='grc' dir='ltr'>ῥῆμα</span> <span class='ocrx_word' id='word_1_641' title='bbox 2463 3831 2578 3893; x_wconf 84' lang='grc' dir='ltr'>τοῖς</span> <span class='ocrx_word' id='word_1_642' title='bbox 2621 3829 3120 3900; x_wconf 75' lang='grc' dir='ltr'>εὐαγγελιζομένοις</span> <span class='ocrx_word' id='word_1_643' title='bbox 3163 3827 3597 3899; x_wconf 80' lang='grc' dir='ltr'>δυνάμειπολλῇ.</span> <span class='ocrx_word' id='word_1_644' title='bbox 3633 3846 3655 3879; x_wconf 72' lang='grc' dir='ltr'><strong>ι</strong></span> 
     </span>
    </p>
   </div>
   <div class='ocr_carea' id='block_1_80' title="bbox 420 3922 3660 3997">
    <p class='ocr_par' dir='ltr' id='par_1_80' title="bbox 420 3922 3660 3997">
     <span class='ocr_line' id='line_1_80' title="bbox 420 3922 3660 3997; baseline 0.001 -22"><span class='ocrx_word' id='word_1_645' title='bbox 420 3924 814 3979; x_wconf 74' lang='lat' dir='ltr'><strong>collocaturum</strong></span> <span class='ocrx_word' id='word_1_646' title='bbox 858 3929 914 3977; x_wconf 90' lang='lat' dir='ltr'><strong>et</strong></span> <span class='ocrx_word' id='word_1_647' title='bbox 955 3923 1383 3993; x_wconf 82' lang='lat' dir='ltr'><strong>gloriﬁcaturum</strong></span> <span class='ocrx_word' id='word_1_648' title='bbox 1413 3941 1433 3974; x_wconf 75' lang='grc' dir='ltr'><strong>ι</strong></span> <span class='ocrx_word' id='word_1_649' title='bbox 1468 3924 1522 3978; x_wconf 91' lang='lat' dir='ltr'><strong>id</strong></span> <span class='ocrx_word' id='word_1_650' title='bbox 1555 3924 1700 3994; x_wconf 91' lang='lat' dir='ltr'><strong>quod</strong></span> <span class='ocrx_word' id='word_1_651' title='bbox 1742 3925 1995 3980; x_wconf 88' lang='lat' dir='ltr'><strong>relictum</strong></span> <span class='ocrx_word' id='word_1_652' title='bbox 2032 3922 2195 3980; x_wconf 84' lang='lat' dir='ltr'><strong>fuerit</strong></span> <span class='ocrx_word' id='word_1_653' title='bbox 2238 3940 2306 3979; x_wconf 83' lang='lat' dir='ltr'><strong>ex</strong></span> <span class='ocrx_word' id='word_1_654' title='bbox 2355 3924 2556 3980; x_wconf 82' lang='lat' dir='ltr'><strong>Israel?</strong></span> <span class='ocrx_word' id='word_1_655' title='bbox 2597 3946 2616 3978; x_wconf 78' lang='grc' dir='ltr'><strong>ι</strong></span> <span class='ocrx_word' id='word_1_656' title='bbox 2651 3927 2779 3981; x_wconf 89' lang='lat' dir='ltr'><strong>item</strong></span> <span class='ocrx_word' id='word_1_657' title='bbox 2846 3926 3301 3997; x_wconf 88' lang='lat' dir='ltr'><strong>quemadmodum</strong></span> <span class='ocrx_word' id='word_1_658' title='bbox 3328 3942 3346 3976; x_wconf 78' lang='grc' dir='ltr'><strong>ι</strong></span> <span class='ocrx_word' id='word_1_659' title='bbox 3391 3924 3445 3979; x_wconf 90' lang='lat' dir='ltr'><strong>id</strong></span> <span class='ocrx_word' id='word_1_660' title='bbox 3507 3924 3660 3993; x_wconf 89' lang='lat' dir='ltr'><strong>quod</strong></span> 
     </span>
    </p>
   </div>
   <div class='ocr_carea' id='block_1_81' title="bbox 421 4016 3663 4089">
    <p class='ocr_par' dir='ltr' id='par_1_81' title="bbox 421 4016 3663 4089">
     <span class='ocr_line' id='line_1_81' title="bbox 421 4016 3663 4089; baseline -0.001 -16"><span class='ocrx_word' id='word_1_661' title='bbox 421 4018 673 4073; x_wconf 79' lang='lat' dir='ltr'><strong>relictum</strong></span> <span class='ocrx_word' id='word_1_662' title='bbox 706 4016 869 4072; x_wconf 79' lang='lat' dir='ltr'><strong>fuerit</strong></span> <span class='ocrx_word' id='word_1_663' title='bbox 908 4018 963 4071; x_wconf 92' lang='lat' dir='ltr'><strong>in</strong></span> <span class='ocrx_word' id='word_1_664' title='bbox 991 4016 1144 4084; x_wconf 85' lang='lat' dir='ltr'><strong>Sion,</strong></span> <span class='ocrx_word' id='word_1_665' title='bbox 1178 4027 1234 4073; x_wconf 92' lang='lat' dir='ltr'><strong>et</strong></span> <span class='ocrx_word' id='word_1_666' title='bbox 1261 4018 1407 4089; x_wconf 91' lang='lat' dir='ltr'><strong>quod</strong></span> <span class='ocrx_word' id='word_1_667' title='bbox 1469 4020 1717 4075; x_wconf 88' lang='lat' dir='ltr'><strong>relictum</strong></span> <span class='ocrx_word' id='word_1_668' title='bbox 1760 4019 1923 4075; x_wconf 85' lang='lat' dir='ltr'><strong>fuerit</strong></span> <span class='ocrx_word' id='word_1_669' title='bbox 1977 4019 2034 4073; x_wconf 88' lang='lat' dir='ltr'><strong>in</strong></span> <span class='ocrx_word' id='word_1_670' title='bbox 2081 4019 2405 4086; x_wconf 89' lang='lat' dir='ltr'><strong>Jerusalem,</strong></span> <span class='ocrx_word' id='word_1_671' title='bbox 2450 4021 2625 4077; x_wconf 84' lang='lat' dir='ltr'><strong>sancti</strong></span> <span class='ocrx_word' id='word_1_672' title='bbox 2689 4020 3050 4086; x_wconf 84' lang='lat' dir='ltr'><strong>vocabuntur,</strong></span> <span class='ocrx_word' id='word_1_673' title='bbox 3102 4034 3291 4075; x_wconf 89' lang='lat' dir='ltr'><strong>omnes</strong></span> <span class='ocrx_word' id='word_1_674' title='bbox 3324 4021 3417 4088; x_wconf 89' lang='lat' dir='ltr'><strong>qui</strong></span> <span class='ocrx_word' id='word_1_675' title='bbox 3466 4017 3663 4087; x_wconf 77' lang='lat' dir='ltr'><strong>scripti</strong></span> 
     </span>
    </p>
   </div>
   <div class='ocr_carea' id='block_1_82' title="bbox 419 4111 3657 4187">
    <p class='ocr_par' dir='ltr' id='par_1_82' title="bbox 419 4111 3657 4187">
     <span class='ocr_line' id='line_1_82' title="bbox 419 4111 3657 4187; baseline -0.001 -19"><span class='ocrx_word' id='word_1_676' title='bbox 419 4114 490 4168; x_wconf 86' lang='lat' dir='ltr'><strong>ad</strong></span> <span class='ocrx_word' id='word_1_677' title='bbox 519 4114 728 4177; x_wconf 74' lang='lat' dir='ltr'><strong>vitam?</strong></span> <span class='ocrx_word' id='word_1_678' title='bbox 759 4133 779 4164; x_wconf 75' lang='grc' dir='ltr'><strong>ι</strong></span> <span class='ocrx_word' id='word_1_679' title='bbox 813 4128 913 4183; x_wconf 90' lang='lat' dir='ltr'><strong>pro</strong></span> <span class='ocrx_word' id='word_1_680' title='bbox 942 4129 1007 4169; x_wconf 92' lang='lat' dir='ltr'><strong>eo</strong></span> <span class='ocrx_word' id='word_1_681' title='bbox 1035 4122 1215 4169; x_wconf 87' lang='lat' dir='ltr'><strong>autem</strong></span> <span class='ocrx_word' id='word_1_682' title='bbox 1246 4115 1391 4185; x_wconf 88' lang='lat' dir='ltr'><strong>quod</strong></span> <span class='ocrx_word' id='word_1_683' title='bbox 1461 4115 1663 4171; x_wconf 87' lang='lat' dir='ltr'><strong>dicitur</strong></span> <span class='ocrx_word' id='word_1_684' title='bbox 1690 4116 1833 4187; x_wconf 88' lang='lat' dir='ltr'><strong>apud</strong></span> <span class='ocrx_word' id='word_1_685' title='bbox 1856 4114 2020 4182; x_wconf 87' lang='lat' dir='ltr'><strong>LXX,</strong></span> <span class='ocrx_word' id='word_1_686' title='bbox 2069 4134 2088 4168; x_wconf 76' lang='grc' dir='ltr'><strong>ι</strong></span> <span class='ocrx_word' id='word_1_687' title='bbox 2129 4118 2182 4170; x_wconf 89' lang='lat' dir='ltr'><strong>in</strong></span> <span class='ocrx_word' id='word_1_688' title='bbox 2220 4117 2451 4171; x_wconf 83' lang='lat' dir='ltr'><strong>consilio</strong></span> <span class='ocrx_word' id='word_1_689' title='bbox 2472 4131 2595 4171; x_wconf 90' lang='lat' dir='ltr'><strong>cum</strong></span> <span class='ocrx_word' id='word_1_690' title='bbox 2654 4117 2826 4187; x_wconf 79' lang='lat' dir='ltr'><strong>gleria</strong></span> <span class='ocrx_word' id='word_1_691' title='bbox 2856 4136 2869 4171; x_wconf 93' lang='lat'>:</span> <span class='ocrx_word' id='word_1_692' title='bbox 2910 4136 2929 4169; x_wconf 70' lang='grc' dir='ltr'><strong>ι</strong></span> <span class='ocrx_word' id='word_1_693' title='bbox 2986 4114 3182 4184; x_wconf 85' lang='lat' dir='ltr'><strong>Aquila</strong></span> <span class='ocrx_word' id='word_1_694' title='bbox 3207 4123 3261 4168; x_wconf 89' lang='lat' dir='ltr'><strong>et</strong></span> <span class='ocrx_word' id='word_1_695' title='bbox 3291 4111 3657 4174; x_wconf 81' lang='lat' dir='ltr'><strong>Theodotiou,</strong></span> 
     </span>
    </p>
   </div>
   <div class='ocr_carea' id='block_1_83' title="bbox 420 4207 3654 4285">
    <p class='ocr_par' dir='ltr' id='par_1_83' title="bbox 420 4207 3654 4285">
     <span class='ocr_line' id='line_1_83' title="bbox 420 4207 3654 4285; baseline 0 -22"><span class='ocrx_word' id='word_1_696' title='bbox 420 4207 565 4263; x_wconf 81' lang='lat' dir='ltr'><strong>inter</strong></span> <span class='ocrx_word' id='word_1_697' title='bbox 598 4222 658 4263; x_wconf 86' lang='lat' dir='ltr'><strong>se</strong></span> <span class='ocrx_word' id='word_1_698' title='bbox 684 4209 1103 4275; x_wconf 86' lang='lat' dir='ltr'><strong>concordantes,</strong></span> <span class='ocrx_word' id='word_1_699' title='bbox 1141 4228 1161 4262; x_wconf 77' lang='grc' dir='ltr'><strong>ι</strong></span> <span class='ocrx_word' id='word_1_700' title='bbox 1205 4211 1260 4265; x_wconf 92' lang='lat' dir='ltr'><strong>in</strong></span> <span class='ocrx_word' id='word_1_701' title='bbox 1300 4212 1553 4267; x_wconf 90' lang='lat' dir='ltr'><strong>virtutem</strong></span> <span class='ocrx_word' id='word_1_702' title='bbox 1589 4219 1643 4268; x_wconf 89' lang='lat' dir='ltr'><strong>et</strong></span> <span class='ocrx_word' id='word_1_703' title='bbox 1672 4214 1920 4285; x_wconf 78' lang='lat' dir='ltr'><strong>gloriam,</strong></span> <span class='ocrx_word' id='word_1_704' title='bbox 1956 4231 1976 4263; x_wconf 77' lang='grc' dir='ltr'><strong>ι</strong></span> <span class='ocrx_word' id='word_1_705' title='bbox 2016 4213 2356 4285; x_wconf 87' lang='lat' dir='ltr'><strong>interpretati</strong></span> <span class='ocrx_word' id='word_1_706' title='bbox 2423 4224 2552 4269; x_wconf 86' lang='lat' dir='ltr'><strong>sunt</strong></span> <span class='ocrx_word' id='word_1_707' title='bbox 2598 4232 2613 4269; x_wconf 90' lang='lat'><strong>:</strong></span> <span class='ocrx_word' id='word_1_708' title='bbox 2649 4215 2729 4268; x_wconf 90' lang='lat' dir='ltr'><strong>sic</strong></span> <span class='ocrx_word' id='word_1_709' title='bbox 2766 4215 2955 4284; x_wconf 85' lang='lat' dir='ltr'><strong>utique</strong></span> <span class='ocrx_word' id='word_1_710' title='bbox 2996 4228 3117 4268; x_wconf 90' lang='lat' dir='ltr'><strong>eam</strong></span> <span class='ocrx_word' id='word_1_711' title='bbox 3184 4211 3436 4266; x_wconf 82' lang='lat' dir='ltr'><strong>virtutem</strong></span> <span class='ocrx_word' id='word_1_712' title='bbox 3465 4224 3586 4280; x_wconf 63' lang='lat' dir='ltr'><strong>qua</strong></span> <span class='ocrx_word' id='word_1_713' title='bbox 3619 4224 3654 4263; x_wconf 88' lang='lat' dir='ltr'><strong>a</strong></span> 
     </span>
    </p>
   </div>
   <div class='ocr_carea' id='block_1_84' title="bbox 422 4305 3662 4382">
    <p class='ocr_par' dir='ltr' id='par_1_84' title="bbox 422 4305 3662 4382">
     <span class='ocr_line' id='line_1_84' title="bbox 422 4305 3662 4382; baseline -0.001 -19"><span class='ocrx_word' id='word_1_714' title='bbox 422 4305 534 4363; x_wconf 87' lang='lat' dir='ltr'><strong>Deo</strong></span> <span class='ocrx_word' id='word_1_715' title='bbox 580 4306 842 4377; x_wconf 87' lang='lat' dir='ltr'><strong>apostolis</strong></span> <span class='ocrx_word' id='word_1_716' title='bbox 876 4306 1002 4361; x_wconf 88' lang='lat' dir='ltr'><strong>data</strong></span> <span class='ocrx_word' id='word_1_717' title='bbox 1045 4314 1150 4373; x_wconf 83' lang='lat' dir='ltr'><strong>est,</strong></span> <span class='ocrx_word' id='word_1_718' title='bbox 1182 4316 1236 4365; x_wconf 92' lang='lat' dir='ltr'><strong>et</strong></span> <span class='ocrx_word' id='word_1_719' title='bbox 1265 4324 1426 4380; x_wconf 89' lang='lat' dir='ltr'><strong>quam</strong></span> <span class='ocrx_word' id='word_1_720' title='bbox 1459 4317 1583 4380; x_wconf 88' lang='lat' dir='ltr'><strong>post</strong></span> <span class='ocrx_word' id='word_1_721' title='bbox 1628 4312 1793 4366; x_wconf 89' lang='lat' dir='ltr'><strong>talem</strong></span> <span class='ocrx_word' id='word_1_722' title='bbox 1852 4311 2106 4366; x_wconf 84' lang='lat' dir='ltr'><strong>virtutem</strong></span> <span class='ocrx_word' id='word_1_723' title='bbox 2171 4312 2311 4382; x_wconf 90' lang='lat' dir='ltr'><strong>apud</strong></span> <span class='ocrx_word' id='word_1_724' title='bbox 2377 4312 2544 4367; x_wconf 91' lang='lat' dir='ltr'><strong>Deum</strong></span> <span class='ocrx_word' id='word_1_725' title='bbox 2612 4312 2851 4366; x_wconf 89' lang='lat' dir='ltr'><strong>habituri</strong></span> <span class='ocrx_word' id='word_1_726' title='bbox 2899 4317 3076 4375; x_wconf 86' lang='lat' dir='ltr'><strong>erant,</strong></span> <span class='ocrx_word' id='word_1_727' title='bbox 3134 4309 3360 4382; x_wconf 84' lang='lat' dir='ltr'><strong>gloriam</strong></span> <span class='ocrx_word' id='word_1_728' title='bbox 3406 4306 3662 4362; x_wconf 88' lang='lat' dir='ltr'><strong>indican-</strong></span> 
     </span>
    </p>
   </div>
   <div class='ocr_carea' id='block_1_85' title="bbox 420 4399 2851 4475">
    <p class='ocr_par' dir='ltr' id='par_1_85' title="bbox 420 4399 2851 4475">
     <span class='ocr_line' id='line_1_85' title="bbox 420 4399 2851 4475; baseline 0.001 -20"><span class='ocrx_word' id='word_1_729' title='bbox 420 4405 526 4462; x_wconf 84' lang='lat' dir='ltr'><strong>tes,</strong></span> <span class='ocrx_word' id='word_1_730' title='bbox 546 4399 701 4469; x_wconf 84' lang='lat' dir='ltr'><strong>juxta</strong></span> <span class='ocrx_word' id='word_1_731' title='bbox 731 4399 862 4454; x_wconf 86' lang='lat' dir='ltr'><strong>illud</strong></span> <span class='ocrx_word' id='word_1_732' title='bbox 893 4420 905 4454; x_wconf 90' lang='lat'>:</span> <span class='ocrx_word' id='word_1_733' title='bbox 946 4418 963 4451; x_wconf 79' lang='grc' dir='ltr'><strong>ι</strong></span> <span class='ocrx_word' id='word_1_734' title='bbox 1002 4399 1268 4458; x_wconf 91' lang='lat' dir='ltr'><strong>Dominus</strong></span> <span class='ocrx_word' id='word_1_735' title='bbox 1314 4402 1465 4462; x_wconf 68' lang='lat' dir='ltr'><strong>dabit</strong></span> <span class='ocrx_word' id='word_1_736' title='bbox 1493 4405 1720 4459; x_wconf 89' lang='lat' dir='ltr'><strong>verbum</strong></span> <span class='ocrx_word' id='word_1_737' title='bbox 1763 4405 2264 4475; x_wconf 83' lang='lat' dir='ltr'><strong>evangelizantibus</strong></span> <span class='ocrx_word' id='word_1_738' title='bbox 2291 4407 2491 4461; x_wconf 89' lang='lat' dir='ltr'><strong>virtute</strong></span> <span class='ocrx_word' id='word_1_739' title='bbox 2520 4406 2690 4460; x_wconf 89' lang='lat' dir='ltr'><strong>multa</strong></span> <span class='ocrx_word' id='word_1_740' title='bbox 2718 4404 2785 4458; x_wconf 70' lang='grc' dir='ltr'><strong>δι.</strong></span> <span class='ocrx_word' id='word_1_741' title='bbox 2832 4423 2851 4457; x_wconf 74' lang='grc' dir='ltr'><strong>ι</strong></span> 
     </span>
    </p>
   </div>
   <div class='ocr_carea' id='block_1_86' title="bbox 492 4489 1996 4565">
    <p class='ocr_par' dir='ltr' id='par_1_86' title="bbox 492 4489 1985 4565">
     <span class='ocr_line' id='line_1_86' title="bbox 492 4489 1985 4565; baseline 0.002 -18"><span class='ocrx_word' id='word_1_742' title='bbox 492 4489 776 4547; x_wconf 78' lang='lat' dir='ltr'><strong>XXXVIII.</strong></span> <span class='ocrx_word' id='word_1_743' title='bbox 815 4490 943 4547; x_wconf 93' lang='lat' dir='ltr'><strong>Item</strong></span> <span class='ocrx_word' id='word_1_744' title='bbox 984 4492 1128 4564; x_wconf 90' lang='lat' dir='ltr'><strong>quod</strong></span> <span class='ocrx_word' id='word_1_745' title='bbox 1173 4509 1231 4550; x_wconf 91' lang='lat' dir='ltr'><strong>re</strong></span> <span class='ocrx_word' id='word_1_746' title='bbox 1270 4494 1387 4565; x_wconf 89' lang='lat' dir='ltr'><strong>ipsa</strong></span> <span class='ocrx_word' id='word_1_747' title='bbox 1418 4493 1620 4550; x_wconf 78' lang='lat' dir='ltr'><strong>factum</strong></span> <span class='ocrx_word' id='word_1_748' title='bbox 1652 4502 1736 4551; x_wconf 91' lang='lat' dir='ltr'><strong>est</strong></span> <span class='ocrx_word' id='word_1_749' title='bbox 1773 4515 1786 4549; x_wconf 92' lang='lat'><strong>:</strong></span> <span class='ocrx_word' id='word_1_750' title='bbox 1828 4514 1847 4547; x_wconf 72' lang='grc' dir='ltr'><strong>ι</strong></span> <span class='ocrx_word' id='word_1_751' title='bbox 1884 4511 1985 4550; x_wconf 88' lang='lat' dir='ltr'><strong>au-</strong></span> 
     </span>
    </p>
   </div>
   <div class='ocr_carea' id='block_1_87' title="bbox 2096 4489 3654 4565">
    <p class='ocr_par' dir='ltr' id='par_1_87' title="bbox 2156 4491 3654 4565">
     <span class='ocr_line' id='line_1_87' title="bbox 2156 4491 3654 4565; baseline -0.007 -13"><span class='ocrx_word' id='word_1_752' title='bbox 2156 4497 2284 4552; x_wconf 84' lang='lat' dir='ltr'><strong>AH&#39;.</strong></span> <span class='ocrx_word' id='word_1_753' title='bbox 2316 4498 2426 4551; x_wconf 83' lang='lat' dir='ltr'><strong>Kal</strong></span> <span class='ocrx_word' id='word_1_754' title='bbox 2477 4496 2607 4551; x_wconf 81' lang='grc' dir='ltr'>αὑτδ</span> <span class='ocrx_word' id='word_1_755' title='bbox 2649 4495 3040 4565; x_wconf 78' lang='grc' dir='ltr'>γεγενημένον·</span> <span class='ocrx_word' id='word_1_756' title='bbox 3094 4511 3113 4545; x_wconf 72' lang='grc' dir='ltr'><strong><em>ι</em></strong></span> <span class='ocrx_word' id='word_1_757' title='bbox 3163 4494 3323 4564; x_wconf 80' lang='grc' dir='ltr'>Ἀκοῇ</span> <span class='ocrx_word' id='word_1_758' title='bbox 3366 4491 3654 4552; x_wconf 75' lang='grc' dir='ltr'>ἀκούσετε,</span> 
     </span>
    </p>
   </div>
   <div class='ocr_carea' id='block_1_88' title="bbox 419 4582 1984 4656">
    <p class='ocr_par' dir='ltr' id='par_1_88' title="bbox 419 4582 1984 4656">
     <span class='ocr_line' id='line_1_88' title="bbox 419 4582 1984 4656; baseline 0 -18"><span class='ocrx_word' id='word_1_759' title='bbox 419 4582 534 4638; x_wconf 89' lang='lat' dir='ltr'><strong>ditu</strong></span> <span class='ocrx_word' id='word_1_760' title='bbox 561 4583 815 4647; x_wconf 88' lang='lat' dir='ltr'><strong>audietis,</strong></span> <span class='ocrx_word' id='word_1_761' title='bbox 839 4593 892 4640; x_wconf 91' lang='lat' dir='ltr'><strong>et</strong></span> <span class='ocrx_word' id='word_1_762' title='bbox 914 4601 1021 4639; x_wconf 93' lang='lat' dir='ltr'><strong>non</strong></span> <span class='ocrx_word' id='word_1_763' title='bbox 1050 4586 1381 4655; x_wconf 81' lang='lat' dir='ltr'><strong>intelligetis,</strong></span> <span class='ocrx_word' id='word_1_764' title='bbox 1407 4594 1461 4640; x_wconf 90' lang='lat' dir='ltr'><strong>et</strong></span> <span class='ocrx_word' id='word_1_765' title='bbox 1489 4587 1815 4656; x_wconf 80' lang='lat' dir='ltr'><strong>aspicientes</strong></span> <span class='ocrx_word' id='word_1_766' title='bbox 1838 4586 1984 4656; x_wconf 91' lang='lat' dir='ltr'><strong>aspi-</strong></span> 
     </span>
    </p>
   </div>
   <div class='ocr_carea' id='block_1_89' title="bbox 419 4676 1986 4739">
    <p class='ocr_par' dir='ltr' id='par_1_89' title="bbox 419 4676 1986 4739">
     <span class='ocr_line' id='line_1_89' title="bbox 419 4676 1986 4739; baseline 0.001 -9"><span class='ocrx_word' id='word_1_767' title='bbox 419 4676 596 4739; x_wconf 91' lang='lat' dir='ltr'><strong>cietis,</strong></span> <span class='ocrx_word' id='word_1_768' title='bbox 625 4685 679 4731; x_wconf 90' lang='lat' dir='ltr'><strong>et</strong></span> <span class='ocrx_word' id='word_1_769' title='bbox 713 4692 823 4730; x_wconf 90' lang='lat' dir='ltr'><strong>non</strong></span> <span class='ocrx_word' id='word_1_770' title='bbox 856 4676 1127 4732; x_wconf 89' lang='lat' dir='ltr'><strong>videbitis.</strong></span> <span class='ocrx_word' id='word_1_771' title='bbox 1162 4677 1424 4733; x_wconf 88' lang='lat' dir='ltr'><strong>Crassum</strong></span> <span class='ocrx_word' id='word_1_772' title='bbox 1464 4679 1611 4733; x_wconf 89' lang='lat' dir='ltr'><strong>enim</strong></span> <span class='ocrx_word' id='word_1_773' title='bbox 1661 4680 1865 4733; x_wconf 83' lang='lat' dir='ltr'><strong>factum</strong></span> <span class='ocrx_word' id='word_1_774' title='bbox 1901 4684 1986 4732; x_wconf 90' lang='lat' dir='ltr'><strong>est</strong></span> 
     </span>
    </p>
   </div>
   <div class='ocr_carea' id='block_1_90' title="bbox 418 4768 1983 4840">
    <p class='ocr_par' dir='ltr' id='par_1_90' title="bbox 418 4768 1983 4840">
     <span class='ocr_line' id='line_1_90' title="bbox 418 4768 1983 4840; baseline -0.001 -18"><span class='ocrx_word' id='word_1_775' title='bbox 418 4783 515 4822; x_wconf 88' lang='lat' dir='ltr'><strong>cor</strong></span> <span class='ocrx_word' id='word_1_776' title='bbox 540 4769 722 4838; x_wconf 90' lang='lat' dir='ltr'><strong>populi</strong></span> <span class='ocrx_word' id='word_1_777' title='bbox 757 4768 943 4837; x_wconf 86' lang='lat' dir='ltr'><strong>hujus,</strong></span> <span class='ocrx_word' id='word_1_778' title='bbox 989 4776 1043 4823; x_wconf 91' lang='lat' dir='ltr'><strong>et</strong></span> <span class='ocrx_word' id='word_1_779' title='bbox 1069 4769 1296 4824; x_wconf 87' lang='lat' dir='ltr'><strong>auribus</strong></span> <span class='ocrx_word' id='word_1_780' title='bbox 1328 4770 1565 4840; x_wconf 88' lang='lat' dir='ltr'><strong>graviter</strong></span> <span class='ocrx_word' id='word_1_781' title='bbox 1593 4768 1902 4831; x_wconf 91' lang='lat' dir='ltr'><strong>audierunt,</strong></span> <span class='ocrx_word' id='word_1_782' title='bbox 1929 4774 1983 4821; x_wconf 91' lang='lat' dir='ltr'><strong>et</strong></span> 
     </span>
    </p>
   </div>
   <div class='ocr_carea' id='block_1_91' title="bbox 417 4859 1984 4931">
    <p class='ocr_par' dir='ltr' id='par_1_91' title="bbox 417 4859 1984 4931">
     <span class='ocr_line' id='line_1_91' title="bbox 417 4859 1984 4931; baseline 0.001 -19"><span class='ocrx_word' id='word_1_783' title='bbox 417 4859 608 4913; x_wconf 89' lang='lat' dir='ltr'><strong>oculos</strong></span> <span class='ocrx_word' id='word_1_784' title='bbox 633 4875 762 4913; x_wconf 77' lang='lat' dir='ltr'><strong>suos</strong></span> <span class='ocrx_word' id='word_1_785' title='bbox 785 4860 1121 4924; x_wconf 89' lang='lat' dir='ltr'><strong>clauserunt,</strong></span> <span class='ocrx_word' id='word_1_786' title='bbox 1148 4876 1217 4916; x_wconf 90' lang='lat' dir='ltr'><strong>ne</strong></span> <span class='ocrx_word' id='word_1_787' title='bbox 1242 4861 1459 4931; x_wconf 87' lang='lat' dir='ltr'><strong>quando</strong></span> <span class='ocrx_word' id='word_1_788' title='bbox 1493 4860 1711 4914; x_wconf 87' lang='lat' dir='ltr'><strong>videant</strong></span> <span class='ocrx_word' id='word_1_789' title='bbox 1735 4859 1909 4913; x_wconf 92' lang='lat' dir='ltr'><strong>oculis</strong></span> <span class='ocrx_word' id='word_1_790' title='bbox 1930 4866 1984 4913; x_wconf 87' lang='lat' dir='ltr'><strong>et</strong></span> 
     </span>
    </p>
   </div>
   <div class='ocr_carea' id='block_1_92' title="bbox 431 4949 1983 5014">
    <p class='ocr_par' dir='ltr' id='par_1_92' title="bbox 431 4949 1983 5014">
     <span class='ocr_line' id='line_1_92' title="bbox 431 4949 1983 5014; baseline -0.001 -10"><span class='ocrx_word' id='word_1_791' title='bbox 431 4950 657 5005; x_wconf 89' lang='lat' dir='ltr'><strong>auribus</strong></span> <span class='ocrx_word' id='word_1_792' title='bbox 688 4952 929 5013; x_wconf 88' lang='lat' dir='ltr'><strong>audiant,</strong></span> <span class='ocrx_word' id='word_1_793' title='bbox 952 4959 1005 5004; x_wconf 91' lang='lat' dir='ltr'><strong>et</strong></span> <span class='ocrx_word' id='word_1_794' title='bbox 1036 4961 1441 5014; x_wconf 89' lang='lat' dir='ltr'><strong>convertantur,</strong></span> <span class='ocrx_word' id='word_1_795' title='bbox 1477 4962 1531 5006; x_wconf 90' lang='lat' dir='ltr'><strong>et</strong></span> <span class='ocrx_word' id='word_1_796' title='bbox 1560 4966 1746 5005; x_wconf 87' lang='lat' dir='ltr'><strong>sanem</strong></span> <span class='ocrx_word' id='word_1_797' title='bbox 1774 4966 1889 5006; x_wconf 87' lang='lat' dir='ltr'><strong>eos.</strong></span> <span class='ocrx_word' id='word_1_798' title='bbox 1918 4949 1983 5004; x_wconf 85' lang='lat' dir='ltr'><strong>Et</strong></span> 
     </span>
    </p>
   </div>
   <div class='ocr_carea' id='block_1_93' title="bbox 421 5042 1984 5113">
    <p class='ocr_par' dir='ltr' id='par_1_93' title="bbox 421 5042 1984 5113">
     <span class='ocr_line' id='line_1_93' title="bbox 421 5042 1984 5113; baseline -0.003 -12"><span class='ocrx_word' id='word_1_799' title='bbox 421 5042 536 5101; x_wconf 80' lang='lat' dir='ltr'><strong>dixi</strong></span> <span class='ocrx_word' id='word_1_800' title='bbox 567 5063 580 5098; x_wconf 90' lang='lat'><strong>:</strong></span> <span class='ocrx_word' id='word_1_801' title='bbox 617 5058 922 5113; x_wconf 89' lang='lat' dir='ltr'><strong>quousque,</strong></span> <span class='ocrx_word' id='word_1_802' title='bbox 954 5042 1221 5099; x_wconf 89' lang='lat' dir='ltr'><strong>Domine?</strong></span> <span class='ocrx_word' id='word_1_803' title='bbox 1243 5058 1296 5099; x_wconf 87' lang='lat' dir='ltr'><strong>et</strong></span> <span class='ocrx_word' id='word_1_804' title='bbox 1325 5044 1463 5098; x_wconf 80' lang='lat' dir='ltr'><strong>dixit</strong></span> <span class='ocrx_word' id='word_1_805' title='bbox 1503 5058 1520 5098; x_wconf 87' lang='lat'><strong>:</strong></span> <span class='ocrx_word' id='word_1_806' title='bbox 1552 5042 1731 5097; x_wconf 87' lang='lat' dir='ltr'><strong>Donec</strong></span> <span class='ocrx_word' id='word_1_807' title='bbox 1764 5051 1984 5099; x_wconf 85' lang='lat' dir='ltr'><strong>vasten-</strong></span> 
     </span>
    </p>
   </div>
   <div class='ocr_carea' id='block_1_94' title="bbox 417 5132 1977 5199">
    <p class='ocr_par' dir='ltr' id='par_1_94' title="bbox 417 5132 1977 5199">
     <span class='ocr_line' id='line_1_94' title="bbox 417 5132 1977 5199; baseline 0 -10"><span class='ocrx_word' id='word_1_808' title='bbox 417 5143 508 5189; x_wconf 90' lang='lat' dir='ltr'><strong>tur</strong></span> <span class='ocrx_word' id='word_1_809' title='bbox 538 5135 809 5197; x_wconf 87' lang='lat' dir='ltr'><strong>civitates,</strong></span> <span class='ocrx_word' id='word_1_810' title='bbox 859 5134 1013 5198; x_wconf 90' lang='lat' dir='ltr'><strong>adeo,</strong></span> <span class='ocrx_word' id='word_1_811' title='bbox 1048 5144 1106 5190; x_wconf 92' lang='lat' dir='ltr'><strong>ut</strong></span> <span class='ocrx_word' id='word_1_812' title='bbox 1138 5151 1244 5190; x_wconf 93' lang='lat' dir='ltr'><strong>non</strong></span> <span class='ocrx_word' id='word_1_813' title='bbox 1290 5135 1627 5197; x_wconf 88' lang='lat' dir='ltr'><strong>habitentur,</strong></span> <span class='ocrx_word' id='word_1_814' title='bbox 1663 5139 1717 5187; x_wconf 90' lang='lat' dir='ltr'><strong>et</strong></span> <span class='ocrx_word' id='word_1_815' title='bbox 1760 5132 1977 5199; x_wconf 88' lang='lat' dir='ltr'><strong>domus,</strong></span> 
     </span>
    </p>
   </div>
   <div class='ocr_carea' id='block_1_95' title="bbox 418 5227 1987 5297">
    <p class='ocr_par' dir='ltr' id='par_1_95' title="bbox 418 5227 1987 5297">
     <span class='ocr_line' id='line_1_95' title="bbox 418 5227 1987 5297; baseline 0.001 -15"><span class='ocrx_word' id='word_1_816' title='bbox 418 5227 574 5290; x_wconf 85' lang='lat' dir='ltr'><strong>adeo,</strong></span> <span class='ocrx_word' id='word_1_817' title='bbox 613 5234 671 5280; x_wconf 92' lang='lat' dir='ltr'><strong>ut</strong></span> <span class='ocrx_word' id='word_1_818' title='bbox 698 5241 807 5280; x_wconf 92' lang='lat' dir='ltr'><strong>non</strong></span> <span class='ocrx_word' id='word_1_819' title='bbox 848 5228 919 5281; x_wconf 89' lang='lat' dir='ltr'><strong>sit</strong></span> <span class='ocrx_word' id='word_1_820' title='bbox 968 5228 1132 5283; x_wconf 90' lang='lat' dir='ltr'><strong>homo</strong></span> <span class='ocrx_word' id='word_1_821' title='bbox 1184 5249 1196 5283; x_wconf 92' lang='lat'><strong>:</strong></span> <span class='ocrx_word' id='word_1_822' title='bbox 1232 5238 1286 5282; x_wconf 90' lang='lat' dir='ltr'><strong>et</strong></span> <span class='ocrx_word' id='word_1_823' title='bbox 1317 5236 1461 5283; x_wconf 89' lang='lat' dir='ltr'><strong>terra</strong></span> <span class='ocrx_word' id='word_1_824' title='bbox 1496 5227 1837 5297; x_wconf 88' lang='lat' dir='ltr'><strong>relinquetur</strong></span> <span class='ocrx_word' id='word_1_825' title='bbox 1887 5228 1987 5284; x_wconf 89' lang='lat' dir='ltr'><strong>de-</strong></span> 
     </span>
    </p>
   </div>
   <div class='ocr_carea' id='block_1_96' title="bbox 419 5317 1978 5390">
    <p class='ocr_par' dir='ltr' id='par_1_96' title="bbox 419 5317 1978 5390">
     <span class='ocr_line' id='line_1_96' title="bbox 419 5317 1978 5390; baseline 0.004 -17"><span class='ocrx_word' id='word_1_826' title='bbox 419 5327 583 5375; x_wconf 83' lang='lat' dir='ltr'><strong>serta.</strong></span> <span class='ocrx_word' id='word_1_827' title='bbox 623 5317 687 5372; x_wconf 84' lang='lat' dir='ltr'><strong>Et</strong></span> <span class='ocrx_word' id='word_1_828' title='bbox 717 5327 839 5389; x_wconf 91' lang='lat' dir='ltr'><strong>post</strong></span> <span class='ocrx_word' id='word_1_829' title='bbox 874 5319 987 5375; x_wconf 65' lang='lat' dir='ltr'><strong>haec</strong></span> <span class='ocrx_word' id='word_1_830' title='bbox 1016 5320 1287 5374; x_wconf 84' lang='lat' dir='ltr'><strong>amovchit</strong></span> <span class='ocrx_word' id='word_1_831' title='bbox 1311 5322 1498 5390; x_wconf 90' lang='lat' dir='ltr'><strong>procul</strong></span> <span class='ocrx_word' id='word_1_832' title='bbox 1528 5320 1672 5377; x_wconf 90' lang='lat' dir='ltr'><strong>Deus</strong></span> <span class='ocrx_word' id='word_1_833' title='bbox 1705 5322 1978 5380; x_wconf 73' lang='lat' dir='ltr'><strong>homines.</strong></span> 
     </span>
    </p>
   </div>
   <div class='ocr_carea' id='block_1_97' title="bbox 415 5411 1971 5483">
    <p class='ocr_par' dir='ltr' id='par_1_97' title="bbox 415 5411 1971 5483">
     <span class='ocr_line' id='line_1_97' title="bbox 415 5411 1971 5483; baseline 0.001 -18"><span class='ocrx_word' id='word_1_834' title='bbox 415 5420 472 5465; x_wconf 89' lang='lat' dir='ltr'><strong>et</strong></span> <span class='ocrx_word' id='word_1_835' title='bbox 491 5411 1018 5481; x_wconf 82' lang='lat' dir='ltr'><strong>multiplicabuntur,</strong></span> <span class='ocrx_word' id='word_1_836' title='bbox 1048 5412 1140 5483; x_wconf 92' lang='lat' dir='ltr'><strong>qui</strong></span> <span class='ocrx_word' id='word_1_837' title='bbox 1175 5413 1349 5467; x_wconf 87' lang='lat' dir='ltr'><strong>relicti</strong></span> <span class='ocrx_word' id='word_1_838' title='bbox 1380 5413 1579 5468; x_wconf 79' lang='lat' dir='ltr'><strong>fuerint</strong></span> <span class='ocrx_word' id='word_1_839' title='bbox 1604 5415 1658 5468; x_wconf 93' lang='lat' dir='ltr'><strong>in</strong></span> <span class='ocrx_word' id='word_1_840' title='bbox 1688 5422 1833 5468; x_wconf 88' lang='lat' dir='ltr'><strong>terra</strong></span> <span class='ocrx_word' id='word_1_841' title='bbox 1854 5415 1919 5466; x_wconf 70' lang='grc' dir='ltr'><strong>δ’.</strong></span> <span class='ocrx_word' id='word_1_842' title='bbox 1951 5438 1971 5466; x_wconf 74' lang='grc' dir='ltr'><strong>ι</strong></span> 
     </span>
    </p>
   </div>
   <div class='ocr_carea' id='block_1_98' title="bbox 413 5502 1975 5577">
    <p class='ocr_par' dir='ltr' id='par_1_98' title="bbox 413 5502 1975 5577">
     <span class='ocr_line' id='line_1_98' title="bbox 413 5502 1975 5577; baseline 0.001 -19"><span class='ocrx_word' id='word_1_843' title='bbox 413 5502 713 5560; x_wconf 82' lang='lat' dir='ltr'><strong>Considera</strong></span> <span class='ocrx_word' id='word_1_844' title='bbox 747 5507 912 5577; x_wconf 87' lang='lat' dir='ltr'><strong>igitur</strong></span> <span class='ocrx_word' id='word_1_845' title='bbox 945 5506 1035 5561; x_wconf 91' lang='lat' dir='ltr'><strong>hic</strong></span> <span class='ocrx_word' id='word_1_846' title='bbox 1081 5522 1317 5576; x_wconf 86' lang='lat' dir='ltr'><strong>quoque,</strong></span> <span class='ocrx_word' id='word_1_847' title='bbox 1354 5522 1589 5576; x_wconf 86' lang='lat' dir='ltr'><strong>quonam</strong></span> <span class='ocrx_word' id='word_1_848' title='bbox 1651 5507 1833 5568; x_wconf 92' lang='lat' dir='ltr'><strong>modo,</strong></span> <span class='ocrx_word' id='word_1_849' title='bbox 1881 5506 1975 5576; x_wconf 93' lang='lat' dir='ltr'><strong>qui</strong></span> 
     </span>
    </p>
   </div>
   <div class='ocr_carea' id='block_1_99' title="bbox 414 5595 1973 5666">
    <p class='ocr_par' dir='ltr' id='par_1_99' title="bbox 414 5595 1973 5666">
     <span class='ocr_line' id='line_1_99' title="bbox 414 5595 1973 5666; baseline -0.001 -16"><span class='ocrx_word' id='word_1_850' title='bbox 414 5595 588 5651; x_wconf 86' lang='lat' dir='ltr'><strong>relicti</strong></span> <span class='ocrx_word' id='word_1_851' title='bbox 632 5596 742 5652; x_wconf 85' lang='lat' dir='ltr'><strong>sint</strong></span> <span class='ocrx_word' id='word_1_852' title='bbox 776 5612 968 5652; x_wconf 89' lang='lat' dir='ltr'><strong>rursus</strong></span> <span class='ocrx_word' id='word_1_853' title='bbox 1002 5597 1057 5650; x_wconf 91' lang='lat' dir='ltr'><strong>in</strong></span> <span class='ocrx_word' id='word_1_854' title='bbox 1089 5604 1256 5660; x_wconf 86' lang='lat' dir='ltr'><strong>terra,</strong></span> <span class='ocrx_word' id='word_1_855' title='bbox 1292 5612 1416 5651; x_wconf 91' lang='lat' dir='ltr'><strong>eum</strong></span> <span class='ocrx_word' id='word_1_856' title='bbox 1462 5598 1670 5666; x_wconf 88' lang='lat' dir='ltr'><strong>reliqua</strong></span> <span class='ocrx_word' id='word_1_857' title='bbox 1716 5598 1973 5650; x_wconf 86' lang='lat' dir='ltr'><strong>universa</strong></span> 
     </span>
    </p>
   </div>
   <div class='ocr_carea' id='block_1_100' title="bbox 2089 4583 3650 4660">
    <p class='ocr_par' dir='ltr' id='par_1_100' title="bbox 2089 4583 3650 4660">
     <span class='ocr_line' id='line_1_100' title="bbox 2089 4583 3650 4660; baseline -0.004 -18"><span class='ocrx_word' id='word_1_858' title='bbox 2089 4591 2183 4642; x_wconf 73' lang='grc' dir='ltr'><strong>καὶ</strong></span> <span class='ocrx_word' id='word_1_859' title='bbox 2219 4590 2279 4642; x_wconf 75' lang='grc' dir='ltr'><strong>οὐ</strong></span> <span class='ocrx_word' id='word_1_860' title='bbox 2318 4588 2391 4660; x_wconf 80' lang='grc' dir='ltr'>μὴ</span> <span class='ocrx_word' id='word_1_861' title='bbox 2434 4589 2626 4660; x_wconf 83' lang='grc' dir='ltr'>συνῆτε</span> <span class='ocrx_word' id='word_1_862' title='bbox 2645 4605 2659 4619; x_wconf 76' lang='grc' dir='ltr'><strong>ο</strong></span> <span class='ocrx_word' id='word_1_863' title='bbox 2696 4590 2788 4643; x_wconf 77' lang='grc' dir='ltr'><strong>καὶ</strong></span> <span class='ocrx_word' id='word_1_864' title='bbox 2836 4587 3121 4658; x_wconf 85' lang='grc' dir='ltr'>βλέποντες</span> <span class='ocrx_word' id='word_1_865' title='bbox 3169 4586 3425 4657; x_wconf 53' lang='grc' dir='ltr'>βλέψετε(</span> <span class='ocrx_word' id='word_1_866' title='bbox 3455 4583 3549 4637; x_wconf 77' lang='grc' dir='ltr'><strong>καὶ</strong></span> <span class='ocrx_word' id='word_1_867' title='bbox 3585 4583 3650 4636; x_wconf 79' lang='grc' dir='ltr'>οὐ</span> 
     </span>
    </p>
   </div>
   <div class='ocr_carea' id='block_1_101' title="bbox 2091 4674 3649 4752">
    <p class='ocr_par' dir='ltr' id='par_1_101' title="bbox 2091 4674 3649 4752">
     <span class='ocr_line' id='line_1_101' title="bbox 2091 4674 3649 4752; baseline -0.003 -19"><span class='ocrx_word' id='word_1_868' title='bbox 2091 4680 2165 4752; x_wconf 85' lang='grc' dir='ltr'>μὴ</span> <span class='ocrx_word' id='word_1_869' title='bbox 2195 4681 2360 4750; x_wconf 77' lang='grc' dir='ltr'>ἴδητε.</span> <span class='ocrx_word' id='word_1_870' title='bbox 2400 4679 2704 4752; x_wconf 79' lang='grc' dir='ltr'>Ἐπαχύνθη</span> <span class='ocrx_word' id='word_1_871' title='bbox 2731 4682 2837 4750; x_wconf 83' lang='grc' dir='ltr'>γὰρ</span> <span class='ocrx_word' id='word_1_872' title='bbox 2870 4682 2903 4751; x_wconf 80' lang='grc' dir='ltr'>ἠ</span> <span class='ocrx_word' id='word_1_873' title='bbox 2940 4679 3134 4750; x_wconf 79' lang='grc' dir='ltr'>καρδία</span> <span class='ocrx_word' id='word_1_874' title='bbox 3163 4679 3255 4730; x_wconf 81' lang='grc' dir='ltr'><strong>τοῦ</strong></span> <span class='ocrx_word' id='word_1_875' title='bbox 3281 4676 3408 4730; x_wconf 87' lang='grc' dir='ltr'>λαοῦ</span> <span class='ocrx_word' id='word_1_876' title='bbox 3433 4674 3649 4741; x_wconf 84' lang='grc' dir='ltr'>τούτου,</span> 
     </span>
    </p>
   </div>
   <div class='ocr_carea' id='block_1_102' title="bbox 2087 4766 3647 4845">
    <p class='ocr_par' dir='ltr' id='par_1_102' title="bbox 2087 4766 3647 4845">
     <span class='ocr_line' id='line_1_102' title="bbox 2087 4766 3647 4845; baseline -0.004 -20"><span class='ocrx_word' id='word_1_877' title='bbox 2087 4774 2322 4835; x_wconf 75' lang='grc' dir='ltr'>καὶτοῖς</span> <span class='ocrx_word' id='word_1_878' title='bbox 2361 4771 2463 4824; x_wconf 74' lang='grc' dir='ltr'><strong>ὠσὶ</strong></span> <span class='ocrx_word' id='word_1_879' title='bbox 2504 4772 2712 4845; x_wconf 87' lang='grc' dir='ltr'>βαρέως</span> <span class='ocrx_word' id='word_1_880' title='bbox 2741 4772 3006 4843; x_wconf 69' lang='grc' dir='ltr'>ἥκουσαν,</span> <span class='ocrx_word' id='word_1_881' title='bbox 3049 4770 3141 4824; x_wconf 71' lang='grc' dir='ltr'><strong>καὶ</strong></span> <span class='ocrx_word' id='word_1_882' title='bbox 3178 4770 3304 4832; x_wconf 74' lang='grc' dir='ltr'>τοὺς</span> <span class='ocrx_word' id='word_1_883' title='bbox 3339 4766 3647 4837; x_wconf 79' lang='grc' dir='ltr'>ὀφθαλμοὺς</span> 
     </span>
    </p>
   </div>
   <div class='ocr_carea' id='block_1_103' title="bbox 2088 4856 3643 4931">
    <p class='ocr_par' dir='ltr' id='par_1_103' title="bbox 2088 4856 3643 4931">
     <span class='ocr_line' id='line_1_103' title="bbox 2088 4856 3643 4931; baseline -0.003 -18"><span class='ocrx_word' id='word_1_884' title='bbox 2088 4859 2267 4913; x_wconf 78' lang='grc' dir='ltr'>αὐτῶν</span> <span class='ocrx_word' id='word_1_885' title='bbox 2310 4860 2665 4931; x_wconf 78' lang='grc' dir='ltr'>ἐκάμμυσαν,</span> <span class='ocrx_word' id='word_1_886' title='bbox 2740 4861 2944 4931; x_wconf 88' lang='grc' dir='ltr'>μήποτε</span> <span class='ocrx_word' id='word_1_887' title='bbox 2990 4858 3140 4912; x_wconf 75' lang='grc' dir='ltr'>ἴδωσι</span> <span class='ocrx_word' id='word_1_888' title='bbox 3173 4861 3285 4921; x_wconf 87' lang='grc' dir='ltr'>τοῖς</span> <span class='ocrx_word' id='word_1_889' title='bbox 3323 4856 3643 4927; x_wconf 80' lang='grc' dir='ltr'>ὀφθαλμοῖς,</span> 
     </span>
    </p>
   </div>
   <div class='ocr_carea' id='block_1_104' title="bbox 2090 4947 3648 5023">
    <p class='ocr_par' dir='ltr' id='par_1_104' title="bbox 2090 4947 3648 5023">
     <span class='ocr_line' id='line_1_104' title="bbox 2090 4947 3648 5023; baseline -0.003 -18"><span class='ocrx_word' id='word_1_890' title='bbox 2090 4953 2183 5005; x_wconf 71' lang='grc' dir='ltr'><strong>καὶ</strong></span> <span class='ocrx_word' id='word_1_891' title='bbox 2209 4954 2321 5016; x_wconf 78' lang='grc' dir='ltr'>τοῖς</span> <span class='ocrx_word' id='word_1_892' title='bbox 2346 4952 2477 5006; x_wconf 73' lang='grc' dir='ltr'>ὠσὶν</span> <span class='ocrx_word' id='word_1_893' title='bbox 2503 4951 2793 5023; x_wconf 74' lang='grc' dir='ltr'>ἀκούσωσι,</span> <span class='ocrx_word' id='word_1_894' title='bbox 2828 4952 2921 5003; x_wconf 67' lang='grc' dir='ltr'><strong>καὶ</strong></span> <span class='ocrx_word' id='word_1_895' title='bbox 2952 4949 3338 5021; x_wconf 65' lang='grc' dir='ltr'>ὲπιστρέψωσι,</span> <span class='ocrx_word' id='word_1_896' title='bbox 3363 4948 3456 5001; x_wconf 63' lang='grc' dir='ltr'><strong>καὶ⁵</strong></span> <span class='ocrx_word' id='word_1_897' title='bbox 3480 4947 3648 5001; x_wconf 76' lang='grc' dir='ltr'>ἰάσω·</span> 
     </span>
    </p>
   </div>
   <div class='ocr_carea' id='block_1_105' title="bbox 2093 5037 3644 5114">
    <p class='ocr_par' dir='ltr' id='par_1_105' title="bbox 2093 5037 3644 5114">
     <span class='ocr_line' id='line_1_105' title="bbox 2093 5037 3644 5114; baseline -0.003 -18"><span class='ocrx_word' id='word_1_898' title='bbox 2093 5060 2189 5114; x_wconf 92' lang='grc' dir='ltr'><strong>μαι</strong></span> <span class='ocrx_word' id='word_1_899' title='bbox 2212 5043 2429 5108; x_wconf 81' lang='grc' dir='ltr'>αὐτούς.</span> <span class='ocrx_word' id='word_1_900' title='bbox 2451 5045 2560 5097; x_wconf 80' lang='grc' dir='ltr'><strong>Καὶ</strong></span> <span class='ocrx_word' id='word_1_901' title='bbox 2584 5040 2741 5096; x_wconf 77' lang='grc' dir='ltr'>εἶπα·</span> <span class='ocrx_word' id='word_1_902' title='bbox 2771 5043 2913 5106; x_wconf 86' lang='grc' dir='ltr'><strong>Ἕως</strong></span> <span class='ocrx_word' id='word_1_903' title='bbox 2938 5043 3089 5106; x_wconf 87' lang='grc' dir='ltr'>πότε,</span> <span class='ocrx_word' id='word_1_904' title='bbox 3120 5040 3321 5110; x_wconf 85' lang='grc' dir='ltr'>Κύριε;</span> <span class='ocrx_word' id='word_1_905' title='bbox 3344 5040 3435 5093; x_wconf 79' lang='grc' dir='ltr'>καὶ</span> <span class='ocrx_word' id='word_1_906' title='bbox 3469 5037 3644 5092; x_wconf 75' lang='grc' dir='ltr'>εἷπενο</span> 
     </span>
    </p>
   </div>
   <div class='ocr_carea' id='block_1_106' title="bbox 2090 5133 3647 5208">
    <p class='ocr_par' dir='ltr' id='par_1_106' title="bbox 2090 5133 3647 5208">
     <span class='ocr_line' id='line_1_106' title="bbox 2090 5133 3647 5208; baseline -0.004 -19"><span class='ocrx_word' id='word_1_907' title='bbox 2090 5137 2233 5200; x_wconf 82' lang='grc' dir='ltr'>Ἕως</span> <span class='ocrx_word' id='word_1_908' title='bbox 2266 5135 2331 5190; x_wconf 86' lang='grc' dir='ltr'><strong>ἂν</strong></span> <span class='ocrx_word' id='word_1_909' title='bbox 2375 5134 2700 5208; x_wconf 83' lang='grc' dir='ltr'>ἐρημωθῶσι</span> <span class='ocrx_word' id='word_1_910' title='bbox 2733 5135 2912 5200; x_wconf 87' lang='grc' dir='ltr'>πόλεις</span> <span class='ocrx_word' id='word_1_911' title='bbox 2955 5133 3104 5207; x_wconf 88' lang='grc' dir='ltr'><strong>παρὰ</strong></span> <span class='ocrx_word' id='word_1_912' title='bbox 3148 5135 3210 5186; x_wconf 76' lang='grc' dir='ltr'>τὸ</span> <span class='ocrx_word' id='word_1_913' title='bbox 3255 5133 3329 5204; x_wconf 79' lang='grc' dir='ltr'>μὴ</span> <span class='ocrx_word' id='word_1_914' title='bbox 3374 5133 3647 5185; x_wconf 84' lang='grc' dir='ltr'>κατοικεῖ-</span> 
     </span>
    </p>
   </div>
   <div class='ocr_carea' id='block_1_107' title="bbox 2088 5223 3644 5298">
    <p class='ocr_par' dir='ltr' id='par_1_107' title="bbox 2088 5223 3644 5298">
     <span class='ocr_line' id='line_1_107' title="bbox 2088 5223 3644 5298; baseline -0.003 -15"><span class='ocrx_word' id='word_1_915' title='bbox 2088 5228 2233 5290; x_wconf 82' lang='grc' dir='ltr'>σθαι,</span> <span class='ocrx_word' id='word_1_916' title='bbox 2277 5233 2367 5281; x_wconf 68' lang='grc' dir='ltr'><strong>καὶ</strong></span> <span class='ocrx_word' id='word_1_917' title='bbox 2396 5224 2559 5287; x_wconf 66' lang='grc' dir='ltr'>οἶκοι,</span> <span class='ocrx_word' id='word_1_918' title='bbox 2596 5226 2742 5298; x_wconf 79' lang='grc' dir='ltr'>παρὰ</span> <span class='ocrx_word' id='word_1_919' title='bbox 2779 5228 2839 5280; x_wconf 83' lang='grc' dir='ltr'><strong>τὸ</strong></span> <span class='ocrx_word' id='word_1_920' title='bbox 2877 5228 2949 5298; x_wconf 79' lang='grc' dir='ltr'>μὴ</span> <span class='ocrx_word' id='word_1_921' title='bbox 2982 5223 3121 5281; x_wconf 77' lang='grc' dir='ltr'>εἶναι</span> <span class='ocrx_word' id='word_1_922' title='bbox 3154 5224 3505 5296; x_wconf 81' lang='grc' dir='ltr'>ἀνθρώπους’</span> <span class='ocrx_word' id='word_1_923' title='bbox 3550 5226 3644 5278; x_wconf 79' lang='grc' dir='ltr'>καὶ</span> 
     </span>
    </p>
   </div>
   <div class='ocr_carea' id='block_1_108' title="bbox 2085 5316 3644 5391">
    <p class='ocr_par' dir='ltr' id='par_1_108' title="bbox 2085 5316 3644 5391">
     <span class='ocr_line' id='line_1_108' title="bbox 2085 5316 3644 5391; baseline -0.012 -15"><span class='ocrx_word' id='word_1_924' title='bbox 2085 5323 2118 5391; x_wconf 79' lang='grc' dir='ltr'>ἡ</span> <span class='ocrx_word' id='word_1_925' title='bbox 2147 5321 2218 5390; x_wconf 83' lang='grc' dir='ltr'>γῆ</span> <span class='ocrx_word' id='word_1_926' title='bbox 2255 5319 2739 5390; x_wconf 79' lang='grc' dir='ltr'>καταλειφθήσεται</span> <span class='ocrx_word' id='word_1_927' title='bbox 2766 5319 2989 5391; x_wconf 77' lang='grc' dir='ltr'>ἕρημος.</span> <span class='ocrx_word' id='word_1_928' title='bbox 3015 5320 3123 5373; x_wconf 85' lang='lat' dir='ltr'><strong>Kal</strong></span> <span class='ocrx_word' id='word_1_929' title='bbox 3151 5326 3285 5390; x_wconf 64' lang='grc' dir='ltr'>μετα</span> <span class='ocrx_word' id='word_1_930' title='bbox 3318 5316 3491 5372; x_wconf 85' lang='grc' dir='ltr'>ταῦτα</span> <span class='ocrx_word' id='word_1_931' title='bbox 3536 5333 3644 5387; x_wconf 80' lang='grc' dir='ltr'>μα.</span> 
     </span>
    </p>
   </div>
   <div class='ocr_carea' id='block_1_109' title="bbox 2085 5408 3649 5483">
    <p class='ocr_par' dir='ltr' id='par_1_109' title="bbox 2085 5408 3649 5483">
     <span class='ocr_line' id='line_1_109' title="bbox 2085 5408 3649 5483; baseline -0.003 -19"><span class='ocrx_word' id='word_1_932' title='bbox 2085 5414 2273 5481; x_wconf 84' lang='grc' dir='ltr'>κρυνεῖ</span> <span class='ocrx_word' id='word_1_933' title='bbox 2308 5413 2336 5463; x_wconf 84' lang='grc' dir='ltr'>ὁ</span> <span class='ocrx_word' id='word_1_934' title='bbox 2365 5409 2497 5474; x_wconf 86' lang='grc' dir='ltr'>Θεὸς</span> <span class='ocrx_word' id='word_1_935' title='bbox 2523 5411 2647 5474; x_wconf 73' lang='grc' dir='ltr'>τοὺς</span> <span class='ocrx_word' id='word_1_936' title='bbox 2682 5409 3019 5483; x_wconf 67' lang='grc' dir='ltr'>ἀνθρώπους,</span> <span class='ocrx_word' id='word_1_937' title='bbox 3052 5410 3144 5462; x_wconf 75' lang='grc' dir='ltr'><strong>καὶ</strong></span> <span class='ocrx_word' id='word_1_938' title='bbox 3179 5408 3649 5481; x_wconf 80' lang='grc' dir='ltr'>πληθυνθήσονται</span> 
     </span>
    </p>
   </div>
   <div class='ocr_carea' id='block_1_110' title="bbox 2085 5495 3645 5573">
    <p class='ocr_par' dir='ltr' id='par_1_110' title="bbox 2085 5495 3645 5573">
     <span class='ocr_line' id='line_1_110' title="bbox 2085 5495 3645 5573; baseline -0.004 -19"><span class='ocrx_word' id='word_1_939' title='bbox 2085 5499 2530 5568; x_wconf 87' lang='grc' dir='ltr'>καταλειφθέντες</span> <span class='ocrx_word' id='word_1_940' title='bbox 2560 5499 2652 5553; x_wconf 66' lang='grc' dir='ltr'><strong>ἐπὶ</strong></span> <span class='ocrx_word' id='word_1_941' title='bbox 2682 5500 2782 5573; x_wconf 80' lang='grc' dir='ltr'>τῆς</span> <span class='ocrx_word' id='word_1_942' title='bbox 2807 5500 2930 5571; x_wconf 81' lang='grc' dir='ltr'>γῆς.</span> <span class='ocrx_word' id='word_1_943' title='bbox 2966 5518 2985 5550; x_wconf 69' lang='grc' dir='ltr'><strong>ι</strong></span> <span class='ocrx_word' id='word_1_944' title='bbox 3017 5499 3155 5570; x_wconf 83' lang='grc' dir='ltr'><strong>Ὅρα</strong></span> <span class='ocrx_word' id='word_1_945' title='bbox 3191 5500 3254 5570; x_wconf 84' lang='grc' dir='ltr'>δὴ</span> <span class='ocrx_word' id='word_1_946' title='bbox 3280 5498 3374 5552; x_wconf 77' lang='grc' dir='ltr'>καὶ</span> <span class='ocrx_word' id='word_1_947' title='bbox 3412 5495 3645 5551; x_wconf 72' lang='grc' dir='ltr'>ἐνταῦθα</span> 
     </span>
    </p>
   </div>
   <div class='ocr_carea' id='block_1_111' title="bbox 2080 5589 3637 5666">
    <p class='ocr_par' dir='ltr' id='par_1_111' title="bbox 2080 5589 3637 5666">
     <span class='ocr_line' id='line_1_111' title="bbox 2080 5589 3637 5666; baseline -0.001 -19"><span class='ocrx_word' id='word_1_948' title='bbox 2080 5594 2200 5647; x_wconf 84' lang='grc' dir='ltr'>τίνα</span> <span class='ocrx_word' id='word_1_949' title='bbox 2242 5593 2439 5666; x_wconf 79' lang='grc' dir='ltr'>τρόπον</span> <span class='ocrx_word' id='word_1_950' title='bbox 2488 5595 2537 5648; x_wconf 78' lang='lat' dir='ltr'><strong>oi</strong></span> <span class='ocrx_word' id='word_1_951' title='bbox 2583 5592 3028 5662; x_wconf 79' lang='grc' dir='ltr'>καταλειφθέντες</span> <span class='ocrx_word' id='word_1_952' title='bbox 3063 5592 3224 5646; x_wconf 81' lang='grc' dir='ltr'>πάλιν</span> <span class='ocrx_word' id='word_1_953' title='bbox 3255 5592 3347 5646; x_wconf 72' lang='grc' dir='ltr'>ἰπὶ</span> <span class='ocrx_word' id='word_1_954' title='bbox 3386 5590 3486 5659; x_wconf 82' lang='grc' dir='ltr'>τῆς</span> <span class='ocrx_word' id='word_1_955' title='bbox 3514 5589 3637 5660; x_wconf 78' lang='grc' dir='ltr'>γῆς,</span> 
     </span>
    </p>
   </div>
   <div class='ocr_carea' id='block_1_112' title="bbox 516 5683 2082 5756">
    <p class='ocr_par' dir='ltr' id='par_1_112' title="bbox 516 5683 2082 5756">
     <span class='ocr_line' id='line_1_112' title="bbox 516 5683 2082 5756; baseline -0.003 -15"><span class='ocrx_word' id='word_1_956' title='bbox 516 5688 564 5721; x_wconf 78' lang='grc'><strong><em>⁸⁸</em></strong></span> <span class='ocrx_word' id='word_1_957' title='bbox 592 5686 694 5745; x_wconf 83' lang='lat' dir='ltr'><strong>Isa.</strong></span> <span class='ocrx_word' id='word_1_958' title='bbox 728 5705 799 5756; x_wconf 83' lang='lat' dir='ltr'><strong>Iv,</strong></span> <span class='ocrx_word' id='word_1_959' title='bbox 823 5689 933 5743; x_wconf 69' lang='grc' dir='ltr'><strong>Ξιδ.</strong></span> <span class='ocrx_word' id='word_1_960' title='bbox 1010 5688 1054 5720; x_wconf 77' lang='grc'><strong>⁸⁸</strong></span> <span class='ocrx_word' id='word_1_961' title='bbox 1082 5688 1225 5744; x_wconf 83' lang='lat' dir='ltr'><strong>Psal.</strong></span> <span class='ocrx_word' id='word_1_962' title='bbox 1262 5703 1428 5752; x_wconf 77' lang='lat' dir='ltr'><strong>van,</strong></span> <span class='ocrx_word' id='word_1_963' title='bbox 1456 5688 1544 5743; x_wconf 79' lang='lat' dir='ltr'><strong>I2.</strong></span> <span class='ocrx_word' id='word_1_964' title='bbox 1618 5688 1663 5721; x_wconf 76' lang='lat'>“</span> <span class='ocrx_word' id='word_1_965' title='bbox 1696 5685 1803 5743; x_wconf 82' lang='lat' dir='ltr'><strong>Isa.</strong></span> <span class='ocrx_word' id='word_1_966' title='bbox 1827 5702 1903 5750; x_wconf 82' lang='lat' dir='ltr'><strong>Vl,</strong></span> <span class='ocrx_word' id='word_1_967' title='bbox 1928 5683 2082 5739; x_wconf 68' lang='lat' dir='ltr'><strong>9-H.</strong></span> 
     </span>
    </p>
   </div>
   <div class='ocr_carea' id='block_1_113' title="bbox 482 5765 3618 5848">
    <p class='ocr_par' dir='ltr' id='par_1_113' title="bbox 482 5765 3618 5848">
     <span class='ocr_line' id='line_1_113' title="bbox 482 5765 3618 5848; baseline -0.005 -13"><span class='ocrx_word' id='word_1_968' title='bbox 482 5779 502 5847; x_wconf 94' lang='lat'><strong>(</strong></span> <span class='ocrx_word' id='word_1_969' title='bbox 512 5779 559 5847; x_wconf 89' lang='lat' dir='ltr'><strong>I)</strong></span> <span class='ocrx_word' id='word_1_970' title='bbox 578 5779 775 5839; x_wconf 83' lang='lat' dir='ltr'><strong>Deesse</strong></span> <span class='ocrx_word' id='word_1_971' title='bbox 789 5781 993 5847; x_wconf 87' lang='lat' dir='ltr'><strong>aliquid</strong></span> <span class='ocrx_word' id='word_1_972' title='bbox 1012 5788 1179 5847; x_wconf 85' lang='lat' dir='ltr'><strong>patet,</strong></span> <span class='ocrx_word' id='word_1_973' title='bbox 1196 5788 1309 5836; x_wconf 88' lang='lat' dir='ltr'><strong>tum</strong></span> <span class='ocrx_word' id='word_1_974' title='bbox 1323 5796 1385 5838; x_wconf 76' lang='lat' dir='ltr'><strong>ex</strong></span> <span class='ocrx_word' id='word_1_975' title='bbox 1409 5778 1762 5848; x_wconf 82' lang='grc' dir='ltr'>ἁνακολουθίᾳ</span> <span class='ocrx_word' id='word_1_976' title='bbox 1777 5778 2060 5847; x_wconf 81' lang='lat' dir='ltr'><strong>phraseos,</strong></span> <span class='ocrx_word' id='word_1_977' title='bbox 2080 5785 2190 5831; x_wconf 86' lang='lat' dir='ltr'><strong>tum</strong></span> <span class='ocrx_word' id='word_1_978' title='bbox 2207 5790 2270 5831; x_wconf 79' lang='lat' dir='ltr'><strong>ex</strong></span> <span class='ocrx_word' id='word_1_979' title='bbox 2287 5775 2569 5831; x_wconf 86' lang='lat' dir='ltr'><strong>collatione</strong></span> <span class='ocrx_word' id='word_1_980' title='bbox 2581 5773 2787 5829; x_wconf 79' lang='lat' dir='ltr'><strong>Latina:</strong></span> <span class='ocrx_word' id='word_1_981' title='bbox 2801 5770 3284 5842; x_wconf 82' lang='lat' dir='ltr'><strong>interpretationis.</strong></span> <span class='ocrx_word' id='word_1_982' title='bbox 3296 5765 3451 5824; x_wconf 78' lang='grc' dir='ltr'>Εοιτ.</span> <span class='ocrx_word' id='word_1_983' title='bbox 3469 5766 3618 5821; x_wconf 71' lang='lat' dir='ltr'><strong>Pun</strong></span> 
     </span>
    </p>
   </div>
  </div>
