3942 6258
198 314 287 373 I57

1093 304 1749 369 DEMONSTRATIONIS
1776 302 2235 364 EVANGELICE
2267 302 2395 359 LIB.
2437 303 2503 361 II.

3316 301 3419 366 I38

195 434 279 506 τῆς
302 431 489 503 λοιπῆς
523 428 743 504 ἀπάσης
769 432 976 505 ἐρήμου
1012 428 1398 500 γενησομένης,
1432 425 1582 496 μόνοι
1612 424 1724 497 πλη

1851 421 2214 478 vastationem
2245 435 2474 492 passura
2501 420 2594 486 sit,
2624 417 2726 477 soli
2754 418 3013 477 dicantur
3040 420 3416 492 multiplican-

194 524 530 596 θυνθήσεσθαι
559 523 831 595 λέγονται.
877 518 1002 578 Εἶεν
1034 522 1078 576 δ’
1121 521 1187 575 ἂν
1232 520 1326 573 καὶ
1368 514 1515 573 οὗτοι
1556 519 1605 572 oi
1646 516 1742 571 τοῦ

193 615 417 685 Σωτῆρος
466 613 627 685 ἡμῶν
665 613 929 685 ,μαθηταὶ
990 610 1050 676 ἐξ
1104 609 1370 683 Ἐϐραίων
1412 609 1492 671 είς
1537 607 1742 670 πάντας

193 705 486 778 ἀνθρώπους
514 705 888 778 προελθόντες,
916 704 963 758 οἳ
993 704 1086 757 καὶ
1112 702 1265 773 δίκην
1288 695 1603 774 σπέρματος
1638 716 1739 753 κα-

194 798 576 868 ταλειφθέντες,
629 796 892 868 πολύχουν
938 795 1318 869 προσήνεγκαν
1366 794 1458 847 τὸν
1505 791 1738 864 καρπὸν,

193 890 276 955 τὰς
297 888 407 943 καθ’
427 888 559 961 ὅλης
580 889 680 960 τῆς
705 887 1027 959 οἰκουμένης
1047 886 1156 940 τῶν
1182 884 1352 940 ἐθνῶν
1389 884 1735 956 Ἐκκλησίας·

194 984 271 1038 καὶ
292 982 383 1036 θέα
413 999 496 1050 γε,
526 981 603 1045 ὼς
635 981 778 1035 κατὰ
800 980 861 1034 τὸ
887 978 1017 1033 αὑτό
1050 995 1182 1050 φησι
1212 976 1436 1040 τούτους
1473 978 1572 1049 μὲν
1605 977 1742 1049 πλη-

195 1072 522 1145 θυνθήσεσθαι
587 1074 784 1147 μόνους
841 1069 1295 1138 καταλειφθέντας
1362 1068 1427 1121 ἐκ
1482 1067 1581 1138 τῆς
1629 1066 1738 1121 τῶν

205 1164 440 1219 Ἰουδαίων
495 1162 886 1225 ἀποπτώσεως,
934 1162 1179 1225 ἐκείνους
1230 1176 1295 1228 γε
1346 1159 1453 1230 μὴν
1506 1157 1739 1228 πάμπαν

197 1258 401 1330 ἐρήμους
424 1254 662 1308 ἔσεσθαι·
701 1273 720 1305 ε
764 1254 831 1306 Ἡ
863 1252 933 1324 γῆ
962 1252 1070 1323 γὰρ
1088 1252 1287 1315 αὐτῶν,
1307 1251 1461 1321 φησὶ,
1492 1249 1740 1304 καταλει-

198 1349 428 1422 φθήσεται
463 1347 690 1420 ἕρημος.
739 1365 758 1398 ι
799 1345 968 1399 Τοῦτο
1009 1345 1067 1399 δὲ
1098 1346 1193 1398 καὶ
1243 1343 1501 1415 ἀνωτέρω
1554 1342 1737 1407 αὐτοῖς

197 1444 377 1511 ἐλέγετο
407 1438 513 1494 ὑπὸ
538 1439 631 1493 τοῦ
666 1438 830 1495 αὐτοῦ
860 1440 1161 1511 προφήτου,
1200 1436 1339 1491 κατὰ
1364 1436 1444 1502 τὸ,
1495 1454 1511 1487 ι
1557 1437 1621 1490 Ἡ
1664 1437 1737 1507 γῆ

196 1535 323 1606 ὑμῶν
351 1534 571 1605 ἔρημος,
604 1534 660 1587 αἱ
694 1532 877 1595 πόλεις
906 1530 1059 1602 ὑμῶν
1086 1531 1446 1602 πυρίκαυστοι
1466 1547 1477 1558 ·
1507 1529 1605 1601 τὴν
1626 1526 1737 1599 χώ-

156 1656 157 1659 η
195 1641 275 1693 ραν
315 1622 482 1694 ὑμῶν,
537 1621 767 1675 ἐνώπιον
817 1620 972 1692 ὑμῶν
1029 1619 1300 1691 ἀλλότριοι
1360 1616 1735 1672 κατεσθίουσιν

191 1715 351 1785 αὑτήν.
403 1734 421 1765 ι
460 1713 598 1767 Πότε
631 1713 689 1765 δέ
732 1713 828 1766 καὶ
870 1711 1041 1767 ταῦτα
1080 1708 1382 1780 ἐπληροῦτο
1419 1710 1452 1780 ἢ
1489 1709 1595 1762 ἀπὸ
1628 1708 1736 1761 τῶν

1846 514 1926 573 di.
1952 512 2125 569 Erunt
2149 521 2330 569 autem
2354 515 2433 579 bi,
2462 514 2566 584 ipsi
2600 511 2901 570 Salvatoris
2934 513 3110 570 nostri
3133 512 3413 585 discipuli,

1844 610 1939 682 qui
1967 609 2036 665 ab
2065 606 2329 674 Hebraeis,
2362 608 2432 664 ad
2466 624 2658 666 omnes
2689 609 2937 665 homines
2969 607 3224 679 profecti,
3253 616 3421 680 atque

1842 702 2020 757 instar
2046 702 2271 757 seminis
2296 700 2494 766 relicti,
2524 701 2747 757 uberem
2782 692 2890 772 7o
2908 699 3143 771 fructum
3173 702 3417 771 protuleo

1842 801 1992 858 runt,
2014 792 2162 864 ipsas
2189 792 2428 863 gentium
2448 792 2502 847 in
2528 799 2642 847 toto
2660 792 2790 847 orbe
2807 801 3073 847 terrarum
3098 790 3372 848 Ecclesias
3396 811 3413 848 :

1841 893 1896 941 et
1924 884 2134 953 inapice
2157 899 2310 949 sane,
2340 883 2801 955 quemadmodum
2827 885 3017 940 eodem
3046 890 3294 955 tempore
3313 884 3417 939 hos

1841 977 1989 1033 solos
2012 973 2323 1032 Iudaeorum
2348 977 2521 1033 ruina:
2546 977 2871 1047 superstites
2897 976 3315 1046 multiplicatum
3345 974 3416 1029 iri

1841 1067 2092 1132 alllrmat,
2143 1068 2267 1123 illos
2305 1077 2484 1123 autem
2540 1066 2892 1123 solitudinem
2939 1067 3200 1137 penitus,
3233 1072 3416 1121 vasta-

1838 1162 2154 1231 tionemque
2192 1176 2470 1232 passuros.
2510 1178 2529 1212 ι
2581 1159 2751 1216 Terra
2781 1160 2949 1223 enim,
2996 1159 3192 1231 inquit,
3220 1172 3413 1215 eorum

1838 1255 2182 1325 relinquetur
2216 1255 2453 1310 deserta.
2495 1274 2513 1307 ι
2553 1253 2723 1309 Porro
2774 1254 2879 1310 hoc
2930 1254 3110 1323 ipsum
3157 1251 3414 1322 superius

1837 1360 2056 1417 quoque
2088 1346 2295 1401 dictum
2332 1355 2436 1412 est,
2462 1347 2531 1402 ab
2563 1346 2751 1402 eodem
2789 1345 3054 1417 propheta
3077 1344 3145 1399 ad
3168 1343 3412 1406 eosdem,

1841 1437 1934 1491 illo
1969 1437 2091 1492 loco
2145 1455 2158 1492 :
2199 1454 2219 1486 ι
2259 1445 2408 1492 terra
2454 1447 2640 1493 vestra
2670 1437 2911 1504 deserta,
2940 1436 3193 1491 civitates
3217 1444 3414 1491 vestra:

1839 1542 2117 1585 succensae
2174 1529 2283 1601 igni
2336 1550 2350 1585 :
2410 1532 2687 1602 regionem
2730 1540 2991 1594 vestram,
3027 1529 3083 1583 in
3111 1536 3411 1598 conspectu

1836 1628 2021 1677 vestro
2076 1622 2235 1675 alieni
2290 1623 2553 1677 devorant
2599 1623 2663 1675 ".
2721 1640 2740 1675 ι
2791 1622 3022 1689 Quando
3071 1628 3252 1675 autem
3296 1619 3412 1674 huic

1836 1715 2057 1771 tandem
2093 1716 2362 1784 completa
2394 1720 2544 1779 sunt,
2577 1717 2621 1771 si
2649 1731 2757 1770 non
2808 1726 2931 1786 post
2966 1712 3269 1768 Salvatoris
3302 1727 3408 1767 no-

189 1808 366 1879 χρόικυν
390 1806 483 1859 τοῦ
514 1807 761 1877 Σωτῆρος
791 1804 978 1877 ήμῶν;
1009 1806 1114 1869 ἐως
1144 1805 1242 1876 μὲν
1266 1804 1373 1874 γὰρ
1394 1802 1606 1855 οὐδέπω
1634 1801 1724 1865 τὰς

1838 1804 1939 1860 stri
1967 1806 2254 1876 tempora?
2307 1806 2611 1877 Antequam
2655 1807 2800 1861 enim
2846 1817 3038 1862 contra
3091 1806 3243 1860 illum
3297 1813 3407 1858 tam

188 1899 287 1953 κατ’
328 1897 489 1952 αὑτοῦ
535 1897 939 1968 τετολμήκεσαν
983 1897 1320 1960 δυσσεὸείας,
1357 1896 1456 1950 οὐκ
1489 1892 1618 1967 ἦνή
1662 1895 1734 1966 γῆ

187 1991 337 2045 αὐτῶν
368 1990 590 2063 ἕρημος,
625 1990 745 2043 οὐδὲ
780 1991 835 2044 αἱ
874 1989 1055 2053 πόλεις
1088 1991 1465 2061 πυρίκαυστοι,
1488 1989 1607 2042 οὐδὲ
1636 1988 1734 2060 τὴν

188 2081 342 2153 χώραν
378 2081 557 2134 αὐτῶν
589 2079 854 2151 ἀλλότριοι
888 2079 1209 2150 κατήσθιον·
1254 2079 1361 2133 ἀπὸ
1402 2079 1459 2131 δὲ
1501 2079 1601 2148 τῆς
1648 2081 1734 2132 ἐν·

191 2175 288 2229 θέου
323 2176 501 2245 φωνῆς
533 2174 771 2245 ἐκείνης,
805 2173 871 2227 δι’
896 2169 962 2245 ἧς
988 2173 1049 2226 τὺ
1084 2174 1273 2245 μέλλον
1300 2174 1482 2236 αὐτοῖς
1517 2171 1732 2226 ἔσεσθαι

191 2266 551 2337 πρώθέσπισεν
590 2266 752 2331 αὐτὸς
789 2267 818 2319 ὁ
852 2265 1043 2336 Σωτὴρ
1073 2265 1167 2318 καὶ
1201 2264 1405 2335 Κύριος
1445 2262 1622 2334 ἡμῶν,
1657 2265 1733 2316 εἱ-

192 2358 301 2425 πὼν,
328 2378 345 2411 ι
388 2360 632 2429 Ἀφὶεται
658 2360 686 2412 ό
712 2354 856 2420 οἶκος
889 2355 1114 2427 ἔρημος,
1153 2374 1171 2405 ι
1209 2354 1269 2419 ἐξ
1298 2353 1507 2408 ἐκείνου
1548 2355 1642 2408 καὶ
1669 2356 1730 2408 οὐ

193 2453 285 2521 μετ’
313 2453 370 2505 οὐ
410 2450 546 2503 πολὺ
589 2449 692 2519 τῆς
729 2448 1106 2520 προρρήσεως,
1141 2445 1587 2517 πολιορκηθέντες
1626 2444 1732 2498 ὑπὸ

199 2544 471 2615 Ῥωμαίων,
520 2545 602 2607 είς
647 2542 849 2613 ἔρημον
891 2540 1254 2611 κατέστησαν.
1302 2539 1411 2592 Καὶ
1449 2536 1508 2591 τό
1542 2556 1605 2606 γε
1642 2539 1729 2591 atl-

192 2653 277 2690 τιον
327 2638 423 2708 τῆς
463 2635 797 2707 ἐρημώσεως
834 2632 1011 2688 αὐτῶν
1056 2632 1390 2704 προφητικὺς
1432 2632 1586 2701 λόγος
1626 2634 1731 2686 ἀπ-

192 2729 386 2800 ελέγχει,
426 2724 712 2799 μονονουχὶ
750 2724 936 2794 σαφῶς
963 2723 1352 2796 διερμηνεύων,
1388 2727 1480 2778 καὶ
1518 2726 1617 2797 τὴν
1644 2726 1729 2779 αί-

193 2820 283 2874 τίαν
308 2824 399 2891 τῆς
428 2817 799 2882 ἀποπτώσεως
828 2815 1005 2870 αὐτῶν
1040 2816 1326 2889 παριστὰς.
1372 2816 1588 2888 Ἐπειδὴ
1620 2817 1726 2890 γὰρ

192 2908 261 2962 τοῦ
279 2909 515 2982 Σωτῆρος
537 2907 696 2981 ήμῶν
720 2907 1060 2971 διδάσκοντος
1079 2910 1136 2961 ἐν
1161 2908 1340 2971 αὐτοῖς
1371 2907 1721 2975 ἀκούσαντες,

190 2999 267 3053 ὠσὶ
287 3000 515 3065 διανοίας
547 3000 647 3055 οὐκ
687 3001 945 3071 ήκουσαν,
989 2998 1109 3052 οὐδὲ
1161 2998 1401 3068 συνῆκαν
1439 2999 1586 3063 ὅστις
1620 2994 1719 3070 ἦν·

194 3091 357 3156 ἰδόντες
382 3090 439 3143 δὲ
462 3090 623 3145 αὐτὸν
642 3090 845 3162 σαρκὸς
874 3088 1193 3161 ὀφθαλμοῖς,
1227 3092 1338 3154 τοῖς
1362 3090 1438 3161 (1)
1463 3086 1722 3162 ψυχῆς-οὐ

1839 1899 2004 1969 impia
2040 1899 2280 1955 facinora
2318 1900 2436 1954 ausi
2469 1908 2676 1963 essent,
2705 1915 2983 1969 nunquam
3014 1899 3190 1954 fuerat
3216 1912 3409 1953 eorum

1835 2000 1981 2047 terra
2004 1991 2220 2047 deserta
2248 2010 2263 2048 :
2296 2008 2472 2062 neque
2503 1992 2754 2047 civitates
2783 2006 2971 2046 eorum
2996 1991 3237 2046 incensae
3268 1988 3405 2061 igni,

1834 2101 2011 2157 neque
2043 2086 2315 2156 regionem
2338 2100 2525 2140 eorum
2554 2084 2717 2140 alieni
2743 2083 3160 2138 devoraverunt.
3188 2080 3268 2136 Ex
3295 2096 3406 2153 quo

1834 2182 2014 2230 autem
2046 2175 2285 2230 divinam
2313 2175 2460 2229 illam
2489 2189 2674 2229 vocem
2704 2174 2821 2244 ipse
2842 2171 3093 2228 Salvator
3125 2179 3179 2227 et
3222 2171 3407 2227 Domi-

1832 2282 1939 2323 nus
1985 2274 2172 2322 noster
2215 2267 2419 2330 emisit,
2473 2281 2581 2337 qua
2625 2265 2755 2329 illis,
2804 2266 2950 2336 quod
2984 2264 3228 2319 futurum
3262 2272 3404 2329 erat,

1833 2358 2114 2420 indicavit.
2149 2360 2229 2415 sic
2284 2359 2497 2421 dicens,
2529 2377 2547 2409 ι
2584 2357 2951 2429 Relinquetur
2988 2357 3185 2412 domus
3221 2364 3406 2411 vestra

1831 2449 2046 2505 deserta
2072 2449 2141 2514 “,
2177 2469 2195 2500 ι
2229 2465 2294 2504 ex
2323 2450 2439 2514 illo,
2476 2450 2724 2520 inquam,
2757 2464 2935 2519 neque
2973 2448 3048 2503 ita
3082 2448 3254 2503 multo
3282 2457 3408 2519 post

1829 2543 1993 2598 talem
2027 2543 2459 2613 prasdictionem,
2497 2542 2575 2596 illi
2604 2542 2889 2599 obsidione
2932 2543 3110 2613 pressi
3148 2556 3176 2595 a
3209 2540 3409 2597 Roma-

1829 2634 1938 2698 nis,
1990 2634 2045 2688 in
2106 2634 2458 2690 solitudinem
2511 2648 2575 2687 ac
2629 2634 2939 2689 vastitatem
2988 2632 3197 2688 redacti
3249 2641 3403 2689 sunt.

1827 2723 2064 2780 Causam
2089 2726 2254 2780 etiam
2287 2724 2613 2781 vastationis
2657 2740 2846 2780 eorum
2892 2739 3074 2780 sermo
3119 2725 3402 2796 prOpheti-

1827 2830 1927 2870 cus
1956 2815 2272 2884 exprobrat,
2312 2813 2404 2868 ubi
2436 2820 2623 2883 aperte
2648 2811 3041 2883 propemodum
3076 2812 3404 2882 interprets.

1826 2915 1940 2970 tur,
1969 2914 2025 2962 et
2063 2903 2414 2960 manifestum
2444 2904 2718 2974 proponit,
2744 2904 3004 2974 quidnam
3043 2901 3210 2959 fuerit
3244 2902 3403 2972 illud,

1825 2995 1969 3067 quod
1995 2994 2103 3049 illis
2131 2993 2347 3048 ruinam
2386 2994 2652 3048 attulerit.
2683 2993 2981 3064 Postquam
3025 2993 3174 3049 enim
3216 2992 3404 3048 Salva-

1824 3098 1999 3142 torem
2055 3093 2305 3141 nostrum
2337 3090 2477 3155 apud
2522 3088 2671 3158 ipsos
2707 3087 2997 3142 docentem
3033 3086 3141 3158 ipsi
3173 3086 3404 3143 audien-

191 3181 456 3248 τεθέανται,
488 3183 765 3253 ἐπάχυνάν
787 3199 845 3235 τε
878 3183 1084 3236 ἑαυτῶν
1114 3180 1211 3253 τὴν
1235 3182 1482 3254 καρδίαν,
1504 3183 1598 3236 καὶ
1629 3200 1722 3253 μο-

1829 3188 1929 3242 tes,
1961 3180 2184 3234 auribus
2219 3178 2420 3232 mentis
2464 3194 2573 3233 non
2616 3179 2930 3242 audierunt,
2980 3189 3158 3249 neque
3186 3179 3405 3235 intelle—

190 3274 360 3346 νονουχὶ
402 3276 529 3339 τοὺς
572 3274 882 3345 ὀφθαλμοὺς
924 3276 1024 3346 τῆς
1073 3274 1311 3338 διανοίας
1361 3274 1588 3346 ἐμυσαν,
1629 3276 1722 3329 καὶ

187 3366 237 3421 τὰ
266 3362 368 3422 ὦτα
405 3368 696 3439 ἐϐάρυναν,
733 3368 809 3431 ὦς
850 3384 1012 3438 φησιν
1063 3367 1095 3437 ἡ
1142 3367 1445 3438 προφητεία
1469 3407 1483 3433 ,
1529 3368 1720 3421 τούτου

186 3460 312 3532 χάριν
335 3459 788 3532 ἐρημωθήσεσθαι
820 3458 999 3512 αὐτῶν
1031 3476 1163 3529 φησι
1200 3458 1298 3523 τὰς
1336 3460 1538 3523 πόλεις,
1570 3460 1723 3531 παρὰ

183 3548 228 3602 τὸ
251 3549 316 3619 μὴ
340 3548 730 3613 κατοικεῖσθαι,
764 3549 860 3602 καὶ
885 3548 983 3620 τὴν
1010 3547 1112 3619 γῆν
1139 3548 1461 3619 γενήσεσθαι
1492 3549 1589 3620 έρη
1599 3566 1718 3619 μον,

183 3639 367 3712 βραχεῖς
396 3641 453 3695 δέ
501 3658 649 3705 τινας
685 3640 745 3705 ἐξ
788 3640 967 3694 αὐτῶν
1002 3639 1513 3711 ὑπολειφθήσεσθαι,
1565 3639 1721 3712 δίκην

179 3733 366 3804 γονίμου
396 3731 491 3787 καὶ
519 3730 773 3804 ζωπύρου
806 3731 1120 3803 σπέρματος
1152 3732 1628 3803 πεφυλαγμένους
1669 3733 1720 3786 οἳ

177 3824 250 3877 καὶ
284 3826 359 3889 εἰς
392 3826 600 3888 πάντας
641 3822 992 3894 προελθόντες
1031 3821 1374 3896 ἀνθρώπους,
1408 3823 1718 3897 πληθυνθή-

176 3914 331 3968 σεσθαι
370 3915 462 3969 ἐπὶ
494 3915 592 3986 τῆς
632 3915 737 3985 γῆς
785 3912 1052 3981 λέγονται.
1098 3913 1246 3986 Πλὴν
1276 3913 1412 3969 ἀλλὰ
1452 3916 1547 3968 καὶ
1582 3914 1719 3986 μετὰ

173 4006 247 4078 τὴν
282 4006 501 4079 πρόοδον
541 4006 749 4060 τούτων
789 4005 985 4071 αὐτῶν,
1027 4006 1228 4079 δηλαδὴ
1269 4008 1378 4061 τῶν
1405 4006 1717 4061 ἀποστόλων

170 4100 243 4153 τοῦ
280 4101 529 4174 Σωτῆρος
558 4099 739 4171 ἡμῶν,
775 4099 855 4154 ἐτι
887 4098 1051 4173 φησὶν
1098 4101 1183 4154 ἐπ’
1226 4102 1396 4172 αὐτῆς
1440 4102 1538 4173 τῆς
1590 4102 1719 4156 Ἰου-

168 4190 294 4256 δαίας
317 4190 499 4264 χώρας
526 4190 801 4261 διαμεῖναι
826 4190 885 4242 τὺ
907 4189 1243 4254 ἐπιδέκατον,
1267 4191 1361 4244 καὶ
1386 4191 1522 4261 μετὰ
1544 4191 1717 4245 ταῦτα

170 4277 293 4347 αὖθις
338 4282 557 4337 ἔσεσθαι
588 4283 784 4346 αὐτοὺς
828 4284 906 4346 εἰς
952 4283 1227 4354 προνομὴν
1272 4283 1347 4348 ὼς
1384 4285 1712 4358 τερέϐινθος,

169 4372 242 4426 καὶ
263 4374 333 4439 ὡς
370 4374 600 4444 βάλανος
638 4374 766 4426 ὅταν
801 4375 1007 4444 ἐκπέσῃ
1037 4373 1136 4444 τῆς
1165 4372 1340 4443 θήκης
1372 4375 1560 4445 αὐτῆς.
1607 4375 1715 4430 Πα-

169 4467 353 4539 ρίστησι
392 4468 472 4532 δέ,
512 4468 589 4531 ὡς
625 4452 798 4537 οἶμαι,
834 4464 921 4519 διὰ
955 4464 1161 4518 τούτων
1190 4465 1220 4516 ὁ
1245 4464 1420 4535 λόγος,
1460 4468 1541 4520 δτι
1578 4470 1717 4539 μετὰ

1827 3280 2024 3326 xerunt
2055 3272 2309 3341 quisnam
2343 3278 2511 3339 esset,
2543 3282 2599 3326 et
2624 3272 2776 3325 illum
2798 3271 2975 3327 oculis
3003 3273 3252 3342 corporis
3278 3286 3401 3326 cer-

1824 3374 2042 3427 nentes,
2068 3366 2235 3419 animi
2256 3365 2435 3421 oculis
2464 3380 2571 3419 non
2593 3372 3012 3435 perspexerunt,
3042 3376 3405 3434 crassumque

1825 3473 1985 3512 suum
2046 3459 2292 3528 ipsorum
2349 3472 2447 3512 cor
2498 3456 2877 3522 reddiderunt,
2926 3462 2982 3511 et
3027 3469 3169 3528 pene
3209 3456 3402 3510 oculos

1824 3550 2025 3604 mentis
2048 3551 2389 3613 clauserunt,
2419 3558 2584 3620 atque
2631 3564 2792 3605 aures
2821 3553 3211 3621 gravaverunt,
3235 3554 3297 3602 ut
3325 3548 3403 3601 ait

1834 3642 2138 3712 prophetia.
2178 3640 2317 3695 Tum
2349 3648 2573 3711 propter
2592 3641 2732 3694 hanc
2756 3652 3006 3704 causam,
3036 3636 3290 3694 civitates
3312 3652 3402 3693 eo-

1822 3747 1943 3786 rum
1984 3733 2119 3787 dicit
2141 3747 2264 3788 esse
2302 3730 2618 3795 vastandas,
2654 3731 2791 3787 adeo
2824 3737 2887 3785 ut
2921 3742 3033 3783 non
3061 3728 3398 3791 habitantur,

1823 3840 1887 3881 ac
1914 3833 2114 3881 terram
2147 3839 2338 3879 eorum
2364 3823 2480 3879 fore
2503 3823 2795 3887 desertam,
2836 3833 3046 3892 paucos
3069 3834 3201 3876 vero
3229 3834 3400 3890 quos-

1822 3918 1948 3973 dam
2001 3933 2070 3972 ex
2106 3917 2215 3971 illis
2273 3914 2676 3986 superfuturos,
2713 3913 2806 3987 qui
2843 3912 2937 3968 ubi
2975 3911 3151 3968 instar
3179 3909 3399 3968 fecundi

1824 4025 1889 4065 ac
1920 4010 2029 4065 vivi
2058 4010 2285 4066 seminis
2331 4009 2641 4064 conservati
2684 4006 2907 4072 fuerint,
2945 4003 3015 4060 ad
3060 4019 3250 4060 omnes
3299 4003 3398 4057 lio-

1820 4104 1997 4159 mines
2024 4106 2401 4175 penetrantes,
2427 4098 2829 4171 multiplicandi
2873 4086 3000 4154 esse
3044 4097 3101 4152 in
3132 4104 3279 4152 terra
3312 4097 3398 4151 di-

1820 4202 2041 4250 cuntur.
2089 4193 2477 4251 Verumtamen
2522 4202 2647 4265 post
2689 4192 2886 4247 horum
2937 4189 3183 4261 ipsorum
3216 4188 3397 4260 profe-

1820 4289 2083 4351 ctionem,
2125 4288 2498 4358 apostolorum
2550 4284 2804 4340 videlicet
2835 4281 3141 4338 Salvatoris
3197 4283 3392 4346 nostri,

1820 4376 2001 4431 adhuc
2030 4377 2106 4431 ait
2141 4378 2198 4431 in
2228 4377 2347 4447 ipsa
2378 4378 2598 4446 regione
2627 4374 2938 4430 Iudaeorum
2966 4372 3235 4429 decimam
3273 4387 3395 4443 paro

1819 4474 1929 4522 tem
1960 4480 2298 4535 mansuram,
2324 4483 2389 4522 ac
2427 4469 2684 4535 deinceps
2718 4481 2914 4523 rursus
2942 4464 3161 4520 futuros
3197 4478 3293 4520 eos
3335 4465 3391 4520 in

167 4560 243 4628 τήν
272 4558 490 4631 πρώτην
532 4557 871 4630 πολιορκίαν,
899 4557 967 4629 ἢν
1004 4556 1143 4610 κατὰ
1184 4557 1311 4620 τοὺς
1341 4558 1448 4611 τῶν
1488 4560 1715 4614 ἀποστό-

1829 4558 2204 4629 Jireptionem,
2238 4561 2397 4629 quasi
2430 4559 2822 4623 terebinthum,
2855 4563 2910 4614 et
2940 4556 3101 4627 quasi
3136 4555 3391 4627 glandem

164 4642 249 4699 λων
276 4648 515 4718 χρόνους,
541 4647 799 4700 καὶκατὰ
843 4646 1131 4717 Ῥωμαίων
1163 4648 1539 4721 αὐτοκράτορα
1570 4651 1706 4703 Οὑε-

168 4739 432 4791 σπασιανὸν
460 4738 796 4809 ἱστοροῦνται
828 4738 1172 4802 πεπονθέναι,
1205 4735 1359 4803 αὖθις
1380 4742 1470 4793 ἐπὶ
1506 4742 1709 4813 Ἀδρια-

163 4827 237 4881 νοῦ
256 4831 500 4902 δεύτερον
528 4828 974 4902 πολιορκηθέντες
1003 4831 1280 4895 παντελῶς
1305 4831 1596 4904 εἴρχθησαν
1612 4835 1704 4888 τοῦ

160 4919 317 4985 τόπου,
336 4921 413 4985 ὡς
442 4920 575 4993 μηδὲ
600 4920 694 4974 τοῦ
719 4921 944 4989 ἐδάφους
973 4922 1069 4993 τῆς
1111 4924 1468 4995 Ἰερουσαλὴμ
1493 4927 1699 4979 ἐπιϐαί-

160 5022 251 5063 νειν
274 5010 680 5081 ἐπιτρέπεσθαι.
722 5008 892 5064 Τοῦτο
921 5011 963 5064 δ’
1002 5008 1092 5065 οὖν
1131 5014 1501 5084 αἰνιττόμενός
1544 5031 1698 5085 φησι·

164 5115 178 5147 ι
208 5099 306 5153 Καὶ
330 5103 493 5155 πάλιν
516 5100 667 5155 ἔσται
709 5106 788 5166 εὶς
812 5103 1110 5174 προνομὴν,
1134 5105 1207 5169 ὡς
1242 5105 1572 5175 τερέϐινθος,
1609 5108 1701 5160 καὶ

158 5189 376 5258 βάλανος,
411 5195 539 5248 ὅταν
576 5195 784 5268 ἐκπέσῃ
818 5198 881 5249 ἐκ
905 5196 1005 5266 τῆς
1035 5195 1207 5266 θήκης
1252 5198 1421 5267 αὺτῆς

1817 4664 1919 4704 suo
1946 4649 2123 4719 spolio
2148 4659 2387 4705 exutam.
2424 4649 2772 4705 Demonstrat
2813 4656 3018 4713 autem,
3042 4655 3103 4701 ut
3127 4646 3388 4713 arbitror,

1814 4740 1901 4796 his
1930 4741 2113 4797 verbis
2158 4743 2464 4808 oraculum,
2520 4750 2646 4815 post
2689 4743 2920 4814 primam
2961 4741 3110 4795 illam
3141 4738 3387 4795 obsidio-

1812 4851 1960 4899 nem,
2007 4850 2171 4906 quam
2220 4837 2590 4906 apostolorum
2637 4833 2999 4906 temporibus,
3033 4832 3139 4889 sub
3180 4829 3380 4901 Vespa-

1812 4930 1967 4983 siano
2004 4927 2374 4984 Romanorum
2419 4930 2749 5002 imperatore
2787 4926 3032 4998 perpessi
3069 4933 3384 4988 narrantur,

1812 5035 2009 5075 rursus
2051 5021 2154 5076 sub
2198 5021 2438 5076 Adriano
2474 5022 2645 5075 altera
2673 5019 2776 5090 7],
2812 5017 3099 5073 obsidione
3131 5013 3383 5109 afﬂictos,

1809 5110 1876 5166 de
1912 5112 2031 5167 loco
2062 5113 2156 5166 illo
2184 5113 2402 5182 penitus
2438 5116 2705 5167 arcendos
2739 5113 2877 5175 fore,
2912 5109 3046 5165 adeo
3082 5118 3141 5163 ut
3170 5124 3240 5164 ne
3267 5110 3385 5162 solo
3496 5152 3506 5158 .

1810 5206 2032 5276 quidem
2056 5208 2210 5264 urbis
2234 5207 2572 5263 Hierusalem
2609 5208 2866 5263 insistere
2900 5204 3010 5261 illis
3049 5205 3119 5259 sit
3157 5203 3383 5274 permit-

158 5287 371 5342 tendum.
406 5288 522 5345 Hoc
543 5290 712 5362 igitur
740 5293 993 5352 innuens,
1031 5291 1111 5345 sic
1143 5293 1264 5363 ait:
1327 5311 1345 5343 ι
1396 5293 1457 5346 Ει
1496 5296 1696 5350 iterdm
1730 5300 1833 5354 erit
1888 5302 1942 5356 in
1980 5302 2361 5372 direptionem,
2421 5312 2482 5356 ut
2515 5301 2879 5367 terebinthus,
2912 5305 2966 5356 et
2992 5299 3137 5371 sicut
3200 5297 3379 5369 glans,

159 5394 261 5435 cum
287 5384 481 5438 excidit
512 5385 581 5441 de
606 5388 782 5455 spolio
809 5402 910 5441 suo
928 5386 992 5441 ⁸⁸.
1040 5405 1059 5438 ι

216 5472 323 5528 Δθτ.
367 5496 384 5526 ‹
426 5477 539 5531 Καὶ
569 5477 723 5530 ἐσται
751 5479 807 5531 ἐν
839 5480 903 5550 τῇ
936 5478 1117 5551 ἡμέρᾳ
1146 5481 1344 5554 ἐκείνῃ⁵
1380 5482 1576 5553 Θρέᾁει
1608 5482 1704 5536 ἄν-

1880 5483 2124 5540 ΧΧΧΙΧ.
2160 5504 2177 5535 ι
2210 5485 2275 5539 Et
2306 5487 2412 5541 erit
2441 5486 2494 5540 in
2539 5485 2625 5542 die
2654 5486 2747 5540 illa
2779 5502 2791 5536 :
2825 5484 3041 5541 Nutriet
3090 5483 3255 5538 homo
3283 5482 3378 5552 ju-

161 5556 342 5628 θρωποξ
363 5567 591 5639 δάμαλιν
624 5568 786 5640 βοῶν,
826 5573 918 5625 καὶ
954 5571 1047 5624 δύο
1089 5572 1364 5644 πρόϐατασ
1413 5576 1504 5628 καὶ¹
1538 5575 1695 5630 ἔσται

1829 5592 2029 5633 'encam
2064 5581 2245 5647 boum,
2268 5589 2322 5637 et
2350 5580 2487 5636 duas
2519 5593 2668 5646 oves,
2686 5587 2739 5635 et
2758 5579 2863 5636 erit
2890 5594 2957 5636 ex
2984 5594 3050 5635 eo
3080 5575 3225 5648 quod
3254 5576 3379 5647 pluo

217 5672 370 5732 “lsa.
401 5693 440 5745 ι,
474 5678 523 5735 7.
605 5680 652 5711 δι
682 5679 870 5735 Matth.
903 5699 1059 5745 xxnl.
1083 5686 1169 5741 '53.
1249 5684 1293 5715 “
1331 5682 1433 5742 lsa.
1464 5701 1539 5755 γι,
1576 5687 1664 5743 I5.

219 5756 280 5831 (l)
314 5762 663 5824 Desideratur
682 5770 804 5840 τῆς.
836 5770 991 5826 Enn.
1027 5770 1200 5827 Pun.

321 5864 584 5928 Parnm.
620 5868 741 5927 Gn.
783 5866 984 5929 XXII.

3010 5866 3050 5925 ὃ
