3942 6258
520 284 623 341 139

1040 242 1043 247 ν
1152 283 1421 340 EUSEBll
1454 283 1935 339 CIESABIENSIS
1975 283 2126 337 OPP.
2165 282 2348 339 PARS
2379 284 2444 339 ll.
2483 315 2551 325 —-
2585 284 3089 343 APULOGETICA.

3659 288 3755 344 140

519 401 718 453 rimum
745 397 1024 455 facietlac
1056 418 1069 454 :
1103 398 1350 453 comedet
1388 399 1664 469 butyrum,
1704 404 1760 452 et
1802 400 1908 450 mel
1933 409 2083 450 com-

2188 394 2296 448 ἀπὸ
2336 396 2430 447 τού
2478 395 2726 449 πλεῖστον
2769 400 2941 450 ποιεῖν
2986 397 3146 465 γάλα,
3202 399 3430 466 φάγεται
3480 396 3756 469 βούτυρον,

519 488 642 544 edet
672 491 983 561 quicunque
1030 488 1253 544 relictus
1281 487 1443 545 fuerit
1482 489 1536 543 in
1579 496 1724 542 terra
1745 486 1811 541 “.
1846 507 1864 537 ι
1909 484 2008 539 Hic
2038 486 2086 539 si

520 579 667 634 illam
693 580 835 641 diem
855 594 1015 649 quam
1046 577 1307 649 propheta
1336 578 1602 649 signiﬁcat
1622 577 1924 649 quasieris,
1948 585 2088 633 tem-

521 688 623 743 pus
652 673 918 726 adventus
959 669 1257 728 Salvatoris
1304 673 1481 736 nostri
1512 672 1777 727 invenies.
1806 671 1907 727 Ubi
1934 671 2085 726 enim

520 765 656 819 dixit
680 764 942 834 propheta
969 783 981 818 :
1012 782 1031 816 ι
1066 762 1206 819 Ecce
1237 765 1389 835 virgo
1428 764 1483 819 in
1511 772 1664 819 utero
1711 763 2001 834 concipiet,
2031 771 2087 818 et

520 857 691 925 pariet
724 854 928 909 lilium:
966 875 984 907 ι
1017 855 1250 926 plurima
1280 856 1650 925 interponens,
1664 855 1870 911 divinat
1902 856 1968 912 de
1995 856 2084 921 iis,

516 963 636 1017 qua:
656 962 751 1017 per
771 947 1015 1003 eamdem
1036 947 1198 1014 diem,
1216 948 1319 1002 hoc
1337 954 1441 1014 est,
1470 946 1766 1003 Salvatoris
1793 949 1967 1004 nostri
1990 948 2087 1004 ade
2128 1004 2129 1007 η

516 1049 712 1097 ventus
741 1045 1008 1107 tempore,
1044 1037 1227 1093 futura
1254 1047 1402 1095 sunt.
1448 1038 1687 1096 Virtutes
1716 1041 1861 1096 enim
1894 1040 2086 1097 invisi-

517 1130 673 1195 biles,
700 1139 754 1184 et
778 1129 1043 1200 quosdam
1093 1130 1364 1193 inimicos,
1416 1140 1578 1201 atque
1627 1133 1832 1199 hostes,
1866 1148 2085 1188 muscas

515 1230 569 1274 et
611 1235 740 1292 apes
778 1222 1051 1293 allegoria:
1101 1223 1311 1291 legibus
1357 1225 1679 1287 nominans,
1736 1225 2083 1296 ingressurus

515 1328 638 1369 esse
684 1321 887 1368 terram
916 1312 1225 1368 Judaeorum
1263 1313 1419 1381 dicit,
1467 1322 1630 1386 atque.
1661 1315 1735 1369 ita
1768 1314 2079 1380 Dominum,

517 1401 756 1456 hostium
788 1406 1033 1472 ipsorum
1075 1404 1363 1465 novacula,
1393 1410 1651 1474 tanquam
1682 1404 1862 1474 magni
1897 1405 2085 1475 cujus-

513 1492 641 1547 dam
670 1493 941 1563 corporis,
971 1492 1145 1562 ipsius
1169 1492 1409 1548 Iudaica:
1438 1493 1614 1563 gentis
1648 1501 1834 1563 caput,
1869 1500 1923 1547 et
1944 1493 2082 1562 pilos

514 1583 738 1654 pedum,
769 1589 825 1637 et
857 1583 1105 1646 barbam,
1157 1591 1211 1637 et
1241 1581 1478 1650 denique
1513 1595 1673 1635 omne
1700 1587 2079 1634 ornamentum

515 1689 703 1730 eorum
761 1675 1106 1729 abrasurum.
1143 1671 1281 1728 Cum
1330 1687 1459 1726 vero
1504 1673 1619 1726 hate
1652 1672 1706 1725 iu
1752 1672 1843 1726 illa
1874 1673 1981 1737 die,
2015 1672 2082 1726 de

2187 486 2282 538 καὶ
2312 485 2430 553 μέλι
2467 486 2695 555 φάγεται
2729 488 2838 549 πᾶς
2869 489 2897 539 ό
2927 487 3305 556 καταλειφθεὶς
3334 488 3427 541 ἐπὶ
3457 487 3556 558 τῆς
3579 488 3701 558 γῆς.
3734 507 3754 541 ι

2200 574 2463 628 Ἐνταῦθα
2479 576 2575 647 τὴν
2594 575 2927 648 δηλουμένην
2958 577 3169 649 ἡμέραν
3205 578 3559 649 ἐπιζητήσας,
3582 578 3758 648 εῦροις
3794 564 3797 565 ν

2185 666 2348 720 αὐτὸν
2374 666 2464 721 τὸν
2490 667 2678 738 χρόνον
2704 669 2804 740 τῆς
2828 667 2921 722 τοῦ
2950 669 3199 740 Σωτῆρος
3237 670 3391 741 ἡμῶν
3418 671 3757 739 ἐπιφανείας.

2186 759 2368 813 Εἰπὼν
2395 759 2505 831 γάρ
2533 762 2562 813 ὁ
2590 762 2895 834 προφήτης,
2916 755 2964 813 ἰ
3012 760 3139 814 Ἰδοὺ
3179 761 3443 834 παρθένος
3481 764 3538 817 ἐν
3565 766 3757 837 γαστρὶ

2185 849 2431 923 λήψεται,
2480 854 2574 906 καὶ
2611 852 2824 920 τέξεται
2864 854 3000 919 υίόν,
3037 873 3055 906 ι
3099 854 3321 908 πλεῖστα
3350 855 3436 910 διά
3475 856 3641 927 μέσου
3672 856 3757 910 θε-

2187 942 2366 1007 σπίζει
2400 944 2528 1016 περὶ⁵
2558 943 2666 999 τῶν
2693 945 2829 999 κατὰ
2858 947 2957 1017 τήν
2983 945 3151 1018 αὐτὴν
3184 947 3418 1019 ἡμέραν,
3441 947 3584 1002 τοῦτ’
3614 947 3758 1002 ἐστιν

2184 1035 2332 1105 ἀμφὶ⁵
2369 1035 2461 1088 τὸν
2493 1036 2679 1108 χρόνον
2708 1037 2810 1108 τῆς
2836 1036 2930 1091 τοῦ
2971 1038 3220 1111 Σωτῆρος
3252 1039 3411 1112 ἡμῶν
3441 1041 3758 1110 ἐπιφανείας

2184 1126 2586 1197 γενησομένων.
2640 1128 2907 1200 Δυνάμεις
2972 1130 3082 1203 γὰρ
3141 1132 3406 1205 ἀοράτους
3458 1133 3550 1186 καί
3609 1151 3759 1197 τινας

2184 1216 2430 1289 ἐχθροὺς,
2474 1219 2566 1271 καὶ¹
2611 1220 2922 1291 πολεμίους,
2957 1223 3121 1293 μυίας
3152 1225 3245 1277 καὶ
3281 1223 3538 1294 μελίσσας
3575 1225 3759 1295 νόμοις

2183 1310 2509 1382 ἀλληγορίας
2535 1310 2962 1383 ὀνομαζομένους
2997 1313 3356 1385 ἐπιϐήσεσθαι
3392 1317 3457 1386 τῇ
3491 1313 3597 1366 τῶν
3640 1315 3759 1368 Ἰου-

2183 1401 2341 1455 δαίων
2352 1403 2504 1474 χώρᾳ
2525 1403 2709 1473 φησὶν,
2731 1403 2928 1458 καὶτὸν
2945 1404 3146 1476 Κύριον
3170 1403 3316 1477 ξυρῷ
3337 1405 3445 1459 τῶν
3466 1405 3760 1476 πολεμίων,

2183 1493 2330 1547 ὼσάν
2373 1494 2610 1564 μεγάλου
2664 1495 2933 1565 σώματος,
2971 1495 3064 1550 τοῦ
3124 1495 3390 1550 Ἰουδαίων
3433 1496 3616 1559 ἔθνους
3659 1494 3760 1567 τὴν

2183 1587 2443 1658 κεφαλὴν,
2471 1590 2563 1642 καὶ
2593 1586 2691 1650 τάς
2708 1589 2900 1660 τρίχας
2921 1588 3029 1643 τῶν
3054 1589 3250 1655 ποδῶν,
3274 1591 3368 1643 καὶ
3387 1591 3475 1643 τὸν
3496 1587 3759 1657 πώγωνα,

2183 1680 2276 1733 καὶ
2310 1681 2507 1743 πάντα,
2544 1679 2842 1751 συλλήϐδην
2874 1681 3066 1745 εἰπεῖν,
3106 1682 3196 1735 τὸν
3219 1682 3421 1752 κόσμον
3453 1681 3631 1735 αὐτῶν
3661 1681 3761 1746 ξυ-

516 1783 620 1839 qua
652 1767 830 1839 agitur
864 1766 1047 1820 futura
1075 1766 1204 1829 sint,
1232 1765 1288 1817 iu
1334 1778 1442 1833 qua
1471 1763 1718 1818 videlicet
1751 1763 1840 1818 ille
1880 1764 1947 1819 de
1973 1779 2082 1834 quo

2185 1773 2389 1845 ρήσειν.
2426 1771 2641 1826 Τούτων
2675 1773 2720 1826 δ’
2742 1773 3011 1845 ἐσομένων
3042 1775 3100 1827 ἐν
3129 1777 3193 1846 τῇ
3225 1773 3588 1847 θεσπιζομένῃ
3618 1773 3762 1845 ήμέι

515 1860 756 1932 loquitur
800 1865 1059 1915 nascetur
1085 1858 1152 1912 de
1198 1854 1442 1925 Virgine,
1475 1863 1588 1908 tum
1616 1870 1738 1909 eum
1779 1855 2078 1922 hominem,

515 1952 606 2022 qui
640 1950 860 2005 relictus
886 1947 1049 2003 fuerit
1071 1947 1137 2001 de
1166 1945 1334 2001 totius
1357 1946 1533 2014 gentis
1567 1945 1807 2009 interitu,
1844 1945 1943 2000 hoc
1972 1953 2076 2010 est,

514 2058 730 2098 omnem
760 2043 1071 2113 quicunque
1093 2057 1158 2096 ex
1187 2042 1295 2095 illis
1315 2042 1370 2097 in
1399 2037 1674 2092 Christum
1709 2035 1801 2092 Dei
1833 2038 2079 2094 credide-

516 2135 607 2199 rit,
639 2134 977 2190 nutriturum
1000 2133 1291 2203 iuvencam
1318 2132 1503 2195 boum,
1531 2137 1585 2185 et
1619 2130 1757 2186 duas
1784 2144 1911 2185 oves
1942 2145 2080 2200 prae‘

516 2225 652 2279 dicit
686 2241 699 2277 :
738 2231 794 2280 et
811 2239 879 2279 ex
912 2238 979 2278 eo
1002 2223 1145 2294 quod
1179 2223 1476 2294 plurimum
1508 2222 1801 2286 facietlac,
1826 2223 2080 2293 butyrum

504 2322 572 2377 ,et
602 2316 708 2371 mel
738 2331 1106 2372 comesurum.
1140 2313 1314 2368 Porro
1351 2314 1463 2368 hate
1500 2315 1542 2368 si
1592 2315 1815 2385 mystice
1836 2321 2082 2369 contem-

515 2409 773 2480 plaberis,
816 2406 1083 2477 intelliges
1124 2407 1178 2460 in
1227 2404 1526 2461 Salvatoris
1571 2406 1746 2461 nostri
1794 2405 2077 2475 apostolis,

515 2516 675 2555 suum
705 2498 865 2554 tinem
893 2497 1190 2568 accepisse.
1219 2498 1460 2563 Quorum
1493 2496 1689 2567 singuli
1721 2496 1776 2549 in
1801 2497 1867 2551 iis
1894 2495 2080 2551 Eccle-

515 2593 641 2656 siis,
676 2592 731 2647 in
769 2591 969 2661 quibus
1008 2590 1209 2645 virtute
1250 2589 1457 2644 Christi
1508 2589 1882 2655 constiterint,
1922 2589 2079 2644 binas

514 2700 666 2748 oves,
700 2683 805 2738 hoc
836 2691 940 2748 est,
978 2682 1136 2737 binos
1169 2680 1393 2736 ordines
1419 2681 1592 2737 instar
1622 2681 1826 2744 ovium,
1855 2680 1923 2736 ad
1953 2695 2078 2752 gre-

510 2773 871 2847 gem‘Christi
905 2773 1311 2838 convenientes,
1342 2776 1573 2827 alterum
1608 2772 1824 2843 quidem
1873 2773 1929 2826 in
1964 2771 2079 2842 pri-

517 2870 622 2924 mis
665 2867 842 2923 adbuc
870 2868 1155 2922 elementis
1195 2874 1525 2930 versantem,
1561 2866 1792 2920 alterum
1827 2878 1954 2918 vero
1984 2863 2080 2933 qui

513 2961 625 3031 jam
650 2975 748 3031 per
776 2960 1053 3014 lavacrum
1089 2958 1161 3013 sit
1207 2957 1536 3020 illustratus,
1584 2970 1658 3010 ac
1690 2963 1951 3025 praeterea
1990 2954 2081 3024 ju-

516 3066 744 3108 vencam
792 3066 980 3113 unam,
1028 3048 1460 3117 ecclesiasticum
1508 3046 1694 3117 utique
1737 3062 1947 3109 eorum,
1985 3045 2078 3116 qui

2188 1879 2259 1934 ρᾳ
2281 1863 2375 1917 τοῦ
2403 1864 2468 1917 ἐκ
2494 1864 2595 1934 τῆς
2623 1862 2901 1937 Παρθένου
2946 1866 3331 1937 γενησομένου,
3378 1864 3474 1919 τὸν
3504 1865 3760 1920 καταλει-

2188 1956 2387 2026 φθέντα
2407 1957 2687 2030 ἄνθρωπον
2711 1959 2774 2010 ἐκ
2791 1958 2893 2027 τῆς
2909 1956 3003 2011 τοῦ
3029 1958 3226 2021 παντὸς
3251 1958 3432 2021 ἔθνους
3459 1956 3757 2021 ἀπωλείας,

2185 2048 2326 2102 τοῦτ’
2357 2049 2501 2103 ἐστιν
2534 2050 2747 2104 ἅπαντα
2775 2049 2866 2101 τὸν
2890 2048 2946 2115 ἐξ
2974 2049 3148 2104 αὐτῶν
3180 2051 3257 2110 εἰς
3288 2050 3379 2102 τὸν
3407 2048 3638 2119 Χριστὸν
3660 2046 3759 2100 τοῦ

2187 2138 2321 2194 Θεοῦ
2355 2143 2772 2204 πεπιστευκότα,
2823 2141 3038 2214 θρέψειν
3076 2142 3301 2213 δάμαλιν
3344 2140 3502 2211 βοῶν,
3541 2141 3634 2194 καὶ
3663 2140 3761 2194 δύο

2190 2232 2433 2304 πρόϐατα
2462 2234 2815 2305 προφητεύει,
2838 2236 2945 2289 ἀπό
2975 2251 3031 2287 τε
3058 2232 3150 2286 τοῦ
3180 2234 3425 2287 πλεῖστον
3459 2233 3632 2286 ποιεῖν
3662 2231 3759 2300 γά-

2186 2322 2271 2387 λα,
2293 2324 2558 2393 φάγεσθαι
2583 2324 2839 2396 βούτυρον
2863 2326 2956 2380 καὶ
2982 2325 3121 2396 μέλι.
3142 2325 3374 2394 Νοήσεις
3393 2323 3448 2376 δὲ
3472 2320 3760 2376 καὶταῦτα

2186 2413 2326 2471 κατά
2371 2416 2633 2485 μυστικὴν
2667 2414 2896 2486 θεωρίαν
2933 2416 3025 2469 ἐπὶ
3056 2415 3163 2469 τῶν
3191 2415 3283 2469 τοῦ
3317 2414 3563 2486 Σωτῆρος
3594 2411 3760 2484 ἡμῶν

2187 2504 2497 2559 ἀποστόλων
2538 2506 2912 2576 τετελεσμένα.
2961 2501 3060 2559 Ὧν
3094 2506 3318 2569 ἕκαστος
3348 2507 3403 2559 ἐν
3432 2498 3517 2568 αἷς
3554 2503 3651 2557 σὺν
3689 2504 3756 2573 τῇ

2185 2596 2279 2651 τοῦ
2307 2596 2542 2670 Χριστοῦ
2576 2597 2798 2668 δυνάμει
2841 2598 3206 2669 συνεστήσατο
3246 2595 3618 2666 Ἐκκλησίαις,
3661 2593 3760 2648 δύο

2185 2689 2439 2760 τάγματα
2474 2689 2629 2760 δίκην
2656 2688 2963 2761 προϐάτων,
2996 2691 3090 2743 ἐπὶ⁸
3112 2689 3210 2759 τὴν
3236 2686 3330 2740 τοῦ
3359 2685 3591 2757 Χριστοῦ
3629 2685 3759 2738 ποί-

2191 2797 2328 2851 μνην
2361 2779 2629 2834 συνιόντα’
2662 2780 2723 2833 τὸ
2771 2780 2869 2851 μὲν
2900 2780 3066 2833 εἰσέτι
3118 2778 3562 2849 στοιχειούμενον,
3610 2775 3675 2828 τὸ
3710 2775 3756 2830 δ’

2185 2869 2287 2940 ἤδη
2316 2868 2402 2922 διὰ
2437 2867 2532 2922 τοῦ
2574 2868 2795 2942 λουτροῦ
2834 2869 3258 2942 πεφωτισμένον·
3301 2868 3394 2919 καί
3425 2867 3515 2919 ἐπὶ
3543 2864 3756 2928 τούτοις

2190 2958 2318 3030 μίαν
2342 2958 2570 3031 δάμαλιν
2599 2961 2697 3032 τὴν
2724 2949 3176 3032 ἐκκλησιαστικὴν
3205 2958 3311 3012 τῶν
3347 2955 3622 3029 προέδρων
3652 2954 3759 3026 ἀρα

2187 3051 2285 3123 χὴν
2304 3055 2424 3115 ταῖς
2444 3051 2645 3115 ἐνθέοις
2666 3052 2759 3105 καὶ
2777 3051 3019 3120 λογικαῖς
3043 3054 3269 3123 τροφαῖς
3298 3050 3392 3104 ἐκθ
3401 3049 3586 3122 ρέψας,
3604 3049 3757 3116 γόνι-

512 3143 811 3215 praesident
829 3141 1220 3213 principatum,
1244 3139 1442 3195 divinis
1464 3147 1517 3194 et
1540 3139 1897 3194 rationalibus
1938 3137 2076 3193 cibis

2185 3159 2279 3214 μον
2307 3141 2368 3206 ἐξ
2406 3142 2584 3197 αὐτῶν
2614 3143 2777 3211 γάλα,
2812 3144 2904 3197 καὶ
2955 3143 3073 3213 μέλι
3113 3143 3213 3213 τῆς
3242 3141 3565 3212 πονηθείσης
3600 3138 3758 3211 αὐτῷ

514 3236 816 3290 nutrientes
845 3251 859 3288 :
890 3231 1177 3303 fecundum
1216 3246 1280 3285 ex
1328 3230 1434 3284 illis
1475 3230 1575 3291 lac,
1603 3238 1658 3284 et
1686 3229 1812 3293 mel,
1843 3228 1964 3298 ejus
2002 3228 2082 3283 vi-

513 3325 712 3382 delicet
735 3326 865 3390 cibi,
895 3340 1055 3396 quem
1088 3325 1189 3395 ipsi
1227 3325 1647 3387 elaboraverint,
1688 3323 1924 3379 fructum
1958 3339 2082 3395 per-

512 3425 800 3489 ceperunt.
832 3415 898 3470 Et
925 3417 1069 3486 quod
1100 3416 1314 3489 quidem
1346 3432 1462 3472 eam
1507 3416 1931 3480 multitudinem,
1961 3431 2081 3486 qua:

511 3526 579 3565 ex
614 3508 1108 3581 imperfectioribus
1138 3516 1352 3564 constat
1393 3509 1607 3572 ovibus,
1636 3509 1856 3564 divinus
1898 3497 2090 3567 sermo

515 3614 833 3671 comparare
857 3599 1222 3664 consueverit,
1242 3614 1351 3654 non
1376 3610 1458 3655 est
1487 3615 1623 3671 Opus
1645 3609 1703 3655 ut
1728 3601 1927 3665 dicam,
1955 3615 2079 3655 cum

515 3692 618 3747 hoc
636 3706 825 3749 omnes
854 3689 1051 3746 divina:
1074 3690 1265 3745 litterae
1289 3689 1598 3746 ostendant.
1633 3691 1738 3761 72
1765 3689 1920 3756 Quod
1953 3707 2081 3746 vero

514 3799 661 3848 eum,
714 3785 808 3855 qui
855 3782 1148 3854 perfectior
1192 3783 1284 3849 sit,
1318 3793 1374 3839 et
1423 3785 1646 3850 multos,
1694 3783 1852 3854 quasi
1903 3785 2079 3840 bonus

513 3874 749 3944 agricola
795 3882 1069 3941 exerceat,
1103 3872 1472 3945 Ecclesiaeque
1516 3874 1829 3944 praesideat,
1871 3875 2079 3930 rustico

515 3966 678 4020 boum
721 3965 896 4020 labori
947 3966 1075 4020 item
1117 3965 1368 4021 conferre
1417 3967 1609 4023 soleat.
1649 3974 1875 4022 sanctus
1917 3966 2078 4023 nobis

514 4058 851 4111 demonstrat
877 4054 1193 4125 Apostolus,
1216 4055 1306 4109 ubi
1332 4057 1413 4110 ait
1438 4075 1449 4109 :
1480 4074 1498 4108 ι
1530 4054 1785 4126 Nunquid
1807 4057 1874 4112 de
1902 4056 2078 4113 bubus

515 4161 649 4200 cura
670 4155 754 4201 est
793 4145 945 4202 Deo?
975 4161 1044 4201 au
1074 4156 1294 4217 propter
1331 4162 1432 4201 nos
1472 4148 1691 4202 omnino
1739 4148 1909 4202 dicit?
1937 4163 2077 4218 quo-

514 4240 662 4295 niam
691 4238 851 4296 debet
887 4239 943 4294 in
965 4256 1083 4311 spe,
1109 4240 1202 4311 qui
1240 4250 1377 4304 arat,
1407 4255 1565 4295 arare
1589 4258 1601 4291 :
1625 4247 1679 4295 et
1708 4242 1801 4310 qui
1833 4241 2074 4305 triturat,

2181 3234 2385 3305 τροφῆς
2427 3234 2517 3288 τὸν
2561 3235 2771 3307 καρπὸν
2807 3237 3176 3305 ἀπηνέγκατο.
3210 3235 3394 3298 Ὅπως
3429 3233 3526 3304 μὲν
3559 3229 3651 3285 οὖν
3684 3231 3758 3285 τά

2179 3322 2286 3378 τῶν
2332 3324 2697 3396 ἀτελεστέρων
2748 3325 2923 3398 πλήθη
2973 3326 3261 3399 προϐάτοις
3311 3323 3499 3378 εἴωθεν
3540 3326 3568 3376 ὁ
3605 3322 3756 3389 θεῖος

2179 3419 2471 3490 ἀφομοιοῦν
2512 3418 2689 3488 λόγος,
2734 3419 2886 3473 οὐδὲν
2930 3421 3010 3473 δεῖ
3050 3420 3243 3489 λέγειν,
3294 3418 3473 3489 πάσης
3523 3418 3755 3488 Γραφῆς

2180 3510 2336 3564 τοῦτο
2371 3509 2745 3580 διδασκούσης.
2776 3510 2880 3563 Τὸν
2905 3511 2962 3564 δέ
2994 3529 3056 3580 γε
3094 3510 3464 3581 ἐντελέστερον
3499 3509 3590 3562 καὶ
3621 3510 3757 3571 τοὺς

2181 3602 2406 3667 πολλοὺς
2430 3602 2773 3673 γεωργοῦντα
2794 3603 2892 3674 τῆς
2920 3602 3241 3673 Ἐκκλησίας
3258 3599 3574 3671 ἡγούμενον,
3599 3600 3755 3662 ὅπως

2179 3693 2257 3765 τῷ
2281 3696 2538 3765 γεωπόνῳ
2567 3695 2675 3750 τῶν
2708 3694 2845 3764 βοῶν
2883 3693 3245 3765 παραϐάλλει,
3282 3693 3590 3763 συνίστησιν
3614 3693 3643 3745 ό
3671 3692 3755 3744 ἱε-

2183 3784 2273 3855 ρὸς
2305 3785 2619 3850 ἀπόστολος,
2649 3785 2840 3854 λέγων·
2874 3804 2891 3837 ι
2922 3784 3013 3857 Μὴ
3041 3784 3148 3837 τῶν
3167 3783 3302 3855 βοῶν
3331 3781 3578 3854 μέλειτῷ
3606 3782 3754 3854 Θεῷ,

2179 3875 2212 3946 ἢ
2252 3875 2318 3928 δι’
2348 3878 2492 3948 ἡμᾶς
2539 3877 2754 3939 πάντως
2790 3876 2965 3944 λέγεις
3005 3876 3085 3928 ὅτι
3122 3874 3323 3942 ὀφείλει
3365 3873 3451 3926 ἐπ’
3498 3871 3672 3926 ἐλπίδι
3721 3872 3753 3925 ὁ

2180 3966 2445 4038 ἀροτριῶν
2489 3967 2768 4038 ἀροτριᾷν,
2818 3967 2912 4021 καὶ
2972 3967 3001 4018 ό
3056 3966 3248 4030 ἀλοῶν,
3294 3967 3380 4019 ἐπ’
3424 3964 3598 4018 ἐλπίδι
3649 3963 3750 4018 τοῦ

2183 4058 2448 4129 μετέχειν.
2488 4077 2506 4109 ι
2546 4058 2610 4110 Εἰ
2639 4057 2697 4111 δὲ
2731 4058 3061 4130 προσκόπτοι
3098 4075 3179 4122 τις
3216 4060 3334 4121 ταῖς
3363 4056 3597 4109 τοιαῖσδε
3624 4071 3753 4127 τρο-

2181 4148 2476 4218 πολογίαις,
2504 4148 2622 4221 ὥρα
2642 4148 2828 4203 τοῦτον
2856 4150 2990 4221 μηδὲ
3013 4148 3109 4213 τὰς
3133 4146 3532 4220 ὀνομαζομένας
3557 4147 3751 4218 μυίας,

2178 4239 2210 4310 ἢ
2247 4239 2520 4311 μελίσσας,
2563 4240 2698 4311 μηδὲ
2730 4241 2790 4294 τὸ
2818 4240 2994 4312 ξυρὸν,
3036 4241 3169 4311 μηδὲ
3201 4241 3291 4294 τὸν
3318 4239 3571 4308 πώγωνα,
3610 4239 3750 4311 μηδὲ

516 4332 570 4386 in
597 4346 714 4402 spe,
733 4338 795 4387 ut
823 4332 893 4388 sit
919 4333 1194 4402 particeps
1215 4331 1283 4384 ⁸⁸.
1311 4355 1330 4385 ι
1360 4330 1514 4398 Quod
1532 4332 1578 4386 si
1610 4331 1734 4402 quis
1768 4332 2074 4387 istiusmodi

2185 4331 2277 4394 τὰς
2317 4331 2507 4402 τρίχας
2544 4330 2653 4384 τῶν
2702 4332 2876 4386 ποδῶν
2921 4332 3063 4386 κατά
3106 4332 3343 4387 διάνοιαν
3380 4331 3621 4402 θεωρεῖν,
3669 4332 3753 4395 είς

516 4420 702 4492 liguris
729 4420 985 4491 loquendi
1004 4419 1327 4485 offendatur,
1363 4421 1503 4475 idem
1528 4421 1727 4490 poterit
1751 4428 1808 4475 et
1831 4436 2071 4487 muscas,

2178 4422 2413 4486 ἀτόπους
2435 4423 2490 4476 δὲ
2518 4424 2610 4476 καὶ
2638 4423 2970 4487 ἀσυστάτους
2994 4423 3280 4478 ἐκπίπτειν
3309 4421 3650 4495 μυθολογίας.
3683 4422 3751 4474 Εἰ

513 4516 567 4563 et
593 4524 744 4580 apes,
779 4509 847 4565 de
895 4508 1095 4579 quibus
1145 4509 1351 4563 dictum
1395 4515 1501 4573 est,
1548 4516 1603 4563 et
1640 4510 1986 4574 novaculam,
2020 4517 2074 4565 et

2185 4512 2222 4566 δ’
2254 4515 2464 4586 ἀνάγκη
2517 4515 2688 4568 ταῦτα
2727 4515 2801 4587 μὴ
2834 4516 3005 4580 άλλως
3046 4516 3079 4588 ἢ
3126 4516 3268 4570 κατὰ
3312 4493 3477 4587 μόνην
3510 4514 3749 4585 θεωρίαν

514 4600 762 4664 barbam,
787 4608 842 4657 et
883 4600 1020 4669 pilos
1050 4599 1270 4670 pedum,
1304 4616 1412 4655 non
1446 4616 1512 4655 ex
1546 4601 1842 4663 sententia,
1874 4600 1969 4657 sed
2003 4617 2071 4658 ex

2185 4605 2446 4681 δέχεσθαι,
2479 4607 2635 4677 δῆλον
2661 4609 2739 4661 ὅτι
2762 4608 2855 4661 καὶ
2880 4606 2949 4660 τά
2976 4607 3242 4661 ἀκόλουθα
3271 4605 3683 4679 παραπλησίως.

514 4691 719 4763 scripto
747 4691 1126 4762 contemplari,
1159 4698 1321 4762 atque
1375 4692 1450 4745 ita
1476 4692 1633 4761 plane
1660 4692 1991 4748 in'ridicula
2024 4702 2081 4750 et
2137 4697 2374 4751 absurda
2427 4698 2732 4753 fabularum
2777 4700 3131 4753 deliramenta
3178 4700 3439 4755 recidere.
3499 4695 3555 4751 Si
3614 4709 3752 4751 veto

514 4797 620 4837 non
642 4782 799 4837 aliter
827 4783 942 4839 bac
971 4783 1223 4853 accipere
1266 4796 1488 4837 necesse
1514 4791 1617 4846 est,
1643 4798 1807 4853 quam
1842 4784 1908 4838 ad
1955 4799 2176 4841 sensum
2240 4787 2529 4857 quemdam
2584 4790 2918 4854 interiorem,
2950 4790 3118 4853 _baud
3154 4791 3379 4846 dubium
3431 4797 3536 4854 est,
3579 4788 3752 4858 quin-

513 4875 670 4930 etiam
695 4889 758 4930 ea
786 4889 908 4945 quae
932 4883 1254 4945 sequuntur,
1283 4874 1446 4929 simili
1482 4874 1709 4929 ratione.

580 4962 691 5020 XL.
722 4984 740 5016 ι
777 4965 836 5019 ln
864 4964 950 5020 die
974 4965 1065 5019 illa
1097 4966 1511 5036 exstinguentur
1545 4977 1775 5032 montes,
1802 4974 1855 5021 et
1883 4966 2070 5031 colles,

512 5063 564 5110 et
602 5057 773 5120 silvae,
799 5065 849 5112 et
871 5055 1211 5111 devorabunt
1241 5056 1308 5110 ab
1334 5055 1515 5110 anima
1540 5072 1712 5125 usque
1742 5055 1811 5110 ad
1837 5072 2067 5113 carnes:

512 5154 564 5200 et
596 5148 699 5201 erit
737 5147 834 5217 qui
875 5145 1065 5217 fugiet,
1101 5156 1361 5217 tanquam
1412 5144 1627 5217 fugiens
1669 5160 1700 5199 a
1731 5144 1948 5200 ﬂamma
1982 5162 2071 5202 ar-

511 5237 671 5295 dente
702 5254 716 5290 :
743 5248 797 5295 et
842 5238 936 5310 qui
970 5238 1145 5293 relicti
1181 5238 1384 5294 fuerint
1408 5253 1475 5294 ex
1510 5237 1640 5306 illis,
1687 5247 1848 5294 erunt
1880 5255 2072 5296 nume—

2251 4965 2341 5018 M'.
2388 4984 2406 5016 ι
2452 4966 2530 5037 Τῇ
2576 4964 2758 5037 ἡμέρα
2787 4967 2969 5039 ἐκείνῃ
2996 4966 3461 5038 ἀποσϐεσθήσεται
3504 4968 3574 5022 τά
3605 4971 3750 5044 ὅρη,

2179 5057 2270 5109 καὶ
2304 5058 2352 5110 οἱ
2388 5056 2584 5127 βουνοί,
2629 5058 2724 5110 καὶ
2760 5059 2810 5111 οἱ
2847 5058 3059 5130 δρυμοὶ,
3101 5059 3195 5114 καὶ
3231 5061 3603 5130 καταφάγεται
3635 5065 3749 5119 ἀπὸ

2175 5146 2355 5216 ψυχῆς
2378 5147 2483 5210 ἕως
2510 5147 2744 5218 σαρκῶνο
2772 5149 2864 5202 καὶ
2888 5148 3039 5203 ἔσται
3066 5152 3095 5203 ὀ
3115 5150 3350 5219 φεύγων,
3379 5152 3453 5214 ὼς
3478 5154 3506 5205 ὀ
3525 5153 3746 5222 φεύγων

2177 5235 2285 5288 ἀπὸ
2306 5235 2502 5305 φλογὸς
2525 5238 2835 5308 καιομένης·
2861 5240 2953 5292 καὶ
2974 5240 3022 5292 οἰ
3052 5240 3499 5310 καταλειφθέντες
3526 5243 3619 5295 ἀπ’
3645 5245 3745 5297 ab-

515 5341 643 5381 rus:
674 5333 729 5381 et
776 5341 911 5396 puer
955 5327 1213 5398 parvulus
1254 5327 1457 5384 scribet
1497 5342 1614 5394 eos,
1657 5334 1711 5382 et
1750 5327 1854 5383 erit
1892 5329 1948 5383 in
1981 5329 2071 5386 die

2185 5325 2284 5380 τῶν
2316 5327 2524 5383 ἔσονται
2553 5329 2801 5402 ἀριθμὸς,
2836 5331 2929 5385 καὶ
2963 5330 3168 5385 παιδίον
3198 5332 3391 5402 μικρὸν
3418 5333 3618 5405 γράψει
3645 5336 3744 5388 αὐ·

510 5416 639 5470 illa:
673 5431 784 5471 non
834 5418 972 5473 ultra
1025 5418 1241 5489 adjiciat
1280 5418 1427 5489 quod
1469 5419 1737 5489 reliquum
1783 5418 1949 5475 fuerit
1999 5436 2067 5475 ex

2185 5419 2317 5483 τούς·
2349 5422 2444 5476 καὶ
2481 5420 2631 5479 ἔσται
2658 5425 2715 5477 ἐν
2753 5427 2817 5495 τῇ
2856 5425 3040 5496 ήμέρᾳ
3069 5423 3272 5498 ἐκείνῃ,
3306 5424 3486 5478 οὐκέτι
3518 5441 3744 5497 προστεο

511 5505 695 5572 Israel,
724 5514 775 5562 et
822 5510 909 5577 qui
935 5513 1241 5565 conservati
1275 5525 1342 5565 ex
1372 5508 1562 5573 Jacob,
1588 5526 1699 5566 non
1726 5511 1865 5565 ultra
1894 5512 2065 5568 conli-

2185 5516 2396 5590 θήσεται
2424 5520 2485 5573 τὸ
2514 5520 2868 5590 καταλειφθὲν
2903 5521 2996 5576 τοῦ
3042 5522 3277 5591 Ἰσραὴλ,
3322 5523 3414 5578 καὶ
3455 5524 3504 5577 al
3542 5522 3743 5577 διασω-

612 5682 657 5716 “
691 5680 792 5739 lsa.
827 5697 921 5747 vn,
944 5680 1133 5737 21-22.
1214 5682 1259 5714 ⁸⁷
1287 5679 1423 5739 lbid.
1457 5684 1542 5743 14.
1622 5685 1711 5739 ⁸⁸1
1745 5686 1872 5744 Cor.
1908 5702 1981 5756 ix,
2019 5691 2072 5758 9,
2111 5690 2197 5747 l0.
