3942 6258
187 370 266 424 ιιι

1109 367 1754 427 DEMONSTRATIUNIS
1793 366 2243 424 EVANGELICA‘Z
2285 367 2408 427 LIB.
2448 367 2512 426 II.

3323 386 3420 439 ΗΞ

191 489 355 552 θέντες
386 488 485 542 105
533 489 740 544 Ἰακὼϐ
773 490 949 545 οὐκέτι
985 493 1300 555 πεποιθότες
1340 488 1472 544 ὦσιν
1518 492 1610 544 ἐπὶ
1635 493 1758 554 τοὺς

1861 495 2051 545 dentes
2074 499 2236 545 erunt
2266 491 2318 544 in
2345 492 2444 556 eis,
2469 492 2562 562 qui
2585 491 2802 562 injuriis
2836 495 2983 565 ipsos
3005 495 3302 564 aﬂecerint,
3328 501 3422 555 sed

197 582 555 653 ἀδικήσαντας
591 584 810 647 αὐτοὺς,
833 584 945 637 ἀλλ’
975 584 1182 638 ἔσονται
1215 584 1530 648 πεποιθότες
1559 585 1650 637 ἐπὶ
1668 584 1759 637 τὸν

198 673 313 728 Θεὸν
342 674 434 728 τὸν
467 674 628 744 ἅγιον
654 675 750 728 τοῦ
786 675 994 746 Ἰσραὴλ
1021 679 1085 746 τῇ
1118 676 1474 748 ἁληθείᾳ,κα¹ι
1501 676 1758 746 ἀναστρέ-

195 769 279 835 ψει
307 765 366 819 τὸ
394 766 762 836 καταλειφθὲν
801 767 892 819 τοῦ
947 768 1161 838 Ἰσραὴλ
1199 767 1290 820 ἐπὶ
1321 768 1452 821 Θεὸν
1490 768 1753 838 ίσχύοντασ

198 860 282 912 καὶ
321 858 415 911 ἐὰν
445 858 677 927 γένηται
707 859 736 910 ό
766 858 994 929 ἀριθμὸς
1025 859 1133 911 τῶν
1166 859 1298 912 υἱῶν
1357 859 1569 930 Ἰσραὴλ
1607 861 1684 923 ὡς
1721 862 1754 930 ἡ

194 951 368 1020 ἄμμος
403 950 504 1021 τῆς
537 949 831 1020 θαλὲσσης,
862 950 922 1003 τὸ
951 951 1294 1022 κατάλειμμα
1326 951 1502 1006 αὐτῶν
1528 951 1759 1024 σωθήσε-

197 1060 298 1096 ται.
336 1043 507 1109 Λόγον
547 1042 656 1112 γὰρ
698 1041 960 1094 συντελεῖν
994 1042 1087 1096 καὶ⁵
1125 1043 1432 1113 συντέμνων
1472 1045 1528 1096 ὲν
1561 1042 1758 1096 δικαιο-

201 1133 343 1201 σύνῃ’
379 1132 462 1183 ὅτι
499 1129 656 1197 λόγον
694 1132 1123 1202 συντενιμημένον
1159 1133 1370 1203 ποιήσει
1395 1135 1424 1186 ό
1447 1132 1575 1196 Θεὸς
1605 1134 1661 1185 ἐν
1689 1135 1755 1204 τῇ

199 1221 476 1290 οἰκουμένῃ
522 1219 634 1292 ὅλῃ.
679 1239 696 1271 ›
748 1220 1035 1274 Κάνταῦθα
1083 1223 1347 1293 πρόσχες,
1394 1224 1474 1276 ὅτι
1525 1242 1541 1274 ι
1590 1223 1646 1274 ὲν
1688 1226 1754 1294 τῇ

209 1313 528 1384 σκυθρωπῶν
578 1313 795 1383 ἀπειλῇ,
843 1317 1026 1384 φησιν,
1077 1315 1227 1368 ἔσται
1270 1318 1298 1368 ό
1348 1316 1580 1385 φεύγων,
1616 1316 1690 1380 ὡς
1727 1316 1756 1367 ὁ

205 1407 404 1474 ςεύγων
433 1405 543 1457 ἀπὸ
569 1405 764 1473 φλογὸς
794 1407 1108 1476 καιομένης·
1135 1406 1292 1460 καὶοὶ
1314 1406 1757 1476 καταλειφθέντες

206 1500 291 1552 ἀπ’
313 1497 484 1550 αὐτῶν
509 1498 739 1567 ἀριθμὸς
773 1498 944 1561 ἔσται,
979 1501 1070 1552 καὶ
1100 1501 1308 1553 παιδίον
1337 1501 1529 1573 μικρὸν
1560 1502 1756 1574 γράψει

174 1623 178 1626 -
206 1588 400 1650 αὐτούς·
435 1608 452 1638 ι
486 1589 552 1640 δι’
579 1582 654 1641 ὧν
685 1589 745 1642 τὸ
773 1590 993 1642 σπάνιον
1021 1589 1128 1643 τῶν
1159 1591 1498 1662 φευξομένων
1526 1593 1615 1645 τὸν
1641 1592 1756 1645 όλε-

209 1683 329 1753 θρον’
363 1684 422 1734 ἐκ
465 1683 764 1753 περιτομῆς
803 1682 982 1745 λαοῦ,
1012 1684 1106 1736 καὶ
1142 1683 1230 1736 τὸν
1263 1685 1361 1754 τῆς
1408 1685 1756 1757 Ἰερουσαλὴμ

205 1776 514 1848 ἐμπρησμὸν
549 1776 896 1847 παρίστησιν.
949 1796 965 1827 ι
1000 1778 1060 1829 Oi
1093 1777 1147 1830 δὲ
1180 1778 1624 1847 καταλειιιθέντες
1665 1775 1753 1833 οὗ·

207 1886 296 1930 τοι,
336 1869 514 1938 φησιν,
558 1867 787 1937 ἀριθμὸς
821 1868 1050 1935 ἔσονται,
1088 1888 1105 1919 ι
1134 1869 1278 1922 τοῦτ’
1335 1870 1481 1924 ἐστιν
1537 1872 1754 1943 ἀριθμῷ

208 1959 381 2029 ληπτοὶ
424 1961 764 2030 γενήσονται,
811 1960 951 2013 οὕτω
1001 1960 1217 2032 βραχεῖς
1260 1963 1352 2015 καὶ
1402 1964 1754 2036 εὐαρίθμητοι

205 2052 360 2116 ὅντες.
406 2051 662 2105 Τοσοῦτοι
687 2052 730 2105 δ’
758 2048 870 2117 οὖν,
915 2053 990 2116 ὡς
1027 2055 1084 2107 ὲν
1128 2055 1404 2126 συγκρίσει
1434 2055 1526 2108 105
1559 2056 1754 2120 παντὸς

211 2143 425 2214 πλήθους
456 2143 548 2197 105
593 2144 857 2198 Ἰουδαίων
879 2144 1082 2208 ἔθνους,
1108 2147 1154 2197 οἱ
1191 2149 1267 2208 είς
1300 2147 1388 2198 τὸν
1412 2147 1637 2216 Σωτῆρα
1662 2149 1756 2200 καὶ

212 2235 391 2305 Κύριον
422 2235 582 2306 ἡμῶν
614 2236 1034 2298 πεπιστευκότες
1081 2237 1386 2304 γεγόνασιν,
1437 2238 1484 2290 οἳ
1523 2238 1615 2290 καὶ
1657 2255 1757 2290 κα·

211 2325 532 2396 τηξιώθησαν
578 2328 676 2396 τῆς
720 2327 814 2379 ὑπ’
849 2328 1010 2380 αὐτοῦ
1051 2327 1089 2378 Γ
1093 2328 1290 2398 ραφῆς,
1344 2329 1419 2390 ὡς
1463 2328 1612 2398 δηλοῖ
1655 2328 1757 2398 φά-

213 2433 336 2470 σκων
363 2419 391 2469 ὁ
426 2418 603 2486 λόγος,
646 2438 664 2470 ι
703 2420 812 2472 Καὶ
840 2420 1046 2474 παιδίον
1071 2420 1270 2491 γράψει
1303 2422 1518 2485 αὐτούς’
1565 2443 1582 2474 ι
1623 2440 1756 2493 προ-

211 2509 403 2574 διδάξας
453 2510 482 2562 ὃ
528 2510 580 2562 τί
628 2527 759 2563 ποτε
803 2506 872 2581 ἦν
920 2511 980 2564 τὸ
1017 2511 1254 2579 παιδίον,
1305 2514 1364 2564 ἐν
1411 2508 1492 2576 οἷς
1541 2514 1750 2582 ἔλεγεν*

219 2619 235 2654 ι
279 2601 395 2655 Ἰδοὺ
423 2604 455 2672 ὴ
484 2585 754 2673 Παρθένος
779 2604 834 2655 ὲν
859 2605 1054 2674 γαστρὶ
1089 2604 1216 2670 ἕξει,
1256 2606 1350 2658 καὶ
1389 2605 1596 2671 τέξεται
1621 2607 1749 2660 υἱόν·

216 2693 292 2744 ut
331 2694 452 2762 πρὶν
494 2692 527 2762 ἦ
569 2692 770 2760 γνῶναι
813 2694 872 2746 τὸ
903 2695 1110 2748 παιδίον
1136 2695 1317 2748 καλεῖν
1346 2697 1551 2768 πατέρα
1589 2697 1621 2767 ἢ
1653 2716 1756 2768 μη-

217 2783 340 2854 τέρα·
378 2805 396 2836 ι
432 2787 524 2836 καὶ
557 2785 854 2856 ἐπειδήπερ
895 2786 1145 2850 ἐνταῦθα,
1194 2807 1211 2838 ι
1254 2788 1488 2851 Παιδίον,
1542 2809 1559 2840 ι
1600 2791 1751 2860 φησὶ,

223 2889 238 2922 ι
264 2872 446 2949 γράψει
471 2874 684 2937 αὐτοὺς,
726 2894 745 2926 ι
775 2875 997 2939 εἰκότως
1024 2878 1080 2928 ὲν
1114 2881 1224 2940 τοῖς
1249 2877 1481 2949 πρόσθεν
1514 2879 1749 2948 ἐλέγετοο

225 2963 526 3014 «Iulis-.1:
560 2964 621 3016 τὸ
656 2965 974 3034 ὑπολειφθὲν
1011 2968 1066 3018 ἐν
1105 2966 1259 3032 Σιὼν,
1303 2969 1396 3021 καὶ
1419 2969 1478 3022 τὸ
1507 2972 1755 3024 καταλει-

223 3052 328 3123 οθὲν
367 3057 419 3107 ἐν
477 3056 849 3127 Ἰερουσαλὴμ,
892 3057 1033 3126 ἅγιοι
1077 3059 1431 3131 κληθήσονται
1465 3063 1661 3126 πάντες
1704 3066 1754 3115 οἱ

223 3146 488 3215 γραφέντες
513 3149 592 3210 είς
623 3146 784 3220 ζωήν.
836 3167 854 3200 ι
901 3151 1110 3221 ’Ὠσπερ
1155 3151 1284 3219 γοῦν
1328 3155 1383 3206 ὲν
1424 3155 1650 3218 ἐκείνοις
1696 3156 1756 3208 τὸ

224 3239 544 3308 καταλειφθὲν
579 3241 879 3312 ὠνόμαστο,
933 3245 980 3294 οἱ
1017 3243 1058 3296 δ’
1096 3246 1248 3298 αὐτοὶ
1280 3247 1579 3317 γραφέντες
1620 3245 1757 3319 ἦσαν

224 3331 286 3396 εἰς
313 3334 464 3406 ζωήν·
494 3335 665 3398 οὕτως
699 3337 791 3388 καὶ
819 3338 1071 3399 ἐνταῦθα,
1103 3342 1151 3392 οἱ
1193 3341 1639 3409 καταλειφθέντες
1666 3345 1756 3396 ἀπ’

223 3427 371 3480 αὐτῶν
407 3448 424 3479 ι
462 3429 691 3501 ἀριθμὸς
714 3430 942 3496 ἔσονται,
977 3433 1069 3485 καὶ
1095 3433 1297 3486 παιδίον
1320 3435 1518 3507 γράψει
1542 3435 1754 3498 αύτούς.

225 3517 366 3572 T0510
395 3520 449 3573 δὲ
492 3521 849 3590 καταλειφθὲν
875 3523 938 3574 ὲκ
972 3519 1064 3574 105
1105 3523 1339 3595 Ἰσραὴλ,
1377 3526 1466 3578 καὶ
1492 3527 1539 3577 οἱ
1566 3525 1760 3577 διασω-

222 3609 378 3675 θέντες
414 3615 520 3666 ἀπὸ
555 3614 649 3667 τοῦ
696 3614 887 3668 Ἰακὼϐ
934 3635 949 3666 ι
989 3616 1187 3678 οὐκέτι,
1223 3636 1241 3669 ι
1285 3618 1466 3686 φησιν,
1500 3638 1516 3669 ι
1549 3617 1757 3671 ἔσονται

221 3704 294 3754 ἐπὶ
322 3707 438 3768 τοὺς
460 3705 823 3776 ἀδικήσαντας
852 3707 1064 3771 αὐτοὺς,
1109 3707 1221 3760 ἀλλ’
1258 3707 1466 3761 ἔσονται
1508 3709 1759 3762 πεποιθό-

220 3812 291 3857 τες
313 3800 396 3849 ἐπὶ
418 3798 506 3849 τὸν
532 3798 663 3851 Θεὸν
683 3798 774 3851 τὸν
800 3799 949 3866 ἆγιον
977 3799 1072 3851 105
1119 3799 1351 3870 Ἰσραήλ.
1389 3819 1406 3849 ›
1435 3801 1542 3852 Καὶ
1574 3801 1673 3869 ὅρα
1695 3816 1757 3866 γε

220 3889 256 3938 εξ
283 3888 539 3961 Fila-5:13
575 3905 641 3956 γε
673 3892 738 3958 τῇ
789 3889 1105 3960 πεποιθήσει
1161 3891 1210 3941 οἱ
1253 3892 1315 3942 ἐκ
1355 3890 1448 3942 105
1496 3891 1759 3944 Ἰουδαίων

219 3979 378 4044 ἔθνους
427 3980 797 4052 προελθόντες,
845 3982 897 4032 οἵ
937 3998 994 4033 τε
1037 3982 1102 4033 ὲκ
1134 3982 1234 4052 τῆς
1277 3981 1644 4046 ἀποπτὼσεως
1664 3982 1758 4036 τοῦ

227 4070 416 4143 Ἰσραὴλ
449 4071 883 4143 περιλειφθέντες
931 4072 1167 4143 μαθηταὶ
1212 4075 1303 4126 καὶ
1341 4073 1622 4126 ἀπόστολοι
1666 4073 1757 4127 τοῦ

217 4162 443 4235 Σωτῆρος
462 4164 638 4235 ἡμῶν,
667 4165 866 4235 μηδένα
892 4163 1046 4232 λόγον
1073 4165 1426 4236 ποιησάμενοι
1443 4165 1549 4220 τῶν
1565 4167 1758 4237 ἀρχόν-

215 4270 307 4306 των
341 4256 430 4310 105
469 4255 664 4320 αἰῶνος
685 4257 894 4321 τούτου,
924 4257 1086 4326 ἢτῶν
1117 4258 1391 4328 ἀρχόντων
1431 4256 1524 4310 105
1572 4260 1634 4310 ὲκ
1674 4275 1761 4309 πε-

219 4350 419 4420 ρετομῆς
452 4348 583 4403 λαοῦ
606 4348 712 4402 τῶν
744 4349 908 4403 πάλαι
933 4347 1256 4402 ἀδικούντων
1291 4349 1504 4411 αὐτοὺς,
1539 4347 1759 4417 ἐξῆλθον

217 4440 282 4502 είς
311 4441 482 4493 πάντα
523 4438 592 4493 τὰ
640 4437 767 4510 ἔθνη
813 4437 1166 4509 κηρύττοντες
1189 4438 1279 4490 τὸν
1307 4437 1549 4509 ’Χριστὸν
1582 4436 1757 4504 λόγον,

217 4531 515 4602 πεποιθήσει
556 4547 615 4584 τε
664 4532 729 4600 τῇ
768 4530 900 4600 πρὸς
940 4528 1030 4582 τὸν
1068 4528 1204 4582 Θεὸν
1228 4527 1476 4598 (ἐπείπερ
1498 4526 1638 4580 κατὰ
1661 4527 1758 4596 τὴν
1790 4554 1833 4607 D

217 4623 529 4692 προφητείαν
559 4619 876 4684 πεποιθότες
897 4615 1033 4689 ἦσαν
1059 4620 1151 4672 ἐπὶ
1173 4619 1260 4672 τὸν
1294 4619 1424 4672 Θεὸν
1469 4619 1621 4687 ἅγιον
1663 4615 1758 4672 τοῦ

231 4713 424 4784 Ἰσραὴλ
440 4715 496 4766 ὲν
532 4711 775 4783 ἀληθείᾳ·
805 4713 866 4764 ού
897 4711 1003 4783 γὰρ
1029 4711 1293 4774 ὑπούλως,
1328 4710 1448 4764 οὐδὲ
1479 4709 1596 4780 μεθ’
1626 4711 1766 4762 ὑπο-

218 4804 452 4874 κρίσεως,
479 4806 577 4858 σὺν
618 4803 844 4876 ἀληθεία
887 4803 944 4857 δὲ
981 4803 1132 4866 ὅλους
1175 4804 1396 4864 ἑαυτοὺς
1436 4801 1762 4856 ὲπιδέδονται

220 4896 416 4966 ἐλπίδι),
443 4899 503 4953 ού
532 4897 691 4969 μόνον
711 4894 977 4967 προῆλθον
1015 4895 1113 4964 τῆς
1139 4893 1346 4949 ἑαυτῶν
1387 4893 1588 4965 χώρας,
1629 4893 1763 4948 ἀλλὰ

222 4987 564 5060 κατώρθωσαν
583 4989 644 5040 τὸ
667 4986 1132 5057 προστεθειμένον.
1166 4985 1334 5040 Τοῦτο
1359 4985 1416 5038 δὲ
1437 4985 1569 5038 αὐτὸ
1603 4984 1762 5038 πάλιν

221 5078 654 5148 τὸκαταλειφθὲν,
691 5078 850 5131 οἱονεὶ
891 5077 951 5130 τὸ
991 5077 1206 5148 σπέρμα
1255 5077 1355 5146 τῆς
1402 5075 1766 5153 ἀποπτώσεως

223 5171 304 5224 τοῦ
335 5175 518 5228 Ἰακὼϐ
552 5175 764 5243 γέγονε,
807 5170 1060 5234 πεποιθὸς
1102 5171 1194 5223 ἐπὶ
1221 5171 1349 5224 Θεὸν
1379 5169 1644 5240 ἰσχύοντα·
1673 5171 1766 5222 καὶ

227 5265 415 5342 αὑτὸδὴ
435 5269 590 5323 τοῦτο
622 5270 684 5322 τὸ
717 5266 1062 5337 κατὰλειμμα
1098 5265 1191 5318 τοῦ
1238 5261 1435 5328 παντὸς
1466 5263 1646 5326 ἔθνους
1671 5264 1767 5320 αὺ-

229 5357 340 5423 τῶν,
362 5363 640 5434 γενομένου
669 5361 744 5424 ὠς
775 5361 807 5430 ἡ
846 5359 1025 5429 ἅμμος
1066 5358 1166 5428 τῆς
1217 5355 1510 5427 θαλάσσης,
1547 5355 1661 5408 ἀλλ’
1701 5357 1762 5407 οὐ

235 5451 352 5504 κατὰ
375 5453 438 5506 τὰ
459 5453 630 5525 ἄστρα
653 5453 748 5505 τοῦ
769 5449 1019 5520 ούρανοῦ,
1041 5451 1137 5520 τῆς
1159 5449 1308 5520 παρὰ
1327 5447 1403 5519 τῷ
1433 5447 1550 5518 Θεῷ
1590 5464 1768 5518 σωτηιι

242 5539 337 5606 pla;
381 5543 600 5617 ἠξιώθη,
635 5541 926 5613 ὼσπεροῦν
961 5539 1336 5612 ἐμαρτύρησεν
1364 5540 1393 5590 ό
1425 5537 1762 5601 Ἀπόστολος,

239 5631 391 5687 εῑταῦν·
425 5657 441 5688 ι
483 5634 791 5698 Ἠσαῖαςδὲ
829 5629 1020 5702 κράζει
1058 5631 1196 5702 ὑπὲρ
1237 5629 1329 5684 τοῦ
1385 5629 1620 5704 Ἰσραὴλ,
1672 5628 1766 5682 εὰν

1345 5808 1387 5838 ³⁸
1421 5805 1522 5864 Isa.
1563 5822 1679 5872 vm,
1717 5805 1767 5860 ὁ.

285 5813 434 5876 “In.
473 5836 525 5886 ι,
561 5817 757 5872 17-25.
842 5811 890 5841 δ’
917 5809 1018 5866 Isa.
1054 5826 1149 5874 vn,
1181 5809 1265 5864 Η.

1864 592 2024 636 erunt
2051 581 2382 638 confidentes
2414 584 2468 637 in
2506 581 2613 636 Deo
2641 594 2831 640 sancto
2858 584 3020 641 Israel
3051 587 3106 642 in
3157 589 3382 644 veritate
3406 609 3420 622 ·

1864 683 1916 727 et
1946 682 2295 728 convertetur
2324 675 2467 742 quod
2506 675 2772 745 reliquum
2825 676 2985 732 fuerit
3031 694 3095 734 ex
3134 679 3320 746 Israel,
3355 681 3421 734 ad

1865 761 2031 818 Deum
2065 762 2258 819 fortem
2298 772 2390 819 :et
2424 765 2471 818 si
2508 764 2668 818 fuerit
2699 782 2959 823 numerus
2997 768 3228 823 filiorum
3256 769 3421 826 Israel

1863 853 2006 908 sicut
2031 869 2195 908 arena
2225 855 2412 919 maris,
2438 855 2680 924 reliquia:
2709 871 2894 911 eorum
2930 859 3090 914 salvae
3125 859 3274 915 fient.
3297 859 3423 915 Ver-

1865 943 1992 997 bum
2014 944 2160 998 enim
2190 945 2282 1014 qui
2313 944 2546 1015 perlicit,
2576 953 2631 1000 et
2663 947 2758 1016 qui
2779 949 3052 1002 contrahit
3082 951 3135 1003 in
3167 950 3420 1020 justitia;

1863 1035 2120 1104 quoniam
2153 1036 2380 1092 verbum
2419 1039 2751 1094 contractius
2800 1038 2961 1094 faciet
3007 1041 3147 1097 Deus
3192 1044 3248 1098 in
3291 1043 3423 1101 orbe

1864 1134 2023 1182 terra:
2056 1128 2312 1183 universo
2332 1129 2399 1183 ".
2442 1149 2460 1181 ι
2495 1129 2591 1185 ilic
2634 1147 2850 1201 quoque
2888 1135 3124 1196 attende,
3167 1135 3295 1189 dum
3325 1138 3424 1191 tri-

1864 1217 1967 1271 stia
1981 1219 2280 1284 minitatur,
2301 1222 2753 1290 quemadmodum
2775 1241 2794 1275 ι
2816 1226 2940 1290 erit,
2963 1246 2985 1276 ι
3009 1226 3201 1296 inquit,
3224 1227 3314 1296 qui
3337 1228 3423 1281 fu-

1862 1311 1972 1379 giet
2003 1320 2257 1382 tanquam
2292 1313 2502 1384 fugiens
2528 1329 2558 1368 a
2589 1313 2802 1369 ﬂamma
2835 1315 3058 1372 ardente
3090 1335 3103 1370 :
3134 1326 3188 1371 et
3220 1319 3312 1388 qui
3337 1335 3424 1375 re.

1863 1404 1996 1473 liqui
2023 1404 2224 1459 fuerint
2259 1421 2324 1460 ex
2356 1407 2483 1472 illis,
2518 1422 2779 1462 numerus
2816 1416 2975 1461 erunt
3003 1427 3015 1461 :
3045 1417 3099 1462 et
3143 1425 3277 1478 puer
3299 1423 3426 1480 par-

1863 1497 2021 1550 vulus
2053 1497 2252 1552 scribet
2273 1511 2389 1561 eos,
2428 1516 2448 1549 ι
2475 1499 2673 1568 quibus
2705 1513 2836 1552 sane
2871 1498 3072 1560 verbis,
3095 1501 3422 1569 paucitatem

1862 1603 2074 1653 eorum,
2105 1589 2279 1659 quiex
2310 1590 2511 1660 populo
2528 1589 2975 1647 Circumcisionis
3002 1593 3277 1648 interitum
3311 1594 3424 1649 sint

1862 1681 2103 1744 evasuri,
2131 1696 2238 1735 una
2273 1695 2396 1734 cum
2428 1682 2581 1737 urbis
2624 1680 2963 1738 Hierusalem
3009 1684 3282 1750 incendio,
3322 1701 3424 1742 no-

1862 1772 1946 1827 bis
1967 1773 2223 1829 ostendit.
2257 1793 2276 1826 ι
2323 1772 2389 1826 lli
2414 1788 2563 1837 vero,
2612 1775 2808 1844 inquit,
2855 1776 2947 1845 qui
2977 1776 3168 1845 reliqui
3199 1775 3420 1841 fuerint,

1788 1861 1830 1916 Β
1859 1881 2120 1921 numerus
2149 1877 2328 1932 erunt,
2361 1886 2380 1918 ι
2407 1867 2510 1920 hoc
2541 1874 2645 1931 est,
2681 1883 2788 1921 non
2817 1867 2998 1937 plures
3029 1883 3191 1939 quam
3230 1877 3287 1923 ut
3319 1886 3422 1924 nu-

1861 1974 2012 2014 mero
2072 1958 2458 2029 comprehendi
2511 1961 2754 2029 possint:
2795 1967 2981 2030 utpote
3022 1963 3114 2031 qui
3156 1971 3208 2016 et
3239 1965 3418 2032 pauci.

1859 2056 1913 2103 et
1935 2048 2091 2103 facile
2123 2051 2487 2104 numerabiles
2513 2051 2679 2104 futuri
2712 2051 2819 2106 sint
2851 2067 2994 2105 :non
3028 2053 3212 2122 plures
3260 2055 3424 2124 igitur

1859 2143 2208 2205 exstiterunt,
2231 2143 2497 2197 duntaxat
2527 2145 2794 2200 universae
2835 2143 3142 2200 δυόωσι-ηαξ
3178 2149 3420 2202 multitu-

1861 2233 1974 2286 dini
2008 2234 2327 2303 comparati,
2359 2234 2452 2302 qui
2485 2234 2538 2286 in
2564 2232 2900 2288 Salvatorem
2929 2244 2983 2288 et
3008 2233 3294 2290 Dominum
3321 2251 3421 2292 no-

1861 2335 2035 2381 strum
2081 2325 2443 2390 crediderunt,
2479 2328 2572 2396 qui
2607 2327 2824 2397 quidem
2867 2327 3029 2382 etiam
3077 2329 3222 2398 digni
3251 2330 3420 2386 habiti

1863 2417 1995 2482 sint,
2038 2418 2132 2487 qui
2175 2417 2244 2472 ab
2281 2433 2347 2473 eo
2386 2420 2716 2488 scripturam
2763 2421 3072 2490 acciperent
3112 2439 3126 2472 :
3159 2423 3421 2491 quemad-

1861 2509 2081 2563 modum
2137 2511 2300 2564 verba
2359 2511 2451 2564 illa
2512 2511 2916 2576 demonstrant,
2971 2529 2991 2563 ι
3048 2521 3102 2566 et
3158 2516 3420 2584 puerulus

1863 2601 2065 2656 scribet
2113 2617 2207 2657 eos
2251 2621 2265 2657 :
2318 2621 2338 2655 ι
2395 2602 2661 2671 siquidem
2730 2604 2880 2673 prius
2945 2614 3225 2661 ostensum
3300 2616 3417 2671 est,

1860 2697 2109 2763 quisnam
2167 2693 2254 2747 hic
2302 2702 2447 2749 esset
2498 2695 2794 2762 puerulus,
2866 2697 2956 2751 ubi
3021 2697 3226 2752 dictum
3272 2706 3355 2754 est
3402 2715 3416 2750 :

1861 2785 1965 2856 73
2030 2785 2168 2841 Ecce
2218 2785 2370 2858 virgo
2416 2785 2469 2840 in
2522 2793 2678 2841 utero
2726 2787 2976 2854 habebit,
3025 2795 3080 2843 et
3139 2790 3312 2859 pariet
3360 2791 3424 2844 fi-

1863 2879 1992 2931 lium
2023 2878 2111 2931 ὀε
2157 2896 2174 2928 ι
2209 2885 2262 2932 et
2298 2897 2316 2928 ‹
2357 2885 2644 2948 antequam
2698 2880 2837 2934 sciat
2890 2896 3025 2950 puer
3079 2896 3272 2937 vocare
3323 2896 3422 2952 pa-

1862 2979 2014 3033 trem,
2037 2979 2129 3024 aut
2150 2971 2436 3040 matrem."
2462 2990 2475 3024 :
2509 2991 2526 3022 ι
2557 2979 2612 3025 et
2635 2972 2889 3041 quoniam
2922 2973 3022 3026 hoc
3046 2973 3164 3028 loco
3185 2992 3204 3025 ι
3228 2989 3415 3043 puer,s

1863 3063 2054 3132 inquit,
2093 3081 2111 3113 ι
2155 3062 2356 3116 scribet
2383 3077 2508 3128 eos,
2553 3081 2571 3114 ι
2625 3063 2819 3117 mcrito
2847 3063 2899 3116 in
2934 3064 3305 3134 superioribus
3335 3065 3420 3119 di-

1861 3155 2059 3209 cebat:
2105 3173 2124 3205 ι
2166 3153 2231 3208 Et
2260 3155 2366 3208 erit
2393 3153 2538 3225 quod
2579 3155 2845 3224 reliquum
2889 3155 3050 3210 fuerit
3085 3157 3138 3210 in
3165 3155 3423 3212 Hierusa-

1861 3246 1986 3308 lem,
2014 3247 2186 3302 sancti
2215 3245 2553 3300 vocabuntur
2581 3261 2805 3310 omnes,
2845 3249 2936 3318 qui
2970 3248 3156 3316 scripti
3189 3257 3314 3304 sunt
3351 3248 3420 3303 ad

1859 3338 2024 3391 vitam
2046 3339 2112 3392 ".
2152 3357 2170 3389 ι
2204 3336 2345 3408 Ergo
2371 3343 2429 3390 ut
2463 3337 2573 3391 illic
2624 3339 2888 3408 reliquum
2936 3340 3268 3393 nominatum
3293 3347 3420 3408 est,

1861 3429 2056 3498 bicque
2090 3429 2192 3499 ipsi
2221 3437 2410 3495 erant,
2461 3449 2481 3481 ι
2517 3431 2608 3500 qui
2647 3431 2833 3500 scripti
2863 3441 2991 3486 sunt
3039 3433 3107 3486 ad
3139 3432 3342 3486 vitam:
3392 3449 3415 3484 ι

1860 3523 1932 3573 ita
1957 3520 2117 3574 etiam
2145 3520 2252 3584 hic,
2283 3538 2301 3570 ι
2341 3520 2433 3589 qui
2463 3521 2654 3589 reliqui
2687 3521 2886 3576 fuerint
2911 3538 2974 3575 ex
3004 3522 3084 3577 eis
3103 3561 3118 3586 ,
3159 3537 3419 3577 numerus

1859 3620 2040 3676 erunt,
2070 3619 2124 3667 et
2155 3612 2413 3680 puerulus
2449 3613 2648 3666 scribet
2681 3629 2796 3668 eos.
2841 3632 2859 3664 ι
2893 3612 3005 3667 Iloc
3036 3628 3200 3684 porro
3241 3615 3418 3684 ipsum

1866 3722 1883 3753 ι
1921 3702 2063 3771 quod
2090 3704 2334 3757 relictum
2364 3703 2524 3757 fuerit
2561 3719 2624 3758 ex
2654 3703 2854 3770 Israel,
2893 3713 2947 3758 et
2973 3705 3066 3773 qui
3109 3705 3306 3760 servati
3351 3719 3420 3758 ex

1859 3793 2048 3856 Jacob,
2080 3810 2187 3848 non
2213 3795 2373 3860 ultra,
2401 3815 2418 3846 ι
2441 3795 2631 3866 inquit,
2669 3813 2687 3846 ι
2728 3794 2780 3848 in
2813 3795 2892 3849 eis
2923 3795 3014 3864 qui
3045 3794 3192 3864 ipsos
3222 3794 3419 3864 injuria

1861 3884 2164 3951 affecerint,
2225 3885 2321 3940 sed
2377 3889 2433 3940 in
2478 3887 2586 3942 Deo
2638 3895 2828 3940 sancto
2878 3884 3038 3940 Israel
3086 3886 3420 3942 confidentes

1859 3983 2018 4032 erunt
2049 3997 2061 4030 :
2108 3997 2125 4029 ι
2161 3985 2215 4032 et
2252 3992 2383 4032 sane
2410 3978 2523 4047 jam
2558 3986 2760 4047 specta,
2789 3987 2968 4031 utrum
3016 3979 3132 4049 ipsa
3161 3977 3261 4032 hac
3289 3993 3420 4032 con—

1861 4069 2079 4124 ﬁdentia
2111 4068 2170 4132 ii,
2195 4069 2289 4138 qui
2321 4085 2385 4121 ex
2428 4066 2652 4123 Iudaica
2703 4078 2862 4138 gente
2904 4067 3126 4140 profecti
3161 4077 3325 4133 sunt,
3367 4075 3423 4124 et

1861 4158 1952 4228 qui
1992 4157 2059 4211 de
2085 4156 2241 4210 ruina
2274 4155 2438 4211 israel
2459 4155 2632 4211 relicti
2662 4163 2788 4209 sunt
2817 4156 3069 4226 discipuli
3098 4164 3153 4210 et
3192 4157 3423 4226 apostoli

1863 4249 2158 4304 Salvatoris
2200 4249 2394 4313 nostri,
2426 4247 2558 4302 nihil
2601 4248 2986 4302 aastimaverint
3017 4247 3287 4317 principes
3317 4261 3423 4301 saa-

1861 4341 1970 4394 culi
2007 4341 2189 4408 hujus,
2230 4355 2325 4394 seu
2373 4339 2641 4408 principes
2664 4335 2895 4402 Judaici,
2929 4340 3017 4408 qui
3046 4339 3174 4392 olim
3222 4339 3420 4408 injuria

1861 4446 1955 4486 eos
1983 4431 2305 4493 afﬁciebant,
2347 4436 2400 4484 et
2430 4429 2509 4484 sic
2559 4429 2611 4482 in
2647 4445 2834 4485 omnes
2885 4441 3070 4499 gentes
3104 4440 3423 4498 penetrave—

1863 4526 1991 4587 rint,
2023 4521 2298 4576 Christum
2325 4521 2546 4575 verbum
2583 4521 2956 4592 praedicantes,
2998 4535 3068 4573 an
3113 4532 3240 4572 vero
3285 4517 3421 4570 nihil

1864 4615 2058 4669 horum
2104 4614 2220 4669 ausi
2263 4614 2392 4676 sint,
2423 4621 2586 4682 atque
2635 4620 2813 4671 utrum
2859 4612 3042 4666 eadem
3091 4625 3215 4680 erga
3253 4608 3420 4664 Deum

1863 4707 2190 4762 confidentia
2221 4708 2388 4776 (nam.
2421 4713 2481 4760 ut
2509 4705 2792 4778 prophetia
2822 4704 3001 4766 habet,
3032 4720 3050 4753 ι
3088 4700 3421 4755 confidentes

1864 4808 2018 4855 erant
2050 4800 2104 4854 in
2135 4798 2244 4854 Deo
2289 4805 2478 4855 sancto
2512 4799 2674 4854 Israel
2708 4798 2760 4850 in
2792 4795 3038 4851 veritate.
3075 4812 3093 4844 ›
3128 4791 3246 4848 Non
3275 4791 3418 4845 enim

1865 4892 2090 4947 subdole
2127 4901 2220 4946 aut
2245 4891 2496 4946 simulate
2518 4932 2534 4960 ,
2581 4889 2673 4945 sed
2708 4903 2832 4945 vere
2865 4895 3007 4943 totos
3057 4886 3265 4957 seipsos
3304 4883 3421 4954 spei

1864 4983 2216 5046 dediderant;
2270 4998 2378 5038 non
2425 4983 2598 5038 solum
2655 4981 2723 5035 de
2775 4994 2872 5034 sua
2924 4978 3140 5049 regione
3194 4973 3423 5046 profecti

1866 5076 1990 5140 sint,
2027 5090 2212 5130 verum
2253 5074 2304 5128 id
2341 5075 2486 5145 quod
2516 5073 2648 5144 ipsis
2700 5072 3032 5142 propositum
3066 5070 3279 5133 fuerat,
3327 5064 3426 5121 ab-

1865 5167 2008 5223 unde
2037 5167 2380 5237 perfecerint,
2409 5182 2476 5221 an
2501 5181 2630 5220 non.
2664 5163 2863 5233 Nempe
2886 5163 2988 5217 hoc
3019 5163 3198 5231 ipsum
3227 5172 3422 5213 rursus

1865 5259 1918 5313 id
1949 5259 2119 5314 fuisse
2159 5258 2424 5321 invenies,
2454 5256 2599 5328 quod
2645 5255 2894 5311 relictum
2927 5263 3010 5309 est
3036 5251 3193 5322 quasi
3237 5263 3424 5306 semen

1865 5351 2038 5405 ruinae
2061 5349 2230 5405 Jacob
2257 5390 2273 5415 ,
2331 5351 2386 5404 in
2421 5349 2528 5404 Deo
2563 5347 2688 5401 forti
2730 5346 3044 5401 confidens:
3106 5351 3266 5413 atque
3294 5343 3425 5395 item

1864 5442 1967 5496 hoc
2017 5441 2192 5513 ipsum
2242 5442 2508 5496 universae
2555 5441 2674 5508 ejus
2723 5437 2898 5504 gentis
2943 5434 3215 5491 residuum
3274 5433 3427 5501 (qua

1867 5535 2082 5605 quidem
2113 5549 2244 5603 gens
2273 5551 2290 5585 ι
2314 5531 2474 5588 fuerit
2492 5531 2644 5602 quasi
2665 5543 2828 5586 arena
2854 5528 3042 5591 maris,
3081 5546 3098 5580 ι
3135 5539 3242 5580 non
3267 5523 3424 5594 quasi

1868 5627 2035 5684 stella:
2065 5625 2209 5696 caeli)
2237 5625 2459 5698 dignum
2480 5665 2486 5670 -
2507 5624 2750 5680 habitum
2776 5636 2918 5688 esse,
2944 5619 3033 5676 cui
3079 5619 3226 5676 salus
3253 5630 3287 5670 a
3318 5612 3432 5668 Deo

1847 5803 1890 5836 ι’
1932 5802 2034 5859 lsa.
2068 5818 2142 5866 iv.
2166 5800 2218 5856 3.
