3942 6258
529 364 630 422 MS

1158 360 1241 414 Εἰ]
1254 357 1421 413 SEBII
1452 353 1934 411 CAESARIENSlS
1970 351 2099 407 OPP

2210 349 2343 405 ARS
2379 349 2441 405 ll.
2481 380 2548 389 —
2589 347 3090 403 APOLOCETICA.

3676 347 3784 401 ιιι

520 480 946 543 condonaretur,
997 476 1138 531 sicut
1178 475 1408 530 aﬂirmat
1453 473 1782 546 Apostolus,
1835 471 1926 525 ubi
1965 470 2087 524 ait:

2210 465 2277 540 56
2302 465 2531 538 ἀριθμὸς
2566 463 2675 517 τῶν
2726 463 2855 517 υἱῶν
2914 461 3128 534 Ἰσραὴλ
3160 461 3235 523 ὡς
3266 461 3300 531 ὴ
3332 459 3514 530 ἄμμος
3548 457 3651 528 τῆς
3685 456 3787 512 θα-

528 590 547 625 ι
587 569 758 626 Isaias
788 578 970 625 autem
997 569 1198 623 clamat
1219 580 1317 638 pro
1349 565 1536 631 lsrael,
1561 564 1608 620 si
1640 563 1804 619 fuerit
1832 576 2094 617 numerus

521 660 755 717 filiorum
778 659 939 716 Israel
970 658 1110 715 sicut
1135 672 1300 712 arena
1328 658 1515 718 maris,
1539 656 1778 726 reliquiae
1794 654 1955 708 salva:
1973 652 2098 707 [ient

520 752 590 807 ³³.
635 772 654 804 ι
691 750 825 805 Nam
853 764 976 805 cum
1014 749 1122 804 duo
1151 749 1260 806 sint
1304 763 1425 820 quae
1447 747 1678 802 Abrahae
1705 745 1846 800 Deus
1869 759 2096 815 respon-

522 843 659 902 dens
684 842 931 913 promisit
951 840 1018 897 de
1054 841 1141 905 iis,
1164 840 1257 910 qui
1292 838 1473 894 abillo
1505 838 1699 893 orituri
1729 844 1904 895 erant,
1929 850 2094 890 unum

522 937 740 1007 quidem
764 934 907 1004 quod
931 933 1097 988 futuri
1125 943 1309 988 essent
1334 932 1476 987 sicut
1500 931 1667 987 stellae
1696 928 1842 994 coeli,
1869 928 2094 982 alterum

523 1044 654 1084 vero
682 1026 827 1096 quod
862 1032 1122 1095 tanquam
1147 1037 1312 1078 arena
1342 1021 1509 1076 maris
1529 1062 1543 1084 ,
1584 1020 1675 1075 Dei
1711 1017 1929 1089 quidem
1962 1017 2098 1073 ami—

526 1120 600 1183 ci,
635 1119 822 1189 quales
847 1117 1067 1173 fuerunt
1100 1116 1176 1170 illi
1201 1122 1434 1178 veteres,
1467 1124 1519 1171 et
1568 1113 1864 1183 prophetat,
1891 1120 1945 1167 et
1977 1109 2096 1165 Sal-

525 1209 730 1264 vatoris
760 1208 931 1264 nostri
959 1207 1188 1277 apostoli
1216 1247 1232 1272 ,
1283 1205 1485 1275 quibus
1526 1204 1641 1273 ipse
1676 1203 1807 1257 illud
1852 1203 2098 1259 testimo-

527 1301 677 1355 nium
708 1299 969 1363 exhibuit,
1011 1317 1028 1349 ι
1069 1313 1166 1353 vos
1193 1297 1328 1352 estis
1379 1296 1471 1349 lux
1499 1295 1683 1349 mundi
1724 1295 1791 1359 εδ,
1827 1314 1844 1345 ι
1881 1293 2099 1348 lumini-

528 1395 632 1450 bus
660 1393 978 1449 cmlestibus
1012 1392 1129 1462 ipso
1168 1389 1458 1460 splendore
1508 1393 1936 1458 comparantur:
1971 1386 2098 1440 reli-

525 1488 619 1560 qui
648 1501 799 1553 vero,
825 1485 1024 1540 terreni
1074 1480 1324 1547 scilicet,
1374 1491 1538 1554 atque
1592 1482 1646 1535 in
1701 1480 1927 1534 humum
1976 1493 2100 1548 spe-

527 1587 759 1643 ctantes,
790 1592 969 1632 arenae
1018 1574 1226 1631 similes
1272 1576 1559 1631 habentur.
1627 1570 1863 1627 Proinde
1906 1570 2099 1627 merito

533 1673 623 1728 ubi
648 1680 758 1725 tota
785 1667 1074 1724 multitudo
1109 1666 1341 1722 ﬁliorum
1378 1665 1577 1727 Israel,
1613 1677 1735 1733 quae
1763 1678 1794 1717 a
1839 1661 2101 1734 dignitate

531 1779 631 1821 sua
661 1762 769 1836 74
798 1770 853 1817 et
901 1776 929 1814 a
966 1758 1184 1815 virtutis
1234 1755 1638 1828 magniﬁcentia
1693 1767 1885 1810 casura
1940 1760 2097 1815 erat,

2196 563 2424 631 λάσσης,
2471 559 2532 612 τὸ
2585 559 2933 629 κατάλειμμα
2983 557 3303 628 σωθήσεται.
3357 573 3376 607 ι
3406 553 3511 607 Δύο
3556 555 3670 623 γάρ
3697 571 3786 608 τοι

2196 651 2533 722 ἐπαγγελιῶν
2572 650 2661 704 διὰ
2704 649 2798 703 τοῦ
2824 647 3071 720 χρησμοῦ
3099 646 3174 717 τῷ
3208 645 3456 717 Ἀϐραὰμ
3479 643 3785 717 δεδομένων

2199 744 2454 817 περὶτῶν
2481 742 2537 810 ἐξ
2560 742 2722 796 αὑτοῦ
2747 742 3143 812 γενησομένων,
3164 738 3238 803 ὡς
3264 737 3369 809 ἄρα
3401 737 3611 790 ἔσονται
3635 735 3788 791 κατά

2196 837 2264 891 τὰ
2302 837 2476 908 ἄστρα
2506 836 2600 889 τοῦ
2627 834 2879 907 οὐρανοῦ,
2919 833 3015 887 καὶ
3046 831 3188 885 κατά
3213 831 3313 903 τὴν
3342 831 3524 901 ἄμμον
3551 829 3656 901 τῆς
3685 828 3785 883 θα-

2198 926 2423 997 λάσσης,
2458 927 2566 980 τῶν
2615 927 2711 997 μὲν
2759 923 3021 994 θεοφιλῶν
3073 922 3396 993 λαμπόντων
3434 921 3637 992 ὁμοίως
3666 923 3784 985 τοῖς

2198 1016 2466 1089 οὐρανίοις
2502 1017 2833 1088 φωστῆρσιν,
2880 1008 2984 1068 οἷοι
3038 1009 3179 1084 ἦσαν
3213 1014 3262 1066 oi
3288 1011 3453 1066 πάλαι
3478 1012 3781 1084 προφῆται,

2198 1111 2293 1164 καὶ
2314 1111 2363 1162 οἱ
2396 1108 2490 1163 τοῦ
2525 1109 2777 1181 Σωτῆρος
2806 1107 2960 1179 ἡμῶν
2983 1106 3291 1168 ἀπόστολοι,
3351 1102 3433 1170 οἷς
3458 1106 3781 1177 ἐμαρτύρη-

2202 1219 2291 1255 σεν
2321 1200 2508 1255 εἰπών·
2541 1221 2559 1253 ι
2597 1201 2790 1271 Ὑμεῖς
2812 1201 2933 1253 ἐστέ
2955 1199 3015 1252 τὸ
3039 1199 3153 1269 φῶς
3180 1197 3275 1251 τοῦ
3297 1198 3520 1269 κόσμου·
3552 1216 3571 1248 ι
3593 1195 3707 1249 τῶν
3726 1196 3781 1248 δὲ

2199 1292 2445 1362 γηγενῶν
2490 1293 2585 1346 καὶ
2623 1291 2979 1363 χαμαιπετῶν
3023 1292 3191 1361 ἄμμῳ
3218 1290 3321 1360 γῆς
3356 1288 3780 1360 παραβαλλομέ-

2201 1402 2323 1438 νων·
2360 1385 2581 1449 εἰκότως
2612 1387 2669 1438 ἐν
2695 1384 2904 1447 τούτοις
2923 1385 2953 1434 6
2993 1384 3325 1456 προφητικὸς
3347 1382 3523 1451 λόγος,
3548 1381 3693 1435 ὲπάν
3722 1380 3785 1433 τὸ

2203 1477 2309 1530 πᾶν
2358 1477 2561 1548 πλῆθος
2608 1476 2715 1530 τῶν
2758 1477 2888 1530 υἱῶν
2955 1476 3170 1548 Ἰσραὴλ
3214 1475 3617 1546 ὲκπεσούμενον
3685 1474 3782 1545 τῆς

2200 1569 2357 1635 ἀξίας
2381 1572 2474 1625 καὶ
2501 1569 2595 1623 τοῦ
2639 1567 3013 1640 μεγαλοφυοῦς
3040 1570 3138 1639 τῆς
3169 1568 3388 1640 ἀρετῆς,
3419 1568 3537 1621 ὅλον
3564 1566 3634 1619 δι’
3660 1566 3783 1620 ὅλου

2201 1663 2532 1735 χαμαιπετὲς
2574 1661 2861 1732 γενόμενον
2904 1659 3227 1731 παραϐληθῇ
3255 1661 3321 1730 τῇ
3348 1659 3515 1731 ἄμμῳ
3551 1657 3656 1730 τῆς
3686 1657 3782 1711 θαο

2202 1755 2424 1825 λάσσης,
2455 1754 2573 1807 τότε
2598 1752 2660 1824 δὴ
2690 1753 2750 1806 τὸ
2781 1751 3130 1822 κατάλειμμα
3154 1749 3333 1804 αὐτῶν
3364 1753 3521 1821 μόνον
3549 1749 3782 1821 σωθήσε-

530 1856 891 1925 undecunque
934 1860 1186 1923 spectans
1228 1849 1284 1904 in
1314 1857 1543 1912 terram,
1597 1853 1658 1901 ut
1689 1859 1871 1901 sermo
1906 1844 1975 1899 de
2023 1844 2104 1900 bis

2210 1863 2319 1912 ται,
2352 1846 2479 1918 περὶ
2515 1841 2576 1900 οὗ
2610 1844 3049 1915 καταλείμματος
3084 1842 3310 1896 πλεῖστα
3348 1844 3479 1913 ἡμῖν
3498 1842 3777 1911 γεγύμνα-

531 1950 880 2021 propheticus
924 1945 1107 2010 habet,
1138 1958 1314 1998 arenae
1343 1940 1510 1997 maris
1550 1945 1864 2008 comparata
1896 1936 2057 1991 fuerit
2085 1956 2096 1989 :

534 2054 645 2097 tum
676 2041 926 2097 videlicet
969 2052 1156 2094 eorum
1189 2035 1429 2104 reliquiae
1457 2033 1723 2087 duntaxat
1755 2030 1917 2086 salvae
1951 2028 2102 2093 ﬁent,

532 2135 598 2190 de
621 2134 818 2204 quibus
845 2146 977 2186 sane
1005 2128 1250 2199 reliquiis
1274 2127 1565 2198 plurimum
1603 2131 1687 2180 est
1730 2137 1760 2175 a
1791 2122 1949 2176 nobis
1992 2121 2100 2176 ela-

533 2225 777 2279 boratum
812 2241 824 2275 :
868 2229 1030 2291 atque
1054 2220 1167 2273 haec
1202 2218 1380 2272 futura
1405 2230 1527 2271 esse
1553 2214 1706 2278 dicit,
1739 2213 1833 2269 ubi
1864 2213 1979 2283 ipse
2002 2210 2105 2264 Do-

534 2316 715 2370 minus
734 2312 1065 2370 contrabens
1114 2317 1168 2365 et
1195 2308 1514 2378 perliciens.
1555 2305 1772 2361 verbum
1801 2318 1898 2373 per
1930 2308 2103 2356 totum

534 2416 801 2461 terrarum
846 2403 1036 2458 orbem
1090 2401 1305 2463 fecerit,
1352 2399 1432 2454 sic
1489 2399 1675 2468 utique
1728 2395 2102 2465 Evangelicam

534 2495 971 2568 praedicationem
998 2493 1285 2563 perspicue
1318 2489 1665 2561 signiﬁcans.
1720 2488 1774 2541 in
1805 2504 1912 2558 qua
1953 2484 2102 2541 omni

538 2587 773 2642 Mosaico
800 2584 1002 2639 ambitu
1030 2583 1264 2642 sublato.
1296 2582 1388 2652 qui
1441 2578 1801 2651 imaginibus,
1825 2588 1876 2633 et
1905 2578 2099 2647 signis,

2206 1950 2347 1989 σται.
2378 1933 2561 1987 Ταῦτα
2596 1932 2654 1987 δέ
2682 1950 2845 2003 φησιν
2899 1930 3139 1993 ἔσεσθαι,
3177 1930 3315 1985 ἐπάν
3340 1932 3500 1995 αὐτὸς
3528 1933 3557 1987 6
3580 1931 3782 2005 Κύριος

2207 2025 2512 2096 συντέμνων
2541 2027 2634 2081 καὶ
2660 2025 2946 2086 συντελῶν,
2974 2025 3129 2093 λόγον
3158 2024 3279 2078 καθ’
3306 2024 3435 2097 ὅλης
3469 2025 3572 2095 τῆς
3609 2028 3780 2080 οίκουο

2209 2112 2373 2190 μένης
2397 2121 2630 2190 ποιήσει,
2654 2118 2897 2189 ἐναργῶς
2920 2118 2982 2170 τὸ
3010 2116 3361 2187 εύαγγελικδν
3396 2116 3669 2188 παριστὰς
3695 2118 3781 2189 κή-

2212 2225 2414 2280 ρυγμα,
2443 2209 2499 2261 ἐν
2524 2203 2589 2277 ᾧ,
2612 2209 2791 2278 πάσης
2811 2207 2912 2278 τῆς
2937 2207 3080 2261 κατά
3109 2207 3315 2261 Μωσὲα
3340 2205 3594 2279 περιόδου
3632 2207 3691 2258 ἐν
3708 2208 3779 2259 εί·

2209 2299 2328 2354 κόσι
2357 2300 2449 2353 καὶ
2491 2300 2776 2372 συμϐόλοις
2815 2299 2911 2353 καὶ
2952 2302 3286 2370 σωματικαῖς
3332 2298 3651 2371 θρησκείαις
3690 2312 3779 2350 πε-

2213 2392 2595 2465 ριαιρεθείσης,
2643 2395 2673 2446 ὁ
2704 2392 2963 2463 σύντομος
2999 2391 3092 2444 τοῦ
3132 2390 3462 2460 Εὐαγγελίου
3490 2389 3671 2459 λόγος.
3703 2391 3778 2453 είς

2210 2484 2418 2549 πάντας
2451 2483 2768 2553 ἀνθρώπους
2805 2482 3150 2553 παραδοθεὶς,
3180 2482 3279 2552 τῆς
3318 2481 3658 2552 προφητείας
3684 2480 3780 2550 τὴν

2209 2577 2460 2649 ἀλήθειαν
2492 2576 2840 2630 ἐπιστώσατο.

532 2683 591 2734 et
628 2673 1001 2745 corporalibus
1056 2671 1465 2727 adorationibus
1532 2653 1851 2729 constabat,
1905 2669 2169 2724 brevitate
2222 2669 2506 2740 prazditum
2567 2668 2843 2740 Evangelii
2890 2669 3120 2724 verbum
3184 2668 3239 2721 in
3290 2682 3481 2722 omnes
3537 2667 3777 2722 homines

534 2770 815 2830 emissum,
855 2762 1154 2837 prOphettté
1180 2766 1465 2820 veritatem
1498 2762 1893 2833 comprobavit.

610 2882 745 2936 XLI.
784 2880 851 2935 Et
880 2882 984 2936 erit
1015 2880 1068 2934 in
1092 2879 1179 2935 die
1206 2880 1317 2944 illa,
1349 2878 1502 2933 radix
1526 2877 1700 2942 Jesse,
1723 2886 1779 2933 et
1803 2879 1896 2949 qui
1923 2884 2107 2948 surget

540 2974 807 3043 imperare
835 2970 1086 3043 gentibus
1105 3010 1120 3035 ,
1163 2969 1220 3024 in
1246 2984 1312 3025 eo
1337 2978 1526 3040 gentes
1557 2969 1855 3040 sperabunt
1879 2988 1892 3023 :
1923 2978 1976 3024 et
2002 2968 2108 3023 erit

539 3064 756 3136 requies
784 3064 839 3118 in
868 3063 1094 3118 honore.
1120 3060 1185 3115 Et
1207 3061 1311 3116 erit
1334 3059 1389 3115 in
1413 3060 1503 3116 die
1532 3060 1645 3124 illa,
1679 3059 1895 3132 adiiciet
1918 3060 2104 3117 Domi-

539 3175 645 3215 nus
695 3159 1069 3212 demonstrare
1109 3169 1329 3209 manum
1361 3168 1515 3209 suam
1541 3154 1607 3208 ad
1640 3153 2025 3219 aemulandum,
2052 3163 2106 3210 et

539 3248 890 3321 quaerendum
911 3246 1058 3318 quod
1091 3246 1413 3303 remanserit
1467 3246 1735 3317 reliquum
1766 3247 1951 3317 populi
1990 3247 2106 3310 sui,

540 3342 904 3413 quodcunque
950 3341 1197 3395 relictum
1262 3339 1425 3395 fuerit
1482 3340 1550 3394 ab
1605 3339 1887 3411 Assyriis,
1932 3347 1986 3396 et
2043 3340 2111 3394 ab

540 3434 800 3506 JEgypto,
832 3443 890 3489 et
916 3448 946 3487 a
979 3432 1297 3504 Babylonia,
1322 3440 1377 3489 et
1398 3433 1468 3488 ab
1488 3430 1786 3503 Ethiopia,
1816 3442 1871 3488 et
1900 3433 1968 3488 ab
1997 3431 2114 3487 Ela-

541 3526 711 3589 mitis,
742 3535 794 3581 et
824 3540 854 3579 a
889 3525 1023 3583 solis
1052 3535 1206 3592 ortu,
1250 3532 1304 3580 et
1338 3526 1409 3580 ab
1439 3518 1834 3581 insulis’maris
1862 3544 1874 3577 :
1908 3532 1963 3579 et
2011 3540 2109 3579 ex-

542 3617 695 3673 tollet
716 3616 930 3688 signum
961 3617 1013 3671 in
1048 3628 1234 3687 gentes
1254 3656 1271 3682 ,
1318 3625 1372 3671 et
1400 3616 1677 3687 dispersos
1703 3616 1840 3671 Juda
1885 3631 2113 3687 congre-

542 3709 690 3779 gabit
723 3719 754 3762 ιι
782 3716 1016 3779 quatuor
1043 3708 1146 3764 alis
1172 3716 1331 3763 terrae
1352 3710 1419 3762 ⁵⁸.
1468 3728 1486 3762 ι
1521 3708 1656 3764 Cum
1695 3722 1837 3779 saepe
1860 3707 2108 3779 quzedam

544 3804 724 3856 l‘utura
749 3799 1002 3856 dicantur
1030 3801 1084 3855 in
1107 3800 1341 3870 quodam
1372 3800 1571 3871 insigni
1602 3800 1711 3864 die,
1753 3800 1857 3855 hoe
1888 3807 1992 3866 est,
2019 3801 2110 3855 ubi

545 3889 892 3946 manifestum
919 3901 1133 3960 tempus
1178 3890 1484 3956 advenerit,
1541 3902 1643 3946 nos
1695 3891 2110 3947 ratiocinatione

544 3985 881 4054 colligentes,
915 3982 1105 4037 earum
1148 3997 1330 4036 rerum
1384 3996 1504 4051 quae
1533 3981 1945 4053 significentur,
1994 3983 2110 4038 exi-

544 4087 657 4129 tum
689 4076 742 4128 in
770 4076 948 4144 ipsum
990 4073 1083 4128 Dei
1109 4073 1396 4128 adventum
1438 4072 1681 4129 recidere
1711 4074 2110 4130 demonstravi-

544 4182 668 4221 mus
699 4185 711 4220 :
747 4165 800 4219 in
833 4180 943 4236 quo
970 4180 1098 4220 cum
1126 4163 1303 4219 omnis
1343 4162 1568 4218 Judaica
1617 4179 1750 4235 gens
1778 4180 1973 4221 casura
2021 4181 2109 4221 es-

545 4265 648 4321 set,
683 4270 885 4326 paucos
906 4254 1169 4325 quosdam
1207 4265 1480 4312 servatum
1513 4255 1604 4319 iri,
1652 4256 1746 4327 qui
1780 4272 1844 4311 ex
1882 4257 1990 4312 illis
2021 4272 2110 4313 re-

545 4347 826 4421 linquendi
859 4357 1056 4414 erant,
1106 4346 1288 4421 divina
1316 4348 1611 4403 ostendunt
1645 4350 1887 4403 oracula.
1940 4350 1991 4404 ls
2022 4358 2106 4405 ta-

545 4457 667 4498 men
696 4443 869 4506 locus,
897 4441 991 4512 qui
1018 4420 1163 4496 nunc
1191 4441 1244 4495 in
1261 4442 1512 4497 manibus
1537 4448 1638 4503 est,
1664 4450 1719 4497 et
1744 4443 1915 4512 ipsam
1939 4441 2104 4507 diem,

2281 2876 2413 2929 MA'.
2456 2893 2475 2926 ι
2523 2876 2631 2928 Kal
2658 2875 2809 2929 ἔσται
2847 2876 2906 2929 ἐν
2942 2879 3008 2948 τῇ
3048 2876 3231 2949 ἡμέρα
3262 2876 3502 2947 ἐκείνῃὴ
3538 2874 3670 2946 ῥίζα
3689 2873 3775 2929 τοῦ

2224 2968 2439 3030 Ἰεσσαὶ,
2464 2970 2558 3021 καὶ
2587 2970 2614 3020 ὁ
2641 2969 2995 3040 ἀνιστάμενος
3035 2972 3222 3044 ἄρχειν
3260 2970 3450 3035 ἐθνῶν,
3498 2972 3589 3023 ἐπ’
3637 2970 3775 3041 αὑτῷ

2211 3059 2335 3131 ἔθνη
2380 3059 2674 3126 ἐλπιοῦσιν,
2720 3062 2814 3117 καὶ
2851 3062 3001 3116 ἔσται
3034 3066 3066 3135 ἡ
3095 3063 3400 3127 ἀνάπαυσις
3433 3062 3601 3116 αὐτοῦ
3627 3064 3772 3134 τιμή.

2136 3200 2178 3259 C
2209 3152 2319 3205 Kal
2345 3151 2495 3205 ἔσται
2526 3155 2584 3205 ἐν
2615 3155 2681 3224 τῇ
2706 3154 2888 3226 ἡμέρᾳ
2911 3154 3111 3227 ἐκείνῃ,
3136 3154 3431 3227 προσθήσει
3466 3155 3667 3229 Κύριος
3688 3151 3773 3209 τοῦ

2212 3244 2380 3313 δείξαι
2402 3244 2501 3317 τὴν
2529 3249 2687 3319 χεῖρα
2718 3247 2903 3312 αὐτοῦ,
2937 3247 3029 3300 τοῦ
3064 3246 3304 3320 ζηλῶσαι
3344 3250 3438 3303 καὶ
3468 3248 3700 3321 ζητῆσαι
3721 3245 3778 3300 τδ

2213 3337 2567 3409 καταλειφθὲν
2610 3339 2897 3393 ὑπόλοιπον
2938 3339 3030 3393 τοῦ
3078 3323 3207 3393 λαοῦ
3251 3338 3436 3404 αὐτοῦ,
3464 3340 3493 3393 ὃ
3520 3339 3594 3394 ἂν
3624 3356 3775 3394 κατα-

2212 3428 2399 3501 λειφθῇ
2430 3430 2535 3483 ὑπὸ
2573 3429 2681 3483 τῶν
2738 3430 3055 3503 Ἀσσυρίων,
3086 3432 3180 3485 καὶ
3214 3432 3320 3485 ἀπὸ
3349 3432 3653 3502 Αἰγύπτου,
3690 3433 3774 3487 καὶ

2211 3521 2318 3574 ἀπὸ
2337 3522 2701 3585 Βαϐυλωνίας,
2736 3522 2829 3575 καὶ
2863 3522 2969 3576 ἀπὸ
3002 3522 3304 3588 Αἰθιοπίας,
3332 3526 3421 3579 καὶ
3458 3522 3771 3597 Ἑλαμιττῦν,

2211 3617 2303 3669 καὶ
2325 3616 2431 3669 ἀπὸ
2457 3617 2607 3688 ἡλίου
2634 3615 2925 3679 ἀνατολῶν,
2953 3617 3046 3670 καὶ
3073 3617 3181 3671 ἀπὸ
3210 3617 3318 3671 τῶν
3340 3619 3518 3689 νήσων
3551 3620 3651 3689 τῆς
3688 3616 3770 3669 θα-

2211 3706 2433 3776 λάσσης·
2457 3708 2549 3759 καὶ
2576 3708 2697 3777 ἀρεῖ
2724 3709 2947 3779 σημεῖον
2983 3708 3064 3771 είς
3096 3707 3164 3761 τά
3213 3707 3362 3781 ἔθνη,
3398 3710 3494 3762 καὶ
3540 3710 3663 3773 τοὺς
3695 3705 3767 3759 διο

2210 3799 2584 3871 ἐσπαρμένους
2624 3798 2791 3853 Ἰούδα
2816 3798 3027 3865 συνάξει
3052 3800 3116 3854 ἐκ
3138 3801 3246 3854 τῶν
3280 3803 3563 3876 τεσσάρων
3595 3797 3770 3872 πτερύ-

2211 3909 2321 3961 γων
2351 3894 2448 3964 τῆς
2483 3893 2604 3963 γῆς.
2637 3893 2900 3956 Πολλάκις
2920 3893 3080 3946 τινῶν
3109 3894 3414 3966 λεγομένων
3454 3895 3671 3949 ἔσεσθαι
3714 3892 3767 3944 ὲν

2210 3985 2462 4055 ἐπισήμῳ
2507 3984 2706 4056 ἡμέρᾳ,
2748 3985 3022 4037 τουτέστιν
3060 3987 3118 4038 ἐν
3148 3987 3433 4058 ἐπιφανείᾳ
3454 3989 3668 4059 χρόνου,
3690 3985 3766 4039 λο-

2209 4075 2392 4146 γισμῷ
2426 4078 2744 4144 συνάγοντες
2783 4076 2882 4148 τὴν
2921 4076 3029 4130 τῶν
3061 4077 3400 4149 δηλουμένων
3439 4078 3765 4144 ἀκολουθίαν,

2210 4167 2303 4219 ἐπὶ
2327 4166 2424 4238 τὴν
2460 4166 2555 4220 τοῦ
2591 4166 2727 4219 Θεοῦ
2765 4168 3064 4239 παρουσίαν
3096 4170 3460 4243 ἀναφέρεσθαι
3492 4169 3762 4235 ἀπεδείξα-

2214 4276 2330 4330 μεν,
2365 4260 2486 4313 καθ’
2515 4260 2581 4331 ἦν
2611 4260 2704 4313 τοῦ
2732 4260 2929 4324 παντὸς
2977 4261 3242 4315 Ἰουδαίων
3262 4262 3445 4329 ἔθνους
3478 4264 3765 4319 (immacu-

2214 4352 2392 4421 μένου,
2431 4352 2685 4414 σπανίους
2712 4352 2861 4417 τινὰς
2884 4352 3219 4424 σωθήσεσθαι
3241 4354 3368 4417 τοὺς
3388 4355 3446 4422 ἐξ
3471 4355 3646 4408 αὐτῶν
3677 4369 3765 4406 κα-

2209 4443 2734 4515 ταλειφθησομένους
2762 4445 2811 4497 οἱ
2855 4442 2985 4497 θεῖοι
3022 4444 3238 4516 δηλοῦσι
3265 4446 3429 4516 λόγοι.
3475 4448 3553 4501 Ἢ
3577 4463 3637 4516 γε
3667 4444 3761 4516 μὴν

544 4545 600 4592 et
632 4534 776 4605 quod
809 4550 903 4607 per
930 4549 1051 4588 eam
1080 4532 1416 4604 significatur
1443 4541 1674 4603 tempus,
1707 4540 1905 4605 etquae
1939 4535 1994 4589 in
2042 4551 2104 4590 eo

2217 4536 2351 4606 μετά
2368 4538 2555 4608 χεῖρας
2580 4534 2724 4602 λέξις
2745 4537 2838 4589 καὶ
2858 4536 2954 4607 τὴν
2984 4536 3217 4608 ἡμέραν,
3236 4539 3443 4593 καὶτὸν
3464 4540 3553 4594 διὰ
3579 4538 3761 4605 ταύτης

544 4639 801 4685 eventura
827 4634 1029 4691 essent,
1054 4625 1369 4696 planissime
1397 4620 1731 4680 demonstrat
1759 4644 1773 4680 :
1814 4640 1937 4680 cum
1965 4628 2107 4681 enim

545 4729 705 4776 canat
728 4735 796 4775 ex
825 4720 1032 4773 semine
1074 4716 1240 4772 David
1269 4715 1511 4772 futurum
1540 4717 1746 4773 Christi
1768 4710 2106 4783 ortum,cum

546 4827 611 4868 eo
634 4810 1118 4890 simnlJudgeorum
1149 4811 1275 4864 item
1309 4809 1521 4863 ruinam
1545 4810 1828 4878 praedicit;
1857 4810 1990 4864 dicit
2011 4825 2106 4863 au-

546 4914 657 4959 tem
684 4905 799 4960 sic:
834 4923 853 4955 ι
896 4902 1037 4958 Ecce
1057 4901 1365 4956 dominator
1395 4900 1657 4957 Dominus
1694 4902 1953 4966 Sabaoth,
1973 4918 2108 4957 con-

553 4995 789 5052 turbabit
817 4995 1085 5066 gloriosos
1119 5009 1240 5048 cum
1272 4995 1499 5058 robore,
1530 5002 1583 5049 et
1624 4994 1823 5049 excelsi
1853 4993 2107 5048 humilia-

552 5090 773 5151 buntur,
806 5095 859 5143 et
886 5086 1080 5143 cadent
1114 5086 1313 5141 excelsi
1372 5087 1578 5156 gladio,
1626 5097 1680 5139 et
1704 5084 1954 5140 ’Lib‘anus
1987 5101 2111 5139 cum

552 5181 781 5237 excelsis
808 5181 964 5235 cadet
993 5180 1058 5234 '°.
1100 5200 1118 5231 ι
1148 5179 1319 5234 Porro
1352 5179 1439 5232 hic
1468 5177 1736 5233 Libanum
1766 5180 1938 5247 ipsam
1990 5175 2111 5231 Hie-

548 5273 784 5327 rusalem
816 5273 1043 5344 intelligi
1075 5272 1223 5337 vult,
1273 5272 1414 5326 sicut
1461 5271 1516 5326 in
1558 5271 1683 5326 aliis
1712 5270 2109 5326 demonstravi-

549 5377 711 5421 mus:
746 5379 906 5435 quam
939 5380 1061 5419 cum
1089 5363 1343 5419 omnibus
1377 5364 1491 5419 suis
1533 5363 1753 5427 fastum,
1788 5371 1841 5419 et
1888 5378 2113 5418 venera-

552 5456 748 5511 tionem
773 5473 881 5527 prae
906 5473 964 5513 se
987 5456 1302 5521 ferentibus,
1334 5462 1388 5511 et
1409 5456 1662 5527 gloriosis
1689 5471 1937 5511 casuram
1958 5496 1973 5520 ,
2021 5455 2111 5511 hic

552 5548 827 5617 propheta:
862 5547 1033 5600 locus
1084 5546 1321 5599 minatur
1352 5566 1364 5600 :
1394 5547 1485 5616 qui
1530 5546 1745 5616 quidem
1781 5547 1870 5601 ubi
1925 5547 2105 5616 priora

551 5637 641 5692 iila
670 5639 994 5708 explicavit,
1043 5638 1155 5691 haec
1189 5638 1446 5708 deinceps
1474 5638 1751 5706 adjnngit;
1788 5657 1805 5687 ι
1841 5637 1905 5690 Et
1952 5648 2106 5708 egre—

2216 4627 2609 4699 σημαινόμενον
2644 4628 2852 4700 χρόνον,
2879 4627 2972 4681 καὶ
2994 4627 3063 4681 «ca
3088 4629 3179 4682 ἐπὶ
3201 4630 3372 4701 τούτῳ
3401 4624 3761 4702 συμϐεϐηκότα

2214 4718 2511 4773 λευκότατα
2542 4721 2857 4792 παρίστησι·
2893 4720 3220 4787 θεσπίζουσα
3253 4724 3358 4796 γὰρ
3383 4723 3485 4797 τὴν
3515 4725 3579 4778 ἐκ
3610 4720 3761 4790 σπὲρο

2218 4827 2384 4880 ματος
2410 4810 2503 4863 τοῦ
2537 4810 2701 4864 Δαϐὶδ
2730 4811 3096 4884 γενησομένην
3127 4813 3220 4867 τοῦ
3260 4814 3496 4885 Χριστοῦ
3545 4814 3759 4884 γένεσιν,

2212 4899 2347 4970 ὁμοῦ
2376 4901 2469 4954 καὶ
2490 4899 2588 4972 τὴν
2634 4900 2896 4955 Ἰουδαίων
2921 4903 3236 4957 ἀπόπτωσιν
3272 4906 3659 4977 προαναφωνεῖ·
3694 4897 3764 4951 λε·

2213 4993 2375 5062 γειδέ
2400 4992 2590 5057 οὕτως·
2624 5012 2642 5043 ι
2687 4993 2817 5047 Ἰδοὺ
2846 4994 2908 5067 δὴ
2941 4996 2970 5048 6
3001 4996 3263 5069 δεσπότης
3301 4998 3501 5070 Κύριος
3532 4989 3759 5056 Σαϐαὼθ,

2217 5082 2538 5154 συνταράξει
2568 5082 2694 5146 τοὺς
2715 5082 2952 5151 ἐνδόξους
2990 5086 3126 5157 μετά
3158 5087 3358 5158 ίσχύος,
3387 5090 3479 5142 καὶ
3510 5090 3559 5142 οἱ
3585 5080 3761 5155 ὑψηλοὶ

2212 5174 2721 5246 ταπεινωθήσονται,
2764 5178 2856 5229 καὶ
2902 5179 3186 5232 πεσοῦνται
3212 5182 3260 5232 oi
3300 5181 3491 5253 ὑψηλοὶ
3514 5178 3756 5252 palati”:

2212 5270 2241 5320 6
2266 5267 2322 5320 δὲ
2355 5266 2582 5330 Λίϐανος
2628 5268 2724 5320 σὺν
2766 5272 2879 5334 τοῖς
2917 5270 3138 5341 ὑψηλοῖς
3184 5275 3442 5327 πεσεῖται.
3494 5292 3512 5326 ι
3549 5270 3757 5325 Λίϐανον

2213 5358 2269 5411 δὲ
2292 5358 2521 5411 ἐνταῦθα
2554 5359 2652 5429 τὴν
2705 5361 3056 5434 Ἰερουσαλὴμ
3095 5363 3408 5429 αἰνίττεται,
3447 5366 3521 5429 ὡς
3561 5366 3616 5417 ἐν
3650 5357 3755 5414 ἑτέο

2218 5469 2329 5523 ροις
2368 5452 2742 5525 ἀπεδείξαμεν·
2776 5456 2842 5525 ἣν
2873 5456 3007 5526 μετά
3036 5458 3250 5511 πάντων
3288 5460 3395 5515 τῶν
3430 5462 3487 5513 ἐν
3510 5458 3641 5527 αὐτῇ
3686 5466 3755 5504 σε·

2217 5545 2363 5614 μνῶν
2376 5545 2467 5597 καὶ
2485 5546 2706 5612 ἐνδόξων
2733 5547 3011 5602 πεσεῖσθαι
3031 5553 3058 5605 6
3081 5550 3234 5616 λόγος
3252 5552 3479 5607 ἀπειλεῖ·
3496 5552 3585 5608 καὶ
3601 5539 3756 5601 ταῦτά

2211 5653 2273 5706 γε
2296 5640 2834 5709 προανατεινάμενος,
2870 5640 2996 5713 ἑξῆς
3018 5643 3274 5712 ἐπιλέγει·
3314 5663 3333 5695 ς
3371 5645 3477 5698 Kal
3499 5636 3753 5708 ἐξελεύσε-

620 5818 666 5850 ⁸³
702 5815 856 5869 Rom.
888 5829 962 5902 ιχ,
1012 5813 1104 5869 27.
1179 5812 1520 5888 “.Matthw,
1554 5812 1634 5868 H.
1713 5813 1755 5845 "
1792 5812 1893 5868 lsa.
1938 5825 1992 5866 χι
2042 5811 2104 5865 ιιι]

2216 5851 2228 5866 .
2308 5808 2481 5865 "isa.
2522 5828 2550 5866 χ
2606 5811 2692 5875 '53,
2721 5804 2789 5863 54
