3942 6258
217 430 292 487 143
1102 428 1755 487 DEMONSTRATIONIS
1791 424 2249 485 EV'ANGELICIE
2287 425 2413 485 LIB.
2457 425 2518 480 ll.

3342 417 3440 473 ιω

220 562 286 601 ται
311 545 508 616 ῥάϐδος
548 550 620 602 ἐκ
656 548 762 618 τῆς
814 549 964 621 ῥίζης
1010 549 1223 610 Ἰεσσαὶ,
1267 549 1359 602 καὶ
1391 547 1547 612 ἀνθος
1578 549 1642 601 ἐκ
1681 549 1762 619 τῆς

1881 545 2059 600 dietur
2084 544 2233 615 virga
2248 541 2312 597 de
2330 540 2510 596 radice
2528 538 2700 606 Jcsse,
2720 538 2825 610 75
2850 549 2903 594 et
2926 537 3024 593 llos
3040 536 3106 591 de
3123 533 3301 590 radice
3317 533 3439 603 ejus

226 635 348 712 ῥίζης
382 638 556 693 αὑτοῦ
596 641 962 711 ἀναδήσεται,
1005 659 1022 685 ι
1052 641 1145 693 καὶ
1173 639 1241 692 τὰ
1272 638 1415 708 ἑξῆς.
1457 638 1777 706 Σαφέστατα

225 734 304 804 τὴν
326 735 387 785 ἐκ
409 731 567 803 ῥίζης
609 733 812 787 Ἰεσσαὶ
847 732 1044 803 (πατὴρ
1072 732 1128 786 δέ
1154 727 1223 802 ἦν
1251 725 1405 794 οὗτος
1443 730 1535 783 τοῦ
1589 729 1773 799 Δαΰὶδ)

231 825 412 892 γένεσιν
458 823 561 879 τοῦ
600 823 841 895 Χριστοῦ
878 823 1166 892 παριστὰς,
1210 824 1294 893 ἐφ’
1420 821 1628 889 γενέσει
1678 822 1775 891 τὴν

232 915 319 970 τῶν
343 914 509 969 ἐθνῶν
549 915 744 984 κλῆσιν
777 915 1032 987 πρότερον
1072 914 1169 985 μέν
1204 915 1269 967 δι’
1294 913 1611 984 αἰνίγματος
1640 928 1773 985 προ-

236 1010 418 1082 φητικῷ
446 1010 635 1081 τρόπῳ
668 1009 961 1075 ἀναφωνείο
1001 1005 1061 1059 τὸ
1088 1005 1213 1075 γὰρ,
1263 1022 1281 1054 ι
1325 1000 1774 1073 Συμὸοσκηθήσε-

233 1118 306 1154 ται
337 1102 491 1163 λύκος
526 1101 643 1171 μετ’
685 1098 867 1169 ἀρνὸς,
912 1097 1005 1150 καὶ
1038 1094 1296 1167 πάρδαλις
1318 1094 1412 1146 σὺν
1446 1092 1615 1164 ἐρίφῳ
1651 1107 1773 1143 συν-

234 1193 598 1256 ἀναπαύσεται,
633 1209 655 1245 ι
692 1191 785 1245 καὶ
812 1188 878 1242 τὰ
912 1187 1155 1251 τοιαῦτα,
1201 1186 1352 1239 οὐδὲν
1373 1185 1557 1255 ἕτερον
1588 1184 1621 1253 ἢ
1666 1182 1773 1236 τῶν

231 1286 414 1358 ἀγρίων
459 1285 551 1338 καὶ
595 1282 815 1353 ἀπηνῶν
855 1280 946 1334 τὸν
983 1281 1179 1350 τρόπον
1218 1279 1312 1331 καὶ
1370 1278 1530 1349 μηδὲν
1572 1276 1771 1348 θηρίων

233 1375 565 1447 διαφερόντων
591 1374 780 1436 ἐθνῶν,
810 1372 909 1443 τὴν
938 1373 1031 1425 ἐπὶ
1072 1374 1163 1425 τὸν
1202 1370 1395 1440 εὐσεϐῆ
1429 1370 1520 1421 καὶ
1564 1369 1771 1439 ἥμερόν

236 1488 285 1525 τε
321 1471 404 1523 καὶ
446 1467 756 1522 κοινωνικὸν
796 1467 994 1539 τρόπον
1035 1463 1332 1536 μεταϐολὴν
1369 1462 1582 1535 ἐδήλουο
1618 1460 1772 1515 τοῦτο

234 1564 281 1619 δέ
305 1560 422 1616 αύτδ
453 1563 533 1623 είς
567 1560 793 1631 ὕστερον
837 1560 1170 1631 γυμνότερον
1204 1557 1465 1618 διδάσκει,
1511 1556 1765 1625 φάσκων⁸

236 1673 254 1706 ι
303 1651 616 1724 Ἐνεπλήσθη
641 1654 674 1721 ἡ
706 1650 967 1722 σύμπασα
986 1651 1058 1721 γῆ
1080 1649 1173 1703 τοῦ
1196 1648 1396 1718 γνῶναι
1427 1649 1517 1702 τὸν
1543 1648 1767 1719 Κύριον,

232 1743 445 1814 ὑςῠδωρ
486 1742 619 1796 πολὺ
647 1741 1014 1811 κατακαλύψει
1059 1740 1348 1805 θαλάσσας.
1392 1760 1411 1791 ι
1444 1740 1551 1793 Καὶ
1589 1739 1669 1792 ἔτι
1706 1755 1768 1806 γε

231 1836 369 1899 αὐτὸς
388 1835 570 1888 ἐαυτὸν
590 1834 905 1907 ἑρμηνεύων
927 1836 954 1887 ό
978 1832 1311 1905 προφητικὸς
1330 1832 1486 1901 λόγος
1505 1831 1765 1899 ἐπιλέγειο

1884 636 2215 699 ascendet",
2250 656 2268 688 ι
2289 643 2342 690 et
2359 642 2570 689 caetera.
2590 631 2647 689 In
2671 632 2870 703 quibus
2898 627 3356 688 manifestissime,
3373 640 3442 681 ex

1882 730 2066 784 radice
2111 726 2264 785 Jesse
2309 725 2485 799 (pater
2525 732 2704 780 autem
2741 722 2831 778 hic
2875 722 2975 777 fuit
3020 719 3209 792 David)
3260 725 3438 773 ortum

1882 826 2080 880 Christi
2131 823 2419 895 signiﬁcat,
2452 823 2507 877 in
2535 836 2644 893 quo
2677 829 2820 886 ortu,
2851 818 3182 881 vocationem
3200 817 3439 889 gentium

1880 918 2032 986 prius
2072 931 2169 988 per
2196 913 2486 986 quamdam
2540 896 3255 973 sermonis‘obscuritatem,
3290 918 3441 960 more
3488 912 3499 987 ς

1879 1010 2192 1080 prophetico
2213 1009 2464 1079 explicat.
2506 1005 2638 1061 Illud
2668 1006 2811 1061 enim
2852 1023 2865 1059 :
2907 1022 2925 1055 ι
2970 1002 3230 1058 Pascetur
3278 996 3440 1054 simul

1880 1102 2041 1172 lupus
2077 1117 2200 1156 cum
2230 1116 2389 1171 agno,
2413 1106 2466 1155 et
2496 1097 2697 1169 pardus
2729 1110 2852 1151 cum
2896 1094 3057 1150 haedo
3087 1093 3247 1149 simul
3282 1091 3437 1161 quie-

1880 1203 1994 1255 scet
2015 1178 2083 1259 '3‘.
2131 1217 2149 1248 ι
2176 1202 2229 1250 et
2259 1210 2378 1265 qua:
2413 1201 2539 1249 sunt
2568 1191 2878 1261 huiusmodi
2908 1189 3042 1245 nihil
3085 1186 3230 1241 aliud
3279 1198 3436 1254 quam

1879 1290 2117 1358 gentium
2164 1287 2574 1352 indomitarnm,
2609 1292 2661 1341 et
2710 1283 3050 1346 immanium,
3079 1288 3132 1343 et
3190 1280 3243 1333 in
3289 1276 3437 1332 nulla

1879 1396 1936 1435 re
1970 1397 2000 1435 a
2033 1381 2229 1437 belluis
2262 1379 2649 1443 dill‘erentium,
2694 1376 2762 1431 ad
2792 1377 2911 1446 pios
2939 1383 2994 1430 et
3018 1378 3352 1433 mansuetos,
3381 1376 3437 1421 et

1876 1472 2022 1533 omni
2057 1473 2323 1526 charitate
2353 1470 2582 1526 refertos
2612 1482 2813 1531 mores,
2848 1465 3256 1521 conversionem
3291 1460 3437 1515 futu-

1875 1580 1990 1629 ram
2027 1564 2291 1619 indicant.
2326 1560 2431 1618 Sed
2461 1562 2563 1616 hoc
2604 1562 2782 1631 ipsum
2817 1559 2973 1614 docet
3008 1557 3251 1629 apertius
3283 1554 3336 1609 in
3366 1552 3435 1606 iis

1875 1671 1995 1725 qua:
2017 1665 2336 1725 sequuntur,
2372 1654 2453 1708 sic
2486 1653 2673 1708 dicens
2704 1671 2716 1705 :
2758 1670 2775 1704 ι
2818 1650 3039 1721 Repleta
3066 1656 3150 1707 est
3182 1645 3434 1701 universa

1875 1755 2020 1800 terra
2052 1744 2361 1814 cognitione
2395 1741 2631 1804 Domini,
2666 1742 2809 1796 sicut
2847 1754 2988 1811 aqua
3025 1738 3192 1791 multa
3225 1735 3290 1789 ad
3342 1749 3435 1788 co—

1873 1835 2164 1906 aperienda
2191 1834 2364 1889 maria
2380 1832 2445 1887 ⁸⁹.
2486 1852 2505 1885 ι
2531 1831 2798 1886 Ρηεῑονθο
2830 1833 2945 1900 ipse
2990 1829 3231 1898 seipsum
3266 1826 3433 1880 inter-

234 1946 252 1977 ι
291 1928 388 1979 Καὶ
424 1926 572 1979 ἔσται
600 1928 658 1980 ἐν
683 1929 752 1998 τῇ
791 1925 974 1999 ἡμέρα
1004 1926 1187 1996 ἐκείνῃ
1213 1926 1247 1995 ὴ
1276 1923 1400 1996 ῥίζα
1438 1925 1655 1987 Ἰεσσαὶ,
1677 1924 1762 1976 καῖ

1873 1936 2090 1998 pretans
2146 1941 2328 1982 sermo
2372 1924 2721 1995 propheticus
2761 1921 3041 1992 sequitur?
3086 1938 3104 1970 ι
3153 1918 3218 1972 Et
3246 1917 3349 1974 erit
3376 1918 3430 1970 in

227 2021 253 2071 ό
273 2017 605 2087 ἀνιστάμενος
625 2018 813 2089 ἄρχειν
838 2016 1025 2079 ἐθνῶν,
1047 2016 1131 2069 ἐπ’
1153 2015 1300 2087 αὐτῷ
1323 2015 1449 2088 ἔθνη
1466 2014 1738 2070 ἐλπιοῦσιν
1753 2032 1765 2046 ·

230 2110 311 2163 καὶ
332 2110 470 2163 ἐσται
504 2113 530 2182 Ι]
558 2111 863 2174 ἀνάπαυσις
894 2109 1060 2164 αὑτοῦ
1089 2112 1244 2183 τιμή.
1286 2131 1304 2161 ι
1352 2109 1566 2182 Ἐπειδὴ
1593 2111 1770 2165 τοίνυν

226 2201 455 2271 ἀνωτέρω
498 2201 596 2272 μὲν
643 2201 741 2273 τὴν
794 2202 1107 2256 ἀπόπτωσιν
1151 2203 1242 2256 τοῦ
1280 2203 1543 2255 Ἰουδαίων
1589 2202 1771 2265 ἔθνους

225 2293 490 2363 ἐσήμαινεν
520 2293 1059 2364 ἐπικεκαλυμμένως,
1089 2294 1227 2365 μετά
1256 2293 1311 2347 δὲ
1334 2293 1505 2347 ταῦτα
1534 2293 1631 2364 τὴν
1662 2293 1769 2346 τῶν

222 2384 369 2437 ἐθνῶν
392 2384 603 2455 κλῆσιν,
632 2385 753 2443 τοτέ
798 2386 895 2458 μὲν
941 2385 1387 2456 κεκαλυμμένως.
1430 2385 1549 2439 τοτὲ
1587 2384 1644 2438 δὲ
1671 2403 1767 2453 γυ-

224 2475 378 2545 μνῶς·
410 2477 634 2542 εἰκότως
660 2474 817 2542 αὖθις
841 2477 1300 2549 ἐπαναλαμϐάνων
1327 2477 1418 2530 τὸν
1447 2476 1623 2545 λόγον,
1659 2477 1768 2530 τῶν

220 2571 274 2620 ἐκ
298 2570 585 2641 περιτομῆς
622 2571 701 2635 είς
741 2572 833 2625 τὸν
875 2572 1105 2641 Χριστὸν
1155 2570 1514 2623 πιστευόντων
1561 2587 1768 2641 μνημοο

217 2661 363 2725 νεύει,
391 2662 533 2733 ὑπὲρ
562 2663 657 2716 τοῦ
688 2664 762 2734 μὴ
788 2664 959 2735 πάντῃ
987 2663 1304 2717 ἀποκλεῖσαι
1346 2661 1522 2716 αὐτῶν
1562 2661 1661 2734 τὴν
1689 2664 1767 2725 είς

215 2750 295 2803 ὼν
326 2752 550 2823 Χριστὸν
579 2753 792 2809 ἐλπίδαο
816 2772 835 2806 ι
872 2755 1062 2808 Ἔσται
1100 2754 1196 2824 μὲν
1240 2754 1367 2825 γὰρ,
1404 2770 1422 2804 ι
1457 2754 1639 2824 φησὶν,
1679 2772 1699 2804 ι
1737 2754 1766 2805 ὁ

215 2841 548 2911 ἀνιστάμενος
575 2843 763 2919 ἄρχειν
792 2843 977 2898 ἐθνῶν.
1021 2864 1039 2895 ι
1074 2844 1168 2907 Τίς
1201 2845 1246 2897 δ’
1273 2840 1340 2914 ῆν
1365 2846 1393 2897 ὁ
1411 2843 1765 2913 ἀνιστάμενος

215 2929 366 3001 ἀλλ’ἢ
394 2932 520 3003 ῥίζα
560 2934 653 2989 τοῦ
688 2936 901 2997 Ἰεσσαὶ,
939 2934 998 2990 ὃν
1032 2936 1126 2989 καί¹
1166 2935 1349 3005 σαφῶς
1382 2951 1545 3005 φησιν
1581 2932 1764 3004 ἄρξειν

212 3016 381 3082 ἐθνῶν,
424 3019 539 3072 ἀλλ’
579 3022 700 3093 οὐχὶ
735 3023 982 3095 Ἰσραηλς
1031 3023 1246 3095 Ἐπειδὴ
1289 3023 1465 3080 τοίνυν
1496 3023 1763 3095 διαφόρως

212 3110 297 3181 τὴν
326 3112 429 3186 τῶν
452 3113 623 3167 ἐθνῶν
652 3115 980 3187 ἐπιστροφὴν
1019 3116 1112 3169 ἐπὶ
1142 3116 1235 3169 τὸν
1273 3118 1337 3172 ἐκ
1372 3115 1526 3186 ῥίζης
1570 3116 1764 3169 Ἰεσσαὶ¹

211 3201 366 3267 φύντα
417 3205 508 3257 καὶ
550 3204 921 3276 βλαστήσαντα
970 3205 1227 3269 ἐδίδαξεν,
1260 3205 1411 3257 οὐδὲν
1452 3204 1507 3256 δέ
1555 3204 1762 3256 οὐδέπω

1870 2018 1958 2073 die
1995 2019 2107 2082 illa,
2137 2018 2294 2074 radix
2326 2015 2496 2081 Jesse,
2530 2024 2581 2071 et
2603 2015 2695 2086 qui
2731 2015 2903 2082 surgit
2930 2021 2989 2067 ut
3012 2012 3237 2082 imperet
3260 2008 3433 2080 genti-

1869 2110 1991 2175 bus,
2021 2111 2077 2165 in
2112 2125 2178 2165 eo
2204 2117 2388 2181 gentes
2422 2108 2723 2179 sperabunt
2760 2125 2773 2163 :
2815 2115 2869 2162 et
2913 2106 3017 2161 erit
3051 2104 3266 2174 requies
3312 2100 3440 2169 ejus,

1867 2217 1991 2255 cum
2024 2202 2228 2257 honore
2243 2202 2308 2256 ‘°.
2350 2221 2366 2251 ι
2407 2200 2673 2267 Quoniam
2709 2199 2874 2269 igitur
2907 2195 3158 2267 superius
3194 2192 3432 2249 Judaica:

1869 2294 2044 2361 gentis
2076 2292 2287 2347 ruinam
2321 2293 2562 2349 involute
2592 2290 2937 2363 signiﬁcavit,
2972 2296 3095 2359 post
3134 2303 3262 2341 vero
3296 2302 3430 2356 gen-

1868 2384 2005 2436 tium
2051 2384 2409 2451 vocationem,
2469 2384 2615 2439 nunc
2656 2381 2873 2452 quidem
2932 2379 3248 2440 involutius,
3287 2391 3429 2431 nunc

1868 2480 2047 2529 autem
2095 2474 2452 2545 explicatius:
2487 2473 2682 2549 inerito
2735 2485 2925 2526 rursus
2977 2468 3224 2526 eumdem
3276 2483 3433 2538 repe-

1866 2575 1989 2621 tens
2043 2580 2372 2643 sermonem,
2424 2565 2491 2621 de
2543 2565 2609 2620 iis
2642 2565 2737 2634 qui
2791 2580 2856 2617 ex
2913 2562 3328 2617 circumcisione
3373 2561 3427 2614 in

1865 2658 2144 2714 Christum
2174 2657 2435 2713 credituri
2464 2666 2611 2721 sunt,
2646 2661 2973 2713 mentionem
3009 2654 3159 2729 iacit,
3192 2670 3259 2709 ne
3280 2651 3451 2725 omni.

1865 2749 2078 2803 ratione
2123 2760 2154 2801 a
2201 2746 2421 2802 Christo
2466 2763 2616 2818 Spem
2664 2749 2879 2803 illorum
2933 2745 3201 2801 excludat.
3241 2764 3267 2809 ι⁸
3314 2743 3447 2813 Erit.

1864 2842 2032 2903 enim,
2084 2839 2282 2911 inquit,
2330 2839 2422 2909 qui
2469 2842 2662 2907 surgit,
2713 2847 2773 2892 ut
2827 2838 3055 2906 imperet
3087 2835 3359 2905 gentibus.
3404 2842 3441 2905 ιζ

1867 2930 1972 2985 Sed
2009 2930 2130 3000 quis
2159 2929 2375 2984 tandem
2411 2928 2500 2982 hic
2529 2937 2612 2984 est
2634 2930 2726 3000 qui
2750 2929 2945 3000 surgit,
2982 2927 3089 2997 nisi
3119 2925 3273 2981 radix
3304 2923 3429 2980 Ies-

1865 3024 1961 3080 se?
1991 2998 2150 3094 quem
2182 3022 2346 3077 etiam
2379 3021 2629 3091 gentibus
2651 2998 2764 3077 hon
2797 2998 2901 3092 ipsi
2931 3020 3099 3076 Israel
3132 2998 3438 3090 imperatu:

1863 3129 1984 3168 rum
2013 3113 2259 3168 alIlrmat.
2295 3112 2561 3181 Quoniam
2591 3128 2721 3183 ergo
2750 3113 2898 3167 varie
2920 3113 3104 3167 docuit
3139 3112 3276 3165 hanc
3297 3127 3429 3182 gen-

1865 3208 1999 3261 tium
2053 3196 2489 3270 conversionem,
2524 3206 2591 3260 ad
2628 3222 2749 3259 eum
2793 3205 2882 3277 qui
2932 3206 2999 3260 de
3059 3205 3244 3259 radice
3274 3203 3428 3259 Jesse

211 3292 422 3364 Χριστὸν
460 3298 590 3367 περὶ
637 3297 746 3349 τῶν
790 3298 854 3351 ἐκ
904 3297 1203 3369 περιτομῆς
1247 3298 1489 3367 εἰρήκει·
1540 3296 1762 3358 εἰκότως

1866 3306 2136 3361 nascetur,
2167 3306 2221 3352 et
2245 3297 2547 3367 pullulabit,
2580 3297 2808 3351 necdum
2855 3298 2982 3352 boni
3041 3297 3334 3366 quidquam
3360 3299 3427 3351 de

208 3383 262 3436 τὸ
301 3386 539 3451 ἐλλειπὲς
587 3388 688 3458 τῆς
743 3391 1097 3461 προρρήσεως
1142 3389 1450 3451 ἀποδίδωσι,
1501 3389 1753 3458 φάσκων·

212 3493 229 3525 ι
266 3478 367 3533 Καὶ
398 3478 552 3534 ἔσται
586 3482 643 3533 ἐν
673 3483 740 3552 τῇ
794 3482 974 3553 ἡμέρᾳ
1020 3482 1223 3554 ἐκείνῃ,
1265 3500 1285 3532 ι
1327 3480 1472 3534 τοῦτ’
1511 3481 1656 3534 ἐστιν
1702 3481 1758 3531 ἐν

207 3568 275 3639 τῷ
294 3571 467 3644 χρόνῳ
495 3575 597 3644 τῆς
629 3575 945 3644 ἐπιφανείας
975 3574 1070 3628 τοῦ
1111 3577 1175 3631 ἐκ
1210 3573 1366 3646 ῥίζης
1398 3574 1590 3627 Ἰεσσαὶ
1626 3574 1757 3643 φύν-

208 3677 303 3725 τσςο
334 3682 359 3731 ς,
386 3664 683 3737 προσθήσει
712 3665 913 3737 Κύριος
939 3666 1032 3718 τοῦ
1064 3665 1231 3730 δεῖξαι
1263 3666 1359 3735 τὴν
1394 3667 1550 3735 χεῖρα
1573 3665 1754 3728 αὑτοῦ,

207 3753 440 3826 ζητῆσαι,
467 3757 564 3810 καὶ
591 3757 830 3827 ζηλῶσαι
861 3758 922 3810 τὸ
958 3756 1309 3825 καταλειφθὲν
1347 3756 1631 3808 ὑπόλοιπον
1662 3756 1756 3808 τοῦ

206 3831 339 3908 λαοῦ,
367 3845 397 3898 ὃ
423 3846 490 3900 ἀν
523 3848 856 3919 καταλειφθῇ
887 3849 996 3901 ἀπὸ
1022 3848 1185 3902 τῶνδε
1217 3849 1311 3902 καὶ
1340 3847 1507 3900 τῶνδε
1518 3846 1638 3899 ,τῶν
1662 3864 1757 3898 πο-

205 3932 406 4013 λεμίων·
444 3957 464 3992 ι
512 3939 654 3993 Ἀνθ”
697 3935 759 3993 οὗ
808 3943 837 3994 ὁ
893 3941 994 4015 μὲνΔ
1036 3941 1262 4004 Ἀκύλας
1313 3940 1600 4007 πεποίηκε·
1645 3937 1757 3992 Καὶ

204 4024 338 4082 ἔσται
369 4033 427 4083 ἐν
458 4034 524 4102 τῇ
554 4032 736 4103 ἡμέρᾳ
767 4032 969 4104 ἐκείνῃ,
1009 4032 1301 4103 προσθήσει
1336 4030 1538 4100 Κύριος
1578 4029 1759 4083 δεύτε-

204 4134 283 4187 ρον
312 4118 409 4190 τὴν
452 4123 610 4191 χεῖρα
652 4121 837 4185 αὑτοῦ,
877 4122 969 4175 τοῦ
1019 4121 1318 4193 κτήσασθαι
1349 4121 1411 4174 τὸ
1444 4120 1757 4191 ὑπόλειμμα

203 4207 282 4261 τοῦ
309 4210 437 4264 λαοῦ
469 4212 656 4277 αὑτοῦ,
696 4212 726 4265 ὃ
767 4213 1221 4283 ὑπολειφθήσεται
1270 4213 1381 4267 ἀπὸ
1419 4212 1527 4266 τῶν
1566 4213 1756 4266 Ἀσσυ-

205 4302 339 4371 ρίων,
361 4304 456 4359 καὶ
482 4304 593 4357 τῶν
616 4305 759 4376 ἐξῆς.
786 4306 1014 4377 Νοήσεις
1036 4307 1093 4359 δὲ
1111 4306 1204 4360 καὶ
1215 4306 1446 4359 ἐνταῦθα
1471 4305 1755 4377 πολεμίους

201 4394 280 4447 τοῦ
304 4396 433 4450 λαοῦ
459 4395 557 4450 τοῦ
586 4397 722 4450 Θεοῦ
755 4400 974 4469 νοητούς
1009 4416 1161 4462 τινας
1192 4401 1284 4454 καί
1332 4399 1751 4469 πνευματικοὺς,

198 4486 302 4556 ἦτοι
331 4489 587 4561 δαίμονας
616 4494 904 4563 πονηροὺς,
928 4492 963 4563 ἢ
996 4492 1250 4563 δυνάμεις
1285 4491 1657 4561 ἀντικειμένας
1676 4488 1753 4560 τῷ

199 4578 329 4651 λόγῳ
354 4580 680 4645 θεοσεϐείας,
702 4583 774 4647 οἳ,
797 4582 904 4636 τῶν
934 4583 1436 4655 κατωνομασμένων
1458 4582 1627 4635 ἐθνῶν
1657 4580 1755 4633 πά-

1864 3389 1931 3445 iis
1952 3391 2045 3459 qui
2071 3391 2126 3443 in
2154 3390 2572 3445 circumcisione
2607 3399 2755 3456 sunt,
2778 3391 3027 3459 protulit:
3058 3390 3251 3443 merito
3280 3387 3428 3459 quod

1864 3480 2199 3551 praedictioni
2221 3480 2490 3549 ejusmodi
2540 3479 2745 3544 deerat,
2786 3481 2983 3544 reddit,
3016 3479 3204 3534 dicens
3242 3498 3254 3533 :
3296 3499 3313 3531 ι
3360 3479 3441 3533 Ει·

1863 3570 1962 3623 erit
2003 3571 2057 3623 in
2106 3570 2195 3625 die
2244 3571 2358 3633 illa,
2397 3588 2416 3621 ι
2452 3569 2554 3624 hoc
2584 3579 2692 3637 est,
2717 3572 2774 3625 in
2812 3571 2905 3625 illo
2935 3580 3178 3641 tempore
3226 3572 3281 3626 in
3314 3588 3424 3642 quo

1865 3660 2110 3715 adveniet
2135 3661 2182 3716 is
2203 3662 2294 3731 qui
2326 3669 2547 3719 orturus
2574 3671 2658 3717 est
2692 3662 2759 3717 de
2787 3663 2969 3717 radice
3016 3660 3188 3726 Jesse,
3227 3681 3245 3714 ι
3282 3665 3428 3731 adji~

1863 3753 1970 3808 ciet
2002 3751 2261 3809 Dominus
2291 3754 2665 3809 demonstrare
2704 3769 2922 3808 manum
2952 3768 3128 3817 suam,
3163 3762 3221 3807 ut
3253 3770 3423 3807 annu-

1865 3845 2024 3908 letur,
2056 3854 2108 3898 et
2146 3853 2353 3914 quaerat
2375 3845 2521 3914 quod
2566 3845 2889 3899 remanserit
2922 3844 3189 3914 reliquum
3218 3846 3420 3914 populi,

1863 3949 2187 4004 quocunque
2213 3934 2462 3989 relictum
2512 3934 2675 3989 fuerit
2708 3935 2773 4001 εί,
2811 3953 2829 3986 ι
2868 3942 2961 3988 aut
2995 3935 3062 3989 ab
3092 3935 3197 3997 his,
3230 3942 3323 3988 aut
3355 3936 3423 3988 ab

1863 4025 1970 4103 illis
1997 4025 2264 4080 hostibus.
2298 4024 2470 4092 Quem
2496 4025 2716 4096 quidem
2749 4027 2928 4080 locum
2959 4026 3153 4096 Aquila
3180 4026 3257 4079 ita
3290 4040 3421 4080 con-

1862 4118 2092 4171 vertitu
2132 4116 2196 4171 Et
2222 4117 2325 4172 erit
2377 4117 2432 4171 in
2488 4116 2575 4171 die
2629 4117 2744 4181 illa,
2773 4117 2992 4187 adjiciet
3041 4106 3304 4172 Dominus
3338 4132 3424 4172 se-

1862 4209 2041 4263 cundo
2070 4224 2288 4264 manum
2326 4223 2480 4263 suam
2505 4209 2570 4263 ad
2597 4210 2988 4278 acquirendum
3025 4208 3301 4263 residuum
3326 4223 3423 4277 po-

1861 4305 1972 4373 puli
2007 4305 2113 4371 sui,
2136 4303 2279 4375 quod
2307 4304 2646 4374 relinquetur
2668 4304 2736 4357 ab
2775 4304 3037 4374 Assyriis,
3077 4321 3097 4355 ι
3123 4312 3177 4357 et
3205 4309 3420 4359 caetera.

1860 4395 2125 4451 Caeterum
2173 4397 2287 4451 bzec
2341 4410 2559 4466 quoque
2602 4405 2655 4451 te
2703 4395 3053 4449 considerare
3102 4393 3422 4463 oportebit:

1860 4490 2048 4544 hostes
2081 4490 2265 4558 populi
2294 4487 2387 4543 Dei
2416 4489 2719 4544 censendos
2755 4487 3128 4558 intelligibiles
3154 4485 3422 4556 quosdam

1858 4589 1913 4637 et
1967 4580 2298 4651 spirituales.
2343 4583 2449 4635 hoc
2485 4588 2589 4639 est,
2628 4580 2798 4634 malos
2859 4579 3155 4645 daamones,
3185 4578 3299 4633 slve
3326 4592 3423 4647 po-

198 4646 277 4721 λαι
298 4646 569 4744 ’πρότερον
599 4673 846 4743 ἀοράτως
884 4646 1243 4746 προεστῶτες,
1264 4646 1375 4736 ’τάς
1415 4672 1589 4743 ψυχὰς
1623 4673 1753 4724 ἐπο-

1866 4646 2103 4737 Lestates,
2139 4670 2452 4742 qumVerbo
2483 4672 2857 4726 adversentur.
2892 4669 2956 4723 lii
2996 4685 3159 4740 porro
3191 4646 3421 4724 suntilli

197 4757 428 4830 λιόρκουν
450 4762 544 4816 τοῦ
579 4763 815 4835 Ἰσραὴλ,
850 4764 1111 4828 ποικίλοις
1152 4764 1377 4819 πάθεσιν
1409 4762 1577 4827 αὐτὰς
1602 4777 1755 4832 περι-

197 4849 487 4916 ϐάλλοντες,
529 4853 890 4925 ύποσύροντές
933 4870 994 4907 τε
1031 4857 1123 4909 καὶ
1163 4854 1649 4925 αἰχμαλωτίζοντες
1677 4854 1756 4914 είς

198 4942 277 4996 τὸν
305 4945 488 5013 ὅμοιον
514 4944 614 5015 τῆς
639 4944 748 4997 τῶν
791 4945 1100 5015 ἀλλοφύλων
1121 4946 1343 5016 ἀγωγῆς
1383 4946 1516 5016 βίον.
1553 4944 1753 4998 Τούτου

195 5031 252 5103 δὴ
278 5030 365 5087 οὖν
412 5036 616 5099 παντὸς
660 5035 844 5105 σχεδὸν
883 5038 1055 5091 εἰπεῖν
1095 5038 1190 5092 τοῦ
1234 5037 1361 5091 λαοῦ
1403 5036 1541 5090 κατά
1580 5034 1755 5105 ψυχὴν

198 5122 528 5193 αἰχμαλώτου
560 5124 850 5195 ληφθέντος
877 5125 980 5179 ὑπο
1006 5126 1115 5180 τῶν
1141 5126 1542 5198 δεδηλωμένων,
1575 5127 1623 5177 οί
1658 5141 1762 5191 φυ-

198 5215 466 5286 λαχθέντες
504 5218 601 5271 καὶ
647 5218 1095 5286 καταλειφθέντες
1146 5219 1375 5289 ἄτρωτοι
1422 5220 1514 5272 καὶ
1568 5216 1754 5272 ἀσυλοι

199 5309 327 5363 κατά
346 5310 441 5384 τὴν
468 5310 803 5387 προφητείαν
822 5311 920 5381 τῆς
938 5310 1097 5383 δηλου
1105 5310 1267 5381 μένης
1297 5310 1622 5379 ἐπαγγελίας
1640 5309 1756 5362 τεύο

200 5395 379 5466 ξσνται,
417 5403 675 5474 ὀψόμενοι
711 5403 804 5456 τοῦ
847 5403 1051 5474 Κυρίου
1095 5402 1193 5473 τὴν
1234 5406 1388 5473 χεῖρα
1432 5404 1524 5456 καὶ
1568 5402 1753 5473 κτῆμα

200 5490 348 5544 αὑτοῦ
371 5492 750 5565 γενησόμενοι,
785 5493 923 5546 κατά
951 5493 1011 5546 τὸ
1044 5493 1249 5562 φάσκον
1277 5494 1449 5563 λόγιον
1470 5511 1482 5523 ·
1524 5513 1542 5543 ι
1580 5495 1753 5567 Προσο

203 5577 338 5649 θήσει
357 5583 562 5656 Κύριος
582 5583 681 5637 τοῦ
706 5583 873 5648 δεῖξαι
897 5585 993 5656 τὴν
1014 5588 1170 5657 χεῖρα
1195 5585 1378 5647 αὐτοῦ,
1395 5586 1486 5638 τοῦ
1513 5586 1749 5658 ζηλῶσαι

196 5671 247 5724 τὸ
278 5675 634 5745 καταλειφθὲν
663 5675 950 5731 ὑπόλοιπον
976 5677 1069 5732 τοῦ
1099 5677 1248 5735 λαοῦ.
1285 5699 1303 5729 ι
1336 5680 1399 5731 Τί
1427 5678 1482 5731 δὲ
1518 5680 1747 5751 προσθή-

246 5859 286 5898 ⁸⁷
312 5856 411 5915 lsa.
452 5875 533 5923 xl,
582 5858 638 5912 1.
714 5858 760 5890 ⁸³
796 5855 921 5931 Ibid.
954 5859 1006 5913 8.
1084 5859 1126 5892 ⁸³
1158 5856 1287 5915 Ibid.
1322 5856 1374 5916 9.
1452 5862 1493 5894 ⁶⁰
1528 5860 1659 5920 Ibid.
1692 5862 1773 5918 l0.

1855 4763 1946 4831 qui
1976 4761 2103 4815 olim
2139 4761 2204 4816 iis
2235 4762 2487 4831 gentibus
2516 4777 2637 4831 qua:
2671 4761 2756 4814 hic
2790 4762 3081 4815 nominatae
3128 4760 3238 4832 76
3271 4769 3417 4826 sunt,

1852 4850 2198 4907 invisibiliter
2210 4860 2494 4921 praeerant,
2509 4852 2783 4906 etanimas
2802 4851 2964 4905 Israel
2982 4851 3418 4915 vastabant,eum
3452 4853 3459 4863 '

1853 4958 1947 4998 eas
1973 4944 2030 4997 in
2057 4944 2240 4999 varios
2270 4942 2495 4998 eﬂ'ectus
2521 4941 2860 5007 inducerent,
2898 4950 2952 4999 et
2981 4945 3228 5014 captivas
3271 4943 3419 4998 face-

1854 5040 1997 5097 rent,
2019 5040 2075 5086 et
2104 5034 2172 5087 ad
2200 5048 2406 5088 morem
2431 5035 2628 5097 victus,
2658 5032 2956 5088 alienarum
2986 5034 3226 5104 gentium
3252 5034 3421 5088 victui

1856 5126 2111 5191 similem,
2150 5127 2502 5181 attraherent.
2553 5126 2692 5181 Cum
2752 5126 2919 5197 igitur
2973 5126 3061 5180 hic
3106 5125 3418 5188 universus,

1858 5235 2025 5291 prope
2053 5219 2304 5284 dixerim,
2331 5220 2563 5289 populus
2581 5261 2596 5287 ,
2625 5220 2823 5275 animis
2858 5218 3035 5274 factus
3074 5225 3219 5273 esset
3248 5219 3423 5289 capti-

1857 5328 1956 5367 vus
1992 5313 2059 5367 ab
2090 5315 2183 5377 iis,
2216 5329 2354 5383 quos
2383 5314 2621 5371 diximus
2656 5315 2925 5379 hostibus,
2944 5314 3036 5383 qui
3072 5313 3297 5376 servati,
3331 5327 3420 5365 re-

1856 5406 2077 5475 lictique
2104 5415 2234 5462 sunt
2261 5408 2379 5463 sine
2414 5408 2656 5471 vulnere,
2689 5424 2797 5463 non
2834 5407 3047 5478 spoliati
3079 5407 3195 5463 suis
3234 5407 3419 5472 rebus,

1857 5498 2185 5566 promissum
2226 5497 2381 5559 illud.
2416 5498 2484 5553 de
2530 5514 2640 5568 quo
2666 5499 2952 5569 prophetia
2980 5498 3243 5568 loquitur,
3280 5498 3423 5551 obti-

1857 5590 2063 5643 nebunt
2094 5607 2107 5642 :
2137 5595 2324 5658 utpote
2352 5588 2445 5658 qui
2480 5589 2653 5646 visuri
2681 5592 2792 5646 sint
2836 5604 3056 5644 manum
3090 5588 3326 5653 Domini,
3364 5598 3422 5644 et

1857 5681 2003 5736 illius
2032 5681 2308 5751 possessio
2339 5680 2538 5749 futuri;
2579 5682 3038 5753 quemadmodum
3078 5683 3209 5737 illud
3259 5683 3420 5739 habet

1852 5863 1892 5894 ⁶¹
1925 5863 2059 5919 Ibid.
2100 5865 2179 5919 ll.
