3942 6258
499 393 616 450 ’147

506 505 791 562 oraculum
829 504 975 575 quod
1012 500 1091 557 ita
1139 502 1215 556 ait
1257 499 1326 556 ι’(
1373 499 1607 570 Adjiciet
1654 498 1918 554 Dominus
1975 502 2069 555 de—
2097 505 2143 563 Α

510 606 816 651 monstrare
853 608 1069 648 manum
1106 606 1284 657 suam,
1318 597 1378 645 ut
1408 591 1690 646 aemuletur
1732 590 1805 645 ob
1842 589 1896 643 id
1924 590 2071 659 quod

510 688 839 744 remanserit
873 686 1141 757 reliquum
1184 683 1392 755 populi.
1424 702 1442 735 ι
1476 680 1614 748 Quid
1643 688 1821 736 autem
1856 680 2072 750 adjiciet

511 778 811 835 Dominus?
839 793 1050 847 nempe,
1078 778 1145 832 iis
1178 791 1317 846 quos
1338 776 1504 831 semel
1528 773 1802 846 quondam
1834 788 1931 845 per
1956 788 2080 844 pro-

514 871 703 940 phetas
726 868 965 925 ostendit
1000 868 1264 938 :Adjecla
1291 878 1375 926 est
1409 884 1606 925 manus
1640 868 1874 933 Domini,
1894 875 1954 924 ut
1987 866 2072 923 his

513 961 648 1033 ipsis
677 961 841 1018 veluti
878 961 948 1017 de
1000 963 1173 1019 totius
1228 962 1415 1033 populi
1464 962 1621 1017 ruina
1671 960 1922 1027 servatis,
1954 975 2074 1031 quae

511 1053 786 1124 prioribus
824 1054 1067 1119 deerant,
1098 1055 1541 1126 adjungerentur.
1572 1053 1698 1110 Haec
1727 1069 1889 1127 porro
1917 1061 2073 1110 erant

510 1147 645 1204 Novi
698 1148 1034 1205 Testamenti
1087 1132 1382 1219 mysteria,
1440 1163 1560 1218 quae
1626 1162 1789 1201 manu
1860 1145 2072 1201 Domini

509 1247 733 1296 ostensa
753 1248 883 1297 sunt
904 1240 955 1295 ei
983 1239 1126 1309 parti
1155 1254 1277 1308 qua:
1302 1237 1372 1294 de
1396 1238 1596 1308 populo
1624 1238 1815 1294 relicta
1841 1237 1946 1293 est'.
1966 1236 2072 1292 Sed

509 1332 697 1395 etiam,
729 1350 748 1384 ι
795 1339 854 1387 ιιι
881 1332 1187 1396 aemuletur,
1215 1331 1410 1401 inquit,
1437 1330 1509 1386 ob
1535 1330 1589 1384 id
1629 1330 1774 1400 quod
1801 1346 2076 1387 remanse-

509 1425 585 1479 rit
620 1425 888 1494 reliquum
917 1423 1119 1494 populi.
1161 1442 1179 1475 ι
1218 1422 1325 1477 Pro
1366 1437 1474 1493 quo
1525 1422 1719 1494 Aquila
1744 1430 1797 1478 et
1825 1421 2072 1478 Theodo-

511 1517 626 1572 tion
642 1516 1006 1580 concorditer,
1029 1534 1048 1567 ί
1078 1515 1146 1571 ad
1158 1514 1570 1586 acquirendum,
1600 1535 1620 1567 ι
1641 1515 1915 1587 inquiunt,
1938 1535 1957 1568 ‹
1988 1532 2074 1572 re-

512 1606 729 1663 siduum
764 1608 942 1679 pepuli
975 1608 1082 1672 sui,
1129 1608 1491 1679 quodcunque
1533 1609 1779 1663 relictum
1814 1607 1974 1663 fuerit
2005 1609 2074 1663 ab

510 1697 774 1769 Assyriis,
809 1718 827 1750 ι
862 1710 915 1753 et
937 1712 966 1751 a
1000 1698 1228 1769 reliquis
1259 1699 1497 1755 inimicis
1528 1699 1799 1770 gentibus.
1828 1698 1940 1754 Hoc
1976 1714 2075 1755 au-

512 1798 617 1843 tem
659 1788 804 1857 quod
852 1789 1099 1846 relictum
1152 1788 1314 1845 fuerit
1358 1788 1426 1845 de
1465 1791 1685 1861 populo,
1741 1809 1761 1843 (
1826 1791 2068 1854 extollet,

511 1856 706 1951 inquit,
760 1881 973 1950 signum
1023 1885 1078 1942 in
1113 1889 1300 1954 gentes
1332 1901 1345 1937 :
1390 1902 1409 1934 ι
1443 1856 1554 1953 ρει·-
1595 1898 1691 1939 eos
1728 1884 1872 1939 enim
1912 1885 2071 1955 plane
2102 1856 2144 1915 Β

511 1970 774 2027 Dominus
804 1972 1019 2042 signum
1056 1988 1219 2030 suum
1248 1974 1304 2028 in
1337 1974 1555 2030 cunctis
1578 1975 1832 2046 gentibus
1867 1976 2075 2047 patefe-

509 2063 606 2128 cit,
630 2070 685 2118 et
713 2080 809 2134 per
828 2064 1048 2121 eosdem
1084 2067 1304 2143 collegit
1344 2082 1460 2133 eos,
1491 2068 1586 2138 qui
1616 2084 1683 2124 ex
1712 2067 1876 2124 Israel
1902 2074 2077 2141 perie-

514 2161 658 2216 rant,
692 2163 745 2210 et
781 2155 873 2225 qui
924 2171 991 2210 ex
1032 2152 1172 2209 Iuda
1219 2155 1452 2226 dispersi
1505 2164 1683 2222 erant,
1722 2166 2009 2229 postquam
2044 2176 2074 2213 a

514 2252 748 2315 quatuor
777 2245 880 2300 alis
900 2252 1079 2312 terra,
1113 2244 1181 2299 ad
1227 2242 1505 2301 Christum
1541 2244 1656 2308 Dei,
1695 2261 1761 2300 ex
1813 2246 2076 2315 praedica-

513 2337 661 2392 tione
707 2336 1079 2407 apostolorum
1134 2336 1326 2407 ipsius,
1373 2336 1778 2408 confugerunt:
1811 2338 1892 2394 sic
1945 2354 2077 2395 sane

511 2427 772 2484 collectos
797 2443 917 2484 esse
933 2427 1244 2499 intelligens
1272 2443 1390 2493 eos,
1413 2429 1505 2500 qui
1528 2429 1804 2499 quondam
1825 2444 1890 2485 ex
1909 2428 2077 2486 Israel

508 2526 564 2576 et
590 2517 751 2582 Juda,
797 2519 1098 2575 secundum
1144 2519 1467 2575 sententiam
1518 2519 1877 2576 consideratis
1915 2528 2077 2591 atque

512 2609 773 2680 acceptis,
816 2607 1035 2664 abducti
1067 2609 1282 2680 procul,
1317 2609 1666 2680 separatique
1694 2607 1930 2678 fuerant.
1960 2607 2077 2664 Mos

513 2707 696 2757 autem
738 2698 1120 2770 hujuscemodi
1169 2699 1497 2764 animarum,
1532 2713 1721 2754 verum
1771 2696 1938 2755 Israel
1982 2697 2078 2754 Dei

510 2793 874 2858 demonstrat,
911 2792 1054 2845 sicut
1100 2805 1132 2846 e
1194 2788 1495 2857 contrario,
1549 2788 1748 2844 vitiosa
1803 2803 2078 2859 pravaque

510 2883 726 2940 affectio
757 2898 881 2940 eum
910 2882 1097 2947 Israel,
1122 2883 1212 2953 qui
1249 2883 1462 2938 ratione
1481 2882 1727 2953 corporis
1754 2896 1874 2937 eam
1900 2881 2079 2952 appel-

516 2976 775 3032 lationem
806 2974 1035 3030 sortitus
1065 2983 1172 3038 est,
1203 2973 1479 3046 principes
1503 2970 1884 3035 Sodomorum,
1910 2978 1964 3028 et
1989 2986 2078 3041 po-

513 3067 702 3139 pulum
733 3064 1050 3122 Gomorrha:
1091 3066 1363 3136 appellare
1394 3066 1447 3118 in
1482 3065 1720 3120 oraculis
1751 3063 1899 3120 facit.
1930 3064 2080 3121 Reli-

1106 385 1369 445 EUSEBII
1404 385 1877 442 CESARIENSIS
1914 384 2065 441 OPP.
2106 385 2285 441 PARS
2324 387 2389 445 II.
2426 416 2497 429 -—
2535 384 3030 443 APOLOGETICA.

3679 385 3797 439 148

2173 516 2253 553 σει
2281 498 2512 571 Κύριος;
2537 500 2672 554 άλλά
2698 502 2804 573 γὰρ
2835 499 2970 572 πρὸς
3000 491 3080 559 οἷς
3114 498 3259 567 ἅπαξ
3293 499 3632 570 ἐπεδείξατο
3673 501 3794 556 πᾶ-

2170 590 2258 644 λαι
2279 592 2539 664 πρότερον
2563 592 2649 646 διὰ
2678 594 2783 648 τῶν
2815 591 3124 666 προφητῶν·
3160 613 3178 643 ι
3212 591 3616 666 Προσεγενήθη
3652 594 3794 665 χεὶρ

2170 682 2397 755 Κυρίου,
2443 684 2535 737 καὶ
2576 685 2783 748 τούτοις
2822 683 3156 738 διασωθεῖσιν
3198 684 3305 739 ἀπὸ
3349 685 3448 755 τῆς
3485 684 3795 748 πτώσεως

2170 772 2262 826 τοῦ
2291 774 2490 839 παντὸς
2514 774 2667 838 λαοῦ,
2697 774 2765 828 τὰ
2804 774 3053 829 λείποντα
3101 778 3213 840 τοῖς
3255 777 3551 847 προτέροις
3596 790 3797 847 προσ-

2173 861 2372 933 θήσειν.
2406 882 2423 914 ι
2449 862 2631 917 Ταῦτα
2651 863 2706 916 δὲ
2734 859 2801 935 ἦν
2819 863 2885 917 τά
2911 864 3008 935 τῆς
3027 865 3217 934 καινῆς
3237 865 3515 936 Διαθήκης
3556 866 3795 936 μυστή-

2175 969 2283 1023 ρια,
2317 953 2405 1006 διά
2434 953 2535 1024 τῆς
2562 954 2741 1024 χειρὸς
2771 953 2864 1007 τοῦ
2897 955 3101 1026 Κυρίου
3132 955 3445 1026 δεδειγμένα
3470 954 3567 1026 τῷ
3607 971 3793 1009 κατα.-

2171 1045 2437 1117 λειφθέντι
2469 1048 2576 1101 ἀπὸ
2602 1046 2693 1098 τοῦ
2723 1045 2871 1100 λαοῦ.
2904 1046 3061 1100 Ἀλλά
3077 1049 3169 1101 καὶ
3196 1047 3286 1101 τοῦ
3318 1046 3574 1119 ζηλῶσαί
3600 1064 3788 1120 φησιν

2171 1140 2231 1192 τὸ
2258 1137 2611 1208 καταλειφθὲν
2634 1139 2922 1193 ὑπόλοιπον
2953 1139 3047 1193 τοῦ
3070 1139 3223 1194 λαοῦ.
3267 1140 3406 1193 ’Δνθ’
3435 1132 3503 1192 οὗ
3533 1139 3792 1211 συμφώ-

2172 1248 2278 1295 νως
2311 1232 2340 1284 ὁ
2378 1229 2605 1295 Ἀκύλας
2630 1231 2721 1285 καὶ
2753 1229 3067 1297 Θεοδοτίων,
3093 1230 3184 1285 τοῦ
3204 1230 3536 1303 κτήσασθαι,
3574 1232 3785 1303 φησιν,

2170 1325 2232 1378 τὸ
2254 1324 2564 1396 ὑπόλειμμα
2588 1323 2681 1378 τοῦ
2702 1323 2832 1378 λαοῦ
2853 1323 3036 1388 αὐτοῦ,
3059 1325 3086 1377 ὃ
3116 1324 3182 1379 ἂν
3209 1325 3481 1397 καταλίπῃ
3512 1325 3642 1379 ἀπὸ
3671 1324 3787 1379 τῶν

2185 1417 2479 1489 Ἀσσυρίων
2529 1418 2623 1471 καὶ
2666 1417 2774 1470 ἀπὸ
2820 1415 2927 1470 τῶν
2986 1416 3183 1470 λοιπῶν
3231 1416 3509 1488 πολεμίων
3571 1415 3780 1471 ἐθνῶν.

2172 1508 2342 1562 Τοῦτο
2384 1508 2441 1562 δὲ
2474 1507 2537 1561 τὸ
2579 1507 2932 1578 καταλειφθὲν
2961 1506 3051 1561 τοῦ
3100 1507 3229 1562 λαοῦ
3270 1508 3575 1562 ὑπόλοιπον
3628 1508 3783 1578 ἀρεῖ,

2175 1600 2357 1673 φησιν,
2385 1601 2606 1671 σημεῖον
2636 1601 2716 1664 εἰς
2744 1599 2811 1653 τά
2832 1599 2982 1672 ἔθνη·
3018 1600 3201 1669 σαφῶς
3233 1600 3298 1654 δι’
3324 1599 3509 1653 αὐτῶν
3536 1599 3607 1652 τὸ
3643 1601 3782 1653 ἑαυ-

2173 1693 2266 1747 τοῦ
2299 1695 2522 1765 σημεῖον
2549 1695 2578 1747 ὁ
2606 1693 2808 1765 Κύριος
2830 1695 2887 1746 ὲν
2916 1695 3046 1746 πᾶσι
3079 1696 3191 1756 τοῖς
3218 1692 3426 1747 ἔθνεσιν
3451 1691 3785 1747 ἐπιδεικνύ-

2180 1802 2338 1856 μενος
2357 1802 2371 1815 °
2401 1786 2495 1839 καὶ
2528 1784 2745 1850 συνάξει
2785 1784 2849 1837 δι’
2882 1784 3055 1838 αὐτῶν
3085 1785 3210 1849 τοὺς
3242 1785 3632 1856 ἀπολομένους
3679 1786 3781 1840 Ἰσ-

2177 1875 2335 1947 ραὴλ,
2364 1877 2458 1930 καὶ
2482 1877 2608 1940 τοὺς
2637 1858 3065 1949 διεσπαρμένους
3103 1877 3296 1942 Ἰούδα,
3344 1879 3409 1931 ἐκ
3436 1877 3557 1933 τῶν
3586 1878 3786 1932 τεσσά⁸

2177 1984 2286 2040 ρων
2319 1968 2601 2040 πτερύγων
2639 1969 2738 2039 τῆς
2781 1969 2886 2040 γῆς
2921 1968 3012 2021 ἐπὶ
3061 1969 3152 2022 τὸν
3193 1969 3427 2041 Χριστὸν
3468 1968 3577 2024 τοῦ
3612 1968 3777 2034 Θεοῦ,

2175 2059 2262 2113 διὰ
2299 2059 2391 2113 τοῦ
2425 2059 2534 2114 τῶν
2564 2061 2876 2115 ἀποστόλων
2922 2060 3086 2115 αὑτοῦ
3128 2060 3485 2134 κηρύγματος
3532 2079 3782 2116 καταπε-

2177 2151 2471 2222 φευγόταςο
2498 2153 2623 2215 τοὺς
2662 2153 3022 2225 συναχθέντας
3055 2149 3191 2207 εἶναι
3240 2154 3410 2223 λέγων
3443 2153 3565 2208 τῶν
3600 2154 3777 2208 πάλαι

2176 2244 2572 2317 ἀπῳκισμένων
2594 2243 2687 2299 καὶ
2716 2245 3111 2316 ἀφωρισμένων
3133 2248 3195 2299 ὲκ
3227 2245 3319 2300 τοῦ
3352 2245 3501 2301 κατά
3523 2245 3779 2300 διάνοιαν

2188 2334 2402 2408 Ἰσραὴλ
2439 2337 2534 2390 καὶ
2564 2336 2751 2390 Ἰούδα.
2799 2337 3011 2407 Τρόπος
3056 2337 3111 2391 δὲ
3162 2337 3380 2392 τοιῶνδε
3431 2338 3639 2410 ψυχῶν
3684 2338 3776 2392 τὸν

2177 2425 2425 2496 ἀληθινὸν
2472 2425 2689 2498 Ἰσραὴλ
2737 2427 2830 2481 τοῦ
2884 2426 3016 2481 Θεοῦ
3058 2428 3347 2493 δείκνυσιν,
3370 2429 3449 2493 ὡς
3494 2428 3775 2483 ἀνάπαλιν

2177 2515 2354 2587 φαύλη
2401 2516 2495 2570 κα)⁸
2547 2517 2792 2588 μοχθηρά
2838 2517 3075 2581 διάθεσις
3121 2518 3213 2572 τὸν
3261 2518 3403 2573 κατά
3446 2520 3642 2592 σάρκα
3676 2520 3774 2573 Ἰσ-

2179 2605 2337 2678 ραὴλ,
2366 2607 2632 2678 ἄρχοντας
2670 2607 2920 2678 Σοδόμων
2964 2610 3054 2661 καὶ
3085 2609 3213 2663 λαὸν
3237 2609 3530 2682 Γομόρρας
3560 2628 3775 2683 χρημα-

2176 2698 2342 2763 τίζειν
2388 2703 2551 2756 ποιεῖ.
2587 2700 2662 2754 Τὸ
2699 2703 2876 2755 τοίνυν
2922 2702 3131 2774 λεῖμμα
3169 2706 3285 2757 κατ’
3317 2704 3561 2776 ἐκλογὴν
3611 2706 3773 2779 χάρι-

2175 2804 2287 2852 τος,
2325 2789 2418 2843 καὶ
2453 2789 2515 2844 τὺ
2547 2790 2845 2861 λεγόμενον
2876 2792 2934 2845 ὲν
2955 2794 3020 2864 τῇ
3056 2793 3361 2865 προφητείᾳ
3394 2795 3771 2865 καταλειφθὲν

2177 2879 2469 2937 ὑπόλοιπον
2516 2883 2612 2936 τοῦ
2650 2882 2801 2945 λαοῦ,
2842 2884 2904 2937 τὸ
2947 2887 3172 2955 σημεῖον
3217 2885 3309 2938 τοῦ
3360 2886 3581 2959 Κυρίου
3641 2888 3771 2942 πᾶσι

2176 2977 2289 3039 τοῖς
2344 2973 2551 3029 ἔθνεσιν
2602 2975 2953 3048 ἀνεκήρυξεν,
3013 2975 3107 3030 καὶ
3146 2976 3246 3040 τὰς
3298 2978 3523 3032 τοιάσδε
3592 2978 3770 3050 ψυχὰς

2176 3066 2284 3122 τῶν
2336 3066 2506 3121 ἐθνῶν
2547 3066 2606 3134 ἐξ
2644 3067 2917 3133 ἀπωλείας
2961 3068 3053 3121 ἐπὶ
3095 3068 3194 3139 τὴν
3230 3068 3324 3122 τοῦ
3366 3071 3589 3143 Κυρίου
3633 3070 3789 3140 γνῶ-ι,

511 3159 656 3230 ψύαι
705 3157 872 3230 igitur
912 3158 1212 3213 secundum
1251 3156 1571 3212 electionem
1605 3158 1810 3227 gratias,
1841 3164 1895 3211 et
1931 3156 2077 3228 quod

2179 3171 2293 3215 σιν·
2325 3160 2762 3233 ζεφελκυσέιμενον
2787 3201 2803 3226 ,
2862 3161 2958 3217 ἕνα
3017 3161 3141 3215 λαὸν
3205 3162 3398 3233 συνῆξε
3458 3164 3543 3236 τῷ
3604 3163 3723 3234 Θεῷ
3748 3205 3766 3228 ,

513 3254 570 3306 in
625 3251 904 3324 prophetia
956 3250 1178 3317 dicitur,
1236 3249 1486 3304 relictum
1530 3247 1811 3304 residuum
1867 3247 2073 3320 pepuli,

512 3342 726 3414 signum
785 3339 998 3397 Domini
1058 3340 1198 3413 apud
1273 3347 1503 3397 cunctas
1561 3347 1751 3411 gentes
1811 3339 2076 3410 praedica-

511 3443 640 3491 runt
672 3453 687 3489 :
718 3443 773 3491 et
820 3434 1133 3490 istiusmodi
1177 3434 1421 3506 gentium
1471 3433 1683 3488 animas
1713 3432 1784 3489 ab
1832 3433 2073 3498 interitu,

511 3528 608 3587 ad
640 3528 854 3584 Domini
923 3527 1288 3599 cognitionem
1353 3527 1665 3593 trahentes,
1721 3542 1893 3582 unum
1966 3525 2077 3582 Deo

509 3620 770 3690 populum
814 3617 1209 3683 confecerunt,
1261 3618 1352 3689 qui
1410 3634 1441 3673 a
1490 3625 1727 3689 quatuor
1772 3618 1875 3674 alis
1917 3626 2078 3674 terra:

507 3708 672 3780 hodie
718 3724 935 3782 quoque
994 3726 1102 3765 una
1158 3700 1366 3766 Christi
1437 3711 1640 3767 virtute
1709 3711 2074 3766 contrahitur.

500 3794 620 3872 ’7⁸1
643 3800 710 3856 Ili
740 3818 869 3858 vero
910 3803 1014 3873 ipsi
1055 3802 1124 3858 de
1169 3800 1410 3858 Iudaicae
1466 3805 1644 3874 gentis
1676 3804 1898 3859 interitu
1945 3819 2078 3860 con-

509 3894 715 3950 servati
739 3893 1019 3965 discipuli,
1061 3902 1116 3950 et
1172 3896 1406 3965 apostoli
1440 3894 1742 3952 Salvatoris
1789 3895 2078 3963 nostri,ex

508 3983 746 4040 diversis
774 3984 1030 4040 tribubus
1079 3985 1321 4049 oriundi,
1361 3986 1813 4054 una-vocatione,
1863 4002 2079 4058 unaque

510 4075 710 4145 gratia,
736 4081 901 4145 atque
936 4089 1048 4130 uno
1081 4082 1272 4132 sancto
1303 4075 1509 4147 Spiritu
1548 4077 1700 4149 digni
1721 4078 1918 4143 eﬂecti,
1959 4095 2079 4135 om-

510 4181 636 4222 nem
666 4181 930 4232 amorem,
963 4184 1122 4239 quem
1168 4169 1298 4225 olim
1330 4185 1458 4239 erga
1488 4170 1639 4241 ipsos
1667 4170 1946 4229 IIebraieae
1974 4175 2077 4229 tri-

508 4259 616 4316 bus
667 4259 1262 4342 habebant,abjecturi
1313 4272 1488 4324 erant,
1534 4272 1595 4317 ut
1649 4264 1725 4319 ait
1771 4266 2075 4336 prophetia.

508 4350 647 4407 Cum
675 4351 871 4423 ,igitur
912 4352 1101 4409 eodem
1154 4353 1433 4410 intellectu
1461 4354 1760 4427 eademque
1811 4359 2078 4433 sententia

509 4442 738 4515 perfecti
789 4452 993 4509 essent,
1054 4461 1166 4501 non
1201 4446 1378 4502 solum
1434 4448 1800 4504 continentem
1852 4458 2073 4517 terram,

2103 3208 2146 3266 C

2177 3250 2270 3305 τὸν
2315 3253 2381 3306 ὲκ
2429 3253 2537 3306 τῶν
2592 3251 2874 3322 τεσσάρων
2928 3251 3217 3324 πτερύγων.
3270 3254 3370 3324 τῆς
3425 3255 3536 3325 γῆς
3600 3253 3763 3308 εἰσέτι

2177 3343 2272 3398 νῦν
2322 3347 2389 3417 τῇ
2437 3343 2532 3398 τοῦ
2584 3343 2822 3417 Χριστοῦ
2867 3344 3099 3416 δυνάμει
3136 3345 3632 3418 συγκροτούμενον.
3672 3338 3765 3399 Οὗ-

2177 3454 2260 3491 τοι
2289 3436 2345 3491 δὲ
2373 3437 2527 3492 αὐτοὶ
2563 3438 2612 3491 οί
2654 3437 2762 3491 ἀπὸ
2807 3436 2915 3491 τῶν
2959 3437 3312 3493 ἀπολωλότων
3349 3439 3448 3495 τοῦ
3498 3439 3763 3494 Ἰουδαίων

2179 3527 2363 3593 ἔθνους
2392 3527 2748 3593 διασωθέντες
2787 3527 3027 3601 μαθηταὶ
3058 3529 3158 3583 καὶ
3185 3528 3477 3583 ἀπόστολοι
3512 3530 3760 3601 Σωτῆρος

2177 3622 2355 3695 ἡμῶν,
2378 3622 2444 3675 ὲκ
2463 3621 2731 3694 διαφόρων
2755 3621 2936 3691 φυλῶν
2957 3622 3339 3693 τυγχάνοντες,
3354 3624 3489 3693 μιᾶς
3518 3624 3759 3695 κλήσεως

2178 3715 2271 3769 καὶ
2299 3714 2425 3786 μιᾶς
2454 3714 2676 3788 χάριτος
2715 3714 2834 3779 ἑνὸς
2871 3714 3189 3786 Πνεύματος
3227 3714 3379 3784 ἁγίου
3415 3713 3758 3786 κατηξιωμέ-

2179 3823 2278 3870 νοι,
2308 3806 2484 3859 πάντα
2511 3804 2673 3877 ζῆλον
2702 3804 2761 3858 ὃν
2795 3804 2960 3859 πάλαι
2995 3804 3132 3877 πρὸς
3160 3805 3357 3870 αὐτοὺς
3391 3802 3544 3878 εἶχον
3572 3806 3629 3858 al
3666 3802 3757 3857 τοῦ

2190 3896 2456 3969 Ἐϐραίων
2494 3897 2677 3961 ἔθνους
2712 3895 2894 3967 φυλαὶ,
2925 3896 3340 3969 ἀπορρίψουσιν,
3377 3897 3515 3972 ὠςή
3546 3914 3754 3970 προφη-

2177 3990 2300 4044 τεία
2330 3990 2515 4060 φησίν.
2545 3988 2984 4061 Κατηρτισμένοι
3012 3988 3142 4059 γοῦν
3178 3991 3256 4061 τῷ
3278 3976 3427 4062 αύτῷ
3462 3991 3546 4047 νοῒ
3579 3990 3671 4044 καὶ
3690 3989 3752 4057 τῇ

2179 4084 2315 4155 αὐτῇ
2344 4082 2558 4158 γνώμῃ,
2607 4083 2667 4137 ού
2718 4083 2877 4154 μόνον
2920 4084 3020 4155 τὴν
3052 4084 3298 4156 ἤπειρον,
3342 4085 3481 4140 ἀλλὰ
3528 4085 3624 4140 καὶ
3660 4083 3752 4145 τὰς

2180 4176 2375 4246 νήσους
2405 4174 2615 4247 διῆλθον
2658 4174 2766 4227 τῶν
2808 4174 2997 4240 ἐθνῶν,
3055 4177 3236 4241 πάσας
3280 4177 3622 4250 πανταχόθεν
3659 4174 3752 4236 τὰς

2178 4268 2287 4321 τῶν
2334 4267 2633 4342 ἀνθρώπων
2674 4268 2851 4341 ψυχὰς
2886 4270 3309 4341 προνομεύοντες
3345 4272 3439 4327 καὶ
3480 4270 3750 4343 αἰχμαλω-

2179 4359 2424 4423 τεύοντες
2457 4360 2538 4423 είς
2576 4361 2674 4431 τὴν
2715 4361 2992 4433 ὑποταγὴν
3026 4360 3118 4415 τοῦ
3155 4362 3412 4434 Χριστοῦ,
3447 4360 3749 4422 ἀκολούθως

2179 4451 2256 4523 τῷ
2282 4451 2514 4524 χρησμῷ
2542 4454 2795 4524 φήσαντι’
2826 4472 2845 4505 ί
2876 4455 2987 4508 Kal
3012 4455 3446 4527 πετασθήσονται
3471 4458 3532 4509 ἐν
3552 4454 3749 4515 πλοίοις

509 4535 608 4592 sed
634 4542 689 4591 et
718 4536 927 4591 insulas
977 4536 1219 4607 gentium
1274 4539 1545 4610 pervagati
1592 4548 1740 4606 sunt,
1788 4548 1842 4596 et
1886 4557 2077 4599 omnes

2182 4543 2512 4613 ἀλλοφύλων,
2553 4543 2829 4599 θάλασσαν
2872 4545 2989 4617 ἆμα
3024 4547 3471 4617 προνομεύοντες,
3508 4542 3749 4604 καὶτοὺς

509 4627 753 4700 undique
777 4628 1061 4684 hominum
1090 4630 1301 4686 animas
1320 4630 1612 4702 depraedati
1637 4673 1653 4696 ,
1690 4648 1784 4690 eas
1814 4633 2077 4711 ducentes

2184 4639 2275 4709 ἀφ’
2306 4637 2458 4709 ἡλίου
2486 4637 2779 4693 ἀνατολῶν.
2822 4658 2842 4690 ι
2881 4639 2989 4693 Kal
3012 4639 3081 4692 τὰ
3112 4639 3274 4693 λοιπά
3316 4640 3374 4693 δὲ
3400 4640 3503 4711 τῆς
3546 4651 3747 4711 προφη-

509 4721 776 4792 captivas,
810 4729 872 4776 ut
893 4722 1121 4794 imperio
1144 4722 1349 4779 Christi
1371 4725 1790 4794 subjicerentur.
1824 4703 1928 4795 Qui
1954 4728 2078 4801 qui-

506 4811 631 4868 dem
660 4812 717 4866 in
738 4812 843 4868 hoc
874 4821 1243 4871 consentanea
1282 4815 1359 4870 illi
1382 4818 1609 4873 oraculo
1653 4829 1902 4892 egerunt,
1929 4822 2075 4892 quod

508 4905 623 4961 ait:
652 4924 671 4958 c
703 4904 770 4959 Et
797 4906 1056 4962 volabunt
1102 4906 1161 4962 in
1208 4909 1442 4981 navigiis
1488 4917 1778 4969 externum
1822 4929 1975 4970 mare
2002 4916 2078 4972 si-

506 4997 622 5054 mul
672 4995 1069 5068 depradantes,
1103 5009 1158 5056 et
1185 5015 1303 5068 eos,
1338 5003 1433 5074 qui
1460 5004 1529 5059 ad
1557 5004 1692 5062 solis
1742 5014 1921 5060 ortum
1948 5020 2075 5078 spe-

506 5096 660 5144 etant
690 5089 756 5144 ⁶².
791 5109 811 5143 ι
874 5089 1106 5165 Reliqua
1147 5110 1278 5152 vero
1318 5094 1562 5166 ejusdem
1613 5096 1933 5167 prophetia,
1987 5097 2077 5154 his

508 5181 637 5236 item
675 5184 1029 5255 proportione
1071 5187 1404 5258 respondere
1427 5189 1750 5255 intueberis,
1784 5190 1832 5245 si
1879 5204 2076 5247 unam-

507 5286 783 5345 quamque
831 5276 1123 5334 dictionem
1162 5285 1340 5336 tecum
1373 5281 1490 5352 ipse
1531 5280 1816 5353 diligenter
1844 5295 2077 5352 perpen-

2182 4728 2333 4791 τείας
2356 4728 2564 4793 τούτοις
2588 4728 2863 4797 ἀναλόγως
2889 4727 3302 4800 ὲπιθεωρὴσεις,
3336 4731 3574 4799 ἑκάστην
3611 4724 3746 4792 λέξιν

2183 4818 2336 4892 παρά
2368 4820 2545 4891 σαυτῷ
2589 4819 2903 4892 βασανίσας,
2940 4819 3031 4873 καὶ
3079 4821 3187 4874 πᾶν
3222 4820 3321 4891 μὲν
3353 4819 3413 4873 τὸ
3450 4818 3743 4872 ἀσύστατον

2183 4912 2276 4965 καὶ
2309 4911 2561 4967 ταπεινὸν
2588 4911 2758 4983 αὐτῆς
2789 4911 3267 4983 διακρουσάμενος,
3299 4910 3398 4982 τὴν
3429 4912 3487 4964 δὲ
3517 4907 3743 4963 διάνοιαν

2179 5003 2271 5057 τοῦ
2302 5002 2630 5076 πνεύματος,
2657 5003 2732 5068 ὼς
2769 5002 2836 5057 ἂν
2868 5003 3000 5057 αὑτό
3037 5004 3211 5063 σοι,τὸ
3242 5003 3459 5073 πνεῦμα
3493 5000 3584 5054 τοῦ
3615 4991 3742 5051 Θεοῦ

2181 5093 2407 5168 θεωρεῖν
2451 5095 2717 5170 ὑποϐάλῃ,
2754 5097 2971 5168 νοήσας.
3026 5095 3185 5167 Ὑμῖν
3216 5095 3324 5168 γὰρ
3353 5098 3381 5149 ὁ
3424 5093 3613 5166 καιρὸς
3649 5085 3743 5141 οὐκ

2178 5186 2466 5259 ἐπιτρέπει
2496 5189 2609 5252 τοῖς
2642 5187 2827 5250 τόποις
2877 5186 2972 5241 ἐπὶ
3021 5187 3204 5241 πλεῖον
3236 5186 3611 5257 ἐνδιατρίϐειν,
3647 5178 3739 5247 τὴν

2181 5281 2547 5355 προκειμένην
2578 5279 2836 5334 ὑπόθεσιν
2865 5277 3121 5346 ἐξανύσαι
3148 5276 3642 5348 κατεπειγομένοις.

506 5385 676 5453 deris.
700 5395 756 5444 et
781 5393 926 5462 quod
953 5394 1174 5465 quidem
1203 5411 1272 5453 ex
1323 5411 1390 5454 ea
1427 5396 1748 5453 inconstans
1773 5398 1857 5455 vel
1877 5398 2082 5456 humile
2105 5398 2282 5455 visum
2306 5378 2500 5462 fuerit,
2553 5397 2834 5466 rejeceris,
2890 5394 3118 5458 spiritus
3152 5409 3282 5450 vero
3326 5392 3497 5465 ipsius
3550 5378 3736 5443 intelli-

507 5485 745 5555 gentiam
776 5494 1101 5563 perceperis,
1137 5500 1407 5567 quatenus
1432 5493 1552 5567 ipse
1602 5495 1701 5552 tibi
1724 5495 1820 5553 Dei
1869 5496 2097 5569 spiritus
2145 5494 2619 5568 cuntemplandum
2672 5492 3118 5566 suppeditaverit.
3146 5491 3314 5549 Nobis
3353 5489 3498 5547 enim
3531 5490 3731 5553 temp“!

505 5594 615 5636 non
642 5589 905 5653 permittit
955 5591 1162 5647 diutius
1193 5592 1250 5647 in
1280 5592 1364 5646 his
1416 5591 1555 5649 locis
1616 5589 1918 5661 immorari,
1977 5595 2070 5666 qui
2097 5594 2380 5650 materiam
2417 5593 2750 5664 propositam
2781 5590 3062 5647 absolvere
3088 5587 3425 5646 festinamus.

575 5813 619 5850 ⁸³
647 5812 749 5870 lsa.
770 5831 847 5880 xl,
883 5814 966 5870 14.
