3942 6258
174 5504 179 5513 ι

171 5536 184 5623 l

230 421 305 477 ΗΘ

1112 430 1768 495 DEMONSTRATIONIS
1798 440 2254 500 ΕνΑΝσειιωΕ
2296 444 2420 499 LIB.
2468 447 2531 503 ll.

3367 461 3462 515 κο

285 541 410 648 hlB'.
464 563 483 595 ι
526 547 646 602 Kal
679 549 999 621 ἐντελοῦμαι
1045 554 1111 623 τῇ
1162 555 1452 631 οἰκουμένη
1488 559 1585 633 ὅλῃ
1626 560 1778 615 κακὰ,

1965 561 2122 621 XLII.
2152 583 2171 616 ι
2202 564 2266 620 Et
2299 557 2570 624 mandabo
2600 569 2716 625 orbi
2743 572 2997 629 universo
3026 574 3186 639 mala,
3210 584 3263 630 et
3283 576 3464 648 impiis

239 634 314 689 nl
326 636 432 699 τοῖς
453 636 686 692 ἀσεόἐσι
706 641 808 704 τὰς
828 643 1096 714 ἁμαρτίας
1110 646 1307 711 αὐτῶν,
1331 649 1425 701 καὶ
1440 648 1622 703 ἀπολῶ
1638 649 1792 721 ὕδριν

239 726 449 799 ἀνόμων,
503 731 604 784 καὶ
667 731 830 805 ὓϐριν
877 735 1247 808 ὑπερηφάνων
1288 741 1629 797 ταπεινώσω.
1682 745 1792 799 Kal

238 818 428 874 ἔσονται
476 824 528 876 οἱ
579 825 1132 900 ὲγκαταλελειμμένοι
1179 830 1388 905 ἔντιμοι
1435 835 1634 906 μᾶλλον
1663 837 1704 909 ἢ·
1730 838 1792 891 τὸ

238 911 437 981 χρυσίον
458 914 522 968 τὸ
551 913 795 988 ἄπυρονι
814 919 907 972 καὶ
929 920 1212 993 ἄνθρωπος
1240 923 1455 996 ἔντιμος
1478 925 1629 981 ἔσται
1657 928 1791 999 μᾶλ-

236 1002 379 1074 λονῆ
420 1006 449 1058 ὀ
480 1004 636 1071 λίθος
666 1009 697 1061 ὀ
736 1011 801 1064 ἐκ
849 1011 1099 1086 Σουφείρ.
1141 1035 1159 1066 ι
1209 1017 1318 1071 Kal
1356 1017 1482 1090 ἑξῆς
1525 1020 1784 1089 ἐπιλέγειο

241 1114 260 1148 ι
282 1095 384 1149 Καὶ
410 1095 625 1154 ἔσονται
650 1102 706 1154 οῖ
731 1104 1208 1179 καταλελειμμένοι
1238 1110 1313 1175 ὡς
1343 1110 1618 1183 δορκάδων
1656 1113 1787 1184 φεῦ-

238 1205 339 1258 γον,
360 1190 452 1244 καὶ
472 1190 551 1256 ὡς
580 1193 850 1265 πρόϐατον
876 1197 1245 1272 πλανώμενον.
1284 1222 1303 1255 ι
1340 1204 1452 1257 Καὶ
1478 1205 1563 1260 διά
1586 1206 1787 1261 τούτων

243 1282 293 1334 rb
319 1282 537 1336 σπάνιον
564 1284 674 1338 τῶν
713 1286 1105 1360 σωθησομένων
1149 1293 1206 1346 ἐν
1234 1292 1312 1364 τῷ
1340 1295 1516 1368 καιρῷ
1553 1296 1652 1366 τῆς
1680 1297 1787 1352 τῶν

243 1372 427 1425 ἀσεϐῶν
477 1375 750 1441 ἀπωλείας
802 1379 1113 1448 σαφέστατα
1160 1385 1188 1437 ὀ
1230 1382 1385 1453 λόγος
1426 1386 1782 1459 παρίστησιν

242 1464 361 1517 ὥστε
394 1465 466 1537 μὴ
518 1465 701 1539 χώραν
737 1468 878 1539 ἔχειν
919 1472 1163 1526 ὑπονοεῖν
1202 1475 1530 1549 ἀδιακρίτως
1576 1478 1784 1545 πάντας

244 1554 553 1622 ἁπαξαπλῶς
577 1561 704 1623 τοὺς
727 1562 790 1614 ὲκ
810 1564 1131 1636 περιτομῆς,
1163 1568 1261 1620 καῖ
1284 1569 1392 1622 πᾶν
1408 1568 1473 1623 τὸ
1514 1570 1785 1627 Ἰουδαίων

243 1649 387 1715 ἔθνος,
418 1650 526 1705 τῶν
550 1650 646 1706 τοῦ
670 1652 804 1707 Θεοῦ
836 1655 1115 1721 τεύξεσθαι
1145 1661 1499 1730 ἐπαγγελιῶν.

1892 664 2114 724 peccata
2144 656 2388 728 ipsorum
2413 699 2428 724 ,
2478 667 2533 716 et
2571 660 2791 730 perdam
2843 664 3101 733 injuriam
3128 667 3460 736 iniquorum,

1892 754 1945 801 et
1971 749 2361 805 contumeliam
2413 752 2776 822 superborum
2830 755 3150 814 humiliabo.
3192 758 3256 813 Et
3302 774 3461 818 erunt

1890 836 1981 906 qui
2012 840 2374 894 remanserint
2402 842 2628 913 pretiosi
2652 846 2845 915 magis,
2878 863 3041 917 quam
3099 864 3291 904 aurum
3315 853 3460 923 quod

1890 927 2066 999 ignem
2100 945 2210 984 non
2256 932 2458 987 sentit:
2489 942 2543 988 et
2583 933 2746 989 homo
2789 937 3062 1006 pretiosus
3107 940 3210 995 erit
3263 943 3458 1012 magis,

1888 1034 2053 1089 quam
2104 1020 2240 1092 lapis
2294 1022 2348 1076 in
2396 1016 2599 1094 S‘uphir
2632 1025 2699 1092 °’,
2750 1042 2814 1081 ac
2847 1027 3105 1100 deinceps
3166 1031 3456 1104 adjungit:

1895 1127 1914 1158 ι
1952 1107 2022 1162 Et
2037 1117 2218 1178 erunt,
2256 1129 2275 1162 ι
2329 1115 2422 1183 qui
2460 1113 2636 1169 relicti
2696 1113 2920 1182 fuerint,
2955 1136 2974 1169 ι
3008 1121 3166 1189 quasi
3207 1126 3459 1193 capreoli

1889 1195 2121 1267 fugiens,
2156 1209 2211 1253 et
2250 1202 2407 1270 quasi
2433 1201 2552 1256 ovis
2573 1202 2883 1258 errabunda
2907 1203 2953 1236 “
2984 1221 2997 1256 :
3042 1224 3061 1256 ι
3095 1214 3255 1276 atque
3288 1208 3341 1262 iu
3373 1208 3460 1266 his

1886 1289 2103 1359 quidem
2135 1293 2461 1362 paucitatem
2476 1309 2690 1361 eorum,
2721 1295 2815 1366 qui
2830 1295 3163 1367 superfuturi
3186 1299 3296 1353 sint
3320 1306 3459 1355 tem-

1886 1394 2017 1449 pore
2072 1382 2325 1440 interitus
2377 1384 2666 1456 Rupiorum
2692 1426 2707 1452 ,
2773 1387 2861 1442 hic
2909 1403 3089 1445 sermo
3140 1391 3459 1460 planissime

1886 1477 2259 1534 ostenditzex
2288 1495 2398 1550 quo
2459 1479 2512 1533 id
2568 1480 2944 1558 intelligimus,
3002 1482 3121 1538 sine
3146 1484 3254 1539 ulla
3302 1500 3458 1541 exce-

1886 1568 2100 1638 ptione,
2140 1570 2410 1627 carituros
2446 1587 2567 1629 esse
2599 1573 2815 1643 propria
2850 1574 3071 1642 regione
3109 1590 3301 1632 omnes
3339 1594 3458 1633 om-

1884 1659 2035 1726 niuo,
2072 1662 2162 1731 qui
2197 1661 2264 1716 ad
2293 1663 2767 1719 circumcisionem
2797 1665 3088 1735 pertinent,
3141 1673 3304 1737 atque
3339 1683 3457 1723 om-

1884 1765 2007 1805 nem
2039 1749 2325 1807 Judaicam
2377 1764 2613 1823 gentem,
2663 1756 2933 1824 promissa
2970 1756 3152 1813 divina
3184 1773 3292 1812 non
3334 1776 3456 1815 esse

1885 1851 2322 1898 consecuturam.
2648 1865 2651 1868 ’

302 1910 419 1964 ΜΓ.
457 1928 476 1962 ι
511 1912 622 1966 Kal
650 1911 802 1966 ἔσται
845 1913 902 1967 ὲν
926 1916 993 1986 τῇ
1017 1916 1199 1988 ἡμέρᾳ
1227 1918 1407 1990 ἐκείνῃ
1440 1918 1677 1991 ἔκλειψις
1696 1921 1778 1975 δό-

1960 1934 2138 1991 XLlll.
2187 1954 2206 1986 ι
2244 1934 2313 1989 Et
2340 1935 2517 2005 eritin
2546 1936 2634 1992 die
2666 1937 2760 1991 illa
2779 1937 3027 1995 defectus
3057 1940 3242 2010 gloriae
3261 1937 3453 2002 Jacob,

241 1999 331 2071 ξης
357 2001 564 2068 Ἰακὼϐ,
590 2005 684 2059 καὶ
708 2004 780 2059 τὰ
802 2005 959 2060 πίονα
980 2007 1082 2077 τῆς
1105 2007 1263 2081 δόξης
1280 2009 1445 2064 αὐτοῦ
1475 2012 1783 2085 σεισθήσον-

241 2110 333 2147 ται.
363 2094 462 2147 Καὶ
494 2095 647 2149 ἔσται
679 2096 739 2149 ὃν
772 2096 975 2171 τρόπον
1010 2099 1106 2153 ἐάν
1136 2117 1227 2164 τις
1259 2104 1542 2177 συναγάγῃ
1572 2105 1783 2175 ἀμητόν

241 2186 500 2255 ἑστηκότα,
541 2189 634 2242 xal
682 2190 906 2263 σπέρμα
949 2192 1197 2263 σταχύων
1238 2195 1447 2269 ἀμήσῃ·
1493 2199 1587 2250 καὶ
1628 2197 1781 2252 ἔσται

238 2278 291 2329 ὃν
319 2279 505 2351 τρόπον
556 2282 652 2335 ἐάν
697 2298 782 2346 τις
820 2284 1104 2355 συναγάγῃ
1146 2285 1381 2355 στάχυας
1431 2288 1490 2340 ὲν
1538 2288 1781 2360 φάραγγι

240 2372 428 2441 στερεᾷ,
459 2372 553 2425 καὶ
576 2373 905 2446 καταλειφθῇ
935 2376 994 2428 ἐν
1019 2377 1155 2447 αὐτῇ
1182 2379 1418 2451 καλάμη·
1452 2381 1485 2451 ἢ
1511 2382 1587 2446 ὡς
1608 2383 1781 2454 ρῶγες

235 2460 397 2523 ἐλαίας
420 2461 532 2529 δύο,
561 2462 596 2533 ἦ
620 2467 772 2536 τρεῖς
798 2467 885 2519 ἐπ’
910 2466 1081 2538 ἄκρου
1116 2470 1411 2543 μετεώρου,
1439 2472 1470 2543 ἦ
1497 2473 1776 2546 τέσσαρες,

240 2552 263 2619 ἠ
292 2554 434 2607 πέινεε
466 2554 562 2607 ἐπὶ
593 2555 702 2610 τῶν
739 2556 947 2611 κλάδων
976 2559 1156 2613 αὐτῶν
1184 2562 1603 2632 καταλειφθῶσι.
1643 2566 1780 2619 Τάδε

237 2642 359 2710 λέγει
394 2645 596 2717 Κύριος
621 2650 651 2700 ὁ
681 2647 816 2711 Θεὸς
841 2648 939 2703 τοῦ
989 2652 1203 2723 Ἰσραήλ
1224 2670 1236 2683 ·
1272 2653 1349 2725 Τῇ
1385 2654 1567 2727 ἡμέρᾳ
1596 2657 1778 2728 ἐκείνῃ

241 2733 483 2800 πεποιθὼς
512 2736 663 2790 ἔσται
705 2738 987 2811 ἄνθρωπος
1032 2743 1124 2795 ἐπὶ
1166 2743 1243 2814 τῷ
1274 2747 1557 2817 ποιήσαντι
1595 2748 1774 2802 αὐτόν·

234 2827 276 2879 οἱ
297 2826 348 2880 δὲ
375 2827 643 2899 ὀφθαλμοὶ
673 2830 836 2884 αὑτοῦ
866 2834 945 2896 εἰς
967 2832 1060 2886 τὸν
1091 2834 1244 2903 ἆγιον
1282 2836 1377 2890 τοῦ
1425 2838 1637 2910 Ἰσραὴλ
1681 2842 1779 2911 ὲμ-

236 2916 515 2986 δλέψονται,
550 2922 644 2974 καὶ
673 2922 734 2974 ού
773 2922 847 2994 μὴ
883 2924 1197 2989 πεποιθότες
1241 2920 1374 2982 ὦσιν
1403 2930 1494 2982 ἐπὶ
1524 2933 1635 2994 τοῖς
1671 2931 1778 3001 βω-

232 3012 352 3077 μοίς,
401 3011 524 3065 οὐδὲ
567 3014 662 3065 ἐπὶ
704 3016 817 3077 τοῖς
870 3014 1049 3085 ἔργοις
1088 3018 1195 3070 τῶν
1249 3020 1445 3090 χειρῶν
1489 3023 1688 3087 αὐτῶν,
1742 3022 1777 3077 ἃ

233 3105 468 3176 ἒποίησαν
491 3108 543 3159 οί
575 3107 826 3161 δάκτυλοι
852 3109 1051 3164 αὐτῶν.
1089 3130 1107 3163 ι
1147 3113 1255 3165 Kal
1275 3112 1361 3167 διὰ
1385 3115 1586 3169 τούτων
1616 3117 1776 3189 ἐναρ-

237 3196 326 3263 fit;
358 3197 669 3262 θεσπίζεται
717 3202 749 3272 ἡ
787 3200 912 3267 δόξα
961 3201 1055 3256 τοῦ
1104 3204 1317 3276 Ἰσραὴλ
1361 3208 1454 3260 καὶ
1496 3209 1670 3262 πάντα
1710 3208 1779 3262 τά

234 3288 368 3342 πίονα
411 3290 594 3343 αὐτῶν
624 3289 1135 3365 καθαιρεθήσεσθαι,
1185 3295 1354 3365 ὀλίγοι
1391 3298 1447 3351 δὲ
1492 3295 1645 3364 αὖθις
1681 3302 1777 3355 καὶ

231 3380 422 3452 ἀριθμῷ
450 3382 670 3454 ληπτοὶ,
692 3383 840 3437 ὼσάν
864 3385 1049 3450 ἐλαίας
1075 3389 1133 3441 ὲν
1158 3388 1308 3461 φυτῷ
1333 3389 1509 3461 ρῶγες
1536 3391 1775 3464 βραχείς,

229 3471 736 3544 ιαταλειφθήσεσθαι
768 3474 1038 3544 λέγονταιο
1086 3472 1231 3533 οὗτοι
1271 3478 1327 3533 δὲ
1372 3480 1438 3534 ἂν
1474 3476 1584 3535 εἶεν
1611 3485 1683 3536 ὀἱ
1717 3484 1777 3549 ἐξ

228 3561 386 3616 αὐτῶν
421 3565 503 3628 εἰς
542 3565 637 3618 τϋν
676 3564 880 3637 Κύριον
930 3567 1087 3639 ἡμῶν
1130 3573 1574 3636 πεπιστευκότες.
1620 3575 1779 3628 Ἀκο-

226 3652 407 3717 λούθως
462 3655 523 3709 δὲ
573 3656 712 3726 μετά
756 3657 825 3711 τά
883 3661 1011 3732 περὶ
1058 3661 1285 3715 ἐκείνων
1332 3664 1615 3736 εἰρημένα,
1649 3667 1779 3738 περὶ

226 3744 403 3812 παντὸς
464 3747 769 3820 ἀνθρώπων
819 3751 1011 3819 γένους
1066 3753 1620 3827 ἀποστραφησομένου
1678 3759 1776 3829 τὴν

224 3839 350 3890 κατὰ
384 3837 456 3892 τὰ
485 3839 681 3895 εἴδωλα
711 3841 943 3913 πλάνην,
980 3845 1417 3916 ὲπιγνωσομένου
1445 3847 1501 3901 δὲ
1532 3847 1620 3901 τὸν
1645 3848 1776 3901 Θεὸν

233 3928 451 4003 Ἰσραὴλ,
486 3933 909 4003 προφητεύεται.

279 4022 403 4077 MA'.
441 4042 461 4075 ι
514 4025 830 4091 Ἀκούσατε,
862 4027 1036 4098 νῆσοι.
1083 4031 1634 4104 ὲγκαταλελειμμένοι
1682 4036 1777 4090 καὶ

225 4110 553 4184 ὀδυνώμενοι,
589 4115 882 4182 ἀκούσατε,
909 4118 945 4172 ἃ
992 4119 1201 4190 ἥκουσα
1232 4121 1382 4193 παρὰ
1418 4124 1624 4197 Κυρίου
1668 4126 1771 4180 Σα-

222 4202 373 4257 ϐαὼθ·
400 4207 430 4259 ὀ
472 4206 608 4271 Θεὸς
639 4207 737 4261 τοῦ
773 4209 989 4281 Ἰσραὴλ
1030 4213 1348 4284 ἀνήγγειλεν
1383 4219 1535 4288 ἡμῖν.
1573 4237 1592 4270 ι
1630 4220 1773 4291 Ὅρα

224 4294 325 4350 τίνα
360 4299 561 4370 τρόπον
601 4302 696 4355 καὶ
738 4302 970 4359 ἐνταῦθα
1017 4307 1078 4359 οὐ
1111 4308 1317 4373 πάντας
1352 4311 1479 4375 τοὺς
1521 4314 1584 4366 ὲκ
1618 4331 1773 4385 περι-

220 4391 374 4461 τομῆς
412 4393 507 4445 ἐπὶ
534 4394 634 4464 τὴν
654 4395 762 4447 τῶν
795 4398 1120 4469 ἀπορρήτων
1150 4401 1412 4473 ἀκρόασιν
1443 4405 1769 4475 παρακαλεῖ,

217 4479 319 4533 ἀλλ’
365 4482 398 4553 ἢ
447 4483 664 4554 μόνους,
701 4485 794 4551 οὓς
830 4487 1085 4559 ὀνομάζει
1119 4492 1643 4564 καταλελειμμένους
1678 4499 1772 4550 καὶ

216 4570 567 4644 ὢυνωμένους
585 4593 600 4606 ·
660 4571 768 4631 οἷοι·
805 4575 944 4652 ἦσαν
992 4585 1043 4636 οἱ
1090 4582 1231 4636 κατά
1274 4583 1366 4634 τὸν
1428 4584 1767 4649 Ἀπόστολον,

1882 2035 1936 2081 ct
1964 2027 2184 2099 pinguia
2209 2028 2393 2100 gloriae
2414 2028 2588 2098 ipsius
2615 2030 3045 2099 quassabuntur.
3063 2028 3129 2083 Et
3142 2030 3246 2086 erit
3272 2046 3455 2101 quem-

1883 2117 2174 2175 admodum
2208 2120 2254 2175 si
2281 2119 2405 2190 quis
2422 2120 2644 2190 colligat
2666 2135 2896 2178 messem
2921 2128 3178 2188 stantem,
3196 2129 3252 2178 et
3268 2137 3454 2178 semen

1883 2208 2157 2277 spicarum
2183 2216 2384 2277 metat;
2420 2216 2474 2263 et
2500 2211 2604 2263 erit
2626 2208 3084 2279 quemadmodum
3114 2210 3161 2267 si
3185 2211 3310 2283 quis
3343 2211 3453 2267 col-

1882 2301 2013 2371 ligat
2038 2300 2216 2370 spicas
2261 2302 2317 2355 in
2373 2302 2621 2357 convalle
2649 2301 2848 2367 solida,
2882 2310 2936 2359 et
2969 2303 3081 2374 78
3113 2303 3304 2360 relicta
3337 2305 3453 2367 fue-

1883 2394 1953 2445 rit
1979 2392 2035 2446 in
2086 2408 2150 2447 ea
2192 2392 2429 2463 stipula;
2461 2378 2554 2448 aut
2586 2393 2745 2464 quasi
2771 2394 2950 2449 bacca:
2976 2394 3133 2450 oliva:
3166 2394 3307 2456 duae,
3338 2395 3452 2451 sive

1881 2490 1992 2539 tres
2030 2483 2087 2537 in
2137 2483 2423 2538 cacumine
2452 2482 2696 2547 sublimi,
2729 2498 2823 2538 seu
2855 2491 3112 2553 quatuor,
3147 2499 3244 2539 seu
3291 2484 3455 2554 quin-

1881 2591 1986 2644 que
2014 2577 2068 2629 in
2105 2576 2272 2631 ramis
2294 2574 2430 2646 ipsis
2451 2574 2655 2631 relictae
2686 2573 2907 2631 fuerint.
2944 2574 3069 2631 Haec
3102 2575 3235 2631 dicit
3266 2574 3450 2631 Domi~

1880 2683 1985 2721 nus
2014 2665 2157 2723 Deus
2184 2665 2353 2723 Israel
2389 2682 2401 2716 :
2438 2664 2496 2719 In
2526 2664 2615 2720 die
2640 2664 2733 2719 illa
2753 2664 3034 2722 conﬁdens
3063 2666 3167 2722 erit
3202 2666 3365 2722 homo
3394 2667 3461 2721 in.

1879 2774 1964 2822 co,
1990 2757 2081 2828 qui
2114 2755 2241 2812 fecit
2288 2756 2466 2829 ipsum
2502 2775 2514 2809 :
2549 2755 2693 2810 oculi
2726 2746 2905 2811 autem
2945 2757 3065 2826 ejus
3102 2757 3169 2812 ad
3200 2764 3469 2813 sanctum.

1880 2848 2045 2903 Israel
2103 2849 2414 2919 respicient,
2442 2856 2498 2903 et
2523 2863 2633 2902 non
2681 2854 2844 2903 erunt
2873 2848 3209 2905 confidentes
3231 2850 3284 2903 in
3309 2850 3450 2903 alta~

1880 2942 2051 3003 ribus,
2083 2958 2258 3012 neque
2279 2942 2333 2998 in
2357 2943 2615 3014 operibus
2636 2958 2897 2998 manuum
2933 2957 3178 3017 suarum,
3218 2957 3341 3012 qua:
3372 2940 3450 2996 fe-

1880 3045 2071 3088 cerunt
2106 3032 2261 3103 digiti
2288 3033 2533 3105 ipsorum
2558 3035 2624 3089 ⁸⁸.
2651 3053 2670 3086 ι
2705 3032 2767 3088 In
2807 3033 2893 3089 his
2927 3046 3146 3103 quoque
3169 3031 3449 3086 evidenter

1880 3125 2135 3189 canitur;
2172 3125 2631 3197 quemadmodum
2684 3127 2871 3199 gloria
2900 3126 3085 3187 Israel,
3146 3131 3201 3180 et
3251 3132 3447 3179 cuncta

1804 3265 1848 3320 c
1883 3216 2103 3289 pinguia
2128 3233 2317 3273 eorum
2349 3218 2645 3274 auferenda
2676 3220 2806 3286 sint,
2831 3220 2900 3274 ‘et
2942 3217 3099 3288 pauci
3128 3231 3322 3271 rursus
3346 3232 3449 3270 nu-

1879 3323 2148 3379 meroque
2197 3309 2731 3382 comprehensibiles‘
2764 3308 3105 3381 relinquendi
3140 3326 3153 3361 :
3186 3316 3353 3379 atque
3391 3308 3446 3362 hi

1876 3401 2092 3473 quidem
2117 3410 2299 3468 erunt,
2336 3402 2430 3474 qui
2454 3419 2517 3459 ex
2549 3404 2708 3461 eisin
2730 3403 3018 3459 Dominum
3050 3410 3298 3458 nostrum
3327 3417 3447 3457 cre-

1875 3494 2133 3551 dlderint.
2166 3494 2434 3566 Deinceps
2464 3502 2644 3551 autem
2665 3494 2789 3573 post
2819 3512 2882 3552 ea
2916 3512 3038 3568 quae
3069 3496 3137 3553 de
3164 3498 3278 3553 illis
3297 3496 3463 3553 dictae

1876 3594 2024 3653 sunt,
2051 3586 2122 3643 de
2152 3588 2410 3645 universo
2440 3604 2637 3660 genere
2694 3582 2973 3645 hominum
2996 3630 3010 3653 ,
3047 3590 3201 3660 quod
3223 3605 3445 3646 aversu-

1876 3693 1997 3755 rum
2028 3693 2086 3734 se
2114 3678 2185 3731 sit
2206 3677 2275 3732 ab
2294 3691 2480 3733 errore
2513 3670 2951 3744 simulacrorum,
2972 3676 3251 3748 Deumque
3281 3677 3471 3732 Israel"

1876 3768 2541 3840 agniturum,vaticinium
2579 3768 2846 3839 sequitur.
2876 3788 2879 3791 ·

1945 4027 2128 4084 XLIV.
2162 4047 2182 4083 ι
2213 4028 2428 4096 Audite,
2452 4029 2664 4092 insulae,
2689 4043 2784 4100 qui
2804 4028 2980 4084 relicti
3010 4028 3147 4084 estis
3172 4034 3226 4084 et
3256 4026 3444 4083 dolore

1875 4119 2198 4177 cruciamini
2222 4135 2237 4175 :
2265 4121 2447 4175 audite
2472 4135 2593 4191 quae
2626 4119 2808 4174 audivi
2847 4135 2878 4174 a
2900 4117 3133 4175 Domino
3163 4117 3401 4174 Sabaoth
3435 4134 3446 4173 ;

1874 4210 2021 4267 Deus
2050 4212 2218 4268 Israel
2267 4211 2540 4266 nuntiavit
2590 4212 2751 4267 nobis
2773 4211 2840 4265 “.
2881 4231 2901 4264 ι
2934 4209 3131 4281 Specta
3179 4210 3443 4283 quemad-

1874 4301 2096 4358 modum
2121 4303 2212 4358 hic
2246 4304 2470 4374 'quoque
2498 4317 2607 4358 non
2647 4318 2861 4367 omnes,
2914 4303 3005 4373 qui
3042 4302 3110 4358 ad
3154 4303 3436 4359 circumci-

1877 4397 2088 4453 sionem
2109 4404 2380 4469 spectant,
2415 4396 2483 4452 ad
2509 4394 2779 4467 ejusmodi
2826 4409 3031 4450 arcana
3059 4395 3328 4451 audienda
3362 4396 3443 4449 in.

1874 4488 2031 4554 vitet,
2052 4489 2148 4546 sed
2170 4489 2318 4547 solos
2338 4504 2457 4557 eos,
2500 4505 2641 4561 quos
2661 4487 2794 4544 dicit
2834 4489 3054 4543 relictos
3088 4502 3231 4552 esse,
3253 4501 3319 4542 ac
3339 4485 3442 4540 do-

1876 4580 1991 4636 lore
2014 4580 2249 4636 cruciari
2278 4599 2291 4634 :
2316 4580 2507 4650 quales
2561 4587 2739 4646 erant,
2776 4579 2893 4650 qui,
2919 4586 2978 4633 ut
3020 4577 3096 4632 ait
3124 4577 3473 4649 Apostolus,.

216 4664 554 4730 στενάζοντες
591 4669 687 4723 καὶ
723 4644 1119 4743 ἀποκλαόμενοι
1162 4671 1260 4744 τὴν
1299 4672 1497 4727 κακίαν
1535 4675 1636 4742 τοῦ,
1661 4644 1768 4730 τῶν

1882 4672 2154 4746 gemebant
2188 4688 2253 4727 ac
2273 4644 2629 4742 deplorabant
2675 4644 2934 4727 mali-tiam
2976 4670 3098 4725 vita:
3134 4644 3469 4725 hominum-

214 4752 502 4827 ἀνθρώπων
533 4758 669 4828 βίου.

274 4849 402 4904 ME'.
441 4869 463 4902 ι
515 4851 852 4925 Ἐπένθησαν
890 4856 938 4908 οἱ
968 4856 1159 4928 ὑψηλοὶ
1207 4856 1306 4927 τῆς
1349 4858 1483 4929 γῆς,
1531 4859 1564 4929 ἡ
1603 4858 1661 4912 δὲ
1700 4860 1772 4930 γῆ

214 4940 443 5014 ὴνόμησε
498 4944 589 4998 διὰ
636 4946 763 5010 τοὺς
802 4948 1189 5013 κατοικοῦντας
1238 4951 1427 5021 αὐτήν.
1480 4951 1579 5005 Διὰ
1613 4951 1773 5006 τοῦτο

214 5038 405 5104 πτωχοὶ
428 5035 647 5091 ἔσονται
672 5037 723 5090 οί
759 5037 1096 5104 ἐνοικοῦντες
1127 5042 1221 5095 ὲπὶ
1250 5041 1349 5113 τῆς
1391 5041 1513 5112 γῆς,
1546 5044 1639 5096 καὶ
1674 5060 1772 5097 κα·-

219 5122 653 5197 ταλειφθήσονται
689 5124 962 5199 ἄνθρωποι
994 5129 1183 5199 ὀλίγοι.
1228 5151 1246 5184 ι
1298 5133 1408 5185 Kal
1457 5132 1513 5184 ἐν
1563 5131 1773 5197 τούτοις

217 5215 328 5279 τοὺς
375 5218 831 5292 παραϐεόηκότας
880 5222 972 5276 τὸν
1013 5222 1197 5292 νόμον,
1239 5224 1333 5279 καὶ
1374 5224 1470 5296 τὴν
1511 5223 1606 5277 τοῦ
1634 5224 1771 5278 Θεοῦ

217 5303 460 5382 διαθήκην
484 5310 582 5365 τοῦ
607 5311 675 5363 ὲκ
707 5311 1010 5383 περιτομῆς
1036 5310 1166 5365 λαοῦ
1192 5312 1515 5382 ἀπελέγξας,
1547 5314 1773 5387 ἀπειλή-

218 5410 305 5460 σας
323 5414 378 5450 τε
405 5401 592 5464 αὐτοῖς
627 5400 699 5455 τὰ
731 5401 1215 5474 ἀναγεγραμμένα,
1246 5400 1772 5477 καταλειφθήσεσθαι

218 5486 511 5561 ἀνθρώπους
547 5492 609 5558 ἐξ
634 5492 816 5547 αὐτῶν
852 5493 1066 5561 ὀλίγους
1099 5495 1454 5567 προφητεύει·
1485 5491 1596 5549 εἶεν
1636 5496 1679 5548 δ’
1706 5495 1773 5549 ἂν

217 5574 344 5638 ὦτοι
378 5586 439 5640 τὺ
466 5586 861 5658 ὠνομασμένον
901 5588 1051 5659 παρὰ
1089 5588 1166 5659 τῷ
1220 5589 1522 5661 Ἀποστόλῳ
1564 5590 1776 5661 λεῖμμα

218 5676 318 5729 κατ’
343 5678 567 5751 ἐκλογὴν
601 5679 735 5751 χάρ.
749 5696 853 5740 τος.

1943 4855 2106 4913 XLV.
2149 4856 2471 4912 «Luserunt
2496 4856 2699 4912 excelsi
2742 4861 2921 4921 terrae,
2967 4864 3021 4909 et
3075 4862 3225 4910 terra
3256 4852 3441 4922 inique

1869 4951 1979 5020 egit
2004 4957 2225 5020 propter
2252 4950 2563 5005 habitantes
2592 4962 2738 5004 eam.
2781 4947 2994 5002 Idcirco
3049 4947 3239 5017 inepes
3282 4950 3472 4999 erunt“

1871 5038 2240 5097 inhabitantes
2292 5041 2348 5095 in
2408 5049 2573 5104 terra,
2637 5047 2692 5094 et
2754 5040 3133 5110 relinquentur
3192 5039 3474 5093 homines:

1870 5132 2028 5203 pauci
2060 5133 2127 5188 °".
2151 5151 2171 5185 ι
2206 5130 2266 5187 ln
2291 5131 2380 5187 his
2420 5147 2637 5202 quoque
2667 5130 2776 5185 ubi
2817 5146 2914 5186 eos
2941 5128 3311 5200 reprehendit,
3347 5132 3442 5200 qui

1868 5236 1934 5277 ex
1966 5222 2167 5293 popqu
2199 5221 2637 5278 circumcisionis
2673 5220 2844 5291 legem
2906 5218 3022 5283 Dei,
3048 5228 3104 5276 et
3140 5227 3444 5277 testamen-

1869 5322 1985 5369 tum
2006 5314 2455 5385 contempserint,
2484 5321 2539 5369 et
2557 5314 2640 5369 eis
2669 5314 2912 5369 minatus
2935 5319 3020 5368 est
3066 5325 3129 5368 ea
3158 5328 3282 5383 quae
3304 5314 3444 5368 scri-

1871 5416 1961 5477 pta
1988 5414 2151 5475 sunt;
2182 5415 2300 5463 tum
2330 5424 2397 5463 ex
2449 5407 2561 5463 illis
2586 5421 2790 5478 paucos
2838 5402 3095 5461 homines
3138 5422 3262 5461 esse
3278 5406 3444 5460 relin-

1871 5498 2121 5570 quendos
2142 5499 2493 5555 vaticinatur.
2519 5500 2587 5554 lli
2616 5515 2746 5557 vero
2768 5498 2879 5556 sint
2902 5513 3034 5555 sane
3060 5498 3186 5565 illae,
3204 5514 3443 5572 quamo-

1869 5592 2151 5648 minantur
2203 5591 2349 5662 apud
2413 5592 2788 5662 Apostolum-c
2836 5591 3082 5661 reliquiae
3144 5587 3466 5647 secundum-

1870 5681 2187 5738 electionem
2205 5681 2391 5752 guatiae
2416 5682 2478 5735 ⁸⁸.
2503 5702 2524 5735 ι

276 5855 315 5888 ⁸³
341 5853 437 5914 lsa.
459 5860 690 5928 muli,
720 5859 807 5915 12.
888 5860 934 5894 “
966 5861 1100 5918 lbid.
1134 5862 1215 5919 ll.
1295 5862 1337 5896 θ’
1364 5862 1619 5921 lsa.xvu-.
1649 5861 1764 5918 4-8.
1844 5864 1887 5897 οε
1919 5861 2024 5921 lsa.
2058 5880 2205 5920 χιιι.
2244 5866 2295 5921 l.
2324 5866 2376 5921 2.
2460 5866 2624 5922 "iss:
2654 5867 2933 5926 nunt-6.
3008 5868 3049 5897 σε
3090 5864 3245 5920 Rom.
3278 5878 3357 5922 Is.
3390 5861 3459 5918 δι,
