3942 6258
267 412 351 469 153
1124 405 1774 475 DEMONSTRATIONIS
1809 406 1824 460 1

1907 405 2265 461 ΑΝΟΕΙΔΕΑΞ
2304 406 2430 461 LIB.
2473 404 2534 459 Il.
3366 406 3464 463 154

272 529 436 599 Ὑμεῖς
458 526 515 581 δέ
542 527 593 580 οὶ
625 525 1077 596 ἐγκαταλιπόντες
1107 542 1172 596 με
1205 525 1299 578 κα)⁵
1325 524 1802 595 ἐπιλανθανόμενοι

1909 523 2207 594 reliquistis
2237 537 2344 588 me,
2383 529 2439 578 et
2484 520 2868 577 obliviscimini
2913 528 3151 579 montem
3216 533 3466 581 sanctum

263 620 310 673 τδ
332 620 444 689 ὅρος
464 617 524 672 τὺ
551 617 710 688 ἅγιόν
743 634 864 690 μου,
896 619 987 670 καὶ
1014 617 1390 689 ἐτοιμάζοντες
1413 621 1478 690 τῇ
1510 619 1643 690 τύχῃ
1674 618 1805 690 τρά-

1908 631 2111 680 meum,
2142 622 2195 670 et
2218 615 2426 688 paratis
2447 612 2681 667 fortuna:
2713 628 2982 680 mensam,
3004 623 3057 669 et
3088 614 3321 686 impletis
3352 615 3465 671 da-

263 709 437 774 πεζαν,
482 709 577 763 καὶ
624 707 953 782 πληροῦντες
994 706 1072 778 τῷ
1115 706 1328 779 δαίμονι
1372 708 1649 780 κέρασμα,
1692 709 1802 777 ἐγὼ

1911 707 2052 762 moni
2100 707 2355 776 poculum
2389 706 2609 761 mistum
2657 724 2670 760 :
2723 720 2824 778 ego
2872 707 3077 762 tradam
3117 723 3214 777 vos
3261 709 3315 764 in
3351 709 3468 780 gla-

262 799 540 874 παραδώσω
566 800 717 873 ὑμᾶς
746 802 827 865 εἰς
857 801 1147 873 μάχαιραν.
1173 800 1380 865 Πάντες
1408 803 1466 854 ἐν
1494 803 1670 871 σφαγῇ
1706 818 1803 853 πε-

1909 798 2073 853 dium.
2109 796 2312 854 Omnes
2343 798 2396 853 in
2419 799 2691 856 occisione
2712 800 2923 858 cadetis
2950 819 2965 868 ;
2996 801 3253 871 quoniam
3276 800 3466 857 vocavi

260 892 446 946 σεῖσθε·
474 893 559 945 ὅτι
605 892 839 947 ἐκάλεσα
863 893 1024 962 ὑμᾶς,
1056 893 1148 945 καὶ
1177 892 1275 963 οὐχ
1303 893 1669 963 ὑπηκούσατε,
1710 894 1803 945 καὶ

1909 904 2027 951 vos,
2053 898 2107 945 et
2136 906 2246 946 non
2269 891 2645 956 auscultastis,
2670 899 2725 947 et
2756 884 2966 947 fecistis
3005 894 3207 947 malum
3246 893 3301 948 in
3330 908 3466 949 con-

258 985 523 1056 ἐποιήσατε
574 983 638 1037 τὺ
696 983 925 1053 πονηρὸν
986 983 1227 1037 ἐναντίον
1282 984 1437 1053 ἐμοῦ,
1487 985 1579 1039 καὶ
1627 982 1662 1037 ἃ
1703 984 1803 1039 ούκ

1910 990 2096 1050 spectu
2123 997 2265 1046 meo,
2288 991 2342 1037 et
2368 997 2489 1054 quae
2513 983 2784 1047 nolebam,
2820 984 3063 1055 elegistis
3082 984 3151 1040 ⁷³.
3181 1002 3200 1036 ι
3240 985 3375 1040 Cum
3410 986 3467 1040 in

258 1075 529 1146 ἐϐουλόμην
567 1074 905 1141 ἐξελέξασθε.
951 1094 969 1126 ι
1005 1074 1202 1128 Διελὼν
1226 1075 1318 1128 καὶ
1356 1077 1414 1128 ἐν
1439 1076 1646 1139 τούτοις
1670 1077 1698 1128 ὁ
1719 1074 1805 1128 λό-

1908 1072 1996 1128 his
2027 1073 2301 1129 divisione
2342 1074 2575 1144 quadam
2612 1090 2795 1132 sermo
2832 1075 3051 1132 divinus
3093 1084 3297 1141 utatur,
3348 1084 3465 1132 tum

257 1184 352 1237 γος,
383 1165 553 1237 βραχὺ
590 1166 692 1235 μέν
723 1166 773 1219 τί
803 1183 932 1237 φησι
963 1166 1181 1237 σπέρμα
1206 1165 1263 1232 ἐξ
1298 1166 1491 1219 Ἰακὼό
1519 1165 1803 1231 τεύξεσθαι

1911 1161 2162 1233 exiguum
2208 1162 2480 1233 quoddam
2514 1178 2700 1219 semen
2728 1161 2918 1228 Jacob,
2959 1178 3021 1218 ea
3051 1180 3171 1234 qua:
3199 1165 3468 1235 promissa

255 1259 346 1311 τῶν
380 1257 836 1329 ἐπηγγελμένων·
872 1257 1159 1322 ἐκλεκτούς
1199 1276 1255 1311 τε
1293 1254 1430 1313 εἶναι
1459 1261 1583 1322 τοὺς
1626 1275 1805 1313 κατοι-

1912 1262 2034 1309 sunt
2073 1263 2498 1311 consecuturum
2540 1254 2769 1310 afﬁrmat
2817 1274 2829 1310 :
2880 1256 3081 1327 electos
3126 1268 3302 1311 autem
3346 1274 3469 1313 esse

257 1352 504 1421 κήσαντας
540 1351 602 1404 ἐν
628 1350 706 1420 τῷ
728 1349 951 1422 δρυμᾷν
979 1349 1149 1413 οῦτως
1175 1349 1454 1420 ὀνομάζων
1485 1350 1581 1419 τὴν
1610 1349 1804 1419 κλῆσιν

1912 1361 2023 1411 eos,
2072 1347 2167 1417 qui
2212 1347 2456 1403 habitent
2503 1348 2560 1404 in
2610 1347 2768 1403 silva.
2823 1347 2958 1404 Nam
3009 1350 3089 1404 sic
3135 1350 3469 1404 vocationem

255 1443 342 1496 τῶν
367 1441 552 1506 ἐθνῶν,
585 1436 707 1514 ἐνῇ
741 1443 788 1494 οἱ
818 1441 1060 1495 ἐκλεκτοὶ
1095 1441 1185 1495 τοῦ
1220 1442 1446 1514 Κυρίου,
1478 1442 1570 1495 καὶ
1606 1440 1666 1494 τὸ
1701 1442 1804 1493 Ία-

1912 1438 2152 1507 gentium
2186 1441 2455 1505 nominat,
2485 1441 2539 1495 in
2570 1458 2676 1513 qua
2722 1442 2879 1498 electi
2912 1442 3150 1507 Domini,
3184 1450 3238 1498 et
3287 1458 3469 1498 semen

253 1534 349 1590 κὼό
369 1534 610 1606 σπέρμα,
644 1529 751 1586 εἶεν
780 1532 824 1585 δ’
858 1532 932 1603 (1)
960 1532 1025 1586 ἂν
1053 1536 1100 1586 οἱ
1128 1533 1411 1587 ἀπόστολοι
1439 1534 1531 1586 καὶ
1569 1531 1805 1603 μαθηταὶ

1914 1527 2078 1584 Iacob
2110 1530 2245 1595 sint,
2279 1548 2411 1587 sane
2444 1532 2544 1603 ipsi
2580 1535 2811 1605 apostoli
2851 1542 2905 1590 et
2931 1534 3185 1605 discipuli
3229 1532 3471 1591 Salvato-

252 1625 329 1679 τοῦ
349 1614 595 1696 Σωτῆρος
631 1623 790 1695 ήμῶν
808 1641 821 1655 ⁵
850 1625 900 1677 οἱ
918 1623 975 1679 δέ
1001 1623 1175 1678 λοιποὶ
1198 1624 1396 1688 πάντες
1422 1625 1570 1696 παρὰ
1590 1623 1806 1687 τούτους

1913 1620 1987 1677 ris
2016 1624 2193 1676 nostri
2227 1641 2240 1677 :
2270 1630 2466 1694 praeter
2493 1639 2634 1695 quos
2663 1627 2755 1695 qui
2782 1626 2974 1696 reliqui
3009 1633 3155 1691 sunt,
3191 1640 3382 1681 omnes
3414 1626 3470 1680 in

250 1719 350 1780 ταῖς
382 1715 744 1788 δηλουμέναις
779 1716 1030 1779 ἀπειλαῖς
1065 1715 1489 1787 ὑποϐέὸληνται·
1526 1718 1805 1787 μονονουχὶ

1913 1728 2025 1778 eas,
2063 1729 2185 1787 quae
2212 1716 2475 1785 expositae
2500 1726 2648 1782 sunt,
2678 1718 2853 1774 minas
2891 1717 3203 1773 reciderunt
3250 1736 3263 1773 :
3299 1733 3470 1789 quan-

248 1808 325 1863 τοῦ
346 1808 497 1877 λόγου
522 1808 842 1879 γυμνότατα
869 1807 1257 1881 παριστῶντος,
1294 1808 1368 1880 μὴ
1398 1808 1473 1872 ὡς
1499 1808 1684 1879 ἔτυχεν
1714 1809 1805 1862 ἐπὶ

1919 1801 2204 1872 doquidem
2257 1804 2375 1875 ipsa
2413 1807 2588 1861 oratio
2634 1823 2802 1878 prope
2852 1808 3197 1878 apertissime
3243 1808 3476 1881 demon-I

250 1901 340 1953 πᾶν
366 1865 425 1953 τό
465 1865 744 1954 Ἰουδαίων
772 1898 923 1963 ἔθνος
951 1865 1190 1968 ’φθάσειν
1353 1865 1805 1968 an-9505mm-

1914 1899 2070 1957 strat,
2118 1910 2231 1951 non
2282 1911 2415 1952 casu
2452 1898 2686 1968 quodam
2746 1899 2802 1953 in
2850 1907 3104 1955 cunctam
3161 1898 3471 1957 Iudaeorum

248 1992 427 2061 γελξας,
487 1993 607 2048 ἀλλ’
647 1993 742 2047 ἐπὶ
804 1993 962 2063 μόνον
1023 1993 1083 2045 τὸ
1119 1992 1503 2064 ὠνομασμένον
1554 1995 1795 2066 σπέρμα.

1913 1993 2122 2058 gentem
2170 1989 2441 2057 promissa
2481 1989 2665 2045 divina
2698 2005 2822 2046 esse
2854 2000 3105 2059 ventura,
3159 1992 3257 2047 sed
3309 1992 3365 2046 in
3418 1992 3470 2047 id

249 2085 327 2138 καὶ
355 2085 475 2149 τοὺς
504 2085 972 2157 ἐπικαλουμένους
1004 2085 1291 2149 ἐκλεκτοὺς
1316 2085 1407 2140 τοῦ
1440 2084 1604 2140 Θεοῦ·
1639 2108 1658 2139 ι
1684 2089 1804 2141 ἐπεὶ

1918 2079 2084 2133 solum
2133 2080 2279 2150 quod
2328 2096 2513 2137 semen
2549 2089 2632 2137 est
2665 2082 3027 2147 nominatum,
3058 2090 3113 2138 et
3141 2083 3199 2139 in
3233 2099 3348 2151 eos,
3381 2086 3475 2156 qui

250 2176 409 2229 πολλοὶ
443 2175 662 2248 κλητοὶ,
709 2176 878 2245 ὀλίγοι
919 2175 977 2230 δέ
1020 2176 1283 2231 ἐκλεκτοί.
1319 2196 1337 2229 ι
1368 2177 1589 2242 Τούτοις
1623 2178 1681 2232 δὲ
1711 2180 1805 2233 καὶ

1915 2167 2089 2223 vocari
2125 2169 2301 2225 solent
2332 2171 2493 2229 electi
2525 2170 2618 2227 Dei
2644 2192 2657 2227 :
2701 2190 2720 2225 ι
2760 2172 2915 2226 multi
2945 2174 3090 2227 enim
3121 2182 3251 2229 sunt
3272 2174 3472 2238 vocati,

246 2267 324 2322 νῦν
346 2268 508 2338 ὄνομα
550 2268 743 2322 καινὸν
782 2264 1194 2341 ἐπιτεθήσεσθαι
1230 2267 1358 2340 ἑξῆς
1391 2270 1419 2323 ό
1441 2268 1596 2338 λόγος
1618 2270 1803 2324 θεσπί-

1915 2259 2064 2330 pauci
2096 2274 2226 2316 vero
2250 2262 2406 2317 electi
2435 2263 2501 2319 "".
2539 2282 2559 2317 ι
2594 2264 2805 2332 Quibus
2832 2266 2997 2321 etiam
3027 2280 3227 2321 nomen
3271 2279 3472 2320 novum

245 2358 332 2424 ζει,
361 2360 588 2428 φάσκων
628 2359 768 2432 πρὸς
797 2361 921 2422 τοὺς
957 2359 1203 2422 ἀσεόεῖς’
1237 2377 1256 2410 ι
1293 2359 1802 2431 Καταλειφθήσεται

1993 2352 2294 2420 ponendum
2328 2354 2591 2426 deinceps
2625 2356 2907 2412 oraculum
2935 2358 3103 2423 canit,
3142 2356 3225 2413 sic
3270 2356 3550 2429 aii-ima.-.

241 2448 330 2523 γὰρ
366 2449 425 2503 τὸ
461 2450 645 2521 ὄνομα
692 2449 846 2521 ὑμῶν
891 2450 971 2513 εἰς
1016 2449 1333 2521 πλησμονὴν
1370 2451 1483 2513 τοῖς
1530 2449 1798 2514 ἐκλεκτοῖς

1912 2442 2025 2513 pios
2055 2441 2284 2499 dicens:
2325 2461 2345 2495 ‹
2384 2442 2747 2515 Relinquetur
2786 2447 2934 2502 enim
2982 2462 3185 2503 nomen
3225 2454 3469 2503 vestrum

244 2559 352 2613 μου·
383 2542 526 2614 ὑμᾶς
548 2543 605 2596 δ’
638 2542 817 2597 ἀνελεῖ
843 2541 1044 2614 Κύριος
1066 2559 1079 2572 ·
1112 2544 1224 2605 τοῖς
1249 2541 1305 2594 δὲ
1338 2542 1681 2595 δουλεύσουσι
1712 2560 1801 2611 μοι

1916 2538 1960 2590 in
2002 2537 2311 2592 satietatem
2360 2539 2548 2595 electis
2605 2542 2763 2595 meis.
2799 2540 2911 2607 Vos
2956 2547 3136 2596 autem
3184 2540 3473 2596 interficiet

242 2634 548 2707 κληθήσεται
582 2634 754 2706 ὖνομα
784 2634 986 2688 καινόν.
1029 2652 1049 2685 ι
1085 2633 1159 2686 Τὸ
1186 2633 1251 2705 δὴ
1279 2629 1371 2687 οῦν
1396 2634 1566 2706 ὄνομα
1592 2636 1798 2695 καινὸν,

1917 2627 2168 2685 Dominus
2199 2647 2213 2684 :
2258 2629 2296 2684 ii
2327 2646 2478 2697 vero,
2525 2632 2616 2702 qui
2664 2633 2797 2687 mihi
2836 2632 3096 2697 servient,
3127 2631 3474 2687 vocabuntur

243 2726 264 2781 ὂ
286 2727 350 2800 μὴ
377 2728 524 2801 παρὰ
559 2730 680 2791 τοῖς
703 2726 950 2790 παλαιοῖς
981 2725 1238 2794 ἐγνωστο,
1279 2729 1429 2779 ποῖον
1457 2727 1522 2780 ἂν
1556 2728 1639 2799 εῖη
1683 2728 1715 2799 ἢ
1742 2729 1800 2781 τὸ

1915 2720 2126 2776 nomine
2154 2737 2295 2777 novo
2313 2723 2381 2778 ⁷⁸.
2421 2743 2439 2776 ι
2472 2722 2636 2794 Atqui
2657 2740 2859 2779 novum
2896 2724 3042 2779 istud
3072 2738 3296 2788 nomen,
3324 2720 3472 2793 quod

242 2818 331 2872 ἀπὺ
355 2820 450 2891 τῆς
476 2820 585 2873 τοῦ
615 2820 865 2889 Σωτῆρος
895 2818 1054 2890 ήμῶν
1094 2816 1267 2888 Ἰησοῦ
1292 2819 1385 2871 τοῦ
1411 2819 1650 2891 Χριστοῦ
1678 2840 1799 2893 προ-

1917 2813 2144 2883 mtiquis
2190 2814 2434 2885 ignotum
2491 2815 2676 2882 fuerit,
2717 2816 2993 2887 quodnam
3047 2831 3232 2886 quaeso
3287 2814 3474 2879 fuerit,

245 2912 496 2981 σωνυμῐας
548 2910 678 2965 καθ’
730 2911 859 2982 ὅλης
910 2910 1011 2982 τῆς
1064 2910 1389 2983 οἰκουμένης
1441 2911 1801 2983 εὐλογημένον

1914 2907 2008 2962 nisi
2041 2906 2524 2975 Christianorum?
2558 2910 2704 2980 quod
2734 2925 2765 2964 a
2798 2910 3102 2966 Salvatoris
3133 2910 3310 2966 nostri
3340 2908 3471 2965 Jesu

242 3001 564 3074 Χριστιανῶν
598 3002 769 3073 ὄνομα
790 3019 806 3067 ;

1912 2997 2103 3054 Christi
2133 3000 2495 3069 appellatione
2522 3000 2817 3055 deductum
2857 3002 2911 3056 in
2966 3010 3081 3056 toto
3132 3002 3264 3058 orbe
3292 3013 3469 3059 terra-

1904 3104 2028 3144 rum
2054 3090 2305 3145 laudibus
2335 3098 2389 3146 et
2419 3091 2603 3146 favore
2630 3091 2978 3147 celebratur?

645 3175 729 3228 N'.
776 3174 917 3230 Ἀπὸ
956 3174 1065 3229 τοῦ
1094 3175 1370 3245 Μιχαίου.
1827 3211 1870 3270 C

1430 3266 1455 3270 _
1562 3265 1572 3270 _
1827 3211 1870 3270 C
2044 3269 2077 3270 _
2424 3183 2530 3252 81
2569 3181 2630 3237 L.
2663 3182 2705 3235 Α
2744 3182 2985 3238 Hic/mm.

300 3284 321 3318 σ
349 3267 456 3320 Kal.
482 3266 647 3321 ἔσται
672 3268 737 3320 ἐκ
775 3267 875 3337 τῆς
911 3266 1172 3335 σταγόνος
1198 3265 1293 3320 τοῦ
1326 3266 1457 3321 λαοῦ
1484 3265 1675 3321 τούτου
1718 3282 1802 3319 συ-
1837 3265 1855 3270 ⁷

1977 3288 1997 3320 ι
2040 3269 2106 3325 Ει
2132 3272 2235 3326 erit
2263 3273 2330 3327 de
2359 3274 2503 3328 stilla
2552 3274 2738 3345 populi
2792 3274 2977 3345 hujus,
3036 3276 3131 3348 qui
3166 3292 3471 3349 congrega-

240 3354 511 3425 ναγόμενος
538 3372 554 3385 ·
595 3354 993 3426 συναχθήσεται
1056 3354 1249 3410 Ἰακὼό
1300 3356 1396 3409 σὺν
1449 3357 1633 3410 πᾶσιν.
1688 3354 1797 3408 Ἐκ-

1914 3372 1988 3413 Lur
2020 3380 2032 3415 :
2062 3362 2481 3432 congrega'bitur
2516 3362 2685 3420 Jacob
2712 3380 2840 3420 cum
2870 3366 3147 3422 omnibus.
3179 3366 3471 3438 Excipiens

238 3443 499 3516 δεχόμενος
542 3446 839 3517 ἐκδέξομαι
866 3448 997 3515 τοὺς
1020 3445 1388 3511 ⁵καταλοίπους
1414 3446 1507 3499 τοῦ
1548 3446 1794 3519 Ἰσραήλ-

1912 3452 2166 3522 excipiam
2201 3456 2441 3524 reliquos
2471 3471 2537 3509 ex
2566 3454 2732 3512 Israel
2765 3474 2780 3512 :
2822 3457 2878 3512 in
2911 3474 3077 3513 unum
3114 3475 3313 3529 ponam
3336 3475 3469 3515 con-

236 3536 314 3589 ἐπὶ
330 3538 386 3591 τὸ
410 3539 556 3593 αὐτὸ
588 3538 828 3610 θήσομαι
855 3539 951 3610 τὴν
977 3539 1328 3613 ἀποστροφὴν
1362 3538 1557 3593 αὐτῶν.
1602 3558 1620 3590 ι
1658 3539 1793 3608 Συμ·

1912 3545 2204 3600 versionem
2233 3561 2422 3601 eorum
2447 3547 2513 3600 ".
2580 3567 2599 3601 ι
2652 3547 3031 3605 Consentanea
3092 3551 3182 3616 iis,
3233 3568 3355 3622 qua:
3401 3551 3469 3606 ab

236 3627 403 3697 τὼνως
426 3635 557 3696 τοῖς
591 3631 994 3702 προεκτεθεῖσιν
1034 3633 1099 3685 ἐκ
1128 3630 1223 3683 τοῦ
1270 3630 1488 3684 Ἡσαΐου
1519 3632 1612 3683 καὶ
1642 3633 1669 3683 ὁ
1694 3631 1793 3683 Μι-

1911 3634 2041 3690 lsaia
2068 3645 2291 3707 accepta
2317 3646 2464 3703 sunt,
2511 3655 2785 3711 supraque
2813 3657 2842 3695 a
2872 3642 3032 3696 nobis
3060 3645 3329 3714 exposita,
3362 3642 3468 3699 Mi-

235 3718 372 3786 χαίας
401 3717 735 3787 ἐκδέξασθαι
773 3719 862 3775 τὸν
891 3719 1022 3773 Θεὸν
1064 3719 1160 3789 οὐχ
1195 3718 1378 3781 ἁπλῶς
1404 3719 1629 3782 πάντας,
1662 3720 1792 3774 ἀλλά

1912 3729 2078 3783 :hazas
2116 3744 2332 3799 quoque
2364 3730 2565 3785 indicat
2599 3750 2612 3785 :
2642 3733 2737 3802 qui
2773 3731 2941 3786 Deum
2985 3748 3092 3788 non
3150 3734 3469 3805 simpliciter

239 3810 405 3879 μόνους
443 3810 588 3873 τοῦς
618 3809 979 3875 καταλοίπους
1012 3810 1288 3881 ὀνομάζει,
1323 3810 1533 3881 Ὥσπερ
1558 3810 1615 3863 δὲ
1647 3810 1796 3882 παρά

1910 3832 2112 3881 amnes,
2150 3818 2244 3873 sed
2279 3818 2428 3874 solos
2449 3834 2567 3883 eos,
2597 3821 2690 3890 qui
2716 3821 2908 3892 reliqui
2938 3821 3161 3887 fuerint,
3197 3832 3467 3891 exceptu-

235 3898 301 3970 τῷ
336 3902 540 3974 Ἡσαΐᾳ
582 3901 804 3973 σπέρμα
836 3901 1148 3977 ὠνομάζετο
1173 3902 1235 3954 τὸ
1266 3899 1325 3965 ἐξ
1362 3901 1538 3954 αὐτῶν
1569 3902 1792 3973 λεῖμμα,

1910 3922 2020 3961 rum
2046 3915 2231 3962 narrat
2259 3927 2273 3963 :
2310 3919 2366 3963 et
2397 3910 2853 3980 quemadmodum
2886 3912 3027 3982 apud
3070 3912 3263 3966 Isaiam
3300 3913 3345 3945 "
3377 3928 3467 3968 se-

237 3991 386 4058 οὖτως
414 3995 521 4049 καὶ
552 3992 651 4049 νῦν
675 3994 908 4063 σταγόνα
948 3991 1202 4064 ὀνομάζει
1238 3994 1364 4056 τοὺς
1399 3993 1459 4058 ἐξ
1489 3993 1665 4046 αὐτῶν
1693 4009 1794 4046 σω-

1910 4017 2023 4056 men
2061 4001 2450 4057 nominabatur
2479 4003 2657 4073 ipsum
2690 4004 2908 4060 illorum
2940 4005 3242 4071 residuum,
3272 4006 3346 4060 ita
3377 4006 3467 4060 hic

238 4082 578 4157 θησομένους.
603 4084 866 4157 Δηλοῦται
895 4085 952 4139 δέ
984 4086 1077 4139 καὶ
1103 4084 1191 4145 διὰ
1219 4084 1421 4139 τούτων
1462 4087 1491 4138 ὁ
1528 4084 1634 4137 τῶν
1664 4085 1795 4137 ἀπο-

1909 4094 2099 4150 stillam
2126 4110 2223 4151 eos
2254 4095 2522 4159 nominat,
2554 4097 2648 4164 qui
2693 4097 2767 4157 et
2799 4098 2908 4152 illis
2944 4097 3269 4167 superstites
3295 4097 3466 4153 futui

241 4176 419 4231 στόλων
447 4177 635 4248 χορὸς,
665 4176 740 4240 ὡς
772 4175 984 4245 σταγών
1019 4193 1104 4239 τις
1143 4177 1237 4230 καὶ
1282 4176 1499 4247 σπέρμα
1535 4175 1629 4228 τοῦ
1668 4177 1796 4229 Ἰου-

1909 4193 2046 4240 sunt.
2105 4186 2457 4258 Significatur
2508 4197 2688 4244 autem
2731 4189 2818 4244 his
2867 4190 3046 4244 verbis
3102 4191 3219 4260 ipse
3264 4190 3466 4245 chorus

241 4265 384 4331 δαίων
410 4267 606 4331 ἔθνους
637 4267 1001 4338 γεγενημένος
1019 4283 1033 4296 ·
1063 4266 1122 4332 ἐξ
1144 4262 1213 4338 ἧς
1242 4268 1497 4335 σταγόνος
1521 4267 1722 4330 πάντες
1745 4270 1794 4321 οἱ

1906 4275 2290 4342 apostolorum,
2320 4277 2415 4347 qui
2444 4279 2603 4347 quasi
2659 4279 2805 4333 stilla
2856 4279 3125 4349 quaedam,
3176 4286 3231 4335 et
3277 4295 3463 4336 semen

243 4358 343 4412 καθ’
371 4359 508 4431 ὅλης
540 4358 642 4429 τῆς
673 4358 993 4429 οἰκουμένης
1024 4358 1115 4411 τὸν
1153 4358 1387 4426 Χριστὸν
1420 4359 1795 4426 ἐπεγνωκότες

1906 4364 2140 4422 Iudaicae
2168 4369 2346 4438 gentis
2390 4370 2717 4425 exstiterunt
2753 4389 2766 4425 :
2802 4369 2871 4425 de.
2917 4360 3043 4439 qua
3079 4371 3224 4426 stilla
3274 4386 3463 4427 omnes

239 4444 319 4500 τοῦ
349 4447 513 4511 Θεοῦ,
554 4448 646 4500 καὶ
683 4447 781 4518 τὴν
821 4447 1165 4502 διδασκαλίαν
1198 4448 1359 4501 αὑτοῦ
1395 4449 1796 4519 παραδεδεγμέ-

1995 4472 2211 4527 cunque
2239 4474 2307 4513 ex
2336 4466 2453 4515 toto
2484 4461 2618 4515 orbe
2639 4459 2919 4515 Christum
2963 4460 3055 4515 Dei
3086 4462 3462 4532 cognoverint,
3541 4478 3549 4483 '

240 4556 325 4606 νοι,
353 4544 452 4614 τῆς
480 4540 876 4611 θεσπιζομένης
906 4541 1322 4611 ἐπισυναγωγῆς
1354 4539 1787 4612 κατηξιώθησαν,

1905 4555 1947 4601 et
1976 4545 2279 4603 doctrinam
2309 4549 2430 4619 ejus
2461 4550 2792 4620 acceperint,
2841 4564 2905 4603 ea
2956 4565 3121 4618 quam
3178 4549 3462 4603 oraculum

236 4631 318 4704 τὴν
342 4635 447 4689 ἀπὸ
474 4632 585 4687 τῶν
614 4624 888 4702 πολεμίων
910 4630 1176 4704 λύτρωσιν
1208 4631 1518 4703 εὑράμενοι.

1903 4640 2043 4693 canit
2073 4642 2493 4712 congregatione
2518 4642 2668 4713 digni
2704 4642 2881 4706 effecti
2914 4650 3063 4707 sunt,
3098 4648 3154 4696 et
3181 4641 3460 4696 liberatio—

1892 4746 2015 4785 nem
2049 4730 2119 4786 ab
2149 4732 2399 4789 hostibus
2429 4734 2595 4787 nacti.

294 4811 411 4866 NA'.
458 4831 478 4862 ι
523 4813 633 4865 Καὶ
665 4812 727 4864 σὺ
762 4809 1026 4883 Βηθλεὲμ,
1053 4804 1199 4874 οἶκος
1240 4810 1333 4864 τοῦ
1367 4809 1648 4881 Εὐφραθῲ
1679 4811 1789 4864 ὀλι-

1962 4822 2047 4877 Ll.
2085 4841 2104 4875 ι
2128 4822 2193 4877 Ει
2222 4831 2281 4877 ιιι
2314 4822 2647 4888 Bethlehem,
2680 4824 2876 4880 domus
2902 4822 3140 4893 Ephrata
3166 4861 3181 4888 ,
3232 4821 3458 4876 minima

237 4903 406 4969 γυστὸς
445 4899 498 4957 εἴ
521 4905 579 4957 ἐν
635 4903 866 4974 χιλιάσιν
901 4903 1070 4956 Ἰούδα
1096 4921 1110 4933 ·
1151 4906 1216 4956 ἐκ
1259 4902 1352 4956 σοῦ
1383 4920 1472 4974 μοι
1510 4902 1788 4967 ἐξελεύσε-

1905 4930 1984 4978 as,
2024 4921 2085 4969 ut
2130 4916 2207 4973 sis
2238 4916 2294 4971 in
2330 4917 2575 4971 millibus
2610 4915 2785 4982 Juda;
2819 4931 2885 4972 ex
2917 4925 2971 4971 te
3001 4916 3132 4970 mihi
3154 4914 3462 4986 egredietur

237 5009 313 5048 ται
346 4995 670 5067 ἡγούμενος,
712 4994 805 5049 τοῦ
845 4989 981 5049 εἶναι
1026 4998 1107 5059 εἰς
1148 4996 1384 5067 ἄρχοντα
1425 4995 1502 5066 τῷ
1547 4998 1784 5069 Ἰσραὴλ,

1903 5010 1985 5079 qui
2016 5010 2199 5080 praesit
2220 5052 2236 5078 ,
2267 5017 2328 5065 ut
2363 5011 2433 5067 sit
2464 5011 2519 5065 in
2549 5011 2852 5081 principem
2881 5009 2984 5080 ipsi
3016 5008 3186 5064 Israel
3206 5047 3222 5072 ,
3257 5014 3312 5061 et
3342 5007 3460 5061 esi-

238 5087 318 5140 καὶ
356 5088 523 5155 ἔξοδοι
557 5087 721 5142 αὐτοῦ
750 5088 844 5142 ἀπ’
884 5087 1058 5159 ἀρχῆς
1091 5088 1150 5152 ἐξ
1182 5088 1403 5160 ⁴ἡμερῶν
1446 5089 1658 5153 αἰῶνος.
1691 5091 1788 5147 Διά

1902 5110 1979 5154 tus
2018 5099 2138 5170 ejus
2183 5101 2252 5155 ab
2290 5100 2446 5155 initio
2487 5115 2551 5155 ex
2596 5099 2788 5154 diebus
2830 5099 3035 5154 saeculi.
3082 5097 3311 5167 Propter
3355 5098 3459 5152 hoc

238 5175 370 5231 τοῦτο
399 5177 563 5232 δώσει
598 5179 796 5242 αὐτοὺς
833 5179 938 5243 ἕως
971 5178 1163 5241 καιροῦ
1193 5178 1480 5251 τικτούσης
1501 5196 1516 5211 ο
1553 5181 1784 5247 τέξεται,

1901 5189 2038 5245 labit
2077 5206 2174 5246 eos
2220 5206 2394 5261 usque
2434 5191 2502 5243 ad
2549 5198 2766 5260 tempus
2810 5189 3112 5259 parientis:
3153 5186 3362 5258 pariet,
3403 5194 3458 5241 et

238 5267 317 5320 ml.
346 5271 393 5323 οἱ
416 5269 690 5324 ἐπίλοιποι
715 5270 821 5324 τῶν
853 5269 1098 5339 ἀδελφῶν
1121 5269 1299 5325 abrth
1327 5271 1728 5344 ἐπιστρέφουσι.
1762 5292 1781 5324 ι

1900 5283 2086 5353 reliqui
2136 5299 2204 5338 ex
2249 5282 2515 5338 fratribus
2561 5297 2749 5337 eorum
2797 5288 3186 5337 convertentur
3217 5280 3284 5335 ⁷⁸.
3323 5300 3343 5333 ι
3390 5277 3457 5335 Et

238 5357 330 5412 Kal
368 5361 506 5433 μετά
554 5362 762 5433 βραχέα
805 5362 1075 5431 ἐπιλέγει’
1131 5380 1149 5413 ι
1206 5363 1315 5415 Καὶ
1353 5362 1504 5416 ἔσται
1550 5364 1611 5416 τὸ
1656 5366 1789 5418 ύπό-

1900 5381 2018 5443 post
2055 5389 2231 5445 pauca
2263 5376 2509 5448 adiungit
2537 5394 2550 5432 :
2585 5396 2603 5428 ι
2633 5374 2699 5429 Ει
2731 5375 2835 5431 erit
2863 5374 3008 5445 quod
3040 5374 3310 5445 reliquum
3340 5371 3457 5427 fue-

236 5446 416 5524 λειμμα
446 5454 543 5509 τοῦ
597 5454 792 5508 Ἰακὼὸ
834 5458 891 5508 ἐν
931 5456 1044 5518 τοῖς
1088 5452 1315 5517 ἔθνεσιν,
1347 5458 1404 5507 ἐν
1447 5455 1598 5527 μέσῳ
1638 5456 1782 5511 λαῶν

1900 5466 1960 5520 rit
1988 5481 2055 5522 ex
2087 5465 2260 5523 Iacob
2288 5469 2344 5524 in
2372 5446 2627 5541 gentibus
2656 5470 2711 5523 in
2744 5467 2925 5522 medio
2958 5468 3282 5540 populorum
3313 5466 3457 5520 mul-

237 5544 447 5613 πολλῶν,
479 5547 556 5611 ὡς
598 5547 789 5619 δρόσος
825 5548 975 5618 παρά
1009 5547 1211 5617 Κυρίου
1259 5547 1549 5613 πίπτουσα,
1583 5550 1675 5603 καὶ
1705 5549 1781 5613 ὡς

1895 5563 2106 5627 lorum,
2152 5562 2308 5631 quasi
2358 5578 2450 5620 ros
2497 5578 2527 5618 a
2564 5563 2795 5621 Domino
2841 5562 3081 5630 cadens,
3110 5568 3165 5619 et
3194 5566 3452 5631 tanquam

292 5659 448 5788 ξιξ.
488 5664 791 5729 uv,8—l2.
869 5667 916 5705 ⁷⁸
946 5665 1132 5721 Matth.
1165 5684 1300 5732 χχιι,
1334 5668 1420 5724 14.
1495 5669 1541 5700 ⁷³
1578 5666 1680 5724 Ιεὶιο
1709 5686 1835 5743 LXV,

1889 5675 1954 5731 .5.
2032 5678 2077 5709 "
2104 5676 2263 5736 Mich.
2317 5682 2483 5751 11,“,
2507 5682 2591 5739 12.
2670 5685 2714 5716 ⁷⁷
2751 5683 2853 5740 lsa.
2890 5700 3012 5749 va,
3050 5683 3102 5739 9.
3208 5683 3254 5715 ’⁸
3285 5678 3446 5736 Μίοῒε.

302 5818 367 5888 Η)
400 5822 563 5883 Forte
598 5827 981 5901 corrigendum
1020 5830 1071 5896 γ’
1104 5845 1200 5893 pro
1238 5831 1302 5885 δ’.
1349 5830 1501 5888 Eon.
1537 5831 1707 5889 Pun.
