3942 6258
461 352 566 409 155

1060 354 1329 413 EUSEBH
1369 342 1851 417 οιεεΑιὶιὲιὲειε
1878 360 2028 419 ore.
2065 360 2247 418 rans
2288 362 2349 417 ιι.
2389 343 2459 404 ἐ-
2493 360 2988 420 APOLOGETICA.

3578 370 3673 427 156

449 469 587 540 agni
636 484 802 540 super
849 486 1107 543 gramen,
1152 482 1213 529 ut
1255 490 1365 531 non
1397 487 1757 549 congregetur
1789 480 2018 550 aliquis,

2123 477 2287 552 ἄρνες
2314 480 2399 534 ἐπ’
2434 479 2739 551 ἄγρωστιν,
2761 481 2908 544 ὅπως
2938 479 3013 551 μὴ
3044 477 3287 550 συναχθῇ
3315 478 3517 550 μηδεὶς,
3550 485 3675 556 μηδὲ

458 577 635 632 neque
677 563 946 620 subsistat
984 565 1040 620 in
1084 566 1211 623 ﬁliis
1265 569 1591 626 hominum:
1632 582 1687 627 et
1732 573 1835 627 erit
1877 572 2021 642 quod

450 653 728 724 'reliquum
762 652 1018 710 fueritve:
1069 655 1237 713 Jacob
1287 658 1340 712 in
1386 661 1679 731 gentibus,
1731 663 1785 717 in
1841 663 2020 719 medio

449 745 781 815 populorum
829 747 1157 814 multorum,
1213 760 1470 820 tanquam
1523 754 1609 808 leo
1659 754 1718 808 in
1747 755 2019 823 jumentis

456 836 644 900 silvai,
678 844 733 893 et
762 838 919 907 quasi
948 840 1163 896 catulus
1194 841 1369 898 leonis
1410 845 1464 897 in
1506 844 1759 915 gregibus
1801 847 2016 913 ovium,

410 934 419 962 ι
454 926 915 995 quemadmodum
961 945 1090 985 cum
1128 934 1410 988 transierit
1462 944 1517 990 et
1555 935 1884 1005 dispertiens
1933 954 2020 994 ra-

455 1019 673 1090 puerit,
720 1029 776 1076 et
814 1036 924 1076 non
967 1024 1038 1078 sit
1076 1026 1169 1094 qui
1214 1026 1451 1096 eripiat:
1495 1028 1785 1088 extolletur
1826 1046 2019 1089 manus

454 1118 548 1165 tua
579 1126 746 1182 super
773 1110 1074 1183 alnigentes
1106 1124 1191 1181 te,
1221 1124 1275 1173 et
1301 1132 1490 1175 omnes
1546 1119 1750 1175 inimici
1787 1124 1865 1176 tui
1899 1140 2021 1193 per-

453 1203 652 1255 dentur
677 1203 721 1234 ⁷⁸
751 1220 763 1254 :
791 1222 808 1254 ι
836 1203 923 1257 his
951 1205 1195 1274 profecto
1222 1207 1365 1262 nihil
1396 1210 1511 1263 lieri
1544 1221 1728 1280 posset
1756 1213 2016 1280 lucidius,

452 1307 575 1361 quae
602 1300 656 1347 et
690 1303 872 1347 ortum
900 1294 1202 1354 Salvatoris
1229 1299 1285 1353 in
1310 1299 1619 1357 Bethlehem
1643 1342 1658 1366 ,
1692 1312 1747 1359 et
1771 1306 2018 1375 ejusdem

454 1388 523 1439 ab
553 1393 761 1441 aeterno
808 1391 1285 1460 propagationem,
1323 1403 1376 1448 et
1402 1392 1642 1467 Virginis
1678 1409 1926 1468 partum,
1965 1407 2021 1456 et

454 1477 826 1547 apostolorum
866 1487 919 1534 et
959 1480 1356 1551 discipulorum
1399 1485 1521 1556 ejus
1557 1489 1930 1555 vocationem,
1964 1498 2021 1546 et

453 1567 891 1636 praedicationem
920 1571 988 1626 de
1014 1571 1264 1639 Christo,
1299 1578 1394 1646 qui
1423 1579 1476 1632 in
1507 1587 1679 1633 totum
1706 1580 1892 1635 orbem
1924 1597 2020 1652 per

451 1673 548 1713 eos
577 1657 867 1730 importata
897 1669 1020 1727 est,
1053 1663 1318 1721 referunt.
1350 1668 1486 1722 Cum
1514 1670 1659 1725 enim
1689 1672 1735 1727 is
1768 1673 2020 1744 princeps

452 1749 523 1804 de
564 1766 673 1821 quo
716 1753 996 1823 prophetia
1034 1755 1298 1827 loquitur,
1339 1769 1392 1815 et
1423 1761 1580 1830 cujus
1606 1763 1785 1819 exitus
1809 1780 1875 1819 ex
1906 1766 2022 1820 die-

2129 572 2418 641 timarﬁ‘év
2451 572 2585 634 υίοῖς
2614 569 2946 643 ἀνθρώπων·
2982 570 3075 624 καὶ
3095 568 3248 622 ἔσται
3279 568 3339 622 τὸ
3379 571 3673 645 ὑπόλειμμα

2138 662 2330 717 Ἰακὼϐ
2376 663 2434 717 ὲν
2470 665 2583 725 τοῖς
2628 661 2855 727 ἔθνεσιν,
2891 663 2949 715 ὲν
2991 659 3138 731 μέσῳ
3180 659 3323 715 λαῶν
3357 661 3579 728 πολλῶν,
3604 665 3673 730 ὼς

2124 754 2260 809 λέων
2292 756 2351 808 ἐν
2380 755 2493 816 τοῖς
2541 754 2767 824 κτήνεσι
2802 751 2896 804 τοῦ
2940 749 3166 822 δρυμοῦ,
3199 752 3293 804 καὶ
3341 751 3415 815 ὼς
3452 753 3674 824 σκύμνος

2125 849 2183 900 ὲν
2210 845 2478 917 ποιμνίοις
2504 844 2809 916 προϐάτων,
2859 844 2918 897 ὃν
2952 844 3149 914 τρόπον
3189 843 3321 897 ὅταν
3358 844 3555 918 διέλθῃ,
3590 848 3675 899 καὶ

2123 938 2428 1001 διαστείλας
2456 936 2697 1008 ἁρπάσῃ,
2722 935 2814 988 καὶ
2853 935 2926 1006 μὴ
3016 937 3045 987 ὁ
3086 935 3465 1007 ἐξαιρούμενος
3483 955 3495 966 ·
3536 939 3675 1008 ὑψωι

2126 1024 2348 1095 θήσεται
2378 1027 2412 1094 ὴ
2445 1025 2565 1097 χείρ
2600 1042 2692 1078 σου
2722 1026 2814 1077 ἐπὶ
2855 1026 2979 1088 τοὺς
3019 1024 3292 1088 θλίϐοντάς
3323 1042 3402 1089 σε,
3435 1028 3525 1080 καὶ
3554 1030 3674 1082 πάν-

2125 1133 2217 1180 τες
2245 1117 2294 1170 οἱ
2320 1116 2501 1189 ἐχθροί
2520 1133 2613 1170 σου
2633 1115 3189 1187 ὲξολοθρευθήσονται.
3219 1135 3236 1165 ι
3260 1114 3471 1171 Τούτων
3487 1119 3590 1171 οὐδ’
3607 1121 3675 1190 (l)

2127 1210 2191 1264 ἄν
2216 1228 2268 1262 τι
2297 1209 2504 1278 γένοιτο
2532 1207 2870 1279 λευκότερον,
2895 1207 3034 1261 κατὰ
3066 1207 3127 1261 τὸ
3154 1208 3286 1261 αὑτὸ
3311 1210 3405 1263 καὶ
3429 1210 3525 1280 τὴν
3547 1213 3683 1279 γένεο

2128 1319 2209 1355 σιν
2234 1302 2330 1372 τὴν
2358 1304 2414 1355 ὲν
2440 1301 2685 1371 Βηθλεὲμ
2714 1299 2807 1353 τοῦ
2848 1300 3100 1371 Σωτῆρος
3133 1301 3571 1369 ἀναφωνούντων,
3594 1307 3677 1357 καὶ

2124 1395 2223 1466 τὴν
2257 1395 2363 1464 πρὸ
2396 1393 2589 1458 αίῶνος
2630 1393 2885 1447 οὑσίωσιν
2923 1392 3110 1456 αὑτοῦ,
3148 1394 3243 1447 καὶ
3290 1393 3381 1446 τὸν
3424 1394 3519 1466 τῆς
3546 1396 3680 1466 Παρ-

2126 1484 2279 1538 θένου
2313 1485 2549 1549 τοκετὺν,
2582 1485 2675 1537 καὶ
2712 1484 2821 1537 τῶν
2855 1483 3164 1537 ἀποστόλων
3188 1483 3280 1535 καὶ
3309 1482 3558 1553 μαθητῶν
3593 1487 3680 1540 αύ-

2126 1574 2219 1630 τοῦ
2260 1576 2360 1647 τὴν
2389 1576 2601 1646 κλῆσιν,
2640 1576 2735 1630 καὶ
2775 1576 2835 1629 τὸ
2863 1577 3127 1647 κήρυγμα
3165 1574 3226 1627 τὸ
3271 1574 3389 1628 καθ’
3435 1576 3557 1646 ὅλης
3589 1577 3678 1645 τῆς

2124 1668 2445 1740 οἰκουμένης
2490 1669 2620 1739 περὶ
2660 1666 2755 1721 τοῦ
2786 1665 3021 1737 Χριστοῦ
3052 1666 3116 1720 δι’
3168 1665 3348 1719 αὐτῶν
3396 1668 3679 1738 κατηγγελ-

2129 1757 2304 1826 μένον.
2339 1757 2445 1811 Τοῦ
2478 1757 2585 1830 γὰρ
2608 1756 2934 1828 δηλουμένου
2965 1758 3245 1827 ἄρχοντος,
3272 1748 3334 1809 οὑ
3359 1756 3457 1820 τὰς
3483 1756 3677 1823 ἐξόδους

452 1842 558 1898 bus
583 1844 801 1898 aeternis
831 1860 954 1901 esse
997 1846 1273 1914 declarat,
1319 1851 1387 1906 de
1430 1851 1744 1909 Bethlehem
1783 1856 1853 1911 sit
1892 1871 2018 1927 pro-

2122 1849 2147 1899 ὁ
2171 1848 2325 1917 λόγος
2350 1848 2410 1914 ἐξ
2428 1847 2651 1920 ἡμερῶν
2675 1847 2870 1912 αἰῶνος
2891 1843 3029 1901 εἶναι
3048 1848 3215 1918 δηλοῖ,
3233 1851 3300 1902 ὲκ
3324 1850 3421 1921 τῆς
3446 1849 3675 1923 Βηθλεὲμ

455 1933 698 1992 tecturus
721 1975 737 2001 ,
768 1935 1028 2008 ltuncque
1057 1940 1238 2010 ipsum
1270 1957 1334 1998 ea
1364 1958 1486 2014 quae
1518 1946 1740 2015 pariens
1774 1949 2023 2003 nomina-

454 2033 567 2093 tur,
601 2037 795 2082 sancta
822 2026 993 2101 Virgo
1024 2032 1097 2085 sit
1125 2033 1375 2102 paritura
1401 2054 1414 2090 :
1446 2051 1557 2091 non
1592 2052 1785 2094 omnes
1819 2039 1910 2109 qui
1955 2038 2023 2093 ad

452 2119 929 2177 circumcisionem
957 2132 1241 2192 spectant,
1273 2126 1369 2181 sed
1398 2127 1548 2184 solos
1576 2144 1672 2184 eos
1697 2129 1791 2200 qui
1828 2130 2022 2201 reliqui

446 2210 690 2276 fuerint,
725 2213 907 2268 salvos
936 2215 1148 2272 futuros
1179 2217 1438 2284 alIirmat,
1481 2237 1620 2290 quos
1651 2229 1706 2276 et
1748 2223 2020 2280 residuum

454 2299 574 2358 fore
608 2299 775 2357 Iacob
795 2342 810 2367 ,
842 2311 895 2359 et
926 2305 1070 2360 roris
1103 2309 1278 2361 instar
1306 2308 1362 2363 in
1393 2323 1583 2366 omnes
1612 2310 1798 2368 datum
1828 2312 1895 2366 iri
1922 2328 2021 2367 na-

451 2393 651 2451 tiones.
687 2412 706 2445 ι
741 2393 857 2450 Erit
906 2397 1075 2462 enim,
1147 2398 1345 2468 inquit,
1410 2402 1690 2458 residuum
1737 2402 1909 2460 Iacob
1961 2404 2019 2459 in

451 2487 705 2558 gentibus
726 2526 742 2550 ,
774 2496 834 2543 ut
863 2504 956 2545 ros
987 2504 1019 2543 a
1054 2489 1283 2546 Domino
1316 2493 1553 2559 cadens,
1597 2502 1652 2550 et
1694 2495 1851 2567 quasi
1895 2499 2019 2568 agni

452 2596 620 2652 super
665 2596 924 2652 gramen,
954 2601 972 2635 ι
1000 2597 1098 2654 pro
1141 2599 1284 2654 quo,
1324 2604 1343 2637 ι
1373 2588 1530 2657 quasi
1582 2588 1743 2643 stillae
1790 2590 1847 2644 in
1893 2589 2020 2647 ber-

450 2673 576 2728 bam
594 2712 610 2737 ,
643 2692 662 2725 ι
688 2673 798 2744 82
826 2674 1051 2745 Aquila;
1100 2673 1441 2732 Theodotion
1467 2687 1649 2736 autem
1671 2721 1687 2748 ,
1717 2697 1737 2733 ι
1759 2688 2018 2752 tanquam

451 2764 547 2819 nix
595 2779 762 2836 super
812 2764 1029 2831 fenum,
1061 2786 1080 2818 ι
1112 2768 1418 2825 reddidere.
1454 2770 1584 2826 Item
1617 2787 1716 2842 pro
1749 2773 1878 2837 illo,
1908 2791 1928 2825 ι
1956 2781 2019 2829 ιιι

449 2870 563 2910 non
606 2866 968 2926 congregetur
1002 2857 1236 2928 aliquis,
1282 2876 1457 2929 neque
1496 2862 1761 2919 subsistat
1802 2864 1857 2919 in
1891 2864 2018 2923 ﬁliis

450 2945 732 3002 hominum
755 2987 771 3013 ,
802 2965 978 3020 neque
1017 2950 1255 3006 oﬂ‘endat
1298 2952 1443 3009 [ilius
1484 2954 1720 3011 hominis
1743 2996 1758 3022 ,
1789 2975 1807 3009 ι
1841 2956 2018 3014 Theo-

450 3037 639 3093 dotion
680 3042 958 3110 reposuit,
989 3060 1008 3094 ι
1034 3043 1126 3113 qui
1174 3059 1281 3098 non
1322 3047 1662 3117 exspectabit
1704 3047 2012 3113 hominem,

449 3139 505 3186 et
552 3145 663 3234 npn
714 3133 954 3203 sperabit
1005 3136 1080 3236 in.
1104 3135 1240 3236 tilio-
1273 3138 1531 3193 hominis.
1565 3158 1584 3192 ι
1609 3138 1805 3211 Aquila
1853 3156 1979 3197 vero
2000 3181 2016 3207 ,
2046 3175 2092 3236 ο

455 3239 478 3272 σ
511 3221 607 3292 qui
653 3237 765 3278 non
805 3226 1144 3295 exspectabit
1189 3228 1401 3295 virum,
1448 3239 1503 3285 et
1552 3247 1661 3285 non
1702 3247 1834 3303 erga
1879 3233 2019 3290 ﬁlios

451 3313 732 3371 hominum
757 3334 770 3371 :
816 3336 835 3370 ι
863 3317 919 3371 in
947 3319 1149 3389 quibus
1167 3361 1184 3388 ,
1211 3320 1393 3376 omnis
1422 3323 1794 3392 apostolorum
1829 3321 2020 3379 Salva-

449 3405 591 3460 toris
618 3407 792 3462 nostri
820 3423 981 3479 spes,
1017 3424 1140 3480 quat
1168 3425 1278 3465 nou
1311 3411 1367 3465 in
1398 3411 1653 3477 homine,
1684 3412 1779 3468 sed
1812 3413 1866 3467 in
1899 3411 2021 3467 Sal-

452 3505 661 3564 vatore,
681 3509 737 3555 et
759 3498 991 3556 Domino
1019 3516 1122 3557 suo
1155 3500 1339 3556 futura
1366 3502 1439 3558 sit
1464 3500 1894 3568 demonstratur,
1923 3504 2020 3574 qui

454 3592 648 3663 utique
681 3590 931 3649 Salvator
986 3591 1083 3650 Dei
1115 3592 1354 3650 Verbum
1381 3602 1520 3650 erat.
1561 3592 1659 3650 His
1690 3610 1821 3651 vero
1861 3596 2018 3652 dein-

452 3699 583 3756 ceps
630 3685 920 3756 adjungit:
954 3704 973 3738 ι
1002 3696 1058 3742 et
1095 3687 1202 3743 erit
1250 3686 1395 3758 quod
1443 3687 1713 3758 reliquum
1747 3687 1913 3744 fuerit
1950 3705 2020 3746 ex

452 3775 624 3831 Jacob
670 3777 925 3848 gentibus
971 3777 1027 3832 in
1074 3778 1257 3834 medio
1302 3778 1627 3852 populorum
1679 3780 2016 3845 multorum,

454 3867 615 3939 quasi
643 3868 728 3924 leo
759 3868 815 3923 in
839 3869 1107 3939 iumentis
1134 3868 1285 3928 silva:
1306 3908 1322 3934 ,
1353 3875 1410 3926 et
1449 3870 1609 3941 quasi
1654 3871 1872 3927 catulus
1910 3873 2022 3928 leo-

453 3962 542 4018 nis
566 3962 623 4017 in
649 3963 905 4033 gregibus
932 3964 1117 4017 ovium
1146 3982 1160 4017 :
1190 3965 1645 4033 quemadmodum
1678 3980 1802 4021 cum
1841 3976 2021 4022 trans-

455 4053 618 4116 ierit,
647 4062 704 4109 et
729 4054 1058 4124 dispertiens
1095 4055 1374 4126 rapuerit,
1418 4063 1473 4111 et
1502 4071 1613 4112 non
1656 4057 1727 4113 sit
1768 4058 1863 4129 qui
1911 4058 2021 4113 eri-

458 4145 572 4214 piat
602 4163 614 4199 :
651 4164 669 4197 ι
695 4144 897 4215 quibus
934 4144 1146 4209 verbis,
1172 4155 1234 4201 ut
1266 4148 1524 4213 arbitror,
1584 4148 1917 4204 conﬁdentia
1966 4157 2021 4204 et

456 4235 785 4305 intrepidum
822 4236 994 4292 robur
1035 4238 1445 4307 praedicationis
1482 4241 1796 4311 apostolicae
1836 4240 2022 4295 deela-

456 4334 631 4383 ratur.
674 4326 956 4399 Siquidem
986 4329 1164 4385 instar
1195 4330 1369 4388 leonis
1397 4341 1450 4388 et
1479 4333 1683 4397 catuli,
1729 4333 1787 4387 in
1828 4333 2022 4388 silvam

455 4421 698 4492 gentium
720 4459 735 4487 ,
765 4428 822 4476 et
858 4421 916 4475 in
942 4422 1127 4477 ovium
1155 4422 1519 4479 humanarum
1551 4439 1779 4496 greges,
1810 4424 1890 4478 illi
1940 4422 2021 4477 ir-

2125 1940 2603 2011 προελευσομένου,
2637 1942 2730 1994 καὶ
2769 1940 2868 2010 τῆς
2891 1939 3076 1994 τοῦτον
3105 1942 3496 2013 ἀποτικτούσης
3532 1944 3676 2011 ἁγίας

2123 2031 2396 2103 Παρθένου
2429 2030 2741 2103 τεξομένης,
2775 2032 2835 2085 οὑ
2871 2033 3078 2097 πάντας
3110 2034 3243 2104 φησι
3283 2035 3406 2099 τοὺς
3438 2040 3499 2090 ἐκ
3538 2054 3677 2108 περιρ

2121 2123 2313 2194 τομῆς,
2344 2123 2479 2176 ἀλλά
2514 2122 2705 2194 μόνους
2738 2126 2864 2188 τοὺς
2897 2124 3196 2189 ὲπιλοίποις
3225 2126 3673 2197 ἀνασωθήσεσθαι,

2121 2214 2215 2279 οὒς
2259 2215 2354 2268 καὶ
2393 2215 2601 2286 λεῖμμα
2645 2215 2970 2287 γενήσεσθαι
3013 2216 3107 2270 τοῦ
3148 2216 3362 2281 Ἰακὼϐ,
3407 2219 3497 2270 καί
3536 2219 3677 2290 δίκην

2120 2307 2309 2377 δρόσου
2330 2306 2422 2359 ἐπὶ
2453 2307 2629 2361 πάντα
2651 2306 2965 2378 δοθήσεσθαι
2988 2308 3058 2361 τά
3079 2308 3225 2379 ἔθνη.
3256 2327 3275 2360 ι
3308 2311 3496 2364 Ἔσται
3527 2312 3670 2381 γάρ,ι

2121 2397 2276 2470 φησὶ,
2321 2416 2340 2449 ι
2393 2397 2454 2451 τὸ
2496 2398 2806 2470 ὑπόλειμμα
2840 2398 2935 2452 τοῦ
2977 2400 3167 2454 Ἰακὼϐ
3208 2404 3268 2454 ὲν
3313 2404 3424 2466 τοῖς
3483 2403 3675 2456 ἔθνεσιν

2120 2490 2194 2552 ὼς
2217 2488 2405 2560 δρόσος
2434 2489 2583 2561 παρὰ
2606 2489 2813 2561 Κυρίου
2855 2491 3148 2557 πίπτουσα,
3192 2495 3292 2546 καὶ
3321 2493 3395 2558 ὼς
3427 2494 3579 2565 ἄρνες
3599 2495 3675 2546 ἐπ’

2119 2579 2410 2652 ἄγρωστιν.
2443 2600 2462 2633 ι
2507 2581 2647 2636 Ἀνθ’
2673 2578 2755 2646 οὗ,
2790 2602 2810 2634 ι
2840 2585 2934 2637 καὶ
2965 2584 3042 2647 ὼς
3068 2584 3305 2654 ψεκάδες
3336 2586 3427 2638 ἐπὶ
3451 2587 3624 2649 πόαν,ι
3650 2588 3677 2639 ὁ

2132 2673 2378 2738 Ἀκύλας,
2412 2676 2439 2727 ὁ
2465 2675 2522 2728 δὲ
2550 2674 2860 2740 Θεοδοτίων,
2890 2694 2910 2727 ι
2942 2676 3034 2729 καὶ
3051 2676 3182 2730 ὡσεὶ
3207 2678 3421 2748 νιφετὸς
3448 2679 3536 2730 ἐπὶ
3564 2678 3675 2747 χόρ-

2120 2783 2261 2829 τον,›
2288 2764 2633 2820 ὲκδεδώκασι.
2652 2767 2762 2820 Καὶ
2784 2767 2943 2821 πάλιν
2969 2768 3091 2820 ἀντὶ
3111 2768 3225 2832 τοῦ,
3258 2771 3441 2832 Ὅπως
3467 2769 3539 2841 μὴ
3558 2786 3670 2822 συν-

2120 2856 2256 2927 αχθῇ
2295 2858 2484 2929 μηδεὶς
2518 2858 2652 2929 μηδὲ
2684 2859 2889 2930 ὑποστῇ
2924 2858 2982 2912 ὲν
3016 2861 3149 2923 υἱοῖς
3186 2861 3506 2932 ἀνθρώπων,
3548 2858 3672 2932 μηδὲ

2120 2948 2403 3023 προσκόψῃ
2433 2949 2544 3013 υίὸς
2570 2949 2879 3023 ἀνθρώπου,
2907 2951 3068 3021 φησὶν
3084 2953 3112 3005 ὁ
3139 2951 3448 3012 Θεοδοτίων,
3469 2971 3486 3003 ι
3505 2952 3592 3013 ’ος
3618 2947 3673 3002 οὑ

2123 3039 2585 3112 μενεῖάνθρωπον,
2602 3043 2696 3095 καὶ
2723 3042 2823 3095 οὑκ
2847 3041 3055 3095 ὲλπίσει
3083 3042 3173 3096 ἐπὶ
3199 3044 3317 3096 υἱὸν
3343 3041 3631 3114 ἀνθρώπου.
3651 3058 3670 3092 ι

2120 3135 2233 3188 Καὶ
2250 3137 2278 3188 ὁ
2305 3134 2583 3200 Ἀκύλας,‹
2600 3138 2696 3199 Ὃς
2727 3137 2825 3208 οὑχ
2854 3137 3114 3208 ὑπομενεῖ
3138 3137 3328 3209 ἄνδρα,
3364 3138 3455 3192 καὶ
3477 3138 3535 3191 ού
3561 3134 3677 3206 περὶ

2122 3228 2271 3291 υἱοὺς
2310 3226 2639 3299 ἀνθρώπων
2680 3246 2700 3280 ›
2738 3227 2806 3281 δι’
2839 3220 2914 3283 ὧν
2945 3230 3095 3282 πᾶσα
3126 3227 3234 3281 τῶν
3266 3228 3564 3282 ἀποστόλων
3590 3225 3675 3279 τοῦ

2121 3317 2368 3390 Σωτῆρος
2390 3318 2547 3390 ἡμῶν
2576 3318 2731 3383 ἐλπὶς
2753 3318 2877 3373 οὔτε
2903 3318 2981 3391 (‘2)
3015 3321 3095 3383 εἰς
3136 3319 3445 3393 ἄνθρωπον,
3476 3320 3581 3375 ἀλλ’
3606 3319 3677 3381 εἰς

2119 3409 2210 3464 τὸν
2226 3411 2454 3483 Σωτῆρα
2483 3413 2577 3465 καὶ
2608 3410 2810 3483 Κύριον
2836 3409 3034 3465 αὐτῶνσ
3068 3406 3218 3475 οὗτος
3246 3409 3386 3485 δὲῆν
3411 3412 3541 3467 ὁτοῦ
3556 3409 3677 3464 Θεοῦ
3744 3398 3759 3413 “

2120 3496 2296 3568 λόγος.
2330 3495 2426 3564 Οἷς
2453 3500 2579 3572 ἑξῆς
2610 3500 2851 3570 ἐπιλέγει
2874 3516 2891 3528 ‘
2930 3518 2947 3551 ι
2977 3501 3085 3553 Καὶ
3107 3500 3261 3555 ἔσται
3294 3500 3354 3555 τὸ
3386 3502 3675 3569 ὑπόλειμμα

2134 3590 2326 3645 Ἰακὼϐ
2373 3594 2429 3646 ἔν
2461 3595 2572 3655 τοῖς
2613 3591 2840 3653 ἔθνεσιν,
2873 3591 2931 3645 ὲν
2966 3591 3117 3664 μέσῳ
3161 3592 3306 3646 λαῶν
3356 3592 3577 3656 πολλῶν,
3606 3589 3674 3650 ὡς

2121 3681 2257 3736 λέων
2288 3684 2346 3736 ἐν
2376 3687 2487 3748 τοῖς
2519 3685 2737 3756 κτήνεσι
2764 3683 2859 3737 τοῦ
2883 3683 3108 3755 δρυμοῦ,
3142 3686 3237 3738 καὶ
3265 3683 3341 3748 ὡς
3369 3683 3596 3752 σκύμνος
3621 3681 3673 3731 ἐν

2122 3776 2393 3847 ποιμνίοις
2417 3778 2703 3850 προϐάτων
2721 3795 2735 3808 ⁸
2768 3776 2826 3831 ὃν
2852 3777 3051 3849 τρόπον
3077 3777 3204 3830 ὅταν
3229 3775 3430 3848 διέλθῃ,
3465 3775 3554 3828 καὶ
3578 3772 3672 3825 δια-

2123 3870 2335 3934 στείλας
2367 3870 2610 3943 άρπάσῃ,
2642 3868 2737 3922 καὶ
2767 3867 2840 3939 μὴ
2869 3865 2904 3940 ᾗ
2934 3868 2962 3920 δ
2990 3865 3204 3938 ὲξαιρού
3215 3883 3373 3937 μενος
3396 3883 3408 3895 ·
3449 3885 3466 3917 ι
3502 3865 3566 3919 δι’
3604 3855 3672 3917 ὧν

2121 3957 2272 4032 οἶμαι
2294 3958 2581 4032 δηλοῦσθαι
2604 3958 2665 4012 τδ
2692 3957 2986 4029 θαρσαλέον
3020 3958 3112 4011 καὶ
3143 3956 3553 4025 ἀκατάπληκτον
3587 3949 3673 4005 τοῦ

2123 4050 2478 4108 ἀποστολικοῦ
2525 4050 2897 4122 κηρύγματος.
2944 4048 3109 4118 Δίκην
3160 4048 3289 4116 γοῦν
3330 4046 3534 4108 λέοντος
3589 4041 3673 4096 καὶ

2126 4145 2363 4216 σκύμνου
2409 4146 2467 4197 ὲν
2495 4142 2572 4214 τῷ
2605 4140 2794 4215 δρυμῷ
2837 4141 2945 4194 τῶν
2971 4141 3161 4205 ἐθνῶν,
3194 4142 3286 4196 καὶ
3320 4143 3378 4195 ὲν
3422 4142 3537 4203 ταῖς
3573 4135 3672 4190 τῶν

2122 4234 2471 4310 ἀνθρωπίνων
2494 4235 2777 4306 προϐάτων
2809 4234 3030 4304 ἀγέλαις
3068 4235 3425 4299 εἰσϐαλόντες,
3454 4232 3544 4286 καὶ
3571 4228 3671 4283 ora:

2125 4328 2427 4390 στείλαντες
2445 4329 2570 4389 τοὺς
2597 4325 2778 4393 ἀξίους
2803 4326 2912 4379 ἀπὸ
2942 4325 3046 4378 τῶν
3069 4326 3322 4392 ἀναξίων,
3346 4322 3671 4396 ὑπηγάγοντο

2123 4420 2199 4491 τῷ
2221 4417 2457 4490 Χριστοῦ
2486 4418 2627 4487 λόγῳ
2652 4436 2665 4448 ο
2696 4417 2830 4489 πρὸς
2856 4417 2915 4471 ὃν
2940 4418 3066 4487 ἑξῆς
3106 4418 3464 4486 ἀναφωνεῖται
3493 4413 3558 4467 τὰ
3587 4408 3670 4464 ἀπὶ

457 4520 714 4578 ruentes,
748 4520 804 4568 et
832 4512 1218 4585 dispertientes
1260 4514 1457 4587 dignos
1498 4516 1569 4571 ab
1610 4516 1852 4587 indignis
1873 4554 1888 4582 ,
1921 4529 2019 4570 eos

2122 4512 2284 4567 αὑτοῦ
2309 4530 2322 4542 ·
2356 4531 2375 4563 ι
2423 4509 2800 4582 Ὑψωθήσεται
2846 4511 2881 4580 ἡ
2910 4510 3030 4580 χείρ
3061 4527 3153 4562 σου
3197 4510 3289 4563 ἐπὶ
3329 4510 3455 4571 τοὺς
3484 4502 3659 4559 θλίϐονς

453 4602 660 4659 Christi
692 4603 860 4659 verbo
886 4604 1262 4674 subjecet‘tmt.
1297 4606 1378 4662 Ad
1409 4623 1570 4677 quem
1601 4607 1860 4677 deinceps
1889 4621 2019 4677 pro-

454 4696 725 4760 feruntur,
753 4711 875 4765 quae
905 4696 975 4751 ab
1010 4696 1131 4767 ipso
1171 4696 1282 4752 sint
1326 4706 1644 4752 manatura:
1678 4716 1697 4748 ι
1730 4698 2019 4753 extolletur

452 4804 649 4843 manus
680 4797 771 4843 tua
800 4804 967 4859 super
993 4788 1296 4861 atiligentes
1341 4796 1430 4854 te,
1475 4799 1529 4846 ct
1567 4804 1761 4845 omnes
1811 4788 2018 4845 inimici

450 4881 531 4935 tui
560 4879 853 4951 perdentur
881 4899 894 4934 :
936 4898 955 4931 ι
984 4880 1134 4951 quod
1166 4880 1361 4952 ipsum'
1374 4896 1508 4936 sane
1536 4880 1703 4935 etiam
1732 4881 1908 4936 oculis
1936 4881 2019 4935 in-

452 4972 594 5027 tueri
624 4973 771 5028 licet.
805 4972 1067 5038 Quamvis
1113 4973 1259 5028 enim
1297 4973 1518 5037 multis,
1561 4973 1810 5043 quamvis
1853 4973 2017 5027 innu-

452 5062 807 5120 merabilibus
827 5102 845 5128 ,
872 5063 1082 5121 Christi
1109 5061 1335 5121 verbum
1369 5064 1600 5119 antehac
1632 5061 2016 5134 alﬂigentibus,

452 5159 508 5210 et
536 5153 698 5210 hodie
734 5169 953 5228 quoque
991 5156 1433 5230 oppugnantibus
1455 5195 1471 5221 ,
1504 5155 1670 5213 altius
1702 5163 1885 5211 tamen
1930 5170 2016 5228 Ip-

454 5262 576 5304 sum
606 5247 778 5315 abiit,
819 5258 875 5306 et
904 5253 1179 5322 potentius
1210 5251 1422 5309 cunctis
1464 5249 1715 5307 eﬁ‘ectum
1753 5260 1859 5308 est.
1910 5247 2017 5308 Sed

2116 4605 2214 4669 τάς
2256 4621 2335 4667 σε,
2371 4603 2464 4658 καὶ
2524 4603 2724 4666 πάντες
2763 4604 2813 4654 οἱ
2846 4602 3025 4671 ἐχθροί
3074 4620 3164 4655 σου
3215 4597 3670 4672 ὲξολοθρευθήσονο

2118 4714 2237 4752 ταιο
2267 4697 2296 4750 ὃ
2320 4698 2413 4751 καὶ
2443 4696 2576 4751 αὑτὸ
2609 4695 2869 4766 πάρεστιν
2899 4693 3195 4764 ὀφθαλμοῖς
3224 4688 3654 4766 παραλαμϐάνειν

2119 4788 2343 4861 Μυρίων
2371 4787 2479 4860 γὰρ
2504 4788 2642 4841 ὅσων
2668 4788 2758 4841 τὸν
2792 4786 3026 4860 Χριστοῦ
3060 4787 3215 4856 λόγον
3245 4784 3562 4853 θλιψάντων,
3590 4776 3669 4830 καὶ

2118 4880 2286 4933 εἰσέτι
2337 4879 2431 4933 νῦν
2483 4877 2880 4949 πολεμούντων,
2936 4876 3221 4950 ὑπερήρθη
3278 4874 3371 4928 καὶ
3428 4869 3669 4942 κρείττων

2117 4972 2332 5026 πάντων
2360 4972 2602 5042 γέγονεν.
2647 4969 2805 5023 Ἀλλά
2836 4970 2931 5023 καὶ
2963 4969 3151 5040 ὑψώθη
3196 4970 3229 5038 ἡ
3265 4966 3385 5037 χεὶρ
3413 4961 3506 5016 τοῦ
3551 4959 3665 5027 Χρι-

2117 5063 2262 5123 στοῦ,
2296 5063 2437 5119 κατά
2484 5063 2702 5117 πάντων
2748 5060 2854 5114 τῶν
2905 5060 3206 5130 θλιψάντων
3259 5056 3422 5111 αὑτόν
3443 5072 3456 5085 ·
3516 5051 3567 5105 οῖ
3619 5062 3674 5099 τε.

2116 5156 2300 5229 ἐχθροὶ
2323 5152 2485 5210 αὑτοῦ
2515 5154 2731 5217 πάντες,
2768 5155 2816 5206 οἱ
2851 5152 2991 5207 κατὰ
3023 5151 3245 5222 χρόνους
3267 5144 3673 5213 ἐπανιστάμενοι

2117 5246 2282 5304 αὑτοῦ
2306 5249 2371 5318 τῇ
2410 5243 2720 5315 Ἐκκλησία,
2747 5240 3284 5314 ὲξολοθρευθήσεσθαι
3313 5238 3575 5306 λέγονται.

452 5342 616 5395 etiam
670 5341 725 5397 in
779 5319 997 5401 sublimi
1051 5349 1315 5403 collocata
1371 5356 1456 5405 est
1487 5363 1682 5404 manus
1727 5347 1961 5415 Christi,
2020 5354 2212 5403 contra
2243 5360 2433 5401 omnes
2473 5343 2565 5413 qui
2603 5342 2779 5412 ipsum
2826 5339 3116 5394 atllixerint
3146 5357 3165 5395 ι,
3209 5337 3439 5407 ejusque
3476 5319 3668 5385 inimici

456 5431 729 5498 universi,
764 5434 927 5491 variis
956 5438 1293 5507 temporibus
1326 5446 1517 5493 contra
1546 5438 1667 5510 ejus
1697 5438 1996 5495 Ecclesiam
2025 5437 2373 5505 insurgentes
2392 5476 2406 5501 ,
2442 5431 2701 5504 perdendi
2728 5446 2848 5487 esse
2879 5430 3157 5485 dicuntur.

976 5527 1087 5583 LII.
1125 5530 1166 5584 Α
1201 5528 1484 5598 Sophonia.

533 5636 553 5668 ‹
580 5616 716 5684 Quia
743 5626 875 5676 tunc
902 5633 1217 5678 convertam
1244 5624 1297 5679 in
1324 5625 1553 5695 ponulos
1580 5625 1818 5697 linguam
1840 5664 1854 5691 ,
1884 5632 1941 5679 ut
1964 5622 2020 5678 in

529 5708 577 5739 "
608 5707 767 5771 Mich.
805 5726 861 5775 ν,
898 5710 1015 5768 7-9.

535 5800 611 5862 lli
645 5802 803 5857 οὐδ’.
829 5799 992 5861 Forte
1012 5801 1131 5857 οὑκ.
1164 5802 1321 5860 Ευιτ.
1356 5802 1528 5859 Pun.

2541 5524 2665 5579 NB‘.
2693 5523 2824 5578 Ἀπὸ
2854 5521 2959 5576 τοῦ
2989 5517 3301 5591 Σοφονίουι

2258 5617 2380 5675 Ὅτι
2414 5616 2534 5671 τότε
2577 5611 2930 5687 μεταστρέψω
2974 5609 3064 5662 ἐπὶ
3111 5608 3270 5669 λαοὺς
3315 5603 3559 5673 γλῶσσαν
3598 5591 3673 5652 εἰς

2195 5794 2273 5863 (2)
2317 5796 2484 5854 οὔτε.
2516 5796 2677 5856 Forte
2703 5795 2824 5853 οὐκ.
2852 5793 3009 5852 Eutr.
3034 5792 3215 5849 Pun.
