3942 6258
253 381 340 434 I57
1121 375 1768 435 DEMONSTRATIONIS
1815 376 2271 434 ΕνΑΝςειιυΑ.
2314 383 2438 432 LIB.
2481 385 2544 433 ιι.

3350 383 3451 439 158

247 496 396 563 ὖνομα
428 492 663 565 Κυρίου,
705 490 796 545 τοῦ
832 491 1100 545 δουλεύειν
1143 491 1291 560 αὑτῷ
1338 493 1441 545 ὑπὸ
1473 491 1636 560 ζυγὸν
1675 491 1786 545 ἕνα.

1896 491 2116 546 nomine
2139 489 2352 546 Domini
2385 491 2629 547 serviant
2658 490 2708 545 ei
2738 489 2840 546 sub
2860 490 2992 562 jugo
3022 505 3149 546 uno.
3177 490 3222 544 Α
3254 490 3453 548 finibus

255 584 335 636 Ἐκ
366 583 623 651 περάτων
666 581 922 651 ποταμῶν
965 581 1244 646 Αἰθιοπίας
1277 580 1635 653 προσδέξομαι
1665 583 1790 646 τοὺς

245 675 567 738 ίκετεύοντάς
602 691 663 745 με
688 691 721 746 ὀ
742 673 847 726 υίοὶ
882 673 988 726 τῶν
1014 672 1421 744 διεσπαρμένων
1461 674 1664 728 οἴσουσι
1694 673 1786 726 θυ-

245 768 345 830 σίας
391 783 504 835 μοι.
555 766 643 818 Ἑν
672 768 738 836 τῇ
773 765 952 835 ἡμέρᾳ
983 765 1161 836 ἐκείνῃ
1195 767 1256 818 οὑ
1288 766 1361 838 μὴ
1390 765 1788 836 καταισχυνθῇς

240 864 292 915 ἐκ
323 865 535 915 πάντων
569 861 674 915 τῶν
705 859 1144 932 ἐπιτηδευμάτων
1167 875 1280 920 σου,
1307 851 1381 910 ὧν
1414 858 1684 929 ἠσέϐησας
1711 859 1790 919 εἰς

238 951 353 1021 ἐμέο
391 952 471 1002 ὅτι
503 952 626 1004 τότε
667 951 899 1023 περιελῶ
938 950 1044 1003 ἀπὸ
1085 948 1177 1002 σοῦ
1209 947 1277 1000 τὰ
1308 947 1651 1018 φαυλίσματο.
1690 945 1790 1016 τῆς

238 1043 426 1114 ὑϐρεώς
461 1059 585 1107 σου,
610 1045 702 1098 καὶ
736 1044 920 1096 οὐκέτι
969 1044 1028 1096 ού
1066 1042 1140 1114 μὴ
1169 1041 1466 1112 προστεθῇς
1492 1041 1586 1094 τοῦ
1624 1058 1789 1112 μεγα-

235 1135 479 1206 λαυχῆσαι
514 1139 608 1190 ἐπὶ
637 1139 695 1190 τὸ
720 1138 842 1208 ὅρος
866 1139 927 1190 τὸ
962 1138 1113 1207 ἀγιόν
1146 1155 1266 1208 μου,
1299 1139 1391 1191 καὶ
1433 1137 1790 1207 ὑπολείψομαι

235 1231 282 1282 ἐν
314 1229 389 1281 σοὶ
433 1230 566 1283 λαὸν
606 1233 780 1302 πρᾶον
812 1231 906 1284 καὶ
947 1232 1231 1284 ταπεινόν·
1283 1231 1374 1284 καὶ
1407 1230 1790 1300 εὑλαϐήσονται

234 1322 280 1372 ἐν
301 1319 372 1388 τῷ
395 1320 626 1391 ὀνόματι
658 1321 861 1392 Κυρίου
896 1322 944 1374 οἱ
974 1320 1287 1374 κατάλοιποι
1310 1321 1402 1373 τοῦ
1442 1319 1672 1391 Ἰσραὴλ,
1698 1320 1791 1372 καὶ

232 1412 282 1463 οὑ
309 1413 628 1479 ποιήσουσιν
655 1411 885 1475 ἀδικίαν,
919 1411 1013 1466 καὶ
1041 1413 1102 1465 οὺ
1125 1412 1413 1482 λαλήσουσι
1446 1411 1667 1480 μάταια,
1701 1410 1792 1462 καὶ

231 1502 284 1555 οὑ
313 1502 384 1573 μὴ
405 1503 610 1574 εὑρεθῇ
645 1505 701 1556 ἐν
736 1502 960 1574 στόματι
991 1503 1168 1558 αὐτῶν
1189 1501 1404 1571 γλῶσσα
1446 1501 1624 1555 δολία·
1659 1500 1791 1552 διότι

231 1594 364 1648 αὐτοὶ
386 1597 722 1666 νεμήσονται
753 1595 847 1649 καὶ
887 1595 1351 1666 κοιτασθήσονται,
1392 1593 1486 1647 καὶ
1517 1593 1616 1645 οὑκ
1642 1591 1792 1644 ἔσται

229 1686 526 1754 ὀὲκφοϐῶν
582 1687 796 1751 αὑτούς.
841 1705 860 1740 ι
916 1687 1024 1740 Καὶ
1059 1689 1115 1740 ἐν
1169 1686 1375 1749 τούτοις
1411 1682 1791 1753 ὑπολείψεσθαι

230 1778 386 1848 ἐαυτῷ
426 1779 559 1832 λαὸν
598 1779 782 1852 πραῢν
809 1781 903 1833 καὶ
937 1779 1188 1833 ταπεινὸν
1214 1779 1242 1832 ὁ
1286 1778 1487 1849 Κύριος
1524 1776 1792 1848 ἐπήγγελ-

1890 582 2172 639 fluminum
2210 581 2499 654 Ethiopize
2543 585 2838 654 suscipiam
2875 583 3248 654 supplicantes
3276 585 3451 638 mihi:

1888 677 2258 747 dispersorum
2312 677 2487 732 ferent
2535 677 2743 732 hostias
2791 678 2947 732 mihi.
2999 677 3055 732 In
3101 679 3188 734 die
3219 678 3310 732 illa
3342 695 3451 733 non

1889 769 2185 825 erubesces
2221 785 2286 824 ex
2331 769 2585 823 omnibus
2629 770 2826 824 studiis
2871 771 3007 834 tuis,
3045 770 3244 840 quibus
3289 773 3454 839 impie

1889 861 2045 932 egisti
2076 862 2360 917 adversum
2393 878 2514 928 me;
2546 863 2675 932 quia
2708 869 2836 915 tunc
2885 862 3126 917 auferam
3170 879 3200 917 a
3228 871 3281 919 te
3326 880 3453 934 pto—

1892 955 1986 1008 bra
2016 955 2361 1010 contumeliae
2393 962 2496 1008 tum
2517 995 2530 1016 ,
2564 965 2617 1009 et
2648 971 2755 1008 non
2788 957 2931 1008 ultra
2972 954 3198 1024 adjicies
3227 957 3452 1028 gloriari

1891 1061 2058 1115 super
2085 1053 2265 1100 monte
2294 1055 2486 1101 sancto
2517 1061 2674 1109 meo,
2719 1055 2772 1100 et
2816 1047 3117 1116 relinquam
3160 1048 3216 1102 in
3257 1055 3310 1104 te
3351 1064 3454 1119 po-

1891 1137 2075 1206 pulum
2136 1145 2480 1191 mansuetum
2528 1145 2591 1200 ,et
2643 1137 2937 1201 humilem,
2978 1145 3032 1192 et
3081 1139 3352 1193 cavebunt
3395 1140 3452 1194 in

1892 1230 2114 1283 nomine
2161 1227 2374 1282 Domini
2402 1269 2414 1287 ,
2459 1230 2551 1289 qui
2599 1229 2794 1298 reliqui
2841 1229 3043 1284 fuerint
3070 1246 3132 1285 ex
3167 1229 3370 1295 Israel,
3399 1241 3454 1286 et

1891 1337 1998 1376 non
2028 1320 2230 1375 facient
2261 1321 2611 1390 injustitiam,
2645 1330 2699 1375 et
2732 1337 2838 1375 non
2872 1322 3162 1392 loquentur
3194 1338 3331 1377 vana
3353 1362 3369 1386 ,
3401 1330 3456 1376 et

1889 1429 2000 1467 non
2035 1415 2341 1468 invenietur
2370 1414 2423 1467 in
2453 1430 2546 1468 ore
2585 1430 2774 1468 eorum
2819 1414 3000 1486 lingua
3043 1415 3271 1482 dolosa;
3317 1430 3455 1486 quo-

1891 1505 2037 1558 niam
2075 1506 2175 1575 ipsi
2215 1514 2507 1575 pascentur
2536 1515 2590 1560 et
2624 1507 2938 1570 cubabunt,
2981 1515 3034 1562 et
3071 1523 3178 1561 non
3217 1508 3320 1562 erit
3360 1507 3455 1578 qui

1891 1602 2163 1650 exterreat
2191 1613 2286 1651 eos
2317 1598 2382 1651 ³ο.
2418 1617 2437 1648 ›
2463 1597 2570 1667 83
2604 1597 2660 1650 In
2709 1599 2794 1654 his
2829 1600 2955 1653 item
2996 1599 3309 1653 relicturum
3351 1598 3454 1653 sibi

1892 1686 2147 1755 populum
2169 1696 2508 1741 mansuetum
2537 1698 2589 1740 et
2617 1689 2872 1742 humilem
2897 1688 3155 1746 Dominus
3182 1690 3456 1760 pollicitus

1892 1787 1974 1833 est
1994 1819 2008 1840 ,
2041 1795 2146 1832 non
2180 1781 2344 1833 alium
2380 1783 2569 1851 utique
2601 1782 2916 1853 significans
2937 1824 2951 1844 ,
2981 1797 3144 1852 quam
3171 1797 3294 1838 eum
3318 1823 3332 1846 ,
3362 1785 3456 1853 qui

227 1887 322 1932 ται,
351 1873 449 1924 οὑκ
495 1872 660 1925 ἄλλον
707 1871 900 1943 δηλῶν,
937 1872 969 1942 ἦ
1014 1871 1106 1923 τὸν
1146 1873 1211 1924 ἐκ
1252 1869 1549 1942 περιτομῆς
1584 1870 1665 1931 εἰς
1699 1869 1786 1920 τὸν

1892 1869 1958 1923 de
1985 1870 2406 1927 circumcisione
2433 1873 2486 1926 in
2517 1873 2799 1928 Christum
2828 1874 2999 1943 ipsius
3029 1875 3100 1929 sit
3124 1874 3454 1930 crediturus.

229 1963 441 2032 Χριστὸν
469 1965 641 2018 αὑτοῦ
685 1965 1100 2018 πεπιστευκότα.
1131 1965 1237 2017 Καὶ
1272 1963 1430 2016 πάλιν
1470 1963 1594 2024 τοὺς
1625 1978 1788 2015 κατα-

229 2057 422 2121 λοίιτους
466 2059 573 2111 τοῦ
620 2058 832 2130 Ἰσραὴλ
882 2058 1076 2127 μόνους
1116 2056 1453 2127 σωθήσεσθαι
1506 2053 1642 2124 μετά
1687 2053 1788 2121 τῆς

228 2149 318 2202 τῶν
349 2148 556 2204 λοιπῶν
585 2150 754 2203 ἐθνῶν
782 2150 1043 2220 κλήσεως,
1074 2149 1140 2220 ἥν
1184 2150 1243 2202 ἐν
1269 2151 1380 2210 τοῖς
1425 2145 1658 2218 πρώτοις
1689 2146 1790 2215 τῆς

228 2242 552 2313 προφητείας
584 2243 892 2313 ἐσήμαινεν.

601 2356 723 2408 NI".
767 2355 910 2410 Ἀπὸ
939 2355 1044 2409 τοῦ
1077 2355 1394 2424 Ζαχαρίου.

287 2463 303 2496 ι
343 2444 483 2498 Ἰδοὺ
520 2445 702 2516 ἡμέρα
741 2445 955 2515 ἔρχεται
985 2448 1042 2499 ἐν
1069 2445 1170 2507 σοὶ,
1195 2445 1287 2499 καὶ
1315 2441 1788 2516 διαμερισθήσεται

223 2535 280 2587 si
306 2534 483 2588 σκῦλά
517 2551 612 2587 σου
647 2537 703 2588 ἐν
741 2536 858 2589 σοί·
892 2538 986 2590 καὶ
1019 2535 1327 2598 ἐπισυνὰξω
1362 2535 1536 2588 πάντα
1565 2533 1632 2586 τά
1658 2533 1786 2602 ἔθνη

225 2627 299 2678 ἐπὶ
337 2626 698 2698 Ἰερουσαλὴμ
720 2629 799 2691 είς
836 2627 1091 2698 πόλεμον,
1123 2627 1214 2679 καὶ
1248 2624 1511 2678 ἁλώσεται
1540 2626 1572 2694 ἡ
1609 2624 1782 2684 πόλις,

226 2717 302 2768 καὶ
330 2717 806 2790 διαρπαγησονται
843 2717 1031 2779 οἰκίαι,
1079 2717 1172 2770 καὶ
1204 2719 1258 2770 αἱ
1297 2717 1553 2784 γυναῖκες
1593 2715 1784 2785 μολυν-

225 2805 487 2877 θήσονται,
539 2810 633 2861 καὶ
669 2806 1006 2875 ἐξελεύσεται
1038 2809 1098 2860 τὸ
1140 2809 1306 2878 ἥμισυ
1349 2807 1452 2876 τῆς
1494 2806 1696 2868 πόλεως
1729 2808 1787 2858 ἐν

225 2900 578 2971 αἰχμαλωσίαο
621 2902 671 2952 οἱ
713 2900 769 2953 δὲ
814 2899 1128 2954 κατάλοιποι
1177 2899 1270 2953 τοῦ
1316 2898 1445 2953 λαοῦ
1482 2916 1582 2968 μου
1613 2898 1674 2950 ού
1714 2896 1786 2968 μὴ

222 2991 378 3056 ὲξολοθ
395 2991 756 3063 ρευθήσονται
801 2995 865 3046 ἐκ
905 2993 1006 3062 τῆς
1057 2991 1285 3054 πόλεως.
1345 3011 1362 3042 ι
1416 2989 1639 3060 Συνᾴδει
1694 2990 1788 3042 καὶ

218 3082 366 3134 ταῦτα
408 3084 516 3145 τοῖς
545 3081 982 3153 προτεθειμένοις
1009 3081 1100 3135 ἐπὶ
1126 3081 1203 3152 τῷ
1223 3079 1428 3151 ὀλέθρῳ
1459 3079 1553 3132 τοῦ
1588 3079 1786 3142 παντὸς

230 3173 486 3226 Ἰουδαίων
531 3173 734 3236 έθνους,
778 3173 1087 3244 μετελθόντι
1127 3173 1324 3236 αὑτοὺς
1373 3171 1511 3252 μετά
1549 3172 1648 3242 τὴν
1691 3170 1785 3224 τοῦ
1813 3196 1855 3252 C

222 3264 443 3335 Χριστώ
469 3267 770 3336 παρουσίαν
796 3264 1218 3336 πεπληρωμένα.
1247 3263 1400 3317 Μετά
1429 3259 1520 3316 οὖν
1551 3263 1649 3334 τὴν
1681 3263 1788 3316 ἀπὸ

223 3355 526 3419 Βαϐυλῶνος
567 3357 824 3410 ἐπάνοδον
852 3356 1024 3409 ταῦτα
1056 3358 1085 3408 ὁ
1121 3355 1396 3428 Ζαχαρίας
1428 3357 1784 3428 προφητεύει,

225 3445 482 3511 θεσπίζων
525 3448 624 3518 τὴν
658 3448 764 3501 ὑπὸ
815 3449 1096 3518 Ῥωμαίων
1139 3449 1508 3520 γενησομένην
1544 3448 1781 3518 ὑστάτην

225 3539 530 3611 πολιορκίαν
557 3539 650 3592 τοῦ
689 3538 838 3602 λαοῦ,
872 3542 955 3608 ἐφ’
1064 3540 1156 3593 τοῦ
1189 3542 1389 3605 παντὸς
1418 3540 1602 3604 ἔθνους
1653 3541 1786 3593 Ἰου-

223 3631 372 3685 δαίων
391 3631 711 3703 ὑποχειρίου
735 3633 846 3694 τοῖς
868 3631 1146 3701 πολεμίοις
1173 3633 1564 3704 γενησομένου,
1597 3635 1788 3704 μόνους

227 3723 480 3792 φησὶίτοὺς
492 3723 856 3786 καταλοίπους
876 3722 968 3776 τοῦ
990 3722 1118 3776 λαοῦ
1141 3723 1498 3794 σωθήσεσθαι,
1525 3725 1784 3797 ἄντικρυς

226 3817 407 3880 αὐτοὺς
455 3817 582 3878 τοὺς
629 3816 1065 3880 ἀποστόλουςτοῦ
1119 3817 1369 3887 Σωτῆρος
1412 3817 1564 3886 ἡμῶν
1592 3817 1784 3887 δηλῶν.

609 3929 730 3982 ΝΔ’.
775 3929 918 3983 Ἀπὸ
953 3931 1059 3984 τοῦ
1095 3931 1390 4000 Ἰερεμίου.

290 4041 308 4072 ‹
357 4023 788 4093 Ἑπιστράφητε,
822 4021 929 4074 υίοὶ
961 4021 1348 4090 ἀφεστηκότες,
1378 4021 1525 4089 λέγει
1565 4022 1784 4094 Κύριοςο

227 4113 350 4167 διότι
369 4112 479 4181 ἐγὼ
500 4110 916 4182 κατακυριεύσω
939 4111 1110 4182 ὑμῶν,
1136 4112 1230 4164 κα)⁵
1244 4111 1480 4182 λήψομαι
1506 4113 1668 4182 ὑμᾶς,
1693 4113 1787 4164 ἕνα

228 4205 285 4256 ἐκ
314 4203 534 4266 πόλεως,
571 4203 664 4255 καὶ
691 4202 783 4254 δύο
806 4203 869 4255 ἐκ
902 4203 1152 4272 πατριᾶς
1191 4203 1283 4256 καὶ
1315 4202 1512 4268 εἰσάξω
1539 4204 1682 4273 ὑμᾶς
1709 4205 1787 4266 εἰς

229 4294 370 4358 Eadm,
399 4296 492 4347 καὶ
520 4294 675 4347 δώσω
701 4295 828 4365 ὑμῖν
849 4294 1112 4366 ποιμένας
1136 4294 1274 4348 κατά
1294 4295 1391 4366 τὴν
1409 4294 1635 4366 καρδίαν
1661 4313 1784 4366 μου,

230 4384 313 4436 καὶ
339 4383 696 4455 ποιμανοῦσιν
722 4387 886 4456 ὑμᾶς,
917 4386 1292 4457 ποιμαίνοντες
1317 4387 1433 4457 μετ’
1457 4388 1781 4458 ἐπιστήμης.

230 4476 326 4530 Καὶ
380 4478 556 4540 ἔσται,
601 4477 698 4530 ἐὰν
747 4477 1106 4550 πληθυνθῆτε,
1153 4479 1246 4531 καὶ
1304 4479 1592 4550 αὐξηθῆτε,
1635 4479 1782 4547 λέγει

230 4567 432 4638 Κύριος,
489 4571 548 4622 ἐν
589 4572 709 4632 ταῖς
749 4569 982 4644 ἡμέραις
1009 4569 1245 4633 ἐκείναις
1275 4570 1373 4623 οὑκ
1423 4569 1636 4640 ἐροῦσιν
1677 4570 1776 4622 ἔτι·

229 4659 456 4722 Κιϐωτὸς
501 4661 776 4733 Διαθήκης
812 4661 1016 4732 Κυρίου
1071 4661 1286 4733 Ἰσραὴλ
1323 4662 1421 4715 οὑκ
1453 4661 1783 4732 ἀναϐήσεται

231 4751 311 4803 ἐπὶ
338 4752 586 4823 καρδίαν,
611 4752 729 4805 οὑδὲ
750 4751 1200 4824 όνομασθήσεται,
1230 4752 1324 4806 καὶ
1346 4753 1406 4804 οὑ
1430 4751 1782 4822 ποιηθήσεται

231 4840 311 4895 ιτι.
369 4863 388 4895 ι
452 4843 624 4914 Ὀμοῦ
674 4844 764 4896 καὶ
807 4844 864 4897 ἐν
907 4843 1108 4906 τούτοις
1161 4843 1258 4914 τὴν
1315 4841 1644 4913 ἐπιστροφὴν
1687 4841 1781 4894 τοῦ

241 4934 438 5006 Ἰσραὴλ
471 4936 573 5006 τὴν
606 4937 662 4988 ἐν
693 4939 758 5008 τῇ
793 4936 1059 5008 παρουσίᾳ
1087 4935 1181 4989 τοῦ
1213 4934 1464 5006 Σωτῆρος
1488 4935 1642 5006 ήμῶν
1679 4935 1782 5004 Ἰη-

234 5026 313 5080 σοῦ
342 5026 579 5099 Χριστοῦ
615 5029 980 5099 γενησομένην
1011 5028 1272 5093 θεσπίζει,
1303 5026 1422 5080 καθ’
1456 5025 1542 5096 ἥν,
1590 5025 1687 5079 ’ένα
1715 5027 1782 5079 ἐκ

233 5120 439 5185 πόλεως,
457 5120 658 5174 καὶδύο
676 5123 739 5173 ἐκ
758 5122 1012 5192 πατριᾶς,
1033 5122 1124 5174 καὶ
1142 5120 1340 5191 σφόδρα
1360 5118 1668 5186 ὀλιγοστοὺς
1686 5118 1778 5171 καὶ

231 5210 426 5284 ἀριθμῷ
453 5213 676 5284 βραχεῖς
704 5212 1080 5284 ἐκλεξάμενος,
1105 5213 1364 5283 ποιμένας
1384 5211 1487 5264 τῶν
1513 5212 1592 5275 εἰς
1617 5211 1778 5265 αὑτὸν

231 5305 652 5358 πεπιστευκότων
701 5303 869 5357 ἐθνῶν
912 5304 1010 5375 (I),
1047 5304 1140 5357 καὶ
1175 5303 1515 5374 αὐξηθέντων
1546 5302 1640 5356 ἐπὶ
1681 5301 1780 5372 τῆς

236 5392 318 5463 γῆς
333 5399 388 5450 ἐν
404 5399 468 5467 τῇ
492 5396 558 5449 δι’
573 5396 750 5449 αὑτῶν
773 5397 1000 5468 ἐσομένας⁵
1033 5396 1218 5466 κλήσει
1241 5413 1349 5449 των
1371 5394 1557 5450 ἐθνῶνο
1588 5413 1605 5446 ι
1633 5395 1775 5447 Οὑκ-

234 5484 314 5550 ίτι,
334 5491 510 5560 φησὶν,
529 5487 762 5561 ἐροῦσιν·
784 5491 1027 5554 Κιϐωτδς
1046 5489 1310 5560 Διαθήκης
1327 5489 1547 5560 Κυρίουο
1563 5507 1580 5538 ι
1595 5487 1778 5541 οὐκέτι

235 5580 322 5647 γὰρ
351 5581 440 5632 ἐπί
474 5579 573 5644 τάς
600 5580 841 5643 Μωσέως
869 5581 1296 5652 ἁναδραμοῦνται
1330 5579 1779 5650 σωμᾳςικωτέοας

1890 1959 1956 2013 Ει
1988 1976 2177 2015 rursus
2207 1976 2302 2016 eos
2333 2003 2347 2027 ,
2381 1963 2473 2031 qui
2513 1963 2711 2032 reliqui
2749 1964 2947 2019 fuerint
2975 1980 3041 2019 ex
3075 1963 3274 2029 Israel,
3312 1967 3458 2021 solos

1890 2052 2070 2106 salvos
2100 2051 2312 2107 futuros
2337 2093 2350 2109 .
2389 2069 2513 2107 cum
2560 2055 2894 2125 reliquarum
2938 2057 3180 2126 gentium
3216 2061 3456 2112 vocatio-

1887 2161 1984 2208 ne,
2022 2161 2184 2215 quam
2220 2147 2374 2200 initio
2407 2149 2707 2218 prophetiae
2740 2149 3088 2218 significavit.

2399 2345 2531 2403 LIII.
2582 2347 2624 2400 Α
2665 2345 2948 2402 ΖαεΙιατία.

1965 2453 1981 2484 ι
2013 2433 2150 2489 Ecce
2176 2434 2294 2491 dies
2324 2437 2503 2491 veniet
2530 2437 2583 2492 iu
2614 2445 2686 2502 te,
2718 2445 2774 2492 et
2819 2437 3136 2494 dividentur
3159 2441 3330 2511 spolia
3365 2450 3457 2497 tua

1888 2525 1941 2578 in
1975 2533 2026 2579 te
2059 2545 2071 2578 :
2103 2533 2156 2580 et
2185 2528 2524 2598 congregabo
2571 2542 2761 2582 omnes
2793 2536 2982 2598 gentes
3023 2531 3078 2584 in
3120 2529 3456 2589 Hierusalem

1888 2616 1953 2669 ad
1994 2617 2213 2682 bellum,
2261 2626 2314 2673 et
2352 2619 2598 2689 capietur
2641 2621 2856 2678 civitas.
2908 2630 2962 2677 et
3003 2622 3330 2693 diripientur
3357 2625 3456 2680 do-

1888 2724 2030 2769 mus.
2061 2717 2115 2763 et
2140 2709 2397 2765 mulieres
2420 2711 2871 2781 inquinabuntur,
2897 2721 2947 2768 et
2974 2714 3141 2770 exibit
3173 2714 3458 2771 dimidium

1887 2800 2123 2856 civitatis
2155 2802 2208 2855 in
2239 2803 2554 2872 captivitate
2585 2823 2597 2858 :
2631 2805 2824 2874 reliqui
2860 2821 2991 2860 vero
3013 2821 3080 2862 ex
3111 2807 3312 2877 populo
3334 2823 3458 2863 meo

1887 2905 1994 2942 non
2041 2889 2338 2961 perdentur
2379 2892 2448 2948 de
2494 2893 2716 2948 civitate
2736 2895 2803 2949 ⁸⁸.
2836 2914 2855 2946 ι
2903 2896 3284 2951 Consentanea
3333 2905 3463 2952 sunt

1888 2979 2002 3034 haec
2046 2981 2114 3035 iis
2142 2997 2266 3050 qum
2312 2983 2593 3052 pr0posita
2649 2996 2778 3038 sunt
2806 2984 2873 3040 de
2919 2973 3144 3040 interitu
3191 2987 3462 3044 universa:

1888 3073 2124 3129 nationis
2149 3071 2482 3138 Judaeorum,
2503 3075 2594 3145 qui
2626 3074 2693 3129 ad
2721 3077 2840 3131 illas
2869 3085 2991 3146 post
3019 3077 3224 3134 Christi
3255 3079 3460 3136 adven-

1887 3173 2001 3219 tum
2038 3168 2301 3236 pervenit.
2346 3166 2470 3222 Haec
2513 3168 2658 3223 enim
2710 3167 3003 3226 Zacharias
3055 3179 3180 3241 post
3225 3172 3460 3229 reditum

1889 3261 1956 3315 de
2003 3259 2272 3332 Babylone
2309 3263 2659 3323 vaticinatur.
2709 3278 2914 3318 canens
2955 3273 3254 3320 extremam
3312 3268 3458 3321 illam

1890 3353 2070 3421 populi
2103 3355 2482 3419 vastationem,
2517 3371 2639 3426 qua:
2661 3370 2692 3410 a
2722 3355 2984 3413 Romanis
3011 3358 3293 3415 inferenda
3320 3370 3456 3425 erat,

1889 3446 1943 3499 in
1973 3461 2079 3516 qua
2116 3461 2240 3500 cum
2276 3454 2390 3502 tota
2416 3447 2641 3503 Iudaica
2671 3466 2804 3521 gens
2837 3453 2892 3505 in
2934 3452 3172 3507 hostium
3215 3462 3458 3524 potesta-

1889 3544 1994 3591 tem
2026 3545 2255 3592 ventura
2287 3549 2452 3605 esset,
2489 3541 2636 3596 solos
2674 3555 2771 3596 eos
2817 3540 2975 3604 dicit,
3009 3543 3103 3611 qui
3145 3542 3213 3597 de
3261 3543 3458 3612 p0pulo

1887 3629 2079 3699 reliqui
2113 3629 2336 3694 fuerint,
2369 3633 2548 3688 salvos
2581 3631 2697 3686 fore
2733 3652 2746 3687 :
2774 3633 2855 3687 sic
2876 3649 3006 3687 sane
3030 3634 3306 3702 apostolos
3340 3633 3462 3688 Sal-

1890 3721 2090 3776 vatoris
2122 3723 2294 3777 nostri
2318 3724 2661 3794 apertissime
2689 3723 3031 3793 signiﬁcans.

2388 3921 2522 3976 LIV.
2579 3922 2657 3975 Ab
2696 3921 2951 3976 Jeremia.

1963 4033 1982 4065 ι
2015 4014 2428 4081 Convertimini,
2471 4015 2590 4080 filii,
2624 4015 2716 4085 qui
2763 4011 3063 4079 defecistis,
3109 4012 3244 4068 dicit
3283 4012 3460 4070 Domi-

1889 4121 2034 4173 nus;
2091 4105 2346 4176 quoniam
2385 4119 2488 4176 ego
2525 4104 2849 4159 dominabor
2892 4104 2947 4157 in
2986 4103 3160 4168 vobis,
3215 4111 3269 4159 et
3313 4107 3459 4160 acci-

1888 4200 2032 4271 piam
2056 4215 2175 4262 vos,
2214 4215 2381 4253 unum
2418 4200 2485 4254 de
2525 4199 2766 4265 civitate,
2795 4206 2850 4254 et
2875 4201 3015 4256 duos
3043 4197 3111 4254 de
3147 4198 3372 4266 familia,
3405 4211 3458 4258 et

1889 4291 2154 4346 adducam
2186 4307 2283 4347 vos
2324 4293 2378 4346 in
2411 4291 2565 4356 Sion,
2613 4301 2666 4348 et
2695 4293 2835 4347 dabo
2883 4292 3038 4348 vobis
3074 4300 3324 4360 pastores
3370 4310 3458 4349 sc-

1888 4386 2124 4438 cundum
2155 4398 2249 4437 cor
2282 4399 2483 4448 meum,
2515 4392 2569 4438 et
2603 4393 2828 4453 pascent
2861 4399 2980 4448 vos,
3012 4391 3298 4454 pascentes
3331 4401 3454 4440 cum

1890 4475 2136 4530 scientia.
2190 4475 2252 4529 Et
2281 4475 2405 4540 erit,
2439 4491 2562 4530 cum
2612 4476 2960 4546 multiplicati
2990 4476 3208 4532 fueritis
3251 4486 3304 4531 et
3333 4493 3452 4531 cre-

1885 4568 2095 4630 veritis,
2143 4565 2274 4622 dicit
2319 4567 2605 4631 Dominus,
2639 4567 2691 4621 in
2742 4567 2936 4623 diebus
2986 4569 3097 4624 illis
3132 4583 3244 4623 non
3273 4568 3455 4623 dicent

1885 4659 2117 4728 amplius
2164 4673 2343 4712 :arca
2404 4657 2738 4713 Testamenti
2803 4659 3016 4714 Domini
3077 4661 3277 4726 Israel,
3343 4679 3452 4718 non

1884 4751 2140 4808 ascendet
2195 4752 2250 4806 in
2302 4766 2420 4814 cor,
2454 4767 2631 4821 neque
2678 4751 3072 4814 nominabitur,
3119 4761 3173 4807 et
3213 4769 3322 4807 non
3363 4754 3454 4808 fiet

1885 4843 2199 4913 amplius".
2232 4863 2251 4894 ι
2287 4841 2344 4897 In
2375 4843 2461 4897 his
2485 4859 2704 4913 quoque
2735 4845 3148 4899 conversionem
3178 4844 3366 4909 Israel,
3395 4845 3449 4899 in

1885 4936 2120 4990 adventu
2153 4933 2453 4990 Salvatoris
2488 4920 2659 4989 nostri
2695 4933 2824 4989 Iesu
2854 4933 3061 4988 Christi
3090 4933 3325 4988 futuram
3356 4951 3422 4990 ca

1884 5029 1982 5092 nit,
2014 5027 2071 5080 in
2107 5041 2234 5096 qua,
2269 5039 2393 5078 cum
2441 5039 2608 5077 unum
2657 5023 2724 5077 de
2761 5023 2978 5077 civitate
3004 5030 3059 5076 et
3099 5022 3237 5076 duos
3271 5022 3337 5076 de
3371 5021 3452 5075 fa-

1883 5118 2052 5182 milia,
2087 5123 2143 5172 et
2172 5115 2327 5171 valde
2354 5130 2557 5185 paucos
2611 5121 2666 5170 et
2697 5130 2924 5169 numero
2953 5114 3178 5184 exiguos
3205 5113 3446 5184 elegerit,

1880 5224 2069 5265 earum
2099 5225 2219 5280 qua:
2248 5209 2302 5263 in
2337 5208 2513 5278 ipsum
2540 5206 2870 5263 crediderint
2907 5206 3147 5277 gentium
3179 5214 3446 5276 pastores.

1880 5315 2115 5372 cumque
2143 5301 2199 5355 in
2242 5310 2385 5355 terra
2431 5305 2617 5370 gentes
2652 5299 2704 5352 in
2736 5313 2834 5353 sua
2872 5297 3110 5367 ipsarum
3142 5293 3324 5351 futura
3355 5311 3448 5350 vo-

1883 5395 2100 5450 catione
2130 5395 2404 5449 creverint
2438 5413 2450 5448 :
2499 5413 2517 5444 ι
2546 5391 2665 5448 Νοιι
2719 5393 2882 5456 ultra,
2918 5391 3115 5462 inquit,
3144 5389 3214 5446 ab
3249 5389 3330 5446 eis
3363 5389 3446 5444 di-

1884 5497 2058 5551 cetur,
2109 5501 2237 5542 arca
2274 5485 2609 5542 Testamenti
2645 5483 2899 5549 Domini;
2933 5503 2951 5536 ι
3005 5499 3115 5538 non
3144 5483 3288 5540 enim
3327 5497 3443 5536 am-

1887 5580 2030 5650 plius
2063 5578 2130 5633 ad
2180 5577 2378 5650 Moysis
2410 5579 2723 5649 corporales
2769 5577 3112 5634 adorationes
3142 5582 3442 5641 recurrent,

285 5730 325 5762 “
353 5733 593 5806 Sophon.
628 5751 712 5798 ιιι,
757 5735 906 5790 9-15.
981 5737 1023 5767 ⁸⁸
1072 5735 1298 5790 Zachar.
1337 5734 1600 5804 x1v,I,2.
1673 5737 1716 5768 ⁸²
1746 5735 1786 5789 ιιι

1891 5734 1952 5786 ΙΙ.
1989 5735 2176 5789 ΙΑ-ίϋ.

288 5849 358 5920 (ι)
394 5851 553 5910 Deest
589 5851 797 5919 aliquid
828 5850 895 5907 ad
918 5851 1327 5910 sull'ulciendam
1349 5853 1696 5917 sententiam,
1728 5849 1783 5907 fo

1896 5852 2246 5925 καταστήσει.
2269 5851 2368 5909 Eb.
