3942 6258
427 385 531 443 159

1059 385 1328 441 EUSEBII
1366 380 1841 439 CASSARIENSIS
1881 377 2030 434 OI‘P.
2072 377 2248 432 PARS
2283 376 2345 430 II.
2386 406 2456 414 -—-
2490 372 2980 429 APOLOGETICA.

3547 371 3647 422 160

427 515 616 577 utpote
680 526 809 565 cum
854 509 934 566 eis
1008 520 1237 563 novum'
1275 505 1597 563 tradendum
1661 506 1732 559 sit
1792 501 1986 575 Testa-

2103 499 2419 570 θρησκείας,
2476 496 2568 549 ἆτε
2610 494 2798 563 καινῆς
2853 491 3122 563 Διαθήκης
3176 492 3356 553 αὐτοῖς
3414 488 3646 558 παραδο-

428 606 690 655 mentum.

926 689 1037 765 84
1057 689 1168 747 LV.
1194 690 1273 744 Ab
1300 688 1495 743 eodem.

503 805 523 841 ι
554 784 1047 853 Multiplicaverunt
1084 783 1391 853 impietates
1438 795 1598 843 suas,
1643 776 1988 832 invaluerunt

431 881 487 937 in
519 875 896 934 aversionibus
926 875 1062 931 suis.
1099 874 1345 939 Quanam
1384 887 1450 929 ex
1482 872 1567 926 bis
1597 870 1861 942 pr0pitius
1893 884 1988 923 ero

428 967 566 1025 tibi?
610 967 704 1021 ﬁlii
746 966 827 1019 tui
867 964 1275 1035 dereliquerunt
1320 978 1427 1025 me,
1481 968 1535 1016 et
1573 960 1892 1031 iuraverunt
1930 958 1989 1012 in

430 1060 519 1124 iis,
548 1057 645 1130 qui
675 1055 751 1112 dii
788 1071 896 1133 non
941 1062 1088 1123 sunt,
1137 1065 1192 1110 et
1229 1052 1471 1110 saturavi
1504 1066 1617 1121 eos,
1647 1060 1700 1105 et
1732 1049 1989 1104 mmchati

430 1156 586 1213 sunt,
631 1155 686 1201 et
711 1147 766 1200 in
803 1145 1056 1200 domibus
1091 1150 1396 1200 scortorum
1427 1139 1821 1201 habitaverunt,
1864 1137 1991 1206 equi

436 1239 664 1295 libidine
721 1237 915 1308 perciti
957 1242 1283 1298 evaserunt,
1329 1232 1705 1302 unusquisque
1745 1230 1811 1284 ad
1853 1244 1990 1283 uxo-

430 1346 547 1386 rem
582 1329 817 1401 proximi
851 1329 1123 1383 hinnitum
1154 1329 1333 1387 emisit
1362 1346 1375 1382 :
1409 1324 1655 1397 nunquid
1682 1340 1789 1378 non
1830 1339 1993 1392 super

432 1421 520 1477 his
557 1419 833 1475 visitabo?
872 1420 1003 1475 dicit
1030 1418 1314 1483 Dominus,
1352 1434 1419 1472 an
1450 1419 1504 1473 in
1547 1425 1705 1488 gente
1741 1415 1835 1470 tali
1884 1431 1993 1469 non

432 1507 729 1563 uleiscetur
787 1508 967 1562 anima
1022 1506 1183 1563 mea?
1247 1505 1539 1564 Ascendite
1591 1507 1994 1577 propugnacula

432 1598 576 1668 eius,
610 1607 664 1653 et
685 1598 930 1669 iugulate
961 1617 973 1651 :
1000 1599 1527 1659 consummationem
1556 1613 1685 1653 vero
1714 1614 1783 1652 ne
1812 1598 1991 1662 facile,

432 1690 724 1760 relinquite
740 1690 1053 1767 fulcimenta
1068 1689 1209 1759 ejus,
1229 1690 1488 1761 quoniam
1507 1688 1721 1743 Domini
1741 1690 1952 1745 sunt”.
1970 1712 1987 1743 ι

431 1781 495 1836 In
535 1782 623 1837 his
665 1781 850 1844 simul,
893 1789 947 1852 et
978 1781 1253 1836 accusatio
1294 1782 1462 1836 totius
1506 1780 1747 1836 nationis
1783 1795 1991 1846 eorum,

2095 591 2160 662 θη
2170 588 2417 660 σομένης.

2534 678 2664 731 ME'.
2714 673 2853 728 Ἀπό
2882 674 2986 728 τοῦ
3025 672 3227 727 αὑτοῦ.

2168 792 2188 824 ί
2223 769 2555 842 Ἐπλήθυναν
2574 766 2824 828 ἀσεϐείας
2842 764 3037 829 αὐτῶν,
3058 763 3280 833 ἴσχυσαν
3297 764 3351 813 ὲν
3376 763 3495 824 ταῖς
3513 761 3651 814 ἀπο-

2096 865 2354 937 στροφαῖς
2380 860 2576 914 αὐτῶν.
2601 860 2745 929 Ποίῳ
2778 856 2980 910 τούτων
3000 855 3156 918 ἵλεως
3176 854 3363 925 ἔσομαί
3388 871 3467 907 σοι
3491 871 3505 919 ;
3532 852 3651 905 Υίοί

2096 974 2187 1010 σου
2210 952 2562 1019 ὲγκατέλιπόν
2593 968 2679 1022 με,
2698 951 2791 1003 καὶ
2807 949 3018 1018 ὤμνυον
3035 949 3091 999 ὲν
3110 949 3219 1009 τοῖς
3233 948 3331 1000 οὐκ
3349 942 3466 999 οὖσι
3487 945 3650 1009 θεοῖς,

2094 1050 2189 1103 καὶ
2230 1048 2498 1118 ὲχόρτασα
2528 1044 2743 1106 αὐτοὺς,
2788 1043 2881 1095 καὶ
2914 1040 3225 1112 ὲμοιχῶντο,
3266 1040 3356 1092 καὶ
3397 1040 3453 1091 ἐν
3485 1037 3652 1101 οἴκοις

2095 1139 2306 1212 πορνῶν
2339 1136 2684 1192 κατελῦοσανο
2740 1136 2894 1188 ἵπποι
2928 1133 3251 1204 θηλυμανεῖς
3297 1128 3651 1200 ἐγενήθησαν,

2092 1235 2319 1296 ἕκαστος
2354 1232 2446 1283 ἐπὶ
2482 1229 2579 1302 τὴν
2609 1230 2838 1297 γυναῖκα
2876 1226 2969 1278 τοῦ
3011 1225 3233 1296 πλησίον
3278 1220 3649 1294 ἐχρεμέτιζον.

2093 1327 2188 1400 Μὴ
2233 1325 2324 1377 ἐπὶ
2362 1323 2566 1385 τούτοις
2598 1321 2696 1376 οὐκ
2739 1318 3124 1388 ἐπισκέψομαι,
3174 1316 3317 1383 λέγει
3354 1314 3574 1384 Κύριος,
3615 1310 3652 1384 ἢ

2096 1419 2152 1471 ἐν
2201 1416 2342 1469 ἔθνει
2393 1414 2468 1485 τῷ
2520 1417 2739 1482 τοιούτῳ
2791 1414 2891 1480 οὐκ
2937 1411 3211 1480 ἐκδικήσει
3261 1407 3471 1478 ήψυχή
3519 1420 3651 1476 μους

2108 1508 2366 1579 Ἀνόιὸητε
2391 1509 2482 1560 ἐπὶ
2500 1507 2626 1570 τοὺς
2646 1505 3010 1578 προμαχῶνας
3043 1503 3228 1573 αὐτῆς,
3255 1500 3346 1554 καὶ
3371 1496 3655 1567 κατασφά-

2096 1600 2241 1667 ξατε.
2290 1598 2602 1652 Συντέλειαν
2635 1599 2690 1652 δὲ
2742 1600 2813 1670 μὴ
2856 1600 3137 1668 ποιήσητε·
3182 1590 3534 1646 ὐπολείπεσθε
3586 1589 3656 1644 τὰ

2097 1690 2548 1761 ὑποστηρίγματα
2573 1689 2758 1759 αὐτῆς·
2793 1688 2874 1741 ὅτι
2899 1685 2991 1740 τοῦ
3015 1685 3218 1757 Κυρίου
3246 1683 3370 1737 εἰσί.
3403 1703 3421 1736 ι
3456 1682 3564 1735 Καὶ
3597 1683 3656 1735 ὲν

2097 1785 2302 1847 τούτοις
2322 1782 2455 1853 ὁμοῦ
2475 1781 2775 1853 κατηγορία
2799 1780 2891 1833 τοῦ
2914 1779 3111 1842 παντὸς
3133 1778 3314 1840 ἔθνους
3336 1775 3531 1834 αὐτῶν,
3562 1774 3652 1826 καὶ

434 1880 488 1927 et
540 1886 660 1942 qua:
709 1886 803 1926 eos
847 1872 1120 1941 Oppressit
1162 1871 1377 1937 obsidio
1424 1871 1817 1925 indicaturzet
1860 1887 1992 1941 prm—

2103 1879 2126 1946 ἡ
2159 1874 2483 1947 μετελθοῦσα
2522 1873 2717 1935 αὐτοὺς
2749 1872 3031 1943 πολιορκία
3068 1869 3336 1943 δηλοῦται,
3374 1869 3465 1921 καὶ
3496 1867 3656 1920 πάλιν

435 1972 583 2018 terea
626 1963 928 2025 residuum,
960 1961 1104 2031 quod
1141 1960 1516 2016 fulcimentum
1544 1962 1664 2031 ejus
1703 1961 1947 2015 nominat
1978 1981 1992 2018 :

436 2068 559 2108 cum
605 2050 778 2123 ip'sius
818 2051 1033 2107 Domini
1077 2053 1170 2107 sit.
1224 2051 1340 2107 Hoc
1384 2068 1516 2107 vero
1560 2051 1840 2107 residuum
1873 2051 1994 2117 fuit,

437 2141 579 2211 quod
609 2156 674 2196 ex
704 2140 808 2194 ﬁde
837 2155 998 2209 quam
1030 2141 1085 2215 in
1118 2140 1401 2197 Christum
1427 2142 1522 2198 Dei
1552 2143 1760 2208 habuit,
1794 2142 1995 2197 conﬁr-

437 2240 638 2286 matum
695 2230 1098 2307 solidatiimque
1131 2238 1234 2295 est,
1271 2239 1332 2285 ut
1356 2249 1424 2287 ne
1456 2234 1523 2287 iis
1555 2234 1752 2289 similia
1781 2242 1998 2303 patere-

437 2330 544 2386 tur,
575 2337 695 2391 qua:
730 2322 987 2375 universa
1022 2322 1113 2375 illa
1150 2337 1290 2392 gens
1322 2337 1578 2392 perpessa
1611 2333 1715 2378 est.

927 2414 1062 2468 LVI.
1106 2414 1183 2467 Ab
1218 2414 1509 2471 Ezechiele.

510 2521 531 2556 ι
570 2504 636 2558 Ει
664 2505 861 2561 cadent
886 2506 1155 2561 vulnerati
1186 2508 1246 2561 in
1277 2507 1454 2562 medio
1477 2509 1670 2574 vestri,
1708 2515 1762 2564 et
1789 2523 1997 2578 cogno-

437 2596 605 2652 scetis
634 2598 780 2666 quod
820 2612 922 2668 ego
956 2596 1241 2662 Dominus,
1288 2614 1412 2652 cum
1453 2598 1688 2653 abierint
1718 2599 1784 2652 de
1820 2599 1996 2663 vobis,

437 2688 528 2757 qui
571 2688 950 2756 liberabuntur
993 2704 1024 2741 a
1072 2690 1252 2758 gladio
1302 2690 1371 2743 ad
1400 2697 1610 2760 gentes,
1658 2696 1712 2743 et
1750 2704 1871 2742 cum
1904 2704 2000 2755 vos

436 2777 668 2851 dispersi
690 2778 843 2849 erilis
874 2792 971 2847 per
1001 2779 1270 2847 regiones,
1309 2786 1364 2832 et
1402 2778 1833 2834 recordabuntur
1869 2779 1996 2843 mei,

436 2868 529 2939 qui
576 2868 790 2923 liberati
822 2876 985 2930 erunt
1029 2884 1097 2923 ex
1144 2869 1387 2927 vobis‘in
1436 2870 1710 2940 gentibus,
1752 2868 1820 2922 ad
1862 2884 1999 2940 quas

436 2957 636 3029 captivi
664 2959 815 3013 ducti
846 2952 1061 3014 sint“.
1096 2978 1114 3010 ι
1158 2957 1385 3013 Videtur
1418 2974 1550 3014 sane
1581 2960 1669 3013 hic
1701 2959 1832 3013 mihi
1864 2975 2000 3029 quo-

436 3068 544 3121 que
580 3032 917 3106 concordare
946 3051 1035 3115 iis,
1066 3052 1159 3121 qui
1191 3067 1221 3104 a
1254 3052 1480 3120 reliquis
1517 3053 1813 3121 prepheliis
1845 3068 2000 3106 acce-

416 3151 531 3215 ‘pta
579 3152 707 3199 sunt
740 3161 753 3198 :
785 3158 879 3205 eos
930 3143 1074 3197 enim
1110 3144 1202 3213 qui
1242 3143 1452 3197 liberati
1489 3151 1684 3206 erunt,
1731 3159 1994 3213 quosnam

437 3235 573 3289 alios
599 3233 826 3308 dixeris,
856 3235 960 3288 nisi
991 3216 1136 3305 quod
1182 3235 1238 3288 in
1284 3236 1517 3298 caeteris,
1559 3235 1860 3299 residuum,
1900 3252 1995 3289 seu

438 3326 733 3395 reliquum,
765 3335 820 3381 et
848 3326 1013 3388 stilla,
1036 3334 1089 3380 et
1116 3340 1233 3391 ros,
1263 3327 1449 3396 populi
1477 3327 1622 3383 illius
1656 3329 1999 3383 nominatur?

439 3418 639 3490 quibus
672 3408 858 3488 utique
889 3417 1445 3483 denominatiouibus,
1481 3420 1851 3497 apostolorum
1881 3419 2000 3473 Sal-

439 3511 645 3566 vatoris
672 3511 846 3572 nostri
869 3518 1173 3565 conventus
1202 3509 1496 3565 indicatur.
1524 3510 1590 3565 Hi
1628 3527 1759 3582 ergo
1787 3513 1999 3566 liberati

440 3600 513 3657 ab
546 3601 769 3669 interitu
803 3603 1073 3657 universae
1110 3603 1329 3661 illorum
1369 3604 1609 3658 nationis
1649 3611 1702 3658 et
1729 3619 1760 3657 a
1788 3605 1999 3675 disper-

441 3692 594 3765 sione
627 3692 862 3770 iilorum,
893 3693 1169 3748 recordati
1208 3701 1336 3748 sunt
1369 3692 1486 3757 Dei,
1520 3701 1578 3747 ut
1627 3695 1699 3748 sit
1731 3697 1997 3750 conﬁten-

440 3783 590 3851 dum,
631 3798 696 3839 ea
725 3800 847 3855 qua:
876 3785 1077 3855 scripta
1102 3792 1251 3853 sunt,
1277 3785 1346 3840 de
1383 3786 1467 3851 bis
1496 3785 1664 3841 fuisse
1692 3785 1855 3841 dicta.

971 3900 1127 3955 LVII.
1167 3902 1247 3955 Ab
1266 3908 1463 3967 eodem.

515 4011 535 4046 ι
562 3995 688 4048 Haec
717 3993 849 4050 dicit
892 3992 1104 4048 Δάοιιοὶ
1150 3994 1412 4051 Dominus
1442 4015 1453 4049 :
1478 3994 1753 4065 Expellam
1801 4012 1895 4053 eos
1931 3996 2000 4052 ad

440 4092 648 4154 gentes,
683 4092 738 4139 et
765 4084 1073 4156 dispergam
1106 4101 1202 4141 eos
1232 4087 1289 4140 in
1317 4101 1507 4142 omnes
1536 4088 1807 4154 nationes,
1838 4096 1891 4143 et
1917 4089 2000 4142 di-

441 4189 689 4244 spergam
721 4190 816 4230 eos
844 4176 900 4229 in
933 4191 1149 4230 omnem
1182 4184 1381 4231 terrain
1409 4197 1421 4231 :
1449 4186 1503 4231 et
1528 4192 1621 4231 ero
1658 4179 1739 4233 eis
1777 4179 1833 4232 in
1872 4195 2000 4234 san-

439 4263 822 4320 etiiicationem
856 4281 1076 4346 parvam
1112 4269 1169 4321 in
1191 4267 1529 4338 regionibus,
1561 4284 1887 4339 quocunque
1915 4271 1999 4324 in-

439 4354 614 4426 gressi
650 4355 848 4412 iuerint
894 4358 1045 4411 illuc.
1078 4377 1097 4411 ι
1136 4357 1238 4412 Hic
1264 4374 1480 4429 quoque
1509 4360 1614 4423 alio
1642 4360 1862 4415 nomine
1903 4376 1998 4417 eos

437 4447 670 4510 vocavit,
702 4449 793 4504 ubi
825 4449 1309 4505 sanctiﬁcationem
1338 4466 1557 4520 parvam
1590 4452 1747 4517 dixit,
1780 4467 1875 4507 eos
1904 4452 1998 4521 qui

2094 1969 2154 2021 τὸ
2185 1968 2552 2037 κατάλειμμα,
2591 1966 2725 2036 ὅπερ
2760 1966 3035 2036 στήριγμα
3075 1962 3245 2031 αὐτῆς
3276 1959 3529 2031 ὀνομάζει
3560 1956 3657 2011 τοῦ

2094 2058 2296 2131 Κυρίου
2328 2057 2605 2126 τυγχάνον.
2653 2052 2818 2107 Τοῦτο
2861 2053 2916 2105 δὲ
2954 2048 3022 2123 ἦν
3065 2051 3126 2104 τὸ
3162 2049 3248 2102 διὰ
3293 2048 3393 2116 τῆς
3438 2048 3515 2109 εἰς
3562 2044 3665 2125 τὸν

2094 2146 2327 2215 Χριστὸν
2341 2144 2433 2197 τοῦ
2454 2142 2586 2195 Θεοῦ
2605 2143 2838 2205 πίστεως
2873 2140 3184 2209 δυναμωθὲν
3208 2139 3301 2191 καὶ
3331 2135 3654 2207 meamea,

2095 2236 2169 2297 ὡς
2193 2235 2323 2306 μηδὲ
2345 2234 2411 2287 τὰ
2443 2235 2604 2304 ὃμοια
2641 2234 2947 2303 ὑπομεῖναι,
2971 2226 3051 2295 οἷς
3077 2231 3137 2282 τὸ
3169 2231 3274 2282 πᾶν
3304 2229 3454 2291 ἔθνος
3478 2226 3656 2281 αὐτῶν

2095 2324 2400 2377 ἐπεπόνθει.

2474 2416 2614 2482 NQ".
2674 2414 2806 2470 Ἀπὸ
2840 2415 2945 2468 τοῦ
2989 2412 3272 2479 Ἐζεκιήλ.

2172 2528 2190 2559 ι
2225 2509 2334 2562 Καὶ
2371 2508 2660 2561 πεσοῦνται
2692 2505 3023 2578 τραυματίαι
3058 2507 3116 2558 ὲν
3155 2505 3301 2576 μέσῳ
3347 2503 3520 2574 ὑμῶν,
3560 2503 3659 2557 καὶ

2095 2597 2478 2666 ἐπιγνώσεσθε,
2522 2600 2603 2652 ὅτι
2645 2597 2753 2667 ὲγὼ
2801 2585 3024 2668 Κύριος,
3065 2598 3122 2649 ἐν
3166 2595 3244 2667 τῷ
3296 2595 3543 2664 γενέσθαι
3594 2594 3657 2659 ἐξ

2099 2691 2249 2763 ὑμῶν
2294 2687 2735 2760 ἀνασωζομένους
2778 2690 2842 2740 ὲκ
2887 2675 3160 2759 ῥομφαίας
3201 2689 3257 2739 ἐν
3300 2688 3411 2749 τοῖς
3457 2685 3655 2745 ἔθνεσι,

2097 2784 2191 2837 καὶ
2218 2788 2274 2836 ὲν
2303 2782 2380 2853 τῷ
2411 2780 2823 2853 διασκορπισμῷ
2867 2780 3021 2850 ὑμῶν
3051 2783 3109 2833 ἐν
3131 2783 3248 2843 ταῖς
3279 2777 3503 2850 χώραις.
3544 2778 3659 2842 Καὶ

2102 2872 2495 2945 μνησθήσονταί
2532 2890 2631 2943 μου
2660 2873 2708 2925 oi
2751 2870 3148 2942 ἀνασωζόμενοι
3177 2869 3235 2934 ἐξ
3264 2869 3414 2940 ὑμῶν
3451 2871 3507 2922 ὲν
3541 2870 3660 2935 τοῖς

2098 2965 2322 3029 ἔθνεσιν,
2362 2960 2421 3019 οῦ
2448 2963 2939 3035 ᾑχμαλωτεύθησαν
2983 2964 3116 3015 ἐκεῖ.
3155 2981 3173 3011 ι
3207 2963 3362 3013 Δοκεῖ
3401 2978 3489 3031 μοι
3523 2962 3659 3014 κάν-

2097 3056 2271 3112 ταῦθα
2313 3056 2555 3126 συνᾴδειν
2595 3059 2708 3117 τοῖς
2748 3054 2856 3107 ἀπὺ
2894 3052 3003 3106 τῶν
3048 3051 3246 3104 λοιπῶν
3289 3050 3655 3122 προφητειῶν.

2101 3148 2238 3211 Τοὺς
2263 3147 2370 3219 γὰρ
2390 3146 2831 3216 ἀνασωζομένους
2855 3144 3002 3206 τίνας
3030 3142 3094 3197 ἂν
3120 3142 3294 3206 εἴποις
3326 3143 3358 3214 ἢ
3389 3142 3448 3193 τὸ
3471 3144 3527 3194 ὲν
3550 3142 3663 3194 ἑτέ-

2104 3255 2213 3308 ροις
2242 3238 2623 3308 ὠνομασμένον
2665 3236 2995 3306 ὑπόλειμμα,
3032 3235 3127 3288 καὶ
3154 3235 3253 3306 τὴν
3298 3235 3527 3301 σταγόνα
3563 3236 3662 3288 καὶ

2097 3327 2285 3398 δρόσον
2331 3326 2423 3381 τοῦ
2469 3325 2595 3379 λαοῦ
2642 3326 2880 3388 ἐκείνου,
2935 3325 3002 3379 δι’
3041 3318 3115 3378 ὧν
3167 3324 3415 3396 ἐδηλοῦτο
3465 3326 3498 3395 ἡ
3550 3324 3663 3379 τῶν

2099 3418 2403 3473 ἀποστόλων
2424 3418 2516 3472 τοῦ
2538 3419 2687 3488 Σωτῆ
2697 3436 2786 3489 ρος
2813 3417 2965 3488 ἡμῶν
2995 3402 3249 3480 σύστασις
3274 3434 3289 3483 ;
3324 3411 3479 3469 Οὗτοι
3502 3415 3659 3483 γοῦν,

2099 3509 2461 3573 ἀνασωθέντες
2509 3511 2572 3563 ἐκ
2630 3510 2730 3579 τῆς
2786 3508 3055 3571 ἀπωλείας
3101 3508 3192 3561 τοῦ
3241 3509 3436 3571 παντὸς
3480 3507 3663 3562 αὐτῶν

2099 3603 2300 3667 ἔθνους,
2337 3604 2430 3657 καὶ
2459 3606 2516 3656 ὲν
2551 3603 2627 3674 τῷ
2676 3602 3091 3672 διασκορπισμῴ
3137 3602 3335 3666 αὐτῶν,
3385 3602 3663 3672 ἐμνήσθη-

2101 3710 2198 3746 σαν
2229 3692 2322 3746 τοῦ
2360 3694 2515 3756 Θεοῦ,
2545 3694 2620 3753 ὡς
2647 3692 3017 3763 ὁμολογεῖσθαι
3052 3693 3179 3762 περὶ
3201 3693 3374 3745 αὐτῶν
3408 3690 3663 3762 εἰρῆσθαι

2099 3786 2165 3839 τὰ
2195 3784 2678 3856 ἀναγεγραμμένα.

2540 3899 2661 3952 NZ'.
2711 3897 2840 3952 Ἀπὸ
2870 3897 2975 3950 τοῦ
3011 3899 3218 3952 αὐτοῦ.

2173 4010 2192 4043 ι
2232 3993 2368 4045 Τάδε
2395 3990 2540 4060 λέγει
2586 3991 2804 4046 Ἀδωναῒ
2833 3991 3052 4063 Κύριος⁸
3089 3994 3170 4045 ὅτι
3216 3990 3528 4061 Ἀπώσομαι
3559 3990 3662 4044 αὐ-

2096 4084 2221 4146 τοὺς
2250 4087 2329 4147 εἰς
2358 4083 2432 4138 τὰ
2465 4082 2613 4156 έθνη,
2645 4085 2737 4137 καὶ
2776 4083 3108 4156 διασκορπιῶ
3139 4066 3334 4146 αὐτοῦς
3372 4084 3451 4146 είς
3480 4082 3663 4142 πάντα

2097 4175 2165 4228 τὰ
2204 4174 2350 4246 ἔθνη,
2379 4154 2834 4243 καίδιασκορπιῶ
2863 4154 3057 4240 αὐτοὺς
3090 4178 3168 4238 είς
3197 4178 3372 4229 πᾶσαν
3408 4173 3505 4245 τὴν
3531 4174 3657 4244 γῆνε

2098 4269 2192 4323 καὶ
2212 4268 2402 4340 ἔσομαι
2429 4268 2607 4331 αὐτοῖς
2626 4270 2704 4332 εἰς
2730 4270 2974 4340 ἀγίασμα
2998 4269 3188 4341 μικρὸν
3207 4271 3263 4322 ὲν
3292 4272 3407 4333 ταῖς
3429 4266 3658 4340 χώραις,

2098 4353 2156 4412 οῦ
2190 4357 2255 4411 ἂν
2300 4358 2611 4412 εἰσέλθωσιν
2638 4361 2773 4413 ἐκεῖ.
2804 4380 2823 4411 ι
2877 4361 2985 4413 Καὶ
3010 4359 3241 4413 ἐνταῦθα
3288 4360 3488 4432 ἑτέρως
3526 4358 3655 4422 τοὺς

2098 4452 2289 4515 αὐτοὺς
2317 4450 2604 4522 κέκληκεν,
2644 4471 2663 4503 ι
2695 4451 2936 4522 ἀγίασμα
2973 4452 3215 4523 μικρόνμι
3251 4451 3418 4505 εἰπὼν
3438 4453 3563 4516 τοὺς
3598 4451 3660 4522 ἐξ

436 4552 502 4598 ex
533 4538 641 4594 illis
687 4541 1010 4611 superstites
1038 4542 1282 4597 mansuri
1313 4542 1425 4597 sint
1462 4552 1516 4598 et
1544 4543 1845 4599 incolumes
1868 4543 1938 4600 ⁸⁸.
1968 4562 1987 4594 ι

2103 4540 2274 4595 αὐτῶν
2300 4541 2811 4612 ἀνασωθησομένους
2841 4543 2933 4595 καὶ
2957 4542 3531 4614 ὑπολειφθησομένους.

948 4652 1127 4708 LVIII.
1168 4655 1245 4707 Ab
1277 4656 1476 4710 eodem.

504 4755 528 4791 ι
555 4738 622 4793 Et
666 4754 857 4798 omnes
909 4746 1268 4815 suscipientes
1314 4762 1409 4801 eos
1435 4745 1543 4817 85
1584 4747 1885 4818 dispergam
1937 4748 1993 4802 in

431 4849 648 4893 omnem
686 4842 941 4893 ventum:
972 4846 1024 4893 et
1063 4838 1299 4908 gladium
1343 4838 1611 4893 eﬁ‘undam
1644 4856 1674 4892 a
1710 4851 1857 4910 tergo
1895 4855 1991 4895 eo-

433 4938 575 4989 rum,
624 4931 680 4979 et
720 4935 1054 4996 cognoscent
1084 4928 1230 4998 quod
1277 4944 1377 4999 ego
1410 4928 1693 4994 Dominus,
1737 4931 1864 4985 dum
1897 4932 1990 4985 di-

432 5029 681 5085 spergam
725 5030 820 5071 eos
861 5017 1005 5071 inter
1042 5028 1251 5088 gentes,
1303 5027 1357 5075 et
1396 5020 1763 5077 disseminabo
1803 5037 1898 5078 eos
1933 5023 1989 5081 in

430 5106 750 5176 regionibus
778 5129 790 5163 :
822 5118 877 5164 et
916 5111 1219 5181 relinquam
1273 5128 1336 5167 ex
1378 5114 1459 5170 eis
1491 5115 1641 5169 viros
1673 5114 1728 5167 in
1761 5129 1988 5170 numero

428 5210 498 5250 ex
539 5196 740 5267 gladio,
780 5209 835 5254 et
878 5215 944 5255 ex
989 5199 1150 5266 fame,
1195 5210 1249 5258 et
1290 5218 1359 5258 ex
1403 5211 1575 5259 morte
1603 5223 1618 5257 :
1646 5213 1702 5258 ut
1735 5214 1987 5262 enarrent

429 5299 619 5342 omnes
651 5288 967 5358 iniquitates
1001 5306 1130 5348 suas
1158 5293 1215 5347 in
1243 5294 1516 5363 gentibus,
1549 5309 1876 5366 quocunque
1903 5299 1988 5352 in-

426 5374 604 5446 gressi
632 5376 835 5433 fuerint
866 5378 997 5435 illuc
1031 5400 1045 5435 :
1074 5390 1129 5437 et
1154 5390 1483 5453 cognoscent
1502 5384 1647 5454 quod
1677 5399 1778 5455 ego
1807 5384 1989 5440 Domi-

431 5481 539 5521 nus
565 5467 631 5522 ⁸⁸.
664 5487 683 5521 ι
734 5469 793 5525 In
842 5477 1013 5531 totius
1046 5475 1229 5545 populi
1278 5476 1648 5546 dispersione,
1692 5479 1855 5534 etiam
1899 5479 1988 5533 hic

431 5556 535 5613 sibi
571 5557 675 5629 ipsi
711 5561 1030 5619 relicturum
1078 5565 1155 5619 ait
1180 5580 1385 5636 paucos
1428 5583 1679 5633 numero,
1710 5584 1817 5623 non
1851 5569 1985 5624 alios

429 5649 618 5720 utique
646 5653 979 5722 signiﬁcans,
1017 5673 1180 5728 quam
1217 5673 1334 5723 eos,
1369 5661 1461 5729 qui
1488 5662 1727 5731 przedicti
1762 5669 1909 5718 sunt.

2535 4656 2664 4709 NH'.
2714 4656 2844 4709 Ἀπὸ
2874 4655 2978 4709 τοῦ
3008 4657 3212 4710 αὐτοῦ.

2171 4766 2188 4798 ι
2229 4746 2339 4799 Καὶ
2370 4746 2575 4808 πάντας
2602 4747 2725 4808 τοὺς
2746 4744 3307 4817 ἀντιλαμϐανομένους
3338 4747 3514 4801 αὐτῶν
3537 4746 3660 4801 δια-

2097 4836 2282 4908 σπερῶ
2309 4838 2388 4900 είς
2416 4837 2592 4891 πάντα
2619 4838 2835 4907 ἄνεμον,
2866 4837 2958 4891 καὶ
2984 4839 3255 4908 ῥομφαίαν
3281 4837 3456 4909 ἐκχεῶ
3485 4839 3663 4895 ὀπίσω

2096 4929 2291 4993 αὐτῶν,
2316 4930 2410 4983 καὶ
2430 4928 2835 4997 ὲπιγνώσονται,
2862 4928 2943 4981 ὅτι
2965 4929 3074 4997 ἐγὼ
3100 4929 3320 5001 Κύριος,
3353 4931 3411 4983 ἐν
3440 4930 3519 5001 τῷ
3548 4930 3661 4985 δια·-

2099 5020 2387 5090 σκορπίσαι
2420 5037 2487 5090 με
2511 5021 2567 5072 ἐν
2598 5022 2705 5081 τοῖς
2731 5018 2926 5082 ἔθνεσι,
2957 5021 3050 5073 καὶ
3075 5019 3348 5092 διασπερῶ
3379 5021 3572 5083 αὐτοὺς
3596 5021 3661 5074 ὲν

2096 5115 2214 5175 ταῖς
2254 5112 2475 5183 χώραιςο
2519 5112 2612 5165 καὶ
2640 5111 2992 5183 ὑπολείψομαι
3042 5111 3101 5177 ἐξ
3142 5112 3318 5164 αὐτῶν
3355 5112 3554 5184 ἄνδρας
3597 5115 3659 5165 ὲν

2095 5202 2313 5277 ἀριθμῷ
2337 5206 2400 5256 ἐκ
2431 5203 2720 5273 ῥομφαίας,
2757 5204 2851 5257 καὶ
2878 5206 2943 5260 ὲκ
2979 5203 3159 5273 λιμοῦ,
3188 5205 3280 5257 καὶ
3306 5205 3369 5257 ἐκ
3402 5204 3655 5268 θανάτου,

2095 5297 2240 5358 ὅπως
2278 5294 2704 5365 έκδιηγήσωνται
2742 5296 2919 5358 πάσας
2958 5294 3058 5357 τὰς
3102 5295 3329 5364 ἀνομίας
3379 5296 3557 5349 αὐτῶν
3596 5299 3657 5349 ὲν

2094 5392 2204 5452 τοῖς
2236 5388 2462 5451 ἔθνεσιν,
2511 5380 2573 5440 οῦ
2619 5387 2688 5441 ἂν
2725 5387 3035 5440 εἰσέλθωσιν
3064 5388 3194 5440 ὲκεῖ’
3238 5389 3330 5442 καὶ
3358 5387 3657 5457 γνώσονται

2091 5481 2170 5533 ὅτι
2226 5478 2336 5548 ἐγὼ
2380 5477 2602 5551 Κύριος.
2648 5499 2664 5528 ι
2727 5473 2849 5532 Ἐπὶ
2885 5481 2949 5549 τῇ
2993 5478 3085 5531 τοῦ
3130 5480 3326 5543 παντὸς
3378 5480 3508 5533 λαοῦ
3541 5481 3659 5537 δια-

2095 5572 2270 5642 σπορᾷ
2304 5571 2398 5624 καὶ
2436 5570 2528 5624 νῦν
2568 5569 2951 5638 ὑπολείψεσθαι
2984 5570 3160 5641 ἑαυτῷ
3191 5570 3404 5639 ὀλίγους
3431 5572 3655 5645 ἀριθμῷ

2095 5678 2278 5732 φησιν,
2313 5662 2419 5714 οὐδ’
2441 5662 2506 5734 [Ῑ.
2527 5661 2651 5734 οὐκ]
2686 5661 2875 5724 ἄλλους
2891 5660 3063 5733 δηλῶν
3083 5661 3189 5716 τῶν
3218 5662 3652 5735 προειρημένων.

497 5803 542 5861 9³
563 5802 671 5883 «Ier.
708 5825 758 5875 v,
790 5808 940 5864 6-10.
1017 5809 1059 5843 "
1090 5808 1281 5868 Ezech.
1322 5829 1392 5879 ιιι,
1424 5813 1536 5873 7-9.
1616 5816 1660 5851 ⁸⁸
1687 5814 1884 5872 Ezech.
1917 5832 1991 5885 xu,

2103 5858 2104 5865 η
2183 5818 2227 5851 ⁸⁵
2257 5816 2452 5875 Ezech.
2480 5832 2581 5881 xu,
2614 5815 2797 5874 ιιι-ιθ.
