3942 6258
259 320 349 381 161

710 444 827 497 NG’.
866 442 996 497 Ἀπὸ
1049 442 1152 495 τοῦ
1184 446 1387 497 αὑτοῦ.

322 557 339 587 ι
376 536 515 589 Τάδε
555 536 712 606 λέγει
776 535 996 591 Ἀδωναῖ
1036 536 1271 608 Κύριος·
1337 535 1462 589 Ἐὰν
1500 536 1557 590 δὲ
1600 535 1692 591 καὶ
1737 536 1832 599 τὰς

269 632 533 701 τέσσαρας
593 630 904 700 ἐκδικήσεις
955 645 1053 700 μου
1097 628 1195 690 τὰς
1227 627 1487 703 πονηρὰς,
1534 627 1829 699 ῥομφαίαν,

254 724 338 777 καὶ
366 721 549 791 λιμὸν,
619 723 718 776 καὶ
756 721 920 794 θηρία
959 721 1190 793 πονηρὰ,
1231 721 1323 773 καὶ
1360 721 1587 776 θάνατον
1634 720 1832 787 ἐξαπο-

257 813 412 869 στελῶ
460 814 561 866 ἐπὶ
620 813 995 885 Ἰερουσαλὴμ,
1042 811 1137 866 τοῦ
1168 812 1540 884 ὲξολοθρεῦσαι
1579 810 1639 877 ἐξ
1666 812 1833 882 αὐτῆς

252 906 532 978 ἄνθρωπν
602 905 703 959 καὶ
747 906 961 975 κτῆνος,
1011 906 1103 958 καὶ
1140 905 1248 958 ἰδοὺ
1291 904 1734 976 ὑπολελειμμένοι
1776 908 1833 959 ὲν

253 1000 400 1069 αὐτῇ,
436 999 486 1051 oi
518 998 952 1067 ἀνασεσωμένοι.
998 1016 1017 1048 ι
1057 997 1225 1051 Οὐδὲν
1274 997 1339 1051 ἂν
1386 998 1480 1051 καὶ
1520 997 1693 1051 ταῦτα
1719 998 1834 1052 δια-

252 1089 393 1162 φέροι
426 1087 542 1142 τῶν
587 1088 1025 1160 προειρημένων.

727 1179 803 1235 Ξ’.
847 1181 977 1235 Ἀπὸ
1018 1180 1125 1234 τοῦ
1154 1180 1363 1234 αὐτοῦ.

315 1293 331 1324 ι
360 1273 555 1337 Οὕτως
626 1272 798 1345 κρινῶ
836 1273 1002 1343 ὑμᾶς,
1065 1273 1215 1340 λέγει
1257 1272 1481 1343 Κύριος,
1529 1272 1622 1326 καὶ
1670 1270 1834 1336 διάξω

251 1367 379 1439 ὑμᾶς
410 1365 521 1419 ὑπὸ
544 1366 653 1437 τὴν
702 1366 896 1437 ρἀδον
933 1383 1057 1437 μου,
1089 1367 1181 1419 καὶ
1230 1365 1428 1432 εἰσάξω
1461 1366 1605 1436 ὑμᾶς
1633 1365 1690 1417 ὲν
1715 1364 1834 1434 ἀρι-

251 1458 360 1529 θμῷ
406 1459 511 1528 τῆς
557 1459 842 1531 Διαθήκης
888 1476 1011 1531 μου,
1057 1460 1150 1513 καὶ
1198 1458 1400 1526 ὲκλέξω
1432 1459 1491 1523 ἐξ
1529 1459 1680 1531 ὑμῶν
1707 1460 1833 1522 τοὺς

249 1551 628 1621 ἀφεστηκότας
652 1552 746 1604 καὶ
770 1552 893 1613 τοὺς
917 1549 1131 1615 ἀσεϐεῖς
1150 1568 1163 1581 ·
1186 1551 1316 1604 διότι
1340 1552 1404 1604 ὲκ
1418 1551 1517 1621 τῆς
1546 1552 1833 1625 παροικίας

253 1645 418 1697 αὐτῶν
463 1645 654 1711 ἐξάξω
704 1645 920 1710 αὐτοὺς,
970 1646 1064 1698 καὶ
1114 1647 1191 1708 εἰς
1222 1644 1316 1717 τὴν
1354 1647 1457 1717 γῆν
1489 1645 1579 1700 τοῦ
1623 1646 1834 1719 Ἰσραὴλ

250 1737 337 1791 οὒκ
387 1736 821 1791 εἰσελεύσονται.
861 1758 877 1787 ι
925 1737 1117 1808 Σαφῶς
1155 1738 1249 1791 καὶ
1278 1740 1334 1791 ὲν
1368 1737 1577 1804 τούτοις
1616 1739 1833 1811 ἀριθμῷ

1167 317 1818 375 DEMONSTRATIONIS
1857 319 2317 376 EVANGELICIE
2357 322 2483 379 LIB.
2526 324 2589 383 11.

1868 449 1913 507 Δ

3405 332 3502 391 lii!

2477 446 2611 502 LIX.
2656 447 2733 502 Ab
2782 448 2980 505 eodem.

2010 554 2030 589 ι
2072 536 2197 592 llaec
2253 537 2388 593 dicit
2438 540 2647 596 Adonai
2705 540 2967 599 Dominus
3005 540 3203 610 :Quod
3250 544 3294 599 si
3342 543 3505 601 etiam

1934 637 2167 699 quatuor
2184 628 2417 685 ultiones
2433 645 2584 687 meas
2614 631 2804 697 malas,
2837 632 3096 703 gladium,
3126 642 3181 690 et
3215 632 3429 701 famem,
3451 646 3506 692 et

1933 719 2138 775 bestias
2169 720 2362 786 malas,
2397 728 2451 777 et
2490 722 2722 777 mortem
2771 724 3005 779 emisero
3052 740 3214 795 super
3247 724 3505 782 Hierusa-

1933 811 2062 875 lem,
2097 813 2162 867 ad
2196 814 2526 883 perdendum
2567 831 2629 870 ex
2672 831 2733 871 ea
2763 817 3038 872 hominem
3080 822 3134 872 et
3171 817 3500 887 jumentum.

1932 913 1986 960 et
2012 920 2139 960 ecce
2168 905 2258 975 qui
2291 906 2463 962 relicti
2498 906 2701 962 fuerint
2736 908 2790 962 in
2821 924 2904 971 ea,
2937 909 3029 979 qui
3061 910 3369 964 conservati
3399 908 3442 942 ⁸⁷
3479 930 3498 963 ι

1933 1005 1985 1053 et
2024 1006 2237 1054 uetera.
2275 998 2402 1053 Haec
2430 1016 2647 1070 quoque
2669 1000 2805 1054 nihil
2838 1002 2996 1070 plane
3021 1002 3098 1069 alr
3120 1002 3186 1057 iis
3214 1018 3334 1073 qua:
3366 1016 3505 1072 pra:-

1933 1091 2079 1145 dicta
2101 1098 2250 1155 sunt,
2282 1090 2559 1146 diﬂ'erunt.

2482 1183 2594 1238 LX.
2642 1183 2717 1237 Ab
2756 1184 2955 1238 eodem.

2007 1292 2026 1326 ι
2075 1273 2167 1330 Sic
2197 1274 2456 1345 iudicabo
2491 1291 2608 1341 vos,
2640 1276 2774 1331 dicit
2804 1274 3069 1331 Dominus
3115 1296 3129 1331 :
3162 1285 3216 1333 et
3241 1276 3504 1333 deducam

1932 1384 2030 1424 vos
2054 1369 2156 1424 sub
2191 1369 2397 1439 virgam
2426 1384 2598 1424 meam
2638 1384 2652 1422 :
2687 1377 2741 1424 et
2774 1370 3035 1425 adducam
3072 1385 3170 1425 vos
3200 1373 3253 1424 in
3281 1386 3509 1429 nummo

1934 1460 2268 1516 Testamenti
2301 1461 2405 1514 mei
2456 1480 2470 1516 :
2508 1458 2573 1515 Et
2618 1461 2813 1531 eligam
2867 1474 2936 1515 ex
2981 1461 3136 1518 vobis
3187 1453 3418 1521 rebelles
3451 1473 3509 1521 ct

1935 1552 2153 1623 impios.
2185 1554 2443 1623 quoniam
2473 1569 2538 1609 ex
2572 1553 3009 1624 peregrinatione
3038 1570 3228 1611 eorum
3274 1556 3505 1613 educant

1933 1662 2047 1711 eos,
2076 1655 2129 1699 et
2174 1647 2228 1700 in
2274 1654 2474 1701 terram
2517 1645 2683 1703 lsrael
2720 1661 2829 1701 non
2876 1646 3250 1717 ingrediantur
3286 1640 3352 1705 ⁸⁸.
3392 1669 3413 1703 ι
3445 1648 3508 1706 In

1933 1738 2019 1793 his
2051 1753 2267 1808 quoque
2293 1738 2598 1809 perSpicue,
2652 1739 2877 1809 exiguos
2905 1754 3134 1795 numero
3167 1741 3269 1796 sub
3301 1742 3506 1814 virgam

251 1828 458 1898 βραχεῖς
486 1828 603 1882 ὑπὸ
621 1830 720 1901 τὴν
756 1830 948 1901 ῥάϐδον
978 1802 1068 1883 τοῦ
1099 1830 1232 1883 Θεοῦ
1265 1802 1714 1902 γενήσεσθαι,ὲπὶ
1749 1802 1831 1903 Et;

1938 1828 2030 1885 Dei
2058 1840 2316 1886 venturos
2351 1829 2599 1895 alﬁrmat,
2626 1830 2756 1885 dum
2791 1832 2987 1902 reliqui
3017 1847 3081 1885 ex
3113 1830 3280 1888 Israel
3314 1848 3344 1886 a
3376 1802 3507 1905 pro-

250 1924 360 1986 τοὺς
414 1922 653 1987 λοιποὺς
687 1922 780 1975 τοῖ’)
828 1922 1041 1995 Ἰσραὴλ
1072 1922 1465 1977 ἀποπεσετσθαι
1508 1924 1615 1978 τῶν
1661 1925 1832 1993 ὲπαγ·

249 2012 449 2080 γελιών,
519 2012 887 2087 μαρτύρεται.
935 2012 1092 2066 Ἀλλὰ
1147 2013 1251 2086 γὰρ
1300 2013 1712 2079 ἁποδείξας,ὃτι
1754 2016 1830 2089 μὴ

250 2105 313 2168 ὡς
351 2104 545 2175 ἔτυχεν
605 2106 937 2177 ἁδιακρίτως
1006 2108 1168 2159 πᾶσιν
1212 2104 1397 2169 ἁπλῶς
1440 2108 1552 2170 τοῖς
1589 2106 1698 2159 ἀπὸ
1737 2106 1830 2161 τοῦ

261 2196 520 2251 Ἰουδαίων
550 2196 745 2261 ἔθνους
779 2197 1000 2267 φαύλοις
1028 2215 1083 2250 τε
1117 2197 1210 2250 καὶ
1233 2196 1474 2260 ἀσεϐέσι,
1509 2196 1604 2250 καὶ
1627 2201 1737 2260 τοῖς
1757 2197 1831 2269 μὴ

247 2288 497 2353 τοιούτοις
530 2289 641 2354 τὰς
667 2290 775 2342 τῶν
826 2288 1045 2360 ἀγαθῶν
1078 2289 1409 2358 ἐπαγγελίας
1441 2290 1491 2341 οἱ
1523 2287 1654 2342 θεῖοι
1686 2288 1830 2358 λόγοι

250 2382 668 2455 προεθέσπιζον,
687 2384 929 2447 σπανίοις
959 2382 1014 2435 δὲ
1036 2381 1217 2435 αὐτῶν
1235 2382 1327 2434 καὶ
1352 2380 1568 2453 ἀριθμῷ
1586 2381 1828 2452 ληπτοῖς,

248 2477 353 2549 ἢτοι
378 2480 493 2542 τοῖς
516 2478 608 2541 εἰς
628 2477 719 2530 τὸν
749 2476 977 2549 Σωτῆρα
1016 2478 1109 2530 καὶ
1148 2473 1352 2547 Κύριον
1387 2475 1541 2546 ἡμῶν
1566 2476 1624 2540 ἐξ
1656 2475 1832 2528 αὐτῶν

250 2572 696 2636 πεπιστευκόσιν,
732 2571 766 2642 ἢ
822 2574 944 2635 τοῖς
964 2573 1066 2642 πρὸ
1095 2572 1191 2642 τῆς
1230 2570 1528 2642 παρουσίας
1557 2568 1723 2625 αὐτοῦ
1755 2570 1834 2624 δε-

251 2664 653 2737 δικαιωμένοις,
706 2666 993 2737 αὐτάρκως
1043 2665 1279 2736 ἡγοῦμαι
1324 2664 1709 2735 δεδηλωκέναι,
1750 2664 1831 2718 ὅτι

256 2757 321 2828 μὴ
342 2758 687 2831 ἁδιακρίτως
732 2760 809 2822 εἰς
843 2757 1086 2822 ἅπαντας
1130 2758 1417 2821 Ἰουδαίους
1439 2756 1508 2810 τὰ
1543 2756 1650 2811 τῶν
1673 2757 1832 2811 θείων

254 2849 596 2919 ἐπαγγελιῶν
667 2850 987 2922 ἐπληροῦτο,
1024 2851 1117 2903 καὶ
1167 2850 1250 2903 ὅτι
1287 2851 1361 2921 μὴ
1391 2848 1588 2920 μᾶλλον
1627 2850 1830 2915 αὐτοῖς,

254 2941 282 3013 ἢ
314 2947 421 3007 τοῖς
439 2944 500 3011 ὲξ
527 2943 709 2997 ἐθνῶν
728 2944 816 2997 τὸν
839 2944 1069 3015 Χριστὸν
1094 2943 1187 2997 τοῦ
1212 2942 1346 2996 Θεοῦ
1372 2942 1833 3015 παραδεξαμένοις

252 3034 313 3088 τὰ
336 3037 439 3091 τῶν
468 3035 777 3109 προφητῶν
799 3037 1129 3108 ὲφαρμόττει
1155 3036 1330 3106 λόγια.
1366 3036 1459 3101 Τίς
1486 3036 1544 3090 δὲ
1575 3032 1643 3107 ἦν
1671 3036 1831 3108 ἡτῶν

256 3124 399 3183 θείων
433 3129 792 3199 ἐπαγγελιῶν
826 3128 1051 3192 διάνοια,
1086 3127 1228 3182 κατὰ
1264 3128 1456 3200 καιρὸν
1519 3128 1613 3184 τὸν
1659 3146 1831 3202 προσ-

261 3221 446 3291 ἠκοντα
496 3224 865 3295 παραστήσω.
922 3221 1106 3274 Ταῦτα
1136 3221 1191 3273 δὲ
1247 3220 1322 3284 ὡς
1382 3220 1693 3289 ἀναγκαίως
1742 3240 1832 3292 μοι

261 3314 591 3369 συνείλεκται
622 3316 701 3379 εἰς
740 3314 959 3385 ἔλεγχον
1002 3312 1107 3366 τῶν
1134 3314 1197 3365 ἐκ
1234 3312 1555 3391 περιτομῆς,
1583 3313 1674 3365 ὑπ’
1712 3313 1835 3366 60.6-

257 3420 343 3476 γου
374 3408 756 3478 μεγαλαυχίας
818 3407 997 3478 μόνοις
1042 3406 1223 3470 αὐτοῖς
1257 3405 1346 3459 τὸν
1376 3405 1604 3477 Χριστὸν
1649 3406 1835 3477 ἐπιδη-

260 3501 458 3570 μήσειν,
494 3502 625 3571 οὐχὶ
642 3500 697 3552 δὲ
724 3501 817 3553 καὶ
864 3502 1027 3554 πᾶσιν
1071 3497 1375 3571 ἀνθρώποις
1408 3496 1832 3569 ὲπαυθαδιζομὲιά

258 3604 371 3656 νων,
402 3592 482 3656 εἷς
510 3609 577 3645 τε
607 3591 880 3659 ἀπόδειξιν
918 3591 1017 3661 τῆς
1048 3590 1204 3661 ἡμῶν
1230 3590 1407 3644 αὐτῶν
1441 3587 1567 3660 περὶ
1596 3589 1663 3643 τὰ
1692 3590 1833 3643 ὲκεί-

260 3699 353 3735 νων
382 3683 547 3753 λόγια
604 3683 825 3752 εὐλόγου
861 3684 1113 3753 σπουδῆς.
1147 3684 1380 3755 Συνέστη
1409 3683 1469 3737 δέ
1494 3702 1583 3755 μοι
1620 3682 1706 3737 διὰ
1738 3682 1831 3736 τοῦ

260 3775 355 3847 πρὸ
375 3777 580 3830 τούτου
606 3776 1033 3847 συγγράμματος
1061 3776 1154 3828 καὶ
1187 3776 1246 3828 τὸ
1277 3776 1446 3829 αἴτιον
1466 3776 1559 3830 τοῦ
1590 3776 1662 3848 μὴ
1708 3777 1833 3828 ’ἰουο

259 3867 442 3933 ὁαῖζειν
476 3871 660 3941 ἡμᾶς,
694 3871 789 3921 xui.
832 3869 999 3921 ταῦτα
1021 3872 1139 3932 ταῖς
1173 3868 1351 3922 αὐτῶν
1386 3868 1674 3938 χαίροντας
1704 3884 1834 3939 προ-

262 3966 509 4033 parmai;
544 3961 807 4032 Γραφαῖς.
863 3961 1021 4014 Ἀλλὰ
1078 3962 1171 4014 καὶ
1191 3963 1371 4024 ὁποῖος
1421 3965 1447 4014 ὁ
1475 3961 1587 4032 βίος
1633 3959 1834 4031 τυγχά-

262 4068 348 4115 νει,
378 4056 407 4106 ὁ
430 4053 529 4106 διὰ
560 4052 654 4105 τοῦ
699 4050 936 4124 Χριστοῦ
975 4053 1109 4105 πᾶσι
1137 4052 1250 4115 τοῖς
1281 4051 1457 4105 ἔθνεσι
1486 4050 1834 4123 κεκηρυγμέ-

262 4145 517 4217 νοςθῆτε
584 4144 879 4215 ἀρχαιότης
924 4144 1017 4197 τοῦ
1076 4144 1277 4216 τρόπου
1328 4145 1425 4215 τῆς
1474 4144 1832 4214 εὐαγγελικῆς

263 4238 553 4302 πολιτείας,
587 4236 663 4300 ὡς
717 4231 828 4289 οἷόν
868 4254 927 4290 τε
956 4232 1044 4307 ἦν,
1076 4238 1133 4289 ὲν
1170 4236 1316 4307 αὐτῷ
1350 4236 1654 4308 διελήλυθα.
1700 4236 1834 4289 Τού-

265 4347 356 4385 των
385 4332 429 4384 δ’
456 4334 599 4402 ἡμῖν
629 4330 1039 4401 προηνυμένων,
1070 4330 1168 4400 ἤδη
1207 4330 1332 4383 ποτὲ
1371 4329 1559 4401 καιρὸς
1592 4329 1834 4400 ἀπορρη-

266 4422 485 4494 τοτέρων
514 4421 752 4491 ἅψασθαι
778 4420 970 4489 λόγων,
997 4421 1106 4475 τῶν
1136 4422 1262 4491 περὶ
1288 4420 1387 4490 τῆς
1414 4419 1553 4473 κατὰ
1587 4419 1677 4472 τὸν
1714 4420 1831 4471 Σω-

1933 1922 2118 1979 missis
2147 1924 2363 1980 cadent.
2396 1922 2463 1978 At
2493 1923 2639 1978 enim
2671 1939 2793 1979 cum
2824 1925 3257 1980 demonstratum
3283 1941 3312 1980 a
3347 1928 3508 1982 nobis

1933 2016 2004 2072 sit
2031 2032 2139 2071 non
2170 2015 2415 2082 fortuito,
2446 2032 2623 2087 neque
2672 2015 2967 2073 indiscrete
3018 2018 3273 2073 omnibus
3301 2018 3509 2089 simpli-

1932 2106 2067 2161 citer
2098 2104 2337 2161 Judaicae
2366 2107 2544 2178 gentis
2573 2122 2698 2162 cum
2730 2105 2941 2163 vitiosis
2971 2117 3134 2178 atque
3160 2106 3365 2177 impiis,
3394 2115 3507 2162 tum

1932 2199 2095 2253 etiam
2147 2199 2216 2254 iis
2273 2198 2367 2269 qui
2406 2199 2543 2255 tales
2590 2215 2698 2253 non
2735 2198 2867 2263 sint,
2898 2202 3123 2257 oracula
3149 2201 3353 2265 divina,
3386 2201 3510 2257 illas

1931 2288 2196 2343 bonorum
2227 2291 2618 2360 promissiones
2648 2291 2936 2353 cecinisse,
2975 2292 3069 2347 sed
3097 2293 3289 2362 paucis
3317 2307 3508 2348 eorum

1933 2380 2197 2435 duntaxat
2226 2384 2281 2436 et
2322 2381 2482 2437 facile
2512 2374 2963 2448 numerabilihus,
2996 2384 3065 2439 iis
3096 2384 3368 2448 videlicet,
3414 2385 3509 2454 qui

1934 2472 1990 2525 in
2022 2472 2363 2528 Salvatorem
2411 2482 2464 2529 et
2515 2472 2806 2528 Dominum
2856 2482 3102 2530 nostrum
3156 2475 3508 2540 crediderint,

1932 2573 2027 2620 aut
2076 2566 2144 2621 iis
2182 2566 2275 2638 qui
2323 2574 2449 2623 ante
2493 2561 2614 2637 ejus
2648 2568 2938 2625 adventum
2980 2569 3114 2640 justi
3145 2571 3324 2628 effecti
3375 2573 3506 2631 sint.

1933 2658 2162 2715 Abunde
2212 2675 2313 2715 nos
2365 2660 2602 2715 arbitror
2651 2661 2983 2730 declarasse,
3042 2664 3506 2734 quemadmodum

1932 2766 1997 2807 ea
2040 2768 2163 2822 quae
2208 2752 2276 2807 ad
2305 2752 2582 2823 promissa
2611 2752 2798 2808 divina
2831 2756 3127 2826 pertinent,
3161 2772 3268 2812 non
3294 2757 3512 2813 indiﬁe~

1933 2852 2115 2900 renter
2130 2845 2186 2899 in
2198 2844 2451 2899 omnibus
2465 2842 2687 2911 Iudaeis,
2708 2844 2868 2900 tinem
2900 2848 3237 2918 acceperint:
3256 2857 3310 2905 et
3327 2865 3511 2921 quem-

1932 2935 2227 2989 admodum
2258 2950 2367 2990 non
2411 2936 2548 3007 ipsis
2595 2937 2790 3006 magis,
2821 2944 2983 3007 quam
3035 2939 3102 2992 iis
3145 2939 3238 3009 qui
3267 2939 3336 2995 de
3379 2956 3512 3011 gen-

1932 3027 2081 3083 tibus
2110 3035 2486 3092 assumuntur,
2522 3029 2615 3082 ubi
2655 3028 2938 3085 Christum
2985 3029 3077 3086 Dei
3126 3042 3507 3103 susceperunt,

1861 3158 1905 3218 ο
1934 3121 2323 3192 prophetarum
2361 3137 2626 3193 responsa
2672 3122 3020 3177 conveniant.
3056 3124 3230 3178 Porro
3257 3140 3505 3195 quamam

1938 3214 2101 3268 fuerit
2129 3213 2439 3268 divinorum
2481 3217 2874 3286 promissorum
2926 3216 3039 3287 86
3091 3218 3382 3281 sententia,
3415 3218 3510 3272 ubi

1938 3314 2154 3378 tempus
2197 3307 2300 3362 erit
2323 3308 2631 3362 ostendam.
2651 3307 2777 3363 Haec
2794 3317 2974 3362 autem
2996 3321 3167 3377 prope
3195 3310 3509 3366 necessario

1936 3410 1967 3451 a
1989 3412 2074 3451 me
2092 3396 2317 3453 collecta
2343 3404 2563 3465 sunt,ut
2579 3399 2901 3471 redarguam
2930 3413 3025 3454 eos
3055 3398 3146 3469 qui
3180 3397 3248 3452 ad
3276 3396 3511 3453 circum-

1936 3486 2199 3541 cisionem
2240 3488 2531 3557 pertinent,
2564 3489 2798 3558 quadam
2831 3487 2980 3541 inani
3019 3487 3282 3557 iactantia
3310 3488 3507 3553 elatos,

1934 3587 1989 3635 et
2023 3578 2091 3634 ad
2139 3596 2198 3635 se
2239 3580 2386 3633 solos
2414 3580 2717 3645 Christum,
2762 3594 2875 3634 non
2904 3578 2971 3634 ad
3018 3592 3208 3634 omnes
3257 3578 3508 3635 homines

1932 3680 2223 3727 venturum
2248 3671 2598 3741 pertinaciter
2625 3672 2946 3744 gloriantes,
2976 3685 3078 3725 nec
3108 3686 3217 3725 non
3250 3677 3308 3724 ut
3328 3678 3489 3727 esten

1934 3764 2057 3820 dam
2108 3780 2301 3835 magna
2347 3779 2472 3818 cum
2516 3764 2728 3818 ratione
2776 3776 2899 3820 esse
2933 3761 3175 3819 studium
3231 3769 3483 3818 nostrum

1934 3872 2057 3911 cum
2091 3856 2259 3911 libros
2293 3856 2510 3909 illorum
2540 3865 2594 3911 et
2631 3855 2849 3910 oracula
2877 3853 3145 3909 versando
3186 3861 3504 3909 tractamus.

1933 3948 2244 4004 Constituta
2283 3957 2366 4003 est
2407 3963 2438 4001 a
2469 3961 2555 4001 me
2599 3946 2740 4001 libro
2780 3945 3063 4015 superiore
3103 3959 3287 4011 causa,
3319 3959 3420 3999 cur
3450 3945 3507 3999 in

1935 4056 2143 4097 morem
2182 4038 2468 4094 Judaicum
2499 4053 2606 4093 non
2652 4038 2970 4103 recidimus,
3016 4037 3233 4092 tametsi
3266 4035 3505 4108 prophe-

1934 4133 2058 4189 ticis
2117 4133 2333 4187 illorum
2384 4132 2604 4202 scriptis
2653 4130 2973 4201 gaudemus,
3000 4144 3102 4185 nec
3128 4128 3257 4183 item
3299 4128 3504 4195 minus,

1935 4226 2241 4297 eujusmodi
2279 4240 2343 4280 ea
2383 4223 2453 4279 sit
2478 4225 2611 4289 vita,
2651 4238 2772 4293 quas
2808 4221 3028 4278 Christo
3054 4230 3300 4288 auctore,
3327 4219 3508 4276 omni-

1934 4317 2037 4372 bus
2079 4316 2331 4387 gentibus
2364 4314 2613 4369 nuntiata
2656 4311 3058 4383 praedicataque
3104 4309 3196 4374 sit,
3231 4320 3508 4379 quamque

1936 4411 2157 4479 antiqua
2203 4410 2276 4464 sit
2307 4407 2632 4478 evangelica:
2670 4405 2980 4477 reipublica:
3012 4403 3171 4467 ratio,
3223 4402 3280 4456 in
3310 4400 3505 4455 eodem

265 4492 392 4588 τῆρα
422 4516 523 4570 καὶ
547 4514 753 4585 Κύριον
782 4513 938 4585 ἡμῶν
971 4512 1180 4584 Ἰησοῦν
1205 4513 1294 4565 τὸν
1319 4513 1550 4584 Χριστὸν
1570 4511 1664 4565 τοῦ
1693 4510 1830 4564 Θεοῦ

1936 4501 2218 4572 explanavi
2262 4515 2363 4572 pro
2408 4499 2642 4556 viribus.
2693 4498 3033 4568 Quapropter
3081 4495 3174 4565 qui
3228 4492 3345 4548 haec
3402 4492 3505 4545 ali-

272 4607 528 4677 μυστικῆς
548 4604 879 4675 οἰκονομίας,
913 4605 1007 4658 καὶ
1031 4605 1105 4668 ὡς
1129 4603 1194 4658 ἂν
1223 4602 1485 4674 μάθοιμεν
1513 4601 1602 4656 διὰ
1630 4601 1681 4654 τί
1710 4601 1824 4666 νῦν,

268 4694 365 4748 ἀλλ’
384 4699 443 4750 ού
491 4697 600 4768 πρὸ
631 4698 840 4763 τούτου,
869 4697 966 4769 τὴν
994 4699 1071 4761 είς
1094 4695 1351 4760 ἅπαντας
1363 4696 1675 4768 ἀνθρώπους
1706 4697 1827 4748 ἐπι-

272 4791 478 4856 φάνειαν
520 4792 685 4845 αὑτοῦ
713 4791 995 4863 πεποίητο,
1025 4792 1118 4845 καὶ
1148 4792 1199 4844 τί
1234 4792 1295 4844 τὸ
1329 4792 1496 4843 αἴτιον
1516 4785 1584 4861 ἦν
1618 4789 1712 4842 τοῦ
1752 4789 1826 4860 μὴ

273 4883 418 4937 πέιλαι
474 4885 761 4956 πρότερον,
813 4882 1038 4954 ἔναγχος
1070 4884 1125 4937 δὲ
1168 4884 1261 4937 καὶ
1310 4881 1446 4952 μετὰ
1486 4882 1577 4936 τὸν
1621 4881 1830 4952 μακρὸν

274 4977 443 5040 αἰῶνα,
477 4978 647 5032 sava»;
662 4976 1011 5049 ἀπάρξασθαι
1039 4977 1198 5030 αὐτὸν
1225 4976 1488 5047 κλήσεως,
1506 4974 1576 5028 τά
1604 4993 1663 5027 τε
1697 4974 1829 5028 ἄλλα

275 5069 360 5121 ὅσα
407 5071 607 5142 δήποτε
648 5068 748 5140 τῆς
801 5068 917 5123 κατ’
968 5068 1125 5122 αὐτὸν
1195 5069 1504 5141 ἀπορρήτου
1556 5065 1831 5135 θεολογίας

278 5164 430 5216 οἰκεῖα
452 5163 743 5234 τυγχάνειο
777 5163 857 5216 ἔτι
895 5164 998 5236 μὴν
1031 5164 1125 5216 xui.
1151 5161 1217 5239 τὰ
1257 5161 1383 5232 περὶ
1416 5160 1513 5229 τῆς
1556 5158 1827 5229 ὲνανθρω-

279 5255 474 5324 misso);
495 5256 683 5319 αὐτοῦ,
706 5257 740 5310 5t
761 5258 854 5310 καὶ
888 5255 1077 5328 πρῶτα
1113 5253 1173 5318 ἐξ
1198 5254 1388 5325 ἐτέρας
1429 5241 1587 5321 λόγου
1631 5250 1826 5322 ἀρχῆς,

280 5346 340 5410 ὡς
363 5351 488 5420 πρὸς
517 5351 645 5414 τοὺς
686 5351 967 5413 ἀπίστους,
994 5347 1129 5412 τέως
1157 5346 1314 5400 αὐτὸν
1353 5345 1545 5417 βοηθὸν
1578 5344 1829 5398 ἐπικαλε-

283 5437 481 5508 σάμενοι
505 5442 599 5496 τὸν
623 5441 717 5494 τοῦ
741 5439 875 5495 Θεοῦ
907 5440 1097 5509 Λόγον,
1126 5438 1256 5509 φέρε
1281 5434 1719 5507 διασκεψώμεθα.

1934 4596 2153 4667 quando
2191 4594 2410 4649 tandem
2450 4591 2806 4656 absolvimus,
2836 4590 2948 4660 jam
2987 4603 3134 4643 nunc
3169 4597 3384 4657 tempus
3416 4598 3506 4638 ar-

1934 4689 2203 4743 bitramur
2242 4701 2386 4752 esse,
2422 4692 2483 4740 ut
2524 4684 2593 4740 de
2629 4683 2843 4738 occulta
2887 4688 2942 4736 et
2986 4678 3218 4751 mystica
3268 4676 3502 4741 ratione,

1933 4797 2055 4852 quae
2110 4781 2178 4836 ad
2230 4779 2566 4835 Salvatorem
2612 4785 2666 4831 et
2708 4774 2998 4830 Dominum
3036 4761 3286 4827 nostrum
3315 4768 3504 4825 Jesum

1931 4875 2233 4940 Christum,
2257 4873 2349 4945 qui
2382 4871 2633 4927 Christus
2663 4875 2747 4923 est
2775 4866 2889 4932 Dei,
2917 4865 3170 4936 pertinet,
3205 4861 3503 4918 occultiora

1934 4970 2061 5024 item
2108 4967 2355 5040 quaedam
2404 4965 2755 5036 attingamus,
2800 4970 2861 5017 ut
2896 4975 3019 5016 cum
3062 4959 3167 5013 hoc
3206 4953 3410 5026 pariter
3438 4952 3505 5007 il-

1933 5059 2026 5113 lud
2062 5058 2362 5122 discamus,
2408 5071 2569 5127 quam
2602 5056 2673 5112 ob
2705 5065 3014 5117 rem’nunc,
3045 5060 3099 5106 et
3132 5063 3239 5103 non
3273 5045 3504 5101 antehac

1932 5152 1999 5206 ad
2031 5167 2221 5209 omnes
2254 5158 2442 5222 gentes
2487 5148 2787 5215 advenerit,
2831 5155 2887 5202 et
2917 5157 3165 5217 quaenam
3212 5154 3377 5197 causa
3406 5138 3502 5202 sit,

1935 5254 1997 5300 ut
2035 5260 2147 5300 non
2185 5244 2357 5299 multo
2394 5250 2539 5305 ante,
2571 5240 2664 5297 sed
2705 5254 2878 5309 nuper
2905 5238 3169 5293 duntaxat
3214 5239 3338 5303 post
3386 5245 3503 5284 nia-

1937 5354 2103 5410 gnum
2152 5351 2442 5392 numerum
2482 5334 2828 5399 saeculorum,
2860 5343 3055 5385 vocare
3097 5333 3284 5397 gentes
3329 5322 3502 5377 inem-

1938 5431 2079 5504 perit
2110 5449 2124 5486 :
2156 5440 2274 5487 tum
2303 5431 2408 5485 alia
2440 5428 2684 5501 ejusdem
2714 5424 2947 5497 generis.
2972 5434 3093 5495 quae
3121 5431 3335 5474 arcana:
3355 5415 3501 5469 illius

283 5531 540 5607 theologia
573 5536 793 5607 propria
830 5543 979 5598 sunt,
1036 5548 1264 5604 quaeque
1307 5532 1375 5586 ad
1415 5532 1569 5587 illum
1604 5536 1857 5602 Spectant
1882 5537 2183 5584 tractemus
2218 5547 2229 5582 :
2276 5528 2427 5593 item,
2482 5540 2609 5603 qua.
2642 5522 2856 5578 ratione
2889 5520 2980 5575 ille
3003 5518 3167 5607 homo
3200 5514 3375 5607 iactus
3407 5510 3500 5574 sit,

285 5639 387 5692 qua:
412 5605 539 5683 sane
575 5605 755 5683 etiam
809 5628 984 5697 prima
1016 5626 1256 5681 omnium
1298 5639 1439 5679 novo
1469 5622 1702 5693 quodam
1748 5630 2029 5692 assumpto
2081 5619 2326 5684 exordio,
2376 5619 2533 5690 quasi
2557 5617 2624 5672 ad
2684 5615 2931 5671 homines
2973 5606 3285 5668 incredulos
3323 5605 3502 5673 ipsum

286 5716 362 5775 Dei
399 5725 617 5781 verbum
654 5724 993 5787 invocantes,
1046 5729 1106 5776 ut
1152 5737 1251 5777 nos
1300 5720 1538 5791 adjuvet,
1575 5733 1673 5789 age
1720 5719 1831 5789 jam
1868 5719 2296 5774 consideremus.

339 5833 375 5864 "
404 5836 601 5894 Ezech.
635 5831 971 5897 stv.2l,?.2.
1032 5835 1092 5919 ,⁸⁸
1126 5833 1321 5889 Ezech.
1355 5847 1486 5893 xxx,
1533 5831 1724 5887 36-38.
