3942 6258
250 319 344 378 165

1132 315 1783 376 DEMONSTRATIONIS
1822 317 2281 378 EVANGELICE
2317 319 2444 379 LIB.
2482 321 2571 378 m.

3382 325 3484 382 Ισϐ

252 439 387 499 ὅπως
407 437 456 490 οἰ
486 434 763 508 προφῆται
787 435 887 508 τὴν
910 435 1004 490 τοῦ
1030 436 1356 507 Εὐαγγελίου
1388 439 1604 511 μνήμην
1619 438 1710 493 ἐπὶ
1729 437 1809 493 toi

1929 439 2006 497 illi
2040 440 2138 496 uni
2168 456 2332 513 posse
2373 440 2803 507 accommodari,
2828 456 2893 499 ex
2922 443 3133 498 eventis
3164 441 3484 499 certissimis

255 527 469 601 Χριστοῦ
491 527 927 600 παρελάμϐανον.

1920 533 2033 603 jam
2078 535 2190 604 jam
2240 533 2735 605 comprobahimus,
2795 533 2865 596 si.
2919 534 3064 604 quod
3114 533 3483 590 necessarium

256 631 351 687 est,
380 621 524 693 prius
544 621 677 677 illud
704 623 1051 694 contemplati
1075 624 1301 690 erimus,
1331 625 1794 696 quemadmodum
1841 633 2118 701 propheta:
2150 628 2425 701 Evangelii
2458 628 2786 685 mentionem
2838 629 2894 684 in
2943 627 3162 685 Christo
3195 645 3304 683 non
3347 641 3486 698 pra:-

262 715 600 771 termiserint.

260 832 437 895 Ὅοτως
468 829 844 921 Oli-350.37???
884 831 1131 913 thrfoﬁ
1152 834 1520 921 Εὺρπξλίου
1568 834 1811 906 μνήμην

510 900 607 953 ἐπὶ
644 900 751 954 τοῦ
777 902 1035 969 Χριστοῦ
1064 900 1543 975 παρελάμϐαιὋν.

324 994 393 1044 Λ⁹.
431 1010 448 1042 ι
481 992 583 1045 Τοῦ
621 993 950 1065 δηλωθέντος
990 997 1198 1067 μάρτυς
1227 997 1293 1051 ἂν
1336 998 1419 1071 εἴη
1454 1000 1691 1071 ῥήμασιν
1713 996 1813 1052 αὐ-

260 1086 357 1146 τοῖς
392 1083 630 1147 Ἡσαΐας,
672 1085 735 1137 ὲκ
773 1084 1064 1155 προσώπου
1103 1086 1198 1141 τοῦ
1223 1088 1460 1161 Χριστοῦ
1505 1087 1809 1161 κεκραγώς·

263 1194 281 1224 ι
310 1173 513 1245 Πνεῦμα
537 1175 743 1247 Κυρίου
765 1177 852 1230 ἐπ’
876 1178 996 1247 εμὲ,
1018 1170 1078 1230 οὗ
1101 1179 1305 1233 εἵνεκεν
1337 1179 1517 1252 ἐχρισί
1546 1196 1632 1251 με·
1657 1181 1816 1249 εὐαγ-

260 1266 544 1332 γελίσασθαι
573 1272 805 1340 πτωχοῖς
830 1270 1135 1324 ἁπέσταλκέ
1172 1288 1260 1342 με,
1289 1272 1518 1344 κηρύξαι
1537 1272 1813 1345 αἰχμαλώ-

264 1375 362 1420 τοις
388 1359 590 1428 ἄφεσιν,
630 1362 726 1414 καὶ
756 1362 973 1430 τυφλοῖς
1012 1362 1326 1434 ἀνάϐλεψιν·
1366 1383 1384 1417 ι
1414 1365 1481 1436 ήν
1508 1382 1630 1419 τινα
1678 1383 1811 1438 προ-

264 1450 466 1520 φητείαν
486 1452 513 1503 0
541 1451 732 1524 Σωτὴρ
756 1453 914 1524 ήμῶν
943 1456 999 1507 ὲν
1019 1458 1085 1526 τῇ
1118 1458 1403 1527 συναγωγῇ
1430 1457 1561 1510 ποτὲ
1587 1455 1808 1512 διελθὼν

262 1539 342 1591 ἐπὶ
373 1538 457 1591 τοῦ
505 1540 743 1612 πλήθους
774 1542 881 1596 τῶν
920 1544 1207 1609 Ἰουδαίων,
1268 1545 1473 1610 πτύξας
1516 1545 1578 1598 τὸ
1605 1544 1806 1616 βιϐλίον

262 1629 367 1685 εἰπε
386 1648 398 1660 ·
435 1654 451 1685 ι
482 1635 724 1708 Σήμερον
765 1637 1120 1709 πεπλήρωται
1148 1640 1180 1709 ή
1211 1640 1400 1713 Γραφὴ
1429 1640 1567 1710 αὐτη
1599 1640 1656 1692 ὲν
1696 1641 1807 1701 τοῖς

260 1727 378 1809 ὠσὶν
403 1728 567 1798 ὐμῶν,
607 1746 628 1781 ι
665 1730 759 1782 καὶ
791 1728 855 1800 δὴ
894 1729 1105 1783 ἐνθένδε
1143 1729 1445 1802 ἀρξάμενος
1479 1730 1581 1798 τῆς
1605 1730 1807 1793 οἰκείας
1841 1758 1881 1813 Β

260 1819 575 1884 διδασκαλίας
616 1825 851 1892 πτωχοῖς
896 1822 1273 1894 εὐηγγελίζετο
1324 1822 1432 1876 τῶν
1484 1824 1612 1895 παρ’
1661 1822 1810 1895 αὐτῷ

263 1912 622 1984 μακαρισμῶν,
663 1914 1010 1985 προτάττων·
1049 1934 1067 1965 ι
1108 1915 1379 1986 Μακάριοι
1410 1916 1457 1968 0i
1489 1917 1696 1987 πτωχοὶ
1732 1916 1811 1988 τῷ

261 2004 522 2074 πνεύματι,
563 2004 645 2059 ὅτι
666 2004 844 2059 αὐτῶν
872 2006 1017 2059 ἐστιν
1047 2005 1345 2077 ήβασιλεία
1367 2006 1476 2060 τῶν
1507 2006 1804 2079 οὐρανῶν.»

271 2096 411 2150 Ἀλλά
434 2096 526 2150 καὶ
554 2100 668 2162 τοῖς
689 2097 795 2151 ὐπὸ
823 2098 1144 2169 πνευμάτων
1171 2098 1419 2171 πονηρῶν
1444 2088 1807 2171 ὀχλουμένοίθ

244 2190 350 2267 ,ὑπὸ
377 2208 429 2244 τε
448 2190 714 2261 δαιμόνων
742 2190 940 2262 τρόπον
961 2190 1320 2260 αἰχμαλώτων
1351 2191 1516 2244 πάλαι
1550 2192 1811 2263 πρότερον

258 2282 681 2354 κεκρατημένοις,
716 2282 814 2353 τὴν
839 2281 1031 2351 ἄφεσιν
1052 2284 1256 2353 προεκή
1267 2299 1420 2353 ρυττε
1448 2284 1574 2346 τούς
1606 2282 1811 2348 πάντας

256 2369 325 2431 είς
350 2368 650 2441 ἐλευθερίαν
673 2369 767 2421 καί⁵
793 2367 945 2421 λύσιν
971 2366 1080 2421 τῶν
1110 2368 1218 2421 ἀπὸ
1239 2368 1433 2431 κακίας
1455 2367 1665 2438 δεσμῶν
1683 2367 1810 2420 ἀνα-

256 2459 585 2531 καλούμενος,
626 2460 693 2514 δι’
720 2453 795 2514 ὧν
836 2459 1092 2528 ἔφασκεν
1127 2480 1145 2511 ι
1184 2460 1347 2513 Δεῦτε
1381 2461 1517 2533 πρός
1572 2478 1640 2531 με
1675 2460 1810 2514 πάν-

255 2569 335 2615 τες
359 2555 404 2607 οἰ
429 2552 728 2617 κοπιῶντες
745 2554 839 2606 καὶ
871 2553 1310 2624 πεφορτισμένοι,
1336 2553 1490 2622 κάγὼ
1511 2552 1810 2607 ἀναπαύσω

254 2646 399 2716 ὑμᾶς.
441 2665 460 2698 ι
489 2647 599 2699 Kal.
629 2645 846 2714 τυφλοῖς
876 2645 931 2698 δὲ
978 2646 1076 2717 τὴν
1103 2645 1394 2714 ἀνάϐλεψιν
1424 2646 1670 2717 παρεῖχε,
1695 2648 1809 2709 τοῖς

252 2736 340 2799 τὰς
368 2735 513 2805 ἂψεις
541 2734 636 2788 τοῦ
672 2732 919 2804 σώματος
950 2732 1359 2804 διεφθαρμένοις
1390 2731 1451 2785 τὸ
1474 2731 1688 2803 βλέπειν
1707 2730 1811 2784 δω-

254 2827 515 2898 ρούμενος,
536 2826 678 2880 κατά
702 2827 939 2880 διάνοιαν
958 2828 1070 2889 τοῖς
1093 2826 1257 2879 πάλαι
1287 2825 1413 2895 περί
1436 2824 1532 2895 τὴν
1553 2822 1808 2895 ἀλήθειαν

250 2920 592 2974 ἀναϐλέπουσι
617 2919 716 2989 (l),
748 2920 808 2971 τὸ
845 2918 959 2990 φῶς
990 2918 1088 2989 τῆς
1126 2916 1355 2988 ἀληθοῦς
1394 2916 1671 2981 εὐσεϐείας
1703 2933 1808 2969 πα-

251 3011 409 3081 ρέχων
438 3012 590 3082 ὁρᾷν.
633 3010 735 3063 Τὸν
769 3010 867 3081 μὲν
888 3005 980 3062 οὖν
1002 3008 1235 3079 Χριστὸν
1267 3008 1324 3059 ὲν
1354 3005 1588 3077 πρώτοις
1627 3005 1808 3060 αὐθέν-

1920 833 2073 901 Quod
2104 832 2365 903 propheta
2395 832 2450 886 in
2478 833 2591 901 ipso
2622 830 2830 914 Christo
2860 831 3132 914 Evangelii
3170 835 3482 890 mentionem

2500 912 2902 970 «sumpserint.

1985 991 2024 1046 1.
2065 991 2311 1062 llujusce
2341 991 2591 1049 veritatis
2637 992 2795 1046 testis
2824 991 2892 1046 ad
2919 993 3143 1048 verbum
3182 993 3252 1049 sit
3281 994 3480 1058 Isaias.

1916 1081 2009 1153 qui
2044 1098 2107 1137 ex
2154 1098 2388 1153 persona
2418 1081 2623 1137 Christi
2673 1083 2893 1149 clamat,
2931 1101 2950 1134 ι
2989 1082 3229 1153 Spiritus
3268 1084 3481 1140 Domini

1918 1190 2083 1245 super
2115 1190 2222 1239 me,
2270 1180 2492 1245 propter
2538 1173 2685 1246 quod
2730 1175 2889 1229 unxit
2936 1190 3057 1230 me:
3097 1174 3483 1246 Evangelizare

1917 1266 2249 1338 pauperibus
2283 1266 2429 1321 misit
2460 1280 2580 1330 me,
2610 1265 2905 1336 praedicare
2933 1266 3164 1336 captivis
3203 1267 3482 1323 remissio-
3537 1340 3540 1344 Α

1916 1374 2063 1421 nem,
2087 1366 2140 1413 et
2182 1358 2343 1414 caecis
2376 1359 2554 1414 visum
2582 1357 2628 1390 ”
2656 1376 2671 1413 :
2716 1377 2734 1410 ι
2771 1373 2936 1428 quam
2981 1373 3113 1413 sane
3145 1358 3483 1429 prophetiam

1918 1448 2167 1505 Salvator
2200 1458 2385 1506 noster
2415 1450 2577 1511 olim.
2606 1450 2658 1504 in
2685 1458 2955 1506 conventu
2988 1450 3131 1521 apud
3173 1450 3482 1506 multitudi-

1911 1558 2034 1596 nem
2093 1541 2403 1598 Judaeorum
2442 1555 2567 1597 cum
2603 1541 2840 1612 legisset,
2885 1542 3193 1613 librumque
3229 1550 3352 1613 post
3390 1543 3472 1599 le-

1911 1634 2149 1689 ctionem
2173 1633 2476 1704 plicuisset,
2507 1634 2587 1690 sic
2610 1634 2825 1689 locutus
2852 1640 2936 1689 est
2966 1651 2979 1686 :
3018 1652 3037 1685 ι
3073 1632 3234 1688 hodie
3259 1633 3479 1704 impleta

1910 1735 1995 1783 est
2047 1727 2322 1796 scriptura
2359 1725 2477 1781 haec
2530 1725 2587 1780 in
2638 1724 2864 1779 auribus
2906 1725 3105 1780 vestris
3139 1724 3207 1788 η,
3243 1743 3263 1776 ι
3308 1725 3480 1795 proti-

1911 1834 2121 1889 nusque
2152 1819 2277 1873 hinc
2300 1833 2457 1875 suam
2496 1817 2802 1874 doctrinam
2840 1831 3071 1872 exorsus
3105 1816 3478 1888 evangelium

1908 1912 2073 1982 cmpit
2116 1910 2482 1981 pauperibus,
2526 1925 2622 1966 eos
2674 1911 2728 1964 in
2777 1908 3250 1964 commendatione
3293 1908 3479 1964 beato-

1908 2005 2148 2074 rurn,qui
2189 2003 2332 2074 apud
2362 2018 2422 2059 se
2462 2002 2630 2059 futuri
2668 2004 2814 2067 sint,
2846 2002 3069 2073 reliquis
3097 2007 3474 2072 anteponens:

1914 2117 1932 2149 ι
1971 2097 2144 2160 Beati.
2171 2098 2364 2168 inquit,
2399 2112 2668 2168 pauperes
2698 2097 2913 2167 spiritu,
2946 2097 3202 2167 quoniam
3233 2096 3474 2166 ipsorum

1908 2202 1992 2244 est
2022 2205 2246 2260 regnum
2272 2189 2535 2244 caelorum
2568 2190 2634 2243 ".
2667 2208 2686 2242 ›
2720 2186 2791 2243 lis
2824 2198 3082 2259 praeterea
3123 2188 3217 2259 qui
3253 2202 3284 2243 a
3316 2189 3477 2246 malis

1908 2280 2192 2350 spiritibus
2220 2288 2567 2343 vexarentur,
2592 2281 2796 2351 quique
2838 2296 2868 2334 a
2902 2279 3273 2343 daamonibus,
3302 2280 3479 2351 capti-

1907 2388 2101 2427 vorum
2146 2372 2341 2437 instar,
2384 2372 2497 2442 jam
2547 2371 2642 2426 diu
2693 2378 3041 2436 tenerentur,
3100 2369 3473 2426 dimissionem

1910 2469 2036 2516 ante
2068 2461 2358 2528 nuntiavit,
2386 2474 2578 2516 omnes
2608 2458 2675 2513 ad
2709 2460 3016 2515 libertatem
3052 2467 3106 2512 ct
3147 2458 3473 2514 solutionem

1909 2568 1939 2606 a
1971 2551 2188 2607 malitiae
2231 2551 2465 2607 vinculis
2504 2550 2763 2615 invitans,
2812 2550 2994 2605 verbis
3036 2549 3189 2605 illis:
3238 2567 3258 2600 ι
3295 2549 3475 2605 venite

1910 2643 1976 2697 ad
2005 2659 2111 2709 me,
2145 2638 2337 2702 omnes
2359 2642 2455 2714 qui
2501 2643 2760 2697 laboratis
2800 2650 2854 2696 et
2882 2642 3089 2697 onerati
3117 2641 3271 2706 estis,
3299 2649 3352 2696 et
3372 2656 3475 2712 ego

1910 2735 2147 2789 reﬁciam
2179 2750 2278 2790 vos
2304 2734 2370 2788 ".
2418 2753 2438 2786 ι
2476 2733 2647 2789 Cazcis
2676 2748 2826 2799 vero,
2846 2734 2940 2804 qui
2963 2748 3257 2803 corporeos
3284 2734 3476 2789 oculos

1911 2826 2173 2881 haberent
2197 2835 2502 2896 corruptos,
2540 2826 2905 2896 integritatem
2933 2825 3261 2892 restituens,
3291 2820 3471 2885 visum

1911 2918 2141 2990 largitus
2168 2932 2275 2982 est,
2314 2927 2372 2971 ut
2406 2918 2485 2973 sic
2510 2917 2863 2988 signiﬁcaret,
2891 2932 2949 2970 se
2973 2919 3039 2971 iis
3063 2919 3154 2986 qui
3178 2916 3306 2970 olim
3327 2916 3476 2970 veri-

1909 3017 2073 3066 tatem
2094 3026 2284 3081 parum
2312 3009 2672 3072 intuerentur,
2704 3009 2960 3064 virtutem
2989 3022 3096 3078 qua
3123 3008 3304 3062 lumen
3333 3021 3476 3064 vera:

248 3119 335 3171 την
368 3102 459 3154 καὶ
500 3100 742 3172 ἀρχηγὸν
774 3098 989 3152 ἔσεσθαι
1018 3098 1118 3169 τῆς
1159 3094 1515 3165 εὐαγγελικῆς
1548 3113 1805 3168 πραγμα-

1912 3102 2124 3174 pietatis
2157 3102 2509 3173 respicerent,
2541 3116 2789 3172 erogare.
2818 3100 3097 3156 Christum
3127 3114 3257 3171 ergo
3283 3098 3338 3153 in
3363 3098 3473 3170 pri-

248 3192 381 3257 τείας
403 3195 437 3264 ή
476 3189 844 3262 παρατεθεῖσα
873 3188 1173 3261 προφητεία
1221 3186 1533 3258 παρίστησι.
1564 3187 1716 3241 Μετά
1747 3187 1804 3241 δὲ

248 3284 393 3336 αὐτὸν
427 3284 527 3355 τῆς
554 3282 726 3352 αὐτῆς
760 3279 1067 3341 ὑποθέσεως
1107 3277 1383 3347 ὑπηρέτας
1428 3274 1641 3329 ἔσεσθαι
1680 3276 1806 3340 τοὺς

247 3373 396 3427 αὐτοῦ
446 3370 693 3444 μαθητὰς
736 3368 978 3433 θεσπίζει
1014 3370 1043 3421 0
1072 3367 1230 3430 αὐτὸς
1260 3367 1431 3433 λέγων
1488 3367 1801 3439 προφήτης·

251 3485 267 3515 ι
316 3465 398 3528 Ὠς
428 3465 620 3536 ὡραῖοι
648 3464 698 3516 οἰ
728 3462 883 3524 πόδες
912 3459 1019 3513 τῶν
1071 3457 1570 3527 εὐαγγελιζομένων
1602 3456 1802 3526 ἀγαθά,

245 3557 276 3627 ἢ
318 3556 415 3610 τῶν
455 3553 953 3624 εὐαγγελιζομένων
1002 3552 1247 3623 εἰρήνην.
1304 3570 1322 3602 ι
1380 3549 1547 3604 Ἔνθα
1607 3550 1806 3622 σφόδρα

246 3647 706 3720 ἀπηκριϐωμένως
736 3644 969 3717 ὡραίους
999 3642 1197 3715 ἔφησεν
1228 3641 1442 3695 ἔσεσθαι
1485 3642 1609 3705 τοὺς
1644 3641 1807 3706 πόδας

1907 3194 2013 3250 mis
2053 3203 2326 3250 auctorem
2361 3202 2415 3250 et
2446 3193 2639 3249 ducem
2681 3191 2925 3247 futurum
2958 3191 3136 3247 omnis
3182 3190 3477 3261 provincia

1906 3287 2253 3357 evangelicae,
2285 3303 2347 3342 ea
2388 3302 2509 3359 quae
2541 3285 2787 3356 exposita
2826 3291 2930 3349 est,
2981 3283 3262 3355 prophetia
3292 3283 3476 3339 decla-

1906 3388 2010 3433 rat.
2037 3375 2103 3431 At
2135 3385 2259 3449 post
2283 3376 2434 3431 illum
2464 3374 2706 3445 ejusdem
2745 3376 3013 3445 propositi
3045 3375 3325 3430 ministros
3357 3374 3475 3429 fore

1905 3469 2053 3526 illius
2123 3469 2451 3540 discipulos,
2514 3467 2655 3523 idem
2723 3468 2987 3537 propheta
3034 3467 3182 3524 canit
3211 3466 3399 3522 dicens
3453 3478 3469 3516 :

1904 3562 2055 3633 89‘
2090 3560 2265 3628 Quam
2290 3559 2522 3631 speciosi
2566 3559 2729 3631 pedes
2781 3559 3270 3629 evangelizantinm
3324 3556 3474 3611 bona

1906 3668 2069 3725 quam
2113 3651 2610 3723 evangelizantium
2655 3664 2843 3721 pacem
2862 3649 2928 3701 ”.
2956 3665 2976 3700 ι
2995 3643 3100 3703 Uhi
3126 3647 3285 3703 valde
3307 3660 3476 3700 accu-

246 3740 340 3793 τῶν
378 3739 879 3810 εὐαγγελιζομένων
927 3736 996 3790 τά
1041 3734 1136 3789 τοῦ
1178 3734 1413 3806 Χριστοῦ
1444 3733 1642 3802 ἀγαθὰ,
1690 3734 1807 3799 πῶς

1912 3751 2024 3800 rate
2081 3744 2358 3814 speciosos
2410 3741 2547 3797 dixit
2597 3739 2713 3797 fore
2758 3739 2923 3811 pedes
2979 3736 3473 3809 evangelizantium

245 3835 333 3887 οὐχ
364 3833 589 3904 ἔμελλον
619 3831 809 3902 ὡραῖοι
844 3828 1080 3893 ἔσεσθαι,
1113 3827 1163 3880 οἰ
1197 3828 1254 3879 ὲν
1280 3825 1448 3897 ὀλίγῳ
1485 3826 1579 3880 καί¹
1617 3824 1808 3897 βραχεῖ

1912 3832 2049 3887 bona
2078 3831 2302 3896 Christi,
2352 3832 2443 3902 qui
2472 3831 2617 3886 enim
2651 3830 2883 3900 speciosi
2927 3827 3097 3882 futuri
3148 3842 3256 3881 non
3293 3835 3471 3889 erant,

245 3927 409 3996 χρόνῳ
452 3925 553 3997 τὴν
599 3925 778 3976 πᾶσαν
817 3919 1307 3992 περιδραμούμενοι
1336 3918 1676 3989 οἰκουμένην,
1712 3918 1806 3971 καὶ

1912 3923 2000 3993 qui
2028 3924 2084 3977 in
2112 3923 2306 3994 exiguo
2338 3924 2596 3994 brevique
2624 3929 2867 3991 tempore
2897 3927 3071 3975 totum
3093 3919 3281 3974 orhem
3315 3925 3474 3974 erant

245 4017 408 4070 πάντα
438 4017 603 4069 τόπον
638 4013 1022 4086 πληρώσαντες
1047 4013 1143 4083 τῆς
1162 4012 1291 4084 περὶ
1316 4010 1409 4064 τοῦ
1440 4012 1688 4085 Σωτῆρος
1711 4010 1805 4065 τοῦ

1912 4015 2245 4088 percursuri,
2276 4024 2330 4070 ct
2365 4030 2581 4070 omnem
2620 4014 2799 4069 locum
2831 4021 3017 4069 sancta
3059 4011 3151 4065 illa
3182 4010 3250 4065 de
3283 4008 3474 4063 Salva-

245 4110 439 4180 κόσμου
475 4107 761 4170 θεοσεϐοῦς
780 4104 1162 4169 διδασκαλίας;
1215 4105 1335 4157 Ὀτι
1365 4103 1422 4157 δὲ
1458 4104 1530 4175 μὴ
1572 4105 1805 4176 ῥήμασιν

1912 4115 2025 4162 tore
2049 4107 2233 4161 mundi
2259 4105 2505 4161 doctrina
2534 4104 2851 4176 impleturi?
2883 4102 3038 4169 Quod
3075 4108 3259 4155 autem
3288 4099 3478 4155 huma-

245 4202 597 4274 ἁνθρωπίνοις
627 4201 922 4271 ἐκέχρηντο
956 4199 1037 4260 εἰς
1070 4196 1241 4250 πειθὼ
1271 4196 1377 4250 τῶν
1419 4197 1804 4267 ἀκροωμένων,

245 4294 365 4347 Θεοῦ
393 4294 451 4348 δὲ
484 4292 712 4363 δύναμις
740 4288 808 4362 ἦν
834 4293 867 4361 ή
900 4287 1232 4359 συνεργοῦσα
1252 4288 1433 4351 αὐτοῖς
1465 4288 1521 4340 ὲν
1549 4287 1626 4357 τῷ
1646 4288 1805 4355 εὐαγ-

243 4386 433 4458 γελικῷ
468 4384 802 4457 κηρύγματι,
836 4382 990 4445 ἀλλος
1018 4381 1179 4434 πάλιν
1203 4381 1485 4452 προφήτης
1514 4380 1800 4448 ἀναφωνεῖ’

250 4498 268 4530 ι
304 4479 507 4550 Κύριος
537 4476 694 4529 δώσει
731 4475 880 4547 ῥῆμα
902 4475 1015 4535 τοῖς
1053 4469 1551 4541 εὐαγγελιζομένοις
1581 4469 1806 4540 δυνάμει

245 4572 422 4644 πολλῇ.
462 4590 482 4624 ι
521 4570 632 4624 Καὶ
678 4567 838 4621 πάλιν
865 4569 894 4620 0
937 4566 1181 4628 Ἠσαίας
1221 4582 1239 4615 ι
1264 4556 1406 4615 ’Ἐπ’
1452 4562 1576 4634 όρος
1608 4561 1808 4633 ὑψηλὸν

247 4664 471 4736 ἀνάϐηθι
502 4666 532 4718 0
575 4659 1078 4729 εὐαγγελιζόμενος,
1130 4654 1288 4720 Σιὼν,
1323 4654 1536 4724 ῦψωσον
1566 4656 1631 4725 τῇ
1665 4654 1808 4724 ἰσχύϊ

248 4757 337 4828 τὴν
357 4756 540 4827 φωνήν
578 4770 668 4806 σου
690 4754 718 4805 0
752 4748 1232 4819 εὐαγγελιζόμενος
1269 4744 1637 4817 ⁹ἱερουσαλήμ·
1664 4745 1810 4814 ύψώ.

190 4908 194 4912 Α
251 4864 389 4910 σατε,
428 4846 505 4918 μὴ
535 4841 805 4914 φοϐεῖσθε,
832 4841 984 4895 εἰπὸν
1031 4842 1151 4902 ταῖς
1186 4837 1399 4890 πόλεσιν
1462 4834 1651 4898 Ἰούδα,
1699 4835 1806 4888 ἰδοὺ

249 4941 275 4992 0
299 4940 428 5002 Θεὸς
460 4936 634 5008 ὑμῶν,
674 4935 783 4989 ἰδοὺ
816 4932 1019 5005 Κύριος
1051 4929 1187 5004 μετά
1222 4927 1402 4999 ἰσχύος
1446 4926 1679 4999 ἔρχεται,
1715 4928 1809 4980 καὶ

253 5030 542 5101 ὁβραχίων
586 5026 723 5099 μετά
765 5025 977 5096 κυρίας
1028 5023 1135 5075 ἰδοὺ
1179 5023 1207 5073 0
1249 5018 1436 5090 μισθὸς
1478 5017 1641 5071 αὐτοῦ
1692 5019 1807 5088 μετ’

255 5121 425 5183 αὐτοῦ,
457 5120 554 5174 καὶ
583 5119 644 5172 τὸ
683 5117 841 5189 ἔργον
886 5115 1049 5170 αὐτοῦ
1086 5114 1322 5166 ἐναντίον
1356 5110 1538 5164 αὐτοῦ·
1582 5110 1656 5173 ὼς
1693 5126 1810 5162 ποι-

260 5213 351 5284 μὴν
379 5213 634 5282 ποιμανεῖ
659 5209 720 5263 τὸ
752 5209 996 5279 ποίμνιον
1024 5205 1210 5267 αὐτοῦ,
1248 5204 1341 5257 καὶ
1369 5204 1424 5255 ὲν
1455 5200 1534 5272 τῷ
1570 5201 1808 5273 βραχίονι

257 5309 401 5361 αὐτοῦ
450 5304 670 5372 συνάξει
709 5305 899 5376 ἄρνας,
929 5303 1023 5356 καὶ
1054 5303 1109 5353 ὲν
1141 5299 1334 5370 γαστρὶ
1378 5296 1603 5366 ἐχούσας
1636 5312 1810 5366 παρα-

1905 4198 1991 4253 nis
2013 4197 2197 4252 verbis
2231 4212 2337 4249 non
2368 4202 2650 4250 uterentur
2681 4194 2749 4249 ad
2778 4191 3213 4264 persuadendum
3245 4190 3476 4245 audien-

1906 4289 2077 4352 tibus,
2112 4288 2206 4344 sed
2237 4287 2326 4341 Dei
2360 4287 2535 4341 virtus
2571 4293 2717 4341 esset
2751 4300 2871 4356 qua:
2916 4299 3040 4339 cum
3081 4284 3189 4338 illis
3216 4282 3472 4342 faciebat,

1907 4382 2036 4438 dum
2070 4379 2421 4451 Evangelium
2473 4378 2848 4449 praedicarent,
2880 4377 3020 4431 alius
3054 4389 3246 4430 rursus
3275 4373 3474 4426 clamat

1908 4472 2171 4545 propheta
2208 4491 2220 4525 :
2258 4489 2277 4522 ι
2316 4469 2579 4526 Dominus
2609 4469 2761 4524 dabit
2796 4467 3022 4535 verbum
3049 4463 3473 4535 evangelizanti-

1909 4565 2014 4621 bus
2058 4564 2256 4619 virtute
2294 4563 2527 4617 multa“
2558 4580 2573 4629 ;
2606 4581 2624 4613 ι
2666 4568 2720 4614 et
2764 4574 2957 4614 rursus
2993 4556 3182 4611 Isaias.
3231 4572 3250 4605 ι
3300 4550 3476 4619 Super

1910 4663 2148 4710 montem
2201 4652 2475 4708 excelsum
2519 4649 2751 4706 ascende
2788 4647 2879 4718 qui
2923 4644 3265 4715 evangelizas
3307 4639 3472 4707 Sion;

1910 4746 2109 4802 extolle
2138 4751 2400 4816 quantum
2430 4752 2583 4813 potes
2606 4756 2793 4797 vocem
2816 4747 2968 4792 tuam
3007 4735 3102 4805 qui
3131 4732 3474 4803 evangelizas

1912 4837 2248 4894 Hierusalem
2282 4851 2297 4888 :
2340 4834 2613 4897 extollite,
2664 4847 2734 4887 ne
2777 4831 2995 4896 timete;
3028 4826 3117 4883 dic
3161 4820 3472 4879 civitatibus

1912 4932 2071 4995 Juda,
2103 4946 2230 4987 ecce
2265 4928 2405 4983 Deus
2430 4933 2630 4990 vester,
2663 4937 2791 4979 ecce
2832 4920 3095 4975 Dominus
3123 4931 3245 4973 cum
3277 4914 3474 4970 robore

1912 5023 2081 5088 venit,
2100 5030 2154 5075 et
2177 5020 2456 5075 brachium
2479 5032 2603 5071 cum
2637 5023 2938 5086 potestate:
2968 5025 3096 5067 ecce
3116 5021 3323 5063 merces
3353 5004 3474 5075 ejus

1912 5131 2035 5170 cum
2066 5129 2151 5174 eo.
2193 5122 2245 5168 et
2272 5127 2408 5182 opus
2436 5089 2554 5179 ejus
2584 5121 2765 5162 coram
2801 5106 2920 5176 ipso
2953 5122 2967 5157 :
2998 5110 3255 5171 tanquam
3285 5105 3477 5168 pastor

1912 5213 2099 5278 pascet
2131 5218 2343 5276 gregem
2378 5216 2558 5265 suum,
2591 5207 2645 5254 et
2674 5198 2729 5252 in
2750 5194 2974 5251 brachio
3001 5206 3102 5247 suo
3128 5187 3475 5261 congregaht

1916 5314 2107 5370 agnos,
2130 5304 2184 5351 et
2209 5310 2303 5351 eas
2330 5308 2451 5365 qua:
2469 5292 2523 5346 in
2551 5300 2709 5346 utero
2733 5287 2957 5350 habent,
2976 5280 3431 5339 consolahitur”.
3448 5298 3468 5332 ι

258 5399 477 5453 καλέσει.
533 5419 553 5451 ι
600 5371 784 5451 Ταῦτα
846 5395 902 5449 δὲ
945 5395 1133 5448 ὁποίαν
1172 5394 1352 5464 ἔχεται
1399 5392 1655 5453 διάνοιαν,
1705 5389 1809 5460 ὁδῷ

1917 5389 2180 5445 Ceterum
2216 5386 2330 5440 haec
2371 5397 2607 5455 quonam
2640 5394 2804 5437 sensu
2846 5373 3160 5445 accipienda
3191 5371 3320 5437 sint,
3348 5385 3475 5440 pro-

311 5560 349 5592 “
376 5559 483 5614 lsa.
518 5571 633 5615 ut,
670 5554 723 5607 1.
797 5553 844 5589 ⁸⁸
876 5552 1006 5607 Luc.
1053 5565 1127 5614 tv,
1153 5549 1253 5619 .18.
1324 5549 1369 5581 "
1407 5546 1595 5602 Matth.
1629 5563 1677 5611 v,
1708 5544 1760 5599 5.

324 5633 419 5675 In-
460 5642 549 5675 XL-
577 5623 732 5675 9J1.

1915 5540 2103 5596 Matth.
2137 5554 2212 5606 ιι,
2255 5538 2346 5593 28.
2421 5536 2466 5570 ’³
2505 5532 2609 5591 lsa.
2659 5548 2755 5602 ιιι,
2786 5532 2841 5587 7.
2932 5529 2979 5561 “
3006 5524 3149 5582 Psal.
3179 5537 3348 5587 mn,
3381 5521 3471 5576 l2.

259 5633 294 5665 ”
322 5633 419 5687 In.
457 5642 549 5688 ιι.
577 5625 732 5679 9ου.

310 5790 377 5861 (l)
415 5784 705 5854 lnterpres
724 5776 875 5848 legit,
907 5776 1102 5847 ἀναπήί
