3942 6258
482 304 585 362 167

1111 297 1375 355 EUSEBll
1408 296 1881 355 CASSARIENSIS
1912 299 2063 355 ()PP.
2099 297 2279 353 PARS
2316 297 2381 353 ll.
2422 330 2492 340 --
2528 294 3006 354 APOLOGETICA

3605 284 3700 342 168

477 423 650 495 gressi
698 421 911 493 longius
955 420 1009 473 in
1049 419 1298 475 doctrina
1340 419 1650 489 evangelica
1688 419 1990 476 videbimus
2024 439 2029 474 :

2145 417 2425 490 προϊόντες
2458 419 2599 471 κατὰ
2632 418 2730 489 τὴν
2768 416 3126 489 εὐαγγελικὴν
3168 415 3425 487 εἰσόμεθα
3462 416 3699 480 διδασκα..

475 516 693 572 interim
724 513 857 569 illud
886 511 1151 576 constitit,
1175 521 1230 567 et
1257 512 1434 581 ipsum
1467 510 1838 583 Evangelium,
1873 520 1928 568 et
1948 528 2042 567 no-

475 624 599 663 men
651 605 930 677 Evangelii
976 604 1309 676 prepheticis
1354 603 1584 660 vocibus
1629 605 2037 674 comprobatum

474 700 643 758 fuisse
668 717 680 752 :
710 699 877 755 habes
906 705 1163 771 praterea
1191 697 1467 752 evidentes
1496 698 1918 769 perspicuasque
1945 701 2040 756 de-

472 791 916 854 monstrationes,
932 790 1076 845 unde
1100 789 1313 844 initium
1335 796 1481 845 esset
1499 800 1849 861 accepturum
1864 792 2041 848 Evan-

473 884 695 955 gelium,
732 885 799 938 ab
822 885 940 953 ipso
968 876 1221 938 videlicet
1248 881 1488 948 Christo,
1519 898 1621 938 nec
1649 898 1757 937 non
1781 900 1876 953 per
1898 900 2038 954 quos

475 974 615 1030 foret
664 973 1092 1044 praedicandum,
1128 990 1227 1046 per
1272 976 1418 1029 illius
1471 975 1659 1045 utique
1710 977 2035 1046 apostolos:

473 1064 569 1120 sed
599 1066 763 1120 etiam
803 1080 907 1135 qua
940 1067 1143 1121 virtute
1166 1074 1312 1121 esset
1349 1072 1751 1135 superaturum,
1784 1081 1892 1120 non
1934 1066 2038 1120 bu-

471 1169 631 1208 mana
678 1155 905 1211 scilicet.
936 1156 1091 1222 Quod
1139 1156 1317 1226 ipsum
1359 1172 1492 1212 sane
1520 1173 1589 1211 ex
1629 1157 1722 1211 illo
1770 1159 2035 1226 constitit,

477 1261 499 1295 ι
535 1244 795 1299 Dominus
824 1245 975 1301 dabit
1019 1247 1247 1302 verbum
1294 1246 1797 1317 evangelizantibus
1836 1248 2039 1304 virtute

471 1337 659 1393 multa.
695 1357 714 1391 ι
750 1337 1035 1409 Reliquum
1068 1340 1359 1411 igiturjam
1397 1347 1501 1406 est,
1533 1348 1595 1394 nt
1614 1356 1681 1396 ex
1710 1343 1896 1397 multis
1919 1358 2038 1414 quae

470 1430 611 1490 apud
646 1428 903 1485 Hebraeos
932 1430 1212 1491 antiquius
1244 1446 1307 1485 ac
1339 1432 1602 1487 remotius
1621 1429 1689 1485 de
1718 1431 1934 1488 Christo
1962 1434 2042 1488 di.

469 1521 652 1577 vinata
686 1531 833 1588 sunt,
868 1538 1039 1592 pauca
1068 1524 1451 1594 anticipemus,
1483 1533 1544 1579 ut
1575 1526 1758 1583 discas
1787 1542 2037 1597 quaenam

469 1613 560 1667 illa
588 1622 792 1677 essent,
831 1630 953 1684 quae
988 1614 1385 1683 posterioribus
1425 1616 1762 1685 tempOribus
1795 1615 2038 1686 Evange-

470 1704 600 1759 lium
629 1706 940 1759 nuntiarent
964 1705 1227 1770 futurum,
1263 1707 1533 1777 simulque
1557 1707 1879 1761 miraculum
1912 1721 2038 1776 pro-

2141 507 2277 561 λίαν·
2324 507 2460 578 πλὴν
2511 506 2645 560 ἀλλὰ
2698 505 2970 575 πέφανται
2992 506 3053 560 τὸ
3084 507 3434 577 Εὑαγγέλιον,
3466 512 3556 564 καὶ¹
3583 514 3697 568 τοῦ·

2138 617 2276 671 νομα
2309 600 2365 653 δὲ
2404 599 2499 653 τοῦ
2542 598 2895 669 Εὐαγγελίου,
2943 598 3032 653 διὰ
3069 600 3178 653 τῶν
3213 604 3560 672 προφητικῶν
3610 624 3700 678 με-

2142 691 2573 764 μαωυρημένον,
2608 692 2752 764 ἔχεις
2795 710 2856 746 τε
2900 692 3097 755 λευκὰς
3142 692 3237 746 καὶ
3277 693 3525 765 ἐναργεῖς
3570 698 3696 753 ἀπο.

2137 783 2350 865 δείξεις,
2376 785 2440 836 ἐκ
2461 784 2605 848 τίνος
2627 784 2722 855 μὲν
2748 784 2971 856 ἄρξεται
2992 782 3054 837 τὸ
3076 783 3421 853 Εὐαγγέλιον,
3449 787 3529 845 ὅτι
3557 787 3618 861 δὴ
3645 792 3699 858 ἐξ

2138 875 2302 929 αὐτοῦ
2331 875 2424 928 τοῦ
2457 875 2714 948 Χριστοῦ,
2748 877 2814 930 δι’
2843 870 2918 929 ὧν
2950 893 3008 929 τε
3039 876 3465 948 κηρυχθήσεται,
3496 878 3578 932 ὅτι
3617 881 3698 935 διὰ

2137 968 2244 1022 τῶν
2275 966 2584 1023 ἀποστόλων
2618 969 2802 1023 αὐτοῦ’
2839 969 2974 1023 ἀλλὰ
3015 969 3106 1023 καὶ
3146 958 3273 1040 ποίᾳ
3305 969 3529 1047 δυνάμει
3572 989 3700 1044 κρα-

2137 1060 2315 1132 τήσει,
2364 1062 2444 1116 ὅτι
2497 1061 2571 1133 μὴ
2613 1062 2946 1134 ἀνθρωπεία.
2987 1063 3051 1116 Ὃ
3095 1061 3159 1132 δὴ
3194 1062 3290 1114 καὶ
3317 1058 3449 1134 αὐτὸ
3482 1063 3696 1137 συνέστη

2137 1154 2227 1209 διὰ
2248 1144 2370 1219 τοῦ,
2410 1174 2427 1206 ι
2456 1155 2659 1227 Κύριος
2692 1155 2851 1210 δώσει
2880 1157 3029 1228 ῥῆμα
3056 1159 3182 1220 τοῖς·
3205 1155 3699 1227 εὐαγγελιζομένοις

2137 1247 2359 1319 δυνάμει
2382 1247 2568 1319 πολλῇ.
2601 1267 2619 1299 ι
2646 1241 2709 1300 Τί
2728 1249 2791 1320 δὴ
2812 1245 2902 1303 οὖν
2932 1249 3173 1302 λείπεται
3201 1250 3293 1301 ἐπὶ
3323 1249 3550 1314 τοὺτοις,
3580 1249 3611 1321 ἢ
3639 1253 3701 1305 ἐκ

2139 1340 2345 1393 πολλῶν
2377 1341 2531 1409 ὀλίγα
2564 1340 2851 1412 προλαϐεῖν
2881 1341 2990 1395 τῶν
3027 1345 3155 1414 παρ’
3202 1341 3471 1414 Ἑϐραίοις
3513 1343 3701 1398 ἀνέκα-

2139 1432 2231 1486 θεν
2261 1433 2389 1505 περὶ
2412 1432 2506 1485 τοῦ
2529 1432 2765 1506 Χριστοῦ
2800 1428 3318 1503 προφητεύομένων;
3355 1433 3432 1499 ὡς
3466 1436 3533 1491 ἂν
3565 1437 3700 1508 εἰδῇς

2136 1525 2257 1578 τίνα
2291 1525 2507 1578 ἔσεσθαι
2529 1525 2591 1578 τὸ
2612 1526 2939 1595 Εὐαγγέλιον
2969 1528 3025 1579 ὲν
3048 1535 3294 1599 ὑστερυις
3324 1529 3532 1600 καιροῖς
3547 1528 3702 1598 εὐηγ-

2137 1617 2399 1687 γελίζετο,
2433 1618 2566 1689 ὁμοῦ
2595 1635 2656 1672 τε
2695 1619 2802 1672 τῶν
2834 1619 3125 1690 προφητῶν
3155 1618 3216 1672 τὸ
3242 1617 3428 1690 θαῦμα
3472 1619 3569 1689 τῆς
3600 1620 3700 1672 τῶν

2141 1709 2438 1780 μελλόντων
2497 1710 2876 1783 προγνώσεως,
2927 1711 3020 1765 καὶ
3069 1711 3176 1764 τῶν
3224 1711 3580 1783 προρρήσεων
3635 1710 3698 1766 τὰ

470 1796 775 1865 phetarum,
811 1797 904 1866 qui
939 1796 1161 1866 quidem
1194 1796 1347 1850 tanto
1392 1805 1517 1852 ante
1546 1797 1728 1851 futura
1766 1811 2029 1867 cognove-

2136 1792 2569 1873 ἀποτελέσματα,
2607 1804 2755 1866 ὅπως
2808 1805 2899 1857 ἐπὶ
2951 1804 3042 1857 τὸν
3089 1805 3313 1875 Σωτῆρα
3360 1804 3456 1857 καὶ
3506 1801 3699 1875 Κύριον

468 1888 610 1951 rint,
639 1887 878 1956 itemque
916 1886 1166 1956 ipsorum
1212 1887 1559 1940 oraculorum
1589 1892 1801 1951 eventa,
1852 1901 2037 1955 quem-

469 1977 758 2033 admodum
807 1992 867 2033 ea
908 1978 965 2032 in
998 1977 1282 2032 Salvatore
1314 1984 1368 2031 et
1404 1976 1633 2032 Domino
1663 1986 1854 2032 nostro
1879 1975 2032 2041 Jesu,

468 2073 558 2142 qui
590 2070 842 2127 Christus
870 2077 956 2126 est
984 2050 1098 2139 Dei,
1131 2071 1397 2142 completa
1437 2070 1762 2125 consistant.

468 2185 531 2242 ll.
565 2183 721 2253 Quod
762 2186 824 2241 de
854 2182 1068 2241 Christo
1113 2185 1390 2308 zaticinati
1440 2193 1563 2238 sunt
1609 2184 1874 2268 propheta:
1921 2182 2034 2238 He-

1148 2271 1393 2308 morum;

1148 2271 1393 2309 rworum.‘

531 2346 748 2405 Primus
765 2350 1149 2421 prophetarum
1165 2349 1392 2421 Moyses,
1413 2349 1578 2404 alium
1595 2349 1910 2419 pr0phetam
1929 2347 2033 2403 sibi

464 2443 699 2499 similem
750 2444 1122 2498 suscitandum
1170 2442 1473 2498 denuntiat.
1523 2442 1634 2512 9o
1683 2442 1817 2496 Cum
1882 2440 2032 2496 enim

465 2533 607 2605 leges
631 2535 699 2589 ab
728 2534 846 2604 ipso
871 2534 1063 2604 positae
1089 2534 1188 2589 soli
1222 2532 1461 2589 Iudaicae
1487 2535 1634 2603 genti
1656 2533 2030 2597 convenirent,

462 2625 627 2697 idque
658 2627 713 2681 in
754 2633 899 2681 terra
942 2625 1128 2681 Iudaea
1166 2627 1452 2691 duntaxat,
1497 2634 1590 2680 aut
1633 2612 1839 2680 cirdum
1885 2640 2029 2690 eam,

461 2730 574 2773 non
601 2724 782 2772 autem
807 2718 857 2773 ei
887 2733 1103 2789 quoque
1127 2718 1294 2788 genti,
1332 2733 1453 2787 quae
1485 2716 1804 2787 longissime
1830 2717 1887 2770 in
1919 2722 2032 2771 ter-

463 2807 543 2862 ris
565 2807 948 2862 remotissimis
978 2808 1220 2880 degeret,
1246 2808 1704 2878 quemadmodum
1726 2823 1791 2862 ex
1812 2809 1878 2863 iis
1909 2823 2031 2879 qua:

462 2896 616 2966 prius
648 2910 678 2950 a
710 2897 869 2952 nobis
897 2904 1127 2951 tractata
1163 2905 1291 2952 sunt
1320 2896 1577 2967 cognosci
1604 2897 1799 2966 potuit,
1831 2904 1885 2952 et
1905 2913 2030 2953 eum

460 2987 558 3059 qui
591 2998 737 3044 esset
757 3003 867 3042 non
899 2989 1074 3043 solum
1109 2986 1442 3051 Iudaeorum,
1471 2988 1566 3043 sed
1600 2989 1764 3043 etiam
1798 2989 2026 3045 aliarum

463 3078 703 3148 gentium
751 3079 918 3143 Deus,
975 3087 1251 3148 oporteret
1287 3077 1355 3133 ad
1392 3094 1453 3134 se
1500 3079 1940 3149 cognoscendum
1975 3090 2028 3137 et

462 3147 749 3231 colendum
779 3174 904 3228 vitae
930 3147 1213 3228 hominum
1244 3147 1592 3246 suppeditare
1624 3189 1712 3239 ea,
1743 3191 1864 3248 qua:
1890 3186 2028 3230 cun-
2053 3147 2100 3209 (ἶ

460 3268 567 3325 etis
598 3267 724 3322 item
751 3268 1002 3339 gentibus
1024 3267 1177 3322 utilia
1198 3266 1397 3332 forent,
1427 3268 1620 3323 merito
1653 3268 1881 3322 alterum
1909 3283 2031 3338 pro-

460 3363 703 3433 phetam,
737 3363 829 3434 qui
856 3363 1004 3417 nulla
1032 3362 1087 3415 in
1115 3366 1270 3430 parte
1300 3374 1412 3416 suae
1440 3361 1614 3432 ipsius
1644 3350 1841 3415 ralioni
1866 3369 2033 3431 atque

461 3455 710 3511 instituto
754 3454 993 3515 cederet.
1040 3454 1108 3509 de
1152 3452 1378 3508 Iudaica
1421 3463 1580 3524 gente
1626 3453 2024 3517 suscitandum,

462 3548 688 3602 oraculo
732 3546 979 3617 exposito
1025 3545 1254 3610 divinat,
1288 3547 1342 3600 in
1372 3546 1517 3600 hunc
1544 3546 1767 3600 modum
1813 3545 1890 3599 illi
1925 3544 2027 3615 ipsi

459 3642 572 3698 Deo
624 3643 1011 3714 respondente.
1055 3661 1074 3692 ι
1120 3640 1446 3711 Prophetam
1503 3640 1782 3696 suscitabo
1840 3632 1920 3694 eis
1959 3638 2033 3694 de

458 3737 722 3793 fratribus
744 3738 986 3808 ipsorum
1008 3747 1265 3806 tanquam
1283 3744 1355 3798 te,
1369 3734 1578 3791 etdabo
1601 3734 1824 3789 verbum
1845 3748 2025 3788 meum

459 3832 515 3886 in
547 3847 608 3887 os
632 3832 799 3895 illius,
834 3838 888 3883 et
917 3829 1172 3898 loquetur
1200 3827 1279 3883 eis
1304 3827 1461 3896 juxta
1482 3842 1642 3882 omne
1663 3825 2029 3897 quodcunque

459 3924 789 3978 mandavero
819 3919 897 3974 illi
923 3937 935 3971 :
964 3927 1017 3975 et
1048 3920 1207 3974 homo
1236 3920 1414 3974 omnis
1443 3921 1755 3988 quicunque
1787 3935 1894 3972 non
1923 3933 2024 3971 au-

459 4014 620 4073 dierit
651 4012 818 4068 verba
851 4011 970 4080 ejus
1001 4025 1339 4080 quaacunque
1376 4011 1629 4080 loquetur
1674 4010 1938 4080 propheta
1969 4008 2025 4065 in

459 4108 679 4163 nomine
707 4120 846 4172 meo,
892 4120 990 4175 ego
1025 4104 1259 4158 ulciscar
1297 4119 1363 4158 ex
1393 4119 1458 4159 eo
1475 4104 1545 4160 9‘.
1590 4124 1608 4156 ι
1649 4104 1853 4159 Similia
1897 4118 2031 4159 vero.

460 4200 579 4270 ipse
608 4213 825 4269 quoque
855 4195 1066 4269 Moyses
1112 4197 1218 4251 hoc
1255 4197 1534 4251 oracu'ltnm
1562 4197 1928 4267 interpretans
1957 4196 2025 4251 ad

459 4291 717 4361 populum
747 4289 823 4342 ait
854 4308 866 4342 :
901 4306 919 4338 ι
955 4287 1277 4358 Pr0phetam
1303 4288 1370 4342 de
1392 4287 1650 4344 fratribus
1687 4289 1882 4344 vestris
1903 4294 2026 4341 tan-

460 4398 622 4454 quam
652 4398 739 4436 me
777 4381 1062 4437 suscitahit
1105 4380 1369 4434 Dominus
1399 4377 1576 4447 Deus;
1611 4380 1762 4434 illum
1789 4378 2023 4435 audietis

2138 1892 2292 1964 ἡμῶν
2334 1894 2537 1971 Ἰησοῦν
2570 1894 2658 1947 τὸν
2693 1893 2926 1966 Χριστὸν
2959 1895 3052 1948 τοῦ
3079 1894 3213 1948 Θεοῦ
3265 1893 3581 1948 συνίσταται
3604 1910 3698 1948 πε-

2136 1985 2241 2056 πλη
2250 2002 2327 2057 ρω
2334 1986 2484 2056 μένα.

2136 2190 2210 2243 B’.
2270 2191 2459 2254 Ὅπως
2503 2188 2634 2260 περὶ
2682 2189 2789 2260 τοῦ
2839 2189 3096 2260 Χριστοῦ
3145 2189 3611 2260 προανεφώνουν
3649 2192 3703 2246 οι

2599 2259 2873 2326 Ἑϐραίων
2903 2259 3218 2329 προφῆται.

2206 2349 2425 2420 Πρῶτος
2453 2350 2741 2422 προφητῶν
2756 2352 2888 2405 Μωῦ
2897 2353 2992 2423 σῆς
3012 2353 3098 2406 ἕτε
3105 2370 3197 2425 ρον
3217 2354 3505 2426 προφήτην
3528 2354 3705 2423 ὅμοιον

2135 2441 2282 2511 αὐτῷ
2324 2436 2729 2513 ἀναστήσασθαι
2783 2444 3209 2512 εὐαγγελίζεται.
3267 2445 3487 2518 Ἐπειδὴ
3528 2445 3637 2517 γὰρ
3671 2445 3705 2517 ἡ

2134 2539 2252 2591 κατ’
2287 2536 2447 2589 αὐτὸν
2478 2534 2768 2606 νομοθεσία
2813 2537 2958 2607 μόνῳ
3001 2535 3079 2606 τῷ
3122 2536 3392 2591 Ἰουδαίων
3436 2537 3707 2610 προσῆκεν

2134 2628 2294 2691 ἔθνει,
2316 2628 2411 2683 καὶ
2440 2613 2610 2697 τούτῳ
2637 2628 2730 2682 ἐπὶ
2766 2629 2863 2698 τῆς
2893 2628 3147 2693 Ἰουδαίας
3173 2630 3297 2701 γῆς,
3326 2630 3360 2701 ἢ
3407 2631 3551 2701 ἀμφὶ
3577 2627 3704 2681 ταύ-

2131 2739 2250 2795 την,
2279 2722 2400 2792 οὐχὶ
2439 2722 2496 2776 δὲ
2541 2723 2637 2776 καὶ
2670 2722 2749 2792 τῷ
2779 2722 3114 2795 πορρωτάτω
3145 2724 3243 2794 τῆς
3274 2722 3706 2793 ἀλλοδαπῆςδια-

2130 2808 2369 2887 τρίϐοντι
2404 2814 2681 2868 συνῶπται
2723 2812 2810 2867 διὰ
2845 2814 2952 2867 τῶν
2992 2812 3224 2886 πρόσθεν
3262 2816 3398 2885 ἡμῖν
3430 2831 3703 2884 γεγυμνα-

2133 2904 2362 2978 σμένων,
2387 2907 2525 2979 χρῆν
2548 2907 2605 2961 δὲ
2631 2908 2800 2978 δήπου
2827 2905 2917 2961 τδν
2957 2907 3029 2978 μὴ
3060 2906 3218 2978 μόνον
3255 2907 3528 2960 Ἰουδαίων
3557 2907 3703 2969 Θεὸν,

2130 2998 2266 3053 ἀλλὰ
2299 3000 2391 3053 καὶ
2421 2999 2611 3063 ὲθνῶν,
2651 2999 2748 3052 καὶ
2788 2999 2857 3053 τὰ
2900 3001 3031 3052 πᾶσι
3067 2996 3179 3061 τοῖς
3229 2998 3412 3051 ἔθνεσι
3460 2997 3704 3068 λυσιτελῆ

2130 3091 2268 3163 πρὸς
2300 3091 2400 3163 τὴν
2435 3090 2598 3144 αὑτοῦ
2637 3090 2834 3160 γνῶσίν
2866 3108 2924 3144 τε
2960 3092 3053 3144 καὶ
3084 3090 3366 3145 εὐσέὸειαν
3408 3093 3707 3163 παρασχεῖν

2131 3182 2209 3254 τῷ
2244 3183 2363 3254 βίῳ·
2414 3183 2637 3247 εἰκότως
2670 3185 2953 3259 προφήτην
2996 3185 3179 3255 ἕτερον
3220 3187 3344 3237 κατ’
3393 3177 3547 3238 οὐδὲν
3586 3186 3708 3237 ἀποο

2131 3270 2314 3328 δέοντα
2345 3275 2444 3345 τῆς
2476 3277 2595 3329 κατ’
2642 3275 2802 3329 αὐτὸν
2844 3276 3151 3347 οἰκονομίας
3182 3275 3245 3330 ὲκ
3288 3276 3388 3330 τοῦ
3439 3277 3707 3331 Ἰουδαίων

2131 3365 2314 3430 ἔθνους
2343 3368 2662 3438 ἀναστήσειν
2693 3367 2782 3420 διὰ
2813 3367 3060 3439 χρησμοῦ
3099 3367 3370 3433 θεσπίζει,
3416 3368 3608 3422 τοῦτον
3636 3368 3710 3420 εἰ·

2131 3459 2358 3530 ρηκότος
2391 3458 2554 3513 αὐτοῦ
2608 3459 2700 3512 τοῦ
2764 3459 2897 3513 Θεοῦ
2942 3460 3032 3513 τὸν
3073 3449 3292 3531 τρόπον’
3338 3478 3358 3512 ι
3417 3462 3712 3533 Προφήτην

2129 3551 2419 3622 ἀναστήσω
2445 3552 2627 3615 αὐτοῖς
2647 3552 2710 3605 ἐκ
2740 3551 2846 3605 τῶν
2879 3551 3121 3623 ἀδελφῶν
3151 3553 3352 3619 αὐτῶν,
3389 3554 3585 3626 ὥσπερ
3630 3553 3710 3620 σὲ,

2130 3645 2227 3698 καὶ
2255 3645 2409 3698 δώσω
2440 3647 2501 3699 τὸ
2530 3647 2681 3718 ῥῆμά
2706 3664 2804 3717 μου
2838 3648 2894 3698 ἐν
2916 3645 2993 3717 τῷ
3021 3648 3248 3718 στόματι
3280 3645 3478 3714 αὑτοῦ,
3510 3649 3607 3703 καὶ
3625 3648 3713 3702 λαη

2126 3737 2280 3808 λήσει
2325 3738 2505 3802 αὐτοῖς
2556 3739 2677 3792 καθ’
2706 3740 2734 3791 ὃ
2774 3755 2825 3791 τι
2863 3738 2927 3791 ἂν
2958 3740 3286 3811 ὲντέλλωμαι
3329 3741 3505 3814 αὐτῷ·
3549 3742 3643 3795 καὶ
3681 3739 3711 3794 ὁ

2126 3825 2409 3899 ἄνθρωπος
2437 3828 2496 3892 ὃς
2519 3827 2583 3882 ἂν
2609 3828 2683 3900 μὴ
2716 3829 2922 3902 ἀκούσῃ
2943 3829 3050 3883 τῶν
3075 3816 3245 3899 λόγων
3271 3832 3470 3899 αὐτοῦ,
3512 3835 3614 3887 ὅσα
3648 3831 3714 3887 ἂν

2127 3918 2339 3997 λαλήσῃ
2367 3921 2395 3972 ὁ
2426 3923 2710 3992 προφήτης
2738 3921 2828 3974 ἐπὶ
2860 3922 2936 3992 τῷ
2982 3922 3202 3993 ὀνόματί
3248 3940 3373 3994 μου,
3420 3924 3535 3993 ἐγὼ
3573 3925 3712 3978 ἐκδι-

2125 4015 2281 4085 κήσω
2307 4014 2364 4080 ἐξ
2389 4014 2571 4067 αὑτοῦ.
2616 4033 2634 4065 ι
2666 4013 2744 4067 Τὰ
2772 4014 2933 4084 ὅμοια
2955 4013 3012 4067 δὲ
3055 4014 3149 4067 καὶ
3189 4008 3354 4080 αὐτὸς
3388 4017 3421 4070 ὁ
3473 4015 3713 4086 Μωῦσῆς

2126 4105 2261 4176 πρὸς
2281 4106 2372 4157 τὸν
2397 4105 2522 4163 λαὸν
2552 4106 2627 4157 διε
2638 4105 2916 4175 ρμηνεύων
2940 4105 2998 4157 τὸ
3021 4105 3112 4158 τοῦ
3145 4105 3280 4159 Θεοῦ
3311 4106 3528 4176 λόγιον,
3556 4106 3708 4178 φησί.

2131 4214 2149 4246 ι
2191 4196 2475 4266 Προφήτην
2505 4197 2567 4248 ὲκ
2590 4195 2698 4248 τῶν
2722 4195 2960 4264 ἀδελφῶν
2990 4196 3141 4267 ὑμῶν
3170 4196 3245 4260 ὡς
3273 4197 3378 4268 ἐμὲ
3419 4201 3714 4270 ἀναστήσει

2126 4286 2328 4358 Κύριος
2364 4288 2391 4339 ὁ
2433 4287 2563 4350 Θεὸς
2610 4304 2726 4350 σου,
2787 4288 2950 4341 αὑτοῦ
2985 4287 3280 4341 ἀκούσεσθε
3329 4292 3482 4344 κατὰ
3538 4290 3713 4344 πάντα

2125 4381 2225 4433 ὅσα
2252 4382 2437 4452 ᾐτήσω
2461 4379 2611 4451 παρὰ
2638 4381 2843 4451 Κυρίου
2868 4381 2961 4434 τοῦ
2986 4381 3121 4434 Θεοῦ
3151 4383 3209 4436 ὲν
3238 4383 3451 4454 Χωρὴὸ
3481 4386 3550 4455 τῇ
3580 4381 3714 4454 ἠμέ-

460 4493 512 4530 ιη
555 4474 806 4528 omnibus
852 4486 1191 4542 quaecunque
1234 4471 1523 4540 postulasti
1565 4485 1596 4524 a
1638 4471 1869 4527 Domino
1912 4470 2023 4527 Deo

2132 4491 2199 4546 ρα
2228 4474 2326 4545 τῆς
2365 4473 2704 4544 Ἐκκλησίας.
2743 4494 2761 4526 ι
2797 4469 2924 4546 τΑρ’
2948 4470 3039 4527 οῦν
3067 4477 3115 4527 oi
3142 4476 3278 4545 μετὰ
3297 4476 3553 4529 Μωῦσέα
3584 4491 3713 4547 προ-

460 4584 550 4622 tuo
577 4568 631 4621 in
681 4566 883 4629 Iloreb,
913 4566 966 4618 in
992 4566 1078 4621 die
1109 4564 1517 4620 concisionis".
1552 4584 1571 4617 ι
1604 4563 1740 4618 Num
1772 4565 1934 4634 igitur
1955 4580 2021 4619 ex

460 4661 527 4716 Iis
576 4659 669 4730 qui
709 4670 828 4729 post
859 4658 1077 4731 Moysen
1122 4657 1450 4714 eXStiterunt
1496 4656 1796 4727 Prophetaa,
1828 4656 2019 4723 ISaias,

460 4751 688 4822 exempli
721 4750 916 4821 gratia,
947 4756 1041 4804 aut
1066 4747 1354 4815 Jeremias,
1390 4760 1483 4805 aut
1504 4748 1774 4812 Ezechiel,
1806 4756 1898 4803 aut
1927 4748 2025 4803 Da-

429 4910 433 4915 ε
460 4845 587 4909 niel,
618 4852 712 4896 aut
733 4844 873 4898 alius
904 4842 1174 4912 quispiam
1195 4841 1262 4896 de
1283 4842 1499 4897 caeteris
1528 4839 1817 4897 duodecim
1844 4842 2022 4912 legum

430 4922 437 4947 '
461 4943 652 4990 auctor
680 4932 849 5005 Moysi
874 4933 1240 4988 conferendus
1268 4934 1891 5003 exstitit?neqnaquam.
1916 4933 2022 4988 Sed

461 5042 523 5083 ex
549 5025 659 5080 illis
688 5025 929 5088 tandem,
961 5026 1086 5094 quis
1110 5040 1346 5094 unquam
1375 5023 1546 5096 Moysi
1581 5025 1780 5079 similia
1810 5024 2023 5083 effecit?

461 5131 727 5186 nusquam
760 5116 963 5186 poteris
994 5116 1196 5171 dicere.
1233 5115 1340 5172 Sed
1368 5117 1833 5188 quisqueillorum
1866 5132 1895 5172 a
1917 5119 2021 5189 pri-

461 5222 548 5261 mo
578 5206 644 5261 ad
672 5209 1027 5262 novissimum
1061 5223 1418 5279 quoscunque
1446 5209 1802 5264 instituebant
1831 5223 1894 5263 ac
1916 5210 2017 5265 doo

462 5300 673 5364 cebant,
726 5302 792 5355 ad
829 5301 1005 5371 ipsum
1056 5301 1275 5372 Moysen
1323 5303 1708 5367 remittebant,
1759 5310 1922 5375 atque
1964 5306 2018 5361 in

461 5399 561 5444 hoc
590 5391 845 5459 p0pnlum
892 5391 1375 5461 reprehendebant,
1425 5393 1567 5461 quod
1601 5392 1801 5464 Moysis
1847 5395 2017 5467 legem

462 5494 566 5534 non
614 5488 908 5543 servasset,
965 5480 1059 5534 sed
1114 5491 1304 5535 contra
1360 5482 1502 5534 illam
1555 5481 1793 5547 fecisset,
1843 5500 2019 5554 neque

444 5558 607 5631 )llum
652 5569 720 5624 ad
765 5570 1061 5641 quidquam
1112 5571 1258 5625 aliud
1296 5571 1679 5637 hortabantur,
1719 5574 1828 5629 nisi
1858 5574 1923 5629 ad
1953 5589 2016 5629 ea

526 5723 572 5757 "
607 5717 760 5780 Deut.
806 5739 963 5789 svnt,
994 5725 1082 5798 18,
1106 5724 1191 5781 l9.
1267 5727 1310 5760 "
1343 5724 1477 5781 Ibid.
1504 5725 1689 5795 l5,l6.

2125 4566 2310 4636 φῆται,
2372 4566 2614 4629 Ἡσαΐας,
2658 4564 2811 4637 φέρε,
2852 4567 2887 4637 ἢ
2934 4565 3214 4637 Ἱερεμίας,
3252 4566 3284 4638 ἢ
3335 4566 3628 4640 Ἰεζεκιὴλ,
3677 4565 3710 4638 ἢ

2124 4658 2339 4729 Δανιὴλ,
2392 4659 2424 4730 ἦ
2462 4674 2545 4722 τις
2581 4659 2766 4730 ἔτερος
2801 4659 2911 4713 τῶν
2953 4659 3179 4725 δώδεκα,
3205 4661 3443 4714 Μωῦσεῖ
3474 4661 3711 4730 κατέστη

2124 4750 2500 4823 παραπλήσιος
2547 4751 2877 4821 νομοθέτης;
2914 4752 3181 4823 οὐδαμῶς.
3239 4753 3409 4807 Ἀλλὰ
3455 4752 3530 4807 τὰ
3556 4751 3716 4825 ὅμοιά

2123 4860 2206 4906 τις
2229 4842 2449 4897 ἐκείνων
2473 4844 2697 4896 Μωῦσεί
2722 4842 3153 4913 διαπέπρακταις
3186 4845 3285 4898 οὐκ
3329 4845 3487 4900 ἐστιν
3516 4848 3711 4899 εἰπεῖν.

2125 4934 2393 4997 Ἕκαστος
2415 4934 2543 5003 γοῦν
2564 4934 2742 4987 αὐτῶν
2764 4935 2870 4988 ἀπὸ
2897 4935 3110 5008 πρώτου
3137 4937 3230 4990 καὶ
3267 4938 3353 5001 είς
3392 4937 3492 4992 τδν
3531 4938 3715 4991 τελευ-

2125 5030 2293 5091 ταῖον,
2324 5028 2414 5079 ἐπὶ
2444 5028 2680 5081 Μωῡσέα
2695 5029 2820 5091 τοῦς
2839 5028 3216 5099 ἀκροωμένους
3238 5028 3593 5099 ἀνέπεμπον,
3622 5026 3713 5081 καὶ

2125 5118 2216 5171 τόν
2238 5134 2299 5186 γε
2329 5119 2470 5171 κατά
2490 5118 2584 5172 τοῦ
2609 5115 2733 5172 λαοῦ
2753 5120 2969 5190 ἔλεγχον
2991 5120 3077 5174 διὰ
3102 5120 3200 5183 τὰς
3227 5122 3592 5193 παραϐάσεις
3620 5120 3712 5175 τοῦ

2126 5208 2403 5273 Μωῦσέως
2416 5210 2693 5264 ἐποιοῦντο
2708 5211 2893 5283 νόμου,
2921 5212 3258 5285 προύτρεπον
3283 5228 3350 5265 τε
3390 5215 3550 5268 οὐδὲν
3587 5212 3714 5268 ἄλλο

2126 5299 2158 5371 ἢ
2182 5300 2289 5354 τῶν
2314 5302 2464 5373 παρὰ
2487 5304 2620 5356 Μωῦ
2631 5305 2710 5356 se?
2731 5304 3232 5375 νενομοθετημένων
3255 5302 3581 5376 ὲξέχεσθαι.
3619 5304 3717 5360 Οὐ-

2124 5391 2247 5445 δένα
2276 5392 2405 5460 γοῦν
2429 5392 2630 5448 τούτων
2668 5395 2866 5466 ὅμοιον,
2902 5396 3141 5466 Μωῦσῆς
3169 5395 3229 5448 δὲ
3258 5396 3401 5467 περὶ
3433 5397 3559 5462 ἐνὸς
3591 5397 3713 5466 ὠρι-

2128 5484 2337 5555 σμένως
2373 5486 2659 5555 ἀναφωνεῖ.
2702 5488 2831 5541 Τίνα
2867 5487 3042 5540 τοίνυν
3078 5490 3106 5541 ὁ
3150 5488 3408 5558 χρησμὸς
3458 5488 3712 5554 θεσπίζει

2122 5576 2346 5629 Μωῦσεῖ
2376 5579 2751 5651 παραπλήσιον
2784 5578 2998 5632 ἔσεσθαι
3026 5581 3310 5650 προφήτην
3349 5580 3385 5650 ἣ
3423 5582 3592 5653 μόνον
3618 5578 3712 5636 τὶν
