3942 6258
240 313 336 371 {69
1103 306 1752 367 DEMONSTRATIOle
1790 304 2253 366 EVANGELICE
2292 305 2422 368 LIB.
2459 303 2546 364 lii.

3360 312 3462 376 1⁸⁷0

240 430 453 502 Σωτῆρα
500 430 596 482 καὶ
642 425 843 500 Κύριον
891 427 1046 500 ήμῶν
1106 428 1310 499 Ἰησοῦν
1364 428 1454 480 τὸν
1517 425 1784 499 Χριστόν;

1894 424 2121 480 ﬁrmiter
2163 426 2419 491 tenenda,
2462 441 2583 497 qua
2631 426 2687 480 in
2728 426 2844 497 lege
2880 424 3046 483 Musis
3088 428 3266 498 posita
3307 441 3456 486 sunt.

246 522 416 584 Ὅπως
465 519 523 573 δὲ
552 519 696 573 τοῦτ’
742 520 990 591 εἴρηται,
1032 519 1418 591 διασκέψασθαι
1472 520 1783 588 ἀναγκαῖον.

246 609 466 678 Μωῦσῆς
516 608 731 680 πρῶτος
781 609 1019 679 ἡγήσατο
1083 607 1177 661 τοῦ
1247 607 1508 662 Ἰουδαίων
1580 605 1782 669 ἔθνους.

249 698 417 769 Eupth
434 699 491 753 δὲ
518 699 715 759 αὐτοὺς
738 701 804 768 τῇ
828 702 967 753 κατά
993 698 1320 767 Αίγυπτίους
1348 697 1591 769 πολυθὲῳ
1612 696 1787 768 πλάνῃ

250 790 622 861 προσέχοντας,
694 790 908 860 πρῶτος
971 789 1069 861 μὲν
1140 790 1341 863 ταύτης
1407 790 1742 860 ἀπέστρεψεν
1769 829 1784 853 ,

250 881 615 952 ἀπαραιτήτοις
643 880 931 952 τιμωρίαις
958 879 1336 952 ἀπαγορεύσας
1367 879 1785 952 εἰδωλολατρεῖνο

251 968 443 1037 πρῶτος
471 967 528 1020 δὲ
556 968 738 1031 αὐτοῖς
776 970 867 1022 καὶ
906 970 1003 1039 τὴν
1031 970 1156 1042 περὶ
1188 971 1479 1042 μοναρχίας
1513 970 1787 1038 θεολογίαν

254 1055 571 1127 κατήγγειλε,
599 1058 691 1111 τὸν
712 1057 820 1110 τῶν
848 1059 1102 1112 ἁπάντων
1125 1060 1484 1131 Δημιουργὸν,
1510 1061 1602 1114 καὶ
1630 1077 1786 1130 ποιη-

257 1150 337 1221 τὴν
368 1149 514 1220 μόνον
550 1148 923 1220 παραγγείλας
975 1148 1170 1207 σέϐειν·
1201 1149 1413 1221 πρῶτος
1440 1149 1497 1202 δὲ
1522 1152 1614 1202 καὶ
1638 1151 1784 1217 ἀγω-

256 1245 341 1312 γήν
368 1258 476 1295 τινα
524 1240 807 1304 θεοσεϐοῦς
852 1241 964 1311 βίου
997 1244 1109 1304 τοῖς
1147 1241 1327 1305 αὐτοῖς
1374 1241 1782 1311 διαταξάμενος,

258 1330 513 1402 νομοθέτης
534 1331 717 1393 αὐτοῖς
748 1329 1001 1394 εὐσεϐοῦς
1027 1326 1296 1394 πολιτείας
1322 1331 1532 1402 πρῶτος
1559 1331 1652 1385 καὶ
1685 1332 1783 1401 μό-

258 1421 722 1485 νοςάποδέδεικται.
743 1421 900 1475 Ἀλλά
927 1422 1021 1477 καὶ
1060 1423 1264 1495 Ἰησοῦς
1298 1426 1326 1476 ὁ
1352 1424 1584 1496 Χριστὸς
1616 1424 1779 1477 Misi)-

261 1516 328 1565 εεῖ
352 1513 749 1585 παραπλησίως,
782 1515 875 1567 καὶ
910 1514 1042 1568 πολὺ
1075 1515 1398 1587 κρειττόνως
1435 1516 1647 1585 πρῶτος
1682 1515 1783 1586 τῆς

256 1607 356 1660 κατ’
386 1604 653 1659 εὐσέϐειαν
683 1606 1031 1670 διδασκαλίας
1078 1610 1189 1671 τοῖς
1223 1608 1427 1671 λοιποῖς
1458 1606 1633 1661 ἔθνεσι
1683 1624 1783 1661 κα-

1893 513 2112 570 Nullum
2171 516 2337 587 igitur
2378 517 2574 571 borum
2616 517 2691 571 illi
2729 519 2962 574 similem
3009 518 3215 576 dixeris
3249 540 3262 578 :
3309 524 3460 593 atqui

1896 607 2072 663 Moses
2102 609 2170 663 de
2209 623 2319 663 uno
2362 607 2626 664 duntaxat
2667 618 2813 665 certe
2843 626 2908 666 ac
2943 610 3162 669 deﬁnite
3195 614 3460 685 loquitur.

1894 699 2193 764 Quemnam
2211 697 2374 768 igitur
2390 698 2553 752 alium
2575 696 2709 753 Mosi
2723 699 2955 755 similem
2976 700 3218 757 futurum
3236 705 3465 776 prophe-

1893 796 2002 844 tam
2032 790 2180 844 eanit
2208 791 2493 844 oraculum
2518 790 2669 854 illud,
2689 791 2796 846 nisi
2832 791 3166 849 Salvatorem
3196 805 3253 851 et
3280 796 3463 853 Domi-

1893 896 2021 934 num
2052 886 2296 935 nostrum
2316 877 2500 935 Jesum
2518 880 2793 936 Christum
2812 882 3132 950 lQuomodo
3154 896 3336 943 autem
3358 890 3462 945 hoc

1892 971 2093 1027 dictum
2112 973 2519 1043 sit,diligentius
2535 976 2888 1046 contemplari
2905 992 3125 1033 necesse
3137 977 3464 1039 est.Primus

1894 1063 2069 1121 Moses
2090 1067 2233 1134 genti
2261 1064 2500 1121 Judaica:
2521 1065 2760 1136 praefuit:
2782 1083 3017 1139 cumque
3039 1086 3134 1127 eos
3166 1073 3461 1144 deprehen—

1891 1157 2059 1213 disset
2084 1154 2354 1229 Egyptiis
2381 1160 2883 1229 superstitionibus,
2904 1163 3306 1235 multorumque
3336 1168 3462 1223 deo-

1892 1265 2011 1305 rum
2029 1251 2177 1305 cultu
2196 1251 2505 1320 implicitos,
2524 1252 2734 1321 primus
2751 1252 2820 1307 ab
2837 1254 2902 1308 iis
2920 1255 3041 1311 illos
3058 1256 3272 1321 avertit,
3291 1258 3464 1314 inevi-

1891 1342 2150 1396 tabilibus
2167 1343 2448 1413 suppliciis
2461 1343 2698 1397 cultores
2714 1343 3129 1401 simulacrorum
3153 1345 3455 1403 deterrens:

1888 1431 1992 1502 91
2025 1441 2078 1487 et
2128 1433 2336 1503 primus
2390 1435 2471 1489 eis
2525 1435 2850 1506 theologiam
2898 1437 3156 1501 ostendit,
3188 1453 3307 1493 eam
3341 1453 3462 1511 qua

1890 1526 2054 1580 unius
2076 1526 2439 1596 principatum
2463 1527 2642 1591 docet,
2668 1528 3031 1598 pmcepitque
3060 1536 3119 1583 ut
3150 1545 3316 1584 unum
3343 1532 3463 1601 cpi-

1891 1615 2044 1670 iicem
2098 1626 2481 1688 auctoremque
2530 1634 2709 1673 rerum
2761 1620 3003 1674 omnium
3035 1621 3275 1676 colerent
3306 1635 3319 1676 :
3348 1623 3462 1692 pri-

257 1695 497 1767 θηγήσατο
526 1698 621 1752 καὶ
661 1698 876 1770 πρῶτος
902 1699 1209 1771 ἀνατροπὴν
1234 1698 1335 1769 τῆς
1370 1698 1489 1753 καθ’
1525 1699 1652 1771 ὅλην
1683 1699 1782 1769 τὴν

1889 1726 2013 1765 mus
2052 1711 2216 1765 etiam
2271 1711 2536 1780 religiosae
2561 1711 2685 1766 vitae
2712 1712 2819 1767 illis
2846 1713 3241 1769 institutionem
3265 1730 3461 1785 quam-

254 1790 542 1859 οίκουμὲνην
591 1790 1029 1862 είδωλολατρείας
1084 1789 1404 1862 εἰργάσατοο
1462 1789 1675 1862 πρῶτός
1725 1807 1783 1844 τε

1889 1797 2010 1850 dam
2067 1797 2361 1866 disponens
2411 1806 2574 1868 atque
2632 1800 2939 1870 assignans,
2991 1803 3092 1872 piae
3147 1813 3462 1875 sanctasque

254 1881 332 1950 τήν
353 1881 459 1943 ἑνὸς
487 1880 580 1935 τοῦ
611 1880 994 1954 παμϐασιλέως
1023 1882 1155 1935 Θεοῦ
1181 1882 1381 1951 γνῶσίν
1411 1899 1470 1935 τε
1505 1883 1599 1936 καὶ
1629 1881 1784 1935 εὐσέ-

1889 1886 2198 1956 reipublicae
2229 1886 2338 1940 illis
2367 1898 2558 1941 auctor
2586 1897 2642 1942 et
2666 1889 2876 1957 primus
2899 1898 2953 1945 et
2976 1892 3128 1947 solus
3154 1895 3407 1963 apparuit
3439 1912 3455 1950 τ

254 1974 381 2027 ϐειαν
415 1976 573 2027 πᾶσιν
607 1973 914 2046 ἀνθρώποις
958 1973 1315 2046 προύϐάλετο,
1346 1974 1532 2028 καινοῦ
1574 1990 1633 2026 τε
1669 1972 1782 2043 βίου

251 2066 329 2118 καὶ
345 2065 601 2131 πολιτείας
626 2064 899 2120 θεοσεϐέσι
925 2065 1301 2138 προσηκούσης
1317 2066 1532 2136 πρῶτος
1551 2067 1784 2135 είσαγωο

250 2160 358 2227 γεῦς
393 2159 483 2211 καὶ
512 2158 807 2230 νομοθέτης
846 2158 1235 2212 ἀποδέδεικται.
1285 2158 1394 2212 Καὶ
1425 2159 1492 2211 τά
1536 2158 1697 2212 λοιπὰ
1726 2158 1783 2212 δὲ

247 2249 305 2303 τά
329 2252 442 2321 περὶ
465 2249 671 2322 κόσμου
709 2250 992 2318 γενέσεως,
1017 2250 1111 2302 καὶ
1134 2249 1200 2302 τὰ
1228 2251 1355 2321 περὶ
1383 2248 1556 2320 ψυχῆς
1583 2249 1783 2303 ἀθανα-

249 2340 369 2404 σίας,
394 2341 484 2394 καὶ
503 2342 604 2394 ὅσα
630 2341 764 2395 ἄλλα
795 2341 1055 2411 φιλόσοφα
1081 2341 1323 2411 δόγματα
1362 2341 1578 2413 πρῶτος
1616 2341 1784 2395 Μωῦ-

249 2428 332 2497 σῆς
358 2428 429 2500 τῷ
474 2428 744 2483 Ἰουδαίων
779 2429 1092 2502 παρέδωκεν
1136 2430 1312 2495 ἔθνει,
1343 2431 1514 2483 ταῦτα
1556 2429 1783 2501 θεοπρε-

245 2521 478 2592 πέστερον
510 2518 726 2593 πρῶτος
754 2525 864 2587 τοῖς
895 2523 1099 2588 λοιποῖς
1122 2522 1330 2577 ἔθνεσιν
1364 2519 1571 2593 Ἰησοῦς
1594 2525 1621 2576 ό
1650 2524 1784 2594 Χρι-

186 2616 191 2631 '
244 2609 349 2673 στὸς
395 2610 482 2665 διὰ
534 2611 643 2666 τῶν
686 2612 851 2667 αὐτοῦ
906 2611 1165 2685 μαθητῶν
1210 2611 1568 2682 κατήγγειλεν
1589 2627 1601 2643 ·
1642 2611 1783 2668 ὥστε

239 2701 453 2755 Μωῡσέα
495 2703 595 2775 μὲν
642 2703 867 2767 εἰκότως
900 2703 1116 2776 πρῶτον
1160 2704 1254 2758 καὶ
1301 2704 1458 2774 μόνον
1503 2702 1783 2767 εὐσεϐείας

1887 1976 2036 2046 atqui
2078 1974 2238 2031 Jesus
2264 1992 2480 2047 quoque
2507 1977 2762 2036 Christus
2791 1982 2936 2036 sicut
2969 1981 3145 2038 Moses
3175 1984 3453 2046 similiter,

1886 2081 1950 2141 ac
2007 2068 2176 2123 multo
2222 2067 2439 2139 quidem
2492 2072 2891 2130 excellentius:
2928 2074 3022 2143 qui
3078 2075 3287 2145 primus
3333 2074 3456 2145 ejus

1885 2157 2165 2219 doctrinae,
2221 2174 2344 2230 quae
2389 2175 2569 2215 veram
2615 2162 2929 2233 religionem
2966 2166 3203 2222 instituit
3234 2168 3460 2239 reliquis

1885 2249 2158 2319 gentibus,
2207 2259 2400 2304 auctor
2451 2258 2507 2305 et
2552 2255 2813 2323 magister
2856 2255 2980 2321 iuit,
3037 2263 3092 2311 et
3124 2257 3332 2327 primus
3360 2274 3460 2329 per

1885 2346 2054 2393 totum
2094 2347 2361 2394 terrarum
2394 2341 2578 2400 orbem
2631 2344 3048 2400 simulacrorum
3073 2349 3280 2402 cultum
3301 2361 3465 2403 ever~

1884 2430 1969 2492 tit,
2003 2429 2319 2500 primusque
2373 2429 2535 2486 unius
2588 2434 2832 2487 omnium
2872 2435 3016 2504 regis
3061 2434 3155 2491 Dei
3191 2437 3458 2508 cognitio.

1886 2536 2009 2576 nem
2059 2532 2114 2576 et
2168 2524 2525 2578 reverentiam
2576 2525 2789 2580 cunctis
2816 2527 3056 2581 ostendit
3096 2528 3409 2584 hominibus
3438 2566 3454 2594 ,

1884 2626 2145 2682 novaeque
2207 2614 2328 2668 vitae
2373 2629 2438 2669 ac
2488 2614 2593 2685 piis
2647 2616 2959 2673 hominibus
3013 2620 3452 2682 accommodate.

1884 2705 2195 2774 reipublicae
2224 2706 2435 2775 primus
2471 2705 2833 2772 introductor,
2853 2708 3094 2780 legisque
3115 2709 3254 2764 lator
3284 2712 3456 2766 exsti-

1884 2796 1968 2850 tit.
1995 2796 2075 2851 Ad
2112 2796 2245 2860 haec,
2274 2811 2335 2851 ea
2364 2811 2486 2867 qua:
2517 2795 2584 2852 de
2607 2798 2795 2852 mundi
2827 2809 2974 2865 ortu,
3007 2809 3062 2857 et
3088 2816 3210 2872 qua
3238 2801 3305 2856 de
3331 2804 3454 2857 ani-

1882 2902 1986 2944 me
2010 2887 2417 2943 immortalitate
2450 2887 2718 2956 feruntur,
2749 2890 2965 2962 aliaque
2996 2892 3180 2947 omnia
3223 2893 3460 2963 philoso-

1882 2980 2043 3052 phica
2090 2986 2358 3050 praecepta
2398 2996 2737 3053 quaecunque
2764 2982 3008 3052 ejusdem
3049 2992 3179 3038 sunt
3218 2986 3456 3055 generis,
3510 3006 3515 3009 -

1887 3077 2097 3146 primus
2130 3075 2308 3132 Moses
2338 3074 2647 3132 Iudaeorum
2682 3077 2904 3133 tradidit
2942 3073 3174 3131 nationi.
3201 3075 3305 3132 Sed
3339 3076 3456 3132 hinc

1888 3164 2059 3219 multo
2114 3151 2381 3234 divinius,
2449 3170 2658 3238 primus
2710 3171 2923 3224 caeteris
2988 3170 3241 3240 gentibus
3295 3166 3457 3223 Iesus

238 2791 510 2864 νομοθέτην
556 2793 953 2864 ἀνηγορεῦσθαι
995 2794 1287 2858 Ἰουδαίων,
1346 2792 1552 2863 Ἰησοῦν
1598 2793 1654 2848 δὲ
1688 2793 1783 2847 τὸν

237 2880 449 2952 Χριστὸν
471 2883 581 2937 τῶν
606 2883 774 2938 ἐθνῶν
797 2884 1068 2948 ἁπάντων,
1094 2882 1236 2938 κατά
1258 2882 1354 2955 τὴν
1381 2889 1628 2954 φήσασαν
1653 2882 1782 2954 περὶ

237 2973 385 3027 αὑτοῦ
413 2975 778 3047 προφητείαν
808 2997 825 3027 t
861 2975 1232 3046 Κατάστησον,
1262 2974 1454 3045 Κύριε,
1489 2974 1781 3047 νομοθέτην

234 3067 312 3119 ἐπ’
351 3067 578 3131 αὐτούς·
626 3065 919 3136 γνώτωσαν
965 3067 1112 3139 ἔθνη,
1153 3067 1234 3119 ὅτι
1266 3066 1538 3139 ἄνθρωποί
1580 3069 1703 3119 εἰσι.
1757 3086 1777 3120 ι

235 3157 384 3213 Πάλιν
400 3160 639 3232 Μωῦσῆς
658 3160 975 3231 θαυμασίοις
1002 3159 1182 3231 ἔργοις
1203 3160 1296 3213 καὶ
1317 3158 1785 3229 παραδοξοποιίαις

232 3251 319 3323 τὴν
348 3253 485 3323 πρὸς
532 3251 696 3305 αὐτοῦ
731 3250 1189 3319 καταγγελθεῐσαν
1234 3248 1512 3302 εὐσέϐειαν
1554 3246 1786 3300 {mattia-

236 3361 367 3399 σατο.
407 3344 688 3409 Ὡσαύτως
714 3345 771 3398 δὲ
809 3345 902 3397 κοῒ
929 3346 958 3397 ὁ
988 3343 1239 3414 Χριστὸς,
1269 3345 1389 3405 ταῖς
1417 3340 1784 3410 ἀναγράπτοις

233 3435 682 3509 θαυματουργίαις
713 3436 848 3507 πρὸς
879 3434 1059 3488 πίστιν
1090 3434 1197 3487 τῶν
1221 3432 1470 3505 ὁρώντων
1508 3429 1784 3503 κεχρημέ-

233 3546 329 3593 νος,
358 3530 428 3584 τά
472 3529 637 3583 καινά
683 3529 784 3598 τῆς
822 3527 1177 3598 εύαγγελικῆς
1227 3522 1569 3588 διδασκαλίας
1619 3518 1783 3578 αὑτοῦ

237 3621 515 3693 μαθήματα
542 3621 769 3693 σνντστή
778 3636 922 3673 σατο.
951 3618 1118 3672 Πάλιν
1133 3618 1367 3690 Μωΰσῆς
1383 3620 1448 3671 ἐκ
1474 3618 1671 3689 πικρᾶς
1686 3616 1787 3687 τῆς

235 3715 313 3767 ὑπ’
343 3714 662 3783 Αίγυπτίοις
682 3713 920 3776 δουλείας
948 3712 1009 3766 τὸ
1049 3711 1312 3765 Ἰουδαίων
1341 3709 1491 3773 ἔθνος
1520 3711 1598 3772 είς
1630 3709 1784 3762 ἐλευ-

236 3805 401 3878 θερίαν
445 3804 844 3876 μετεστήσατο·
889 3804 984 3857 καὶ
1031 3801 1237 3873 Ἰησοῦς
1279 3801 1336 3856 δὲ
1376 3803 1405 3854 δ
1443 3800 1679 3873 Χριστὸς
1720 3802 1788 3854 εκ

234 3897 322 3967 τῆς
345 3898 447 3950 ὑπὸ
473 3899 586 3959 τοῖς
617 3897 868 3966 πονηροῖς
906 3893 1120 3965 δαίμοσι
1157 3892 1447 3957 δυσσεϐοῦς
1486 3893 1580 3947 καὶ
1617 3894 1787 3963 Δίγυ-

236 3986 935 4060 πτιακῆςέίδωλολατρείας
979 3988 1057 4050 είς
1103 3985 1411 4058 ἐλευθερίαν
1457 3984 1520 4038 τὸ
1569 3986 1787 4040 πάντων

236 4075 522 4147 ἀνθρώπων
570 4076 725 4144 γένος
765 4074 1140 4130 ἀνεκαλέσατο.
1190 4076 1356 4130 Πάλιν
1396 4076 1636 4143 Μωῦσῆς
1681 4077 1787 4148 γῆν

238 4168 382 4236 ἁγίαν
422 4168 518 4222 καὶ
565 4165 786 4238 θεοφιλῆ
835 4167 946 4237 βίον
997 4170 1054 4220 ὲν
1096 4167 1268 4242 ταύτῃ
1312 4169 1405 4222 καὶ
1454 4168 1787 4241 μακαριστὸν

1887 3257 2140 3314 Christus
2174 3277 2268 3331 per
2298 3277 2428 3318 suos
2463 3261 2763 3334 discipulos
2787 3263 3201 3328 demonstravit,
3233 3270 3291 3317 ut
3324 3277 3460 3319 sane

1887 3351 2083 3407 merito
2136 3352 2338 3408 Mosem
2382 3355 2618 3425 primum
2676 3356 2964 3426 solumque
3004 3357 3222 3426 pietatis
3279 3355 3455 3426 legum

1887 3440 2110 3498 latorem
2159 3441 2469 3500 Iudaeorum
2522 3447 2793 3518 appellare
2849 3462 3063 3516 equum
3121 3448 3214 3510 sit,
3271 3445 3456 3502 Jesum

1889 3541 2070 3588 autem
2105 3534 2382 3591 Christum
2434 3538 2675 3610 gentium
2724 3539 3121 3601 universarum,
3154 3539 3296 3594 sicut
3330 3552 3460 3609 pro-

1888 3624 2070 3694 phetia
2095 3641 2216 3696 quae
2231 3626 2297 3681 de
2326 3628 2419 3684 illo
2453 3639 2556 3694 est,
2584 3630 2732 3685 canit
2769 3650 2781 3685 :
2823 3649 2842 3683 ι
2876 3631 3181 3694 Constitue,
3206 3628 3455 3696 Domine,

1892 3714 2254 3784 legislatorem
2311 3733 2477 3788 super
2531 3735 2649 3786 eos,
2706 3728 3007 3791 agnoscant
3061 3728 3250 3791 gentes
3310 3722 3456 3790 quod

1889 3807 2135 3863 homines
2157 3811 2396 3867 suum.»
2428 3808 2603 3868 Moses
2632 3820 2887 3882 praeterea
2916 3812 3085 3882 gestis
3118 3811 3459 3868 mirabilibus

1888 3908 1943 3954 et
1969 3901 2253 3972 prodigiis,
2289 3904 2600 3974 religionem
2630 3919 2659 3958 a
2694 3920 2753 3959 se
2782 3905 3087 3960 institutam
3115 3914 3169 3959 et
3200 3904 3455 3959 traditam

1891 3989 2250 4046 conﬁrmavit.
2303 3992 2489 4049 Itidem
2542 3992 2797 4050 Christus
2847 3995 2914 4050 iis
2968 3994 3283 4059 miraculis,
3334 4006 3459 4064 qua

1891 4082 2053 4137 etiam
2084 4085 2303 4155 scriptis
2336 4085 2534 4140 tradita
2562 4101 2688 4143 esse
2720 4101 2911 4142 omnes
2939 4087 3193 4141 novimus
3229 4085 3297 4141 ad
3327 4085 3460 4140 [ide-

1891 4173 2023 4227 lium
2049 4175 2371 4232 intuentium
2403 4193 2559 4243 usus,
2633 4177 2791 4235 novis
2836 4193 2949 4235 sua:
2995 4175 3260 4234 doctrinae
3293 4190 3464 4233 evan-

236 4262 333 4324 τσίς
364 4262 476 4314 τῶν
513 4260 692 4331 νόμων
734 4257 957 4329 φύλαξιν
996 4258 1388 4330 ὲπηγγείλατο’
1427 4261 1689 4325 ὡσαύτως
1728 4261 1784 4314 δὲ

1890 4265 2074 4335 gelicm
2132 4267 2440 4337 prast-eptis,
2500 4268 2852 4324 stabilitatem
2913 4282 2980 4323 ac
3040 4267 3458 4339 perpetuitatem

236 4351 315 4404 καὶ
365 4348 573 4421 Ἰησοῦς
604 4351 633 4402 ὁ
670 4348 920 4418 Χριστὸς,
960 4368 980 4402 ι
1027 4349 1324 4420 Μακάριοι,
1367 4369 1385 4402 ι
1433 4349 1618 4422 φησὶν,
1659 4369 1679 4403 t
1736 4351 1784 4404 oi

1892 4354 2157 4426 adjunxit.
2189 4356 2401 4412 Rursus
2424 4357 2602 4414 Moses
2628 4365 2844 4428 gentem
2878 4356 3162 4413 Iudaicam
3202 4357 3271 4411 ab
3316 4358 3462 4413 into-

237 4445 441 4515 πραεῖς,
478 4443 562 4495 ὅτι
605 4442 755 4496 αὐτοὶ
792 4441 1257 4514 κληρονομήσουσι
1299 4442 1397 4513 τὴν
1422 4443 1546 4512 γῆν.
1590 4462 1608 4495 ι
1642 4444 1784 4497 Πολὺ

1892 4444 2101 4499 lerahili
2151 4447 2433 4512 servitute,
2461 4463 2566 4518 qua
2597 4449 2666 4503 ab
2695 4446 2968 4520 Egyptiis
3004 4451 3370 4519 premebatur,
3400 4450 3459 4505 in

238 4534 507 4605 κρείττονα
548 4533 672 4604 γῆν,
695 4533 917 4604 ⁸ἀληθῶς
949 4536 1041 4588 καὶ
1075 4536 1232 4603 ἀγίαν
1271 4537 1366 4589 καὶ
1395 4534 1636 4607 θεοφιλῆ,
1666 4537 1784 4607 οὐχὶ

1892 4537 2195 4593 libertatem
2225 4540 2539 4596 vindicavit.
2559 4539 2808 4595 Christus
2840 4554 3079 4610 quoque,
3102 4553 3261 4594 omne
3285 4553 3458 4610 genus

238 4625 321 4697 τὴν
351 4627 444 4680 ἐπὶ
475 4626 580 4697 τῆς
628 4626 911 4690 Ἰουδαίας,
945 4628 1024 4680 ὅτι
1074 4628 1238 4699 μηδὲν
1278 4627 1379 4696 τῆς
1420 4627 1613 4697 λοιπῆς
1649 4628 1785 4701 αὕτη

235 4719 525 4791 διενήνοχεν
543 4757 558 4783 ,
591 4717 723 4771 ἀλλά
750 4718 848 4790 τὴν
877 4720 995 4772 κατ’
1031 4718 1256 4790 οὐρανὸν
1286 4717 1486 4788 ψυχαῖς
1524 4718 1790 4788 φιλοθέοις

236 4812 623 4883 προσήκουσαν,
653 4814 766 4875 τοῖς
802 4810 1120 4882 κατορθοῦσι
1156 4810 1246 4864 τὸν
1266 4812 1403 4883 πρὸς
1450 4813 1613 4865 αὐτοῦ
1653 4828 1788 4865 κατ-

234 4902 555 4973 ηγγελμένον
590 4901 701 4972 βίον
734 4902 1115 4972 ὑποσχόμενος.
1157 4903 1222 4956 ‘0
1261 4902 1325 4974 δὴ
1384 4902 1477 4955 καὶ
1511 4903 1789 4975 παριστὰς

236 4992 561 5067 λευκότερον,
599 4997 711 5059 τοῖς
755 4994 891 5065 πρὸς
931 4994 1094 5046 αὑτοῦ
1131 4993 1586 5066 μακαριζομένοις
1633 4994 1785 5064 βασι-

237 5086 369 5142 λείαν
409 5086 658 5160 οὐρανῶν
696 5087 1042 5158 κατήγγειλε.
1096 5087 1203 5140 Καὶ
1247 5085 1413 5149 ἄλλας
1460 5085 1517 5139 δὲ
1562 5085 1790 5156 πράξεις

241 5178 401 5252 εὕροις
440 5179 509 5234 ἂν
536 5179 642 5231 ὑπὸ
677 5177 769 5231 τοῦ
799 5177 1047 5248 Σωτῆρος
1075 5176 1230 5248 ἡμῶν
1266 5176 1535 5248 κρείττονι
1572 5175 1605 5249 ἢ
1647 5176 1788 5230 κατά

239 5271 457 5326 Μωῦσέα
479 5269 707 5341 δυνάμει
734 5269 1038 5338 γεγονυίας,
1073 5266 1454 5338 παραπλησίας
1486 5282 1550 5336 γε
1579 5267 1682 5339 μὴν
1700 5261 1788 5332 αἷς

240 5361 320 5414 καὶ
344 5361 373 5415 ὁ
395 5360 637 5427 Μωῡσῆς
662 5358 1002 5431 διεπράξατο.
1036 5352 1158 5411 υἷον
1189 5357 1263 5422 ὡς
1294 5360 1385 5411 ὲπὶ
1411 5358 1788 5430 παραδείγμα·

240 5464 333 5512 τος,
372 5448 616 5518 Μωῦσῆς
640 5444 833 5517 ἑφεξῆς
858 5445 1264 5518 τεσσαράκοντα
1292 5448 1501 5520 ἡμέρας
1535 5447 1788 5521 ἐνήστευ-

243 5554 336 5607 cev,
359 5541 432 5605 ὡς
454 5543 488 5613 ὴ
524 5540 719 5612 Γραφὴ
763 5540 1030 5610 μαρτυρεῖ
1057 5537 1288 5606 λέγουσα
1311 5556 1324 5570 ·
1367 5556 1384 5590 ι
1425 5540 1531 5593 Καὶ
1561 5534 1631 5609 ἦν
1676 5542 1793 5594 ἐκεῖ

296 5719 339 5752 ’⁸
363 5719 504 5776 Psal.
539 5734 620 5781 Ix,
654 5716 746 5770 2i.
816 5714 862 5746 ”
902 5713 1088 5768 Matth.
1122 5730 1177 5780 v,
1219 5716 1271 5772 4.

380 5818 544 5878 ΡΑτιι
557 5829 661 5873 οι..
706 5812 826 5872 Gtt.
860 5808 1057 5872 XX”.

1893 4627 2211 4695 humanum,
2249 4630 2317 4684 ab
2358 4630 2526 4701 impio
2567 4638 2729 4701 atque
2786 4629 3100 4700 Egyptiaco
3136 4628 3460 4685 simulacro.

1892 4733 2013 4773 rum
2042 4719 2212 4786 cultu,
2242 4736 2355 4791 quo
2397 4722 2500 4777 sub
2551 4722 2712 4778 malis
2765 4721 3102 4777 daemonibus
3153 4720 3456 4787 tenebatur,

1890 4813 2167 4866 revocavit
2209 4814 2274 4867 ad
2323 4813 2649 4870 libertatem.
2713 4813 2955 4884 Denique
3023 4812 3201 4867 Moses
3255 4820 3460 4867 terram

1891 4910 2159 4968 sanctam,
2213 4910 2267 4959 et
2303 4905 2359 4959 in
2414 4921 2479 4960 ea
2533 4906 2697 4959 vitam
2738 4905 2849 4959 Deo
2890 4914 3098 4975 gratam
3145 4911 3200 4959 et
3245 4903 3460 4958 beatam

1893 4993 1981 5059 iis,
2013 4995 2105 5064 qui
2155 4996 2300 5067 leges
2351 5006 2650 5063 servarent,
2704 4997 2976 5068 promisit.
3021 4995 3196 5050 Simili
3252 4997 3461 5051 ratione

1892 5084 2051 5142 Jesus
2076 5087 2353 5154 Christus,
2394 5108 2414 5141 ‹
2444 5090 2615 5155 Beati,
2640 5091 2837 5160 inquit,
2867 5089 3046 5152 mites,
3076 5087 3331 5156 quoniam
3358 5087 3462 5156 ipsi

1894 5179 2249 5246 possidebunt
2278 5187 2477 5234 terram
2494 5180 2561 5243 ”,
2602 5200 2621 5232 ι
2649 5180 2810 5250 longe
2836 5179 3025 5248 utique
3052 5176 3331 5231 meliorem
3359 5182 3464 5229 ter-

1892 5282 2030 5333 ram,
2066 5286 2301 5341 vereque
2354 5279 2600 5328 sanctam
2645 5287 2708 5327 ac
2752 5271 2861 5327 Deo
2910 5277 3143 5341 gratam,
3190 5281 3299 5321 non
3341 5280 3463 5321 eam

1894 5375 2014 5430 quae
2041 5369 2122 5417 est
2150 5363 2204 5417 in
2227 5362 2433 5429 Iudaea,
2459 5380 2581 5435 qua:
2604 5364 2763 5435 plane
2791 5380 2822 5418 a
2855 5361 3080 5431 reliquis
3101 5359 3238 5415 nihil
3263 5357 3463 5421 diﬂ‘ert,

1896 5451 1992 5507 sed
2034 5451 2129 5508 Dei
2169 5455 2523 5510 amatricibus
2555 5456 2608 5510 in
2640 5456 2781 5510 etnlo
2809 5453 3100 5509 animabus
3136 5449 3466 5506 convenien-

1896 5551 2024 5611 tem,
2054 5542 2162 5616 92
2195 5545 2263 5603 iis
2309 5546 2403 5618 qui
2440 5547 2656 5604 vivendi
2708 5548 2977 5605 rationem
3031 5560 3065 5601 a
3121 5558 3180 5600 se
3232 5540 3465 5612 POSil-“m

3152 5814 3187 5869 6
