  <div class='ocr_page' id='page_1' title='image "/cluster/home/n/w/nwhite01/storage/ocr_20150623/22/mdp.39015078384388/093.png"; bbox 0 0 3942 6258; ppageno 0'>
   <div class='ocr_carea' id='block_1_1' title="bbox 486 276 581 329">
    <p class='ocr_par' dir='ltr' id='par_1_1' title="bbox 486 276 581 329">
     <span class='ocr_line' id='line_1_1' title="bbox 486 276 581 329; baseline 0 0"><span class='ocrx_word' id='word_1_1' title='bbox 486 276 581 329; x_wconf 76' lang='lat' dir='ltr'><strong>I7!</strong></span> 
     </span>
    </p>
   </div>
   <div class='ocr_carea' id='block_1_2' title="bbox 1125 269 3068 334">
    <p class='ocr_par' dir='ltr' id='par_1_2' title="bbox 1125 269 3068 334">
     <span class='ocr_line' id='line_1_2' title="bbox 1125 269 3068 334; baseline 0.002 -9"><span class='ocrx_word' id='word_1_2' title='bbox 1125 270 1401 327; x_wconf 74' lang='lat' dir='ltr'><strong>EUSEBII.</strong></span> <span class='ocrx_word' id='word_1_3' title='bbox 1428 269 1911 334; x_wconf 63' lang='lat' dir='ltr'><strong>CESARIENSIS</strong></span> <span class='ocrx_word' id='word_1_4' title='bbox 1943 269 2093 326; x_wconf 91' lang='lat' dir='ltr'><strong>OPP.</strong></span> <span class='ocrx_word' id='word_1_5' title='bbox 2137 270 2317 326; x_wconf 76' lang='lat' dir='ltr'><strong>PARS</strong></span> <span class='ocrx_word' id='word_1_6' title='bbox 2356 270 2418 326; x_wconf 93' lang='lat' dir='ltr'><strong>II.</strong></span> <span class='ocrx_word' id='word_1_7' title='bbox 2466 301 2533 311; x_wconf 89' lang='lat'><strong>-—</strong></span> <span class='ocrx_word' id='word_1_8' title='bbox 2572 271 3068 330; x_wconf 81' lang='lat' dir='ltr'><strong>APOLOGETICA.</strong></span> 
     </span>
    </p>
   </div>
   <div class='ocr_carea' id='block_1_3' title="bbox 3592 285 3686 341">
    <p class='ocr_par' dir='ltr' id='par_1_3' title="bbox 3592 285 3686 341">
     <span class='ocr_line' id='line_1_3' title="bbox 3592 285 3686 341; baseline 0.032 -3"><span class='ocrx_word' id='word_1_9' title='bbox 3592 285 3686 341; x_wconf 69' lang='grc'><strong>172</strong></span> 
     </span>
    </p>
   </div>
   <div class='ocr_carea' id='block_1_4' title="bbox 475 388 2032 465">
    <p class='ocr_par' dir='ltr' id='par_1_4' title="bbox 475 388 2032 461">
     <span class='ocr_line' id='line_1_4' title="bbox 475 388 2032 461; baseline 0 -17"><span class='ocrx_word' id='word_1_10' title='bbox 475 392 632 461; x_wconf 87' lang='lat' dir='ltr'><strong>plene</strong></span> <span class='ocrx_word' id='word_1_11' title='bbox 662 388 1090 452; x_wconf 88' lang='lat' dir='ltr'><strong>observaverint,</strong></span> <span class='ocrx_word' id='word_1_12' title='bbox 1123 389 1420 461; x_wconf 75' lang='lat' dir='ltr'><strong>pollicitus.</strong></span> <span class='ocrx_word' id='word_1_13' title='bbox 1450 388 1605 455; x_wconf 85' lang='lat' dir='ltr'><strong>Quod</strong></span> <span class='ocrx_word' id='word_1_14' title='bbox 1636 390 1853 459; x_wconf 97' lang='lat' dir='ltr'><strong>quidem</strong></span> <span class='ocrx_word' id='word_1_15' title='bbox 1883 405 2032 459; x_wconf 89' lang='lat' dir='ltr'><strong>aper-</strong></span> 
     </span>
    </p>
   </div>
   <div class='ocr_carea' id='block_1_5' title="bbox 2132 388 3679 465">
    <p class='ocr_par' dir='ltr' id='par_1_5' title="bbox 2142 390 3679 465">
     <span class='ocr_line' id='line_1_5' title="bbox 2142 390 3679 465; baseline 0.001 -21"><span class='ocrx_word' id='word_1_16' title='bbox 2142 391 2380 460; x_wconf 82' lang='grc' dir='ltr'>Μωῦσῆς</span> <span class='ocrx_word' id='word_1_17' title='bbox 2403 390 2578 443; x_wconf 77' lang='grc' dir='ltr'><strong>ἔναντι</strong></span> <span class='ocrx_word' id='word_1_18' title='bbox 2602 392 2801 462; x_wconf 81' lang='grc' dir='ltr'>Κυρίου</span> <span class='ocrx_word' id='word_1_19' title='bbox 2819 392 3218 463; x_wconf 85' lang='grc' dir='ltr'>τεσσαράκοντα</span> <span class='ocrx_word' id='word_1_20' title='bbox 3237 394 3268 463; x_wconf 76' lang='grc' dir='ltr'>ἡ</span> <span class='ocrx_word' id='word_1_21' title='bbox 3276 392 3341 463; x_wconf 86' lang='grc' dir='ltr'><strong>μέ</strong></span> <span class='ocrx_word' id='word_1_22' title='bbox 3350 408 3444 465; x_wconf 86' lang='grc' dir='ltr'><strong>ρας</strong></span> <span class='ocrx_word' id='word_1_23' title='bbox 3471 400 3556 453; x_wconf 79' lang='grc' dir='ltr'>καὶ</span> <span class='ocrx_word' id='word_1_24' title='bbox 3570 417 3679 455; x_wconf 80' lang='grc' dir='ltr'><strong>τεσ.</strong></span> 
     </span>
    </p>
   </div>
   <div class='ocr_carea' id='block_1_6' title="bbox 473 481 2036 553">
    <p class='ocr_par' dir='ltr' id='par_1_6' title="bbox 473 481 2036 553">
     <span class='ocr_line' id='line_1_6' title="bbox 473 481 2036 553; baseline 0 -17"><span class='ocrx_word' id='word_1_25' title='bbox 473 485 582 539; x_wconf 88' lang='lat' dir='ltr'><strong>tius</strong></span> <span class='ocrx_word' id='word_1_26' title='bbox 616 481 863 538; x_wconf 90' lang='lat' dir='ltr'><strong>indicans</strong></span> <span class='ocrx_word' id='word_1_27' title='bbox 891 482 979 546; x_wconf 89' lang='lat' dir='ltr'><strong>iis,</strong></span> <span class='ocrx_word' id='word_1_28' title='bbox 1007 497 1145 553; x_wconf 89' lang='lat' dir='ltr'><strong>quos</strong></span> <span class='ocrx_word' id='word_1_29' title='bbox 1178 482 1318 553; x_wconf 90' lang='lat' dir='ltr'><strong>apud</strong></span> <span class='ocrx_word' id='word_1_30' title='bbox 1349 498 1407 536; x_wconf 92' lang='lat' dir='ltr'><strong>se</strong></span> <span class='ocrx_word' id='word_1_31' title='bbox 1434 484 1619 538; x_wconf 89' lang='lat' dir='ltr'><strong>beatos</strong></span> <span class='ocrx_word' id='word_1_32' title='bbox 1657 482 1869 537; x_wconf 85' lang='lat' dir='ltr'><strong>futuros</strong></span> <span class='ocrx_word' id='word_1_33' title='bbox 1900 497 2036 552; x_wconf 68' lang='lat' dir='ltr'><strong>pra:—</strong></span> 
     </span>
    </p>
   </div>
   <div class='ocr_carea' id='block_1_7' title="bbox 470 571 2036 645">
    <p class='ocr_par' dir='ltr' id='par_1_7' title="bbox 470 571 2036 645">
     <span class='ocr_line' id='line_1_7' title="bbox 470 571 2036 645; baseline -0.002 -14"><span class='ocrx_word' id='word_1_34' title='bbox 470 575 702 640; x_wconf 84' lang='lat' dir='ltr'><strong>dicabat,</strong></span> <span class='ocrx_word' id='word_1_35' title='bbox 716 590 943 645; x_wconf 74' lang='lat' dir='ltr'><strong>regnum</strong></span> <span class='ocrx_word' id='word_1_36' title='bbox 973 575 1235 630; x_wconf 67' lang='lat' dir='ltr'><strong>caelorum</strong></span> <span class='ocrx_word' id='word_1_37' title='bbox 1260 573 1569 644; x_wconf 74' lang='lat' dir='ltr'><strong>appellavit.</strong></span> <span class='ocrx_word' id='word_1_38' title='bbox 1590 571 1881 635; x_wconf 72' lang='lat' dir='ltr'><strong>Caeterum,</strong></span> <span class='ocrx_word' id='word_1_39' title='bbox 1901 573 2036 628; x_wconf 88' lang='lat' dir='ltr'><strong>alias</strong></span> 
     </span>
    </p>
   </div>
   <div class='ocr_carea' id='block_1_8' title="bbox 469 663 2037 736">
    <p class='ocr_par' dir='ltr' id='par_1_8' title="bbox 469 663 2037 736">
     <span class='ocr_line' id='line_1_8' title="bbox 469 663 2037 736; baseline -0.003 -15"><span class='ocrx_word' id='word_1_40' title='bbox 469 681 687 736; x_wconf 88' lang='lat' dir='ltr'><strong>quoque</strong></span> <span class='ocrx_word' id='word_1_41' title='bbox 716 682 805 721; x_wconf 85' lang='lat' dir='ltr'><strong>res</strong></span> <span class='ocrx_word' id='word_1_42' title='bbox 836 680 865 718; x_wconf 92' lang='lat' dir='ltr'><strong>a</strong></span> <span class='ocrx_word' id='word_1_43' title='bbox 895 663 1175 719; x_wconf 87' lang='lat' dir='ltr'><strong>Salvatore</strong></span> <span class='ocrx_word' id='word_1_44' title='bbox 1198 672 1387 720; x_wconf 84' lang='lat' dir='ltr'><strong>nostro</strong></span> <span class='ocrx_word' id='word_1_45' title='bbox 1410 674 1590 734; x_wconf 79' lang='lat' dir='ltr'><strong>gestas</strong></span> <span class='ocrx_word' id='word_1_46' title='bbox 1620 665 1879 729; x_wconf 84' lang='lat' dir='ltr'><strong>invenies,</strong></span> <span class='ocrx_word' id='word_1_47' title='bbox 1917 679 2037 733; x_wconf 65' lang='lat' dir='ltr'><strong>qua:</strong></span> 
     </span>
    </p>
   </div>
   <div class='ocr_carea' id='block_1_9' title="bbox 470 755 2033 829">
    <p class='ocr_par' dir='ltr' id='par_1_9' title="bbox 470 755 2033 829">
     <span class='ocr_line' id='line_1_9' title="bbox 470 755 2033 829; baseline -0.003 -16"><span class='ocrx_word' id='word_1_48' title='bbox 470 761 671 814; x_wconf 88' lang='lat' dir='ltr'><strong>virtute</strong></span> <span class='ocrx_word' id='word_1_49' title='bbox 717 760 874 829; x_wconf 82' lang='lat' dir='ltr'><strong>longe</strong></span> <span class='ocrx_word' id='word_1_50' title='bbox 914 759 1263 828; x_wconf 61' lang='lat' dir='ltr'><strong>praestiterint</strong></span> <span class='ocrx_word' id='word_1_51' title='bbox 1302 757 1390 821; x_wconf 90' lang='lat' dir='ltr'><strong>iis,</strong></span> <span class='ocrx_word' id='word_1_52' title='bbox 1429 772 1565 827; x_wconf 87' lang='lat' dir='ltr'><strong>quas</strong></span> <span class='ocrx_word' id='word_1_53' title='bbox 1617 755 1791 811; x_wconf 87' lang='lat' dir='ltr'><strong>Moses</strong></span> <span class='ocrx_word' id='word_1_54' title='bbox 1843 756 2033 819; x_wconf 89' lang='lat' dir='ltr'><strong>edidit,</strong></span> 
     </span>
    </p>
   </div>
   <div class='ocr_carea' id='block_1_10' title="bbox 470 847 2038 920">
    <p class='ocr_par' dir='ltr' id='par_1_10' title="bbox 470 847 2038 920">
     <span class='ocr_line' id='line_1_10' title="bbox 470 847 2038 920; baseline -0.003 -16"><span class='ocrx_word' id='word_1_55' title='bbox 470 865 716 920; x_wconf 81' lang='lat' dir='ltr'><strong>magnam</strong></span> <span class='ocrx_word' id='word_1_56' title='bbox 752 857 930 904; x_wconf 89' lang='lat' dir='ltr'><strong>tamen</strong></span> <span class='ocrx_word' id='word_1_57' title='bbox 962 866 1086 905; x_wconf 85' lang='lat' dir='ltr'><strong>cum</strong></span> <span class='ocrx_word' id='word_1_58' title='bbox 1119 849 1375 904; x_wconf 84' lang='lat' dir='ltr'><strong>Mosaicis</strong></span> <span class='ocrx_word' id='word_1_59' title='bbox 1416 849 1524 904; x_wconf 83' lang='lat' dir='ltr'><strong>illis</strong></span> <span class='ocrx_word' id='word_1_60' title='bbox 1557 850 1814 903; x_wconf 82' lang='lat' dir='ltr'><strong>habentes</strong></span> <span class='ocrx_word' id='word_1_61' title='bbox 1846 847 2038 901; x_wconf 88' lang='lat' dir='ltr'><strong>simili-</strong></span> 
     </span>
    </p>
   </div>
   <div class='ocr_carea' id='block_1_11' title="bbox 471 939 2036 1012">
    <p class='ocr_par' dir='ltr' id='par_1_11' title="bbox 471 939 2036 1012">
     <span class='ocr_line' id='line_1_11' title="bbox 471 939 2036 1012; baseline -0.001 -18"><span class='ocrx_word' id='word_1_62' title='bbox 471 943 733 996; x_wconf 82' lang='lat' dir='ltr'><strong>tudinem.</strong></span> <span class='ocrx_word' id='word_1_63' title='bbox 768 941 1011 1012; x_wconf 80' lang='lat' dir='ltr'><strong>Exempli</strong></span> <span class='ocrx_word' id='word_1_64' title='bbox 1036 942 1209 1012; x_wconf 79' lang='lat' dir='ltr'><strong>gratia</strong></span> <span class='ocrx_word' id='word_1_65' title='bbox 1251 960 1264 996; x_wconf 90' lang='lat'><strong>:</strong></span> <span class='ocrx_word' id='word_1_66' title='bbox 1298 941 1475 995; x_wconf 80' lang='lat' dir='ltr'><strong>Moses</strong></span> <span class='ocrx_word' id='word_1_67' title='bbox 1507 948 1652 994; x_wconf 84' lang='lat' dir='ltr'><strong>totos</strong></span> <span class='ocrx_word' id='word_1_68' title='bbox 1675 939 2036 1009; x_wconf 78' lang='lat' dir='ltr'><strong>quadraginta</strong></span> 
     </span>
    </p>
   </div>
   <div class='ocr_carea' id='block_1_12' title="bbox 470 1031 2037 1102">
    <p class='ocr_par' dir='ltr' id='par_1_12' title="bbox 470 1031 2037 1102">
     <span class='ocr_line' id='line_1_12' title="bbox 470 1031 2037 1102; baseline -0.003 -15"><span class='ocrx_word' id='word_1_69' title='bbox 470 1033 586 1087; x_wconf 85' lang='lat' dir='ltr'><strong>dies</strong></span> <span class='ocrx_word' id='word_1_70' title='bbox 617 1033 835 1102; x_wconf 84' lang='lat' dir='ltr'><strong>jejunus</strong></span> <span class='ocrx_word' id='word_1_71' title='bbox 879 1032 997 1087; x_wconf 83' lang='lat' dir='ltr'><strong>fuit.</strong></span> <span class='ocrx_word' id='word_1_72' title='bbox 1028 1032 1161 1085; x_wconf 83' lang='lat' dir='ltr'><strong>Nam</strong></span> <span class='ocrx_word' id='word_1_73' title='bbox 1195 1031 1477 1101; x_wconf 84' lang='lat' dir='ltr'><strong>Scriptura</strong></span> <span class='ocrx_word' id='word_1_74' title='bbox 1518 1031 1620 1086; x_wconf 90' lang='lat' dir='ltr'><strong>hoc</strong></span> <span class='ocrx_word' id='word_1_75' title='bbox 1663 1032 1741 1085; x_wconf 89' lang='lat' dir='ltr'><strong>illi</strong></span> <span class='ocrx_word' id='word_1_76' title='bbox 1800 1031 2037 1086; x_wconf 84' lang='lat' dir='ltr'><strong>testimo-</strong></span> 
     </span>
    </p>
   </div>
   <div class='ocr_carea' id='block_1_13' title="bbox 470 1122 2034 1194">
    <p class='ocr_par' dir='ltr' id='par_1_13' title="bbox 470 1122 2034 1194">
     <span class='ocr_line' id='line_1_13' title="bbox 470 1122 2034 1194; baseline -0.003 -14"><span class='ocrx_word' id='word_1_77' title='bbox 470 1126 618 1180; x_wconf 88' lang='lat' dir='ltr'><strong>nium</strong></span> <span class='ocrx_word' id='word_1_78' title='bbox 652 1125 885 1189; x_wconf 79' lang='lat' dir='ltr'><strong>exhibet,</strong></span> <span class='ocrx_word' id='word_1_79' title='bbox 921 1142 941 1175; x_wconf 78' lang='grc' dir='ltr'><strong>ι</strong></span> <span class='ocrx_word' id='word_1_80' title='bbox 982 1133 1036 1179; x_wconf 87' lang='lat' dir='ltr'><strong>et</strong></span> <span class='ocrx_word' id='word_1_81' title='bbox 1066 1124 1186 1187; x_wconf 92' lang='lat' dir='ltr'><strong>fuit,</strong></span> <span class='ocrx_word' id='word_1_82' title='bbox 1227 1125 1424 1194; x_wconf 86' lang='lat' dir='ltr'><strong>inquit,</strong></span> <span class='ocrx_word' id='word_1_83' title='bbox 1459 1123 1636 1178; x_wconf 84' lang='lat' dir='ltr'><strong>Moses</strong></span> <span class='ocrx_word' id='word_1_84' title='bbox 1668 1125 1780 1177; x_wconf 90' lang='lat' dir='ltr'><strong>illic</strong></span> <span class='ocrx_word' id='word_1_85' title='bbox 1810 1122 1864 1176; x_wconf 91' lang='lat' dir='ltr'><strong>in</strong></span> <span class='ocrx_word' id='word_1_86' title='bbox 1898 1138 2034 1176; x_wconf 87' lang='lat' dir='ltr'><strong>con-</strong></span> 
     </span>
    </p>
   </div>
   <div class='ocr_carea' id='block_1_14' title="bbox 470 1211 2034 1284">
    <p class='ocr_par' dir='ltr' id='par_1_14' title="bbox 470 1211 2034 1284">
     <span class='ocr_line' id='line_1_14' title="bbox 470 1211 2034 1284; baseline -0.003 -14"><span class='ocrx_word' id='word_1_87' title='bbox 470 1226 657 1284; x_wconf 87' lang='lat' dir='ltr'><strong>spectu</strong></span> <span class='ocrx_word' id='word_1_88' title='bbox 714 1213 946 1267; x_wconf 88' lang='lat' dir='ltr'><strong>Domini.</strong></span> <span class='ocrx_word' id='word_1_89' title='bbox 992 1213 1357 1283; x_wconf 79' lang='lat' dir='ltr'><strong>Quadraginta</strong></span> <span class='ocrx_word' id='word_1_90' title='bbox 1411 1214 1529 1268; x_wconf 90' lang='lat' dir='ltr'><strong>dies</strong></span> <span class='ocrx_word' id='word_1_91' title='bbox 1572 1220 1625 1267; x_wconf 90' lang='lat' dir='ltr'><strong>et</strong></span> <span class='ocrx_word' id='word_1_92' title='bbox 1676 1211 2034 1282; x_wconf 81' lang='lat' dir='ltr'><strong>quadraginta</strong></span> 
     </span>
    </p>
   </div>
   <div class='ocr_carea' id='block_1_15' title="bbox 470 1301 2029 1372">
    <p class='ocr_par' dir='ltr' id='par_1_15' title="bbox 470 1301 2029 1372">
     <span class='ocr_line' id='line_1_15' title="bbox 470 1301 2029 1372; baseline -0.003 -15"><span class='ocrx_word' id='word_1_93' title='bbox 470 1313 660 1358; x_wconf 88' lang='lat' dir='ltr'><strong>noctes</strong></span> <span class='ocrx_word' id='word_1_94' title='bbox 714 1317 907 1372; x_wconf 89' lang='lat' dir='ltr'><strong>panem</strong></span> <span class='ocrx_word' id='word_1_95' title='bbox 959 1318 1066 1355; x_wconf 92' lang='lat' dir='ltr'><strong>non</strong></span> <span class='ocrx_word' id='word_1_96' title='bbox 1112 1302 1244 1365; x_wconf 89' lang='lat' dir='ltr'><strong>edit,</strong></span> <span class='ocrx_word' id='word_1_97' title='bbox 1280 1308 1333 1357; x_wconf 92' lang='lat' dir='ltr'><strong>et</strong></span> <span class='ocrx_word' id='word_1_98' title='bbox 1366 1317 1563 1371; x_wconf 85' lang='lat' dir='ltr'><strong>aquam</strong></span> <span class='ocrx_word' id='word_1_99' title='bbox 1608 1317 1717 1356; x_wconf 90' lang='lat' dir='ltr'><strong>non</strong></span> <span class='ocrx_word' id='word_1_100' title='bbox 1770 1301 1976 1355; x_wconf 65' lang='lat' dir='ltr'><strong>bibit‘:</strong></span> <span class='ocrx_word' id='word_1_101' title='bbox 2009 1319 2029 1353; x_wconf 72' lang='grc' dir='ltr'><strong>ι</strong></span> 
     </span>
    </p>
   </div>
   <div class='ocr_carea' id='block_1_16' title="bbox 441 1390 2029 1462">
    <p class='ocr_par' dir='ltr' id='par_1_16' title="bbox 441 1390 2029 1462">
     <span class='ocr_line' id='line_1_16' title="bbox 441 1390 2029 1462; baseline -0.001 -14"><span class='ocrx_word' id='word_1_102' title='bbox 441 1390 655 1448; x_wconf 76' lang='grc' dir='ltr'>’ἱῑίιιοῐη</span> <span class='ocrx_word' id='word_1_103' title='bbox 702 1395 863 1448; x_wconf 89' lang='lat' dir='ltr'><strong>etiam</strong></span> <span class='ocrx_word' id='word_1_104' title='bbox 901 1392 1180 1448; x_wconf 85' lang='lat' dir='ltr'><strong>Christus.</strong></span> <span class='ocrx_word' id='word_1_105' title='bbox 1214 1392 1424 1447; x_wconf 86' lang='lat' dir='ltr'><strong>Etenim</strong></span> <span class='ocrx_word' id='word_1_106' title='bbox 1470 1393 1550 1448; x_wconf 92' lang='lat' dir='ltr'><strong>sic</strong></span> <span class='ocrx_word' id='word_1_107' title='bbox 1596 1393 1859 1462; x_wconf 88' lang='lat' dir='ltr'><strong>scriptum</strong></span> <span class='ocrx_word' id='word_1_108' title='bbox 1901 1399 2029 1447; x_wconf 88' lang='lat' dir='ltr'><strong>est:</strong></span> 
     </span>
    </p>
   </div>
   <div class='ocr_carea' id='block_1_17' title="bbox 475 1468 2039 1554">
    <p class='ocr_par' dir='ltr' id='par_1_17' title="bbox 475 1468 2039 1554">
     <span class='ocr_line' id='line_1_17' title="bbox 475 1468 2039 1554; baseline 0.001 -19"><span class='ocrx_word' id='word_1_109' title='bbox 475 1503 492 1535; x_wconf 79' lang='grc' dir='ltr'><strong>ι</strong></span> <span class='ocrx_word' id='word_1_110' title='bbox 528 1497 581 1540; x_wconf 86' lang='lat' dir='ltr'><strong>et</strong></span> <span class='ocrx_word' id='word_1_111' title='bbox 611 1468 869 1554; x_wconf 52' lang='lat' dir='ltr'><strong>agebatur</strong></span> <span class='ocrx_word' id='word_1_112' title='bbox 905 1484 960 1538; x_wconf 91' lang='lat' dir='ltr'><strong>in</strong></span> <span class='ocrx_word' id='word_1_113' title='bbox 986 1483 1262 1540; x_wconf 89' lang='lat' dir='ltr'><strong>desertum</strong></span> <span class='ocrx_word' id='word_1_114' title='bbox 1293 1485 1647 1554; x_wconf 83' lang='lat' dir='ltr'><strong>quadraginta</strong></span> <span class='ocrx_word' id='word_1_115' title='bbox 1678 1482 1816 1548; x_wconf 91' lang='lat' dir='ltr'><strong>dies,</strong></span> <span class='ocrx_word' id='word_1_116' title='bbox 1847 1490 1902 1537; x_wconf 92' lang='lat' dir='ltr'><strong>et</strong></span> <span class='ocrx_word' id='word_1_117' title='bbox 1924 1490 2039 1536; x_wconf 85' lang='lat' dir='ltr'><strong>ten-</strong></span> 
     </span>
    </p>
   </div>
   <div class='ocr_carea' id='block_1_18' title="bbox 469 1573 2030 1642">
    <p class='ocr_par' dir='ltr' id='par_1_18' title="bbox 469 1573 2030 1642">
     <span class='ocr_line' id='line_1_18' title="bbox 469 1573 2030 1642; baseline -0.003 -13"><span class='ocrx_word' id='word_1_118' title='bbox 469 1576 688 1629; x_wconf 86' lang='lat' dir='ltr'><strong>tabatur</strong></span> <span class='ocrx_word' id='word_1_119' title='bbox 707 1590 736 1627; x_wconf 90' lang='lat' dir='ltr'><strong>a</strong></span> <span class='ocrx_word' id='word_1_120' title='bbox 760 1575 1066 1642; x_wconf 88' lang='lat' dir='ltr'><strong>diabolo,et</strong></span> <span class='ocrx_word' id='word_1_121' title='bbox 1086 1576 1223 1629; x_wconf 85' lang='lat' dir='ltr'><strong>nihil</strong></span> <span class='ocrx_word' id='word_1_122' title='bbox 1245 1575 1481 1629; x_wconf 88' lang='lat' dir='ltr'><strong>comedit</strong></span> <span class='ocrx_word' id='word_1_123' title='bbox 1517 1574 1570 1627; x_wconf 91' lang='lat' dir='ltr'><strong>in</strong></span> <span class='ocrx_word' id='word_1_124' title='bbox 1598 1573 1790 1629; x_wconf 87' lang='lat' dir='ltr'><strong>diebus</strong></span> <span class='ocrx_word' id='word_1_125' title='bbox 1820 1573 1979 1628; x_wconf 77' lang='lat' dir='ltr'><strong>illis’.</strong></span> <span class='ocrx_word' id='word_1_126' title='bbox 2011 1593 2030 1624; x_wconf 73' lang='grc' dir='ltr'><strong>ι</strong></span> 
     </span>
    </p>
   </div>
   <div class='ocr_carea' id='block_1_19' title="bbox 467 1665 2030 1737">
    <p class='ocr_par' dir='ltr' id='par_1_19' title="bbox 467 1665 2030 1737">
     <span class='ocr_line' id='line_1_19' title="bbox 467 1665 2030 1737; baseline 0 -18"><span class='ocrx_word' id='word_1_127' title='bbox 467 1665 682 1722; x_wconf 79' lang='lat' dir='ltr'><strong>Rursus</strong></span> <span class='ocrx_word' id='word_1_128' title='bbox 717 1665 893 1720; x_wconf 83' lang='lat' dir='ltr'><strong>Moses</strong></span> <span class='ocrx_word' id='word_1_129' title='bbox 925 1667 978 1720; x_wconf 89' lang='lat' dir='ltr'><strong>in</strong></span> <span class='ocrx_word' id='word_1_130' title='bbox 1003 1665 1218 1720; x_wconf 90' lang='lat' dir='ltr'><strong>deserto</strong></span> <span class='ocrx_word' id='word_1_131' title='bbox 1255 1666 1507 1720; x_wconf 89' lang='lat' dir='ltr'><strong>alimenta</strong></span> <span class='ocrx_word' id='word_1_132' title='bbox 1550 1666 1748 1737; x_wconf 88' lang='lat' dir='ltr'><strong>populo</strong></span> <span class='ocrx_word' id='word_1_133' title='bbox 1780 1667 2030 1736; x_wconf 69' lang='lat' dir='ltr'><strong>praebuit.</strong></span> 
     </span>
    </p>
   </div>
   <div class='ocr_carea' id='block_1_20' title="bbox 2139 482 3680 562">
    <p class='ocr_par' dir='ltr' id='par_1_20' title="bbox 2139 482 3680 562">
     <span class='ocr_line' id='line_1_20' title="bbox 2139 482 3680 562; baseline 0.008 -29"><span class='ocrx_word' id='word_1_134' title='bbox 2139 482 2445 552; x_wconf 83' lang='grc' dir='ltr'>σαράκοντα</span> <span class='ocrx_word' id='word_1_135' title='bbox 2482 485 2711 546; x_wconf 89' lang='grc' dir='ltr'>νύκτας,</span> <span class='ocrx_word' id='word_1_136' title='bbox 2747 484 2909 556; x_wconf 78' lang='grc' dir='ltr'>ἄρτον</span> <span class='ocrx_word' id='word_1_137' title='bbox 2938 484 3036 537; x_wconf 84' lang='grc' dir='ltr'>οὐκ</span> <span class='ocrx_word' id='word_1_138' title='bbox 3064 483 3261 553; x_wconf 77' lang='grc' dir='ltr'>ἔφαγε,</span> <span class='ocrx_word' id='word_1_139' title='bbox 3290 486 3384 538; x_wconf 81' lang='grc' dir='ltr'>καὶ</span> <span class='ocrx_word' id='word_1_140' title='bbox 3421 487 3556 562; x_wconf 79' lang='grc' dir='ltr'>ὕδωρ</span> <span class='ocrx_word' id='word_1_141' title='bbox 3589 496 3680 549; x_wconf 75' lang='grc' dir='ltr'>οὐκ</span> 
     </span>
    </p>
   </div>
   <div class='ocr_carea' id='block_1_21' title="bbox 2137 572 3678 650">
    <p class='ocr_par' dir='ltr' id='par_1_21' title="bbox 2137 572 3678 650">
     <span class='ocr_line' id='line_1_21' title="bbox 2137 572 3678 650; baseline 0.008 -25"><span class='ocrx_word' id='word_1_142' title='bbox 2137 572 2308 625; x_wconf 80' lang='grc' dir='ltr'><strong>ἔπιεν.</strong></span> <span class='ocrx_word' id='word_1_143' title='bbox 2363 592 2381 623; x_wconf 72' lang='grc' dir='ltr'><strong>ι</strong></span> <span class='ocrx_word' id='word_1_144' title='bbox 2448 572 2715 635; x_wconf 79' lang='grc' dir='ltr'><strong>Ὡσαύτως</strong></span> <span class='ocrx_word' id='word_1_145' title='bbox 2766 572 2820 625; x_wconf 85' lang='grc' dir='ltr'>δὲ</span> <span class='ocrx_word' id='word_1_146' title='bbox 2880 573 2971 626; x_wconf 85' lang='grc' dir='ltr'><strong>καὶ</strong></span> <span class='ocrx_word' id='word_1_147' title='bbox 3015 576 3043 627; x_wconf 89' lang='lat'><strong>6</strong></span> <span class='ocrx_word' id='word_1_148' title='bbox 3092 575 3340 646; x_wconf 88' lang='grc' dir='ltr'>Χριστός.</span> <span class='ocrx_word' id='word_1_149' title='bbox 3388 577 3678 650; x_wconf 79' lang='grc' dir='ltr'><strong>Γέγραπται</strong></span> 
     </span>
    </p>
   </div>
   <div class='ocr_carea' id='block_1_22' title="bbox 2137 661 3682 738">
    <p class='ocr_par' dir='ltr' id='par_1_22' title="bbox 2137 661 3682 738">
     <span class='ocr_line' id='line_1_22' title="bbox 2137 661 3682 738; baseline 0.014 -34"><span class='ocrx_word' id='word_1_150' title='bbox 2137 661 2293 729; x_wconf 74' lang='grc' dir='ltr'>γοῦν·</span> <span class='ocrx_word' id='word_1_151' title='bbox 2343 680 2361 711; x_wconf 72' lang='grc' dir='ltr'><strong>ι</strong></span> <span class='ocrx_word' id='word_1_152' title='bbox 2407 662 2514 714; x_wconf 77' lang='grc' dir='ltr'><strong>Καὶ</strong></span> <span class='ocrx_word' id='word_1_153' title='bbox 2558 663 2721 732; x_wconf 78' lang='grc' dir='ltr'>ἤγετο</span> <span class='ocrx_word' id='word_1_154' title='bbox 2761 665 2840 725; x_wconf 86' lang='grc' dir='ltr'><strong>είς</strong></span> <span class='ocrx_word' id='word_1_155' title='bbox 2890 662 2987 733; x_wconf 86' lang='grc' dir='ltr'><strong>τὴν</strong></span> <span class='ocrx_word' id='word_1_156' title='bbox 3041 663 3244 734; x_wconf 80' lang='grc' dir='ltr'>ἔρημον</span> <span class='ocrx_word' id='word_1_157' title='bbox 3297 670 3682 738; x_wconf 82' lang='grc' dir='ltr'>τεσσαράκοντα</span> 
     </span>
    </p>
   </div>
   <div class='ocr_carea' id='block_1_23' title="bbox 2137 754 3681 825">
    <p class='ocr_par' dir='ltr' id='par_1_23' title="bbox 2137 754 3681 825">
     <span class='ocr_line' id='line_1_23' title="bbox 2137 754 3681 825; baseline -0.008 -1"><span class='ocrx_word' id='word_1_158' title='bbox 2137 754 2363 825; x_wconf 81' lang='grc' dir='ltr'>ἡμέρας,</span> <span class='ocrx_word' id='word_1_159' title='bbox 2404 754 2796 825; x_wconf 76' lang='grc' dir='ltr'><strong>πειραζόμενος</strong></span> <span class='ocrx_word' id='word_1_160' title='bbox 2829 755 2934 807; x_wconf 79' lang='grc' dir='ltr'><strong>ὑπὸ</strong></span> <span class='ocrx_word' id='word_1_161' title='bbox 2972 755 3066 807; x_wconf 78' lang='grc' dir='ltr'>τοῦ</span> <span class='ocrx_word' id='word_1_162' title='bbox 3112 756 3375 820; x_wconf 77' lang='grc' dir='ltr'>διαϐόλου,</span> <span class='ocrx_word' id='word_1_163' title='bbox 3419 760 3508 812; x_wconf 75' lang='grc' dir='ltr'><strong>καὶ</strong></span> <span class='ocrx_word' id='word_1_164' title='bbox 3543 763 3681 817; x_wconf 76' lang='grc' dir='ltr'>οὐδὲν</span> 
     </span>
    </p>
   </div>
   <div class='ocr_carea' id='block_1_24' title="bbox 2136 845 3683 916">
    <p class='ocr_par' dir='ltr' id='par_1_24' title="bbox 2136 845 3683 916">
     <span class='ocr_line' id='line_1_24' title="bbox 2136 845 3683 916; baseline 0.006 -19"><span class='ocrx_word' id='word_1_165' title='bbox 2136 845 2333 914; x_wconf 74' lang='grc' dir='ltr'>ἔφαγεν</span> <span class='ocrx_word' id='word_1_166' title='bbox 2367 848 2425 897; x_wconf 81' lang='grc' dir='ltr'>ὲν</span> <span class='ocrx_word' id='word_1_167' title='bbox 2452 848 2570 908; x_wconf 90' lang='grc' dir='ltr'>ταῖς</span> <span class='ocrx_word' id='word_1_168' title='bbox 2597 845 2832 916; x_wconf 80' lang='grc' dir='ltr'><strong>ἡμέραις</strong></span> <span class='ocrx_word' id='word_1_169' title='bbox 2860 845 3147 908; x_wconf 82' lang='grc' dir='ltr'>ὲκείναις.»</span> <span class='ocrx_word' id='word_1_170' title='bbox 3184 848 3294 900; x_wconf 78' lang='grc' dir='ltr'><strong>Καὶ</strong></span> <span class='ocrx_word' id='word_1_171' title='bbox 3335 849 3493 902; x_wconf 88' lang='grc' dir='ltr'>πάλιν</span> <span class='ocrx_word' id='word_1_172' title='bbox 3531 853 3683 906; x_wconf 77' lang='grc' dir='ltr'><strong>Μωῦ-</strong></span> 
     </span>
    </p>
   </div>
   <div class='ocr_carea' id='block_1_25' title="bbox 2137 935 3681 1009">
    <p class='ocr_par' dir='ltr' id='par_1_25' title="bbox 2137 935 3681 1009">
     <span class='ocr_line' id='line_1_25' title="bbox 2137 935 3681 1009; baseline 0.005 -22"><span class='ocrx_word' id='word_1_173' title='bbox 2137 936 2235 1005; x_wconf 80' lang='grc' dir='ltr'>σῆς</span> <span class='ocrx_word' id='word_1_174' title='bbox 2267 938 2323 990; x_wconf 80' lang='grc' dir='ltr'>ἐν</span> <span class='ocrx_word' id='word_1_175' title='bbox 2360 938 2424 1006; x_wconf 83' lang='grc' dir='ltr'><strong>τῇ</strong></span> <span class='ocrx_word' id='word_1_176' title='bbox 2461 937 2650 1007; x_wconf 77' lang='grc' dir='ltr'>ἐρήμῳ</span> <span class='ocrx_word' id='word_1_177' title='bbox 2692 935 2893 1006; x_wconf 75' lang='grc' dir='ltr'>τροφὰς</span> <span class='ocrx_word' id='word_1_178' title='bbox 2933 935 3011 1006; x_wconf 82' lang='grc' dir='ltr'>τῷ</span> <span class='ocrx_word' id='word_1_179' title='bbox 3041 936 3153 1006; x_wconf 84' lang='grc' dir='ltr'>λαῷ</span> <span class='ocrx_word' id='word_1_180' title='bbox 3184 938 3440 1008; x_wconf 88' lang='grc' dir='ltr'>παρέσχε.</span> <span class='ocrx_word' id='word_1_181' title='bbox 3467 940 3681 1009; x_wconf 78' lang='grc' dir='ltr'>Λέγειδ¹</span> 
     </span>
    </p>
   </div>
   <div class='ocr_carea' id='block_1_26' title="bbox 2134 1022 3685 1099">
    <p class='ocr_par' dir='ltr' id='par_1_26' title="bbox 2134 1022 3685 1099">
     <span class='ocr_line' id='line_1_26' title="bbox 2134 1022 3685 1099; baseline 0.003 -19"><span class='ocrx_word' id='word_1_182' title='bbox 2134 1022 2226 1080; x_wconf 79' lang='grc' dir='ltr'>οὖν</span> <span class='ocrx_word' id='word_1_183' title='bbox 2257 1030 2289 1096; x_wconf 83' lang='grc' dir='ltr'>ή</span> <span class='ocrx_word' id='word_1_184' title='bbox 2326 1027 2546 1097; x_wconf 84' lang='grc' dir='ltr'>Γραφή·</span> <span class='ocrx_word' id='word_1_185' title='bbox 2604 1046 2622 1076; x_wconf 80' lang='grc' dir='ltr'><strong>ι</strong></span> <span class='ocrx_word' id='word_1_186' title='bbox 2686 1027 2815 1079; x_wconf 75' lang='grc' dir='ltr'>Ἰδοὺ</span> <span class='ocrx_word' id='word_1_187' title='bbox 2851 1025 2960 1094; x_wconf 77' lang='grc' dir='ltr'><strong>ἐγὼ</strong></span> <span class='ocrx_word' id='word_1_188' title='bbox 2995 1026 3184 1097; x_wconf 86' lang='grc' dir='ltr'>δίδωμι</span> <span class='ocrx_word' id='word_1_189' title='bbox 3236 1028 3363 1097; x_wconf 87' lang='grc' dir='ltr'>ὑμῖν</span> <span class='ocrx_word' id='word_1_190' title='bbox 3402 1028 3594 1099; x_wconf 73' lang='grc' dir='ltr'>ἄρτους</span> <span class='ocrx_word' id='word_1_191' title='bbox 3626 1034 3685 1085; x_wconf 79' lang='grc' dir='ltr'>ὲκ</span> 
     </span>
    </p>
   </div>
   <div class='ocr_carea' id='block_1_27' title="bbox 2133 1117 3684 1187">
    <p class='ocr_par' dir='ltr' id='par_1_27' title="bbox 2133 1117 3684 1187">
     <span class='ocr_line' id='line_1_27' title="bbox 2133 1117 3684 1187; baseline 0.003 -17"><span class='ocrx_word' id='word_1_192' title='bbox 2133 1117 2227 1170; x_wconf 84' lang='grc' dir='ltr'>τοῦ</span> <span class='ocrx_word' id='word_1_193' title='bbox 2273 1117 2520 1187; x_wconf 83' lang='grc' dir='ltr'>ούρανοῦ.</span> <span class='ocrx_word' id='word_1_194' title='bbox 2573 1137 2592 1168; x_wconf 72' lang='grc' dir='ltr'><strong>ι</strong></span> <span class='ocrx_word' id='word_1_195' title='bbox 2628 1118 2735 1170; x_wconf 85' lang='grc' dir='ltr'><strong>Καὶ</strong></span> <span class='ocrx_word' id='word_1_196' title='bbox 2780 1120 2892 1187; x_wconf 84' lang='grc' dir='ltr'>μετ’</span> <span class='ocrx_word' id='word_1_197' title='bbox 2939 1117 3126 1184; x_wconf 75' lang='grc' dir='ltr'>ὀλίγαο</span> <span class='ocrx_word' id='word_1_198' title='bbox 3170 1135 3188 1168; x_wconf 78' lang='grc' dir='ltr'><strong>ι</strong></span> <span class='ocrx_word' id='word_1_199' title='bbox 3237 1118 3480 1186; x_wconf 80' lang='grc' dir='ltr'><strong>Ἐγένετο</strong></span> <span class='ocrx_word' id='word_1_200' title='bbox 3526 1137 3684 1174; x_wconf 86' lang='grc' dir='ltr'>κατα-</span> 
     </span>
    </p>
   </div>
   <div class='ocr_carea' id='block_1_28' title="bbox 2136 1211 3685 1284">
    <p class='ocr_par' dir='ltr' id='par_1_28' title="bbox 2136 1211 3685 1284">
     <span class='ocr_line' id='line_1_28' title="bbox 2136 1211 3685 1284; baseline 0.001 -19"><span class='ocrx_word' id='word_1_201' title='bbox 2136 1212 2451 1282; x_wconf 85' lang='grc' dir='ltr'>παυομένης</span> <span class='ocrx_word' id='word_1_202' title='bbox 2497 1212 2593 1280; x_wconf 77' lang='grc' dir='ltr'><strong>τῆς</strong></span> <span class='ocrx_word' id='word_1_203' title='bbox 2622 1212 2810 1283; x_wconf 86' lang='grc' dir='ltr'>δρόσου</span> <span class='ocrx_word' id='word_1_204' title='bbox 2845 1211 3027 1282; x_wconf 83' lang='grc' dir='ltr'>κύκλῳ</span> <span class='ocrx_word' id='word_1_205' title='bbox 3058 1213 3156 1282; x_wconf 77' lang='grc' dir='ltr'>τῆς</span> <span class='ocrx_word' id='word_1_206' title='bbox 3187 1212 3565 1284; x_wconf 78' lang='grc' dir='ltr'>παρεμϐολῆς,</span> <span class='ocrx_word' id='word_1_207' title='bbox 3598 1215 3685 1267; x_wconf 77' lang='grc' dir='ltr'>καὶ</span> 
     </span>
    </p>
   </div>
   <div class='ocr_carea' id='block_1_29' title="bbox 2140 1302 3684 1374">
    <p class='ocr_par' dir='ltr' id='par_1_29' title="bbox 2140 1302 3684 1374">
     <span class='ocr_line' id='line_1_29' title="bbox 2140 1302 3684 1374; baseline 0.001 -18"><span class='ocrx_word' id='word_1_208' title='bbox 2140 1304 2247 1356; x_wconf 81' lang='grc' dir='ltr'>ἰδοὺ</span> <span class='ocrx_word' id='word_1_209' title='bbox 2290 1304 2380 1355; x_wconf 76' lang='grc' dir='ltr'><strong>ἐπὶ</strong></span> <span class='ocrx_word' id='word_1_210' title='bbox 2414 1302 2701 1373; x_wconf 86' lang='grc' dir='ltr'>πρόσωπον</span> <span class='ocrx_word' id='word_1_211' title='bbox 2732 1304 2831 1373; x_wconf 79' lang='grc' dir='ltr'>τῆς</span> <span class='ocrx_word' id='word_1_212' title='bbox 2866 1304 3068 1374; x_wconf 81' lang='grc' dir='ltr'>ἐρήμου</span> <span class='ocrx_word' id='word_1_213' title='bbox 3104 1302 3296 1357; x_wconf 83' lang='grc' dir='ltr'>λεπτὸν</span> <span class='ocrx_word' id='word_1_214' title='bbox 3341 1304 3471 1356; x_wconf 82' lang='grc' dir='ltr'>ὡσεὶ</span> <span class='ocrx_word' id='word_1_215' title='bbox 3513 1304 3684 1374; x_wconf 87' lang='grc' dir='ltr'>κόριον</span> 
     </span>
    </p>
   </div>
   <div class='ocr_carea' id='block_1_30' title="bbox 2136 1391 3686 1464">
    <p class='ocr_par' dir='ltr' id='par_1_30' title="bbox 2136 1391 3686 1464">
     <span class='ocr_line' id='line_1_30' title="bbox 2136 1391 3686 1464; baseline 0.003 -21"><span class='ocrx_word' id='word_1_216' title='bbox 2136 1391 2344 1455; x_wconf 84' lang='grc' dir='ltr'>λευκὸν,</span> <span class='ocrx_word' id='word_1_217' title='bbox 2378 1391 2509 1443; x_wconf 82' lang='grc' dir='ltr'>ὡσεὶ</span> <span class='ocrx_word' id='word_1_218' title='bbox 2546 1392 2716 1459; x_wconf 84' lang='grc' dir='ltr'>πάγος</span> <span class='ocrx_word' id='word_1_219' title='bbox 2750 1393 2842 1444; x_wconf 76' lang='grc' dir='ltr'><strong>ἐπὶ</strong></span> <span class='ocrx_word' id='word_1_220' title='bbox 2871 1392 2970 1461; x_wconf 78' lang='grc' dir='ltr'>τῆς</span> <span class='ocrx_word' id='word_1_221' title='bbox 3002 1393 3124 1462; x_wconf 80' lang='grc' dir='ltr'>γῆς.</span> <span class='ocrx_word' id='word_1_222' title='bbox 3166 1411 3185 1443; x_wconf 73' lang='grc' dir='ltr'><strong>ι</strong></span> <span class='ocrx_word' id='word_1_223' title='bbox 3228 1393 3336 1445; x_wconf 79' lang='grc' dir='ltr'>Καὶ</span> <span class='ocrx_word' id='word_1_224' title='bbox 3364 1395 3392 1445; x_wconf 98' lang='lat'><strong>6</strong></span> <span class='ocrx_word' id='word_1_225' title='bbox 3420 1393 3605 1464; x_wconf 82' lang='grc' dir='ltr'>Σωτὴρ</span> <span class='ocrx_word' id='word_1_226' title='bbox 3633 1395 3686 1448; x_wconf 80' lang='grc' dir='ltr'>δὲ</span> 
     </span>
    </p>
   </div>
   <div class='ocr_carea' id='block_1_31' title="bbox 2137 1482 3685 1554">
    <p class='ocr_par' dir='ltr' id='par_1_31' title="bbox 2137 1482 3685 1554">
     <span class='ocr_line' id='line_1_31' title="bbox 2137 1482 3685 1554; baseline 0 -18"><span class='ocrx_word' id='word_1_227' title='bbox 2137 1484 2229 1537; x_wconf 78' lang='grc' dir='ltr'>καὶ</span> <span class='ocrx_word' id='word_1_228' title='bbox 2260 1483 2462 1554; x_wconf 81' lang='grc' dir='ltr'>Κύριος</span> <span class='ocrx_word' id='word_1_229' title='bbox 2495 1482 2649 1553; x_wconf 84' lang='grc' dir='ltr'>ἡμῶν</span> <span class='ocrx_word' id='word_1_230' title='bbox 2688 1482 2945 1546; x_wconf 80' lang='grc' dir='ltr'><strong>ὡσαύτως</strong></span> <span class='ocrx_word' id='word_1_231' title='bbox 2988 1482 3120 1552; x_wconf 80' lang='grc' dir='ltr'>φησὶ</span> <span class='ocrx_word' id='word_1_232' title='bbox 3168 1483 3299 1553; x_wconf 84' lang='grc' dir='ltr'>πρὸς</span> <span class='ocrx_word' id='word_1_233' title='bbox 3342 1484 3467 1547; x_wconf 78' lang='grc' dir='ltr'>τοὺς</span> <span class='ocrx_word' id='word_1_234' title='bbox 3504 1483 3685 1537; x_wconf 78' lang='grc' dir='ltr'><strong>ἑαυτοῦ</strong></span> 
     </span>
    </p>
   </div>
   <div class='ocr_carea' id='block_1_32' title="bbox 2138 1573 3685 1647">
    <p class='ocr_par' dir='ltr' id='par_1_32' title="bbox 2138 1573 3685 1647">
     <span class='ocr_line' id='line_1_32' title="bbox 2138 1573 3685 1647; baseline 0 -18"><span class='ocrx_word' id='word_1_235' title='bbox 2138 1575 2381 1647; x_wconf 79' lang='grc' dir='ltr'>μαθητάς</span> <span class='ocrx_word' id='word_1_236' title='bbox 2400 1592 2414 1606; x_wconf 75' lang='grc' dir='ltr'><strong>ο</strong></span> <span class='ocrx_word' id='word_1_237' title='bbox 2456 1595 2473 1627; x_wconf 84' lang='grc' dir='ltr'><strong>ι</strong></span> <span class='ocrx_word' id='word_1_238' title='bbox 2503 1575 2566 1627; x_wconf 92' lang='grc' dir='ltr'><strong>Τί</strong></span> <span class='ocrx_word' id='word_1_239' title='bbox 2595 1574 2955 1643; x_wconf 74' lang='grc' dir='ltr'>διαλογίζεσθε</span> <span class='ocrx_word' id='word_1_240' title='bbox 2994 1574 3051 1627; x_wconf 84' lang='grc' dir='ltr'>ἐν</span> <span class='ocrx_word' id='word_1_241' title='bbox 3086 1575 3314 1639; x_wconf 78' lang='grc' dir='ltr'>ἑαυτοῖς,</span> <span class='ocrx_word' id='word_1_242' title='bbox 3344 1573 3685 1642; x_wconf 85' lang='grc' dir='ltr'>ὀλιγόπιστοι,</span> 
     </span>
    </p>
   </div>
   <div class='ocr_carea' id='block_1_33' title="bbox 2137 1656 3686 1739">
    <p class='ocr_par' dir='ltr' id='par_1_33' title="bbox 2137 1656 3686 1739">
     <span class='ocr_line' id='line_1_33' title="bbox 2137 1656 3686 1739; baseline -0.002 -18"><span class='ocrx_word' id='word_1_243' title='bbox 2137 1668 2217 1721; x_wconf 83' lang='grc' dir='ltr'>ὅτι</span> <span class='ocrx_word' id='word_1_244' title='bbox 2249 1656 2443 1739; x_wconf 81' lang='grc' dir='ltr'>ἄρτους</span> <span class='ocrx_word' id='word_1_245' title='bbox 2480 1667 2579 1719; x_wconf 85' lang='grc' dir='ltr'>οὐκ</span> <span class='ocrx_word' id='word_1_246' title='bbox 2631 1666 2885 1730; x_wconf 76' lang='grc' dir='ltr'>ὲλάὸετε;</span> <span class='ocrx_word' id='word_1_247' title='bbox 2920 1664 3071 1718; x_wconf 73' lang='grc' dir='ltr'>οὔπω</span> <span class='ocrx_word' id='word_1_248' title='bbox 3114 1668 3281 1718; x_wconf 86' lang='grc' dir='ltr'>νοεῖτε</span> <span class='ocrx_word' id='word_1_249' title='bbox 3317 1666 3442 1718; x_wconf 81' lang='grc' dir='ltr'>οὐδὲ</span> <span class='ocrx_word' id='word_1_250' title='bbox 3487 1683 3686 1737; x_wconf 85' lang='grc' dir='ltr'>μνημο-</span> 
     </span>
    </p>
   </div>
   <div class='ocr_carea' id='block_1_34' title="bbox 467 1752 2032 1829">
    <p class='ocr_par' dir='ltr' id='par_1_34' title="bbox 467 1757 2032 1829">
     <span class='ocr_line' id='line_1_34' title="bbox 467 1757 2032 1829; baseline 0 -17"><span class='ocrx_word' id='word_1_251' title='bbox 467 1758 603 1813; x_wconf 86' lang='lat' dir='ltr'><strong>Nam</strong></span> <span class='ocrx_word' id='word_1_252' title='bbox 660 1759 938 1829; x_wconf 86' lang='lat' dir='ltr'><strong>Scriptura</strong></span> <span class='ocrx_word' id='word_1_253' title='bbox 987 1762 1066 1813; x_wconf 90' lang='lat' dir='ltr'><strong>sic</strong></span> <span class='ocrx_word' id='word_1_254' title='bbox 1104 1759 1265 1813; x_wconf 87' lang='lat' dir='ltr'><strong>habet</strong></span> <span class='ocrx_word' id='word_1_255' title='bbox 1306 1777 1319 1812; x_wconf 90' lang='lat'>:</span> <span class='ocrx_word' id='word_1_256' title='bbox 1354 1777 1371 1809; x_wconf 82' lang='grc' dir='ltr'><strong>ι</strong></span> <span class='ocrx_word' id='word_1_257' title='bbox 1415 1757 1553 1813; x_wconf 86' lang='lat' dir='ltr'><strong>Ecce</strong></span> <span class='ocrx_word' id='word_1_258' title='bbox 1608 1773 1708 1828; x_wconf 79' lang='lat' dir='ltr'><strong>ego</strong></span> <span class='ocrx_word' id='word_1_259' title='bbox 1756 1759 1827 1813; x_wconf 91' lang='lat' dir='ltr'><strong>do</strong></span> <span class='ocrx_word' id='word_1_260' title='bbox 1879 1758 2032 1812; x_wconf 80' lang='lat' dir='ltr'><strong>vobis</strong></span> 
     </span>
    </p>
   </div>
   <div class='ocr_carea' id='block_1_35' title="bbox 2132 1752 3687 1829">
    <p class='ocr_par' dir='ltr' id='par_1_35' title="bbox 2135 1757 3687 1829">
     <span class='ocr_line' id='line_1_35' title="bbox 2135 1757 3687 1829; baseline 0.001 -18"><span class='ocrx_word' id='word_1_261' title='bbox 2135 1759 2315 1812; x_wconf 89' lang='grc' dir='ltr'>νεύετε</span> <span class='ocrx_word' id='word_1_262' title='bbox 2357 1760 2481 1823; x_wconf 80' lang='grc' dir='ltr'>τοὺς</span> <span class='ocrx_word' id='word_1_263' title='bbox 2515 1759 2672 1811; x_wconf 80' lang='grc' dir='ltr'>πέντε</span> <span class='ocrx_word' id='word_1_264' title='bbox 2702 1759 2898 1829; x_wconf 78' lang='grc' dir='ltr'>ἄρτους</span> <span class='ocrx_word' id='word_1_265' title='bbox 2930 1757 3036 1810; x_wconf 85' lang='grc' dir='ltr'>τῶν</span> <span class='ocrx_word' id='word_1_266' title='bbox 3079 1757 3554 1828; x_wconf 86' lang='grc' dir='ltr'>πεντακισχιλίων,</span> <span class='ocrx_word' id='word_1_267' title='bbox 3600 1759 3687 1812; x_wconf 76' lang='grc' dir='ltr'><strong>καὶ</strong></span> 
     </span>
    </p>
   </div>
   <div class='ocr_carea' id='block_1_36' title="bbox 467 1850 2025 1921">
    <p class='ocr_par' dir='ltr' id='par_1_36' title="bbox 467 1850 2025 1921">
     <span class='ocr_line' id='line_1_36' title="bbox 467 1850 2025 1921; baseline -0.003 -15"><span class='ocrx_word' id='word_1_268' title='bbox 467 1867 635 1921; x_wconf 87' lang='lat' dir='ltr'><strong>panes</strong></span> <span class='ocrx_word' id='word_1_269' title='bbox 680 1852 747 1906; x_wconf 90' lang='lat' dir='ltr'><strong>de</strong></span> <span class='ocrx_word' id='word_1_270' title='bbox 795 1852 992 1906; x_wconf 82' lang='lat' dir='ltr'><strong>coelo’.</strong></span> <span class='ocrx_word' id='word_1_271' title='bbox 1031 1870 1050 1903; x_wconf 78' lang='grc' dir='ltr'><strong>ι</strong></span> <span class='ocrx_word' id='word_1_272' title='bbox 1087 1850 1152 1903; x_wconf 87' lang='grc' dir='ltr'><strong>Ει</strong></span> <span class='ocrx_word' id='word_1_273' title='bbox 1183 1851 1347 1920; x_wconf 89' lang='lat' dir='ltr'><strong>paulo</strong></span> <span class='ocrx_word' id='word_1_274' title='bbox 1395 1858 1554 1920; x_wconf 87' lang='lat' dir='ltr'><strong>post:</strong></span> <span class='ocrx_word' id='word_1_275' title='bbox 1585 1869 1602 1901; x_wconf 81' lang='grc' dir='ltr'><strong>ι</strong></span> <span class='ocrx_word' id='word_1_276' title='bbox 1645 1850 1871 1904; x_wconf 85' lang='lat' dir='ltr'><strong>Factum</strong></span> <span class='ocrx_word' id='word_1_277' title='bbox 1920 1858 2025 1912; x_wconf 91' lang='lat' dir='ltr'><strong>est,</strong></span> 
     </span>
    </p>
   </div>
   <div class='ocr_carea' id='block_1_37' title="bbox 469 1940 2033 2012">
    <p class='ocr_par' dir='ltr' id='par_1_37' title="bbox 469 1940 2033 2012">
     <span class='ocr_line' id='line_1_37' title="bbox 469 1940 2033 2012; baseline -0.001 -17"><span class='ocrx_word' id='word_1_278' title='bbox 469 1943 666 2012; x_wconf 91' lang='lat' dir='ltr'><strong>inquit,</strong></span> <span class='ocrx_word' id='word_1_279' title='bbox 703 1956 828 1996; x_wconf 90' lang='lat' dir='ltr'><strong>cum</strong></span> <span class='ocrx_word' id='word_1_280' title='bbox 865 1941 1205 1997; x_wconf 85' lang='lat' dir='ltr'><strong>subsedisset</strong></span> <span class='ocrx_word' id='word_1_281' title='bbox 1239 1956 1329 1994; x_wconf 89' lang='lat' dir='ltr'><strong>ros</strong></span> <span class='ocrx_word' id='word_1_282' title='bbox 1357 1940 1562 1994; x_wconf 89' lang='lat' dir='ltr'><strong>circum</strong></span> <span class='ocrx_word' id='word_1_283' title='bbox 1594 1950 1793 2001; x_wconf 87' lang='lat' dir='ltr'><strong>castra,</strong></span> <span class='ocrx_word' id='word_1_284' title='bbox 1822 1947 1875 1993; x_wconf 88' lang='lat' dir='ltr'><strong>et</strong></span> <span class='ocrx_word' id='word_1_285' title='bbox 1906 1955 2033 1994; x_wconf 90' lang='lat' dir='ltr'><strong>ecce</strong></span> 
     </span>
    </p>
   </div>
   <div class='ocr_carea' id='block_1_38' title="bbox 468 2029 2031 2103">
    <p class='ocr_par' dir='ltr' id='par_1_38' title="bbox 468 2029 2031 2103">
     <span class='ocr_line' id='line_1_38' title="bbox 468 2029 2031 2103; baseline -0.004 -15"><span class='ocrx_word' id='word_1_286' title='bbox 468 2049 633 2103; x_wconf 84' lang='lat' dir='ltr'><strong>super</strong></span> <span class='ocrx_word' id='word_1_287' title='bbox 661 2031 855 2087; x_wconf 80' lang='lat' dir='ltr'><strong>faciem</strong></span> <span class='ocrx_word' id='word_1_288' title='bbox 896 2031 1098 2086; x_wconf 86' lang='lat' dir='ltr'><strong>deserti</strong></span> <span class='ocrx_word' id='word_1_289' title='bbox 1155 2031 1425 2085; x_wconf 89' lang='lat' dir='ltr'><strong>minutum</strong></span> <span class='ocrx_word' id='word_1_290' title='bbox 1472 2030 1630 2100; x_wconf 89' lang='lat' dir='ltr'><strong>quasi</strong></span> <span class='ocrx_word' id='word_1_291' title='bbox 1682 2029 2031 2103; x_wconf 86' lang='lat' dir='ltr'><strong>coriandrum</strong></span> 
     </span>
    </p>
   </div>
   <div class='ocr_carea' id='block_1_39' title="bbox 467 2102 2033 2196">
    <p class='ocr_par' dir='ltr' id='par_1_39' title="bbox 467 2102 2033 2196">
     <span class='ocr_line' id='line_1_39' title="bbox 467 2102 2033 2196; baseline -0.004 -15"><span class='ocrx_word' id='word_1_292' title='bbox 467 2102 670 2191; x_wconf 82' lang='lat' dir='ltr'><strong>album,</strong></span> <span class='ocrx_word' id='word_1_293' title='bbox 689 2125 843 2196; x_wconf 90' lang='lat' dir='ltr'><strong>quasi</strong></span> <span class='ocrx_word' id='word_1_294' title='bbox 867 2125 986 2195; x_wconf 73' lang='lat' dir='ltr'><strong>gelu</strong></span> <span class='ocrx_word' id='word_1_295' title='bbox 1016 2138 1180 2193; x_wconf 89' lang='lat' dir='ltr'><strong>super</strong></span> <span class='ocrx_word' id='word_1_296' title='bbox 1204 2131 1404 2177; x_wconf 90' lang='lat' dir='ltr'><strong>terram</strong></span> <span class='ocrx_word' id='word_1_297' title='bbox 1421 2122 1465 2175; x_wconf 68' lang='grc'>⁸.</span> <span class='ocrx_word' id='word_1_298' title='bbox 1489 2140 1507 2172; x_wconf 75' lang='grc' dir='ltr'><strong>ι</strong></span> <span class='ocrx_word' id='word_1_299' title='bbox 1542 2102 1789 2175; x_wconf 63' lang='grc' dir='ltr'>δαινειοῖσ</span> <span class='ocrx_word' id='word_1_300' title='bbox 1817 2135 2033 2190; x_wconf 88' lang='lat' dir='ltr'><strong>quoque</strong></span> 
     </span>
    </p>
   </div>
   <div class='ocr_carea' id='block_1_40' title="bbox 468 2211 2033 2285">
    <p class='ocr_par' dir='ltr' id='par_1_40' title="bbox 468 2211 2033 2285">
     <span class='ocr_line' id='line_1_40' title="bbox 468 2211 2033 2285; baseline -0.006 -11"><span class='ocrx_word' id='word_1_301' title='bbox 468 2234 533 2274; x_wconf 88' lang='lat' dir='ltr'><strong>ac</strong></span> <span class='ocrx_word' id='word_1_302' title='bbox 556 2218 820 2273; x_wconf 85' lang='lat' dir='ltr'><strong>Dominus</strong></span> <span class='ocrx_word' id='word_1_303' title='bbox 846 2224 1035 2271; x_wconf 87' lang='lat' dir='ltr'><strong>noster</strong></span> <span class='ocrx_word' id='word_1_304' title='bbox 1064 2215 1133 2269; x_wconf 88' lang='lat' dir='ltr'><strong>ad</strong></span> <span class='ocrx_word' id='word_1_305' title='bbox 1156 2214 1457 2285; x_wconf 87' lang='lat' dir='ltr'><strong>discipulos</strong></span> <span class='ocrx_word' id='word_1_306' title='bbox 1488 2228 1653 2269; x_wconf 88' lang='lat' dir='ltr'><strong>suos:</strong></span> <span class='ocrx_word' id='word_1_307' title='bbox 1700 2232 1719 2264; x_wconf 73' lang='grc' dir='ltr'><strong>ι</strong></span> <span class='ocrx_word' id='word_1_308' title='bbox 1750 2211 1915 2278; x_wconf 85' lang='lat' dir='ltr'><strong>Quid,</strong></span> <span class='ocrx_word' id='word_1_309' title='bbox 1955 2214 2033 2266; x_wconf 82' lang='lat' dir='ltr'><strong>in-</strong></span> 
     </span>
    </p>
   </div>
   <div class='ocr_carea' id='block_1_41' title="bbox 466 2304 2030 2381">
    <p class='ocr_par' dir='ltr' id='par_1_41' title="bbox 466 2304 2030 2381">
     <span class='ocr_line' id='line_1_41' title="bbox 466 2304 2030 2381; baseline -0.003 -17"><span class='ocrx_word' id='word_1_310' title='bbox 466 2312 603 2381; x_wconf 82' lang='lat' dir='ltr'><strong>quit,</strong></span> <span class='ocrx_word' id='word_1_311' title='bbox 621 2309 869 2379; x_wconf 73' lang='lat' dir='ltr'><strong>cogitatis</strong></span> <span class='ocrx_word' id='word_1_312' title='bbox 884 2308 936 2361; x_wconf 91' lang='lat' dir='ltr'><strong>in</strong></span> <span class='ocrx_word' id='word_1_313' title='bbox 952 2308 1104 2362; x_wconf 85' lang='lat' dir='ltr'><strong>vobis</strong></span> <span class='ocrx_word' id='word_1_314' title='bbox 1121 2308 1272 2377; x_wconf 86' lang='lat' dir='ltr'><strong>ipsis,</strong></span> <span class='ocrx_word' id='word_1_315' title='bbox 1294 2306 1511 2360; x_wconf 67' lang='lat' dir='ltr'><strong>modicae</strong></span> <span class='ocrx_word' id='word_1_316' title='bbox 1534 2305 1676 2366; x_wconf 81' lang='lat' dir='ltr'><strong>fidei,</strong></span> <span class='ocrx_word' id='word_1_317' title='bbox 1697 2304 1839 2375; x_wconf 91' lang='lat' dir='ltr'><strong>quod</strong></span> <span class='ocrx_word' id='word_1_318' title='bbox 1864 2319 2030 2376; x_wconf 88' lang='lat' dir='ltr'><strong>panes</strong></span> 
     </span>
    </p>
   </div>
   <div class='ocr_carea' id='block_1_42' title="bbox 466 2397 2031 2469">
    <p class='ocr_par' dir='ltr' id='par_1_42' title="bbox 466 2397 2031 2469">
     <span class='ocr_line' id='line_1_42' title="bbox 466 2397 2031 2469; baseline -0.005 -12"><span class='ocrx_word' id='word_1_319' title='bbox 466 2417 575 2457; x_wconf 91' lang='lat' dir='ltr'><strong>non</strong></span> <span class='ocrx_word' id='word_1_320' title='bbox 615 2399 938 2469; x_wconf 90' lang='lat' dir='ltr'><strong>accepistis?</strong></span> <span class='ocrx_word' id='word_1_321' title='bbox 979 2399 1219 2452; x_wconf 88' lang='lat' dir='ltr'><strong>nondum</strong></span> <span class='ocrx_word' id='word_1_322' title='bbox 1250 2399 1424 2461; x_wconf 89' lang='lat' dir='ltr'><strong>scitis,</strong></span> <span class='ocrx_word' id='word_1_323' title='bbox 1458 2413 1633 2466; x_wconf 90' lang='lat' dir='ltr'><strong>neque</strong></span> <span class='ocrx_word' id='word_1_324' title='bbox 1671 2397 2031 2451; x_wconf 86' lang='lat' dir='ltr'><strong>recordamini</strong></span> 
     </span>
    </p>
   </div>
   <div class='ocr_carea' id='block_1_43' title="bbox 466 2487 2031 2561">
    <p class='ocr_par' dir='ltr' id='par_1_43' title="bbox 466 2487 2031 2561">
     <span class='ocr_line' id='line_1_43' title="bbox 466 2487 2031 2561; baseline -0.003 -17"><span class='ocrx_word' id='word_1_325' title='bbox 466 2492 707 2561; x_wconf 85' lang='lat' dir='ltr'><strong>quinque</strong></span> <span class='ocrx_word' id='word_1_326' title='bbox 748 2503 916 2558; x_wconf 85' lang='lat' dir='ltr'><strong>panes</strong></span> <span class='ocrx_word' id='word_1_327' title='bbox 955 2488 1197 2558; x_wconf 91' lang='lat' dir='ltr'><strong>quinque</strong></span> <span class='ocrx_word' id='word_1_328' title='bbox 1222 2488 1488 2542; x_wconf 89' lang='lat' dir='ltr'><strong>millium?</strong></span> <span class='ocrx_word' id='word_1_329' title='bbox 1513 2495 1567 2543; x_wconf 89' lang='lat' dir='ltr'><strong>et</strong></span> <span class='ocrx_word' id='word_1_330' title='bbox 1605 2496 1738 2557; x_wconf 93' lang='lat' dir='ltr'><strong>quot</strong></span> <span class='ocrx_word' id='word_1_331' title='bbox 1768 2487 2031 2558; x_wconf 89' lang='lat' dir='ltr'><strong>cophinos</strong></span> 
     </span>
    </p>
   </div>
   <div class='ocr_carea' id='block_1_44' title="bbox 466 2580 2032 2652">
    <p class='ocr_par' dir='ltr' id='par_1_44' title="bbox 466 2580 2032 2652">
     <span class='ocr_line' id='line_1_44' title="bbox 466 2580 2032 2652; baseline -0.003 -16"><span class='ocrx_word' id='word_1_332' title='bbox 466 2580 784 2652; x_wconf 84' lang='lat' dir='ltr'><strong>recepistis?</strong></span> <span class='ocrx_word' id='word_1_333' title='bbox 803 2594 979 2648; x_wconf 87' lang='lat' dir='ltr'><strong>neque</strong></span> <span class='ocrx_word' id='word_1_334' title='bbox 1006 2588 1231 2649; x_wconf 82' lang='lat' dir='ltr'><strong>septem,</strong></span> <span class='ocrx_word' id='word_1_335' title='bbox 1261 2587 1496 2649; x_wconf 88' lang='lat' dir='ltr'><strong>quatuor</strong></span> <span class='ocrx_word' id='word_1_336' title='bbox 1524 2580 1791 2633; x_wconf 88' lang='lat' dir='ltr'><strong>millium?</strong></span> <span class='ocrx_word' id='word_1_337' title='bbox 1823 2587 1875 2632; x_wconf 87' lang='lat' dir='ltr'><strong>et</strong></span> <span class='ocrx_word' id='word_1_338' title='bbox 1900 2586 2032 2647; x_wconf 91' lang='lat' dir='ltr'><strong>quot</strong></span> 
     </span>
    </p>
   </div>
   <div class='ocr_carea' id='block_1_45' title="bbox 467 2668 2033 2744">
    <p class='ocr_par' dir='ltr' id='par_1_45' title="bbox 467 2668 2033 2744">
     <span class='ocr_line' id='line_1_45' title="bbox 467 2668 2033 2744; baseline -0.004 -16"><span class='ocrx_word' id='word_1_339' title='bbox 467 2680 681 2744; x_wconf 88' lang='lat' dir='ltr'><strong>sportas</strong></span> <span class='ocrx_word' id='word_1_340' title='bbox 729 2672 1000 2727; x_wconf 67' lang='lat' dir='ltr'><strong>tulistis?“</strong></span> <span class='ocrx_word' id='word_1_341' title='bbox 1033 2690 1050 2722; x_wconf 75' lang='grc' dir='ltr'><strong>ι</strong></span> <span class='ocrx_word' id='word_1_342' title='bbox 1080 2668 1208 2724; x_wconf 92' lang='lat' dir='ltr'><strong>Item</strong></span> <span class='ocrx_word' id='word_1_343' title='bbox 1250 2669 1462 2740; x_wconf 81' lang='lat' dir='ltr'><strong>Moyses</strong></span> <span class='ocrx_word' id='word_1_344' title='bbox 1498 2685 1591 2739; x_wconf 86' lang='lat' dir='ltr'><strong>per</strong></span> <span class='ocrx_word' id='word_1_345' title='bbox 1615 2668 1853 2724; x_wconf 90' lang='lat' dir='ltr'><strong>medium</strong></span> <span class='ocrx_word' id='word_1_346' title='bbox 1883 2683 2033 2722; x_wconf 89' lang='lat' dir='ltr'><strong>mare</strong></span> 
     </span>
    </p>
   </div>
   <div class='ocr_carea' id='block_1_46' title="bbox 469 2758 2030 2833">
    <p class='ocr_par' dir='ltr' id='par_1_46' title="bbox 469 2758 2030 2833">
     <span class='ocr_line' id='line_1_46' title="bbox 469 2758 2030 2833; baseline -0.003 -15"><span class='ocrx_word' id='word_1_347' title='bbox 469 2765 748 2833; x_wconf 78' lang='lat' dir='ltr'><strong>ingressus</strong></span> <span class='ocrx_word' id='word_1_348' title='bbox 777 2771 880 2825; x_wconf 91' lang='lat' dir='ltr'><strong>est,</strong></span> <span class='ocrx_word' id='word_1_349' title='bbox 900 2761 1207 2832; x_wconf 87' lang='lat' dir='ltr'><strong>populoque</strong></span> <span class='ocrx_word' id='word_1_350' title='bbox 1238 2761 1449 2815; x_wconf 88' lang='lat' dir='ltr'><strong>itineris</strong></span> <span class='ocrx_word' id='word_1_351' title='bbox 1483 2758 1590 2813; x_wconf 79' lang='lat' dir='ltr'><strong>dux</strong></span> <span class='ocrx_word' id='word_1_352' title='bbox 1626 2758 1748 2813; x_wconf 90' lang='lat' dir='ltr'><strong>fuit.</strong></span> <span class='ocrx_word' id='word_1_353' title='bbox 1768 2758 1857 2813; x_wconf 91' lang='lat' dir='ltr'><strong>Sic</strong></span> <span class='ocrx_word' id='word_1_354' title='bbox 1885 2759 2030 2813; x_wconf 90' lang='lat' dir='ltr'><strong>enim</strong></span> 
     </span>
    </p>
   </div>
   <div class='ocr_carea' id='block_1_47' title="bbox 471 2850 2029 2922">
    <p class='ocr_par' dir='ltr' id='par_1_47' title="bbox 471 2850 2029 2922">
     <span class='ocr_line' id='line_1_47' title="bbox 471 2850 2029 2922; baseline -0.003 -15"><span class='ocrx_word' id='word_1_355' title='bbox 471 2854 632 2909; x_wconf 87' lang='lat' dir='ltr'><strong>habet</strong></span> <span class='ocrx_word' id='word_1_356' title='bbox 660 2852 942 2922; x_wconf 89' lang='lat' dir='ltr'><strong>Scriptura</strong></span> <span class='ocrx_word' id='word_1_357' title='bbox 978 2872 990 2907; x_wconf 89' lang='lat'><strong>:</strong></span> <span class='ocrx_word' id='word_1_358' title='bbox 1031 2871 1050 2904; x_wconf 81' lang='grc' dir='ltr'><strong>ι</strong></span> <span class='ocrx_word' id='word_1_359' title='bbox 1092 2851 1342 2905; x_wconf 81' lang='lat' dir='ltr'><strong>Extendit</strong></span> <span class='ocrx_word' id='word_1_360' title='bbox 1385 2850 1561 2906; x_wconf 88' lang='lat' dir='ltr'><strong>Moses</strong></span> <span class='ocrx_word' id='word_1_361' title='bbox 1616 2866 1839 2904; x_wconf 87' lang='lat' dir='ltr'><strong>manum</strong></span> <span class='ocrx_word' id='word_1_362' title='bbox 1872 2865 2029 2904; x_wconf 87' lang='lat' dir='ltr'><strong>suam</strong></span> 
     </span>
    </p>
   </div>
   <div class='ocr_carea' id='block_1_48' title="bbox 469 2942 2031 2999">
    <p class='ocr_par' dir='ltr' id='par_1_48' title="bbox 469 2942 2031 2999">
     <span class='ocr_line' id='line_1_48' title="bbox 469 2942 2031 2999; baseline -0.001 -2"><span class='ocrx_word' id='word_1_363' title='bbox 469 2944 524 2997; x_wconf 88' lang='lat' dir='ltr'><strong>in</strong></span> <span class='ocrx_word' id='word_1_364' title='bbox 557 2960 705 2999; x_wconf 88' lang='lat' dir='ltr'><strong>mare</strong></span> <span class='ocrx_word' id='word_1_365' title='bbox 731 2963 744 2998; x_wconf 91' lang='lat'><strong>:</strong></span> <span class='ocrx_word' id='word_1_366' title='bbox 769 2955 824 2998; x_wconf 87' lang='lat' dir='ltr'><strong>et</strong></span> <span class='ocrx_word' id='word_1_367' title='bbox 856 2943 1113 2999; x_wconf 87' lang='lat' dir='ltr'><strong>subduxit</strong></span> <span class='ocrx_word' id='word_1_368' title='bbox 1142 2942 1404 2998; x_wconf 88' lang='lat' dir='ltr'><strong>Dominus</strong></span> <span class='ocrx_word' id='word_1_369' title='bbox 1450 2957 1600 2996; x_wconf 88' lang='lat' dir='ltr'><strong>mare</strong></span> <span class='ocrx_word' id='word_1_370' title='bbox 1639 2950 1799 2997; x_wconf 90' lang='lat' dir='ltr'><strong>vento</strong></span> <span class='ocrx_word' id='word_1_371' title='bbox 1847 2952 2031 2996; x_wconf 90' lang='lat' dir='ltr'><strong>austro</strong></span> 
     </span>
    </p>
   </div>
   <div class='ocr_carea' id='block_1_49' title="bbox 469 3034 2033 3099">
    <p class='ocr_par' dir='ltr' id='par_1_49' title="bbox 469 3034 2033 3099">
     <span class='ocr_line' id='line_1_49' title="bbox 469 3034 2033 3099; baseline -0.002 -10"><span class='ocrx_word' id='word_1_372' title='bbox 469 3035 705 3090; x_wconf 87' lang='lat' dir='ltr'><strong>violento</strong></span> <span class='ocrx_word' id='word_1_373' title='bbox 754 3044 923 3090; x_wconf 91' lang='lat' dir='ltr'><strong>totum</strong></span> <span class='ocrx_word' id='word_1_374' title='bbox 954 3036 1117 3099; x_wconf 89' lang='lat' dir='ltr'><strong>diem,</strong></span> <span class='ocrx_word' id='word_1_375' title='bbox 1153 3042 1206 3088; x_wconf 89' lang='lat' dir='ltr'><strong>et</strong></span> <span class='ocrx_word' id='word_1_376' title='bbox 1238 3035 1363 3087; x_wconf 85' lang='lat' dir='ltr'><strong>fecit</strong></span> <span class='ocrx_word' id='word_1_377' title='bbox 1404 3049 1552 3087; x_wconf 89' lang='lat' dir='ltr'><strong>mare</strong></span> <span class='ocrx_word' id='word_1_378' title='bbox 1601 3034 1828 3095; x_wconf 89' lang='lat' dir='ltr'><strong>siccum,</strong></span> <span class='ocrx_word' id='word_1_379' title='bbox 1865 3041 1917 3089; x_wconf 89' lang='lat' dir='ltr'><strong>et</strong></span> <span class='ocrx_word' id='word_1_380' title='bbox 1948 3034 2033 3087; x_wconf 92' lang='lat' dir='ltr'><strong>di-</strong></span> 
     </span>
    </p>
   </div>
   <div class='ocr_carea' id='block_1_50' title="bbox 467 3122 2031 3196">
    <p class='ocr_par' dir='ltr' id='par_1_50' title="bbox 467 3122 2031 3196">
     <span class='ocr_line' id='line_1_50' title="bbox 467 3122 2031 3196; baseline 0 -17"><span class='ocrx_word' id='word_1_381' title='bbox 467 3127 586 3181; x_wconf 86' lang='lat' dir='ltr'><strong>visa</strong></span> <span class='ocrx_word' id='word_1_382' title='bbox 618 3135 702 3181; x_wconf 88' lang='lat' dir='ltr'><strong>est</strong></span> <span class='ocrx_word' id='word_1_383' title='bbox 740 3141 901 3196; x_wconf 88' lang='lat' dir='ltr'><strong>aqua,</strong></span> <span class='ocrx_word' id='word_1_384' title='bbox 937 3135 990 3180; x_wconf 89' lang='lat' dir='ltr'><strong>et</strong></span> <span class='ocrx_word' id='word_1_385' title='bbox 1040 3126 1376 3181; x_wconf 83' lang='lat' dir='ltr'><strong>transierunt</strong></span> <span class='ocrx_word' id='word_1_386' title='bbox 1429 3124 1524 3178; x_wconf 94' lang='lat' dir='ltr'><strong>ﬁlii</strong></span> <span class='ocrx_word' id='word_1_387' title='bbox 1573 3122 1738 3179; x_wconf 90' lang='lat' dir='ltr'><strong>Israel</strong></span> <span class='ocrx_word' id='word_1_388' title='bbox 1786 3140 1881 3195; x_wconf 89' lang='lat' dir='ltr'><strong>per</strong></span> <span class='ocrx_word' id='word_1_389' title='bbox 1916 3139 2031 3179; x_wconf 85' lang='lat' dir='ltr'><strong>me-</strong></span> 
     </span>
    </p>
   </div>
   <div class='ocr_carea' id='block_1_51' title="bbox 467 3216 2032 3287">
    <p class='ocr_par' dir='ltr' id='par_1_51' title="bbox 467 3216 2032 3287">
     <span class='ocr_line' id='line_1_51' title="bbox 467 3216 2032 3287; baseline 0 -16"><span class='ocrx_word' id='word_1_390' title='bbox 467 3218 617 3271; x_wconf 89' lang='lat' dir='ltr'><strong>dium</strong></span> <span class='ocrx_word' id='word_1_391' title='bbox 656 3233 805 3272; x_wconf 91' lang='lat' dir='ltr'><strong>mare</strong></span> <span class='ocrx_word' id='word_1_392' title='bbox 839 3218 893 3271; x_wconf 92' lang='lat' dir='ltr'><strong>in</strong></span> <span class='ocrx_word' id='word_1_393' title='bbox 919 3222 1086 3278; x_wconf 91' lang='lat' dir='ltr'><strong>sicco.</strong></span> <span class='ocrx_word' id='word_1_394' title='bbox 1104 3226 1157 3272; x_wconf 88' lang='lat' dir='ltr'><strong>et</strong></span> <span class='ocrx_word' id='word_1_395' title='bbox 1181 3233 1320 3287; x_wconf 89' lang='lat' dir='ltr'><strong>aqua</strong></span> <span class='ocrx_word' id='word_1_396' title='bbox 1344 3218 1424 3272; x_wconf 89' lang='lat' dir='ltr'><strong>eis</strong></span> <span class='ocrx_word' id='word_1_397' title='bbox 1452 3233 1640 3272; x_wconf 89' lang='lat' dir='ltr'><strong>murus</strong></span> <span class='ocrx_word' id='word_1_398' title='bbox 1671 3231 1701 3270; x_wconf 91' lang='lat' dir='ltr'><strong>a</strong></span> <span class='ocrx_word' id='word_1_399' title='bbox 1725 3216 1951 3280; x_wconf 81' lang='lat' dir='ltr'><strong>dextris,</strong></span> <span class='ocrx_word' id='word_1_400' title='bbox 1977 3227 2032 3271; x_wconf 86' lang='lat' dir='ltr'><strong>et</strong></span> 
     </span>
    </p>
   </div>
   <div class='ocr_carea' id='block_1_52' title="bbox 467 3308 2031 3379">
    <p class='ocr_par' dir='ltr' id='par_1_52' title="bbox 467 3308 2031 3379">
     <span class='ocr_line' id='line_1_52' title="bbox 467 3308 2031 3379; baseline 0.001 -17"><span class='ocrx_word' id='word_1_401' title='bbox 467 3324 657 3363; x_wconf 86' lang='lat' dir='ltr'><strong>murus</strong></span> <span class='ocrx_word' id='word_1_402' title='bbox 715 3324 747 3362; x_wconf 88' lang='lat' dir='ltr'><strong>a</strong></span> <span class='ocrx_word' id='word_1_403' title='bbox 800 3308 1075 3365; x_wconf 68' lang='lat' dir='ltr'><strong>sinistris“</strong></span> <span class='ocrx_word' id='word_1_404' title='bbox 1120 3328 1133 3363; x_wconf 90' lang='lat'><strong>:</strong></span> <span class='ocrx_word' id='word_1_405' title='bbox 1186 3328 1205 3359; x_wconf 76' lang='grc' dir='ltr'><strong>ι</strong></span> <span class='ocrx_word' id='word_1_406' title='bbox 1254 3310 1416 3364; x_wconf 91' lang='lat' dir='ltr'><strong>simili</strong></span> <span class='ocrx_word' id='word_1_407' title='bbox 1467 3316 1755 3379; x_wconf 89' lang='lat' dir='ltr'><strong>potestate,</strong></span> <span class='ocrx_word' id='word_1_408' title='bbox 1804 3325 1868 3363; x_wconf 89' lang='lat' dir='ltr'><strong>ac</strong></span> <span class='ocrx_word' id='word_1_409' title='bbox 1920 3308 2031 3365; x_wconf 89' lang='lat' dir='ltr'><strong>Deo</strong></span> 
     </span>
    </p>
   </div>
   <div class='ocr_carea' id='block_1_53' title="bbox 418 3400 2031 3471">
    <p class='ocr_par' dir='ltr' id='par_1_53' title="bbox 418 3400 2031 3471">
     <span class='ocr_line' id='line_1_53' title="bbox 418 3400 2031 3471; baseline -0.001 -14"><span class='ocrx_word' id='word_1_410' title='bbox 418 3458 423 3463; x_wconf 83' lang='grc'><strong>,</strong></span> <span class='ocrx_word' id='word_1_411' title='bbox 466 3402 629 3457; x_wconf 89' lang='lat' dir='ltr'><strong>etiam</strong></span> <span class='ocrx_word' id='word_1_412' title='bbox 666 3402 1101 3459; x_wconf 83' lang='lat' dir='ltr'><strong>convcnientius.</strong></span> <span class='ocrx_word' id='word_1_413' title='bbox 1129 3400 1286 3455; x_wconf 85' lang='lat' dir='ltr'><strong>Jesus</strong></span> <span class='ocrx_word' id='word_1_414' title='bbox 1324 3402 1414 3471; x_wconf 93' lang='lat' dir='ltr'><strong>qui</strong></span> <span class='ocrx_word' id='word_1_415' title='bbox 1441 3401 1694 3457; x_wconf 89' lang='lat' dir='ltr'><strong>Christus</strong></span> <span class='ocrx_word' id='word_1_416' title='bbox 1719 3408 1804 3457; x_wconf 90' lang='lat' dir='ltr'><strong>est</strong></span> <span class='ocrx_word' id='word_1_417' title='bbox 1837 3400 1948 3468; x_wconf 91' lang='lat' dir='ltr'><strong>Dei,</strong></span> <span class='ocrx_word' id='word_1_418' title='bbox 1975 3401 2031 3456; x_wconf 91' lang='lat' dir='ltr'><strong>in</strong></span> 
     </span>
    </p>
   </div>
   <div class='ocr_carea' id='block_1_54' title="bbox 468 3491 2034 3562">
    <p class='ocr_par' dir='ltr' id='par_1_54' title="bbox 468 3491 2034 3562">
     <span class='ocr_line' id='line_1_54' title="bbox 468 3491 2034 3562; baseline 0 -17"><span class='ocrx_word' id='word_1_419' title='bbox 468 3492 755 3561; x_wconf 89' lang='lat' dir='ltr'><strong>superﬁcie</strong></span> <span class='ocrx_word' id='word_1_420' title='bbox 793 3492 958 3546; x_wconf 82' lang='lat' dir='ltr'><strong>maris</strong></span> <span class='ocrx_word' id='word_1_421' title='bbox 1008 3492 1315 3562; x_wconf 81' lang='lat' dir='ltr'><strong>ingrediens</strong></span> <span class='ocrx_word' id='word_1_422' title='bbox 1347 3491 1563 3547; x_wconf 89' lang='lat' dir='ltr'><strong>Petrum</strong></span> <span class='ocrx_word' id='word_1_423' title='bbox 1598 3493 1724 3547; x_wconf 87' lang='lat' dir='ltr'><strong>item</strong></span> <span class='ocrx_word' id='word_1_424' title='bbox 1758 3492 1826 3546; x_wconf 90' lang='lat' dir='ltr'><strong>ad</strong></span> <span class='ocrx_word' id='word_1_425' title='bbox 1859 3508 1917 3548; x_wconf 89' lang='lat' dir='ltr'><strong>se</strong></span> <span class='ocrx_word' id='word_1_426' title='bbox 1948 3493 2034 3546; x_wconf 84' lang='lat' dir='ltr'><strong>in-</strong></span> 
     </span>
    </p>
   </div>
   <div class='ocr_carea' id='block_1_55' title="bbox 467 3583 2026 3654">
    <p class='ocr_par' dir='ltr' id='par_1_55' title="bbox 467 3583 2026 3654">
     <span class='ocr_line' id='line_1_55' title="bbox 467 3583 2026 3654; baseline 0 -16"><span class='ocrx_word' id='word_1_427' title='bbox 467 3583 657 3638; x_wconf 89' lang='lat' dir='ltr'><strong>cedere</strong></span> <span class='ocrx_word' id='word_1_428' title='bbox 684 3598 850 3654; x_wconf 89' lang='lat' dir='ltr'><strong>super</strong></span> <span class='ocrx_word' id='word_1_429' title='bbox 887 3584 1073 3639; x_wconf 89' lang='lat' dir='ltr'><strong>eadem</strong></span> <span class='ocrx_word' id='word_1_430' title='bbox 1111 3583 1255 3639; x_wconf 88' lang='lat' dir='ltr'><strong>fecit.</strong></span> <span class='ocrx_word' id='word_1_431' title='bbox 1294 3583 1428 3637; x_wconf 88' lang='lat' dir='ltr'><strong>Nam</strong></span> <span class='ocrx_word' id='word_1_432' title='bbox 1477 3584 1559 3638; x_wconf 88' lang='lat' dir='ltr'><strong>sic</strong></span> <span class='ocrx_word' id='word_1_433' title='bbox 1601 3584 1861 3653; x_wconf 90' lang='lat' dir='ltr'><strong>scriptum</strong></span> <span class='ocrx_word' id='word_1_434' title='bbox 1894 3591 1979 3639; x_wconf 87' lang='lat' dir='ltr'><strong>est</strong></span> <span class='ocrx_word' id='word_1_435' title='bbox 2013 3603 2026 3638; x_wconf 93' lang='lat'>:</span> 
     </span>
    </p>
   </div>
   <div class='ocr_carea' id='block_1_56' title="bbox 471 3673 2030 3746">
    <p class='ocr_par' dir='ltr' id='par_1_56' title="bbox 471 3673 2030 3746">
     <span class='ocr_line' id='line_1_56' title="bbox 471 3673 2030 3746; baseline 0.003 -20"><span class='ocrx_word' id='word_1_436' title='bbox 471 3691 491 3725; x_wconf 81' lang='grc' dir='ltr'><strong>ι</strong></span> <span class='ocrx_word' id='word_1_437' title='bbox 519 3673 721 3741; x_wconf 85' lang='lat' dir='ltr'><strong>Quarta</strong></span> <span class='ocrx_word' id='word_1_438' title='bbox 767 3683 947 3730; x_wconf 91' lang='lat' dir='ltr'><strong>autem</strong></span> <span class='ocrx_word' id='word_1_439' title='bbox 986 3676 1170 3746; x_wconf 77' lang='lat' dir='ltr'><strong>vigilia</strong></span> <span class='ocrx_word' id='word_1_440' title='bbox 1219 3677 1420 3739; x_wconf 89' lang='lat' dir='ltr'><strong>noctis,</strong></span> <span class='ocrx_word' id='word_1_441' title='bbox 1445 3677 1593 3730; x_wconf 85' lang='lat' dir='ltr'><strong>venit</strong></span> <span class='ocrx_word' id='word_1_442' title='bbox 1621 3674 1782 3731; x_wconf 79' lang='lat' dir='ltr'><strong>Iesus</strong></span> <span class='ocrx_word' id='word_1_443' title='bbox 1806 3676 1873 3729; x_wconf 89' lang='lat' dir='ltr'><strong>ad</strong></span> <span class='ocrx_word' id='word_1_444' title='bbox 1905 3675 2030 3731; x_wconf 84' lang='lat' dir='ltr'><strong>illus</strong></span> 
     </span>
    </p>
   </div>
   <div class='ocr_carea' id='block_1_57' title="bbox 466 3766 2030 3836">
    <p class='ocr_par' dir='ltr' id='par_1_57' title="bbox 466 3766 2030 3836">
     <span class='ocr_line' id='line_1_57' title="bbox 466 3766 2030 3836; baseline 0 -17"><span class='ocrx_word' id='word_1_445' title='bbox 466 3767 749 3821; x_wconf 85' lang='lat' dir='ltr'><strong>ambulans</strong></span> <span class='ocrx_word' id='word_1_446' title='bbox 769 3782 934 3836; x_wconf 87' lang='lat' dir='ltr'><strong>supra</strong></span> <span class='ocrx_word' id='word_1_447' title='bbox 964 3782 1134 3831; x_wconf 87' lang='lat' dir='ltr'><strong>mare,</strong></span> <span class='ocrx_word' id='word_1_448' title='bbox 1154 3774 1345 3822; x_wconf 92' lang='lat' dir='ltr'><strong>etcum</strong></span> <span class='ocrx_word' id='word_1_449' title='bbox 1367 3766 1633 3821; x_wconf 90' lang='lat' dir='ltr'><strong>vidissent</strong></span> <span class='ocrx_word' id='word_1_450' title='bbox 1660 3766 1811 3820; x_wconf 89' lang='lat' dir='ltr'><strong>illum</strong></span> <span class='ocrx_word' id='word_1_451' title='bbox 1836 3766 2030 3820; x_wconf 90' lang='lat' dir='ltr'><strong>ambu-</strong></span> 
     </span>
    </p>
   </div>
   <div class='ocr_carea' id='block_1_58' title="bbox 466 3855 2025 3929">
    <p class='ocr_par' dir='ltr' id='par_1_58' title="bbox 466 3855 2025 3929">
     <span class='ocr_line' id='line_1_58' title="bbox 466 3855 2025 3929; baseline 0.001 -18"><span class='ocrx_word' id='word_1_452' title='bbox 466 3858 668 3912; x_wconf 86' lang='lat' dir='ltr'><strong>Ia&#39;ntem</strong></span> <span class='ocrx_word' id='word_1_453' title='bbox 684 3874 846 3926; x_wconf 89' lang='lat' dir='ltr'><strong>supra</strong></span> <span class='ocrx_word' id='word_1_454' title='bbox 862 3873 1031 3923; x_wconf 88' lang='lat' dir='ltr'><strong>mare,</strong></span> <span class='ocrx_word' id='word_1_455' title='bbox 1045 3859 1355 3913; x_wconf 83' lang='lat' dir='ltr'><strong>conturbati</strong></span> <span class='ocrx_word' id='word_1_456' title='bbox 1372 3866 1500 3913; x_wconf 87' lang='lat' dir='ltr'><strong>sunt</strong></span> <span class='ocrx_word' id='word_1_457' title='bbox 1515 3858 1556 3910; x_wconf 85' lang='grc'>⁷.</span> <span class='ocrx_word' id='word_1_458' title='bbox 1581 3877 1599 3909; x_wconf 77' lang='grc' dir='ltr'><strong>ι</strong></span> <span class='ocrx_word' id='word_1_459' title='bbox 1620 3855 1683 3909; x_wconf 83' lang='grc' dir='ltr'><strong>Ει</strong></span> <span class='ocrx_word' id='word_1_460' title='bbox 1700 3858 1856 3929; x_wconf 88' lang='lat' dir='ltr'><strong>paqu</strong></span> <span class='ocrx_word' id='word_1_461' title='bbox 1870 3865 1993 3927; x_wconf 89' lang='lat' dir='ltr'><strong>post</strong></span> <span class='ocrx_word' id='word_1_462' title='bbox 2012 3877 2025 3913; x_wconf 91' lang='lat'><strong>:</strong></span> 
     </span>
    </p>
   </div>
   <div class='ocr_carea' id='block_1_59' title="bbox 474 3947 2028 4016">
    <p class='ocr_par' dir='ltr' id='par_1_59' title="bbox 474 3947 2028 4016">
     <span class='ocr_line' id='line_1_59' title="bbox 474 3947 2028 4016; baseline 0.002 -17"><span class='ocrx_word' id='word_1_463' title='bbox 474 3967 492 3999; x_wconf 80' lang='grc' dir='ltr'><strong>ι</strong></span> <span class='ocrx_word' id='word_1_464' title='bbox 512 3947 869 4016; x_wconf 79' lang='lat' dir='ltr'><strong>Respondens</strong></span> <span class='ocrx_word' id='word_1_465' title='bbox 902 3955 1079 4001; x_wconf 88' lang='lat' dir='ltr'><strong>autem</strong></span> <span class='ocrx_word' id='word_1_466' title='bbox 1110 3947 1416 4013; x_wconf 85' lang='lat' dir='ltr'><strong>illiPetrus,</strong></span> <span class='ocrx_word' id='word_1_467' title='bbox 1444 3948 1579 4003; x_wconf 82' lang='lat' dir='ltr'><strong>dixit</strong></span> <span class='ocrx_word' id='word_1_468' title='bbox 1599 3968 1611 4001; x_wconf 90' lang='lat'><strong>:</strong></span> <span class='ocrx_word' id='word_1_469' title='bbox 1631 3947 1876 4013; x_wconf 89' lang='lat' dir='ltr'><strong>Domine,</strong></span> <span class='ocrx_word' id='word_1_470' title='bbox 1902 3949 1945 4002; x_wconf 93' lang='lat' dir='ltr'><strong>si</strong></span> <span class='ocrx_word' id='word_1_471' title='bbox 1970 3956 2028 4002; x_wconf 93' lang='lat' dir='ltr'><strong>tu</strong></span> 
     </span>
    </p>
   </div>
   <div class='ocr_carea' id='block_1_60' title="bbox 467 4038 2026 4110">
    <p class='ocr_par' dir='ltr' id='par_1_60' title="bbox 467 4038 2026 4110">
     <span class='ocr_line' id='line_1_60' title="bbox 467 4038 2026 4110; baseline -0.001 -17"><span class='ocrx_word' id='word_1_472' title='bbox 467 4056 546 4099; x_wconf 82' lang='lat' dir='ltr'><strong>es.</strong></span> <span class='ocrx_word' id='word_1_473' title='bbox 559 4040 688 4107; x_wconf 88' lang='lat' dir='ltr'><strong>jube</strong></span> <span class='ocrx_word' id='word_1_474' title='bbox 705 4054 789 4094; x_wconf 91' lang='lat' dir='ltr'><strong>me</strong></span> <span class='ocrx_word' id='word_1_475' title='bbox 804 4039 988 4094; x_wconf 88' lang='lat' dir='ltr'><strong>venire</strong></span> <span class='ocrx_word' id='word_1_476' title='bbox 1006 4038 1073 4092; x_wconf 88' lang='lat' dir='ltr'><strong>ad</strong></span> <span class='ocrx_word' id='word_1_477' title='bbox 1096 4050 1146 4094; x_wconf 94' lang='lat' dir='ltr'><strong>te</strong></span> <span class='ocrx_word' id='word_1_478' title='bbox 1168 4055 1331 4109; x_wconf 90' lang='lat' dir='ltr'><strong>super</strong></span> <span class='ocrx_word' id='word_1_479' title='bbox 1347 4054 1549 4110; x_wconf 88' lang='lat' dir='ltr'><strong>aquas:</strong></span> <span class='ocrx_word' id='word_1_480' title='bbox 1568 4040 1659 4095; x_wconf 88' lang='lat' dir='ltr'><strong>ille</strong></span> <span class='ocrx_word' id='word_1_481' title='bbox 1681 4049 1858 4095; x_wconf 90' lang='lat' dir='ltr'><strong>autem</strong></span> <span class='ocrx_word' id='word_1_482' title='bbox 1872 4039 2026 4102; x_wconf 84' lang='lat' dir='ltr'><strong>dixit,</strong></span> 
     </span>
    </p>
   </div>
   <div class='ocr_carea' id='block_1_61' title="bbox 470 4130 2030 4201">
    <p class='ocr_par' dir='ltr' id='par_1_61' title="bbox 470 4130 2030 4201">
     <span class='ocr_line' id='line_1_61' title="bbox 470 4130 2030 4201; baseline 0.001 -15"><span class='ocrx_word' id='word_1_483' title='bbox 470 4130 603 4186; x_wconf 84' lang='lat' dir='ltr'><strong>Veni</strong></span> <span class='ocrx_word' id='word_1_484' title='bbox 639 4151 651 4186; x_wconf 90' lang='lat'><strong>:</strong></span> <span class='ocrx_word' id='word_1_485' title='bbox 691 4141 746 4186; x_wconf 88' lang='lat' dir='ltr'><strong>et</strong></span> <span class='ocrx_word' id='word_1_486' title='bbox 778 4132 1115 4187; x_wconf 88' lang='lat' dir='ltr'><strong>descendens</strong></span> <span class='ocrx_word' id='word_1_487' title='bbox 1152 4132 1219 4187; x_wconf 91' lang='lat' dir='ltr'><strong>de</strong></span> <span class='ocrx_word' id='word_1_488' title='bbox 1269 4132 1393 4187; x_wconf 87' lang='lat' dir='ltr'><strong>navi</strong></span> <span class='ocrx_word' id='word_1_489' title='bbox 1438 4132 1669 4201; x_wconf 88' lang='lat' dir='ltr'><strong>Petrus,</strong></span> <span class='ocrx_word' id='word_1_490' title='bbox 1717 4133 2030 4187; x_wconf 88' lang='lat' dir='ltr'><strong>ambulabat</strong></span> 
     </span>
    </p>
   </div>
   <div class='ocr_carea' id='block_1_62' title="bbox 468 4224 2029 4295">
    <p class='ocr_par' dir='ltr' id='par_1_62' title="bbox 468 4224 2029 4295">
     <span class='ocr_line' id='line_1_62' title="bbox 468 4224 2029 4295; baseline -0.003 -14"><span class='ocrx_word' id='word_1_491' title='bbox 468 4242 630 4295; x_wconf 87' lang='lat' dir='ltr'><strong>supra</strong></span> <span class='ocrx_word' id='word_1_492' title='bbox 677 4227 905 4295; x_wconf 78' lang='lat' dir='ltr'><strong>aquas“.</strong></span> <span class='ocrx_word' id='word_1_493' title='bbox 948 4245 966 4277; x_wconf 74' lang='grc' dir='ltr'><strong>ι</strong></span> <span class='ocrx_word' id='word_1_494' title='bbox 1008 4224 1218 4282; x_wconf 81' lang='lat' dir='ltr'><strong>Rursus</strong></span> <span class='ocrx_word' id='word_1_495' title='bbox 1252 4225 1450 4290; x_wconf 87' lang='lat' dir='ltr'><strong>Moses,</strong></span> <span class='ocrx_word' id='word_1_496' title='bbox 1480 4236 1639 4281; x_wconf 89' lang='lat' dir='ltr'><strong>vento</strong></span> <span class='ocrx_word' id='word_1_497' title='bbox 1676 4235 1862 4280; x_wconf 89' lang='lat' dir='ltr'><strong>austro</strong></span> <span class='ocrx_word' id='word_1_498' title='bbox 1911 4225 2029 4277; x_wconf 87' lang='lat' dir='ltr'><strong>vio-</strong></span> 
     </span>
    </p>
   </div>
   <div class='ocr_carea' id='block_1_63' title="bbox 466 4315 2030 4388">
    <p class='ocr_par' dir='ltr' id='par_1_63' title="bbox 466 4315 2030 4388">
     <span class='ocr_line' id='line_1_63' title="bbox 466 4315 2030 4388; baseline -0.002 -16"><span class='ocrx_word' id='word_1_499' title='bbox 466 4319 612 4372; x_wconf 88' lang='lat' dir='ltr'><strong>lento</strong></span> <span class='ocrx_word' id='word_1_500' title='bbox 658 4334 809 4374; x_wconf 88' lang='lat' dir='ltr'><strong>mare</strong></span> <span class='ocrx_word' id='word_1_501' title='bbox 854 4319 1086 4373; x_wconf 82' lang='lat' dir='ltr'><strong>solidum</strong></span> <span class='ocrx_word' id='word_1_502' title='bbox 1130 4318 1276 4375; x_wconf 75' lang='lat' dir='ltr'><strong>fecrt.</strong></span> <span class='ocrx_word' id='word_1_503' title='bbox 1328 4316 1462 4371; x_wconf 86' lang='lat' dir='ltr'><strong>Nam</strong></span> <span class='ocrx_word' id='word_1_504' title='bbox 1495 4316 1776 4388; x_wconf 87' lang='lat' dir='ltr'><strong>Scriptura</strong></span> <span class='ocrx_word' id='word_1_505' title='bbox 1811 4335 1824 4370; x_wconf 91' lang='lat'><strong>:</strong></span> <span class='ocrx_word' id='word_1_506' title='bbox 1866 4334 1884 4367; x_wconf 84' lang='grc' dir='ltr'><strong>ι</strong></span> <span class='ocrx_word' id='word_1_507' title='bbox 1922 4315 2030 4369; x_wconf 75' lang='lat' dir='ltr'><strong>Ex-</strong></span> 
     </span>
    </p>
   </div>
   <div class='ocr_carea' id='block_1_64' title="bbox 466 4408 2101 4486">
    <p class='ocr_par' dir='ltr' id='par_1_64' title="bbox 466 4408 2101 4486">
     <span class='ocr_line' id='line_1_64' title="bbox 466 4408 2101 4486; baseline -0.002 -23"><span class='ocrx_word' id='word_1_508' title='bbox 466 4410 660 4470; x_wconf 83' lang='lat' dir='ltr'><strong>tendit,</strong></span> <span class='ocrx_word' id='word_1_509' title='bbox 690 4408 797 4480; x_wconf 81' lang='lat'><strong>93</strong></span> <span class='ocrx_word' id='word_1_510' title='bbox 818 4410 1008 4479; x_wconf 66' lang='lat' dir='ltr'><strong>&#39;inquit</strong></span> <span class='ocrx_word' id='word_1_511' title='bbox 1037 4449 1052 4473; x_wconf 94' lang='lat'><strong>,</strong></span> <span class='ocrx_word' id='word_1_512' title='bbox 1091 4408 1265 4465; x_wconf 83' lang='lat' dir='ltr'><strong>Moses</strong></span> <span class='ocrx_word' id='word_1_513' title='bbox 1298 4423 1513 4462; x_wconf 90' lang='lat' dir='ltr'><strong>manum</strong></span> <span class='ocrx_word' id='word_1_514' title='bbox 1567 4422 1732 4477; x_wconf 90' lang='lat' dir='ltr'><strong>super</strong></span> <span class='ocrx_word' id='word_1_515' title='bbox 1763 4421 1932 4468; x_wconf 88' lang='lat' dir='ltr'><strong>mare,</strong></span> <span class='ocrx_word' id='word_1_516' title='bbox 1973 4415 2026 4460; x_wconf 90' lang='lat' dir='ltr'><strong>et</strong></span> <span class='ocrx_word' id='word_1_517' title='bbox 2056 4430 2101 4486; x_wconf 77' lang='grc' dir='ltr'><strong>ι)</strong></span> 
     </span>
    </p>
   </div>
   <div class='ocr_carea' id='block_1_65' title="bbox 468 4500 2022 4561">
    <p class='ocr_par' dir='ltr' id='par_1_65' title="bbox 468 4500 2022 4561">
     <span class='ocr_line' id='line_1_65' title="bbox 468 4500 2022 4561; baseline -0.005 -4"><span class='ocrx_word' id='word_1_518' title='bbox 468 4503 687 4558; x_wconf 88' lang='lat' dir='ltr'><strong>sustulit</strong></span> <span class='ocrx_word' id='word_1_519' title='bbox 716 4501 975 4557; x_wconf 89' lang='lat' dir='ltr'><strong>Dominus</strong></span> <span class='ocrx_word' id='word_1_520' title='bbox 998 4516 1147 4557; x_wconf 90' lang='lat' dir='ltr'><strong>mare</strong></span> <span class='ocrx_word' id='word_1_521' title='bbox 1185 4509 1344 4555; x_wconf 90' lang='lat' dir='ltr'><strong>vento</strong></span> <span class='ocrx_word' id='word_1_522' title='bbox 1371 4510 1557 4555; x_wconf 86' lang='lat' dir='ltr'><strong>austro</strong></span> <span class='ocrx_word' id='word_1_523' title='bbox 1583 4500 1821 4554; x_wconf 89' lang='lat' dir='ltr'><strong>violento</strong></span> <span class='ocrx_word' id='word_1_524' title='bbox 1845 4537 1861 4561; x_wconf 91' lang='lat'><strong>,</strong></span> <span class='ocrx_word' id='word_1_525' title='bbox 1907 4517 1925 4545; x_wconf 74' lang='grc' dir='ltr'><strong>ι</strong></span> <span class='ocrx_word' id='word_1_526' title='bbox 1959 4511 2022 4550; x_wconf 88' lang='lat' dir='ltr'><strong>ac</strong></span> 
     </span>
    </p>
   </div>
   <div class='ocr_carea' id='block_1_66' title="bbox 467 4587 2025 4663">
    <p class='ocr_par' dir='ltr' id='par_1_66' title="bbox 467 4587 2025 4663">
     <span class='ocr_line' id='line_1_66' title="bbox 467 4587 2025 4663; baseline -0.004 -15"><span class='ocrx_word' id='word_1_527' title='bbox 467 4593 785 4663; x_wconf 78' lang='lat' dir='ltr'><strong>subjungit:</strong></span> <span class='ocrx_word' id='word_1_528' title='bbox 829 4610 848 4644; x_wconf 81' lang='grc' dir='ltr'><strong>ι</strong></span> <span class='ocrx_word' id='word_1_529' title='bbox 891 4591 1169 4647; x_wconf 89' lang='lat' dir='ltr'><strong>Steterunt</strong></span> <span class='ocrx_word' id='word_1_530' title='bbox 1197 4590 1431 4652; x_wconf 68' lang='lat' dir='ltr'><strong>undaein</strong></span> <span class='ocrx_word' id='word_1_531' title='bbox 1466 4590 1642 4646; x_wconf 91' lang='lat' dir='ltr'><strong>medio</strong></span> <span class='ocrx_word' id='word_1_532' title='bbox 1663 4590 1796 4643; x_wconf 88' lang='lat' dir='ltr'><strong>mari</strong></span> <span class='ocrx_word' id='word_1_533' title='bbox 1830 4587 2025 4642; x_wconf 67' lang='lat' dir='ltr'><strong>’.»Ea-</strong></span> 
     </span>
    </p>
   </div>
   <div class='ocr_carea' id='block_1_67' title="bbox 466 4678 2026 4751">
    <p class='ocr_par' dir='ltr' id='par_1_67' title="bbox 466 4678 2026 4751">
     <span class='ocr_line' id='line_1_67' title="bbox 466 4678 2026 4751; baseline -0.005 -12"><span class='ocrx_word' id='word_1_534' title='bbox 466 4684 587 4739; x_wconf 90' lang='lat' dir='ltr'><strong>dem</strong></span> <span class='ocrx_word' id='word_1_535' title='bbox 610 4686 818 4739; x_wconf 88' lang='lat' dir='ltr'><strong>ratione</strong></span> <span class='ocrx_word' id='word_1_536' title='bbox 845 4698 908 4737; x_wconf 89' lang='lat' dir='ltr'><strong>ac</strong></span> <span class='ocrx_word' id='word_1_537' title='bbox 940 4683 1109 4737; x_wconf 92' lang='lat' dir='ltr'><strong>multo</strong></span> <span class='ocrx_word' id='word_1_538' title='bbox 1134 4681 1352 4751; x_wconf 86' lang='lat' dir='ltr'><strong>quidem</strong></span> <span class='ocrx_word' id='word_1_539' title='bbox 1384 4679 1750 4749; x_wconf 69' lang='lat' dir='ltr'><strong>praestantius,</strong></span> <span class='ocrx_word' id='word_1_540' title='bbox 1779 4678 2026 4732; x_wconf 85' lang='lat' dir='ltr'><strong>Salvator</strong></span> 
     </span>
    </p>
   </div>
   <div class='ocr_carea' id='block_1_68' title="bbox 467 4765 2026 4841">
    <p class='ocr_par' dir='ltr' id='par_1_68' title="bbox 467 4765 2026 4841">
     <span class='ocr_line' id='line_1_68' title="bbox 467 4765 2026 4841; baseline -0.004 -15"><span class='ocrx_word' id='word_1_541' title='bbox 467 4782 651 4827; x_wconf 87' lang='lat' dir='ltr'><strong>noster</strong></span> <span class='ocrx_word' id='word_1_542' title='bbox 687 4791 706 4823; x_wconf 75' lang='grc' dir='ltr'><strong>ι</strong></span> <span class='ocrx_word' id='word_1_543' title='bbox 742 4772 1013 4841; x_wconf 90' lang='lat' dir='ltr'><strong>increpuit</strong></span> <span class='ocrx_word' id='word_1_544' title='bbox 1044 4780 1257 4825; x_wconf 88' lang='lat' dir='ltr'><strong>ventum</strong></span> <span class='ocrx_word' id='word_1_545' title='bbox 1313 4778 1366 4824; x_wconf 90' lang='lat' dir='ltr'><strong>et</strong></span> <span class='ocrx_word' id='word_1_546' title='bbox 1402 4783 1552 4824; x_wconf 86' lang='lat' dir='ltr'><strong>mare</strong></span> <span class='ocrx_word' id='word_1_547' title='bbox 1581 4808 1597 4832; x_wconf 89' lang='lat'><strong>,</strong></span> <span class='ocrx_word' id='word_1_548' title='bbox 1652 4776 1707 4822; x_wconf 92' lang='lat' dir='ltr'><strong>et</strong></span> <span class='ocrx_word' id='word_1_549' title='bbox 1751 4765 1892 4820; x_wconf 88' lang='lat' dir='ltr'><strong>facta</strong></span> <span class='ocrx_word' id='word_1_550' title='bbox 1943 4775 2026 4820; x_wconf 89' lang='lat' dir='ltr'><strong>est</strong></span> 
     </span>
    </p>
   </div>
   <div class='ocr_carea' id='block_1_69' title="bbox 467 4854 2030 4932">
    <p class='ocr_par' dir='ltr' id='par_1_69' title="bbox 467 4854 2030 4932">
     <span class='ocr_line' id='line_1_69' title="bbox 467 4854 2030 4932; baseline -0.004 -15"><span class='ocrx_word' id='word_1_551' title='bbox 467 4863 830 4932; x_wconf 89' lang='lat' dir='ltr'><strong>tranquillitas</strong></span> <span class='ocrx_word' id='word_1_552' title='bbox 858 4876 1052 4930; x_wconf 80' lang='lat' dir='ltr'><strong>magna</strong></span> <span class='ocrx_word' id='word_1_553' title='bbox 1080 4860 1144 4914; x_wconf 72' lang='grc' dir='ltr'>ιθ.</span> <span class='ocrx_word' id='word_1_554' title='bbox 1182 4880 1201 4912; x_wconf 72' lang='grc' dir='ltr'><strong>ι</strong></span> <span class='ocrx_word' id='word_1_555' title='bbox 1230 4858 1396 4914; x_wconf 90' lang='lat' dir='ltr'><strong>Mosis</strong></span> <span class='ocrx_word' id='word_1_556' title='bbox 1426 4860 1552 4912; x_wconf 88' lang='lat' dir='ltr'><strong>item</strong></span> <span class='ocrx_word' id='word_1_557' title='bbox 1583 4857 1783 4918; x_wconf 87' lang='lat' dir='ltr'><strong>vultus,</strong></span> <span class='ocrx_word' id='word_1_558' title='bbox 1809 4871 1929 4909; x_wconf 91' lang='lat' dir='ltr'><strong>cum</strong></span> <span class='ocrx_word' id='word_1_559' title='bbox 1961 4854 2030 4910; x_wconf 85' lang='lat' dir='ltr'><strong>de</strong></span> 
     </span>
    </p>
   </div>
   <div class='ocr_carea' id='block_1_70' title="bbox 469 4946 2031 5020">
    <p class='ocr_par' dir='ltr' id='par_1_70' title="bbox 469 4946 2031 5020">
     <span class='ocr_line' id='line_1_70' title="bbox 469 4946 2031 5020; baseline -0.005 -13"><span class='ocrx_word' id='word_1_560' title='bbox 469 4964 650 5009; x_wconf 87' lang='lat' dir='ltr'><strong>monte</strong></span> <span class='ocrx_word' id='word_1_561' title='bbox 681 4950 1057 5017; x_wconf 87' lang='lat' dir='ltr'><strong>descenderet,</strong></span> <span class='ocrx_word' id='word_1_562' title='bbox 1110 4952 1436 5006; x_wconf 88' lang='lat' dir='ltr'><strong>cernebatur</strong></span> <span class='ocrx_word' id='word_1_563' title='bbox 1472 4950 1662 5020; x_wconf 86' lang='lat' dir='ltr'><strong>plenus</strong></span> <span class='ocrx_word' id='word_1_564' title='bbox 1693 4948 1883 5018; x_wconf 77' lang='lat' dir='ltr'><strong>gloria.</strong></span> <span class='ocrx_word' id='word_1_565' title='bbox 1939 4946 2031 5000; x_wconf 89' lang='lat' dir='ltr'><strong>Sic</strong></span> 
     </span>
    </p>
   </div>
   <div class='ocr_carea' id='block_1_71' title="bbox 469 5038 2031 5114">
    <p class='ocr_par' dir='ltr' id='par_1_71' title="bbox 469 5038 2031 5114">
     <span class='ocr_line' id='line_1_71' title="bbox 469 5038 2031 5114; baseline -0.003 -15"><span class='ocrx_word' id='word_1_566' title='bbox 469 5048 614 5100; x_wconf 86' lang='lat' dir='ltr'><strong>enim</strong></span> <span class='ocrx_word' id='word_1_567' title='bbox 641 5045 907 5114; x_wconf 88' lang='lat' dir='ltr'><strong>scriptum</strong></span> <span class='ocrx_word' id='word_1_568' title='bbox 931 5051 1017 5098; x_wconf 88' lang='lat' dir='ltr'><strong>est</strong></span> <span class='ocrx_word' id='word_1_569' title='bbox 1046 5060 1059 5096; x_wconf 90' lang='lat'>:</span> <span class='ocrx_word' id='word_1_570' title='bbox 1108 5062 1127 5094; x_wconf 75' lang='grc' dir='ltr'><strong>ι</strong></span> <span class='ocrx_word' id='word_1_571' title='bbox 1168 5041 1512 5099; x_wconf 90' lang='lat' dir='ltr'><strong>Descendens</strong></span> <span class='ocrx_word' id='word_1_572' title='bbox 1544 5048 1722 5095; x_wconf 89' lang='lat' dir='ltr'><strong>autem</strong></span> <span class='ocrx_word' id='word_1_573' title='bbox 1753 5038 1929 5095; x_wconf 82' lang='lat' dir='ltr'><strong>Moses</strong></span> <span class='ocrx_word' id='word_1_574' title='bbox 1962 5039 2031 5094; x_wconf 91' lang='lat' dir='ltr'><strong>de</strong></span> 
     </span>
    </p>
   </div>
   <div class='ocr_carea' id='block_1_72' title="bbox 475 5134 2032 5206">
    <p class='ocr_par' dir='ltr' id='par_1_72' title="bbox 475 5134 2032 5206">
     <span class='ocr_line' id='line_1_72' title="bbox 475 5134 2032 5206; baseline -0.003 -16"><span class='ocrx_word' id='word_1_575' title='bbox 475 5147 696 5201; x_wconf 88' lang='lat' dir='ltr'><strong>monte,</strong></span> <span class='ocrx_word' id='word_1_576' title='bbox 737 5137 854 5206; x_wconf 87' lang='lat' dir='ltr'><strong>ipse</strong></span> <span class='ocrx_word' id='word_1_577' title='bbox 881 5136 1156 5190; x_wconf 87' lang='lat' dir='ltr'><strong>nesciebat</strong></span> <span class='ocrx_word' id='word_1_578' title='bbox 1198 5136 1341 5205; x_wconf 87' lang='lat' dir='ltr'><strong>quod</strong></span> <span class='ocrx_word' id='word_1_579' title='bbox 1384 5134 1716 5204; x_wconf 82' lang='lat' dir='ltr'><strong>gloriﬁcatus</strong></span> <span class='ocrx_word' id='word_1_580' title='bbox 1764 5143 1908 5187; x_wconf 84' lang='lat' dir='ltr'><strong>esset</strong></span> <span class='ocrx_word' id='word_1_581' title='bbox 1943 5147 2032 5186; x_wconf 80' lang='lat' dir='ltr'><strong>as-</strong></span> 
     </span>
    </p>
   </div>
   <div class='ocr_carea' id='block_1_73' title="bbox 476 5226 2031 5301">
    <p class='ocr_par' dir='ltr' id='par_1_73' title="bbox 476 5226 2031 5301">
     <span class='ocr_line' id='line_1_73' title="bbox 476 5226 2031 5301; baseline -0.003 -18"><span class='ocrx_word' id='word_1_582' title='bbox 476 5241 666 5301; x_wconf 85' lang='lat' dir='ltr'><strong>pectus</strong></span> <span class='ocrx_word' id='word_1_583' title='bbox 682 5230 824 5284; x_wconf 76' lang='lat' dir='ltr'><strong>cutis</strong></span> <span class='ocrx_word' id='word_1_584' title='bbox 838 5227 992 5283; x_wconf 80' lang='lat' dir='ltr'><strong>faciei</strong></span> <span class='ocrx_word' id='word_1_585' title='bbox 1009 5244 1139 5291; x_wconf 69' lang='lat' dir='ltr'><strong>suae,</strong></span> <span class='ocrx_word' id='word_1_586' title='bbox 1157 5228 1283 5282; x_wconf 90' lang='lat' dir='ltr'><strong>dum</strong></span> <span class='ocrx_word' id='word_1_587' title='bbox 1299 5229 1364 5281; x_wconf 89' lang='lat' dir='ltr'><strong>ad</strong></span> <span class='ocrx_word' id='word_1_588' title='bbox 1387 5227 1561 5295; x_wconf 88' lang='lat' dir='ltr'><strong>ipsum</strong></span> <span class='ocrx_word' id='word_1_589' title='bbox 1588 5226 1897 5294; x_wconf 77' lang='lat' dir='ltr'><strong>loqueretur</strong></span> <span class='ocrx_word' id='word_1_590' title='bbox 1934 5243 1947 5277; x_wconf 93' lang='lat'><em>:</em></span> <span class='ocrx_word' id='word_1_591' title='bbox 1977 5234 2031 5279; x_wconf 89' lang='lat' dir='ltr'><strong>et</strong></span> 
     </span>
    </p>
   </div>
   <div class='ocr_carea' id='block_1_74' title="bbox 477 5316 2028 5391">
    <p class='ocr_par' dir='ltr' id='par_1_74' title="bbox 477 5316 2028 5391">
     <span class='ocr_line' id='line_1_74' title="bbox 477 5316 2028 5391; baseline -0.005 -15"><span class='ocrx_word' id='word_1_592' title='bbox 477 5324 610 5377; x_wconf 84' lang='lat' dir='ltr'><strong>vidit</strong></span> <span class='ocrx_word' id='word_1_593' title='bbox 663 5323 881 5384; x_wconf 80' lang='lat' dir='ltr'><strong>Aaron,</strong></span> <span class='ocrx_word' id='word_1_594' title='bbox 923 5337 1219 5391; x_wconf 87' lang='lat' dir='ltr'><strong>omnesque</strong></span> <span class='ocrx_word' id='word_1_595' title='bbox 1276 5321 1517 5374; x_wconf 82' lang='lat' dir='ltr'><strong>seniores</strong></span> <span class='ocrx_word' id='word_1_596' title='bbox 1571 5317 1802 5371; x_wconf 82' lang='lat' dir='ltr'><strong>ﬁliorum</strong></span> <span class='ocrx_word' id='word_1_597' title='bbox 1862 5316 2028 5371; x_wconf 86' lang='lat' dir='ltr'><strong>Israel</strong></span> 
     </span>
    </p>
   </div>
   <div class='ocr_carea' id='block_1_75' title="bbox 470 5406 2024 5481">
    <p class='ocr_par' dir='ltr' id='par_1_75' title="bbox 470 5406 2024 5481">
     <span class='ocr_line' id='line_1_75' title="bbox 470 5406 2024 5481; baseline -0.003 -17"><span class='ocrx_word' id='word_1_598' title='bbox 470 5410 655 5467; x_wconf 76' lang='lat' dir='ltr'><strong>Mosen</strong></span> <span class='ocrx_word' id='word_1_599' title='bbox 686 5449 700 5473; x_wconf 89' lang='lat'><strong>,</strong></span> <span class='ocrx_word' id='word_1_600' title='bbox 752 5417 807 5465; x_wconf 88' lang='lat' dir='ltr'><strong>et</strong></span> <span class='ocrx_word' id='word_1_601' title='bbox 853 5417 969 5466; x_wconf 89' lang='lat' dir='ltr'><strong>erat</strong></span> <span class='ocrx_word' id='word_1_602' title='bbox 1019 5410 1349 5481; x_wconf 76' lang='lat' dir='ltr'><strong>gloriﬁcatus</strong></span> <span class='ocrx_word' id='word_1_603' title='bbox 1400 5417 1650 5477; x_wconf 86' lang='lat' dir='ltr'><strong>aspectus</strong></span> <span class='ocrx_word' id='word_1_604' title='bbox 1688 5407 1830 5461; x_wconf 87' lang='lat' dir='ltr'><strong>cutis</strong></span> <span class='ocrx_word' id='word_1_605' title='bbox 1866 5406 2024 5460; x_wconf 82' lang='lat' dir='ltr'><strong>faciei</strong></span> 
     </span>
    </p>
   </div>
   <div class='ocr_carea' id='block_1_76' title="bbox 2132 1849 3688 1920">
    <p class='ocr_par' dir='ltr' id='par_1_76' title="bbox 2132 1849 3688 1920">
     <span class='ocr_line' id='line_1_76' title="bbox 2132 1849 3688 1920; baseline 0 -17"><span class='ocrx_word' id='word_1_606' title='bbox 2132 1850 2325 1915; x_wconf 86' lang='grc' dir='ltr'>πόσους</span> <span class='ocrx_word' id='word_1_607' title='bbox 2355 1850 2607 1919; x_wconf 79' lang='grc' dir='ltr'>κοφίνους</span> <span class='ocrx_word' id='word_1_608' title='bbox 2631 1849 2883 1914; x_wconf 54' lang='lat' dir='ltr'><strong>adﬁcta;</strong></span> <span class='ocrx_word' id='word_1_609' title='bbox 2912 1849 3029 1902; x_wconf 84' lang='grc' dir='ltr'>οὐδὲ</span> <span class='ocrx_word' id='word_1_610' title='bbox 3052 1851 3177 1912; x_wconf 77' lang='grc' dir='ltr'>τοὺς</span> <span class='ocrx_word' id='word_1_611' title='bbox 3204 1851 3345 1903; x_wconf 81' lang='grc' dir='ltr'>έπτὰ</span> <span class='ocrx_word' id='word_1_612' title='bbox 3366 1849 3476 1902; x_wconf 81' lang='grc' dir='ltr'>τῶν</span> <span class='ocrx_word' id='word_1_613' title='bbox 3503 1868 3688 1920; x_wconf 89' lang='grc' dir='ltr'>τετρα-</span> 
     </span>
    </p>
   </div>
   <div class='ocr_carea' id='block_1_77' title="bbox 2132 1938 3686 2012">
    <p class='ocr_par' dir='ltr' id='par_1_77' title="bbox 2132 1938 3686 2012">
     <span class='ocr_line' id='line_1_77' title="bbox 2132 1938 3686 2012; baseline -0.001 -17"><span class='ocrx_word' id='word_1_614' title='bbox 2132 1941 2432 2012; x_wconf 88' lang='grc' dir='ltr'>κισχιλίων,</span> <span class='ocrx_word' id='word_1_615' title='bbox 2486 1941 2580 1994; x_wconf 73' lang='grc' dir='ltr'><strong>καὶ</strong></span> <span class='ocrx_word' id='word_1_616' title='bbox 2618 1940 2788 2001; x_wconf 82' lang='grc' dir='ltr'>πόσας</span> <span class='ocrx_word' id='word_1_617' title='bbox 2834 1939 3094 2011; x_wconf 86' lang='grc' dir='ltr'>σπυρίδας</span> <span class='ocrx_word' id='word_1_618' title='bbox 3140 1938 3392 2005; x_wconf 79' lang='grc' dir='ltr'>ὲλάὸετε;</span> <span class='ocrx_word' id='word_1_619' title='bbox 3454 1960 3473 1992; x_wconf 76' lang='grc' dir='ltr'><strong>ι</strong></span> <span class='ocrx_word' id='word_1_620' title='bbox 3525 1942 3686 1994; x_wconf 83' lang='grc' dir='ltr'>Πάλιν</span> 
     </span>
    </p>
   </div>
   <div class='ocr_carea' id='block_1_78' title="bbox 2132 2031 3686 2103">
    <p class='ocr_par' dir='ltr' id='par_1_78' title="bbox 2132 2031 3686 2103">
     <span class='ocr_line' id='line_1_78' title="bbox 2132 2031 3686 2103; baseline -0.002 -15"><span class='ocrx_word' id='word_1_621' title='bbox 2132 2033 2369 2103; x_wconf 82' lang='grc' dir='ltr'>Μωϋσῆς</span> <span class='ocrx_word' id='word_1_622' title='bbox 2388 2032 2475 2085; x_wconf 82' lang='grc' dir='ltr'><strong>διὰ</strong></span> <span class='ocrx_word' id='word_1_623' title='bbox 2501 2033 2670 2103; x_wconf 84' lang='grc' dir='ltr'>μέσης</span> <span class='ocrx_word' id='word_1_624' title='bbox 2692 2033 2788 2103; x_wconf 82' lang='grc' dir='ltr'>τῆς</span> <span class='ocrx_word' id='word_1_625' title='bbox 2809 2032 3079 2101; x_wconf 81' lang='grc' dir='ltr'>θαλάσσης</span> <span class='ocrx_word' id='word_1_626' title='bbox 3105 2031 3306 2101; x_wconf 82' lang='grc' dir='ltr'>διῆλθε,</span> <span class='ocrx_word' id='word_1_627' title='bbox 3330 2033 3426 2085; x_wconf 77' lang='grc' dir='ltr'>καὶ</span> <span class='ocrx_word' id='word_1_628' title='bbox 3454 2032 3544 2086; x_wconf 75' lang='grc' dir='ltr'>τὸν</span> <span class='ocrx_word' id='word_1_629' title='bbox 3570 2033 3686 2085; x_wconf 83' lang='grc' dir='ltr'>λαὸν</span> 
     </span>
    </p>
   </div>
   <div class='ocr_carea' id='block_1_79' title="bbox 2129 2118 3687 2193">
    <p class='ocr_par' dir='ltr' id='par_1_79' title="bbox 2129 2118 3687 2193">
     <span class='ocr_line' id='line_1_79' title="bbox 2129 2118 3687 2193; baseline 0.001 -19"><span class='ocrx_word' id='word_1_630' title='bbox 2129 2121 2397 2193; x_wconf 85' lang='grc' dir='ltr'>ώδήγησε.</span> <span class='ocrx_word' id='word_1_631' title='bbox 2434 2123 2593 2190; x_wconf 85' lang='grc' dir='ltr'>Λέγει</span> <span class='ocrx_word' id='word_1_632' title='bbox 2620 2123 2663 2175; x_wconf 81' lang='grc' dir='ltr'>δ’</span> <span class='ocrx_word' id='word_1_633' title='bbox 2688 2118 2778 2175; x_wconf 85' lang='grc' dir='ltr'>οὖν</span> <span class='ocrx_word' id='word_1_634' title='bbox 2810 2123 2842 2191; x_wconf 84' lang='grc' dir='ltr'><strong>ή</strong></span> <span class='ocrx_word' id='word_1_635' title='bbox 2877 2122 3061 2191; x_wconf 76' lang='grc' dir='ltr'>Γραφή</span> <span class='ocrx_word' id='word_1_636' title='bbox 3084 2139 3096 2151; x_wconf 93' lang='grc'><strong>·</strong></span> <span class='ocrx_word' id='word_1_637' title='bbox 3131 2142 3149 2172; x_wconf 79' lang='grc' dir='ltr'><strong>ι</strong></span> <span class='ocrx_word' id='word_1_638' title='bbox 3200 2121 3461 2187; x_wconf 79' lang='grc' dir='ltr'>Ἐξέτεινε</span> <span class='ocrx_word' id='word_1_639' title='bbox 3491 2123 3687 2193; x_wconf 80' lang='grc' dir='ltr'>Μωσῆς</span> 
     </span>
    </p>
   </div>
   <div class='ocr_carea' id='block_1_80' title="bbox 2130 2212 3687 2286">
    <p class='ocr_par' dir='ltr' id='par_1_80' title="bbox 2130 2212 3687 2286">
     <span class='ocr_line' id='line_1_80' title="bbox 2130 2212 3687 2286; baseline 0.002 -20"><span class='ocrx_word' id='word_1_640' title='bbox 2130 2213 2228 2284; x_wconf 87' lang='grc' dir='ltr'>τὴν</span> <span class='ocrx_word' id='word_1_641' title='bbox 2275 2216 2430 2286; x_wconf 84' lang='grc' dir='ltr'>χεῖρα</span> <span class='ocrx_word' id='word_1_642' title='bbox 2480 2212 2645 2267; x_wconf 77' lang='grc' dir='ltr'>αὑτοῦ</span> <span class='ocrx_word' id='word_1_643' title='bbox 2689 2213 2780 2267; x_wconf 76' lang='grc' dir='ltr'><strong>ἐπὶ</strong></span> <span class='ocrx_word' id='word_1_644' title='bbox 2824 2214 2922 2284; x_wconf 88' lang='grc' dir='ltr'>τὴν</span> <span class='ocrx_word' id='word_1_645' title='bbox 2964 2212 3253 2276; x_wconf 90' lang='grc' dir='ltr'>θάλασσαν,</span> <span class='ocrx_word' id='word_1_646' title='bbox 3310 2215 3408 2268; x_wconf 80' lang='grc' dir='ltr'><strong>καὶ</strong></span> <span class='ocrx_word' id='word_1_647' title='bbox 3446 2216 3687 2286; x_wconf 73' lang='grc' dir='ltr'>ύπήγαγε</span> 
     </span>
    </p>
   </div>
   <div class='ocr_carea' id='block_1_81' title="bbox 2131 2304 3689 2377">
    <p class='ocr_par' dir='ltr' id='par_1_81' title="bbox 2131 2304 3689 2377">
     <span class='ocr_line' id='line_1_81' title="bbox 2131 2304 3689 2377; baseline 0.001 -20"><span class='ocrx_word' id='word_1_648' title='bbox 2131 2305 2333 2374; x_wconf 85' lang='grc' dir='ltr'>Κύριος</span> <span class='ocrx_word' id='word_1_649' title='bbox 2374 2305 2470 2374; x_wconf 80' lang='grc' dir='ltr'>τὴν</span> <span class='ocrx_word' id='word_1_650' title='bbox 2511 2305 2779 2358; x_wconf 84' lang='grc' dir='ltr'>θάλασσαν</span> <span class='ocrx_word' id='word_1_651' title='bbox 2827 2304 3012 2375; x_wconf 85' lang='grc' dir='ltr'>ἀνέμῳ</span> <span class='ocrx_word' id='word_1_652' title='bbox 3059 2306 3196 2375; x_wconf 89' lang='grc' dir='ltr'>νότῳ</span> <span class='ocrx_word' id='word_1_653' title='bbox 3239 2305 3401 2376; x_wconf 83' lang='grc' dir='ltr'>βιαίῳ</span> <span class='ocrx_word' id='word_1_654' title='bbox 3441 2306 3568 2376; x_wconf 86' lang='grc' dir='ltr'>ὅλην</span> <span class='ocrx_word' id='word_1_655' title='bbox 3597 2305 3689 2377; x_wconf 81' lang='grc' dir='ltr'>τὴν</span> 
     </span>
    </p>
   </div>
   <div class='ocr_carea' id='block_1_82' title="bbox 2133 2395 3689 2469">
    <p class='ocr_par' dir='ltr' id='par_1_82' title="bbox 2133 2395 3689 2469">
     <span class='ocr_line' id='line_1_82' title="bbox 2133 2395 3689 2469; baseline 0.002 -23"><span class='ocrx_word' id='word_1_656' title='bbox 2133 2395 2365 2467; x_wconf 77' lang='grc' dir='ltr'>ἡμέραν,</span> <span class='ocrx_word' id='word_1_657' title='bbox 2407 2397 2500 2448; x_wconf 81' lang='grc' dir='ltr'>καὶ</span> <span class='ocrx_word' id='word_1_658' title='bbox 2536 2396 2755 2465; x_wconf 77' lang='grc' dir='ltr'>εποίησε</span> <span class='ocrx_word' id='word_1_659' title='bbox 2783 2396 2881 2466; x_wconf 84' lang='grc' dir='ltr'>τὴν</span> <span class='ocrx_word' id='word_1_660' title='bbox 2915 2396 3184 2450; x_wconf 88' lang='grc' dir='ltr'>θάλασσαν</span> <span class='ocrx_word' id='word_1_661' title='bbox 3212 2397 3406 2469; x_wconf 83' lang='grc' dir='ltr'>ξηρὰν,</span> <span class='ocrx_word' id='word_1_662' title='bbox 3431 2398 3523 2451; x_wconf 73' lang='grc' dir='ltr'>καὶ</span> <span class='ocrx_word' id='word_1_663' title='bbox 3548 2397 3689 2467; x_wconf 76' lang='grc' dir='ltr'>ἐσχί-</span> 
     </span>
    </p>
   </div>
   <div class='ocr_carea' id='block_1_83' title="bbox 2134 2485 3692 2560">
    <p class='ocr_par' dir='ltr' id='par_1_83' title="bbox 2134 2485 3692 2560">
     <span class='ocr_line' id='line_1_83' title="bbox 2134 2485 3692 2560; baseline 0.003 -22"><span class='ocrx_word' id='word_1_664' title='bbox 2134 2487 2231 2557; x_wconf 86' lang='grc' dir='ltr'><strong>σθη</strong></span> <span class='ocrx_word' id='word_1_665' title='bbox 2266 2487 2325 2539; x_wconf 86' lang='grc' dir='ltr'>τὸ</span> <span class='ocrx_word' id='word_1_666' title='bbox 2356 2485 2517 2556; x_wconf 75' lang='grc' dir='ltr'>ὕδωρ,</span> <span class='ocrx_word' id='word_1_667' title='bbox 2558 2487 2651 2539; x_wconf 73' lang='grc' dir='ltr'>καὶ</span> <span class='ocrx_word' id='word_1_668' title='bbox 2686 2486 2897 2557; x_wconf 81' lang='grc' dir='ltr'>διῆλθον</span> <span class='ocrx_word' id='word_1_669' title='bbox 2929 2491 2978 2540; x_wconf 80' lang='grc' dir='ltr'>οἱ</span> <span class='ocrx_word' id='word_1_670' title='bbox 3017 2489 3120 2541; x_wconf 80' lang='grc' dir='ltr'>υίοὶ</span> <span class='ocrx_word' id='word_1_671' title='bbox 3157 2488 3371 2560; x_wconf 81' lang='grc' dir='ltr'>Ἰσραὴλ</span> <span class='ocrx_word' id='word_1_672' title='bbox 3396 2489 3486 2542; x_wconf 77' lang='grc' dir='ltr'><strong>διὰ</strong></span> <span class='ocrx_word' id='word_1_673' title='bbox 3529 2489 3692 2559; x_wconf 84' lang='grc' dir='ltr'>μέσης</span> 
     </span>
    </p>
   </div>
   <div class='ocr_carea' id='block_1_84' title="bbox 2130 2578 3691 2652">
    <p class='ocr_par' dir='ltr' id='par_1_84' title="bbox 2130 2578 3691 2652">
     <span class='ocr_line' id='line_1_84' title="bbox 2130 2578 3691 2652; baseline 0.001 -21"><span class='ocrx_word' id='word_1_674' title='bbox 2130 2582 2228 2649; x_wconf 86' lang='grc' dir='ltr'>τῆς</span> <span class='ocrx_word' id='word_1_675' title='bbox 2272 2578 2543 2647; x_wconf 81' lang='grc' dir='ltr'>θαλάσσης</span> <span class='ocrx_word' id='word_1_676' title='bbox 2588 2582 2726 2631; x_wconf 68' lang='grc' dir='ltr'>κατὰ</span> <span class='ocrx_word' id='word_1_677' title='bbox 2771 2580 2831 2632; x_wconf 83' lang='grc' dir='ltr'>τὸ</span> <span class='ocrx_word' id='word_1_678' title='bbox 2867 2580 3049 2651; x_wconf 77' lang='grc' dir='ltr'>ξηρὸν,</span> <span class='ocrx_word' id='word_1_679' title='bbox 3090 2581 3185 2633; x_wconf 73' lang='grc' dir='ltr'>καὶ</span> <span class='ocrx_word' id='word_1_680' title='bbox 3228 2581 3286 2633; x_wconf 76' lang='grc' dir='ltr'>τὸ</span> <span class='ocrx_word' id='word_1_681' title='bbox 3333 2582 3478 2652; x_wconf 79' lang='grc' dir='ltr'>ὕδωρ</span> <span class='ocrx_word' id='word_1_682' title='bbox 3518 2582 3691 2644; x_wconf 80' lang='grc' dir='ltr'>αὐτοῖς</span> 
     </span>
    </p>
   </div>
   <div class='ocr_carea' id='block_1_85' title="bbox 2130 2668 3690 2740">
    <p class='ocr_par' dir='ltr' id='par_1_85' title="bbox 2130 2668 3690 2740">
     <span class='ocr_line' id='line_1_85' title="bbox 2130 2668 3690 2740; baseline 0.002 -19"><span class='ocrx_word' id='word_1_683' title='bbox 2130 2672 2305 2739; x_wconf 87' lang='grc' dir='ltr'>τεῖχος</span> <span class='ocrx_word' id='word_1_684' title='bbox 2328 2671 2391 2721; x_wconf 83' lang='grc' dir='ltr'>ὲκ</span> <span class='ocrx_word' id='word_1_685' title='bbox 2405 2668 2614 2732; x_wconf 78' lang='grc' dir='ltr'>δεξιῶν,</span> <span class='ocrx_word' id='word_1_686' title='bbox 2636 2671 2729 2721; x_wconf 80' lang='grc' dir='ltr'>καὶ</span> <span class='ocrx_word' id='word_1_687' title='bbox 2750 2672 2923 2739; x_wconf 87' lang='grc' dir='ltr'>τεῖχος</span> <span class='ocrx_word' id='word_1_688' title='bbox 2944 2671 3000 2737; x_wconf 80' lang='grc' dir='ltr'>ἐξ</span> <span class='ocrx_word' id='word_1_689' title='bbox 3032 2671 3347 2740; x_wconf 77' lang='grc' dir='ltr'>εὐωνύμων.</span> <span class='ocrx_word' id='word_1_690' title='bbox 3364 2692 3383 2722; x_wconf 74' lang='grc' dir='ltr'><strong>ι</strong></span> <span class='ocrx_word' id='word_1_691' title='bbox 3425 2671 3690 2735; x_wconf 87' lang='grc' dir='ltr'>Ὡσαύτως</span> 
     </span>
    </p>
   </div>
   <div class='ocr_carea' id='block_1_86' title="bbox 2130 2758 3694 2832">
    <p class='ocr_par' dir='ltr' id='par_1_86' title="bbox 2130 2758 3694 2832">
     <span class='ocr_line' id='line_1_86' title="bbox 2130 2758 3694 2832; baseline 0.001 -21"><span class='ocrx_word' id='word_1_692' title='bbox 2130 2758 2187 2811; x_wconf 87' lang='grc' dir='ltr'>δὲ</span> <span class='ocrx_word' id='word_1_693' title='bbox 2238 2759 2332 2811; x_wconf 80' lang='grc' dir='ltr'><strong>καὶ</strong></span> <span class='ocrx_word' id='word_1_694' title='bbox 2386 2759 2582 2829; x_wconf 82' lang='grc' dir='ltr'>μᾶλλον</span> <span class='ocrx_word' id='word_1_695' title='bbox 2630 2759 3085 2831; x_wconf 85' lang='grc' dir='ltr'>θεοπρεπέστερον</span> <span class='ocrx_word' id='word_1_696' title='bbox 3137 2760 3348 2831; x_wconf 78' lang='grc' dir='ltr'>Ἰησοῦς</span> <span class='ocrx_word' id='word_1_697' title='bbox 3394 2763 3423 2813; x_wconf 89' lang='grc' dir='ltr'>ὁ</span> <span class='ocrx_word' id='word_1_698' title='bbox 3466 2762 3694 2832; x_wconf 86' lang='grc' dir='ltr'>Χριστὸς</span> 
     </span>
    </p>
   </div>
   <div class='ocr_carea' id='block_1_87' title="bbox 2131 2849 3694 2923">
    <p class='ocr_par' dir='ltr' id='par_1_87' title="bbox 2131 2849 3694 2923">
     <span class='ocr_line' id='line_1_87' title="bbox 2131 2849 3694 2923; baseline -0.001 -19"><span class='ocrx_word' id='word_1_699' title='bbox 2131 2850 2223 2904; x_wconf 78' lang='grc' dir='ltr'>τοῦ</span> <span class='ocrx_word' id='word_1_700' title='bbox 2275 2849 2406 2902; x_wconf 82' lang='grc' dir='ltr'>Θεοῦ</span> <span class='ocrx_word' id='word_1_701' title='bbox 2472 2850 2565 2903; x_wconf 76' lang='grc' dir='ltr'><strong>ἐπὶ</strong></span> <span class='ocrx_word' id='word_1_702' title='bbox 2635 2852 2732 2921; x_wconf 83' lang='grc' dir='ltr'>τῆς</span> <span class='ocrx_word' id='word_1_703' title='bbox 2799 2849 3069 2921; x_wconf 78' lang='grc' dir='ltr'>Θαλάσσης</span> <span class='ocrx_word' id='word_1_704' title='bbox 3134 2854 3539 2923; x_wconf 83' lang='grc' dir='ltr'>περιπατήσας,</span> <span class='ocrx_word' id='word_1_705' title='bbox 3605 2851 3694 2904; x_wconf 74' lang='grc' dir='ltr'>καὶ</span> 
     </span>
    </p>
   </div>
   <div class='ocr_carea' id='block_1_88' title="bbox 2130 2942 3694 3014">
    <p class='ocr_par' dir='ltr' id='par_1_88' title="bbox 2130 2942 3694 3014">
     <span class='ocr_line' id='line_1_88' title="bbox 2130 2942 3694 3014; baseline 0.001 -19"><span class='ocrx_word' id='word_1_706' title='bbox 2130 2943 2220 2995; x_wconf 81' lang='grc' dir='ltr'>τὸν</span> <span class='ocrx_word' id='word_1_707' title='bbox 2261 2943 2462 3014; x_wconf 88' lang='grc' dir='ltr'>Πέτρον</span> <span class='ocrx_word' id='word_1_708' title='bbox 2501 2942 2701 3012; x_wconf 85' lang='grc' dir='ltr'>βαίνειν</span> <span class='ocrx_word' id='word_1_709' title='bbox 2746 2944 2832 2995; x_wconf 75' lang='grc' dir='ltr'><strong>ἐπ’</strong></span> <span class='ocrx_word' id='word_1_710' title='bbox 2876 2943 3042 3013; x_wconf 78' lang='grc' dir='ltr'>αὐτῆς</span> <span class='ocrx_word' id='word_1_711' title='bbox 3086 2943 3328 3014; x_wconf 84' lang='grc' dir='ltr'>ἐποίησε.</span> <span class='ocrx_word' id='word_1_712' title='bbox 3386 2944 3694 3014; x_wconf 87' lang='grc' dir='ltr'>Γέγραπται</span> 
     </span>
    </p>
   </div>
   <div class='ocr_carea' id='block_1_89' title="bbox 2132 3029 3697 3104">
    <p class='ocr_par' dir='ltr' id='par_1_89' title="bbox 2132 3029 3697 3104">
     <span class='ocr_line' id='line_1_89' title="bbox 2132 3029 3697 3104; baseline -0.001 -17"><span class='ocrx_word' id='word_1_713' title='bbox 2132 3034 2177 3087; x_wconf 84' lang='grc' dir='ltr'>δ’</span> <span class='ocrx_word' id='word_1_714' title='bbox 2215 3029 2326 3087; x_wconf 75' lang='grc' dir='ltr'>οὖν·</span> <span class='ocrx_word' id='word_1_715' title='bbox 2382 3052 2400 3084; x_wconf 83' lang='grc' dir='ltr'><strong>ι</strong></span> <span class='ocrx_word' id='word_1_716' title='bbox 2444 3032 2691 3104; x_wconf 85' lang='grc' dir='ltr'>Τετάρτῃ</span> <span class='ocrx_word' id='word_1_717' title='bbox 2731 3033 2786 3086; x_wconf 84' lang='grc' dir='ltr'>δὲ</span> <span class='ocrx_word' id='word_1_718' title='bbox 2836 3033 3047 3103; x_wconf 79' lang='grc' dir='ltr'>φυλακῇ</span> <span class='ocrx_word' id='word_1_719' title='bbox 3087 3034 3185 3103; x_wconf 83' lang='grc' dir='ltr'>τῆς</span> <span class='ocrx_word' id='word_1_720' title='bbox 3227 3035 3425 3098; x_wconf 80' lang='grc' dir='ltr'>νυκτὸς</span> <span class='ocrx_word' id='word_1_721' title='bbox 3468 3030 3624 3104; x_wconf 79' lang='grc' dir='ltr'>ἦλθεν</span> <span class='ocrx_word' id='word_1_722' title='bbox 3668 3034 3697 3085; x_wconf 85' lang='lat'><strong>6</strong></span> 
     </span>
    </p>
   </div>
   <div class='ocr_carea' id='block_1_90' title="bbox 2144 3123 3695 3197">
    <p class='ocr_par' dir='ltr' id='par_1_90' title="bbox 2144 3123 3695 3197">
     <span class='ocr_line' id='line_1_90' title="bbox 2144 3123 3695 3197; baseline -0.001 -18"><span class='ocrx_word' id='word_1_723' title='bbox 2144 3124 2348 3196; x_wconf 80' lang='grc' dir='ltr'>Ἰησοῦς</span> <span class='ocrx_word' id='word_1_724' title='bbox 2379 3126 2514 3197; x_wconf 86' lang='grc' dir='ltr'>πρὸς</span> <span class='ocrx_word' id='word_1_725' title='bbox 2558 3127 2755 3188; x_wconf 79' lang='grc' dir='ltr'>αὐτοὺς</span> <span class='ocrx_word' id='word_1_726' title='bbox 2785 3123 3096 3196; x_wconf 85' lang='grc' dir='ltr'>περιπατῶν</span> <span class='ocrx_word' id='word_1_727' title='bbox 3130 3126 3221 3178; x_wconf 75' lang='grc' dir='ltr'><strong>ἐπὶ</strong></span> <span class='ocrx_word' id='word_1_728' title='bbox 3250 3128 3355 3196; x_wconf 79' lang='grc' dir='ltr'>τῆς</span> <span class='ocrx_word' id='word_1_729' title='bbox 3394 3125 3695 3195; x_wconf 81' lang='grc' dir='ltr'>θαλάσσης·</span> 
     </span>
    </p>
   </div>
   <div class='ocr_carea' id='block_1_91' title="bbox 2132 3216 3698 3288">
    <p class='ocr_par' dir='ltr' id='par_1_91' title="bbox 2132 3216 3698 3288">
     <span class='ocr_line' id='line_1_91' title="bbox 2132 3216 3698 3288; baseline 0 -18"><span class='ocrx_word' id='word_1_730' title='bbox 2132 3219 2225 3270; x_wconf 77' lang='grc' dir='ltr'>καὶ</span> <span class='ocrx_word' id='word_1_731' title='bbox 2261 3218 2455 3280; x_wconf 82' lang='grc' dir='ltr'>ίδόντες</span> <span class='ocrx_word' id='word_1_732' title='bbox 2495 3217 2653 3271; x_wconf 83' lang='grc' dir='ltr'>αὐτὸν</span> <span class='ocrx_word' id='word_1_733' title='bbox 2690 3216 3085 3287; x_wconf 82' lang='grc' dir='ltr'>περιπατοῦντα</span> <span class='ocrx_word' id='word_1_734' title='bbox 3121 3218 3211 3270; x_wconf 79' lang='grc' dir='ltr'><strong>έπί</strong></span> <span class='ocrx_word' id='word_1_735' title='bbox 3251 3220 3359 3288; x_wconf 82' lang='grc' dir='ltr'>τῆς</span> <span class='ocrx_word' id='word_1_736' title='bbox 3407 3218 3698 3287; x_wconf 87' lang='grc' dir='ltr'>θαλάσσης,</span> 
     </span>
    </p>
   </div>
   <div class='ocr_carea' id='block_1_92' title="bbox 2133 3307 3700 3381">
    <p class='ocr_par' dir='ltr' id='par_1_92' title="bbox 2133 3307 3700 3381">
     <span class='ocr_line' id='line_1_92' title="bbox 2133 3307 3700 3381; baseline -0.001 -19"><span class='ocrx_word' id='word_1_737' title='bbox 2133 3309 2525 3381; x_wconf 80' lang='grc' dir='ltr'>ἐταράχθησαν.</span> <span class='ocrx_word' id='word_1_738' title='bbox 2568 3328 2588 3362; x_wconf 84' lang='grc'><strong>›</strong></span> <span class='ocrx_word' id='word_1_739' title='bbox 2638 3310 2748 3362; x_wconf 74' lang='grc' dir='ltr'><strong>Καὶ</strong></span> <span class='ocrx_word' id='word_1_740' title='bbox 2794 3310 2910 3379; x_wconf 83' lang='grc' dir='ltr'>μετ’</span> <span class='ocrx_word' id='word_1_741' title='bbox 2943 3308 3126 3377; x_wconf 82' lang='grc' dir='ltr'>ὀλίγα·</span> <span class='ocrx_word' id='word_1_742' title='bbox 3186 3329 3204 3360; x_wconf 79' lang='grc' dir='ltr'><strong>ι</strong></span> <span class='ocrx_word' id='word_1_743' title='bbox 3258 3310 3610 3380; x_wconf 81' lang='grc' dir='ltr'>Ἀποκριθεὶς</span> <span class='ocrx_word' id='word_1_744' title='bbox 3646 3307 3700 3360; x_wconf 85' lang='grc' dir='ltr'>δὲ</span> 
     </span>
    </p>
   </div>
   <div class='ocr_carea' id='block_1_93' title="bbox 2130 3395 3698 3472">
    <p class='ocr_par' dir='ltr' id='par_1_93' title="bbox 2130 3395 3698 3472">
     <span class='ocr_line' id='line_1_93' title="bbox 2130 3395 3698 3472; baseline 0.002 -21"><span class='ocrx_word' id='word_1_745' title='bbox 2130 3400 2275 3469; x_wconf 81' lang='grc' dir='ltr'>αὐτῷ</span> <span class='ocrx_word' id='word_1_746' title='bbox 2307 3403 2335 3453; x_wconf 89' lang='lat'><strong>6</strong></span> <span class='ocrx_word' id='word_1_747' title='bbox 2368 3400 2571 3472; x_wconf 86' lang='grc' dir='ltr'>Πέτρος</span> <span class='ocrx_word' id='word_1_748' title='bbox 2604 3396 2723 3453; x_wconf 83' lang='grc' dir='ltr'>εἷπε</span> <span class='ocrx_word' id='word_1_749' title='bbox 2744 3416 2758 3431; x_wconf 80' lang='grc'><em>’</em></span> <span class='ocrx_word' id='word_1_750' title='bbox 2808 3400 3002 3471; x_wconf 83' lang='grc' dir='ltr'>Κύριε,</span> <span class='ocrx_word' id='word_1_751' title='bbox 3034 3401 3081 3452; x_wconf 84' lang='grc' dir='ltr'>εἰ</span> <span class='ocrx_word' id='word_1_752' title='bbox 3114 3401 3176 3454; x_wconf 82' lang='grc' dir='ltr'>σὺ</span> <span class='ocrx_word' id='word_1_753' title='bbox 3224 3395 3292 3464; x_wconf 76' lang='grc' dir='ltr'>εἴ,</span> <span class='ocrx_word' id='word_1_754' title='bbox 3342 3401 3599 3454; x_wconf 85' lang='grc' dir='ltr'>κέλευσόν</span> <span class='ocrx_word' id='word_1_755' title='bbox 3636 3416 3698 3470; x_wconf 78' lang='grc' dir='ltr'><strong>με</strong></span> 
     </span>
    </p>
   </div>
   <div class='ocr_carea' id='block_1_94' title="bbox 2132 3489 3697 3563">
    <p class='ocr_par' dir='ltr' id='par_1_94' title="bbox 2132 3489 3697 3563">
     <span class='ocr_line' id='line_1_94' title="bbox 2132 3489 3697 3563; baseline -0.001 -19"><span class='ocrx_word' id='word_1_756' title='bbox 2132 3492 2300 3545; x_wconf 77' lang='grc' dir='ltr'>ἐλθεῖν</span> <span class='ocrx_word' id='word_1_757' title='bbox 2335 3493 2468 3563; x_wconf 77' lang='grc' dir='ltr'>πρὸς</span> <span class='ocrx_word' id='word_1_758' title='bbox 2500 3492 2557 3544; x_wconf 88' lang='grc' dir='ltr'>σὲ</span> <span class='ocrx_word' id='word_1_759' title='bbox 2595 3492 2688 3544; x_wconf 76' lang='grc' dir='ltr'><strong>ἐπὶ</strong></span> <span class='ocrx_word' id='word_1_760' title='bbox 2744 3491 2812 3544; x_wconf 85' lang='grc' dir='ltr'><strong>τὰ</strong></span> <span class='ocrx_word' id='word_1_761' title='bbox 2859 3491 3040 3544; x_wconf 75' lang='grc' dir='ltr'>ὕδατα.</span> <span class='ocrx_word' id='word_1_762' title='bbox 3093 3492 3149 3544; x_wconf 89' lang='lat'><strong>&#39;0</strong></span> <span class='ocrx_word' id='word_1_763' title='bbox 3177 3492 3231 3545; x_wconf 81' lang='grc' dir='ltr'>δὲ</span> <span class='ocrx_word' id='word_1_764' title='bbox 3272 3489 3452 3546; x_wconf 79' lang='grc' dir='ltr'>εἶπεν.</span> <span class='ocrx_word' id='word_1_765' title='bbox 3517 3490 3697 3545; x_wconf 86' lang='grc' dir='ltr'>Ἐλθέ·</span> 
     </span>
    </p>
   </div>
   <div class='ocr_carea' id='block_1_95' title="bbox 2130 3582 3702 3657">
    <p class='ocr_par' dir='ltr' id='par_1_95' title="bbox 2130 3582 3702 3657">
     <span class='ocr_line' id='line_1_95' title="bbox 2130 3582 3702 3657; baseline -0.001 -20"><span class='ocrx_word' id='word_1_766' title='bbox 2130 3586 2224 3638; x_wconf 69' lang='grc' dir='ltr'><strong>καὶ</strong></span> <span class='ocrx_word' id='word_1_767' title='bbox 2286 3585 2525 3647; x_wconf 78' lang='grc' dir='ltr'>καταϐὰς</span> <span class='ocrx_word' id='word_1_768' title='bbox 2588 3583 2696 3637; x_wconf 84' lang='grc' dir='ltr'><strong>ἀπὸ</strong></span> <span class='ocrx_word' id='word_1_769' title='bbox 2741 3583 2834 3637; x_wconf 80' lang='grc' dir='ltr'><strong>τοῦ</strong></span> <span class='ocrx_word' id='word_1_770' title='bbox 2907 3583 3090 3637; x_wconf 89' lang='grc' dir='ltr'>πλοίου</span> <span class='ocrx_word' id='word_1_771' title='bbox 3158 3585 3369 3654; x_wconf 88' lang='grc' dir='ltr'>Πέτρος</span> <span class='ocrx_word' id='word_1_772' title='bbox 3443 3582 3702 3657; x_wconf 83' lang='grc' dir='ltr'>περιεπά-</span> 
     </span>
    </p>
   </div>
   <div class='ocr_carea' id='block_1_96' title="bbox 2130 3673 3703 3745">
    <p class='ocr_par' dir='ltr' id='par_1_96' title="bbox 2130 3673 3703 3745">
     <span class='ocr_line' id='line_1_96' title="bbox 2130 3673 3703 3745; baseline -0.002 -18"><span class='ocrx_word' id='word_1_773' title='bbox 2130 3691 2291 3742; x_wconf 85' lang='grc' dir='ltr'>τησεν</span> <span class='ocrx_word' id='word_1_774' title='bbox 2340 3675 2431 3726; x_wconf 74' lang='grc' dir='ltr'><strong>ἐπὶ</strong></span> <span class='ocrx_word' id='word_1_775' title='bbox 2472 3675 2538 3727; x_wconf 82' lang='grc' dir='ltr'><strong>τὰ</strong></span> <span class='ocrx_word' id='word_1_776' title='bbox 2578 3673 2765 3726; x_wconf 74' lang='grc' dir='ltr'>ὕδατα.</span> <span class='ocrx_word' id='word_1_777' title='bbox 2802 3693 2819 3725; x_wconf 76' lang='grc' dir='ltr'><strong>ι</strong></span> <span class='ocrx_word' id='word_1_778' title='bbox 2866 3674 3033 3726; x_wconf 82' lang='grc' dir='ltr'>Πάλιν</span> <span class='ocrx_word' id='word_1_779' title='bbox 3072 3675 3315 3745; x_wconf 80' lang='grc' dir='ltr'>Μωῡσῆς</span> <span class='ocrx_word' id='word_1_780' title='bbox 3345 3674 3540 3745; x_wconf 83' lang='grc' dir='ltr'>ἀνέμῳ</span> <span class='ocrx_word' id='word_1_781' title='bbox 3570 3673 3703 3742; x_wconf 87' lang='grc' dir='ltr'>νότῳ</span> 
     </span>
    </p>
   </div>
   <div class='ocr_carea' id='block_1_97' title="bbox 2132 3760 3699 3836">
    <p class='ocr_par' dir='ltr' id='par_1_97' title="bbox 2132 3760 3699 3836">
     <span class='ocr_line' id='line_1_97' title="bbox 2132 3760 3699 3836; baseline 0.001 -20"><span class='ocrx_word' id='word_1_782' title='bbox 2132 3764 2285 3833; x_wconf 84' lang='grc' dir='ltr'>βιαίῳ</span> <span class='ocrx_word' id='word_1_783' title='bbox 2335 3763 2500 3834; x_wconf 72' lang='grc' dir='ltr'>ἔπηξε</span> <span class='ocrx_word' id='word_1_784' title='bbox 2538 3763 2636 3834; x_wconf 84' lang='grc' dir='ltr'>τὴν</span> <span class='ocrx_word' id='word_1_785' title='bbox 2687 3763 2977 3818; x_wconf 80' lang='grc' dir='ltr'>θάλασσαν.</span> <span class='ocrx_word' id='word_1_786' title='bbox 3011 3764 3170 3831; x_wconf 85' lang='grc' dir='ltr'>Λέγει</span> <span class='ocrx_word' id='word_1_787' title='bbox 3197 3763 3239 3815; x_wconf 80' lang='grc' dir='ltr'>δ’</span> <span class='ocrx_word' id='word_1_788' title='bbox 3270 3760 3369 3817; x_wconf 81' lang='grc' dir='ltr'>οὖν</span> <span class='ocrx_word' id='word_1_789' title='bbox 3404 3769 3439 3836; x_wconf 81' lang='grc' dir='ltr'>ἡ</span> <span class='ocrx_word' id='word_1_790' title='bbox 3479 3766 3520 3817; x_wconf 90' lang='grc' dir='ltr'><strong>Γ</strong></span> <span class='ocrx_word' id='word_1_791' title='bbox 3526 3766 3699 3836; x_wconf 62' lang='lat' dir='ltr'><strong>pacm“</strong></span> 
     </span>
    </p>
   </div>
   <div class='ocr_carea' id='block_1_98' title="bbox 2134 3855 3701 3927">
    <p class='ocr_par' dir='ltr' id='par_1_98' title="bbox 2134 3855 3701 3927">
     <span class='ocr_line' id='line_1_98' title="bbox 2134 3855 3701 3927; baseline 0 -19"><span class='ocrx_word' id='word_1_792' title='bbox 2134 3877 2152 3907; x_wconf 77' lang='grc' dir='ltr'><strong>ι</strong></span> <span class='ocrx_word' id='word_1_793' title='bbox 2210 3856 2465 3921; x_wconf 81' lang='grc' dir='ltr'>Ἐξέτεινε</span> <span class='ocrx_word' id='word_1_794' title='bbox 2493 3855 2550 3908; x_wconf 80' lang='grc' dir='ltr'>δὲ</span> <span class='ocrx_word' id='word_1_795' title='bbox 2575 3856 2810 3927; x_wconf 82' lang='grc' dir='ltr'>Μωῡσῆς</span> <span class='ocrx_word' id='word_1_796' title='bbox 2841 3855 2935 3926; x_wconf 79' lang='grc' dir='ltr'>τὴν</span> <span class='ocrx_word' id='word_1_797' title='bbox 2965 3859 3119 3927; x_wconf 89' lang='grc' dir='ltr'>χεῖρα</span> <span class='ocrx_word' id='word_1_798' title='bbox 3151 3857 3241 3908; x_wconf 77' lang='grc' dir='ltr'><strong>ἐπὶ</strong></span> <span class='ocrx_word' id='word_1_799' title='bbox 3267 3856 3369 3927; x_wconf 85' lang='grc' dir='ltr'>τὴν</span> <span class='ocrx_word' id='word_1_800' title='bbox 3403 3857 3701 3918; x_wconf 87' lang='grc' dir='ltr'>θάλασσαν,</span> 
     </span>
    </p>
   </div>
   <div class='ocr_carea' id='block_1_99' title="bbox 2131 3944 3705 4018">
    <p class='ocr_par' dir='ltr' id='par_1_99' title="bbox 2131 3944 3705 4018">
     <span class='ocr_line' id='line_1_99' title="bbox 2131 3944 3705 4018; baseline 0.001 -20"><span class='ocrx_word' id='word_1_801' title='bbox 2131 3947 2221 3998; x_wconf 74' lang='grc' dir='ltr'><strong>καὶ</strong></span> <span class='ocrx_word' id='word_1_802' title='bbox 2274 3946 2522 4016; x_wconf 85' lang='grc' dir='ltr'>ύπήγαγε</span> <span class='ocrx_word' id='word_1_803' title='bbox 2582 3944 2784 4011; x_wconf 83' lang='grc' dir='ltr'>Κύριος</span> <span class='ocrx_word' id='word_1_804' title='bbox 2834 3946 2933 4015; x_wconf 75' lang='grc' dir='ltr'>τὴν</span> <span class='ocrx_word' id='word_1_805' title='bbox 2985 3944 3258 3997; x_wconf 84' lang='grc' dir='ltr'>θάλασσαν</span> <span class='ocrx_word' id='word_1_806' title='bbox 3322 3946 3520 4018; x_wconf 83' lang='grc' dir='ltr'>ἀνέμῳ</span> <span class='ocrx_word' id='word_1_807' title='bbox 3571 3946 3705 4016; x_wconf 85' lang='grc' dir='ltr'>νότῳ</span> 
     </span>
    </p>
   </div>
   <div class='ocr_carea' id='block_1_100' title="bbox 2131 4035 3707 4109">
    <p class='ocr_par' dir='ltr' id='par_1_100' title="bbox 2131 4035 3707 4109">
     <span class='ocr_line' id='line_1_100' title="bbox 2131 4035 3707 4109; baseline -0.001 -19"><span class='ocrx_word' id='word_1_808' title='bbox 2131 4036 2307 4107; x_wconf 87' lang='grc' dir='ltr'>βιαίῳ.</span> <span class='ocrx_word' id='word_1_809' title='bbox 2360 4055 2377 4086; x_wconf 74' lang='grc' dir='ltr'><strong>ι</strong></span> <span class='ocrx_word' id='word_1_810' title='bbox 2432 4036 2540 4088; x_wconf 68' lang='grc' dir='ltr'><strong>Καὶ</strong></span> <span class='ocrx_word' id='word_1_811' title='bbox 2579 4035 2864 4106; x_wconf 69' lang='grc' dir='ltr'>ἐπιφέρει*</span> <span class='ocrx_word' id='word_1_812' title='bbox 2921 4054 2938 4086; x_wconf 83' lang='grc' dir='ltr'><strong>ι</strong></span> <span class='ocrx_word' id='word_1_813' title='bbox 2987 4036 3194 4106; x_wconf 84' lang='grc' dir='ltr'>Ἐπάγη</span> <span class='ocrx_word' id='word_1_814' title='bbox 3243 4036 3316 4089; x_wconf 81' lang='grc' dir='ltr'><strong>τὰ</strong></span> <span class='ocrx_word' id='word_1_815' title='bbox 3370 4040 3603 4109; x_wconf 85' lang='grc' dir='ltr'>κύματα</span> <span class='ocrx_word' id='word_1_816' title='bbox 3651 4041 3707 4091; x_wconf 80' lang='grc' dir='ltr'>ὲν</span> 
     </span>
    </p>
   </div>
   <div class='ocr_carea' id='block_1_101' title="bbox 2132 4126 3705 4199">
    <p class='ocr_par' dir='ltr' id='par_1_101' title="bbox 2132 4126 3705 4199">
     <span class='ocr_line' id='line_1_101' title="bbox 2132 4126 3705 4199; baseline 0 -19"><span class='ocrx_word' id='word_1_817' title='bbox 2132 4129 2278 4199; x_wconf 88' lang='grc' dir='ltr'>μέσῳ</span> <span class='ocrx_word' id='word_1_818' title='bbox 2304 4128 2401 4198; x_wconf 80' lang='grc' dir='ltr'>τῆς</span> <span class='ocrx_word' id='word_1_819' title='bbox 2439 4127 2732 4197; x_wconf 87' lang='grc' dir='ltr'>θαλάσσης.</span> <span class='ocrx_word' id='word_1_820' title='bbox 2774 4146 2792 4178; x_wconf 77' lang='grc' dir='ltr'><strong>ι</strong></span> <span class='ocrx_word' id='word_1_821' title='bbox 2837 4126 3105 4189; x_wconf 81' lang='grc' dir='ltr'>Ὡσαύτως</span> <span class='ocrx_word' id='word_1_822' title='bbox 3139 4127 3194 4178; x_wconf 84' lang='grc' dir='ltr'>δὲ</span> <span class='ocrx_word' id='word_1_823' title='bbox 3228 4129 3325 4180; x_wconf 75' lang='grc' dir='ltr'><strong>καὶ</strong></span> <span class='ocrx_word' id='word_1_824' title='bbox 3353 4128 3494 4181; x_wconf 81' lang='grc' dir='ltr'>πολὺ</span> <span class='ocrx_word' id='word_1_825' title='bbox 3526 4144 3705 4199; x_wconf 86' lang='grc' dir='ltr'>κρειτ-</span> 
     </span>
    </p>
   </div>
   <div class='ocr_carea' id='block_1_102' title="bbox 2126 4214 3705 4288">
    <p class='ocr_par' dir='ltr' id='par_1_102' title="bbox 2126 4214 3705 4288">
     <span class='ocr_line' id='line_1_102' title="bbox 2126 4214 3705 4288; baseline 0 -20"><span class='ocrx_word' id='word_1_826' title='bbox 2126 4218 2291 4280; x_wconf 86' lang='grc' dir='ltr'>τόνως</span> <span class='ocrx_word' id='word_1_827' title='bbox 2323 4217 2351 4268; x_wconf 88' lang='grc' dir='ltr'>ὁ</span> <span class='ocrx_word' id='word_1_828' title='bbox 2385 4215 2571 4286; x_wconf 83' lang='grc' dir='ltr'>Σωτὴρ</span> <span class='ocrx_word' id='word_1_829' title='bbox 2604 4215 2759 4286; x_wconf 80' lang='grc' dir='ltr'>ἡμῶν</span> <span class='ocrx_word' id='word_1_830' title='bbox 2803 4215 3099 4285; x_wconf 79' lang='grc' dir='ltr'>ἐπετίμησε</span> <span class='ocrx_word' id='word_1_831' title='bbox 3150 4214 3227 4284; x_wconf 84' lang='grc' dir='ltr'><strong>τῷ</strong></span> <span class='ocrx_word' id='word_1_832' title='bbox 3273 4216 3473 4288; x_wconf 84' lang='grc' dir='ltr'>ἀνέμῳ</span> <span class='ocrx_word' id='word_1_833' title='bbox 3519 4217 3614 4270; x_wconf 73' lang='grc' dir='ltr'>καὶ</span> <span class='ocrx_word' id='word_1_834' title='bbox 3641 4219 3705 4287; x_wconf 78' lang='grc' dir='ltr'><strong>τῇ</strong></span> 
     </span>
    </p>
   </div>
   <div class='ocr_carea' id='block_1_103' title="bbox 2128 4304 3708 4377">
    <p class='ocr_par' dir='ltr' id='par_1_103' title="bbox 2128 4304 3708 4377">
     <span class='ocr_line' id='line_1_103' title="bbox 2128 4304 3708 4377; baseline 0 -19"><span class='ocrx_word' id='word_1_835' title='bbox 2128 4305 2387 4377; x_wconf 82' lang='grc' dir='ltr'>θαλάσσῃ,</span> <span class='ocrx_word' id='word_1_836' title='bbox 2434 4307 2524 4358; x_wconf 70' lang='grc' dir='ltr'><strong>καὶ</strong></span> <span class='ocrx_word' id='word_1_837' title='bbox 2558 4307 2771 4374; x_wconf 79' lang='grc' dir='ltr'>ἐγένετο</span> <span class='ocrx_word' id='word_1_838' title='bbox 2801 4304 3007 4374; x_wconf 84' lang='grc' dir='ltr'>γαλήνη</span> <span class='ocrx_word' id='word_1_839' title='bbox 3045 4304 3273 4375; x_wconf 84' lang='grc' dir='ltr'>μεγάλη.</span> <span class='ocrx_word' id='word_1_840' title='bbox 3316 4304 3493 4359; x_wconf 82' lang='grc' dir='ltr'>Πάλιν</span> <span class='ocrx_word' id='word_1_841' title='bbox 3546 4307 3708 4358; x_wconf 64' lang='lat' dir='ltr'><strong>Mm?)-</strong></span> 
     </span>
    </p>
   </div>
   <div class='ocr_carea' id='block_1_104' title="bbox 2128 4394 3710 4468">
    <p class='ocr_par' dir='ltr' id='par_1_104' title="bbox 2128 4394 3710 4468">
     <span class='ocr_line' id='line_1_104' title="bbox 2128 4394 3710 4468; baseline -0.004 -17"><span class='ocrx_word' id='word_1_842' title='bbox 2128 4398 2263 4461; x_wconf 89' lang='grc' dir='ltr'>σέως</span> <span class='ocrx_word' id='word_1_843' title='bbox 2295 4396 2402 4450; x_wconf 81' lang='grc' dir='ltr'><strong>ἀπὸ</strong></span> <span class='ocrx_word' id='word_1_844' title='bbox 2432 4396 2524 4449; x_wconf 79' lang='grc' dir='ltr'>τοῦ</span> <span class='ocrx_word' id='word_1_845' title='bbox 2558 4397 2714 4468; x_wconf 77' lang='grc' dir='ltr'>ὅρους</span> <span class='ocrx_word' id='word_1_846' title='bbox 2739 4395 3032 4459; x_wconf 84' lang='grc' dir='ltr'>κατιόντος,</span> <span class='ocrx_word' id='word_1_847' title='bbox 3076 4394 3136 4446; x_wconf 85' lang='grc' dir='ltr'>τὸ</span> <span class='ocrx_word' id='word_1_848' title='bbox 3166 4394 3470 4464; x_wconf 77' lang='grc' dir='ltr'>πρόσωπον</span> <span class='ocrx_word' id='word_1_849' title='bbox 3502 4396 3710 4466; x_wconf 79' lang='grc' dir='ltr'>ἑωρᾶτο</span> 
     </span>
    </p>
   </div>
   <div class='ocr_carea' id='block_1_105' title="bbox 2129 4484 3708 4562">
    <p class='ocr_par' dir='ltr' id='par_1_105' title="bbox 2129 4484 3708 4562">
     <span class='ocr_line' id='line_1_105' title="bbox 2129 4484 3708 4562; baseline -0.003 -19"><span class='ocrx_word' id='word_1_850' title='bbox 2129 4491 2339 4562; x_wconf 84' lang='grc' dir='ltr'>πλήρης</span> <span class='ocrx_word' id='word_1_851' title='bbox 2381 4489 2555 4559; x_wconf 79' lang='grc' dir='ltr'>δόξης.</span> <span class='ocrx_word' id='word_1_852' title='bbox 2592 4489 2901 4561; x_wconf 76' lang='grc' dir='ltr'>Γέγραπται</span> <span class='ocrx_word' id='word_1_853' title='bbox 2944 4489 2986 4541; x_wconf 77' lang='grc' dir='ltr'>δ’</span> <span class='ocrx_word' id='word_1_854' title='bbox 3020 4484 3139 4542; x_wconf 78' lang='grc' dir='ltr'>οὖν·</span> <span class='ocrx_word' id='word_1_855' title='bbox 3190 4505 3209 4537; x_wconf 78' lang='grc' dir='ltr'><strong>ι</strong></span> <span class='ocrx_word' id='word_1_856' title='bbox 3251 4489 3630 4542; x_wconf 71' lang='grc' dir='ltr'>Καταὸαίνων</span> <span class='ocrx_word' id='word_1_857' title='bbox 3666 4487 3708 4538; x_wconf 81' lang='grc' dir='ltr'>δ’</span> 
     </span>
    </p>
   </div>
   <div class='ocr_carea' id='block_1_106' title="bbox 2129 4581 3711 4654">
    <p class='ocr_par' dir='ltr' id='par_1_106' title="bbox 2129 4581 3711 4654">
     <span class='ocr_line' id='line_1_106' title="bbox 2129 4581 3711 4654; baseline -0.003 -19"><span class='ocrx_word' id='word_1_858' title='bbox 2129 4583 2288 4645; x_wconf 76' lang='grc' dir='ltr'>αὐτὸς</span> <span class='ocrx_word' id='word_1_859' title='bbox 2317 4585 2381 4635; x_wconf 81' lang='grc' dir='ltr'>ὲκ</span> <span class='ocrx_word' id='word_1_860' title='bbox 2411 4581 2503 4634; x_wconf 79' lang='grc' dir='ltr'>τοῦ</span> <span class='ocrx_word' id='word_1_861' title='bbox 2526 4582 2683 4654; x_wconf 78' lang='grc' dir='ltr'>ὄρους</span> <span class='ocrx_word' id='word_1_862' title='bbox 2709 4583 2963 4651; x_wconf 83' lang='grc' dir='ltr'>Μωῡσῆς,</span> <span class='ocrx_word' id='word_1_863' title='bbox 2997 4581 3094 4633; x_wconf 80' lang='grc' dir='ltr'>οὐκ</span> <span class='ocrx_word' id='word_1_864' title='bbox 3115 4581 3252 4651; x_wconf 68' lang='grc' dir='ltr'>ᾔδει,</span> <span class='ocrx_word' id='word_1_865' title='bbox 3278 4581 3368 4633; x_wconf 86' lang='grc' dir='ltr'>ὃτι</span> <span class='ocrx_word' id='word_1_866' title='bbox 3394 4581 3711 4647; x_wconf 80' lang='grc' dir='ltr'>δεδόξασται</span> 
     </span>
    </p>
   </div>
   <div class='ocr_carea' id='block_1_107' title="bbox 2128 4672 3715 4745">
    <p class='ocr_par' dir='ltr' id='par_1_107' title="bbox 2128 4672 3715 4745">
     <span class='ocr_line' id='line_1_107' title="bbox 2128 4672 3715 4745; baseline -0.002 -18"><span class='ocrx_word' id='word_1_867' title='bbox 2128 4678 2161 4745; x_wconf 77' lang='grc' dir='ltr'>ἡ</span> <span class='ocrx_word' id='word_1_868' title='bbox 2196 4674 2316 4744; x_wconf 61' lang='grc' dir='ltr'>ὄφις</span> <span class='ocrx_word' id='word_1_869' title='bbox 2347 4672 2439 4727; x_wconf 83' lang='grc' dir='ltr'>τοῦ</span> <span class='ocrx_word' id='word_1_870' title='bbox 2471 4674 2675 4745; x_wconf 85' lang='grc' dir='ltr'>χρωτὸς</span> <span class='ocrx_word' id='word_1_871' title='bbox 2707 4673 2798 4729; x_wconf 80' lang='grc' dir='ltr'>τοῦ</span> <span class='ocrx_word' id='word_1_872' title='bbox 2842 4672 3129 4745; x_wconf 85' lang='grc' dir='ltr'>προσώπου</span> <span class='ocrx_word' id='word_1_873' title='bbox 3175 4672 3369 4730; x_wconf 74' lang='grc' dir='ltr'>αὑτοῦ.</span> <span class='ocrx_word' id='word_1_874' title='bbox 3408 4675 3470 4726; x_wconf 80' lang='grc' dir='ltr'>ὲν</span> <span class='ocrx_word' id='word_1_875' title='bbox 3514 4672 3595 4743; x_wconf 82' lang='grc' dir='ltr'>τῷ</span> <span class='ocrx_word' id='word_1_876' title='bbox 3620 4672 3715 4725; x_wconf 76' lang='grc' dir='ltr'><strong>αύ-</strong></span> 
     </span>
    </p>
   </div>
   <div class='ocr_carea' id='block_1_108' title="bbox 2130 4759 3714 4835">
    <p class='ocr_par' dir='ltr' id='par_1_108' title="bbox 2130 4759 3714 4835">
     <span class='ocr_line' id='line_1_108' title="bbox 2130 4759 3714 4835; baseline -0.003 -17"><span class='ocrx_word' id='word_1_877' title='bbox 2130 4765 2223 4818; x_wconf 76' lang='grc' dir='ltr'>τὸν</span> <span class='ocrx_word' id='word_1_878' title='bbox 2254 4764 2431 4818; x_wconf 82' lang='grc' dir='ltr'>λαλεῖν</span> <span class='ocrx_word' id='word_1_879' title='bbox 2476 4764 2654 4835; x_wconf 84' lang='grc' dir='ltr'>αὐτῷ·</span> <span class='ocrx_word' id='word_1_880' title='bbox 2687 4764 2779 4817; x_wconf 79' lang='grc' dir='ltr'>καὶ</span> <span class='ocrx_word' id='word_1_881' title='bbox 2824 4759 2959 4815; x_wconf 78' lang='grc' dir='ltr'>εἶδεν</span> <span class='ocrx_word' id='word_1_882' title='bbox 2999 4761 3223 4833; x_wconf 84' lang='grc' dir='ltr'>Ἀαρὼν,</span> <span class='ocrx_word' id='word_1_883' title='bbox 3271 4763 3376 4815; x_wconf 68' lang='grc' dir='ltr'><strong>καὶ</strong></span> <span class='ocrx_word' id='word_1_884' title='bbox 3416 4765 3625 4826; x_wconf 87' lang='grc' dir='ltr'>πάντες</span> <span class='ocrx_word' id='word_1_885' title='bbox 3665 4762 3714 4813; x_wconf 86' lang='grc' dir='ltr'>οἱ</span> 
     </span>
    </p>
   </div>
   <div class='ocr_carea' id='block_1_109' title="bbox 2128 4847 3717 4928">
    <p class='ocr_par' dir='ltr' id='par_1_109' title="bbox 2128 4847 3717 4928">
     <span class='ocr_line' id='line_1_109' title="bbox 2128 4847 3717 4928; baseline -0.003 -19"><span class='ocrx_word' id='word_1_886' title='bbox 2128 4856 2484 4928; x_wconf 77' lang='grc' dir='ltr'>πρεσϐύτεροι</span> <span class='ocrx_word' id='word_1_887' title='bbox 2524 4857 2632 4909; x_wconf 84' lang='grc' dir='ltr'><strong>τῶν</strong></span> <span class='ocrx_word' id='word_1_888' title='bbox 2673 4854 2803 4908; x_wconf 84' lang='grc' dir='ltr'>υἱῶν</span> <span class='ocrx_word' id='word_1_889' title='bbox 2842 4854 3051 4924; x_wconf 79' lang='grc' dir='ltr'>Ἰσραὴλ</span> <span class='ocrx_word' id='word_1_890' title='bbox 3082 4854 3171 4907; x_wconf 83' lang='grc' dir='ltr'>τὸν</span> <span class='ocrx_word' id='word_1_891' title='bbox 3203 4855 3479 4925; x_wconf 84' lang='grc' dir='ltr'>Μωῦσῆν,</span> <span class='ocrx_word' id='word_1_892' title='bbox 3517 4855 3613 4908; x_wconf 73' lang='grc' dir='ltr'><strong>καὶ</strong></span> <span class='ocrx_word' id='word_1_893' title='bbox 3648 4847 3717 4923; x_wconf 78' lang='grc' dir='ltr'>ἦν</span> 
     </span>
    </p>
   </div>
   <div class='ocr_carea' id='block_1_110' title="bbox 2126 4944 3717 5017">
    <p class='ocr_par' dir='ltr' id='par_1_110' title="bbox 2126 4944 3717 5017">
     <span class='ocr_line' id='line_1_110' title="bbox 2126 4944 3717 5017; baseline -0.001 -18"><span class='ocrx_word' id='word_1_894' title='bbox 2126 4946 2484 5017; x_wconf 73' lang='grc' dir='ltr'>δεδοξασμένῃ</span> <span class='ocrx_word' id='word_1_895' title='bbox 2523 4948 2557 5017; x_wconf 80' lang='grc' dir='ltr'><strong>ἡ</strong></span> <span class='ocrx_word' id='word_1_896' title='bbox 2602 4945 2724 5014; x_wconf 69' lang='grc' dir='ltr'>ὄψις</span> <span class='ocrx_word' id='word_1_897' title='bbox 2749 4945 2841 4998; x_wconf 78' lang='grc' dir='ltr'>τοῦ</span> <span class='ocrx_word' id='word_1_898' title='bbox 2875 4947 3078 5017; x_wconf 85' lang='grc' dir='ltr'>χρωτὸς</span> <span class='ocrx_word' id='word_1_899' title='bbox 3121 4944 3210 4997; x_wconf 74' lang='grc' dir='ltr'><strong>τοῦ</strong></span> <span class='ocrx_word' id='word_1_900' title='bbox 3253 4946 3570 5015; x_wconf 78' lang='grc' dir='ltr'>προσώπου</span> <span class='ocrx_word' id='word_1_901' title='bbox 3619 4945 3717 4998; x_wconf 86' lang='grc' dir='ltr'>αύ-</span> 
     </span>
    </p>
   </div>
   <div class='ocr_carea' id='block_1_111' title="bbox 2128 5036 3720 5108">
    <p class='ocr_par' dir='ltr' id='par_1_111' title="bbox 2128 5036 3720 5108">
     <span class='ocr_line' id='line_1_111' title="bbox 2128 5036 3720 5108; baseline -0.003 -17"><span class='ocrx_word' id='word_1_902' title='bbox 2128 5037 2239 5092; x_wconf 81' lang='grc' dir='ltr'>τοῦ.</span> <span class='ocrx_word' id='word_1_903' title='bbox 2279 5058 2297 5090; x_wconf 78' lang='grc' dir='ltr'><strong>ι</strong></span> <span class='ocrx_word' id='word_1_904' title='bbox 2340 5038 2609 5100; x_wconf 79' lang='grc' dir='ltr'>Ὡσαύτως</span> <span class='ocrx_word' id='word_1_905' title='bbox 2652 5038 2709 5090; x_wconf 85' lang='grc' dir='ltr'>δὲ</span> <span class='ocrx_word' id='word_1_906' title='bbox 2757 5039 2850 5090; x_wconf 80' lang='grc' dir='ltr'><strong>καὶ</strong></span> <span class='ocrx_word' id='word_1_907' title='bbox 2889 5038 3021 5090; x_wconf 79' lang='grc' dir='ltr'>πολὺ</span> <span class='ocrx_word' id='word_1_908' title='bbox 3054 5036 3427 5106; x_wconf 83' lang='grc' dir='ltr'>διαφερόντως</span> <span class='ocrx_word' id='word_1_909' title='bbox 3459 5040 3490 5090; x_wconf 87' lang='grc' dir='ltr'>ὁ</span> <span class='ocrx_word' id='word_1_910' title='bbox 3523 5037 3720 5108; x_wconf 82' lang='grc' dir='ltr'>ἡμέτε-</span> 
     </span>
    </p>
   </div>
   <div class='ocr_carea' id='block_1_112' title="bbox 2133 5127 3720 5200">
    <p class='ocr_par' dir='ltr' id='par_1_112' title="bbox 2133 5127 3720 5200">
     <span class='ocr_line' id='line_1_112' title="bbox 2133 5127 3720 5200; baseline 0.001 -17"><span class='ocrx_word' id='word_1_911' title='bbox 2133 5147 2225 5200; x_wconf 87' lang='grc' dir='ltr'><strong>ρος</strong></span> <span class='ocrx_word' id='word_1_912' title='bbox 2246 5130 2455 5200; x_wconf 88' lang='grc' dir='ltr'>Σωτὴρ,</span> <span class='ocrx_word' id='word_1_913' title='bbox 2485 5128 2773 5197; x_wconf 83' lang='grc' dir='ltr'>ἀναγαγὼν</span> <span class='ocrx_word' id='word_1_914' title='bbox 2805 5131 2929 5193; x_wconf 82' lang='grc' dir='ltr'>τοὺς</span> <span class='ocrx_word' id='word_1_915' title='bbox 2961 5127 3151 5182; x_wconf 78' lang='grc' dir='ltr'>ἑαυτοῦ</span> <span class='ocrx_word' id='word_1_916' title='bbox 3185 5127 3450 5200; x_wconf 83' lang='grc' dir='ltr'>μαθητὰς</span> <span class='ocrx_word' id='word_1_917' title='bbox 3480 5133 3565 5194; x_wconf 89' lang='grc' dir='ltr'><strong>είς</strong></span> <span class='ocrx_word' id='word_1_918' title='bbox 3597 5130 3720 5200; x_wconf 81' lang='grc' dir='ltr'>ὅρος</span> 
     </span>
    </p>
   </div>
   <div class='ocr_carea' id='block_1_113' title="bbox 2135 5219 3721 5292">
    <p class='ocr_par' dir='ltr' id='par_1_113' title="bbox 2135 5219 3721 5292">
     <span class='ocr_line' id='line_1_113' title="bbox 2135 5219 3721 5292; baseline -0.001 -19"><span class='ocrx_word' id='word_1_919' title='bbox 2135 5221 2334 5292; x_wconf 80' lang='grc' dir='ltr'>ὑψηλὸν</span> <span class='ocrx_word' id='word_1_920' title='bbox 2385 5220 2522 5284; x_wconf 88' lang='grc' dir='ltr'>λίαν,</span> <span class='ocrx_word' id='word_1_921' title='bbox 2567 5221 2959 5291; x_wconf 83' lang='grc' dir='ltr'>μετεμορφώθη</span> <span class='ocrx_word' id='word_1_922' title='bbox 3012 5219 3325 5292; x_wconf 77' lang='grc' dir='ltr'>ἔμπροσθεν</span> <span class='ocrx_word' id='word_1_923' title='bbox 3369 5222 3582 5285; x_wconf 83' lang='grc' dir='ltr'>αὐτῶν,</span> <span class='ocrx_word' id='word_1_924' title='bbox 3629 5219 3721 5274; x_wconf 83' lang='grc' dir='ltr'><strong>καὶ</strong></span> 
     </span>
    </p>
   </div>
   <div class='ocr_carea' id='block_1_114' title="bbox 2132 5312 3723 5384">
    <p class='ocr_par' dir='ltr' id='par_1_114' title="bbox 2132 5312 3723 5384">
     <span class='ocr_line' id='line_1_114' title="bbox 2132 5312 3723 5384; baseline 0 -19"><span class='ocrx_word' id='word_1_925' title='bbox 2132 5313 2339 5384; x_wconf 74' lang='grc' dir='ltr'>ἔλαμψε</span> <span class='ocrx_word' id='word_1_926' title='bbox 2366 5313 2426 5365; x_wconf 82' lang='grc' dir='ltr'>τὸ</span> <span class='ocrx_word' id='word_1_927' title='bbox 2459 5314 2743 5383; x_wconf 87' lang='grc' dir='ltr'>πρόσωπον</span> <span class='ocrx_word' id='word_1_928' title='bbox 2770 5313 2933 5367; x_wconf 78' lang='grc' dir='ltr'>αὐτοῦ</span> <span class='ocrx_word' id='word_1_929' title='bbox 2966 5313 3041 5376; x_wconf 86' lang='grc' dir='ltr'>ὡς</span> <span class='ocrx_word' id='word_1_930' title='bbox 3071 5314 3099 5364; x_wconf 87' lang='lat'><strong>6</strong></span> <span class='ocrx_word' id='word_1_931' title='bbox 3129 5312 3304 5382; x_wconf 78' lang='grc' dir='ltr'>ἥλιος,</span> <span class='ocrx_word' id='word_1_932' title='bbox 3334 5313 3409 5367; x_wconf 86' lang='grc' dir='ltr'>τὰ</span> <span class='ocrx_word' id='word_1_933' title='bbox 3441 5315 3502 5368; x_wconf 81' lang='grc' dir='ltr'>δὲ</span> <span class='ocrx_word' id='word_1_934' title='bbox 3535 5314 3723 5384; x_wconf 77' lang='grc' dir='ltr'>ἱμάτια</span> 
     </span>
    </p>
   </div>
   <div class='ocr_carea' id='block_1_115' title="bbox 2130 5403 3723 5476">
    <p class='ocr_par' dir='ltr' id='par_1_115' title="bbox 2130 5403 3723 5476">
     <span class='ocr_line' id='line_1_115' title="bbox 2130 5403 3723 5476; baseline -0.002 -18"><span class='ocrx_word' id='word_1_935' title='bbox 2130 5404 2293 5460; x_wconf 81' lang='grc' dir='ltr'>αὑτοῦ</span> <span class='ocrx_word' id='word_1_936' title='bbox 2328 5404 2540 5474; x_wconf 78' lang='grc' dir='ltr'>ἐγένετο</span> <span class='ocrx_word' id='word_1_937' title='bbox 2570 5405 2736 5458; x_wconf 85' lang='grc' dir='ltr'>λευκὰ</span> <span class='ocrx_word' id='word_1_938' title='bbox 2774 5406 2849 5469; x_wconf 85' lang='grc' dir='ltr'>ὡς</span> <span class='ocrx_word' id='word_1_939' title='bbox 2879 5405 2940 5458; x_wconf 84' lang='grc' dir='ltr'>τὸ</span> <span class='ocrx_word' id='word_1_940' title='bbox 2963 5404 3095 5474; x_wconf 83' lang='grc' dir='ltr'>φῶς.</span> <span class='ocrx_word' id='word_1_941' title='bbox 3142 5403 3318 5457; x_wconf 84' lang='grc' dir='ltr'>Πάλιν</span> <span class='ocrx_word' id='word_1_942' title='bbox 3348 5407 3603 5476; x_wconf 83' lang='grc' dir='ltr'>Μωῦσῆς</span> <span class='ocrx_word' id='word_1_943' title='bbox 3634 5404 3723 5455; x_wconf 88' lang='grc' dir='ltr'>λε-</span> 
     </span>
    </p>
   </div>
   <div class='ocr_carea' id='block_1_116' title="bbox 540 5626 3725 5697">
    <p class='ocr_par' dir='ltr' id='par_1_116' title="bbox 540 5626 3725 5697">
     <span class='ocr_line' id='line_1_116' title="bbox 540 5626 3725 5697; baseline -0.002 -6"><span class='ocrx_word' id='word_1_944' title='bbox 540 5640 556 5671; x_wconf 74' lang='grc'><em>’</em></span> <span class='ocrx_word' id='word_1_945' title='bbox 587 5638 753 5694; x_wconf 79' lang='lat' dir='ltr'><strong>Exod.</strong></span> <span class='ocrx_word' id='word_1_946' title='bbox 787 5652 973 5697; x_wconf 79' lang='lat' dir='ltr'><strong>xxxiv,</strong></span> <span class='ocrx_word' id='word_1_947' title='bbox 1004 5635 1097 5689; x_wconf 75' lang='lat'><strong>28.</strong></span> <span class='ocrx_word' id='word_1_948' title='bbox 1169 5637 1189 5666; x_wconf 79' lang='lat'>&#39;</span> <span class='ocrx_word' id='word_1_949' title='bbox 1220 5634 1349 5688; x_wconf 84' lang='lat' dir='ltr'><strong>Luc.</strong></span> <span class='ocrx_word' id='word_1_950' title='bbox 1384 5649 1453 5696; x_wconf 87' lang='lat' dir='ltr'><strong>Iv,</strong></span> <span class='ocrx_word' id='word_1_951' title='bbox 1481 5633 1596 5688; x_wconf 76' lang='lat' dir='ltr'><strong>I-2.</strong></span> <span class='ocrx_word' id='word_1_952' title='bbox 1669 5635 1689 5666; x_wconf 88' lang='grc'><strong><em>⁸</em></strong></span> <span class='ocrx_word' id='word_1_953' title='bbox 1719 5633 1885 5688; x_wconf 81' lang='lat' dir='ltr'><strong>Exod.</strong></span> <span class='ocrx_word' id='word_1_954' title='bbox 1918 5648 2029 5696; x_wconf 76' lang='lat' dir='ltr'><strong>xvu,</strong></span> <span class='ocrx_word' id='word_1_955' title='bbox 2065 5630 2117 5684; x_wconf 82' lang='lat'><strong>&#39;5.</strong></span> <span class='ocrx_word' id='word_1_956' title='bbox 2199 5629 2217 5660; x_wconf 77' lang='lat'>‘</span> <span class='ocrx_word' id='word_1_957' title='bbox 2240 5628 2375 5683; x_wconf 85' lang='lat' dir='ltr'><strong>Ibid.</strong></span> <span class='ocrx_word' id='word_1_958' title='bbox 2410 5629 2593 5691; x_wconf 69' lang='lat' dir='ltr'><strong>I3,I4.</strong></span> <span class='ocrx_word' id='word_1_959' title='bbox 2671 5631 2691 5662; x_wconf 83' lang='grc'><strong>⁸</strong></span> <span class='ocrx_word' id='word_1_960' title='bbox 2726 5627 2915 5683; x_wconf 89' lang='lat' dir='ltr'><strong>Matth.</strong></span> <span class='ocrx_word' id='word_1_961' title='bbox 2951 5642 3064 5691; x_wconf 85' lang='lat' dir='ltr'><strong>va,</strong></span> <span class='ocrx_word' id='word_1_962' title='bbox 3088 5626 3250 5697; x_wconf 21' lang='lat'><strong>,8-10.</strong></span> <span class='ocrx_word' id='word_1_963' title='bbox 3337 5627 3361 5657; x_wconf 77' lang='grc'>⁸</span> <span class='ocrx_word' id='word_1_964' title='bbox 3392 5626 3579 5684; x_wconf 85' lang='lat' dir='ltr'><strong>Exod.</strong></span> <span class='ocrx_word' id='word_1_965' title='bbox 3611 5642 3725 5693; x_wconf 71' lang='lat' dir='ltr'><strong>xxv,</strong></span> 
     </span>
    </p>
   </div>
   <div class='ocr_carea' id='block_1_117' title="bbox 470 5695 3523 5772">
    <p class='ocr_par' dir='ltr' id='par_1_117' title="bbox 470 5695 3523 5772">
     <span class='ocr_line' id='line_1_117' title="bbox 470 5695 3523 5772; baseline -0.003 -8"><span class='ocrx_word' id='word_1_966' title='bbox 470 5708 656 5772; x_wconf 70' lang='lat'><strong>2!,‘22.</strong></span> <span class='ocrx_word' id='word_1_967' title='bbox 734 5710 754 5740; x_wconf 87' lang='grc'><strong>⁷</strong></span> <span class='ocrx_word' id='word_1_968' title='bbox 783 5695 1105 5768; x_wconf 74' lang='lat' dir='ltr'><strong>Matth.x1v,</strong></span> <span class='ocrx_word' id='word_1_969' title='bbox 1132 5704 1221 5771; x_wconf 60' lang='lat'><strong>35,</strong></span> <span class='ocrx_word' id='word_1_970' title='bbox 1246 5704 1334 5758; x_wconf 72' lang='grc'>26.</span> <span class='ocrx_word' id='word_1_971' title='bbox 1410 5705 1430 5737; x_wconf 78' lang='grc'>⁸</span> <span class='ocrx_word' id='word_1_972' title='bbox 1458 5704 1592 5759; x_wconf 87' lang='lat' dir='ltr'><strong>Ibid.</strong></span> <span class='ocrx_word' id='word_1_973' title='bbox 1618 5702 1798 5770; x_wconf 70' lang='lat'><strong>28,29.</strong></span> <span class='ocrx_word' id='word_1_974' title='bbox 1875 5703 1895 5734; x_wconf 86' lang='lat'><strong>’</strong></span> <span class='ocrx_word' id='word_1_975' title='bbox 1918 5702 2085 5756; x_wconf 86' lang='lat' dir='ltr'><strong>Exod.</strong></span> <span class='ocrx_word' id='word_1_976' title='bbox 2122 5716 2229 5766; x_wconf 77' lang='lat' dir='ltr'><strong>xiv,</strong></span> <span class='ocrx_word' id='word_1_977' title='bbox 2253 5699 2443 5767; x_wconf 64' lang='lat' dir='ltr'><strong>QI,‘22.</strong></span> <span class='ocrx_word' id='word_1_978' title='bbox 2522 5700 2565 5732; x_wconf 77' lang='grc' dir='ltr'><strong>⁸ο</strong></span> <span class='ocrx_word' id='word_1_979' title='bbox 2601 5698 2787 5754; x_wconf 83' lang='lat' dir='ltr'><strong>Matth.</strong></span> <span class='ocrx_word' id='word_1_980' title='bbox 2813 5714 2930 5761; x_wconf 84' lang='lat' dir='ltr'><strong>vin,</strong></span> <span class='ocrx_word' id='word_1_981' title='bbox 2951 5698 3053 5757; x_wconf 71' lang='lat'><strong>26:</strong></span> <span class='ocrx_word' id='word_1_982' title='bbox 3086 5695 3218 5753; x_wconf 85' lang='lat' dir='ltr'><strong>Luc.</strong></span> <span class='ocrx_word' id='word_1_983' title='bbox 3257 5713 3387 5757; x_wconf 82' lang='lat' dir='ltr'><strong>vm.</strong></span> <span class='ocrx_word' id='word_1_984' title='bbox 3423 5700 3523 5755; x_wconf 70' lang='grc'><strong>24.</strong></span> 
     </span>
    </p>
   </div>
  </div>
