3942 6258
205 342 286 398 l's'6
1110 346 1764 408 DEMONSTRATIONIS
1806 347 2263 407 EVANGELICA‘Z
2302 350 2431 406 LIB.
2477 352 2566 405 ΙΙΙ.

3359 353 3457 403 171

208 453 321 525 τρδν
353 458 689 533 ὲκαθάρισε.
724 462 1028 535 Γέγραπται
1060 464 1103 517 δ’
1137 460 1260 518 οῦν·
1305 484 1324 517 ι
1365 466 1474 518 Kai.
1509 464 1615 519 ιδοῦ
1644 466 1766 518 Μα-

1869 463 1988 533 ejus
2020 465 2083 520 ¹¹.
2116 483 2135 516 ι
2171 461 2346 517 Simili
2371 464 2599 529 ratione,
2631 467 2684 517 et
2721 450 2881 532 longe
2926 460 3144 525 quidem
3174 462 3445 515 excellen-

218 548 288 619 pla
317 548 588 622 λεπρῶσα
637 555 770 608 ὡσεὶ
810 555 960 626 χιών.
1003 576 1021 609 ›
1073 558 1182 612 Kal
1218 559 1334 630 μετ’
1370 556 1558 626 ὀλίγα’
1606 574 1624 608 ι
1666 558 1775 610 Kal.

220 640 385 712 ἐϐόησε
410 645 662 716 Μωῦσῆς
706 648 839 717 πρὸς
878 647 1101 719 Κύριον,
1135 650 1307 718 λέγων
1330 666 1344 679 ³
1386 650 1443 703 '0
1477 648 1628 712 Θεὸς,
1659 648 1775 701 δέο-

229 752 325 806 μαι,
354 735 502 789 ἴασαι
527 737 722 808 αὑτήν.
757 758 775 791 ο
814 739 1081 804 Ὡσαύτως
1107 741 1161 794 δὲ
1188 742 1279 794 καὶ
1310 740 1517 812 μείζονι
1550 740 1774 811 δυνάμει

229 827 445 895 ἐξουσίας
494 829 525 879 6
569 829 805 901 Χριστὸς
857 830 950 884 τοῦ
998 831 1153 895 Θεοῦ,
1194 832 1582 903 προσελθόντος
1625 831 1774 902 αὑτῷ

230 917 406 990 λεπροῦ
431 920 523 972 καὶ
538 922 827 990 φήσαντος,
856 940 876 973 ι
899 922 1022 975 Ἐὰν
1040 923 1217 996 θέλῃς,
1250 923 1469 978 δύνασαί
1506 941 1573 995 με
1608 923 1775 978 καθα-

233 1010 380 1082 ρίσαι,
432 1012 794 1081 ἀπεκρίνατο*
840 1013 1005 1077 Θέλω,
1042 1013 1428 1086 καθαρίσθητισ
1463 1017 1551 1069 xai.
1576 1014 1774 1068 ἐκαθαο

234 1103 373 1173 ρίσθη
429 1102 594 1156 αὐτοῦ
646 1104 906 1177 ήλέπρα.
952 1125 971 1158 ι
1024 1106 1190 1161 Πάλιν
1244 1107 1481 1177 Μωῦσῆς
1529 1108 1775 1178 δακτύλῳ

231 1194 346 1247 Θεοῦ
367 1195 527 1266 ἔφησε
553 1196 644 1249 τὸν
686 1196 847 1266 νόμον
880 1199 1203 1268 γεγράφθαι.
1239 1200 1551 1271 Γέγραπται
1579 1200 1621 1254 δ’
1655 1196 1771 1254 οῦν-

232 1303 252 1336 α
288 1286 389 1340 Kal.
431 1285 597 1338 ἔδωκε
641 1286 716 1356 τῷ
764 1287 1006 1351 Μωῦσεῖ,
1053 1287 1213 1358 ἡνίκα
1260 1288 1567 1341 κατέπαυσε
1600 1287 1774 1342 λαλῶν

226 1376 358 1447 αὐτῷ
395 1380 450 1430 ἐν
476 1377 553 1448 τῷ
587 1378 703 1450 δρει
738 1380 884 1443 Σινᾶ,
932 1379 1030 1441 τὰς
1071 1379 1161 1432 δύο
1192 1379 1404 1443 πλάκας
1445 1380 1535 1433 τοῦ
1575 1398 1776 1452 μαρτυ-

229 1469 351 1538 ρίου,
386 1469 592 1533 πλάκας
622 1470 825 1534 λιθίνας
870 1472 1255 1542 γεγραμμένας
1298 1472 1374 1542 τῷ
1405 1473 1650 1545 δακτύλῳ
1682 1474 1773 1528 τοῦ

224 1560 366 1612 Θεοῦ.
397 1580 414 1613 ι
452 1560 560 1615 Ka't
600 1564 658 1615 ὲν
685 1566 749 1633 τῇ
801 1561 1025 1630 Ἐξὸδῳ·
1060 1582 1078 1614 ι
1121 1561 1287 1616 Εἶπον
1319 1560 1410 1617 οὖν
1446 1566 1496 1618 οί
1540 1566 1776 1620 ὲπαοιδοὶ

223 1652 293 1721 τῷ
322 1651 546 1722 Φαραώδ
601 1672 619 1704 t
661 1655 937 1720 Δάκτυλος
969 1656 1103 1710 Θεοῦ
1130 1659 1245 1709 ὲστι
1299 1656 1473 1711 τοῦτο.
1519 1676 1536 1709 ι
1588 1658 1775 1712 Ὡσαύ-

221 1760 318 1805 τως
350 1742 403 1795 δὲ
443 1742 536 1796 καὶ
582 1743 790 1813 Ἰησοῦς
829 1747 857 1798 6
897 1746 1131 1819 Χριστὸς
1160 1747 1253 1800 τοῦ
1300 1747 1436 1800 Θεοῦ
1470 1750 1582 1811 τοῖς
1611 1749 1775 1817 Φαρι-

1877 554 1985 609 tius
2013 592 2030 618 ,
2062 552 2311 607 Salvator
2338 561 2524 607 noster
2557 571 2574 601 ι
2602 565 2725 605 cum
2758 548 3003 605 duxisset
3041 562 3170 604 suos
3203 547 3445 618 discipu-

1877 647 1959 700 los
1988 645 2042 699 in
2079 652 2316 699 montem
2348 646 2623 699 excelsum
2668 644 2823 699 valde
2844 684 2859 709 ,
2906 641 3325 713 transfiguratus
3360 642 3444 696 est

1876 751 2056 793 coram
2087 737 2189 801 eis,
2222 745 2276 791 et
2305 736 2638 807 resplenduit
2670 736 2835 791 facies
2864 735 2982 805 ejus
3025 742 3082 788 ut
3121 734 3243 800 sol,
3271 732 3443 789 vesti-
3536 778 3547 787 κ

1880 838 2061 883 menta
2107 836 2287 882 autem
2327 828 2446 898 ejus
2500 827 2641 882 facta
2694 836 2821 883 sunt
2866 828 2985 881 alba
3019 828 3161 882 sicut
3194 822 3287 879 lux
3318 826 3381 879 ¹¹.
3417 834 3438 876 ι

1876 919 2053 975 Moses
2082 921 2210 973 item
2247 919 2519 990 leprosum
2557 917 2854 974 mundavit.
2882 910 3160 989 Siquidem
3178 918 3440 988 scriptum

1873 1017 1958 1065 est
1992 1029 2004 1064 :
2041 1028 2060 1062 ι
2107 1010 2174 1064 Ει
2199 1025 2325 1066 ecce
2356 1010 2521 1065 Maria
2553 1014 2699 1081 lepra
2734 1010 2971 1066 candens
3014 1012 3156 1066 sicut
3189 1012 3281 1066 nix
3306 1011 3370 1063 ¹³.
3416 1028 3436 1063 ι

1875 1101 1940 1155 Ει
1969 1103 2129 1172 paulo
2164 1111 2284 1173 post
2316 1121 2330 1157 :
2375 1118 2393 1151 ‹
2441 1098 2505 1155 Ει
2533 1103 2781 1157 clamavit
2807 1094 2981 1157 Moses
3012 1100 3078 1156 ad
3124 1100 3439 1166 Dominum,

1874 1193 2061 1249 dicens
2092 1212 2103 1246 :
2143 1192 2309 1262 Deus,
2336 1194 2585 1259 obsecro,
2622 1209 2754 1249 sana
2784 1209 2903 1248 eam
2926 1193 2987 1249 “.
3027 1213 3046 1246 ›
3092 1192 3268 1248 Simili
3310 1208 3441 1263 ergo

1874 1285 2087 1339 ratione
2114 1326 2130 1351 ,
2165 1285 2260 1339 sed
2293 1286 2450 1356 longe
2479 1286 2671 1355 majori
2716 1294 2985 1355 potestate
3015 1285 3266 1341 Christus
3294 1285 3387 1339 Dei
3421 1326 3437 1351 ,

1874 1392 2000 1431 cum
2047 1377 2114 1431 ad
2163 1392 2284 1431 eum
2344 1378 2594 1448 leprosus
2653 1379 3016 1440 accessisset,
3054 1377 3439 1448 dixissetque:

1880 1485 1898 1518 ι
1924 1466 1981 1520 Si
2011 1468 2113 1530 vis,
2143 1476 2295 1538 potes
2317 1482 2402 1522 me
2430 1469 2710 1523 mundare.
2735 1468 3065 1539 Respondit:
3098 1466 3252 1529 Volo,
3288 1484 3442 1521 mun2

1874 1556 2025 1621 dare,
2058 1566 2112 1613 et
2139 1558 2396 1613 mundata
2426 1568 2508 1613 est
2540 1560 2659 1627 ejus
2690 1560 2835 1630 lepra
2867 1561 2930 1613 ’³.
2973 1579 2991 1612 ι
3026 1559 3241 1614 Rursus
3262 1554 3441 1615 Moses

1874 1647 2043 1719 digito
2078 1648 2172 1705 Dei
2218 1650 2476 1719 scriptam
2520 1666 2641 1706 esse
2689 1652 2857 1722 legem
2908 1644 3210 1705 afﬁrmavit.
3240 1640 3442 1719 Nempe

1876 1745 1955 1803 sic
1987 1742 2251 1812 scriptum
2302 1751 2386 1797 est
2421 1762 2433 1797 :
2468 1760 2486 1793 ι
2525 1742 2589 1797 Ει
2631 1740 2777 1798 dedit
2819 1732 2996 1808 Mosi,
3034 1754 3156 1797 cuin
3190 1736 3442 1798 desiisset

225 1833 381 1897 σαίοις
419 1834 597 1904 ἔλεγεν
623 1852 635 1867 ο
661 1854 680 1886 ι
706 1838 769 1889 Εἰ
799 1837 854 1890 δὲ
881 1840 938 1891 ὲν
956 1818 961 1819 ί
981 1838 1224 1909 δακτύλῳ
1253 1837 1384 1891 Θεοῦ
1428 1839 1674 1892 ὲκϐἀλλω
1705 1838 1770 1892 τὰ

1876 1833 2021 1903 loqui
2047 1832 2113 1885 ad
2139 1847 2261 1887 eum
2290 1830 2342 1886 in
2366 1838 2547 1889 monte
2581 1826 2710 1888 Sina
2735 1877 2750 1901 ,
2780 1834 2916 1889 duas
2943 1828 3159 1888 tabulas
3191 1833 3441 1889 testimo.

220 1923 467 1994 δαιμόνια.
499 1945 517 1975 ι
553 1926 679 1996 Ἐφ’
720 1927 861 1991 ὅλοις
898 1929 1106 1993 τούτοις
1151 1931 1388 1999 Μωῦσῆς
1425 1932 1770 2001 μετωνόμασε

221 2016 304 2069 τὸν
344 2016 561 2086 Ἰησοῦν.
601 2017 870 2083 Ὡσαύτως
901 2019 957 2072 δὲ
991 2021 1083 2073 καὶ
1126 2023 1155 2074 ὁ
1188 2021 1376 2094 Σωτὴρ
1418 2021 1511 2075 τὸν
1555 2022 1772 2093 Σίμωνα

224 2106 427 2177 Πέτρον.
450 2107 559 2161 Kal.
580 2108 736 2163 πάλιν
762 2126 776 2142 ’
802 2111 1037 2182 Μωῦσῆς
1064 2113 1363 2181 κατέστησε
1384 2113 1460 2184 τῷ
1482 2114 1596 2184 λαῷ
1619 2117 1773 2185 ἡγου·

224 2196 400 2266 μένους
430 2197 811 2270 ἐϐδομήκοντα.
844 2201 1006 2269 Λέγει
1032 2201 1076 2255 δ’
1113 2198 1205 2256 οὗν
1235 2204 1267 2273 ή
1292 2204 1480 2275 Γραφή
1507 2222 1517 2233 ·
1556 2224 1573 2255 ι
1607 2206 1772 2259 Συνάά

222 2290 345 2355 γαγέ
377 2306 463 2359 μοι
504 2290 870 2362 ἑϐδομήκοντα
921 2293 1138 2364 ἄνδρας,
1175 2294 1282 2348 ἀπὸ
1326 2294 1435 2347 τῶν
1478 2296 1772 2367 πρεσϐυτέ-

224 2394 320 2448 ρων
354 2379 584 2450 Ἰσραὴλ,
613 2384 707 2435 καὶ
741 2382 922 2449 ἀφελῶ
955 2378 1062 2436 ἀπὸ
1094 2383 1187 2437 τοῦ
1223 2384 1531 2455 πνεύματος
1562 2385 1654 2439 τοῦ
1682 2388 1773 2440 ἐπὶ

225 2471 314 2532 σοὶ,
355 2472 444 2523 καὶ
483 2472 729 2543 ἐπιθήσω
759 2476 844 2526 ἐπ’
878 2475 1074 2539 αὐτούς
1099 2492 1112 2506 ·
1158 2476 1249 2530 καὶ
1284 2479 1589 2549 συνήγαγεν
1624 2468 1785 2531 ἑϐδοέ

227 2559 446 2628 μήκοντα
471 2559 690 2632 ἄνδρας.
727 2582 746 2614 ι
788 2563 1058 2629 Ὡσαύτως
1089 2565 1145 2619 δὲ
1178 2567 1271 2619 καὶ
1302 2566 1330 2619 6
1353 2567 1541 2639 Σωτὴρ
1573 2569 1774 2622 ἀνέδει-

226 2648 303 2714 ξεν
327 2650 482 2703 αὑτοῦ
514 2652 761 2722 μαθητὰς
787 2655 1173 2727 ἐϐδομήκοντα,
1206 2658 1299 2710 κα)⁵
1329 2658 1643 2713 ἀπέστειλεν
1670 2662 1773 2715 ἀνά

224 2738 304 2793 δύο
326 2743 426 2813 πρὸ
448 2742 741 2813 προσώπου
770 2746 952 2799 αὐτοῦ.
979 2749 1088 2800 Καὶ
1120 2749 1280 2801 πάλιν
1307 2752 1545 2822 Μωῦσῆς
1567 2752 1774 2807 δώδεκα

222 2830 399 2903 ἄνδρας
436 2833 708 2905 ἐξέπεμψε
733 2837 830 2908 τὴν
863 2840 965 2909 γῆν
1007 2841 1535 2911 κατασκεψομένους.
1584 2844 1773 2897 Ὡσαύ-

222 2939 315 2987 τως
342 2924 395 2977 δὲ
423 2926 518 2979 καὶ
561 2926 694 2981 πολὺ
723 2932 968 3000 κρεῖττον
999 2932 1027 2983 6
1058 2932 1324 3003 ἡμέτερος
1353 2933 1542 3005 Σωτὴρ
1566 2934 1773 2989 δώδεκα

219 3016 529 3083 ἀποστόλους
590 3020 967 3086 ἐξαπέστειλεν
1019 3023 1415 3093 ἐπισκέψασθαι
1475 3026 1651 3079 πάντα
1703 3028 1773 3082 τὰ

219 3108 348 3181 ἔθνη.
382 3112 551 3165 Πάλιν
579 3114 817 3185 Μωῦσῆς
864 3114 1142 3185 νομοθετεῖ
1170 3115 1370 3184 λέγων’
1412 3136 1430 3169 ι
1473 3118 1546 3171 Ού
1581 3119 1771 3187 φονεύ-
1799 3156 1842 3215 C

221 3216 338 3265 σεις,
379 3204 440 3255 οὐ
479 3203 720 3272 κλέψεις,
765 3206 865 3258 οὐκ
905 3208 1270 3278 ἐπιορκήσεις.
1308 3227 1326 3258 ι
1376 3208 1432 3261 '0
1478 3208 1534 3261 δὲ
1580 3210 1769 3282 Σωτὴρ

216 3290 377 3360 ήμῶν,
412 3294 699 3347 ἐπιτείνων
744 3294 834 3346 τὸν
866 3295 1050 3366 νόμον,
1096 3296 1155 3347 ού
1201 3297 1263 3349 τὸ
1302 3297 1544 3365 φονεύειν
1588 3298 1767 3368 μόνον,

216 3382 336 3435 ἀλλά
377 3384 470 3436 καὶ
513 3384 574 3437 τὺ
620 3383 922 3455 θυμοῦσθαι
971 3386 1335 3457 ἀπαγορεύει·
1382 3388 1501 3441 ἀντὶ
1545 3387 1640 3441 τοῦ
1695 3389 1769 3462 μὴ

221 3473 492 3543 μοιχεύειν,
543 3475 666 3546 μηδ’
695 3476 985 3546 ἐμϐλέπειν
1029 3480 1250 3546 γυναικὶ
1292 3480 1428 3550 μετὰ
1478 3482 1771 3553 ἐπιθυμίας

222 3565 499 3620 ἀκολάστου
546 3572 827 3639 παραινεῖ·
872 3569 990 3622 ἀντί
1032 3587 1091 3623 τε
1138 3571 1230 3624 τοῦ
1276 3572 1350 3643 μὴ
1394 3573 1665 3641 κλέπτειν,
1702 3577 1769 3630 τὰ

217 3659 373 3711 οἰκεῖα
402 3662 516 3723 τοῖς
557 3660 763 3713 ὲνδεέσι
805 3662 1087 3733 προΐεσθαι
1123 3665 1446 3735 προστάττει
1470 3685 1484 3699 ο
1526 3668 1769 3739 ὑπερϐὰς

218 3746 265 3803 δὲ
286 3751 459 3803 καὶτὸ
503 3753 798 3822 ἐπιορκεῖν,
845 3754 942 3825 τὴν
983 3756 1158 3827 ἀρχὴν
1189 3757 1321 3828 μηδὲ
1348 3758 1574 3828 ὀμνύναι
1612 3778 1772 3832 νομο-

220 3842 365 3899 θετεῖ.
397 3849 506 3901 Καὶ
542 3848 596 3900 τί
632 3866 700 3919 με
725 3849 805 3902 δεῖ
840 3850 1098 3920 μηκύνειν
1130 3851 1223 3905 τὸν
1261 3851 1417 3919 λόγον
1447 3853 1528 3916 εἰς
1555 3852 1769 3906 ἀπόδει-

219 3934 286 4001 ξιν
317 3938 404 3991 τοῦ
434 3939 505 3992 τά
536 3940 909 4011 παραπλήσια,
946 3942 1042 3996 καὶ⁸
1070 3945 1234 4011 ἐγγὺς
1267 3942 1507 4014 ἀλλήλων
1541 3961 1769 4015 πεποιη-

220 4027 352 4081 κέναι
387 4032 628 4085 Μωῦσέα
672 4033 764 4086 καὶ
805 4032 1004 4103 Ἰησοῦν
1044 4035 1135 4087 τὸν
1176 4036 1405 4107 Σωτῆρα
1442 4036 1534 4088 καὶ
1565 4034 1767 4106 Κύριον

219 4121 387 4188 ﬁgi-53v;
437 4124 643 4191 Παρὸν,
684 4125 790 4195 ὅτῳ
838 4125 1005 4194 φίλον,
1052 4128 1144 4179 ἐπὶ
1180 4127 1372 4198 σχολῆς
1408 4125 1765 4192 ἀναλέξασθαι

219 4208 385 4263 ταῦτα.
422 4212 576 4265 Ἐπεὶ
604 4215 697 4266 καὶ
730 4216 819 4268 τὸν
852 4215 1077 4268 θάνατον
1117 4215 1393 4279 Μωῦσέως
1430 4216 1629 4286 μηδένα
1655 4232 1763 4284 φα-

220 4298 291 4350 σὶν
322 4303 638 4368 ἐγνωκέναι,
691 4303 821 4373 μηδὲ
855 4304 950 4374 τὴν
988 4305 1164 4376 ταφὴν
1195 4304 1359 4357 αὑτοῦ
1384 4322 1395 4334 ·
1439 4305 1628 4376 ὥσπερ
1672 4301 1764 4359 οὖν

217 4389 322 4443 οὐδὲ
344 4392 436 4446 τοῦ
461 4395 713 4464 Σωτῆρος
757 4394 912 4465 ήμῶν
946 4394 1043 4466 τὴν
1078 4395 1215 4466 μετά
1240 4397 1338 4467 τὴν
1366 4397 1657 4451 ἀναϐίωσιν
1683 4398 1765 4461 εις

1873 1929 1950 1981 nii
1983 1965 1999 1990 ,
2042 1928 2257 1983 tabulas
2285 1928 2527 1997 lapideas
2552 1928 2785 1998 scriptas
2811 1927 2983 1998 digito
3012 1925 3105 1981 Dei
3139 1926 3201 1979 “.
3242 1946 3261 1978 ι
3292 1924 3357 1979 Et
3385 1918 3442 1981 in

1875 2019 2063 2074 Exodo
2098 2039 2109 2073 :
2150 2039 2167 2071 σ
2207 2019 2470 2075 Dixerunt
2517 2021 2681 2089 igitur
2720 2021 3086 2075 incantatores
3129 2016 3438 2081 Pharaoni,

1872 2111 2075 2181 digitus
2103 2109 2198 2167 Dei
2241 2120 2325 2166 est
2359 2112 2448 2166 hic
2496 2112 2561 2167 "’.
2615 2132 2633 2163 ι
2666 2110 2851 2166 Itidem
2880 2109 3039 2167 Jesus
3082 2125 3317 2180 quoque,
3346 2098 3442 2180 qui

1871 2202 2124 2259 Christus
2156 2211 2239 2259 est
2270 2203 2363 2258 Dei
2389 2242 2405 2267 ,
2429 2202 2719 2258 Pharisaeis
2741 2203 2956 2257 dicebat
2993 2221 3006 2256 :
3038 2220 3056 2254 ι
3086 2201 3144 2256 Si
3177 2210 3354 2256 autem
3388 2201 3440 2255 in

1872 2294 2042 2364 digito
2073 2293 2166 2348 Dei
2192 2293 2352 2362 ejicio
2375 2294 2641 2349 daamonia
2665 2294 2727 2348 η.
2759 2313 2777 2345 ι
2803 2290 2884 2346 Ad
2913 2293 3025 2347 haec
3051 2292 3234 2346 omnia
3260 2286 3441 2347 Moses

1873 2385 2242 2441 denominavit
2267 2383 2453 2440 Jesum
2501 2384 2665 2440 Nave.
2720 2380 2841 2437 Pari
2867 2376 3077 2437 ratione
3125 2382 3286 2437 etiam
3318 2373 3440 2434 Sal-

1870 2488 2028 2534 vator
2059 2477 2335 2534 Simonem
2365 2477 2606 2532 Petrum.
2652 2478 2829 2546 Atque
2864 2477 2990 2530 item
3030 2464 3207 2530 Moses
3237 2464 3443 2529 consti-

1872 2568 1976 2623 tuit
2008 2570 2206 2639 populo
2232 2609 2248 2634 ,
2282 2569 2372 2639 qui
2423 2576 2718 2638 prmessent
2747 2566 3110 2636 septuaginta.
3149 2554 3430 2635 Siquidem

1874 2657 2006 2713 dicit
2039 2657 2321 2727 Scriptura
2350 2677 2363 2711 :
2402 2676 2420 2708 ι
2459 2657 2735 2727 Congrega
2769 2654 2899 2709 mihi
2932 2656 3271 2727 septuaginta
3294 2654 3442 2706 viros

1872 2751 1940 2806 de
1966 2751 2276 2807 senioribus
2306 2749 2472 2804 Israel
2500 2789 2516 2815 ,
2550 2756 2603 2805 et
2635 2747 2875 2803 auferam
2922 2742 2989 2801 de
3015 2746 3209 2816 spiritu
3252 2745 3343 2814 qui
3384 2744 3439 2799 in

1871 2850 1925 2898 te
1957 2850 2041 2898 est
2066 2883 2081 2906 ,
2114 2851 2168 2897 et
2198 2843 2482 2897 immittam
2518 2842 2571 2895 in
2594 2856 2688 2895 eos
2716 2857 2729 2894 :
2770 2850 2823 2894 et
2852 2837 3199 2909 congregavit
3225 2842 3443 2907 septua-s

1870 2934 2019 3005 ginta
2049 2935 2197 2990 viros
2235 2935 2299 2986 ".
2334 2954 2351 2985 ι
2386 2933 2479 2988 Sic
2501 2932 2663 2988 etiam
2693 2933 2808 3001 ipse
2838 2929 3087 2985 Salvator
3125 2947 3143 2979 ι
3187 2928 3443 2999 όθεὶεηιιά

1872 3029 1949 3081 vit
1971 3043 2101 3082 suos
2131 3026 2430 3097 discipulos
2462 3025 2823 3095 septuaginta,
2849 3030 2901 3078 et
2947 3022 3093 3076 misit
3127 3020 3283 3077 binos
3314 3023 3443 3074 ante

1875 3117 2067 3172 faciem
2125 3133 2279 3172 suam
2320 3117 2388 3173 ὀ.
2423 3136 2442 3169 ›
2478 3114 2693 3171 Rursus
2742 3114 2921 3168 Moses
2964 3108 3249 3167 duodecim
3294 3112 3441 3166 viros

1872 3210 2054 3264 emisit
2105 3216 2306 3265 terram
2364 3208 2745 3278 exploraturos
2781 3207 2846 3259 ¹¹.
2888 3203 3086 3259 Noster
3140 3196 3251 3276 94
3310 3204 3437 3257 item

1872 3296 2145 3365 Salvator,
2203 3298 2481 3366 multoque
2533 3295 2694 3350 etiam
2744 3293 3089 3365 praestantius
3152 3290 3440 3346 duodecim

1870 3388 2145 3458 apostolos
2170 3388 2385 3452 emisit,
2432 3385 2499 3440 ad
2531 3383 2898 3455 inspiciendas
2930 3394 3120 3436 oumes
3153 3388 3339 3449 gentes
3367 3379 3435 3432 ¹¹.

1868 3476 2083 3534 Rursus
2134 3476 2311 3532 Moses
2354 3477 2507 3546 ponit
2557 3476 2729 3547 legem
2776 3488 2898 3544 qua:
2930 3472 3096 3527 dicit:
3140 3490 3159 3522 ι
3197 3471 3311 3524 Non
3346 3486 3439 3526 oc‘

1868 3569 2038 3634 eides,
2066 3584 2173 3623 non
2206 3568 2586 3629 mmcbaberis,
2620 3582 2727 3620 non
2758 3561 3049 3627 furaberis,
3085 3578 3191 3617 non
3221 3563 3436 3631 pejeraa

1867 3660 1953 3715 his
1980 3660 2044 3716 ”.
2082 3679 2100 3711 ι
2130 3659 2199 3713 At
2229 3658 2479 3714 SalVator
2513 3667 2699 3713 noster
2729 3658 2845 3727 lege
2874 3657 3172 3727 proposita,
3206 3668 3313 3725 non
3345 3669 3440 3709 oc-

1868 3757 2053 3811 cidere
2080 3758 2279 3822 solum,
2311 3753 2405 3811 sed
2431 3755 2596 3810 etiam
2648 3753 2810 3808 irasci
2863 3751 3115 3823 prohibet
3143 3750 3210 3817 ",
3242 3760 3294 3805 et
3338 3758 3439 3821 pro

1867 3864 1931 3903 eo
1962 3848 2104 3918 quod
2139 3849 2345 3903 dictum
2380 3857 2484 3911 est,
2519 3862 2629 3901 non
2661 3843 2945 3907 mmchari,
2989 3860 3059 3898 ne
3088 3844 3285 3897 intueri
3315 3845 3439 3914 quis

1867 3939 1987 3995 dem
2016 3940 2296 3995 mulierem
2328 3955 2452 3995 cum
2498 3939 2759 4010 petulanti
2798 3936 3052 4009 cupidine
3086 3937 3432 3993 admonet":

1865 4042 1918 4087 et
1950 4047 2049 4102 pro
2075 4048 2141 4087 eo
2162 4033 2304 4103 quod
2330 4040 2435 4095 est,
2468 4048 2577 4087 non
2622 4031 2826 4098 furari,
2872 4048 2958 4087 res
2998 4030 3246 4103 preprias
3292 4026 3436 4085 indi-

1866 4125 2119 4193 gentibus
2176 4125 2396 4194 elargiri
2454 4124 2684 4194 imperat
2728 4123 2773 4155 “
2822 4136 2835 4177 ε
2888 4124 3052 4177 etiam
3114 4118 3245 4177 illud
3280 4122 3437 4193 longe

1864 4216 2179 4271 transiliens
2207 4216 2351 4286 quod
2390 4224 2494 4283 est,
2527 4232 2635 4270 non
2686 4212 2950 4287 pejerare,
2988 4231 3057 4271 ne
3105 4215 3291 4285 jurare
3316 4215 3437 4284 qui-

1864 4308 1985 4363 dem
2011 4308 2120 4364 ullo
2144 4307 2304 4362 modo
2336 4307 2572 4363 instituit
2594 4309 2660 4362 ’¹¹.
2692 4307 2750 4361 ΕΙ
2779 4308 2909 4378 quid
2936 4323 3020 4363 me
3046 4308 3293 4361 oratione
3317 4307 3437 4360 Iona

1865 4401 1986 4471 gius
2014 4401 2236 4470 provehi
2273 4416 2499 4456 necesse
2526 4408 2643 4466 est,
2696 4408 2755 4454 ut
2788 4401 3157 4457 demonstrem
3192 4399 3391 4455 similia
3416 4439 3434 4466 ,

218 4482 301 4552 τὴν
328 4484 549 4556 θεότητα
576 4487 896 4559 μεταϐολήν.
932 4490 994 4542 Ei
1023 4488 1086 4560 δὴ
1118 4485 1208 4543 οὖν
1239 4490 1327 4543 διὰ
1358 4490 1466 4544 τῶν
1496 4491 1763 4545 τοσούτων

1869 4492 2204 4564 finitimaque
2234 4494 2375 4547 inter
2405 4508 2485 4558 se,
2521 4492 2707 4548 Mosen
2738 4508 2803 4548 ac
2834 4492 3203 4557 Salvatorem,
3248 4485 3437 4545 Domi«L

215 4573 371 4639 ούδεὶς
401 4579 500 4648 μὲν
544 4579 723 4643 ἄλλος,
771 4582 928 4651 μόνος
957 4580 1012 4634 δὲ
1054 4582 1082 4633 6
1111 4582 1299 4653 Σωτὴρ
1332 4582 1486 4653 ἡμῶν
1522 4582 1764 4654 παρέστη

215 4663 274 4718 τὰ
296 4670 643 4741 παραπλήσια
670 4672 893 4725 Μωῦσεῖ
932 4672 1421 4744 διαπεπραγμένος,
1454 4675 1549 4728 θέα
1581 4676 1764 4730 λοιπὸν

217 4755 295 4807 ἐπὶ
330 4758 488 4827 μόνον
518 4758 702 4821 αὐτὸν,
733 4760 826 4813 καὶ
858 4760 965 4812 οὐδ’
993 4761 1075 4827 ἐφ’
1104 4760 1286 4830 ἕτερον
1327 4761 1617 4833 ἀναφέρειν
1656 4759 1761 4833 χρὴ

218 4844 299 4913 τὴν
337 4848 486 4918 παρά
527 4849 749 4901 Μωῦσεῖ
792 4850 1146 4921 προφητείαν,
1187 4850 1254 4902 δι’
1295 4844 1363 4920 ἦς
1400 4851 1581 4920 ὅμοιον
1614 4850 1762 4922 αὐτῷ

219 4940 565 5010 παραστήσειν
600 4941 630 4992 6
672 4939 802 5003 Θεὸς
846 4939 1127 4993 ἐθέσπισεν
1169 4939 1363 4993 εἰπών·
1411 4962 1429 4992 ι
1470 4943 1760 5013 Προφήτην

218 5026 270 5078 ἐκ
293 5028 392 5081 τῶν
422 5029 668 5100 ἀδελφῶν
700 5031 878 5085 αὐτῶν
907 5033 1194 5105 ἀγαπήσω
1225 5034 1425 5098 αὐτοῖς,
1456 5032 1643 5105 ὥσπερ
1677 5051 1757 5098 σε,

219 5120 294 5171 καὶ
324 5120 472 5176 δώσω
509 5123 572 5176 τὸ
614 5124 767 5194 ῥῆμά
805 5142 906 5195 μου
943 5126 1001 5177 ἐν
1033 5124 1109 5194 τῷ
1148 5126 1373 5196 στόματι
1412 5125 1575 5179 αὐτοῦ
1601 5143 1614 5155 ·
1666 5125 1761 5178 καὶ

216 5206 407 5283 λαλήσει
451 5215 657 5278 αὐτοῖς,
706 5215 845 5268 καθά
893 5214 958 5269 ἂν
1000 5215 1322 5287 ὲντείλωμαι
1366 5216 1532 5287 αὐτῷ.
1580 5218 1687 5271 Καὶ
1732 5219 1762 5271 6

214 5301 470 5374 ἄνθρωπος
492 5305 553 5369 ὃς
579 5306 647 5359 ἂν
678 5307 752 5376 μὴ
782 5305 989 5378 ἀκούσῃ
1012 5305 1118 5359 τῶν
1143 5306 1312 5373 λόγων
1344 5307 1530 5371 αὐτοῦ,
1567 5308 1666 5361 ὅσα
1696 5306 1761 5360 ἂν

212 5390 389 5467 λαλήσῃ
420 5399 450 5450 6
479 5398 769 5467 προφήτης
803 5396 895 5449 ἐπὶ
936 5395 1014 5466 τῷ
1045 5396 1266 5466 ὀνόματί
1298 5415 1419 5468 μου,
1468 5396 1579 5467 ἐγὼ
1612 5398 1758 5453 ἐκδι-

210 5486 339 5557 κήσω
379 5488 436 5551 ἐξ
461 5486 654 5541 αὐτοῦ.
698 5507 717 5539 ι
753 5488 925 5553 Αὐτός
952 5505 1010 5540 τε
1043 5490 1298 5559 Μωῦσῆς,
1340 5491 1476 5562 πρὸς
1510 5489 1602 5544 τὸν
1633 5489 1756 5544 λαὸν

296 5582 332 5612 “
365 5581 537 5637 Exod.
565 5597 753 5647 xxxiv,
796 5581 990 5644 29,30.
1107 5584 1149 5614 ¹²
1177 5583 1364 5639 Matth.
1416 5601 1547 5648 xvu,
1588 5585 1701 5640 1κ5.

208 5648 427 5723 ξξβιοιι.
463 5669 616 5723 xxxi,
666 5652 763 5723 18.
830 5655 911 5723 7"
942 5652 1108 5709 Exod.
1158 5671 1280 5723 vni,
1335 5655 1422 5710 19.

205 5709 239 5750 θ·
262 5718 404 5776 Dent.
440 5740 482 5782 ι,
511 5709 605 5778 23;

204 5787 241 5822 '
264 5790 387 5849 ibid.
427 5794 524 5849 5-6.

1811 5587 1854 5618 ¹³
1882 5586 2041 5642 Num.
2087 5603 2185 5647 xu.
2223 5588 2311 5645 10.

1533 5656 1575 5688 ’⁸
1608 5655 1739 5710 Luc.
1778 5672 1860 5720 xl,
1907 5656 1997 5711 20.

721 5721 766 5755 ¹¹
798 5722 985 5778 Matth.
1015 5739 1072 5788 x,
1107 5724 1220 5780 1-5.
1264 5721 1269 5723 ⁷
1335 5726 1382 5758 ’³
1417 5724 1589 5781 Exod.
1623 5740 1713 5793 xx,
1748 5728 1770 5781 1

1874 5726 1926 5780 6.
2031 5728 2077 5759 ³⁸
2109 5725 2297 5784 Matth.
2336 5745 2390 5798 ν,
2434 5729 2523 5783 22.
2590 5721 2598 5725 ν
2636 5732 2680 5762 ’⁸
2704 5728 2839 5785 Ibid.
2890 5728 2980 5787 98.
3088 5730 3132 5760 “
3166 5726 3301 5781 Ibid.
3332 5728 3416 5782 62.

1864 4600 2106 4655 numque
2134 4592 2380 4641 nostrum
2430 4584 2654 4639 fecisse?
2698 4599 2823 4638 cum
2866 4582 3161 4653 unicuique
3205 4578 3431 4650 volenti,

1866 4675 1923 4729 in
1954 4676 2066 4730 otio
2095 4674 2223 4728 talia
2257 4675 2514 4744 colligere
2560 4674 2873 4728 facillimum
2914 4674 3016 4729 sit?
3063 4672 3274 4729 Etenim
3305 4688 3432 4728 cum

1864 4765 2031 4821 Mosis
2080 4774 2305 4820 mortem
2338 4766 2555 4821 novisse
2588 4767 2855 4820 neminem
2895 4758 3119 4828 dicant,
3157 4781 3220 4819 ac
3251 4781 3320 4820 ne
3342 4782 3432 4821 se~

1861 4857 2109 4926 pulcrum
2145 4854 2363 4924 quidem
2391 4854 2513 4931 ejus
2532 4891 2550 4919 ,
2585 4868 2761 4923 neque
2796 4853 2978 4908 itidem
3014 4854 3309 4909 Salvatoris
3332 4871 3432 4909 n04

1859 4946 1960 5003 stri
1986 4954 2110 5016 post
2149 4945 2379 5000 reditum
2428 4960 2586 5001 suum
2635 4945 2691 4999 in
2729 4946 2931 5010 vitam,
2989 4946 3341 4999 mutationem
3375 4946 3429 5000 in

1862 5038 2099 5108 speciem
2129 5036 2364 5092 divinam
2394 5037 2684 5107 quisquam
2712 5037 2853 5090 scire
2881 5037 3072 5106 potuit.
3107 5034 3161 5090 Si
3190 5037 3354 5106 igitur
3376 5037 3431 5090 in

1861 5139 1973 5184 tam
2015 5124 2201 5185 multis
2240 5130 2404 5185 rebus
2443 5130 2581 5184 alius
2611 5144 2803 5194 nemo,
2854 5128 2947 5184 sed
2994 5129 3144 5184 solus
3182 5120 3431 5184 Salvator

1862 5226 2069 5285 noster,
2099 5220 2341 5289 quicum
2388 5214 2537 5274 Mose
2579 5218 2987 5273 similitudinem
3022 5219 3290 5273 factorum
3327 5214 3428 5274 hac

1863 5310 2061 5373 buerit,
2111 5311 2345 5380 proferri
2379 5314 2577 5381 potest,
2615 5314 2866 5380 Superest
2902 5310 3015 5377 jam
3060 5310 3119 5364 ut
3175 5309 3229 5364 in
3276 5310 3427 5366 illum

1864 5417 2035 5456 unum
2069 5408 2396 5473 spectemus.
2421 5403 2605 5473 Neque
2645 5419 2774 5458 vero
2806 5400 2874 5458 ad
2922 5394 3084 5456 alium
3122 5404 3428 5474 quempiam

1864 5491 2163 5548 referamus
2214 5495 2584 5565 prophetiam,
2620 5504 2740 5565 quae
2800 5490 2943 5563 apud
2994 5484 3178 5548 Mosen
3214 5502 3423 5559 exstat,

2428 5591 2471 5621 “
2500 5588 2633 5650 ibid,
2664 5591 2748 5644 15.
2866 5588 2906 5619 ⁸⁵
2929 5588 3254 5650 Matth.vm,
3296 5588 3424 5645 2.5.

2112 5657 2154 5688 ⁸³
2181 5656 2340 5712 Num.
2399 5673 2477 5719 xl.
2518 5659 2603 5725 16,
2656 5660 2743 5717 17.
2788 5659 2879 5713 26.
2995 5656 3039 5691 "
3074 5658 3203 5712 Luc.
3261 5673 3315 5719 x,
3376 5657 3395 5709 1
