3880 6256
449 381 549 435 175

444 505 498 560 in
545 515 652 572 qua
687 497 762 552 illi
791 491 1018 550 similem
1051 483 1442 542 suscitaturum
1494 490 1551 530 se
1584 472 1726 526 Deus
1772 478 2000 535 respon-
2031 465 2072 520 A

441 554 773 656 det,'dicen's
798 603 811 640 :
854 602 872 635 ι
907 577 1231 650 Prophetam
1254 589 1321 628 ex
1336 566 1597 624 fratribus
1619 575 1806 618 eorum
1834 554 2003 612 susci-

441 688 570 744 tabo
596 684 700 746 eis,
733 687 992 747 tanquam
1023 679 1092 732 te,
1117 677 1172 725 et
1197 667 1338 722 dabo
1377 660 1602 717 verbum
1635 671 1686 708 m

445 781 611 843 illius,
654 783 708 829 et
757 771 1014 839 loquetur
1046 762 1126 818 eis
1181 750 1638 830 quemadmodum
1679 763 1693 799 ι

445 872 562 936 illi;
629 877 682 922 et
747 859 924 917 omnis
974 857 1140 910 homo
1195 849 1505 921 quicunque
1583 853 1693 894 non
1769 830 2003 887 audierit

1093 357 1362 420 EUSEBII
1395 345 1876 413 CESARIENSIS
1909 341 2058 399 OPP.
2099 335 2280 393 PARS
2318 334 2383 391 ll.
2415 365 2483 374 —
2517 325 3010 386 APOLOGETICA.

3555 318 3658 374 ΠΒ

2100 457 2196 528 τὴν
2228 454 2321 510 τοῦ
2353 451 2486 506 Θεοῦ
2529 445 2895 518 διερμηνεύων
2943 441 3144 512 φωνὴν,
3183 440 3414 510 ἔφησεν·
3458 457 3476 489 ι
3515 439 3660 509 Προ-

2100 548 2276 615 φήτην
2319 546 2382 598 ἐκ
2423 539 2531 594 τῶν
2578 536 2816 605 ἀδελφῶν
2853 535 3006 605 ὑμῶν
3053 533 3343 602 ἀναστήσει
3390 529 3593 602 Κύριος
3636 531 3665 584 6

1691 666 1814 708 eum
1851 650 1908 704 in
1941 662 2004 702 os
2099 637 2230 700 Θεὸς
2257 634 2431 707 ἡμῶν.
2462 631 2631 685 Αὑτοῦ
2669 627 2962 684 ἀκούσεσθε
2989 627 3128 680 κατά
3157 625 3331 678 πάντα
3358 624 3455 675 ὅσα
3481 624 3668 694 ᾐτήσω

1694 742 2004 798 ιιεηᾱειγριοο
2102 727 2252 799 παρὰ
2277 726 2480 797 Κυρίου
2506 721 2599 776 τοῦ
2628 721 2761 775 Θεοῦ
2804 737 2896 773 σου
2935 721 2991 771 ἐν
3019 714 3221 787 Χωρὴϐ
3264 716 3328 784 τῇ
3362 712 3544 784 ἡμέρᾳ
3572 713 3670 782 τῆς

2105 820 2416 889 ἐκκλησίας.
2468 835 2486 868 ι
2524 816 2642 867 Ὅτι
2688 814 2745 867 δὲ
2821 811 2927 864 τῶν
2982 807 3120 880 μετὰ
3176 806 3412 860 Μωῦσέα
3461 822 3671 877 προφη-

446 897 562 936 mt;
629 897 682 922 cr.
747 897 924 917 Ulluua
977 897 1136 910 ..νων
1197 897 1433 921 ,Γηήηῖ
1488 897 1499 898 γ

444 962 606 1019 verba
672 958 858 1018 illius,
913 959 1248 1022 quaecunque
1299 941 1548 1008 loquetur
1625 928 1888 1000 propheta
1950 923 2006 976 in

2142 912 2211 966 ῶν
2256 910 2430 972 οὐδεὶς
2480 907 2587 979 πρὸ
2631 905 2726 959 τοῦ
2784 903 3034 973 Σωτῆρος
3085 898 3241 972 ἡμῶν
3296 899 3478 968 ὅμοιος
3547 897 3673 966 ἐγή-

2339 1002 2564 1022 ιιηρ-μ,
2635 995 2814 1022 __--.-.-
2852 998 2882 1022 ,ι
2933 993 3136 1022 ..-μαι
3184 990 3370 1022 ιπηηηι.
3413 989 3645 1022 mas“...

444 1051 666 1108 nomine
735 1060 855 1100 meo
884 1084 896 1104 ,
945 1055 1042 1110 ego
1084 1035 1317 1089 ulciscar
1363 1043 1427 1082 ex
1469 1040 1533 1079 eo
1583 1021 1664 1073 ’δε
1709 1038 1727 1070 ι
1789 1017 2010 1085 ipseque

448 1142 628 1198 Moses
673 1138 764 1192 Dei
806 1149 992 1189 vocem
1035 1129 1101 1183 ad
1139 1123 1394 1195 pupulum
1438 1118 1799 1183 interpretans
1824 1147 1837 1170 ,
1887 1105 2006 1157 ait:

454 1254 473 1286 σ
507 1231 830 1300 Prophetam
877 1238 942 1278 ex
989 1193 1247 1273 fratribus
1280 1210 1474 1264 vestris
1505 1198 1792 1260 suscitabit
1825 1193 2011 1248 Domi-

447 1342 553 1384 nus
580 1323 724 1377 Deus
768 1325 964 1376 vester,
1023 1310 1172 1364 illum
1207 1301 1440 1358 audietis
1491 1299 1543 1350 in
1573 1292 1826 1349 omnibus
1869 1300 2015 1355 quae-

453 1430 664 1486 cunque
701 1404 986 1482 postulasti
1034 1416 1064 1454 a
1108 1396 1334 1451 Domino
1362 1391 1471 1444 Deo
1503 1397 1597 1441 tuo
1629 1385 1683 1438 in
1715 1377 1928 1435 Choreb
1960 1376 2015 1428 in

453 1513 541 1567 die
582 1499 952 1563 concionis".
1001 1516 1016 1548 ι
1063 1492 1215 1558 Quod
1257 1494 1437 1542 autem
1483 1489 1605 1551 post
1660 1475 1847 1530 Mosen
1893 1477 2019 1524 ante

455 1601 791 1657 Salvatorcm
830 1598 1077 1646 nostrum
1123 1581 1306 1637 nullus
1339 1573 1724 1646 prOphetarum
1766 1561 1900 1618 Mosi
1943 1560 2018 1616 si-

455 1690 602 1747 milis
635 1681 963 1743 surrexerit,
1014 1675 1238 1743 antiqua
1283 1667 1564 1737 Scriptura
1601 1657 1888 1731 perspicue
1921 1651 2020 1707 do-

454 1791 562 1848 cet,
593 1779 684 1834 ubi
718 1778 830 1830 ait:
873 1792 891 1826 ‹
927 1771 992 1825 Ει
1039 1783 1146 1824 non
1179 1759 1414 1818 surrexit
1465 1756 1604 1810 ultra
1659 1748 1919 1822 propheta
1964 1744 2018 1798 in

456 1875 623 1931 Israel
653 1872 795 1927 sicut
826 1865 1004 1921 Moses
1023 1902 1037 1925 ,
1087 1872 1246 1929 quem
1276 1851 1485 1906 noverit
1511 1845 1770 1901 Dominus
1795 1839 1929 1894 facie
1953 1836 2019 1889 ad

459 1968 685 2028 faciem,
733 1962 789 2016 in
841 1956 1092 2013 omnibus
1141 1947 1310 2019 signis
1360 1950 1522 2012 atque
1576 1934 1842 2008 portentis
1889 1931 1954 1981 ³ο.
1999 1947 2016 1980 ι

459 2060 684 2114 Constat
746 2051 910 2122 igitur
963 2044 1203 2099 divinum
1258 2034 1507 2105 spiritum
1572 2042 1666 2098 per
1725 2023 1908 2077 Mosen
1958 2019 2024 2072 de

464 2148 745 2204 Salvatore
774 2148 962 2196 nostro
983 2131 1286 2190 cecinisse:
1323 2119 1592 2193 siquidem
1617 2130 1786 2172 unum
1809 2113 1986 2183 ipsum
2009 2147 2022 2171 ,

461 2256 564 2297 nec
596 2238 759 2293 alium
787 2228 1094 2303 quempiam
1130 2219 1265 2276 Mosi
1303 2215 1533 2272 similem
1573 2206 1869 2268 exstitisse,
1900 2215 2030 2272 qua-

463 2333 569 2389 lem
603 2327 772 2398 ipsius
801 2321 967 2376 Mosis
1009 2315 1172 2372 verba
1201 2308 1537 2368 describunt,
1565 2301 1679 2370 jam
1707 2293 2029 2364 comproba-

463 2434 579 2480 tum
624 2387 725 2474 est.
760 2416 1026 2470 Caeterum
1055 2448 1070 2472 ,
1107 2411 1292 2475 specta
1324 2401 1484 2455 aliam
1536 2405 1756 2464 quoque
1795 2387 2028 2458 prophe-

464 2517 595 2571 tiam
643 2509 750 2582 95
799 2504 1030 2577 publicae
1077 2497 1361 2566 scripturae
1411 2482 1862 2544 commendatam.
1894 2475 2028 2530 Nam

464 2623 588 2664 cum
639 2603 972 2657 Salvatorem
1019 2599 1074 2648 et
1112 2588 1400 2644 Dominum
1443 2585 1715 2639 nostrum,
1754 2568 2029 2624 hominem

465 2703 673 2756 ratione
709 2687 1061 2748 humanitatis
1089 2683 1156 2738 de
1188 2678 1396 2735 semine
1430 2671 1600 2729 Israel
1643 2673 1845 2727 ortum,
1873 2662 2034 2714 innu-

467 2789 759 2849 merabiles
788 2789 1086 2838 conventus
1116 2777 1169 2828 in
1196 2771 1449 2826 omnibus
1473 2761 1724 2835 gentibus
1749 2753 2032 2809 Dominum

470 2878 759 2952 appellent,
804 2875 1024 2942 propter
1075 2864 1311 2919 divinam
1363 2857 1483 2925 ejus
1526 2853 1784 2907 virtutem
1821 2847 1961 2898 hanc
1985 2843 2033 2896 ei

471 2935 883 3042 appellationem
907 2935 1218 3015 tribuentes
1254 2971 1267 3006 :
1307 2949 1518 3019 Moyses
1535 2955 1773 3014 quoque,
1802 2935 2035 3007 qui,boc

473 3061 661 3117 divino
706 3055 910 3126 Spiritu
959 3051 1197 3108 afﬂatus,
1230 3045 1582 3112 cognoverat,
1621 3027 1924 3088 enuntiavit
1977 3026 2031 3079 in

473 3154 621 3208 hunc
650 3117 868 3205 modum
903 3164 915 3198 :
960 3163 977 3194 ι
1017 3138 1198 3194 Exibit
1251 3137 1412 3190 homo
1436 3131 1502 3184 de
1534 3125 1742 3182 semine
1784 3121 1905 3190 ejus
1938 3117 2039 3189 (di-
2065 3147 2106 3202 ρ

473 3247 548 3301 cit
601 3250 780 3296 autem
837 3237 904 3291 de
957 3230 1145 3299 Israel)
1185 3236 1240 3283 et
1278 3219 1652 3279 dominabitur
1689 3211 1962 3285 gentibus,
1987 3216 2040 3263 et

473 3336 767 3394 extolletur
797 3342 1022 3398 regnum
1055 3321 1257 3394 ejus”.
1295 3339 1312 3370 ι
1341 3314 1495 3382 Quod
1517 3311 1565 3367 si
1592 3307 1774 3363 nullus
1803 3315 2041 3372 unquam

477 3433 618 3486 alius
658 3443 722 3483 ex
765 3425 834 3479 iis
873 3418 1208 3493 principibus
1237 3419 1290 3468 et
1324 3408 1559 3478 regibus,
1589 3402 1680 3473 qui
1714 3399 1770 3453 in
1808 3396 2045 3451 circum-

478 3525 684 3580 cisione
736 3513 1100 3587 regnaverint,
1133 3508 1426 3561 multarum
1480 3496 1720 3568 gentium
1783 3486 2044 3542 Dominus

477 3618 807 3676 constitutus
855 3616 939 3664 est
995 3604 1164 3677 (nulla
1225 3598 1370 3655 enim
1422 3589 1650 3648 historia
1699 3585 1805 3639 hoc
1833 3581 2051 3648 habet);

480 3715 678 3768 clamat
725 3712 904 3760 autem
951 3708 1004 3754 et
1049 3691 1379 3750 vociferatur
1407 3684 1612 3739 veritas
1642 3679 1710 3733 de
1732 3691 1840 3731 uno
1862 3673 2050 3728 Salva-

479 3817 598 3860 tore
632 3807 821 3856 nostro
853 3815 866 3849 :
900 3793 1052 3846 illum
1083 3787 1271 3856 utique
1294 3783 1405 3851 jam
1429 3774 1746 3832 Dominum,
1780 3781 1956 3836 neque
1995 3762 2049 3817 id

482 3895 641 3950 labiis
667 3896 898 3949 tantum,
933 3881 1029 3936 sed
1066 3876 1352 3932 aITeCtione
1378 3863 1773 3926 sincerissima,
1801 3860 2052 3913 innume-

485 3985 682 4040 rabiles
731 3978 973 4032 omnium
1034 3970 1314 4025 nationum
1369 3963 1670 4016 conventus
1727 3948 1976 4007 conﬁteri
2035 3964 2047 4000 :

486 4075 616 4148 quid
664 4074 806 4127 ultra
844 4069 956 4138 jam
1013 4060 1240 4130 impedit
1271 4072 1338 4110 ne
1372 4053 1522 4107 illum
1551 4063 1674 4104 esse
1705 4039 2055 4102 dicamus,de

486 4134 595 4238 quo
643 4134 939 4233 prophetiae
995 4149 1246 4208 exstant?
1294 4142 1449 4210 Quod
1478 4147 1657 4194 autem
1687 4135 1898 4206 Moyses
1939 4134 2057 4184 haec

487 4271 598 4312 non
631 4249 909 4307 indeﬁnite
935 4242 1210 4316 praedicat,
1233 4249 1407 4304 neque
1433 4233 1700 4286 immenso
1737 4223 1973 4295 quodam
2004 4226 2057 4273 et

489 4343 823 4404 inconstanti
851 4312 1092 4408 tempore
1113 4329 1428 4386 vaticinium
1458 4315 1875 4382 adutnbret,sed
1905 4312 2059 4367 valde

491 4438 838 4513 providenter
865 4440 1118 4486 eventum
1142 4436 1323 4478 rerum
1354 4431 1491 4488 quas
1523 4408 1857 4484 praedixerit,
1887 4405 2062 4459 deter-

493 4483 826 4513 ,.......-----_
873 4483 891 4486 _
942 4483 955 4485 ,
1373 4483 1389 4488 _

491 4529 713 4588 minatis
758 4522 1095 4594 temporibus
1135 4509 1573 4570 circumscribat,
1617 4503 1709 4557 illa
1745 4496 2060 4570 planissime
2091 4489 2133 4542 ι)
2162 4487 2268 4542 ἀπὸ
2323 4483 2352 4553 β

493 4619 754 4678 indicant,
784 4584 905 4682 quae
934 4610 1002 4663 de
1031 4607 1133 4660 hac
1174 4615 1390 4673 quoque
1425 4612 1484 4651 re
1527 4593 1677 4648 canit
1713 4609 1726 4644 :
1768 4607 1786 4638 ι
1821 4586 1938 4639 Non
1968 4584 2063 4639 de-

495 4711 658 4772 ﬂciet,
693 4674 889 4775 inquit,
929 4700 1181 4770 princeps
1220 4695 1288 4748 de
1320 4688 1480 4751 Juda,
1529 4698 1704 4754 neque
1743 4679 1850 4733 dux
1885 4676 1952 4731 de
1986 4674 2066 4728 fe-

495 4801 741 4858 moribus
787 4797 927 4864 ejus,
961 4791 1136 4845 donec
1169 4784 1350 4842 veniat
1390 4780 1476 4834 cui
1528 4775 1824 4846 repositum
1856 4776 1940 4823 est
1967 4784 1981 4822 :
2012 4771 2065 4820 et

498 4895 616 4964 ipse
647 4886 983 4958 exspectatio
1014 4879 1254 4952 gentium
1273 4876 1376 4928 ³¹’.
1418 4891 1436 4922 ι
1480 4867 1689 4934 Quibus
1725 4859 1906 4917 verbis
1957 4871 2066 4910 non

497 4984 783 5041 defuturos
815 4979 1069 5045 deinceps
1109 4972 1361 5025 ductores
1394 4978 1458 5016 ac
1495 4957 1792 5030 principes,
1835 4950 1930 5021 qui
1962 4946 2065 5002 sibi

499 5078 642 5132 inter
671 5089 728 5129 se
757 5071 1074 5126 continuata
1119 5063 1259 5118 serie
1303 5052 1600 5113 succedant
1647 5048 1714 5102 de
1764 5053 1920 5116 gente
1972 5037 2069 5092 Ju-

502 5169 679 5229 daica,
717 5177 889 5233 usque
921 5160 988 5214 ad
1038 5157 1178 5226 ejus,
1210 5153 1304 5224 qui
1351 5149 1720 5217 exspectatur,
1750 5137 2063 5190 adventum,

503 5224 771 5315 enuntiat.
801 5224 984 5321 -Quod
1027 5224 1082 5305 ‘si
1132 5246 1405 5319 principes
1437 5236 1578 5308 apud
1615 5233 1832 5289 Judzeos
1867 5224 2071 5280 deiece-

504 5356 636 5414 rint,
666 5351 1025 5404 adventurum
1055 5358 1200 5402 eum,
1223 5338 1316 5408 qui
1338 5351 1404 5390 ex
1429 5327 1670 5387 oraculis
1698 5325 2066 5392 exspectatur.

504 5441 702 5497 Judam
746 5454 874 5493 vero
929 5437 1017 5491 hic
1064 5448 1172 5488 non
1218 5404 1390 5499 ipsam
1439 5422 1639 5476 tribum
1676 5410 1944 5481 intelligit,
1977 5404 2071 5461 sed

510 5534 770 5604 quoniam
846 5523 1290 5582 denominatione
1360 5514 1594 5586 quadam
1677 5497 2073 5578 posterioribus

507 5623 848 5694 temporibus
897 5637 926 5673 a
977 5616 1144 5688 regali
1192 5612 1340 5666 tribu
1364 5607 1522 5665 Juda,
1556 5599 1734 5656 omnis
1762 5592 2072 5649 Iudaeorum

509 5678 657 5774 natio
686 5716 830 5770 dicta
864 5721 968 5775 est,
1004 5678 1076 5764 ita
1106 5705 1322 5776 quidem
1370 5709 1428 5753 ut
1471 5695 1631 5750 hodie
1658 5701 1872 5761 quoque
1899 5678 2070 5736 Judaei

580 5830 626 5862 ⁸⁸
675 5828 831 5882 Dcut.
890 5836 1046 5885 xvm,

1083 5773 1270 5879 ista.
1347 5812 1390 5842 ιο
1423 5806 1552 5864 ibid.
1590 5798 1774 5863 t5,t6.
1853 5795 1897 5826 ³ο
1932 5789 2303 5847 Dcut.xxxrv,
2343 5773 2520 5838 i0,!t.

2107 1021 2298 1075 γερται
2339 1002 2581 1062 Μωῦσεῖ,
2631 995 2814 1067 σαφῶς
2852 998 2886 1066 ἠ
2933 993 3137 1047 παλαιὰ
3184 990 3372 1063 Γραφὴ
3413 989 3670 1054 διδάσκει,

2106 1094 2338 1162 λέγουσα
2358 1109 2371 1122 ·
2409 1110 2426 1142 ι
2460 1091 2570 1144 Καὶ
2600 1089 2699 1142 ούκ
2720 1088 2914 1157 ἀνέστη
2945 1085 3024 1138 ἔτι
3049 1084 3332 1154 προφήτης
3364 1083 3420 1133 ἐν
3436 1079 3671 1150 Ἰσραὴλ,

2109 1185 2184 1248 ὼς
2211 1183 2470 1252 Μωῦσῆς,
2513 1182 2570 1234 ὃν
2613 1179 2750 1248 ἔγνω
2777 1176 2979 1247 Κύριος
3024 1177 3312 1246 πρόσωπον
3345 1173 3484 1226 κατά
3512 1171 3676 1241 πρόσ-

2118 1294 2262 1330 ωπον
2294 1277 2350 1328 ὲν
2411 1274 2542 1326 πᾶσι
2570 1274 2679 1333 τοῖς
2710 1268 2953 1340 σημείοις
2987 1268 3078 1320 καὶ
3109 1265 3316 1336 τέρασι.
3355 1283 3372 1314 ι
3402 1263 3677 1315 Δέδεικται

2112 1369 2289 1422 τοίνυν
2316 1367 2375 1418 τὸ
2404 1364 2581 1417 ένθεον
2604 1361 2817 1431 πνεῦμα
2839 1359 2926 1413 διὰ
2951 1355 3224 1418 Μωῦσέως
3245 1351 3485 1424 περὶτοῦ
3508 1351 3678 1420 Σωτῆο

2118 1461 2207 1532 ρος
2228 1456 2380 1528 ήμῶν
2403 1455 2660 1509 θεσπίσαν
2685 1469 2698 1482 θ
2733 1453 2780 1504 εί
2803 1451 2865 1518 δὴ
2893 1449 3050 1519 μόνος
3074 1445 3253 1508 αὐτὸς,
3282 1445 3374 1496 καὶ
3396 1440 3504 1494 οὐδ’
3527 1440 3679 1502 ἄλλος

2117 1553 2297 1622 ὅμοιος
2317 1549 2394 1618 τῷ
2419 1546 2639 1600 Μωῦσεῖ
2659 1540 2897 1611 γεγονὼς
2924 1540 3040 1600 ταῖς
3065 1535 3227 1590 αὑτοῦ
3255 1532 3536 1593 Μωῡσέως
3568 1547 3678 1598 φω-

2120 1645 2237 1705 ναῖς
2259 1638 2562 1700 ἀκολούθως
2589 1635 2836 1703 συνέστη.
2863 1629 3063 1699 Σκέψαι
3091 1628 3145 1680 δὲ
3171 1627 3262 1680 καὶ
3292 1625 3454 1694 ἀλλην
3477 1639 3681 1693 προφη-

2121 1734 2268 1786 τείαν
2299 1731 2660 1801 ἀνάγραπτον.
2703 1722 2916 1793 Ἐπειδὴ
2939 1720 3046 1792 γὰρ
3077 1719 3165 1772 τὸν
3202 1717 3425 1787 Σωτῆρα
3456 1714 3552 1766 καὶ
3580 1710 3687 1766 Κύ-

2127 1841 2240 1896 ριον
2257 1823 2431 1894 ἡμῶν,
2456 1819 2738 1890 ἄνθρωπον
2758 1813 2894 1868 κατά
2927 1812 3101 1884 σάρκα
3128 1809 3410 1878 γενόμενον
3433 1807 3498 1857 ἐκ
3527 1803 3687 1874 σπέρ-

2128 1933 2295 1988 ματος
2341 1911 2574 1982 Ἰσραὴλ,
2611 1908 2778 1979 μυρία
2811 1905 2988 1976 πλήθη
3020 1904 3077 1955 ἐν
3103 1902 3233 1953 πᾶσι
3257 1901 3366 1960 τοῖς
3399 1897 3576 1949 ἔθνεσι
3599 1911 3688 1947 κυ-

2129 1987 2378 2081 ριολογεῖ,
2422 2003 2520 2073 τῆς
2551 2001 2730 2054 ἐνθέου
2759 1997 3039 2066 δυνάμεως
3091 1991 3252 2045 αὐτοῦ
3291 1990 3446 2061 χάριν
3491 1987 3688 2059 Κύριον

2125 2096 2502 2170 ὁμολογοῦντα,
2537 2093 2630 2147 καὶ
2663 2090 2819 2144 τοῦτο
2859 2086 3016 2142 πάλιν
3056 2082 3292 2153 Μωῦσῆς
3344 2079 3575 2134 συνιδὼν
3617 2078 3688 2149 τῷ

2129 2193 2254 2262 θείῳ
2287 2189 2579 2258 Πνεύματι,
2605 2183 2692 2237 διὰ
2717 2183 2815 2251 τῆς
2847 2178 3009 2234 αὐτοῦ
3033 2175 3244 2248 γραφῆς
3272 2172 3455 2226 τοῦτον
3489 2169 3692 2240 ἀνεφώ-

2127 2301 2256 2356 νησε
2300 2282 2390 2336 τὸν
2444 2278 2670 2350 τρόπον·
2734 2293 2751 2325 ι
2784 2269 3150 2338 Ἐξελεύσεται
3197 2265 3480 2336 ἄνθρωπος
3517 2265 3580 2316 ἐκ
3607 2261 3692 2315 τοῦ

2132 2351 2441 2448 σπέρματος
2469 2368 2631 2423 αὑτοῦ
2662 2365 2838 2437 (λέγει
2861 2363 2916 2416 δέ
2943 2360 3035 2414 τοῦ
3065 2357 3282 2429 Ἰσραήλ
3306 2355 3456 2427 ),καὶ
3490 2351 3693 2424 κυριεύ-

2131 2487 2212 2522 σει
2233 2467 2419 2528 ἐθνῶν,
2454 2463 2546 2516 καὶ
2579 2457 2919 2528 ὑψωθήσεται
2949 2454 2981 2522 ἡ
3007 2450 3250 2520 βασιλεία
3282 2447 3464 2500 αὑτοῦ.
3507 2465 3525 2497 ι
3557 2444 3693 2516 Είδὴ

2136 2559 2320 2630 μηδεὶς
2349 2554 2502 2616 ἄλλος
2531 2549 2749 2603 πώποτε
2780 2545 2886 2598 τῶν
2917 2546 2979 2597 ἐκ
3000 2539 3295 2612 περιτομῆς
3315 2537 3589 2608 ἀρχόντων
3610 2534 3696 2587 mi.

2135 2651 2395 2722 βασιλέων
2451 2645 2636 2716 κύριος
2688 2638 2855 2694 ἐθνῶν
2901 2633 3105 2689 πολλῶν
3158 2630 3418 2698 κατέστη·
3459 2625 3696 2696 (οὐδεμία

2135 2715 2241 2814 γὰρ
2276 2738 2485 2809 ἱστορία
2507 2715 2654 2806 δηλοῖ
2670 2730 2826 2785 τοῦτο
2844 2729 2883 2797 ⁸)
2911 2727 3005 2796 βοᾷ
3029 2725 3084 2776 δὲ
3107 2723 3199 2776 καὶ
3224 2721 3498 2790 κέκραγεν
3529 2719 3560 2788 ἡ
3586 2715 3699 2786 ἀλή-

2136 2809 2253 2888 θειά
2293 2833 2384 2886 ἐπὶ
2427 2829 2584 2900 μόνου
2618 2824 2712 2878 τοῦ
2742 2824 2993 2890 Σωτῆρος
3027 2815 3214 2888 ἡμῶν·
3253 2814 3333 2866 ὅτι
3387 2810 3450 2880 δὴ
3508 2809 3697 2878 Κύριον

2136 2924 2316 2985 αὐτὸν,
2351 2897 2443 2974 καί
2473 2920 2573 2971 ούκ
2607 2914 2734 2969 αὐτὸ
2772 2913 2926 2984 μόνον
2964 2910 3072 2969 τοῖς
3114 2904 3333 2976 χείλεσι,
3372 2900 3607 2955 διαθέσει
3647 2897 3696 2950 δὲ

2137 3015 2498 3086 γνησιωτὰτῃ,
2559 3008 2724 3080 μυρία
2769 3002 2946 3074 πλήθη
2999 2999 3058 3065 ἐξ
3107 2996 3356 3050 ἁπάντων
3398 2992 3508 3044 τῶν
3544 2987 3698 3042 ἐθνῶν

2137 3077 2402 3180 όμόλογεῖ,
2451 3077 2506 3155 τί
2548 3077 2743 3172 δήποτε
2798 3092 3045 3167 ἐμποδὼν
3099 3089 3172 3162 μὴ
3225 3087 3342 3156 οὐχὶ
3377 3084 3541 3138 αὑτὸν
3573 3077 3699 3134 εἶναι

2144 3173 2370 3270 εέάσκειν
2398 3197 2489 3249 τὸν
2521 3189 3016 3265 προφητευόμενονς
3053 3183 3170 3234 Ὅτι
3191 3179 3246 3232 δὲ
3271 3177 3513 3246 Μωῦσῆς
3535 3173 3696 3228 ταῦτα

2143 3267 2242 3346 οὐκ
2268 3287 2662 3361 ἀπεριορίστως
2690 3280 2961 3353 προλέγει,
2991 3274 3096 3328 οὐδ’
3123 3275 3200 3335 εἰς
3225 3271 3444 3340 ἄπειρον
3471 3267 3563 3320 καὶ
3587 3267 3700 3320 ἀπε·

2146 3355 2398 3455 ρίμετρον
2430 3355 2616 3450 χρόνον
2641 3370 2975 3433 ὲπισκιάζων
3004 3365 3099 3437 τὴν
3132 3364 3453 3435 πρόρρησιν,
3475 3360 3535 3412 ού
3572 3355 3701 3428 μάλα

2144 3449 2584 3544 δέἰάκριϐῶςντὴν
2610 3466 2717 3520 τῶν
2752 3456 3236 3534 προφητεύομένων
3259 3453 3485 3506 ἔκϐασιν
3507 3449 3702 3521 χρόνοις

2145 3566 2464 3638 ὡρισμένοις
2496 3559 2868 3632 περιγράφων,
2901 3556 3063 3608 ἄκουε
3099 3546 3184 3604 οἶα
3228 3549 3320 3602 καὶ
3360 3546 3489 3615 περὶ
3527 3542 3700 3596 τούτου

2148 3633 2420 3724 θεσπίζει·
2480 3675 2497 3706 ι
2542 3655 2656 3707 υὺκ
2713 3649 2948 3718 ἐκλείψει
3007 3646 3188 3716 ἄρχων
3249 3641 3308 3704 ἐξ
3372 3637 3560 3699 Ἰούδα,
3620 3633 3702 3684 καὶ

2147 3722 2447 3821 ἡγούμενος
2468 3750 2531 3799 ἐκ
2558 3743 2664 3797 τῶν
2701 3739 2886 3812 μηρῶν
2924 3735 3106 3798 αὐτοῦ,
3140 3734 3244 3795 ἐως
3263 3729 3476 3798 ἀνέλθῃ
3507 3722 3548 3793 ᾧ
3579 3723 3701 3779 ἁπό-

2151 3861 2322 3898 κειται
2341 3858 2354 3871 ο
2389 3840 2482 3893 καὶ
2502 3837 2661 3898 αὐτὸς
2686 3829 2974 3904 προσδοκία
2993 3824 3178 3879 ἐθνῶν.
3212 3842 3229 3874 ι
3256 3823 3330 3874 Δι’
3353 3813 3425 3873 ὧν
3445 3818 3507 3871 ού
3531 3812 3705 3870 διαλείο

2149 3935 2273 4006 ψειν
2315 3933 2442 4002 ἐξῆς
2473 3930 2567 3984 καὶ
2596 3925 2737 3981 κατά
2768 3920 3011 3989 διαδοχὴν
3040 3913 3372 3986 ἡγουμένους
3404 3909 3499 3962 καὶ
3529 3907 3706 3978 ἄρχον-

2151 4048 2250 4092 τας
2287 3998 2409 4079 τῶν.
2435 4018 2701 4073 Ἰουδαίων
2733 4013 2938 4074 ἔθνους,
2978 4008 3134 4079 μέχρι
3158 4005 3256 4074 τῆς
3284 4001 3377 4055 τοῦ
3414 3998 3706 4070 προσδοκῶ·

2158 4122 2317 4193 μένου
2359 4111 2656 4185 παρουσίας
2694 4104 3069 4172 ἀποφαίνεται.
3113 4094 3474 4148 Διαλιπόντων
3513 4089 3568 4143 δὲ
3611 4085 3707 4138 τῶν

2155 4178 2283 4283 παρ’
2310 4178 2488 4267 αύτοίς
2524 4200 2814 4272 ἀρχόντων,
2840 4189 3168 4264 παρέσεσθαι
3195 4187 3284 4239 τὸν
3313 4178 3708 4255 προφητευόμε-

2158 4265 2264 4359 νον.
2311 4265 2509 4354 Ἰούδαν
2536 4265 2716 4346 δένῦν
2744 4289 2804 4342 οὐ
2837 4287 2933 4357 τὴν
2961 4281 3129 4352 φυλὴν
3162 4276 3434 4347 ὀνομάζει,
3461 4271 3571 4325 ἀλλ’
3600 4265 3709 4320 ἐπεὶ

2159 4395 2299 4450 κατά
2328 4407 2447 4444 τινα
2477 4380 2860 4457 προσωνυμίαν
2892 4378 2947 4428 ὲν
2977 4377 3085 4435 τοῖς
3128 4368 3264 4440 μετὰ
3301 4364 3472 4418 ταῦτα
3515 4360 3708 4432 χρόνοις

2357 4450 2603 4547 ασιλικῆς
2649 4450 2820 4543 φυλῆς
2863 4469 2960 4537 τῆς
3003 4463 3170 4517 Ἰούδα
3217 4461 3278 4512 τὸ
3319 4459 3422 4510 πᾶν
3465 4450 3710 4508 Ἰουδαίων

2166 4540 2333 4637 έθνοξ
2360 4540 2740 4643 ἐχρημάτιζεν,
2781 4540 2866 4622 ἀὼς
2903 4557 2994 4610 καὶ
3034 4556 3110 4616 είς
3161 4552 3396 4621 σήμερον
3455 4540 3709 4598 Ἰουδαίοις

2167 4625 2521 4736 ὀνομάζεσθαι
2540 4676 2552 4688 ·
2589 4625 2792 4725 σιρόδρα
2811 4643 3134 4718 θαυμαστῶς
3167 4642 3258 4694 καὶ
3290 4630 3628 4708 προφητικῶς
3657 4625 3709 4677 τὸ

2170 4761 2276 4813 πᾶν
2307 4756 2454 4817 ἔθνος
2503 4747 2767 4804 Ἰουδαίων
2803 4740 3099 4810 ὠνόμασεν,
3135 4727 3416 4801 ῶσπεροῦν
3451 4726 3544 4778 καὶ
3569 4719 3711 4790 ἡμεῖς

2183 4812 2465 4909 Ἰουδαίους
2508 4832 3002 4913 προσαγορεύομεν.
3041 4821 3174 4878 Εἷτὰ
3201 4837 3332 4890 φησι
3366 4815 3438 4888 μὴ
3473 4812 3714 4883 πρότερον

2171 4894 2523 5004 ἐκλείψειυῖἐκ
2549 4894 2641 4979 τοῦ
2677 4894 2860 4981 ἔθνους
2884 4894 3069 4969 αὐτῶν
3097 4912 3356 4983 ἄρχοντας
3379 4905 3470 4958 καὶ
3501 4894 3714 4972 ήγουμιέ-

2171 4983 2425 5004 -..απτ-ον

2171 5047 2316 5092 νους,
2381 5025 2414 5094 ἦ
2473 5020 2723 5090 παρεῖναι
2775 5011 2866 5064 τὸν
2910 5002 3402 5079 προφητευόμενον·
3446 4993 3626 5047 τούτου
3665 4983 3715 5037 δὲ

2173 5118 2510 5176 ἐπιστάντος,
2562 5100 3027 5172 καταλυθήσεσθαι
3074 5097 3169 5168 μὲν
3219 5091 3412 5147 αὐτίκα
3458 5085 3554 5154 τὴν
3597 5080 3715 5132 Ἰου-

2175 5212 2338 5265 δαίων
2371 5160 2765 5275 ἀρὶῆν,αὐτδν
2895 5190 2994 5241 οὐκ
3027 5160 3106 5237 ἔτι
3158 5178 3440 5240 Ἰουδαίων,
3481 5167 3640 5224 ἐθνῶν
3665 5160 3716 5214 δὲ

2177 5259 2764 5363 ἐσεσθαιιπὶροσδοκίαν.
2800 5278 2912 5334 Καὶ⁸
2943 5275 3100 5329 τοῦτο
3131 5272 3186 5324 δὲ
3221 5269 3312 5322 ἐπὶ
3348 5267 3442 5337 μὲν
3468 5259 3573 5314 τῶν
3601 5267 3718 5324 προ-

2179 5389 2362 5463 φητῶν
2407 5342 2520 5438 ούκ
2547 5379 2610 5433 ἂν
2642 5375 2823 5430 δύναιο
2864 5363 3212 5439 ἐφαρμόζειν,
3248 5359 3338 5414 ἐπὶ
3371 5358 3425 5410 δέ
3455 5353 3606 5424 μόνον
3637 5342 3718 5397 τὸν

2859 5462 2862 5463 ⁷
2968 5459 3014 5463 “·
3273 5451 3284 5463 ι
3403 5449 3415 5463 ·
3463 5446 3478 5463 ε
3503 5461 3515 5463 -
3538 5441 3609 5463 Α-
3641 5434 3718 5463 ι...-

2179 5434 2514 5552 Ξῶτῆρακαλ.
2535 5472 2734 5542 Κύριον
2755 5434 2928 5536 ἡμῶν..
2967 5434 3114 5527 ’ίᾸμα
3141 5470 3199 5506 τε
3226 5451 3333 5520 γὰρ
3361 5446 3516 5506 αὐτὸς
3535 5441 3609 5502 είς
3638 5434 3718 5488 ἀν-

2982 5551 2999 5552 ,
3073 5549 3087 5552 ,
3142 5547 3151 5552 ,
3341 5541 3362 5552 λ
3384 5541 3395 5552 _
3584 5524 3694 5552 an:

2181 5524 2428 5648 θρῶτίεὲυς
2460 5524 2678 5636 γπαρῆν,
2739 5524 2831 5630 καὶ
2864 5553 2924 5606 τὸ
2965 5524 3229 5603 Ἰουδαίων
3266 5541 3533 5611 καθῄρητο
3584 5524 3718 5602 βασί-

3009 5644 3033 5648 ~
3173 5641 3185 5648 -
3223 5638 3236 5648 -
3370 5647 3373 5648 ν
3442 5630 3475 5648 κρ
3619 5621 3718 5648 2...-

2176 5621 2359 5725 λξιᾷξί
2379 5621 2676 5716 ἐκλελοίπεί
2701 5652 2756 5705 δέ
2788 5622 3122 5718 παραχρῆμα
3164 5641 3192 5692 ό
3221 5638 3285 5688 ἐκ
3311 5630 3582 5704 προγόνων
3618 5621 3722 5674 διση

2609 5768 2649 5799 ιι
2680 5763 2806 5820 ibid.
2836 5759 2921 5815 ιο.
2999 5756 3067 5788 δι’
3097 5750 3230 5806 Gen.
3267 5761 3412 5807 χιιι,
3445 5740 3532 5797 ιο.
