3880 6256
192 354 269 415 ὶτί
1087 359 1754 433 ξῦΕΙίΟΝΒΤΒΑΤΙΟΝΙδ

1889 352 2241 414 ANGELICE
2272 352 2400 409 LIB.
2435 354 2527 410 Ill.

3337 342 3437 400 178

203 476 342 551 δοχῆς
366 477 560 551 ἅρχων
594 481 803 549 αὐτῶν,
835 482 926 537 καὶ
948 483 977 536 6
1007 480 1144 537 κατά
1171 483 1370 553 νόμους
1400 482 1524 546 τοὺς
1552 481 1783 546 οἰκείους

1889 475 2255 540 nominentur,
2271 472 2429 530 valde
2449 470 2770 528 mirabiliter
2800 476 2856 525 et
2884 463 3197 539 prophetice
3221 477 3437 518 omnem

212 569 512 645 ηγούμενος,
538 573 859 641 Αὐγούστου
889 573 1007 628 τότε
1034 572 1247 647 πρώτου
1281 572 1562 644 Ῥωμαίων
1589 588 1777 644 μοναρ-

220 667 483 737 χήσαντος,
531 665 782 737 Ἡρώδου
810 684 868 721 τε
900 667 957 734 ἐξ
977 666 1286 736 ἀλλοφύλων
1315 663 1483 718 ἐθνῶν
1515 663 1776 734 βασιλέως

219 755 375 812 αὐτῶν
417 758 814 821 καταστάντος.
848 760 959 814 Καὶ
997 760 1046 813 οί
1080 758 1176 830 μὲν
1222 756 1620 820 ἐκλελοίπεσαν,
1659 757 1687 809 6
1719 755 1776 809 δὲ

218 846 494 921 προσδοκία
520 848 632 901 τῶν
655 849 777 903 καθ’
806 852 932 922 ὅλης
952 851 1052 922 τῆς
1082 851 1400 923 οἰκουμένης
1431 847 1617 913 ἐθνῶν,
1640 847 1779 902 κατά

216 941 304 1011 τὴν
341 936 491 992 θείαν
542 941 849 1013 πρόρρησιν
898 943 1301 1013 ἀναπέφανται·
1352 942 1427 1004 ὼς
1473 941 1567 994 καὶ⁸
1609 940 1777 992 είσέτι

214 1031 301 1086 νῦν
344 1032 556 1096 πάντας
606 1035 732 1098 τοὺς
780 1033 838 1101 ἐξ
873 1034 1125 1089 ἀπάντων
1161 1032 1268 1087 τῶν
1303 1031 1469 1087 ἐθνῶν
1503 1033 1581 1095 είς
1618 1031 1777 1084 αὑτὸν

215 1126 636 1191 πεπιστευκότας
671 1126 770 1197 τῆς
797 1125 937 1180 κατά
968 1126 1099 1180 Θεὸν
1126 1126 1302 1180 αὐτῶν
1328 1124 1649 1198 προσδοκίας
1682 1123 1779 1195 τὴν

216 1217 393 1272 ἐλπίδα
414 1221 503 1272 ἐπ’
527 1219 677 1290 αὐτῷ
703 1219 965 1273 τίθεσθαι.
992 1220 1099 1275 Kal
1122 1219 1363 1290 Μωῦσῆς
1393 1219 1490 1290 μὲν
1520 1215 1776 1280 τοσαῦτα,

218 1310 303 1364 καὶ
352 1311 420 1365 τά
463 1310 668 1364 τούτων
699 1311 863 1385 ἓτερα
892 1312 1059 1366 πλείω
1097 1312 1222 1384 περὶ
1249 1311 1342 1365 τοῦ
1376 1309 1611 1379 Χριστοῦ
1645 1309 1779 1382 πρὸς

218 1402 412 1466 πάντας
468 1405 618 1475 ἡμᾶς
663 1404 1103 1474 εὐαγγελίζεται·
1152 1403 1356 1474 ἀδελφὰ
1405 1404 1461 1458 δὲ
1492 1403 1639 1473 αὐτῷ
1685 1403 1779 1457 καὶ

229 1495 441 1559 Ἡσαΐας
470 1498 871 1569 ἀφωρισμένως
902 1499 1029 1571 περί
1056 1515 1199 1562 τινος
1232 1497 1346 1562 ἑνὸς
1376 1499 1440 1551 ἐκ
1470 1497 1781 1569 σπέρματος

219 1590 306 1642 καί
355 1588 606 1660 διαδοχῆς
655 1590 822 1644 Δαϐὶδ
881 1590 974 1645 τοῦ
1024 1590 1285 1662 βασιλέως
1343 1588 1779 1660 άναστησομένου

220 1682 399 1747 ταῦτα,
473 1683 755 1754 προλέγει·
798 1703 818 1736 ι
883 1682 1243 1751 Ἐξελεύσεται
1299 1683 1491 1755 ῥάϐδος
1552 1683 1617 1735 ἐκ
1679 1680 1782 1751 τῆς

223 1775 366 1846 ῥίζης
437 1777 659 1841 Ἰεσσαὶ,
736 1777 832 1832 καὶ
890 1777 1048 1843 ἀνθος
1105 1779 1171 1832 ὲκ
1228 1778 1326 1849 τῆς
1387 1776 1544 1848 ῥίζης
1615 1776 1778 1831 αὐτοῦ

220 1866 557 1938 ἀναϐήσεται,
620 1869 714 1922 καὶ
770 1869 1142 1923 ἀναπαύσεται
1210 1868 1296 1922 ἐπ’
1352 1868 1512 1921 αὑτὸν
1568 1867 1783 1939 πνεῦμα

219 1956 305 2009 τοῦ
348 1955 517 2024 Θεοῦ,
584 1956 805 2029 πνεῦμα
877 1959 1067 2029 σοφίας
1124 1960 1218 2014 καὶ
1280 1959 1575 2022 συνέσεως·
1621 1976 1639 2010 ι
1690 1958 1784 2012 καὶ⁵

224 2044 285 2096 τά
344 2044 523 2099 λοιπά.
590 2043 705 2100 Εἶθ’
760 2047 968 2111 ὑποϐάς
1024 2047 1149 2119 ἑξῆς
1210 2048 1533 2121 προφητικῷ
1601 2049 1785 2121 τρόπῳ

225 2136 311 2208 τὴν
366 2135 474 2191 τῶν
546 2138 858 2208 ἀλλοφύλων
928 2138 1096 2193 ἐθνῶν
1176 2137 1464 2212 βαρϐάρων
1547 2158 1609 2194 τε
1689 2141 1785 2195 καὶ

235 2225 507 2301 Ἓλλήνων,
555 2231 665 2284 τῶν
708 2247 769 2284 τε
818 2231 1171 2302 ἀγριωτάτων
1210 2233 1304 2285 καὶ
1344 2231 1786 2303 θηριωδεστάτων

223 2321 508 2393 ἀνθρώπων
539 2323 636 2395 τὴν
656 2325 749 2377 ἐπὶ
779 2323 840 2377 τὸ
860 2326 1031 2396 πρᾶον
1055 2325 1148 2379 καὶ
1178 2326 1383 2397 ἥμερον
1414 2325 1502 2379 διὰ
1522 2325 1622 2396 τῆς
1654 2327 1786 2397 Χρι-

226 2412 337 2466 στοῦ
381 2414 731 2479 διδασκαλίας
768 2416 1138 2487 γενησομένην
1178 2416 1474 2488 μεταϐολὴν
1519 2416 1782 2482 θεσπίζει.

222 2504 370 2574 Λέγει
386 2505 430 2558 δ’
455 2502 548 2560 οὖν
569 2524 582 2538 ·
620 2526 638 2558 ι
671 2508 780 2560 Καὶ
802 2506 1307 2578 συμϐοσκηθήσεται
1336 2506 1498 2571 λύκος
1530 2508 1665 2578 μετά
1689 2509 1789 2579 ἀρ-

223 2597 319 2660 νὶς,
340 2598 430 2651 καί
459 2598 724 2668 πάρδαλις
758 2598 1226 2652 συναναπαύσεται
1254 2599 1446 2670 ἐρίφῳ,
1472 2599 1565 2653 καὶ
1587 2600 1788 2670 μοσχά-

225 2704 349 2761 ριον,
370 2690 462 2741 καί
487 2688 706 2761 ταῦρος,
736 2689 831 2742 καὶ
857 2689 990 2742 λέων
1015 2689 1130 2759 ἃμα
1156 2688 1598 2759 βοσκηθήσονται,
1637 2708 1655 2740 ι
1693 2690 1787 2743 καὶ

226 2790 283 2828 τα
306 2777 505 2840 τούτοις
532 2778 909 2850 παραπλήσια,
937 2777 973 2833 ἃ
1004 2778 1096 2831 καὶ
1135 2779 1286 2850 παρά
1315 2779 1480 2843 πόδας
1512 2777 1787 2848 διασαφῶν

228 2870 518 2940 ἑρμηνεύει,
549 2872 759 2941 φήσας·
798 2890 816 2922 ι
846 2871 956 2925 Kal
984 2870 1134 2925 ἔσται
1165 2872 1195 2924 6
1219 2872 1573 2942 ἀνιστάμενος
1600 2870 1786 2943 ἄρχειν

227 2963 399 3027 ἐθνῶν,
434 2965 520 3016 ἐπ’
562 2962 712 3034 αύτῷ
754 2963 880 3036 ἔθνη
922 2962 1219 3018 ἐλπιοῦσιν.
1274 2984 1293 3016 ι
1334 2964 1529 3034 Σαφῶς
1566 2964 1672 3037 γάρ
1717 2964 1787 3018 τά

228 3053 378 3122 ἄλογα
411 3055 708 3126 θρέμματα
732 3057 828 3109 καὶ
853 3056 979 3120 τοὺς
1006 3055 1593 3128 προκαταλελειμένους
1615 3057 1788 3130 θῆρας

228 3146 331 3199 οὐδὲ
369 3148 562 3211 ἄλλους
605 3143 747 3200 εἶναι
777 3146 884 3201 τῶν
911 3146 1099 3211 ἐθνῶν,
1141 3147 1234 3201 τοῦ
1282 3146 1578 3219 θηριώδους
1626 3147 1788 3203 ἕνεκα

225 3236 429 3307 τρόπου,
451 3236 776 3307 διεσάφησεν
800 3253 815 3267 ·
861 3229 936 3290 ὧν
963 3236 1130 3290 ἐθνῶν
1164 3236 1348 3310 ἄρξειν
1374 3238 1507 3309 φησὶ
1540 3238 1630 3290 τὸν
1672 3239 1789 3292 ἀνι-

230 3328 474 3398 στάμενον
526 3330 591 3381 ἐκ
625 3329 937 3400 σπέρματος
981 3330 1196 3383 Ἰεσσαί·
1233 3329 1325 3399 ἀφ’
1356 3325 1417 3384 οῦ
1446 3330 1510 3402 δὴ
1540 3333 1569 3383 6
1601 3329 1790 3402 Σωτὴρ

230 3422 306 3474 καὶ
339 3422 541 3496 Κύριος
574 3423 731 3493 ἡμῶν
759 3421 1181 3492 γενεαλογεῖται,
1218 3423 1303 3490 ἐφ’
1333 3422 1392 3476 ὃν
1420 3422 1486 3475 τὰ
1517 3422 1596 3485 είς
1627 3421 1789 3475 αὐτὸν

231 3516 537 3569 πιστεύοντα
582 3515 709 3587 ἔθνη
764 3515 934 3569 είσέτι
983 3514 1079 3568 νῦν
1118 3515 1327 3579 ἐλπίζει
1374 3513 1678 3585 συμφώνως
1722 3517 1788 3588 τῇ

231 3611 512 3681 προρρήσει
531 3628 546 3641 ·
589 3628 608 3660 ι
632 3608 742 3662 Καὶ
763 3607 914 3662 ἔσται
945 3608 974 3660 6
998 3606 1351 3676 ἀνιστάμενος
1385 3606 1571 3676 ἄρχειν
1596 3604 1787 3670 ἐθνῶν,

230 3701 304 3753 ἐπ’
332 3701 479 3772 αὐτῷ
498 3700 627 3771 ἔθνη
663 3698 927 3753 ὲλπιοῦσι.
961 3719 980 3750 ι
1007 3697 1177 3751 Τοῦτο
1196 3697 1259 3769 δὴ
1284 3697 1523 3770 παράθες
1545 3699 1658 3762 τοῖς
1688 3714 1790 3750 πα-

231 3793 290 3861 ρὰ
308 3793 530 3846 Μωῦσεῐ
560 3790 879 3863 φερομένοις
908 3789 1229 3844 διαστέλλων
1276 3790 1371 3843 καὶ
1410 3789 1472 3841 τὸ
1501 3790 1617 3861 μὲν,
1648 3808 1666 3840 ι
1691 3791 1788 3842 Ἔ-

231 3901 337 3938 σται
376 3888 405 3939 6
429 3884 790 3954 ἀνιστάμενος
823 3884 1010 3955 ἄρχειν
1056 3881 1245 3945 ἐθνῶν,
1282 3901 1300 3932 ι
1341 3882 1653 3952 ἐφάρμοσον
1687 3880 1785 3951 τῷ,

232 3993 251 4028 ι
275 3976 608 4044 ἐξελεύσεται
631 3975 914 4046 ἄνθρωπος
940 3976 1004 4028 ὲκ
1028 3973 1123 4027 τοῦ
1152 3974 1462 4045 σπέρματος
1488 3972 1673 4039 αὑτοῦ,
1695 3975 1790 4027 καὶ

227 4068 492 4140 κυριεύσει
522 4066 694 4120 ἐθνῶν
722 4064 957 4120 πολλῶν·
992 4086 1010 4116 ι
1044 4067 1137 4118 καὶ
1164 4066 1242 4130 τὸ,
1273 4084 1291 4117 ι
1335 4067 1451 4120 Ἐπ’
1484 4065 1631 4137 αὐτῷ
1662 4065 1789 4137 ἔθνη

228 4160 492 4222 ἐλπιοῦσι,
533 4179 552 4211 ι
589 4158 692 4230 τῷ,
738 4178 757 4211 ι
805 4159 914 4212 Καὶ
947 4159 1105 4223 αὐτὸς
1149 4157 1300 4211 ἔσται
1355 4158 1652 4231 προσδοκία
1697 4157 1788 4211 ἐθ-

227 4251 340 4305 νῶν.
375 4271 395 4303 ι
425 4252 494 4304 Τί
517 4250 628 4322 γάρ
649 4249 894 4321 διαφέρει
918 4251 1166 4320 φάσκειν,
1202 4250 1320 4303 Ἐπ’
1348 4251 1497 4322 αὐτῷ
1535 4249 1661 4322 ἔθνη
1701 4249 1790 4303 ἐλ-

228 4344 446 4407 πιοῦσιν,
476 4343 713 4415 ἢ,Αὑτὺς
738 4341 890 4395 ἔσται
932 4341 1226 4413 προσδοκία
1255 4341 1423 4395 ἐθνῶν
1448 4358 1463 4408 ;
1498 4342 1660 4396 πάλιν
1691 4342 1735 4395 δ’
1764 4344 1793 4396 6

222 4437 371 4500 αὑτὸς
408 4435 641 4499 Ἡσαΐας
670 4432 875 4506 προῖὼν
906 4434 1145 4504 περὶτοῦ
1185 4420 1419 4504 Χριστοῦ
1456 4432 1627 4488 ταῦτα
1656 4449 1777 4505 προ-

222 4529 433 4599 φητεύει
454 4545 470 4558 ο
500 4546 519 4578 r
556 4527 687 4580 Ἰδοὺ
717 4527 746 4578 6
775 4528 901 4589 παῖς
934 4542 1033 4597 μου
1069 4525 1128 4579 ὃν
1154 4526 1403 4598 ᾑρέτισα,
1443 4527 1473 4578 6
1509 4526 1792 4597 ἀγαπητός
1824 4560 1867 4614 D

222 4636 333 4688 μου,
353 4622 434 4683 είς
457 4618 519 4672 ὂν
546 4617 836 4687 εὐδόκησεν
861 4619 893 4688 ἡ
919 4615 1062 4689 ψυχή
1095 4633 1218 4687 μου,
1243 4617 1423 4688 κρίσιν
1451 4620 1563 4680 τοῖς
1584 4616 1790 4670 ἔθνεσιν

217 4711 436 4777 ἐξοίσει·
480 4730 511 4788 ι⁸
538 4712 632 4763 καί
674 4709 943 4780 ἐπιφέρει,
977 4728 995 4759 ι
1023 4709 1168 4773 Ἕως
1199 4708 1264 4762 ἂν
1285 4708 1363 4761 θῶ
1395 4709 1488 4762 ἐπὶ
1524 4709 1624 4780 γῆς
1671 4710 1792 4781 κρί-

216 4821 315 4869 σιν,
350 4804 445 4859 καὶ⁵
468 4806 529 4857 ἐν
556 4802 635 4874 τῷ
666 4801 889 4872 ὀνόματι
924 4801 1088 4856 αὐτοῦ
1118 4800 1245 4872 ἔθνη
1277 4801 1574 4856 ἐλπιοῦσιν.
1602 4822 1619 4852 ι
1648 4802 1786 4874 Ἤδη

212 4892 457 4964 δεύτερον
488 4893 546 4945 ἐν
574 4890 783 4954 τούτοις
804 4892 833 4943 6
864 4891 1149 4962 προφήτης
1177 4890 1238 4943 τὸ
1260 4891 1353 4944 ἐπὶ
1370 4890 1447 4962 τῷ
1475 4892 1693 4963 Χριστῷ
1719 4893 1787 4948 τὰ

213 4982 334 5054 ἔθνη
360 4983 606 5036 ἐλπίσειν
636 4980 865 5043 τίθεται,
899 4979 1168 5051 ἀνώτερον
1197 4978 1395 5033 εἰπών·
1436 4998 1455 5031 ι
1492 4981 1606 5033 Ἐπ’
1640 4982 1788 5053 αὐτῷ

215 5072 332 5145 ἔθνη
385 5072 686 5127 ἐλπιοῦσιν.
710 5091 728 5122 ι
765 5071 1025 5126 Ἐνταῦθα
1065 5072 1151 5134 δὲ,
1178 5072 1286 5124 Kal
1334 5072 1392 5123 ἐν
1444 5071 1521 5142 τῷ
1567 5072 1788 5143 ὀνόματι

216 5165 370 5218 αὑτοῦ
391 5165 523 5234 ἔθνη
558 5162 826 5218 ἐλπιοῦσι.
860 5163 1121 5216 Λέλεκται
1154 5164 1210 5216 δὲ
1259 5167 1355 5217 καὶ
1383 5162 1462 5235 τῷ
1498 5164 1681 5228 Δαϐὶδ,
1712 5165 1788 5229 ὡς

217 5256 317 5327 ἄρα
341 5277 359 5309 ι
395 5257 493 5311 Ἐκ
515 5256 612 5310 τοῦ
646 5255 861 5329 καρποῦ
883 5257 980 5328 τῆς
1012 5255 1215 5319 κοιλίας
1235 5256 1398 5309 αὐτοῦ
1424 5257 1628 5329 ἀναστή
1638 5256 1786 5311 σεταί

218 5366 296 5414 τις
323 5351 452 5423 περὶ
484 5342 546 5403 οὗ
575 5349 706 5419 ἑξῆς
738 5366 901 5421 φησιν
945 5350 973 5402 6
1004 5348 1136 5411 Θεός
1155 5364 1168 5377 ·
1220 5366 1236 5398 ι
1266 5348 1435 5411 Αὐτὸς
1469 5347 1787 5401 ὲπικαλέσε-

221 5443 301 5495 ταί
332 5461 421 5514 με,
452 5444 645 5514 πατήρ
671 5458 772 5513 μου
799 5437 849 5494 εἴ
870 5441 934 5494 σύ
955 5458 968 5471 ·
1008 5438 1164 5509 κάγὼ
1194 5440 1531 5513 πρωτότοκον
1552 5440 1787 5512 θήσομαι

221 5535 388 5590 αὐτόν.
416 5556 435 5588 r
462 5536 576 5589 Kal
621 5534 751 5603 περὶ
791 5533 979 5586 τούτου
1024 5532 1081 5586 δέ
1128 5533 1286 5586 πάλιν
1336 5532 1582 5603 εἴρηται·
1632 5552 1649 5583 ι
1679 5532 1790 5585 Kal

223 5626 633 5699 κατακυριεύσει
667 5624 777 5678 ἀπὸ
808 5623 1080 5695 θαλάσσης
1112 5623 1216 5687 ἕως
1244 5621 1536 5695 θαλάσσης,
1560 5622 1652 5676 καὶ
1682 5620 1791 5676 ἀπὸ

281 5801 445 5861 “lsa.
483 5821 559 5864 ιι.
606 5800 721 5866 1,2.
800 5799 843 5831 “
892 5796 1102 5854 ibid.6.
1178 5796 1222 5828 "
1263 5794 1392 5852 ibid.
1458 5795 1542 5853 10.

1880 567 2163 624 Judaicam
2213 570 2427 638 gentem
2458 563 2653 620 Judam
2704 560 3025 625 nominavit,
3057 572 3189 613 sane
3231 563 3292 611 ut
3339 569 3441 611 nos

1882 672 2099 730 quoque
2127 653 2344 711 Iudaeos
2392 654 2663 724 appellare
2691 650 3075 708 consuevimus
3102 668 3116 704 :
3148 654 3265 703 tum
3300 646 3443 701 allir-

1882 758 1994 805 mat
2031 764 2136 804 non
2182 748 2334 819 prius
2364 746 2644 802 defuturos
2680 745 2745 801 de
2769 753 2927 816 gente
2961 743 3201 813 ipsorum
3243 739 3445 810 princi-

1881 856 1978 912 pes
2025 854 2089 895 ac
2135 842 2325 904 duces,
2349 855 2512 911 quam
2546 839 2593 895 is
2622 839 2895 903 adveniat,
2939 852 3100 909 quem
3156 832 3444 906 prophetia

1883 933 2174 1005 signiﬁcat.
2208 931 2379 988 Porro
2408 932 2497 989 hic
2530 932 2692 987 simul
2717 938 2879 1001 atque
2906 928 3204 993 advenerit,
3229 925 3445 982 Iudaeo.-

1884 1042 2005 1081 rum
2037 1026 2252 1097 quidem
2283 1024 2646 1096 principatum
2673 1039 2795 1080 esse
2814 1020 3241 1086 dissolvendum,
3266 1019 3445 1090 ipsum

1882 1132 2013 1175 vero
2050 1133 2159 1173 non
2201 1115 2512 1172 Judzeorum
2566 1115 2819 1187 amplius,
2881 1112 2977 1169 sed
3029 1116 3271 1183 gentium
3329 1108 3444 1167 fore

1883 1208 2343 1281 exspectationem
2376 1227 2389 1263 :
2422 1208 2567 1279 quod
2589 1208 2806 1278 quidem
2840 1207 3017 1278 ipsum
3038 1203 3171 1260 nulli
3207 1216 3446 1272 unquam

1887 1302 2273 1373 prophetarum
2314 1299 2753 1364 accommodare,
2786 1298 2880 1354 sed
2918 1298 3012 1353 uni
3046 1296 3310 1351 duntaxat
3336 1290 3451 1345 Sal-

1886 1394 2063 1449 vatori
2092 1391 2435 1463 Dominoque
2474 1399 2682 1455 nostro,
2716 1390 2939 1462 poteris.
2963 1388 3074 1460 96
3099 1386 3232 1441 Nam
3285 1382 3448 1441 simul

1886 1497 2049 1559 atque
2086 1487 2177 1542 ille
2209 1485 2277 1541 ad
2307 1485 2557 1540 homines
2598 1485 2764 1549 venit,
2794 1480 3104 1537 Iudaeorum
3134 1478 3277 1547 regia
3319 1473 3449 1532 sub-

1887 1581 1994 1635 lata
2027 1588 2131 1648 est,
2172 1577 2543 1648 continuoque
2573 1575 2787 1629 illorum
2822 1573 3076 1643 princeps
3099 1569 3316 1631 defecit,
3355 1563 3451 1636 qui

1887 1671 2104 1743 quidem
2161 1669 2461 1740 majoribus
2505 1668 2621 1722 suis
2668 1664 3003 1728 succederet,
3029 1672 3190 1731 atque
3219 1674 3283 1714 ex
3322 1656 3452 1726 legi-

1887 1768 1992 1823 bus
2040 1763 2272 1835 propriis
2312 1759 2421 1816 illis
2463 1765 2741 1829 prmesset.
2785 1754 2943 1809 Tunc
2986 1752 3130 1808 enim
3170 1751 3449 1820 Augustus

1816 1844 1857 1898 Β
1884 1857 2260 1913 Romanorum
2296 1852 2506 1924 primus
2531 1849 2741 1921 accepit
2775 1846 3057 1918 imperium
3085 1862 3098 1899 :
3128 1850 3182 1897 et
3210 1839 3452 1896 Herodes

1885 1952 1953 2007 ab
2003 1948 2244 2006 externis
2293 1944 2547 2019 gentibus
2596 1942 2826 2006 accitus,
2851 1939 3067 1993 illorum
3114 1950 3210 1989 rex
3244 1932 3450 1988 consti-

1885 2047 2034 2096 tutus
2063 2045 2165 2093 est.
2195 2035 2261 2090 Et
2284 2035 2363 2089 illi
2398 2033 2615 2104 quidem
2642 2031 2976 2092 defecerunt,
3006 2027 3095 2081 hic
3120 2032 3297 2080 autem
3328 2037 3454 2092 gen-

1883 2131 2018 2185 tium
2050 2144 2147 2200 per
2175 2135 2349 2183 totum
2380 2133 2654 2180 terrarum
2695 2121 2884 2176 orbem
2915 2117 3267 2187 exspectatio,
3306 2114 3452 2170 sicut

1884 2222 2150 2278 divinitus
2195 2216 2515 2289 praedictum
2560 2214 2761 2277 fuerat,
2795 2210 3106 2266 declaratus
3151 2213 3234 2261 est
3270 2223 3284 2259 :
3316 2204 3453 2260 adeo

1884 2313 2126 2385 quidem,
2179 2318 2238 2366 ut
2287 2324 2434 2364 nunc
2490 2322 2708 2378 quoque
2774 2317 2965 2359 omnes
3023 2300 3336 2371 quicunque
3384 2311 3453 2351 ex

1885 2404 2141 2460 omnibus
2181 2402 2438 2473 gentibus
2472 2401 2526 2454 in
2559 2400 2710 2453 illum
2746 2395 2999 2459 credunt,
3031 2388 3454 2461 exspectationis

1887 2510 2000 2551 suae
2060 2495 2358 2551 secundum
2403 2491 2595 2556 Deum,
2626 2489 2682 2543 in
2728 2489 2823 2542 illo
2873 2500 3022 2556 spem
3078 2488 3361 2553 reponant.
3388 2477 3454 2533 Et

1889 2587 2103 2660 Moyses
2152 2584 2377 2657 quidem
2435 2582 2550 2637 haec
2593 2580 2807 2650 aliaque
2841 2577 2929 2633 his
2953 2577 3108 2646 plura
3136 2574 3203 2629 de
3230 2572 3452 2627 Christo

1885 2680 2143 2737 omnibus
2191 2678 2351 2734 nobis
2400 2674 2630 2731 feliciter
2668 2670 2909 2736 nuntiat;
2939 2668 2988 2723 ei
3031 2680 3160 2723 vero
3198 2678 3453 2736 germana

1887 2770 2057 2828 Isaias
2088 2782 2305 2841 quoque
2336 2765 2556 2821 definite
2590 2764 2658 2818 de
2696 2776 2807 2817 uno
2850 2768 3004 2817 certo
3059 2773 3204 2829 rege,
3249 2757 3343 2826 qui
3386 2769 3455 2810 ex

1889 2867 2096 2927 semine
2134 2880 2199 2921 ac
2236 2859 2586 2919 successione
2629 2856 2799 2911 David
2831 2856 2901 2911 sit
2936 2850 3310 2913 suscitandus,
3340 2846 3456 2902 haec

1895 2959 2086 3015 canit:
2112 2973 2132 3008 ι
2162 2952 2485 3025 Egredietur
2524 2950 2674 3019 virga
2706 2947 2775 3002 de
2801 2943 2985 3000 radice
3033 2940 3209 3006 Iesse,
3258 2952 3312 2995 et
3355 2939 3457 2993 llos

1887 3051 1957 3107 de
1995 3049 2178 3104 radice
2227 3045 2349 3117 ejus
2405 3041 2684 3106 ascendet,
2739 3046 2794 3094 et
2832 3037 3142 3107 requiescet
3184 3045 3348 3101 super
3389 3042 3457 3082 eo

1889 3141 2117 3214 spiritus
2165 3138 2280 3205 Dei,
2312 3135 2539 3208 spiritus
2586 3130 2865 3202 sapientia:
2892 3136 2947 3184 et
2991 3126 3300 3182 intellectus
3322 3121 3389 3188 ³³,
3427 3139 3448 3173 ι

1889 3245 1943 3290 et
1980 3234 2209 3303 reliqua;
2243 3229 2384 3285 Tum
2413 3227 2633 3298 longius
2663 3236 3013 3295 progressus,
3041 3234 3193 3274 more
3225 3214 3457 3295 prophe-

1889 3328 2017 3392 tico,
2050 3334 2399 3380 externarum
2428 3320 2672 3391 gentium
2711 3324 2765 3372 et
2793 3314 3176 3374 barbararum,
3207 3323 3310 3363 nec
3344 3320 3460 3362 non

1889 3434 2013 3475 cum
2059 3415 2394 3478 Graecorum,
2446 3420 2562 3467 tum
2591 3407 3015 3481 asperrimorum
3072 3417 3136 3458 ac
3181 3397 3460 3469 ferocissi-

1888 3523 2103 3564 morum
2123 3506 2432 3567 hominum,
2477 3501 2716 3557 futuram
2755 3498 3003 3554 inmites
3037 3498 3454 3562 mansuetosque

1895 3616 2077 3657 mores
2114 3615 2182 3655 ex
2222 3597 2473 3654 doctrina
2518 3591 2721 3649 Christi
2767 3588 3145 3651 mutationem,
3192 3583 3460 3655 praedicit.

1892 3691 2033 3748 Sunt
2068 3698 2249 3746 autem
2293 3688 2414 3757 ejus
2449 3684 2612 3740 verba
2647 3683 2764 3737 haec
2795 3698 2809 3736 :
2851 3696 2870 3731 ι
2913 3677 2980 3732 Ει
3011 3684 3266 3748 pascetur
3293 3673 3460 3730 simul

1891 3786 2052 3854 lupus
2090 3796 2215 3837 cum
2244 3793 2404 3850 agno,
2428 3784 2483 3832 et
2512 3773 2717 3846 pardus
2740 3769 2902 3827 simul
2943 3768 3187 3840 quiescet
3209 3780 3332 3821 cum
3358 3765 3460 3818 lue-

1890 3877 1962 3933 do
1989 3893 2005 3930 :
2031 3880 2087 3931 et
2115 3872 2320 3928 vitulus
2349 3876 2405 3924 et
2428 3876 2618 3923 taurus
2648 3873 2702 3920 et
2730 3865 2815 3919 leo
2833 3860 2996 3919 simul
3027 3864 3320 3931 pascentur
3334 3856 3402 3920 ³³,
3433 3874 3454 3910 ι

1890 3975 1946 4024 et
1980 3966 2086 4022 alia
2119 3964 2205 4020 his
2249 3960 2447 4019 similia
2476 3978 2489 4013 :
2519 3970 2640 4030 qua
2682 3955 2845 4013 etiam
2876 3969 2908 4009 e
2942 3950 3172 4021 vestigio
3216 3948 3463 4019 planiora

1889 4053 2128 4112 (alliciens
2169 4052 2581 4122 interpretatur,
2608 4047 2703 4101 ubi
2736 4045 2811 4100 ait
2842 4060 2857 4099 :
2897 4062 2916 4096 ι
2949 4041 3015 4096 Et
3035 4041 3161 4105 erit,
3193 4040 3286 4110 qui
3329 4052 3459 4094 sur.

1892 4148 1971 4220 git
2013 4145 2083 4202 ad
2123 4143 2499 4216 imperandum
2525 4140 2799 4213 gentibus,
2846 4137 2903 4192 in
2932 4150 2999 4192 eo
3045 4140 3234 4206 gentes
3271 4145 3463 4203 spera-

1890 4238 2114 4295 bunt“.
2158 4256 2178 4289 ι
2224 4235 2390 4290 Plane
2430 4233 2573 4289 enim
2614 4228 2958 4286 irrationalia
2993 4226 3084 4280 illa
3107 4224 3375 4295 jumenta,
3405 4227 3464 4278 et

1894 4345 2032 4402 quas
2070 4328 2182 4384 illic
2223 4324 2471 4397 praedixit
2496 4322 2729 4385 belluas,
2761 4318 2941 4374 nullas
2968 4330 3092 4373 esse
3122 4315 3258 4370 alias
3295 4326 3461 4383 quam

1894 4425 2045 4495 ipsas
2077 4427 2265 4492 gentes
2316 4422 2538 4487 propter
2577 4427 2767 4469 earum
2799 4408 3005 4466 ferinos
3044 4420 3246 4470 mores,
3281 4403 3464 4458 decla-

1896 4493 2039 4570 ravit
2071 4531 2083 4567 :
2121 4511 2321 4581 quibus
2360 4522 2492 4563 sane
2522 4504 2773 4575 gentibus
2808 4503 3198 4572 imperaturum
3231 4493 3464 4549 aﬂirmat

1895 4620 2040 4668 eum,
2087 4601 2180 4673 qui
2227 4598 2402 4669 surgit
2440 4597 2507 4651 de
2535 4595 2742 4650 semine
2777 4589 2931 4646 Jesse
2964 4606 2978 4644 :
3012 4602 3079 4642 ex
3109 4599 3219 4655 quo
3256 4582 3465 4639 semine

1898 4697 2149 4753 Salvator
2212 4702 2267 4750 et
2323 4691 2584 4747 Dominus
2645 4695 2836 4743 noster
2889 4681 3159 4739 oriundus
3201 4676 3465 4751 pradica-

1894 4799 2004 4854 tur,
2055 4790 2109 4843 in
2187 4800 2346 4857 quem
2404 4790 2612 4855 gentes.
2682 4793 2804 4850 qua:
2865 4777 2921 4830 in
2972 4776 3149 4844 ipsum
3208 4769 3459 4833 credunt,

1894 4886 2057 4940 etiam
2098 4896 2245 4936 nunc
2297 4885 2536 4947 sperant,
2567 4873 2670 4943 ipsi
2718 4871 2902 4939 utique
2932 4866 3186 4920 vaticinio
3227 4876 3463 4917 consen-

1895 4986 2054 5032 tanea
2083 4973 2366 5032 facientes,
2404 4966 2548 5039 quod
2584 4964 2661 5018 ait
2695 4980 2751 5018 ιι
2787 4960 2854 5015 Et
2884 4959 3009 5021 erit,
3034 4959 3124 5026 qui
3161 4954 3333 5025 surgit
3358 4953 3463 5006 im-

1895 5083 2086 5140 perare
2134 5064 2404 5137 gentibus,
2453 5060 2507 5113 in
2559 5058 2679 5126 ipso
2710 5064 2903 5124 gentes
2932 5048 3248 5119 sperabunt.
3285 5062 3305 5096 ι
3350 5041 3465 5098 Hoc

1895 5163 2063 5233 igitur
2104 5156 2363 5229 apponito
2394 5154 2462 5208 iis
2517 5165 2637 5221 quae
2670 5145 2813 5218 apud
2842 5143 3061 5216 Moysen
3103 5140 3370 5199 feruntur,
3398 5149 3465 5191 ac

1892 5229 2234 5322 diistinguito.
2267 5249 2329 5300 Et
2359 5243 2490 5299 illud
2530 5240 2747 5311 quidem
2781 5256 2793 5293 :
2833 5255 2855 5288 ι
2889 5235 3025 5296 Erit,
3043 5232 3135 5303 qui
3163 5230 3336 5322 su_rgit
3359 5229 3466 5283 im-

1895 5318 2089 5414 perare
2115 5338 2391 5411 gentibus,
2419 5354 2438 5385 ι
2472 5347 2596 5387 cum
2632 5330 2725 5384 illo
2753 5325 3067 5396 componito
3099 5340 3112 5377 :
3150 5339 3170 5373 ι
3208 5318 3470 5391 Egredie-

1897 5411 1987 5491 tur
2015 5435 2178 5487 homo
2215 5431 2279 5485 de
2310 5428 2518 5484 semine
2547 5424 2689 5493 ejus,
2716 5428 2771 5476 et
2799 5416 3168 5475 dominabitur
3211 5411 3464 5485 gentibus

1894 5526 2101 5581 multis.
2147 5543 2165 5575 ι
2199 5522 2265 5576 Et
2295 5520 2428 5576 illud
2470 5539 2481 5574 :
2526 5536 2544 5570 ι
2584 5516 2640 5571 In
2682 5516 2802 5586 ipso
2850 5520 3039 5583 gentes
3096 5508 3410 5579 sperabunt,
3435 5520 3456 5555 ι

1894 5634 2018 5675 cum
2077 5616 2171 5672 illo
2208 5634 2223 5672 ;
2266 5634 2286 5668 ι
2325 5612 2392 5668 Et
2434 5612 2550 5683 ipse
2602 5609 2706 5666 erit
2763 5604 3097 5677 exspectatio
3146 5598 3406 5673 gentium.
3434 5610 3460 5646 ι
