3880 6256
479 365 583 425 I79

1152 364 1428 422 EUSEBII’
1452 367 1927 424 C-ASSARIENSIS
1968 369 2116 427 OPP.
2161 371 2338 426 PARS
2377 370 2436 428 ll.
2470 402 2538 414 --
2573 375 3067 433 APOLOGETICA.

3550 392 3551 395 “
3590 385 3683 440 I80

477 488 618 556 Quid
645 488 789 543 enim
818 487 1045 542 interest
1073 485 1318 552 dicasne,
1351 488 1407 542 in
1458 488 1578 558 ipso
1620 496 1807 559 gentes
1847 503 2033 559 spera-

2154 492 2392 561 τοταμῶν
2414 491 2517 556 ἕως
2543 493 2790 565 περάτων
2820 496 2917 565 τῆς
2945 495 3285 565 οἰκουμένης.
3318 514 3339 548 ι
3368 496 3473 550 Καὶ
3503 494 3680 563 αὖθις·

477 583 634 648 bunt,
668 580 777 651 97
822 596 891 634 an
935 595 1063 634 vero
1088 597 1101 633 :
1128 579 1243 650 ipse
1271 581 1375 635 erit
1403 583 1735 651 exspectatio
1760 583 2034 653 gentium?

476 667 688 725 Rursus
720 669 860 724 vero
908 668 1047 723 idem
1084 668 1276 734 Isaias,
1307 671 1553 725 oratione
1582 685 1936 741 progressus,
1968 669 2036 726 de

477 761 699 817 Christo
748 761 863 816 haec
912 761 1124 815 divinat
1161 778 1175 815 :
1209 779 1227 812 ι
1258 759 1397 814 Ecce
1449 776 1585 831 puer
1634 777 1825 825 meus,
1875 777 2035 832 quem

479 854 616 923 elegi
646 874 658 907 :
694 852 927 907 dilectus
956 868 1111 908 meus
1135 893 1150 917 ,
1184 853 1239 906 In
1276 868 1384 922 quo
1417 853 1742 923 complacuit
1773 854 1878 909 sibi
1916 854 2037 907 ani-

480 960 568 999 ma
600 960 719 999 mea
746 964 758 999 :
791 945 1061 1014 judicium
1091 945 1347 1015 gentibus
1381 944 1619 1015 proferet
1648 946 1714 1009 ³⁸,
1747 966 1766 1000 ι
1793 961 1855 1000 ac
1885 947 2042 1001 dein-

478 1053 606 1107 ceps
640 1037 888 1108 adjungit
918 1056 932 1093 ι
967 1055 983 1087 ι
1010 1036 1183 1091 donec
1208 1046 1372 1107 ponat
1400 1037 1454 1089 in
1487 1043 1631 1091 terra
1654 1036 1919 1106 judicium
1940 1078 1954 1098 ,
1987 1045 2041 1092 et

477 1130 533 1185 in
574 1130 794 1185 nomine
833 1130 953 1199 ejus
984 1140 1172 1199 gentes
1201 1129 1503 1199 sperabunt
1529 1128 1611 1183 "2
1647 1144 1664 1176 ι
1702 1129 1757 1182 in
1788 1129 1875 1183 his
1903 1127 2041 1183 Pro-

478 1222 640 1291 pheta
691 1219 800 1290 jam
854 1220 1096 1275 secundo
1138 1230 1326 1289 gentes
1373 1219 1429 1271 in
1471 1216 1691 1273 Christo
1732 1226 2042 1288 speraturas

479 1314 660 1383 ponit,
692 1327 816 1366 cum
874 1312 1126 1380 superius
1155 1313 1287 1368 illud
1320 1312 1558 1368 dixerit:
1601 1330 1619 1363 (
1661 1312 1717 1366 in
1752 1313 1871 1381 ipso
1913 1328 2044 1382 gen-

479 1412 563 1459 tes
589 1406 887 1473 sperabunt
913 1405 977 1456 ³⁷.
1007 1417 1023 1447 ι
1055 1403 1154 1459 Hic
1187 1419 1316 1459 vero
1346 1424 1357 1458 :
1388 1424 1407 1457 ι
1437 1407 1492 1459 ἱη
1520 1405 1741 1459 nomine
1767 1404 1884 1473 ejus
1914 1421 2046 1475 gen-

2142 604 2160 635 c
2185 585 2366 638 Πάντα
2395 585 2462 638 τά
2509 584 2633 657 ἔθνη
2666 585 3035 639 δουλεύσουσιν
3070 585 3248 657 αὐτῷ,
3283 585 3376 639 καὶ
3419 588 3685 661 ὲνευλογη-

2137 676 2391 746 θήσονται
2424 678 2480 729 ὲν
2508 677 2591 730 σοὶ
2616 679 2782 730 πᾶσαι
2815 680 2870 731 αἱ
2897 678 3057 747 φυλαὶ⁹
3086 678 3186 747 τῆς
3212 679 3330 749 γῆς.
3360 702 3377 730 ι
3410 680 3517 733 Καὶ
3538 682 3684 744 τόπος

2136 768 2191 821 δέ
2223 785 2308 832 τις
2340 769 2500 823 πάλιν
2530 770 2904 841 ἀφωρισμένος
2949 769 3050 838 τῆς
3094 769 3186 822 τοῦ
3229 772 3683 843 προφητευσμένου

2137 861 2401 929 γενέσεως
2426 859 2738 924 θεσπίζεται
2758 862 2861 914 ὑπὸ
2874 861 3101 932 Μιχαίου
3120 861 3385 929 λέγοντος·
3419 882 3435 914 ι
3467 865 3573 918 Καὶ
3605 866 3680 930 σὺ,

2143 953 2406 1024 Βηθλεὲμ,
2430 949 2574 1016 οἶκος
2590 952 2682 1005 τοῦ
2715 950 2993 1023 Εὐφραθᾶ,
3014 951 3287 1018 ὀλιγοστὸς
3304 949 3352 1004 εἷ
3377 953 3470 1005 τοῦ
3488 949 3619 1006 εἶναι
3635 957 3685 1007 ὲν

2139 1042 2371 1113 χιλιάσιν
2404 1043 2608 1095 Ἰούδα·
2646 1042 2710 1095 ὲκ
2734 1041 2827 1095 σοῦ
2869 1060 2958 1114 μοι
3006 1042 3340 1107 ἐξελεύσεται
3384 1041 3685 1113 ἡγούμενος,

2141 1139 2288 1202 ὅστις
2321 1139 2573 1209 ποιμανεῖ
2607 1137 2698 1190 τὸν
2747 1137 2872 1191 λαόν
2929 1155 3026 1207 μου
3073 1137 3163 1189 τὸν
3216 1136 3462 1209 Ἰσραήλ⁸
3515 1137 3604 1188 καί
3640 1139 3688 1190 αἱ

2141 1226 2305 1291 ἔξοδοι
2339 1225 2500 1280 αὐτοῦ
2539 1227 2792 1297 ἀπαρχῆς
2837 1225 2894 1292 ἐξ
2928 1224 3145 1296 ἡμερῶν
3192 1224 3402 1288 αἰῶνος.
3428 1244 3446 1277 ι
3489 1226 3690 1295 Ὠμολό-

2141 1334 2307 1388 γηται
2334 1317 2390 1369 δὲ
2425 1315 2575 1388 παρά
2608 1319 2720 1379 τοῖς
2747 1318 2930 1380 πᾶσιν,
2971 1316 3050 1370 ὅτι
3083 1317 3139 1368 ὲν
3173 1315 3423 1386 Βηθλεὲμ
3448 1316 3689 1388 ἐγεννήθη

2156 1408 2362 1478 Ἰησοῦς
2384 1411 2412 1461 6
2437 1408 2687 1480 Χριστὸς,
2718 1409 2793 1471 ὡς
2817 1409 2910 1461 καὶ
2941 1409 3201 1478 σπήλαιον
3231 1408 3535 1461 δείκνυσθαι
3571 1409 3692 1479 πρὸς

477 1505 562 1551 tes
592 1497 908 1567 sperabunt.
946 1516 963 1548 ι
994 1495 1168 1550 Etiam
1204 1496 1306 1566 ipsi
1342 1495 1509 1551 David
1539 1496 1744 1565 dictum
1771 1507 1853 1551 est
1886 1496 1951 1565 ³⁸,
1979 1496 2046 1551 de

2154 1499 2258 1551 τῶν
2280 1498 2585 1571 ἐπιχωρίων
2615 1499 2798 1553 αὐτόοι
2820 1503 2931 1563 τοῖς
2953 1500 3046 1551 ἐπὶ
3075 1499 3201 1552 θέαν
3227 1498 3334 1551 ἀπὸ
3362 1498 3461 1569 τῆς
3481 1498 3688 1551 ἀλλοδα-

482 1586 661 1642 fructu
691 1588 894 1644 ventris
921 1588 1041 1657 ejus
1070 1588 1445 1643 suscitandum
1475 1604 1596 1644 esse
1624 1589 1910 1658 quemdam
1936 1628 1951 1652 ,
1979 1586 2047 1642 de

2154 1590 2255 1662 πῆς
2274 1590 2705 1661 ἀφικνουμένοις.
2738 1590 2846 1643 Καὶ
2875 1591 2903 1642 6
2941 1592 3036 1661 μὲν
3061 1591 3223 1654 τόπος
3254 1584 3427 1657 οὗτος,
3469 1590 3592 1646 ἔνθα
3615 1611 3695 1661 γε-

481 1693 591 1750 quo
623 1679 883 1751 deinceps
912 1681 987 1735 ait
1012 1680 1156 1737 Deus
1183 1699 1196 1734 :
1246 1699 1264 1730 ‹
1296 1679 1415 1751 Ipse
1446 1680 1720 1735 invocabit
1745 1695 1860 1742 me,
1895 1686 2050 1748 pater

2154 1683 2437 1753 γεννῆσθαι
2462 1681 2704 1753 ἔμελλεν,
2732 1683 3023 1754 προείρητο
3041 1701 3053 1713 ·
3078 1684 3163 1747 τίς
3192 1683 3247 1736 δὲ
3269 1684 3361 1737 καὶ
3396 1683 3696 1756 λευκότερον

483 1787 637 1827 meus
668 1788 727 1827 es
760 1781 850 1840 ιιι,
882 1781 937 1827 et
962 1788 1063 1845 ego
1092 1773 1515 1843 primogenitum
1545 1788 1740 1843 ponam
1774 1787 1896 1827 eum
1922 1773 1988 1827 ”.
2024 1792 2041 1825 ι

2154 1776 2176 1828 ὁ
2213 1775 2436 1837 Ἡσαΐας
2469 1776 2797 1846 παρίστησι,
2838 1776 2903 1828 δι’
2933 1777 3266 1846 αίνιγμάτων
3303 1776 3403 1847 μὲν
3446 1776 3551 1848 (Ι),
3585 1779 3696 1831 ὅταν

482 1862 619 1916 Nam
650 1862 717 1919 de
754 1864 855 1918 hoc
890 1880 1083 1920 rursus
1111 1865 1314 1919 dictum
1357 1873 1441 1918 est
1471 1883 1483 1918 :
1512 1882 1531 1914 ι
1565 1863 1630 1916 Et
1674 1863 2048 1918 dominabitur

2154 1866 2278 1936 λέγῃ
2299 1881 2312 1894 ⁸
2350 1884 2368 1916 ί
2408 1864 2599 1935 Κύριε,
2633 1865 2716 1928 τίς
2742 1866 3028 1919 ἐπίστευσε
3063 1845 3127 1938 τῇ
3167 1845 3315 1939 ἀκοῇῗ
3345 1845 3522 1938 ἡμῶν,
3567 1870 3650 1923 καὶ
3674 1871 3698 1920 6

484 1969 515 2008 a
547 1956 682 2008 mari
718 1970 889 2024 usque
918 1956 982 2009 ad
1018 1971 1168 2010 mare
1192 1996 1206 2020 ,
1252 1965 1306 2010 et
1348 1971 1379 2009 a
1421 1954 1736 2011 ﬂuminibus
1778 1970 1951 2025 usque
1978 1957 2047 2010 ad

482 2046 747 2101 terminos
773 2047 922 2101 orbis
949 2054 1108 2101 terrae
1133 2047 1200 2101 ‘°.
1237 2066 1254 2099 ι
1281 2046 1345 2099 Et
1371 2062 1562 2102 rursus
1590 2065 1603 2101 :
1636 2067 1655 2098 ‹
1687 2045 1887 2102 Omnes
1918 2064 2046 2118 gen-

486 2145 569 2192 tes
598 2138 835 2193 servient
863 2138 912 2191 ei
934 2178 949 2197 .
985 2147 1038 2193 et
1067 2139 1459 2194 benedicentur
1489 2140 1540 2192 in
1574 2150 1625 2194 te
1651 2154 1842 2195 omnes
1869 2140 2047 2195 tribus

485 2238 645 2282 terrae
679 2228 745 2282 “.
781 2249 798 2280 ι
826 2227 1090 2282 Praeterea
1121 2235 1300 2282 autem
1348 2228 1500 2282 locus
1541 2228 1758 2299 quidem
1801 2235 1984 2283 certus
2017 2243 2047 2281 a

488 2319 716 2374 Michaea
749 2321 984 2383 canitur,
1019 2321 1074 2374 in
1108 2336 1219 2391 quo
1246 2322 1292 2375 is
1320 2321 1564 2376 oriturus
1597 2320 1699 2386 sit,
1734 2321 1801 2375 de
1830 2335 1940 2391 quo
1971 2321 2049 2375 fe-

484 2419 684 2464 runtur
724 2420 801 2465 tot
844 2412 1097 2466 vaticinia
1128 2431 1141 2465 :
1172 2430 1190 2462 ‹
1223 2410 1289 2466 Ει
1338 2420 1417 2473 tu,
1467 2413 1666 2482 inquit,
1710 2412 2045 2477 Bethlehem,

484 2505 682 2558 dmnus
712 2502 988 2573 Euphrata
1010 2545 1024 2568 ,
1061 2504 1286 2557 minima
1310 2518 1371 2558 es
1404 2509 1463 2557 ut
1492 2504 1570 2559 sis
1601 2503 1658 2557 in
1680 2503 1922 2558 millibus
1948 2501 2049 2557 Ju-

486 2595 555 2651 da
581 2614 593 2648 :
621 2611 687 2649 ex
715 2604 768 2649 te
796 2594 929 2648 mihi
955 2594 1264 2665 egredietur
1285 2595 1425 2661 dux,
1460 2596 1552 2666 qui
1579 2604 1766 2665 pascet
1789 2596 2049 2664 populum

488 2703 669 2743 meum
718 2685 918 2754 Israel,
970 2699 1023 2742 et
1065 2688 1244 2742 exitus
1287 2686 1409 2756 ejus
1447 2687 1517 2740 ab
1557 2687 1714 2740 initio
1762 2701 1829 2741 ex
1859 2686 2050 2741 diebus

488 2780 671 2834 saeculi
695 2779 740 2809 δ’
767 2797 780 2832 :
816 2798 834 2829 ι
863 2784 916 2832 et
941 2792 1130 2833 omnes
1162 2777 1513 2841 conﬁtentur,
1540 2778 1596 2830 in
1621 2776 1931 2832 Bethlehem
1960 2775 2052 2831 Je-

488 2885 608 2925 sum
642 2868 919 2923 Christum
951 2884 1074 2923 esse
1103 2877 1312 2924 natum.
1347 2868 1492 2935 Quin
1516 2869 1680 2924 etiam
1714 2869 1904 2923 incolae
1930 2869 2050 2939 ejus

487 2963 593 3017 loci
626 2963 940 3032 Speluncam
969 2961 1169 3016 ibidem
1198 2970 1503 3016 monstrant
1530 2961 1598 3016 iis
1617 3003 1632 3028 ,
1661 2960 1754 3030 qui
1783 2963 1849 3015 ab
1872 2968 2052 3016 exter-

491 3056 576 3109 nis
616 3054 777 3109 terris
816 3052 1067 3107 venerint
1104 3053 1172 3107 ad
1219 3053 1616 3123 spectandum:
1656 3059 1710 3106 et
1750 3052 1906 3108 locus
1928 3054 2053 3123 qui-

489 3146 611 3201 dem
640 3145 730 3199 hic
756 3145 848 3200 ubi
883 3155 1034 3201 ortus
1064 3145 1184 3215 ejus
1210 3144 1427 3200 futurus
1455 3144 1588 3210 fuit,
1618 3144 1911 3215 praedictus
1945 3153 2049 3201 est.

489 3237 667 3307 Ipsius
698 3252 824 3291 vero
852 3243 1007 3291 ortus
1041 3237 1364 3291 miraculum
1389 3278 1403 3303 ,
1440 3251 1586 3291 nunc
1626 3237 1860 3292 obscure
1894 3251 1957 3290 ac
1995 3235 2055 3289 ﬁ-

489 3337 682 3399 gurate
700 3369 716 3394 ,
742 3342 890 3381 nunc
916 3327 1077 3397 plane
1102 3335 1158 3382 et
1186 3334 1373 3397 aperte
1400 3327 1554 3397 ponit
1583 3324 1751 3381 Isaias
1780 3345 1792 3380 :
1825 3326 2057 3381 obscure

490 3420 710 3491 quidem
734 3459 748 3483 ,
790 3421 880 3474 ubi
926 3420 1035 3475 ait:
1071 3439 1091 3472 ί
1123 3418 1390 3485 Domine,
1429 3419 1554 3490 quis
1578 3420 1813 3475 credidit
1846 3418 2057 3473 auditui

492 3511 725 3566 nostro?
765 3518 819 3566 et
867 3511 1154 3566 brachium
1201 3510 1416 3566 Domini
1469 3513 1557 3566 cui
1605 3512 1898 3566 revelatum
1938 3512 2059 3566 est?

493 3602 938 3657 annuntiavimus
988 3617 1173 3657 coram
1220 3618 1315 3667 eo,
1357 3602 1516 3672 quasi
1558 3604 1855 3672 puerulus,
1899 3600 2057 3671 quasi

491 3694 646 3749 radix
682 3695 738 3748 in
768 3701 914 3749 terra
945 3695 1157 3750 sitienti
1189 3694 1255 3749 ".
1288 3713 1307 3746 ι
1337 3692 1443 3749 Pro
1471 3709 1579 3765 quo
1612 3693 1805 3763 Aquila
1838 3692 2056 3763 quidem

492 3788 572 3841 sic
614 3786 1003 3858 interpretatus
1042 3797 1165 3843 est:
1203 3806 1222 3839 (
1258 3787 1323 3841 Et
1365 3787 1757 3857 praedicabitur
1796 3794 2057 3857 tanquam

473 3875 640 3944 quod
676 3877 842 3931 ubere
884 3877 1126 3931 nutritur
1169 3877 1222 3929 in
1267 3876 1461 3930 faciem
1514 3876 1665 3944 ejus,
1708 3883 1762 3931 et
1801 3883 2058 3946 tanquam

496 3964 650 4019 radix
677 3964 746 4021 dc
767 3973 914 4022 terra
944 3967 1110 4021 invia.
1143 3984 1161 4018 ι
1185 3965 1523 4021 Theodotion
1548 3982 1677 4022 vero
1700 3986 1716 4022 :
1741 3985 1759 4018 ι
1788 3966 1855 4020 Ει
1875 3983 2062 4023 ascen-

495 4056 586 4111 det
617 4056 758 4111 sicut
783 4059 929 4127 quod
955 4058 1096 4114 lacte
1126 4058 1292 4112 alitur
1317 4074 1499 4113 coram
1529 4074 1628 4123 eo,
1655 4069 1708 4115 et
1734 4060 1876 4115 sicut
1903 4060 2060 4115 radix

496 4147 552 4199 in
584 4156 728 4201 terra
757 4149 983 4203 sitienti.
1016 4168 1034 4199 ι
1065 4146 1166 4204 His
1195 4149 1340 4202 enim
1370 4150 1552 4204 verbis
1579 4164 1702 4204 cum
1726 4149 2058 4205 mentionem

497 4239 687 4294 fecerit
715 4240 977 4310 propheta
1006 4240 1074 4295 de
1104 4240 1329 4294 brachio
1362 4239 1612 4305 Domini,
1643 4243 1786 4310 quod
1814 4247 1933 4295 erat
1961 4238 2059 4295 Dei

496 4327 732 4385 Verbum
758 4347 772 4384 :
803 4350 822 4383 ‹
844 4330 1040 4385 Coram
1069 4346 1154 4395 eo,
1179 4331 1384 4401 inquit,
1431 4333 1874 4386 annuntiavimus
1902 4330 2058 4400 quasi

494 4423 783 4493 puerulum
833 4423 1160 4487 lactentem,
1210 4431 1264 4477 et
1310 4425 1402 4493 qui
1448 4424 1615 4479 ubere
1660 4425 1960 4488 nutriatur,
2004 4429 2059 4477 et

495 4513 655 4584 quasi
686 4513 924 4568 radicem
958 4513 1025 4568 de
1056 4521 1202 4568 terra
1237 4514 1381 4570 invia
1409 4532 1422 4578 ;
1457 4534 1476 4566 ι
1504 4514 1595 4568 ubi
1634 4514 1895 4584 puerulus
1935 4514 2059 4583 qui-
2090 4545 2133 4600 υ

496 4604 618 4658 dem
650 4603 769 4667 ille,
806 4604 899 4673 qui
930 4604 1094 4658 ubere
1122 4612 1285 4673 atque
1316 4604 1456 4658 lacte
1488 4605 1748 4667 nutritur,
1783 4605 1942 4675 plane
1967 4620 2059 4658 or-

497 4704 614 4749 tum.
646 4694 852 4751 Christi
884 4695 1152 4751 declarat.
1192 4693 1360 4749 Terra
1393 4710 1523 4750 vero
1552 4697 1697 4751 invia
1729 4704 1782 4752 et
1827 4697 2017 4751 sitiens
2037 4735 2053 4761 ,

492 4787 607 4856 98
635 4786 897 4856 virginem
943 4803 1063 4857 quae
1104 4787 1256 4841 illum
1302 4787 1463 4841 enixa
1492 4796 1605 4853 est,
1651 4803 1813 4858 quam
1849 4788 2059 4843 scilicet

494 4877 678 4931 nullus
706 4878 791 4931 vir
818 4876 986 4944 adiit,
1014 4877 1080 4931 de
1107 4893 1213 4946 qua
1240 4879 1489 4947 quamvis
1519 4880 1663 4938 invia
1685 4918 1702 4944 ,
1727 4881 1943 4934 laudata
1968 4880 2060 4933 illa

494 4968 652 5022 radix
694 4968 934 5037 prodiit,
976 4976 1034 5024 et
1077 4970 1170 5038 qui
1216 4970 1422 5035 ubere,
1465 4971 1713 5040 lactequc
1759 4972 2059 5025 nutriretur

494 5061 781 5129 puerulus.
815 5060 1017 5115 Verum
1049 5060 1165 5117 haec
1197 5062 1516 5119 adumbrate
1550 5062 1841 5116 admodum
1886 5062 2058 5131 signi-

494 5149 711 5203 ﬁcavit:
762 5150 1007 5219 apertius
1055 5165 1185 5203 vero
1227 5150 1367 5205 idem
1415 5151 1681 5220 propheta
1733 5151 2056 5204 sententiam

493 5252 647 5291 suam
694 5238 1107 5308 interpretatur,
1140 5240 1232 5294 ubi
1267 5243 1341 5294 ait
1368 5259 1380 5293 :
1412 5260 1431 5292 ι
1464 5240 1605 5294 Ecce
1632 5239 1784 5309 virgo
1814 5238 1866 5291 in
1903 5245 2059 5291 utero

492 5328 699 5398 Capiet,
731 5337 785 5384 et
816 5329 991 5399 pariet
1026 5331 1227 5397 (ilium,
1253 5340 1307 5387 et
1333 5332 1604 5386 vocabunt
1633 5344 1833 5386 nomen
1890 5328 2010 5397 ejus
2035 5346 2053 5381 ι

2151 1956 2383 2028 βραχίων
2439 1957 2643 2028 Κυρίου
2704 1957 2806 2010 τίνι
2860 1958 3259 2029 ἀπεκαλύφθη;
3317 1959 3697 2033 ἀνηγγείλαμεν

2150 2049 2385 2101 ἐναντίον
2415 2048 2580 2102 αὐτοῦ
2609 2049 2683 2113 ὡς
2716 2050 2943 2114 παιδίον,
2977 2050 3051 2111 ὡς
3083 2050 3206 2122 ῥίζα
3237 2053 3295 2104 ἐν
3337 2054 3406 2122 γῇ
3439 2051 3653 2123 διψώσῃ.
3677 2071 3693 2103 ι

2161 2140 2299 2193 Ἀνθ’
2326 2137 2387 2193 οὗ
2426 2144 2453 2195 6
2493 2142 2590 2212 μὲν
2641 2142 2870 2205 Ἀκύλας
2910 2144 3253 2214 ήρμήνευσεν
3298 2143 3500 2206 οὕτως·
3549 2163 3566 2194 ι
3603 2145 3700 2198 Καὶ

2151 2233 2584 2304 ἀναρῥηθήσεται
2611 2235 2685 2297 ὡς
2710 2234 3072 2304 τιτθιζόμενον
3099 2237 3178 2296 είς
3211 2235 3498 2305 πρόσωπον
3523 2233 3694 2295 αὑτοῦ,

2150 2324 2245 2377 καὶ
2293 2324 2367 2387 ὡς
2400 2324 2521 2395 ῥίζα
2575 2325 2682 2377 ἀπὸ
2726 2326 2828 2396 γῆς
2881 2326 3081 2378 ἀϐάτου
3117 2342 3130 2355 ·
3165 2344 3183 2376 ι
3220 2327 3247 2378 6
3289 2325 3344 2377 δὲ
3387 2323 3696 2377 Θεοδοτίων·

2156 2435 2173 2466 ‹
2204 2415 2296 2469 καὶ
2348 2415 2677 2486 ἀναϐήσεται
2717 2417 2793 2479 ὼς
2835 2415 3063 2488 θηλάζον
3105 2414 3330 2468 ἐνώπιον
3387 2414 3581 2478 αὐτοῦ,
3619 2414 3702 2466 καὶ

2150 2508 2226 2571 ὡς
2252 2507 2374 2578 ῥίζα
2395 2510 2451 2560 ὲν
2475 2511 2546 2578 γῇ
2568 2507 2793 2580 διψώσῃ.
2824 2529 2842 2559 ι
2867 2509 2964 2561 Διά
2992 2508 3097 2578 γὰρ
3119 2507 3320 2561 τούτων
3347 2506 3703 2578 μνημονεύσας

2150 2601 2179 2651 6
2211 2600 2493 2672 προφήτης
2527 2599 2617 2654 τοῦ
2662 2599 2939 2670 βραχίονος
2984 2598 3075 2652 τοῦ
3114 2599 3350 2669 Κυρίου,
3379 2598 3442 2660 ὃς
3471 2595 3536 2668 ἦν
3564 2601 3591 2651 6
3619 2595 3702 2650 τοῦ

2153 2691 2286 2744 Θεοῦ
2314 2691 2490 2759 λόγος,
2519 2710 2536 2741 ι
2572 2690 2829 2744 Ἐνώπιον
2856 2690 3042 2754 αὐτοῦ,
3074 2711 3092 2742 ι
3137 2693 3321 2762 φησὶν,
3355 2709 3374 2742 ι
3399 2689 3703 2761 ἀνηγγείλα-

2157 2801 2256 2855 μεν
2287 2784 2362 2847 ὡς
2403 2783 2611 2836 παιδίον
2657 2783 2883 2855 θηλάζον
2917 2786 3008 2837 καὶ
3064 2783 3468 2855 τιτθιζόμενον,
3509 2784 3597 2836 καὶ
3640 2782 3704 2844 ὠς

2157 2874 2310 2947 ῥίζαν
2335 2875 2443 2928 ἀπὸ
2468 2876 2571 2946 γῆς
2596 2874 2815 2929 ἀϐάτου.
2842 2895 2858 2925 ι
2891 2875 2962 2927 Τὸ
2991 2876 3086 2946 μὲν
3112 2872 3204 2928 οὖν
3232 2874 3447 2928 παιδίον
3471 2875 3528 2926 τὸ
3554 2871 3706 2926 τιτθι-

2156 2963 2380 3037 ζόμενον
2404 2966 2497 3020 καὶ
2533 2965 2761 3036 θηλάζον
2793 2966 3049 3038 ἄντικρυς
3078 2966 3175 3037 τὴν
3211 2966 3424 3035 γένεσιν
3469 2965 3558 3018 τοῦ
3588 2965 3706 3034 Χρι-

2160 3055 2286 3110 στοῦ
2313 3057 2488 3127 δηλοί⁹
2526 3060 2557 3127 ή
2589 3058 2643 3110 δὲ
2664 3057 2733 3127 γῆ
2764 3057 2961 3120 ἄϐατος
2989 3057 3082 3109 καὶ
3108 3056 3315 3126 διψῶσα
3344 3055 3444 3127 τὴν
3480 3054 3703 3125 ἀποκυή-

2159 3163 2325 3199 σασαν
2374 3146 2534 3199 αὑτὸν
2568 3145 2831 3217 παρθένον
2857 3185 2870 3208 ,
2986 3145 3156 3207 οὐδεὶς
3188 3144 3324 3216 ἀνὴρ
3371 3144 3702 3214 ἐπιϐέϐηκεν,

2159 3239 2248 3307 ἀφ’
2288 3233 2374 3308 ἦς,
2422 3237 2621 3306 καίπερ
2668 3235 2867 3289 ἀϐάτου
2922 3234 3294 3305 τυγχανούσης
3320 3277 3334 3302 ,
3373 3233 3629 3306 προῆλθεν
3673 3232 3704 3301 ή

2158 3329 2496 3400 εὐλογημένη
2545 3325 2688 3398 ῥίζα,
2731 3326 2914 3380 καὶτὸ
2954 3308 3318 3397 τιτθιζόμενον
3354 3326 3450 3378 καὶ
3495 3320 3705 3394 θηλάζον

2158 3421 2384 3476 παιδίον.
2437 3419 2593 3473 Ἀλλά
2638 3419 2810 3473 ταῦτα
2855 3419 2954 3489 μὲν
3002 3417 3447 3488 ὲπεσκιασμένως
3476 3415 3703 3487 ᾐνίξατοσ

2157 3512 2488 3583 γυμνότερον
2520 3511 2575 3563 δὲ
2603 3513 2631 3563 6
2659 3509 2821 3572 αὐτὸς
2849 3507 3137 3579 ἑρμηνεύειν
3165 3508 3455 3579 προφήτης
3481 3507 3575 3578 τὴν
3603 3505 3703 3557 διά--

2157 3620 2326 3664 νοιαν,
2367 3604 2451 3654 ἐπ’
2486 3601 2550 3655 ἂν
2597 3601 2767 3674 λέγῃ·
2807 3618 2826 3650 ‹
2869 3599 2997 3651 Ἰδοὺ
3038 3600 3072 3666 ή
3120 3597 3385 3669 παρθένος
3432 3599 3488 3650 ὲν
3529 3594 3706 3666 γαστρὶ

2156 3691 2407 3762 λήψεται,
2439 3692 2530 3744 καὶ
2560 3690 2774 3755 τέξεται
2823 3689 2937 3741 υἱὸν
2957 3730 2971 3755 ,
3007 3689 3099 3741 καὶ
3132 3688 3417 3741 καλέσουσι
3447 3687 3508 3741 τὸ
3552 3686 3705 3753 ὄνομα

2158 3783 2319 3835 αὑτοῦ
2371 3782 2487 3852 μεθ’
2522 3781 2677 3851 ήμῶν
2705 3783 2733 3834 6
2763 3780 2913 3843 Θεός.
2942 3800 2960 3830 ι
2991 3780 3156 3834 Τοῦτο
3187 3780 3294 3850 γὰρ
3341 3777 3625 3850 ἑρμηνεύει
3654 3773 3707 3826 τὸ

2164 3893 2182 3924 ‹
2226 3873 2587 3945 Ἐμμανουήλ.
2620 3892 2638 3924 ›
2668 3872 2901 3925 Τοιαῦτα
2918 3873 3045 3943 περὶ
3073 3872 3268 3941 τῆςείς
3300 3869 3612 3941 ἀνθρώπους
3628 3881 3706 3936 γε·

2158 3964 2358 4027 νέσεως
2385 3962 2479 4016 τοῦ
2514 3961 2746 4033 Χριστοῦ
2788 3961 2950 4014 πάλαι
3001 3962 3262 4031 πρότερον
3293 3962 3422 4030 παρ’
3461 3956 3708 4028 Ἑϐραίοις

2162 4053 2565 4125 μεμελετάσθω.
2618 4055 2764 4123 Μήτι
2801 4049 2892 4105 οὖν
2927 4051 3167 4117 ὲπίδοξόν
3211 4069 3331 4104 τινα
3371 4045 3706 4119 δυνάστην,ἦ

2159 4144 2452 4215 τύραννον,
2488 4144 2522 4213 ἦ
2566 4160 2688 4196 τινα
2727 4143 2900 4206 ἄλλως
2937 4141 3046 4195 τῶν
3079 4142 3146 4195 τά
3184 4140 3392 4212 μεγάλα
3442 4138 3579 4193 κατά
3630 4135 3709 4189 τὸν

2160 4236 2273 4306 βίον
2304 4234 2634 4305 δυναμένων,
2655 4234 2745 4287 τὸν
2781 4233 3252 4306 προφητευόμενον
3285 4230 3708 4302 ὑπογράφουσινς

2157 4328 2257 4379 οὐκ
2289 4326 2434 4382 ἔστιν
2467 4327 2673 4378 εἰπεῖν·
2700 4325 2781 4377 ὅτι
2819 4324 2952 4395 μηδὲ
2977 4323 3146 4393 ἐφάνη
3171 4321 3429 4384 τοιοῦτος.
3459 4318 3590 4381 Ἀλλ’
3613 4310 3711 4376 οἶος

2158 4420 2327 4490 ἐφάνη
2353 4418 2431 4488 τῷ
2463 4417 2581 4488 βίῳ,
2604 4417 2839 4472 τοιοῦτον
2867 4416 3025 4468 αὑτὸν
3054 4414 3150 4468 xal.
3173 4414 3464 4466 ὲθέσπισαν
3489 4408 3707 4472 ἔσεσθαι,

2157 4511 2256 4580 τῆς
2319 4508 2574 4579 ἀληθείας
2627 4509 2744 4562 κατ’
2795 4507 2946 4560 οὐδὲν
3007 4504 3474 4575 ἀπολελειμμένοι.
3543 4497 3707 4557 Εἰπὼν

2158 4602 2202 4655 δ’
2233 4596 2325 4653 οὖν
2358 4602 2385 4652 6
2408 4600 2634 4663 Ἡσαΐας
2652 4617 2666 4632 ο
2689 4618 2705 4649 ι
2732 4596 3149 4668 Ἀνηγγείλαμεν
3181 4595 3406 4649 ἐνώπιον
3438 4591 3617 4652 αὐτοῦ,
3646 4588 3712 4649 ὡς

2164 4693 2393 4755 παιδίον,
2427 4693 2501 4755 ὡς
2531 4691 2652 4762 ῥίζα
2685 4693 2742 4744 ὲν
2767 4692 2837 4760 γῇ
2871 4687 3076 4759 διψώσῃ
3095 4705 3108 4718 ·
3153 4708 3170 4738 ι
3204 4686 3328 4756 ἑξῆς
3359 4685 3607 4737 συνάπτει
3636 4679 3713 4731 λέ-

2164 4802 2303 4854 γωνο
2339 4805 2355 4835 ι
2383 4785 2497 4843 Οὐκ
2526 4784 2672 4842 ἔστιν
2711 4778 2849 4843 εἶδος
2878 4780 3025 4851 αύτῷ
3056 4780 3178 4833 οὐδὲ
3202 4779 3328 4842 δόξα
3346 4794 3358 4807 ·
3394 4778 3487 4830 καὶ
3517 4774 3710 4841 εἴδομεν

2166 4877 2351 4940 αὑτὸν,
2391 4878 2485 4942 καὶ
2512 4876 2612 4929 οὐκ
2644 4869 2787 4943 εἶχεν
2821 4866 2959 4934 εἶδος
3011 4870 3131 4923 οὐδὲ
3160 4868 3352 4931 κάλλος
3371 4885 3383 4897 ·
3437 4867 3528 4919 καὶ
3559 4860 3620 4933 ἦν
3659 4858 3712 4911 τὸ

2165 4964 2303 5031 εἶδος
2348 4965 2511 5020 αὐτοῦ
2557 4965 2747 5033 ἄτιμον
2795 4964 2888 5015 καὶ
2934 4960 3178 5015 ἐκλεῖπον
3207 4957 3355 5028 παρά
3409 4956 3531 5017 τοὺς
3580 4950 3711 5012 υἱοὺς

2163 5056 2270 5119 τῶν
2304 5053 2625 5126 ἀνθρώπων.
2660 5051 2996 5121 Ἄνθρωπος,
3023 5052 3079 5102 ὲν
3106 5047 3284 5117 πληγῇ
3321 5044 3414 5109 ὢν,
3447 5044 3538 5097 καὶ
3572 5037 3711 5097 εἰδὼς

2164 5147 2348 5218 φέρειν
2386 5145 2653 5215 μαλακίαν
2675 5185 2689 5205 ,
2727 5141 3023 5212 ὴτιμάσθη,
3058 5140 3152 5192 καὶ
3189 5139 3287 5190 ούκ
3316 5133 3580 5202 ἐλογίσθη.
3654 5126 3711 5224 Τί

2163 5235 2255 5291 οὖν
2298 5237 2543 5289 λείπεται
2598 5234 2689 5290 ἐπὶ
2734 5231 2970 5295 τούτοις;
3016 5231 3078 5282 Ei
3127 5229 3233 5299 γάρ
3265 5229 3517 5298 προεῖπον
3562 5220 3710 5280 αὐτοῦ

2168 5328 2372 5400 φυλὴν,
2418 5327 2512 5387 καὶ
2563 5325 2750 5395 γένος,
2797 5325 2893 5378 καὶ
2922 5322 3118 5394 τρόπον
3151 5319 3446 5389 γενέσεως,
3496 5313 3583 5369 καὶ
3624 5308 3711 5377 τῆς

562 5482 742 5558 “Usa-
768 5487 980 5558 Xglnllgri-
1035 5486 1259 5558 ,“jbid,
1284 5487 1336 5551 4,
1395 5488 1454 5558 ᾼ³⁷
1486 5484 1588 5541 Isa.
1617 5503 1694 5554 xu,
1721 5486 1808 5541 I0.
1883 5485 1926 5558 f“
1948 5484 1989 5558 II
2012 5488 2143 5558 Reg.
2182 5501 2276 5548 vn,
2305 5483 2389 5543 12.
2466 5482 2508 5515 ³³
2541 5480 2683 5535 Psal.
2708 5493 2971 5541 Lxxxvm,
2995 5476 3185 5537 27.28.
3262 5476 3307 5507 ⁸ο
3337 5473 3477 5527 Psal.
3505 5461 3709 5531 exn,8.

494 5553 535 5601 μ
589 5555 721 5609 ihid.
754 5556 838 5619 Ii,
869 5553 955 5625 I7,
1029 5557 1074 5589 δ’
1103 5556 1262 5610 Mich.
1301 5575 1349 5619 ν,
1387 5555 1439 5610 2.
1515 5558 1559 5588 ⁸⁵³
1586 5558 1689 5613 Isa.
1727 5573 1842 5620 Lttt,
1880 5556 1998 5623 1,9...

564 5718 635 5792 (Ι)
678 5718 830 5782 Mss.,
868 5722 978 5792 Τῆς
1009 5722 1066 5773 δὲ
1087 5721 1348 5792 γενέσεως
1377 5718 1540 5792 αυτοῦ
1569 5719 1629 5792 τὸ
1673 5716 1900 5792 θαῦμα-ὶ
1930 5714 2060 5792 ποτὲ

497 5786 591 5872 μὲν
614 5786 678 5843 δι’
698 5786 1053 5861 αἰνιγμάτων,
1085 5786 1211 5845 πετὲ
1240 5790 1295 5852 δὲ
1323 5791 1413 5842 καί
1435 5789 1752 5867 λευκότερον
1778 5786 1805 5839 6
1838 5786 2063 5847 Ἠσαῖας

2167 5712 2481 5782 παρίστησι,
2517 5710 2580 5761 δι’
2610 5707 2942 5778 αἰνιγμάτων
2973 5707 3091 5775 μέν,
3124 5721 3178 5758 κ.
3220 5721 3270 5757 τ.
3297 5703 3369 5767 λ.,
3405 5709 3457 5755 et
3494 5698 3571 5759 sic
3601 5692 3712 5764 legit

2172 5795 2460 5852 interpres.
