  <div class='ocr_page' id='page_1' title='image "/cluster/home/n/w/nwhite01/storage/ocr_20150623/22/mdp.39015078384388/098.png"; bbox 0 0 3880 6256; ppageno 0'>
   <div class='ocr_carea' id='block_1_1' title="bbox 234 406 2572 471">
    <p class='ocr_par' dir='ltr' id='par_1_1' title="bbox 234 406 2572 471">
     <span class='ocr_line' id='line_1_1' title="bbox 234 406 2572 471; baseline -0.002 -5"><span class='ocrx_word' id='word_1_1' title='bbox 234 408 321 467; x_wconf 64' lang='grc'><strong>181</strong></span> <span class='ocrx_word' id='word_1_2' title='bbox 1127 411 1775 471; x_wconf 77' lang='lat' dir='ltr'><strong>DEMONSTRATIONIS</strong></span> <span class='ocrx_word' id='word_1_3' title='bbox 1814 408 2270 467; x_wconf 64' lang='lat' dir='ltr'><strong>EVANGELICE</strong></span> <span class='ocrx_word' id='word_1_4' title='bbox 2310 408 2438 464; x_wconf 88' lang='lat' dir='ltr'><strong>LlB.</strong></span> <span class='ocrx_word' id='word_1_5' title='bbox 2480 406 2572 463; x_wconf 83' lang='grc' dir='ltr'><strong>ΠΙ.</strong></span> 
     </span>
    </p>
   </div>
   <div class='ocr_carea' id='block_1_2' title="bbox 3351 403 3444 460">
    <p class='ocr_par' dir='ltr' id='par_1_2' title="bbox 3351 403 3444 460">
     <span class='ocr_line' id='line_1_2' title="bbox 3351 403 3444 460; baseline -0.032 0"><span class='ocrx_word' id='word_1_6' title='bbox 3351 403 3444 460; x_wconf 76' lang='grc'><strong>189</strong></span> 
     </span>
    </p>
   </div>
   <div class='ocr_carea' id='block_1_3' title="bbox 231 492 1777 606">
    <p class='ocr_par' dir='ltr' id='par_1_3' title="bbox 231 526 1777 606">
     <span class='ocr_line' id='line_1_3' title="bbox 231 526 1777 606; baseline 0.002 -26"><span class='ocrx_word' id='word_1_7' title='bbox 231 526 506 597; x_wconf 78' lang='grc' dir='ltr'><strong>Παρθένου</strong></span> <span class='ocrx_word' id='word_1_8' title='bbox 542 529 610 583; x_wconf 76' lang='grc' dir='ltr'>τὸ</span> <span class='ocrx_word' id='word_1_9' title='bbox 640 529 819 602; x_wconf 77' lang='grc' dir='ltr'>θαῦμα</span> <span class='ocrx_word' id='word_1_10' title='bbox 858 531 950 586; x_wconf 75' lang='grc' dir='ltr'>καὶ</span> <span class='ocrx_word' id='word_1_11' title='bbox 985 531 1099 602; x_wconf 87' lang='grc' dir='ltr'>βίου</span> <span class='ocrx_word' id='word_1_12' title='bbox 1140 534 1367 606; x_wconf 79' lang='grc' dir='ltr'><strong>τρόπον,</strong></span> <span class='ocrx_word' id='word_1_13' title='bbox 1404 532 1691 586; x_wconf 81' lang='grc' dir='ltr'>ἀκόλουθον</span> <span class='ocrx_word' id='word_1_14' title='bbox 1725 528 1777 603; x_wconf 57' lang='grc' dir='ltr'>ἧι</span> 
     </span>
    </p>
   </div>
   <div class='ocr_carea' id='block_1_4' title="bbox 1881 492 3444 606">
    <p class='ocr_par' dir='ltr' id='par_1_4' title="bbox 1895 519 3444 595">
     <span class='ocr_line' id='line_1_4' title="bbox 1895 519 3444 595; baseline -0.007 -12"><span class='ocrx_word' id='word_1_15' title='bbox 1895 529 2185 586; x_wconf 80' lang='lat' dir='ltr'><strong>Nobiscum</strong></span> <span class='ocrx_word' id='word_1_16' title='bbox 2210 527 2372 591; x_wconf 88' lang='lat' dir='ltr'><strong>Deus,</strong></span> <span class='ocrx_word' id='word_1_17' title='bbox 2396 528 2500 584; x_wconf 88' lang='lat' dir='ltr'><strong>hoc</strong></span> <span class='ocrx_word' id='word_1_18' title='bbox 2519 524 2664 581; x_wconf 91' lang='lat' dir='ltr'><strong>enim</strong></span> <span class='ocrx_word' id='word_1_19' title='bbox 2685 520 2954 595; x_wconf 89' lang='lat' dir='ltr'><strong>signiﬁcat</strong></span> <span class='ocrx_word' id='word_1_20' title='bbox 2971 539 2989 573; x_wconf 78' lang='grc' dir='ltr'><strong>ε</strong></span> <span class='ocrx_word' id='word_1_21' title='bbox 3012 519 3329 574; x_wconf 85' lang='lat' dir='ltr'><strong>Emmanuel</strong></span> <span class='ocrx_word' id='word_1_22' title='bbox 3345 519 3409 572; x_wconf 67' lang='grc' dir='ltr'><strong>ιδ.</strong></span> <span class='ocrx_word' id='word_1_23' title='bbox 3426 539 3444 572; x_wconf 76' lang='grc' dir='ltr'><strong>ι</strong></span> 
     </span>
    </p>
   </div>
   <div class='ocr_carea' id='block_1_5' title="bbox 229 617 1787 695">
    <p class='ocr_par' dir='ltr' id='par_1_5' title="bbox 229 617 1787 695">
     <span class='ocr_line' id='line_1_5' title="bbox 229 617 1787 695; baseline 0.003 -23"><span class='ocrx_word' id='word_1_24' title='bbox 229 619 346 690; x_wconf 78' lang='grc' dir='ltr'><strong>ἑξῆς</strong></span> <span class='ocrx_word' id='word_1_25' title='bbox 376 617 518 690; x_wconf 78' lang='grc' dir='ltr'>μηδὲ</span> <span class='ocrx_word' id='word_1_26' title='bbox 540 620 643 691; x_wconf 84' lang='grc' dir='ltr'><strong>τὴν</strong></span> <span class='ocrx_word' id='word_1_27' title='bbox 672 622 922 695; x_wconf 83' lang='grc' dir='ltr'>τελευτὴν</span> <span class='ocrx_word' id='word_1_28' title='bbox 955 624 1337 695; x_wconf 76' lang='grc' dir='ltr'>ἀποσιωπῆσαι</span> <span class='ocrx_word' id='word_1_29' title='bbox 1376 623 1557 677; x_wconf 78' lang='grc' dir='ltr'>αὐτοῦ.</span> <span class='ocrx_word' id='word_1_30' title='bbox 1594 624 1658 677; x_wconf 85' lang='grc' dir='ltr'>Τί</span> <span class='ocrx_word' id='word_1_31' title='bbox 1695 619 1787 677; x_wconf 81' lang='grc' dir='ltr'><strong>οὖν</strong></span> 
     </span>
    </p>
   </div>
   <div class='ocr_carea' id='block_1_6' title="bbox 228 712 1785 787">
    <p class='ocr_par' dir='ltr' id='par_1_6' title="bbox 228 712 1785 787">
     <span class='ocr_line' id='line_1_6' title="bbox 228 712 1785 787; baseline 0.003 -23"><span class='ocrx_word' id='word_1_32' title='bbox 228 714 311 764; x_wconf 80' lang='grc' dir='ltr'><strong>καὶ</strong></span> <span class='ocrx_word' id='word_1_33' title='bbox 349 712 481 783; x_wconf 80' lang='grc' dir='ltr'>περὶ</span> <span class='ocrx_word' id='word_1_34' title='bbox 536 712 739 784; x_wconf 82' lang='grc' dir='ltr'><strong>ταύτης</strong></span> <span class='ocrx_word' id='word_1_35' title='bbox 794 715 1021 780; x_wconf 76' lang='grc' dir='ltr'>Ἡσαΐας</span> <span class='ocrx_word' id='word_1_36' title='bbox 1068 715 1345 783; x_wconf 75' lang='grc' dir='ltr'>θεσπίζεις</span> <span class='ocrx_word' id='word_1_37' title='bbox 1384 735 1401 767; x_wconf 81' lang='grc' dir='ltr'><strong>ι</strong></span> <span class='ocrx_word' id='word_1_38' title='bbox 1442 714 1785 787; x_wconf 80' lang='grc' dir='ltr'>Ἀνθρωπος,</span> 
     </span>
    </p>
   </div>
   <div class='ocr_carea' id='block_1_7' title="bbox 225 804 1784 881">
    <p class='ocr_par' dir='ltr' id='par_1_7' title="bbox 225 804 1784 881">
     <span class='ocr_line' id='line_1_7' title="bbox 225 804 1784 881; baseline 0.001 -24"><span class='ocrx_word' id='word_1_39' title='bbox 225 804 377 875; x_wconf 74' lang='grc' dir='ltr'>φησὶν</span> <span class='ocrx_word' id='word_1_40' title='bbox 398 844 413 867; x_wconf 94' lang='grc'><strong>,</strong></span> <span class='ocrx_word' id='word_1_41' title='bbox 456 806 521 857; x_wconf 81' lang='grc' dir='ltr'>ὲν</span> <span class='ocrx_word' id='word_1_42' title='bbox 552 804 729 877; x_wconf 81' lang='grc' dir='ltr'>πληγῇ</span> <span class='ocrx_word' id='word_1_43' title='bbox 764 805 869 870; x_wconf 83' lang='grc' dir='ltr'><strong>ὢν,</strong></span> <span class='ocrx_word' id='word_1_44' title='bbox 924 809 1018 861; x_wconf 70' lang='grc' dir='ltr'><strong>κα)⁵</strong></span> <span class='ocrx_word' id='word_1_45' title='bbox 1074 807 1227 871; x_wconf 81' lang='grc' dir='ltr'>εἰδὼς</span> <span class='ocrx_word' id='word_1_46' title='bbox 1260 809 1448 881; x_wconf 82' lang='grc' dir='ltr'>φέρειν</span> <span class='ocrx_word' id='word_1_47' title='bbox 1482 809 1784 880; x_wconf 83' lang='grc' dir='ltr'><strong>μαλακίαν,</strong></span> 
     </span>
    </p>
   </div>
   <div class='ocr_carea' id='block_1_8' title="bbox 222 892 1789 970">
    <p class='ocr_par' dir='ltr' id='par_1_8' title="bbox 222 892 1789 970">
     <span class='ocr_line' id='line_1_8' title="bbox 222 892 1789 970; baseline 0.003 -24"><span class='ocrx_word' id='word_1_48' title='bbox 222 893 492 965; x_wconf 67' lang='grc' dir='ltr'>ἡτιμάσθη</span> <span class='ocrx_word' id='word_1_49' title='bbox 542 895 636 949; x_wconf 77' lang='grc' dir='ltr'><strong>καὶ</strong></span> <span class='ocrx_word' id='word_1_50' title='bbox 676 898 775 949; x_wconf 78' lang='grc' dir='ltr'><strong>οὐκ</strong></span> <span class='ocrx_word' id='word_1_51' title='bbox 845 896 1114 969; x_wconf 80' lang='grc' dir='ltr'>ἐλογίσθη.</span> <span class='ocrx_word' id='word_1_52' title='bbox 1172 892 1340 962; x_wconf 75' lang='grc' dir='ltr'>Οὗτος</span> <span class='ocrx_word' id='word_1_53' title='bbox 1380 898 1478 963; x_wconf 85' lang='grc' dir='ltr'><strong>τὰς</strong></span> <span class='ocrx_word' id='word_1_54' title='bbox 1519 898 1789 970; x_wconf 86' lang='grc' dir='ltr'>ἁμαρτίας</span> 
     </span>
    </p>
   </div>
   <div class='ocr_carea' id='block_1_9' title="bbox 221 986 1787 1062">
    <p class='ocr_par' dir='ltr' id='par_1_9' title="bbox 221 986 1787 1062">
     <span class='ocr_line' id='line_1_9' title="bbox 221 986 1787 1062; baseline 0.003 -23"><span class='ocrx_word' id='word_1_55' title='bbox 221 986 367 1057; x_wconf 85' lang='grc' dir='ltr'>ἡμῶν</span> <span class='ocrx_word' id='word_1_56' title='bbox 414 987 610 1059; x_wconf 80' lang='grc' dir='ltr'><strong>φέρει,</strong></span> <span class='ocrx_word' id='word_1_57' title='bbox 658 990 912 1061; x_wconf 75' lang='grc' dir='ltr'>καὶπερὶ</span> <span class='ocrx_word' id='word_1_58' title='bbox 948 990 1104 1062; x_wconf 78' lang='grc' dir='ltr'>ἡμῶν</span> <span class='ocrx_word' id='word_1_59' title='bbox 1162 991 1443 1045; x_wconf 75' lang='grc' dir='ltr'>όδυνᾶται·</span> <span class='ocrx_word' id='word_1_60' title='bbox 1481 992 1574 1044; x_wconf 72' lang='grc' dir='ltr'><strong>καὶ</strong></span> <span class='ocrx_word' id='word_1_61' title='bbox 1628 994 1787 1062; x_wconf 77' lang='grc' dir='ltr'>ἡμεῖς</span> 
     </span>
    </p>
   </div>
   <div class='ocr_carea' id='block_1_10' title="bbox 218 1078 1786 1155">
    <p class='ocr_par' dir='ltr' id='par_1_10' title="bbox 218 1078 1786 1155">
     <span class='ocr_line' id='line_1_10' title="bbox 218 1078 1786 1155; baseline 0.004 -25"><span class='ocrx_word' id='word_1_62' title='bbox 218 1079 580 1149; x_wconf 79' lang='grc' dir='ltr'><strong>ἐλογισάμεθα</strong></span> <span class='ocrx_word' id='word_1_63' title='bbox 613 1080 771 1134; x_wconf 77' lang='grc' dir='ltr'>αὐτὸν</span> <span class='ocrx_word' id='word_1_64' title='bbox 804 1078 939 1136; x_wconf 76' lang='grc' dir='ltr'>εἶναι</span> <span class='ocrx_word' id='word_1_65' title='bbox 970 1084 1027 1137; x_wconf 80' lang='grc' dir='ltr'>ἐν</span> <span class='ocrx_word' id='word_1_66' title='bbox 1062 1085 1207 1152; x_wconf 80' lang='grc' dir='ltr'>πόνῳ</span> <span class='ocrx_word' id='word_1_67' title='bbox 1235 1084 1326 1138; x_wconf 76' lang='grc' dir='ltr'>καὶ</span> <span class='ocrx_word' id='word_1_68' title='bbox 1362 1085 1420 1136; x_wconf 82' lang='grc' dir='ltr'>ὲν</span> <span class='ocrx_word' id='word_1_69' title='bbox 1457 1084 1659 1155; x_wconf 82' lang='grc' dir='ltr'><strong>πληγῇ,</strong></span> <span class='ocrx_word' id='word_1_70' title='bbox 1693 1084 1786 1136; x_wconf 76' lang='grc' dir='ltr'>καὶ</span> 
     </span>
    </p>
   </div>
   <div class='ocr_carea' id='block_1_11' title="bbox 218 1171 1785 1247">
    <p class='ocr_par' dir='ltr' id='par_1_11' title="bbox 218 1171 1785 1247">
     <span class='ocr_line' id='line_1_11' title="bbox 218 1171 1785 1247; baseline 0.004 -24"><span class='ocrx_word' id='word_1_71' title='bbox 218 1172 270 1224; x_wconf 76' lang='grc' dir='ltr'>ὲν</span> <span class='ocrx_word' id='word_1_72' title='bbox 298 1171 578 1224; x_wconf 77' lang='grc' dir='ltr'>κακώσει’</span> <span class='ocrx_word' id='word_1_73' title='bbox 611 1174 771 1236; x_wconf 81' lang='grc' dir='ltr'>αὐτὸς</span> <span class='ocrx_word' id='word_1_74' title='bbox 800 1173 855 1226; x_wconf 83' lang='grc' dir='ltr'>δὲ</span> <span class='ocrx_word' id='word_1_75' title='bbox 905 1175 1309 1246; x_wconf 82' lang='grc' dir='ltr'>ὲτραυματίσθη</span> <span class='ocrx_word' id='word_1_76' title='bbox 1352 1175 1439 1230; x_wconf 80' lang='grc' dir='ltr'>διὰ</span> <span class='ocrx_word' id='word_1_77' title='bbox 1478 1176 1575 1239; x_wconf 80' lang='grc' dir='ltr'><strong>τὰς</strong></span> <span class='ocrx_word' id='word_1_78' title='bbox 1608 1177 1785 1247; x_wconf 85' lang='grc' dir='ltr'>ἁμαρ-</span> 
     </span>
    </p>
   </div>
   <div class='ocr_carea' id='block_1_12' title="bbox 216 1262 1779 1337">
    <p class='ocr_par' dir='ltr' id='par_1_12' title="bbox 216 1262 1779 1337">
     <span class='ocr_line' id='line_1_12' title="bbox 216 1262 1779 1337; baseline 0.002 -23"><span class='ocrx_word' id='word_1_79' title='bbox 216 1262 326 1325; x_wconf 78' lang='grc' dir='ltr'>τίας</span> <span class='ocrx_word' id='word_1_80' title='bbox 353 1262 539 1333; x_wconf 80' lang='grc' dir='ltr'>ἡμῶν,</span> <span class='ocrx_word' id='word_1_81' title='bbox 573 1264 667 1318; x_wconf 75' lang='grc' dir='ltr'><strong>καὶ</strong></span> <span class='ocrx_word' id='word_1_82' title='bbox 697 1264 1094 1335; x_wconf 87' lang='grc' dir='ltr'>μεμαλάκισται</span> <span class='ocrx_word' id='word_1_83' title='bbox 1114 1266 1201 1319; x_wconf 79' lang='grc' dir='ltr'>διὰ</span> <span class='ocrx_word' id='word_1_84' title='bbox 1228 1266 1326 1330; x_wconf 79' lang='grc' dir='ltr'>τὰς</span> <span class='ocrx_word' id='word_1_85' title='bbox 1358 1266 1586 1336; x_wconf 79' lang='grc' dir='ltr'><strong>ἀνομίας</strong></span> <span class='ocrx_word' id='word_1_86' title='bbox 1606 1266 1779 1337; x_wconf 79' lang='grc' dir='ltr'>ἡμῶν.</span> 
     </span>
    </p>
   </div>
   <div class='ocr_carea' id='block_1_13' title="bbox 216 1353 1782 1427">
    <p class='ocr_par' dir='ltr' id='par_1_13' title="bbox 216 1353 1782 1427">
     <span class='ocr_line' id='line_1_13' title="bbox 216 1353 1782 1427; baseline 0.002 -22"><span class='ocrx_word' id='word_1_87' title='bbox 216 1353 434 1406; x_wconf 77' lang='grc' dir='ltr'>Παιδεία</span> <span class='ocrx_word' id='word_1_88' title='bbox 462 1354 692 1425; x_wconf 72' lang='grc' dir='ltr'>εἰρήνης</span> <span class='ocrx_word' id='word_1_89' title='bbox 723 1356 755 1425; x_wconf 80' lang='grc' dir='ltr'>ἡ</span> <span class='ocrx_word' id='word_1_90' title='bbox 766 1354 881 1424; x_wconf 89' lang='grc' dir='ltr'><strong>μῶν</strong></span> <span class='ocrx_word' id='word_1_91' title='bbox 908 1357 994 1408; x_wconf 82' lang='grc' dir='ltr'>ἐπ’</span> <span class='ocrx_word' id='word_1_92' title='bbox 1027 1356 1208 1419; x_wconf 85' lang='grc' dir='ltr'>αὑτὸν,</span> <span class='ocrx_word' id='word_1_93' title='bbox 1242 1356 1319 1427; x_wconf 82' lang='grc' dir='ltr'>τῷ</span> <span class='ocrx_word' id='word_1_94' title='bbox 1351 1355 1576 1427; x_wconf 80' lang='grc' dir='ltr'><strong>μώλωπι</strong></span> <span class='ocrx_word' id='word_1_95' title='bbox 1619 1355 1782 1408; x_wconf 78' lang='grc' dir='ltr'>αὐτοῦ</span> 
     </span>
    </p>
   </div>
   <div class='ocr_carea' id='block_1_14' title="bbox 214 1447 1781 1520">
    <p class='ocr_par' dir='ltr' id='par_1_14' title="bbox 214 1447 1781 1520">
     <span class='ocr_line' id='line_1_14' title="bbox 214 1447 1781 1520; baseline -0.001 -19"><span class='ocrx_word' id='word_1_96' title='bbox 214 1448 364 1517; x_wconf 72' lang='grc' dir='ltr'>ἡμεῖς</span> <span class='ocrx_word' id='word_1_97' title='bbox 412 1447 669 1519; x_wconf 83' lang='grc' dir='ltr'>ἰάθημεν.</span> <span class='ocrx_word' id='word_1_98' title='bbox 720 1448 926 1512; x_wconf 88' lang='grc' dir='ltr'>Πάντες</span> <span class='ocrx_word' id='word_1_99' title='bbox 968 1448 1042 1512; x_wconf 87' lang='grc' dir='ltr'>ὼς</span> <span class='ocrx_word' id='word_1_100' title='bbox 1082 1449 1324 1520; x_wconf 79' lang='grc' dir='ltr'>πρόϐατα</span> <span class='ocrx_word' id='word_1_101' title='bbox 1362 1448 1781 1520; x_wconf 81' lang='grc' dir='ltr'>ἐπλανήθημεν,</span> 
     </span>
    </p>
   </div>
   <div class='ocr_carea' id='block_1_15' title="bbox 213 1538 1779 1612">
    <p class='ocr_par' dir='ltr' id='par_1_15' title="bbox 213 1538 1779 1612">
     <span class='ocr_line' id='line_1_15' title="bbox 213 1538 1779 1612; baseline -0.001 -20"><span class='ocrx_word' id='word_1_102' title='bbox 213 1538 296 1592; x_wconf 76' lang='grc' dir='ltr'><strong>καὶ</strong></span> <span class='ocrx_word' id='word_1_103' title='bbox 322 1538 534 1609; x_wconf 82' lang='grc' dir='ltr'>Κύριος</span> <span class='ocrx_word' id='word_1_104' title='bbox 567 1540 881 1612; x_wconf 79' lang='grc' dir='ltr'>παρέδωκεν</span> <span class='ocrx_word' id='word_1_105' title='bbox 918 1538 1082 1593; x_wconf 80' lang='grc' dir='ltr'>αὐτὸν</span> <span class='ocrx_word' id='word_1_106' title='bbox 1112 1542 1233 1604; x_wconf 86' lang='grc' dir='ltr'>ταῖς</span> <span class='ocrx_word' id='word_1_107' title='bbox 1260 1540 1553 1611; x_wconf 83' lang='grc' dir='ltr'>ἁμαρτίαις</span> <span class='ocrx_word' id='word_1_108' title='bbox 1591 1539 1745 1610; x_wconf 77' lang='grc' dir='ltr'>ἡμῶν</span> <span class='ocrx_word' id='word_1_109' title='bbox 1765 1556 1779 1569; x_wconf 89' lang='grc'><strong>·</strong></span> 
     </span>
    </p>
   </div>
   <div class='ocr_carea' id='block_1_16' title="bbox 211 1631 1782 1703">
    <p class='ocr_par' dir='ltr' id='par_1_16' title="bbox 211 1631 1782 1703">
     <span class='ocr_line' id='line_1_16' title="bbox 211 1631 1782 1703; baseline 0.002 -21"><span class='ocrx_word' id='word_1_110' title='bbox 211 1632 296 1683; x_wconf 72' lang='grc' dir='ltr'><strong>καὶ</strong></span> <span class='ocrx_word' id='word_1_111' title='bbox 320 1631 488 1695; x_wconf 75' lang='grc' dir='ltr'>αὐτὸς</span> <span class='ocrx_word' id='word_1_112' title='bbox 518 1631 607 1685; x_wconf 85' lang='grc' dir='ltr'>διὰ</span> <span class='ocrx_word' id='word_1_113' title='bbox 640 1633 700 1686; x_wconf 81' lang='grc' dir='ltr'><strong>τὸ</strong></span> <span class='ocrx_word' id='word_1_114' title='bbox 731 1631 1079 1686; x_wconf 78' lang='grc' dir='ltr'>κεκακῶσθαι</span> <span class='ocrx_word' id='word_1_115' title='bbox 1111 1632 1211 1685; x_wconf 82' lang='grc' dir='ltr'><strong>οὐκ</strong></span> <span class='ocrx_word' id='word_1_116' title='bbox 1255 1631 1457 1702; x_wconf 82' lang='grc' dir='ltr'>ἀνοίγει</span> <span class='ocrx_word' id='word_1_117' title='bbox 1503 1633 1563 1685; x_wconf 86' lang='grc' dir='ltr'><strong>τὸ</strong></span> <span class='ocrx_word' id='word_1_118' title='bbox 1612 1634 1782 1703; x_wconf 83' lang='grc' dir='ltr'>στόμα</span> 
     </span>
    </p>
   </div>
   <div class='ocr_carea' id='block_1_17' title="bbox 211 1720 1781 1795">
    <p class='ocr_par' dir='ltr' id='par_1_17' title="bbox 211 1720 1781 1795">
     <span class='ocr_line' id='line_1_17' title="bbox 211 1720 1781 1795; baseline 0.001 -20"><span class='ocrx_word' id='word_1_119' title='bbox 211 1720 386 1775; x_wconf 77' lang='grc' dir='ltr'>αὑτοῦ.</span> <span class='ocrx_word' id='word_1_120' title='bbox 437 1724 533 1786; x_wconf 80' lang='grc' dir='ltr'>Ὠς</span> <span class='ocrx_word' id='word_1_121' title='bbox 563 1724 831 1795; x_wconf 78' lang='grc' dir='ltr'>πρόϐατον</span> <span class='ocrx_word' id='word_1_122' title='bbox 863 1724 957 1777; x_wconf 77' lang='grc' dir='ltr'>ἐπὶ</span> <span class='ocrx_word' id='word_1_123' title='bbox 992 1724 1202 1794; x_wconf 75' lang='grc' dir='ltr'>σφαγὴν</span> <span class='ocrx_word' id='word_1_124' title='bbox 1225 1722 1383 1794; x_wconf 74' lang='grc' dir='ltr'>ἤχθη,</span> <span class='ocrx_word' id='word_1_125' title='bbox 1402 1724 1494 1776; x_wconf 79' lang='grc' dir='ltr'><strong>καὶ</strong></span> <span class='ocrx_word' id='word_1_126' title='bbox 1517 1722 1591 1787; x_wconf 85' lang='grc' dir='ltr'><strong>ὡς</strong></span> <span class='ocrx_word' id='word_1_127' title='bbox 1614 1724 1781 1795; x_wconf 77' lang='grc' dir='ltr'>ἀμνὸς</span> 
     </span>
    </p>
   </div>
   <div class='ocr_carea' id='block_1_18' title="bbox 1893 608 3445 689">
    <p class='ocr_par' dir='ltr' id='par_1_18' title="bbox 1893 608 3445 689">
     <span class='ocr_line' id='line_1_18' title="bbox 1893 608 3445 689; baseline -0.006 -14"><span class='ocrx_word' id='word_1_128' title='bbox 1893 622 2044 676; x_wconf 84' lang='lat' dir='ltr'><strong>Talia</strong></span> <span class='ocrx_word' id='word_1_129' title='bbox 2078 620 2144 676; x_wconf 88' lang='lat' dir='ltr'><strong>de</strong></span> <span class='ocrx_word' id='word_1_130' title='bbox 2169 619 2375 676; x_wconf 86' lang='lat' dir='ltr'><strong>Christi</strong></span> <span class='ocrx_word' id='word_1_131' title='bbox 2406 616 2549 689; x_wconf 89' lang='lat' dir='ltr'><strong>apud</strong></span> <span class='ocrx_word' id='word_1_132' title='bbox 2580 616 2828 672; x_wconf 82' lang='lat' dir='ltr'><strong>homines</strong></span> <span class='ocrx_word' id='word_1_133' title='bbox 2861 613 3070 685; x_wconf 76' lang='lat' dir='ltr'><strong>origine</strong></span> <span class='ocrx_word' id='word_1_134' title='bbox 3101 610 3310 681; x_wconf 76' lang='lat' dir='ltr'><strong>antiqui</strong></span> <span class='ocrx_word' id='word_1_135' title='bbox 3345 608 3445 665; x_wconf 86' lang='lat' dir='ltr'><strong>He-</strong></span> 
     </span>
    </p>
   </div>
   <div class='ocr_carea' id='block_1_19' title="bbox 1889 703 3447 784">
    <p class='ocr_par' dir='ltr' id='par_1_19' title="bbox 1889 703 3447 784">
     <span class='ocr_line' id='line_1_19' title="bbox 1889 703 3447 784; baseline -0.01 -15"><span class='ocrx_word' id='word_1_136' title='bbox 1889 715 2161 770; x_wconf 67' lang='lat' dir='ltr'><strong>braeorum</strong></span> <span class='ocrx_word' id='word_1_137' title='bbox 2206 712 2482 784; x_wconf 69' lang='lat' dir='ltr'><strong>pmphetaa</strong></span> <span class='ocrx_word' id='word_1_138' title='bbox 2527 710 2945 764; x_wconf 88' lang='lat' dir='ltr'><strong>meditabantur.</strong></span> <span class='ocrx_word' id='word_1_139' title='bbox 2994 703 3251 773; x_wconf 87' lang='lat' dir='ltr'><strong>Nunquid</strong></span> <span class='ocrx_word' id='word_1_140' title='bbox 3288 703 3447 773; x_wconf 74' lang='lat' dir='ltr'><strong>igitur</strong></span> 
     </span>
    </p>
   </div>
   <div class='ocr_carea' id='block_1_20' title="bbox 1889 800 3448 875">
    <p class='ocr_par' dir='ltr' id='par_1_20' title="bbox 1889 800 3448 875">
     <span class='ocr_line' id='line_1_20' title="bbox 1889 800 3448 875; baseline -0.01 -14"><span class='ocrx_word' id='word_1_141' title='bbox 1889 807 2154 861; x_wconf 88' lang='lat' dir='ltr'><strong>illustrem</strong></span> <span class='ocrx_word' id='word_1_142' title='bbox 2191 804 2476 875; x_wconf 86' lang='lat' dir='ltr'><strong>quemdam</strong></span> <span class='ocrx_word' id='word_1_143' title='bbox 2509 801 2806 872; x_wconf 84' lang='lat' dir='ltr'><strong>principem</strong></span> <span class='ocrx_word' id='word_1_144' title='bbox 2830 840 2846 864; x_wconf 96' lang='lat'><strong>,</strong></span> <span class='ocrx_word' id='word_1_145' title='bbox 2883 804 2976 853; x_wconf 85' lang='lat' dir='ltr'><strong>aut</strong></span> <span class='ocrx_word' id='word_1_146' title='bbox 3002 807 3292 869; x_wconf 86' lang='lat' dir='ltr'><strong>tyrannum</strong></span> <span class='ocrx_word' id='word_1_147' title='bbox 3313 834 3329 858; x_wconf 89' lang='lat'><strong>,</strong></span> <span class='ocrx_word' id='word_1_148' title='bbox 3358 800 3448 847; x_wconf 89' lang='lat' dir='ltr'><strong>aut</strong></span> 
     </span>
    </p>
   </div>
   <div class='ocr_carea' id='block_1_21' title="bbox 1887 887 3448 969">
    <p class='ocr_par' dir='ltr' id='par_1_21' title="bbox 1887 887 3448 969">
     <span class='ocr_line' id='line_1_21' title="bbox 1887 887 3448 969; baseline -0.009 -18"><span class='ocrx_word' id='word_1_149' title='bbox 1887 897 2091 969; x_wconf 87' lang='lat' dir='ltr'><strong>alioqui</strong></span> <span class='ocrx_word' id='word_1_150' title='bbox 2142 912 2311 952; x_wconf 91' lang='lat' dir='ltr'><strong>unum</strong></span> <span class='ocrx_word' id='word_1_151' title='bbox 2359 909 2583 955; x_wconf 86' lang='lat' dir='ltr'><strong>eorum,</strong></span> <span class='ocrx_word' id='word_1_152' title='bbox 2637 891 2730 961; x_wconf 86' lang='lat' dir='ltr'><strong>qui</strong></span> <span class='ocrx_word' id='word_1_153' title='bbox 2781 890 3074 960; x_wconf 91' lang='lat' dir='ltr'><strong>plurimum</strong></span> <span class='ocrx_word' id='word_1_154' title='bbox 3126 893 3352 957; x_wconf 88' lang='lat' dir='ltr'><strong>possunt</strong></span> <span class='ocrx_word' id='word_1_155' title='bbox 3393 887 3448 939; x_wconf 93' lang='lat' dir='ltr'><strong>in</strong></span> 
     </span>
    </p>
   </div>
   <div class='ocr_carea' id='block_1_22' title="bbox 1885 978 3449 1055">
    <p class='ocr_par' dir='ltr' id='par_1_22' title="bbox 1885 978 3449 1055">
     <span class='ocr_line' id='line_1_22' title="bbox 1885 978 3449 1055; baseline -0.01 -12"><span class='ocrx_word' id='word_1_156' title='bbox 1885 990 2033 1053; x_wconf 88' lang='lat' dir='ltr'><strong>vita,</strong></span> <span class='ocrx_word' id='word_1_157' title='bbox 2082 1003 2206 1042; x_wconf 92' lang='lat' dir='ltr'><strong>eum</strong></span> <span class='ocrx_word' id='word_1_158' title='bbox 2251 987 2318 1041; x_wconf 92' lang='lat' dir='ltr'><strong>de</strong></span> <span class='ocrx_word' id='word_1_159' title='bbox 2361 999 2470 1055; x_wconf 92' lang='lat' dir='ltr'><strong>quo</strong></span> <span class='ocrx_word' id='word_1_160' title='bbox 2514 983 2885 1038; x_wconf 88' lang='lat' dir='ltr'><strong>vaticinantur</strong></span> <span class='ocrx_word' id='word_1_161' title='bbox 2931 978 3291 1035; x_wconf 87' lang='lat' dir='ltr'><strong>describunt?</strong></span> <span class='ocrx_word' id='word_1_162' title='bbox 3338 992 3449 1030; x_wconf 88' lang='lat' dir='ltr'><strong>non</strong></span> 
     </span>
    </p>
   </div>
   <div class='ocr_carea' id='block_1_23' title="bbox 1887 1064 3443 1151">
    <p class='ocr_par' dir='ltr' id='par_1_23' title="bbox 1887 1064 3443 1151">
     <span class='ocr_line' id='line_1_23' title="bbox 1887 1064 3443 1151; baseline -0.01 -17"><span class='ocrx_word' id='word_1_163' title='bbox 1887 1088 2066 1151; x_wconf 84' lang='lat' dir='ltr'><strong>potest</strong></span> <span class='ocrx_word' id='word_1_164' title='bbox 2093 1078 2238 1133; x_wconf 86' lang='lat' dir='ltr'><strong>diei:</strong></span> <span class='ocrx_word' id='word_1_165' title='bbox 2272 1079 2527 1147; x_wconf 84' lang='lat' dir='ltr'><strong>quoniam</strong></span> <span class='ocrx_word' id='word_1_166' title='bbox 2563 1088 2633 1128; x_wconf 89' lang='lat' dir='ltr'><strong>ne</strong></span> <span class='ocrx_word' id='word_1_167' title='bbox 2675 1070 2927 1142; x_wconf 86' lang='lat' dir='ltr'><strong>apparuit</strong></span> <span class='ocrx_word' id='word_1_168' title='bbox 2965 1068 3184 1139; x_wconf 85' lang='lat' dir='ltr'><strong>quidem</strong></span> <span class='ocrx_word' id='word_1_169' title='bbox 3233 1064 3443 1135; x_wconf 90' lang='lat' dir='ltr'><strong>aliquid</strong></span> 
     </span>
    </p>
   </div>
   <div class='ocr_carea' id='block_1_24' title="bbox 1885 1160 3450 1240">
    <p class='ocr_par' dir='ltr' id='par_1_24' title="bbox 1885 1160 3450 1240">
     <span class='ocr_line' id='line_1_24' title="bbox 1885 1160 3450 1240; baseline -0.01 -14"><span class='ocrx_word' id='word_1_170' title='bbox 1885 1174 2010 1227; x_wconf 82' lang='lat' dir='ltr'><strong>tale.</strong></span> <span class='ocrx_word' id='word_1_171' title='bbox 2036 1170 2141 1227; x_wconf 89' lang='lat' dir='ltr'><strong>Sed</strong></span> <span class='ocrx_word' id='word_1_172' title='bbox 2170 1170 2347 1240; x_wconf 88' lang='lat' dir='ltr'><strong>qualis</strong></span> <span class='ocrx_word' id='word_1_173' title='bbox 2376 1170 2491 1240; x_wconf 91' lang='lat' dir='ltr'><strong>ipse</strong></span> <span class='ocrx_word' id='word_1_174' title='bbox 2519 1167 2669 1220; x_wconf 84' lang='lat' dir='ltr'><strong>visus</strong></span> <span class='ocrx_word' id='word_1_175' title='bbox 2695 1172 2778 1220; x_wconf 90' lang='lat' dir='ltr'><strong>est</strong></span> <span class='ocrx_word' id='word_1_176' title='bbox 2804 1164 2913 1216; x_wconf 89' lang='lat' dir='ltr'><strong>vita</strong></span> <span class='ocrx_word' id='word_1_177' title='bbox 2935 1204 2949 1227; x_wconf 88' lang='lat'><strong>,</strong></span> <span class='ocrx_word' id='word_1_178' title='bbox 2977 1160 3137 1214; x_wconf 89' lang='lat' dir='ltr'><strong>talem</strong></span> <span class='ocrx_word' id='word_1_179' title='bbox 3165 1160 3293 1213; x_wconf 87' lang='lat' dir='ltr'><strong>item</strong></span> <span class='ocrx_word' id='word_1_180' title='bbox 3324 1171 3450 1211; x_wconf 86' lang='lat' dir='ltr'><strong>eum</strong></span> 
     </span>
    </p>
   </div>
   <div class='ocr_carea' id='block_1_25' title="bbox 1887 1248 3449 1327">
    <p class='ocr_par' dir='ltr' id='par_1_25' title="bbox 1887 1248 3449 1327">
     <span class='ocr_line' id='line_1_25' title="bbox 1887 1248 3449 1327; baseline -0.011 -9"><span class='ocrx_word' id='word_1_181' title='bbox 1887 1264 2002 1320; x_wconf 81' lang='lat' dir='ltr'><strong>fore</strong></span> <span class='ocrx_word' id='word_1_182' title='bbox 2034 1263 2387 1327; x_wconf 86' lang='lat' dir='ltr'><strong>cecinerunt,</strong></span> <span class='ocrx_word' id='word_1_183' title='bbox 2420 1261 2521 1314; x_wconf 91' lang='lat' dir='ltr'><strong>hac</strong></span> <span class='ocrx_word' id='word_1_184' title='bbox 2558 1257 2746 1326; x_wconf 89' lang='lat' dir='ltr'><strong>utique</strong></span> <span class='ocrx_word' id='word_1_185' title='bbox 2776 1256 2829 1308; x_wconf 90' lang='lat' dir='ltr'><strong>in</strong></span> <span class='ocrx_word' id='word_1_186' title='bbox 2875 1269 2934 1307; x_wconf 92' lang='lat' dir='ltr'><strong>re</strong></span> <span class='ocrx_word' id='word_1_187' title='bbox 2973 1252 3110 1305; x_wconf 86' lang='lat' dir='ltr'><strong>nihil</strong></span> <span class='ocrx_word' id='word_1_188' title='bbox 3151 1264 3181 1303; x_wconf 89' lang='lat' dir='ltr'><strong>a</strong></span> <span class='ocrx_word' id='word_1_189' title='bbox 3221 1248 3449 1302; x_wconf 78' lang='lat' dir='ltr'><strong>veritate</strong></span> 
     </span>
    </p>
   </div>
   <div class='ocr_carea' id='block_1_26' title="bbox 1886 1342 3449 1423">
    <p class='ocr_par' dir='ltr' id='par_1_26' title="bbox 1886 1342 3449 1423">
     <span class='ocr_line' id='line_1_26' title="bbox 1886 1342 3449 1423; baseline -0.011 -13"><span class='ocrx_word' id='word_1_190' title='bbox 1886 1356 2225 1410; x_wconf 88' lang='lat' dir='ltr'><strong>aberrantes.</strong></span> <span class='ocrx_word' id='word_1_191' title='bbox 2268 1353 2563 1423; x_wconf 82' lang='lat' dir='ltr'><strong>Postquam</strong></span> <span class='ocrx_word' id='word_1_192' title='bbox 2591 1366 2719 1419; x_wconf 86' lang='lat' dir='ltr'><strong>ergo</strong></span> <span class='ocrx_word' id='word_1_193' title='bbox 2748 1346 2915 1401; x_wconf 92' lang='lat' dir='ltr'><strong>lsaias</strong></span> <span class='ocrx_word' id='word_1_194' title='bbox 2955 1345 3090 1400; x_wconf 80' lang='lat' dir='ltr'><strong>dixit</strong></span> <span class='ocrx_word' id='word_1_195' title='bbox 3121 1363 3133 1397; x_wconf 93' lang='lat'><strong>:</strong></span> <span class='ocrx_word' id='word_1_196' title='bbox 3170 1361 3188 1393; x_wconf 77' lang='grc' dir='ltr'><strong>ι</strong></span> <span class='ocrx_word' id='word_1_197' title='bbox 3217 1342 3449 1396; x_wconf 78' lang='lat' dir='ltr'><strong>Annun-</strong></span> 
     </span>
    </p>
   </div>
   <div class='ocr_carea' id='block_1_27' title="bbox 1884 1430 3450 1511">
    <p class='ocr_par' dir='ltr' id='par_1_27' title="bbox 1884 1430 3450 1511">
     <span class='ocr_line' id='line_1_27' title="bbox 1884 1430 3450 1511; baseline -0.011 -10"><span class='ocrx_word' id='word_1_198' title='bbox 1884 1448 2140 1502; x_wconf 90' lang='lat' dir='ltr'><strong>tiavimus</strong></span> <span class='ocrx_word' id='word_1_199' title='bbox 2182 1460 2365 1500; x_wconf 89' lang='lat' dir='ltr'><strong>coram</strong></span> <span class='ocrx_word' id='word_1_200' title='bbox 2408 1459 2511 1506; x_wconf 89' lang='lat' dir='ltr'><strong>eo,</strong></span> <span class='ocrx_word' id='word_1_201' title='bbox 2550 1440 2709 1511; x_wconf 90' lang='lat' dir='ltr'><strong>quasi</strong></span> <span class='ocrx_word' id='word_1_202' title='bbox 2752 1437 3048 1508; x_wconf 87' lang='lat' dir='ltr'><strong>puerulus,</strong></span> <span class='ocrx_word' id='word_1_203' title='bbox 3095 1433 3253 1504; x_wconf 89' lang='lat' dir='ltr'><strong>quasi</strong></span> <span class='ocrx_word' id='word_1_204' title='bbox 3297 1430 3450 1485; x_wconf 79' lang='lat' dir='ltr'><strong>radix</strong></span> 
     </span>
    </p>
   </div>
   <div class='ocr_carea' id='block_1_28' title="bbox 1884 1525 3444 1601">
    <p class='ocr_par' dir='ltr' id='par_1_28' title="bbox 1884 1525 3444 1601">
     <span class='ocr_line' id='line_1_28' title="bbox 1884 1525 3444 1601; baseline -0.01 -9"><span class='ocrx_word' id='word_1_205' title='bbox 1884 1539 1939 1593; x_wconf 91' lang='lat' dir='ltr'><strong>in</strong></span> <span class='ocrx_word' id='word_1_206' title='bbox 1984 1548 2127 1594; x_wconf 89' lang='lat' dir='ltr'><strong>terra</strong></span> <span class='ocrx_word' id='word_1_207' title='bbox 2176 1536 2386 1593; x_wconf 88' lang='lat' dir='ltr'><strong>sitienti</strong></span> <span class='ocrx_word' id='word_1_208' title='bbox 2426 1535 2492 1599; x_wconf 72' lang='lat'><strong>&quot;,</strong></span> <span class='ocrx_word' id='word_1_209' title='bbox 2528 1553 2547 1586; x_wconf 77' lang='grc' dir='ltr'><strong>ι</strong></span> <span class='ocrx_word' id='word_1_210' title='bbox 2578 1533 2836 1601; x_wconf 84' lang='lat' dir='ltr'><strong>deinceps</strong></span> <span class='ocrx_word' id='word_1_211' title='bbox 2884 1528 3167 1599; x_wconf 80' lang='lat' dir='ltr'><strong>adjungit,</strong></span> <span class='ocrx_word' id='word_1_212' title='bbox 3219 1525 3444 1580; x_wconf 89' lang='lat' dir='ltr'><strong>dicens:</strong></span> 
     </span>
    </p>
   </div>
   <div class='ocr_carea' id='block_1_29' title="bbox 1890 1618 3447 1699">
    <p class='ocr_par' dir='ltr' id='par_1_29' title="bbox 1890 1618 3447 1699">
     <span class='ocr_line' id='line_1_29' title="bbox 1890 1618 3447 1699; baseline -0.008 -16"><span class='ocrx_word' id='word_1_213' title='bbox 1890 1652 1907 1683; x_wconf 78' lang='grc' dir='ltr'><strong>ι</strong></span> <span class='ocrx_word' id='word_1_214' title='bbox 1938 1631 2055 1686; x_wconf 86' lang='lat' dir='ltr'><strong>Non</strong></span> <span class='ocrx_word' id='word_1_215' title='bbox 2102 1642 2187 1686; x_wconf 91' lang='lat' dir='ltr'><strong>est</strong></span> <span class='ocrx_word' id='word_1_216' title='bbox 2233 1630 2442 1699; x_wconf 87' lang='lat' dir='ltr'><strong>species</strong></span> <span class='ocrx_word' id='word_1_217' title='bbox 2490 1626 2573 1693; x_wconf 89' lang='lat' dir='ltr'><strong>ei,</strong></span> <span class='ocrx_word' id='word_1_218' title='bbox 2626 1640 2803 1696; x_wconf 91' lang='lat' dir='ltr'><strong>neque</strong></span> <span class='ocrx_word' id='word_1_219' title='bbox 2845 1623 3062 1695; x_wconf 78' lang='lat' dir='ltr'><strong>gloria:</strong></span> <span class='ocrx_word' id='word_1_220' title='bbox 3105 1629 3159 1675; x_wconf 90' lang='lat' dir='ltr'><strong>et</strong></span> <span class='ocrx_word' id='word_1_221' title='bbox 3203 1618 3447 1672; x_wconf 84' lang='lat' dir='ltr'><strong>vidimus</strong></span> 
     </span>
    </p>
   </div>
   <div class='ocr_carea' id='block_1_30' title="bbox 1883 1710 3443 1791">
    <p class='ocr_par' dir='ltr' id='par_1_30' title="bbox 1883 1710 3443 1791">
     <span class='ocr_line' id='line_1_30' title="bbox 1883 1710 3443 1791; baseline -0.01 -13"><span class='ocrx_word' id='word_1_222' title='bbox 1883 1738 2005 1779; x_wconf 91' lang='lat' dir='ltr'><strong>eum</strong></span> <span class='ocrx_word' id='word_1_223' title='bbox 2023 1763 2037 1787; x_wconf 87' lang='lat'><strong>,</strong></span> <span class='ocrx_word' id='word_1_224' title='bbox 2061 1730 2116 1777; x_wconf 91' lang='lat' dir='ltr'><strong>et</strong></span> <span class='ocrx_word' id='word_1_225' title='bbox 2147 1737 2254 1776; x_wconf 91' lang='lat' dir='ltr'><strong>non</strong></span> <span class='ocrx_word' id='word_1_226' title='bbox 2283 1720 2475 1775; x_wconf 83' lang='lat' dir='ltr'><strong>babuit</strong></span> <span class='ocrx_word' id='word_1_227' title='bbox 2498 1719 2730 1791; x_wconf 88' lang='lat' dir='ltr'><strong>speciem</strong></span> <span class='ocrx_word' id='word_1_228' title='bbox 2756 1730 2930 1785; x_wconf 90' lang='lat' dir='ltr'><strong>neque</strong></span> <span class='ocrx_word' id='word_1_229' title='bbox 2953 1710 3443 1783; x_wconf 75' lang='lat' dir='ltr'><strong>pulchritudinem:</strong></span> 
     </span>
    </p>
   </div>
   <div class='ocr_carea' id='block_1_31' title="bbox 209 1798 1777 1887">
    <p class='ocr_par' dir='ltr' id='par_1_31' title="bbox 209 1812 1777 1887">
     <span class='ocr_line' id='line_1_31' title="bbox 209 1812 1777 1887; baseline 0.002 -22"><span class='ocrx_word' id='word_1_230' title='bbox 209 1812 376 1866; x_wconf 71' lang='grc' dir='ltr'>ἔναντι</span> <span class='ocrx_word' id='word_1_231' title='bbox 408 1813 510 1867; x_wconf 79' lang='grc' dir='ltr'>τοῦ</span> <span class='ocrx_word' id='word_1_232' title='bbox 550 1816 823 1887; x_wconf 84' lang='grc' dir='ltr'>κείροντος</span> <span class='ocrx_word' id='word_1_233' title='bbox 865 1815 1095 1884; x_wconf 73' lang='grc' dir='ltr'>ἄφωνος,</span> <span class='ocrx_word' id='word_1_234' title='bbox 1135 1812 1305 1878; x_wconf 76' lang='grc' dir='ltr'>οὕτως</span> <span class='ocrx_word' id='word_1_235' title='bbox 1346 1815 1445 1867; x_wconf 78' lang='grc' dir='ltr'><strong>οὐκ</strong></span> <span class='ocrx_word' id='word_1_236' title='bbox 1486 1815 1689 1883; x_wconf 84' lang='grc' dir='ltr'>ἀνοίγει</span> <span class='ocrx_word' id='word_1_237' title='bbox 1721 1815 1777 1868; x_wconf 79' lang='grc' dir='ltr'>τὸ</span> 
     </span>
    </p>
   </div>
   <div class='ocr_carea' id='block_1_32' title="bbox 1881 1798 3446 1887">
    <p class='ocr_par' dir='ltr' id='par_1_32' title="bbox 1884 1798 3446 1881">
     <span class='ocr_line' id='line_1_32' title="bbox 1884 1798 3446 1881; baseline -0.011 -13"><span class='ocrx_word' id='word_1_238' title='bbox 1884 1821 1940 1868; x_wconf 88' lang='lat' dir='ltr'><strong>et</strong></span> <span class='ocrx_word' id='word_1_239' title='bbox 1971 1812 2075 1865; x_wconf 82' lang='lat' dir='ltr'><strong>fuit</strong></span> <span class='ocrx_word' id='word_1_240' title='bbox 2102 1811 2313 1881; x_wconf 87' lang='lat' dir='ltr'><strong>species</strong></span> <span class='ocrx_word' id='word_1_241' title='bbox 2345 1809 2466 1879; x_wconf 87' lang='lat' dir='ltr'><strong>ejus</strong></span> <span class='ocrx_word' id='word_1_242' title='bbox 2502 1808 2621 1863; x_wconf 86' lang='lat' dir='ltr'><strong>sine</strong></span> <span class='ocrx_word' id='word_1_243' title='bbox 2648 1806 2858 1859; x_wconf 86' lang='lat' dir='ltr'><strong>honore</strong></span> <span class='ocrx_word' id='word_1_244' title='bbox 2888 1802 3149 1857; x_wconf 80' lang='lat' dir='ltr'><strong>deﬁciens</strong></span> <span class='ocrx_word' id='word_1_245' title='bbox 3179 1814 3288 1869; x_wconf 85' lang='lat' dir='ltr'><strong>prae</strong></span> <span class='ocrx_word' id='word_1_246' title='bbox 3321 1798 3446 1851; x_wconf 90' lang='lat' dir='ltr'><strong>ﬁliis</strong></span> 
     </span>
    </p>
   </div>
   <div class='ocr_carea' id='block_1_33' title="bbox 208 1889 1777 1974">
    <p class='ocr_par' dir='ltr' id='par_1_33' title="bbox 208 1899 1777 1974">
     <span class='ocr_line' id='line_1_33' title="bbox 208 1899 1777 1974; baseline -0.001 -20"><span class='ocrx_word' id='word_1_247' title='bbox 208 1902 401 1972; x_wconf 88' lang='grc' dir='ltr'>στόμα·</span> <span class='ocrx_word' id='word_1_248' title='bbox 456 1903 563 1974; x_wconf 82' lang='grc' dir='ltr'><strong>τὴν</strong></span> <span class='ocrx_word' id='word_1_249' title='bbox 600 1904 793 1972; x_wconf 81' lang='grc' dir='ltr'>γενεάν</span> <span class='ocrx_word' id='word_1_250' title='bbox 844 1902 1007 1955; x_wconf 75' lang='grc' dir='ltr'>αὐτοῦ</span> <span class='ocrx_word' id='word_1_251' title='bbox 1053 1901 1137 1965; x_wconf 87' lang='grc' dir='ltr'><strong>τίς</strong></span> <span class='ocrx_word' id='word_1_252' title='bbox 1187 1902 1532 1972; x_wconf 75' lang='grc' dir='ltr'>διηγήσεταις</span> <span class='ocrx_word' id='word_1_253' title='bbox 1577 1901 1657 1953; x_wconf 82' lang='grc' dir='ltr'>ὅτι</span> <span class='ocrx_word' id='word_1_254' title='bbox 1700 1899 1777 1953; x_wconf 79' lang='grc' dir='ltr'><strong>αἵ-</strong></span> 
     </span>
    </p>
   </div>
   <div class='ocr_carea' id='block_1_34' title="bbox 1881 1889 3449 1974">
    <p class='ocr_par' dir='ltr' id='par_1_34' title="bbox 1885 1890 3449 1968">
     <span class='ocr_line' id='line_1_34' title="bbox 1885 1890 3449 1968; baseline -0.011 -10"><span class='ocrx_word' id='word_1_255' title='bbox 1885 1904 2187 1958; x_wconf 90' lang='lat' dir='ltr'><strong>hominum.</strong></span> <span class='ocrx_word' id='word_1_256' title='bbox 2217 1901 2392 1956; x_wconf 86' lang='lat' dir='ltr'><strong>Homo</strong></span> <span class='ocrx_word' id='word_1_257' title='bbox 2414 1915 2536 1953; x_wconf 92' lang='lat' dir='ltr'><strong>cum</strong></span> <span class='ocrx_word' id='word_1_258' title='bbox 2563 1899 2716 1968; x_wconf 85' lang='lat' dir='ltr'><strong>plaga</strong></span> <span class='ocrx_word' id='word_1_259' title='bbox 2745 1903 2924 1959; x_wconf 88' lang='lat' dir='ltr'><strong>esset,</strong></span> <span class='ocrx_word' id='word_1_260' title='bbox 2952 1894 3134 1949; x_wconf 85' lang='lat' dir='ltr'><strong>sciens</strong></span> <span class='ocrx_word' id='word_1_261' title='bbox 3161 1892 3301 1946; x_wconf 81' lang='lat' dir='ltr'><strong>ferre</strong></span> <span class='ocrx_word' id='word_1_262' title='bbox 3329 1890 3449 1942; x_wconf 90' lang='lat' dir='ltr'><strong>lan-</strong></span> 
     </span>
    </p>
   </div>
   <div class='ocr_carea' id='block_1_35' title="bbox 211 1991 1779 2066">
    <p class='ocr_par' dir='ltr' id='par_1_35' title="bbox 211 1991 1779 2066">
     <span class='ocr_line' id='line_1_35' title="bbox 211 1991 1779 2066; baseline -0.001 -20"><span class='ocrx_word' id='word_1_263' title='bbox 211 2010 347 2063; x_wconf 82' lang='grc' dir='ltr'>ρεται</span> <span class='ocrx_word' id='word_1_264' title='bbox 404 1994 520 2047; x_wconf 81' lang='grc' dir='ltr'>ἀπὸ</span> <span class='ocrx_word' id='word_1_265' title='bbox 563 1995 662 2065; x_wconf 79' lang='grc' dir='ltr'><strong>τῆς</strong></span> <span class='ocrx_word' id='word_1_266' title='bbox 702 1994 805 2066; x_wconf 80' lang='grc' dir='ltr'>γῆς</span> <span class='ocrx_word' id='word_1_267' title='bbox 855 1997 888 2065; x_wconf 82' lang='grc' dir='ltr'>ἠ</span> <span class='ocrx_word' id='word_1_268' title='bbox 927 1993 1039 2065; x_wconf 78' lang='grc' dir='ltr'><strong>ζωὴ</strong></span> <span class='ocrx_word' id='word_1_269' title='bbox 1071 1992 1266 2048; x_wconf 77' lang='grc' dir='ltr'>αὐτοῦ·</span> <span class='ocrx_word' id='word_1_270' title='bbox 1312 2012 1329 2044; x_wconf 71' lang='grc' dir='ltr'><strong>ι</strong></span> <span class='ocrx_word' id='word_1_271' title='bbox 1357 1992 1449 2045; x_wconf 79' lang='grc' dir='ltr'><strong>καὶ</strong></span> <span class='ocrx_word' id='word_1_272' title='bbox 1501 1992 1567 2044; x_wconf 78' lang='grc' dir='ltr'>τὰ</span> <span class='ocrx_word' id='word_1_273' title='bbox 1600 1991 1779 2045; x_wconf 91' lang='grc' dir='ltr'>λοιπά.</span> 
     </span>
    </p>
   </div>
   <div class='ocr_carea' id='block_1_36' title="bbox 208 2084 1778 2156">
    <p class='ocr_par' dir='ltr' id='par_1_36' title="bbox 208 2084 1778 2156">
     <span class='ocr_line' id='line_1_36' title="bbox 208 2084 1778 2156; baseline 0.009 -22"><span class='ocrx_word' id='word_1_274' title='bbox 208 2084 460 2153; x_wconf 81' lang='grc' dir='ltr'>Σημαίνει</span> <span class='ocrx_word' id='word_1_275' title='bbox 525 2085 583 2138; x_wconf 85' lang='grc' dir='ltr'>δὲ</span> <span class='ocrx_word' id='word_1_276' title='bbox 640 2086 728 2140; x_wconf 80' lang='grc' dir='ltr'>διὰ</span> <span class='ocrx_word' id='word_1_277' title='bbox 798 2085 1038 2146; x_wconf 83' lang='grc' dir='ltr'>τούτων,</span> <span class='ocrx_word' id='word_1_278' title='bbox 1101 2085 1177 2147; x_wconf 86' lang='grc' dir='ltr'>ὼς</span> <span class='ocrx_word' id='word_1_279' title='bbox 1246 2084 1352 2155; x_wconf 82' lang='grc' dir='ltr'>ἄρα</span> <span class='ocrx_word' id='word_1_280' title='bbox 1412 2085 1440 2135; x_wconf 86' lang='grc' dir='ltr'>ὁ</span> <span class='ocrx_word' id='word_1_281' title='bbox 1506 2085 1778 2156; x_wconf 77' lang='grc' dir='ltr'>Χριστὸς,</span> 
     </span>
    </p>
   </div>
   <div class='ocr_carea' id='block_1_37' title="bbox 207 2173 1780 2249">
    <p class='ocr_par' dir='ltr' id='par_1_37' title="bbox 207 2173 1780 2249">
     <span class='ocr_line' id='line_1_37' title="bbox 207 2173 1780 2249; baseline 0.003 -26"><span class='ocrx_word' id='word_1_282' title='bbox 207 2173 351 2237; x_wconf 80' lang='grc' dir='ltr'>ἐκτὸς</span> <span class='ocrx_word' id='word_1_283' title='bbox 428 2176 622 2247; x_wconf 83' lang='grc' dir='ltr'>πάσης</span> <span class='ocrx_word' id='word_1_284' title='bbox 687 2177 947 2249; x_wconf 82' lang='grc' dir='ltr'>ὑπάρχων</span> <span class='ocrx_word' id='word_1_285' title='bbox 1010 2176 1418 2247; x_wconf 73' lang='grc' dir='ltr'>πλημμελείας,</span> <span class='ocrx_word' id='word_1_286' title='bbox 1479 2176 1578 2239; x_wconf 74' lang='grc' dir='ltr'><strong>τὰς</strong></span> <span class='ocrx_word' id='word_1_287' title='bbox 1643 2177 1780 2249; x_wconf 78' lang='grc' dir='ltr'>ὑπὲρ</span> 
     </span>
    </p>
   </div>
   <div class='ocr_carea' id='block_1_38' title="bbox 205 2266 1781 2340">
    <p class='ocr_par' dir='ltr' id='par_1_38' title="bbox 205 2266 1781 2340">
     <span class='ocr_line' id='line_1_38' title="bbox 205 2266 1781 2340; baseline 0.003 -24"><span class='ocrx_word' id='word_1_288' title='bbox 205 2266 507 2339; x_wconf 76' lang='grc' dir='ltr'>ἀνθρώπων</span> <span class='ocrx_word' id='word_1_289' title='bbox 573 2270 850 2340; x_wconf 83' lang='grc' dir='ltr'>ἁμαρτίας</span> <span class='ocrx_word' id='word_1_290' title='bbox 912 2272 992 2334; x_wconf 80' lang='grc' dir='ltr'><strong>είς</strong></span> <span class='ocrx_word' id='word_1_291' title='bbox 1053 2270 1242 2322; x_wconf 76' lang='grc' dir='ltr'>ἑαυτὸν</span> <span class='ocrx_word' id='word_1_292' title='bbox 1300 2268 1634 2332; x_wconf 77' lang='grc' dir='ltr'>ἀναδέξεται.</span> <span class='ocrx_word' id='word_1_293' title='bbox 1692 2269 1781 2321; x_wconf 82' lang='grc' dir='ltr'>Διὸ</span> 
     </span>
    </p>
   </div>
   <div class='ocr_carea' id='block_1_39' title="bbox 207 2352 1781 2432">
    <p class='ocr_par' dir='ltr' id='par_1_39' title="bbox 207 2352 1781 2432">
     <span class='ocr_line' id='line_1_39' title="bbox 207 2352 1781 2432; baseline 0 -21"><span class='ocrx_word' id='word_1_294' title='bbox 207 2360 287 2411; x_wconf 74' lang='grc' dir='ltr'><strong>καὶ</strong></span> <span class='ocrx_word' id='word_1_295' title='bbox 366 2352 663 2414; x_wconf 59' lang='grc' dir='ltr'>πείσεται</span> <span class='ocrx_word' id='word_1_296' title='bbox 701 2360 768 2413; x_wconf 86' lang='grc' dir='ltr'>τὰ</span> <span class='ocrx_word' id='word_1_297' title='bbox 842 2361 948 2414; x_wconf 91' lang='grc' dir='ltr'><strong>τῶν</strong></span> <span class='ocrx_word' id='word_1_298' title='bbox 1026 2359 1421 2432; x_wconf 77' lang='grc' dir='ltr'>ἡμαρτηκότων</span> <span class='ocrx_word' id='word_1_299' title='bbox 1486 2358 1580 2412; x_wconf 74' lang='grc' dir='ltr'>καὶ</span> <span class='ocrx_word' id='word_1_300' title='bbox 1642 2360 1781 2431; x_wconf 81' lang='grc' dir='ltr'>ὑπὲρ</span> 
     </span>
    </p>
   </div>
   <div class='ocr_carea' id='block_1_40' title="bbox 204 2449 1781 2523">
    <p class='ocr_par' dir='ltr' id='par_1_40' title="bbox 204 2449 1781 2523">
     <span class='ocr_line' id='line_1_40' title="bbox 204 2449 1781 2523; baseline 0.001 -21"><span class='ocrx_word' id='word_1_301' title='bbox 204 2449 344 2520; x_wconf 74' lang='grc' dir='ltr'>ἡμῶν</span> <span class='ocrx_word' id='word_1_302' title='bbox 376 2450 799 2523; x_wconf 74' lang='grc' dir='ltr'>όιδυνηθήσεται,</span> <span class='ocrx_word' id='word_1_303' title='bbox 826 2451 939 2504; x_wconf 83' lang='grc' dir='ltr'>ἀλλ’</span> <span class='ocrx_word' id='word_1_304' title='bbox 967 2452 1064 2522; x_wconf 86' lang='grc' dir='ltr'><strong>οὐχ</strong></span> <span class='ocrx_word' id='word_1_305' title='bbox 1087 2452 1228 2522; x_wconf 81' lang='grc' dir='ltr'>ὑπὲρ</span> <span class='ocrx_word' id='word_1_306' title='bbox 1261 2449 1474 2503; x_wconf 80' lang='grc' dir='ltr'>ἑαυτοῦ.</span> <span class='ocrx_word' id='word_1_307' title='bbox 1510 2451 1572 2502; x_wconf 79' lang='lat' dir='ltr'><strong>El</strong></span> <span class='ocrx_word' id='word_1_308' title='bbox 1604 2449 1661 2503; x_wconf 82' lang='grc' dir='ltr'>δὲ</span> <span class='ocrx_word' id='word_1_309' title='bbox 1689 2450 1781 2503; x_wconf 71' lang='grc' dir='ltr'><strong>καὶ</strong></span> 
     </span>
    </p>
   </div>
   <div class='ocr_carea' id='block_1_41' title="bbox 204 2540 1778 2614">
    <p class='ocr_par' dir='ltr' id='par_1_41' title="bbox 204 2540 1778 2614">
     <span class='ocr_line' id='line_1_41' title="bbox 204 2540 1778 2614; baseline 0.001 -22"><span class='ocrx_word' id='word_1_310' title='bbox 204 2541 739 2614; x_wconf 72' lang='grc' dir='ltr'>τραυματισθήσεται</span> <span class='ocrx_word' id='word_1_311' title='bbox 793 2543 971 2610; x_wconf 78' lang='grc' dir='ltr'>λόγοις</span> <span class='ocrx_word' id='word_1_312' title='bbox 1005 2543 1362 2613; x_wconf 77' lang='grc' dir='ltr'>βλασφήμοις,</span> <span class='ocrx_word' id='word_1_313' title='bbox 1389 2543 1482 2595; x_wconf 72' lang='grc' dir='ltr'><strong>καὶ</strong></span> <span class='ocrx_word' id='word_1_314' title='bbox 1512 2541 1657 2594; x_wconf 79' lang='grc' dir='ltr'>τοῦτ’</span> <span class='ocrx_word' id='word_1_315' title='bbox 1688 2540 1778 2612; x_wconf 76' lang='grc' dir='ltr'>ἕρ-</span> 
     </span>
    </p>
   </div>
   <div class='ocr_carea' id='block_1_42' title="bbox 203 2632 1778 2705">
    <p class='ocr_par' dir='ltr' id='par_1_42' title="bbox 203 2632 1778 2705">
     <span class='ocr_line' id='line_1_42' title="bbox 203 2632 1778 2705; baseline 0 -20"><span class='ocrx_word' id='word_1_316' title='bbox 203 2648 288 2699; x_wconf 87' lang='grc' dir='ltr'><strong>γον</strong></span> <span class='ocrx_word' id='word_1_317' title='bbox 316 2634 479 2686; x_wconf 79' lang='grc' dir='ltr'>ἔσται</span> <span class='ocrx_word' id='word_1_318' title='bbox 506 2632 614 2686; x_wconf 91' lang='grc' dir='ltr'><strong>τῶν</strong></span> <span class='ocrx_word' id='word_1_319' title='bbox 642 2633 923 2705; x_wconf 79' lang='grc' dir='ltr'>ἡμετέρων</span> <span class='ocrx_word' id='word_1_320' title='bbox 955 2633 1236 2705; x_wconf 82' lang='grc' dir='ltr'>ἁμαρτιῶν</span> <span class='ocrx_word' id='word_1_321' title='bbox 1260 2650 1273 2663; x_wconf 86' lang='grc'><strong>·</strong></span> <span class='ocrx_word' id='word_1_322' title='bbox 1306 2633 1427 2686; x_wconf 77' lang='grc' dir='ltr'>ἐπεὶ</span> <span class='ocrx_word' id='word_1_323' title='bbox 1472 2633 1566 2685; x_wconf 80' lang='grc' dir='ltr'>καὶ</span> <span class='ocrx_word' id='word_1_324' title='bbox 1600 2650 1778 2704; x_wconf 89' lang='grc' dir='ltr'>μεμα-</span> 
     </span>
    </p>
   </div>
   <div class='ocr_carea' id='block_1_43' title="bbox 205 2722 1776 2795">
    <p class='ocr_par' dir='ltr' id='par_1_43' title="bbox 205 2722 1776 2795">
     <span class='ocr_line' id='line_1_43' title="bbox 205 2722 1776 2795; baseline 0 -19"><span class='ocrx_word' id='word_1_325' title='bbox 205 2722 454 2777; x_wconf 77' lang='grc' dir='ltr'>λάκισται</span> <span class='ocrx_word' id='word_1_326' title='bbox 477 2723 569 2777; x_wconf 82' lang='grc' dir='ltr'>διὰ</span> <span class='ocrx_word' id='word_1_327' title='bbox 588 2724 688 2788; x_wconf 80' lang='grc' dir='ltr'>τὰς</span> <span class='ocrx_word' id='word_1_328' title='bbox 711 2724 985 2794; x_wconf 82' lang='grc' dir='ltr'>ἁμαρτίας</span> <span class='ocrx_word' id='word_1_329' title='bbox 1019 2724 1195 2795; x_wconf 81' lang='grc' dir='ltr'>ἡμῶν,</span> <span class='ocrx_word' id='word_1_330' title='bbox 1234 2725 1381 2788; x_wconf 81' lang='grc' dir='ltr'>ὅπως</span> <span class='ocrx_word' id='word_1_331' title='bbox 1412 2726 1595 2795; x_wconf 79' lang='grc' dir='ltr'>ἡμεῖς,</span> <span class='ocrx_word' id='word_1_332' title='bbox 1631 2726 1776 2777; x_wconf 86' lang='grc' dir='ltr'>ἀνει-</span> 
     </span>
    </p>
   </div>
   <div class='ocr_carea' id='block_1_44' title="bbox 202 2812 1778 2888">
    <p class='ocr_par' dir='ltr' id='par_1_44' title="bbox 202 2812 1778 2888">
     <span class='ocr_line' id='line_1_44' title="bbox 202 2812 1778 2888; baseline 0.003 -23"><span class='ocrx_word' id='word_1_333' title='bbox 202 2812 426 2885; x_wconf 67' lang='grc' dir='ltr'>ληφότος</span> <span class='ocrx_word' id='word_1_334' title='bbox 481 2814 646 2868; x_wconf 75' lang='grc' dir='ltr'>αὐτοῦ</span> <span class='ocrx_word' id='word_1_335' title='bbox 687 2815 755 2868; x_wconf 81' lang='grc' dir='ltr'>τὰ</span> <span class='ocrx_word' id='word_1_336' title='bbox 800 2816 1045 2888; x_wconf 80' lang='grc' dir='ltr'>ἡμέτερα</span> <span class='ocrx_word' id='word_1_337' title='bbox 1074 2817 1491 2888; x_wconf 79' lang='grc' dir='ltr'>ἁμπλακήματα</span> <span class='ocrx_word' id='word_1_338' title='bbox 1517 2857 1531 2878; x_wconf 88' lang='grc'><strong>,</strong></span> <span class='ocrx_word' id='word_1_339' title='bbox 1572 2817 1665 2869; x_wconf 73' lang='grc' dir='ltr'>καὶ</span> <span class='ocrx_word' id='word_1_340' title='bbox 1710 2815 1778 2869; x_wconf 80' lang='grc' dir='ltr'>τὰ</span> 
     </span>
    </p>
   </div>
   <div class='ocr_carea' id='block_1_45' title="bbox 202 2906 1774 2979">
    <p class='ocr_par' dir='ltr' id='par_1_45' title="bbox 202 2906 1774 2979">
     <span class='ocr_line' id='line_1_45' title="bbox 202 2906 1774 2979; baseline 0 -19"><span class='ocrx_word' id='word_1_341' title='bbox 202 2906 289 2976; x_wconf 79' lang='grc' dir='ltr'>τῆς</span> <span class='ocrx_word' id='word_1_342' title='bbox 307 2908 594 2979; x_wconf 74' lang='grc' dir='ltr'>ἡμετέρας</span> <span class='ocrx_word' id='word_1_343' title='bbox 638 2911 835 2970; x_wconf 89' lang='grc' dir='ltr'>κακίας</span> <span class='ocrx_word' id='word_1_344' title='bbox 883 2908 1191 2979; x_wconf 84' lang='grc' dir='ltr'>τραύματα,</span> <span class='ocrx_word' id='word_1_345' title='bbox 1235 2908 1312 2979; x_wconf 83' lang='grc' dir='ltr'><strong>τῷ</strong></span> <span class='ocrx_word' id='word_1_346' title='bbox 1352 2907 1576 2979; x_wconf 82' lang='grc' dir='ltr'>μώλωπι</span> <span class='ocrx_word' id='word_1_347' title='bbox 1613 2907 1774 2962; x_wconf 79' lang='grc' dir='ltr'>αὐτοῦ</span> 
     </span>
    </p>
   </div>
   <div class='ocr_carea' id='block_1_46' title="bbox 207 2994 1778 3071">
    <p class='ocr_par' dir='ltr' id='par_1_46' title="bbox 207 2994 1778 3071">
     <span class='ocr_line' id='line_1_46' title="bbox 207 2994 1778 3071; baseline 0.003 -23"><span class='ocrx_word' id='word_1_348' title='bbox 207 2997 458 3070; x_wconf 78' lang='grc' dir='ltr'>ίαθῶμεν.</span> <span class='ocrx_word' id='word_1_349' title='bbox 492 2999 606 3052; x_wconf 82' lang='grc' dir='ltr'><strong>Καὶ</strong></span> <span class='ocrx_word' id='word_1_350' title='bbox 647 2998 715 3052; x_wconf 78' lang='grc' dir='ltr'>τὰ</span> <span class='ocrx_word' id='word_1_351' title='bbox 752 2999 852 3070; x_wconf 85' lang='grc' dir='ltr'><strong>μὲν</strong></span> <span class='ocrx_word' id='word_1_352' title='bbox 883 3000 1032 3053; x_wconf 76' lang='grc' dir='ltr'>αἴτια</span> <span class='ocrx_word' id='word_1_353' title='bbox 1060 2994 1133 3053; x_wconf 85' lang='grc' dir='ltr'>ὧν</span> <span class='ocrx_word' id='word_1_354' title='bbox 1174 3001 1302 3071; x_wconf 80' lang='grc' dir='ltr'>παρ’</span> <span class='ocrx_word' id='word_1_355' title='bbox 1329 2998 1633 3071; x_wconf 82' lang='grc' dir='ltr'>ἀνθρώποις</span> <span class='ocrx_word' id='word_1_356' title='bbox 1659 2999 1778 3052; x_wconf 87' lang='grc' dir='ltr'>πεί-</span> 
     </span>
    </p>
   </div>
   <div class='ocr_carea' id='block_1_47' title="bbox 206 3088 1775 3163">
    <p class='ocr_par' dir='ltr' id='par_1_47' title="bbox 206 3088 1775 3163">
     <span class='ocr_line' id='line_1_47' title="bbox 206 3088 1775 3163; baseline 0.003 -21"><span class='ocrx_word' id='word_1_357' title='bbox 206 3105 344 3142; x_wconf 84' lang='grc' dir='ltr'>σεται</span> <span class='ocrx_word' id='word_1_358' title='bbox 373 3092 405 3143; x_wconf 88' lang='grc' dir='ltr'><strong>ό</strong></span> <span class='ocrx_word' id='word_1_359' title='bbox 444 3091 850 3162; x_wconf 83' lang='grc' dir='ltr'>ἀναμάρτητος,</span> <span class='ocrx_word' id='word_1_360' title='bbox 875 3091 1048 3146; x_wconf 72' lang='grc' dir='ltr'>ταῦτα</span> <span class='ocrx_word' id='word_1_361' title='bbox 1072 3088 1158 3163; x_wconf 81' lang='grc' dir='ltr'>ἦν.</span> <span class='ocrx_word' id='word_1_362' title='bbox 1193 3091 1458 3146; x_wconf 84' lang='grc' dir='ltr'>Ἰουδαίων</span> <span class='ocrx_word' id='word_1_363' title='bbox 1478 3092 1534 3145; x_wconf 82' lang='grc' dir='ltr'><strong>δὲ</strong></span> <span class='ocrx_word' id='word_1_364' title='bbox 1553 3093 1659 3146; x_wconf 91' lang='grc' dir='ltr'><strong>τῶν</strong></span> <span class='ocrx_word' id='word_1_365' title='bbox 1685 3093 1775 3146; x_wconf 77' lang='grc' dir='ltr'>τὸν</span> 
     </span>
    </p>
   </div>
   <div class='ocr_carea' id='block_1_48' title="bbox 1884 1980 3440 2065">
    <p class='ocr_par' dir='ltr' id='par_1_48' title="bbox 1884 1980 3440 2065">
     <span class='ocr_line' id='line_1_48' title="bbox 1884 1980 3440 2065; baseline -0.011 -18"><span class='ocrx_word' id='word_1_366' title='bbox 1884 2010 2104 2065; x_wconf 85' lang='lat' dir='ltr'><strong>guerem</strong></span> <span class='ocrx_word' id='word_1_367' title='bbox 2147 1999 2496 2060; x_wconf 84' lang='lat' dir='ltr'><strong>contemptus</strong></span> <span class='ocrx_word' id='word_1_368' title='bbox 2539 2000 2657 2056; x_wconf 86' lang='lat' dir='ltr'><strong>est,</strong></span> <span class='ocrx_word' id='word_1_369' title='bbox 2705 1997 2758 2043; x_wconf 89' lang='lat' dir='ltr'><strong>et</strong></span> <span class='ocrx_word' id='word_1_370' title='bbox 2792 2003 2901 2041; x_wconf 89' lang='lat' dir='ltr'><strong>non</strong></span> <span class='ocrx_word' id='word_1_371' title='bbox 2935 1990 3288 2053; x_wconf 89' lang='lat' dir='ltr'><strong>computatus</strong></span> <span class='ocrx_word' id='word_1_372' title='bbox 3321 1980 3388 2035; x_wconf 79' lang='grc'><strong>⁸⁵⁸.</strong></span> <span class='ocrx_word' id='word_1_373' title='bbox 3421 1999 3440 2030; x_wconf 72' lang='grc' dir='ltr'><strong>ι</strong></span> 
     </span>
    </p>
   </div>
   <div class='ocr_carea' id='block_1_49' title="bbox 1881 2074 3448 2154">
    <p class='ocr_par' dir='ltr' id='par_1_49' title="bbox 1881 2074 3448 2154">
     <span class='ocr_line' id='line_1_49' title="bbox 1881 2074 3448 2154; baseline -0.01 -15"><span class='ocrx_word' id='word_1_374' title='bbox 1881 2087 2020 2153; x_wconf 83' lang='lat' dir='ltr'><strong>Quid</strong></span> <span class='ocrx_word' id='word_1_375' title='bbox 2067 2085 2134 2140; x_wconf 91' lang='lat' dir='ltr'><strong>ad</strong></span> <span class='ocrx_word' id='word_1_376' title='bbox 2175 2086 2289 2139; x_wconf 67' lang='lat' dir='ltr'><strong>haec</strong></span> <span class='ocrx_word' id='word_1_377' title='bbox 2328 2084 2494 2154; x_wconf 81' lang='lat' dir='ltr'><strong>igitur</strong></span> <span class='ocrx_word' id='word_1_378' title='bbox 2538 2079 2834 2151; x_wconf 82' lang='lat' dir='ltr'><strong>superest?</strong></span> <span class='ocrx_word' id='word_1_379' title='bbox 2870 2076 3004 2131; x_wconf 88' lang='lat' dir='ltr'><strong>Nam</strong></span> <span class='ocrx_word' id='word_1_380' title='bbox 3050 2091 3173 2131; x_wconf 89' lang='lat' dir='ltr'><strong>eum</strong></span> <span class='ocrx_word' id='word_1_381' title='bbox 3217 2074 3363 2128; x_wconf 87' lang='lat' dir='ltr'><strong>illius</strong></span> <span class='ocrx_word' id='word_1_382' title='bbox 3394 2082 3448 2126; x_wconf 89' lang='lat' dir='ltr'><strong>et</strong></span> 
     </span>
    </p>
   </div>
   <div class='ocr_carea' id='block_1_50' title="bbox 1882 2172 3444 2250">
    <p class='ocr_par' dir='ltr' id='par_1_50' title="bbox 1882 2172 3444 2250">
     <span class='ocr_line' id='line_1_50' title="bbox 1882 2172 3444 2250; baseline -0.008 -15"><span class='ocrx_word' id='word_1_383' title='bbox 1882 2183 2081 2235; x_wconf 87' lang='lat' dir='ltr'><strong>tribum</strong></span> <span class='ocrx_word' id='word_1_384' title='bbox 2102 2221 2116 2244; x_wconf 89' lang='lat'><strong>,</strong></span> <span class='ocrx_word' id='word_1_385' title='bbox 2146 2188 2199 2234; x_wconf 86' lang='lat' dir='ltr'><strong>et</strong></span> <span class='ocrx_word' id='word_1_386' title='bbox 2228 2195 2429 2250; x_wconf 84' lang='lat' dir='ltr'><strong>genus,</strong></span> <span class='ocrx_word' id='word_1_387' title='bbox 2455 2186 2508 2233; x_wconf 89' lang='lat' dir='ltr'><strong>et</strong></span> <span class='ocrx_word' id='word_1_388' title='bbox 2539 2178 2759 2231; x_wconf 91' lang='lat' dir='ltr'><strong>modum</strong></span> <span class='ocrx_word' id='word_1_389' title='bbox 2786 2174 3049 2230; x_wconf 88' lang='lat' dir='ltr'><strong>nascendi</strong></span> <span class='ocrx_word' id='word_1_390' title='bbox 3078 2213 3092 2236; x_wconf 91' lang='lat'><strong>,</strong></span> <span class='ocrx_word' id='word_1_391' title='bbox 3120 2181 3173 2227; x_wconf 87' lang='lat' dir='ltr'><strong>et</strong></span> <span class='ocrx_word' id='word_1_392' title='bbox 3204 2172 3444 2242; x_wconf 74' lang='lat' dir='ltr'><strong>Virginis</strong></span> 
     </span>
    </p>
   </div>
   <div class='ocr_carea' id='block_1_51' title="bbox 1882 2265 3447 2337">
    <p class='ocr_par' dir='ltr' id='par_1_51' title="bbox 1882 2265 3447 2337">
     <span class='ocr_line' id='line_1_51' title="bbox 1882 2265 3447 2337; baseline -0.007 -10"><span class='ocrx_word' id='word_1_393' title='bbox 1882 2273 2207 2327; x_wconf 87' lang='lat' dir='ltr'><strong>miraculum</strong></span> <span class='ocrx_word' id='word_1_394' title='bbox 2228 2312 2243 2335; x_wconf 90' lang='lat'><strong>,</strong></span> <span class='ocrx_word' id='word_1_395' title='bbox 2274 2278 2328 2326; x_wconf 87' lang='lat' dir='ltr'><strong>et</strong></span> <span class='ocrx_word' id='word_1_396' title='bbox 2363 2271 2487 2325; x_wconf 68' lang='lat' dir='ltr'><strong>vita:</strong></span> <span class='ocrx_word' id='word_1_397' title='bbox 2519 2283 2725 2323; x_wconf 85' lang='lat' dir='ltr'><strong>morem</strong></span> <span class='ocrx_word' id='word_1_398' title='bbox 2772 2267 3155 2337; x_wconf 67' lang='lat' dir='ltr'><strong>praedixerint,</strong></span> <span class='ocrx_word' id='word_1_399' title='bbox 3198 2265 3447 2334; x_wconf 86' lang='lat' dir='ltr'><strong>sequitur</strong></span> 
     </span>
    </p>
   </div>
   <div class='ocr_carea' id='block_1_52' title="bbox 1881 2356 3452 2432">
    <p class='ocr_par' dir='ltr' id='par_1_52' title="bbox 1881 2356 3452 2432">
     <span class='ocr_line' id='line_1_52' title="bbox 1881 2356 3452 2432; baseline -0.006 -16"><span class='ocrx_word' id='word_1_400' title='bbox 1881 2363 2137 2432; x_wconf 88' lang='lat' dir='ltr'><strong>deinceps</strong></span> <span class='ocrx_word' id='word_1_401' title='bbox 2165 2402 2180 2426; x_wconf 94' lang='lat'><strong>,</strong></span> <span class='ocrx_word' id='word_1_402' title='bbox 2216 2368 2277 2416; x_wconf 87' lang='lat' dir='ltr'><strong>ut</strong></span> <span class='ocrx_word' id='word_1_403' title='bbox 2306 2377 2374 2416; x_wconf 90' lang='lat' dir='ltr'><strong>ne</strong></span> <span class='ocrx_word' id='word_1_404' title='bbox 2404 2368 2634 2414; x_wconf 89' lang='lat' dir='ltr'><strong>mortem</strong></span> <span class='ocrx_word' id='word_1_405' title='bbox 2663 2359 2885 2429; x_wconf 91' lang='lat' dir='ltr'><strong>quidem</strong></span> <span class='ocrx_word' id='word_1_406' title='bbox 2922 2356 3206 2426; x_wconf 88' lang='lat' dir='ltr'><strong>ejustaciti</strong></span> <span class='ocrx_word' id='word_1_407' title='bbox 3231 2363 3452 2426; x_wconf 68' lang='lat' dir='ltr'><strong>praeter-</strong></span> 
     </span>
    </p>
   </div>
   <div class='ocr_carea' id='block_1_53' title="bbox 1879 2445 3447 2523">
    <p class='ocr_par' dir='ltr' id='par_1_53' title="bbox 1879 2445 3447 2523">
     <span class='ocr_line' id='line_1_53' title="bbox 1879 2445 3447 2523; baseline -0.005 -16"><span class='ocrx_word' id='word_1_408' title='bbox 1879 2452 2060 2507; x_wconf 86' lang='lat' dir='ltr'><strong>ierint.</strong></span> <span class='ocrx_word' id='word_1_409' title='bbox 2101 2452 2207 2508; x_wconf 91' lang='lat' dir='ltr'><strong>Sed</strong></span> <span class='ocrx_word' id='word_1_410' title='bbox 2255 2453 2382 2523; x_wconf 91' lang='lat' dir='ltr'><strong>quid</strong></span> <span class='ocrx_word' id='word_1_411' title='bbox 2412 2450 2627 2506; x_wconf 89' lang='lat' dir='ltr'><strong>tandem</strong></span> <span class='ocrx_word' id='word_1_412' title='bbox 2657 2450 2806 2503; x_wconf 90' lang='lat' dir='ltr'><strong>canit</strong></span> <span class='ocrx_word' id='word_1_413' title='bbox 2831 2450 2994 2504; x_wconf 88' lang='lat' dir='ltr'><strong>etiam</strong></span> <span class='ocrx_word' id='word_1_414' title='bbox 3016 2448 3083 2503; x_wconf 92' lang='lat' dir='ltr'><strong>de</strong></span> <span class='ocrx_word' id='word_1_415' title='bbox 3108 2448 3211 2502; x_wconf 88' lang='lat' dir='ltr'><strong>bac</strong></span> <span class='ocrx_word' id='word_1_416' title='bbox 3240 2445 3447 2500; x_wconf 79' lang='lat' dir='ltr'><strong>Isaias?</strong></span> 
     </span>
    </p>
   </div>
   <div class='ocr_carea' id='block_1_54' title="bbox 1885 2539 3448 2617">
    <p class='ocr_par' dir='ltr' id='par_1_54' title="bbox 1885 2539 3448 2617">
     <span class='ocr_line' id='line_1_54' title="bbox 1885 2539 3448 2617; baseline -0.003 -21"><span class='ocrx_word' id='word_1_417' title='bbox 1885 2566 1903 2596; x_wconf 78' lang='grc' dir='ltr'><strong>ι</strong></span> <span class='ocrx_word' id='word_1_418' title='bbox 1935 2546 2107 2600; x_wconf 84' lang='lat' dir='ltr'><strong>Homo</strong></span> <span class='ocrx_word' id='word_1_419' title='bbox 2129 2586 2143 2611; x_wconf 93' lang='lat'><strong>,</strong></span> <span class='ocrx_word' id='word_1_420' title='bbox 2176 2546 2354 2617; x_wconf 88' lang='lat' dir='ltr'><strong>inquit</strong></span> <span class='ocrx_word' id='word_1_421' title='bbox 2377 2584 2390 2607; x_wconf 89' lang='lat'><strong>,</strong></span> <span class='ocrx_word' id='word_1_422' title='bbox 2423 2560 2546 2599; x_wconf 92' lang='lat' dir='ltr'><strong>cum</strong></span> <span class='ocrx_word' id='word_1_423' title='bbox 2578 2546 2634 2597; x_wconf 89' lang='lat' dir='ltr'><strong>in</strong></span> <span class='ocrx_word' id='word_1_424' title='bbox 2664 2543 2821 2613; x_wconf 86' lang='lat' dir='ltr'><strong>plaga</strong></span> <span class='ocrx_word' id='word_1_425' title='bbox 2850 2549 3030 2605; x_wconf 77' lang='lat' dir='ltr'><strong>esset,</strong></span> <span class='ocrx_word' id='word_1_426' title='bbox 3077 2541 3255 2596; x_wconf 88' lang='lat' dir='ltr'><strong>sciens</strong></span> <span class='ocrx_word' id='word_1_427' title='bbox 3305 2539 3448 2593; x_wconf 79' lang='lat' dir='ltr'><strong>ferre</strong></span> 
     </span>
    </p>
   </div>
   <div class='ocr_carea' id='block_1_55' title="bbox 1880 2630 3448 2710">
    <p class='ocr_par' dir='ltr' id='par_1_55' title="bbox 1880 2630 3448 2710">
     <span class='ocr_line' id='line_1_55' title="bbox 1880 2630 3448 2710; baseline -0.004 -18"><span class='ocrx_word' id='word_1_428' title='bbox 1880 2639 2193 2710; x_wconf 82' lang='lat' dir='ltr'><strong>languorem</strong></span> <span class='ocrx_word' id='word_1_429' title='bbox 2215 2678 2229 2701; x_wconf 94' lang='lat'><strong>,</strong></span> <span class='ocrx_word' id='word_1_430' title='bbox 2274 2645 2615 2707; x_wconf 85' lang='lat' dir='ltr'><strong>contemptus</strong></span> <span class='ocrx_word' id='word_1_431' title='bbox 2639 2646 2722 2691; x_wconf 93' lang='lat' dir='ltr'><strong>est</strong></span> <span class='ocrx_word' id='word_1_432' title='bbox 2744 2646 2929 2690; x_wconf 82' lang='lat' dir='ltr'><strong>etnon</strong></span> <span class='ocrx_word' id='word_1_433' title='bbox 2950 2638 3294 2702; x_wconf 90' lang='lat' dir='ltr'><strong>computatus</strong></span> <span class='ocrx_word' id='word_1_434' title='bbox 3321 2630 3448 2685; x_wconf 78' lang='lat' dir='ltr'><strong>:hic</strong></span> 
     </span>
    </p>
   </div>
   <div class='ocr_carea' id='block_1_56' title="bbox 1879 2723 3450 2803">
    <p class='ocr_par' dir='ltr' id='par_1_56' title="bbox 1879 2723 3450 2803">
     <span class='ocr_line' id='line_1_56' title="bbox 1879 2723 3450 2803; baseline -0.008 -16"><span class='ocrx_word' id='word_1_435' title='bbox 1879 2739 2100 2803; x_wconf 90' lang='lat' dir='ltr'><strong>peccata</strong></span> <span class='ocrx_word' id='word_1_436' title='bbox 2131 2737 2317 2786; x_wconf 90' lang='lat' dir='ltr'><strong>nostra</strong></span> <span class='ocrx_word' id='word_1_437' title='bbox 2350 2730 2488 2794; x_wconf 80' lang='lat' dir='ltr'><strong>fert,</strong></span> <span class='ocrx_word' id='word_1_438' title='bbox 2535 2737 2588 2784; x_wconf 92' lang='lat' dir='ltr'><strong>et</strong></span> <span class='ocrx_word' id='word_1_439' title='bbox 2629 2744 2726 2799; x_wconf 90' lang='lat' dir='ltr'><strong>pro</strong></span> <span class='ocrx_word' id='word_1_440' title='bbox 2761 2727 2915 2782; x_wconf 92' lang='lat' dir='ltr'><strong>nobis</strong></span> <span class='ocrx_word' id='word_1_441' title='bbox 2942 2733 3028 2782; x_wconf 85' lang='lat' dir='ltr'><strong>est</strong></span> <span class='ocrx_word' id='word_1_442' title='bbox 3053 2725 3108 2779; x_wconf 89' lang='lat' dir='ltr'><strong>in</strong></span> <span class='ocrx_word' id='word_1_443' title='bbox 3143 2723 3360 2784; x_wconf 88' lang='lat' dir='ltr'><strong>dolore,</strong></span> <span class='ocrx_word' id='word_1_444' title='bbox 3394 2729 3450 2777; x_wconf 87' lang='lat' dir='ltr'><strong>et</strong></span> 
     </span>
    </p>
   </div>
   <div class='ocr_carea' id='block_1_57' title="bbox 1878 2816 3436 2886">
    <p class='ocr_par' dir='ltr' id='par_1_57' title="bbox 1878 2816 3436 2886">
     <span class='ocr_line' id='line_1_57' title="bbox 1878 2816 3436 2886; baseline -0.008 -8"><span class='ocrx_word' id='word_1_445' title='bbox 1878 2839 1979 2879; x_wconf 92' lang='lat' dir='ltr'><strong>nos</strong></span> <span class='ocrx_word' id='word_1_446' title='bbox 2007 2823 2438 2879; x_wconf 81' lang='lat' dir='ltr'><strong>existimavimus</strong></span> <span class='ocrx_word' id='word_1_447' title='bbox 2468 2836 2591 2877; x_wconf 88' lang='lat' dir='ltr'><strong>eum</strong></span> <span class='ocrx_word' id='word_1_448' title='bbox 2621 2836 2743 2876; x_wconf 90' lang='lat' dir='ltr'><strong>esse</strong></span> <span class='ocrx_word' id='word_1_449' title='bbox 2770 2821 2822 2873; x_wconf 85' lang='lat' dir='ltr'><strong>in</strong></span> <span class='ocrx_word' id='word_1_450' title='bbox 2852 2818 3038 2872; x_wconf 89' lang='lat' dir='ltr'><strong>labore</strong></span> <span class='ocrx_word' id='word_1_451' title='bbox 3064 2857 3079 2881; x_wconf 93' lang='lat'><strong>,</strong></span> <span class='ocrx_word' id='word_1_452' title='bbox 3104 2817 3235 2870; x_wconf 86' lang='lat' dir='ltr'><strong>etin</strong></span> <span class='ocrx_word' id='word_1_453' title='bbox 3267 2816 3436 2886; x_wconf 81' lang='lat' dir='ltr'><strong>plaga,</strong></span> 
     </span>
    </p>
   </div>
   <div class='ocr_carea' id='block_1_58' title="bbox 1876 2911 3449 2980">
    <p class='ocr_par' dir='ltr' id='par_1_58' title="bbox 1876 2911 3449 2980">
     <span class='ocr_line' id='line_1_58' title="bbox 1876 2911 3449 2980; baseline -0.007 -11"><span class='ocrx_word' id='word_1_454' title='bbox 1876 2924 1931 2970; x_wconf 89' lang='lat' dir='ltr'><strong>et</strong></span> <span class='ocrx_word' id='word_1_455' title='bbox 1968 2915 2021 2968; x_wconf 92' lang='lat' dir='ltr'><strong>in</strong></span> <span class='ocrx_word' id='word_1_456' title='bbox 2054 2914 2342 2967; x_wconf 82' lang='lat' dir='ltr'><strong>alilictione</strong></span> <span class='ocrx_word' id='word_1_457' title='bbox 2368 2932 2381 2967; x_wconf 91' lang='lat'><strong>:</strong></span> <span class='ocrx_word' id='word_1_458' title='bbox 2412 2913 2525 2980; x_wconf 91' lang='lat' dir='ltr'><strong>ipse</strong></span> <span class='ocrx_word' id='word_1_459' title='bbox 2552 2920 2733 2966; x_wconf 87' lang='lat' dir='ltr'><strong>autem</strong></span> <span class='ocrx_word' id='word_1_460' title='bbox 2765 2911 3085 2964; x_wconf 88' lang='lat' dir='ltr'><strong>vulneratus</strong></span> <span class='ocrx_word' id='word_1_461' title='bbox 3113 2913 3197 2962; x_wconf 87' lang='lat' dir='ltr'><strong>est</strong></span> <span class='ocrx_word' id='word_1_462' title='bbox 3227 2915 3449 2977; x_wconf 87' lang='lat' dir='ltr'><strong>propter</strong></span> 
     </span>
    </p>
   </div>
   <div class='ocr_carea' id='block_1_59' title="bbox 1874 2998 3448 3075">
    <p class='ocr_par' dir='ltr' id='par_1_59' title="bbox 1874 2998 3448 3075">
     <span class='ocr_line' id='line_1_59' title="bbox 1874 2998 3448 3075; baseline -0.005 -16"><span class='ocrx_word' id='word_1_463' title='bbox 1874 3014 2102 3075; x_wconf 89' lang='lat' dir='ltr'><strong>peccata</strong></span> <span class='ocrx_word' id='word_1_464' title='bbox 2126 3011 2313 3058; x_wconf 90' lang='lat' dir='ltr'><strong>nostra</strong></span> <span class='ocrx_word' id='word_1_465' title='bbox 2332 3044 2347 3067; x_wconf 90' lang='lat'><strong>,</strong></span> <span class='ocrx_word' id='word_1_466' title='bbox 2373 3012 2425 3058; x_wconf 91' lang='lat' dir='ltr'><strong>et</strong></span> <span class='ocrx_word' id='word_1_467' title='bbox 2455 3003 2760 3057; x_wconf 87' lang='lat' dir='ltr'><strong>inﬁrmatus</strong></span> <span class='ocrx_word' id='word_1_468' title='bbox 2781 3010 2863 3055; x_wconf 86' lang='lat' dir='ltr'><strong>est</strong></span> <span class='ocrx_word' id='word_1_469' title='bbox 2887 3009 3108 3070; x_wconf 87' lang='lat' dir='ltr'><strong>propter</strong></span> <span class='ocrx_word' id='word_1_470' title='bbox 3131 2998 3448 3067; x_wconf 87' lang='lat' dir='ltr'><strong>iniquitates</strong></span> 
     </span>
    </p>
   </div>
   <div class='ocr_carea' id='block_1_60' title="bbox 1876 3087 3448 3165">
    <p class='ocr_par' dir='ltr' id='par_1_60' title="bbox 1876 3087 3448 3165">
     <span class='ocr_line' id='line_1_60' title="bbox 1876 3087 3448 3165; baseline -0.006 -14"><span class='ocrx_word' id='word_1_471' title='bbox 1876 3104 2114 3153; x_wconf 87' lang='lat' dir='ltr'><strong>nostras.</strong></span> <span class='ocrx_word' id='word_1_472' title='bbox 2135 3095 2393 3150; x_wconf 89' lang='lat' dir='ltr'><strong>Doctrina</strong></span> <span class='ocrx_word' id='word_1_473' title='bbox 2413 3094 2563 3165; x_wconf 90' lang='lat' dir='ltr'><strong>pacis</strong></span> <span class='ocrx_word' id='word_1_474' title='bbox 2581 3100 2781 3148; x_wconf 65' lang='lat' dir='ltr'><strong>nostra:</strong></span> <span class='ocrx_word' id='word_1_475' title='bbox 2799 3107 2964 3161; x_wconf 88' lang='lat' dir='ltr'><strong>super</strong></span> <span class='ocrx_word' id='word_1_476' title='bbox 2979 3105 3126 3153; x_wconf 92' lang='lat' dir='ltr'><strong>eum,</strong></span> <span class='ocrx_word' id='word_1_477' title='bbox 3146 3089 3316 3142; x_wconf 89' lang='lat' dir='ltr'><strong>livore</strong></span> <span class='ocrx_word' id='word_1_478' title='bbox 3329 3087 3448 3155; x_wconf 87' lang='lat' dir='ltr'><strong>ejus</strong></span> 
     </span>
    </p>
   </div>
   <div class='ocr_carea' id='block_1_61' title="bbox 203 3179 1777 3282">
    <p class='ocr_par' dir='ltr' id='par_1_61' title="bbox 203 3182 1775 3258">
     <span class='ocr_line' id='line_1_61' title="bbox 203 3182 1775 3258; baseline 0.003 -22"><span class='ocrx_word' id='word_1_479' title='bbox 203 3182 425 3237; x_wconf 80' lang='grc' dir='ltr'>θάνατον</span> <span class='ocrx_word' id='word_1_480' title='bbox 460 3184 611 3255; x_wconf 75' lang='grc' dir='ltr'>αὐτῷ</span> <span class='ocrx_word' id='word_1_481' title='bbox 649 3186 1141 3255; x_wconf 77' lang='grc' dir='ltr'>συσκευασαμένων</span> <span class='ocrx_word' id='word_1_482' title='bbox 1181 3186 1302 3239; x_wconf 79' lang='grc' dir='ltr'>οὐδὲ</span> <span class='ocrx_word' id='word_1_483' title='bbox 1358 3187 1709 3258; x_wconf 84' lang='grc' dir='ltr'>ὑπειδόμενος</span> <span class='ocrx_word' id='word_1_484' title='bbox 1747 3190 1775 3241; x_wconf 87' lang='grc' dir='ltr'>ὁ</span> 
     </span>
    </p>
   </div>
   <div class='ocr_carea' id='block_1_62' title="bbox 1881 3179 3444 3282">
    <p class='ocr_par' dir='ltr' id='par_1_62' title="bbox 1881 3179 3444 3252">
     <span class='ocr_line' id='line_1_62' title="bbox 1881 3179 3444 3252; baseline -0.008 -9"><span class='ocrx_word' id='word_1_485' title='bbox 1881 3204 1979 3244; x_wconf 91' lang='lat' dir='ltr'><strong>nos</strong></span> <span class='ocrx_word' id='word_1_486' title='bbox 2009 3187 2184 3243; x_wconf 87' lang='lat' dir='ltr'><strong>sanati</strong></span> <span class='ocrx_word' id='word_1_487' title='bbox 2211 3202 2422 3242; x_wconf 91' lang='lat' dir='ltr'><strong>sumus.</strong></span> <span class='ocrx_word' id='word_1_488' title='bbox 2450 3183 2653 3239; x_wconf 85' lang='lat' dir='ltr'><strong>Omnes</strong></span> <span class='ocrx_word' id='word_1_489' title='bbox 2679 3193 2936 3252; x_wconf 88' lang='lat' dir='ltr'><strong>tanquam</strong></span> <span class='ocrx_word' id='word_1_490' title='bbox 2962 3196 3091 3234; x_wconf 88' lang='lat' dir='ltr'><strong>oves</strong></span> <span class='ocrx_word' id='word_1_491' title='bbox 3117 3179 3444 3238; x_wconf 87' lang='lat' dir='ltr'><strong>erravimus,</strong></span> 
     </span>
    </p>
   </div>
   <div class='ocr_carea' id='block_1_63' title="bbox 204 3271 1779 3346">
    <p class='ocr_par' dir='ltr' id='par_1_63' title="bbox 204 3271 1779 3346">
     <span class='ocr_line' id='line_1_63' title="bbox 204 3271 1779 3346; baseline 0.005 -23"><span class='ocrx_word' id='word_1_492' title='bbox 204 3271 501 3344; x_wconf 47' lang='grc' dir='ltr'>θαυμάσιος</span> <span class='ocrx_word' id='word_1_493' title='bbox 528 3275 832 3345; x_wconf 78' lang='grc' dir='ltr'>προφήτης,</span> <span class='ocrx_word' id='word_1_494' title='bbox 857 3274 1152 3346; x_wconf 68' lang='grc' dir='ltr'>διαρρήδην</span> <span class='ocrx_word' id='word_1_495' title='bbox 1177 3275 1485 3346; x_wconf 79' lang='grc' dir='ltr'>άπελὲγχει,</span> <span class='ocrx_word' id='word_1_496' title='bbox 1507 3277 1599 3329; x_wconf 74' lang='grc' dir='ltr'><strong>καὶ</strong></span> <span class='ocrx_word' id='word_1_497' title='bbox 1623 3277 1779 3331; x_wconf 77' lang='grc' dir='ltr'>τοῦτο</span> 
     </span>
    </p>
   </div>
   <div class='ocr_carea' id='block_1_64' title="bbox 204 3365 1779 3436">
    <p class='ocr_par' dir='ltr' id='par_1_64' title="bbox 204 3365 1779 3436">
     <span class='ocr_line' id='line_1_64' title="bbox 204 3365 1779 3436; baseline 0.003 -18"><span class='ocrx_word' id='word_1_498' title='bbox 204 3368 459 3436; x_wconf 69' lang='grc' dir='ltr'>ἄντικρυς</span> <span class='ocrx_word' id='word_1_499' title='bbox 521 3365 849 3436; x_wconf 78' lang='grc' dir='ltr'>σχετλιάζων</span> <span class='ocrx_word' id='word_1_500' title='bbox 895 3366 989 3418; x_wconf 75' lang='grc' dir='ltr'><strong>καὶ</strong></span> <span class='ocrx_word' id='word_1_501' title='bbox 1013 3366 1226 3434; x_wconf 66' lang='grc' dir='ltr'>λέγων·</span> <span class='ocrx_word' id='word_1_502' title='bbox 1269 3386 1287 3416; x_wconf 75' lang='grc' dir='ltr'><strong>ι</strong></span> <span class='ocrx_word' id='word_1_503' title='bbox 1332 3368 1463 3420; x_wconf 78' lang='grc' dir='ltr'><strong>Ἀπὸ</strong></span> <span class='ocrx_word' id='word_1_504' title='bbox 1500 3368 1610 3421; x_wconf 86' lang='grc' dir='ltr'><strong>τῶν</strong></span> <span class='ocrx_word' id='word_1_505' title='bbox 1655 3370 1779 3422; x_wconf 63' lang='lat' dir='ltr'><strong>dvo-</strong></span> 
     </span>
    </p>
   </div>
   <div class='ocr_carea' id='block_1_65' title="bbox 207 3454 1777 3526">
    <p class='ocr_par' dir='ltr' id='par_1_65' title="bbox 207 3454 1777 3526">
     <span class='ocr_line' id='line_1_65' title="bbox 207 3454 1777 3526; baseline 0.003 -19"><span class='ocrx_word' id='word_1_506' title='bbox 207 3456 339 3523; x_wconf 87' lang='grc' dir='ltr'>μιῶν</span> <span class='ocrx_word' id='word_1_507' title='bbox 371 3454 467 3508; x_wconf 81' lang='grc' dir='ltr'>τοῦ</span> <span class='ocrx_word' id='word_1_508' title='bbox 524 3454 656 3509; x_wconf 80' lang='grc' dir='ltr'>λαοῦ</span> <span class='ocrx_word' id='word_1_509' title='bbox 688 3473 788 3526; x_wconf 91' lang='grc' dir='ltr'><strong>μου</strong></span> <span class='ocrx_word' id='word_1_510' title='bbox 841 3454 979 3526; x_wconf 73' lang='grc' dir='ltr'>ἤχθη</span> <span class='ocrx_word' id='word_1_511' title='bbox 1032 3457 1109 3519; x_wconf 81' lang='grc' dir='ltr'><strong>εἰς</strong></span> <span class='ocrx_word' id='word_1_512' title='bbox 1145 3455 1391 3510; x_wconf 83' lang='grc' dir='ltr'>θάνατον.</span> <span class='ocrx_word' id='word_1_513' title='bbox 1441 3478 1460 3510; x_wconf 72' lang='grc' dir='ltr'><strong>ι</strong></span> <span class='ocrx_word' id='word_1_514' title='bbox 1503 3455 1616 3511; x_wconf 85' lang='grc' dir='ltr'><strong>Εἶτ’</strong></span> <span class='ocrx_word' id='word_1_515' title='bbox 1657 3460 1777 3513; x_wconf 77' lang='grc' dir='ltr'>ἐπεὶ</span> 
     </span>
    </p>
   </div>
   <div class='ocr_carea' id='block_1_66' title="bbox 205 3548 1776 3622">
    <p class='ocr_par' dir='ltr' id='par_1_66' title="bbox 205 3548 1776 3622">
     <span class='ocr_line' id='line_1_66' title="bbox 205 3548 1776 3622; baseline 0.003 -22"><span class='ocrx_word' id='word_1_516' title='bbox 205 3549 566 3620; x_wconf 80' lang='grc' dir='ltr'>παραχρῆμα,</span> <span class='ocrx_word' id='word_1_517' title='bbox 597 3550 692 3601; x_wconf 79' lang='grc' dir='ltr'>καὶ</span> <span class='ocrx_word' id='word_1_518' title='bbox 724 3549 822 3601; x_wconf 80' lang='grc' dir='ltr'><strong>οὐκ</strong></span> <span class='ocrx_word' id='word_1_519' title='bbox 850 3550 929 3611; x_wconf 87' lang='grc' dir='ltr'><strong>είς</strong></span> <span class='ocrx_word' id='word_1_520' title='bbox 964 3548 1178 3620; x_wconf 78' lang='grc' dir='ltr'>μακρὰν</span> <span class='ocrx_word' id='word_1_521' title='bbox 1205 3550 1343 3620; x_wconf 85' lang='grc' dir='ltr'>μετὰ</span> <span class='ocrx_word' id='word_1_522' title='bbox 1370 3551 1469 3622; x_wconf 76' lang='grc' dir='ltr'><strong>τὴν</strong></span> <span class='ocrx_word' id='word_1_523' title='bbox 1507 3551 1649 3604; x_wconf 75' lang='grc' dir='ltr'>κατὰ</span> <span class='ocrx_word' id='word_1_524' title='bbox 1680 3550 1776 3604; x_wconf 78' lang='grc' dir='ltr'>τοῦ</span> 
     </span>
    </p>
   </div>
   <div class='ocr_carea' id='block_1_67' title="bbox 204 3639 1778 3713">
    <p class='ocr_par' dir='ltr' id='par_1_67' title="bbox 204 3639 1778 3713">
     <span class='ocr_line' id='line_1_67' title="bbox 204 3639 1778 3713; baseline 0.003 -22"><span class='ocrx_word' id='word_1_525' title='bbox 204 3639 436 3710; x_wconf 74' lang='grc' dir='ltr'>Χριστοῦ</span> <span class='ocrx_word' id='word_1_526' title='bbox 465 3639 671 3709; x_wconf 88' lang='grc' dir='ltr'>τόλμαν</span> <span class='ocrx_word' id='word_1_527' title='bbox 693 3642 721 3692; x_wconf 88' lang='grc' dir='ltr'>ὁ</span> <span class='ocrx_word' id='word_1_528' title='bbox 747 3639 1016 3710; x_wconf 77' lang='grc' dir='ltr'>παντελὴς</span> <span class='ocrx_word' id='word_1_529' title='bbox 1046 3642 1243 3705; x_wconf 72' lang='grc' dir='ltr'>αὐτοὺς</span> <span class='ocrx_word' id='word_1_530' title='bbox 1269 3642 1531 3712; x_wconf 76' lang='grc' dir='ltr'>μετῆλθεν</span> <span class='ocrx_word' id='word_1_531' title='bbox 1558 3643 1778 3713; x_wconf 80' lang='grc' dir='ltr'>ὄλεθρος</span> 
     </span>
    </p>
   </div>
   <div class='ocr_carea' id='block_1_68' title="bbox 206 3730 1778 3808">
    <p class='ocr_par' dir='ltr' id='par_1_68' title="bbox 206 3730 1778 3808">
     <span class='ocr_line' id='line_1_68' title="bbox 206 3730 1778 3808; baseline 0.004 -26"><span class='ocrx_word' id='word_1_532' title='bbox 206 3730 659 3800; x_wconf 61' lang='grc' dir='ltr'>τοολιορκηθέντας</span> <span class='ocrx_word' id='word_1_533' title='bbox 731 3732 834 3785; x_wconf 82' lang='grc' dir='ltr'>ὑπὸ</span> <span class='ocrx_word' id='word_1_534' title='bbox 884 3733 1203 3803; x_wconf 86' lang='grc' dir='ltr'>Ῥωμαίων,</span> <span class='ocrx_word' id='word_1_535' title='bbox 1251 3734 1372 3787; x_wconf 73' lang='grc' dir='ltr'>οὐδὲ</span> <span class='ocrx_word' id='word_1_536' title='bbox 1419 3733 1573 3788; x_wconf 75' lang='grc' dir='ltr'>τοῦτο</span> <span class='ocrx_word' id='word_1_537' title='bbox 1614 3753 1778 3808; x_wconf 83' lang='grc' dir='ltr'>παρι-</span> 
     </span>
    </p>
   </div>
   <div class='ocr_carea' id='block_1_69' title="bbox 203 3820 1776 3896">
    <p class='ocr_par' dir='ltr' id='par_1_69' title="bbox 203 3820 1776 3896">
     <span class='ocr_line' id='line_1_69' title="bbox 203 3820 1776 3896; baseline 0.004 -22"><span class='ocrx_word' id='word_1_538' title='bbox 203 3820 320 3884; x_wconf 83' lang='grc' dir='ltr'>δὼν,</span> <span class='ocrx_word' id='word_1_539' title='bbox 340 3821 586 3891; x_wconf 85' lang='grc' dir='ltr'>ὲπιλέγει</span> <span class='ocrx_word' id='word_1_540' title='bbox 604 3839 619 3852; x_wconf 74' lang='grc' dir='ltr'>σ</span> <span class='ocrx_word' id='word_1_541' title='bbox 644 3840 662 3873; x_wconf 73' lang='grc' dir='ltr'><strong>ι</strong></span> <span class='ocrx_word' id='word_1_542' title='bbox 686 3824 795 3875; x_wconf 82' lang='lat' dir='ltr'><strong>Kal</strong></span> <span class='ocrx_word' id='word_1_543' title='bbox 821 3822 975 3876; x_wconf 81' lang='grc' dir='ltr'>δώσω</span> <span class='ocrx_word' id='word_1_544' title='bbox 995 3824 1120 3886; x_wconf 75' lang='grc' dir='ltr'>τοὺς</span> <span class='ocrx_word' id='word_1_545' title='bbox 1133 3826 1401 3896; x_wconf 78' lang='grc' dir='ltr'>πονηροὺς</span> <span class='ocrx_word' id='word_1_546' title='bbox 1422 3826 1540 3879; x_wconf 73' lang='grc' dir='ltr'>ἀντὶ</span> <span class='ocrx_word' id='word_1_547' title='bbox 1561 3826 1660 3895; x_wconf 76' lang='grc' dir='ltr'>τῆς</span> <span class='ocrx_word' id='word_1_548' title='bbox 1681 3844 1776 3880; x_wconf 84' lang='grc' dir='ltr'>τα-</span> 
     </span>
    </p>
   </div>
   <div class='ocr_carea' id='block_1_70' title="bbox 205 3912 1769 3985">
    <p class='ocr_par' dir='ltr' id='par_1_70' title="bbox 205 3912 1769 3985">
     <span class='ocr_line' id='line_1_70' title="bbox 205 3912 1769 3985; baseline 0.004 -20"><span class='ocrx_word' id='word_1_549' title='bbox 205 3915 303 3985; x_wconf 69' lang='grc' dir='ltr'>φῆς</span> <span class='ocrx_word' id='word_1_550' title='bbox 329 3912 517 3978; x_wconf 81' lang='grc' dir='ltr'>αὑτοῦ,</span> <span class='ocrx_word' id='word_1_551' title='bbox 561 3914 802 3976; x_wconf 72' lang='grc' dir='ltr'>καὶτοὺς</span> <span class='ocrx_word' id='word_1_552' title='bbox 834 3914 1121 3977; x_wconf 80' lang='grc' dir='ltr'>πλουσίους</span> <span class='ocrx_word' id='word_1_553' title='bbox 1137 3915 1257 3968; x_wconf 77' lang='grc' dir='ltr'>ἀντὶ</span> <span class='ocrx_word' id='word_1_554' title='bbox 1284 3915 1512 3970; x_wconf 76' lang='grc' dir='ltr'>θανάτου</span> <span class='ocrx_word' id='word_1_555' title='bbox 1536 3917 1722 3971; x_wconf 80' lang='grc' dir='ltr'>αὐτοῦ.</span> <span class='ocrx_word' id='word_1_556' title='bbox 1752 3938 1769 3970; x_wconf 75' lang='grc' dir='ltr'><strong>ι</strong></span> 
     </span>
    </p>
   </div>
   <div class='ocr_carea' id='block_1_71' title="bbox 210 4001 1777 4082">
    <p class='ocr_par' dir='ltr' id='par_1_71' title="bbox 210 4001 1777 4082">
     <span class='ocr_line' id='line_1_71' title="bbox 210 4001 1777 4082; baseline 0.004 -25"><span class='ocrx_word' id='word_1_557' title='bbox 210 4005 400 4076; x_wconf 81' lang='grc' dir='ltr'>Ἤρκει</span> <span class='ocrx_word' id='word_1_558' title='bbox 446 4005 548 4075; x_wconf 85' lang='grc' dir='ltr'><strong>μὲν</strong></span> <span class='ocrx_word' id='word_1_559' title='bbox 602 4001 695 4059; x_wconf 78' lang='grc' dir='ltr'><strong>οὖν</strong></span> <span class='ocrx_word' id='word_1_560' title='bbox 725 4006 818 4059; x_wconf 74' lang='grc' dir='ltr'><strong>ἐπὶ</strong></span> <span class='ocrx_word' id='word_1_561' title='bbox 876 4007 1083 4071; x_wconf 75' lang='grc' dir='ltr'>τούτοις</span> <span class='ocrx_word' id='word_1_562' title='bbox 1108 4008 1407 4080; x_wconf 71' lang='grc' dir='ltr'>ἐπιγράψαι</span> <span class='ocrx_word' id='word_1_563' title='bbox 1438 4010 1537 4080; x_wconf 81' lang='grc' dir='ltr'>τὴν</span> <span class='ocrx_word' id='word_1_564' title='bbox 1565 4027 1777 4082; x_wconf 79' lang='grc' dir='ltr'>προφη-</span> 
     </span>
    </p>
   </div>
   <div class='ocr_carea' id='block_1_72' title="bbox 205 4095 1777 4172">
    <p class='ocr_par' dir='ltr' id='par_1_72' title="bbox 205 4095 1777 4172">
     <span class='ocr_line' id='line_1_72' title="bbox 205 4095 1777 4172; baseline 0.005 -25"><span class='ocrx_word' id='word_1_565' title='bbox 205 4095 368 4160; x_wconf 79' lang='grc' dir='ltr'>τείαν,</span> <span class='ocrx_word' id='word_1_566' title='bbox 397 4098 448 4149; x_wconf 79' lang='grc' dir='ltr'><strong>εί</strong></span> <span class='ocrx_word' id='word_1_567' title='bbox 482 4096 646 4168; x_wconf 83' lang='grc' dir='ltr'>μηδέν</span> <span class='ocrx_word' id='word_1_568' title='bbox 668 4114 720 4150; x_wconf 90' lang='grc' dir='ltr'><strong>τι</strong></span> <span class='ocrx_word' id='word_1_569' title='bbox 770 4097 929 4151; x_wconf 81' lang='grc' dir='ltr'>πλέον</span> <span class='ocrx_word' id='word_1_570' title='bbox 962 4097 1180 4152; x_wconf 78' lang='grc' dir='ltr'>ἔσεσθαι</span> <span class='ocrx_word' id='word_1_571' title='bbox 1216 4099 1353 4171; x_wconf 77' lang='grc' dir='ltr'>μετὰ</span> <span class='ocrx_word' id='word_1_572' title='bbox 1382 4101 1479 4171; x_wconf 83' lang='grc' dir='ltr'>τὴν</span> <span class='ocrx_word' id='word_1_573' title='bbox 1516 4101 1610 4154; x_wconf 78' lang='grc' dir='ltr'>τοῦ</span> <span class='ocrx_word' id='word_1_574' title='bbox 1644 4103 1777 4172; x_wconf 85' lang='grc' dir='ltr'>Χρι-</span> 
     </span>
    </p>
   </div>
   <div class='ocr_carea' id='block_1_73' title="bbox 207 4188 1779 4267">
    <p class='ocr_par' dir='ltr' id='par_1_73' title="bbox 207 4188 1779 4267">
     <span class='ocr_line' id='line_1_73' title="bbox 207 4188 1779 4267; baseline 0.004 -25"><span class='ocrx_word' id='word_1_575' title='bbox 207 4188 324 4243; x_wconf 81' lang='grc' dir='ltr'><strong>στοῦ</strong></span> <span class='ocrx_word' id='word_1_576' title='bbox 357 4189 617 4261; x_wconf 81' lang='grc' dir='ltr'>τελευτὴν</span> <span class='ocrx_word' id='word_1_577' title='bbox 651 4189 797 4261; x_wconf 80' lang='grc' dir='ltr'>ἐώρα</span> <span class='ocrx_word' id='word_1_578' title='bbox 815 4208 826 4220; x_wconf 93' lang='grc'>·</span> <span class='ocrx_word' id='word_1_579' title='bbox 860 4192 983 4245; x_wconf 76' lang='grc' dir='ltr'>ἐπεὶ</span> <span class='ocrx_word' id='word_1_580' title='bbox 1018 4191 1074 4244; x_wconf 82' lang='grc' dir='ltr'>δὲ</span> <span class='ocrx_word' id='word_1_581' title='bbox 1098 4193 1221 4245; x_wconf 82' lang='grc' dir='ltr'>ὅσον</span> <span class='ocrx_word' id='word_1_582' title='bbox 1241 4193 1392 4246; x_wconf 77' lang='grc' dir='ltr'>οὔπω</span> <span class='ocrx_word' id='word_1_583' title='bbox 1423 4194 1612 4265; x_wconf 75' lang='grc' dir='ltr'>ἔμελλε</span> <span class='ocrx_word' id='word_1_584' title='bbox 1641 4197 1779 4267; x_wconf 82' lang='grc' dir='ltr'>μετὰ</span> 
     </span>
    </p>
   </div>
   <div class='ocr_carea' id='block_1_74' title="bbox 204 4268 1776 4355">
    <p class='ocr_par' dir='ltr' id='par_1_74' title="bbox 204 4268 1776 4355">
     <span class='ocr_line' id='line_1_74' title="bbox 204 4268 1776 4355; baseline 0.004 -23"><span class='ocrx_word' id='word_1_585' title='bbox 204 4278 298 4351; x_wconf 54' lang='grc' dir='ltr'>τῆν</span> <span class='ocrx_word' id='word_1_586' title='bbox 348 4280 625 4352; x_wconf 77' lang='grc' dir='ltr'>τελευτὴν,</span> <span class='ocrx_word' id='word_1_587' title='bbox 677 4281 709 4351; x_wconf 78' lang='grc' dir='ltr'><strong>ἢ</strong></span> <span class='ocrx_word' id='word_1_588' title='bbox 748 4282 883 4352; x_wconf 75' lang='grc' dir='ltr'>μετὰ</span> <span class='ocrx_word' id='word_1_589' title='bbox 934 4283 1032 4353; x_wconf 75' lang='grc' dir='ltr'><strong>τὴν</strong></span> <span class='ocrx_word' id='word_1_590' title='bbox 1068 4284 1247 4355; x_wconf 73' lang='grc' dir='ltr'>ταφὴν</span> <span class='ocrx_word' id='word_1_591' title='bbox 1298 4268 1635 4340; x_wconf 76' lang='grc' dir='ltr'>παλινοστείν</span> <span class='ocrx_word' id='word_1_592' title='bbox 1683 4288 1776 4341; x_wconf 74' lang='grc' dir='ltr'><strong>καὶ</strong></span> 
     </span>
    </p>
   </div>
   <div class='ocr_carea' id='block_1_75' title="bbox 208 4370 1772 4449">
    <p class='ocr_par' dir='ltr' id='par_1_75' title="bbox 208 4370 1772 4449">
     <span class='ocr_line' id='line_1_75' title="bbox 208 4370 1772 4449; baseline 0.005 -26"><span class='ocrx_word' id='word_1_593' title='bbox 208 4370 477 4435; x_wconf 77' lang='grc' dir='ltr'>ἀναϐιοῦν,</span> <span class='ocrx_word' id='word_1_594' title='bbox 520 4371 602 4425; x_wconf 75' lang='grc' dir='ltr'><strong>ἔτι</strong></span> <span class='ocrx_word' id='word_1_595' title='bbox 658 4373 784 4443; x_wconf 72' lang='grc' dir='ltr'>περὶ</span> <span class='ocrx_word' id='word_1_596' title='bbox 844 4373 1009 4426; x_wconf 74' lang='grc' dir='ltr'>αὐτοῦ</span> <span class='ocrx_word' id='word_1_597' title='bbox 1046 4374 1340 4428; x_wconf 73' lang='grc' dir='ltr'>καὶταῦτα</span> <span class='ocrx_word' id='word_1_598' title='bbox 1399 4376 1772 4449; x_wconf 87' lang='grc' dir='ltr'>προστίθησιν,</span> 
     </span>
    </p>
   </div>
   <div class='ocr_carea' id='block_1_76' title="bbox 210 4460 1774 4539">
    <p class='ocr_par' dir='ltr' id='par_1_76' title="bbox 210 4460 1774 4539">
     <span class='ocr_line' id='line_1_76' title="bbox 210 4460 1774 4539; baseline 0.006 -28"><span class='ocrx_word' id='word_1_599' title='bbox 210 4460 326 4531; x_wconf 74' lang='grc' dir='ltr'><strong>ἑξῆς</strong></span> <span class='ocrx_word' id='word_1_600' title='bbox 367 4460 668 4531; x_wconf 76' lang='grc' dir='ltr'>ἐπιλέγων·</span> <span class='ocrx_word' id='word_1_601' title='bbox 710 4481 728 4512; x_wconf 78' lang='grc' dir='ltr'><strong>ι</strong></span> <span class='ocrx_word' id='word_1_602' title='bbox 778 4464 888 4516; x_wconf 72' lang='grc' dir='ltr'>Καὶ</span> <span class='ocrx_word' id='word_1_603' title='bbox 946 4464 1149 4535; x_wconf 78' lang='grc' dir='ltr'>Κύριος</span> <span class='ocrx_word' id='word_1_604' title='bbox 1198 4464 1444 4534; x_wconf 80' lang='grc' dir='ltr'>βούλεται</span> <span class='ocrx_word' id='word_1_605' title='bbox 1483 4466 1774 4539; x_wconf 80' lang='grc' dir='ltr'>καθαρίσαι</span> 
     </span>
    </p>
   </div>
   <div class='ocr_carea' id='block_1_77' title="bbox 1880 3272 3447 3346">
    <p class='ocr_par' dir='ltr' id='par_1_77' title="bbox 1880 3272 3447 3346">
     <span class='ocr_line' id='line_1_77' title="bbox 1880 3272 3447 3346; baseline -0.009 -11"><span class='ocrx_word' id='word_1_606' title='bbox 1880 3288 1933 3335; x_wconf 88' lang='lat' dir='ltr'><strong>et</strong></span> <span class='ocrx_word' id='word_1_607' title='bbox 1951 3279 2215 3334; x_wconf 89' lang='lat' dir='ltr'><strong>Dominus</strong></span> <span class='ocrx_word' id='word_1_608' title='bbox 2231 3277 2454 3332; x_wconf 87' lang='lat' dir='ltr'><strong>tradidit</strong></span> <span class='ocrx_word' id='word_1_609' title='bbox 2470 3292 2593 3331; x_wconf 90' lang='lat' dir='ltr'><strong>eum</strong></span> <span class='ocrx_word' id='word_1_610' title='bbox 2610 3276 2844 3346; x_wconf 88' lang='lat' dir='ltr'><strong>peccatis</strong></span> <span class='ocrx_word' id='word_1_611' title='bbox 2861 3273 3066 3327; x_wconf 88' lang='lat' dir='ltr'><strong>nostris</strong></span> <span class='ocrx_word' id='word_1_612' title='bbox 3087 3291 3098 3324; x_wconf 92' lang='lat'><strong>:</strong></span> <span class='ocrx_word' id='word_1_613' title='bbox 3116 3281 3170 3325; x_wconf 90' lang='lat' dir='ltr'><strong>et</strong></span> <span class='ocrx_word' id='word_1_614' title='bbox 3185 3272 3303 3340; x_wconf 82' lang='lat' dir='ltr'><strong>ipse</strong></span> <span class='ocrx_word' id='word_1_615' title='bbox 3324 3282 3447 3324; x_wconf 88' lang='lat' dir='ltr'><strong>cum</strong></span> 
     </span>
    </p>
   </div>
   <div class='ocr_carea' id='block_1_78' title="bbox 1879 3361 3447 3439">
    <p class='ocr_par' dir='ltr' id='par_1_78' title="bbox 1879 3361 3447 3439">
     <span class='ocr_line' id='line_1_78' title="bbox 1879 3361 3447 3439; baseline -0.004 -15"><span class='ocrx_word' id='word_1_616' title='bbox 1879 3378 2188 3432; x_wconf 81' lang='lat' dir='ltr'><strong>vexaretur,</strong></span> <span class='ocrx_word' id='word_1_617' title='bbox 2217 3385 2323 3424; x_wconf 90' lang='lat' dir='ltr'><strong>non</strong></span> <span class='ocrx_word' id='word_1_618' title='bbox 2350 3370 2626 3439; x_wconf 88' lang='lat' dir='ltr'><strong>aperiebat</strong></span> <span class='ocrx_word' id='word_1_619' title='bbox 2647 3383 2710 3422; x_wconf 91' lang='lat' dir='ltr'><strong>os</strong></span> <span class='ocrx_word' id='word_1_620' title='bbox 2732 3382 2911 3422; x_wconf 90' lang='lat' dir='ltr'><strong>suum.</strong></span> <span class='ocrx_word' id='word_1_621' title='bbox 2942 3363 3109 3430; x_wconf 86' lang='lat' dir='ltr'><strong>Quasi</strong></span> <span class='ocrx_word' id='word_1_622' title='bbox 3129 3365 3246 3417; x_wconf 85' lang='lat' dir='ltr'><strong>ovis</strong></span> <span class='ocrx_word' id='word_1_623' title='bbox 3268 3361 3335 3416; x_wconf 87' lang='lat' dir='ltr'><strong>ad</strong></span> <span class='ocrx_word' id='word_1_624' title='bbox 3356 3377 3447 3417; x_wconf 79' lang='lat' dir='ltr'><strong>oc-</strong></span> 
     </span>
    </p>
   </div>
   <div class='ocr_carea' id='block_1_79' title="bbox 1880 3454 3449 3526">
    <p class='ocr_par' dir='ltr' id='par_1_79' title="bbox 1880 3454 3449 3526">
     <span class='ocr_line' id='line_1_79' title="bbox 1880 3454 3449 3526; baseline -0.006 -10"><span class='ocrx_word' id='word_1_625' title='bbox 1880 3462 2143 3516; x_wconf 87' lang='lat' dir='ltr'><strong>eisionem</strong></span> <span class='ocrx_word' id='word_1_626' title='bbox 2173 3460 2373 3514; x_wconf 88' lang='lat' dir='ltr'><strong>ductus</strong></span> <span class='ocrx_word' id='word_1_627' title='bbox 2395 3466 2499 3522; x_wconf 90' lang='lat' dir='ltr'><strong>est,</strong></span> <span class='ocrx_word' id='word_1_628' title='bbox 2526 3465 2580 3512; x_wconf 89' lang='lat' dir='ltr'><strong>et</strong></span> <span class='ocrx_word' id='word_1_629' title='bbox 2607 3458 2749 3512; x_wconf 90' lang='lat' dir='ltr'><strong>sicut</strong></span> <span class='ocrx_word' id='word_1_630' title='bbox 2772 3471 2945 3526; x_wconf 82' lang='lat' dir='ltr'><strong>agnus</strong></span> <span class='ocrx_word' id='word_1_631' title='bbox 2971 3469 3156 3509; x_wconf 88' lang='lat' dir='ltr'><strong>coram</strong></span> <span class='ocrx_word' id='word_1_632' title='bbox 3188 3454 3449 3507; x_wconf 86' lang='lat' dir='ltr'><strong>tondente</strong></span> 
     </span>
    </p>
   </div>
   <div class='ocr_carea' id='block_1_80' title="bbox 1878 3545 3452 3622">
    <p class='ocr_par' dir='ltr' id='par_1_80' title="bbox 1878 3545 3452 3622">
     <span class='ocr_line' id='line_1_80' title="bbox 1878 3545 3452 3622; baseline -0.006 -16"><span class='ocrx_word' id='word_1_633' title='bbox 1878 3568 1986 3606; x_wconf 88' lang='lat' dir='ltr'><strong>non</strong></span> <span class='ocrx_word' id='word_1_634' title='bbox 2021 3551 2234 3622; x_wconf 88' lang='lat' dir='ltr'><strong>aperuit</strong></span> <span class='ocrx_word' id='word_1_635' title='bbox 2260 3549 2785 3620; x_wconf 77' lang='lat' dir='ltr'><strong>oszgenerationem</strong></span> <span class='ocrx_word' id='word_1_636' title='bbox 2821 3547 2943 3617; x_wconf 87' lang='lat' dir='ltr'><strong>ejus</strong></span> <span class='ocrx_word' id='word_1_637' title='bbox 2975 3546 3099 3615; x_wconf 88' lang='lat' dir='ltr'><strong>quis</strong></span> <span class='ocrx_word' id='word_1_638' title='bbox 3132 3545 3452 3599; x_wconf 78' lang='lat' dir='ltr'><strong>enarrabit?</strong></span> 
     </span>
    </p>
   </div>
   <div class='ocr_carea' id='block_1_81' title="bbox 1878 3638 3451 3714">
    <p class='ocr_par' dir='ltr' id='par_1_81' title="bbox 1878 3638 3451 3714">
     <span class='ocr_line' id='line_1_81' title="bbox 1878 3638 3451 3714; baseline -0.003 -16"><span class='ocrx_word' id='word_1_639' title='bbox 1878 3646 2136 3714; x_wconf 89' lang='lat' dir='ltr'><strong>quoniam</strong></span> <span class='ocrx_word' id='word_1_640' title='bbox 2169 3644 2381 3697; x_wconf 88' lang='lat' dir='ltr'><strong>tollitur</strong></span> <span class='ocrx_word' id='word_1_641' title='bbox 2421 3643 2488 3697; x_wconf 91' lang='lat' dir='ltr'><strong>de</strong></span> <span class='ocrx_word' id='word_1_642' title='bbox 2522 3649 2668 3696; x_wconf 89' lang='lat' dir='ltr'><strong>terra</strong></span> <span class='ocrx_word' id='word_1_643' title='bbox 2706 3640 2815 3693; x_wconf 90' lang='lat' dir='ltr'><strong>vita</strong></span> <span class='ocrx_word' id='word_1_644' title='bbox 2846 3638 2965 3707; x_wconf 85' lang='lat' dir='ltr'><strong>ejus</strong></span> <span class='ocrx_word' id='word_1_645' title='bbox 2993 3638 3060 3704; x_wconf 70' lang='grc'><strong>⁸⁷,</strong></span> <span class='ocrx_word' id='word_1_646' title='bbox 3096 3658 3113 3689; x_wconf 73' lang='grc' dir='ltr'><strong>ι</strong></span> <span class='ocrx_word' id='word_1_647' title='bbox 3142 3648 3195 3691; x_wconf 90' lang='lat' dir='ltr'><strong>et</strong></span> <span class='ocrx_word' id='word_1_648' title='bbox 3219 3638 3451 3707; x_wconf 81' lang='lat' dir='ltr'><strong>reliqua.</strong></span> 
     </span>
    </p>
   </div>
   <div class='ocr_carea' id='block_1_82' title="bbox 1878 3728 3450 3802">
    <p class='ocr_par' dir='ltr' id='par_1_82' title="bbox 1878 3728 3450 3802">
     <span class='ocr_line' id='line_1_82' title="bbox 1878 3728 3450 3802; baseline -0.004 -14"><span class='ocrx_word' id='word_1_649' title='bbox 1878 3735 2011 3788; x_wconf 86' lang='lat' dir='ltr'><strong>Nam</strong></span> <span class='ocrx_word' id='word_1_650' title='bbox 2053 3734 2138 3788; x_wconf 88' lang='lat' dir='ltr'><strong>bis</strong></span> <span class='ocrx_word' id='word_1_651' title='bbox 2160 3734 2342 3788; x_wconf 88' lang='lat' dir='ltr'><strong>verbis</strong></span> <span class='ocrx_word' id='word_1_652' title='bbox 2388 3732 2656 3802; x_wconf 72' lang='lat' dir='ltr'><strong>signiﬁcat</strong></span> <span class='ocrx_word' id='word_1_653' title='bbox 2681 3730 2956 3785; x_wconf 88' lang='lat' dir='ltr'><strong>Christum</strong></span> <span class='ocrx_word' id='word_1_654' title='bbox 2986 3729 3161 3798; x_wconf 90' lang='lat' dir='ltr'><strong>ipsum</strong></span> <span class='ocrx_word' id='word_1_655' title='bbox 3191 3728 3408 3797; x_wconf 86' lang='lat' dir='ltr'><strong>quidem</strong></span> <span class='ocrx_word' id='word_1_656' title='bbox 3435 3768 3450 3792; x_wconf 89' lang='lat'><strong>,</strong></span> 
     </span>
    </p>
   </div>
   <div class='ocr_carea' id='block_1_83' title="bbox 1878 3818 3455 3896">
    <p class='ocr_par' dir='ltr' id='par_1_83' title="bbox 1878 3818 3455 3896">
     <span class='ocr_line' id='line_1_83' title="bbox 1878 3818 3455 3896; baseline -0.004 -16"><span class='ocrx_word' id='word_1_657' title='bbox 1878 3827 2127 3896; x_wconf 85' lang='lat' dir='ltr'><strong>quamvis</strong></span> <span class='ocrx_word' id='word_1_658' title='bbox 2144 3825 2212 3879; x_wconf 91' lang='lat' dir='ltr'><strong>ab</strong></span> <span class='ocrx_word' id='word_1_659' title='bbox 2226 3825 2373 3878; x_wconf 90' lang='lat' dir='ltr'><strong>omni</strong></span> <span class='ocrx_word' id='word_1_660' title='bbox 2390 3831 2612 3894; x_wconf 84' lang='lat' dir='ltr'><strong>peccato</strong></span> <span class='ocrx_word' id='word_1_661' title='bbox 2631 3823 2890 3887; x_wconf 90' lang='lat' dir='ltr'><strong>alienum,</strong></span> <span class='ocrx_word' id='word_1_662' title='bbox 2916 3829 3095 3875; x_wconf 90' lang='lat' dir='ltr'><strong>tamen</strong></span> <span class='ocrx_word' id='word_1_663' title='bbox 3115 3828 3335 3889; x_wconf 82' lang='lat' dir='ltr'><strong>peccata</strong></span> <span class='ocrx_word' id='word_1_664' title='bbox 3354 3818 3455 3873; x_wconf 89' lang='lat' dir='ltr'><strong>bo-</strong></span> 
     </span>
    </p>
   </div>
   <div class='ocr_carea' id='block_1_84' title="bbox 1879 3913 3448 3985">
    <p class='ocr_par' dir='ltr' id='par_1_84' title="bbox 1879 3913 3448 3985">
     <span class='ocr_line' id='line_1_84' title="bbox 1879 3913 3448 3985; baseline -0.003 -16"><span class='ocrx_word' id='word_1_665' title='bbox 1879 3916 2084 3969; x_wconf 89' lang='lat' dir='ltr'><strong>minum</strong></span> <span class='ocrx_word' id='word_1_666' title='bbox 2102 3930 2201 3985; x_wconf 92' lang='lat' dir='ltr'><strong>pro</strong></span> <span class='ocrx_word' id='word_1_667' title='bbox 2224 3914 2359 3985; x_wconf 92' lang='lat' dir='ltr'><strong>ipsis</strong></span> <span class='ocrx_word' id='word_1_668' title='bbox 2384 3913 2697 3968; x_wconf 86' lang='lat' dir='ltr'><strong>hominibus</strong></span> <span class='ocrx_word' id='word_1_669' title='bbox 2715 3914 2769 3965; x_wconf 93' lang='lat' dir='ltr'><strong>in</strong></span> <span class='ocrx_word' id='word_1_670' title='bbox 2788 3913 3026 3982; x_wconf 89' lang='lat' dir='ltr'><strong>seipsum</strong></span> <span class='ocrx_word' id='word_1_671' title='bbox 3042 3919 3448 3980; x_wconf 87' lang='lat' dir='ltr'><strong>suscepturum.</strong></span> 
     </span>
    </p>
   </div>
   <div class='ocr_carea' id='block_1_85' title="bbox 1878 4005 3452 4078">
    <p class='ocr_par' dir='ltr' id='par_1_85' title="bbox 1878 4005 3452 4078">
     <span class='ocr_line' id='line_1_85' title="bbox 1878 4005 3452 4078; baseline -0.003 -17"><span class='ocrx_word' id='word_1_672' title='bbox 1878 4007 1989 4078; x_wconf 83' lang='lat'><strong>99</strong></span> <span class='ocrx_word' id='word_1_673' title='bbox 2017 4007 2285 4073; x_wconf 77' lang='lat' dir='ltr'><strong>Quocirca</strong></span> <span class='ocrx_word' id='word_1_674' title='bbox 2313 4006 2476 4061; x_wconf 91' lang='lat' dir='ltr'><strong>etiam</strong></span> <span class='ocrx_word' id='word_1_675' title='bbox 2507 4020 2570 4059; x_wconf 89' lang='lat' dir='ltr'><strong>ea</strong></span> <span class='ocrx_word' id='word_1_676' title='bbox 2601 4005 2856 4077; x_wconf 89' lang='lat' dir='ltr'><strong>patietur,</strong></span> <span class='ocrx_word' id='word_1_677' title='bbox 2889 4020 3011 4074; x_wconf 69' lang='lat' dir='ltr'><strong>qua:</strong></span> <span class='ocrx_word' id='word_1_678' title='bbox 3053 4005 3144 4073; x_wconf 91' lang='lat' dir='ltr'><strong>qui</strong></span> <span class='ocrx_word' id='word_1_679' title='bbox 3192 4018 3452 4072; x_wconf 85' lang='lat' dir='ltr'><strong>peccave-</strong></span> 
     </span>
    </p>
   </div>
   <div class='ocr_carea' id='block_1_86' title="bbox 1876 4095 3452 4167">
    <p class='ocr_par' dir='ltr' id='par_1_86' title="bbox 1876 4095 3452 4167">
     <span class='ocr_line' id='line_1_86' title="bbox 1876 4095 3452 4167; baseline -0.004 -14"><span class='ocrx_word' id='word_1_680' title='bbox 1876 4101 1991 4153; x_wconf 87' lang='lat' dir='ltr'><strong>rint</strong></span> <span class='ocrx_word' id='word_1_681' title='bbox 2019 4097 2131 4167; x_wconf 91' lang='lat' dir='ltr'><strong>pati</strong></span> <span class='ocrx_word' id='word_1_682' title='bbox 2162 4097 2359 4162; x_wconf 86' lang='lat' dir='ltr'><strong>solent,</strong></span> <span class='ocrx_word' id='word_1_683' title='bbox 2390 4104 2443 4151; x_wconf 91' lang='lat' dir='ltr'><strong>et</strong></span> <span class='ocrx_word' id='word_1_684' title='bbox 2490 4111 2588 4167; x_wconf 92' lang='lat' dir='ltr'><strong>pro</strong></span> <span class='ocrx_word' id='word_1_685' title='bbox 2634 4096 2796 4150; x_wconf 91' lang='lat' dir='ltr'><strong>nobis</strong></span> <span class='ocrx_word' id='word_1_686' title='bbox 2847 4095 3074 4157; x_wconf 87' lang='lat' dir='ltr'><strong>dolebit,</strong></span> <span class='ocrx_word' id='word_1_687' title='bbox 3121 4109 3231 4148; x_wconf 92' lang='lat' dir='ltr'><strong>non</strong></span> <span class='ocrx_word' id='word_1_688' title='bbox 3270 4104 3452 4148; x_wconf 90' lang='lat' dir='ltr'><strong>autem</strong></span> 
     </span>
    </p>
   </div>
   <div class='ocr_carea' id='block_1_87' title="bbox 1881 4187 3455 4262">
    <p class='ocr_par' dir='ltr' id='par_1_87' title="bbox 1881 4187 3455 4262">
     <span class='ocr_line' id='line_1_87' title="bbox 1881 4187 3455 4262; baseline -0.003 -16"><span class='ocrx_word' id='word_1_689' title='bbox 1881 4207 1977 4262; x_wconf 92' lang='lat' dir='ltr'><strong>pro</strong></span> <span class='ocrx_word' id='word_1_690' title='bbox 2007 4191 2208 4262; x_wconf 86' lang='lat' dir='ltr'><strong>seipse.</strong></span> <span class='ocrx_word' id='word_1_691' title='bbox 2238 4189 2391 4256; x_wconf 84' lang='lat' dir='ltr'><strong>Quod</strong></span> <span class='ocrx_word' id='word_1_692' title='bbox 2423 4191 2469 4244; x_wconf 90' lang='lat' dir='ltr'><strong>si</strong></span> <span class='ocrx_word' id='word_1_693' title='bbox 2496 4189 2876 4244; x_wconf 84' lang='lat' dir='ltr'><strong>vulnerabitur</strong></span> <span class='ocrx_word' id='word_1_694' title='bbox 2894 4197 2948 4243; x_wconf 90' lang='lat' dir='ltr'><strong>et</strong></span> <span class='ocrx_word' id='word_1_695' title='bbox 2970 4188 3150 4244; x_wconf 85' lang='lat' dir='ltr'><strong>verbis</strong></span> <span class='ocrx_word' id='word_1_696' title='bbox 3170 4187 3455 4258; x_wconf 91' lang='lat' dir='ltr'><strong>probrosis</strong></span> 
     </span>
    </p>
   </div>
   <div class='ocr_carea' id='block_1_88' title="bbox 1883 4283 3454 4352">
    <p class='ocr_par' dir='ltr' id='par_1_88' title="bbox 1883 4283 3454 4352">
     <span class='ocr_line' id='line_1_88' title="bbox 1883 4283 3454 4352; baseline -0.004 -11"><span class='ocrx_word' id='word_1_697' title='bbox 1883 4287 2142 4352; x_wconf 80' lang='lat' dir='ltr'><strong>ferietur,</strong></span> <span class='ocrx_word' id='word_1_698' title='bbox 2195 4283 2300 4338; x_wconf 92' lang='lat' dir='ltr'><strong>hoc</strong></span> <span class='ocrx_word' id='word_1_699' title='bbox 2342 4283 2469 4337; x_wconf 90' lang='lat' dir='ltr'><strong>item</strong></span> <span class='ocrx_word' id='word_1_700' title='bbox 2526 4290 2839 4336; x_wconf 88' lang='lat' dir='ltr'><strong>nostrorum</strong></span> <span class='ocrx_word' id='word_1_701' title='bbox 2887 4288 3232 4350; x_wconf 87' lang='lat' dir='ltr'><strong>peccatorum</strong></span> <span class='ocrx_word' id='word_1_702' title='bbox 3286 4296 3454 4335; x_wconf 89' lang='lat' dir='ltr'><strong>causa</strong></span> 
     </span>
    </p>
   </div>
   <div class='ocr_carea' id='block_1_89' title="bbox 1882 4370 3456 4443">
    <p class='ocr_par' dir='ltr' id='par_1_89' title="bbox 1882 4370 3456 4443">
     <span class='ocr_line' id='line_1_89' title="bbox 1882 4370 3456 4443; baseline -0.004 -10"><span class='ocrx_word' id='word_1_703' title='bbox 1882 4381 1973 4433; x_wconf 88' lang='lat' dir='ltr'><strong>ﬁet</strong></span> <span class='ocrx_word' id='word_1_704' title='bbox 2002 4397 2015 4432; x_wconf 92' lang='lat'><strong>:</strong></span> <span class='ocrx_word' id='word_1_705' title='bbox 2049 4391 2174 4431; x_wconf 85' lang='lat' dir='ltr'><strong>nam</strong></span> <span class='ocrx_word' id='word_1_706' title='bbox 2208 4374 2457 4428; x_wconf 90' lang='lat' dir='ltr'><strong>inlirmus</strong></span> <span class='ocrx_word' id='word_1_707' title='bbox 2487 4387 2705 4443; x_wconf 91' lang='lat' dir='ltr'><strong>quoque</strong></span> <span class='ocrx_word' id='word_1_708' title='bbox 2735 4370 2914 4426; x_wconf 85' lang='lat' dir='ltr'><strong>factus</strong></span> <span class='ocrx_word' id='word_1_709' title='bbox 2956 4381 3041 4427; x_wconf 89' lang='lat' dir='ltr'><strong>est</strong></span> <span class='ocrx_word' id='word_1_710' title='bbox 3070 4381 3289 4443; x_wconf 87' lang='lat' dir='ltr'><strong>propter</strong></span> <span class='ocrx_word' id='word_1_711' title='bbox 3330 4389 3456 4443; x_wconf 89' lang='lat' dir='ltr'><strong>pec-</strong></span> 
     </span>
    </p>
   </div>
   <div class='ocr_carea' id='block_1_90' title="bbox 1883 4463 3456 4529">
    <p class='ocr_par' dir='ltr' id='par_1_90' title="bbox 1883 4463 3456 4529">
     <span class='ocr_line' id='line_1_90' title="bbox 1883 4463 3456 4529; baseline -0.005 -5"><span class='ocrx_word' id='word_1_712' title='bbox 1883 4479 2005 4524; x_wconf 89' lang='lat' dir='ltr'><strong>cata</strong></span> <span class='ocrx_word' id='word_1_713' title='bbox 2032 4478 2241 4529; x_wconf 86' lang='lat' dir='ltr'><strong>nostra,</strong></span> <span class='ocrx_word' id='word_1_714' title='bbox 2272 4475 2330 4520; x_wconf 91' lang='lat' dir='ltr'><strong>ut</strong></span> <span class='ocrx_word' id='word_1_715' title='bbox 2373 4480 2474 4519; x_wconf 92' lang='lat' dir='ltr'><strong>nos</strong></span> <span class='ocrx_word' id='word_1_716' title='bbox 2498 4464 2773 4527; x_wconf 81' lang='lat' dir='ltr'><strong>videlicet,</strong></span> <span class='ocrx_word' id='word_1_717' title='bbox 2804 4478 2927 4517; x_wconf 91' lang='lat' dir='ltr'><strong>cum</strong></span> <span class='ocrx_word' id='word_1_718' title='bbox 2978 4463 3067 4517; x_wconf 90' lang='lat' dir='ltr'><strong>ille</strong></span> <span class='ocrx_word' id='word_1_719' title='bbox 3105 4464 3301 4519; x_wconf 90' lang='lat' dir='ltr'><strong>delicta</strong></span> <span class='ocrx_word' id='word_1_720' title='bbox 3357 4479 3456 4516; x_wconf 87' lang='lat' dir='ltr'><strong>no-</strong></span> 
     </span>
    </p>
   </div>
   <div class='ocr_carea' id='block_1_91' title="bbox 208 4552 1777 4631">
    <p class='ocr_par' dir='ltr' id='par_1_91' title="bbox 208 4553 1772 4631">
     <span class='ocr_line' id='line_1_91' title="bbox 208 4553 1772 4631; baseline 0.004 -26"><span class='ocrx_word' id='word_1_721' title='bbox 208 4553 356 4606; x_wconf 75' lang='grc' dir='ltr'>αὒτὸν</span> <span class='ocrx_word' id='word_1_722' title='bbox 382 4555 482 4624; x_wconf 77' lang='grc' dir='ltr'>τῆς</span> <span class='ocrx_word' id='word_1_723' title='bbox 507 4554 741 4626; x_wconf 80' lang='grc' dir='ltr'>πληγῆς.</span> <span class='ocrx_word' id='word_1_724' title='bbox 785 4555 907 4607; x_wconf 83' lang='grc' dir='ltr'><strong>Ἐὰν</strong></span> <span class='ocrx_word' id='word_1_725' title='bbox 927 4554 1062 4608; x_wconf 86' lang='grc' dir='ltr'>δῶτε</span> <span class='ocrx_word' id='word_1_726' title='bbox 1096 4557 1221 4628; x_wconf 78' lang='grc' dir='ltr'>περὶ</span> <span class='ocrx_word' id='word_1_727' title='bbox 1247 4559 1538 4628; x_wconf 81' lang='grc' dir='ltr'>ἁμαρτίας,</span> <span class='ocrx_word' id='word_1_728' title='bbox 1571 4562 1602 4630; x_wconf 79' lang='grc' dir='ltr'>ἡ</span> <span class='ocrx_word' id='word_1_729' title='bbox 1627 4559 1772 4631; x_wconf 69' lang='grc' dir='ltr'>ψυχὴ</span> 
     </span>
    </p>
   </div>
   <div class='ocr_carea' id='block_1_92' title="bbox 1881 4552 3455 4631">
    <p class='ocr_par' dir='ltr' id='par_1_92' title="bbox 1881 4554 3455 4627">
     <span class='ocr_line' id='line_1_92' title="bbox 1881 4554 3455 4627; baseline -0.005 -11"><span class='ocrx_word' id='word_1_730' title='bbox 1881 4569 2016 4625; x_wconf 87' lang='lat' dir='ltr'><strong>stra,</strong></span> <span class='ocrx_word' id='word_1_731' title='bbox 2049 4568 2357 4627; x_wconf 63' lang='lat' dir='ltr'><strong>nostraeque</strong></span> <span class='ocrx_word' id='word_1_732' title='bbox 2402 4556 2624 4610; x_wconf 65' lang='lat' dir='ltr'><strong>malitiae</strong></span> <span class='ocrx_word' id='word_1_733' title='bbox 2655 4555 2883 4608; x_wconf 87' lang='lat' dir='ltr'><strong>vulnera</strong></span> <span class='ocrx_word' id='word_1_734' title='bbox 2919 4554 3300 4626; x_wconf 87' lang='lat' dir='ltr'><strong>assumpserit,</strong></span> <span class='ocrx_word' id='word_1_735' title='bbox 3334 4554 3455 4623; x_wconf 89' lang='lat' dir='ltr'><strong>ejus</strong></span> 
     </span>
    </p>
   </div>
   <div class='ocr_carea' id='block_1_93' title="bbox 209 4645 1773 4721">
    <p class='ocr_par' dir='ltr' id='par_1_93' title="bbox 209 4645 1773 4721">
     <span class='ocr_line' id='line_1_93' title="bbox 209 4645 1773 4721; baseline 0.006 -24"><span class='ocrx_word' id='word_1_736' title='bbox 209 4645 348 4717; x_wconf 72' lang='grc' dir='ltr'>ὑμῶν</span> <span class='ocrx_word' id='word_1_737' title='bbox 379 4648 572 4717; x_wconf 76' lang='grc' dir='ltr'>ὅψεται</span> <span class='ocrx_word' id='word_1_738' title='bbox 606 4648 825 4718; x_wconf 78' lang='grc' dir='ltr'>σπέρμα</span> <span class='ocrx_word' id='word_1_739' title='bbox 876 4647 1167 4719; x_wconf 78' lang='grc' dir='ltr'>μακρόϐιον</span> <span class='ocrx_word' id='word_1_740' title='bbox 1192 4667 1204 4677; x_wconf 92' lang='grc'><strong>·</strong></span> <span class='ocrx_word' id='word_1_741' title='bbox 1252 4652 1344 4703; x_wconf 75' lang='grc' dir='ltr'><strong>καὶ</strong></span> <span class='ocrx_word' id='word_1_742' title='bbox 1376 4650 1622 4721; x_wconf 80' lang='grc' dir='ltr'>βούλεται</span> <span class='ocrx_word' id='word_1_743' title='bbox 1658 4653 1773 4706; x_wconf 83' lang='grc' dir='ltr'><strong>Κύ-</strong></span> 
     </span>
    </p>
   </div>
   <div class='ocr_carea' id='block_1_94' title="bbox 214 4737 1769 4811">
    <p class='ocr_par' dir='ltr' id='par_1_94' title="bbox 214 4737 1769 4811">
     <span class='ocr_line' id='line_1_94' title="bbox 214 4737 1769 4811; baseline 0.006 -23"><span class='ocrx_word' id='word_1_744' title='bbox 214 4751 313 4803; x_wconf 83' lang='grc' dir='ltr'>ριος</span> <span class='ocrx_word' id='word_1_745' title='bbox 342 4737 564 4806; x_wconf 78' lang='grc' dir='ltr'>ἀφελεῖν</span> <span class='ocrx_word' id='word_1_746' title='bbox 591 4738 699 4790; x_wconf 75' lang='grc' dir='ltr'><strong>ἀπὸ</strong></span> <span class='ocrx_word' id='word_1_747' title='bbox 724 4738 819 4790; x_wconf 83' lang='grc' dir='ltr'>τοῦ</span> <span class='ocrx_word' id='word_1_748' title='bbox 852 4739 1013 4791; x_wconf 87' lang='grc' dir='ltr'>πόνου</span> <span class='ocrx_word' id='word_1_749' title='bbox 1035 4739 1135 4809; x_wconf 79' lang='grc' dir='ltr'>τῆς</span> <span class='ocrx_word' id='word_1_750' title='bbox 1170 4739 1350 4810; x_wconf 74' lang='grc' dir='ltr'>ψυχῆς</span> <span class='ocrx_word' id='word_1_751' title='bbox 1379 4742 1564 4807; x_wconf 78' lang='grc' dir='ltr'>αὑτοῦ,</span> <span class='ocrx_word' id='word_1_752' title='bbox 1599 4744 1769 4811; x_wconf 82' lang='grc' dir='ltr'>δεῖξαι</span> 
     </span>
    </p>
   </div>
   <div class='ocr_carea' id='block_1_95' title="bbox 211 4827 1771 4908">
    <p class='ocr_par' dir='ltr' id='par_1_95' title="bbox 211 4827 1771 4908">
     <span class='ocr_line' id='line_1_95' title="bbox 211 4827 1771 4908; baseline 0.015 -39"><span class='ocrx_word' id='word_1_753' title='bbox 211 4827 343 4899; x_wconf 65' lang='grc' dir='ltr'><strong>αὐτῷ</strong></span> <span class='ocrx_word' id='word_1_754' title='bbox 370 4827 506 4898; x_wconf 78' lang='grc' dir='ltr'>φῶς,</span> <span class='ocrx_word' id='word_1_755' title='bbox 547 4847 567 4879; x_wconf 71' lang='grc' dir='ltr'><strong>ι</strong></span> <span class='ocrx_word' id='word_1_756' title='bbox 610 4828 901 4901; x_wconf 80' lang='grc' dir='ltr'>Ἀνὼτερον</span> <span class='ocrx_word' id='word_1_757' title='bbox 925 4828 1113 4893; x_wconf 73' lang='grc' dir='ltr'>εἰπὼν,</span> <span class='ocrx_word' id='word_1_758' title='bbox 1142 4850 1160 4881; x_wconf 77' lang='grc' dir='ltr'><strong>ι</strong></span> <span class='ocrx_word' id='word_1_759' title='bbox 1188 4830 1470 4903; x_wconf 81' lang='grc' dir='ltr'>ἅνθρωπος</span> <span class='ocrx_word' id='word_1_760' title='bbox 1503 4836 1560 4887; x_wconf 81' lang='grc' dir='ltr'>ὲν</span> <span class='ocrx_word' id='word_1_761' title='bbox 1590 4835 1771 4908; x_wconf 82' lang='grc' dir='ltr'>πληγῇ</span> 
     </span>
    </p>
   </div>
   <div class='ocr_carea' id='block_1_96' title="bbox 212 4917 1774 4995">
    <p class='ocr_par' dir='ltr' id='par_1_96' title="bbox 212 4917 1774 4995">
     <span class='ocr_line' id='line_1_96' title="bbox 212 4917 1774 4995; baseline 0.007 -24"><span class='ocrx_word' id='word_1_762' title='bbox 212 4917 294 4984; x_wconf 73' lang='grc' dir='ltr'>ἴον,</span> <span class='ocrx_word' id='word_1_763' title='bbox 335 4922 426 4973; x_wconf 81' lang='grc' dir='ltr'><strong>καὶ</strong></span> <span class='ocrx_word' id='word_1_764' title='bbox 462 4919 622 4984; x_wconf 77' lang='grc' dir='ltr'>εἰδὼς</span> <span class='ocrx_word' id='word_1_765' title='bbox 656 4922 840 4993; x_wconf 80' lang='grc' dir='ltr'>φέρειν</span> <span class='ocrx_word' id='word_1_766' title='bbox 893 4922 1162 4993; x_wconf 83' lang='grc' dir='ltr'>μαλακίαν</span> <span class='ocrx_word' id='word_1_767' title='bbox 1207 4942 1225 4974; x_wconf 71' lang='grc' dir='ltr'><strong>ι</strong></span> <span class='ocrx_word' id='word_1_768' title='bbox 1259 4922 1355 4976; x_wconf 83' lang='grc' dir='ltr'>νῦν</span> <span class='ocrx_word' id='word_1_769' title='bbox 1390 4925 1526 4995; x_wconf 78' lang='grc' dir='ltr'>μετὰ</span> <span class='ocrx_word' id='word_1_770' title='bbox 1562 4928 1651 4980; x_wconf 75' lang='grc' dir='ltr'><strong>τὸν</strong></span> <span class='ocrx_word' id='word_1_771' title='bbox 1679 4927 1774 4982; x_wconf 85' lang='grc' dir='ltr'>θά-</span> 
     </span>
    </p>
   </div>
   <div class='ocr_carea' id='block_1_97' title="bbox 212 5014 1775 5090">
    <p class='ocr_par' dir='ltr' id='par_1_97' title="bbox 212 5014 1775 5090">
     <span class='ocr_line' id='line_1_97' title="bbox 212 5014 1775 5090; baseline 0.006 -26"><span class='ocrx_word' id='word_1_772' title='bbox 212 5029 349 5067; x_wconf 56' lang='grc' dir='ltr'>νατον</span> <span class='ocrx_word' id='word_1_773' title='bbox 383 5014 552 5068; x_wconf 81' lang='grc' dir='ltr'>αὑτοῦ</span> <span class='ocrx_word' id='word_1_774' title='bbox 584 5015 680 5067; x_wconf 76' lang='grc' dir='ltr'><strong>καὶ</strong></span> <span class='ocrx_word' id='word_1_775' title='bbox 708 5015 807 5086; x_wconf 84' lang='grc' dir='ltr'>τὴν</span> <span class='ocrx_word' id='word_1_776' title='bbox 838 5015 1034 5086; x_wconf 76' lang='grc' dir='ltr'>ταφὴν,</span> <span class='ocrx_word' id='word_1_777' title='bbox 1071 5034 1089 5066; x_wconf 79' lang='grc' dir='ltr'><strong>ι</strong></span> <span class='ocrx_word' id='word_1_778' title='bbox 1120 5016 1341 5088; x_wconf 84' lang='grc' dir='ltr'>Κύριος,</span> <span class='ocrx_word' id='word_1_779' title='bbox 1368 5038 1385 5069; x_wconf 75' lang='grc' dir='ltr'><strong>ι</strong></span> <span class='ocrx_word' id='word_1_780' title='bbox 1414 5020 1567 5090; x_wconf 70' lang='grc' dir='ltr'>φησι,</span> <span class='ocrx_word' id='word_1_781' title='bbox 1605 5040 1623 5069; x_wconf 75' lang='lat' dir='ltr'><strong>r</strong></span> <span class='ocrx_word' id='word_1_782' title='bbox 1650 5020 1775 5090; x_wconf 85' lang='grc' dir='ltr'>βού-</span> 
     </span>
    </p>
   </div>
   <div class='ocr_carea' id='block_1_98' title="bbox 210 5105 1768 5178">
    <p class='ocr_par' dir='ltr' id='par_1_98' title="bbox 210 5105 1768 5178">
     <span class='ocr_line' id='line_1_98' title="bbox 210 5105 1768 5178; baseline 0.004 -19"><span class='ocrx_word' id='word_1_783' title='bbox 210 5105 346 5159; x_wconf 82' lang='grc' dir='ltr'>λεται</span> <span class='ocrx_word' id='word_1_784' title='bbox 378 5106 676 5178; x_wconf 86' lang='grc' dir='ltr'>καθαρίσαι</span> <span class='ocrx_word' id='word_1_785' title='bbox 694 5106 854 5159; x_wconf 77' lang='grc' dir='ltr'>αὐτὸν</span> <span class='ocrx_word' id='word_1_786' title='bbox 875 5107 974 5178; x_wconf 82' lang='grc' dir='ltr'><strong>τῆς</strong></span> <span class='ocrx_word' id='word_1_787' title='bbox 1003 5106 1235 5178; x_wconf 79' lang='grc' dir='ltr'>πληγῆς.</span> <span class='ocrx_word' id='word_1_788' title='bbox 1262 5128 1281 5159; x_wconf 71' lang='grc' dir='ltr'><strong>ι</strong></span> <span class='ocrx_word' id='word_1_789' title='bbox 1309 5110 1416 5162; x_wconf 75' lang='grc' dir='ltr'>Καὶ</span> <span class='ocrx_word' id='word_1_790' title='bbox 1439 5110 1555 5175; x_wconf 88' lang='grc' dir='ltr'><strong>πῶς</strong></span> <span class='ocrx_word' id='word_1_791' title='bbox 1577 5111 1728 5166; x_wconf 76' lang='grc' dir='ltr'>ἔσται</span> <span class='ocrx_word' id='word_1_792' title='bbox 1753 5130 1768 5178; x_wconf 91' lang='lat'><strong>;</strong></span> 
     </span>
    </p>
   </div>
   <div class='ocr_carea' id='block_1_99' title="bbox 218 5197 1773 5273">
    <p class='ocr_par' dir='ltr' id='par_1_99' title="bbox 218 5197 1773 5273">
     <span class='ocr_line' id='line_1_99' title="bbox 218 5197 1773 5273; baseline 0.003 -22"><span class='ocrx_word' id='word_1_793' title='bbox 218 5216 233 5239; x_wconf 74' lang='grc' dir='ltr'>ί</span> <span class='ocrx_word' id='word_1_794' title='bbox 265 5198 384 5251; x_wconf 77' lang='grc' dir='ltr'><strong>Ἐὰν</strong></span> <span class='ocrx_word' id='word_1_795' title='bbox 407 5197 568 5261; x_wconf 82' lang='grc' dir='ltr'>δῶτε,</span> <span class='ocrx_word' id='word_1_796' title='bbox 609 5218 627 5250; x_wconf 72' lang='grc' dir='ltr'><strong>ι</strong></span> <span class='ocrx_word' id='word_1_797' title='bbox 659 5197 812 5267; x_wconf 69' lang='grc' dir='ltr'>φησι,</span> <span class='ocrx_word' id='word_1_798' title='bbox 850 5217 868 5248; x_wconf 81' lang='grc' dir='ltr'><strong>ι</strong></span> <span class='ocrx_word' id='word_1_799' title='bbox 903 5199 1029 5269; x_wconf 70' lang='grc' dir='ltr'>περὶ</span> <span class='ocrx_word' id='word_1_800' title='bbox 1049 5199 1339 5271; x_wconf 78' lang='grc' dir='ltr'>ἁμαρτίας,</span> <span class='ocrx_word' id='word_1_801' title='bbox 1384 5202 1416 5270; x_wconf 82' lang='grc' dir='ltr'><strong>ἡ</strong></span> <span class='ocrx_word' id='word_1_802' title='bbox 1452 5200 1596 5273; x_wconf 69' lang='grc' dir='ltr'>ψυχὴ</span> <span class='ocrx_word' id='word_1_803' title='bbox 1618 5202 1773 5272; x_wconf 86' lang='grc' dir='ltr'>ὑμῶν</span> 
     </span>
    </p>
   </div>
   <div class='ocr_carea' id='block_1_100' title="bbox 209 5289 1772 5365">
    <p class='ocr_par' dir='ltr' id='par_1_100' title="bbox 209 5289 1772 5365">
     <span class='ocr_line' id='line_1_100' title="bbox 209 5289 1772 5365; baseline 0.004 -23"><span class='ocrx_word' id='word_1_804' title='bbox 209 5289 379 5360; x_wconf 61' lang='grc' dir='ltr'><strong>³ὂψεται</strong></span> <span class='ocrx_word' id='word_1_805' title='bbox 405 5291 628 5362; x_wconf 80' lang='grc' dir='ltr'>σπέρμα</span> <span class='ocrx_word' id='word_1_806' title='bbox 660 5290 955 5362; x_wconf 83' lang='grc' dir='ltr'>μακρόϐιον</span> <span class='ocrx_word' id='word_1_807' title='bbox 974 5307 988 5321; x_wconf 71' lang='grc'><strong>⁸</strong></span> <span class='ocrx_word' id='word_1_808' title='bbox 1037 5310 1054 5342; x_wconf 74' lang='grc' dir='ltr'><strong>ι</strong></span> <span class='ocrx_word' id='word_1_809' title='bbox 1081 5291 1140 5344; x_wconf 85' lang='grc' dir='ltr'><strong>οὐ</strong></span> <span class='ocrx_word' id='word_1_810' title='bbox 1173 5293 1301 5344; x_wconf 79' lang='grc' dir='ltr'>πᾶσι</span> <span class='ocrx_word' id='word_1_811' title='bbox 1334 5289 1442 5365; x_wconf 78' lang='grc' dir='ltr'>γὰρ</span> <span class='ocrx_word' id='word_1_812' title='bbox 1474 5296 1680 5363; x_wconf 80' lang='grc' dir='ltr'>ἐφεῖται</span> <span class='ocrx_word' id='word_1_813' title='bbox 1712 5296 1772 5348; x_wconf 80' lang='grc' dir='ltr'>τὸ</span> 
     </span>
    </p>
   </div>
   <div class='ocr_carea' id='block_1_101' title="bbox 212 5380 1775 5456">
    <p class='ocr_par' dir='ltr' id='par_1_101' title="bbox 212 5380 1775 5456">
     <span class='ocr_line' id='line_1_101' title="bbox 212 5380 1775 5456; baseline 0.002 -20"><span class='ocrx_word' id='word_1_814' title='bbox 212 5382 490 5454; x_wconf 77' lang='grc' dir='ltr'>μακρόϐιον</span> <span class='ocrx_word' id='word_1_815' title='bbox 519 5380 616 5435; x_wconf 75' lang='grc' dir='ltr'>τοῦ</span> <span class='ocrx_word' id='word_1_816' title='bbox 667 5380 905 5454; x_wconf 81' lang='grc' dir='ltr'>Χριστοῦ</span> <span class='ocrx_word' id='word_1_817' title='bbox 958 5382 1176 5453; x_wconf 79' lang='grc' dir='ltr'>σπέρμα</span> <span class='ocrx_word' id='word_1_818' title='bbox 1217 5383 1462 5448; x_wconf 80' lang='grc' dir='ltr'>συνιδεῖν,</span> <span class='ocrx_word' id='word_1_819' title='bbox 1509 5386 1542 5456; x_wconf 78' lang='grc' dir='ltr'>ἢ</span> <span class='ocrx_word' id='word_1_820' title='bbox 1594 5387 1775 5456; x_wconf 85' lang='grc' dir='ltr'>μόνοις</span> 
     </span>
    </p>
   </div>
   <div class='ocr_carea' id='block_1_102' title="bbox 211 5473 1772 5548">
    <p class='ocr_par' dir='ltr' id='par_1_102' title="bbox 211 5473 1772 5548">
     <span class='ocr_line' id='line_1_102' title="bbox 211 5473 1772 5548; baseline 0.004 -24"><span class='ocrx_word' id='word_1_821' title='bbox 211 5478 307 5538; x_wconf 83' lang='grc' dir='ltr'>τοῖς</span> <span class='ocrx_word' id='word_1_822' title='bbox 325 5474 885 5546; x_wconf 67' lang='grc' dir='ltr'>ἐξομολογησαμὲνοις</span> <span class='ocrx_word' id='word_1_823' title='bbox 927 5476 1019 5527; x_wconf 75' lang='grc' dir='ltr'><strong>καὶ</strong></span> <span class='ocrx_word' id='word_1_824' title='bbox 1044 5473 1113 5526; x_wconf 76' lang='grc' dir='ltr'>τὰ</span> <span class='ocrx_word' id='word_1_825' title='bbox 1148 5474 1296 5544; x_wconf 88' lang='grc' dir='ltr'>δῶρα</span> <span class='ocrx_word' id='word_1_826' title='bbox 1320 5475 1388 5527; x_wconf 83' lang='grc' dir='ltr'>τὰ</span> <span class='ocrx_word' id='word_1_827' title='bbox 1424 5476 1561 5548; x_wconf 82' lang='grc' dir='ltr'>ὑπὲρ</span> <span class='ocrx_word' id='word_1_828' title='bbox 1593 5478 1772 5548; x_wconf 88' lang='grc' dir='ltr'>ἀμαρ-</span> 
     </span>
    </p>
   </div>
   <div class='ocr_carea' id='block_1_103' title="bbox 214 5564 1772 5641">
    <p class='ocr_par' dir='ltr' id='par_1_103' title="bbox 214 5564 1772 5641">
     <span class='ocr_line' id='line_1_103' title="bbox 214 5564 1772 5641; baseline 0.001 -23"><span class='ocrx_word' id='word_1_829' title='bbox 214 5568 324 5621; x_wconf 82' lang='grc' dir='ltr'>τιῶν</span> <span class='ocrx_word' id='word_1_830' title='bbox 348 5569 685 5641; x_wconf 83' lang='grc' dir='ltr'>προσάγουσι</span> <span class='ocrx_word' id='word_1_831' title='bbox 705 5565 786 5635; x_wconf 81' lang='grc' dir='ltr'>τῷ</span> <span class='ocrx_word' id='word_1_832' title='bbox 817 5564 955 5635; x_wconf 83' lang='grc' dir='ltr'>Θεῷ.</span> <span class='ocrx_word' id='word_1_833' title='bbox 990 5566 1183 5620; x_wconf 86' lang='grc' dir='ltr'>Μόνων</span> <span class='ocrx_word' id='word_1_834' title='bbox 1207 5567 1312 5640; x_wconf 83' lang='grc' dir='ltr'><strong>γὰρ</strong></span> <span class='ocrx_word' id='word_1_835' title='bbox 1342 5568 1543 5621; x_wconf 79' lang='grc' dir='ltr'>τούτων</span> <span class='ocrx_word' id='word_1_836' title='bbox 1570 5570 1601 5638; x_wconf 78' lang='grc' dir='ltr'><strong>ἡ</strong></span> <span class='ocrx_word' id='word_1_837' title='bbox 1627 5568 1772 5639; x_wconf 65' lang='grc' dir='ltr'>ψυχὴ</span> 
     </span>
    </p>
   </div>
   <div class='ocr_carea' id='block_1_104' title="bbox 216 5657 1772 5732">
    <p class='ocr_par' dir='ltr' id='par_1_104' title="bbox 216 5657 1772 5732">
     <span class='ocr_line' id='line_1_104' title="bbox 216 5657 1772 5732; baseline -0.002 -19"><span class='ocrx_word' id='word_1_838' title='bbox 216 5657 378 5729; x_wconf 68' lang='grc' dir='ltr'>εψεται</span> <span class='ocrx_word' id='word_1_839' title='bbox 429 5661 655 5732; x_wconf 78' lang='grc' dir='ltr'>σπέρμα</span> <span class='ocrx_word' id='word_1_840' title='bbox 704 5657 1000 5730; x_wconf 76' lang='grc' dir='ltr'>μακρόϐιον</span> <span class='ocrx_word' id='word_1_841' title='bbox 1036 5658 1096 5711; x_wconf 83' lang='grc' dir='ltr'><strong>τὸ</strong></span> <span class='ocrx_word' id='word_1_842' title='bbox 1127 5658 1216 5711; x_wconf 76' lang='grc' dir='ltr'>τοῦ</span> <span class='ocrx_word' id='word_1_843' title='bbox 1245 5659 1501 5732; x_wconf 78' lang='grc' dir='ltr'>Χριστοῦ,</span> <span class='ocrx_word' id='word_1_844' title='bbox 1530 5661 1647 5730; x_wconf 73' lang='grc' dir='ltr'>ἤτοι</span> <span class='ocrx_word' id='word_1_845' title='bbox 1675 5661 1772 5730; x_wconf 79' lang='grc' dir='ltr'>τὴν</span> 
     </span>
    </p>
   </div>
   <div class='ocr_carea' id='block_1_105' title="bbox 269 5836 1624 5902">
    <p class='ocr_par' dir='ltr' id='par_1_105' title="bbox 269 5836 1624 5902">
     <span class='ocr_line' id='line_1_105' title="bbox 269 5836 1624 5902; baseline 0.007 -19"><span class='ocrx_word' id='word_1_846' title='bbox 269 5840 424 5895; x_wconf 59' lang='lat'><strong>“153.</strong></span> <span class='ocrx_word' id='word_1_847' title='bbox 462 5856 556 5901; x_wconf 71' lang='lat' dir='ltr'><strong>vn,</strong></span> <span class='ocrx_word' id='word_1_848' title='bbox 586 5838 672 5893; x_wconf 72' lang='grc' dir='ltr'>Η.</span> <span class='ocrx_word' id='word_1_849' title='bbox 758 5839 800 5868; x_wconf 70' lang='grc'><strong>⁵⁵</strong></span> <span class='ocrx_word' id='word_1_850' title='bbox 834 5836 939 5891; x_wconf 80' lang='lat' dir='ltr'><strong>lsa.</strong></span> <span class='ocrx_word' id='word_1_851' title='bbox 971 5853 1089 5902; x_wconf 76' lang='grc' dir='ltr'><strong>ΜΗ,</strong></span> <span class='ocrx_word' id='word_1_852' title='bbox 1115 5839 1169 5893; x_wconf 69' lang='grc'>2.</span> <span class='ocrx_word' id='word_1_853' title='bbox 1249 5840 1293 5878; x_wconf 67' lang='grc'><strong>⁸⁸</strong></span> <span class='ocrx_word' id='word_1_854' title='bbox 1320 5840 1450 5896; x_wconf 66' lang='lat' dir='ltr'><strong>“illi.</strong></span> <span class='ocrx_word' id='word_1_855' title='bbox 1506 5841 1624 5895; x_wconf 65' lang='grc'><strong>2-4.</strong></span> 
     </span>
    </p>
   </div>
   <div class='ocr_carea' id='block_1_106' title="bbox 1883 4646 3454 4716">
    <p class='ocr_par' dir='ltr' id='par_1_106' title="bbox 1883 4646 3454 4716">
     <span class='ocr_line' id='line_1_106' title="bbox 1883 4646 3454 4716; baseline -0.004 -9"><span class='ocrx_word' id='word_1_856' title='bbox 1883 4654 2054 4708; x_wconf 89' lang='lat' dir='ltr'><strong>livore</strong></span> <span class='ocrx_word' id='word_1_857' title='bbox 2080 4665 2336 4705; x_wconf 88' lang='lat' dir='ltr'><strong>sanemur</strong></span> <span class='ocrx_word' id='word_1_858' title='bbox 2366 4667 2379 4702; x_wconf 92' lang='lat'><strong>:</strong></span> <span class='ocrx_word' id='word_1_859' title='bbox 2414 4655 2468 4703; x_wconf 90' lang='lat' dir='ltr'><strong>et</strong></span> <span class='ocrx_word' id='word_1_860' title='bbox 2498 4662 2687 4701; x_wconf 91' lang='lat' dir='ltr'><strong>eorum</strong></span> <span class='ocrx_word' id='word_1_861' title='bbox 2718 4646 2935 4716; x_wconf 90' lang='lat' dir='ltr'><strong>quidem</strong></span> <span class='ocrx_word' id='word_1_862' title='bbox 2980 4660 3100 4715; x_wconf 80' lang='lat' dir='ltr'><strong>quae</strong></span> <span class='ocrx_word' id='word_1_863' title='bbox 3140 4646 3229 4700; x_wconf 89' lang='lat' dir='ltr'><strong>ille</strong></span> <span class='ocrx_word' id='word_1_864' title='bbox 3264 4646 3454 4701; x_wconf 83' lang='lat' dir='ltr'><strong>insons</strong></span> 
     </span>
    </p>
   </div>
   <div class='ocr_carea' id='block_1_107' title="bbox 1881 4738 3451 4811">
    <p class='ocr_par' dir='ltr' id='par_1_107' title="bbox 1881 4738 3451 4811">
     <span class='ocr_line' id='line_1_107' title="bbox 1881 4738 3451 4811; baseline -0.004 -10"><span class='ocrx_word' id='word_1_865' title='bbox 1881 4746 1949 4800; x_wconf 91' lang='lat' dir='ltr'><strong>ab</strong></span> <span class='ocrx_word' id='word_1_866' title='bbox 1994 4742 2302 4798; x_wconf 89' lang='lat' dir='ltr'><strong>hominibus</strong></span> <span class='ocrx_word' id='word_1_867' title='bbox 2348 4755 2613 4811; x_wconf 88' lang='lat' dir='ltr'><strong>passurus</strong></span> <span class='ocrx_word' id='word_1_868' title='bbox 2650 4747 2788 4803; x_wconf 90' lang='lat' dir='ltr'><strong>erat,</strong></span> <span class='ocrx_word' id='word_1_869' title='bbox 2839 4738 2922 4792; x_wconf 61' lang='lat' dir='ltr'><strong>ha:</strong></span> <span class='ocrx_word' id='word_1_870' title='bbox 2966 4738 3184 4792; x_wconf 81' lang='lat' dir='ltr'><strong>fuerunt</strong></span> <span class='ocrx_word' id='word_1_871' title='bbox 3232 4753 3451 4794; x_wconf 84' lang='lat' dir='ltr'><strong>causae:</strong></span> 
     </span>
    </p>
   </div>
   <div class='ocr_carea' id='block_1_108' title="bbox 1879 4830 3449 4902">
    <p class='ocr_par' dir='ltr' id='par_1_108' title="bbox 1879 4830 3449 4902">
     <span class='ocr_line' id='line_1_108' title="bbox 1879 4830 3449 4902; baseline -0.004 -12"><span class='ocrx_word' id='word_1_872' title='bbox 1879 4834 2098 4891; x_wconf 68' lang='lat' dir='ltr'><strong>Judaeos</strong></span> <span class='ocrx_word' id='word_1_873' title='bbox 2127 4841 2304 4888; x_wconf 90' lang='lat' dir='ltr'><strong>autem</strong></span> <span class='ocrx_word' id='word_1_874' title='bbox 2335 4831 2427 4902; x_wconf 93' lang='lat' dir='ltr'><strong>qui</strong></span> <span class='ocrx_word' id='word_1_875' title='bbox 2459 4831 2534 4884; x_wconf 89' lang='lat' dir='ltr'><strong>illi</strong></span> <span class='ocrx_word' id='word_1_876' title='bbox 2568 4838 2796 4884; x_wconf 89' lang='lat' dir='ltr'><strong>mortem</strong></span> <span class='ocrx_word' id='word_1_877' title='bbox 2821 4830 3143 4894; x_wconf 88' lang='lat' dir='ltr'><strong>attulerunt,</strong></span> <span class='ocrx_word' id='word_1_878' title='bbox 3178 4844 3449 4901; x_wconf 90' lang='lat' dir='ltr'><strong>nusquam</strong></span> 
     </span>
    </p>
   </div>
   <div class='ocr_carea' id='block_1_109' title="bbox 1880 4922 3457 4996">
    <p class='ocr_par' dir='ltr' id='par_1_109' title="bbox 1880 4922 3457 4996">
     <span class='ocr_line' id='line_1_109' title="bbox 1880 4922 3457 4996; baseline -0.004 -16"><span class='ocrx_word' id='word_1_879' title='bbox 1880 4929 2086 4982; x_wconf 89' lang='lat' dir='ltr'><strong>veritus</strong></span> <span class='ocrx_word' id='word_1_880' title='bbox 2147 4928 2403 4996; x_wconf 86' lang='lat' dir='ltr'><strong>propheta</strong></span> <span class='ocrx_word' id='word_1_881' title='bbox 2466 4925 2770 4989; x_wconf 88' lang='lat' dir='ltr'><strong>mirabilis,</strong></span> <span class='ocrx_word' id='word_1_882' title='bbox 2830 4924 2933 4977; x_wconf 85' lang='lat' dir='ltr'><strong>hoc</strong></span> <span class='ocrx_word' id='word_1_883' title='bbox 2995 4922 3172 4992; x_wconf 88' lang='lat' dir='ltr'><strong>ipsum</strong></span> <span class='ocrx_word' id='word_1_884' title='bbox 3237 4937 3457 4990; x_wconf 87' lang='lat' dir='ltr'><strong>quoque</strong></span> 
     </span>
    </p>
   </div>
   <div class='ocr_carea' id='block_1_110' title="bbox 1881 5013 3451 5087">
    <p class='ocr_par' dir='ltr' id='par_1_110' title="bbox 1881 5013 3451 5087">
     <span class='ocr_line' id='line_1_110' title="bbox 1881 5013 3451 5087; baseline -0.006 -15"><span class='ocrx_word' id='word_1_885' title='bbox 1881 5018 2165 5087; x_wconf 90' lang='lat' dir='ltr'><strong>perspicue</strong></span> <span class='ocrx_word' id='word_1_886' title='bbox 2210 5018 2507 5085; x_wconf 83' lang='lat' dir='ltr'><strong>redarguit,</strong></span> <span class='ocrx_word' id='word_1_887' title='bbox 2548 5017 2704 5085; x_wconf 85' lang='lat' dir='ltr'><strong>plane</strong></span> <span class='ocrx_word' id='word_1_888' title='bbox 2747 5016 3069 5085; x_wconf 88' lang='lat' dir='ltr'><strong>deplorans,</strong></span> <span class='ocrx_word' id='word_1_889' title='bbox 3104 5029 3166 5068; x_wconf 89' lang='lat' dir='ltr'><strong>ae</strong></span> <span class='ocrx_word' id='word_1_890' title='bbox 3215 5013 3403 5066; x_wconf 89' lang='lat' dir='ltr'><strong>dicens</strong></span> <span class='ocrx_word' id='word_1_891' title='bbox 3438 5029 3451 5063; x_wconf 86' lang='lat'><strong>:</strong></span> 
     </span>
    </p>
   </div>
   <div class='ocr_carea' id='block_1_111' title="bbox 1888 5104 3450 5179">
    <p class='ocr_par' dir='ltr' id='par_1_111' title="bbox 1888 5104 3450 5179">
     <span class='ocr_line' id='line_1_111' title="bbox 1888 5104 3450 5179; baseline -0.004 -18"><span class='ocrx_word' id='word_1_892' title='bbox 1888 5127 1907 5161; x_wconf 74' lang='grc' dir='ltr'><strong>ι</strong></span> <span class='ocrx_word' id='word_1_893' title='bbox 1942 5107 2021 5163; x_wconf 84' lang='lat' dir='ltr'><strong>Ex</strong></span> <span class='ocrx_word' id='word_1_894' title='bbox 2064 5108 2442 5179; x_wconf 87' lang='lat' dir='ltr'><strong>iniquitatibus</strong></span> <span class='ocrx_word' id='word_1_895' title='bbox 2487 5108 2670 5179; x_wconf 89' lang='lat' dir='ltr'><strong>populi</strong></span> <span class='ocrx_word' id='word_1_896' title='bbox 2700 5108 2803 5162; x_wconf 92' lang='lat' dir='ltr'><strong>mei</strong></span> <span class='ocrx_word' id='word_1_897' title='bbox 2848 5107 3043 5161; x_wconf 89' lang='lat' dir='ltr'><strong>ductus</strong></span> <span class='ocrx_word' id='word_1_898' title='bbox 3076 5113 3161 5159; x_wconf 89' lang='lat' dir='ltr'><strong>cst</strong></span> <span class='ocrx_word' id='word_1_899' title='bbox 3200 5104 3264 5158; x_wconf 88' lang='lat' dir='ltr'><strong>ad</strong></span> <span class='ocrx_word' id='word_1_900' title='bbox 3298 5116 3450 5157; x_wconf 89' lang='lat' dir='ltr'><strong>mor-</strong></span> 
     </span>
    </p>
   </div>
   <div class='ocr_carea' id='block_1_112' title="bbox 1879 5197 3447 5267">
    <p class='ocr_par' dir='ltr' id='par_1_112' title="bbox 1879 5197 3447 5267">
     <span class='ocr_line' id='line_1_112' title="bbox 1879 5197 3447 5267; baseline 0.002 -15"><span class='ocrx_word' id='word_1_901' title='bbox 1879 5206 1987 5254; x_wconf 86' lang='lat' dir='ltr'><strong>tem</strong></span> <span class='ocrx_word' id='word_1_902' title='bbox 2008 5199 2073 5251; x_wconf 68' lang='lat'><strong>”.</strong></span> <span class='ocrx_word' id='word_1_903' title='bbox 2121 5217 2140 5250; x_wconf 72' lang='grc' dir='ltr'><strong>ι</strong></span> <span class='ocrx_word' id='word_1_904' title='bbox 2192 5197 2395 5253; x_wconf 90' lang='lat' dir='ltr'><strong>Deinde</strong></span> <span class='ocrx_word' id='word_1_905' title='bbox 2443 5212 2594 5262; x_wconf 83' lang='lat' dir='ltr'><strong>vero,</strong></span> <span class='ocrx_word' id='word_1_906' title='bbox 2631 5199 2889 5267; x_wconf 91' lang='lat' dir='ltr'><strong>quoniam</strong></span> <span class='ocrx_word' id='word_1_907' title='bbox 2946 5200 3076 5261; x_wconf 89' lang='lat' dir='ltr'><strong>cito,</strong></span> <span class='ocrx_word' id='word_1_908' title='bbox 3134 5215 3309 5267; x_wconf 90' lang='lat' dir='ltr'><strong>neque</strong></span> <span class='ocrx_word' id='word_1_909' title='bbox 3376 5202 3447 5255; x_wconf 88' lang='lat' dir='ltr'><strong>ita</strong></span> 
     </span>
    </p>
   </div>
   <div class='ocr_carea' id='block_1_113' title="bbox 1882 5288 3451 5367">
    <p class='ocr_par' dir='ltr' id='par_1_113' title="bbox 1882 5288 3451 5367">
     <span class='ocr_line' id='line_1_113' title="bbox 1882 5288 3451 5367; baseline 0.003 -23"><span class='ocrx_word' id='word_1_910' title='bbox 1882 5291 2053 5367; x_wconf 84' lang='lat' dir='ltr'><strong>multo</strong></span> <span class='ocrx_word' id='word_1_911' title='bbox 2082 5297 2204 5360; x_wconf 80' lang='lat' dir='ltr'><strong>post</strong></span> <span class='ocrx_word' id='word_1_912' title='bbox 2244 5288 2486 5343; x_wconf 81' lang='lat' dir='ltr'><strong>nefarios</strong></span> <span class='ocrx_word' id='word_1_913' title='bbox 2527 5289 2791 5344; x_wconf 79' lang='lat' dir='ltr'><strong>adversus</strong></span> <span class='ocrx_word' id='word_1_914' title='bbox 2816 5289 3094 5344; x_wconf 81' lang='lat' dir='ltr'><strong>Christum</strong></span> <span class='ocrx_word' id='word_1_915' title='bbox 3139 5307 3327 5356; x_wconf 87' lang='lat' dir='ltr'><strong>ausus,</strong></span> <span class='ocrx_word' id='word_1_916' title='bbox 3354 5296 3451 5348; x_wconf 68' lang='lat' dir='ltr'><strong>ci-</strong></span> 
     </span>
    </p>
   </div>
   <div class='ocr_carea' id='block_1_114' title="bbox 1879 5381 3455 5442">
    <p class='ocr_par' dir='ltr' id='par_1_114' title="bbox 1879 5381 3455 5442">
     <span class='ocr_line' id='line_1_114' title="bbox 1879 5381 3455 5442; baseline 0.003 -5"><span class='ocrx_word' id='word_1_917' title='bbox 1879 5390 2087 5439; x_wconf 88' lang='lat' dir='ltr'><strong>tremus</strong></span> <span class='ocrx_word' id='word_1_918' title='bbox 2118 5383 2184 5436; x_wconf 91' lang='lat' dir='ltr'><strong>ad</strong></span> <span class='ocrx_word' id='word_1_919' title='bbox 2216 5383 2338 5437; x_wconf 91' lang='lat' dir='ltr'><strong>illos</strong></span> <span class='ocrx_word' id='word_1_920' title='bbox 2370 5398 2433 5437; x_wconf 77' lang='lat' dir='ltr'><strong>ex</strong></span> <span class='ocrx_word' id='word_1_921' title='bbox 2478 5381 2765 5437; x_wconf 87' lang='lat' dir='ltr'><strong>obsidione</strong></span> <span class='ocrx_word' id='word_1_922' title='bbox 2797 5381 3168 5437; x_wconf 80' lang='lat' dir='ltr'><strong>Romanorum</strong></span> <span class='ocrx_word' id='word_1_923' title='bbox 3193 5384 3455 5442; x_wconf 87' lang='lat' dir='ltr'><strong>interitus</strong></span> 
     </span>
    </p>
   </div>
   <div class='ocr_carea' id='block_1_115' title="bbox 1879 5472 3453 5543">
    <p class='ocr_par' dir='ltr' id='par_1_115' title="bbox 1879 5472 3453 5543">
     <span class='ocr_line' id='line_1_115' title="bbox 1879 5472 3453 5543; baseline 0.001 -15"><span class='ocrx_word' id='word_1_924' title='bbox 1879 5480 1997 5528; x_wconf 88' lang='lat' dir='ltr'><strong>erat</strong></span> <span class='ocrx_word' id='word_1_925' title='bbox 2024 5481 2308 5539; x_wconf 91' lang='lat' dir='ltr'><strong>venturus,</strong></span> <span class='ocrx_word' id='word_1_926' title='bbox 2335 5489 2403 5528; x_wconf 93' lang='lat' dir='ltr'><strong>ne</strong></span> <span class='ocrx_word' id='word_1_927' title='bbox 2431 5473 2534 5527; x_wconf 87' lang='lat' dir='ltr'><strong>hoc</strong></span> <span class='ocrx_word' id='word_1_928' title='bbox 2564 5472 2781 5543; x_wconf 90' lang='lat' dir='ltr'><strong>quidem</strong></span> <span class='ocrx_word' id='word_1_929' title='bbox 2814 5474 3055 5543; x_wconf 70' lang='lat' dir='ltr'><strong>prazterit</strong></span> <span class='ocrx_word' id='word_1_930' title='bbox 3083 5475 3320 5539; x_wconf 88' lang='lat' dir='ltr'><strong>silentio,</strong></span> <span class='ocrx_word' id='word_1_931' title='bbox 3357 5477 3453 5530; x_wconf 89' lang='lat' dir='ltr'><strong>sed</strong></span> 
     </span>
    </p>
   </div>
   <div class='ocr_carea' id='block_1_116' title="bbox 1875 5563 3453 5640">
    <p class='ocr_par' dir='ltr' id='par_1_116' title="bbox 1875 5563 3453 5640">
     <span class='ocr_line' id='line_1_116' title="bbox 1875 5563 3453 5640; baseline 0.002 -22"><span class='ocrx_word' id='word_1_932' title='bbox 1875 5564 2150 5634; x_wconf 77' lang='lat' dir='ltr'><strong>adiungit:</strong></span> <span class='ocrx_word' id='word_1_933' title='bbox 2180 5583 2198 5613; x_wconf 85' lang='grc'><strong>‹</strong></span> <span class='ocrx_word' id='word_1_934' title='bbox 2220 5563 2286 5617; x_wconf 88' lang='grc' dir='ltr'>Ει</span> <span class='ocrx_word' id='word_1_935' title='bbox 2306 5564 2446 5619; x_wconf 90' lang='lat' dir='ltr'><strong>dabo</strong></span> <span class='ocrx_word' id='word_1_936' title='bbox 2468 5566 2764 5620; x_wconf 87' lang='lat' dir='ltr'><strong>sceleratos</strong></span> <span class='ocrx_word' id='word_1_937' title='bbox 2785 5581 2883 5635; x_wconf 91' lang='lat' dir='ltr'><strong>pro</strong></span> <span class='ocrx_word' id='word_1_938' title='bbox 2910 5568 3188 5636; x_wconf 89' lang='lat' dir='ltr'><strong>sepultura</strong></span> <span class='ocrx_word' id='word_1_939' title='bbox 3217 5568 3338 5640; x_wconf 83' lang='lat' dir='ltr'><strong>ejus</strong></span> <span class='ocrx_word' id='word_1_940' title='bbox 3361 5607 3376 5630; x_wconf 90' lang='lat'><strong>,</strong></span> <span class='ocrx_word' id='word_1_941' title='bbox 3403 5578 3453 5621; x_wconf 90' lang='lat' dir='ltr'><strong>et</strong></span> 
     </span>
    </p>
   </div>
   <div class='ocr_carea' id='block_1_117' title="bbox 1877 5656 3445 5729">
    <p class='ocr_par' dir='ltr' id='par_1_117' title="bbox 1877 5656 3445 5729">
     <span class='ocr_line' id='line_1_117' title="bbox 1877 5656 3445 5729; baseline 0.002 -19"><span class='ocrx_word' id='word_1_942' title='bbox 1877 5656 2073 5712; x_wconf 85' lang='lat' dir='ltr'><strong>divites</strong></span> <span class='ocrx_word' id='word_1_943' title='bbox 2102 5670 2201 5725; x_wconf 85' lang='lat' dir='ltr'><strong>pro</strong></span> <span class='ocrx_word' id='word_1_944' title='bbox 2234 5665 2409 5711; x_wconf 86' lang='lat' dir='ltr'><strong>morte</strong></span> <span class='ocrx_word' id='word_1_945' title='bbox 2441 5656 2560 5726; x_wconf 87' lang='lat' dir='ltr'><strong>ejus</strong></span> <span class='ocrx_word' id='word_1_946' title='bbox 2580 5656 2625 5688; x_wconf 75' lang='lat'><strong>&quot;</strong></span> <span class='ocrx_word' id='word_1_947' title='bbox 2658 5676 2671 5711; x_wconf 91' lang='lat'><strong>:</strong></span> <span class='ocrx_word' id='word_1_948' title='bbox 2716 5676 2733 5707; x_wconf 79' lang='grc' dir='ltr'><strong>ι</strong></span> <span class='ocrx_word' id='word_1_949' title='bbox 2763 5664 2815 5712; x_wconf 91' lang='lat' dir='ltr'><strong>et</strong></span> <span class='ocrx_word' id='word_1_950' title='bbox 2857 5665 3069 5727; x_wconf 81' lang='lat' dir='ltr'><strong>poterat</strong></span> <span class='ocrx_word' id='word_1_951' title='bbox 3098 5659 3315 5729; x_wconf 92' lang='lat' dir='ltr'><strong>quidem</strong></span> <span class='ocrx_word' id='word_1_952' title='bbox 3360 5658 3445 5713; x_wconf 78' lang='lat' dir='ltr'><strong>his</strong></span> 
     </span>
    </p>
   </div>
   <div class='ocr_carea' id='block_1_118' title="bbox 1706 5835 2787 5892">
    <p class='ocr_par' dir='ltr' id='par_1_118' title="bbox 1706 5835 2787 5892">
     <span class='ocr_line' id='line_1_118' title="bbox 1706 5835 2787 5892; baseline 0.001 -3"><span class='ocrx_word' id='word_1_953' title='bbox 1706 5837 2043 5892; x_wconf 61' lang='lat' dir='ltr'><strong>“ibid.4-8.</strong></span> <span class='ocrx_word' id='word_1_954' title='bbox 2123 5835 2167 5867; x_wconf 67' lang='grc' dir='ltr'><strong>ιε</strong></span> <span class='ocrx_word' id='word_1_955' title='bbox 2220 5835 2349 5888; x_wconf 89' lang='lat' dir='ltr'><strong>ibid.</strong></span> <span class='ocrx_word' id='word_1_956' title='bbox 2380 5836 2431 5890; x_wconf 86' lang='lat' dir='ltr'><strong>s.</strong></span> <span class='ocrx_word' id='word_1_957' title='bbox 2512 5835 2787 5890; x_wconf 46' lang='lat' dir='ltr'><strong>natura.</strong></span> 
     </span>
    </p>
   </div>
  </div>
