3880 6256
468 372 601 435 183,

1132 371 1403 429 EUSEBII
1440 370 1915 428 CESARIENSIS
1950 372 2098 428 OPP.
2144 371 2326 428 PARS
2360 373 2425 428 Il.
2467 402 2536 415 --
2570 351 3066 429 APOLOGETICA:

3572 381 3662 437 {85

464 484 805 559 prophetiam
845 484 1169 551 terminare,
1216 486 1263 541 si
1309 485 1443 540 nihil
1489 485 1721 554 amplius
1776 485 2017 540 futurum

2125 484 2335 540 αἰώνιον
2392 487 2534 557 ζωὴν
2576 486 2761 551 αὑτοῦ,
2792 489 2889 560 τὴν
2928 488 3064 560 μετά
3100 488 3190 541 τὸν
3236 491 3476 556 θάνατον,
3517 494 3548 563 ἢ
3583 497 3664 548 τὶν

467 586 590 649 post
617 579 819 633 Christi
872 587 1102 634 mortem
1153 564 1401 644 vidisset,
1444 579 1538 635 sed
1567 578 1845 650 quoniam,
1876 579 2024 634 brevi

468 685 621 724 mora
659 667 966 740 interjecta,
999 678 1118 727 erat
1153 687 1183 725 a
1219 679 1396 726 morte
1424 672 1537 726 sive
1564 686 1593 723 a
1632 670 1913 740 sepultura
1939 685 2024 724 re-

464 762 818 832 migraturus.
854 768 1018 833 atque
1072 763 1129 817 in
1180 764 1347 817 vitam
1405 763 1794 825 restituendus,
1828 760 1894 816 de
1923 761 2026 815 hac

463 867 681 922 quoque
714 867 773 906 re
815 853 1072 923 deinceps
1127 853 1242 908 haac
1301 853 1469 918 addit,
1511 852 1591 907 sic
1625 852 1812 907 dicens
1849 870 1860 904 :
1904 868 1922 901 ι
1960 848 2025 903 Et

464 941 726 998 Dominus
766 945 880 997 vult
918 960 1148 1015 purgare
1180 959 1302 1001 eum
1346 959 1375 997 a
1406 946 1558 1015 plaga
1598 944 1645 999 si
1677 944 1930 1008 traditus,
1955 944 2026 997 sit

465 1050 562 1105 pro
582 1042 825 1105 peccato.
850 1036 1041 1090 Anima
1053 1043 1235 1092 vestra
1256 1037 1458 1091 videbit
1479 1052 1660 1092 semen
1684 1037 1982 1106 longaevum
2007 1054 2021 1090 :

463 1134 518 1181 et
549 1127 665 1180 vult
715 1126 978 1183 Dominus
1010 1128 1228 1183 auferre
1279 1144 1308 1182 a
1330 1128 1515 1182 labore
1564 1128 1760 1182 animae
1796 1127 1936 1197 ejus,
1967 1134 2026 1181 ut

465 1218 720 1274 ostendat
750 1220 800 1273 ei
833 1220 1007 1274 lucem
1025 1220 1092 1273 ⁸ο.
1119 1239 1138 1271 ι
1172 1217 1274 1287 Qui
1305 1218 1555 1288 superius
1583 1218 1720 1272 dixit
1757 1236 1812 1273 ει
1851 1216 2025 1272 Homo

471 1310 527 1366 in
559 1310 711 1381 plaga
746 1313 1100 1376 constitutus,
1138 1332 1154 1364 ι
1191 1320 1244 1366 et
1270 1329 1289 1362 ι
1326 1312 1417 1381 qui
1442 1310 1593 1365 novit
1622 1309 1764 1365 ferre
1798 1310 2027 1381 languo-

466 1415 602 1464 rem,
662 1420 680 1453 ι
731 1417 877 1456 nunc
921 1409 1039 1471 post
1081 1409 1308 1457 mortem
1369 1402 1489 1470 ejus
1549 1409 1603 1456 et
1648 1401 2018 1471 sepulturam:

472 1508 491 1542 ι
518 1488 804 1554 Dominus,
836 1491 1033 1561 inquit,
1073 1491 1187 1545 vult
1209 1505 1443 1561 purgare
1470 1506 1594 1544 eum
1626 1504 1655 1543 a
1687 1492 1866 1560 plaga,
1911 1508 1929 1540 ι
1970 1497 2025 1545 et

468 1580 564 1648 qui
600 1577 704 1633 hoc
740 1579 864 1633 ﬁet?
908 1598 927 1630 ι
967 1580 1011 1634 si
1038 1580 1291 1642 traditus,
1324 1580 1521 1650 inquit,
1555 1579 1717 1635 fuerit
1761 1596 1859 1651 pro
1897 1595 2024 1651 pec-

462 1677 607 1734 cato,
657 1670 840 1724 anima
883 1677 1062 1725 vestra
1123 1670 1323 1726 videbit
1374 1687 1557 1727 semen
1620 1672 1961 1742 longaevum;
1999 1690 2017 1723 ι

462 1776 572 1819 non
608 1762 753 1816 enim
781 1763 1035 1819 omnibus
1067 1778 1388 1819 concessum
1420 1771 1505 1820 est
1535 1767 1833 1835 longaevum
1865 1765 2023 1821 Chri-

2126 577 2248 630 καθ’
2282 577 2409 648 ὅλης
2432 578 2532 649 τῆς
2566 580 2884 651 οἰκουμένης
2923 581 3291 651 ὲπισπαρέντα
3328 582 3487 636 αὑτοῦ
3525 585 3665 654 λόγον

2129 671 2422 743 μακρόϐιον
2479 673 2752 743 ἐσόμενον,
2809 675 2900 727 καὶ
2943 677 3021 737 εἰς
3071 674 3131 727 τὸ
3176 675 3261 726 ἀεὶ
3306 675 3661 746 διαρκέσοντα.

2126 761 2294 816 Πάλιν
2348 759 2615 834 ἀνώτερον
2660 762 2848 827 εἰπὼν,
2890 784 2906 813 ι
2944 765 3052 819 Καὶ
3113 767 3272 835 ἡμεῖς
3325 764 3663 837 ἐλογισάμεθα

2126 855 2284 910 αὐτὸν
2306 850 2440 907 εἶναι
2472 856 2528 908 ἐν
2560 855 2722 926 πόνῳ,
2764 875 2781 905 ι
2807 855 2898 908 νῦν
2938 855 3074 925 μετὰ
3113 856 3209 925 τὴν
3237 857 3445 927 σφαγὴν
3476 860 3566 912 καὶ
3583 861 3665 916 τὸν

2127 946 2349 999 θάνατον
2390 945 2572 1007 αὐτοῦ,
2616 945 2775 1015 φησίν
2796 962 2809 975 ·
2852 964 2869 995 ι
2904 945 3012 997 Καὶ
3047 945 3287 1014 βούλεται
3322 944 3517 1016 Κύριος
3545 949 3665 1016 ἀφε-

2125 1035 2236 1088 λεῖν
2263 1035 2374 1090 ἀπὸ
2414 1034 2508 1089 τοῦ
2557 1035 2718 1089 πόνου
2762 1035 2861 1105 τῆς
2892 1034 3070 1106 ψυχῆς
3119 1034 3301 1100 αὐτοῦ,
3331 1034 3494 1102 δεῖξαι
3533 1038 3666 1109 αὐτῷ

2125 1126 2258 1194 φῶς.
2295 1145 2311 1176 ι
2355 1127 2505 1179 Ἐπεὶ
2549 1126 2726 1179 τοίνυν
2757 1125 3073 1197 βεϐούληται
3110 1125 3330 1199 Κύριος,
3357 1129 3385 1179 6
3415 1127 3517 1181 τῶν
3543 1129 3664 1183 ὅλων

2124 1216 2254 1280 Θεὸς
2286 1216 2579 1288 καθαρίσαι
2625 1216 2784 1270 αὑτὸν
2810 1217 2907 1286 τῆς
2942 1216 3170 1287 πληγῆς,
3221 1217 3310 1270 καί
3345 1218 3509 1282 δεῖξαι
3535 1219 3665 1290 αὐτῴ

2124 1306 2259 1376 φῶς,
2288 1308 2501 1371 πάντως
2532 1324 2632 1360 που
2658 1306 2951 1378 βουληθεὶς,
2970 1308 3223 1378 πράξειεν
3246 1306 3310 1360 ἂν
3332 1308 3359 1361 ὃ
3390 1308 3661 1381 ἠϐουλήθη.

2124 1396 2287 1452 Οὐδὲν
2319 1399 2426 1471 γάρ
2473 1401 2622 1450 ἐστιν
2655 1398 2683 1450 ὃ
2716 1397 2790 1469 μὴ
2824 1398 3028 1466 γίνεται
3071 1392 3144 1452 ὧν
3201 1397 3480 1467 βούλεται·
3530 1398 3669 1452 ἐϐου-

2123 1489 2260 1562 λήθη
2311 1488 2368 1543 δέ
2422 1486 2712 1558 καθαρίσαι
2769 1487 2929 1540 αὑτὸν
2986 1488 3078 1540 καὶ
3126 1488 3295 1554 δεῖξαι
3342 1487 3489 1559 αὖτῴ
3532 1489 3664 1556 (ἕνεκ’

2123 1582 2374 1653 ἐποίησεν
2416 1582 2522 1652 ἄρα
2555 1578 2727 1634 ταῦτα
2778 1595 2793 1610 ’
2833 1580 2925 1633 καὶ
2946 1579 3244 1651 καθαρίσας
3290 1580 3450 1633 αὐτὸν
3487 1579 3669 1645 ἔδειξεν

2123 1673 2271 1744 αὐτῷ
2303 1673 2436 1742 φῶς.
2472 1672 2579 1726 Καὶ
2608 1673 2728 1725 ἐπεὶ
2750 1671 3032 1743 ἐϐουλήθη,
3054 1672 3149 1726 καὶ
3187 1671 3464 1743 βουληθεὶς
3498 1671 3667 1741 ἀφεῖλε

2123 1767 2211 1819 τὸν
2242 1766 2401 1819 πόνον
2444 1765 2543 1835 τῆς
2594 1764 2770 1835 ψυχῆς
2802 1764 2986 1828 αὑτοῦ,
3019 1764 3112 1818 καί⁵
3142 1763 3336 1829 ἔδειξεν
3370 1763 3516 1835 αὐτῷ
3546 1764 3667 1833 φῶς,

463 1855 532 1908 sti
569 1869 753 1909 semen
789 1853 1011 1918 intueri,
1038 1854 1134 1909 sed
1175 1854 1242 1911 iis
1269 1856 1401 1912 solis
1433 1856 1526 1927 qui
1556 1857 1939 1922 conﬁteantur,
1968 1866 2023 1913 et

2125 1858 2342 1922 εἰκότως
2370 1860 2398 1911 6
2430 1858 2718 1930 Προφήτης
2744 1857 3116 1919 ἐπισυνάπτει,
3138 1856 3307 1925 λέγων
3327 1874 3339 1887 ·
3373 1876 3392 1907 ι
3420 1857 3514 1911 Διά
3528 1857 3669 1910 τοῦτο

462 1961 691 2002 numera
749 1946 979 2002 offerant
1030 1946 1139 2002 Deo
1188 1964 1284 2017 pro
1334 1951 1588 2020 peccatis.
1646 1950 1850 2005 Horum
1881 1952 2025 2007 enim

463 2038 728 2091 duntaxat
776 2037 963 2092 anima
995 2038 1198 2093 videbit
1239 2054 1424 2094 semen
1471 2041 1768 2112 longaevum
1797 2041 2022 2107 Christi,

462 2128 568 2185 hoc
589 2137 691 2191 est,
719 2135 814 2181 aut
846 2137 1104 2184 aeternam
1145 2130 1308 2184 vitam
1339 2131 1458 2199 ejus
1487 2139 1611 2202 post
1647 2142 1899 2197 mortem,
1933 2138 2026 2187 aut

462 2219 710 2288 ejusdem
748 2219 971 2274 verbum
1002 2236 1099 2290 per
1131 2228 1300 2278 totum
1330 2229 1599 2277 terrarum
1634 2224 1818 2278 orbem
1850 2225 2026 2281 disse-

462 2313 752 2375 minatum,
783 2310 929 2382 quod
961 2312 1263 2380 longaevum
1294 2313 1536 2368 futurum
1560 2323 1666 2379 est,
1706 2330 2027 2384 semperque

461 2402 806 2459 duraturum.
861 2402 1098 2470 Rursus,
1133 2406 1226 2476 qui
1284 2407 1535 2477 superius
1591 2406 1800 2463 dixerat
1839 2423 1854 2459 :
1898 2425 1916 2458 ι
1961 2406 2025 2461 Et

462 2509 564 2550 nos
595 2496 905 2566 putavimus
948 2497 1098 2552 illum
1140 2512 1264 2552 esse
1305 2497 1359 2551 in
1389 2498 1612 2554 labore:
1660 2518 1679 2550 ι
1725 2513 1872 2553 nunc
1906 2507 2028 2568 post

463 2584 666 2641 caedem
718 2593 1057 2661 mortemque
1084 2589 1225 2657 ejus,
1270 2588 1392 2643 ait:
1432 2607 1451 2640 ι
1489 2588 1555 2643 Et
1601 2589 1717 2644 vult
1762 2588 2026 2646 Dominus

460 2677 681 2735 auferre
713 2694 743 2732 a
782 2680 967 2735 labore
999 2681 1193 2737 anima:
1240 2681 1380 2749 ejus,
1428 2691 1486 2735 ut
1535 2681 1790 2736 ostendat
1838 2683 1888 2735 ei
1938 2682 2024 2736 lu-

461 2782 602 2824 cent.
647 2789 667 2822 ι
699 2767 977 2836 Quoniam
1023 2770 1191 2840 igitur
1246 2770 1566 2826 deliberavit
1621 2770 1902 2834 Dominus,
1931 2772 2022 2842 qui

462 2856 610 2916 Deus
639 2869 722 2914 est
768 2861 1008 2915 universi
1046 2876 1279 2931 purgare
1304 2862 1455 2915 illum
1490 2877 1520 2914 a
1565 2861 1754 2932 plaga,
1789 2861 1945 2932 100
1974 2869 2027 2917 et

462 2951 752 3007 ostendere
776 2951 829 3005 in
862 2953 1036 3007 lucem
1067 2972 1081 3010 :
1115 2953 1426 3010 necessario
1450 2954 1659 3023 utique,
1693 2955 1786 3025 qui
1830 2955 2021 3020 voluit,

463 3043 517 3101 id
563 3041 718 3101 faciet
756 3044 901 3115 quod
958 3045 1146 3099 voluit.
1179 3043 1322 3099 Nihil
1365 3044 1511 3100 enim
1539 3052 1623 3101 est
1664 3061 1850 3101 eorum
1906 3062 2026 3118 quae

463 3136 581 3191 vult
609 3135 754 3206 quod
781 3152 891 3190 non
926 3137 1018 3190 ﬁat
1052 3155 1068 3193 :
1101 3136 1269 3192 voluit
1298 3145 1478 3193 autem
1508 3153 1736 3209 purgare
1770 3139 1943 3204 illum,
1972 3147 2027 3194 et

2124 1949 2286 2012 αὐτὸς
2331 1949 2723 2021 κληρονομήσει
2770 1948 3015 2012 πολλοὺς,
3059 1947 3287 2002 καὶτῶν
3321 1947 3551 2018 ἰσχυρῶν
3586 1966 3670 2019 με·

2127 2043 2231 2113 ριεῖ
2265 2040 2453 2093 σκῦλα.
2498 2059 2515 2092 ι
2552 2039 2718 2093 Ἔνθα
2736 2038 2916 2092 λοιπὸν
2942 2039 3041 2111 ἤδη
3079 2039 3172 2094 καὶ
3197 2040 3295 2110 τῆς
3324 2038 3669 2111 κληρονομίας

2124 2130 2217 2184 τοῦ
2248 2129 2482 2202 Χριστοῦ
2507 2129 2865 2202 μέμνηταιτῷ
2878 2130 3111 2201 δευτέρῳ
3137 2130 3443 2200 συμφώνως
3470 2129 3669 2201 ψαλμῷ,

2122 2215 2267 2275 δι’οῦ
2303 2220 2431 2292 περί¹
2477 2221 2576 2291 τῆς
2605 2219 2891 2291 ἐπιϐουλῆς
2934 2221 3035 2289 τῆς
3073 2220 3191 2276 κατ’
3226 2221 3387 2274 αὐτοῦ
3431 2238 3673 2275 συσκευα-

2126 2311 2344 2383 σθείσης
2376 2310 2634 2381 ὀνομαστὶ
2681 2310 2942 2390 θεσπίσας
2968 2313 2996 2364 ό
3023 2310 3178 2379 λόγος
3227 2312 3285 2364 ἐν
3321 2311 3423 2381 τῷ,
3461 2331 3477 2363 ι
3508 2311 3671 2381 Παρέ-

2126 2417 2325 2470 στησαν
2366 2401 2415 2454 οἱ
2462 2399 2699 2470 βασιλεῖς
2751 2401 2847 2470 τῆς
2879 2401 3000 2471 γῆς,
3028 2402 3120 2454 καὶ
3157 2402 3205 2454 οί
3235 2400 3493 2472 ἄρχοντες
3526 2404 3673 2473 συνή-

2124 2490 2326 2562 χθησαν
2365 2492 2455 2544 ἐπὶ
2493 2491 2552 2544 τὸ
2579 2491 2709 2545 αὐτὸ
2751 2492 2889 2545 κατά
2928 2492 3022 2545 τοῦ
3053 2493 3258 2563 Κυρίου
3293 2494 3389 2547 καί
3431 2484 3562 2548 κατά
3586 2492 3668 2545 τοῦ

2124 2581 2360 2653 Χριστοῦ
2390 2582 2574 2646 αὑτοῦ,
2619 2582 2742 2653 ἑξῆς
2776 2582 3044 2652 ἐπιλέγειο
3087 2602 3105 2635 ι
3154 2584 3355 2655 Κύριος
3384 2581 3502 2637 εἷπε
3548 2583 3670 2654 πρὸς

2128 2673 2223 2743 μέ·
2255 2673 2379 2736 Υἱός
2432 2690 2532 2744 μου
2593 2669 2643 2727 εί
2696 2675 2782 2741 σὺ,
2830 2674 2940 2743 ἐγὼ
2986 2677 3222 2747 σήμερον
3257 2678 3554 2749 γεγέννηκά
3586 2692 3666 2728 σε·

2123 2762 2343 2835 αἰτησαι
2363 2765 2490 2837 παρ’
2513 2765 2665 2836 ἐμοῦ,
2688 2768 2782 2820 καὶ
2796 2766 2951 2821 δώσω
2970 2783 3049 2821 σοι
3068 2766 3192 2839 ἔθνη
3209 2767 3304 2839 τὴν
3326 2768 3671 2840 κληρονομίαν

2125 2869 2240 2918 σου,
2275 2855 2368 2907 καὶ
2407 2856 2506 2927 τὴν
2546 2857 2871 2928 κατάσχεσίν
2916 2874 3006 2911 σου
3044 2858 3111 2911 τὰ
3140 2859 3349 2930 πέρατα
3377 2861 3476 2932 τῆς
3503 2861 3616 2930 γῆς.
3650 2878 3667 2909 ι

2125 2945 2309 3001 Ταῦτα
2340 2946 2385 3001 δ’
2414 2941 2504 2999 οῦν
2526 2947 2592 3001 τά
2620 2947 2744 3019 ἔθνη
2768 2950 2905 3002 καὶὸ
2933 2951 3212 3022 προφήτης
3243 2950 3462 3021 ᾐνίξατο
3484 2949 3667 3003 εἰπών·

2131 3058 2150 3091 ι
2171 3039 2435 3094 Διὰτοῦτο
2446 3041 2603 3105 αὐτὸς
2615 3040 3004 3114 κληρονομήσει
3017 3042 3259 3107 πολλούς’
3284 3063 3301 3094 ›
3319 3047 3414 3100 καὶ
3429 3042 3669 3112 ἐπιλέγει·

2131 3149 2149 3181 ι
2178 3130 2284 3183 Καὶ
2310 3130 2419 3184 τῶν
2456 3131 2691 3203 ἰσχυρῶν
2742 3135 2919 3204 μεριεῖ
2953 3133 3138 3188 σκῦλα.
3189 3153 3206 3186 ι
3240 3133 3359 3187 Τῶν
3401 3135 3507 3204 γὰρ
3538 3131 3671 3188 δυνάο

463 3229 749 3284 ostendere
777 3227 857 3286 illi
889 3230 1105 3294 lucem;
1135 3228 1260 3285 fecit
1294 3229 1458 3300 igitur
1490 3231 1632 3286 haec:
1662 3239 1715 3286 et
1748 3247 1872 3286 cum
1894 3248 2025 3302 pur-

2128 3242 2271 3297 μεων
2296 3227 2403 3278 τῶν
2438 3226 2845 3297 ἀντικειμένων,
2884 3226 2939 3279 αἳ
2971 3227 3136 3281 πάλαι
3162 3226 3267 3280 τῶν
3294 3227 3465 3283 ἐθνῶν
3498 3222 3671 3302 ἦρχον,

462 3320 674 3393 gaverit
704 3321 878 3385 illum,
903 3320 1141 3376 ostendit
1167 3321 1245 3375 illi
1292 3322 1466 3377 lucem
1495 3340 1506 3377 :
1537 3330 1591 3378 et
1623 3325 1883 3393 quoniam
1928 3340 2025 3379 vo-

2123 3315 2222 3380 τὰς
2253 3317 2591 3388 ὑποχειρίους
2614 3318 2909 3388 ῥυσάμενος
2926 3317 3119 3388 ψυχὰς,
3137 3313 3223 3370 οἷα
3249 3317 3310 3390 δή
3338 3335 3461 3372 τινα
3495 3316 3672 3379 σκῦλα,

464 3410 587 3475 iuit,
627 3420 682 3467 et
711 3411 899 3468 volens
924 3411 1151 3467 abstulit
1183 3412 1423 3467 laborem
1456 3413 1523 3467 ab
1558 3413 1738 3471 anima
1771 3413 1939 3480 illius,
1970 3421 2025 3469 et

2125 3410 2232 3471 τοῖς
2252 3408 2468 3472 οἰκείοις
2501 3408 2735 3478 διένειμε
2767 3395 3050 3479 μαθηταῖς.
3086 3410 3178 3464 Διό
3205 3427 3368 3481 φησιν
3404 3412 3432 3464 6
3466 3408 3673 3471 Ἡσαΐας

461 3503 702 3559 ostendit
747 3504 826 3559 illi
874 3504 1050 3559 lucem
1081 3542 1097 3569 ,
1129 3503 1325 3558 merito
1349 3501 1621 3574 Propheta
1670 3504 1939 3576 sequitur,
1972 3513 2025 3560 et

2125 3499 2253 3571 περὶ
2280 3501 2457 3554 αὐτῶν
2478 3517 2490 3530 ·
2534 3519 2553 3550 ι
2589 3502 2696 3555 Καὶ
2739 3500 3206 3572 εὐφρανθήσονται
3233 3501 3464 3554 ἐνώπιόν
3505 3517 3594 3553 σου
3621 3498 3674 3550 ὃν

464 3595 587 3652 ait:
625 3612 646 3647 ι
705 3593 936 3666 Propter
998 3594 1101 3652 hoc
1139 3596 1257 3666 ipse
1299 3595 1638 3651 haereditabit
1692 3597 1928 3661 multos,
1972 3604 2025 3652 et

2125 3591 2322 3663 τρόπον
2372 3595 2419 3645 οἰ
2448 3591 2806 3668 διαιρούμενοι
2848 3591 3037 3648 σκῦλα.
3071 3613 3087 3644 ι
3125 3593 3234 3645 Καὶ
3275 3596 3303 3646 6
3347 3590 3671 3662 Ψαλμῳδός’

464 3682 686 3742 fortium
741 3684 948 3740 dividet
1003 3685 1176 3755 spolia
1215 3685 1304 3740 ἰι
1360 3704 1379 3737 ι
1416 3685 1505 3743 ubi
1551 3685 1718 3756 (quod
1756 3687 2025 3756 reliquum

2133 3702 2152 3730 σ
2186 3684 2386 3757 Κύριος
2430 3683 2585 3736 δώσει
2628 3684 2778 3754 ῥῆμα
2829 3685 2938 3747 τοῖς
2982 3682 3485 3753 εὐαγγελιζομένοις
3528 3679 3675 3733 δυνά-

466 3773 588 3847 l‘uit)
620 3774 732 3844 jam
769 3774 1104 3830 haereditatis
1138 3773 1300 3829 etiam
1337 3772 1540 3831 Christi
1574 3776 1903 3831 mentionem
1947 3775 2025 3830 fa-

2131 3791 2221 3846 μει
2252 3774 2416 3845 πολλῇ
2437 3791 2450 3804 ·
2482 3777 2509 3828 6
2543 3773 2789 3844 βασιλεὺς
2820 3772 2926 3825 τῶν
2953 3773 3228 3843 δυνάμεων
3257 3773 3348 3825 τοῦ
3383 3766 3674 3841 ἀγαπητοῦ,

465 3867 563 3929 cit,
599 3866 675 3921 illi
701 3866 910 3936 psalmo
938 3876 1304 3921 consentanea
1336 3865 1544 3929 dicens,
1572 3867 1627 3920 in
1656 3883 1765 3937 quo
1795 3867 1863 3923 de
1893 3867 2025 3922 insi-

2127 3869 2192 3938 τῇ
2222 3866 2511 3937 ὡραιότητι
2542 3865 2632 3919 τοῦ
2676 3866 2822 3922 οίκου
2864 3865 3131 3920 διελέσθαι
3172 3866 3361 3921 σκῦλα.
3407 3886 3426 3917 ι
3454 3864 3677 3923 Εἰκότως

464 3955 574 4012 diis
603 3957 865 4012 adversus
905 3956 1057 4011 illum
1098 3959 1430 4013 constructis
1469 3958 1791 4014 nominatim
1820 3975 2025 4016 canens

2126 3960 2411 4030 τοιγαροῦν
2460 3960 2554 4014 καὶ
2603 3958 2834 4013 ἐνταῦθα
2887 3961 3014 4030 περ)¹
3057 3959 3147 4012 τοῦ
3207 3958 3446 4033 Χριστοῦ
3489 3968 3673 4028 φησιν·

465 4048 770 4114 oraculum,
818 4048 912 4103 ubi
961 4049 1077 4103 ait:
1116 4067 1134 4099 ι
1190 4048 1495 4103 Astiterunt
1545 4065 1698 4120 reges
1750 4059 1928 4112 terrm,
1973 4060 2025 4108 et

2133 4069 2151 4102 ι
2190 4051 2288 4106 Διά
2328 4051 2481 4104 τοῦτο
2533 4052 2693 4114 αὐτὸς
2740 4051 3131 4123 κληρονομήσει
3175 4051 3425 4115 πολλοὺς,
3453 4049 3544 4104 καὶ
3580 4044 3678 4099 τῶν

463 4140 743 4216 principes
765 4149 1136 4196 convenerunt
1166 4141 1222 4195 in
1249 4157 1417 4194 unum
1443 4141 1707 4198 adversus
1736 4142 2025 4199 Dominum

2133 4143 2363 4217 ἰσχυρῶν
2415 4144 2590 4214 μεριεῖ
2619 4140 2811 4199 σκῦλα.
2844 4162 2863 4194 ι
2890 4143 2986 4197 Διά
3019 4146 3167 4196 ποῖον
3207 4143 3263 4197 δὲ
3306 4143 3483 4205 τοῦτο,
3530 4140 3677 4194 πάλιν

464 4240 521 4287 et
544 4230 805 4305 adversus
831 4229 1108 4286 Christum
1134 4231 1254 4301 ejus
1282 4233 1358 4299 ³²;
1401 4252 1420 4284 ι
1451 4233 1707 4303 deinceps
1737 4235 1981 4304 adjungit
2011 4252 2025 4290 :

471 4340 492 4376 ι
532 4321 797 4380 Dominus
829 4323 964 4380 dixit
986 4325 1051 4379 ad
1086 4339 1192 4389 me,
1219 4323 1389 4380 Filius
1422 4341 1576 4381 meus
1603 4342 1663 4380 es
1687 4335 1768 4392 tu,
1802 4341 1902 4396 ego
1933 4328 2031 4380 ho-

466 4417 554 4472 die
576 4416 737 4489 genui
763 4424 814 4470 te
840 4435 853 4474 :
898 4415 1112 4487 postula
1150 4430 1180 4468 a
1201 4430 1308 4479 me,
1339 4426 1393 4471 et
1421 4415 1563 4471 dabo
1591 4417 1689 4471 tibi
1719 4428 1906 4488 gentes
1929 4417 2032 4471 liae-

465 4509 749 4565 reditatem
792 4515 964 4572 tuam,
1008 4515 1062 4563 et
1099 4509 1501 4580 possessionem
1554 4519 1700 4563 tuam
1766 4508 2028 4564 terminos

465 4601 706 4656 term“.
743 4620 762 4653 ι
789 4598 899 4655 Has
925 4598 1091 4669 igitur
1127 4606 1336 4669 gentes,
1367 4600 1531 4653 etiam
1565 4599 1827 4669 prapheta
1867 4599 2026 4653 intel-

465 4692 618 4757 lexit,
655 4706 779 4747 cum
810 4691 992 4747 dixit:
1029 4709 1050 4743 ι
1100 4688 1326 4760 Propter
1362 4691 1464 4745 hoc
1517 4690 1634 4761 ipse
1690 4690 2030 4745 baereditabit

465 4789 688 4847 multos,
712 4789 804 4838 ret
830 4782 1079 4853 adjungit
1114 4801 1127 4841 ;
1161 4800 1180 4832 ι
1210 4780 1275 4834 Et
1306 4780 1527 4835 fortium
1558 4780 1764 4835 dividet
1794 4782 2023 4850 spolia.»

468 4874 750 4946 Siquidem
781 4889 809 4927 a
846 4874 1208 4947 potestatibus
1248 4873 1558 4937 contrariis,
1589 4888 1708 4945 qua:
1749 4872 1902 4941 prius
1948 4872 2033 4928 in-

466 4977 548 5023 ter
579 4975 769 5036 gentes
794 4965 1241 5030 dominabantur,
1273 4967 1363 5020 ubi
1400 4965 1675 5035 subjectas
1721 4965 1932 5020 animas
1964 4963 2032 5018 li-

463 5059 693 5123 beravit,
709 5067 820 5111 tum
848 5056 1005 5126 quasi
1030 5057 1202 5126 spolia
1231 5056 1478 5127 quadam
1510 5055 1626 5112 suis
1659 5055 1841 5111 divisit
1867 5056 2033 5111 disci-

463 5150 630 5219 pulis.
662 5147 898 5203 Proinde
947 5147 1116 5204 lsaias
1165 5149 1241 5207 ait
1264 5149 1332 5204 de
1358 5148 1465 5203 illis
1495 5167 1509 5207 :
1547 5165 1565 5198 ‹
1605 5146 1670 5201 Et
1701 5148 2033 5204 laatabuutur

467 5256 653 5297 coram
684 5248 757 5301 te,
772 5239 916 5296 sicut
944 5241 1036 5311 qui
1065 5239 1314 5295 dividunt
1340 5240 1513 5308 spolia
1537 5241 1601 5294 ⁵⁸.
1646 5258 1665 5291 ι
1698 5238 1762 5293 Et
1782 5238 2027 5295 Psalmo—

2129 4233 2255 4305 ἑξῆς
2282 4234 2542 4297 διδάσκει,
2578 4235 2771 4306 φήσαςο
2810 4253 2828 4285 ι
2853 4235 2991 4288 Ἀνθ’
3021 4228 3095 4287 ὧν
3120 4234 3386 4308 παρεδόθη
3418 4236 3497 4297 εἰς
3523 4232 3679 4285 θάναο

2111 4334 2218 4382 ’τον
2246 4329 2278 4398 ἡ
2305 4326 2448 4397 ψυχὴ
2475 4326 2659 4391 αὐτοῦ,
2697 4328 2790 4381 καὶ
2809 4328 2864 4379 ἐν
2894 4329 3005 4390 τοῖς
3034 4326 3252 4397 ἀνόμοις
3282 4325 3532 4396 ἐλογίσθη
3552 4340 3565 4354 ο
3592 4319 3678 4376 καὶ

2129 4419 2288 4483 αὐτὸς
2321 4418 2592 4489 ἁμαρτίας
2618 4418 2822 4473 πολλῶν
2842 4419 3106 4488 ἀνήνεγκε
3127 4435 3140 4452 ο
3165 4419 3257 4471 καὶ
3278 4418 3365 4473 διὰ
3394 4416 3492 4479 τὰς
3513 4418 3680 4486 ἀμαρ-

2129 4510 2249 4574 τίας
2289 4509 2466 4564 αὐτῶν
2526 4510 2816 4583 παρεδόθη.
2853 4529 2871 4560 ι
2920 4512 3064 4563 Ἀντί
3104 4509 3303 4564 τούτων
3330 4511 3440 4581 γὰρ
3472 4506 3681 4580 ἀμειϐό-

2134 4619 2291 4674 μενος
2347 4602 2506 4656 αὐτὸν
2534 4605 2562 4655 ό
2594 4602 2782 4674 Πατὴρ
2828 4602 2924 4672 τῆς
2961 4602 3205 4672 ὑπακοῆς
3245 4603 3339 4655 καὶ
3369 4603 3467 4672 τῆς
3489 4602 3681 4670 ὑπομο-

2132 4693 2227 4764 νῆς
2246 4693 2424 4757 ἕνεκα,
2457 4692 2751 4765 δεδώρηται
2775 4693 2922 4762 αὑτῷ
2940 4692 3006 4745 τὰ
3033 4694 3342 4764 ἐγκείμενα.
3369 4693 3561 4761 Γέγονε
3582 4688 3681 4761 γὰρ

2131 4784 2366 4854 ὑπήκοος
2402 4783 2478 4855 τῷ
2508 4785 2680 4856 Πατρί
2724 4783 2884 4854 μέχρι
2910 4782 3138 4838 θανάτου
3158 4801 3171 4814 ·
3211 4785 3291 4841 διὸ
3317 4785 3409 4838 καί
3436 4784 3683 4854 κληρονο-

2130 4872 2293 4943 μήσει
2321 4873 2567 4937 πολλοὺς,
2589 4874 2681 4926 καὶ
2700 4872 2761 4924 οὐ
2798 4871 3082 4944 πρότερον,
3103 4872 3237 4926 ἀλλά
3267 4873 3406 4944 μετά
3418 4872 3481 4925 τὸ
3511 4886 3681 4942 παρα-

2124 4966 2341 5036 δοθῆναι
2367 4968 2446 5029 εἰς
2463 4965 2688 5022 θάνατον
2706 4964 2801 5035 τὴν
2817 4964 2993 5037 ψυχὴν
3028 4963 3216 5027 αὑτοῦ,
3252 4965 3345 5019 καὶ
3364 4966 3423 5018 ὲν
3448 4967 3559 5028 τοῖς
3576 4960 3685 5017 ἀνό-

2129 5074 2248 5130 μοις
2277 5056 2608 5127 λογισθῆναι,
2640 5054 2973 5119 θεσπίζεται.
3007 5057 3105 5110 Διά
3132 5054 3304 5108 ταῦτα
3336 5054 3445 5127 γὰρ
3472 5057 3679 5125 εἴρηται

2128 5151 2553 5222 κληρονομήσειν
2569 5148 2813 5212 πολλοὺς,
2840 5148 2935 5200 καὶ
2958 5146 3066 5201 τῶν
3088 5146 3323 5219 ἰσχυρῶν
3358 5147 3602 5217 μερίσειν
3620 5142 3682 5194 τά

2125 5242 2313 5296 σκῦλα.
2329 5239 2597 5312 Ἠγοῦμαι
2623 5240 2680 5297 δὲ
2702 5240 3088 5310 ἀναμφιλόγως
3115 5239 3214 5310 τὴν
3245 5242 3309 5293 ἐκ
3325 5237 3534 5309 νεκρῶν
3562 5232 3685 5288 ἀνά-

464 5346 589 5387 rum
646 5341 884 5386 auctor:
943 5349 963 5383 ‹
1033 5330 1316 5389 Dominus.
1347 5330 1544 5399 inquit,
1597 5329 1746 5384 dabit
1799 5331 2025 5386 verbum

2126 5352 2312 5389 στασιν
2342 5333 2435 5388 τοῦ
2468 5332 2941 5405 προφητευομένου
2960 5331 3049 5385 διά
3077 5332 3281 5388 τούτων
3305 5327 3680 5401 παρίστασθαι.

463 5421 965 5494 evaugelizantibus
1002 5423 1206 5477 virtute
1256 5421 1423 5475 multa
1457 5439 1469 5475 :
1506 5437 1601 5477 rex
1634 5422 1897 5477 virtutum
1938 5422 2025 5476 di-

2125 5427 2248 5491 Πῶς
2279 5427 2387 5497 γὰρ
2417 5424 2589 5487 ἄλλως
2615 5424 2895 5495 ἐπινοῆσαι
2926 5424 3145 5477 δυνατὸν
3179 5424 3253 5487 ὼς
3294 5420 3564 5496 πρόϐατον
3602 5415 3686 5469 ἐπὶ

463 5514 612 5579 lecti,
643 5514 841 5585 speciei
867 5514 1064 5570 domus
1092 5512 1334 5567 dividere
1363 5513 1619 5583 Spolia".
1653 5533 1671 5565 ι
1703 5512 1893 5568 Merito
1922 5514 2025 5583 igi-

2125 5514 2337 5586 σιραγὴν
2384 5513 2634 5585 ἀχθέντα,
2687 5514 2780 5568 καὶ
2833 5512 2941 5567 ἀπὺ
2986 5512 3093 5566 τῶν
3143 5511 3382 5583 ἀνομιῶν
3430 5508 3524 5564 τοῦ
3565 5508 3687 5560 Ἴου*

463 5615 553 5668 tur
573 5605 661 5666 hic
687 5621 904 5679 quoque
935 5604 1004 5661 de
1050 5605 1268 5661 Christo
1319 5604 1440 5659 ait:
1487 5604 1715 5675 Propter
1763 5606 1866 5660 hoc
1912 5606 2025 5675 ipse

2125 5604 2286 5658 δαίων
2317 5603 2447 5658 λαοῦ
2480 5603 2691 5675 θανάτῳ
2732 5601 3120 5676 παραδοθέντα,
3165 5605 3255 5656 καὶ
3298 5601 3433 5674 μετά
3483 5598 3688 5667 ἀνόμων

535 5764 580 5801 ³⁸
608 5764 712 5824 Isa.
743 5779 862 5828 ιιιι.
891 5762 978 5821 10.
1053 5761 1095 5793 ⁸¹
1128 5760 1261 5820 ibid.
1296 5761 1378 5820 12.
1456 5761 1502 5793 ¹²
1537 5759 1678 5817 Psal.
1709 5773 1768 5825 ιι,
1789 5759 1843 5816 2.
1921 5759 1965 5790 ⁸³
1998 5759 2025 5814 il

2162 5758 2274 5818 7,8.
2352 5759 2396 5790 “
2425 5760 2528 5814 lsa.
2563 5739 2635 5823 rx,
2669 5759 2720 5813 5.
2795 5758 2839 5789 ⁸⁸
2862 5755 3195 5819 Psal.t.xvu,
3234 5754 3320 5812 12.
