3880 6256
255 322 354 378 183

1156 319 1810 376 DEMONSTBATIONIS
1847 319 2306 376 EVANGELiCIE
2345 321 2477 376 LIB.
2520 320 2609 376 lli.

3410 326 3510 381 i86

258 439 595 506 λογισθέντα,
613 443 762 512 ταφῇ
780 457 836 494 τε
861 438 1227 512 παραδοθέντα
1241 457 1254 471 ⁸
1272 436 1389 494 εἶτα
1410 439 1820 512 καθαριζόμενοι

1940 438 2278 496 baereditabit
2310 439 2600 504 multos,et
2629 438 2847 493 fortium
2881 436 3085 494 dividet
3113 438 3304 509 spolia.
3329 438 3500 505 Quam

264 532 363 585 ὑπὸ
384 530 474 583 τοῦ
520 531 756 602 Κυρίου,
789 531 879 584 καὶ
920 532 1032 600 φῶς
1067 532 1195 602 παρ’
1229 531 1378 602 αύτῷ
1421 532 1702 602 ὀψόμενον,
1738 534 1830 588 καὶ

264 622 697 695 κληρονομοῦντα
725 623 967 688 πολλοὺς,
996 624 1089 677 καὶ
1132 623 1303 678 σκῦλα
1337 627 1446 687 τοῖς
1477 623 1692 687 οἰκείοις
1720 624 1832 678 δια-

265 715 523 783 νέμοντα;
555 712 671 767 Καὶ
709 714 880 779 ἄλλως
919 713 976 767 δὲ
1020 714 1149 786 περὶ
1186 714 1284 785 τῆς
1316 713 1451 785 μετὰ
1483 714 1572 768 τὸν
1604 715 1831 769 θάνατον

267 803 608 868 mensum;
641 804 802 858 αὐτοῦ
848 805 992 875 λέγει
1031 824 1132 860 που
1174 805 1529 878 προφητεύων
1566 809 1629 860 ἐκ
1660 823 1829 878 προσ-

263 897 409 950 ώπου
450 896 543 949 τοῦ
591 895 827 969 Χριστοῦ
886 900 914 951 ό
957 898 1152 952 Δαδίδ·
1194 917 1213 949 ι
1254 900 1370 951 Οὐκ
1421 898 1829 968 ἐγκαταλείψεις

266 985 360 1056 τὴν
394 985 567 1057 ψυχήν
607 1004 710 1057 μου
755 989 835 1052 είς
860 988 1010 1060 ᾅδην,
1039 989 1159 1042 οὐδὲ
1188 988 1377 1052 δώσεις
1401 989 1545 1042 ὅσιόν
1579 1006 1669 1043 σου
1704 990 1828 1044 ἰδεῖν

266 1075 569 1148 δαφθοράν.
610 1097 628 1128 ι
663 1079 772 1131 Καὶ
804 1079 989 1133 πάλιν
1025 1099 1043 1131 ι
1077 1080 1269 1151 Κύριε,
1311 1082 1586 1153 ἀνήγαγες
1618 1082 1676 1148 ἐξ
1702 1084 1828 1155 ᾅδου

269 1172 363 1241 τὴν
393 1169 564 1241 ψυχήν
606 1189 729 1240 μου,
768 1170 975 1236 ἔσωσας
1011 1191 1077 1244 με
1120 1173 1228 1228 ἀπὸ
1255 1174 1362 1227 τῶν
1397 1174 1828 1229 καταϐαινόντων

268 1265 347 1326 εἰς
374 1262 584 1319 λάκκον.
626 1282 645 1314 ι
688 1263 796 1317 Καὶ
822 1264 1015 1318 πάλιν·
1054 1284 1071 1315 ι
1125 1267 1182 1318 '0
1215 1265 1365 1335 ὑψῶν
1402 1284 1469 1337 με
1498 1268 1561 1320 ἐκ
1587 1266 1694 1320 τῶν
1728 1285 1829 1320 πυ-

270 1352 374 1405 λῶν
397 1352 484 1406 τοῦ
522 1353 774 1417 θανάτου,
802 1356 949 1420 ὅπως
984 1357 1050 1410 ἂν
1082 1356 1378 1426 ἐξαγγείλω
1410 1359 1589 1422 πάσας
1625 1359 1722 1423 τὰς
1751 1361 1829 1411 αἰ-

270 1446 432 1510 νέσεις
462 1463 575 1499 σου.
619 1468 637 1499 ι
680 1447 898 1512 Τούτοις
935 1448 991 1502 δὲ
1038 1451 1201 1503 πᾶσιν
1228 1449 1544 1521 ἀντιϐλέψαι
1572 1452 1827 1507 δύνασθαι

271 1535 384 1588 οὐδὲ
412 1536 533 1599 τοὺς
581 1536 783 1609 σφόδρα
833 1539 1344 1609 ἀγνωμονεστάτους
1388 1541 1644 1613 ἠγοῦμαι.
1680 1542 1827 1614 Πλὴν

271 1626 396 1680 ἀλλὰ
440 1627 536 1697 τῆς
571 1628 787 1683 Ἡσαΐου
835 1630 1169 1701 προφητείας
1211 1630 1273 1684 τὸ
1319 1631 1690 1704 συμπέρασμα
1728 1633 1826 1704 τὴν

270 1719 426 1772 πάλαι
452 1720 667 1790 στεῖραν
698 1721 791 1773 καὶ
815 1719 1018 1792 ἔρημον
1048 1719 1182 1774 Θεοῦ
1211 1721 1408 1791 ψυχὴν,
1436 1721 1468 1793 ἢ
1503 1723 1595 1776 καὶ
1627 1722 1825 1793 μᾶλλον

1936 542 2116 590 autem
2154 535 2225 590 ob
2258 548 2375 589 rem
2407 534 2512 588 hoc
2541 532 2618 588 illi
2667 531 2854 587 datum
2898 532 3004 597 sit,
3036 532 3195 587 docet
3223 531 3501 601 deinceps,

1936 626 2030 680 ubi
2059 626 2133 680 ait
2161 645 2174 681 :
2214 645 2232 676 ι
2266 623 2374 678 Pro
2394 640 2460 678 eo
2480 622 2625 694 quod
2663 624 2858 677 tradita
2883 634 2963 678 est
2992 624 3044 677 in
3069 630 3298 677 mortem
3324 622 3501 676 anima

1936 717 2078 785 ejus,
2112 724 2165 772 et
2191 733 2314 772 cum
2350 717 2554 786 iniquis
2580 716 2876 786 deputatus
2907 723 2991 771 est
3017 735 3028 771 :
3059 726 3115 770 et
3142 715 3256 786 ipse
3281 726 3501 785 peccata

1937 808 2230 862 multorum
2264 808 2413 872 tulit,
2451 817 2504 861 et
2542 817 2761 879 propter
2791 816 3011 878 peccata
3038 823 3227 862 eorum
3271 806 3501 863 traditus

1935 908 2017 952 est
2044 897 2112 951 ".
2153 917 2171 949 ι
2210 895 2315 950 Pro
2353 896 2438 951 his
2471 899 2614 952 enim
2647 912 3005 952 remunerans
3040 898 3189 951 illum
3219 896 3400 962 Pater,
3434 913 3501 953 eo

1936 985 2081 1057 quod
2112 987 2259 1041 dicto
2306 988 2532 1041 audiens
2583 986 2746 1040 fuerit
2804 985 3503 1055 suminueritque,donavit

1936 1079 2087 1132 illum
2129 1078 2197 1133 iis
2219 1094 2340 1148 quae
2385 1078 2631 1148 exposita
2671 1085 2818 1132 sunt.
2855 1075 3054 1132 Factus
3082 1078 3226 1131 enim
3255 1085 3339 1131 est
3370 1078 3500 1132 obe-

1934 1170 2088 1225 diens
2137 1170 2281 1225 Patri
2339 1186 2512 1239 usque
2571 1168 2637 1223 ad
2692 1176 2957 1224 mortem:
2995 1182 3165 1238 quare
3205 1168 3497 1222 multorum

1934 1277 2151 1332 quoque
2216 1262 2588 1317 haereditatem
2642 1268 3069 1316 consecuturum
3119 1260 3270 1314 illum
3328 1262 3497 1321 cauit.

1934 1370 2042 1409 non
2066 1355 2217 1425 prius
2248 1362 2433 1411 tamen
2465 1370 2627 1425 quam
2659 1355 2858 1410 tradita
2891 1354 3053 1431 fuerit
3083 1356 3261 1407 anima
3290 1352 3410 1422 ejus
3443 1353 3496 1407 in

1934 1457 2183 1512 mortem,
2214 1458 2411 1503 etcum
2439 1449 2642 1518 iniquis
2678 1450 2750 1503 sit
2786 1447 3100 1516 deputatus.
3131 1443 3358 1514 Propter
3384 1443 3498 1498 haec

1932 1538 2074 1593 enim
2091 1537 2294 1591 dictum
2311 1546 2416 1601 est,
2436 1539 2588 1593 illum
2612 1537 3055 1593 hazreditaturum
3080 1534 3299 1598 multos,
3318 1541 3372 1588 et
3389 1532 3502 1589 for-

1933 1632 2063 1684 tium
2096 1629 2398 1685 divisurum
2432 1630 2626 1699 spolia.
2669 1628 2809 1682 Puto
2857 1635 3036 1681 autem
3070 1625 3372 1680 indubitate
3411 1639 3495 1680 re-

1931 1718 2231 1774 versionem
2260 1718 2379 1788 ejus
2404 1733 2435 1772 a
2455 1718 2683 1772 mortuis
2704 1715 2994 1787 signiﬁcari
3010 1714 3209 1767 talibus
3226 1711 3493 1767 oraculis:

270 1808 361 1879 τὴν
400 1807 456 1872 ἐξ
494 1808 663 1861 ἐθνῶν
707 1810 1027 1881 Ἐκκλησίαν
1058 1811 1483 1881 εὐαγγελίζεται,
1524 1814 1820 1879 ἀκολούθως

1937 1809 2089 1878 101
2120 1808 2213 1878 qui
2240 1808 2383 1863 enim
2426 1807 2544 1862 ﬁeri
2594 1814 2792 1878 potest,
2828 1812 2888 1859 ut
2920 1806 3078 1860 aliter
3099 1804 3166 1860 de
3197 1819 3264 1859 eo
3295 1802 3493 1858 intelli-

270 1901 329 1968 τῇ
374 1898 569 1969 θεωρίᾳ
613 1898 721 1953 τῶν
767 1900 1091 1972 εἰρημένων.
1140 1902 1353 1974 Ἐπειδὴ
1384 1904 1492 1976 γὰρ
1538 1905 1605 1958 τὰ
1653 1908 1829 1961 πάντα

267 1989 327 2042 δι’
378 1990 541 2061 αὐτὴν
589 1993 618 2044 ὁ
665 1993 895 2062 Χριστὸς
938 1992 1246 2062 ὑπέμεινεν,
1287 1996 1507 2061 εἰκότως
1557 1998 1696 2068 μετὰ
1730 1998 1829 2062 τὰς

269 2081 388 2151 περὶ
426 2082 587 2134 αὑτοῦ
616 2086 947 2155 προρρήσεις
989 2086 1239 2157 ἐπιφέρει
1283 2087 1453 2155 λέγων
1475 2104 1487 2117 ’
1522 2107 1539 2138 ι
1577 2090 1827 2160 Εὐφράν-

265 2173 380 2241 θητι
419 2174 602 2244 στείρα
633 2177 667 2245 ή
700 2176 760 2227 οὐ
800 2174 1075 2239 τίκτουσα,
1108 2179 1267 2248 ῥῆξον
1306 2181 1398 2232 καὶ
1430 2178 1620 2251 βόησον
1655 2182 1687 2250 ἡ
1727 2182 1827 2233 οὐκ

261 2266 540 2319 ὠδίνουσα·
580 2269 661 2321 δτι
696 2270 862 2323 πολλὰ
894 2270 961 2324 τὰ
997 2272 1161 2325 τέκνα
1201 2272 1299 2341 τῆς
1331 2273 1536 2342 ἐρήμου
1568 2273 1765 2342 μᾶλλον
1791 2274 1839 2345 ἢ

261 2358 352 2427 τῆς
382 2360 610 2430 ἐχούσης
643 2363 732 2414 τὸν
763 2362 951 2434 ἄνδρα.
978 2359 1114 2417 Εἷπε
1152 2363 1261 2435 γὰρ
1290 2362 1517 2433 Κύριος·
1556 2364 1825 2419 Πλάτυνον

259 2449 343 2501 τὸν
375 2452 536 2506 τόπον
563 2452 663 2521 τῆς
688 2453 890 2524 σκηνῆς
919 2472 1011 2508 σου
1047 2457 1140 2509 καὶ
1169 2454 1277 2507 τῶν
1307 2444 1540 2510 αὖλὶιῶν
1568 2475 1682 2522 σου,
1720 2459 1824 2529 πῆ-

262 2541 360 2606 ξον,
406 2542 479 2613 μὴ
528 2544 689 2617 φείσῃ
721 2562 734 2575 ο
768 2546 1029 2600 πλατυνον
1074 2548 1143 2599 τὰ
1187 2548 1540 2619 σχοινίσματά
1569 2567 1680 2615 σου,
1731 2553 1823 2605 καὶ

259 2633 374 2696 τοὺς
397 2634 704 2698 πασσάλους
738 2652 830 2688 σου
859 2638 1208 2709 κατίσχυσον·
1241 2639 1319 2693 ἔτι
1354 2642 1434 2704 είς
1466 2643 1531 2695 τὰ
1559 2642 1707 2708 δεξιὰ
1731 2646 1823 2699 καὶ

261 2727 333 2787 είς
360 2725 425 2777 τὰ
454 2727 719 2799 ἀριστερὰ
757 2729 1073 2793 ἐκπέτασον,
1108 2731 1200 2784 καὶ
1234 2732 1293 2784 τὸ
1324 2733 1543 2805 σπέρμα
1570 2753 1662 2788 σου
1694 2736 1818 2810 έθνη

261 2817 662 2888 κληρονομήσει.
699 2839 717 2870 ι
764 2820 1026 2875 Ἐνταῦθα
1061 2822 1118 2875 δὲ
1166 2823 1261 2894 τὴν
1297 2823 1355 2889 ἐξ
1388 2825 1562 2881 ἐθνῶν
1595 2828 1822 2900 Ἐκκλη-

264 2910 370 2963 σίαν
395 2910 514 2963 καθ’
542 2910 669 2977 ὅλης
689 2911 787 2981 τῆς
817 2912 1139 2984 οἰκουμένης
1171 2915 1559 2989 ἐξηπλωμένην
1593 2920 1687 2973 καὶ
1715 2920 1822 2975 ἀπὸ

260 3005 518 3057 ἀνατολῶν
542 3005 694 3076 ἡλίου
722 3006 883 3076 μέχρι
909 3006 1126 3078 δυσμῶν
1156 3009 1585 3081 παρατείνουσαν
1611 3013 1639 3064 ὁ
1663 3013 1821 3083 λόγος

260 3095 676 3164 εὐαγγελίζεται,
715 3097 1026 3166 σαφέστατα
1074 3098 1232 3152 τοῦτο
1276 3102 1543 3173 παριστὰς
1568 3103 1656 3156 διὰ
1686 3105 1781 3158 τοῦ
1803 3124 1817 3138 ³

264 3207 280 3237 ι
310 3188 414 3241 Καὶ
438 3189 503 3240 τὸ
537 3188 758 3259 σπέρμα
799 3205 892 3242 σου
918 3189 1044 3261 έθνη
1080 3191 1493 3265 κληρονομήσει.
1525 3214 1544 3247 ι
1570 3195 1820 3262 Ιιλείονος

258 3268 307 3332 δέ
325 3278 643 3350 ἐξεργασίας
670 3280 937 3352 δεομένων
963 3283 1069 3335 τῶν
1099 3284 1240 3337 κατά
1265 3286 1355 3338 τὸν
1378 3286 1561 3353 τόπον,
1592 3290 1821 3359 ἀρκούν-

256 3389 352 3435 τως
394 3374 490 3426 ἐπὶ
543 3371 639 3426 τοῦ
706 3374 970 3445 παρόντος
1019 3375 1172 3430 ταῦθ’
1234 3379 1364 3449 ἡμῖν
1416 3381 1815 3453 ἐπιτετμήσθω.

259 3461 478 3517 Πλεῖστα
501 3464 547 3518 δ’
578 3463 643 3518 ἂν
678 3466 771 3518 καὶ
793 3466 954 3530 αὐτὸς
979 3468 1073 3520 ἐπὶ
1122 3470 1316 3541 σχολῆς
1348 3472 1705 3538 ἀναλέξασθαι
1731 3476 1821 3529 δύ-

258 3572 363 3609 ναιο
398 3558 528 3628 περὶ
556 3556 653 3610 τοῦ
687 3560 1064 3629 προκειμένου.
1100 3561 1210 3613 Καὶ
1246 3564 1279 3632 ἡ
1314 3564 1560 3633 παροῦσα
1588 3565 1645 3619 δέ
1675 3584 1819 3638 πρα-

258 3649 483 3717 γματεία
526 3649 627 3720 τῆς
666 3650 1024 3721 εὑαγγελικῆς
1070 3652 1398 3720 ἀποδείξεως
1446 3658 1586 3711 κατὰ
1631 3659 1818 3729 καιρὸν

258 3738 451 3793 ἕκαστα
506 3738 885 3811 παραδώσεταί
937 3757 996 3794 τε
1047 3740 1140 3794 καὶ
1192 3742 1538 3812 ἑρμηνεύσει.
1578 3745 1727 3808 Τέως
1761 3745 1818 3797 δὲ

258 3831 340 3883 ἐπὶ
365 3829 457 3883 τοῦ
492 3830 757 3900 παρόντος
795 3830 895 3902 τῆς
920 3830 1029 3886 τῶν
1071 3832 1368 3903 προφητῶν
1419 3834 1546 3902 περὶ
1586 3836 1684 3906 τῆς
1724 3836 1815 3889 τοῦ

257 3921 494 3994 Σωτῆρος
514 3921 670 3993 ἡμῶν
700 3924 1076 3995 προρρήσεως,
1105 3925 1296 3988 καὶ-ὼς
1327 3927 1489 3978 πᾶσιν
1514 3926 1819 3999 ἀνθρώποις

254 4015 341 4085 τὴν
367 4014 478 4068 τῶν
514 4012 813 4085 μελλόντων
841 4015 1059 4084 ἀγαθῶν
1089 4017 1385 4087 παρουσίαν
1417 4017 1815 4088 εὐηγγελίζετο,

257 4106 443 4170 ἱκανῶς
473 4107 587 4176 ἔχει
610 4106 680 4160 τὰ
704 4107 988 4178 εἰρημένα,
1016 4110 1502 4180 πρωναφωνοῦντα
1539 4111 1816 4181 προφήτου

252 4198 379 4262 τινὸς
402 4197 611 4268 ἄφιξιν,
642 4200 738 4253 καὶ
766 4200 1044 4254 εὐσέϐειαν
1071 4201 1359 4272 νομοθέτου
1389 4204 1613 4255 Μωῦσεῖ
1642 4220 1817 4274 παρα-

254 4289 488 4360 πλησίου,
520 4291 676 4358 γένος
705 4308 766 4344 τε
800 4291 982 4356 αὐτοῦ,
1026 4291 1118 4343 καὶ
1162 4291 1353 4361 φυλὴν,
1381 4293 1473 4344 καὶ
1510 4291 1671 4345 τόπον
1696 4292 1816 4346 ὅθεν

255 4383 648 4452 προελεύσεται,
673 4385 862 4455 χρόνον
900 4400 960 4436 τε
990 4383 1113 4437 καθ’
1136 4384 1194 4436 ὃν
1221 4384 1360 4453 ἥξει,
1418 4385 1815 4455 προφητεύεται

1929 1924 2143 1978 gamus.
2176 1908 2268 1978 qui
2292 1916 2550 1978 tanquam
2575 1907 2693 1962 ovis
2732 1906 3156 1962 ad‘occisionem
3187 1905 3258 1961 sit
3275 1904 3495 1969 ductus,

1929 2010 1983 2056 et
2029 2002 2099 2056 ab
2149 2001 2531 2072 iniquitatibus
2573 1999 2785 2055 Judaici
2812 1999 2996 2070 populi
3024 1998 3255 2053 traditus
3305 1996 3377 2052 sit
3424 1996 3494 2051 ad

1928 2100 2178 2159 mortem,
2206 2102 2260 2148 et
2290 2109 2413 2148 cum
2451 2094 2654 2163 iniquis
2703 2092 2997 2162 deputatus
3021 2131 3035 2154 ,
3094 2089 3498 2159 sepultumque

1927 2183 2340 2238 commendatus
2376 2223 2391 2247 ,
2429 2182 2626 2237 deinde
2652 2189 2916 2251 purgatus
2956 2196 2987 2234 a
3023 2177 3299 2234 Domino?
3325 2187 3379 2233 et
3406 2178 3497 2233 lu-

1926 2288 2043 2328 cem
2070 2289 2233 2344 penes
2258 2289 2317 2330 se
2339 2274 2559 2329 visurus
2589 2272 2682 2336 sit,
2714 2280 2768 2326 et
2793 2271 3089 2325 multorum
3122 2267 3493 2324 hereditatem

1926 2370 2346 2431 consecuturus,
2374 2374 2427 2419 et
2457 2360 2572 2419 suis
2604 2363 2778 2433 spolia
2813 2362 3093 2417 divisurus
3128 2360 3151 2415 ?
3199 2358 3306 2414 Sed
3337 2362 3496 2415 aliter

1926 2470 2144 2526 quoque
2174 2454 2240 2508 de
2265 2455 2413 2510 illius
2442 2454 2622 2509 reditu
2650 2453 2706 2507 in
2731 2452 2920 2515 vitam,
2950 2458 3075 2520 post
3109 2456 3337 2505 mortem
3361 2449 3496 2504 dicit

1925 2549 2159 2619 quodam
2194 2549 2313 2602 loco
2350 2547 2658 2601 vaticinans
2682 2545 2849 2599 David
2878 2562 2944 2600 ex
2982 2558 3215 2615 persona
3235 2543 3437 2598 Christi
3474 2561 3488 2597 :

1930 2661 1949 2692 ι
1984 2640 2103 2695 Non
2133 2641 2410 2710 relinques
2439 2640 2679 2693 animam
2736 2653 2912 2694 meam
2964 2638 3019 2692 in
3050 2636 3287 2703 inferno,
3317 2651 3494 2705 neque

1924 2733 2080 2788 dabis
2110 2741 2361 2789 sanctum
2405 2746 2557 2787 tuum
2589 2733 2774 2788 videre
2806 2731 3213 2801 corruptionem
3245 2728 3314 2782 ⁸⁷.
3372 2744 3394 2780 ι
3428 2726 3494 2780 Et

1923 2825 2051 2880 alibi
2087 2842 2133 2880 ιι
2166 2823 2669 2889 Dumiue,eduxisti
2698 2823 2766 2877 ab
2788 2822 3003 2876 inferno
3031 2822 3266 2875 animam
3293 2834 3491 2880 meam.

1923 2914 2145 2969 salvasti
2194 2929 2280 2968 nte
2320 2929 2350 2967 a
2399 2912 2866 2969 descendentibus
2921 2912 2977 2966 in
3023 2912 3202 2966 lacum
3242 2910 3313 2965 ⁸³.
3369 2929 3387 2962 ι
3423 2907 3492 2962 Et

1922 3005 2049 3060 alibi
2078 3024 2091 3059 :
2123 3022 2142 3056 ‹
2177 3003 2280 3070 Qui
2306 3005 2512 3059 exaltas
2545 3019 2630 3058 me
2657 3003 2724 3058 de
2746 3003 2917 3074 portis
2950 3003 3159 3067 mortis,
3192 3007 3251 3056 ut
3276 3016 3491 3077 annua-7

1922 3098 2048 3153 tiem
2101 3113 2292 3153 omnes
2355 3096 2697 3153 laudationes
2763 3105 2887 3152 tuas
2921 3096 2991 3150 ⁸⁸.
3045 3116 3065 3149 ›
3119 3095 3320 3151 Contra
3372 3109 3492 3148 om-

1922 3190 2012 3244 nia
2059 3190 2173 3245 bzee
2217 3188 2503 3245 intendere
2531 3190 2696 3243 ullam
2744 3189 2940 3251 aciem,
2975 3204 3046 3243 ne
3079 3187 3491 3243 inimicissimos

1919 3280 2138 3352 quidem
2170 3291 2331 3351 atque
2361 3281 2764 3351 ingratissimos
2781 3296 2940 3351 posse
2968 3280 3223 3334 arbitror.
3260 3278 3490 3334 Verum-

1920 3380 2099 3428 tamen
2129 3373 2250 3443 ejus
2289 3374 2584 3445 proplietia:
2614 3374 2920 3438 conclusio,
2951 3373 3109 3443 cujus
3137 3381 3329 3427 auctor
3376 3369 3490 3427 isa-

1920 3467 2023 3531 ias,
2065 3466 2305 3523 sterilem
2330 3467 2477 3520 illam
2506 3466 2780 3536 quondam
2811 3473 2867 3522 et
2892 3466 3162 3521 desertam
3191 3481 3221 3519 a
3246 3465 3356 3520 Deo
3378 3465 3490 3520 ani-

1919 3573 2085 3622 mam,
2115 3565 2209 3612 aut
2238 3550 2416 3627 potius
2443 3554 2740 3611 Ecclesiam
2782 3557 2850 3610 de
2875 3555 3129 3626 gentibus
3179 3556 3486 3619 collectam,

1920 3650 2057 3704 laetis
2093 3650 2340 3713 vocibus,
2399 3650 2659 3719 bonoque
2701 3649 2893 3702 nuntio
2925 3649 3299 3718 prosequitur,
3358 3662 3488 3702 cum

1919 3742 2028 3797 illis
2060 3742 2246 3811 utique
2269 3741 2724 3811 recordans,quze
2746 3741 2858 3811 jam
2893 3740 3240 3810 contemplati
3272 3754 3484 3795 sumus.

1918 3832 2052 3887 Nam
2115 3848 2238 3888 cum
2278 3841 2500 3904 propter
2521 3848 2645 3888 eam
2675 3832 2927 3888 Christus
2968 3832 3150 3886 omnia
3175 3830 3479 3900 pertulerit,

1920 3925 2114 3980 merito
2156 3933 2280 3996 post
2316 3941 2378 3979 ea
2408 3963 2426 3991 ,
2480 3940 2601 3995 quae
2630 3926 2697 3980 de
2726 3925 2818 3979 illo
2852 3923 3138 3995 przedixit,
3188 3921 3433 3992 adjungit
3462 3937 3482 3979 :

1924 4035 1943 4068 ι
1974 4015 2205 4081 Laetare,
2239 4017 2438 4086 inquit,
2473 4016 2674 4071 sterilis
2704 4030 2826 4086 quae
2852 4032 2962 4070 non
2984 4016 3155 4085 paris,
3187 4014 3487 4070 vociferare

1917 4118 1972 4163 et
2000 4109 2197 4172 clama,
2239 4123 2360 4178 quae
2392 4123 2498 4162 non
2533 4110 2772 4179 parturis
2808 4124 2820 4160 :
2871 4109 3128 4178 quoniam
3182 4110 3338 4163 tnulti
3387 4109 3485 4163 lilii

1917 4200 2146 4257 desertae
2173 4202 2367 4271 magis,
2398 4216 2562 4271 quam
2615 4203 2735 4271 ejus
2760 4217 2883 4273 quae
2919 4202 3081 4257 habet
3108 4202 3309 4256 virum.
3342 4201 3486 4258 Dixit

1916 4293 2060 4347 enim
2101 4294 2403 4350 Dominus:
2440 4295 2616 4349 Dilata
2655 4296 2836 4349 locum
2871 4295 3091 4349 tentorii
3151 4295 3254 4360 tui,
3280 4304 3336 4350 et
3363 4296 3482 4365 pel-

1918 4386 1998 4440 les
2022 4385 2501 4442 tabernaculorum
2537 4395 2754 4443 tuorum
2784 4387 2906 4457 ﬁge,
2937 4402 3005 4440 ne
3038 4401 3230 4457 parcas
3256 4405 3269 4441 :
3314 4387 3481 4441 dilata

254 4477 335 4528 καὶ
363 4477 600 4544 γένεσιν,
636 4479 733 4532 καὶ
762 4478 1034 4551 τελευτὴν,
1068 4483 1160 4533 καί
1181 4481 1493 4547 ἁναόίωσιν,
1523 4484 1617 4536 καὶ
1645 4484 1815 4554 ἀρχὴν

1923 4477 2192 4532 iuniculos
2226 4485 2371 4542 tuos,
2394 4486 2450 4532 et
2497 4478 2682 4533 clavos
2706 4490 2826 4533 tuos
2863 4478 3190 4533 corrobora:
3247 4479 3482 4547 amplius

251 4566 338 4637 τὴν
362 4566 507 4621 κατὰ
546 4567 764 4622 πάντων
791 4568 989 4623 ἐθνῶν·
1032 4569 1069 4623 ἃ
1109 4569 1172 4639 δὴ
1218 4571 1393 4624 πάντα
1424 4572 1690 4643 παρέστη,
1718 4575 1813 4627 καὶ

252 4657 321 4711 έτι
352 4658 553 4729 μᾶλλον
574 4658 664 4712 διὰ
688 4659 796 4712 τῶν
821 4659 947 4730 ἐξῆς
979 4662 1386 4733 παραστήσεται
1419 4665 1511 4716 ἐπὶ
1541 4664 1697 4733 μόνον
1721 4665 1812 4717 τὸν

252 4750 467 4828 Σωτῆρα
498 4752 594 4804 καὶ⁵
634 4751 835 4825 Κύριον
884 4754 1039 4825 ἡμῶν
1084 4758 1605 4828 συμπεπερασμένα.
1655 4758 1813 4813 Ἀλλὰ

251 4841 405 4896 ταῦτα
439 4843 543 4913 μὲν
586 4843 693 4897 ἀπὺ
732 4844 839 4898 τῶν
882 4845 1038 4918 ἱερῶν
1082 4846 1275 4914 λογίων
1326 4852 1437 4912 τοῖς
1469 4851 1811 4906 πιστεύουσιν

250 4934 418 4998 αὐτοῖς
452 4934 907 5006 παρατεθήσεται’
933 4940 1044 5000 τοῖς
1075 4936 1118 4990 δ’
1143 4937 1424 4991 ἀπειθοῦσι
1453 4944 1572 5004 ταῖς
1602 4958 1811 5014 προφη-

248 5028 411 5090 τικαῖς
442 5026 691 5097 Γραφαῖς
734 5027 877 5092 ἰδίως
911 5030 1311 5100 ἀπαντήσομεν,
1353 5031 1430 5095 ὼς
1456 5034 1586 5103 περὶ
1618 5034 1810 5106 ἀνδρὸς

250 5119 435 5183 κοινοῦ,
468 5120 565 5173 καὶ
598 5122 710 5182 τοῖς
740 5119 949 5184 λοιποῖς
979 5122 1354 5193 παραπλησίου
1386 5124 1522 5188 τέως
1552 5126 1651 5198 τὴν
1690 5127 1807 5192 ἐξέ-

248 5230 385 5269 τασιν
414 5217 730 5287 ποιούμενοι
748 5235 761 5248 ο
786 5217 892 5283 ἵνα,
918 5218 1115 5272 ὁπόταν
1150 5220 1365 5273 πάντων
1399 5221 1505 5275 τῶν
1532 5223 1589 5288 ἐξ
1617 5224 1807 5289 αἰῶνος

249 5304 534 5377 βοηθέντων
555 5309 614 5360 ἐν
648 5307 975 5379 ἀνθρώποις,
1025 5310 1157 5364 πολὺ
1188 5313 1464 5383 κρείττων
1494 5314 1807 5387 ἀσυγκρίτῳ

1914 4570 1983 4625 ad
2013 4568 2258 4625 dextram
2281 4579 2334 4626 et
2357 4570 2425 4625 ad
2455 4571 2731 4626 sinistram
2757 4570 3005 4635 extende,
3033 4577 3088 4625 et
3118 4585 3300 4625 semen
3329 4576 3481 4625 tuum

1914 4676 2102 4737 gentes
2158 4663 2496 4720 haereditabit
2523 4664 2588 4717 “.
2634 4682 2653 4714 ι
2690 4663 2786 4718 llis
2836 4671 3015 4716 autem
3073 4663 3254 4717 verbis
3294 4660 3480 4716 Eccle-

1918 4760 2055 4814 siam
2087 4759 2155 4813 de
2179 4756 2432 4828 gentibus
2464 4755 2771 4818 collectam,
2799 4765 2852 4809 et
2904 4762 3020 4807 toto
3048 4754 3179 4808 orbe
3208 4762 3477 4807 terrarum

1915 4850 2192 4914 diﬂ'usam,
2223 4857 2277 4903 et
2308 4848 2377 4902 ab
2404 4854 2526 4899 ortu
2585 4845 2717 4900 solis
2760 4844 2828 4899 ad
2873 4859 3128 4900 occasum
3178 4852 3476 4907 extentam,

1916 4940 2197 4995 oraculum
2226 4940 2396 4995 laetari
2424 4939 2598 5007 jubet,
2625 4937 2941 5007 planissime
2964 4937 3066 4990 hoc
3090 4936 3268 5005 ipsum
3308 4936 3481 5006 signi-

1914 5034 2107 5100 ﬁcans,
2134 5033 2226 5088 ubi
2279 5034 2354 5087 ait
2378 5051 2390 5085 :
2431 5050 2450 5083 ι
2486 5030 2552 5085 Ει
2580 5046 2765 5086 semen
2790 5041 2943 5083 tuum
2974 5037 3163 5099 gentes
3192 5029 3479 5084 haeredita-

1913 5124 2011 5179 bit.
2053 5144 2071 5177 ι
2105 5123 2239 5179 Cum
2269 5131 2450 5179 autem
2473 5123 2767 5191 longiorem
2793 5121 3227 5190 explanationem
3261 5120 3479 5175 deside-

1914 5226 2033 5273 rent
2052 5233 2136 5285 ea,
2165 5233 2286 5289 qua:
2312 5218 2377 5272 ad
2427 5217 2573 5270 hunc
2605 5216 2783 5284 locum
2816 5222 3083 5283 spectant,
3129 5212 3342 5267 abunde
3377 5228 3476 5266 no-

1912 5311 1997 5365 bis
2028 5310 2142 5364 ltaec
2164 5308 2474 5380 compendii
2510 5309 2689 5362 locum
2728 5307 3043 5375 explebunt.
3086 5302 3219 5357 Nam
3252 5310 3314 5358 tu
3335 5318 3474 5374 quo-

248 5398 467 5470 ὑπεροχῇ
503 5399 600 5453 καὶ
638 5399 910 5471 διαφέρων
952 5403 1218 5472 ἀναφανῇ,
1258 5404 1572 5474 τοτηνικάδε
1604 5407 1699 5459 καὶ
1739 5408 1806 5461 τὰ

1923 5414 2015 5468 ’μιθ
2037 5414 2134 5469 per
2158 5399 2328 5453 otium
2351 5399 2522 5450 multa
2553 5397 2708 5467 plura
2733 5394 3232 5465 colligerepoteris,
3259 5407 3382 5462 qua
3404 5393 3467 5448 ad

249 5491 354 5560 περὶ
378 5490 481 5562 τῆς
509 5490 793 5563 θειοτέρας
823 5484 987 5546 αὐτοῦ
1016 5495 1226 5563 φύσεως
1257 5496 1397 5550 κατὰ
1419 5498 1607 5568 καιρὸν
1633 5498 1806 5553 διαλά-

249 5577 426 5650 ϐωμεν,
461 5579 524 5647 ἐξ
554 5580 809 5653 ἐναργῶν
835 5579 940 5633 τῶν
964 5580 1287 5647 ἀποδείξεων
1313 5584 1700 5655 παριστῶντες.
1729 5585 1803 5648 ὡς

298 5741 338 5774 ⁸⁸
361 5744 467 5801 isa.
502 5758 625 5810 thl,
650 5738 740 5794 l2.
818 5739 862 5772 "
892 5738 1033 5798 Psal.
1062 5757 1152 5807 xv,
1187 5740 1271 5796 10.
1350 5740 1556 5797 "Psal.
1582 5742 1796 5804 nini.
1876 5743 1918 5775 "
1945 5739 2086 5797 Psal.
2122 5756 2196 5804 ιι,
2225 5742 2311 5795 ις.

1910 5493 2050 5547 idem
2083 5492 2420 5563 propositum
2446 5497 2712 5560 spectent.
2745 5487 2848 5543 Sed
2867 5490 3040 5558 ipsum
3061 5501 3276 5558 quoque
3307 5500 3472 5540 evan-

1910 5584 2095 5658 gelica:
2128 5582 2611 5639 demonstrationis
2676 5583 3011 5651 propositum
3056 5580 3200 5653 quod
3232 5593 3376 5634 nunc
3410 5576 3469 5633 in

2388 5742 2434 5771 ‘°
2457 5742 2556 5796 lsa.
2579 5756 2688 5807 LIV,
2718 5740 2832 5794 l-‘S.
