3880 6256
473 345 576 398 I87

1147 344 1412 398 EUSEBII
1451 339 1925 397 CIESARIENSIS
1964 340 2114 396 OPP.
2151 337 2330 393 PARS
2359 338 2423 392 ll.
2461 368 2528 376 —
2566 335 3057 391 APOLOGETICA.

3582 336 3676 393 188

463 458 716 512 manibus
746 464 850 522 est,
879 457 1051 511 tradet
1089 474 1187 512 suo
1214 466 1457 528 tempore
1488 466 1651 526 atque
1691 461 2005 528 interpreta-

2124 454 2223 506 οὐκ
2251 451 2590 523 ἀνθρωπείας
2623 447 2827 522 ἄρα’ἦν
2867 450 3079 519 φύσεως
3115 450 3147 520 ἡ
3177 449 3299 520 περὶ⁸
3342 448 3499 502 αὐτὸν
3528 449 3675 506 86w:-

461 549 610 604 bitur
636 549 868 618 singula.
917 550 1133 603 Interim
1184 564 1312 603 vero
1339 549 1481 620 quod
1532 550 1595 603 ad
1621 549 2021 619 praedictionem

462 640 964 709 divinationemque
1020 641 1394 710 propheticam
1428 641 1495 695 de
1526 640 1804 695 Salvatore
1834 649 2021 694 nostro

461 731 713 800 pertinet,
748 730 1001 799 quodque
1032 729 1157 783 item
1182 730 1249 782 ad
1281 731 1334 785 id
1364 732 1507 801 quod
1532 745 1595 786 ea
1618 730 1896 800 praedictio
1911 743 2021 783 om-

462 837 562 877 nes
592 822 843 875 homines
893 836 1081 876 eorum
1124 821 1388 875 bonorum
1425 822 1578 891 102
1620 821 1852 875 adventu
1885 836 2019 891 gau-

460 912 588 968 dere
611 913 834 982 jubebat
859 927 978 982 quae
1009 913 1479 980 exspectabantur,
1511 912 1576 966 iis
1593 927 1712 981 quae
1730 911 1844 979 jam
1867 910 2011 964 dicta

2131 564 2248 618 μις·
2279 540 2361 608 οἷς
2394 542 2696 606 ἀκολούθως
2726 544 2819 597 καὶ
2848 542 2917 595 τὰ
2938 543 3036 612 τῆς
3063 543 3183 595 κατ’
3206 540 3363 593 αὐτὸν
3390 539 3671 610 θεολογίας,

2126 640 2200 702 ὡς
2227 633 2336 691 οἷόν
2361 653 2419 689 τε
2448 637 2593 689 ἐστὶν
2620 637 2750 705 ἡμῖν
2771 632 3117 697 ἐποπτεῦσαι,
3148 631 3497 702 ποιησόμεθα.
3535 634 3673 686 Ἐπεὶ

2123 730 2301 783 τοίνυν
2319 728 2424 781 τῶν
2450 728 2690 781 ἀπίστων
2711 728 2759 779 οἱ
2790 725 3005 788 πλείους
3028 726 3195 795 γόητα
3220 723 3310 775 καὶ
3326 721 3528 776 ’πλάνον
3550 725 3673 778 ἀπο-

2125 820 2429 884 καλοῦντες,
2464 819 2557 872 καὶ
2588 819 2807 889 μυρίαις
2847 816 3031 880 ἄλλαις
3064 815 3415 886 κακηγορίαις
3451 814 3673 886 βλασφη-

2127 911 2350 983 μοῦντες
2391 911 2569 973 αὑτὸν,
2604 908 2756 963 οὔπω
2800 910 2891 962 καὶ
2937 908 3030 961 νῦν
3075 907 3354 969 παύονται,
3397 906 3545 976 φέρε,
3587 907 3670 960 καὶ

2124 1003 2259 1073 πρὸς
2299 1002 2517 1065 τούτους
2550 1000 2988 1072 ἀποκρινώμεθα,
3029 998 3235 1053 οἴκοθεν
3277 996 3372 1067 μὲν
3416 997 3580 1059 οὐδὲν,
3617 996 3668 1064 ἐξ

2124 1092 2300 1147 αὐτῶν
2326 1092 2380 1145 δὲ
2414 1092 2520 1146 τῶν
2550 1091 2712 1145 αὐτοῦ
2752 1090 2962 1159 φωνῶν,
2997 1091 3086 1143 καὶ
3125 1085 3190 1159 ἦς
3234 1087 3511 1159 παρέδωκε
3537 1087 3669 1140 διδα-

460 1011 588 1059 sunt
628 1004 870 1058 contenti
926 1018 1047 1057 esse
1099 1018 1426 1072 possumus:
1459 1018 1578 1073 quae
1616 1003 1832 1069 quidem
1861 1003 2019 1072 plane

460 1099 748 1153 enuntiant
772 1097 1049 1167 prophetm
1081 1096 1365 1165 cujusdam
1399 1095 1712 1159 adventum,
1739 1104 1793 1150 et
1840 1096 2018 1165 legum

459 1190 703 1243 auctoris
729 1188 980 1258 pietatem
1011 1188 1102 1257 qui
1134 1188 1265 1242 Mosi
1294 1188 1488 1242 similis
1527 1186 1739 1242 futurus
1768 1187 1859 1250 sit,
1892 1202 2005 1241 nec

2126 1184 2351 1248 σκαλίας
2373 1187 2471 1247 τὰς
2499 1182 2826 1253 παραθέσεις
2853 1181 3182 1250 ποιούμενοι.

459 1298 567 1337 non
627 1282 871 1350 ejusdem
929 1297 1117 1353 genus,
1165 1290 1218 1337 et
1281 1283 1502 1346 tribum,
1555 1291 1609 1336 et
1648 1283 1822 1336 locum
1877 1282 2020 1336 unde
2064 1282 2310 1336 exiturus
2343 1318 2359 1342 ,
2410 1288 2463 1332 et
2509 1287 2719 1348 tempus
2750 1293 2860 1346 quo
2900 1284 3160 1370 venturus
3218 1275 3308 1329 sit.
3342 1271 3667 1370 Vaticinatur

467 1379 731 1441 praeterea
755 1378 809 1427 et
839 1380 1043 1435 ortum,
1077 1382 1130 1427 et
1150 1379 1423 1433 mortem,
1454 1381 1506 1425 et
1535 1370 1765 1425 reditum
1795 1371 1849 1423 in
1870 1369 2056 1432 vitam,
2099 1375 2155 1422 et
2181 1367 2543 1437 principatum
2575 1366 2631 1417 in
2655 1365 2910 1418 omnibus
2936 1364 3208 1434 gentibus,
3237 1376 3357 1430 qua:
3393 1374 3521 1415 sane
3565 1364 3667 1426 jam

460 1478 691 1518 evenere
753 1463 977 1517 omnia:
1016 1471 1069 1516 et
1100 1463 1272 1532 magis
1326 1462 1489 1517 etiam
1550 1462 1807 1530 deinceps
1842 1474 1900 1515 ex
1942 1459 2030 1522 iis,
2073 1474 2195 1527 quae
2254 1457 2506 1511 dicentur
2557 1456 2869 1522 constabit,
2918 1456 2973 1509 in
3033 1470 3141 1508 uno
3175 1451 3453 1506 Salvatore
3485 1466 3544 1504 ac
3570 1449 3666 1505 Do-

460 1555 612 1609 mino
647 1565 837 1610 nostro
891 1571 954 1610 ea
1023 1556 1184 1610 linem
1234 1556 1531 1625 accepisse.
1583 1555 1689 1609 Sed
1723 1555 1838 1609 haec
1878 1568 1999 1623 qua:
2030 1553 2096 1607 de
2133 1552 2337 1607 sanctis
2364 1551 2601 1605 oraculis
2624 1561 2845 1620 accepta
2866 1549 3050 1614 vides,
3091 1549 3158 1603 iis
3181 1548 3271 1616 qui
3302 1546 3544 1609 credunt,
3577 1560 3665 1599 ex-

456 1649 632 1718 posita
683 1654 851 1703 sunt:
885 1650 951 1703 iis
987 1659 1165 1702 autem
1215 1649 1308 1718 qui
1362 1663 1472 1701 non
1522 1649 1771 1712 credunt,
1808 1660 2054 1701 seorsum
2096 1645 2308 1700 obviam
2362 1645 2583 1714 scriptis
2625 1645 2955 1715 propheticis
2989 1645 3205 1710 ibimus,
3243 1652 3405 1714 atque
3437 1644 3665 1697 .interim

457 1749 711 1809 tanquam
739 1737 804 1792 de
832 1740 1105 1793 communi
1132 1741 1270 1804 viro,
1308 1747 1363 1794 et
1391 1742 1483 1809 qui
1522 1740 1745 1809 reliquis
1771 1737 1933 1793 fuerit
1962 1739 2159 1793 similis
2203 1737 2546 1808 inquiremus
2590 1757 2602 1791 :
2648 1746 2707 1791 ut
2756 1754 2877 1792 cum
2928 1738 3184 1793 omnibus
3230 1739 3322 1807 qui
3368 1750 3595 1804 unquam
3638 1750 3664 1788 a

455 1831 677 1888 condito
705 1845 819 1885 aevo
869 1829 1008 1885 inter
1045 1830 1292 1885 homines
1330 1830 1586 1885 celebrati
1622 1830 1732 1883 sint
1763 1867 1780 1891 ,
1829 1829 2000 1881 multo
2040 1827 2384 1896 praestantior
2417 1821 2491 1881 et
2519 1826 2928 1896 incomparabili
2988 1826 3220 1896 quadam
3276 1825 3562 1881 eminentia
3589 1839 3668 1879 su'

455 1923 635 1995 perior
690 1921 1022 1991 apparuerit,
1064 1937 1185 1976 cum
1215 1937 1278 1976 ea
1305 1937 1521 1992 quoque
1563 1937 1683 1991 quae
1726 1919 1793 1974 ad
1836 1919 2152 1973 diviniorem
2193 1919 2311 1987 ejus
2339 1927 2588 1972 naturam
2642 1926 2892 1988 spectant
2933 1925 3323 1986 pertractemus
3363 1937 3375 1972 :
3426 1924 3478 1972 et
3534 1915 3664 1987 quod

453 2008 632 2062 virtus
670 2025 790 2078 quae
829 2010 885 2064 in
926 2012 1019 2066 illo
1068 2020 1186 2067 erat
1237 2014 1383 2067 nulla
1435 2014 1671 2067 humana
1702 2020 1899 2066 natura
1952 2018 2244 2076 constaret,
2277 2011 2598 2066 certissimis
2638 2010 3190 2079 demonstrationibus
3217 2010 3661 2080 comprobemus:

455 2098 646 2154 ordine
696 2101 950 2170 deinceps
983 2112 1258 2173 sequetur,
1291 2112 1352 2158 ut
1381 2119 1444 2159 ea
1478 2119 1840 2173 proponamus
1863 2102 2276 2171 contemplanda
2300 2117 2398 2171 pro
2428 2102 2656 2160 viribus,
2685 2116 2804 2170 qua:
2857 2102 2922 2154 ad
2975 2117 3091 2155 eam
3143 2102 3466 2171 theologiam
3514 2102 3665 2171 perti-

455 2198 605 2251 nent,
636 2206 755 2260 qua:
793 2193 942 2245 illum
986 2195 1263 2262 complexa
1291 2202 1395 2249 est.
1442 2193 1705 2260 Quoniam
1746 2194 1908 2263 igitur
1939 2194 2114 2261 major
2166 2206 2289 2260 pars
2323 2206 2507 2245 eorum
2539 2191 2631 2260 qui
2679 2207 2787 2245 non
2834 2193 3085 2256 credunt,
3119 2200 3314 2247 vocant
3343 2194 3490 2246 illum
3539 2208 3664 2262 pra:-

455 2282 790 2351 stigiatorem
845 2298 908 2336 ac
961 2285 1336 2350 seductorem,
1396 2287 1637 2356 aliasque
1672 2284 2094 2341 innumerabiles
2132 2283 2433 2338 calumnias
2477 2283 2531 2336 in
2562 2283 2712 2336 illum
2764 2284 3169 2339 exsecrabiliter
3220 2284 3449 2352 iactant,
3492 2301 3552 2340 ac
3602 2301 3662 2339 ne

454 2391 601 2430 nunc
634 2378 849 2447 quidem
898 2377 1156 2433 desinunt
1194 2380 1459 2449 ejusmodi
1488 2383 1684 2451 probra
1711 2382 2040 2451 contingere,
2085 2388 2295 2448 tempus
2320 2379 2430 2447 jam
2463 2378 2676 2431 videtur
2728 2394 2850 2433 esse
2906 2387 2966 2433 ιιι
3001 2382 3161 2434 etiam
3195 2381 3316 2435 istis
3348 2382 3657 2451 respondea-

455 2483 597 2532 mus,
634 2470 701 2524 de
752 2479 940 2526 nostro
990 2473 1207 2541 quidem
1254 2474 1391 2529 nihil
1419 2474 1729 2540 aﬂerentes,
1790 2476 1885 2532 sed
1913 2475 1980 2530 de
2024 2473 2272 2530 doctrina
2307 2488 2467 2543 quam
2496 2462 2615 2543 ipse
2661 2473 2955 2543 publicavit
2987 2484 3326 2532 assumentes
3351 2519 3365 2543 ,
3404 2477 3541 2546 quod
3582 2477 3658 2531 hic

453 2576 812 2631 apponamus.

452 2675 539 2731 lii.
570 2676 830 2732 Adversus
866 2695 952 2732 eos
983 2680 1072 2750 qui
1101 2679 1366 2756 Christum
1387 2683 1479 2737 Dei
1499 2683 1820 2738 seductorem
1839 2683 2001 2753 fuisse

2110 2675 2175 2730 Ρ.
2211 2673 2365 2742 Πρὸς
2386 2672 2526 2738 τοὺς
2549 2671 3219 2756 πέάνονιύπειρηςρότᾳς
3243 2680 3539 2749 γεγονέναι
3565 2683 3659 2738 τὸν

1058 2752 1386 2804 existimant.

519 2835 894 2909 lnterrogandi
933 2840 1096 2909 igitur
1116 2850 1264 2908 sunt,
1302 2858 1432 2896 num
1457 2845 1582 2913 quis
1610 2858 1849 2914 unquam
1867 2844 2007 2899 alius

455 2929 582 2982 huic
611 2929 806 2986 similis
837 2930 1097 2986 seductor
1125 2949 1191 2986 ex
1223 2934 1471 2989 historiis
1501 2936 1745 3005 ipsorum
1775 2937 2007 3006 proferri

453 3020 649 3089 possit,
679 3022 771 3092 qui
801 3023 1585 3096 mansuetudinis,probitatis,
1615 3031 2005 3099 temperantiae,

452 3111 739 3182 omnisque
765 3114 986 3183 reliquae
1027 3116 1244 3173 virtutis
1286 3119 1352 3174 iis
1401 3135 1538 3189 quos
1585 3123 1858 3177 seduxerit
1896 3139 2010 3178 ma-

453 3206 622 3275 gister
650 3213 703 3260 et
732 3214 925 3261 auctor
954 3209 1221 3263 exstiterit
1249 3230 1261 3264 :
1297 3220 1350 3266 et
1378 3220 1557 3267 utrum
1581 3213 1663 3269 fas
1691 3216 1762 3271 sit
1811 3216 1879 3272 iis
1909 3233 2010 3272 no-

452 3294 692 3350 minibus
726 3311 921 3351 vocare
947 3313 1090 3352 eum:
1128 3301 1219 3368 qui
1251 3316 1320 3355 ne
1350 3302 1549 3357 intueri
1614 3305 1832 3373 quidem
1884 3323 2008 3362 mu-

451 3385 640 3439 lierem
672 3401 795 3440 cum
823 3389 1085 3457 petulanti
1118 3391 1416 3460 cupiditate
1462 3388 1756 3463 permittit:
1789 3404 1843 3450 et
1876 3414 2004 3452 num

452 3473 501 3528 is
553 3475 826 3541 seductor,
859 3478 949 3545 qui
991 3493 1262 3533 summum
1321 3482 1674 3553 philosophiae
1734 3485 2005 3557 fastigium

452 3565 783 3631 tradiderit,
849 3568 1256 3641 discipulosque
1310 3588 1440 3628 suos
1503 3575 1795 3641 docuerit,
1860 3594 2007 3647 quie-

452 3675 664 3729 cunque
731 3660 1065 3729 possideant}
1107 3665 1284 3728 bona,
1363 3666 1729 3736 indigentibus
1807 3670 2008 3740 imper-

454 3748 565 3812 tiri,
606 3756 659 3802 et
709 3749 910 3804 laboris
963 3751 1201 3805 studium
1274 3769 1340 3808 ac
1375 3755 1782 3811 beneficentiam
1852 3760 2005 3831 103

450 3839 668 3908 plurimi
732 3840 910 3895 facere
967 3860 983 3896 :
1044 3851 1095 3896 et
1146 3851 1325 3897 utrum
1379 3846 1631 3902 seductor
1684 3850 1750 3911 is,
1810 3853 1901 3919 qui
1950 3852 2002 3905 in

450 3930 797 3984 multitudine
851 3933 1099 4000 populari
1149 3972 1165 3997 ,
1220 3935 1272 3987 in
1315 3936 1522 4004 plebeio
1585 3939 2005 4010 turbulentoque

448 4033 612 4087 grege
640 4021 843 4073 versari
875 4021 1143 4089 prohibet,
1179 4025 1352 4077 solum
1383 4033 1561 4080 autem
1596 4043 1776 4081 rerum
1805 4030 2006 4085 divina—
2031 4052 2073 4108 α

449 4124 569 4162 rum
599 4109 838 4162 studium
872 4126 968 4164 sua
1009 4112 1260 4166 doctrina
1309 4117 1667 4171 commendat.
1705 4118 1810 4184 Qui
1842 4135 2004 4189 porro

450 4197 565 4251 ﬁeri
597 4205 795 4266 potest,
832 4208 891 4251 ut
936 4200 982 4253 is
1028 4200 1221 4254 merito
1261 4203 1572 4257 nominetur
1604 4203 1879 4271 seductor,
1910 4207 2001 4276 qui

445 4294 500 4341 et
546 4287 616 4341 ab
656 4289 803 4341 omni
854 4290 1137 4344 mendacio
1178 4292 1469 4357 deterreat,
1515 4303 1568 4348 et
1611 4295 1677 4349 ad
1721 4299 2000 4353 veritatem

446 4389 639 4447 praeter
662 4390 855 4434 cuncta
884 4382 988 4434 alia
1015 4384 1443 4452 amplectendam
1467 4387 1823 4443 adhortetur?
1851 4397 1909 4442 ut
1933 4406 2002 4445 ne

438 4467 564 4535 jure
608 4468 825 4538 quidem
866 4470 1100 4539 jurando
1152 4474 1279 4527 velit
1325 4490 1424 4530 nos
1475 4477 1755 4548 indigere?
1798 4487 2001 4549 quanto

441 4568 620 4613 autem
666 4561 845 4616 minus
891 4563 1163 4632 perjurio?
1197 4586 1214 4616 ι
1244 4564 1325 4620 Sit
1368 4569 1511 4622 enim
1559 4585 1738 4625 sermo
1774 4580 1951 4627 vester
1982 4593 1994 4627 :

445 4646 560 4711 Est,
592 4657 674 4704 est
702 4668 715 4703 :
743 4666 867 4714 non,
906 4668 1012 4706 non
1038 4654 1078 4684 “
1107 4673 1119 4706 :
1159 4673 1177 4705 ι
1214 4662 1267 4707 et
1294 4657 1424 4724 quid
1453 4673 1536 4713 me
1562 4659 1715 4727 plura
1749 4661 1999 4733 colligere

440 4747 674 4809 Oportet,
712 4756 834 4796 cum
867 4758 931 4797 ex
967 4744 1056 4807 iis,
1088 4761 1209 4814 qua:
1243 4746 1353 4814 jam
1387 4749 1530 4802 dicta
1565 4758 1711 4814 sunt,
1744 4752 1903 4820 plane
1936 4753 1998 4806 li-

438 4839 559 4887 ceat
588 4832 820 4897 discere,
852 4836 1125 4904 quodnam
1159 4839 1319 4895 fuerit
1346 4841 1464 4910 ejus
1499 4844 1809 4912 reipublicae
1838 4844 1997 4898 insti~

437 4930 634 4987 tutum,
669 4941 791 4994 qua:
836 4927 905 4979 ab
951 4928 1045 4981 illo
1074 4930 1215 4984 inter
1248 4932 1493 4989 homines
1525 4935 1591 4989 ad
1628 4936 1751 4989 vita
1786 4936 1994 4990 utilita-

436 5020 539 5067 tem
564 5014 915 5070 disseminata
948 5021 1068 5073 est?
1095 5037 1160 5076 ex
1188 5039 1315 5092 qua,
1348 5041 1456 5080 non
1492 5026 1651 5081 modo
1693 5042 1800 5082 non
1831 5029 1994 5083 sedu-

436 5112 669 5170 ctorem,
694 5108 786 5162 sed
819 5123 943 5162 vere
971 5111 1208 5167 divinum
1231 5118 1536 5184 quemdam,
1567 5126 1621 5172 et
1652 5118 1847 5172 divina:
1883 5121 1995 5188 pie-

433 5201 707 5264 tatemque
736 5198 992 5267 amplexae
1022 5202 1397 5274 philosophiae,
1443 5224 1551 5262 non
1594 5211 1899 5267 communis
1930 5212 1994 5265 il-

2591 2743 2851 2809 Χριστὸν
2878 2744 2984 2798 τοῦ
3019 2748 3189 2801 Θεοῦ.

2179 2835 2441 2888 Πευστέον
2481 2833 2543 2906 δὴ
2615 2834 2790 2887 αὐτῶν
2848 2836 3026 2890 εἴποτέ
3080 2855 3164 2902 τις
3225 2840 3386 2905 ἄλλος
3440 2845 3656 2909 τοιοῦτος

2110 2926 2305 2989 πλάνος
2332 2926 2602 2997 ἱστόρηται
2630 2927 2950 2997 πραότητος,
2983 2929 3075 2981 καὶ
3119 2931 3439 2998 ἐπιεικείας,
3467 2952 3658 3008 σωφρο-

2110 3018 2272 3088 σύνης
2322 3035 2381 3071 τε
2440 3018 2531 3071 καὶ
2574 3018 2673 3089 τῆς
2727 3018 2889 3090 ἄλλης
2932 3020 3131 3093 ἀρετῆς
3178 3024 3496 3091 διδάσκαλος
3556 3032 3658 3092 τοῖς

2108 3109 2483 3179 ἀπατωμένοις
2525 3109 2760 3178 γεγονὼς
2808 3110 3005 3175 αἴτιος·
3054 3115 3147 3166 καὶ
3197 3118 3246 3168 εἰ
3296 3116 3512 3190 θεμιτὸν
3556 3119 3656 3173 τού-

2108 3219 2219 3266 τοις
2266 3202 2557 3281 ἀποκαλεῖν
2610 3206 2721 3266 τοίς
2772 3204 2996 3275 ὀνόμασι
3050 3213 3140 3260 τὸν
3200 3209 3335 3280 μηδέ
3386 3210 3655 3281 ἐμϐλέπειν

2112 3293 2246 3364 μετά
2314 3293 2605 3365 ἐπιθυμίας
2643 3294 2940 3349 ἀκολάστου
2988 3297 3229 3364 γυναιξὶν
3272 3301 3649 3373 ἐπιτρέψαντας

2108 3384 2200 3436 καὶ
2249 3384 2296 3435 εί
2346 3381 2540 3446 πλάνος
2583 3385 2612 3436 ό
2660 3383 2757 3454 τὴν
2808 3386 2886 3448 είς
2932 3385 3097 3456 ἄκρον
3141 3388 3416 3457 παραδοὺς
3455 3390 3652 3459 φιλοσο-

2108 3475 2234 3543 φίαν
2266 3478 2322 3528 ἐν
2346 3474 2422 3546 τῷ
2449 3476 2573 3535 τοὺς
2602 3474 2857 3546 φοιτητὰς
2891 3477 3159 3530 παιδεύειν
3189 3480 3295 3531 τῶν
3324 3482 3651 3553 ὑπαρχόντων

2106 3562 2304 3615 ἐνδεέσι
2349 3567 2640 3626 κοινωνεῖν,
2687 3566 2780 3617 καὶ
2817 3565 2877 3617 τὸ
2910 3567 3189 3633 φιλόπονον
3234 3570 3328 3621 καὶ
3363 3571 3651 3624 κοινωνικὸν

2106 3654 2233 3725 περὶ
2268 3653 2460 3707 πολλοῦ
2493 3654 2752 3708 τίθεσθαι·
2783 3657 2876 3709 καὶ
2914 3659 2962 3710 εἰ
3008 3658 3203 3721 πλάνος
3246 3661 3274 3711 ὁ
3325 3662 3422 3731 τῆς
3468 3661 3651 3730 πανδή-

2109 3762 2231 3815 μου,
2269 3747 2363 3799 καὶ
2401 3746 2673 3814 ἀγελαίου,
2717 3747 2810 3800 καὶ
2853 3746 3184 3819 θορυϐώδους
3238 3752 3516 3813 συνουσίας
3543 3752 3651 3804 ἀνε-

2105 3836 2323 3906 γείρων,
2348 3836 2608 3890 διδάσκων
2639 3837 2693 3889 δὲ
2723 3838 2887 3908 μόνην
2924 3838 3260 3902 ἀσπάζεσθαι
3299 3842 3398 3912 τὴν
3436 3844 3555 3913 περὶ
3590 3842 3651 3894 τὰ

2106 3927 2222 3981 θεῖα
2246 3928 2398 3997 λόγια
2432 3929 2644 4000 σχολήν.
2685 3930 2743 3982 Ὀ
2791 3929 2848 3983 δέ
2883 3931 3079 3995 παντὸς
3120 3933 3219 4002 μὲν
3270 3934 3498 4003 ψεύδους
3526 3936 3649 3988 ἀπο-

2105 4020 2338 4089 τρέπων,
2377 4021 2473 4091 τὴν
2509 4021 2554 4074 δ’
2593 4021 2844 4092 ἀλήθειαν
2892 4022 2994 4091 πρὸ
3030 4027 3229 4088 παντὸς
3264 4030 3426 4099 τιμᾷν
3464 4045 3646 4098 παραι-

2105 4110 2228 4162 νῶν⁹
2254 4111 2327 4174 ὡς
2359 4112 2477 4182 μηδ’
2500 4112 2749 4182 εὐορκίας
2777 4112 3000 4175 δεῖσθαι,
3036 4115 3227 4169 πολλοῦ
3256 4118 3338 4172 δεῖ
3368 4121 3644 4192 ἐπιορκεῖν·

2109 4217 2127 4249 ι
2157 4202 2334 4254 Ἔστω
2362 4202 2468 4273 γὰρ
2506 4203 2657 4273 ὑμῶν
2700 4202 2760 4254 τὸ
2790 4204 2896 4256 Ναὶ
2939 4206 3044 4268 ναὶ,
3083 4208 3143 4260 τὸ
3177 4209 3236 4262 οὓ
3272 4209 3352 4262 οὔ·
3395 4231 3413 4263 ι
3449 4211 3556 4274 πῶς
3590 4209 3647 4262 ἂν

2104 4290 2299 4357 πλάνος
2331 4294 2551 4358 ἐνδίκως
2583 4294 2940 4368 όνομασθείη;
2975 4300 3083 4353 Καὶ
3120 4299 3171 4351 τί
3209 4318 3272 4370 με
3305 4302 3408 4373 χρὴ
3448 4302 3646 4354 πλείονα

2101 4383 2193 4437 νῦν
2247 4385 2443 4454 λέγειν,
2490 4389 2661 4458 παρὸν
2699 4391 2763 4443 ἐκ
2817 4391 2922 4443 τῶν
2973 4391 3205 4461 πρόσθεν
3241 4394 3538 4465 εἰρημένων
3572 4392 3645 4453 τίς

2101 4491 2231 4528 ποτε
2270 4472 2336 4546 ἧν
2375 4478 2572 4548 τρόπος
2609 4480 2809 4547 γνῶναι
2849 4480 2946 4549 τῆς
2981 4481 3071 4533 ὑπ’
3102 4482 3265 4535 αὐτοῦ
3297 4480 3645 4552 κατασπαρεί-

2101 4585 2199 4641 σης
2220 4569 2296 4639 τῷ
2318 4569 2416 4639 βίῳ
2448 4568 2736 4633 πολιτείας,
2760 4571 2849 4640 ἀφ’
2881 4567 2946 4642 ἦς
2973 4573 3070 4641 οὐχ
3099 4573 3246 4636 ὅπως
3271 4574 3484 4638 πλάνον,
3520 4571 3644 4627 ἀλλά

2097 4678 2215 4714 τινα
2243 4660 2381 4713 θεῖον
2405 4661 2478 4723 ὡς
2505 4660 2735 4731 ἀληθῶς,
2772 4663 2864 4714 καὶ
2905 4662 3075 4726 θείας,
3111 4666 3203 4717 καὶ¹
3238 4665 3508 4729 εὐσεϐοῦς,
3540 4663 3640 4717 ἀλλ’

2096 4753 2157 4805 οὐ
2190 4753 2286 4823 τῆς
2327 4752 2510 4821 κοινῆς
2553 4754 2644 4805 καὶ
2686 4753 2961 4824 πανδήμου
3010 4755 3320 4825 φιλοσοφίας
3364 4754 3641 4826 εἰσηγητὴν

2096 4845 2203 4907 πᾶς
2240 4845 2267 4895 ό
2318 4844 2614 4915 φιλαλήθης
2649 4844 2808 4897 αὐτὸν
2855 4846 3181 4919 ὁμολογήσαι
3218 4847 3315 4912 άν;
3375 4847 3475 4900 Τὸν
3523 4845 3640 4913 γοῦν

2098 4939 2207 5008 βίον
2236 4938 2343 4991 τῶν
2374 4938 2536 4992 πάλαι
2565 4937 2828 5007 θεοφιλῶν
2868 4938 3132 5009 Ἐϐραίων
3164 4939 3260 5010 ἤδη
3306 4956 3421 5003 πως
3464 4936 3521 5002 ἐξ
3557 4937 3641 4988 ἁν-

2095 5028 2323 5100 θρώπων
2372 5028 2683 5082 ἀπολωλότα
2738 5029 2896 5100 μόνος
2942 5031 3401 5101 ἀνανεωσάμενος,
3439 5032 3533 5083 οὐκ
3567 5030 3640 5091 εἰς

2095 5122 2315 5193 βραχεῖς
2355 5123 2448 5176 καὶ
2493 5123 2760 5192 μετρίους,
2815 5123 2925 5176 ἀλλ’
2957 5127 3034 5186 εἰς
3070 5124 3188 5176 ὅλον
3223 5123 3532 5192 ἐφαπλῶσαι
3555 5121 3637 5173 τὸν

2092 5216 2293 5284 κόσμον
2322 5214 2693 5268 ἀποδέδεικται
2730 5214 2817 5268 διὰ
2847 5214 2940 5268 τοῦ
2982 5213 3194 5286 πρώτου
3230 5215 3638 5287 συγγράμματος

430 5284 537 5339 lius
588 5292 640 5340 et
691 5288 932 5358 vulgaris
982 5293 1449 5359 introductorem.
1508 5302 1686 5356 omnis
1744 5303 1991 5358 veritatis

2110 5308 2187 5379 τῆς
2216 5307 2495 5378 παρούσης
2524 5294 2849 5371 ὑποθέσεωςο
2884 5308 2949 5361 δι’
2978 5284 3039 5360 οῦ
3068 5310 3326 5378 πάρεστιν
3351 5284 3636 5378 ἀνθρώποις

431 5383 642 5428 amator
688 5378 760 5433 sit
792 5380 1165 5440 confessurus.
1223 5386 1355 5440 Nam
1409 5390 1553 5458 quod
1604 5392 1735 5445 illud
1775 5394 1987 5449 vivendi

2110 5399 2184 5450 επὶ
2209 5398 2436 5469 σπείρας
2472 5401 2583 5461 τοῖς
2614 5398 2734 5452 καθ’
2769 5399 2895 5469 ὅλης
2935 5401 3033 5469 τῆς
3068 5402 3387 5473 οἰκουμένης
3423 5401 3509 5452 τὸν
3537 5397 3634 5450 τῶν

429 5463 779 5539 institutum,
848 5486 957 5540 quo
1018 5474 1364 5531 Hebraeorum
1426 5482 1828 5551 antiquissimi,
1885 5485 1981 5539 Dei

2110 5463 2351 5559 Ιεοφιλῶν
2375 5490 2593 5543 ἐκείνων
2624 5491 2763 5561 ἀμφὶ
2783 5463 2872 5545 τὸν
2904 5463 3150 5563 Ἀϐραὰμ
3176 5463 3397 5567 μυρίούς
3415 5510 3473 5546 τε
3492 5493 3633 5552 ὅσους

431 5554 610 5621 amici,
650 5557 749 5612 viri
796 5563 1109 5631 utebantur,
1142 5569 1393 5639 quodque
1421 5570 1530 5641 jam
1565 5589 1630 5629 ex
1672 5576 1981 5635 hominibus

2110 5554 2334 5648 ζηλωτὰς
2363 5581 2463 5633 οὐκ
2493 5579 2551 5645 ἐξ
2588 5554 2849 5651 Ἑλλήνων
2878 5554 3052 5653 μόνον,
3083 5554 3214 5637 ἀλλά
3245 5554 3335 5638 καὶ
3363 5554 3634 5655 θαρὸάρων

500 5707 539 5737 ⁸¹
592 5709 779 5767 Matth.
806 5731 858 5775 v,
899 5717 987 5771 57.
