3880 6256
268 355 365 413 189

1184 356 1840 416 DEMONSTRATIONIS
1878 357 2338 413 EVANGELICE
2380 358 2505 413 LIB.
2544 356 2630 413 ΙΙΙ.

3408 355 3512 413 190

267 475 359 546 τῆς
380 474 616 529 ἐκείνων
651 476 930 543 θεοσεϐοῦς
956 477 1226 542 πολιτείας
1254 478 1547 545 ἀποδεῖξαι.
1596 476 1758 531 Ἀλλά
1776 476 1829 530 τό

1945 477 2345 547 quodammodo
2396 477 2710 540 interierat,
2758 476 2909 531 solus
2967 473 3084 543 ipse
3134 474 3509 537 renovaverit,

266 566 357 637 μὲν
384 564 713 640 ἠθικώτερα
738 569 833 640 τῆς
858 568 1198 633 διδασκαλίας
1229 568 1393 622 αὑτοῦ
1424 567 1667 621 τοιαῦτα.
1709 567 1845 639 Φέρε

263 657 313 710 δὲ
347 655 694 728 σκεψώμεθα
742 662 814 731 μὴ
859 661 969 734 ἀρα
1001 662 1131 714 ποτὲ
1159 663 1187 714 ὁ
1217 660 1415 724 πλάνος
1443 660 1593 731 αὐτῷ
1625 660 1750 731 περὶ
1777 659 1845 713 τά

260 749 574 820 κυριώτατα
614 753 723 806 τῶν
773 752 1054 824 δογμάτων
1084 753 1416 822 κατεγίνετο.
1442 748 1570 824 ’Ἆρ’
1604 747 1698 806 οὖν
1726 752 1845 823 οὐχὶ

263 842 400 911 μόνῳ
428 842 512 912 τῷ
550 843 888 915 παμϐασιλεί
916 846 1034 916 Θεῷ
1078 845 1154 917 τῷ
1196 845 1289 899 καὶ
1308 844 1562 915 οὐρανοῦ,
1593 845 1687 897 καὶ
1718 844 1842 914 γῆς,

257 934 345 986 καὶ
403 933 503 986 τοῦ
576 936 887 1007 σύμπαντος
944 938 1146 1007 κόσμου
1210 936 1522 1009 δημιουργῷ
1567 936 1725 999 αὐτός
1784 952 1843 988 τε

255 1025 624 1095 ἀνακείμενος
656 1028 894 1092 καὶτοὺς
927 1028 1183 1100 φοιτητὰς
1217 1029 1505 1099 προσάγων
1536 1029 1843 1099 ἀναγέγρα-

252 1132 415 1181 mat;
454 1118 650 1171 Είσέτι
684 1137 743 1172 τε
779 1122 872 1173 καὶ
902 1120 1060 1191 δεῦρο
1100 1122 1148 1173 oi
1183 1121 1282 1191 τῆς
1306 1121 1650 1183 διδασκαλίας
1677 1118 1841 1172 αὑτοῦ

253 1206 392 1274 λόγοι
426 1210 621 1263 πάντα
654 1210 885 1283 Ἕλληνα
915 1213 1007 1265 καὶ
1036 1212 1307 1284 βάρϐαρον
1337 1212 1446 1266 ἀνω
1483 1211 1579 1284 τὴν
1606 1210 1842 1266 διάνοιαν

252 1299 382 1370 πρὸς
411 1300 512 1353 τὸν
548 1303 811 1355 ἀνωτάτω
837 1304 968 1356 Θεὸν
995 1304 1276 1373 ἀνάγουσι,
1313 1306 1496 1358 πᾶσαν
1522 1303 1721 1374 ὁρατὴν
1742 1302 1842 1372 φύ-

254 1407 329 1444 σιν
363 1392 748 1464 ὑπερὸψαντα.
779 1391 922 1468 τΑρα
956 1392 1048 1450 οὖν
1092 1396 1165 1468 μὴ
1206 1397 1376 1461 οὕτως
1401 1393 1467 1468 ἦν
1497 1398 1525 1449 ὁ
1558 1396 1771 1460 πλάνος,
1806 1396 1838 1465 ἦ

248 1483 324 1536 δτι
353 1484 430 1555 μὴ
458 1487 572 1573 Beat
599 1487 814 1551 πλείους
853 1488 1027 1541 σέϐειν
1057 1488 1211 1551 θεοὺς
1243 1489 1306 1541 ὲκ
1334 1489 1433 1558 τῆς
1468 1487 1727 1541 ἀνωτάτω
1747 1487 1840 1539 καὶ

252 1574 415 1647 μόνης
441 1576 692 1646 ἀληθοῦς
718 1577 993 1647 θεολογίας
1022 1581 1111 1632 τὸν
1133 1580 1208 1643 ὼς
1236 1579 1447 1649 ἀληθῶς
1476 1580 1675 1634 πλάνον
1701 1597 1836 1651 τρα-

245 1665 581 1735 χηλισθέντα
610 1674 915 1744 συγχωρεῖ;
961 1670 1098 1724 Ἀλλ’
1133 1666 1287 1735 οὗτος
1321 1673 1381 1725 οὐ
1417 1671 1699 1744 νεώτερος,
1729 1672 1838 1726 οὐδ’

245 1758 443 1821 οίκεῖος
479 1761 643 1831 αὐτῷ
663 1761 839 1830 λόγος,
862 1766 972 1827 τοῖς
1000 1762 1043 1816 δ’
1078 1765 1141 1815 ὲκ
1178 1762 1388 1835 μακροῦ
1418 1763 1576 1817 πάλιν
1600 1762 1837 1832 θεοφιλέ-

1952 587 2126 642 neque
2172 572 2227 625 in
2262 584 2465 641 paucos
2497 576 2552 623 et
2584 568 2850 631 modicos,
2897 567 2990 623 sed
3024 567 3078 620 in
3111 575 3284 620 totum
3323 566 3513 620 orbem

1946 663 2243 726 diﬂuderit,
2271 662 2326 715 in
2361 662 2538 732 primo
2571 659 2736 728 hujus
2763 660 2946 728 aperis
2978 658 3117 712 libro
3142 658 3276 713 satis
3300 673 3329 710 a
3354 657 3511 712 nobis

1946 765 2228 811 ostensum
2273 765 2355 809 est
2393 773 2405 808 :
2438 769 2536 823 per
2582 768 2741 822 quem
2790 753 2978 821 utique
3019 752 3145 805 licet
3196 750 3511 806 hominibus

1941 846 2054 915 jam
2088 843 2364 899 turmatim
2396 844 2448 896 in
2482 849 2598 895 toto
2630 841 2780 902 orbe,
2814 840 2960 894 illius
2992 839 3136 901 vitae,
3166 838 3510 907 religionem-

1946 952 2050 1008 que
2094 936 2355 1006 amplexa:
2401 933 2729 1003 reipublicae,
2766 947 2927 1001 quam
2967 938 3020 985 et
3070 931 3187 999 ipse
3232 930 3506 983 Abraham

1943 1039 1995 1084 et
2025 1028 2116 1098 qui
2160 1043 2254 1096 per
2295 1026 2432 1080 idem
2472 1033 2686 1092 tempus
2720 1023 2901 1076 vixere
2939 1022 3129 1075 sectati
3166 1028 3314 1084 sunt,
3345 1021 3507 1074 innu—

1943 1121 2231 1175 merabiles
2263 1134 2372 1172 non
2406 1117 2581 1171 solum
2614 1132 2677 1170 ex
2705 1113 2929 1176 Graecis,
2972 1112 3066 1168 sed
3098 1114 3259 1166 etiam
3287 1128 3350 1165 ex
3380 1112 3507 1165 bar-

1943 1214 2112 1277 baris,
2144 1213 2487 1266 atmulatores
2525 1209 2830 1262 ostendere.
2860 1206 2923 1258 Et
2973 1207 3119 1259 illius
3150 1206 3369 1273 quidem
3401 1205 3502 1258 do-

1942 1306 2131 1361 ctrina:
2181 1319 2305 1373 pars
2337 1316 2456 1372 qua:
2498 1301 2563 1353 ad
2606 1315 2784 1352 mores
2824 1298 3057 1367 pertinet
3112 1296 3306 1365 magis,
3356 1296 3506 1363 ejus-

1942 1396 2109 1450 modi.
2142 1394 2296 1448 Nunc
2326 1393 2609 1446 videamus
2640 1398 2821 1441 utrum
2849 1385 3154 1440 seductoris
3185 1399 3401 1448 nomen,
3427 1383 3504 1435 illi

1942 1489 1997 1542 in
2024 1503 2089 1542 eo
2117 1500 2312 1556 genere
2342 1492 2734 1553 praeceptorum
2759 1479 3066 1541 conveniat,
3103 1476 3245 1546 quod
3269 1476 3505 1530 maxime

1940 1576 2269 1631 dominatur.
2313 1572 2503 1626 Nonne
2550 1572 2715 1641 igitur
2762 1568 2828 1622 de
2875 1569 2967 1621 illo
3007 1569 3183 1637 palam
3239 1566 3503 1634 scriptum

1940 1674 2048 1732 est,
2079 1664 2535 1736 quemadmodum
2568 1664 2670 1717 soli
2699 1661 2942 1715 omnium
2976 1659 3087 1730 regi
3130 1657 3259 1719 Deo,
3292 1666 3348 1711 et
3378 1657 3503 1711 coeli

1940 1776 2004 1815 ac
2030 1767 2212 1822 terrae,
2242 1757 2536 1825 mundique
2566 1755 2805 1809 universi
2836 1753 3039 1821 opiﬁci,
3066 1760 3119 1806 et
3145 1751 3261 1820 ipse
3285 1749 3502 1804 deditus

244 1864 325 1900 σιν
366 1830 658 1923 Ἑϐραίοις
680 1855 998 1925 προσφιλὴς,
1022 1830 1305 1927 ὡσπεροῦν
1334 1855 1598 1909 δέδεικται
1625 1830 1714 1908 διά
1738 1856 1829 1925 τῆς

1940 1854 2123 1919 fuerit,
2158 1860 2211 1906 et
2236 1849 2621 1905 commendare
2652 1862 2780 1901 suos
2804 1845 3102 1915 discipulos
3126 1839 3503 1897 consueverit?

245 1942 794 2014 Προπαρασκευῆς,
820 1947 949 2018 παρ’
978 1940 1051 1999 ὧν
1080 1947 1179 2017 ἤδη
1201 1947 1422 2001 καὶτῶν
1451 1948 1586 2001 νέων
1625 1946 1829 2017 φιλοσό-

1941 1943 2047 1999 Sed
2091 1957 2271 1997 nonne
2324 1941 2487 1994 etiam
2530 1952 2677 1991 nunc
2735 1937 2882 1990 illius
2926 1935 3188 1989 doctrinae
3234 1942 3505 2003 praecepta

245 2047 354 2100 φων
388 2035 596 2099 παῖδες
621 2036 688 2089 τά
725 2038 931 2108 μεγάλα
961 2038 1317 2109 ὡφελημὲνοι,
1348 2038 1425 2109 τῷ
1444 2039 1671 2109 δόγματι
1706 2056 1829 2091 συν-

1940 2049 2150 2096 omnes,
2180 2041 2234 2087 et
2274 2029 2493 2084 Graecos
2515 2037 2567 2083 et
2598 2028 2864 2082 barbaros
2902 2026 2966 2079 ad
2996 2040 3308 2094 supremum
3335 2022 3501 2075 Deum

241 2124 586 2196 ηρέσθησαν.
620 2129 974 2199 Σεμνύνονται
1008 2133 1070 2200 γέ
1103 2148 1184 2183 τοι
1242 2131 1335 2184 καὶ
1357 2131 1534 2184 αὐτῶν
1568 2131 1829 2201 Ἐλλήνων

1939 2140 2156 2180 sursum
2194 2130 2377 2178 mente
2406 2121 2704 2189 animoque
2727 2117 3156 2189 percipiendum,
3202 2124 3255 2169 et
3285 2126 3503 2167 omnem

245 2216 293 2266 οἱ
328 2214 667 2285 λογιώτατοι
711 2220 804 2273 ἐπὶ
850 2223 1116 2291 χρησμοῖς
1152 2221 1259 2274 τῶν
1289 2222 1503 2275 οἰκείων
1545 2222 1701 2285 θεῶν,
1731 2214 1829 2274 ὦδέ

1938 2215 2205 2270 visibilem
2261 2221 2510 2265 naturam
2561 2208 2960 2278 despiciendam
3011 2204 3314 2260 extollunt?
3371 2216 3502 2255 num

243 2320 357 2367 πως
392 2307 670 2379 Ἑϐραίων
695 2327 798 2381 μνη
808 2311 1138 2380 μονεύουσινο

1938 2307 2105 2377 igitur
2124 2306 2214 2359 hic
2236 2304 2335 2357 fuit
2358 2302 2649 2377 seductor?
2685 2315 2754 2353 an
2790 2315 2917 2353 vero
2947 2298 3090 2366 quod
3117 2297 3300 2365 plures
3325 2294 3503 2347 colere

245 2395 373 2450 deos
411 2412 482 2451 ex
520 2415 779 2468 suprema
819 2409 872 2455 et
910 2402 1025 2456 sola
1070 2417 1196 2455 vera
1230 2400 1498 2470 theologia
1539 2414 1685 2463 eum,
1752 2399 1844 2468 qui
1881 2412 2069 2452 revera
2101 2396 2156 2449 in
2194 2408 2433 2448 errorem
2491 2406 2731 2461 praeceps
2771 2392 2841 2444 sit
2894 2390 3078 2457 lapsus
3136 2401 3242 2440 non
3280 2383 3504 2453 permit-

244 2487 345 2540 tit?
367 2497 424 2541 at
453 2489 554 2544 hic
582 2506 690 2544 non
726 2507 937 2556 recens,
968 2509 1144 2563 neque
1167 2494 1314 2548 illius
1345 2493 1596 2562 praprius
1621 2507 1823 2554 sermo,
1891 2489 1987 2545 sed
2025 2506 2092 2543 ex
2138 2488 2308 2542 multo
2360 2493 2604 2555 tempore
2649 2484 2845 2552 priscis
2902 2480 2993 2535 Dei
3040 2479 3340 2533 cultoribus
3395 2476 3500 2529 He-

245 2579 402 2635 braeis
432 2594 766 2646 consuetus,
811 2586 1263 2654 quemadmodum
1290 2593 1343 2641 et
1377 2585 1431 2639 in
1457 2584 1857 2655 Prwparatioue
1896 2590 2177 2637 ostensum
2216 2588 2320 2643 est,
2354 2594 2418 2630 ex
2478 2591 2583 2646 qua
2612 2577 2722 2645 jam
2772 2587 2918 2628 nunc
2944 2587 3065 2626 cum
3113 2581 3358 2624 recentes
3388 2569 3507 2637 phi-

246 2671 474 2745 losophi
542 2691 795 2746 magnam
866 2680 1150 2733 utilitatem
1208 2684 1532 2750 acceperint,
1588 2682 1765 2750 ipsum
1831 2678 2094 2732 doctrina:
2168 2689 2341 2744 genus
2388 2672 2898 2741 comprobaverunt.
2945 2668 3212 2723 Caeterum
3255 2666 3496 2736 ipsorum

246 2766 402 2819 etiam
448 2768 614 2840 104
634 2767 947 2823 (ΙΙ-ιορωμαι
990 2772 1292 2826 doctissimi
1336 2787 1559 2827 suorum
1627 2772 1855 2827 deorum
1919 2768 2159 2824 oraculis
2213 2767 2535 2837 gloriantur,
2585 2765 2651 2821 de
2709 2764 2949 2819 Hebraeis
2997 2764 3051 2818 in
3095 2763 3241 2818 hunc
3279 2758 3498 2814 modqu

249 2865 588 2917 mentionem
620 2863 946 2920 facientibus
979 2884 994 2919 :

249 2974 482 3027 Μοῦνοι
507 2974 789 3028 Χαλδαῖοι
814 2976 1038 3043 σοφίην
1065 2976 1278 3044 λάχον,
1310 2976 1403 3042 ἠδ’
1426 2975 1517 3044 ἄρ’
1560 2977 1827 3044 Ἑϐραῖοι,

243 3047 694 3113 Δύτοτὲνεθλον
724 3045 953 3099 ἄνακτα
980 3045 1357 3115 σεϐαζόμενοι
1392 3048 1541 3100 Θεὸν
1569 3046 1786 3116 ἁγνῶς.

1939 2972 2078 3029 Solis
2118 2971 2379 3028 Chaldaeis
2407 2972 2666 3040 sapientia
2689 2970 2922 3040 contigit,
2958 2980 3114 3039 atque

1940 3046 2200 3104 Hebrwis,
2229 3045 2318 3107 qui
2342 3059 2407 3097 ex
2429 3059 2482 3096 se
2505 3044 2754 3112 genitum,
2788 3057 3055 3110 regemque
3084 3040 3340 3112 deumque

1938 3116 2085 3169 Pura
2119 3124 2286 3168 mente
2311 3109 2521 3176 colunt,
2547 3122 2700 3182 atque
2734 3109 2894 3163 unum
2926 3109 3114 3163 nmium
3144 3109 3390 3164 adorant.

251 3219 556 3283 Χαλδαίους
596 3220 652 3273 δὲ
695 3221 822 3284 τοὺς
869 3222 1064 3284 αὐτοὺς
1091 3220 1177 3274 διὰ
1204 3222 1295 3274 τὸν
1340 3221 1588 3292 Ἀϐραάμ
1618 3223 1829 3294 divortu—

1931 3225 2217 3279 Chaldaeos
2244 3231 2423 3279 autem
2445 3223 2664 3279 eosdem
2693 3231 2915 3293 propter
2938 3223 3211 3277 Abraham
3244 3221 3496 3275 nomina-

253 3328 363 3376 σιν,
407 3313 531 3365 ἐπεὶ
561 3311 825 3375 Χαλδαῖος
868 3309 933 3384 ἦν
974 3314 1035 3366 τὸ
1073 3314 1248 3381 γένος,
1297 3315 1373 3379 ὡς
1412 3317 1719 3386 ἱστορεῖται.
1765 3317 1827 3369 Εἰ

249 3402 308 3476 δὴ
347 3400 448 3458 οὖν
479 3405 574 3457 καὶ
614 3405 885 3475 πρόπαλαι
926 3405 1112 3468 παῖδες
1155 3405 1417 3478 Ἐϐραίων
1442 3407 1547 3461 τῶν
1568 3407 1631 3478 δὴ
1674 3405 1830 3477 μάλι-

253 3511 379 3556 στα,
406 3496 662 3567 καὶπρὸς
690 3496 799 3549 τῶν
840 3496 1102 3568 χρησμῶν
1149 3499 1240 3550 ἐπὶ
1274 3500 1433 3568 σοφίᾳ
1477 3515 1830 3570 μεμαρτυρη-

256 3589 432 3657 μένων
467 3588 561 3640 ἐπὶ
594 3588 751 3657 μόνον
793 3588 881 3641 τὸν
920 3588 1135 3641 πάντων
1166 3589 1493 3661 δημιουργὸν
1526 3590 1655 3642 Θεὸν
1698 3590 1830 3659 ἀνῆ-

253 3697 350 3746 γον
384 3680 444 3732 τὸ
493 3680 679 3744 σέϐας·
711 3681 762 3733 τί
803 3681 883 3733 δεῖ
916 3682 1131 3746 πλάνον,
1162 3683 1279 3751 οὐχὶ
1312 3682 1368 3735 δὲ
1402 3682 1712 3752 θαυμαστὸν
1741 3683 1829 3733 εὐ-

257 3772 473 3834 σεϐείας
500 3772 817 3826 διδάσκαλον
837 3773 1111 3843 ὁμολογεῖν
1135 3774 1352 3838 τοῦτονς
1376 3774 1434 3837 ὃς
1458 3774 1526 3826 τὰ
1554 3773 1827 3845 πρόπαλαι

258 3863 418 3930 μόνος
449 3866 561 3927 τοῖς
588 3863 887 3933 θεοφιλέσιν
932 3866 1200 3936 Ἑϐραίοις
1243 3866 1559 3935 ἐγνωσμένα
1593 3867 1672 3927 είς
1697 3865 1829 3919 πάν-

254 3969 352 4017 τας
380 3952 702 4024 ἀνθρώπους
744 3953 958 4026 ἀοράτῳ
991 3958 1083 4009 καὶ
1117 3956 1285 4027 ὲνθὲῳ
1325 3955 1546 4025 δυνάμει
1589 3974 1830 4028 προαγα-

255 4046 368 4113 γὼν
398 4043 732 4115 ὲξήπλωσεν·
765 4046 904 4098 ὥστε
943 4048 1137 4118 μηκέτι
1164 4048 1302 4100 κατὰ
1330 4049 1389 4101 τὸ
1423 4047 1645 4102 παλαιὸν
1693 4049 1826 4121 βρα-

256 4140 368 4207 χεῖς
388 4154 541 4201 τινας
575 4138 666 4189 καὶ
691 4137 906 4209 ἀριθμῷ
938 4138 1174 4210 ληπτοὺς
1201 4139 1363 4211 ὀρθάς
1397 4142 1522 4211 περὶ
1562 4140 1695 4193 Θεοῦ
1742 4142 1829 4209 φέ-

262 4244 370 4297 ρειν
406 4228 586 4291 δόξας,
614 4228 750 4280 ἀλλά
785 4229 949 4299 μυρία
978 4229 1157 4300 πλήθη
1200 4230 1484 4300 βαρϐάρων
1517 4231 1622 4283 τῶν
1662 4231 1827 4285 πάλαι

262 4318 719 4388 θηριωδεστάτων,
757 4321 949 4389 λογίων
978 4338 1037 4373 τε
1072 4322 1164 4374 καὶ
1221 4322 1484 4393 Ἐλλήνων
1517 4324 1743 4394 ἀνδρῶν,
1778 4326 1826 4378 οἳ

261 4415 364 4474 τοῖς
397 4411 566 4465 πάλαι
605 4416 907 4484 προφήταις
930 4413 1022 4466 καὶ
1045 4414 1272 4477 δικαίοις
1293 4416 1549 4487 ἀνδράσιν
1582 4417 1825 4471 εὐσεϐεῖν

1929 3318 2028 3381 vit,
2065 3320 2179 3386 qui,
2235 3328 2294 3372 ut
2331 3320 2605 3373 memoriae
2635 3320 2906 3389 proditum
2940 3326 3045 3381 est,
3096 3333 3293 3387 genere
3331 3316 3498 3371 Chal-

1929 3407 2079 3462 daeus
2107 3408 2227 3462 fuit.
2271 3407 2328 3462 Si
2360 3409 2525 3478 igitur
2553 3411 2715 3463 etiam
2763 3410 2833 3463 ab
2869 3410 3109 3479 antiquis
3146 3424 3318 3479 usque
3357 3415 3497 3463 tem-

1928 3499 2177 3566 poribus,
2221 3498 2452 3563 Hebraei,
2503 3503 2596 3571 qui
2635 3502 2869 3555 maxime
2906 3500 2975 3553 ab
3006 3500 3243 3554 oraculis
3279 3513 3495 3568 quoque

1929 3590 2209 3659 sapientiae
2249 3592 2617 3646 testimonium
2670 3601 3019 3660 acceperunt,
3059 3592 3115 3644 in
3148 3607 3314 3645 unum
3365 3605 3487 3642 om-

1929 3681 2080 3735 nium
2125 3697 2308 3735 rerum
2364 3682 2609 3751 opiﬁcem
2656 3680 2825 3735 Deum
2875 3682 3246 3736 adorationem
3292 3682 3494 3751 dirige-

1929 3774 2080 3837 bant,
2122 3789 2222 3828 cur
2255 3775 2598 3829 seductorem
2652 3774 2907 3843 amplius,
2940 3789 3003 3827 ac
3034 3789 3141 3827 non
3177 3773 3356 3842 potius
3390 3773 3493 3825 mi-

1929 3864 2156 3919 rabilem
2197 3864 2478 3935 religionis
2519 3866 2861 3935 magistrum,
2896 3865 3040 3918 hunc
3059 3865 3171 3934 jam
3208 3864 3378 3919 fuisse
3412 3864 3492 3917 fa-

1927 3958 2180 4011 teamur?
2223 3959 2315 4026 qui
2364 3973 2429 4012 ea
2481 3973 2602 4027 quae
2643 3958 2917 4028 quondam
2971 3959 3103 4012 solis
3150 3957 3243 4011 Dei
3299 3958 3491 4012 amicis

1927 4047 2168 4103 Hebraeis
2201 4050 2418 4118 cognita
2445 4058 2621 4113 erant,
2656 4051 2709 4103 in
2750 4058 2979 4104 cunctos
3016 4049 3263 4104 homines
3302 4047 3492 4103 invisi-

1926 4141 2045 4205 bili,
2072 4141 2363 4212 divinaque
2406 4144 2604 4196 virtute
2634 4144 2860 4213 protulit
2887 4159 2949 4197 ac
2981 4143 3258 4199 delitavit?
3295 4150 3351 4196 ut
3384 4158 3492 4195 non

1927 4231 2181 4299 amplius,
2222 4232 2364 4286 sicut
2400 4232 2550 4300 prius
2574 4233 2729 4301 pauci
2761 4231 2982 4301 quidam
3017 4239 3071 4285 et
3104 4230 3489 4291 numerabiles,

1930 4331 2106 4376 rectas
2135 4322 2202 4376 de
2235 4320 2344 4376 Deo
2375 4322 2607 4376 habeant
2630 4323 2936 4391 opiniones,
2962 4322 3054 4377 sed
3081 4331 3381 4376 conventus
3408 4321 3493 4373 in-

1927 4415 2294 4469 numerabiles
2339 4423 2447 4468 tam
2490 4415 2769 4469 hominum
2813 4416 3191 4480 barbarorum,
3236 4416 3328 4481 qui
3360 4414 3490 4468 olim

260 4503 451 4572 ὁμοίως
482 4503 571 4556 διὰ
594 4505 759 4574 μόνης
790 4505 886 4575 τῆς
919 4504 1081 4557 αὑτοῦ
1109 4505 1388 4575 δυνάμεως
1408 4508 1823 4577 ὲπαιδεύθησαν.

1931 4504 2187 4561 ferissimi
2217 4515 2394 4570 erant,
2417 4523 2577 4576 quam
2604 4508 2930 4577 sapientium
2957 4517 3011 4562 et
3039 4504 3371 4571 Graecorum,
3397 4505 3491 4574 qui

272 4595 423 4647 Ἀλλά
466 4594 530 4665 δὴ
572 4595 633 4647 τὸ
680 4595 860 4666 τρίτον
910 4594 1254 4666 σκεψώμεθα,
1288 4599 1360 4669 μή
1404 4600 1520 4651 ποτ’
1542 4600 1650 4670 ἄρα
1681 4601 1824 4652 τοῦτ’

257 4681 320 4757 ἦν
337 4688 400 4740 δι’
422 4687 453 4740 ὃ
490 4686 689 4740 πλάνον
714 4689 874 4740 αὐτόν
903 4705 1087 4760 φησιν,
1113 4690 1194 4742 ὃτι
1228 4690 1300 4761 μὴ
1345 4690 1651 4760 βουθυσίαις
1693 4694 1828 4764 μηδὲ

257 4778 403 4843 ζώων
432 4781 646 4848 ἀλόγων
700 4784 933 4849 σφαγαῖς
971 4781 1091 4853 μηδ’
1138 4783 1332 4852 αἵμασι
1372 4786 1466 4837 καὶ
1505 4787 1657 4855 πυρὶ,
1694 4786 1826 4857 μηδὲ

254 4875 359 4935 τοῖς
385 4875 496 4926 ἀπὸ
538 4873 641 4941 γῆς
669 4873 1133 4943 ἀναθυμιωμένοις
1171 4877 1232 4928 τὸ
1266 4874 1405 4929 θεῖον
1439 4879 1603 4948 τιμᾷν
1651 4878 1825 4932 διετά-

254 4961 394 5028 ξατο.
425 4964 673 5017 Ταπεινά
703 4966 797 5035 μὲν
830 4966 921 5017 καὶ
952 4966 1123 5037 γεώδη
1155 4966 1323 5019 ταῦτα
1357 4969 1451 5021 καὶ
1495 4971 1594 5040 τῆς
1624 4971 1823 5024 ἀθανά-

252 5070 339 5107 του
367 5056 586 5125 φύσεως
617 5056 865 5127 οὐδαμῶς
910 5060 1083 5111 οἰκεῖα
1126 5058 1497 5132 λογισάμενος,
1534 5064 1722 5133 κρίνας
1766 5065 1823 5117 δὲ

254 5147 425 5218 πάσης
464 5147 658 5210 θυσίας
712 5149 1153 5219 προσηνεστάτην
1198 5152 1291 5204 καὶ
1337 5153 1518 5223 ἡδεῖαν
1565 5150 1704 5208 εἶναι
1746 5157 1822 5227 τῷ

250 5238 362 5307 Θεῷ
391 5238 494 5309 τὴν
543 5238 652 5291 τῶν
692 5239 908 5292 οἰκείων
953 5241 1180 5295 ἐντολῶν
1224 5246 1578 5316 κατόρθωσιν,
1628 5248 1694 5301 δι’
1747 5242 1821 5301 ὧν

250 5329 393 5401 αὐτῷ
420 5331 637 5400 σώματι
675 5332 770 5383 καὶ
801 5330 945 5401 ψυχῇ
966 5331 1422 5404 κεκαθαρμένους,
1454 5335 1529 5406 νῷ
1566 5353 1625 5389 τε
1674 5336 1821 5390 διαυ-

249 5422 329 5485 γεῖ
346 5420 440 5473 καὶ
471 5420 737 5490 δόγμασιν
765 5421 1040 5475 εὐσεϐέσιν
1069 5425 1528 5494 κεκοσμημένους,
1555 5426 1651 5496 τὴν
1685 5429 1821 5498 πρὸς

248 5512 332 5564 τὸν
360 5513 493 5566 Θεὸν
535 5512 856 5582 ἐξομοίωσιν
886 5514 1277 5585 ἀπομιμεῖσθαι
1305 5517 1568 5582 ἐδίδασκε,
1594 5519 1819 5591 διαρρή-

249 5603 337 5673 δην
364 5606 610 5673 (ράιῑνκιιυν⁹
655 5623 675 5657 ι
727 5605 953 5659 Ἔσεσθε
996 5608 1209 5667 τέλειοι.
1244 5608 1319 5671 ὡς
1359 5610 1387 5661 ὀ
1434 5610 1617 5681 Πατὴρ
1667 5611 1819 5680 ὑμῶν

251 5694 441 5760 τέλειός
464 5700 633 5752 ἐστιν.
677 5715 696 5748 ι
731 5696 793 5749 Εί
825 5695 887 5767 δὴ
927 5698 1098 5750 ταῦτά
1142 5715 1224 5762 τις
1276 5698 1538 5770 Ἑλλήνων
1577 5701 1815 5772 αἰτιῷτο,

252 5785 372 5840 ἔστιν
400 5789 475 5863 μὴ
505 5787 637 5859 φίλα
660 5789 772 5851 τοῖς
801 5788 1019 5852 οἰκείοις
1046 5789 1383 5854 διδασκάλοις
1416 5792 1643 5861 φρῢνῶν,
1680 5793 1813 5859 οἵτε,

1929 4600 2277 4669 antiquorum
2330 4600 2750 4669 prophetarum,
2799 4601 3184 4669 justorumque
3245 4598 3489 4651 virorum

1928 4692 2241 4761 religionem
2267 4694 2542 4762 amplecti,
2566 4694 2680 4748 sola
2715 4694 2860 4746 illius
2887 4693 3088 4746 virtute
3123 4691 3299 4746 edocti
3327 4688 3494 4744 sunt?

1930 4784 2034 4838 Sed
2073 4785 2184 4854 jam
2238 4786 2458 4838 tertium
2508 4786 2638 4839 illud
2676 4785 3128 4853 contemplemur,
3180 4799 3310 4836 num
3366 4797 3489 4835 vere

1926 4877 2077 4929 illum
2129 4877 2470 4931 seductorem
2521 4877 2809 4946 appellent,
2854 4874 2999 4945 quod
3046 4889 3156 4928 non
3204 4872 3488 4928 sacriﬁciis

1925 4968 2110 5031 boum,
2151 4984 2328 5038 neque
2364 4969 2646 5023 brutorum
2691 4970 3006 5023 animalium
3046 4966 3485 5025 mactationibus.

1924 5075 2101 5128 neque
2127 5061 2417 5115 cruoribus
2468 5069 2631 5130 atque
2666 5061 2807 5129 igne,
2844 5076 3019 5130 neque
3057 5059 3125 5115 iis
3163 5059 3327 5113 rebus
3368 5073 3491 5125 qua:

1922 5151 1989 5205 de
2013 5159 2157 5205 terra
2190 5162 2493 5207 nascuntur
2530 5154 2789 5216 incensis,
2821 5153 3161 5207 divinitatem
3194 5151 3371 5205 colere
3404 5149 3489 5201 in-

1923 5245 2101 5299 stituit
2131 5265 2145 5301 :
2182 5261 2375 5316 nempe
2411 5247 2637 5299 humilia
2688 5246 2801 5299 haec
2844 5254 2897 5299 et
2931 5252 3167 5306 terrena,
3216 5243 3491 5296 immorta-

1921 5338 2069 5406 lique
2100 5345 2311 5391 naturae
2355 5338 2507 5391 nullo
2543 5338 2702 5391 modo
2734 5336 3111 5391 convenientia
3141 5334 3483 5395 existimans,

1915 5428 2281 5499 judicansque
2324 5430 2474 5482 omni
2521 5428 2791 5484 sacriﬁcio
2845 5429 3051 5499 gratius
3078 5427 3486 5497 jucundiusque

1920 5519 2031 5574 Deo
2065 5536 2264 5576 munus
2297 5521 2499 5585 oli‘erri,
2545 5536 2668 5575 cum
2701 5522 2825 5591 quis
2866 5522 3010 5575 illius
3042 5531 3308 5590 praecepta
3329 5520 3487 5588 plene

1920 5610 2312 5674 observaverit,
2340 5626 2435 5681 per
2458 5625 2578 5679 qua:
2611 5611 2729 5681 ipso
2759 5625 3009 5679 corpore,
3046 5610 3334 5678 animaque
3359 5623 3486 5676 pur-

1919 5707 2096 5768 gatos,
2130 5708 2418 5770 menteque
2447 5702 2617 5755 nitida
2658 5717 2720 5755 ac
2748 5701 2982 5755 decretis
3012 5702 3281 5770 religiosis
3309 5699 3487 5752 imbu-

1920 5801 2025 5858 tos,
2061 5794 2188 5848 dum
2219 5808 2280 5847 ea
2312 5793 2513 5847 imitati
2557 5794 2734 5855 (locet,
2772 5809 2887 5861 qua:
2934 5794 3138 5847 similes
3172 5792 3278 5845 Deo
3309 5791 3483 5844 homio
