3880 6256
398 341 497 395 191
1056 338 1324 394 EUSEBII
1364 338 1843 395 CESARIENSIS
1874 339 2025 396 OPP.
2063 340 2241 397 PARS
2273 343 2339 397 ll.
2365 349 2450 384 ‘—
2485 342 2983 400 APOLOGETICA.
3534 329 3635 386 ’93

397 475 497 515 nes
522 456 778 524 eﬁiciant,
811 471 942 512 suos
963 457 1140 526 palam
1172 456 1431 522 instituit,
1465 458 1657 513 dicens
1683 476 1696 513 :
1729 476 1746 510 ‹
1775 457 1963 513 Estote

2086 459 2139 524 ὓς
2169 461 2334 524 εἰκὸς,
2366 462 2423 529 ἐξ
2460 462 2617 533 ἡμῶν
2658 461 2996 532 ἀφελόμενοι,
3032 454 3154 511 ἐπεὶ
3196 458 3287 508 καὶ
3327 452 3447 525 μεθ’
3487 457 3634 524 ἡμᾶς

397 548 648 622 perfecti,
676 549 818 603 sicut
847 546 1010 602 Pater
1036 555 1214 603 vester
1233 547 1509 617 perfectus
1547 557 1633 604 est
1652 549 1718 603 °'.
1750 567 1769 600 ι
1802 548 1958 614 Quod

2086 553 2314 621 γεγόνασι
2338 557 2450 617 τοῖς
2479 554 2707 625 χρόνοις,
2741 554 2883 622 λέγω
2928 553 2985 606 δὲ
3026 548 3160 619 μετὰ
3189 547 3287 618 τὴν
3334 544 3634 618 προϐεϐλη-

397 644 446 697 si
495 642 618 711 quis
665 639 975 694 Graecorum
1031 639 1144 693 haec
1193 639 1576 710 reprehendat,
1624 641 1671 695 is
1720 640 1857 695 sciat
1901 655 1961 696 se

2086 646 2236 718 ιένην
2263 648 2395 717 ἡμῖν
2422 647 2526 701 ὑπὸ
2552 647 2644 700 τοῦ
2674 647 2921 718 Σωτῆρος
2952 644 3106 717 ἡμῶν
3141 639 3507 704 διδασκαλίαν,
3548 634 3635 693 οἷα

398 733 560 785 etiam
597 730 1019 800 praeceptoribus
1056 729 1172 784 suis
1193 730 1465 784 contraria
1492 730 1712 793 sentire,
1748 730 1843 800 qui
1881 730 1963 783 vi-

2086 736 2129 807 ἰὴ
2159 738 2449 809 ἐγγράφως
2472 739 2801 810 ὡμολόγουν.

398 822 616 883 delicet.
658 830 715 876 ut
763 836 860 892 par
899 832 1001 885 est,
1063 823 1230 876 multa
1284 838 1313 876 a
1358 823 1514 877 nobis
1570 823 1725 878 utilia
1767 822 1968 889 edocti,
1998 828 2200 899 quippe
2246 834 2339 902 qui
2383 834 2542 889 nobis
2603 835 2765 889 etiam
2801 841 3041 900 tempore
3106 829 3307 885 fuerint
3365 829 3637 900 posterio-

398 933 507 977 res.
543 916 668 971 dico
702 925 880 969 autem
907 931 970 970 ea
996 914 1247 969 doctrina
1269 930 1390 986 qua:
1421 916 1578 971 nobis
1607 932 1638 970 a
1679 914 1962 972 Salvatore
1994 930 2186 977 nostro
2206 930 2462 995 exposita
2488 935 2592 991 est,
2619 926 2746 982 audi
2764 927 2876 996 jam
2908 940 3054 979 nunc
3094 925 3274 995 qualia
3337 924 3469 987 sint,
3519 936 3639 994 qua:

399 1011 605 1080 scripto
638 1009 928 1064 fateantur.

403 1124 559 1198 105
578 1124 739 1198 Quod
750 1122 883 1198 nihil
903 1137 1080 1198 eorum
1096 1138 1212 1190 quae
1227 1120 1290 1175 de
1307 1130 1447 1198 terra
1462 1121 1964 1198 prodeunt,_oportet

470 1191 674 1266 ἓῶιιῃιο
710 1194 823 1266 Deo
846 1191 1115 1266 incendere
1144 1202 1236 1266 aut
1270 1195 1595 1266 sacri/icore.
1626 1194 1707 1247 Ea:
1734 1191 1969 1266 Perphy-

470 1268 550 1320 rio
577 1264 652 1318 De
684 1264 1005 1317 abstinentia
1033 1262 1096 1314 ab
1125 1262 1396 1316 animatis.

473 1391 494 1424 ι
536 1373 644 1427 Deo
689 1387 925 1434 summo.
973 1372 1115 1426 sicut
1150 1372 1371 1440 quidam
1410 1372 1494 1427 vir
1537 1374 1757 1443 sapiens
1806 1374 1965 1440 dixit,

400 1463 537 1518 nihil
575 1479 761 1519 eorum
793 1478 914 1533 qua:
955 1463 1022 1517 ad
1059 1479 1255 1520 sensus
1300 1466 1573 1535 pertinent
1615 1467 1731 1521 sive
1774 1466 1966 1521 incen-

399 1555 610 1618 dentes,
654 1556 769 1610 sive
803 1555 1218 1611 denominantes
1262 1556 1421 1627 (nihil
1453 1558 1599 1611 enim
1638 1565 1723 1612 est
1753 1572 1965 1621 eorum,

400 1662 522 1718 quae
549 1647 777 1701 materia
806 1655 1083 1712 constant,
1110 1647 1255 1717 quod
1281 1662 1388 1702 non
1416 1650 1666 1718 protinus
1697 1649 1745 1703 ei
1773 1648 1845 1703 sit
1875 1649 1972 1703 im-

401 1738 689 1806 mundum,
726 1738 819 1808 qui
851 1755 1046 1809 expers
1079 1748 1164 1795 est
1196 1742 1375 1793 omnis
1400 1741 1659 1796 materiae.
1692 1739 1871 1807 Quare
1902 1756 1971 1795 ne

2072 1105 2191 1158 Ὅτι
2223 1104 2405 1158 οὐδὲν
2433 1104 2549 1176 τῶν
2573 1107 2691 1161 ἀπὸ
2718 1106 2833 1176 γῆς
2859 1105 2972 1175 χρὴ
3004 1105 3083 1170 τῷ
3117 1105 3214 1176 ἐπὶ
3248 1104 3492 1159 πάντων
3521 1107 3638 1174 Θεῷ

2146 1176 2283 1228 οὔτε
2328 1175 2544 1244 θυμιᾷν·
2573 1175 2939 1230 οὔτείθύειν.
2982 1176 3122 1230 Ἀπὸ
3147 1175 3264 1229 τῶν
3300 1178 3636 1245 Πορφυρίου

2144 1245 2284 1314 Περὶ
2313 1246 2602 1315 ἐμψύχων
2628 1246 2866 1317 ἀποχῆς
2896 1247 2995 1316 (ι).

2149 1377 2166 1410 ι
2198 1357 2314 1428 Θεῷ
2358 1360 2455 1429 μὲν
2491 1358 2567 1430 τῷ
2607 1359 2699 1412 ἐπὶ
2742 1361 2925 1423 πᾶσιν,
2966 1359 3041 1423 ῶς
3078 1375 3161 1420 τις
3192 1354 3330 1430 ἀνὴρ
3372 1360 3534 1429 σοφὸς
3564 1360 3635 1428 (2)

2074 1453 2176 1523 ἔφη
2196 1494 2211 1517 ,
2248 1453 2410 1523 μηδὲν
2438 1452 2545 1506 τῶν
2578 1451 2849 1523 αἰσθητῶν
2884 1453 3018 1524 μήτε
3052 1450 3267 1514 θύοντες
3299 1452 3422 1521 μήτ’
3458 1453 3640 1506 ἐπονο-

2077 1546 2356 1616 μάζοντες,
2394 1545 2565 1616 (οὐδὲν
2602 1545 2709 1616 γὰρ
2744 1544 2948 1610 ἕνυλον,
2989 1545 3018 1597 ὃ
3068 1545 3140 1617 μὴ
3182 1544 3257 1615 τῷ
3297 1543 3447 1616 άΰλῳ
3485 1544 3639 1608 εὐθύς

2075 1641 2219 1691 ἐστιν
2264 1637 2588 1708 ἀκάθαρτον.
2628 1637 2718 1689 Διὸ
2759 1636 2878 1689 οὐδὲ
2923 1635 3075 1704 λόγος
3119 1635 3265 1706 αὐτῷ
3301 1635 3416 1689 οὗθ’
3445 1638 3474 1689 ὁ
3505 1638 3642 1690 κατὰ

2076 1729 2255 1801 φωνὴν
2286 1731 2500 1792 οἰκεῖος,
2554 1726 2666 1780 οὔθ’
2703 1730 2731 1781 ὁ
2770 1726 2936 1791 ἔνδον,
2971 1727 3046 1780 ὅτ’
3078 1726 3143 1781 ἂν
3189 1728 3349 1782 πάθει
3402 1724 3638 1800 ψυχῆςῇ

404 1829 628 1884 verbum
658 1829 875 1899 quidem
913 1831 1102 1896 ullum,
1140 1832 1255 1887 sive
1288 1832 1342 1886 id
1369 1833 1543 1900 dicas,
1575 1834 1720 1902 quod
1757 1834 1972 1905 invoce

2086 1822 2531 1896 aenoluapévog')
2561 1820 2649 1874 διὰ
2684 1821 2740 1873 δὲ
2774 1820 2931 1890 σιγῆς
2962 1820 3207 1893 καθαρᾶς
3235 1820 3327 1874 καὶ
3363 1820 3475 1873 τῶν
3519 1820 3639 1892 περὶ

403 1920 679 1985 consistit,
724 1921 839 1977 sive
886 1921 940 1976 id
985 1922 1129 1993 quod
1174 1923 1507 1979 intrinsecus
1550 1924 1758 1994 concipi
1810 1925 1969 1989 solet,

404 2025 528 2065 cum
562 2012 730 2066 animi
760 2012 942 2082 aliquo
971 2013 1103 2068 vitio
1140 2022 1226 2069 est
1259 2015 1711 2077 contaminatum,
1741 2015 1816 2068 illi
1839 2030 1973 2069 con-

404 2102 629 2174 veniat),
668 2104 761 2159 sed
792 2105 1009 2159 silentio
1040 2121 1197 2175 puro,
1232 2108 1492 2177 purisque
1522 2108 1588 2161 de
1620 2107 1738 2176 ipso
1764 2108 1973 2176 cogita-

404 2195 645 2251 tionibus
661 2196 811 2250 illum
829 2199 1093 2253 colamus.
1113 2198 1337 2268 Oportet
1359 2200 1523 2268 igitur
1545 2198 1622 2253 illi
1650 2199 1973 2268 conjunctos

401 2284 722 2355 similesque
752 2286 946 2351 factos,
979 2287 1119 2342 hanc
1147 2288 1271 2343 vitae
1318 2298 1522 2343 nostra:
1564 2288 1829 2343 rationem
1861 2288 1974 2344 Deo

400 2373 595 2430 atl'erre
621 2392 718 2446 pro
751 2378 1039 2433 sacriﬁcio.
1079 2380 1278 2434 Eadem
1312 2395 1440 2435 vero
1468 2387 1522 2435 et
1556 2379 1702 2435 illius
1731 2379 1972 2434 laudatio

2079 1916 2240 1972 αὐτοῦ
2262 1914 2515 1985 καθαρῶν
2537 1911 2750 1966 ἐννοιῶν
2771 1910 2798 1964 0
2807 1911 3175 1983 ρησκεύσομεν
3199 1913 3381 1967 αὐτόν,
3404 1914 3495 1964 Δεῖ
3517 1912 3637 1983 ἄρα,

2080 2007 2444 2078 συναφθέντας
2470 2007 2563 2058 καὶ
2590 2003 2948 2075 όμοιωθέντας
2979 2003 3146 2074 αὑτῷ,
3174 2005 3272 2074 τὴν
3296 2003 3476 2057 αὐτῶν
3503 2005 3641 2071 ἀγω-

2078 2102 2182 2172 γὴν
2208 2099 2396 2154 θυσίαν
2427 2098 2577 2169 ἱερὰν
2605 2099 2970 2167 προσαγαγεῖν
3000 2095 3135 2167 Θεῷπ
3160 2096 3255 2168 τὴν
3284 2095 3456 2168 αὐτὴν
3476 2094 3530 2148 δὲ
3551 2095 3640 2148 καὶ

2080 2192 2243 2262 ὕμνον
2277 2187 2442 2244 οὖσαν
2498 2191 2592 2244 καὶ
2623 2190 2777 2261 ἡμῶν
2815 2189 3082 2260 σωτηρίαν
3113 2191 3171 2242 ὲν
3220 2189 3463 2261 ἀπαθείᾳ
3517 2189 3640 2260 ἀρε-

2077 2285 2179 2354 τῆς
2215 2283 2413 2354 ψυχῆς.
2443 2283 2548 2335 Τοῦ
2578 2282 2635 2335 δὲ
2668 2281 2803 2334 Θεοῦ
2835 2281 3035 2353 θεωρίᾳ
3067 2282 3100 2353 ἡ
3129 2280 3288 2334 θυσία
3316 2280 3459 2352 αῦτη
3488 2279 3642 2335 τελεῖ-

2076 2394 2185 2431 ται.
2246 2396 2265 2428 ι

399 2465 522 2527 erit,
556 2473 609 2519 et
639 2474 827 2521 nostra
851 2469 1235 2523 conservatio:
1283 2468 1539 2525 aﬂ‘eretur
1594 2472 1742 2525 enim
1801 2484 1928 2524 cum
1995 2469 2290 2525 stabilitate
2326 2476 2380 2524 et
2412 2468 2595 2539 quiete
2638 2466 2858 2522 virtutis
2906 2466 3094 2522 animi.
3152 2464 3327 2535 Ipsius
3377 2480 3507 2520 vero
3550 2464 3638 2519 Dei

402 2558 860 2626 contemplatione
888 2561 990 2613 hoc
1021 2559 1352 2615 sacriﬁcium
1389 2561 1689 2632 perﬁcitur.
1731 2581 1749 2614 ι

438 2670 577 2727 Itan:
601 2671 665 2727 de
694 2675 875 2728 eodem
906 2691 972 2730 ea:
999 2676 1269 2746 Apollonii
1304 2677 1596 2747 Tyaneusis
1631 2677 1932 2747 Tlteologia.

481 2872 501 2906 ι
538 2856 613 2909 Ex
636 2872 744 2926 quo
774 2856 939 2926 igitur
970 2857 1203 2911 maxime
1230 2856 1354 2928 quis
1382 2865 1593 2913 naturas
1623 2858 1822 2913 divinas
1846 2872 1978 2912 con-

407 2944 711 3000 venientem
762 2961 951 3000 curam
1006 2945 1293 3013 adhibeat,
1346 2963 1414 3002 ex
1449 2964 1515 3002 eo
1551 2949 1785 3004 maxime
1828 2949 1974 3003 illam

407 3036 697 3106 propitiam
728 3037 1128 3107 benignamque
1160 3039 1423 3094 obtineat.
1460 3038 1573 3096 Hoc
1613 3040 1831 3110 quidem
1878 3056 1972 3110 pe.

2079 2677 2202 2728 Ἔτι
2236 2673 2367 2741 περὶ
2397 2672 2602 2735 αὑτοῦ,
2646 2671 2714 2723 ἐκ
2752 2671 2861 2738 τῆς
2906 2671 3301 2725 Ἀπολλωνίου
3344 2670 3453 2725 τοῦ
3502 2676 3638 2726 Τυα-

2600 2742 2749 2808 νέως
2782 2744 3118 2812 Θεολογίας.

2152 2875 2170 2905 ι
2214 2854 2368 2909 Οὕτω
2431 2853 2609 2908 τοίνυν
2646 2853 2880 2925 μάλιστα
2908 2854 2973 2908 ἄν
3005 2872 3088 2918 τις
3126 2854 3223 2926 τὴν
3271 2856 3639 2927 προσήκουσαν

2079 2946 2396 3017 ἐπιμέλειαν
2430 2948 2634 2999 ποιοῖτο
2681 2944 2774 2998 τοῦ
2810 2946 2996 3009 Θείου,
3039 2948 3293 3017 τυγχάνοι
3332 2965 3393 3000 τε
3429 2946 3640 3001 αὐτόθεν

2083 3037 2208 3091 ἵλεώ
2239 3056 2297 3090 τε
2337 3038 2431 3091 καὶ
2460 3036 2720 3107 εὐμενοῦς
2749 3037 2911 3090 αὑτοῦ
2946 3039 3076 3108 παρ’
3109 3038 3387 3092 ὁντιναοῦν
3421 3039 3523 3093 τῶν
3554 3040 3639 3091 ἀν-

410 3142 508 3182 nes
541 3129 789 3197 quemvis
829 3128 1110 3182 hominum
1153 3131 1298 3201 viget
1330 3148 1343 3184 :
1376 3131 1539 3199 idque
1582 3132 1761 3200 ipsum
1803 3148 1974 3187 unus-

2086 3129 2334 3200 θρώπων,
2369 3131 2417 3181 εἰ
2446 3128 2565 3200 Θεῷ
2600 3129 2719 3199 μὲν,
2742 3129 2798 3181 ὃν
2825 3128 2887 3200 δὴ
2910 3130 3087 3199 φαμὲν
3107 3129 3313 3191 τοῦτον,
3349 3131 3430 3184 ἐνί
3451 3148 3508 3184 τε
3534 3131 3639 3184 ὖντι

406 3217 639 3287 quisque
661 3218 974 3286 complebit,
1005 3218 1051 3273 si
1075 3234 1262 3274 eorum
1285 3236 1407 3290 qua:
1426 3222 1528 3276 sub
1552 3222 1728 3276 visum
1752 3223 1977 3286 cadunt,

409 3308 592 3378 qualia
625 3318 753 3362 sunt
780 3308 915 3371 haec,
944 3325 1065 3379 qua:
1086 3311 1255 3380 digito
1275 3312 1735 3378 demonstramus,
1760 3315 1835 3367 illi
1861 3330 1982 3385 qua:

410 3414 518 3453 una
546 3407 650 3461 est,
685 3408 739 3453 et
772 3401 840 3455 ab
871 3402 1126 3456 omnibus
1157 3405 1320 3458 rebus
1353 3413 1627 3475 separata,
1678 3408 1978 3462 secundum

411 3507 574 3561 quam
619 3493 824 3561 reliqua
869 3494 1051 3546 omnia
1081 3510 1414 3564 cognoscere
1445 3513 1672 3553 necesse
1704 3505 1808 3563 est,
1846 3498 1977 3553 nihil

410 3575 634 3637 omniho
687 3584 979 3648 sacriticet,
1034 3601 1209 3655 neque
1258 3589 1434 3658 ignem
1488 3588 1763 3654 incendat,
1805 3606 1981 3662 neque

410 3686 637 3744 prorsus
667 3675 963 3744 quidquam
1002 3677 1093 3731 illa
1123 3680 1381 3746 postulet,
1420 3696 1487 3735 ne
1520 3696 1549 3734 a
1581 3682 1980 3757 praestantiori-

408 3764 512 3818 bus
560 3764 778 3834 quidem
823 3781 988 3835 quam
1043 3782 1144 3820 nos
1193 3782 1383 3824 sumus
1418 3790 1433 3825 :
1472 3786 1648 3840 neque
1688 3772 1857 3826 ullum
1896 3779 1980 3826 est

408 3855 608 3927 plantae
651 3870 824 3923 genus
866 3856 1012 3925 quod
1054 3856 1123 3911 ab
1168 3857 1326 3912 initio
1371 3866 1516 3913 terra
1564 3863 1758 3930 pariat,
1804 3878 1980 3932 neque

410 3947 663 4001 animalis
687 3948 833 4016 quod
863 3948 1050 4002 eadem
1082 3951 1311 4012 nutriat,
1347 3950 1436 4004 cui
1464 3954 1714 4021 protinus
1746 3953 1981 4007 immun-

409 4033 571 4088 dities
599 4049 708 4087 non
741 4033 902 4098 adsit,
944 4037 1041 4091 sed
1073 4046 1259 4091 utatur
1279 4054 1405 4107 erga
1435 4039 1582 4093 illam
1615 4042 1734 4096 solo
1767 4043 1978 4097 meliori

408 4124 598 4187 verbo,
629 4124 752 4179 dico
782 4134 962 4180 autem
998 4143 1106 4181 non
1140 4143 1205 4183 eo
1249 4131 1394 4198 quod
1429 4145 1522 4185 ore
1563 4132 1848 4200 emittitur,
1886 4135 1979 4188 sed

410 4213 555 4283 quod
592 4214 662 4269 ab
692 4216 899 4284 Optimo
931 4232 1119 4272 eorum
1152 4235 1272 4289 qua:
1310 4233 1437 4276 sunt
1466 4222 1854 4292 proﬁciscitur,
1885 4241 1982 4294 per

410 4305 676 4373 optimum
707 4321 895 4360 eorum
926 4324 1048 4377 quae
1076 4309 1131 4362 in
1160 4310 1317 4365 nobis
1346 4320 1473 4367 sunt
1500 4313 1790 4372 bonorum.
1829 4314 1980 4371 Meus

410 4405 591 4452 autem
632 4397 743 4452 haec
771 4408 875 4460 est,
913 4416 1033 4469 qua:
1062 4402 1425 4458 instrumento
1464 4422 1569 4459 non
1602 4408 1824 4478 indiget.
1863 4429 1881 4460 ι
1921 4408 1978 4463 Si

2080 3222 2175 3273 καὶ
2203 3221 2590 3291 κεχωρισμένῳ
2621 3221 2855 3284 πάντων,
2900 3219 3017 3290 μεθ’
3046 3220 3105 3273 ὃν
3139 3221 3497 3291 γνωρίζεσθαι
3524 3223 3638 3285 τοὺς

2080 3310 2295 3373 λοιποὺς
2331 3311 2645 3378 ἀναγκαῖον,
2684 3311 2758 3381 μὴ
2788 3310 2903 3363 θύοι
2925 3328 2977 3363 τι
3000 3311 3097 3383 τὴν
3132 3311 3325 3383 ἀρχὴν,
3366 3315 3501 3385 μήτε
3522 3312 3640 3366 ἀνά-

2081 3420 2200 3455 πτοι
2224 3402 2357 3473 πῦρ,
2387 3404 2523 3473 μήτε
2547 3421 2600 3454 τι
2621 3402 2847 3455 καθόλου
2869 3403 2977 3456 τῶν
3003 3403 3274 3475 αἰσθητῶν
3303 3404 3635 3477 ὲπονομάζοι.

2081 3495 2261 3546 Δεῖται
2294 3493 2401 3563 γάρ
2429 3492 2640 3556 οὐδενὸς
2664 3492 2782 3544 οὐδὲ
2812 3493 2961 3563 παρὰ
2989 3494 3094 3544 τῶν
3125 3494 3473 3563 κρειττόνων,
3494 3493 3640 3561 οἵπερ

2080 3587 2239 3654 ἡμεῖς
2276 3587 2461 3654 ἐσμεν·
2490 3583 2598 3636 οὐδ’
2622 3583 2766 3636 ἐστιν
2798 3583 2827 3636 ὃ
2858 3583 2957 3653 τὴν
2979 3583 3151 3654 ἀρχὴν
3183 3584 3255 3654 γῆ
3282 3584 3464 3656 ἀνίησι
3487 3583 3639 3652 φυτὸν

2081 3675 2334 3747 ἣτρέφει
2366 3674 2502 3740 ζῶον
2550 3674 2582 3746 ἢ
2629 3674 2757 3746 ἀὴρ,
2822 3668 2866 3743 ᾧ
2906 3674 2967 3727 οὐ
3018 3675 3277 3746 πρόσεστί
3309 3693 3375 3744 γε
3416 3676 3635 3747 μίασμα

2083 3766 2230 3838 μόνῳ
2259 3766 2316 3818 δὲ
2350 3765 2529 3838 χρῷτο
2561 3765 2696 3838 πρὸς
2727 3766 2887 3819 αὑτὸν
2933 3767 3022 3820 ἀεὶ
3067 3766 3145 3837 τῷ
3184 3767 3454 3838 κρείττονι
3486 3766 3636 3835 λόγῳ,

2079 3858 2221 3927 λέγω
2248 3857 2304 3910 δὲ
2332 3857 2407 3928 τῷ
2431 3857 2504 3929 μὴ
2537 3856 2625 3910 διὰ
2654 3857 2918 3928 στόματος
2948 3858 3101 3923 ίέντι,
3137 3858 3286 3930 παρὰ
3315 3858 3372 3911 δὲ
3402 3856 3494 3911 τοῦ
3526 3856 3638 3909 καλ-

2079 3946 2260 4002 λίστου
2287 3946 2391 4000 τῶν
2410 3948 2576 4001 ὄντων
2609 3946 2698 4001 διὰ
2715 3946 2809 4001 τοῦ
2833 3947 3118 4001 καλλίστου
3145 3947 3238 4000 τοῦ
3269 3950 3326 4000 ὲν
3350 3951 3483 4020 ἡμῖν
3512 3945 3638 3999 δόντι

2079 4041 2147 4094 τὰ
2173 4041 2374 4110 ἀγαθά.
2403 4040 2545 4104 Νοῦς
2566 4040 2623 4094 δέ
2659 4042 2803 4093 ἐστιν
2831 4035 2983 4104 οὗτος
3013 4041 3244 4112 ὀργάνου
3287 4042 3360 4111 μὴ
3381 4040 3633 4110 δεόμενος.

2079 4133 2143 4185 Εἰ
2178 4131 2242 4203 δὴ
2267 4127 2358 4184 οὖν
2387 4130 2557 4184 ταῦτα
2587 4129 2680 4181 καὶ
2710 4128 2846 4200 πρὸς
2873 4128 2978 4181 τῶν
3013 4130 3142 4199 παρ’
3179 4127 3400 4199 Ἕλλησι
3428 4128 3636 4196 διαπρε-

2080 4220 2198 4273 πῶν
2243 4219 2545 4289 φιλοσόφων
2584 4236 2644 4270 τε
2698 4218 2791 4270 καὶ
2837 4217 3100 4285 θεολόγων
3123 4217 3491 4289 ὁμολογεῖται,
3529 4212 3635 4274 πῶς

2081 4312 2146 4366 ἂν
2176 4311 2259 4381 εἴη
2293 4310 2490 4374 πλάνος
2525 4312 2553 4364 ὁ
2596 4309 2669 4381 μὴ
2701 4309 2858 4381 μόνον
2890 4309 3099 4377 λόγους,
3142 4308 3255 4361 ἀλλ’
3275 4308 3412 4380 ἔργα
3435 4306 3538 4360 τῶν
3561 4305 3639 4356 λό-

2079 4420 2189 4471 γων
2213 4403 2347 4456 πολὺ
2371 4402 2629 4474 πρότερον
2653 4405 2762 4464 τοῖς
2787 4403 3066 4472 φοιτηταῖς
3089 4400 3329 4453 ἐκτελεῖν
3355 4397 3633 4470 παραδοὺς,

412 4489 579 4560 igitur
611 4489 923 4545 Grtccorum
952 4508 1166 4563 quoque
1210 4495 1472 4561 illustres,
1510 4506 1620 4553 tam
1670 4501 1974 4571 philosophi

2086 4498 2149 4550 δι’
2178 4492 2250 4550 ὧν
2297 4495 2438 4550 κατὰ
2477 4496 2566 4553 τὸν
2605 4493 2761 4566 ὀρθὸν
2792 4493 2947 4562 λόγον
2988 4492 3207 4564 ἔμελλον
3242 4492 3554 4565 θεραπεύειν
3579 4485 3635 4540 τὸ

408 4597 573 4653 quam
605 4583 864 4656 theologi,
894 4585 1008 4640 haec
1036 4586 1386 4652 conﬁtentur,
1418 4606 1654 4659 quonam
1689 4592 1853 4647 modo
1887 4609 1973 4648 se-

407 4674 604 4729 ductor
648 4677 753 4730 erit
810 4677 858 4732 is
913 4677 1007 4748 qui
1075 4693 1183 4732 non
1216 4681 1392 4733 solum
1454 4682 1641 4745 verba,
1699 4683 1794 4738 sed
1829 4684 1971 4739 facta

408 4767 581 4820 multo
645 4766 797 4837 prius
855 4786 1018 4838 quam
1088 4772 1253 4824 verba
1313 4770 1429 4826 suis
1478 4771 1785 4842 discipulis,
1850 4775 1978 4844 qui-

407 4856 510 4913 bus
552 4858 905 4929 i‘ungerentur
962 4861 1275 4916 tradiderit!
1341 4869 1397 4916 et
1431 4865 1652 4932 quibus.
1716 4873 1775 4919 ut
1831 4874 1980 4922 recta

407 4950 548 5005 ratio
588 4950 765 5019 jubet,
800 4951 969 5006 Deum
1015 4952 1192 5021 ipsum
1238 4962 1423 5009 essent
1459 4955 1811 5009 veneraturi?
1860 4955 1980 5020 Quo

409 5049 589 5094 autem
625 5042 809 5105 modo,
840 5052 894 5098 et
923 5043 1124 5113 quibus
1154 5047 1458 5101 rationibus
1491 5048 1575 5102 usi
1608 5048 1661 5100 in
1695 5047 1980 5102 sacriﬁciis

407 5129 659 5184 dicantur
683 5134 854 5201 prisci
882 5131 1114 5200 Hebraei,
1144 5135 1197 5189 in
1226 5137 1403 5206 primo
1439 5137 1603 5206 hujus
1633 5139 1813 5207 operis
1844 5137 1981 5192 libro

312 5208 326 5227 '
407 5216 771 5276 disseruimus
799 5242 811 5278 :
847 5231 1010 5293 atque
1033 5225 1099 5279 iis
1126 5243 1248 5296 qua:
1274 5229 1387 5284 illic
1416 5230 1562 5284 dicta
1587 5238 1714 5285 sunt
1738 5230 1980 5285 contenti

409 5325 532 5366 esse
571 5313 730 5384 106
771 5313 1056 5372 debemus.
1094 5315 1295 5373 Verum
1340 5321 1598 5391 quoniam
1653 5329 1849 5391 praeter
1890 5321 1980 5376 illa

408 5417 531 5469 quae
550 5404 664 5471 jam
690 5405 965 5475 disputata
998 5419 1146 5475 sunt,
1181 5412 1435 5468 novimus
1467 5413 1544 5483 (id
1576 5414 1719 5484 quod
1756 5428 1785 5467 a
1814 5412 1978 5469 Chri-

410 5502 496 5551 Sto
535 5494 850 5569 didicimus)
906 5499 1109 5557 factum
1156 5520 1279 5561 esse
1328 5506 1613 5573 mundum,
1671 5508 1978 5581 cmlumque

484 5635 528 5667 ⁸³
580 5632 769 5691 Matth.
821 5637 993 5700 v,48.

485 5745 560 5817 (Ι)
598 5744 715 5801 Lib.
763 5763 821 5802 II.

2080 4587 2264 4653 Θεῖον;
2296 4588 2482 4650 Ὅπως
2511 4587 2589 4649 δὲ,
2617 4587 2709 4639 καὶ
2734 4586 2843 4638 τίσι
2872 4585 3049 4653 λόγοις
3078 4586 3127 4637 ol
3155 4585 3372 4639 παλαιοὶ
3410 4582 3632 4652 Ἑϐραῖοι

2082 4677 2229 4731 θύειν
2263 4675 2707 4748 μνημονεύονται,
2738 4673 3068 4745 διειληφότες
3099 4677 3157 4728 ὲν
3190 4674 3265 4745 τῷ
3292 4673 3488 4745 πρώτῳ
3514 4684 3634 4737 συγ-

2081 4771 2368 4840 γράμματι
2407 4768 2506 4838 τῆς
2546 4768 2827 4839 παρούσης
2863 4765 3188 4829 ὑποθέσεως,
3224 4766 3450 4828 ἐκείνοις
3479 4765 3633 4833 ἀρκε-

2083 4860 2408 4931 σθησόμεθα.
2449 4860 2601 4913 Ἐπεὶ
2624 4859 2679 4912 δὲ
2705 4859 2840 4931 πρὸς
2862 4860 2973 4921 τοῖς
2998 4858 3380 4929 ἐξητασμένοις
3404 4856 3632 4924 ἔγνωμεν

2083 4953 2233 5025 παρὰ
2262 4953 2358 5007 τοῦ
2401 4953 2636 5025 Χριστοῦ
2679 4952 2958 5023 μαθόντες,
2993 4951 3075 5004 ὅτι
3104 4951 3329 5021 γενητὸς
3360 4952 3387 5004 ό
3423 4948 3628 5017 κόσμος,

2082 5045 2176 5097 καὶ
2215 5045 2296 5097 ὅτι
2339 5045 2567 5117 οὐρανὸς
2615 5043 2776 5106 αὐτὸς
2818 5043 2913 5097 καὶ
2954 5043 3123 5113 ἣλιος,
3164 5044 3258 5096 καὶ
3303 5042 3511 5112 σελήνη,
3547 5036 3632 5090 καὶ

2082 5136 2274 5208 ἄστρα,
2319 5136 2455 5208 ἔργα
2489 5136 2623 5188 ⁶θεοῦ
2659 5135 2935 5206 τυγχάνει,
2981 5136 3074 5190 καὶ
3105 5134 3186 5188 ὅτι
3216 5136 3321 5208 χρὴ
3354 5134 3426 5206 μὴ
3452 5129 3626 5189 ταῦτα,

2084 5228 2220 5283 ἀλλὰ
2238 5228 2329 5282 τὸν
2347 5227 2575 5298 ποιητὴν
2596 5227 2774 5280 αὐτῶν
2802 5228 2997 5287 σέϐειν,
3027 5227 3323 5297 σκέψασθαι
3342 5227 3420 5279 δεῖ
3443 5222 3512 5296 μὴ
3532 5220 3628 5290 ἄρα

2083 5318 2439 5390 ἠπατήμεθα,
2486 5318 2670 5371 τοῦτον
2700 5319 2829 5391 παρ’
2864 5317 3028 5372 αὑτοῦ
3065 5318 3398 5387 διδαχθέντες
3429 5309 3628 5385 φρονεῖν

2082 5408 2172 5462 τὸν
2193 5409 2409 5481 τρόπον.
2436 5410 2545 5462 Καὶ
2577 5410 2682 5481 μὴν
2722 5409 2986 5481 Ἐϐραίων
3015 5412 3107 5463 καὶ
3136 5405 3290 5473 οὗτος
3316 5406 3382 5478 ἧν
3413 5407 3441 5459 ὁ
3462 5405 3626 5470 λόγος’

2085 5504 2176 5556 καὶ
2221 5501 2522 5570 φιλοσόφων
2564 5501 2620 5555 δὲ
2661 5504 2708 5555 οἱ
2760 5503 2993 5573 μάλιστα
3020 5502 3296 5570 διαφανεῖς
3325 5502 3435 5561 τοῖς
3460 5491 3626 5552 αὐτοῖς

2156 5742 2235 5811 (2)
2276 5742 2594 5811 Apollonius
2619 5744 2893 5811 Tyaneus,
2926 5752 2980 5799 ut
3011 5760 3075 5800 ex
3101 5718 3446 5810 sequentibus
3468 5735 3620 5804 patel-
