3880 6256
269 317 367 369 195

1186 316 1839 374 DEMONSTRATIONIS
1874 317 2327 374 EV'ANGELICZE
2369 318 2493 374 LIB.
2532 317 2616 374 Ill.

3390 321 3492 378 194

266 431 693 502 συνηνέχθησαν,
729 433 950 504 γενητὸν
981 433 1075 486 καὶ
1118 432 1278 486 αὐτὸν
1317 432 1406 486 τὸν
1446 433 1693 504 οὐρανὸν,
1736 433 1813 485 κα“

1933 433 2106 500 ipsum
2132 441 2184 485 et
2208 433 2396 496 solem,
2426 444 2479 489 et
2506 437 2708 498 lunam,
2733 443 2786 489 ct
2809 434 2993 490 stellas
3019 449 3181 504 opera
3209 434 3297 489 Dei
3320 453 3443 496 esse
3470 458 3486 496 :

268 521 428 590 ἣλιον,
464 523 563 576 καὶ
605 525 853 594 σελήνην,
899 525 992 578 καὶ
1027 524 1221 594 ἄστρα,
1272 524 1364 576 καὶ
1410 523 1500 576 τὸν
1547 523 1831 593 σύμπαντα

266 613 462 682 κόσμον
496 614 632 685 πρὸς,
661 616 754 668 τοῦ
783 616 889 668 τῶν
912 616 1045 668 ὅλων
1075 614 1296 686 ποιητοῦ
1330 616 1588 684 γεγονότα
1622 615 1832 683 ἀποφη-

265 708 500 775 νάμενοι.
551 707 714 759 Ἀλλὰ
751 709 842 761 καὶ
888 708 1211 770 συντέλειαν,
1258 708 1353 760 καὶ
1399 705 1700 778 μεταϐολὴν
1732 705 1830 775 τὴν

264 799 350 850 ἐπὶ
380 798 450 850 τὰ.
483 799 717 868 κρείττω
740 797 893 852 τοῦδε
925 799 1016 852 τοῦ
1049 799 1244 862 παντὸς
1279 798 1496 851 ἔσεσθαι
1529 797 1829 868 προσδοκᾷν

262 889 518 956 ἐδίδαξεν,
553 893 671 955 ταῖς
715 891 978 963 Ἐϐραίων
1022 891 1115 943 καὶ
1146 891 1303 944 τοῦτο
1335 887 1648 951 ἀκολούθως
1690 888 1729 939 Γ
1734 905 1830 958 ρα-

263 986 404 1050 φαίς.
435 983 503 1036 Τί
529 980 659 1050 οῦν;
699 985 818 1055 οὐχ).
851 986 943 1038 καὶ
973 986 1002 1037 ό
1037 982 1261 1037 Πλάτων
1303 982 1512 1050 φύσεως
1543 979 1706 1050 λυτῆς
1738 981 1830 1032 καὶ

260 1075 508 1146 φθαρτῆς
537 1073 676 1130 οἶδεν
705 1077 866 1130 αὐτόν
899 1094 958 1128 τε
985 1076 1230 1146 οὐρανὸν,
1273 1076 1367 1128 καὶ
1404 1075 1574 1146 ἥλιον,
1619 1075 1710 1128 κα)⁵
1742 1092 1828 1127 σε-

260 1169 445 1238 λήνην,
487 1168 584 1221 καὶ
616 1171 738 1232 τοὺς
763 1167 983 1230 λοιποὺς
1011 1167 1267 1237 ἀστέρας,
1301 1169 1349 1219 εί
1377 1168 1467 1220 καλ⁵
1498 1167 1570 1238 μὴ
1599 1167 1826 1237 λυθήσε-

265 1259 382 1312 σθαι
415 1277 552 1330 φησ;
584 1260 772 1324 ταῦτα,
796 1259 872 1330 τῷ
902 1260 973 1330 μὴ
1003 1261 1094 1313 τὸν
1130 1259 1484 1331 συμπήξαντα
1512 1259 1822 1329 βούλεσθαις

263 1353 308 1403 εί
335 1350 374 1403 δ’
400 1352 512 1422 ἄρα
547 1353 824 1425 βουληθείη
852 1349 988 1407 εἶναι
1019 1353 1228 1422 φύσεως
1255 1352 1529 1422 τοιαύτης,
1564 1351 1738 1421 ψυχὴν
1769 1349 1824 1402 δὲ

264 1441 525 1497 ἀθάνατον
551 1434 692 1515 ἔχειν
714 1447 858 1516 ἡμᾶς
885 1446 1002 1499 κατ’
1027 1444 1175 1497 οὐδὲν
1206 1445 1300 1514 μὲν
1329 1444 1540 1513 ἐμφερῆ
1565 1445 1674 1505 τοῖς
1699 1440 1823 1494 ἀλό-

264 1552 371 1603 γοις
399 1535 580 1600 ζώοις,
607 1536 714 1589 τῶν
735 1537 792 1590 δὲ
817 1536 909 1590 τοῦ
931 1536 1062 1589 Θεοῦ
1082 1537 1358 1606 δυνάμεων
1383 1537 1650 1607 φέρουσαν
1673 1536 1826 1587 ἀπει-

264 1628 579 1696 κονίσματα,
606 1626 816 1692 διδάξας
840 1627 1108 1696 ἡγεῖσθαι,
1135 1625 1305 1689 οῦτως
1331 1625 1378 1678 τ’
1405 1625 1568 1695 ἔχειν,
1595 1625 1688 1677 καὶ
1711 1625 1824 1678 δια-

265 1719 486 1783 κεῖσθαι,
539 1719 632 1771 καὶ
677 1722 890 1790 φρονεῖν
930 1720 1106 1773 πάντα
1151 1719 1440 1791 βάρϐαρον,
1478 1719 1572 1771 καὶ
1608 1717 1820 1788 ἰδιώτην

1932 539 2106 592 neque
2138 525 2274 588 htec,
2307 526 2401 579 sed
2444 528 2635 581 horum
2667 536 2943 583 auctorem
2991 529 3169 582 colere
3216 539 3487 600 Oportere,

1931 615 2388 670 considerandum
2439 634 2561 673 esse
2605 619 2820 673 videtur
2865 637 2992 675 num
3037 622 3244 690 decepti
3294 624 3488 689 simus,

1929 707 2073 775 quod
2116 709 2168 762 in
2219 709 2363 764 hunc
2401 709 2616 764 modum
2650 711 2716 766 de
2748 722 2940 766 natura
2978 729 3156 768 rerum
3191 717 3392 769 sentire
3422 715 3493 772 ab

1930 797 2021 852 illo
2048 798 2192 853 docti
2226 817 2454 856 sumus:
2490 804 2635 871 atqui
2669 819 2775 856 non
2797 805 2969 858 solum
3003 804 3350 859 Hebraeorum
3375 807 3493 862 haec

1929 894 2030 948 fuit
2077 898 2274 961 oratio,
2325 899 2418 953 sed
2469 900 2914 970 phil050phorum
2965 918 3198 972 quoque,
3255 902 3490 960 maxime

1929 984 2222 1040 illustrium
2256 1006 2267 1040 :
2297 990 2389 1057 qui
2421 1006 2543 1044 cum
2579 989 2820 1045 llebra-is
2852 993 3274 1059 consentientes,
3306 1001 3486 1049 ortum

1928 1076 2126 1133 habere
2150 1087 2202 1133 et
2225 1081 2420 1134 coelum
2447 1083 2644 1153 ipsum,
2673 1090 2726 1136 et
2747 1084 2940 1149 solem,
2966 1091 3018 1138 et
3046 1084 3250 1149 lunam,
3278 1093 3331 1140 et
3358 1086 3488 1140 stel-

1927 1169 2030 1232 las,
2056 1171 2476 1243 universumque
2506 1174 2764 1228 mundum
2794 1174 2861 1228 ab
2890 1182 3110 1229 auctore
3131 1178 3368 1229 omnium
3400 1192 3488 1232 re—

1927 1275 2044 1312 rum
2085 1260 2284 1314 factum
2325 1278 2445 1318 esse
2493 1263 2928 1320 allirmaveruut:
2971 1275 3221 1320 caeterum
3263 1267 3402 1320 idem
3431 1276 3486 1322 et

1926 1355 2448 1408 consummationem
2495 1364 2549 1410 et
2597 1359 2946 1411 mutationem
3002 1359 3054 1411 in
3092 1359 3304 1423 melius,
3361 1359 3485 1413 uni-

1927 1443 2063 1496 versi
2090 1443 2250 1513 hujus
2277 1444 2510 1500 l'uturam
2535 1456 2592 1500 ut
2617 1457 3052 1516 exspectaremus
3076 1449 3281 1512 docuit,
3299 1450 3352 1502 in
3383 1451 3484 1506 hoc

1923 1549 2140 1603 quoque
2192 1535 2537 1592 Hebraeorum
2586 1539 2875 1608 scripturis
2913 1540 3260 1594 consentiens
3299 1558 3311 1593 :
3350 1541 3482 1610 quid

1925 1624 2122 1692 igitur?
2161 1643 2340 1682 nonne
2375 1629 2537 1683 etiam
2581 1627 2734 1683 Plato
2778 1638 2969 1700 suapte
2995 1639 3191 1683 natura
3221 1638 3273 1684 et
3305 1630 3483 1700 ipsum

1924 1717 2142 1780 cmlum,
2179 1726 2232 1772 et
2265 1718 2455 1781 solem,
2485 1727 2538 1772 et
2571 1720 2774 1783 lunam,
2831 1736 2894 1774 ac
2923 1722 3126 1791 reliqua
3159 1722 3360 1782 sidera,
3393 1737 3485 1776 so-

268 1810 572 1872 παιδεύσας·
607 1806 694 1882 ἆρ’
737 1813 854 1883 οὐχὶ
905 1812 1240 1883 σοφωτέρους
1287 1812 1647 1882 ἀπείργασται
1697 1813 1813 1876 τοὺς

1925 1807 2110 1861 lutioni
2139 1810 2587 1878 corruptionique
2623 1811 2853 1865 obnoxia
2895 1827 3017 1866 esse
3044 1813 3198 1876 vidit,
3231 1816 3481 1882 quamvis

267 1902 376 1955 καθ’
401 1902 529 1972 ὅλης
563 1906 662 1972 τῆς
694 1904 1013 1974 οἰκουμένης
1044 1905 1112 1958 τὰ
1141 1904 1302 1959 αὑτοῦ
1334 1904 1681 1976 φρονοῦντας,
1715 1904 1822 1957 τῶν

265 1997 353 2058 τὰς
389 1995 561 2066 ὀφρῦς
595 1996 1008 2060 ἀνεσπακότων;
1050 1996 1097 2049 οἳ
1135 1996 1300 2068 μηδὲν
1327 1996 1466 2049 κατά
1499 1995 1595 2067 τὴν
1635 1997 1821 2049 οὐσίαν

265 2087 528 2156 διαφέρειν
552 2088 891 2157 ἀπεφήναντο
911 2088 1133 2158 ἐμπίδος
1152 2106 1212 2141 τε
1235 2090 1326 2142 καὶ
1349 2089 1524 2158 εὐλῆς,
1543 2089 1636 2142 καὶ
1662 2088 1821 2159 μυίας

266 2179 353 2247 τὴν
382 2179 438 2228 ἐν
470 2177 778 2248 ἀνθρώποις
815 2178 1012 2249 ψυχὴν,
1055 2177 1188 2231 ἀλλὰ
1217 2179 1311 2231 καὶ⁴
1339 2179 1532 2247 ὄφεως,
1581 2179 1674 2230 καὶ
1713 2179 1822 2247 ὲχί-

265 2269 401 2336 δνης,
431 2271 632 2339 ἀρκτου
667 2287 724 2322 τε
754 2271 845 2322 καὶ
873 2270 1204 2340 παρδάλεως,
1231 2271 1323 2322 καὶ
1351 2271 1475 2331 συὸς
1499 2268 1675 2339 ψυχῆς
1700 2270 1818 2322 κατ’

264 2356 422 2420 οὐδὲν,
455 2357 578 2409 ὅσον
605 2357 697 2408 ἐπὶ
725 2357 865 2427 λόγῳ
894 2357 1104 2426 φύσεώς
1129 2375 1187 2410 τε
1210 2360 1301 2411 καὶ
1326 2357 1528 2423 οὐσίας,
1554 2358 1651 2429 τὴν
1673 2359 1820 2426 σφῶν

264 2447 431 2500 αὐτῶν
478 2448 587 2500 τῶν
637 2447 1083 2516 φιλοσοφωτάτων
1131 2449 1306 2519 ψυχὴν
1348 2449 1696 2503 διαλλάττειν·
1728 2451 1820 2503 καὶ

265 2539 395 2592 θείου
428 2542 484 2594 δὲ
518 2543 653 2613 πρὸς
687 2543 892 2606 τούτοις
936 2542 1315 2612 δικαιωτηρεου
1353 2543 1590 2612 συνεχῶς
1623 2544 1821 2614 ὑπομι-

267 2635 532 2702 μνήσκων,
564 2635 658 2688 καὶ
702 2634 998 2705 μελλούσης
1038 2634 1252 2687 ἔσεσθαι
1280 2635 1532 2706 κρίσεως,
1571 2635 1819 2700 κολάσεις

263 2742 316 2779 τε
343 2727 435 2778 καὶ
461 2728 729 2798 τιμωρίας
752 2729 1150 2798 ἀπαραιτήτους
1171 2730 1281 2790 τοῖς
1310 2727 1556 2781 ἀσεϐέσιν
1584 2729 1820 2801 ὑπογρά-

264 2833 387 2884 φων,
412 2821 523 2880 τοῖς
545 2835 602 2869 τε
626 2818 899 2870 εὐσεϐέσιν
925 2818 1248 2887 ἐπαγγελίας
1268 2817 1400 2871 Θεοῦ
1420 2820 1634 2873 αἰωνίου
1653 2820 1814 2891 ζωῆς,

263 2910 347 2959 καὶ
365 2910 606 2979 οὐρανῶν
635 2909 929 2978 βασιλείας,
955 2912 1050 2962 καὶ
1077 2912 1172 2964 σὺν
1194 2910 1311 2981 Θεῷ
1337 2911 1608 2982 μακαρίας
1629 2911 1818 2978 διαγω-

262 2999 372 3068 γῆς,
401 3001 519 3052 τίνα
549 3001 614 3054 ἂν
643 3002 980 3073 πλανήσειεν,
1009 3003 1127 3072 οὐχι
1149 3001 1204 3055 δὲ
1237 3001 1432 3072 μᾶλλον
1455 3003 1818 3074 προτρέψαιτο

1921 1914 1982 1954 ea
2033 1916 2140 1954 non
2187 1901 2536 1956 dissolvenda
2587 1903 2953 1968 allirmaverit,
3005 1912 3286 1973 propterea
3334 1903 3480 1973 quod

1923 1992 2066 2044 norit
2111 1993 2219 2057 ille,
2266 1995 2358 2064 qui
2405 2009 2466 2050 ea
2498 1996 2840 2065 composuit?
2885 1995 3038 2062 Quod
3083 1997 3127 2052 si
3161 1997 3255 2050 tali
3288 2006 3480 2052 natura

1920 2092 2172 2140 constare
2195 2102 2314 2149 nos,
2343 2089 2811 2158 immortalemque
2842 2090 3039 2144 habere
3069 2091 3325 2150 animam,
3357 2090 3482 2143 nul-

1921 2176 2080 2244 laque
2110 2175 2162 2229 in
2198 2188 2352 2246 parte
2392 2178 2570 2234 brutis
2613 2179 2939 2235 animalibus
2985 2179 3235 2243 similem,
3285 2182 3476 2244 voluit,

1919 2274 1972 2319 et
2000 2268 2257 2322 virtutum
2285 2283 2404 2338 quze
2428 2270 2479 2322 in
2510 2269 2620 2324 Deo
2651 2279 2778 2324 sunt
2807 2269 3102 2326 simulacra
3133 2272 3185 2324 in
3219 2287 3277 2326 se
3301 2277 3478 2325 conti-

1919 2371 2048 2410 nere
2078 2357 2222 2410 illam
2251 2359 2504 2413 arbitrari
2525 2374 2629 2414 nos
2656 2361 2861 2423 docuit,
2886 2362 3071 2430 sicque
3097 2361 3293 2415 habere
3316 2370 3477 2430 atque

1919 2447 2058 2502 allici
2083 2459 2135 2504 et
2167 2465 2355 2518 sapere
2383 2465 2593 2514 omnes,
2633 2459 2687 2506 et
2728 2452 2990 2506 barbaros
3017 2460 3072 2506 et
3104 2454 3351 2520 vulgares
3385 2455 3473 2506 in-

1919 2540 2099 2593 stituit
2135 2559 2147 2593 :
2183 2555 2364 2595 nonne
2413 2543 2683 2611 sapientes
2730 2544 2902 2612 magis
2946 2543 3000 2597 in
3033 2550 3144 2597 toto
3178 2546 3310 2599 orbe
3345 2559 3475 2599 suos

1920 2639 2218 2684 sectatores
2248 2632 2506 2694 reddidit,
2541 2649 2702 2702 quam
2731 2634 2767 2686 ii
2801 2634 2892 2704 qui
2929 2635 3218 2704 supercilia
3249 2644 3473 2689 contra-

1917 2729 2002 2775 cta
2033 2729 2332 2787 ostentant,
2368 2725 2411 2779 si
2444 2725 2578 2777 nihil
2616 2725 2774 2794 plane
2820 2741 2881 2779 ea
2920 2735 3072 2795 parte
3103 2741 3209 2795 qua
3241 2731 3342 2787 est,
3370 2725 3476 2780 dif-

1919 2814 2059 2868 ferre
2092 2831 2122 2869 a
2164 2816 2358 2879 culice,
2405 2825 2494 2870 aut
2540 2817 2858 2879 vermiculo,
2895 2826 3205 2890 aut.musca
3237 2819 3472 2873 animam

1918 2905 2205 2959 Innnanam
2241 2907 2555 2961 allirmant?
2602 2918 2694 2961 aut
2724 2909 2769 2961 si
2802 2925 2868 2962 ne
2899 2924 2926 2961 a
2953 2910 3222 2977 serpentis
3254 2911 3472 2979 quidem

1917 3004 2009 3050 aut
2032 2998 2248 3066 vipcrte,
2280 3007 2373 3052 aut
2402 3001 2533 3064 ursi,
2577 3009 2670 3052 aut
2710 2999 2969 3068 pardalis,
3005 3009 3096 3052 aut
3130 3001 3244 3055 suis
3271 3000 3471 3066 anima,

264 3091 501 3145 σπεύδειν
537 3093 634 3162 μὲν
674 3095 764 3146 ἐπὶ
797 3094 994 3164 ἀρετὴν
1028 3093 1134 3147 τῶν
1163 3094 1620 3164 προσδοκωμένων
1654 3095 1813 3148 ἕνεκα

1918 3091 2024 3143 ulla
2074 3105 2299 3159 prorsus
2330 3091 2384 3144 in
2433 3099 2606 3158 parte,
2641 3106 2792 3144 suam
2825 3091 3064 3158 ipsorum
3092 3091 3348 3156 animam,
3379 3090 3473 3160 qui

260 3185 360 3244 toi;
404 3183 684 3236 εὐσεϐέσιν
729 3184 1005 3248 ἐπάθλων,
1067 3183 1468 3256 ἀποτρέπεσθαι
1523 3185 1579 3237 δὲ
1633 3187 1810 3256 πάσης

259 3274 444 3335 κακίας
493 3273 581 3325 διὰ
627 3273 725 3337 τὰς
775 3275 1157 3344 ὲπηρτημένας
1207 3277 1318 3338 τοῖς
1368 3275 1587 3329 ἀσεϐέσι
1641 3293 1810 3346 τιμω-

260 3363 397 3432 ρίας;
459 3365 548 3416 Ἐν
580 3367 690 3427 τοῖς
722 3364 1064 3434 δογματικοίς
1091 3364 1198 3417 τῶν
1226 3365 1388 3418 αὑτοῦ
1417 3365 1589 3435 λόγων
1617 3384 1811 3438 παρει-

257 3453 497 3525 λήφαμεν
542 3452 676 3508 εἷναί
721 3473 870 3519 τινας
914 3455 1047 3526 μετὰ
1096 3457 1185 3507 τὸν
1233 3457 1491 3510 ἀνωτάτω
1543 3457 1675 3510 Θεὸν
1722 3458 1812 3510 δυ-

256 3547 474 3615 νάμεις,
536 3547 856 3616 ἀσωμάτους
910 3548 1008 3616 τὴν
1067 3548 1224 3616 φύσιν
1283 3549 1375 3602 καὶ
1435 3547 1660 3618 νοερὰς,
1721 3548 1809 3600 λο-

257 3636 408 3703 γικάς
457 3653 517 3688 τε
555 3636 647 3688 καὶ
690 3636 1057 3706 παναρέτους,
1091 3637 1181 3688 τὸν
1242 3632 1586 3706 παμϐασιλέα
1623 3653 1812 3707 χορευ-

255 3727 441 3790 ούσας,
514 3720 590 3779 ὧν
641 3727 856 3791 πλείους
932 3729 1024 3780 καὶ
1094 3726 1252 3797 μέχρι
1314 3725 1613 3797 ἀνθρώπων
1691 3726 1810 3779 νεύ-

257 3835 374 3885 ματι
420 3817 514 3869 τοῦ
568 3818 779 3888 Πατρὺς
832 3819 919 3872 διά
971 3835 1121 3881 τινας
1168 3817 1466 3888 σωτηρίους
1505 3817 1810 3887 οἰκονομίας

253 3910 604 3964 ἀπεστάλθαν
653 3911 716 3974 ἀς
765 3911 828 3981 δὴ
880 3911 1163 3982 γνωρίζειν
1211 3911 1304 3963 καὶ
1352 3912 1514 3981 τιμᾷν
1567 3910 1706 3962 κατὰ
1749 3911 1810 3963 τὸ

254 4003 441 4074 μέτρον
479 4003 578 4071 τῆς
607 4000 761 4064 ἀξίας
791 4001 1159 4072 ἐδιδάχθημεν,
1199 4003 1341 4072 μόνῳ
1369 4001 1445 4071 τῷ
1483 4001 1810 4071 παμϐασιλεῖ

252 4092 360 4161 Θεῴ
403 4093 505 4163 τὴν
563 4093 854 4164 σεϐάσμιον
897 4094 1059 4165 τιμὴν
1104 4093 1480 4163 ἀπονέμοντες.
1511 4095 1628 4145 Ἔτι
1673 4095 1806 4164 πρὸς

249 4183 449 4244 τούτοις
481 4181 724 4251 ἔγνωμεν
772 4183 897 4247 παρ’
927 4182 1086 4234 αὑτοῦ
1119 4182 1378 4252 μαθόντες
1420 4181 1681 4252 πολεμίας
1723 4200 1804 4235 τι-

250 4276 337 4338 νὰς
380 4278 476 4329 καὶ
525 4276 724 4347 ἐχθρὰς
766 4277 857 4330 τοῦ
911 4277 1242 4349 ἀνθρωπείου
1289 4277 1476 4345 γένους
1524 4279 1668 4349 ἀμφὶ
1715 4278 1806 4330 τὸν

250 4366 368 4434 περ)⁸
419 4367 524 4437 γῆν
587 4367 724 4437 ἀέρα
775 4367 1074 4430 πωτᾶσθαι,
1120 4369 1211 4420 καὶ
1260 4369 1354 4421 σὺν
1395 4369 1507 4430 τοῖς
1547 4371 1804 4439 πονηροῖς

247 4457 536 4529 διατρίϐειν
569 4459 823 4528 δυνάμεις
849 4458 1128 4528 δαιμόνων,
1160 4460 1250 4512 καὶ
1276 4460 1598 4528 πνευμάτων
1642 4476 1805 4528 πονη-

1915 4454 2063 4523 107
2100 4456 2295 4510 choros
2346 4464 2631 4510 exerceant
2687 4473 2702 4511 :

248 4547 371 4619 ρῶν,
403 4549 499 4601 καὶ
536 4549 645 4600 τῶν
676 4551 734 4600 ὲν
757 4548 964 4609 τούτοις
994 4549 1287 4619 ἀρχόντων,
1318 4547 1410 4610 οὒς
1440 4548 1600 4601 παντὶ
1629 4546 1802 4599 σθένει

247 4639 462 4707 φεύγειν
518 4639 948 4710 πεπαιδεύμεθα·
1007 4641 1054 4692 εί
1086 4639 1177 4691 καὶ
1239 4640 1319 4692 ὅτι
1382 4637 1612 4710 μάλιστα
1668 4637 1804 4691 θεῶν

247 4732 609 4804 προσηγορίας
655 4735 748 4786 καὶ
795 4733 957 4803 τιμὰς
997 4735 1206 4797 ἑαυτοῖς
1238 4733 1632 4804 ὑφαρπάζουσι·
1674 4733 1803 4786 ταύ-

245 4841 334 4895 της
377 4826 423 4878 δ’
457 4823 551 4879 οὗν
601 4825 681 4878 ἔτι
718 4826 910 4896 μᾶλλον
950 4827 1048 4894 τῆς
1081 4827 1371 4896 θεομαχίας
1420 4827 1513 4878 καὶ
1558 4827 1656 4898 τῆς
1688 4826 1804 4880 θεο-

244 4927 458 5000 εχθρίας
504 4928 689 4983 ἕνεκεν
731 4930 1132 5002 ἀποτρεπταίας
1180 4924 1336 4992 εἶναι,
1383 4928 1502 4981 καθ’
1535 4929 1600 4993 ἃς
1637 4930 1694 4982 ἐν
1733 4932 1800 5001 τῇ

243 5028 711 5100 Προπαρασκευῇ
765 5031 1107 5102 πεποιήμεθα
1144 5029 1230 5083 διὰ
1274 5028 1537 5082 πλείστων
1584 5031 1800 5082 ἀποδεί-

245 5128 363 5195 ξεις.
400 5131 640 5184 Τοιαῦτα
666 5130 800 5183 ἄττα
836 5129 1086 5200 τυγχάνει
1116 5130 1210 5183 καὶ
1241 5130 1297 5182 ὲν
1324 5130 1433 5191 τοῖς
1456 5128 1800 5199 δογματικοῖς

247 5233 516 5306 μαθήμασι
539 5231 633 5286 τοῦ
654 5233 902 5304 Σωτῆρος
926 5230 1082 5301 ήμῶν
1104 5230 1497 5302 ἀναφερόμενα,
1530 5231 1798 5298 Ἐϐραίων

243 5336 340 5391 τῶν
364 5337 529 5392 πάλαι
563 5333 823 5403 θεοφιλῶν
857 5332 1062 5402 ἀνδρῶν
1100 5348 1158 5383 τε
1198 5331 1290 5384 καὶ
1331 5333 1618 5401 προφητῶν
1653 5331 1799 5386 ἄντι-

243 5449 366 5505 κρυς
415 5434 613 5505 εὐσεϐῆ
669 5430 1024 5502 παιδεύματα.
1063 5431 1125 5482 El
1151 5429 1216 5502 δὴ
1261 5427 1352 5484 οὖν
1387 5432 1557 5485 ταῦτα
1601 5432 1793 5504 σεμνά,

242 5535 284 5586 si
310 5534 580 5606 ὠφέλιμα,
611 5536 660 5586 εί
688 5532 966 5602 φιλόσοφα,
997 5532 1046 5582 εἰ
1084 5530 1282 5600 ἀρετῆς
1328 5531 1516 5600 μεστὰ,
1549 5532 1687 5585 τίσιν
1728 5531 1795 5585 ἂν

239 5635 458 5706 εὐλόγως
501 5638 531 5688 ό
584 5633 792 5688 τούτων
839 5633 1155 5696 διδάσκαλος
1203 5633 1556 5704 ἐπιγράφοιτο
1601 5635 1659 5687 τὸ
1700 5635 1793 5688 τοῦ

240 5737 421 5793 πλάνου
444 5738 654 5806 δνομας
699 5733 856 5788 Ἀλλά
880 5734 1050 5788 ταῦτα
1107 5734 1203 5804 μὲν
1224 5733 1300 5796 ὡς
1333 5735 1462 5805 περὶ
1489 5734 1663 5788 κοινοῦ
1693 5735 1794 5806 τὴν

1917 3181 2302 3250 sapientissimi
2335 3180 2557 3245 fuerint,
2588 3191 2857 3252 quatenus
2895 3191 3144 3236 naturam
3187 3183 3348 3237 habet
3391 3191 3473 3236 at-

1915 3288 2020 3342 que
2049 3282 2152 3334 est,
2196 3272 2468 3327 diversam
2513 3275 2674 3329 esse?
2704 3275 2770 3329 ad
2812 3275 2945 3338 haac,
2983 3289 3106 3328 cum
3144 3274 3244 3327 fori
3277 3275 3468 3336 divini,

1908 3363 2209 3433 judiciique
2239 3363 2405 3418 futuri
2441 3365 2716 3419 assiduam
2747 3367 3072 3420 mentionem
3104 3363 3314 3428 fecerit,
3349 3379 3473 3434 sup-

1913 3457 2179 3526 pliciaque
2204 3471 2266 3510 ac.
2299 3471 2488 3525 poenas
2517 3457 2857 3511 inevitabiles
2891 3455 3072 3525 impiis
3095 3455 3467 3525 descripserit,

1907 3547 2070 3617 justis
2101 3563 2226 3601 vero
2267 3554 2524 3602 teternam
2567 3562 2596 3599 a
2631 3545 2740 3600 Deo
2781 3547 2940 3600 vitam
2988 3547 3248 3615 promitti,
3286 3555 3339 3600 et
3377 3561 3468 3600 reo

1911 3653 2072 3705 gnum
2108 3637 2350 3699 cmleste,
2395 3641 2448 3688 et
2497 3634 2703 3689 felicem
2741 3650 2863 3689 cum
2916 3636 3032 3703 ipso
3082 3633 3191 3688 Deo
3241 3635 3467 3700 victum,

1912 3727 2158 3780 docuerit
2191 3747 2203 3781 :
2236 3743 2392 3796 quem
2419 3727 2633 3780 tandem
2657 3726 2906 3795 decipere
2931 3725 3140 3794 potuit?
3169 3740 3348 3778 nonne
3371 3739 3470 3794 po.

1913 3817 2021 3871 tius
2047 3817 2363 3872 adhortatus
2389 3827 2470 3872 est
2493 3831 2678 3871 eorum
2702 3817 3042 3886 praemiorum
3068 3830 3254 3877 causa,
3287 3830 3408 3884 quae
3435 3829 3466 3868 a

1905 3907 2070 3976 justis
2099 3915 2486 3976 exspectantur
2508 3907 2561 3960 in
2588 3908 2840 3961 virtutem
2860 3905 3291 3960 incumbere?ab
3317 3906 3464 3959 omni

1910 4013 2037 4052 vero
2067 4000 2270 4051 malitia
2303 4001 2584 4062 deterruit,
2619 4007 2837 4068 propter
2883 3998 3252 4069 impendentes
3283 3999 3465 4070 impiis

1909 4093 2139 4162 ptenas?
2171 4091 2344 4147 Porro
2380 4101 2558 4147 autem
2589 4108 2653 4146 ex
2695 4093 2840 4147 illius
2876 4092 3110 4146 decretis
3155 4094 3464 4162 accepimus

1905 4200 2027 4240 esse
2063 4186 2322 4253 quasdam
2358 4195 2477 4255 post
2502 4201 2812 4254 supremum
2845 4183 3008 4240 Deum
3043 4192 3340 4254 potestates
3363 4183 3463 4238 na-

1907 4283 2028 4329 tura
2076 4278 2445 4346 incorporeas,
2508 4277 2888 4345 intelligentes,
2949 4277 3241 4331 rationales
3287 4277 3465 4330 omni-

1907 4382 2012 4433 que
2042 4370 2241 4420 virtute
2283 4367 2560 4436 praeditas,
2612 4383 2732 4436 quae
2774 4369 2978 4420 circum
3011 4383 3189 4437 regem
3222 4367 3464 4422 universi

2755 4472 2983 4526 quarum
3055 4458 3238 4526 plures
3301 4458 3462 4510 etiam

1910 4561 2082 4615 usque
2109 4546 2176 4599 ad
2215 4548 2463 4604 homines
2499 4549 2668 4617 ipsius
2700 4549 2872 4619 patris
2913 4557 3070 4611 nutu,
3103 4547 3338 4616 quadam
3372 4565 3462 4601 sa-

1908 4637 2070 4690 lutari
2121 4638 2476 4707 dispositione
2525 4641 2829 4704 mittantur,
2872 4655 3115 4709 quasque
3163 4646 3218 4693 et
3265 4654 3464 4709 cogno-

1908 4746 2082 4794 scere,
2115 4742 2167 4786 et
2200 4733 2445 4786 venerari
2481 4748 2577 4802 pro
2609 4733 2836 4797 ratione,
2869 4732 3147 4802 graduque
3181 4731 3463 4801 dignitatis

1907 4823 2081 4876 edocti
2129 4839 2338 4887 sumus,
2381 4831 2440 4877 ut
2478 4823 2578 4879 soli
2616 4823 2743 4886 Deo,
2778 4825 2885 4893 qui
2915 4839 3010 4878 rex
3060 4832 3144 4878 est
3196 4823 3458 4886 universi,

1907 4915 2242 4971 adorationis
2288 4917 2548 4971 honorem
2592 4917 2917 4970 tribuamus.
2953 4915 3036 4969 Ab
3085 4914 3274 4969 eodem
3322 4929 3461 4983 pra:-

1905 5013 2048 5062 terea
2079 5007 2387 5069 didicimus,
2419 5008 2640 5062 hostiles
2669 5007 2931 5078 quasdam
2971 5007 3325 5075 inimicasque
3351 5005 3457 5060 hu-

1905 5099 2049 5152 mani
2083 5099 2316 5168 generis,
2354 5113 2446 5168 per
2473 5099 2636 5159 hunc.
2677 5098 2770 5168 qui
2802 5099 3006 5152 circum
3047 5106 3244 5152 terram
3273 5112 3458 5153 versa-

1905 5197 2013 5257 tur,
2044 5205 2242 5254 aerem,
2276 5192 2457 5244 volare
2481 5197 2777 5260 poteStates
2799 5191 3101 5245 daemonum
3131 5188 3454 5259 spirituum-

1902 5295 2008 5351 que
2038 5281 2322 5344 malorum,
2367 5295 2682 5350 eorumque,
2716 5281 2809 5350 qui
2840 5281 2896 5335 in
2943 5280 3048 5335 illis
3090 5280 3453 5352 principatum

1900 5381 2104 5436 tenent,
2135 5389 2253 5444 qua:
2281 5388 2403 5427 cum
2438 5375 2596 5428 malis
2632 5374 2939 5427 hominibus
2974 5381 3278 5438 versentur,
3318 5389 3456 5443 quas

1901 5472 1959 5517 ut
1994 5468 2138 5519 omni
2174 5476 2370 5520 conatu
2400 5466 2692 5536 fugiamus,
2735 5466 2789 5518 in
2827 5467 3110 5536 praeceptis
3150 5466 3451 5521 habemus:

1899 5555 2114 5610 tametsi
2141 5557 2224 5610 vel
2266 5570 2426 5626 quam
2462 5559 2691 5611 maxime
2720 5556 2944 5610 deorum
2976 5557 3365 5626 appellationes
3400 5564 3455 5610 et

1898 5647 2077 5701 cultus
2106 5647 2209 5700 sibi
2232 5649 2364 5717 ipsis
2387 5657 2661 5720 arrogant,
2693 5650 2968 5719 multoque
2995 5649 3157 5703 etiam
3185 5648 3357 5719 magis
3382 5647 3454 5702 ab

1898 5735 2006 5792 illis
2061 5751 2184 5792 esse
2219 5737 2622 5804 declinandum,
2663 5746 2884 5808 propter
2924 5739 3063 5794 hanc
3109 5739 3280 5806 ipsam
3325 5754 3448 5792 cum
