3880 6256
411 322 515 378 135
1043 316 1315 373 EUSEBll
1345 314 1828 372 CJESARIENSIS
1860 314 2010 372 OPP.
2052 313 2235 369 PARS
2268 313 2334 367 ιι.
2377 341 2445 355 -—
2484 306 2983 366 APOLOGETICA.
3539 308 3630 364 196

413 438 521 489 Deo
551 432 984 505 repugnantiam,
1015 431 1224 501 hasque
1271 429 1534 486 adversus
1581 428 1749 484 Deum
1796 430 1971 485 inimi-

2077 430 2234 500 φύσιν
2280 425 2568 499 ἀνθρώπου
2611 426 2746 487 τέως
2778 424 3075 496 ἐξητάσθω,
3117 438 3496 496 παραστατικα
3540 426 3627 497 τῆς

412 526 569 581 citias
600 522 1088 594 :quemadmodum
1127 522 1291 576 latius
1336 521 1388 574 in
1434 521 1835 589 Prwparatione
1877 521 1971 576 de—

2079 522 2280 593 σεμνῆς
2307 520 2400 574 καὶ
2417 517 2707 590 βιωφελοῦς
2733 515 3073 580 διδασκαλίας
3099 515 3262 570 αὐτοῦ
3291 516 3614 587 τυγχάνοντα

413 618 854 672 monstravimus.
915 614 1060 669 Sane
1107 612 1487 682 hujuscemodi
1535 621 1684 678 sunt,
1736 629 1858 684 qua:
1916 613 1971 668 in

2078 616 2233 687 Φέρε,
2265 614 2329 685 δὴ
2361 612 2455 666 καὶ
2488 611 2555 665 τὰ
2581 611 2824 682 θειότερα
2858 607 3203 680 σκεψώμεθα.

412 709 689 779 praeceptis
750 719 911 778 atque
975 709 1243 764 institutis
1288 705 1586 762 Salvatoris
1649 707 1824 762 nostri
1876 708 2144 775 feruntur,
2195 724 2321 763 vere
2370 707 2675 776 priscorum
2739 704 3104 765 Hebraeorum,
3159 704 3250 773 qui
3309 702 3419 760 Deo
3492 700 3630 775 grati

411 799 582 863 fuere,
626 809 738 853 tum
770 801 1033 864 virorum,
1091 807 1206 855 tum
1248 800 1652 871 prophetarum,
1697 801 1783 871 pia
1840 810 2136 871 sanctaque
2188 801 2531 855 documenta.
2564 797 2717 865 Quod
2783 798 2830 853 si
2891 798 3006 852 haec
3049 799 3364 867 gravitatem
3412 796 3630 860 habent,

410 896 456 949 si
510 894 820 958 utilitatem,
882 893 927 948 si
981 892 1219 947 studium
1269 893 1568 962 sapientiae,
1627 892 1672 946 si
1727 891 1961 961 denique
1997 893 2145 946 omni
2205 891 2404 946 virtute
2461 888 2662 944 referta
2693 894 2861 943 sunt:
2901 902 3009 958 quo
3035 888 3248 942 tandem
3283 887 3423 956 jure,
3459 904 3625 958 quave

343 996 347 1000 '
412 983 623 1039 ratione
667 984 737 1050 ei,
791 983 883 1052 qui
923 983 1051 1036 talia
1098 983 1365 1046 docuerit,
1416 984 1723 1038 ascribatur
1769 998 1968 1037 nomen
2008 982 2343 1039 sednetoris?
2377 988 2431 1037 et
2461 981 2575 1035 haec
2620 970 3134 1050 quidem'tanquam
3171 979 3237 1034 de
3285 994 3350 1034 eo
3390 979 3623 1046 homine,

412 1078 505 1147 qui
568 1093 599 1131 a
639 1077 850 1131 cmteris
898 1083 1092 1130 natura
1141 1092 1251 1130 non
1282 1077 1516 1142 diﬂ‘erat,
1552 1077 1826 1148 disputata
1876 1079 2006 1144 sint,
2049 1093 2169 1148 quae
2207 1076 2458 1131 videlicet
2489 1083 2543 1130 et
2594 1090 2832 1147 gravem,
2880 1080 2935 1129 et
2984 1074 3088 1144 ipsi
3119 1073 3240 1127 vita:
3267 1073 3453 1130 utilem
3492 1077 3626 1132 illius

416 1169 722 1225 doctrinam
762 1167 1053 1222 exhibeant
1084 1185 1098 1221 :
1130 1183 1279 1222 nunc
1319 1184 1383 1224 ea
1421 1185 1542 1240 quae
1585 1171 1760 1241 magis
1793 1170 1977 1226 divina
2011 1171 2141 1236 sint,
2170 1168 2599 1224 consideremus.

693 1303 783 1361 Ν.
826 1305 901 1360 De
926 1305 1264 1360 divinioribus
1294 1304 1492 1361 Christi
1518 1309 1695 1379 gestis.

484 1420 565 1476 Ac
600 1422 832 1491 primum
855 1423 1092 1476 omnium
1119 1422 1568 1492 contemplemur,
1600 1437 1708 1491 quo
1735 1430 1977 1491 tempore

414 1521 664 1569 versatus
685 1520 769 1567 est
808 1528 929 1567 eum
972 1513 1300 1577 hominibus,
1334 1521 1488 1583 quot,
1523 1514 1812 1583 qualiaque
1841 1515 1971 1578 sint,

416 1620 538 1674 quae
566 1603 886 1657 mirabiliter
929 1602 1177 1671 gesserit,
1226 1617 1370 1655 nunc
1403 1602 1620 1671 quidem
1660 1602 1866 1672 lepram
1909 1601 1975 1657 de

416 1696 737 1765 corporibus
763 1695 1006 1763 ejiciens,
1038 1710 1213 1764 eaque
1243 1694 1507 1748 divinitus
1539 1709 1797 1765 purgans,
1827 1709 1974 1749 nunc

2109 1308 2180 1361 A’.
2216 1304 2353 1373 Περὶ
2383 1303 2501 1358 τῶν
2533 1302 2839 1370 θειοτέρων
2887 1301 3074 1371 ἔργων
3104 1300 3288 1356 αὑτοῦ
3325 1297 3597 1369 Χριστοῦ.

2144 1420 2252 1474 Καὶ
2275 1419 2339 1491 δὴ
2370 1418 2714 1490 σκεψώμεθα,
2751 1419 2890 1471 ὅσων
2926 1419 3017 1471 καὶ
3046 1417 3169 1471 οἵων
3201 1418 3295 1470 σὺν
3335 1415 3627 1489 ἀνθρώποις

2073 1512 2171 1576 τὰς
2198 1511 2474 1583 διατριϐὰς
2503 1511 2886 1581 πεποιημένος,
2919 1508 3229 1583 παραδόξων
3268 1510 3458 1579 γέγονε
3487 1526 3623 1580 ποιησ

2074 1597 2169 1668 τὴς
2201 1598 2398 1670 ἔργων,
2428 1599 2546 1652 τοτὲ
2588 1599 2686 1669 μὲν
2719 1598 2951 1670 λεπροὺς
2989 1598 3050 1651 τὸ
3082 1599 3236 1669 σῶμα
3265 1599 3488 1669 δυνάμει
3519 1598 3628 1671 θείᾳ

2074 1691 2368 1763 καθαίρων,
2420 1692 2541 1745 τοτὲ
2604 1691 2662 1744 δὲ
2732 1691 3105 1761 προστάγματι
3178 1692 3333 1760 λόγου
3387 1692 3512 1755 τοὺς
3574 1693 3628 1747 ὲν

415 1802 546 1841 vero
569 1787 728 1854 jussu
754 1786 902 1841 verbi
927 1787 1200 1840 daemonas
1225 1801 1289 1839 ex
1326 1785 1637 1840 hominibus
1658 1787 1932 1855 expellens
1957 1804 1970 1839 :

2077 1782 2379 1854 ἀνθρώποις
2411 1783 2668 1855 δαίμονας
2702 1782 2960 1848 ἐλαύνων,
3000 1784 3095 1837 καὶ
3128 1783 3313 1837 ἄλλοτε
3363 1785 3520 1839 πάλιν
3546 1803 3628 1840 νο-

417 1878 552 1933 alias
592 1892 783 1931 rursus
810 1877 1222 1946 aegrotantibus,
1258 1877 1513 1946 omnique
1541 1876 1860 1946 languorum
1889 1892 1979 1945 ge—

416 1983 547 2022 nere
587 1968 982 2029 laborantibus,
1016 1967 1302 2021 sanitatem
1356 1965 1569 2020 abunde
1603 1966 1973 2035 suppeditans.

416 2058 663 2125 Quodam
728 2073 856 2112 vero
906 2064 1150 2127 tempore
1216 2057 1378 2111 etiam
1442 2057 1740 2127 paralytico
1798 2056 1974 2110 dixit:

425 2167 445 2201 ι
475 2149 714 2221 Surgens
742 2151 870 2205 tolle
909 2151 1191 2220 grabatum
1232 2155 1382 2203 tuum
1413 2155 1467 2203 et
1496 2148 1712 2202 ambula
1739 2147 1806 2211 “,
1840 2167 1859 2200 ›
1894 2155 1978 2201 at-

415 2256 523 2311 que
571 2243 660 2298 ille
703 2240 847 2312 quod
893 2241 1217 2311 imperatum
1260 2251 1343 2295 est
1381 2238 1528 2296 fecit.
1562 2239 1774 2295 Rursus
1816 2240 1976 2296 caecis

417 2335 525 2388 alio
545 2343 808 2404 tempore,
836 2333 1084 2388 videndae
1114 2332 1254 2388 lucis
1286 2332 1597 2387 facultatem
1623 2333 1851 2403 largitus
1873 2342 1972 2388 est.

415 2423 554 2479 Olim
595 2440 723 2478 vero
767 2424 960 2485 mulier
1006 2438 1125 2492 quae
1158 2421 1438 2492 sanguinis
1484 2420 1632 2476 ﬂuxu
1669 2421 1969 2484 laborabat,

415 2524 469 2570 et
501 2530 673 2569 annos
696 2515 962 2584 plurimos
996 2529 1060 2568 eo
1089 2529 1286 2584 genere
1326 2513 1500 2567 morbi
1535 2513 1852 2577 vexabatur,
1884 2513 1975 2567 ubi

415 2608 551 2664 vidit
605 2606 1055 2662 innumerabilem
1106 2608 1309 2661 circum
1357 2607 1507 2660 illum
1553 2605 1972 2669 multitudinem,

415 2715 537 2770 quae
570 2714 841 2769 nusquam
893 2699 1238 2769 permittebat
1290 2706 1350 2753 ut
1385 2699 1450 2753 ad
1495 2698 1647 2750 illum
1697 2697 1975 2751 accederet

419 2807 485 2846 ac
529 2793 881 2862 supplicaret,
913 2792 1402 2862 liberationemque
1449 2806 1479 2844 a
1519 2792 1706 2844 morbo
1744 2795 1971 2860 peteret,

416 2890 717 2937 extremum
770 2883 916 2938 illius
971 2887 1348 2938 vestimentum
1405 2882 1668 2954 attingere
1716 2881 1977 2935 duntaxat

416 2974 693 3043 cogitavit,
736 2974 895 3044 108
921 2983 1083 3043 atque
1136 2975 1208 3027 ita
1256 2974 1457 3041 subiit;
1487 2973 1817 3042 limbumque
1850 2986 1972 3025 eum

415 3066 885 3136 apprehendisset,
914 3082 1021 3120 una
1065 3081 1186 3120 eum
1226 3081 1290 3120 eo
1333 3066 1667 3121 curationem
1707 3065 1971 3119 malorum

2083 1876 2457 1948 σηλευομένοις
2488 1878 2758 1940 παντοίοις
2780 1877 3068 1931 ἀσθενειῶν
3108 1877 3270 1931 εἴδεσι
3298 1894 3628 1933 καταπονου-

2083 1968 2266 2038 μένοις
2290 1968 2388 2040 τὴν
2420 1970 2560 2023 ἴασιν
2587 1968 2830 2037 ἀφθόνως
2853 1969 3207 2040 δωρούμενος.
3238 1972 3346 2023 Καὶ
3379 1972 3506 2025 ποτὲ
3538 1973 3629 2043 μὲν

2080 2058 2248 2129 ἔφησε
2282 2058 2664 2129 παραλυτικῷ-
2706 2078 2724 2110 ι
2766 2060 3019 2122 Ἀναστὰς
3052 2055 3181 2131 ἆρον
3213 2062 3302 2114 τὸν
3330 2062 3628 2134 κράὸϐατόν

2083 2168 2195 2217 σου,
2222 2153 2315 2205 καὶ
2341 2151 2625 2222 περιπάτει
2655 2166 2668 2179 ’
2700 2168 2718 2201 ι
2757 2152 2785 2204 ὁ
2809 2151 2865 2204 δὲ
2904 2150 2963 2204 τὸ
2991 2150 3274 2210 κελευσθὲν
3304 2153 3495 2206 ἐποίει.
3529 2155 3630 2206 Τυ-

2080 2245 2230 2314 φλοῖς
2256 2243 2313 2297 δὲ
2346 2243 2503 2297 πάλιν
2528 2242 2711 2297 ἄλλοτε
2753 2242 2820 2296 τὰ
2853 2242 3114 2313 βλεπτικά
3140 2243 3231 2296 τοῦ
3258 2244 3433 2312 φωτὸς
3458 2246 3628 2314 ἐχαρί-

2081 2336 2220 2401 ζετο.
2249 2335 2386 2405 Ἤδη
2418 2334 2476 2386 δέ
2513 2351 2642 2388 ποτε
2685 2335 2777 2388 καὶ
2820 2334 3184 2407 αἱμορροοῦσα
3229 2336 3367 2407 γυνὴ
3404 2338 3629 2408 μακραῖς

2079 2426 2215 2481 ἑτῶν
2261 2426 2523 2498 περιόδοις
2562 2424 2698 2498 πρὸς
2746 2427 2840 2481 τοῦ
2897 2427 3101 2490 πάθους
3156 2428 3625 2498 κατατρυχομένη,

2081 2519 2262 2591 ἐπειδὴ
2297 2519 2439 2591 ἑώρα
2475 2519 2641 2590 μυρία
2672 2518 2844 2591 πλήθη
2870 2517 3169 2571 κυκλοῦντα
3202 2516 3385 2583 αὐτὸν,
3412 2519 3502 2573 καλ⁵
3533 2536 3628 2589 μη-

2078 2611 2263 2681 δαμῶς
2286 2610 2646 2683 ἐπιτρέποντα
2672 2610 2807 2681 αύτῇ
2836 2609 3196 2679 γονυπετῆσαι
3228 2607 3590 2681 προσελθούσῃ
3610 2647 3623 2672 ,

2078 2704 2171 2757 τοῦ
2219 2721 2275 2757 τε
2323 2703 2523 2766 πάθους
2555 2701 2652 2773 τὴν
2695 2701 3010 2772 ἀπαλλαγὴν
3037 2699 3455 2772 ἐξαιτήσασθαι,
3501 2698 3627 2755 ἀλλξ

2079 2796 2173 2850 καὶ
2198 2797 2365 2868 ἄκρου
2386 2794 2480 2848 τοῦ
2504 2794 2713 2865 ἱματίου
2737 2794 3079 2864 προσψαῦσαι
3102 2793 3260 2864 μόνον
3275 2793 3624 2863 διανοηθεῖσα,

2079 2887 2345 2951 ὑποδύνει,
2367 2888 2462 2941 καὶ
2492 2885 2584 2939 τοῦ
2616 2885 2919 2957 κρασπέδου
2949 2885 3308 2957 ἐπιλαϐομένη
3326 2926 3340 2950 ,
3377 2884 3508 2956 ὁμοῦ
3542 2884 3627 2939 καὶ

2076 2979 2175 3049 τῆς
2219 2979 2326 3032 τῶν
2358 2977 2543 3033 κακῶν
2597 2979 2788 3040 ἰάσεως
2832 2977 3152 3041 ἐπελάϐετο,
3192 2977 3531 3049 παραχρῆμά
3570 2991 3626 3031 τι

2079 3069 2236 3141 ὑγιὴς
2266 3064 2332 3141 ἦν
2353 3109 2367 3134 ,
2398 3070 2497 3140 τῆς
2540 3067 2635 3121 τοῦ
2675 3067 2924 3138 Σωτῆρος
2954 3068 3108 3138 ἡμῶν
3137 3066 3318 3121 ἐνθέου
3358 3068 3625 3138 δυνάμεως

418 3156 796 3225 apprehendit,
842 3165 1005 3227 atque
1037 3156 1182 3210 illico
1224 3172 1356 3211 sana
1405 3157 1601 3221 evasit,
1643 3155 1722 3211 sic
1756 3155 1971 3225 quidem

2077 3161 2269 3231 δεῖγμα
2297 3161 2546 3232 μέγιστον
2580 3156 3026 3228 ὲπικομιζομένη.
3072 3158 3259 3222 Ἀλλος
3285 3158 3341 3212 δέ
3373 3176 3454 3221 τις
3481 3158 3624 3228 βασι-

416 3248 613 3305 divina:
645 3248 945 3304 Salvatoris
978 3251 1151 3304 nostri
1180 3250 1399 3305 virtutis
1428 3251 1720 3304 maximum
1762 3249 1976 3319 signum

414 3350 724 3409 reportans.
748 3342 901 3397 Alius
924 3352 1103 3397 autem
1128 3343 1349 3413 quidam
1382 3343 1465 3396 vir
1492 3344 1734 3413 regulus,
1765 3356 1887 3397 cum
1910 3339 1975 3394 ad

413 3426 543 3485 Jesu
581 3432 743 3501 pedes
779 3433 1087 3497 cecidisset,
1121 3434 1288 3487 ﬁlium
1322 3434 1414 3504 qui
1451 3434 1747 3505 aegrotabat
1775 3432 1974 3487 evesti-

416 3522 504 3590 gio
534 3537 726 3577 sanum
767 3525 993 3595 recepit.
1036 3524 1226 3579 Filiam
1268 3527 1397 3580 item
1429 3526 1589 3589 alius,
1624 3525 1716 3595 qui
1739 3522 1977 3578 Judaiea:

419 3609 715 3684 Synagogaa
753 3615 1004 3686 princeps
1043 3624 1179 3681 erat,
1227 3625 1280 3671 et
1315 3617 1404 3670 hic
1443 3617 1659 3686 quidem
1680 3615 1788 3684 jam
1829 3608 1977 3667 mer-

414 3716 583 3760 tuam.
610 3704 747 3771 Quid
778 3723 906 3762 vero
934 3707 1137 3773 dicam,
1162 3709 1307 3778 quod
1330 3709 1470 3764 alius
1493 3710 1604 3779 jam
1627 3707 1974 3778 quatriduum

414 3808 684 3861 mortuus,
730 3799 929 3855 virtute
957 3799 1085 3854 Jesu
1134 3778 1403 3857 excitatus
1445 3802 1564 3857 est?
1595 3803 1675 3856 vel
1723 3799 1866 3870 quod
1918 3799 1974 3852 in

415 3888 551 3941 mari
584 3896 841 3960 tanquam
876 3890 931 3945 in
960 3900 1103 3946 terra
1146 3908 1251 3962 qua
1280 3894 1496 3961 publice
1525 3894 1635 3947 itur
1664 3893 1791 3947 olim
1820 3890 1973 3961 pedi-

412 3977 519 4035 bus
556 3979 832 4047 ingressus
870 3989 974 4045 est,
1020 3983 1192 4052 ipsius
1232 3983 1447 4038 interim
1489 3983 1775 4054 discipulis
1820 3982 1974 4036 navi-

414 4069 706 4139 gantibus?
752 4078 806 4126 et
851 4073 994 4142 quod
1026 4073 1187 4128 iidem
1226 4089 1351 4128 cum
1385 4074 1612 4130 adversa
1653 4080 1973 4145 tempestate

415 4159 771 4229 agitarentur,
812 4180 983 4232 mare,
1015 4164 1232 4230 ﬂuctus,
1271 4174 1461 4222 ventos
1492 4168 1780 4238 increpuit,
1810 4176 1973 4236 atque

414 4250 598 4304 omnia
628 4254 876 4322 protinus
911 4264 1170 4326 tanquam
1211 4257 1423 4313 Domini
1457 4274 1642 4314 vocem
1674 4258 1972 4313 formidan-

416 4342 490 4396 tia
541 4346 925 4401 constiterunt.
987 4347 1123 4404 Cum
1165 4364 1295 4404 vero
1336 4352 1574 4422 quinque
1616 4352 1782 4405 millia
1822 4351 1970 4406 viro-

413 4453 557 4503 rum,
619 4454 724 4492 una
789 4455 911 4493 cum
963 4440 1343 4497 innumerabili
1401 4443 1722 4497 feminarum
1773 4458 1967 4513 puero-

411 4547 642 4603 rumque
669 4532 1017 4587 multitudine
1057 4534 1297 4604 quinque
1338 4550 1447 4589 non
1479 4535 1709 4605 amplius
1737 4536 1967 4604 panibus

412 4625 624 4680 abunde
653 4625 920 4695 quondam
952 4626 1300 4690 saturaverit,
1335 4626 1491 4690 adeo,
1524 4635 1582 4681 ut
1615 4642 1737 4698 quae
1771 4642 1965 4697 super~

413 4718 633 4774 fuerunt
678 4719 941 4788 reliquiaz,
981 4717 1266 4773 duodecim
1306 4719 1569 4788 cophinos
1609 4720 1833 4790 implere
1869 4733 1966 4789 po-

415 4807 637 4868 tuerint,
697 4822 854 4876 quem
912 4822 1020 4860 non
1067 4814 1289 4876 stupore
1335 4807 1611 4862 aﬂ‘ecerit?
1663 4818 1757 4863 aut
1804 4825 1963 4880 quem

412 4911 521 4950 non
554 4895 748 4950 merito
782 4895 849 4949 ad
895 4895 1242 4962 quaerendum
1288 4896 1356 4952 de
1410 4897 1579 4966 ipsius
1626 4913 1825 4952 arcana
1870 4913 1965 4952 oc-

411 4989 665 5057 cultaque
692 4988 894 5043 virtute
938 4988 1291 5042 excitaverit?
1337 4989 1432 5044 sed
1473 5006 1540 5044 ne
1572 4990 1703 5044 mihi
1738 5007 1880 5047 nunc
1911 4992 1967 5047 in

2076 3252 2224 3316 λικὸς
2250 3253 2385 3324 ἀνὴρ
2429 3251 2612 3316 κακῶς
2644 3251 2832 3322 ἔχοντα
2862 3251 2951 3303 τὸν
2979 3250 3172 3317 παῖδα,
3207 3251 3526 3321 προσπεσὼν
3556 3250 3626 3319 τῷ

2088 3344 2281 3416 Ἰησοῦ,
2314 3343 2651 3415 παραχρῆμα
2682 3341 2816 3395 σῶον
2845 3342 3211 3412 ἀπελάμϐανε.
3235 3341 3341 3394 Καὶ
3366 3341 3626 3412 θυγατέρα

2076 3436 2234 3491 πάλιν
2252 3436 2428 3500 ἄλλος,
2471 3433 2734 3488 Ἰουδαίων
2760 3432 2815 3486 δὲ
2842 3431 3283 3505 ἀρχισυνάγωγος
3302 3428 3394 3503 ἦν,
3415 3433 3524 3487 ἀλλ’
3546 3424 3628 3485 οὗ·

2074 3545 2163 3590 τος
2193 3528 2292 3599 ἤδη
2325 3527 2416 3580 καλ⁵
2447 3524 2732 3578 θανοῦσαν.
2767 3523 2830 3575 Τί
2870 3524 2951 3577 δεῖ
2990 3523 3167 3592 λέγειν
3210 3524 3284 3587 ὼς
3322 3526 3624 3595 τεταρταῖος

2074 3617 2229 3682 ἄλλος
2256 3617 2481 3687 δυνάμει
2503 3616 2597 3669 τοῦ
2626 3613 2806 3685 Ἰησοῦ
2832 3615 3022 3685 νεκρὸς
3053 3615 3339 3686 ἠγείρετο;
3372 3616 3404 3686 ἢ
3435 3616 3506 3678 ὼς
3538 3615 3621 3666 ἐπὶ

2076 3710 2360 3779 θαλάττης,
2382 3703 2469 3761 οἷα
2490 3709 2580 3762 ἐπὶ
2598 3707 2872 3780 λεωφόρου
2896 3709 3016 3778 γῆς,
3036 3708 3259 3779 πορείας
3281 3708 3439 3778 ἤνυεν
3461 3704 3624 3759 ποιού-

2077 3821 2255 3874 μενος,
2280 3802 2386 3856 τῶν
2416 3800 2577 3854 αὐτοῦ
2609 3800 2861 3872 μαθητῶν
2891 3799 3264 3869 ὲμπλεόντων;
3296 3799 3389 3852 καὶ
3418 3799 3491 3860 ὡς
3518 3815 3623 3868 χει-

2075 3893 2386 3965 μασθέντων
2420 3891 2718 3961 ἐπετίμησε
2759 3892 2823 3961 τῇ
2867 3889 3108 3962 θαλάσσῃ
3151 3890 3246 3943 καὶ
3284 3889 3364 3960 τῷ
3403 3888 3620 3943 κλύδωνι

2074 3986 2167 4039 καὶ
2210 3987 2319 4048 τοῖς
2354 3983 2575 4053 ἀνέμοις
2597 4022 2612 4046 ,
2665 3982 2757 4034 καὶ
2789 3982 2964 4035 πάντα
2996 3998 3058 4049 γε
3092 3980 3220 4050 ἔστη
3253 3979 3618 4051 παραχρῆμα,

2071 4071 2158 4130 οἷα
2183 4075 2437 4129 δεσπότου
2471 4074 2651 4144 φωνὴν
2679 4071 3136 4143 καταπτήξαντα;
3175 4072 3341 4124 Πέντε
3370 4072 3426 4125 δὲ
3456 4069 3618 4141 χιλιά-

2070 4168 2165 4230 δας
2187 4166 2392 4238 ἀνδρῶν
2422 4165 2871 4237 συνεπιπαρόντος
2892 4165 3081 4237 μυρίου
3101 4163 3256 4219 ἄλλου
3274 4165 3541 4233 γυναικῶν
3565 4177 3622 4218 τι

2070 4259 2164 4313 καὶ
2191 4258 2394 4311 παίδων
2419 4256 2674 4328 πλήθους,
2697 4257 2761 4309 ὲκ
2781 4257 2939 4308 πέντε
2968 4255 3059 4309 τὸν
3088 4254 3315 4326 ἀριθμὸν
3344 4255 3518 4326 ἄρτων
3544 4255 3618 4316 είς

2070 4352 2228 4424 κόρον
2278 4349 2600 4422 πληρώσας,
2648 4349 2722 4414 ὡς
2787 4344 2880 4402 καὶ
2929 4349 3156 4420 περιττά
3212 4349 3477 4413 τοσαῦτα,
3526 4334 3619 4400 ὅσα

2075 4443 2232 4497 ἱκανά
2252 4439 2319 4514 ἦν
2340 4442 2621 4513 πληρῶσαι
2650 4439 2854 4494 δώδεκα
2874 4440 3125 4509 κοφίνους
3151 4438 3354 4507 λαϐεῖν,
3386 4441 3504 4492 τίνα
3527 4439 3619 4491 οὐκ

2070 4533 2135 4588 ἂν
2182 4532 2436 4605 ἐκπλήξει
2456 4573 2471 4597 ,
2504 4533 2595 4586 καὶ
2629 4531 2721 4584 ἐπὶ
2755 4529 2978 4600 ζήτησίν
3019 4547 3081 4598 γε
3125 4530 3346 4594 εἰκότως
3376 4530 3474 4600 τῆς
3506 4529 3616 4582 κατ’

2070 4627 2230 4682 αὐτὸν
2262 4628 2571 4698 ἀπορρήτου
2610 4624 2887 4694 δυνάμεως
2931 4622 3313 4687 ὲκκαλέσεται;
3358 4622 3492 4675 Ἀλλ’
3538 4622 3618 4674 ἵνα

2074 4722 2144 4792 μή
2184 4738 2273 4791 μοι
2303 4719 2369 4773 τὰ
2397 4719 2491 4773 νῦν
2523 4720 2550 4771 ό
2575 4718 2728 4785 λόγος
2756 4718 2835 4778 εἰς
2879 4714 3083 4785 μακρὸν
3118 4715 3288 4785 μῆκος
3313 4717 3615 4775 ἐκτείνοιτο,

2070 4813 2162 4865 ἐπὶ
2194 4813 2354 4864 πᾶσιν
2385 4809 2649 4863 ἐκκείσθω
2679 4811 2707 4861 ό
2737 4806 2898 4859 αὐτοῦ
2925 4805 3150 4869 θάνατος
3169 4846 3183 4869 ,
3219 4806 3279 4859 ού
3312 4805 3486 4870 κοινὸς
3513 4807 3617 4866 τοῖς

2069 4905 2272 4967 λοιποῖς
2312 4900 2615 4973 ἀνθρώποις
2657 4899 3035 4970 γεγενημένος.
3082 4899 3155 4952 Οὐ
3205 4897 3312 4969 γὰρ
3339 4898 3477 4968 νόσῳ
3505 4896 3615 4949 δια-

2070 4995 2312 5067 φθαρεὶς,
2341 4993 2456 5047 ἀλλ’
2485 4991 2604 5046 οὐδὲ
2634 4991 2811 5061 βρόχῳ
2836 4991 3063 5058 πνιγεὶς,
3087 4990 3203 5043 οὐδὲ
3229 4990 3331 5060 μὴν
3353 4988 3470 5041 κατ’
3494 4982 3616 5040 αύτδ

413 5078 631 5148 longum
686 5078 848 5131 nimis
890 5077 1122 5132 ducatur
1168 5080 1364 5144 oratio,
1408 5091 1681 5151 postrema
1724 5085 1963 5139 omnium

2077 5086 2159 5141 τοῦ
2195 5082 2423 5157 σταυροῦ
2446 5082 2505 5136 τὺ
2525 5081 2777 5153 τρόπαιον
2796 5079 2995 5151 ὁμοίως
3018 5082 3127 5143 τοῖς
3156 5080 3357 5141 λοιποῖς
3391 5074 3616 5145 κακούρ-

410 5168 556 5223 illius
595 5184 743 5223 mors
782 5179 1102 5237 exponatur,
1139 5186 1258 5241 quae
1284 5188 1391 5225 non
1420 5174 1690 5228 communi
1731 5175 1969 5245 reliquo-

409 5274 529 5313 rum
562 5259 839 5313 hominum
873 5276 1022 5316 more
1050 5263 1277 5319 exstitit.
1303 5263 1417 5319 Non
1450 5266 1593 5320 enim
1619 5266 1810 5321 morbo
1837 5281 1969 5321 con-

410 5358 683 5420 sumptus,
724 5365 787 5405 ac
825 5367 891 5406 ne
921 5352 1114 5423 laqueo
1164 5354 1404 5425 quidem,
1456 5363 1550 5410 aut
1600 5356 1721 5427 igne
1746 5377 1759 5412 :
1788 5372 1963 5428 neque

409 5456 540 5496 vero
582 5440 649 5495 ad
700 5456 902 5496 morem
940 5445 1295 5515 reliquorum,
1338 5448 1431 5516 qui
1471 5447 1541 5503 ob
1588 5452 1790 5506 scelera
1838 5465 1958 5514 sua,

411 5540 589 5596 crucis
628 5540 893 5611 supplicio
922 5543 1058 5597 allici
1088 5544 1288 5613 solent,
1326 5546 1580 5606 cruribus
1607 5548 1792 5605 itidem
1817 5548 1962 5605 ferro

481 5715 526 5747 ⁸³
554 5714 719 5772 Iarc.
753 5733 815 5784 it,
840 5718 1022 5775 9'“.

2067 5194 2181 5247 γοις
2214 5174 2541 5245 ὑποτμηθεὶς
2575 5171 2772 5243 σιδήρῳ
2815 5170 2883 5224 τά
2938 5171 3129 5240 σκέλη,
3179 5170 3298 5222 οὐδὲ
3328 5169 3461 5231 ὅλως
3488 5166 3616 5237 πρός

2066 5285 2208 5331 τινος
2237 5264 2534 5338 ἀνθρώπων
2578 5260 2762 5315 παθών
2803 5278 2856 5314 τι
2897 5260 3004 5314 τῶν
3048 5263 3288 5333 ἀναιρεῖν
3323 5258 3610 5316 εἰωθότων,

2069 5361 2238 5432 βίαιον
2275 5358 2532 5427 ὑπέμεινε
2557 5354 2808 5424 τελευτὴν
2829 5394 2844 5418 ,
2874 5353 2985 5406 ἀλλ’
3026 5353 3100 5416 ὡς
3126 5353 3256 5406 αὐτὸ
3286 5352 3440 5422 μόνον
3480 5346 3609 5401 ἑκὼν

2069 5453 2352 5524 παρεδίδου
2399 5452 2510 5515 τοῖς
2564 5448 2966 5504 ἐπιϐουλεύουσι
2997 5445 3056 5500 τὺ
3092 5445 3270 5516 σῶμα,
3318 5440 3614 5515 ἀνωρθοῦτο

2071 5548 2168 5620 μὲν
2199 5545 2305 5600 ἀπὸ
2324 5544 2425 5616 γῆς
2444 5544 2659 5609 αὐτίκα,
2684 5541 2920 5598 κᾶπειτα
2940 5538 3033 5594 ἐπὶ
3054 5537 3149 5592 τοῦ
3176 5538 3347 5611 ἰκρίου
3368 5535 3613 5607 φωνήσας
