3880 6256
197 310 285 366 197
1104 310 1761 367 DEMONSTRATIONIS
1799 309 2260 367 EVANGELICJE
2289 310 2415 367 LIB.
2459 311 2549 368 lll.

3328 313 3428 371 198

200 426 326 497 μέγα
345 465 360 491 ,
389 427 486 478 καὶ
514 422 595 494 τῷ
639 424 815 495 Πατρί
856 425 1175 497 παρατιθεὶς
1205 427 1264 481 τὸ
1297 427 1544 500 πνεῦμα,
1592 428 1752 482 εἰπὼν

1863 427 2116 491 succisis,
2166 442 2343 497 neque
2393 428 2618 482 omnino
2652 426 2948 498 quidquam
2992 426 3062 482 ab
3107 426 3217 480 ullo
3249 426 3431 481 homi-

198 516 363 579 αὐτοῖς
404 517 646 587 ῥήμασιν
665 532 681 548 ο
715 535 735 568 ι
766 516 947 587 Πάτερ
966 555 981 580 ,
1013 520 1092 581 εἰς
1126 520 1312 589 χεῖράς
1344 536 1438 573 σου
1465 520 1756 591 παρατίθε-

203 625 290 679 μαι
321 606 380 660 τὸ
410 607 631 679 πνεῦμά
667 626 768 678 μου
792 648 807 671 ,
841 628 859 659 ι
894 608 1068 673 οὕτως
1100 611 1298 679 ἄφετος
1342 611 1435 664 καί¹
1478 611 1758 684 ἐλεύθερος

201 697 347 761 αὐτὸς
394 697 487 766 ἀφ’
516 698 711 751 ἑαυτοῦ
740 699 838 769 τὴν
870 701 935 752 ὲκ
967 699 1060 752 τοῦ
1096 698 1344 770 σώματος
1374 701 1754 773 ἀναχώρησιν,

201 790 341 843 ταυτί
368 788 623 859 πρόσθες,
660 791 913 843 ἐποιεῖτο.
946 786 1077 844 Εἶτα
1104 790 1160 843 δὲ
1185 791 1279 844 τοῦ
1313 790 1561 862 σώματος
1592 793 1755 847 αὑτοῦ

203 881 478 952 ληφθέντος
504 882 641 950 πρὸς
667 881 773 934 τῶν
813 881 1104 953 γνωρίμων
1124 922 1138 946 ,
1167 884 1262 936 καὶ
1298 887 1364 955 τῇ
1406 885 1754 956 προσηκούσῃ

205 972 578 1045 παραδοθέντος
644 976 825 1044 ταφῇ,
888 976 1127 1045 τριταῖος
1185 970 1339 1039 αὖθις
1405 975 1755 1046 ἀπελάμϐανε

203 1065 379 1127 τοῦτο,
442 1064 469 1116 ὃ
521 1065 652 1136 πρὶν
702 1066 1061 1138 ἀναχωρήσας
1114 1066 1253 1120 ἑκὼν
1320 1067 1595 1121 κατέθετο.
1647 1069 1757 1121 Καὶ

205 1155 420 1210 δείκνυσί
466 1173 530 1224 γε
584 1155 743 1209 πάλιν
792 1157 952 1222 αὐτὸς
999 1158 1187 1211 ἑαυτὸν
1237 1157 1526 1229 ἔνσαρκον,
1588 1157 1755 1212 ἐνσωο

213 1264 329 1318 μον,
376 1247 535 1299 αὐτὸν
596 1249 838 1313 ἐκεῖνον,
894 1242 1004 1312 οἷος
1063 1249 1158 1302 καὶ
1201 1249 1262 1302 τὸ
1318 1252 1445 1321 πρὶν
1497 1246 1593 1321 ἦν,
1643 1253 1755 1314 τοῖς

213 1340 407 1402 οἰκείοις
438 1338 736 1409 μαθηταῖς,
762 1337 842 1403 οἷς
871 1341 965 1393 καὶ
1009 1342 1101 1394 ἐπὶ
1134 1341 1306 1413 βραχὺ
1334 1343 1598 1415 ὁμιλήσας
1616 1382 1631 1407 ,
1664 1344 1755 1396 καί

216 1448 318 1483 τινα
373 1430 748 1501 συνδιατρίψας
794 1432 981 1502 χρόνον
1006 1471 1022 1495 ,
1064 1432 1268 1487 ἄνεισιν
1315 1433 1435 1486 ὅθεν
1495 1434 1589 1487 καὶ
1612 1450 1753 1504 παρ-

216 1523 301 1590 ῆν,
322 1523 402 1574 ὑπ’
428 1522 724 1593 ὀφθαλμοῖς
759 1523 938 1577 αὐτῶν
969 1523 1066 1595 τὴν
1121 1526 1201 1588 εἰς
1246 1526 1504 1596 οὐρανοὺς
1533 1526 1755 1596 πορείαν

220 1612 562 1682 στειλάμενος·
601 1606 683 1675 οἷς
728 1612 791 1683 δὴ
825 1613 918 1666 καὶ
965 1613 1243 1685 ὑποθήκας
1294 1613 1577 1685 περίστῶν
1613 1631 1754 1684 πρα-

219 1704 367 1757 κτέων
404 1702 698 1774 παραδοὺς,
742 1703 1092 1769 διδασκάλους
1138 1705 1247 1758 τῶν
1290 1705 1457 1759 ὲθνῶν
1499 1706 1754 1761 ἁπάντων

216 1794 299 1864 τῆς
318 1794 564 1847 ἀνωτάτω
597 1794 899 1859 θεοσεϐείας
928 1797 1192 1868 ἀπέφηνε.
1236 1796 1469 1850 Τοιαῦτα
1505 1796 1662 1868 ήμῶν
1684 1796 1753 1849 τὰ
1788 1782 1829 1837 Β

218 1884 534 1956 πολυύμνητα
587 1886 687 1957 τῆς
730 1886 933 1957 ἀρετῆς
992 1886 1275 1957 θαύματα·
1322 1886 1493 1941 ταῦτα
1543 1888 1641 1958 τῆς
1697 1891 1756 1941 ὲν

218 1977 342 2047 αὐτῷ
370 1976 616 2047 θεότητος
664 1976 734 2030 τὰ
777 1978 1079 2049 τεκμήρια·
1121 1973 1293 2031 ταῦτα
1341 1979 1433 2032 καὶ
1478 1979 1631 2031 αὐτοὶ
1670 1977 1756 2031 λο-

218 2068 372 2139 γισμῷ
403 2068 636 2140 σώφρονι
664 2068 1110 2140 τεθαυμάκαμεν,
1131 2070 1564 2142 βεϐασανισμένῃ
1584 2087 1639 2124 τε
1662 2071 1755 2124 καὶ

220 2162 527 2233 ἐξητασμένη
558 2163 739 2234 κρίσει
784 2161 1205 2233 κατεδεξάμεθα.
1255 2162 1575 2233 Ἐξήτασται
1627 2166 1754 2234 παρ’

219 2255 326 2323 ἡμῖν
365 2254 453 2306 καὶ
500 2253 885 2323 βεϐασάνισται
934 2255 1027 2307 καὶ
1064 2255 1132 2306 δι’
1174 2254 1374 2325 ἑτέρων
1416 2254 1754 2325 πραγμάτων

219 2345 432 2417 ἐναργῶν
464 2346 642 2399 πάντα
680 2346 1059 2400 καλυπτόντων
1090 2346 1267 2415 λόγον,
1299 2346 1369 2399 δι’
1420 2339 1493 2399 ὧν
1534 2347 1694 2410 αὐτὸς
1726 2347 1756 2399 ὁ

220 2436 391 2509 Κύριος
432 2438 585 2508 ήμῶν
619 2438 786 2490 εἰσέτι
812 2439 904 2491 καὶ
943 2439 1036 2492 νῦν
1068 2433 1149 2502 οἷς
1182 2437 1247 2491 ἂν
1280 2438 1535 2507 κρίνειεν,
1586 2438 1756 2508 μικρά

218 2545 318 2580 τινα
342 2530 432 2600 τῆς
475 2529 642 2583 αὐτοῦ
670 2530 948 2600 δυνάμεως
987 2531 1347 2601 παραφαίνειν
1385 2528 1563 2582 εἴωθε.
1606 2530 1754 2601 Πλὴν

218 2619 329 2672 ἀλλά
354 2622 441 2675 καὶ
477 2625 543 2692 τῇ
577 2621 910 2693 λογικωτέρα
954 2620 1179 2692 μεθόδῳ,
1208 2622 1276 2692 ῆν
1302 2621 1595 2693 προσάγειν
1628 2620 1754 2673 εἰώ-

219 2707 361 2780 θαμεν
384 2713 492 2773 τοῖς
533 2711 593 2762 οὐ
634 2710 1092 2782 παραδεχομένοις
1121 2711 1189 2764 τά
1223 2711 1611 2784 προειρημένα,
1639 2710 1753 2765 ἀλλ’

218 2800 313 2871 ἢτοι
343 2800 611 2865 παντελῶς
636 2802 952 2855 ἀπιστοῦσιν
976 2802 1176 2865 αὐτοῖς,
1209 2802 1302 2855 καὶ
1335 2801 1501 2873 μηδὲν
1523 2800 1751 2853 καθόλου

217 2895 458 2961 γεγονέναι
484 2894 722 2947 τοιοῦτον
752 2893 886 2965 πρὸς
919 2893 1081 2947 αὑτοῦ
1116 2894 1433 2963 φάσκουσιν,
1474 2894 1506 2963 ἢ
1538 2894 1755 2962 γεγονέ-

1860 533 1991 573 num
2023 534 2240 588 passus,
2274 533 2464 574 eorum
2495 519 2587 589 qui
2619 520 2756 576 alios
2780 534 2977 574 necare
3007 528 3427 582 consueverunt,

1857 608 2110 664 violentae
2171 608 2365 664 mortis
2417 625 2588 679 genus
2634 612 2806 665 ullum
2868 609 3108 679 pertulit.
3170 606 3277 664 Sed
3335 611 3429 666 ubi

1860 699 2039 770 ipsum
2070 701 2335 756 duntaxat
2363 709 2556 770 sponte
2586 703 2817 771 praebuit
2849 702 3087 756 inimicis
3119 701 3431 756 insidianti—

1855 794 1960 851 bus
1990 809 2212 865 corpus,
2244 801 2359 848 tum
2400 802 2615 849 erectus
2642 802 2720 849 est
2760 809 2791 847 a
2831 804 2973 849 terra
3022 795 3188 850 illico.
3225 792 3429 848 Deinde

1857 888 1914 943 in
1944 888 2091 958 ligno
2132 900 2327 957 magna
2376 900 2511 940 voce
2542 886 2807 949 clamans,
2868 894 2921 941 et
2969 885 3118 940 Patri
3172 887 3424 955 spiritum

1857 977 2268 1042 commendans,
2306 983 2469 1046 atque
2494 976 2610 1031 hanc
2640 976 2707 1030 ad
2753 977 2976 1031 verbum
3009 977 3237 1032 dicens:
3270 995 3289 1026 ι
3320 975 3427 1030 Pa-

1857 1080 1960 1135 ter,
1987 1072 2043 1125 in
2071 1083 2266 1125 manus
2298 1077 2421 1123 tuas
2453 1068 2775 1125 commendo
2801 1069 3051 1137 spiritum
3083 1085 3261 1123 meum
3287 1069 3333 1101 “
3361 1089 3373 1124 :
3402 1088 3423 1121 ι

1858 1162 1931 1216 ita
1977 1161 2190 1216 solutus
2229 1176 2292 1214 ac
2336 1161 2494 1225 liber,
2543 1161 2659 1231 ipse
2704 1175 2802 1230 per
2843 1160 3080 1228 seipsum
3130 1174 3160 1212 a
3196 1174 3428 1228 corpore

1857 1254 2107 1307 secessit.
2142 1250 2346 1306 Deinde
2395 1267 2520 1305 cum
2556 1267 2756 1320 corpus
2791 1250 2965 1320 ipsius
2994 1249 3304 1324 familiares.
3336 1266 3427 1304 ac-

1856 1347 2150 1415 cepissent,
2177 1353 2338 1416 atque
2363 1346 2603 1400 honesta:
2619 1346 2911 1415 sepultura:
2926 1345 3424 1410 commendassem,

1857 1438 2015 1491 tertio
2058 1438 2145 1491 die
2193 1452 2387 1492 rursus
2417 1437 2549 1490 illud
2583 1437 2758 1507 ipsum
2794 1437 3021 1506 recepit,
3055 1436 3203 1505 quod
3235 1420 3430 1492 videli-

1856 1537 1941 1581 cet
1978 1536 2171 1597 sponte
2200 1529 2514 1598 reliquerat.
2564 1527 2629 1581 Et
2662 1528 2743 1583 sic
2780 1544 2996 1590 rursus,
3035 1528 3151 1599 ipse
3181 1529 3426 1598 seipsum

1856 1618 1912 1671 in
1972 1633 2177 1682 carne,
2230 1618 2285 1671 in
2346 1633 2609 1687 corpore,
2669 1619 2846 1687 ipsum
2904 1619 3055 1673 illum
3125 1621 3218 1690 qui
3276 1622 3427 1690 prius

1860 1714 2054 1773 iuerat,
2111 1710 2225 1764 suis
2266 1711 2506 1765 ostendit
2534 1710 2839 1778 discipulis,
2884 1711 3086 1780 quibus
3131 1726 3256 1764 cum
3290 1726 3428 1781 pau-

1857 1814 1951 1853 cos
2004 1798 2123 1853 dies
2181 1808 2466 1862 versatus,
2517 1807 2571 1853 et
2626 1815 2723 1868 per
2779 1799 3001 1869 aliquod
3056 1812 3273 1870 tempus
3323 1817 3425 1856 suo

1858 1889 2020 1943 etiam
2092 1904 2347 1944 sermone
2421 1889 2721 1959 dignatus,
2787 1890 2918 1944 illuc
2986 1906 3238 1945 reversus
3298 1901 3422 1954 est,

1858 1980 2000 2033 unde
2039 1981 2217 2036 oculis
2254 1981 2469 2035 illorum
2527 1995 2586 2036 se
2638 1980 2932 2045 obtulerat,
2982 1983 3169 2052 sicque
3205 1983 3307 2037 iter
3355 1982 3426 2037 ad

1858 2070 2017 2140 109
2054 2073 2253 2126 coelum
2290 2073 2508 2127 direxit.
2554 2072 2746 2127 Iisdem
2786 2087 2938 2136 vero,
2972 2088 3096 2127 cum
3154 2081 3426 2145 praecepta

1854 2177 2070 2232 quoque
2100 2162 2167 2217 de
2194 2164 2357 2218 rebus
2392 2164 2615 2233 agendis
2646 2162 2985 2231 tradidisset,
3024 2166 3245 2221 eosdem
3280 2167 3427 2236 apud

1854 2268 2043 2312 omnes
2094 2263 2283 2323 gentes
2318 2270 2587 2325 suprema:
2632 2256 2911 2325 religionis
2944 2256 3204 2312 doctores
3239 2257 3425 2312 decla-

1852 2345 2013 2399 ravit.
2059 2344 2183 2399 Haec
2224 2361 2356 2401 sane
2411 2354 2541 2401 sunt
2580 2347 2835 2412 virtutis,
2880 2364 3002 2417 qua:
3042 2349 3096 2403 in
3145 2349 3427 2405 Salvatore

1855 2445 2043 2490 nostro
2088 2444 2227 2499 erat,
2281 2440 2525 2507 apprime
2579 2438 2903 2492 celebranda
2948 2439 3213 2493 miracula
3256 2459 3269 2495 :
3308 2442 3424 2495 haec

1853 2525 2176 2590 divinitatis,
2209 2542 2330 2595 quae
2361 2528 2416 2580 in
2451 2527 2545 2580 illo
2583 2534 2701 2580 erat
2741 2525 2942 2580 indicia
2971 2543 2982 2577 :
3013 2528 3129 2582 haec
3160 2526 3263 2599 ipsi
3282 2545 3424 2599 quo-

1853 2630 1960 2685 que
1995 2625 2146 2671 casta
2184 2617 2544 2670 aastimatione
2581 2616 2834 2670 admirati
2871 2633 3083 2682 sumus,
3112 2621 3424 2689 explorato-

1853 2724 1958 2777 que
1986 2716 2147 2776 atque
2193 2708 2465 2777 exquisito
2510 2708 2719 2777 judicio
2766 2709 3095 2777 recepimus.
3141 2710 3423 2780 Exquisita

1854 2814 1984 2854 sane
2014 2800 2129 2852 haec
2158 2815 2187 2852 a
2225 2800 2404 2863 nobis,
2434 2802 2821 2869 explorataque
2852 2808 3001 2865 sunt,
3054 2802 3177 2855 aliis
3205 2817 3425 2872 quoque

1853 2891 2199 2945 evidentibus
2256 2892 2420 2945 rebus
2451 2930 2467 2954 ,
2513 2906 2839 2961 omnemque
2911 2892 3279 2961 aperientibus
3332 2910 3427 2947 ra-

216 3003 287 3038 ναι
316 2987 425 3056 μὲν,
457 2987 690 3056 γοητικά
734 2986 789 3038 δὲ
821 2986 991 3050 ἄλλως
1030 2985 1124 3039 ἐπὶ
1157 2985 1330 3056 πλάνῃ
1363 2984 1469 3037 τῶν
1503 2984 1752 3055 ὁρώντων

1856 2984 2079 3045 tionem,
2108 2984 2305 3053 quibus
2326 2984 2441 3052 ipse
2472 2983 2735 3039 Dominus
2764 2992 2950 3039 noster
2974 2985 3138 3038 etiam
3163 3000 3309 3039 nunc
3332 2985 3424 3050 iis,

214 3079 334 3134 ὡσάν
358 3083 444 3134 ὑπ’
476 3080 668 3152 ἀνδρὸς
700 3079 900 3133 πλάνου
947 3082 1237 3149 ἀναγκαῖον
1268 3077 1569 3132 ἐπιθέσθαι.
1601 3079 1663 3132 Εί
1695 3077 1751 3131 δὲ

1854 3090 1992 3145 quos
2021 3075 2215 3145 dignos
2243 3076 2532 3144 putaverit,
2567 3075 2761 3144 exigua
2791 3074 3038 3145 quazdam
3067 3090 3179 3129 sua:
3207 3075 3425 3131 virtutis

212 3173 298 3243 χρὴ
332 3174 419 3226 καὶ
444 3174 537 3226 ἐπὶ
567 3134 665 3226 τοθ
704 3173 966 3243 παρόντος
1010 3134 1214 3242 βραχέα
1257 3169 1392 3240 πρὸς
1438 3169 1564 3234 τοὺς
1599 3169 1748 3239 δεδη-

1854 3167 2006 3237 signa
2040 3167 2329 3222 ostendere
2350 3167 2655 3222 consuevit.
2685 3165 2827 3233 Quin
2851 3166 3016 3221 etiam
3045 3166 3331 3221 subtiliore
3360 3182 3424 3221 ac

160 3272 167 3279 ”
212 3262 452 3334 λωμένους
509 3265 793 3334 ἐνστῆναι,
853 3265 953 3316 οὐκ
1004 3262 1407 3333 ἀπολειψόμεθα
1473 3261 1742 3333 σπουδῆς·

1854 3261 2086 3316 certiore
2108 3260 2359 3314 doctrina
2400 3259 2541 3313 idem
2579 3276 2610 3312 a
2632 3259 2791 3313 nobis
2821 3257 3074 3312 effectum
3102 3264 3185 3311 est
3213 3275 3225 3310 :
3259 3272 3423 3326 quam

208 3356 355 3421 ἄλλως
375 3357 428 3410 δέ
456 3374 573 3420 πως
606 3358 784 3419 αὐτοῖς
814 3356 1224 3426 ἀπαντήσομεν;

1854 3352 2070 3423 quidem
2110 3352 2178 3407 iis
2206 3352 2464 3405 adhibere
2488 3351 2893 3415 consuevimus,
2928 3354 3020 3419 qui
3044 3364 3106 3404 ea
3129 3364 3250 3418 quae
3276 3349 3423 3402 dicta

206 3458 313 3506 sunt
354 3467 462 3506 non
505 3450 834 3511 concedunt,
878 3450 974 3504 sed
1013 3451 1216 3503 nullam
1245 3456 1474 3520 prorsus
1514 3448 1581 3504 iis
1620 3446 1776 3503 ﬁdem
1816 3447 2040 3508 habent,
2073 3460 2250 3514 neque
2279 3444 2501 3497 omnino
2540 3444 2834 3513 quidquam
2882 3443 2986 3498 tale
3020 3441 3089 3495 ab
3114 3456 3179 3495 eo
3219 3440 3421 3495 factum

203 3557 306 3597 esse
335 3543 684 3607 conﬁtentur,
724 3550 817 3597 aut
848 3543 1123 3598 exstitisse
1154 3544 1244 3596 illa
1278 3542 1495 3613 quidem
1539 3557 1648 3596 non
1689 3549 1908 3611 negant,
1937 3554 2125 3595 verum
2170 3538 2396 3606 magicis
2436 3536 2746 3606 praestigiis,
2779 3535 2844 3589 ad
2903 3549 3144 3590 errorem
3204 3534 3424 3588 intuen-

204 3635 320 3688 tium
364 3644 623 3706 tanquam
657 3650 688 3690 a
717 3635 832 3689 viro
869 3635 1155 3690 seductore
1196 3635 1472 3705 imposita,
1511 3635 1657 3703 quod
1691 3636 1737 3689 si
1776 3635 1937 3689 etiam
1972 3634 2025 3687 in
2050 3630 2298 3702 praesenti
2330 3629 2593 3683 adversus
2632 3629 2768 3683 tales
2810 3643 2982 3698 pauca
3014 3628 3260 3698 quaedam
3307 3627 3422 3681 dis-

202 3737 372 3795 putare
399 3743 540 3799 opus
571 3727 666 3793 sit,
720 3740 830 3780 non
868 3726 1182 3781 deseremus
1221 3727 1459 3781 studium
1522 3726 1796 3796 inceptum
1833 3742 1846 3778 :
1889 3724 2091 3794 alioqui
2121 3736 2248 3776 vero
2292 3735 2529 3790 quonam
2571 3727 2732 3790 pacto
2777 3719 2979 3772 ibimus
3023 3718 3131 3770 illis
3167 3716 3423 3771 obviam?

200 3840 262 3893 Β.
286 3842 435 3909 Πρὸς
469 3841 612 3907 τοὺς
640 3840 1032 3906 ἀπειθοῦντας
1056 3839 1135 3907 τῇ
1173 3838 1291 3891 τῶν
1332 3838 1438 3891 τοῦ
1482 3836 1751 3909 Σωτῆρος

1854 3836 1900 3893 V.
1931 3838 2190 3909 Adversus
2239 3854 2325 3893 eos
2376 3839 2465 3907 qui
2503 3853 2606 3909 non
2644 3836 2859 3909 credunt
2899 3832 3192 3889 Saluatoris
3241 3829 3413 3881 nostri

260 3906 417 3980 ἡμῶν
438 3906 708 3980 περὶτῶν
727 3910 1078 3978 παραδόξων
1092 3906 1364 3978 πράξεων
1382 3906 1676 3978 διηγήσει.

1909 3907 2207 4029 dibseipulis,
2249 3906 2596 3962 admirabiles
2634 3906 2782 3960 illius
2840 3922 2921 3959 res
2960 3914 3132 3974 gestas
3174 3914 3405 3953 narran-

1911 3987 1951 4032 t:
1989 3994 2068 4031 us.

1935 3994 2068 4031 wus.

259 4095 317 4149 Et
353 4094 415 4167 δὴ
459 4095 666 4163 λέγοιεν
705 4094 867 4165 μηδὲν
910 4094 1008 4165 τὴν
1038 4092 1210 4164 ἀρχὴν
1259 4089 1610 4160 πεποιηκέναι
1650 4088 1744 4142 τὸν

1917 4085 2052 4140 Nam
2082 4084 2129 4140 si
2162 4084 2347 4138 dicant
2374 4082 2510 4137 nihil
2541 4078 2764 4136 omnino
2805 4078 3129 4134 admirabile
3170 4077 3419 4132 Salvato-

199 4186 410 4258 Σωτῆρα
461 4188 618 4259 ἡμῶν
656 4185 986 4257 θαυμαστὸν,
1040 4184 1173 4254 μηδέ
1226 4199 1278 4235 τι
1327 4180 1623 4253 παράδοξον
1672 4173 1748 4233 ὧν

1854 4194 1959 4234 rem
1997 4185 2267 4242 nostrum,
2298 4192 2481 4246 neque
2503 4175 2799 4245 quidquam
2843 4173 2987 4243 quod
3024 4179 3242 4243 superet
3264 4173 3414 4242 cogi-

198 4276 566 4349 ἐμαρτύρησαν
615 4278 664 4329 οἰ
708 4274 992 4346 γνώριμοι,
1027 4271 1350 4342 σκεψώμεθα
1386 4272 1433 4323 ει
1468 4270 1689 4334 πιθανὸς
1714 4270 1743 4323 ό

1854 4268 2107 4322 tationem
2140 4267 2432 4320 humanam
2465 4264 2682 4331 (coisse,
2726 4264 2906 4332 qualia
2941 4271 3068 4318 sunt
3110 4277 3229 4332 quae
3267 4262 3415 4316 illius

199 4367 336 4436 λόγος
357 4371 537 4434 αὐτοῖς
566 4368 737 4433 ἔσται,
763 4368 835 4439 μὴ
856 4368 953 4439 τὴν
981 4366 1152 4419 αἰτίαν
1184 4366 1392 4435 ἔχουσιν
1416 4362 1740 4425 ἀποδιδόναι,

1854 4357 2147 4412 familiares
2173 4355 2448 4411 testiﬁcati
2479 4362 2627 4418 sunt,
2674 4355 2959 4409 videamus
2994 4370 3124 4408 num
3149 4355 3256 4408 illis
3286 4355 3415 4409 talia

200 4460 258 4512 δι’
287 4464 347 4531 ἣν
372 4464 419 4515 οἰ
454 4463 550 4532 μὲν
584 4437 839 4532 μαθηταὶ,
874 4437 985 4513 όγδὲ
1011 4458 1327 4520 διδάσκαλος
1359 4456 1742 4528 ἐχρημάτισεν.

1854 4449 2158 4504 dicentibus
2185 4448 2332 4502 credi
2366 4448 2475 4500 ullo
2501 4447 2662 4501 modo
2692 4447 2886 4515 possit,
2914 4446 3117 4516 quippe
3167 4446 3257 4515 qui
3294 4448 3419 4500 nul-

202 4552 263 4605 Ὀ
302 4571 357 4608 τε
405 4552 513 4624 γάρ
557 4552 820 4605 διδάσκων
863 4551 1191 4618 ἐπαγγελίαν
1241 4549 1562 4621 μαθήματός
1605 4565 1747 4610 τινος

1854 4541 1950 4594 lam
1989 4539 2201 4609 possint
2246 4538 2527 4608 assignare
2566 4552 2810 4599 causam,
2855 4545 3077 4606 propter
3119 4552 3303 4606 quam,
3358 4536 3415 4590 hi

202 4643 600 4714 ἐπαγγέλλεται·
635 4644 767 4696 οἵτε
800 4639 865 4697 αὖ
903 4644 1159 4714 μαθηταὶ,
1196 4642 1528 4713 μαθημάτων
1560 4640 1748 4711 ὀρεγό-

1854 4631 2061 4700 quidem
2102 4630 2247 4683 illius
2292 4628 2570 4698 discipuli,
2607 4629 2695 4682 ille
2743 4643 2875 4681 vero
2918 4628 3113 4680 horum
3156 4627 3415 4696 magister

203 4751 355 4806 μενοι,
392 4739 530 4806 σφᾶς
562 4737 755 4799 αὐτοὺς
777 4735 854 4805 τῷ
877 4735 1175 4806 διδασκάλῳ
1210 4733 1606 4805 προσφέροντες
1628 4733 1746 4783 ἐπι-

1854 4723 2130 4779 exstiterit.
2156 4721 2292 4775 Nam
2317 4730 2371 4775 et
2399 4720 2491 4789 qui
2516 4721 2696 4783 docet,
2734 4718 2965 4787 alicujus
2985 4718 3285 4786 disciplinae
3307 4733 3415 4770 ma-

201 4828 456 4896 τρέπουσι.
488 4828 621 4881 Τίνα
634 4824 726 4880 οὖν
753 4827 900 4879 ἐστὶν
930 4828 1104 4879 εἰπεῖν
1130 4825 1303 4878 αἰτίαν
1323 4824 1428 4876 τῶν
1444 4823 1537 4877 τοῦ
1571 4821 1743 4893 Ἰησοῦ

1854 4817 2072 4888 ςίεινιιηι
2108 4830 2166 4869 se
2191 4812 2478 4884 proﬁtetur
2508 4832 2520 4866 :
2549 4819 2602 4865 et
2641 4811 2898 4880 discipuli
2942 4811 3068 4865 talis
3112 4809 3414 4877 disciplinae

208 4919 436 4991 μαθητῶν
453 4920 551 4990 τῆς
568 4920 662 4972 σὺν
691 4918 838 4988 αὑτῷ
852 4917 1147 4996 διατριϐῆς,
1182 4916 1273 4969 καὶ
1303 4915 1355 4967 τί
1376 4915 1434 4967 τὸ
1451 4917 1740 4983 ἀναγκαῖον

1854 4907 2033 4978 cupidi
2058 4907 2375 4976 magistrum
2400 4904 2687 4965 adeuntes,
2718 4902 2930 4972 seipsos
2954 4902 3028 4955 illi
3062 4902 3413 4957 instruendus

206 5010 291 5078 τῆς
318 5013 438 5084 πρὶν
467 5013 630 5066 αὐτὸν
672 5011 940 5081 σπουδῆς;
974 4992 1142 5063 ἶτίνων
1186 5009 1243 5062 δὲ
1289 5008 1382 5061 καὶ
1427 5005 1741 5059 διδάσκαλον

1854 4999 2212 5054 committunt.
2237 4996 2409 5062 Quam
2435 4995 2597 5066 igitur
2612 5010 2831 5048 causam
2851 4992 3144 5049 istiaﬂ‘errc
3161 5002 3411 5062 possunt,

210 5103 549 5176 ἐπεγράφοντο
601 5103 970 5175 μαθημάτων;
1004 5102 1074 5154 Ἣ
1105 5101 1260 5153 τοῦτο
1289 5098 1478 5168 δῆλον;
1529 5097 1741 5161 πάντως

1854 5108 2016 5163 quare
2047 5092 2130 5147 sui
2153 5106 2276 5144 cum
2298 5087 2428 5142 Jesu
2450 5086 2705 5157 discipuli
2733 5086 2955 5153 versati,
2990 5084 3412 5154 frequentesque

209 5193 300 5264 γάρ
320 5212 415 5249 που
443 5188 517 5249 ὧν
538 5196 669 5266 παρ’
698 5192 863 5246 αὑτοῦ
899 5191 1155 5263 μαθόντες
1175 5191 1252 5253 εἰς
1279 5189 1496 5259 ἑτέρους
1526 5187 1745 5258 ἐξήνεγ-

210 5300 318 5340 καν·
360 5286 719 5362 παραγγελίαι
768 5285 812 5339 δ’
839 5281 979 5357 ἦσαν
1007 5282 1154 5353 αὐτῷ
1184 5282 1468 5351 φιλοσόφου
1513 5280 1650 5350 βίου,
1685 5279 1742 5332 ὃν

211 5375 507 5453 ὑπογράφων
550 5381 737 5440 αὐτοῖς
781 5376 953 5446 ἔλεγε·
996 5394 1015 5427 ι
1066 5375 1158 5445 Μὴ
1206 5372 1477 5444 κτήσησθε
1522 5371 1742 5442 χρυσίον

209 5468 316 5541 μηδὲ
344 5472 581 5544 ἄργυρον
612 5471 694 5532 είς
726 5467 824 5531 τὰς
852 5464 1047 5531 ζώνας,
1087 5462 1159 5535 μὴ
1199 5465 1375 5536 πήραν
1418 5463 1497 5525 εἰς
1526 5461 1670 5514 ὁδόν·
1716 5479 1734 5512 ι

205 5563 276 5617 καὶ
322 5566 387 5622 τὰ
439 5567 696 5622 τοιαῦτα.
740 5565 819 5637 Τῇ
864 5564 933 5618 δὲη
977 5562 1153 5616 πάντα
1193 5557 1464 5631 διοικούσῃ
1517 5555 1743 5630 προνοίᾳ

202 5651 364 5720 αὐτοὺς
415 5655 726 5716 ἀναθέντας
744 5691 761 5717 ,
819 5652 982 5731 μηδὲν
1043 5650 1308 5724 μεριμνᾷν
1366 5648 1474 5703 τῶν
1543 5644 1743 5718 χρειῶν

249 5768 286 5801 ⁶⁶
312 5767 435 5827 Luc.
460 5784 629 5836 nm,
652 5762 747 5820 46.

1850 5184 2089 5239 fuerint?
2109 5191 2205 5237 aut
2235 5181 2495 5251 quidnam
2517 5179 2672 5243 illud,
2698 5192 2904 5247 quaeso,
2937 5186 3077 5241 erat,
3119 5175 3263 5246 quod
3292 5175 3414 5230 illos

1846 5277 1942 5332 tali
1977 5276 2093 5329 viro
2118 5278 2248 5329 dare
2278 5288 2498 5343 operam
2532 5272 2786 5341 cogeret?
2809 5285 3039 5339 quarum
3064 5283 3226 5338 porro
3248 5268 3414 5324 disci-

1847 5369 2117 5439 plinarum
2170 5366 2448 5419 doctorem
2499 5363 2651 5417 illum
2702 5361 2881 5417 fuisse
2927 5360 3149 5415 dicent?
3189 5376 3258 5415 an
3310 5358 3415 5414 hoc

1846 5459 2065 5531 quidem
2107 5454 2309 5509 nemini
2355 5454 2580 5507 dubium
2635 5468 2757 5508 esse
2812 5453 3026 5522 potest?
3059 5453 3218 5522 plane
3266 5450 3412 5505 enim

1849 5565 2034 5606 earum
2059 5560 2242 5601 rerum
2270 5544 2544 5598 doctorem
2567 5542 2738 5598 fuisse
2766 5558 2991 5598 necesse
3022 5549 3125 5606 est,
3161 5556 3302 5611 quas
3318 5540 3410 5609 qui

1851 5643 1919 5698 ah
1955 5640 2048 5697 illo
2084 5637 2411 5705 didicerunt,
2455 5635 2523 5691 ad
2569 5635 2809 5707 reliquos
2854 5636 3103 5692 homines
3130 5632 3362 5688 attulere
3391 5644 3409 5686 :

1245 5868 1265 5897 κ
