3880 6256
484 273 584 328 1'39

1151 271 1416 327 EUSEBII
1454 271 1931 329 CAESARIENSIS
1967 274 2114 330 OPP.
2159 273 2335 330 PARS
2373 274 2436 328 11.
2476 305 2542 314 -
2580 271 3075 329 APOLOGETICA.

3595 281 3690 340 200

478 392 626 461 atqui
653 397 918 461 praecepta
951 397 1106 445 erant
1148 391 1261 444 haec
1289 392 1677 460 philosophica:
1707 393 1847 456 vitae,
1877 407 2037 462 quam

2143 394 2321 446 ἕνεκα.
2367 393 2604 464 Παρῂνει
2652 392 2696 443 δ’
2757 394 2939 454 αὐτοῖς
2989 393 3080 444 καὶ
3127 394 3235 448 τῶν
3291 393 3546 458 Ἰουδαίοις
3594 399 3687 452 ὑπὸ

479 482 585 537 illis
609 484 924 536 describens
963 480 1215 536 dicebat:
1248 505 1264 530 ι
1301 483 1479 536 Nolite
1515 483 1792 551 possidere
1828 498 2042 542 aurum.

477 590 656 643 neque
713 580 998 642 argentum
1044 573 1098 626 in
1142 574 1298 628 zonis
1346 575 1569 636 vestris,
1626 589 1732 627 non
1776 590 1957 642 peram
1991 575 2044 627 in

479 666 562 718 via
584 665 649 730 ",
687 685 706 717 ι
735 673 788 718 et
816 664 916 716 alia
938 663 1226 733 ejusmodi.
1271 664 1490 732 Seipsos
1521 680 1646 719 vero
1672 665 1894 733 jubebat
1920 679 2046 732 pro-

475 757 742 822 videntiae,
761 773 881 827 quae
904 757 1086 812 omnia
1104 759 1388 828 gubernat,
1408 757 1869 833 commendantes,
1895 766 1949 810 et
1978 757 2044 810 ad

477 849 622 902 illam
655 850 970 914 referentes,
1014 866 1282 920 nusquam
1315 853 1583 906 sollicitos
1623 865 1744 904 esse
1777 849 1843 903 de
1879 850 2044 904 rebus

475 942 823 996 necessariis.
849 943 1189 996 Admonebat
1226 944 1389 998 etiam
1431 959 1546 1005 eos,
1589 951 1646 996 ut
1681 943 1846 996 altius
1883 958 2042 1012 sape-

475 1043 598 1088 rent
647 1037 752 1102 iis,
796 1053 916 1106 quae
947 1036 1150 1092 Judaeis
1199 1054 1226 1092 a
1269 1037 1417 1092 Mose
1462 1045 1730 1108 praecepta
1776 1036 1990 1091 fuerant
2026 1051 2039 1084 :

480 1129 804 1196 llOillum
823 1129 966 1181 enim
997 1131 1166 1199 legem
1192 1131 1300 1185 illis
1335 1129 1600 1200 posuisse,
1636 1145 1744 1182 non
1771 1129 2039 1191 occidere.

475 1229 733 1289 tanquam
783 1221 1120 1290 proelivibus
1174 1221 1240 1275 ad
1294 1220 1648 1274 occidendum
1691 1239 1705 1274 :
1755 1222 1879 1274 item
1933 1235 2039 1272 non

474 1309 760 1372 tumchari,
813 1320 1068 1379 tanquam
1108 1311 1174 1365 iis
1215 1311 1307 1380 qui
1350 1310 1722 1372 lascivissimi,
1775 1320 1937 1378 atque
1985 1309 2039 1362 in

474 1401 752 1456 libidinem
797 1403 1207 1472 propensissimi
1237 1412 1438 1456 essent.
1475 1403 1686 1458 Rursus
1716 1416 1821 1455 non
1848 1400 2038 1464 furari,

472 1500 731 1562 tanquam
773 1495 969 1549 servile
999 1494 1232 1562 tiiaxime
1273 1495 1547 1564 ingenium
1577 1509 1688 1564 pra:
1726 1509 1784 1548 se
1815 1492 2040 1547 ferenti-

473 1585 595 1639 bus.
628 1587 780 1654 Ipsos
815 1589 946 1641 vero
993 1595 1248 1658 oportere
1298 1587 1576 1650 arbitrari,
1628 1585 1725 1640 has
1766 1586 1867 1640 sibi
1907 1585 2040 1654 ipsis

471 1691 739 1746 nusquam
768 1693 890 1732 esse
923 1678 1354 1733 accommodatas
1389 1678 1552 1748 leges,
1590 1677 1684 1731 sed
1715 1676 1880 1730 animi
1909 1676 2041 1728 lihe-

2148 484 2422 547 Μωῦσέως
2475 484 2937 555 παρηγγελμένων
2995 485 3274 556 κρείττονα
3323 490 3548 558 φρονεῖν.
3598 491 3689 548 Τὸν

2152 576 2248 645 μὲν
2291 575 2419 646 γάρ,
2455 570 2541 628 οἷα
2571 576 2878 646 προχείροις
2907 578 2986 638 εἰς
3014 577 3386 648 ἀνδροφονίας,
3419 584 3690 655 νομοθετῆ-

2149 684 2235 719 σαι
2269 667 2344 738 μὴ
2374 667 2642 736 φονεύειν·
2679 667 2935 730 ὡσαύτως
2961 667 3017 720 δὲ
3051 668 3143 720 καὶ
3187 669 3260 740 μὴ
3295 672 3576 742 μοιχεύειν,
3615 673 3691 730 οἷα

2145 758 2551 827 λαγνιστάτοις,
2593 760 2684 812 καὶ
2730 760 3238 832 καταφερεστάτοις.
3280 765 3388 816 Καὶ
3430 762 3495 819 αὖ
3547 768 3690 824 πάλιν

2149 852 2223 924 μὴ
2255 852 2526 915 κλέπτειν,
2554 847 2640 904 οἷα
2671 852 3236 925 δουλοπρεπεστάτοις.
3270 857 3476 922 Αὐτοὺς
3507 859 3559 912 δὲ
3594 861 3691 916 δεῖν

2143 943 2365 1006 τούτους
2409 943 2505 1014 μὲν
2541 944 2786 1014 ἡγεῖσθαι
2829 943 2902 1015 μὴ
2935 946 3229 1016 προσήκειν
3265 947 3445 1011 αὐτοῖς
3473 952 3592 1014 τούς
3615 953 3668 1006 νό

2148 1051 2301 1104 μους,
2337 1034 2397 1086 τὸ
2429 1034 2471 1086 δ’
2499 1034 2704 1097 ἀπαθὲς
2731 1035 2830 1103 τῆς
2860 1035 3038 1105 ψυχῆς
3061 1037 3185 1106 περὶ
3209 1036 3402 1089 πολλοῦ
3436 1043 3691 1112 προτιμᾷν

2145 1127 2382 1180 κάτωθεν
2416 1129 2479 1181 ἐκ
2501 1127 2694 1197 βάθους
2715 1127 2879 1196 αὐτῆς
2903 1126 3157 1192 διανοίας,
3183 1127 3369 1200 ὥσπερ
3395 1129 3499 1181 ἀπὸ
3521 1130 3687 1200 ῥιζῶν,

2143 1221 2208 1272 τὰ
2225 1221 2320 1289 τῆς
2345 1220 2540 1282 κακίας
2561 1217 2961 1289 ἀποτέμνοντας
2979 1219 3346 1290 βλαστήματα·
3369 1222 3461 1272 καὶ
3489 1227 3691 1292 κρατεῖν

2146 1313 2240 1381 μὲν
2268 1312 2437 1382 ὀργῆς
2469 1310 2563 1364 καὶ
2593 1310 2772 1380 πάσης
2813 1311 3042 1382 αἰσχρᾶς
3075 1311 3369 1381 ἐπιθυμίας
3395 1313 3687 1383 πειρᾶσθαι,

2144 1403 2341 1473 μᾶλλον
2382 1403 2437 1456 δὲ
2489 1403 2620 1473 μηδέ
2668 1403 2978 1474 ὀργίζεσθαι
3025 1403 3091 1456 δι’
3122 1403 3297 1473 ἄκραν
3342 1403 3517 1472 ψυχῆς
3566 1405 3694 1458 ἀπά-

2142 1493 2312 1560 θειαν,
2364 1495 2496 1566 μηδέ
2550 1495 2906 1566 προσόλέπειν
2953 1497 3182 1563 γυναῖκα
3235 1495 3372 1566 μετά
3422 1495 3692 1566 ἐπιθυμίας

2140 1585 2465 1640 ἀκολάστου·
2521 1586 2653 1658 μηδὲ
2710 1586 2978 1650 κλέπτειν,
3027 1587 3334 1639 τούναντίον
3380 1587 3458 1649 δὲ,
3506 1589 3595 1640 καὶ⁷
3635 1589 3694 1641 τά

2140 1678 2311 1728 οἰκεῖα
2343 1675 2624 1747 προΐεσθαι
2674 1679 2784 1740 τοῖς
2829 1676 3133 1746 δεομένοις·
3180 1676 3315 1729 άλλά
3347 1677 3480 1748 μηδὲ
3515 1677 3694 1747 σεμνύ-

469 1769 735 1822 rationem
767 1769 835 1822 ab
857 1770 1003 1822 omni
1038 1769 1226 1822 morbo
1265 1769 1484 1838 plurimi
1512 1768 1709 1832 facere,
1742 1775 1795 1823 et
1819 1769 1887 1822 ab
1915 1768 2037 1821 imis

2139 1767 2322 1819 νεσθαι
2346 1769 2436 1820 ἐπί
2463 1767 2540 1837 τῷ
2575 1767 2648 1838 μὴ
2681 1769 3022 1839 ἀποστερεῖν,
3049 1767 3159 1819 ἀλλ’
3185 1769 3280 1820 ἐπὶ
3312 1769 3390 1838 τῷ
3418 1768 3542 1832 τούς
3570 1771 3694 1838 σφᾶς

471 1860 717 1927 partibus
738 1877 799 1915 ac
831 1861 898 1915 de
927 1861 1196 1931 profundo
1221 1861 1588 1931 cogitationis,
1611 1869 1866 1929 tanquam
1892 1875 1922 1913 a
1951 1875 2039 1912 ra-

469 1950 686 2007 dicibus
737 1953 1003 2006 malitiam
1049 1953 1404 2021 pullulantem
1454 1967 1736 2018 resecare,
1793 1953 2040 2022 iramque

468 2049 634 2112 atque
664 2058 881 2096 omnem
910 2042 1092 2098 minus
1128 2043 1412 2096 honestam
1444 2043 1794 2113 cupiditatem
1819 2045 2039 2097 vincere

471 2135 745 2198 coronari,
782 2149 844 2188 ac
876 2135 1058 2204 potius
1092 2151 1155 2190 ex
1196 2150 1408 2190 summa
1447 2137 1608 2189 animi
1648 2136 2040 2206 tranquillitate

482 2240 550 2277 ne
579 2224 738 2278 irasci
763 2226 1000 2293 quidem,
1027 2240 1202 2294 neque
1233 2226 1513 2280 mulierem
1547 2241 1669 2278 cum
1701 2226 1926 2278 libidine
1955 2225 2038 2278 in-

481 2317 640 2379 tueri,
672 2331 735 2370 ac
782 2331 890 2370 non
921 2317 1080 2370 modo
1137 2331 1244 2370 non
1298 2315 1491 2381 furari,
1539 2315 1633 2370 sed
1683 2323 1906 2382 contra,
1950 2331 2038 2369 res

477 2399 638 2461 etiam
665 2423 794 2463 suas
830 2407 1196 2478 indigentibus
1228 2422 1474 2477 erogare.
1498 2405 1682 2476 Neque
1721 2423 1849 2461 vero
1881 2407 1934 2460 in
1972 2421 2038 2460 eo

474 2499 720 2570 gloriari,
768 2498 912 2568 quod
955 2499 1129 2553 aliena
1174 2499 1315 2552 inter
1357 2514 1416 2553 se
1455 2513 1562 2552 non
1614 2498 1907 2562 auferrent,
1943 2499 2038 2553 sed

467 2590 612 2659 quod
656 2590 758 2653 eis,
799 2589 891 2659 qui
941 2604 1000 2642 se
1040 2587 1200 2657 primi
1253 2588 1602 2658 spoliassent,
1645 2604 1858 2643 omnem
1891 2589 2036 2656 inju-

466 2681 605 2732 riam
631 2680 984 2732 remitterent.
1007 2677 1072 2730 Et
1098 2679 1228 2747 quid
1259 2693 1397 2747 opus
1433 2687 1517 2733 est
1545 2693 1629 2733 me
1663 2678 1844 2731 omnia
1884 2693 2038 2746 repe-

466 2780 603 2832 tere,
639 2784 979 2838 quagcunque
1009 2776 1101 2822 aut
1135 2769 1222 2823 ille
1247 2769 1453 2835 docuit,
1477 2775 1569 2822 aut
1593 2768 1668 2821 illi
1697 2767 2039 2821 didicerunt?

468 2876 594 2914 nam
627 2869 820 2930 praeter
843 2867 1062 2922 caetera,
1087 2861 1211 2914 illos
1237 2861 1309 2913 ita
1328 2861 1608 2915 veritatem
1642 2860 1892 2930 amplecti
1917 2860 2038 2914 hor-

465 2952 708 3014 tabatur,
746 2959 804 3004 ut
837 2967 903 3006 ne
944 2951 1068 3019 jure
1094 2950 1312 3020 quidem
1339 2951 1576 3022 jurando
1621 2952 1945 3023 indigerent,
1975 2968 2036 3007 ac

464 3045 637 3098 multo
669 3042 888 3114 quidem
928 3043 1110 3097 minus
1141 3043 1404 3113 perjurio.
1449 3045 1527 3096 Ita
1560 3059 1690 3098 vero
1721 3059 1780 3099 se
1835 3045 1942 3098 vita
1973 3061 2036 3099 ac

466 3135 710 3190 moribus
741 3148 1078 3204 comparare,
1119 3143 1173 3188 ut
1224 3135 1369 3204 quod
1400 3135 1663 3200 dicerent,
1707 3137 1855 3191 omni
1883 3136 2034 3205 jure-
2062 3121 2102 3177 (ἶ

461 3227 698 3297 jurando
726 3229 931 3282 certius
968 3227 1281 3289 haberetur,
1308 3229 1720 3298 progredientes
1747 3229 1814 3283 ad
1844 3230 1895 3284 id
1940 3247 2032 3286 us—

465 3335 574 3388 que
623 3316 890 3374 sermorris
919 3326 977 3370 ut
1010 3333 1107 3386 pro
1136 3317 1490 3374 aflirmatione
1529 3321 1789 3388 dicerent,
1817 3321 1989 3374 Etiam
2016 3341 2029 3375 :

465 3426 563 3480 pro
591 3412 897 3481 negatione,
923 3409 1042 3464 Non
1073 3429 1086 3463 :
1119 3418 1172 3464 et
1200 3428 1322 3465 cum
1356 3413 1581 3468 veritate
1608 3413 1916 3482 hujusniodi
1941 3430 2035 3468 νο·-

466 3505 623 3557 cibus
650 3511 955 3558 uterentur.
986 3504 1390 3573 lnterrogemus
1411 3493 1602 3574 igitur,
1639 3520 1800 3574 quam
1835 3505 2030 3574 proba-

467 3598 732 3651 bilitatem
775 3597 992 3658 habeat,
1017 3595 1208 3648 talium
1240 3594 1693 3649 documentorum
1729 3596 2027 3659 auditores,

467 3704 528 3742 ac
553 3690 730 3758 potius
749 3688 858 3757 jam
891 3687 1181 3756 magistros
1195 3685 1437 3748 effectos,
1457 3685 1723 3756 suspicari
1754 3688 2027 3748 mentitos,

465 3797 802 3851 quaecunque
839 3795 998 3835 suum
1043 3787 1430 3847 praeceptorem
1472 3778 1718 3833 effecisse
1755 3779 2032 3833 testificati

467 3871 630 3924 sunt?
660 3877 753 3923 aut
782 3885 944 3939 quam
980 3868 1313 3923 credibiliter
1352 3867 1576 3931 faciant,
1614 3869 1661 3922 si
1697 3877 1885 3938 putent
1908 3869 2029 3924 illos

465 3975 655 4014 omnes
689 3960 793 4014 sibi
821 3961 960 4012 inter
991 3975 1050 4013 se
1076 3959 1424 4014 consensisse
1457 3959 1510 4012 in
1544 3958 1860 4013 mendacio?
1890 3959 2028 4013 duo-

2138 1865 2458 1933 ἀποστερεῖν
2512 1863 2950 1934 προηγουμένους
2974 1901 2988 1925 ,
3043 1861 3442 1930 ἀμνησικάκως
3503 1861 3690 1931 φέρειν.

2139 1953 2248 2005 Καὶ
2287 1953 2339 2004 τί
2381 1970 2447 2024 με
2497 1954 2600 2026 χρὴ
2649 1955 2972 2020 συναγαγεῖν
3020 1952 3179 2004 πάνθ’
3217 1952 3320 2004 ὅσα
3347 1953 3375 2004 ὁ
3413 1953 3508 2021 μὲν
3536 1952 3696 2004 ἐδίδαο

2141 2063 2286 2108 σκεν,
2321 2047 2369 2098 οἱ
2409 2045 2452 2098 δ’
2502 2045 2799 2114 ἐμάνθανον
2825 2062 2838 2108 ;
2869 2043 3098 2115 παρῄνει
3139 2043 3183 2095 δ’
3219 2045 3406 2106 αὐτοῖς
3438 2044 3569 2114 πρὸς
3595 2045 3697 2105 τοῖς

2137 2139 2314 2199 ἄλλοις
2357 2138 2457 2206 τῆς
2485 2137 2739 2206 ἀληθείας
2783 2136 2954 2199 οὕτως
3001 2137 3238 2206 ἔχεσθαι,
3275 2137 3353 2199 ὡς
3397 2137 3518 2206 μηδ’
3554 2137 3697 2206 εὐορ-

2139 2230 2262 2291 κίας
2303 2229 2529 2291 δεῖσθαι,
2565 2228 2760 2282 πολλοῦ
2802 2228 2882 2280 δεῖ
2917 2231 3218 2300 ἐπιορκεῖν·
3271 2227 3698 2300 παρασκευάζειν

2136 2319 2192 2371 δὲ
2223 2319 2313 2371 τὸν
2357 2319 2554 2390 τρόπον
2603 2320 2800 2382 παντὸς
2838 2321 3000 2390 ὅρκου
3046 2321 3364 2390 πιστότερον
3408 2317 3696 2388 φαίνεσθαι,

2141 2413 2300 2483 μέχρι
2343 2412 2436 2464 τοῦ
2469 2410 2574 2464 Ναὶ
2607 2411 2700 2464 καὶ
2753 2413 2846 2464 τοῦ
2881 2411 2954 2464 Οὐ
2997 2411 3327 2482 χωροῦντας,
3364 2413 3461 2464 σὺν
3489 2409 3701 2480 ἀληθείᾳ

2137 2507 2248 2566 τοῖς
2299 2504 2504 2574 ῥήμασι
2548 2503 2878 2572 χρωμένους.
2920 2502 3186 2555 Πευστέον
3226 2503 3435 2565 τοίνυν,
3480 2486 3600 2553 τίνι
3641 2499 3700 2552 ἂν

2138 2593 2249 2663 ἐχοι
2286 2593 2443 2661 λόγον
2479 2593 2605 2656 τοὺς
2640 2591 2746 2646 τῶν
2796 2593 3004 2646 τοιωνδὶ
3044 2595 3342 2665 ἀκροατὰς,
3377 2595 3477 2664 ἤδη
3521 2593 3576 2645 δὲ
3616 2593 3701 2644 καὶ

2137 2681 2480 2743 διδασκάλους
2518 2680 2623 2733 τῶν
2657 2680 2831 2733 αὐτῶν
2868 2681 3068 2750 φύντας
3100 2683 3466 2753 μαθημάτων,
3501 2680 3698 2734 πεπλά-

2141 2772 2260 2826 σθαι
2312 2774 2586 2836 ὑπονοεῖν,
2637 2773 2735 2824 ὄσα
2789 2772 3185 2844 διαπράξασθαι
3242 2775 3336 2827 τὸν
3398 2772 3702 2827 διδάσκαλον

2138 2862 2540 2934 ἐμαρτύρησαν.
2571 2863 2633 2914 Τί
2674 2863 2814 2916 δὲτὸ
2849 2865 3071 2918 πιθανὸν
3098 2865 3189 2918 τοῦ
3220 2865 3470 2936 νομίζειν
3494 2863 3703 2935 συμφώ-

2137 2971 2242 3018 νως
2277 2954 2520 3017 ἅπαντας
2563 2955 2882 3024 ψεύσασθαι,
2926 2955 3134 3009 δώδεκα
3177 2956 3345 3021 ὄντας
3371 2958 3462 3010 τὸν
3485 2955 3704 3028 ἀριθμὸν

2137 3047 2260 3108 τοὺς
2302 3043 2604 3114 ἐκκρίτους,
2651 3043 3017 3114 ἐϐδομήκοντα
3055 3044 3110 3096 δὲ
3154 3045 3284 3108 τοὺς
3323 3044 3575 3108 λοιπούς;
3617 3040 3703 3104 οὒς

2138 3139 2229 3190 καὶ
2251 3137 2562 3190 ἀποστεῖλαι
2583 3137 2796 3204 λέγεται
2826 3136 2928 3189 άνά
2959 3136 3049 3188 δύο
3073 3137 3178 3207 πρὸ
3203 3137 3504 3208 προσώπου
3530 3135 3702 3198 αὐτοῦ,

2138 3230 2216 3290 εἰς
2251 3227 2424 3279 πάντα
2451 3226 2614 3278 τόπον
2641 3226 2733 3278 καὶ
2765 3224 2946 3295 χώραν
2982 3220 3040 3277 οὐ
3089 3225 3317 3295 ἔμελλεν
3364 3225 3528 3288 αὐτὸς
3562 3223 3705 3294 ἔρχε-

2140 3315 2281 3368 σθαι.
2339 3315 2477 3367 Ἀλλ’
2512 3315 2683 3378 οὐδεὶς
2725 3317 2868 3385 αἱρεῖ
2894 3313 3045 3381 λόγος
3095 3314 3448 3368 ἀπιστεῖσθαι
3495 3313 3707 3366 τοσοῦτο

2139 3404 2341 3474 πλῆθος
2390 3403 2601 3476 ἀνδρῶν
2632 3405 2828 3472 εὐσεϐῆ
2861 3406 2953 3456 καὶ
2981 3406 3173 3474 σεμνὸν
3223 3405 3340 3476 βίον
3391 3404 3703 3474 ἀσπασαμέ-

2141 3515 2266 3560 νων,
2303 3497 2396 3550 καὶ
2447 3497 2663 3550 πάντων
2718 3496 2814 3565 μὲν
2852 3497 2959 3548 τῶν
3007 3497 3219 3551 οἰκείων
3254 3498 3703 3568 ὠλιγωρηκότων,

2137 3591 2256 3643 ἀντὶ
2285 3591 2340 3642 δὲ
2374 3589 2482 3641 τῶν
2519 3588 2806 3657 φιλτάτων,
2845 3589 3100 3658 γυναικὸς
3140 3588 3306 3657 λέγω,
3354 3590 3450 3642 καὶ
3487 3588 3703 3649 παίδων,

2137 3684 2230 3735 καὶ
2255 3682 2454 3746 παντὸς
2493 3681 2705 3749 γένους,
2736 3681 2824 3733 τὸν
2867 3681 3149 3750 ἀκτήμονά
3181 3683 3389 3751 τρόπον
3425 3681 3706 3752 ἑλομένων,

2139 3775 2232 3828 καὶ
2260 3775 2357 3845 τὴν
2397 3776 2523 3846 περὶ
2560 3773 2653 3827 τοῦ
2691 3772 3008 3826 διδασκάλου
3043 3774 3352 3843 μαρτυρίαν
3404 3773 3704 3844 σύμφωνον,

2134 3865 2209 3930 ὡς
2236 3868 2328 3935 ἀφ’
2354 3866 2471 3930 ἐνὸς
2510 3867 2792 3936 στόματος,
2828 3867 2907 3928 είς
2931 3866 3135 3927 πάντας
3165 3865 3500 3937 ἀνθρώπους
3534 3865 3708 3933 ἐξενη·

2137 3959 2386 4027 νοχότων.

468 4051 642 4104 decim
673 4050 889 4119 quidem
932 4049 1000 4104 de
1039 4051 1187 4103 omni
1238 4065 1465 4104 numero
1491 4051 1715 4114 electos,
1748 4053 2088 4121 septuaginta
2131 4062 2308 4104 autem
2338 4051 2617 4121 reliquos?
2655 4052 2804 4117 Quos
2837 4051 2995 4104 etiam
3035 4050 3193 4104 binos
3243 4051 3474 4106 misisse
3518 4050 3709 4103 dicitur

471 4152 594 4195 ante
625 4141 814 4193 faciem
846 4156 1021 4206 suam,
1054 4141 1121 4193 ad
1165 4156 1378 4194 omnem
1434 4141 1608 4195 locum
1643 4151 1696 4196 et
1724 4145 2020 4213 regionem,
2057 4160 2166 4211 quo
2193 4151 2310 4198 erat
2337 4145 2452 4214 ipse
2509 4153 2792 4200 venturus.
2820 4142 2924 4196 Sed
2958 4143 3106 4195 nulla
3141 4157 3394 4210 unquam
3461 4143 3710 4196 afferetur

470 4235 630 4297 ratio,
660 4248 829 4302 quare
863 4242 1026 4287 tantae
1067 4233 1398 4287 multitudini
1431 4235 1708 4289 hominum
1758 4237 2090 4292 credendum
2131 4254 2240 4292 non
2281 4239 2373 4301 sit,
2409 4238 2499 4308 qui
2538 4236 2757 4308 quidem
2806 4235 3112 4304 religiosam
3166 4249 3514 4303 gravemque
3551 4234 3708 4286 vitam

470 4326 701 4395 amplexi
741 4327 871 4389 sint,
931 4341 1125 4394 resque
1172 4342 1362 4380 omnes
1420 4345 1548 4383 suas
1585 4331 1880 4398 aspernati,
1907 4341 1961 4386 et
1991 4347 2090 4401 pro
2123 4333 2482 4394 charissimis,
2520 4347 2707 4391 uxore,
2742 4329 2990 4399 inquam,
3022 4335 3077 4382 et
3125 4328 3324 4382 liberis
3359 4338 3416 4382 et
3447 4328 3598 4383 omni
3625 4340 3711 4394 ge.

467 4433 617 4478 nere,
662 4418 875 4485 inopem
909 4417 1113 4472 victum
1155 4418 1434 4486 elegerint,
1456 4435 1519 4474 ac
1548 4421 1614 4475 de
1642 4437 1742 4476 suo
1776 4433 2106 4493 prteceptore
2138 4441 2369 4480 concors
2401 4423 2790 4486 testimonium,
2827 4429 3083 4490 tanquam
3117 4434 3226 4473 uno
3271 4435 3396 4486 ore,
3427 4421 3486 4475 in
3532 4433 3713 4473 omnes

467 4511 712 4568 homines
744 4511 1083 4579 protulerint.

537 4601 793 4672 Princeps
817 4603 980 4673 igitur
1005 4603 1118 4658 haec
1143 4614 1196 4659 et
1221 4606 1391 4674 prima
1410 4613 1463 4659 et
1492 4623 1616 4662 vera
1635 4608 1706 4662 sit
1734 4610 1895 4664 ratio.
1924 4607 2029 4662 Sed
2067 4616 2108 4669 ι)

465 4696 792 4748 contrariam
821 4711 1037 4765 quoque
1075 4707 1382 4765 spectemus
1417 4719 1429 4754 :
1469 4701 1520 4753 in
1550 4715 1653 4768 qua
1692 4701 1881 4755 saltem
1913 4701 2026 4770 pri-

464 4802 610 4840 mum
630 4787 760 4841 illud
777 4795 1009 4854 constet,
1025 4788 1289 4855 nobisque
1305 4805 1424 4842 cum
1449 4791 1556 4844 illis
1569 4791 2028 4854 conveniat,hunc

464 4881 682 4951 quidem
726 4880 895 4936 fuisse
939 4893 1347 4952 praceptorem,
1387 4885 1508 4942 illos
1556 4902 1681 4940 vero
1705 4886 2023 4957 discipulos.

472 4971 625 5039 ιιι
656 4969 857 5024 Deinde
882 4973 1147 5040 fingamus
1177 4973 1324 5026 illum
1363 4990 1470 5028 non
1495 4991 1557 5028 ea
1589 4992 1708 5045 qua:
1734 4977 1847 5044 jam
1880 4977 2025 5031 dicta

465 5071 614 5123 sunt,
644 5062 916 5125 docuisse,
940 5062 1034 5115 sed
1070 5064 1175 5118 illis
1213 5065 1369 5134 plane
1408 5067 1686 5120 contraria
1719 5069 1918 5134 facere,
1941 5070 2025 5121 vi-

464 5155 660 5209 delicet
683 5164 872 5209 contra
903 5155 1065 5224 leges,
1101 5155 1262 5225 impie
1293 5157 1597 5227 injusteque
1656 5174 1836 5228 agere,
1871 5175 2034 5228 supe-

464 5261 608 5307 rare,
641 5249 871 5314 spoliare
919 5255 1162 5312 caeteros,
1191 5257 1244 5302 et
1277 5249 1321 5302 si
1373 5250 1501 5318 quid
1538 5251 1719 5312 aliud,
1785 5251 1928 5320 quod
1965 5251 2030 5305 ad

467 5335 724 5388 malitiam
762 5335 1049 5404 pertineat,
1075 5337 1181 5390 dici
1212 5347 1390 5407 potest
1423 5357 1436 5392 ;
1471 5340 1637 5392 latere
1681 5351 1860 5394 autem
1895 5340 2032 5396 iniis

473 5422 730 5478 omnibus
785 5425 995 5488 conari,
1051 5435 1100 5480 ct
1131 5426 1402 5496 ejusmodi
1458 5444 1636 5482 morcs
1689 5430 2034 5483 simulatione

467 5514 730 5569 doctrina:
751 5517 1037 5586 gravioris,
1070 5527 1122 5574 et
1144 5535 1284 5574 nova
1314 5522 1656 5592 professione
1692 5523 1912 5592 pietatis
1935 5521 2032 5576 ob~

536 5672 581 5704 “
608 5669 736 5726 Luc.
768 5688 821 5736 κ.
852 5673 906 5726 4.

2215 4603 2273 4655 ὐ
2337 4601 2433 4673 μὲν
2496 4596 2586 4654 οὖν
2647 4600 2833 4672 κύριος
2903 4598 2996 4651 καὶ
3057 4597 3274 4666 πρῶτος
3344 4600 3445 4653 καὶ
3517 4599 3713 4670 ἀληθὴς

2131 4696 2286 4772 λόγος
2340 4696 2423 4766 εἴη
2469 4694 2535 4746 ἂν
2586 4690 2757 4756 οὗτος.
2805 4690 3136 4761 Σκεψώμεθα
3177 4690 3233 4743 δέ
3285 4693 3385 4745 καὶ
3427 4693 3522 4746 τὸν
3569 4694 3714 4744 ἐναν-

2130 4787 2262 4840 τίον.
2314 4788 2492 4839 Ἔστω
2534 4785 2641 4856 γὰρ
2683 4787 2711 4836 ὁ
2764 4783 2860 4853 μὲν
2905 4783 3241 4846 διδάσκαλος,
3275 4785 3329 4836 οἱ
3362 4784 3423 4838 δὲ
3458 4783 3712 4856 μαθηταί.

2131 4875 2244 4931 Εἶθ’
2274 4879 2347 4940 ὠς
2381 4878 2437 4929 ἐν
2456 4875 2705 4929 ὑποθέσει
2739 4873 2915 4942 λόγου,
2951 4875 2978 4925 ὁ
3003 4873 3098 4944 μὲν
3122 4873 3195 4943 μὴ
3215 4873 3290 4926 τὰ
3307 4874 3716 4946 προλελεγμένα

2129 4971 2441 5032 διδασκέτω,
2490 4967 2558 5021 τά
2602 4966 2646 5018 δ’
2682 4965 2905 5027 ἐκείνοις
2961 4964 3195 5025 ἐναντία,
3242 4971 3600 5037 παρανομεῖν
3629 4967 3717 5035 δη-

2130 5064 2280 5134 λαδὴ,
2315 5063 2408 5115 καὶ
2442 5060 2676 5121 ἀσεϐεῖν,
2711 5058 2805 5111 καὶ
2838 5057 3058 5119 ἀδικεῖν,
3088 5057 3181 5109 καὶ
3208 5056 3591 5123 πλεονεκτεῖν,
3627 5060 3716 5112 καὶ

2126 5155 2462 5224 ἀποστερεῖν,
2499 5151 2588 5204 καὶ
2619 5150 2670 5202 εί
2701 5167 2753 5202 τι
2791 5150 2975 5220 ἓτερον
3009 5148 3176 5200 κακὸν
3217 5145 3448 5216 λέγοιτο
3471 5168 3486 5180 ·
3522 5149 3717 5214 λανθάέ

2126 5263 2234 5297 νειν
2285 5247 2329 5298 δ’
2373 5245 2464 5296 ἐπὶ
2515 5244 2647 5294 πᾶσι
2699 5242 2906 5304 τούτοις
2955 5237 3301 5303 σπουδάζειν,
3345 5242 3449 5294 καὶ
3491 5242 3554 5295 τὸ
3593 5238 3718 5311 ἦθος

2127 5336 2251 5406 μάλ’
2276 5335 2489 5403 εὐφυῶς
2537 5331 2962 5404 ἐπικρύπτεσθαι
3010 5330 3368 5401 προσχήματι
3402 5333 3613 5403 σεμνῆς
3645 5330 3719 5382 δι-

2125 5427 2418 5489 δασκαλίας
2471 5427 2564 5478 καὶ
2601 5425 2880 5486 εὐσεϐείας
2926 5421 3224 5490 ἐπαγγελίᾳ
3278 5425 3505 5495 καινῆς.
3556 5424 3618 5475 Οἱ
3666 5419 3718 5472 δὲ

2125 5518 2295 5574 ταῦτα
2327 5517 2793 5589 μετερχέσθωσαν,
2838 5516 2932 5568 καὶ
2977 5512 3045 5565 τὰ
3076 5511 3288 5568 τούτων
3325 5513 3414 5569 ἔτι
3445 5513 3719 5586 μοχθηρό·
