3880 6256
227 361 317 415 201

1116 347 1774 410 DEMONSTRATIONIS
1814 345 2269 402 EVANGELICJE
2310 346 2439 402 LIB.
2480 344 2568 400 111.

3339 349 3448 406 20%

227 486 366 540 τερα,
398 468 484 522 διὰ
514 468 571 521 τὺ
617 467 851 540 προαλὲς
892 469 995 538 τῆς
1031 468 1228 532 κακίας
1273 469 1366 523 καὶ
1405 467 1771 521 αὐτοδίδακτον

1888 472 2083 534 legere.
2128 463 2235 533 Ipsi
2289 479 2418 518 vero
2457 463 2712 534 discipuli
2759 473 2813 518 et
2867 462 2953 520 his
2973 473 3352 535 exerceantur,
3393 479 3448 524 et

226 561 406 630 αὐτῆς·
449 559 538 611 ἐπὶ
581 558 721 628 μέγα
764 559 820 611 δὲ
859 558 1115 622 πλαστοῖς
1160 560 1399 630 ῥήμασιν
1448 557 1780 628 ἐπαιρόντων

224 654 303 708 τὴν
331 651 658 714 διδάσκαλον,
704 650 932 722 μηδενὸς
962 649 1191 720 ψευδοῦς
1237 648 1538 719 φειδόμενοι
1579 648 1736 715 λόγου
1762 663 1775 676 ’

225 743 385 796 πάντα
416 743 474 794 δέ
493 740 639 811 αύτῷ
672 741 740 795 τὰ
774 741 1050 813 παράδοξα
1083 741 1176 794 καὶ
1209 741 1306 804 τὰς
1338 739 1780 812 θαυματουργίας

223 833 598 904 πεπλασμένως
626 833 1061 903 ἐπιγραφὸντων,
1096 834 1171 896 ὡς
1207 832 1273 886 ἂν
1307 832 1668 903 θαυμάζοιντο
1689 833 1781 884 καὶ

223 927 376 990 αὐτοὶ,
418 925 513 979 καὶ
550 925 952 997 μακαρίζοιντο,
989 922 1076 980 οἷα
1114 925 1350 997 μαθηταὶ
1389 924 1594 978 τοιοῦδε
1626 924 1779 993 γενέ-

222 1018 327 1073 σθαι
352 1016 668 1087 ἠξιωμένοι.
714 1017 849 1088 Φέρε
885 1014 977 1070 οὖν
1013 1017 1232 1088 ἴδωμεν,
1273 1019 1321 1070 εί
1359 1017 1586 1070 τοιοῖσδε
1631 1011 1780 1069 οὖσιν

219 1111 386 1173 αὐτοῖς
429 1109 691 1179 συστῆναι
733 1105 843 1161 οἶόν
879 1126 941 1162 τε
977 1105 1046 1180 ἦν
1093 1109 1154 1163 τὸ
1199 1109 1554 1180 ἐπιχείρημα.
1608 1107 1781 1178 Κακῷ

217 1201 272 1274 δὴ
299 1200 461 1255 κακὸν
485 1199 546 1253 ού
573 1217 736 1270 φασιν
764 1196 902 1254 εἶναι
931 1201 1104 1269 φίλον,
1140 1200 1255 1254 ἀλλ’
1287 1199 1406 1254 οὐδὲ
1434 1199 1640 1270 ἀγαθῷ.
1671 1199 1777 1252 Πό-

223 1292 301 1345 θεν
325 1287 416 1346 οὖν
449 1294 505 1346 ἐν
535 1292 729 1363 πλήθει
769 1292 997 1346 τοσῶνδε
1037 1291 1242 1362 ἀνδρῶν
1269 1295 1301 1364 ἡ
1329 1292 1437 1344 τῶν
1476 1291 1660 1344 κακῶν
1689 1290 1778 1344 εὖ·

225 1400 368 1456 ρηται
401 1385 724 1455 συμφωνία;
760 1384 921 1436 πόθεν
953 1385 986 1454 ἡ
1017 1383 1144 1455 περὶ
1171 1382 1276 1436 τῶν
1314 1382 1490 1436 αὐτῶν
1523 1384 1580 1435 ἐν
1614 1384 1778 1436 πᾶσιν

219 1476 382 1539 αὐτοῖς
413 1477 698 1546 ὁμόφωνος
747 1475 1053 1546 μαρτυρία;
1089 1475 1120 1544 ή
1171 1474 1330 1544 μέχρι
1377 1473 1604 1528 θανάτου
1649 1477 1778 1543 ὁμο·-

216 1565 471 1638 φροσύνης
502 1567 658 1636 ἀνδρὶ
701 1567 757 1620 δὲ
786 1567 941 1636 γόητι
972 1567 1148 1620 τοιάδε
1191 1565 1661 1636 ἐπαγγελλομένῳ,
1693 1567 1778 1629 τίς

217 1660 272 1710 ἂν
315 1657 409 1729 τὴν
460 1657 638 1728 ἀρχὴν
674 1657 944 1728 προσέσχε
988 1656 1078 1709 τὸν
1129 1655 1287 1720 νοῦν;
1327 1657 1515 1719 Εἶποις
1557 1656 1643 1722 ἂν,
1695 1657 1775 1708 ὅτι

213 1748 384 1818 γόητες
410 1749 572 1800 αὐτοὶ
603 1748 753 1800 οὐδὲν
784 1744 944 1820 ἦττον
972 1747 1064 1800 τοῦ
1109 1745 1418 1817 καθηγητοῦ
1457 1744 1614 1816 ἦσαν.
1649 1743 1774 1817 'Ap‘

213 1835 292 1893 οὖν
320 1839 424 1892 οἶδε
468 1839 536 1892 τὸ
560 1839 710 1902 τέλος
761 1839 823 1891 ού
861 1838 1273 1910 συνεωράκεσαν
1305 1838 1399 1890 τοῦ
1437 1838 1774 1902 διδασκάλου,

212 1931 293 1982 καὶ
320 1929 412 1999 οἴῳ
447 1929 690 2000 κέχρητο
727 1916 971 1999 θανάτῳς
1009 1930 1072 1982 Τί
1107 1929 1242 1999 δῆτα
1279 1925 1371 1982 οὖν
1416 1931 1508 1984 καὶ
1543 1931 1678 2001 μετά
1715 1932 1776 1984 τὸ

214 2023 466 2091 αἴσχιστον
514 2025 692 2075 ἐκεῖνο
722 2021 872 2086 τέλος
925 2020 1091 2075 αὐτοῦ
1135 2023 1423 2092 ἐπέμενον,
1456 2023 1546 2077 τὸν
1590 2026 1648 2076 ἐν
1685 2041 1774 2077 νε-

214 2118 344 2184 κροῖς
376 2114 781 2183 θεολογοῦντες,
818 2115 886 2168 τά
921 2114 1012 2168 ῐσα
1063 2114 1283 2176 παθείνς
1319 2116 1427 2168 Καὶ
1455 2117 1538 2180 τίς
1569 2115 1774 2171 τώποτ’

213 2210 285 2260 ἐπ’
309 2208 485 2261 οὐδενὶ
523 2208 666 2278 λόγῳ
695 2207 960 2280 πρόδηλον
992 2207 1165 2261 ἕλοιτο
1196 2208 1450 2280 τοιαύτην
1473 2211 1771 2282 τιμωρίαν;

213 2299 307 2353 Καὶ
339 2302 442 2370 μὴν
481 2300 719 2354 δεδόσθω
751 2303 913 2372 τιμᾷν
950 2301 1110 2354 αὐτὸν
1151 2303 1373 2355 συνόντα
1408 2302 1485 2354 ἔτι
1519 2303 1609 2355 καὶ
1648 2320 1773 2358 συνς-

212 2389 559 2461 διατρίϐοντα,
592 2392 684 2446 καὶ
710 2393 776 2445 δι’
812 2392 1024 2463 ἀπάτης
1057 2393 1270 2457 αὐτοὺς,
1301 2393 1378 2457 ὼς
1405 2394 1469 2448 ἂν
1501 2395 1634 2464 φαίη
1667 2411 1770 2458 τις,

212 2481 616 2536 ἀποπλανῶντα.
649 2484 713 2535 Τί
755 2480 867 2547 οὖν,
902 2484 984 2536 ὄτι
1033 2485 1125 2537 καὶ
1174 2485 1310 2554 μετά
1351 2485 1449 2553 τὴν
1497 2484 1768 2557 τελευτὴν,

213 2572 293 2625 καὶ
327 2573 458 2626 πολὺ
495 2574 698 2644 μᾶλλον
729 2575 848 2627 τότε
891 2576 925 2645 ἦ
961 2577 1220 2646 πρότερον
1247 2576 1409 2629 αὑτὸν
1448 2575 1770 2646 τεθνηκότα,

212 2665 592 2734 τετιμήκασινς
618 2665 739 2716 ἐπεὶ
805 2665 900 2719 σὺν
935 2664 1241 2734 ἀνθρώποις
1271 2665 1497 2734 μένοντα
1526 2667 1770 2735 λέγονται

213 2755 292 2806 καὶ
320 2755 673 2827 ἀπηρνῆσθαί
709 2773 858 2821 ποτε,
892 2758 981 2810 ὅτε
1016 2759 1164 2830 αὐτῷ
1194 2761 1262 2813 τὰ
1301 2759 1400 2830 τῆς
1442 2776 1504 2826 γε
1547 2760 1768 2813 ἐπιϐου-

212 2844 296 2914 λῆς
319 2848 685 2920 ἐσκεμώρητο.
717 2851 868 2904 Μετὰ
899 2851 954 2905 δὲ
987 2852 1047 2905 τὸ
1076 2853 1134 2919 ἐξ
1165 2850 1466 2922 ἀνθρώπων
1499 2851 1768 2919 γενέσθαι,

211 2935 437 3005 ἀσμένως
464 2939 627 2991 αὐτοὶ
653 2938 903 3011 θνήσκειν
940 2943 1137 3012 μᾶλλον
1168 2941 1416 3014 ᾑροῦντο,
1443 2943 1476 3013 ἢ
1508 2943 1608 3012 τῆς
1632 2945 1771 3014 ὑπὲρ

212 3026 353 3080 αὑτοῦ
389 3031 700 3100 μαρτυρίας
736 3031 948 3102 ἀγαθῆς
973 3032 1304 3096 ἐξίστασθαι.
1333 3035 1396 3086 Ei
1436 3033 1500 3105 δὴ
1538 3031 1632 3087 οὖν
1662 3053 1768 3106 μη-

1881 569 2044 624 quam
2082 553 2196 609 haec
2217 565 2365 617 sum,
2396 556 2559 610 etiam
2609 556 2983 626 nequioribus.
3017 555 3320 628 Propterea
3363 561 3447 614 vi-

1881 645 2075 701 delicet
2126 646 2272 716 quod
2315 661 2512 718 magna
2547 655 2631 702 est
2679 647 2746 701 ad
2779 649 3040 703 malitiam
3084 651 3402 720 proclivitas
3432 691 3449 714 ,

1880 752 2110 808 eamque
2143 739 2224 792 vel
2259 739 2410 793 nullo
2441 746 2774 810 prmeeptore
2799 740 3012 798 discere
3044 742 3205 800 facile
3225 754 3309 799 est
3343 763 3356 798 :
3393 746 3450 799 in

1881 831 2114 886 sublime
2142 847 2273 886 vero
2322 847 2481 886 suum
2534 841 2916 902 praeceptorem
2979 835 3123 890 lictis
3148 835 3329 891 verbis
3355 851 3452 892 ex-

1881 920 2097 982 tollant,
2152 921 2396 992 nullique
2456 922 2744 977 mendacio
2785 932 3056 993 parcant:
3106 926 3290 980 omnia
3321 942 3452 982 vero

1881 1011 1959 1063 illi
2016 1011 2278 1066 miracula
2305 1020 2359 1067 et
2391 1021 2663 1083 portenta,
2697 1029 2823 1068 cum
2873 1015 3241 1085 simulatione,
3296 1017 3451 1074 falsi-

1881 1108 2095 1171 taleque
2149 1103 2466 1166 ascribant,
2512 1111 2570 1157 ut
2603 1103 2704 1173 ipsi
2746 1119 2963 1174 quoque
2991 1106 3044 1160 in
3089 1107 3451 1164 admiratione

1881 1195 2204 1259 habeantur,
2238 1196 2493 1266 beatique
2521 1195 2863 1265 judiccntur,
2899 1198 2990 1270 qui
3021 1199 3288 1269 ejusmodi
3309 1218 3446 1271 pra:—

1878 1287 2116 1356 ceptoris
2160 1286 2412 1359 discipuli
2443 1290 2774 1345 exstiterint.
2827 1287 3121 1348 Videamus
3152 1293 3320 1363 igitur
3353 1295 3448 1365 qui

1878 1377 2115 1444 potuerit
2148 1376 2255 1433 illis
2292 1387 2398 1432 tam
2463 1380 2639 1434 audax
2688 1380 2982 1449 incoeptum
3029 1383 3366 1450 consistere,
3400 1387 3447 1440 si

1879 1470 2013 1522 tales
2044 1469 2212 1526 fuere.
2247 1471 2438 1539 quales
2464 1471 2727 1540 descripti
2757 1480 2905 1527 sunt.
2931 1472 3067 1527 Nam
3099 1475 3301 1528 malum
3331 1491 3448 1530 ma-

1880 1556 1952 1620 lo,
1980 1559 2156 1624 aiunt,
2204 1560 2440 1614 amicum
2474 1577 2582 1616 non
2621 1570 2746 1617 est:
2794 1579 2858 1618 ac
2888 1580 2957 1620 ne
3009 1566 3152 1621 bono
3202 1567 3442 1638 quidem.

1880 1649 2034 1706 Unde
2062 1651 2229 1721 igitur
2255 1651 2310 1705 in
2336 1660 2484 1706 tanta
2512 1654 2754 1709 virorum
2797 1657 3166 1725 multitudine,
3215 1674 3450 1716 concor-

1877 1741 1964 1796 dia
2018 1744 2239 1799 malitiae
2267 1755 2480 1816 reperta
2525 1749 2652 1801 est?
2684 1747 2826 1803 unde
2852 1749 2907 1803 in
2930 1750 3037 1805 illis
3072 1751 3349 1816 omnibus,
3379 1754 3446 1809 de

1880 1831 2072 1888 iisdem
2129 1835 2295 1890 rebus
2330 1851 2562 1891 concors
2593 1839 3011 1894 testimonium?
3058 1852 3112 1897 et
3137 1841 3325 1898 eadem
3351 1859 3447 1899 us-

1876 1941 1982 1995 que
2014 1926 2080 1980 ad
2104 1937 2331 1982 mortem
2386 1930 2656 1983 sententia
2685 1931 2709 1983 ?
2737 1931 2867 1986 Viro
2915 1941 3097 1988 autem
3149 1937 3445 2007 pratstigiis

1878 2017 2048 2070 utenti
2073 2025 2126 2072 et
2147 2017 2402 2086 fallaciis,
2434 2022 2529 2092 qui
2565 2023 2692 2076 talia
2729 2021 2982 2088 doceret,
3031 2039 3095 2080 ac
3122 2026 3252 2080 talia
3277 2027 3446 2097 proﬁ-

1876 2115 2102 2171 teretur,
2131 2111 2258 2180 quis
2288 2113 2356 2166 ab
2385 2113 2542 2168 initio
2588 2115 2889 2172 studuisset
2917 2116 2942 2169 ?
2974 2115 3154 2182 Dices,
3183 2118 3328 2189 quod
3355 2120 3446 2174 alii

1874 2217 2089 2274 quoque
2111 2203 2204 2258 illo
2234 2215 2564 2275 praeceptore
2593 2223 2700 2262 non
2727 2209 2909 2264 minus
2927 2212 3324 2284 praestigiarum
3355 2231 3452 2270 cu-

1875 2295 2022 2365 pidi:
2058 2310 2188 2366 ergo
2236 2297 2313 2350 illi
2362 2300 2716 2368 praeceptoris
2769 2301 2854 2355 sui
2916 2305 3122 2358 exitum
3153 2319 3262 2360 non
3295 2307 3447 2362 vide-

1874 2397 2002 2442 runt
2026 2389 2050 2441 ?
2070 2399 2126 2443 et
2149 2391 2297 2459 quali
2325 2389 2500 2446 morte
2523 2391 2688 2447 fuerit
2722 2393 2950 2450 affectus
2969 2396 2993 2448 ?
3012 2411 3113 2452 cur
3137 2399 3306 2468 igitur
3321 2408 3446 2469 post

1874 2480 2022 2535 illam
2042 2482 2414 2552 turpissimam
2445 2484 2591 2540 illius
2629 2501 2839 2552 necem,
2883 2487 2952 2542 de
2976 2503 3043 2543 eo
3075 2491 3169 2560 qui
3197 2499 3445 2547 mortuus

1879 2584 2022 2627 esset
2039 2589 2234 2629 novam
2251 2575 2576 2648 theologiam
2604 2579 3050 2635 constantissime
3071 2583 3442 2652 protulerunt,

1872 2677 1975 2718 nec
2005 2664 2074 2719 ab
2104 2667 2344 2736 inccepto
2370 2668 2633 2724 deterreri
2661 2671 2995 2739 potuerunt?
3020 2681 3112 2727 aut
3135 2674 3267 2744 quid
3291 2690 3355 2730 ex
3377 2690 3443 2731 ea

1872 2769 1932 2810 re
1964 2755 2182 2811 tandem
2213 2757 2469 2828 petebant
2491 2759 2514 2812 ?
2534 2776 2664 2814 num
2700 2770 2761 2815 ut
2805 2762 2996 2816 eodem
3026 2764 3296 2834 supplicio
3327 2764 3444 2819 alli-

1871 2854 2127 2902 cerentur
2151 2848 2174 2901 ‘l
2202 2847 2299 2904 sed
2329 2851 2452 2920 quis
2485 2851 2594 2906 ullo
2615 2867 2853 2922 unquam
2884 2862 3146 2924 tempore,
3182 2856 3329 2910 nulla
3348 2873 3445 2928 spe

1825 2937 1828 2939 Α
1871 2941 2150 3009 proposita
2179 2940 2449 3011 ejusmodi
2494 2944 2824 3014 supplicium
2878 2947 3229 3003 manifestum
3277 2949 3445 3021 elige.-

1872 3031 1997 3084 ret?
2048 3030 2317 3088 Caeterum
2374 3033 2569 3090 demus
2629 3035 2752 3091 illos
2796 3037 2949 3092 illum
2980 3053 3104 3094 esse
3131 3050 3444 3118 veneratus.

211 3117 284 3173 δὲν
312 3121 520 3188 ἀγαθὸν
552 3124 947 3190 συνεγνωκότες
975 3124 1051 3195 τῷ
1079 3125 1398 3196 διδασκάλῳ,
1429 3124 1503 3196 μὴ
1532 3125 1664 3196 βίον,
1694 3126 1768 3198 μὴ

1875 3126 2133 3194 quamdiu
2181 3140 2306 3180 cum
2357 3125 2492 3197 ipsis
2538 3137 2793 3185 versatus
2844 3139 3325 3203 counnoratusque
3347 3117 3442 3198 sit,

215 3209 440 3282 μάθημα,
479 3213 562 3284 μὴ
608 3213 828 3285 πρᾶξιν,
866 3215 939 3286 μὴ
971 3215 1130 3287 ἔργον
1161 3216 1398 3274 ἐπαίνου,
1429 3217 1597 3284 ἀξιον,
1634 3218 1769 3288 μηδὲ

215 3306 304 3374 μὴν
322 3309 462 3361 κατά
497 3325 554 3361 τι
583 3308 922 3380 ὠφελημένοι
956 3309 1140 3374 αὑτοῦ,
1170 3309 1203 3382 ἢ
1235 3311 1358 3364 ὅσον
1385 3311 1644 3384 πονηρίαν
1677 3312 1770 3365 καὶ

209 3397 396 3469 ἀνδρῶν
441 3400 680 3470 πλάνην,
715 3399 833 3464 πῶς
865 3400 1124 3472 ἔθνησκον
1147 3402 1440 3473 προθύμως
1483 3404 1552 3458 τά
1598 3405 1769 3474 σεμνά

211 3493 290 3543 καὶ
309 3491 532 3558 ἐπίδοξα
565 3493 695 3564 περὶ
717 3493 879 3546 αὐτοῦ
915 3494 1334 3566 μαρτυροῦντες,
1363 3495 1536 3566 παρὸν
1555 3495 1769 3565 ἑκάστῳ

214 3576 298 3646 ζῇν
333 3584 730 3654 ἀπραγμόνως,
774 3586 868 3638 καὶ
911 3587 1004 3639 ἐπὶ
1037 3587 1136 3658 τῆς
1165 3587 1369 3652 οἰκείας
1414 3586 1596 3651 ἑστίας
1631 3587 1770 3659 μετά

213 3667 303 3720 τῶν
339 3671 614 3740 φιλτάτων
642 3676 734 3728 τὸν
761 3677 1039 3731 ἀκίνδυνον
1071 3677 1278 3747 διάγειν
1305 3677 1454 3747 βίον;
1479 3678 1677 3732 Πλάνοι
1709 3679 1768 3732 δὲ

213 3761 383 3834 ἄνδρες
426 3767 530 3820 καὶ
574 3768 883 3834 ἀπατεῶνες
925 3770 1041 3834 πῶς
1086 3770 1368 3841 ἀγαπητὸν
1409 3769 1640 3841 ἡγοῦντο
1677 3770 1768 3823 τὸν

213 3851 334 3924 ὑπὲρ
362 3856 554 3927 ἐτέρου
577 3856 824 3924 θάνατον,
847 3858 906 3912 δν
926 3858 1170 3930 ἀκρισῶς
1199 3858 1414 3913 πάντων
1438 3857 1637 3929 μᾶλλον
1661 3858 1770 3925 ἐγί-

214 3961 397 4001 νωσκον
417 3949 637 4013 οὐδενὸς
672 3952 768 4021 μὲν
798 3952 997 4016 αὐτοῖς,
1017 3952 1094 4015 ὡς
1118 3951 1184 4005 ἂν
1212 3951 1344 4024 φαίη
1373 3969 1476 4015 τις,
1506 3951 1766 4020 γεγονότα

213 4039 478 4108 Δι’τιιραίτιον
537 4041 764 4110 ἀγαθοῦ,
825 4044 1007 4113 πάσης
1055 4042 1110 4096 δὲ
1166 4043 1364 4106 κακίας
1412 4041 1764 4107 διδάσκαλονς

225 4127 369 4201 Ἀνὴρ
402 4133 505 4202 μὲν
544 4134 653 4205 γὰρ
697 4117 954 4205 λογισμοῦ
997 4135 1089 4188 καὶ
1119 4134 1322 4206 ἀρετῆς
1363 4133 1588 4205 μέτοχος
1628 4131 1766 4202 ὑπὲρ

214 4221 398 4289 ἀγαθοῦ
447 4223 876 4297 κατορθώματος
916 4226 1019 4280 κὲιν
1064 4227 1298 4296 εὐλόγως
1342 4227 1472 4280 ποτέ
1517 4227 1610 4280 τὸν
1650 4223 1766 4296 μετ’

215 4312 440 4380 εὐκλείας
488 4316 721 4371 θάνατον
759 4318 1101 4388 ὑπομείνειεν
1131 4335 1144 4348 ο
1181 4320 1210 4372 ὁ
1261 4319 1317 4372 δὲ
1369 4317 1638 4390 μοχθηρὸς
1676 4317 1767 4370 τὸν

215 4406 412 4476 τρόπον,
449 4409 756 4482 φιλοπαθής
793 4428 878 4474 τις
917 4413 1010 4465 καὶ
1043 4412 1318 4484 φιλήδονος
1359 4409 1457 4470 ὢν.
1505 4411 1673 4480 μόνην
1710 4409 1766 4462 δὲ

1874 3220 1930 3266 et
1947 3214 2207 3284 quamdiu
2241 3215 2469 3273 fallaciis
2496 3233 2613 3284 eos,
2644 3231 2704 3273 ut
2731 3234 2984 3276 sermone
3030 3221 3261 3277 istorum
3301 3232 3442 3289 utar,

1875 3304 2129 3376 decipere
2172 3307 2429 3378 potuerit.
2467 3308 2579 3364 Cur
2627 3311 2792 3382 igitur
2819 3321 2944 3382 post
2987 3323 3218 3369 mortem
3271 3317 3446 3371 multo

1875 3397 2051 3468 magis
2083 3413 2246 3468 quam
2298 3409 2463 3466 ante,
2500 3401 2654 3456 illum
2705 3401 2958 3458 admirati
3012 3405 3188 3460 sunt?
3224 3421 3349 3460 nam
3386 3407 3444 3462 in

1876 3487 2128 3545 humanis
2161 3490 2444 3561 degentem
2479 3499 2534 3547 et
2567 3493 2878 3550 deseruisse
2907 3503 2960 3550 et
2988 3497 3290 3568 abnegasse
3312 3498 3444 3553 olim

1873 3581 2150 3646 diduntur,
2203 3597 2327 3636 cum
2371 3583 2447 3637 illi
2481 3583 2730 3639 videlicet
2788 3586 3002 3641 insidiae
3067 3587 3222 3644 facta:
3289 3597 3440 3645 sunt.

1875 3668 2167 3740 Postquam
2201 3686 2330 3726 vero
2380 3668 2522 3726 inter
2580 3672 2829 3728 homines
2861 3690 2984 3729 esse
3017 3674 3198 3739 desiit,
3233 3679 3443 3733 alacres

1876 3758 1980 3829 ipsi
2007 3761 2144 3814 mori
2176 3761 2472 3827 malebant,
2503 3777 2667 3833 quam
2717 3778 2747 3817 a
2778 3780 2906 3819 vera
2948 3765 3016 3821 de
3053 3767 3147 3822 illo
3180 3767 3444 3824 testifica-
3487 3812 3495 3821 .

1873 3850 2020 3905 tione
2040 3852 2300 3906 amoveri.
2333 3850 2390 3906 Si
2419 3853 2584 3923 igitur
2612 3857 2930 3925 praeceptori
2963 3871 3064 3912 suo
3093 3859 3298 3915 nullius
3312 3860 3441 3915 boni

1873 3941 2082 3996 conscii
2113 3953 2290 4007 erant,
2341 3958 2450 3998 non
2485 3945 2630 4009 vitae,
2665 3962 2774 4001 non
2833 3947 3174 4018 disciplina,
3211 3965 3322 4006 non
3351 3966 3444 4007 ac-

1873 4033 2060 4099 tionis,
2091 4049 2201 4088 non
2231 4036 2415 4105 operis
2437 4037 2672 4106 alicujus
2704 4038 2918 4094 laudem
2952 4043 3232 4105 merentis,
3266 4058 3444 4114 neque

1873 4137 2003 4178 vero
2033 4123 2332 4194 quidquam
2381 4125 2450 4179 ab
2503 4126 2596 4180 illo
2629 4128 2980 4184 emolumenli
3037 4140 3440 4202 perceperant,

1873 4221 2068 4278 praeter
2099 4229 2260 4269 unam
2297 4216 2556 4271 malitiam
2606 4225 2662 4273 et
2707 4219 2938 4274 aliorum
2973 4221 3254 4277 hominum
3274 4224 3446 4281 dece-

1872 4303 2135 4371 ptionem,
2187 4305 2343 4376 112
2379 4323 2542 4377 quam
2573 4309 2645 4364 ob
2677 4324 2792 4364 rem
2819 4318 2928 4366 tam
2960 4321 3209 4384 prompte
3241 4315 3443 4370 morie-

1873 4393 2094 4460 bantur,
2123 4395 2420 4452 dummodo
2438 4397 2505 4453 de
2521 4399 2613 4454 illo
2634 4415 2824 4456 severa
2853 4403 3100 4472 quaedam
3124 4412 3180 4460 et
3205 4405 3441 4476 insignia

216 4495 299 4568 τὴν
336 4500 675 4572 πρόσκαιρον
717 4501 938 4570 ταυτηνὶ
976 4500 1141 4572 ζωὴν,
1187 4502 1280 4554 καὶ
1317 4499 1416 4564 τὰς
1448 4500 1566 4552 κατ’
1601 4498 1769 4568 αὐτὴν

1875 4485 2234 4555 praedicarent
2261 4488 2286 4541 ?
2324 4505 2448 4544 cum
2476 4489 2694 4545 interim
2727 4493 2946 4548 illorum
2976 4495 3275 4569 unicuique
3307 4497 3441 4553 lice-

215 4587 525 4656 ἡδυπαθείας
555 4592 920 4660 μεταδιώκων,
943 4594 1042 4646 οὐκ
1063 4592 1127 4644 ἀν
1146 4608 1276 4645 ποτε
1297 4591 1467 4644 ἐλοιτο
1498 4589 1602 4660 πρὸ
1626 4589 1772 4660 ζωῆς

220 4673 444 4747 θάνατον,
489 4683 602 4737 οὐδ’
635 4684 777 4756 ὑπὲρ
809 4685 1022 4737 οἰκείων
1060 4684 1154 4738 καὶ
1201 4683 1470 4753 φιλτάτων
1501 4681 1770 4754 τιμωρίας

220 4765 532 4841 ὑπομείνειε,
560 4776 754 4846 μήτιγε
771 4775 909 4847 ὑπὲρ
941 4775 1033 4828 τοῦ
1062 4776 1370 4848 φαυλότητα
1392 4775 1771 4845 κατεγνωσμέ-

223 4873 318 4910 νους
363 4863 488 4929 Πῶς
532 4862 626 4920 οὖν
670 4869 720 4920 οἱ
752 4866 843 4920 τοῦ
887 4867 1218 4938 δηλουμένου
1269 4867 1524 4938 μαθηταὶ,
1563 4867 1614 4919 εί
1663 4865 1770 4938 ἄρα

225 4947 404 5015 πλάνος
433 4951 500 5022 ῆν
532 4957 628 5010 καὶ
659 4958 813 5028 γόης,
839 4957 938 5011 οὐκ
965 4955 1284 5025 ἀγνοοῦντες
1325 4957 1488 5009 αὐτὸν
1510 4955 1768 5021 τοιοῦτον,

226 5039 342 5096 ἀλλὰ
368 5044 460 5097 καὶ
498 5044 672 5108 αὐτοὶ,
696 5051 896 5119 χείρονι
932 5049 1230 5120 μοχθηρίας
1252 5049 1439 5120 τρόπῳ
1469 5048 1566 5111 τὰς
1596 5047 1770 5118 ψυχὰς

228 5129 576 5204 ἐνεσχημὲνοι,
621 5135 889 5206 ὑπέμενον
937 5141 1073 5211 πρὸς
1119 5140 1227 5193 τῶν
1270 5137 1541 5210 ὁμοεθνῶν
1591 5138 1770 5201 πάσας

229 5223 410 5289 αἰκίας,
435 5229 529 5281 καὶ
555 5228 663 5282 πᾶν
690 5232 964 5302 τιμωριῶν
988 5230 1124 5296 εἶδος
1148 5234 1286 5304 ὑπὲρ
1309 5235 1410 5304 τῆς
1435 5231 1598 5286 αὐτοῦ
1629 5248 1772 5304 μαρ-

228 5313 396 5383 τυρίας
426 5316 795 5386 ἀναδέχεσθαι,
837 5319 939 5372 οὐκ
981 5320 1040 5373 ὃν
1069 5321 1231 5374 τοῦτο
1269 5320 1370 5391 τῆς
1401 5319 1512 5373 τῶν
1553 5318 1770 5388 φαύλων

229 5405 404 5457 οἰκεῖον
435 5406 682 5476 φύσεωςς
723 5409 842 5463 Ἔτι
873 5410 932 5464 δέ
969 5413 1062 5464 καὶ
1105 5413 1280 5482 τούτῳ
1317 5411 1580 5482 πρόσχες”
1619 5410 1668 5462 εἰ
1705 5409 1769 5480 δὴ

230 5495 311 5547 καὶ
334 5498 483 5550 αὐτοὶ
503 5498 691 5553 πλάνοι
721 5500 818 5553 καὶ
847 5501 1159 5565 ἀπατεῶνες
1185 5502 1500 5572 ἐτύγχανον,
1538 5499 1770 5571 πρόσθες

230 5581 268 5634 δ’
291 5586 366 5638 ὅτι
406 5587 498 5640 καὶ
528 5588 840 5642 ἀπαίδευτοι
873 5590 967 5647 καὶ
1008 5589 1286 5655 παντελῶς
1309 5590 1538 5654 ἰδιῶται,
1571 5589 1770 5660 μᾶλλον

229 5670 279 5726 δέ
301 5675 376 5728 ὃτι
393 5677 487 5729 καὶ
507 5677 791 5750 βάρϐαροι,
821 5680 915 5733 καί
937 5681 1035 5751 τῆς
1062 5681 1248 5755 Σύρων
1272 5683 1334 5736 οὐ
1367 5682 1528 5736 πλέον
1554 5682 1769 5735 ἐπαΐον-

231 5778 310 5827 τες
333 5768 528 5838 φωνῆς,
551 5771 648 5824 καὶ
679 5769 796 5833 πῶς
836 5771 927 5824 ἐπὶ
961 5774 1142 5827 πᾶσαν
1181 5775 1445 5846 προῆλθον
1475 5775 1570 5847 τὴν
1592 5775 1780 5853 οἰκου-⁹

523 5864 788 5925 Parum.
847 5863 966 5929 Gn.
1022 5863 1227 5928 XXII.

1872 4585 1955 4632 ret
1980 4579 2154 4635 otiose
2185 4579 2388 4645 vivere,
2413 4588 2468 4636 et
2497 4583 2552 4637 in
2585 4584 2808 4654 propria
2835 4585 2997 4640 domo
3036 4601 3145 4640 una
3175 4602 3300 4642 cum
3333 4587 3440 4644 sibi

1873 4669 2235 4734 charissimis.
2287 4673 2625 4729 securiorem
2683 4676 2856 4730 multo
2888 4677 3252 4747 tutioremque
3273 4681 3441 4736 vitam

1872 4774 2033 4830 agere
2061 4761 2084 4814 ?
2113 4760 2338 4819 fallaces
2363 4773 2543 4820 autem
2556 4765 2808 4822 homines
2836 4775 2890 4822 et
2924 4768 2979 4822 in
3008 4768 3298 4826 fraudibus
3317 4787 3442 4826 ver-

1872 4859 2081 4917 santes,
2113 4855 2389 4923 quomodo
2424 4855 2771 4914 affectassent
2796 4862 2936 4914 mori
2967 4875 3067 4930 pro
3096 4861 3238 4928 alio,
3278 4879 3444 4932 quem

1873 4943 1978 5012 ipsi
2005 4947 2248 5000 omnium
2275 4949 2557 5003 hominum
2611 4951 2846 5005 maxime
2879 4953 3294 5024 certissimeque
3343 4971 3443 5010 no-

1871 5033 2080 5089 vissent
2111 5035 2452 5107 ?pra:sertim
2508 5039 2599 5110 qui
2629 5039 2789 5109 ipsis,
2822 5047 2882 5093 ut
2909 5035 3184 5097 sermone
3209 5043 3440 5096 istorum

1873 5134 2018 5190 utar,
2041 5127 2247 5184 nullius
2270 5129 2398 5184 boni
2420 5139 2617 5186 auctor
2640 5133 2853 5197 fuisset,
2881 5133 2975 5188 sed
3011 5141 3204 5188 contra
3235 5134 3446 5200 potius,

1873 5218 2050 5274 omnis
2077 5218 2297 5274 malitiae
2324 5223 2759 5293 pmceptor?vir
2783 5225 2929 5281 enim
2951 5235 3006 5281 et
3034 5227 3439 5296 rationisjusun:

1872 5309 2101 5375 habens,
2138 5319 2194 5367 et
2234 5313 2435 5368 virtute
2465 5312 2747 5386 prmditus,
2782 5317 2908 5372 boni
2943 5318 3253 5388 cujuspiam
3283 5317 3442 5370 ollicii

1871 5402 2044 5470 gratia
2075 5418 2469 5475 nonnunquam
2524 5407 2878 5478 probabiliter
2906 5416 3132 5464 mortem
3167 5423 3292 5462 cum
3339 5408 3442 5462 ho—

1871 5501 2085 5550 nestate
2124 5505 2180 5550 et
2220 5499 2394 5567 gloria
2439 5499 2692 5555 subierit.
2747 5499 2852 5566 Qui
2875 5496 3004 5555 vero
3035 5499 3284 5554 moribus
3314 5515 3440 5569 per-

1871 5588 2044 5643 versis
2077 5589 2172 5650 sit,
2202 5599 2257 5644 et
2286 5590 2574 5647 affectibus
2630 5593 3111 5664 voluptatibusque
3155 5600 3301 5647 totus
3333 5591 3445 5644 de—

1873 5681 2042 5742 ditus,
2075 5683 2357 5754 solamque
2387 5685 2528 5740 hanc
2579 5687 2962 5757 temporariam
2992 5686 3183 5748 vitam,
3221 5691 3274 5738 et
3321 5697 3444 5753 quae

1874 5772 1942 5828 ad
1979 5788 2095 5828 cam
2147 5784 2393 5843 spectant
2448 5776 2700 5831 libidines
2734 5787 3065 5848 persequens
3093 5817 3108 5844 ,
3162 5787 3437 5843 nunquam

2963 5867 3000 5925 ’ἶ
