3880 6256
405 260 527 317 Ξυῖἵ

1044 261 1837 319 EUSEBILC/ESARIENSIS
1874 262 2026 318 OPP.
2075 262 2278 319 PARS.
2327 263 2481 320 ll.—
2522 265 3026 324 A‘POLOGETICA.

3546 276 3642 335 θοι

403 379 649 452 profecto
679 379 804 434 vitae
833 378 1061 435 mortem
1093 380 1473 451 praeposuerit,
1503 395 1664 436 acne
1706 380 1973 436 domesti-

2085 379 2287 451 μένην;
2324 380 2355 452 ἢ
2386 380 2515 451 ποίᾳ
2571 381 2730 435 τοῦτο
2760 381 2966 453 διανοίᾳ
3024 380 3433 455 ἐφαντάσθησαν
3459 387 3641 464 τολμῆ.

401 487 595 527 corum
627 471 869 542 quidem,
898 478 953 526 et
983 470 1434 526 charis‘simorum
1466 486 1631 527 causa
1657 473 1984 543 supplicium

400 566 611 631 tulerit,
654 565 851 620 nedum
876 578 974 635 pro
1004 579 1089 625 eo,
1122 564 1215 634 qui
1247 564 1505 634 nequitiae
1535 566 1608 620 sit
1640 565 1981 620 condemna-

402 665 516 715 tus.
554 658 726 725 Quam
769 672 898 729 ergo
918 656 1221 728 probabile,
1260 666 1321 713 ut
1350 659 1498 715 illius
1529 658 1597 715 de
1628 674 1740 730 quo
1772 659 1983 715 dictum

402 757 513 816 est,
563 748 842 818 discipuli,
893 751 943 803 si
975 747 1139 804 modo
1168 749 1259 804 ille
1294 748 1552 805 seductor
1590 750 1987 821 praestigiator-

404 858 515 913 que
544 841 664 906 fuit,
701 856 826 895 cum
861 841 1013 895 illum
1044 842 1205 897 talem
1242 857 1365 897 esse
1391 857 1502 897 non
1528 842 1866 913 ignorarent,
1900 850 1985 896 at—

400 950 510 1006 que
530 934 635 1004 ipsi
665 935 830 989 etiam
864 933 1196 1003 improbiore
1216 933 1402 1005 ﬂagitii
1429 949 1626 1006 genere
1650 934 1863 989 animos
1886 933 1985 987 ha-

400 1030 596 1085 berent
642 1027 960 1099 implicitos,
993 1042 1025 1081 a
1056 1043 1170 1084 suae
1198 1031 1377 1100 gentis
1406 1031 1542 1085 viris
1570 1029 1755 1086 omnia
1785 1029 1983 1101 probra

401 1121 545 1178 ferre
590 1136 701 1176 non
754 1122 1158 1185 recusaverint,
1193 1129 1248 1177 et
1276 1138 1439 1177 omne
1499 1121 1757 1193 supplicii
1810 1137 1983 1193 genus

399 1227 501 1286 pro
555 1213 870 1269 testimonio
906 1212 985 1267 illi
1019 1211 1297 1267 reddendo
1356 1213 1669 1268 subierint?
1702 1228 1810 1269 non
1849 1228 1985 1269 con-

397 1307 551 1360 venit
609 1305 711 1359 hoc
739 1319 865 1359 cum
899 1313 1097 1359 natura
1132 1305 1529 1374 improborum.
1569 1305 1886 1377 longissime
1913 1307 1983 1362 ab

399 1398 725 1471 ea‘rel‘ugit.
754 1399 1023 1454 Caeterum
1078 1399 1182 1455 hoc
1225 1415 1441 1471 quoque
1488 1393 1776 1471 diligenter
1800 1400 1984 1456 consi-

400 1490 582 1545 dera:
624 1507 746 1545 nam
795 1491 841 1546 si
898 1491 1002 1562 ipsi
1063 1500 1117 1545 et
1171 1492 1492 1548 seductores
1547 1500 1601 1547 et
1655 1492 1982 1564 impostores

399 1591 580 1646 erant,
616 1592 669 1638 et
694 1593 962 1654 praeterea
988 1584 1227 1654 imperiti
1250 1585 1582 1655 omninoque
1604 1585 1880 1655 vulgares,
1921 1594 1982 1639 ut

399 1681 637 1737 constat,
678 1675 812 1747 quin
842 1675 1007 1730 etiam
1043 1675 1284 1740 barbari,
1313 1682 1367 1731 et
1394 1677 1487 1748 qui
1518 1693 1625 1732 non
1660 1677 1782 1747 plus
1815 1692 1979 1748 quam

401 1766 663 1838 Syrorum
686 1767 926 1839 linguam
959 1779 1204 1831 inissent.
1227 1768 1504 1838 quomodo
1534 1769 1589 1823 in
1628 1776 1801 1823 totum
1851 1783 1982 1839 pro-

396 1860 571 1929 gressi
604 1870 734 1913 sunt
766 1869 1042 1916 terrarum
1078 1860 1267 1915 orbem
1297 1866 1321 1919 ἳ
1372 1862 1457 1914 vel
1486 1875 1593 1931 qua
1616 1848 1781 1916 ’istud
1809 1862 1983 1914 soler-

398 1955 473 2007 tia
494 1953 894 2023 excogitarunt,
926 1953 1115 2007 ausivc
1141 1961 1270 2009 sunt
1301 1955 1325 2007 ?
1352 1953 1556 2023 quibus
1584 1966 1750 2023 porro
1770 1951 1981 2008 viribus

396 2041 453 2095 id
495 2042 640 2113 quod
687 2042 807 2098 ausi
853 2050 981 2098 sunt
1024 2041 1379 2113 perfecerunt
1407 2044 1432 2096 ?
1473 2041 1603 2098 Esto
1629 2045 1798 2108 enim,
1831 2043 1982 2099 viros

395 2133 637 2190 rusticos
662 2133 716 2188 in
743 2144 890 2189 terra
913 2133 1134 2205 propria
1178 2143 1487 2202 versantes,
1518 2133 1772 2204 decipere
1803 2140 1859 2189 et
1884 2149 1982 2188 va-

393 2224 534 2296 gari,
565 2240 666 2280 nec
684 2226 862 2280 otiose
888 2232 983 2279 aut
1012 2225 1216 2280 frustra
1236 2240 1352 2281 rem
1381 2239 1584 2281 serere.
1607 2227 1677 2278 At
1692 2239 1822 2279 vero
1839 2226 1982 2296 apud

395 2324 588 2372 o'n‘utes
611 2332 808 2372 nomen
841 2315 971 2373 Jcsu
1006 2317 1328 2387 praedicare,
1352 2315 1807 2386 admirabiliaqtte
1822 2316 1983 2372 illius

392 2416 570 2479 gesta,
603 2419 656 2464 et
680 2409 738 2463 in
765 2410 998 2465 urbibus
1030 2416 1087 2461 et
1112 2409 1166 2462 in
1194 2409 1342 2479 agris
1365 2408 1565 2464 docere
1589 2427 1603 2464 :
1625 2418 1681 2464 et
1699 2409 1837 2465 alios
1859 2410 1983 2480 qui-

393 2501 518 2556 dem
549 2516 762 2567 eorum,
799 2501 1092 2572 imperium
1141 2499 1486 2564 Romanum,
1542 2501 1829 2571 ipsamque
1864 2516 1982 2555 om-

392 2594 546 2647 nium
590 2594 807 2650 urbium
858 2593 1103 2664 reginam
1163 2592 1441 2647 civitatem
1497 2590 1758 2648 invadere
1793 2609 1807 2646 :
1843 2592 1980 2646 alios

393 2684 689 2741 Persarum
716 2700 994 2756 .regnum,
1029 2684 1167 2741 alios
1194 2684 1606 2750 Armeniorum,
1650 2683 1987 2751 Parthorum,

397 2776 536 2832 alios
567 2778 893 2833 nationem:
946 2777 1076 2831 item
1123 2776 1261 2831 alios
1312 2774 1669 2848 Scytharum,
1713 2776 1980 2846 quosdam

396 2871 558 2924 etiam
576 2870 641 2924 ad
659 2871 811 2941 ipsos
838 2870 989 2926 orbis
1005 2878 1165 2924 terra}
1186 2869 1405 2925 venisse
1431 2869 1588 2935 ﬁnes,
1612 2868 1982 2938 Indorumque

397 2963 674 3033 regionem
709 2969 1065 3034 penetrasse:
1121 2963 1261 3018 alios
1299 2976 1464 3033 porro
1497 2972 1652 3018 trans
1700 2960 1979 3019 Oceanum

396 3054 663 3119 evasisse,
698 3053 765 3108 ad
800 3068 895 3109 eas
918 3055 1131 3109 insulas
1158 3069 1280 3123 quae
1317 3052 1648 3109 Britannicae
1664 3062 1976 3111 vocantur:
2010 3080 2052 3139 ο

399 3142 517 3198 haec
544 3156 677 3197 sane
705 3155 807 3211 ego
836 3155 1117 3210 nunquam
1166 3140 1410 3194 humana
1436 3141 1485 3193 vi
1523 3139 1715 3195 aﬁ‘ecta
1760 3149 1985 3211 putave-

396 3236 526 3299 rim,
552 3234 751 3290 nedum
779 3243 981 3290 conatu
1016 3232 1218 3289 levium
1234 3234 1653 3305 vulgariumque
1675 3233 1982 3301 hominum,

402 3327 662 3398 113‘ac
705 3327 876 3382 multo
927 3329 1111 3381 minus
1160 3326 1538 3393 seductorum,
1576 3325 1981 3395 praestigiisque

397 3422 688 3476 utentium.
719 3410 824 3487 Qui
868 3435 998 3475 vero
1053 3417 1406 3488 flagitiosum,
1452 3425 1849 3489 versutumque
1882 3417 1984 3471 du-

396 3520 604 3567 etorem
639 3509 857 3581 experti
882 3517 1089 3573 essent,
1131 3518 1185 3563 et
1209 3510 1329 3578 ejus
1387 3507 1594 3563 exitum
1639 3507 1767 3561 vita:
1817 3506 1981 3560 talem

397 3606 827 3676 perspexissent,
881 3603 1083 3673 quibus
1133 3602 1352 3656 tandem
1398 3601 1581 3656 verbis
1627 3614 1984 3669 assequeren-

396 3709 507 3761 tur,
541 3705 598 3751 ut
635 3694 783 3752 inter
815 3711 875 3752 se
904 3696 972 3751 de
1017 3696 1111 3750 illo
1145 3701 1517 3750 consentanea
1555 3692 1861 3764 ﬁngerent?
1905 3693 1982 3748 si-

395 3786 617 3857 quidem
648 3801 758 3839 uno
787 3800 883 3840 ore
915 3800 1108 3839 omnes
1138 3791 1193 3838 et
1227 3785 1571 3853 leprosorum
1604 3781 1978 3853 purgationes,

395 3890 452 3936 et
509 3879 809 3949 ejectiones
849 3878 1178 3940 daemonum,
1214 3884 1270 3931 et
1321 3875 1681 3930 exeitationes
1733 3880 1979 3928 mortuo-

397 3987 542 4032 rum,
562 3979 616 4027 et
647 3986 913 4026 caecorum
947 3971 1282 4032 sanationes,
1304 3974 1358 4021 et
1385 3967 1811 4021 innumerabiles
1842 3967 1978 4020 alias

395 4061 777 4132 aegrotantium
817 4060 1080 4124 medelas,
1111 4074 1247 4130 quas
1280 4060 1371 4113 ille
1400 4057 1755 4128 pnestiterat,
1786 4058 1980 4112 testiﬁ-

395 4154 709 4220 cabantur,
740 4165 1190 4225 postremumquc
1239 4151 1522 4213 omnium,
1583 4149 1729 4220 quod
1784 4151 1978 4220 primis

396 4248 503 4304 sibi
539 4256 664 4319 post
708 4253 963 4309 mortem,
996 4244 1207 4300 reditus
1238 4244 1385 4299 illius
1416 4245 1471 4298 in
1508 4243 1675 4298 vitam
1703 4242 1776 4299 sit
1802 4243 1973 4299 visus.

395 4338 522 4395 Hazc
549 4328 754 4409 itaque,
787 4353 964 4408 neque
990 4339 1130 4391 facta
1162 4351 1341 4406 neque
1365 4335 1550 4390 audita
1585 4350 1827 4406 unquam
1860 4335 1977 4390 suis

2089 487 2217 537 σαι;
2254 473 2381 544 ποίᾳ
2427 473 2483 527 δέ
2516 472 2742 545 δυνάμει
2784 474 2845 527 τὸ
2879 474 3227 546 ἐπιχειρηθὲν
3252 475 3642 548 ’κατώρθωσανς

2091 562 2273 616 Ἔστω
2324 564 2433 636 γάρ
2488 566 2583 618 ἐπὶ
2635 566 2737 636 τῆς
2790 565 2996 629 οἰκείας
3052 566 3157 637 γῆς
3220 567 3645 645 καλινδουμένους

2085 655 2379 727 ἀγροίκους
2408 657 2607 729 ἄνδρας
2630 658 2838 730 πλανᾷν
2867 659 2961 713 καὶ
2989 659 3312 726 πλανᾶσθαι,
3345 661 3437 714 καὶ
3463 663 3533 735 μὴ
3568 666 3644 735 ἐφ’

2085 750 2314 822 ἡσυχίας
2344 748 2629 820 βάλλεσθαι
2651 749 2714 803 τὸ
2741 751 2999 821 πρᾶγμασ
3035 748 3326 822 κηρύττειν
3352 750 3395 803 δ’
3421 754 3498 816 είς
3523 754 3642 808 πάν.

2082 859 2183 907 τας
2198 842 2259 896 τὸ
2274 841 2369 895 τοῦ
2411 840 2582 912 Ἰησοῦ
2610 841 2801 913 ὄνομα,
2831 842 2927 895 καὶ
2950 842 3048 905 τάς
3083 842 3414 914 παραδόξους
3437 845 3646 916 πράξεις

2084 935 2248 990 αὑτοῦ
2293 935 2438 989 κατά
2477 952 2539 989 τε
2583 935 2786 1007 ἀγροὺς
2821 935 2919 989 καῖ⁹
2974 934 3117 989 κατὰ
3159 935 3313 989 πόλιν
3358 936 3641 992 διδάσκειν·

2083 1029 2177 1083 καὶ
2199 1029 2325 1091 τοὺς
2358 1028 2458 1099 μὲν
2490 1027 2670 1082 αὐτῶν
2707 1028 2804 1100 τὴν
2841 1028 3129 1099 Ῥωμαίων
3153 1028 3327 1101 ἀρχὴν
3358 1031 3451 1083 καὶ
3490 1007 3648 1102 atme

2082 1139 2142 1173 τε
2185 1121 2285 1193 τὴν
2322 1120 2754 1191 βασιλικωτάτην
2786 1121 2940 1174 πόλιν
2984 1120 3294 1191 νείμασθαι,
3328 1123 3453 1187 τοὺς
3475 1122 3530 1176 δέ
3556 1124 3647 1195 τὴν

2084 1210 2332 1283 Περσῶν,
2357 1213 2482 1274 τοὺς
2507 1211 2563 1263 δὲ
2590 1211 2690 1280 τὴν
2727 1210 3049 1282 Ἀρμενίων,
3075 1212 3297 1281 ἐτέρους
3338 1213 3393 1267 δὲ
3425 1214 3485 1267 τὸ
3513 1215 3649 1285 Πάρ-

2084 1301 2192 1355 θων
2236 1301 2405 1364 ἔθνος,
2452 1302 2544 1356 καὶ
2582 1297 2650 1354 αὗ
2690 1300 2851 1356 πάλιν
2894 1301 2955 1354 τὺ
2999 1302 3248 1369 Σκυθῶν,
3283 1305 3434 1381 τινάς
3460 1306 3514 1360 δὲ
3554 1307 3647 1379 ἤδη

2083 1389 2176 1444 καὶ
2221 1392 2309 1443 ἐπ’
2353 1390 2493 1444 αύτά
2542 1390 2640 1461 τῆς
2679 1391 3002 1462 οἰκουμένης
3041 1391 3214 1448 ἐλθεῖν
3259 1395 3329 1449 τά
3373 1397 3534 1467 ἂκρα,
3565 1396 3649 1450 ἐπί

2080 1498 2141 1535 τε
2197 1482 2294 1554 τὴν
2350 1482 2525 1535 Ἰνδῶν
2577 1482 2779 1552 φθάσαι
2831 1483 3044 1556 χώραν,
3103 1488 3198 1540 καὶ
3254 1489 3473 1559 ἐτέρους
3520 1490 3651 1564 ὑπὲρ

2080 1572 2171 1628 τὸν
2213 1574 2464 1628 Ὠκεανὸν
2501 1575 2791 1647 παρελθεῖν
2832 1577 2927 1632 ἐπὶ
2967 1579 3068 1644 τὰς
3111 1579 3451 1652 καλουμένας
3498 1583 3653 1653 Βρετ-

2081 1666 2307 1729 τανικὰς
2335 1668 2549 1738 νήσους,
2580 1667 2750 1722 ταῦτα
2803 1667 2982 1722 οὐκέτ’
3037 1669 3211 1740 ἔγωγε
3245 1672 3484 1744 ἡγοῦμαι
3523 1675 3654 1728 κατᾶ

2084 1757 2368 1829 ἄνθρωπον
2401 1757 2559 1823 εἶναι,
2597 1760 2790 1831 μήτιγε
2825 1761 2966 1815 κατὰ
3012 1762 3247 1827 εὐτελεῖς
3294 1766 3391 1819 καὶ
3431 1765 3654 1829 ἰδιώτας,

2084 1850 2278 1905 πολλοῦ
2307 1852 2387 1906 δεῖ
2417 1855 2555 1908 κατά
2588 1856 2823 1921 πλάνους
2858 1857 2953 1910 καὶ
2982 1856 3200 1930 γόητας.
3237 1860 3302 1912 Οἱ
3331 1858 3390 1912 δὲ
3420 1859 3656 1913 διδασκά-

2084 1942 2177 1996 λου
2210 1943 2413 2014 φαύλου
2444 1946 2537 1999 καὶ
2564 1946 2936 2020 διαστροφέως
2968 1949 3393 2021 πεπειραμένοι,
3426 1951 3521 2004 καὶ
3544 1949 3659 2003 τού-

2083 2052 2175 2088 του
2209 2035 2306 2107 τὴν
2340 2036 2561 2092 ἔκϐασιν
2590 2039 2690 2111 τῆς
2720 2040 2978 2111 τελευτῆς
3016 2040 3459 2112 καθεωρακότες,
3493 2042 3659 2105 ποίοις

2084 2126 2192 2200 ἄρα
2217 2128 2394 2197 λόγοις
2420 2130 2719 2202 ἐχρήσαντο
2743 2132 2881 2205 πρὸς
2904 2134 3185 2205 ἀλλήλους,
3212 2136 3297 2199 εἰς
3318 2135 3381 2190 τὸ
3405 2135 3660 2207 σύμφωνα

2086 2219 2212 2290 περὶ
2255 2220 2420 2274 αὑτοῦ
2470 2221 2813 2290 πλάσασθαι;
2871 2224 2929 2291 ἐξ
2974 2225 3094 2288 ἐνὸς
3142 2225 3254 2298 γάρ
3306 2226 3572 2299 στόματος
3615 2227 3659 2281 οι

2086 2311 2304 2376 πάντες,
2340 2315 2436 2367 καὶ
2472 2314 2690 2388 λεπρῶν
2744 2316 3060 2390 καθάρσεις,
3107 2318 3201 2371 καὶ
3241 2318 3520 2391 δαιμόνων
3561 2319 3660 2371 ἀπ-

2085 2404 2326 2472 ελάσεις,
2375 2405 2582 2486 νεκρῶν
2613 2424 2674 2461 τε
2705 2408 3050 2474 ἀναϐιώσεις,
3098 2409 3298 2482 πηρῶν
3343 2427 3404 2463 τε
3447 2409 3663 2464 ἀναϐλέ·

2082 2497 2223 2564 ψεις,
2260 2498 2352 2549 καὶ
2389 2498 2587 2570 μυρίας
2618 2498 2781 2564 ἄλλας
2801 2501 3099 2555 νοσούντων
3125 2503 3304 2566 ἰάσεις
3333 2503 3476 2575 πρὸς
3505 2501 3663 2557 αὐτοῦ

2083 2586 2334 2654 γενέσθαι
2362 2588 2770 2662 ἐμαρτύρησαν,
2797 2592 2893 2645 καὶ
2920 2592 3013 2646 ἐπὶ
3040 2595 3172 2646 πᾶσι
3201 2595 3307 2665 τὴν
3340 2592 3508 2648 αὐτοῦ
3536 2592 3665 2663 μετά

2083 2677 2171 2731 τὸν
2214 2678 2442 2733 θάνατον
2475 2682 2770 2736 ἀναϐίωσιν
2816 2682 3055 2755 πρώτοις
3092 2688 3283 2751 αὐτοῖς
3326 2687 3663 2760 ἐωραμένην.

2084 2770 2270 2824 Ταῦτα
2297 2770 2427 2842 γάρ,
2454 2771 2527 2844 μὴ
2542 2774 2832 2846 γενόμενα,
2869 2776 2993 2848 μηδ’
3017 2777 3359 2833 άκουσθέντα
3392 2797 3500 2843 πω,
3531 2778 3664 2833 κατά

2083 2863 2208 2925 τοὺς
2240 2861 2419 2916 αὐτῶν
2462 2865 2686 2936 χρόνους
2731 2867 2851 2931 πῶς
2881 2868 2939 2936 ἐξ
2968 2870 3086 2934 ἐνὸς
3121 2872 3399 2943 στόματος
3430 2869 3667 2943 ἐμαρτύ-

2084 2968 2211 3022 ρουν
2226 2951 2527 3021 γεγονέναι,
2549 2954 2709 3027 μέχρι
2734 2957 2826 3009 καὶ
2877 2956 3107 3029 θανάτου
3159 2967 3525 3033 πιστοὺμενοι
3574 2960 3668 3029 τὴν

2076 3043 2393 3113 ¹ὁμολογίαν,
2436 3046 2486 3099 εί
2526 3046 2736 3118 μήποτε
2777 3047 2905 3120 ἄρα,
2946 3049 3299 3116 συνελθόντες
3331 3052 3670 3124 συνωμοσίαν

2085 3152 2144 3188 τε
2180 3134 2319 3189 κατά
2346 3136 2406 3188 τὸ
2433 3136 2566 3188 αὐτὸ
2596 3138 2974 3208 πεποιημένοι,
3011 3138 3285 3211 συνθήκας
3319 3141 3510 3196 ἔθεντο
3541 3141 3672 3216 πρὸς

2086 3227 2344 3300 ἀλλήλους
2375 3228 2705 3295 πλάσασθαι,
2734 3231 2828 3285 καὶ
2859 3231 3309 3302 καταψεύσασθαι
3344 3235 3455 3290 τῶν
3491 3235 3567 3307 μὴ
3587 3251 3675 3303 γε·

2084 3322 2356 3389 γονότων;
2388 3323 2481 3376 καὶ
2523 3322 2698 3387 ποίοις
2738 3325 2846 3396 ἀρα
2879 3323 3103 3381 πιθανὸν
3151 3329 3335 3382 εἰπεῖν
3369 3328 3673 3401 χρήσασθαι

2083 3413 2281 3476 αὐτοὺς
2324 3412 2502 3482 λόγοις
2548 3413 2638 3467 ἐπὶ
2676 3416 2796 3478 ταῖς·
2841 3415 3156 3488 συνθήκαις,
3199 3419 3251 3471 εί
3286 3421 3365 3491 μή
3402 3437 3538 3474 ποτε
3569 3422 3677 3481 τοῖς

2082 3507 2344 3571 τοιοῖσδε;
2379 3506 2605 3577 ’Ἄνδρες
2639 3507 2799 3577 φίλοι,
2827 3506 2918 3561 τὸν
2964 3507 3062 3579 μὲν
3092 3508 3155 3582 δὴ
3181 3508 3319 3581 χθὲς
3361 3514 3460 3566 καὶ
3492 3510 3675 3580 πρώην

2083 3597 2395 3661 ἀπατεῶνα,
2423 3599 2520 3653 καὶ
2574 3598 2784 3669 πλάνης
2843 3598 3188 3667 διδάσκαλον,
3226 3602 3326 3655 ὑπ’
3381 3599 3677 3671 ὀφθαλμοῖς

2083 3692 2338 3746 ἁπάντων
2368 3692 2526 3764 ἡμῶν
2554 3693 2653 3763 τὴν
2686 3691 2922 3764 ἐσχάτην
2963 3692 3345 3763 ὑπομείναντα
3381 3692 3674 3765 τιμωρίαν,

2080 3784 2228 3849 ὅστις
2255 3784 2385 3837 ποτὲ
2407 3779 2497 3856 ἦν,
2526 3785 2744 3839 πάντων
2767 3785 2928 3855 ἡμεῖς
2954 3783 3188 3856 μάλιστα
3212 3786 3477 3857 ἀκριϐῶς
3502 3787 3679 3857 ἴσμεν,

2081 3868 2168 3928 οἶα
2205 3876 2402 3946 μύσται
2428 3875 2537 3928 τῶν
2570 3876 2896 3948 ἀπορρήτων
2929 3875 3089 3930 αύτοῦ
3137 3879 3539 3949 γεγενημένοι·
3596 3895 3681 3929 σε-

2086 3968 2218 4038 μνὸς
2255 3968 2357 4038 μέν
2387 3986 2470 4033 τις
2501 3973 2613 4033 τοῖς
2638 3969 2850 4032 πολλοῖς
2880 3970 3213 4039 ἐφαντάζετο
3232 4010 3249 4034 ,
3298 3972 3401 4025 καί
3444 3989 3499 4024 τι
3527 3970 3683 4024 πλέον

2081 4059 2226 4131 ἔχειν
2252 4060 2404 4131 παρά
2431 4062 2554 4125 τοὺς
2582 4061 2809 4126 πολλοὺς
2844 4062 3082 4134 ἐφρόνει,
3112 4059 3274 4115 οὐδὲν
3301 4061 3362 4114 δὲ
3391 4062 3541 4133 μέγα
3567 4059 3683 4114 οὐδέ

2079 4153 2180 4222 τῆς
2209 4152 2557 4217 ἀναστάσεως
2602 4152 2749 4217 ἄξιον
2776 4154 3034 4223 ἐπήγετο,
3064 4157 3112 4207 εἰ
3144 4156 3219 4226 μή
3256 4171 3350 4218 τις
3378 4154 3443 4208 τὸ
3466 4152 3686 4224 δολερὸν

2079 4244 2175 4297 καὶ
2207 4243 2437 4298 ὓπουλον
2464 4244 2611 4313 λέγει
2650 4245 2744 4298 τοῦ
2777 4245 3000 4315 τρόπου,
3037 4246 3131 4299 καὶ
3162 4247 3230 4298 τὸ
3263 4246 3581 4319 διάστροφα
3611 4245 3686 4298 δι·

2079 4330 2234 4399 δάξαι
2272 4335 2421 4404 ἡμᾶς
2461 4334 2678 4399 αὐτοὺς,
2707 4336 2799 4388 τόν
2836 4352 2896 4389 τε
2935 4335 3002 4388 δι’
3037 4335 3261 4406 ἀπάτης
3309 4336 3510 4407 τῦφον.
3549 4331 3686 4389 Ἀνθ’

395 4435 754 4504 temporibus,
775 4431 1052 4503 quomodo
1079 4444 1187 4483 uno
1211 4445 1307 4484 ore
1339 4429 1483 4483 facta
1510 4428 1680 4484 fuiSse
1709 4427 1979 4482 aﬁirmare

2084 4418 2179 4489 ὧν,
2215 4425 2370 4497 φέρε,
2399 4425 2580 4493 δεξιὰς
2618 4425 2799 4490 δόντες
2827 4424 3098 4496 ἀλλήλοις,
3129 4426 3277 4497 ὁμοῦ
3321 4429 3539 4492 πάντες
3570 4442 3689 4480 συν-

394 4528 515 4582 ausi
542 4534 749 4591 essent,
786 4532 961 4579 morte
987 4538 1205 4597 quoque
1230 4521 1349 4592 ipsa
1383 4520 1805 4591 comprobantes
1830 4518 1977 4588 quod

394 4619 677 4677 dicerent?
707 4617 969 4688 numquid
1007 4618 1135 4671 olim
1160 4613 1443 4686 congressi
1477 4621 1532 4669 et
1570 4613 1979 4683 conSpiratione

395 4711 464 4763 ad
498 4710 641 4764 idem
693 4706 1042 4763 sentiendum
1104 4705 1269 4762 facta,
1306 4703 1486 4757 turdus
1531 4702 1675 4756 inter
1719 4715 1779 4755 se
1826 4698 1979 4769 pepi-

394 4809 613 4872 gerunt,
641 4814 749 4869 quo
776 4799 1048 4867 ﬁngerent
1079 4797 1584 4863 ementirentnrque
1607 4807 1671 4848 ea
1695 4807 1816 4861 qua:
1844 4804 1978 4847 nus-

395 4909 560 4963 quam
608 4891 749 4947 l‘acta
783 4889 1003 4945 essent?
1027 4897 1080 4943 et
1110 4889 1311 4959 quibus
1345 4885 1644 4941 verisimile
1684 4884 1834 4939 dictu
1869 4890 1976 4947 est,

396 4985 520 5040 illos
547 5000 669 5040 esse
700 4998 831 5038 usos
862 4982 1045 5037 verbis
1078 4982 1131 5035 in
1170 4979 1415 5035 latuere?
1444 4993 1573 5033 num
1604 4976 1832 5033 forsitan
1854 4977 1979 5030 tali-

394 5077 536 5132 bus?
566 5075 681 5130 Viri
741 5074 925 5136 amici,
962 5076 1251 5143 quisquam
1300 5072 1465 5126 fuerit
1503 5070 1597 5124 ille
1631 5070 1723 5139 qui
1757 5069 1872 5123 heri
1913 5084 1978 5123 ac

396 5184 571 5237 nuper
601 5166 919 5228 seducebat,
954 5178 1019 5218 ac
1040 5163 1377 5234 deceptionis
1408 5168 1523 5216 erat
1554 5160 1834 5231 magister,
1863 5159 1980 5229 qui-

397 5273 505 5329 que
536 5258 590 5310 in
621 5256 798 5311 oculis
832 5255 1078 5309 omnium
1112 5252 1317 5310 nostris
1346 5251 1649 5306 extremum
1673 5250 1823 5305 dedit
1848 5265 1979 5319 sup-

398 5349 646 5420 plicium,
680 5348 781 5416 ipsi
817 5346 1136 5416 planissime
1161 5343 1697 5413 exquisitissimeque
1730 5341 1974 5395 omnium

397 5441 674 5502 novimus,
711 5446 915 5509 utpote,
950 5440 1043 5509 qui
1083 5445 1137 5492 et
1167 5435 1444 5506 discipuli,
1467 5445 1525 5490 et
1561 5434 1709 5489 illius
1748 5446 1979 5488 arcano-

397 5548 520 5587 rum
568 5530 775 5587 consCii
825 5530 1134 5586 fuerimus:
1167 5528 1367 5597 dignus
1401 5527 1492 5582 ille
1536 5526 1757 5597 quidem
1795 5525 1977 5593 aliqua

388 5616 744 5682 veneratione
782 5640 811 5679 a
842 5622 1030 5680 multis
1068 5621 1416 5688 censebatur,
1448 5620 1544 5678 sed
1576 5628 1757 5676 tamen
1797 5619 1977 5674 omnis

2081 4516 2305 4589 θώμεθα
2329 4520 2458 4592 περὶ
2482 4518 2649 4573 αὐτοῦ
2682 4519 2971 4590 σύμφωνον
3003 4516 3326 4586 ἐξενεγκεῖν
3354 4520 3443 4585 εἰς
3484 4519 3692 4576 πάντας

2082 4608 2403 4683 ἀνθρώπους
2445 4611 2674 4684 πλάνην,
2722 4612 2816 4665 καὶ
2847 4612 3095 4681 λέγωμεν
3144 4612 3480 4684 ἑωρακέναι
3530 4606 3690 4663 αὐτὸν

2080 4703 2300 4772 τυφλοῖς
2327 4703 2388 4757 τὺ
2411 4703 2627 4774 βλέπειν
2654 4704 3069 4775 κεχαρισμένον,
3094 4703 3123 4756 ὃ
3151 4702 3345 4768 οὐδείς
3376 4703 3504 4760 ποθ’
3536 4699 3692 4773 ἡμῶν

2085 4794 2337 4866 ἱστόρησε
2355 4811 2368 4825 ο
2403 4795 2498 4850 καὶ
2528 4797 2732 4864 κωφοῖς
2758 4795 2857 4867 τὴν
2884 4794 3053 4866 ἀκοὴν
3084 4797 3434 4865 παρασχεῖν,
3464 4793 3496 4846 ὃ
3521 4788 3690 4849 οὐδείς

2083 4885 2202 4938 ποθ’
2231 4885 2388 4958 ήμῶν
2436 4887 2665 4958 ἤκουσε·
2709 4885 2940 4957 λεπρούς
2981 4902 3041 4938 τε
3079 4883 3422 4958 καθαρίσαι,
3469 4882 3569 4936 καλ.
3606 4897 3692 4935 νε-

2081 4979 2248 5050 κροὺς
2273 4980 2515 5050 ἐγεῖραι·
2548 4979 2642 5032 καὶ
2672 4976 2971 5049 συλλήϐδην
2995 4978 3192 5037 εἰπεῖν,
3224 4977 3267 5026 ἃ.
3300 4975 3453 5044 μήτε
3477 4973 3693 5044 εἴδομεν

2079 5072 2219 5143 πρὸς
2250 5072 2415 5125 αὐτοῦ
2461 5069 2792 5143 πραχθέντα,
2837 5071 2973 5142 μήτε
3024 5063 3366 5138 ἠκούσαμεν
3397 5066 3691 5137 λεχθέντα,

2077 5164 2250 5217 ταῦτα
2283 5165 2358 5228 ὼς
2394 5163 2610 5235 ἀληθῶς
2643 5161 3006 5236 πεπραγμένα
3046 5156 3494 5229 διατεινώμεθα.
3555 5157 3692 5211 Ἀλλ’

2079 5257 2201 5309 ἐπεὶ
2244 5257 2336 5309 καὶ
2378 5259 2412 5327 ἡ
2459 5255 2661 5327 ἐσχάτη
2696 5255 2860 5308 αὑτοῦ
2900 5251 3124 5322 τελευτὴ
3179 5250 3538 5323 περιϐόητον
3571 5250 3697 5320 ἔσχε

2085 5350 2180 5400 καὶ
2236 5346 2466 5417 διαφανῆ
2515 5346 2606 5399 τὸν
2653 5344 2901 5406 θάνατον,
2952 5343 3029 5405 ὠς
3075 5341 3148 5413 μὴ
3205 5340 3495 5399 δύνασθαι
3533 5342 3699 5397 αὐτὸν

2086 5435 2512 5506 ἐπικρύψασθαι,
2551 5435 2687 5490 ἀλλὰ
2727 5434 2822 5486 καὶ
2854 5430 3042 5485 τοῦτον
3083 5432 3258 5502 ἡμεῖς
3306 5432 3701 5508 ἀδιατρέπτως

2086 5528 2455 5600 ἐπιλυιῖψεθα,
2487 5526 2888 5601 μαρτυροῦντες
2911 5520 2971 5578 εὖ
3016 5523 3162 5596 μάλα
3198 5524 3479 5592 ἀναιδῶς,
3518 5528 3606 5581 ὅτι
3634 5525 3700 5592 δὴ

2088 5621 2253 5675 πᾶσιν
2286 5622 2419 5693 ἡμῖν
2458 5619 2597 5693 μετά
2636 5619 2698 5673 τὸ
2736 5620 2798 5672 ἐκ
2839 5615 3050 5688 νεκρῶν
3095 5614 3427 5675 ἀναϐιῶναι
3477 5615 3707 5690 συνεγέ-
