3880 6256
232 307 333 364 Ξῡὸ

1152 309 1809 371 DEMONSTRATIONIS
1848 310 2303 369 EYANGELICA‘Z
2344 313 2472 370 LIB.
2509 309 2601 370 Ill.

3378 311 3488 370 9.06

237 441 369 490 νετο,
401 424 593 492 ἑστίας
610 443 671 480 τε
695 428 790 482 καὶ
808 428 1015 500 τροφῆς
1046 431 1307 502 συνήθους
1330 428 1675 503 ἐκοινώνησε.
1702 432 1806 484 Φυ-

1912 430 2060 485 illius
2112 446 2267 486 mens
2320 440 2458 496 erat,
2495 439 2554 486 ut
2597 430 2747 485 omni
2792 443 2974 486 rerum
3018 443 3216 502 genere
3258 443 3484 487 cantet-os

232 516 509 572 λαττέσθω
536 518 582 571 δ’
622 522 757 591 ἡμῖν
785 523 918 574 πᾶσι
950 522 1011 575 τὸ
1047 523 1260 587 ἀναιδὲς
1289 524 1383 577 καὶ
1427 524 1807 597 άδιάτρεπτον,

234 609 441 679 μενέτω
463 609 520 663 δὲ
548 609 804 676 ἔκστασις
840 612 999 685 μέχρι
1033 613 1263 669 θανάτου
1284 632 1298 646 ·
1338 616 1392 669 τί
1422 616 1531 687 γὰρ
1563 617 1657 671 καὶ
1690 614 1810 669 ἄτο-

232 719 322 754 πον
356 701 503 773 ὑπὲρ
527 702 625 756 τοῦ
657 705 884 775 μηδενός
917 704 1312 780 ἀποθνήσκειν;
1341 707 1480 762 τίδὲ
1512 707 1607 761 καλ⁵
1628 707 1807 770 λυπεῖ,

233 792 457 863 μηδενὸς
491 794 715 863 εὐλόγου
742 796 923 870 χάριν,
950 798 1220 869 μάστιγας
1250 799 1342 854 καὶ
1373 799 1640 870 βασάνους
1668 799 1809 853 κατὰ

229 885 316 938 τοῦ
346 885 606 957 σώματος
633 888 850 960 λαϐεῖν;
880 895 927 947 εί
952 893 1009 949 δὲ
1034 892 1144 947 δέοι
1167 894 1259 948 καὶ
1280 894 1670 966 δεσμωτηρίων
1698 910 1808 946 πει-

232 977 446 1048 ρᾶσθαι,
478 980 717 1051 ἀτιμιῶν
753 1001 813 1037 τε
860 984 953 1039 καὶ
996 984 1205 1058 ὕϐρεων
1239 987 1381 1058 ὑπὲρ
1421 986 1635 1051 οὐδενὸς
1678 985 1809 1057 ἀλη-

231 1083 368 1148 θοῦς,
400 1086 499 1139 καὶ
531 1086 681 1140 τοῦθ’
714 1090 845 1160 ἡμῖν
876 1090 976 1162 ἤδη
1015 1092 1420 1165 μεμελετῆσθω.
1466 1089 1809 1162 Ψευδώμεθα

233 1176 293 1247 δὴ
323 1177 528 1243 πάντες
556 1179 694 1250 ὁμοῦ
725 1182 1053 1253 συμφώνως,
1084 1184 1177 1238 καὶ
1204 1182 1570 1256 πλαττώμεθα
1610 1184 1697 1236 ἐπ’
1725 1182 1809 1237 οὒ-

233 1278 371 1344 δενδς
422 1281 694 1353 ὠφελείᾳ,
736 1281 850 1336 οὗθ’
887 1285 1079 1356 ἡμῶν,
1112 1284 1236 1340 οὔτε
1265 1286 1373 1341 τῶν
1411 1285 1805 1357 ἀπατωμένων,

236 1370 346 1425 οὐδὲ
370 1371 477 1442 μὴν
504 1374 670 1427 αὑτοῦ
698 1374 791 1428 τοῦ
818 1376 884 1429 τά
907 1378 1078 1449 ψευδῆ
1105 1378 1239 1452 πρὸς
1272 1378 1428 1451 ἡμῶν
1458 1379 1808 1450 ὲκθειαξομέ-

239 1481 342 1518 νου.
388 1464 668 1539 Τείνωμεν
712 1469 769 1522 δὲ
815 1470 877 1523 τὸ
927 1471 1140 1541 ψεῦδος,
1191 1471 1267 1544 μὴ
1304 1473 1399 1526 ἐπὶ
1441 1474 1637 1544 μόνους
1681 1475 1808 1537 τοὺς

242 1558 524 1627 ὁμοεθνεῖς,
558 1561 696 1615 ἀλλὰ
727 1562 820 1617 καὶ
852 1564 933 1629 είς
975 1566 1182 1631 πάντας
1214 1565 1567 1639 προελθόντες
1600 1563 1808 1638 ἀνθρὼ-

245 1666 385 1715 πους,
426 1652 523 1706 καὶ
562 1654 855 1725 σύμπασαν
883 1656 981 1727 τὴν
1009 1658 1337 1729 οἰκουμένην
1368 1659 1807 1730 καταπλήσωμεν

244 1744 339 1798 τῶν
391 1746 520 1817 περὶ
564 1747 730 1801 αὐτοῦ
778 1749 1195 1820 συντιθεμένων.
1249 1749 1387 1822 Ἤδη
1442 1750 1500 1804 δὲ
1559 1749 1806 1803 ἐντεῦθεν

245 1838 611 1911 νομοθετῶμεν
644 1842 777 1895 πᾶσι
816 1844 927 1905 τοῖς
972 1840 1179 1897 ἔθνεσιν
1214 1842 1546 1915 ἀντίστροφα
1588 1845 1708 1906 ταῖς
1746 1842 1807 1909 ἐξ

247 1932 422 1997 αίῶνος
446 1937 574 2006 παρ’
610 1934 793 1999 αὐτοῖς
821 1936 949 2005 περὶ
979 1936 1088 1990 τῶν
1115 1937 1384 2009 πατρῴων
1429 1937 1565 1993 θεῶν
1602 1936 1801 2003 δόξαις.

247 2038 552 2108 Κελεύωμεν
589 2039 881 2110 Ῥωμαίοις
922 2040 1105 2105 αὐτοῖς
1140 2041 1423 2112 πρώτιστα
1462 2041 1681 2096 πάντων
1726 2042 1804 2114 μὴ

248 2129 408 2182 σέϐειν
436 2128 532 2193 οὓς
572 2129 802 2201 ἡγοῦντο
834 2130 989 2195 θεοὺς
1020 2135 1067 2185 οῖ
1110 2136 1472 2205 προπάτορες.
1508 2134 1807 2207 Παρίωμεν

245 2220 294 2273 δὲ
321 2222 408 2275 καὶ
443 2222 539 2275 ἐπὶ
567 2222 666 2293 τὴν
702 2222 947 2289 Ἐλλάδα,
991 2224 1086 2277 καὶ
1116 2228 1230 2288 τοῖς
1262 2226 1466 2278 τούτων
1507 2228 1689 2296 σοφοῖς
1715 2227 1808 2279 ἁν-

245 2314 671 2386 τικηρύττωμενο
744 2316 867 2387 μηδ’
932 2318 1260 2387 Αἰγυπτίους
1329 2319 1576 2390 ἀνῶμεν,
1651 2319 1808 2372 πολε-

248 2404 422 2475 μῶμεν
473 2407 533 2459 δὲ
588 2406 683 2461 καὶ
725 2409 851 2471 τοὺς
912 2409 1117 2462 τούτων
1180 2408 1369 2474 θεοὺς.
1437 2410 1513 2482 μὴ
1568 2411 1635 2465 τὰ
1681 2412 1811 2465 Μω-

247 2499 370 2563 σέως
404 2498 641 2571 πρόσθεν
687 2503 810 2554 κατ’
851 2502 1030 2555 αὐτῶν
1076 2504 1343 2573 γενόμενα
1383 2504 1805 2575 ἀνατεινόμενοι,

242 2591 325 2643 τὸν
359 2591 414 2644 δὲ
445 2591 540 2646 τοῦ
568 2593 840 2666 ἡμετέρου
867 2594 1186 2649 διδασκάλου
1233 2595 1482 2659 θάνατον,
1525 2596 1714 2668 ὥσπερ
1754 2614 1808 2649 τι

241 2681 518 2754 φόϐῃ-ερον,
545 2684 731 2748 αὐτοῖς
765 2686 1195 2751 ἀντιτάττοντες·
1231 2689 1326 2741 καὶ
1352 2687 1452 2758 τὴν
1486 2688 1579 2741 ἀπ’
1612 2688 1808 2751 αίῶνος

172 2764 177 2767 ’
242 2772 294 2837 ἐξ
317 2773 494 2829 αὐτῶν
530 2776 613 2838 εἰς
648 2776 857 2840 πάντας
899 2776 1220 2848 ἀνθρώπους
1266 2779 1634 2849 προελθοῦσαν
1681 2781 1810 2850 περὶ

240 2864 369 2919 θεῶν
409 2868 620 2939 φήμην,
663 2868 739 2939 μὴ
785 2871 1075 2940 ῥηματίοις
1114 2872 1208 2925 καὶ
1241 2872 1444 2939 λόγοις,
1483 2872 1708 2943 δυνάμει
1751 2873 1808 2927 δὲ

238 2958 324 3013 τοῦ
345 2956 750 3031 σταυρωθέντος
773 2962 1094 3017 διδασκάλου
1121 2964 1496 3036 καταλύωμεν.
1533 2964 1809 3037 Ἀπίωμεν

238 3051 324 3103 καὶ
358 3051 452 3104 ἐπὶ
487 3053 590 3124 τὴν
629 3053 794 3122 ἄλλην
837 3055 1111 3129 βάρϐαρον
1140 3058 1263 3128 γῆν,
1293 3060 1386 3111 καὶ
1418 3059 1483 3112 τὰ
1518 3059 1669 3130 παρὰ
1698 3062 1810 3122 τοῖς

238 3144 395 3196 πᾶσιν
442 3145 858 3216 άνατρέπωμεν.
914 3147 1252 3220 Προθυμίαις
1309 3150 1365 3203 δὲ
1418 3151 1606 3222 μηδεὶς
1652 3151 1879 3223 ήμῶνο

240 3231 527 3290 λειπέσθω⁸
555 3236 681 3290 οὔτε
710 3240 818 3311 γὰρ
843 3240 1036 3312 μικρὸς
1057 3243 1084 3294 ὁ
1104 3238 1262 3306 ἆθλος
1291 3243 1399 3296 τῶν
1425 3243 1808 3316 τολμωμένων,

242 3326 355 3380 ἐπεὶ
380 3327 456 3399 μὴ
480 3328 551 3381 τὰ
577 3332 810 3400 τυχόντα
842 3331 1070 3403 βραδεῖα
1099 3335 1246 3403 ἡμᾶς
1270 3335 1571 3403 ἐκδέξεται,
1606 3335 1720 3389 ἀλλ’
1754 3338 1810 3390 αί

241 3416 338 3469 ἀπὸ
370 3419 477 3471 τῶν
514 3423 647 3491 παρ’
674 3423 949 3488 ἑκάστοις,
983 3425 1059 3488 ὡς
1091 3426 1272 3489 εἰκὸς,
1316 3427 1495 3498 νόμων
1525 3429 1809 3501 τιμωρίαι,

240 3505 402 3579 δεσμὰ
429 3510 632 3584 δηλαδὴ
676 3515 771 3568 καὶ
810 3516 1031 3586 βάσανοι
1064 3519 1159 3571 καὶ
1194 3519 1456 3587 φυλακαὶ,
1487 3521 1599 3592 πῦρ
1629 3538 1686 3575 τε
1718 3524 1812 3576 καὶ

245 3600 470 3672 σίδηρος,
504 3607 600 3659 καὶ
626 3608 872 3678 σταυροὶ,
900 3610 995 3662 καὶ
1024 3609 1213 3683 θῆρες,
1241 3604 1316 3666 ὧν
1341 3613 1576 3683 μάλιστα
1609 3613 1813 3686 προθυ-

246 3709 453 3778 μητέον,
489 3714 735 3779 καὶτοῖς
774 3719 965 3781 κακοῖς
992 3718 1159 3790 ὁμόσε
1196 3721 1471 3790 χωρητέον
1507 3722 1813 3793 ὑπόδειγμα

242 3798 325 3851 τὸν
362 3799 684 3857 διδάσκαλον
727 3807 1102 3878 κεκτημένοις.
1134 3808 1200 3861 Τί
1232 3810 1342 3880 γὰρ
1374 3809 1577 3864 τούτων
1612 3810 1812 3878 γένοιτ’

243 3888 304 3943 ἂν
349 3894 589 3961 κάλλιον,
629 3897 859 3970 ἐχθροὺς
898 3901 992 3953 καὶ
1039 3900 1183 3965 θεοῖς
1222 3903 1318 3956 καὶ
1362 3902 1670 3974 ἀνθρώποις
1722 3903 1811 3957 ἐπ’

242 3981 408 4038 οὐδενὶ
469 3985 613 4058 λόγῳ
680 3989 1019 4060 καταστῆναι
1077 3994 1173 4045 καὶ
1213 3996 1420 4064 μήποτε
1466 3993 1619 4063 ἡδέος
1678 3994 1813 4046 ἀπο-

242 4069 425 4129 λαῦσαί
453 4094 622 4142 τινος,
653 4081 790 4151 μήτε
817 4080 925 4135 τῶν
950 4081 1217 4152 φιλτάτων
1242 4085 1490 4149 ὄνασθαι,
1515 4088 1652 4158 μήτε
1680 4104 1814 4158 χρη-

248 4166 421 4235 μάτων
452 4172 659 4241 τυχεῖν,
689 4174 826 4243 μήτε
852 4175 999 4239 τινὸς
1027 4176 1235 4244 ἀγαθοῦ
1262 4178 1321 4231 τὸ
1346 4180 1602 4251 παράπαν
1624 4180 1812 4234 ἐλπίδα

243 4260 560 4331 κτήσασθαι,
582 4263 707 4332 εἰκῆ
726 4264 784 4318 δὲ
805 4267 901 4319 καὶ
928 4265 1104 4339 μάτην
1130 4269 1434 4325 πλανᾶσθαι
1460 4273 1553 4325 καὶ
1582 4271 1811 4344 πλανᾷν;

245 4347 404 4405 Τοῦτο
433 4351 546 4423 γὰρ
578 4349 647 4423 ἦν
669 4353 734 4407 τὸ
762 4357 1062 4431 συμφέρον,
1095 4360 1189 4413 καὶ
1224 4360 1286 4414 τὸ
1314 4360 1572 4433 φέρεσθαι
1601 4362 1807 4428 ἐξεναν-

241 4455 353 4521 τίας
382 4461 515 4512 πᾶσι
539 4463 653 4523 τοῖς
673 4460 872 4527 ἔθνεσι,

244 4551 405 4622 παρέι
439 4555 609 4606 πᾶσιν
664 4553 1111 4628 ὡμολογημένοις
1153 4559 1431 4630 πολεμεῖν,
1495 4561 1585 4613 τὸν
1625 4561 1673 4613 δ’
1721 4563 1814 4615 ὑπ’

246 4641 533 4715 ὀφθαλμοῖς
576 4647 735 4718 ἡμῶν
766 4649 946 4703 αὐτῶν
975 4650 1312 4713 διδάσκαλον,
1349 4652 1483 4706 Θεὸν
1529 4650 1689 4715 εἶναι,
1721 4654 1815 4707 καὶ

243 4728 367 4787 Θεοῦ
396 4736 564 4790 παῖδα
593 4738 907 4811 κηρύττειν,
958 4743 1098 4813 ὑπὲρ
1131 4738 1192 4797 οὗ
1220 4745 1313 4797 καὶ⁵
1340 4745 1536 4809 αὐτοὺς
1563 4743 1815 4816 θνήσκειν

248 4819 487 4894 ἑτοίμους
525 4822 690 4894 εἶναι,
724 4830 892 4901 μηδὲν
920 4830 1118 4903 ἀληθὲς
1145 4833 1276 4906 παρ’
1317 4834 1481 4887 αὐτοῦ
1514 4835 1637 4907 μηδ’
1672 4837 1815 4904 ὠφέ-

248 4910 392 4985 λιμον
423 4920 836 4994 μεμαθηκότας.
874 4926 1055 4996 Ταύτῃ
1089 4928 1133 4979 δ’
1164 4924 1259 4982 οὖν
1289 4930 1384 4981 καί
1426 4930 1624 5000 μᾶλλον
1655 4949 1816 5003 τιμη-

248 5020 359 5075 τέον
382 5023 571 5087 αὐτὸν,
607 5029 656 5078 εί
692 5028 858 5098 μηδὲν
891 5032 1039 5101 ἡμᾶς
1071 5030 1269 5105 ὢνησε,
1307 5034 1487 5088 πάντα
1515 5053 1573 5088 τε
1616 5037 1709 5090 ἐπὶ
1738 5036 1816 5106 τῷ

249 5110 453 5178 δοξάσαι
483 5116 650 5172 αὐτοῦ
680 5120 779 5191 τὴν
808 5124 1176 5194 προσηγορίαν
1203 5127 1473 5197 ποιητέον,
1504 5130 1598 5181 καὶ
1635 5131 1817 5193 πάσας

252 5203 422 5279 ὕϐρεις
451 5211 548 5264 καὶ
579 5214 851 5284 τιμωρίας
881 5218 1271 5293 ὑπομενητέον,
1309 5223 1487 5276 πάντα
1517 5239 1576 5275 τε
1614 5224 1814 5296 τρόπον

250 5297 556 5357 ἀναδεκτέον
594 5302 850 5373 θανάτου,
894 5310 1035 5383 ὑπὲρ
1077 5312 1301 5384 μηδενὸς
1338 5314 1589 5386 ἀληθοῦς.
1631 5315 1815 5368 Κακὸν

250 5391 344 5465 γὰρ
371 5394 502 5462 ἴσως
545 5398 798 5468 ἀλήθεια,
836 5403 898 5456 τὸ
937 5404 995 5458 δὲ
1039 5405 1232 5475 ψεῦδος
1270 5405 1382 5478 ἔχει
1413 5408 1508 5462 τοῦ
1545 5408 1717 5463 κακοῦ
1752 5410 1815 5462 τὸ

250 5484 499 5543 ἐναντίον·
531 5490 616 5545 διὸ
649 5491 901 5565 λέγωμεν
921 5536 935 5561 ,
970 5497 1057 5549 ὅτι
1089 5497 1183 5550 καὶ
1211 5500 1437 5570 νεκροὺς
1470 5501 1683 5573 ἤγειρε,
1719 5504 1814 5557 κα)⁸

244 5576 462 5656 λεπροὺς
488 5585 817 5659 ἐκαθάρισε,
842 5590 934 5643 καὶ
956 5590 1213 5662 δαίμονας
1236 5593 1423 5665 ἤλασε,
1456 5595 1550 5649 καὶ
1579 5595 1689 5649 τῶν
1719 5594 1815 5649 ἄλο

239 5669 334 5726 λων
373 5678 700 5750 παραδόξων
745 5677 921 5750 ἔργων
962 5682 1152 5751 γέγονε
1200 5685 1450 5756 ποιητὴς,
1501 5686 1669 5757 μηδὲν
1715 5685 1815 5756 μὲν

236 5769 458 5829 τοιοῦτον
508 5772 669 5844 αὐτῷ
709 5776 1130 5844 συνεγνωκότες,
1164 5778 1376 5842 ἑαυτοῖς
1425 5778 1481 5831 δὲ
1532 5780 1598 5833 τὰ
1640 5777 1817 5833 πάντα

1912 530 2214 594 superaret,
2260 538 2326 579 ac
2363 538 2432 579 ne
2476 539 2732 595 maguum
2781 523 2999 594 quidem
3051 537 3280 595 prorsus
3324 523 3488 595 quid-

1910 631 2073 687 quam
2116 616 2216 677 illi,
2251 623 2346 671 aut
2394 617 2569 672 reditu
2605 617 2661 672 in
2702 617 2867 673 vitam
2902 616 3126 688 dignum
3165 624 3349 672 actum
3378 625 3485 677 est.

1911 706 2018 762 nisi
2048 706 2172 777 quis
2210 704 2351 763 dolis
2389 706 2650 777 omnique
2689 708 3042 764 simulatione
3070 706 3305 762 refertos
3334 706 3485 761 illius

1917 799 2125 855 referat
2199 814 2425 864 moros,
2480 808 2536 855 et
2603 801 2752 871 quod
2808 801 2959 871 ipsos
3016 813 3118 855 nos
3156 814 3317 854 usum
3358 814 3487 854 ver--

1910 892 2201 955 sutiarum,
2252 892 2581 963 inanemque
2622 892 2944 964 jactantiam
2994 906 3095 963 per
3143 891 3390 947 fraudem
3422 906 3485 945 ac

1909 984 2096 1038 dolum
2120 970 2389 1039 docuerit.
2423 984 2694 1052 Quocirca
2731 983 2947 1049 demus,
2976 1000 3184 1055 quaeso,
3212 986 3356 1042 inter
3383 1000 3487 1042 nos

1909 1075 2153 1141 dextras,
2186 1077 2459 1147 simulque
2493 1092 2685 1132 omnes
2716 1077 2895 1132 ftedus
2920 1078 3287 1148 paciscamur,
3321 1085 3382 1133 ut
3415 1077 3487 1133 de

1909 1164 2005 1218 illo
2030 1166 2084 1218 in
2114 1174 2342 1221 cunctos
2371 1165 2621 1222 homines
2645 1166 3021 1237 deceptionem
3044 1182 3344 1224 consonam
3366 1184 3489 1239 pro-

1911 1255 2584 1329 feramus,narremusque
2612 1257 2817 1314 vidisse
2844 1274 2947 1315 nos
2981 1258 3133 1313 illum
3163 1260 3293 1315 dum
3324 1260 3485 1317 eazcis

1908 1347 2085 1401 visum
2121 1348 2434 1419 largiretur,
2470 1348 2687 1405 tametsi
2730 1348 2917 1404 nullus
2948 1363 3194 1420 unquam
3231 1356 3486 1404 nostrum

1909 1439 2013 1494 hoc
2053 1440 2205 1505 vidit,
2240 1451 2293 1497 et
2327 1441 2457 1495 dum
2502 1441 2686 1498 surdis
2732 1440 2978 1496 auditum
3011 1442 3300 1513 praeberet,
3340 1439 3489 1511 quod

1907 1533 2127 1604 quidem
2177 1535 2361 1591 nullus
2405 1550 2645 1606 unquam
2698 1543 2947 1590 nostrum
2999 1535 3228 1600 audivit,
3260 1544 3315 1591 et
3355 1536 3490 1590 dum

1909 1627 2154 1697 leprosos
2186 1635 2463 1699 purgaret,
2483 1635 2840 1699 mortuosque
2866 1629 2935 1684 ad
2957 1629 3125 1683 vitam
3150 1628 3489 1684 restitueret.

1907 1719 2151 1790 Denique
2180 1736 2241 1795 ea
2274 1737 2396 1791 quae
2434 1737 2611 1792 neque
2640 1720 2780 1776 facta
2819 1722 2889 1776 ab
2930 1721 3025 1776 illo
3059 1721 3336 1783 novimus,
3375 1735 3492 1774 ne-

1839 1803 1882 1858 Β
1907 1828 2013 1883 que
2036 1812 2183 1865 dicta
2212 1812 2544 1878 audivimus,
2568 1820 2829 1884 tanquam
2854 1828 2981 1870 vero
3010 1822 3163 1885 gesta
3189 1812 3490 1868 contenda-

1907 1919 2052 1959 mus.
2113 1902 2314 1959 Verum
2366 1905 2627 1974 quoniam
2683 1913 2989 1961 extremum
3043 1905 3194 1961 illius
3245 1914 3487 1975 tempus,

1906 1995 2174 2051 celebrem
2226 1996 2415 2050 habuit
2443 2005 2497 2052 et
2526 1996 2875 2067 perspicuum
2907 1997 3209 2060 interitum,
3246 2005 3305 2052 ut
3343 2012 3495 2052 nus-

1906 2103 2071 2157 quam
2112 2088 2181 2143 ab
2220 2088 2313 2142 illo
2344 2088 2609 2143 occultari
2641 2089 2903 2159 potuerit,
2946 2103 3050 2144 nos
3104 2088 3233 2143 huic
3269 2102 3495 2159 quoque

1906 2179 2256 2235 incommodo
2288 2188 2436 2236 recta
2473 2187 2760 2251 pergentes
2800 2195 3190 2247 occurramus;
3223 2178 3491 2235 testiﬁce-

1907 2287 2140 2341 murque
2192 2273 2351 2342 plane
2407 2273 2543 2327 bene
2585 2272 2949 2343 impudenter,
2983 2272 3140 2326 illum
3194 2280 3492 2341 postquam

1911 2363 2073 2436 11A
2103 2380 2132 2418 a
2165 2372 2342 2420 morte
2370 2363 2439 2418 ad
2467 2365 2633 2418 vitam
2661 2364 2902 2425 redierit,
2940 2364 3083 2419 inter
3106 2378 3208 2419 nos
3231 2377 3355 2419 esse
3374 2377 3495 2416 ver-

1909 2466 2110 2519 suum,
2162 2456 2455 2527 locumque
2509 2464 2563 2510 et
2608 2456 2795 2511 cibum
2826 2464 3152 2511 consuetum
3200 2454 3493 2510 nobiscum

1908 2564 2228 2619 usurpasse.
2273 2549 2646 2604 Conservetur
2693 2556 2874 2603 autem
2920 2547 2992 2602 ab
3040 2546 3298 2602 omnibus
3331 2546 3493 2602 nobis

1907 2640 2262 2709 impudentia:
2334 2638 2907 2709 immutabilitati'sque
2946 2646 3124 2705 tenor,
3168 2645 3225 2694 et
3271 2645 3494 2693 maneat

1910 2730 2026 2784 haec
2058 2732 2257 2787 mentis
2287 2731 2544 2786 alienatio
2576 2746 2752 2800 usque
2784 2731 2853 2785 ad
2887 2738 3149 2795 mortem;
3182 2730 3316 2802 quid
3342 2731 3493 2787 enim

1909 2820 2131 2875 absurdi
2165 2821 2325 2875 habet
2354 2835 2451 2891 pro
2484 2820 2659 2875 nihilo
2688 2821 2850 2889 mori,
2878 2828 2974 2876 aut
3014 2820 3147 2890 quid
3179 2822 3493 2891 quempiam

1908 2911 2165 2979 offendat,
2180 2914 2327 2967 nulla
2358 2913 2627 2983 probabili
2653 2928 2841 2977 causa,
2862 2914 3088 2969 verbera
3110 2921 3495 2984 tormentaque

1911 3005 1966 3060 in
1996 3020 2247 3077 corpore,
2276 3015 2331 3061 et
2381 3005 2428 3061 si
2477 3020 2616 3076 opus
2664 3005 2759 3066 sit,
2794 3004 3014 3059 vincula
3038 3021 3258 3076 quoque
3284 3014 3338 3061 et
3369 3020 3496 3060 car-

1912 3113 2086 3162 ceres,
2113 3115 2214 3153 nec
2249 3113 2357 3153 non
2392 3098 2757 3155 contumelias
2774 3106 2830 3153 et
2871 3099 3075 3169 probra
3110 3099 3316 3155 nullius
3351 3116 3497 3155 verae

1916 3192 1991 3247 rei
2034 3192 2207 3262 gratia
2255 3191 2532 3261 experiri?
2573 3190 2687 3245 lloc
2725 3189 2891 3260 igitur
2915 3190 3028 3260 jam
3068 3206 3218 3245 nunc
3263 3191 3496 3247 medite-

1915 3301 2058 3350 mur,
2108 3285 2548 3355 mentiamurque
2598 3299 2792 3338 omnes
2824 3298 2936 3338 uno
2968 3298 3085 3346 ore,
3116 3292 3172 3339 et
3226 3284 3495 3356 tingamus

1914 3393 2001 3445 ea,
2031 3393 2153 3446 quae
2205 3391 2382 3448 neque
2415 3377 2581 3431 alicui
2632 3384 2885 3432 nostrum
2942 3378 3096 3432 utilia
3138 3376 3323 3432 futura
3359 3380 3496 3438 siut.

1915 3489 2091 3542 neque
2140 3472 2302 3526 alicui
2351 3487 2542 3526 eorum
2600 3486 2743 3541 quos
2796 3473 3157 3543 decipiemus,
3197 3487 3264 3527 ac
3308 3489 3377 3528 ne
3416 3474 3497 3527 illi

1914 3566 2133 3634 quidem
2185 3566 2278 3635 qui
2326 3579 2355 3618 a
2404 3565 2565 3619 nobis
2623 3564 2913 3619 mendacio
2963 3567 3266 3619 extollitur.
3307 3574 3362 3620 et
3394 3581 3498 3637 pro

1914 3655 2026 3711 Deo
2053 3655 2490 3711 commendatur.
2524 3655 2693 3711 Porro
2720 3665 2903 3711 autem
2933 3658 3280 3712 mendacium
3315 3658 3499 3711 inten-

1915 3746 2114 3801 damus
2167 3761 2277 3801 non
2340 3747 2503 3801 modo
2546 3748 2601 3801 in
2644 3757 2849 3804 nostra:
2882 3750 3058 3816 gentis
3097 3748 3368 3811 homines,
3396 3750 3495 3805 sed

1917 3840 1971 3894 in
2012 3854 2175 3895 omne
2219 3828 2455 3895 omnino
2499 3839 2785 3895 hominum
2830 3854 3026 3910 genus,
3070 3848 3357 3910 totumque
3401 3858 3498 3894 or-

1913 3934 2037 3989 bem
2088 3940 2361 3988 terrarum
2387 3933 2492 3989 hoc
2516 3947 2729 3999 errore,
2764 3933 2943 4003 iisque
2979 3949 3102 4005 quae
3125 3933 3192 3989 de
3219 3935 3316 3989 illo
3350 3935 3496 3990 inter

1915 4041 2018 4082 nos
2062 4027 2475 4098 composuimus
2533 4027 2881 4097 impleamus.
2942 4025 3172 4099 Jamque
3234 4027 3496 4099 deinceps

1914 4120 2062 4191 leges
2091 4120 2229 4175 alias
2253 4122 2470 4176 cunctis
2487 4121 2743 4191 gentibus
2775 4123 3142 4192 imponamus,
3161 4136 3282 4190 quae
3303 4135 3495 4176 omnes

1914 4210 2162 4265 omnium
2205 4209 2275 4265 de
2326 4211 2522 4281 patriis
2571 4210 2817 4282 ipsorum
2856 4212 2965 4267 diis
2996 4211 3288 4282 opiniones
3321 4226 3499 4281 oppu-

1915 4312 2085 4373 gnent
2117 4313 2282 4375 atque
2329 4310 2601 4368 evertant,
2641 4319 3003 4375 quascunque
3030 4321 3061 4359 a
3105 4303 3327 4359 condito
3381 4316 3498 4356 aevo

1917 4396 2231 4460 habuerint,
2257 4397 2700 4467 imperemusque
2716 4396 2910 4466 primis
2935 4396 3181 4451 omnium
3208 4393 3494 4452 Romanis.

903 4463 998 4517 καὶ
1017 4463 1079 4517 τὺ
1107 4464 1249 4529 θεοῖς
1272 4465 1371 4537 μὲν
1389 4469 1503 4530 τοῖς
1532 4468 1591 4532 ἐξ
1620 4467 1810 4533 αἰῶνος

1920 4504 1989 4543 ne
2038 4489 2224 4542 colant
2274 4504 2415 4559 quos
2461 4488 2700 4558 majores
2748 4488 2996 4557 ipsorum
3059 4486 3195 4542 deos
3248 4484 3500 4539 arbitrati

1920 4585 2070 4632 sunt.
2104 4576 2161 4631 In
2205 4576 2471 4633 Graaciam
2500 4594 2730 4650 quoque
2776 4584 3148 4649 peuetremus,
3188 4586 3242 4631 et
3280 4577 3501 4646 sapien-

1916 4670 2065 4724 tibus
2102 4671 2192 4740 qui
2222 4672 2332 4725 illic
2363 4647 2793 4726 sunt'contraria
2827 4672 3043 4742 publice
3072 4671 3397 4731 doceamus,
3433 4684 3501 4722 at.

1917 4777 1986 4815 ne
2014 4761 2301 4834 Egyptios
2331 4746 2553 4839 quidem
2579 4765 2924 4828 omittamus,
2955 4762 3053 4819 sed
3090 4763 3333 4832 ipsorum
3358 4774 3502 4831 quo.

1918 4871 2026 4924 que
2060 4856 2194 4912 deos
2248 4859 2456 4927 patrios
2493 4872 2895 4928 oppugnemus.
2943 4870 3055 4911 non
3104 4852 3342 4909 Mosaica
3384 4866 3501 4905 am-

1916 4949 2061 5017 piius
2094 4965 2216 5019 qua:
2252 4951 2383 5003 olim
2429 4950 2574 5020 apud
2610 4950 2733 5003 illos
2777 4956 2930 5019 gesta
2964 4957 3093 5005 sunt
3131 4946 3499 5017 prolerentcs.

1920 5046 2013 5097 sed
2050 5044 2223 5098 nostri
2256 5041 2609 5113 praeceptoris
2665 5040 2946 5094 interitum
2978 5039 3089 5092 illis
3133 5034 3294 5108 quasi
3326 5035 3497 5106 quod-

1918 5138 2041 5192 dam
2099 5137 2310 5205 insigne
2349 5134 2577 5189 terroris
2612 5133 2959 5199 objicientes.
2993 5129 3126 5196 Quae
3153 5143 3285 5183 vero
3313 5128 3501 5197 opinio

1918 5238 1973 5283 et
1998 5227 2139 5281 fama
2168 5227 2237 5280 ab
2259 5225 2417 5279 initio
2446 5225 2515 5279 ab
2552 5223 2684 5287 illis,
2709 5221 2776 5276 ad
2811 5236 3007 5276 omnes
3031 5219 3282 5273 homines
3304 5216 3373 5272 de
3394 5216 3504 5270 diis

1918 5321 2187 5393 pervenit,
2219 5320 2359 5373 hanc
2396 5333 2496 5372 nos
2527 5333 2636 5371 non
2667 5316 2878 5370 voculis
2912 5310 3243 5383 quibusdam
3283 5315 3378 5363 aut
3411 5321 3503 5360 ra-

1919 5416 2182 5476 tionibus,
2231 5410 2327 5467 sed
2382 5408 2734 5481 praeceptoris
2790 5404 3041 5461 cruciﬁxi
3088 5404 3142 5457 vi
3196 5402 3499 5456 diluamus.

1917 5502 2338 5575 Progrediamur
2380 5516 2511 5556 vero
2555 5500 2721 5556 etiam
2770 5499 2823 5552 in
2876 5497 3146 5567 reliquam
3201 5493 3495 5548 barbaram

1919 5603 2149 5659 terram,
2187 5602 2389 5664 etquae
2425 5591 2566 5665 apud
2623 5605 2817 5646 omnes
2865 5589 3085 5645 decreta
3116 5595 3248 5643 sunt
3284 5593 3502 5641 everta-

1919 5701 2045 5740 mus
2081 5704 2096 5739 :
2133 5700 2309 5755 neque
2337 5698 2465 5740 vero
2505 5683 2797 5754 quisquam
2828 5689 3078 5735 nostrum
3116 5677 3284 5733 animi
3320 5676 3504 5731 inten-

1918 5779 2127 5834 tionem
2178 5777 2444 5833 remittat.
2470 5773 2592 5831 Non
2641 5775 2788 5832 enim
2839 5774 3096 5845 exiguum
3140 5778 3233 5825 aut
3267 5781 3500 5840 parvum
