3880 6256
419 294 522 352 207

1082 298 1346 356 EUSEBII
1392 297 1864 354 CASSARIENSIS
1903 300 2050 354 OPP.
2089 301 2266 355 PARS
2301 302 2368 356 11.
2410 305 2979 363 —APOLOGETICA.

421 423 524 475 riet
558 419 719 490 hujus
764 419 1003 474 audacia:
1055 421 1358 490 praemium,
1409 419 1677 489 siquidem
1721 435 1830 474 non
1873 421 1992 474 vul~

419 529 578 585 gares
616 528 718 568 nos
752 528 850 583 pro
883 512 1048 565 tantis
1081 514 1472 567 certaminibus
1503 523 1723 568 manent
1746 529 1982 574 coronae.

421 601 515 656 sed
568 616 687 670 qua:
728 600 994 670 supplicia
1029 601 1282 655 videlicet
1309 617 1337 654 a
1360 602 1570 671 legibus
1601 603 1846 657 omnium
1885 603 1986 658 ho-

3537 314 3632 369 208

2097 421 2472 494 πλαττόμενοι,
2509 427 2600 478 καὶ
2632 425 2938 491 πλανῶντες
2975 428 3072 498 μὲν
3099 426 3191 492 οὓς
3228 428 3471 482 δυνατόν·
3509 434 3554 484 εί
3583 434 3635 487 δὲ

2096 512 2168 584 μὴ
2195 513 2432 568 πείθοιτό
2455 532 2555 578 τις,
2581 516 2694 568 ἀλλ’
2717 518 2863 570 αύτοί
2885 535 2968 584 γε,
3000 519 3137 590 ὑπὲρ
3153 511 3227 570 ὧν
3255 519 3634 592 συντεθείμεθα,

2095 605 2387 676 τάπίχειρα
2417 606 2516 675 τῆς
2549 607 2754 678 πλάνης
2787 609 2907 662 καθ’
2944 610 3148 662 ἑαυτῶν
3183 609 3541 680 ἐφελκόμενοι.

415 692 648 755 minum,
674 699 730 744 ut
763 706 858 762 par
887 701 992 757 est,
1017 691 1522 752 contradicentibus
1561 695 1808 764 injuncta
1837 703 1987 760 sunt,
2024 695 2239 750 vincula
2272 697 2499 765 scilicet,
2532 705 2835 765 tormenta,.
2889 715 3138 754 carceres
3173 719 3186 753 :
3222 714 3426 754 necnon
3489 701 3638 770 ignis.

411 793 469 840 et
521 786 748 848 ferrum,
787 793 842 840 et
903 801 1116 849 cruces,
1153 795 1207 841 et
1263 787 1454 842 bellum
1490 807 1503 843 :
1540 789 1608 843 ad
1656 805 1776 859 quae
1807 789 1989 844 omnia
2025 790 2432 860 promptissimo
2493 791 2677 846 animo
2699 799 2782 847 est
2810 791 3198 854 accedendum,
3250 790 3422 859 iisque
3441 789 3641 844 obviam

411 881 571 935 malis
595 881 831 936 eundum
893 881 1183 951 intrepide,
1224 897 1345 953 quae
1381 882 1775 954 praeceptorem
1808 892 2057 939 nostrum
2098 885 2254 939 nobis
2281 900 2379 955 pro
2395 886 2641 956 exemplo
2673 893 2969 941 ostentant.
2997 884 3136 950 Quid
3165 884 3309 939 enim
3341 883 3642 954 pulchrius,

409 988 572 1042 quam
607 975 755 1028 nulla
789 976 996 1029 ratione
1019 982 1071 1029 et
1097 975 1204 1030 diis
1233 985 1285 1029 et
1316 976 1630 1031 hominibus
1680 977 1795 1031 ﬁeri
1860 977 2138 1044 inimicos;
2174 993 2350 1047 neque
2396 977 2504 1031 ulla
2566 992 2808 1049 unquam
2857 993 3083 1047 prorsus
3139 977 3244 1030 l'rui
3293 975 3642 1046 jucmiditate,

415 1065 572 1138 115
602 1080 777 1135 neque
825 1065 1165 1121 charissimis
1219 1065 1384 1121 rebus
1442 1066 1705 1121 oblectari
1732 1106 1748 1131 ,
1801 1082 1976 1136 neque
2014 1081 2333 1136 comparare
2367 1067 2648 1137 pecunias,
2683 1083 2785 1122 nec
2819 1068 2983 1123 ullius
3041 1081 3268 1138 prorsus
3312 1066 3441 1121 boni
3504 1080 3644 1134 spem

404 1161 514 1218 sibi
545 1159 809 1228 reliquam
843 1158 1019 1212 facere
1052 1178 1066 1213 :
1101 1166 1304 1213 temere
1361 1166 1540 1212 autem
1573 1164 1627 1212 et
1660 1157 1898 1213 inaniter
1963 1173 2148 1214 errare
2189 1174 2254 1214 ac
2299 1159 2589 1230 decipere?
2633 1158 2750 1214 Hoc
2802 1159 2948 1215 enim
2994 1161 3329 1231 praecipuum
3392 1167 3473 1213 est
3509 1157 3646 1227 quod

408 1264 715 1326 spectemus
743 1272 756 1307 :
783 1267 846 1306 ac
872 1259 1130 1322 praeterea
1164 1254 1418 1307 omnibus
1477 1253 1788 1308 nationibus
1852 1253 2151 1318 adversari,
2188 1262 2243 1310 et
2287 1254 2440 1320 deos,
2471 1254 2566 1326 qui
2602 1270 2633 1309 a
2674 1256 2898 1311 condito
2944 1270 3060 1311 aevo
3093 1255 3235 1326 apud
3294 1268 3484 1309 omnes
3537 1267 3651 1307 cer-

407 1350 606 1406 tissimi
649 1349 818 1404 habiti
853 1356 983 1405 sunt
1014 1364 1348 1421 oppugnare.
1397 1346 1790 1419 Praeceptorem
1827 1365 1976 1414 vero,
2033 1365 2196 1420 quem
2245 1351 2421 1406 oculis
2470 1351 2677 1406 nostris
2740 1352 3009 1422 supplicio
3059 1351 3195 1405 allici
3253 1351 3510 1410 vidimus,
3556 1363 3648 1418 pro

407 1438 520 1496 Deo
549 1449 603 1496 et
633 1455 730 1509 pro
763 1438 859 1493 Dei
899 1437 1038 1493 Filio
1066 1439 1380 1508 przedicare.
1415 1437 1521 1493 Pro
1564 1454 1670 1508 quo
1701 1447 1754 1493 ct
1804 1440 1906 1510 ipsi
1938 1443 2075 1496 mori
2110 1441 2285 1512 parati
2325 1443 2516 1504 simus,
2551 1444 2765 1498 tametsi
2815 1444 2884 1497 ab
2930 1443 3022 1498 illo
3080 1458 3256 1513 neque
3314 1444 3430 1497 veri
3486 1456 3651 1510 neque

407 1533 556 1588 utilis
590 1540 682 1586 aut
705 1529 977 1585 commodi
1014 1530 1309 1601 quidquam
1342 1528 1657 1584 didicimus.
1685 1528 1801 1584 Hoc
1831 1532 1975 1586 enim
2014 1532 2131 1602 ipso
2162 1533 2252 1588 ille
2279 1534 2450 1604 pluris
2479 1542 2564 1590 est
2595 1533 2897 1598 faciendus,
2929 1534 3073 1604 quod
3129 1533 3267 1587 nihil
3329 1531 3489 1588 nobis
3528 1547 3650 1602 pro-

404 1623 588 1681 fuerit.
645 1623 840 1678 Omnia
871 1637 1002 1678 vero
1044 1624 1204 1677 nobis
1253 1621 1503 1677 facienda
1553 1629 1700 1687 sunt,
1747 1633 1804 1676 ut
1863 1623 2007 1679 illius
2071 1641 2268 1680 numen
2334 1627 2543 1683 illustre
2619 1627 3025 1697 gloriosumque
3099 1626 3416 1681 reddamus.
3468 1625 3653 1682 Omnia

402 1725 624 1796 probra,
659 1723 841 1776 omnia
891 1720 1156 1791 supplicia
1191 1719 1431 1784 ferenda,
1499 1725 1668 1776 omne
1703 1735 1874 1790 genus
1906 1723 2098 1778 mortis
2141 1723 2483 1778 subeundum
2513 1737 2611 1793 pro
2654 1737 2718 1776 ea
2754 1736 2833 1785 re,
2870 1737 2991 1792 qua:
3021 1721 3169 1774 nulla
3231 1721 3287 1774 in
3331 1729 3485 1790 parte
3533 1735 3655 1774 vera

403 1827 508 1876 cst.
569 1817 775 1871 Maium
823 1817 968 1872 enim
1015 1814 1250 1870 forsitan
1297 1816 1524 1878 veritas,
1589 1823 1642 1869 et
1704 1816 1832 1869 mali
1898 1817 2231 1871 contrarium
2287 1818 2343 1872 in
2409 1816 2694 1872 mendacio
2744 1835 2757 1871 ε

2813 1830 2979 1886 quare
3031 1813 3364 1868 aﬂirmemus
3410 1812 3559 1865 illum
3606 1819 3656 1866 et

402 1921 648 1966 mortuos
699 1910 993 1973 excitasse,
1045 1917 1098 1963 et
1140 1908 1390 1978 leprosos
1459 1923 1756 1978 purgasse,
1829 1917 1883 1964 et
1946 1909 2221 1965 daemonas
2252 1911 2498 1979 eiecisse,
2541 1917 2594 1964 et
2631 1910 2736 1963 alia
2783 1906 3148 1971 incredibilia,
3210 1920 3540 1976 omnemque
3593 1904 3655 1958 ii-

399 2006 524 2062 dem
555 2006 869 2076 superantia
894 2003 1114 2068 fecisse,
1143 2017 1377 2073 quarum
1407 2002 1627 2072 quidem
1675 2018 1856 2057 rerum
1915 2005 2131 2059 nullius
2177 2005 2253 2058 illi
2302 2022 2402 2060 nos
2457 2005 2666 2060 conscii
2732 2019 2944 2068 sumus,
3011 2001 3105 2057 sed
3151 2001 3424 2055 arbitratu
3476 2009 3658 2056 nostro

401 2112 598 2155 cuncta
655 2096 924 2170 ﬁngentes
957 2102 979 2151 :'
999 2104 1054 2152 et
1086 2095 1424 2166 decipiamus
1453 2094 1669 2164 quidem
1705 2111 1843 2166 quos
1883 2112 2196 2167 possumus,
2243 2099 2288 2153 si
2324 2101 2413 2153 cui
2443 2115 2570 2154 vero
2596 2114 2704 2153 non
2732 2097 3189 2167 persuaserimus,
3252 2104 3370 2150 tum
3410 2095 3513 2167 ipsi
3566 2112 3658 2166 pro

401 2199 471 2257 iis
502 2215 622 2270 quae
656 2200 796 2253 inter
825 2211 923 2250 nos
956 2193 1366 2262 composuimus
1398 2191 1604 2247 erroris
1635 2193 1963 2257 mercedem,
2007 2194 2271 2250 adversus
2306 2211 2406 2250 nos
2431 2195 2584 2264 ipsos
2619 2195 2922 2249 cliciamus.
3667 2208 3674 2262 ι

473 2291 815 2345 Videnturne
853 2287 948 2341 tibi
987 2285 1272 2340 credibilia
1312 2283 1448 2348 hzec,
1483 2293 1578 2338 aut
1627 2284 1724 2338 ulli
1759 2300 1886 2340 vero
1915 2285 1988 2340 si-
2020 2302 2061 2356 Β

399 2384 594 2439 milia?
635 2381 902 2453 ignobiles
948 2379 1308 2448 vulgaresque
1358 2377 1627 2440 homines,
1687 2384 1978 2447 postquam

399 2477 527 2532 talia
555 2475 832 2537 ﬁnxerint,
863 2479 1028 2541 atque
1055 2472 1198 2526 inter
1232 2486 1291 2524 se
1321 2469 1750 2540 composuerint,
1787 2469 1981 2523 Roma-

401 2586 531 2625 num
567 2569 854 2638 imperium
905 2563 1212 2621 invasisse?
1243 2571 1337 2618 aut
1367 2563 1660 2617 humanam
1704 2569 1976 2625 naturam,

398 2675 521 2731 quae
570 2659 697 2713 vitae
750 2672 995 2714 amorem
1051 2671 1116 2710 ac
1179 2654 1420 2710 studium
1475 2654 1632 2722 quasi
1699 2654 1981 2723 proprium

399 2751 662 2822 quiddam
707 2750 971 2819 possidet,
1022 2747 1264 2816 potuisse
1299 2761 1538 2815 unquam
1579 2745 1690 2798 ulla
1731 2744 1981 2822 mercede

397 2841 769 2898 voluntarium
802 2840 991 2896 subire
1021 2839 1325 2903 interitum,
1359 2834 1816 2908 quemadmodum
1856 2825 1979 2888 Sal-4

397 2935 605 2991 vatoris
644 2933 818 2989 nostri
850 2932 1104 3002 discipuli
1136 2930 1404 3001 potuere?
1447 2929 1598 2996 Quos
1635 2928 1715 2983 sic
1759 2926 1978 2998 quidem

333 3013 345 3022 ’
397 3044 464 3086 eo
489 3027 731 3096 stuporis
760 3025 976 3080 venisse
1005 3023 1218 3087 credas,
1251 3030 1311 3076 nt
1337 3036 1461 3076 cum
1493 3021 1562 3075 ab
1590 3019 1683 3074 illo
1724 3019 1861 3072 nihil
1889 3017 1976 3072 di-

401 3135 566 3192 gnum
602 3116 966 3172 admiratione
997 3122 1209 3186 gestum
1256 3115 1616 3184 inspexerint,
1653 3113 1756 3182 ipsi
1799 3122 1978 3167 tamen

403 3227 473 3267 ex
522 3209 827 3280 composito
877 3216 1074 3262 cuncta
1129 3207 1249 3276 ejus
1301 3206 1517 3278 generis
1575 3205 1980 3261 conﬁnxerint?

397 3303 594 3358 deinde
633 3301 796 3372 nugis
833 3300 1159 3371 quibusdam
1198 3298 1264 3354 de
1305 3299 1397 3352 illo
1430 3299 1750 3370 corrogatis,
1783 3313 1886 3368 pro
1909 3297 1978 3352 iis

395 3408 560 3449 omne
591 3407 765 3464 genus
793 3390 986 3445 mortis
1028 3389 1216 3446 subire
1242 3388 1440 3459 parati,
1477 3388 1825 3460 promptique
1863 3385 1979 3442 fue-

395 3487 546 3542 rint?
569 3493 627 3540 tu
651 3499 780 3540 vero
812 3481 942 3554 quid
971 3481 1053 3538 ais
1103 3481 1324 3537 tandem
1357 3481 1619 3538 adversus
1640 3481 1756 3536 haec
1775 3481 1796 3534 ?
1817 3479 1978 3534 Nem-

398 3595 469 3650 pe
532 3578 658 3633 illos
693 3591 870 3646 neque
919 3573 1172 3644 opinatos
1230 3571 1434 3640 fuisse,
1488 3586 1664 3641 neque
1724 3584 1977 3641 sperasse

2159 2283 2306 2357 'Apét
2332 2305 2411 2341 σοι
2439 2285 2640 2340 πιθανά
2663 2285 2833 2340 ταῦτα
2857 2286 2890 2356 ἢ
2920 2285 3014 2339 καὶ
3041 2283 3287 2356 ἀληθοῦς.
3308 2284 3546 2357 ἐχόμενα
3580 2285 3661 2339 λό-

2080 2397 2200 2447 γου,
2233 2379 2309 2442 ὡς
2352 2377 2421 2431 τά
2457 2378 2680 2431 τοιαῦτα
2712 2378 3046 2448 πλασάμενοι
3079 2378 3174 2430 καὶ
3211 2377 3536 2449 συνθέμενοι
3572 2379 3665 2432 ἀλ-

2087 2468 2269 2540 λήλοις
2286 2469 2520 2533 εὐτελεῖς
2543 2470 2735 2540 ἄνδρες
2760 2469 2854 2521 καὶ
2887 2467 3112 2529 ἰδιῶται,
3129 2469 3424 2539 παρῄεσαν
3453 2469 3546 2520 ἐπὶ
3569 2468 3664 2540 τὴν

2091 2561 2376 2632 Ῥωμαίων
2403 2563 2598 2633 ἀρχήν;
2619 2561 2650 2632 ἢ
2683 2561 2757 2624 ὡς
2779 2560 3088 2632 ἀνθρωπεία
3106 2560 3296 2629 φύσις,
3317 2561 3383 2614 τὸ
3411 2557 3665 2626 φιλόζωον

2080 2655 2278 2707 οἰκεῖον
2309 2654 2643 2724 κεκτημένη,
2675 2653 2872 2706 δύναιτ’
2903 2652 2966 2706 ἄν
2997 2652 3115 2704 ποθ’
3139 2653 3285 2724 ὑπὲρ
3309 2651 3409 2705 τοῦ
3446 2633 3664 2722 μηδενὸς

2081 2744 2398 2817 αὐθαίρετον
2423 2745 2707 2814 ὑπομεῖναι
2728 2742 2983 2813 τελευτήν
3005 2758 3018 2807 ;
3046 2741 3078 2812 ἢ
3108 2743 3184 2805 ὡς
3215 2747 3269 2794 οῖ
3295 2743 3394 2796 τοῦ
3420 2742 3668 2813 Σωτῆρος

2080 2837 2238 2908 ἡμῶν
2283 2837 2522 2908 μαθηταὶ
2571 2837 2651 2898 είς
2696 2834 2964 2904 τοσαύτην
3008 2832 3323 2905 ὑπερϐολὴν
3373 2833 3667 2904 ὲκπληξίας

2081 2929 2306 3000 ἤλασαν,
2334 2930 2410 2993 ὡς
2445 2929 2608 3000 μηδὲν
2633 2929 2733 2999 μὲν
2764 2929 2856 2981 ὑπ’
2885 2927 3050 2980 αὑτοῦ
3078 2927 3398 2998 παράδοξον
3429 2925 3670 2998 πραχθὲν

2081 3022 2404 3094 ἑωρακέναι,
2434 3023 2630 3086 αὐτοὺς
2663 3022 2709 3074 δ’
2742 3023 2805 3074 ὲκ
2839 3019 3179 3091 συνθήματος
3213 3018 3360 3090 ὁμοῦ
3393 3019 3574 3073 πάντα
3603 3014 3673 3069 τὰ

2076 3101 2304 3168 τοιαῦτα
2361 3113 2698 3179 πεπλάσθαι,
2767 3113 2957 3167 ἔπειτα
3017 3113 3268 3184 ῥημάτια
3324 3112 3462 3184 περὶ
3511 3106 3673 3165 αὑτοῦ

2077 3208 2248 3279 ψευδῆ
2304 3205 2919 3280 σονταξαμένουςρπὲρ
2971 3205 3174 3258 τούτων
3229 3205 3502 3276 θνήσκειν
3549 3204 3676 3256 ὐπο-

2083 3303 2266 3372 μένειν
2317 3301 2547 3373 ἑτοίμως
2601 3301 2779 3371 ἐχειν;
2835 3299 2994 3352 Ἀλλὰ
3041 3299 3094 3351 τί
3135 3299 3288 3369 φῄςς
3334 3299 3412 3371 μὴ
3448 3297 3676 3370 προσδο-

2079 3395 2245 3465 κῆσαι
2282 3394 2478 3457 αὐτοὺς
2522 3393 2654 3464 μηδὲ
2698 3390 2913 3444 ἐλπίσαι
2961 3391 3131 3444 δεινόν
3173 3409 3231 3444 τι
3277 3389 3574 3444 πείσεσθαι
3611 3388 3673 3439 ἐκ

2078 3487 2177 3558 τῆς
2223 3485 2474 3557 περὶτοῦ
2519 3484 2692 3556 Ἰησοῦ
2731 3483 3052 3555 μαρτυρίας,
3104 3482 3186 3536 διὸ
3217 3483 3321 3536 καὶ
3365 3482 3548 3546 ἀδεῶς
3588 3479 3678 3532 ἐπὶ

2078 3581 2139 3634 τὸ
2165 3581 2294 3651 περὶ
2321 3577 2486 3632 αὐτοῦ
2530 3580 2790 3650 κήρυγμα
2833 3577 3149 3650 προελθεῖν;
3211 3576 3363 3628 Ἀλλ’
3395 3576 3501 3628 οὐκ
3534 3571 3677 3633 εἰκὸς

394 3671 697 3743 quidquam
727 3666 1000 3738 ejusmodi
1036 3665 1107 3720 ob
1135 3664 1667 3719 commendationem
1695 3661 1826 3718 Jesu
1854 3676 1970 3732 pero

2085 3662 2146 3740 ἦν
2187 3667 2484 3721 ἀπελπίσαι
2527 3666 2597 3719 τὰ
2629 3667 2804 3721 πάντα
2835 3668 2926 3720 ὑπ’
2959 3666 3140 3718 αὐτῶν
3174 3665 3507 3728 πείσεσθαι,
3555 3663 3680 3724 τοὺς

397 3778 680 3834 pessuros.
711 3759 894 3828 Quare
923 3768 1030 3813 tam
1064 3755 1333 3828 intrepide
1375 3756 1440 3810 ad
1477 3753 1878 3827 praedicandum
1909 3751 1977 3808 de

396 3857 491 3910 illo
535 3861 822 3927 provectos
875 3869 890 3906 :
940 3860 997 3905 at
1041 3849 1184 3905 istuc
1223 3863 1462 3919 quonam
1506 3854 1669 3918 pacto
1711 3845 1978 3901 concede-

394 3945 528 4000 tur?
561 3944 686 3999 illos
715 3957 826 3997 non
851 3955 1105 4012 sperasse
1139 3954 1240 4010 pro
1267 3939 1359 3992 illo
1385 3953 1444 3992 se
1467 3938 1650 3992 omnia
1679 3935 1977 4008 passuros?

395 4036 578 4107 quiet
631 4033 773 4104 apud
824 4029 1124 4096 Romanos,
1159 4037 1214 4084 et
1268 4029 1412 4100 apud
1469 4026 1710 4091 Graecos,
1745 4034 1800 4081 et
1831 4024 1975 4094 apud

393 4128 684 4191 barbaros,
717 4124 946 4180 deorum
974 4122 1311 4178 eversionem
1341 4127 1527 4177 essent
1558 4118 1865 4174 invecturi?
1907 4116 1977 4170 At

396 4219 542 4273 enim
567 4216 797 4272 historia
830 4231 954 4286 qua:
980 4217 1048 4268 de
1080 4213 1189 4268 illis
1215 4220 1414 4277 exstat,
1444 4217 1629 4281 aperte
1656 4211 1761 4265 hoc
1787 4209 1972 4274 habet,

399 4310 562 4380 116
591 4309 714 4364 illos
745 4317 868 4378 post
897 4304 1260 4375 Praeceptoris
1299 4302 1599 4367 interitum,
1640 4302 1711 4357 ab
1743 4301 1974 4356 insidia-

395 4401 611 4453 toribus
659 4396 990 4467 quibusdam
1023 4402 1214 4464 captos
1260 4392 1452 4456 fuisse,
1483 4399 1537 4446 et
1569 4392 1806 4462 primum
1853 4391 1976 4461 qui~

395 4491 519 4546 dem
563 4491 619 4546 in
656 4503 934 4544 carcerem
964 4487 1267 4557 conjectos,
1309 4483 1508 4540 deinde
1541 4498 1669 4538 vero
1691 4482 1971 4546 dimissos,

395 4589 511 4635 tum
542 4581 609 4634 iis
633 4581 958 4651 imperatum
989 4595 1058 4633 ne
1091 4577 1185 4632 ulli
1204 4578 1488 4631 hominum
1516 4575 1571 4629 in
1602 4575 1820 4631 nomine
1844 4573 1975 4629 Jesu

397 4673 771 4742 loquerentur.
829 4669 1030 4724 Postea
1078 4684 1209 4724 vero
1257 4683 1382 4722 cum
1433 4669 1511 4723 illi
1566 4668 1667 4724 hos
1709 4667 1975 4722 vidissent

394 4763 540 4832 apud
570 4762 978 4816 multitudinem
1005 4761 1181 4829 palam
1217 4760 1284 4814 de
1311 4761 1403 4815 illo
1435 4760 1630 4815 iterum
1665 4759 1970 4828 loquentes,

395 4860 679 4921 correptos
719 4851 1098 4913 verberarunt,
1129 4866 1333 4921 eosque
1377 4851 1448 4904 ob
1481 4851 1744 4906 doctrina:
1803 4865 1974 4921 genus

395 4949 770 5010 mcreparunt.
808 4941 928 5006 Quo
965 4949 1210 5011 tempore
1253 4941 1505 4996 videlicet
1550 4957 1742 4998 rursus
1780 4941 1856 4995 illi
1887 4957 1974 4996 re-

2091 3760 2386 3831 Ῥωμαίοις
2433 3759 2570 3831 ὁμοῦ
2624 3759 2718 3812 καὶ
2768 3759 2994 3830 Ἕλλησι
3043 3758 3136 3811 καὶ
3182 3758 3502 3831 βαρϐάροις
3544 3753 3678 3808 θεῶν

2078 3851 2393 3923 ἀνατροπὴν
2435 3849 2938 3922 εἰσηγησαμένους;
2994 3850 3056 3902 Ἦ
3103 3849 3160 3902 δέ
3195 3866 3265 3918 γε
3319 3852 3458 3919 περὶ
3503 3845 3682 3902 αὐτῶν

2080 3943 2289 4014 ἱστορία
2327 3941 2510 4009 σαφῶς
2538 3941 2826 4006 δείκνυσιν,
2865 3941 2940 4004 ὡς
2973 3939 3109 4012 μετὰ
3140 3939 3255 4010 τὴν
3288 3939 3392 3992 τοῦ
3427 3935 3684 3991 διδασκά-

2078 4033 2172 4086 λου
2219 4031 2472 4103 τελευτὴν
2517 4029 2790 4084 ἐπίϐουλοι
2833 4047 2999 4094 τινες,
3036 4029 3416 4094 συλλαϐόντες
3461 4029 3684 4090 αὐτοὺς,

2077 4123 2270 4197 πρῶτα
2300 4123 2400 4194 μὲν
2430 4123 2754 4194 παρέδωκαν
2782 4123 3018 4193 φυλακῇ,
3057 4120 3256 4174 ἔπειτα
3287 4120 3352 4175 δὲ
3377 4116 3684 4176 ἀπέλυσαν,

2079 4215 2546 4287 παραγγείλαντες
2583 4214 2772 4286 μηδενὶ
2817 4214 2998 4267 λαλεῖν
3061 4212 3156 4265 ἐπὶ
3193 4213 3284 4284 τῷ
3320 4214 3563 4284 ὀνόματι
3593 4207 3688 4262 τοῦ

2089 4302 2283 4373 Ἰησοῦ.
2316 4303 2540 4366 Γνόντες
2571 4302 2629 4355 δὲ
2667 4301 2864 4366 αὐτοὺς
2901 4301 3038 4372 μετὰ
3077 4300 3286 4366 ταῦτα,
3325 4301 3580 4372 δημοσίᾳ
3613 4298 3690 4369 τῷ

2077 4395 2272 4467 πλήθει
2309 4396 2376 4449 τὰ
2409 4396 2536 4467 περὶ
2575 4395 2738 4448 αὐτοῦ
2771 4394 3210 4464 διαλεγομένους,
3250 4395 3694 4466 ἀναρπάσαντες

2077 4487 2408 4558 ἐμάστιζον,
2456 4487 2817 4558 ἐπιτιμῶντες
2875 4487 2968 4540 ἐπὶ
3013 4489 3079 4556 τῇ
3129 4485 3504 4558 διδασκαλία.
3565 4487 3691 4538 "Urs

2076 4581 2398 4652 ἀποκριθεὶς
2429 4577 2585 4644 αὖθις
2611 4583 2796 4643 αὐτοῖς
2827 4581 2854 4632 ὁ
2890 4580 3096 4649 Πέτρος
3138 4574 3311 4633 εἶπεν
3334 4598 3349 4611 ·
3390 4601 3410 4632 ι
3453 4579 3694 4645 Πειθαρ-

2075 4677 2191 4744 χεῖν
2227 4675 2308 4729 δεῖ
2345 4675 2462 4746 Θεῷ
2503 4675 2699 4745 μᾶλλον
2731 4674 2764 4744 ἣ
2797 4673 3122 4744 ἀνθρώποις.
3167 4691 3188 4724 ι
3225 4675 3400 4728 Μετά
3427 4675 3488 4728 δὲ
3520 4671 3694 4725 ταῦτα

2075 4767 2244 4832 λίθοις
2294 4768 2509 4840 βληθεὶς
2541 4769 2846 4838 ἀναιρεῖται
2891 4765 3184 4834 Στέφανος,
3240 4767 3347 4820 ἐπὶ
3396 4766 3500 4820 τοῦ
3560 4765 3694 4818 Ἰουο

2075 4861 2237 4915 δαίων
2264 4860 2499 4932 πλήθους
2530 4859 3069 4932 παρρησιασάμενος,
3103 4859 3206 4911 καὶ
3239 4859 3504 4930 διωγμὸς
3535 4855 3637 4924 οὐχ
3667 4853 3695 4904 ό

2074 4951 2254 5021 τυχὼν
2294 4951 2650 5006 ἐπανίσταται
2683 4951 2793 5012 τοῖς
2836 4947 3205 5020 πρεσϐεύουσι
3244 4950 3313 5002 τὸ
3343 4947 3447 5000 τοῦ
3514 4941 3697 5016 Ἰησοῦ

397 5033 676 5104 spondens
700 5032 898 5088 Petrus
942 5032 1078 5087 dixit
1105 5053 1116 5087 :
1153 5051 1172 5084 ι
1202 5032 1434 5088 Obedire
1461 5039 1677 5104 Oportet
1721 5031 1831 5087 Deo
1860 5047 1977 5086 ma-

2085 5043 2267 5114 ὗνομα.
2301 5043 2412 5095 Καὶ
2457 5042 2617 5094 πάλιν
2656 5040 2842 5094 ἄλλοτε
2887 5039 3128 5112 Ἡρώδης
3175 5039 3208 5089 ὁ
3247 5039 3369 5092 τῶν
3421 5039 3698 5093 Ἰουδαίων

398 5125 481 5193 gis
510 5139 674 5193 quam
702 5122 1020 5178 hominibus
1051 5123 1118 5177 ⁸⁸.
1156 5141 1176 5174 ι
1213 5119 1368 5175 Haud
1408 5122 1483 5174 ita
1520 5121 1693 5174 multo
1740 5127 1863 5192 post
1893 5119 1974 5172 la-

399 5215 618 5285 pidibus
662 5216 865 5285 petitus
911 5213 1222 5286 Stephanus
1271 5213 1616 5278 interﬁcitur,
1665 5228 1790 5268 cum
1829 5212 1972 5282 apud

398 5306 714 5361 Judaaorum
755 5307 1160 5362 multitudinem
1205 5305 1476 5375 intrepide
1529 5305 1970 5369 concionaretur,

401 5407 564 5468 atque
615 5398 902 5454 insettatio
948 5416 1058 5455 non
1116 5398 1407 5454 mediocris
1437 5406 1555 5452 orta
1603 5407 1684 5453 est
1713 5397 1973 5453 adversus

402 5507 520 5556 eos,
551 5493 646 5561 qui
688 5508 889 5548 nomen
923 5491 1054 5548 Jesu
1086 5491 1302 5562 publice
1330 5491 1808 5546 commendabant.
1853 5490 1975 5543 Alio

403 5600 595 5640 rursus
639 5594 881 5656 tempore
928 5584 1199 5648 llerodes.
1231 5583 1325 5656 qui
1369 5582 1680 5638 Judmorum
1712 5598 1808 5638 rex
1833 5589 1972 5645 erat,

399 5674 660 5732 Iacobum
716 5677 943 5733 fratrem
989 5677 1217 5734 Joannis
1272 5677 1472 5734 occidit
1509 5677 1709 5750 gladio.
1752 5674 1972 5732 Petrum

472 5769 516 5800 ιδ
548 5769 670 5825 Act.
703 5788 756 5838 v,
781 5771 871 5824 ευ.

2081 5135 2332 5206 βασιλεὺς
2357 5133 2562 5186 ἀνεῖλεν
2595 5133 2684 5185 τὸν
2722 5131 2973 5186 Ἰάκωϐον
3003 5130 3090 5182 τὸν
3123 5127 3384 5201 ἀδελφὸν
3439 5131 3698 5185 Ἰωάννου

2084 5222 2346 5294 μαχαίρᾳ,
2374 5220 2465 5273 τόν
2494 5237 2551 5273 τε
2582 5220 2784 5290 Πέτρον
2815 5223 2843 5274 ὁ
2873 5220 3032 5282 αὐτὸς
3059 5217 3297 5288 δεσμοῖς
3335 5219 3697 5292 περιεξὸαλεν,

2080 5313 2156 5375 ὼς
2184 5315 2242 5364 ὲν
2262 5313 2383 5375 ταῖς
2408 5309 2646 5382 Πράξεσι
2687 5311 2796 5364 τῶν
2834 5307 3146 5363 ἀποστόλων
3172 5307 3546 5380 γέγραπται.
3589 5306 3704 5362 Καὶ

2080 5402 2284 5456 τούτων
2313 5400 2482 5456 ταῦτα
2513 5401 2877 5464 πεπονθότων,
2906 5401 2954 5451 οἱ
2988 5396 3172 5450 λοιποὶ
3216 5399 3487 5470 μαθηταὶ
3530 5393 3705 5467 ἀπρὶξ

2081 5490 2326 5560 ἐχόμενοι
2358 5488 2450 5542 τοῦ
2493 5489 2690 5561 Ἰησοῦ,
2733 5488 3034 5558 παρέμενον
3065 5484 3145 5537 ἔτι
3179 5487 3408 5556 μᾶλλον
3443 5491 3531 5554 εἰς
3576 5487 3707 5543 πάν,

2080 5597 2177 5644 τας
2209 5581 2367 5634 αὐτόν
2401 5599 2456 5634 τε
2487 5584 2580 5635 καὶ
2622 5580 2721 5644 τὰς
2756 5575 3226 5652 παραδοξοποιίας
3263 5581 3448 5635 αὐτοῦ
3489 5596 3705 5647 καταγ-

2081 5671 2380 5740 γέλλοντες.
2423 5675 2544 5729 Ἐπὶ
2571 5673 2780 5737 τούτοις
2828 5669 3080 5733 Ἰάκωϐος
3105 5669 3134 5721 ὁ
3172 5668 3431 5744 ἀδελφὸς
3460 5672 3560 5728 τοῦ
3599 5670 3712 5726 Ku-
