3880 6256
1177 369 1828 430 DEMONSTRATIONIS
1853 367 2308 427 EVANGELICE
2349 366 2476 424 [ΑΒ.
2517 366 2606 422 Ill.

3387 366 3490 424 210

268 484 398 559 ρίου,
440 483 501 538 ὃν
531 486 585 538 οἰ
625 485 794 540 πάλαι
826 484 894 538 τὰ
930 484 1271 558 Ἰεροσόλυμα
1303 487 1575 553 οἰκοῦντες
1610 487 1825 542 ὲκάλουι

1937 502 2066 542 vero
2114 485 2167 540 in
2213 483 2427 539 vincula
2470 480 2720 550 conjecit,
2758 485 2817 534 ut
2845 479 2898 533 in
2928 467 3097 533 .Actis
3125 480 3491 549 apostolorum
3537 515 3550 526 -

267 580 466 634 δίκαιον
491 575 586 633 διὰ
616 576 686 629 τά
709 576 810 645 τῆς
834 577 1031 646 ἀρετῆς
1059 577 1519 648 πλεονεκτήματα,
1542 577 1836 650 ἐρωτηθεὶς

269 671 397 743 πρὸς
434 668 546 721 τῶν
589 667 890 740 ἀρχιερέων
930 669 1025 723 καὶ
1063 668 1393 722 διδασκάλων
1421 668 1514 722 τοῦ
1571 669 1834 724 Ἰουδαίων

267 763 468 825 ἔθνους,
496 761 619 812 τίνα
661 761 790 831 περὶ
827 759 921 812 τοῦ
959 760 1194 831 Χριστοῦ
1233 759 1346 830 ἔχοι
1383 760 1562 826 δόξαν,
1601 761 1834 816 κᾶπειτα

265 853 734 925 ἀποκρινάμενος,
772 851 852 903 ὅτι
893 852 1005 915 υίὸς
1039 851 1173 904 Θεοῦ
1206 853 1311 922 εἴη,
1345 852 1511 916 λίθοις
1547 854 1640 906 καὶ
1673 853 1834 918 αὐτὸς

263 947 395 1019 πρὸς
440 945 624 999 αὐτῶν
664 944 932 1015 βάλλεται.
975 944 1085 996 Kal.
1128 944 1331 1014 Πέτρος
1373 944 1428 998 δὲ
1475 945 1568 998 ἐπὶ
1619 944 1833 1016 Ῥώμης

263 1037 402 1093 κατὰ
439 1037 687 1107 κεφαλῆς
721 1035 1062 1108 σταυροῦται,
1099 1035 1308 1099 Παῦλός
1344 1053 1402 1090 τε
1445 1037 1831 1108 ἀποτέμνεται,

275 1130 534 1201 Ἰωάννης
569 1148 631 1184 τε
673 1131 822 1200 νήσῳ
856 1129 1223 1201 παραδίδοται.
1264 1129 1372 1184 Καὶ
1417 1130 1620 1184 τούτων
1661 1131 1833 1186 ταῦτα

263 1221 567 1285 παθόντων,
601 1221 772 1284 οὐδεὶς
803 1221 909 1274 τῶν
933 1221 1136 1275 λοιπῶν
1160 1221 1350 1294 ἐξέστη
1379 1222 1480 1293 τῆς
1503 1222 1829 1292 προθέσεως,

261 1314 324 1366 δι’
352 1315 522 1383 εὐχῆς
547 1315 606 1368 δὲ
628 1314 896 1384 τιθέμενοι
925 1314 1018 1366 καὶ
1040 1314 1192 1366 αὐτοὶ
1217 1313 1323 1368 τῶν
1350 1315 1480 1368 ῐσων
1507 1318 1619 1379 τοῖς
1644 1333 1831 1386 προει-

265 1407 522 1477 ρημένοις
554 1408 651 1478 τῆς
696 1408 776 1470 εἰς
811 1406 872 1459 τὸ
919 1405 1072 1460 Θεῖον
1117 1407 1396 1470 εὐσεϐείας
1428 1406 1589 1459 ἕνεκα
1624 1409 1828 1476 τυχεῖν,

265 1497 338 1549 ἔτι
397 1496 602 1566 μᾶλλον
651 1496 730 1568 τῷ
785 1496 958 1568 Ἰησοῦ
1011 1498 1104 1550 καὶ
1141 1500 1250 1560 τοῖς
1291 1497 1612 1566 παραδόξοις
1653 1497 1831 1568 ἔργοις

265 1587 421 1640 αὐτοῦ
455 1587 596 1657 μετά
640 1588 950 1658 παρρησίας
991 1587 1350 1659 ἐμαρτύρουν.
1390 1587 1498 1639 Καὶ
1529 1587 1635 1660 μὴν
1673 1586 1830 1660 εἴπερ

263 1681 545 1751 ψεύσματα
595 1675 665 1751 ἦν
715 1679 858 1734 κατὰ
914 1680 1184 1751 συνθήκην
1224 1679 1404 1742 αὐτοῖς
1449 1678 1828 1750 πεπλασμένα,

265 1771 561 1843 θαυμάζειν
594 1773 764 1840 ἄξιον,
795 1774 958 1837 ὅπως.
975 1773 1196 1827 τοσοῦτο
1227 1773 1429 1842 πλῆθος
1469 1772 1569 1844 τὴν
1609 1789 1828 1843 συμφω-

262 1865 376 1919 νίαν
406 1867 500 1918 ἐπὶ
540 1869 653 1930 τοῖς
692 1866 971 1936 πλάσμασι
1002 1869 1094 1920 καὶ
1135 1867 1296 1938 μέχρι
1325 1865 1550 1918 θανάτου
1581 1865 1829 1934 διεφύλα-

263 1954 367 2020 ξεν,
409 1956 588 2019 οὐδείς
637 1974 697 2010 τε
745 1957 921 2010 αὐτῶν
984 1957 1201 2013 πώποτε
1259 1957 1330 2011 τά
1384 1958 1664 2028 συμϐάντα
1718 1961 1828 2020 τοῖς

265 2043 732 2117 προανῃρημένοις
806 2046 1040 2117 τρέσας,
1117 2047 1308 2118 ἐξέστη
1379 2047 1478 2116 τῆς
1553 2047 1831 2118 ὲταιρίας;

259 2134 361 2188 οὐδ’
406 2135 744 2206 άντεκήρυξε
795 2140 904 2200 τοῖς
953 2137 1154 2201 ἄλλοις,
1211 2139 1290 2198 εἰς
1333 2139 1447 2208 φῶς
1499 2138 1718 2207 ἀγαγὼν
1761 2139 1827 2192 τὰ

260 2227 665 2295 συντεθειμένα.
741 2226 898 2279 Ἀλλά
941 2228 1034 2279 καὶ
1075 2230 1104 2281 ὁ
1153 2225 1329 2292 ζῶντα
1379 2228 1666 2300 προδοῦναι
1708 2230 1826 2282 τολ-

259 2316 435 2386 μήσας
478 2317 661 2381 αὐτὸν,
691 2317 1004 2387 αὐτοχειρίᾳ
1065 2317 1185 2370 καθ’
1241 2318 1434 2372 ἑαυτοῦ
1492 2319 1829 2390 παραχρῆμα

256 2405 348 2474 τὴν
375 2406 535 2477 δίκην
578 2407 946 2462 ἐπεσπάσατο.
996 2407 1232 2461 Κάκεῖνο
1277 2407 1333 2460 δὲ
1377 2407 1492 2471 πῶς
1527 2409 1585 2461 οὐ
1634 2408 1828 2480 μεστὸν

256 2495 590 2566 ἐκπλήξεως,
634 2497 696 2549 τὸ
735 2497 965 2560 πλάνους
1005 2497 1205 2569 ἄνδρας
1247 2497 1340 2551 καὶ
1399 2497 1631 2562 ἰδιώτας,
1691 2499 1827 2570 μήτε

254 2584 453 2652 λαλεῖν,
493 2588 632 2657 μήτε
697 2587 914 2641 ἀκούειν
970 2589 1130 2642 πλέον
1202 2590 1300 2660 τῆς
1362 2590 1590 2661 πατρίου
1645 2591 1828 2660 φωνῆς

255 2678 665 2747 ἐπισταμένους,
745 2679 818 2749 μὴ
894 2680 1072 2750 μόνον,
1126 2680 1471 2751 διανοηθῆναι
1561 2682 1826 2752 τολμῆσαι

257 2769 537 2840 προελθεῖν
594 2771 685 2823 ἐπὶ
730 2771 827 2841 τὴν
875 2771 984 2825 τῶν
1033 2772 1200 2827 ἐθνῶν
1254 2773 1506 2827 ἁπάντων
1559 2773 1824 2843 περίοδον,

256 2855 385 2910 ἀλλὰ
474 2860 568 2911 καὶ
639 2859 998 2930 προελθόντας
1081 2861 1420 2933 κατορθῶσαι
1505 2863 1567 2916 τὸ
1642 2864 1828 2933 ἐπιτήο

255 2946 424 3018 δευμα
451 2965 467 3013 ;
497 2947 703 3019 Σκέψαι
735 2949 791 3002 δὲ
831 2951 1012 3003 ὁποῖόν
1040 2951 1156 3004 ἐστι
1187 2952 1279 3004 καὶ
1319 2953 1379 3005 τὺ
1424 2952 1626 3024 μηδένα
1657 2952 1827 3022 μηδα-

261 3036 358 3107 μοῦ
386 3038 655 3108 διάφωνον
689 3039 991 3109 ἐξενεγκεῖν
1025 3043 1151 3113 περὶ
1183 3042 1286 3096 τῶν
1313 3043 1564 3114 πράξεων
1588 3041 1680 3095 τοῦ
1718 3043 1822 3113 Ἰη-

1939 580 2198 649 scriptum
2229 583 2312 631 cst
2349 576 2415 630 ⁸⁷.
2455 573 2519 627 Et
2549 589 2672 627 cum
2703 573 2758 626 bi
2796 572 2925 626 talia
2953 572 3323 642 pertulissent,
3367 574 3494 626 reli-

1935 673 2028 744 qui
2061 668 2312 739 discipuli
2346 665 2787 721 constantissime
2824 661 2954 719 Jesu
2996 678 3096 718 suo
3130 663 3491 729 adhaerentes,

1934 762 2092 832 longe
2117 759 2281 815 etiam
2303 757 2474 827 magis
2496 770 2659 826 quam
2690 764 2817 809 ante
2845 761 3258 825 perseverarunt
3286 755 3340 808 in
3371 769 3496 824 pro-

1935 853 2134 924 posito,
2169 849 2313 921 apud
2352 849 2636 904 universos
2665 847 2865 918 ubique
2894 854 2948 902 et
2973 848 3123 902 illum
3149 855 3202 909 et
3229 847 3494 902 miracula

1934 945 2080 1000 illius
2129 943 2505 1014 praedicantes.
2559 938 2753 996 Postea
2803 939 3038 996 Jacobus
3080 938 3248 996 frater
3280 938 3493 996 Domini

1933 1035 2027 1106 qui
2051 1035 2118 1088 ab
2141 1035 2206 1088 iis
2234 1034 2326 1104 qui
2356 1033 2486 1088 olim
2517 1030 2894 1104 Hierosolyma
2921 1031 3249 1095 incolebant,
3281 1031 3351 1086 ob
3377 1030 3485 1084 vir-

1933 1124 2065 1179 tutis
2085 1123 2459 1180 excellentiam
2473 1119 2661 1177 Justus
2682 1122 3001 1187 vocabatur,
3019 1133 3050 1174 a
3073 1121 3418 1191 pontificibus
3437 1126 3494 1176 et

1931 1214 2169 1270 Judaicaa
2199 1215 2375 1286 gentis
2400 1213 2676 1286 magistris
2715 1214 3103 1284 interrogatus,
3130 1213 3390 1283 quidnam
3425 1213 3494 1268 de

1930 1305 2057 1362 Jesu
2091 1307 2336 1370 sentiret,
2377 1321 2500 1360 cum
2529 1304 2861 1376 plane‘illum
2904 1319 3025 1360 esse
3058 1303 3254 1359 Filium
3283 1303 3380 1358 Dei
3407 1321 3495 1360 re-

1932 1398 2264 1470 spondisset,
2308 1399 2423 1468 ipse
2450 1412 2667 1468 quoque
2707 1395 2978 1466 lapidibus
3030 1395 3100 1451 ab
3149 1396 3257 1450 illis
3295 1397 3496 1466 petitur

1932 1500 2094 1563 atque
2125 1489 2466 1547 interficitur.
2511 1488 2703 1544 Petrus
2749 1497 2929 1543 autem
2976 1487 3161 1543 Roma:
3213 1489 3388 1560 capite
3437 1490 3496 1543 in

1929 1595 2127 1641 terram
2169 1599 2327 1641 verso
2362 1582 2511 1638 cruci
2543 1580 2794 1652 anigitur.
2827 1579 2998 1636 Paulo
3035 1596 3165 1636 vero
3197 1587 3360 1652 caput
3397 1582 3498 1637 ab—

1931 1677 2219 1742 scinditur,
2258 1683 2312 1731 et
2341 1673 2578 1730 Joannes
2618 1673 2674 1727 in
2712 1673 2946 1729 insulam
2980 1673 3272 1743 relegatur.
3319 1672 3495 1742 Hique

1930 1782 2053 1823 cum
2081 1768 2209 1822 talia
2235 1767 2381 1837 passi
2414 1772 2617 1831 essent,
2647 1764 2830 1819 nullus
2861 1764 3194 1836 reliquorum
3229 1764 3298 1820 ab
3322 1765 3495 1819 incae-

1929 1866 2022 1929 pto
2051 1857 2278 1915 destitit.
2310 1856 2455 1922 Quin
2504 1857 2666 1912 etiam
2697 1857 2836 1910 votis
2866 1856 3241 1926 unusquisque
3271 1862 3493 1926 expete-

1929 1949 2041 2017 bat,
2077 1949 2294 2020 pietatis
2357 1947 2636 2018 divinique
2673 1947 2855 2002 cultus
2902 1946 3098 2019 gratia,
3130 1945 3232 2001 sibi
3276 1959 3494 2016 quoque

1929 2040 2133 2110 aliquid
2168 2040 2274 2096 tale
2294 2040 2626 2110 contingere.
2645 2037 2765 2104 Quo
2786 2038 2949 2093 etiam
2972 2038 3314 2092 constantius
3331 2045 3493 2108 atque

1928 2133 2209 2187 ardentius
2257 2140 2310 2187 et
2359 2132 2462 2200 ipsi
2492 2131 2642 2197 Jcsu,
2678 2139 2733 2185 et
2784 2128 3198 2184 admirabilibus
3247 2127 3494 2198 ejusdem

1929 2224 2094 2294 gestis
2139 2223 2512 2278 testimonium
2559 2222 2872 2277 allerebant.
2929 2220 3084 2287 Quod
3121 2222 3166 2276 si
3212 2221 3495 2275 mendacia

1928 2316 2044 2371 haec
2074 2324 2230 2370 erant
2269 2330 2388 2384 qua:
2433 2315 2511 2368 illi
2538 2329 2604 2368 ex
2640 2313 2942 2382 composito
2975 2312 3277 2374 ﬁnxisscnt,
3314 2325 3493 2380 operae

1928 2409 2160 2478 pretium
2192 2407 2297 2462 erit
2326 2405 2606 2471 admirari,
2632 2418 2869 2475 quonam
2900 2411 3060 2473 pacto
3090 2409 3274 2458 tantus
3303 2417 3495 2456 nume-

1929 2516 2046 2563 rus,
2080 2513 2410 2554 consensum
2438 2499 2588 2551 illum
2626 2497 2768 2550 inter
2793 2510 2852 2551 se
2897 2497 2953 2548 in
2995 2494 3162 2548 rebus
3199 2493 3358 2561 ﬁctis,
3409 2493 3496 2549 vel

1931 2608 2102 2662 usque
2129 2590 2196 2646 ad
2234 2602 2460 2646 mortem
2496 2588 2814 2654 servaverit,
2856 2601 3032 2657 neque
3055 2571 3198 2642 ullus
3226 2601 3491 2656 unquam,

1927 2698 2112 2737 earum
2140 2697 2324 2736 rerum
2351 2680 2641 2736 formidine
2665 2693 2788 2748 qua:
2817 2677 2944 2740 illis,
2991 2677 3084 2746 qui
3115 2676 3266 2747 prius
3291 2675 3494 2731 sublati

1926 2783 2082 2830 erant
2109 2773 2458 2836 accidissent,
2486 2787 2517 2824 a
2547 2771 2810 2826 societate
2851 2769 3160 2834 desciverit,
3202 2785 3378 2839 neque
3405 2784 3494 2824 re-

1926 2867 2092 2938 liquis
2124 2867 2340 2936 publice
2363 2865 2776 2930 contradixerit,
2811 2864 3046 2936 prodens
3089 2877 3154 2918 ea
3182 2878 3303 2933 quae
3351 2863 3496 2918 inter

1927 2958 2078 3029 ipsos
2103 2958 2559 3028 composuissent.
2585 2958 2725 3023 Quin
2742 2965 2796 3011 et
2814 2971 2955 3011 unus
2971 2970 3182 3020 eorum,
3201 2954 3294 3025 qui
3309 2953 3494 3008 vivum

1930 3057 2317 3119 praeceptorem
2360 3047 2589 3118 prodere
2620 3063 2788 3102 ausus
2817 3055 2921 3110 est,
2959 3046 3104 3100 illico
3132 3059 3350 3098 manum
3388 3043 3493 3098 sibi

258 3123 346 3176 σοῦ
372 3125 550 3194 λόγον.
577 3127 640 3180 Εἰ
671 3127 782 3200 γάρ
817 3129 908 3180 ἐπὶ
937 3129 1151 3185 πάντων
1178 3132 1659 3203 ἀμφιγνοουμένων
1687 3150 1821 3203 πρα-

1927 3143 2025 3215 ipsi
2055 3144 2403 3199 consciscens
2425 3180 2440 3207 ,
2487 3140 2731 3196 debitum
2755 3139 3082 3212 supplicium
3105 3137 3329 3192 invenit.
3353 3134 3493 3190 illud

257 3218 500 3288 γμάτων,
537 3219 594 3272 έν
626 3237 686 3272 τε
720 3224 831 3284 τοῖς
859 3221 1000 3283 κατά
1026 3223 1223 3292 νόμους
1253 3225 1619 3298 δικαστηρίοις
1651 3229 1743 3281 καὶ
1767 3230 1826 3282 ὲν

259 3312 370 3372 ταῖς
408 3315 618 3376 κοιναῖς
649 3313 1111 3385 ἀμφισϐητήσεσι,
1133 3316 1240 3369 τῶν
1275 3318 1566 3388 μαρτύρων
1603 3337 1827 3390 συμφω·

260 3402 340 3453 νία
381 3405 543 3472 κυροῖ
571 3404 632 3456 τὸ
672 3406 1139 3476 άμφιγνοούμενον
1210 3409 1322 3479 (ἐπὶ
1369 3411 1630 3482 στόματος
1656 3413 1701 3466 δ’
1733 3409 1825 3467 οῦν

258 3491 343 3545 δύο
369 3494 462 3546 καὶ
483 3494 649 3563 τριῶν
681 3498 970 3569 μαρτύρων
997 3500 1303 3554 συνίσταται
1336 3504 1440 3555 πᾶν
1476 3505 1628 3574 ῥῆμα
1645 3505 1683 3574 ),
1709 3506 1826 3570 πῶς

262 3585 353 3637 οὐκ
395 3585 462 3639 ἂν
495 3589 528 3657 ἡ
572 3587 799 3658 ἀλήθεια
844 3592 936 3643 καὶ
983 3591 1074 3644 ἐπὶ
1120 3592 1285 3645 τῶνδε
1331 3597 1578 3666 συσταίη,
1620 3596 1825 3650 δώδεκα

266 3674 355 3742 μὲν
406 3676 578 3729 ὄντων
635 3679 964 3746 ἀποστόλων,
1015 3683 1380 3754 ἐϐδομήκοντα
1423 3685 1481 3738 δὲ
1543 3686 1822 3758 μαθητῶν,

268 3770 448 3840 μυρίοι)
475 3788 534 3823 τε
566 3771 802 3843 πλήθους
826 3775 1030 3828 τούτων
1053 3776 1229 3840 ἐκτὸς,
1259 3778 1474 3832 πάντων
1508 3778 1823 3851 θαυμαστὴν

265 3863 570 3932 συμφωνίαν
615 3866 1086 3938 ὲπιδεδειγμένων,
1130 3871 1224 3922 καί¹
1265 3871 1730 3942 μαρτυρησάντων
1760 3891 1824 3941 γε

261 3956 363 4015 τοῖς
411 3954 517 4007 ὑπὸ
564 3955 656 4008 τοῦ
704 3955 876 4025 Ἰησοῦ
923 3959 1352 4031 πεπραγμένοις,
1402 3963 1503 4014 οὐκ
1550 3961 1820 4032 ἀνιδρωτὶ,

262 4041 340 4095 διὰ
375 4043 431 4096 δὲ
459 4045 708 4114 βασάνων
736 4046 1032 4117 ὑπομονῆς,
1067 4050 1159 4101 καί
1187 4048 1367 4120 πάσης
1394 4051 1576 4115 αἰκίας
1607 4052 1699 4104 καὶ
1731 4051 1825 4105 θα-

263 4137 431 4196 νάτου,
461 4139 554 4191 καὶ
582 4139 675 4191 ἐπὶ
712 4140 876 4192 πᾶσιν
901 4141 1005 4194 ὑπὸ
1032 4139 1126 4195 τοῦ
1157 4142 1292 4196 Θεοῦ
1335 4143 1822 4216 μαρτυρηθέντων;

266 4229 351 4292 Ὄς
380 4230 473 4282 τὸν
506 4231 598 4282 ὑπ’
627 4229 790 4283 αὐτοῦ
827 4233 1265 4301 καταπελθέντα
1287 4235 1440 4303 λόγον
1473 4235 1552 4290 ἔτι
1582 4238 1676 4289 καὶ
1702 4235 1818 4302 νῦν,

262 4323 346 4374 καὶ
378 4325 456 4385 εἰς
480 4323 601 4375 ὅλον
628 4325 720 4378 τὸν
759 4325 928 4379 αἰῶνα
956 4326 1231 4396 κρατύνει.
1265 4327 1449 4381 Ταῦτα
1478 4328 1576 4399 μὲν
1607 4325 1700 4382 οὖν
1725 4331 1823 4400 ἁρ-

262 4413 350 4482 χῆς
376 4414 576 4468 ἀτόπου
609 4415 751 4468 κατὰ
799 4415 1141 4486 συγχώρησιν
1166 4417 1407 4488 δοθείσης
1435 4419 1817 4490 γεγυμνάσθω.

1931 3235 2087 3304 117
2116 3249 2280 3304 porro
2299 3232 2395 3304 qul
2429 3231 2547 3288 fieri
2571 3240 2772 3304 potest,
2804 3243 2862 3287 ut
2903 3246 3011 3286 non
3041 3244 3258 3285 omnem
3296 3227 3495 3284 habeat

1926 3333 2236 3397 stuporem,
2279 3325 2527 3380 homines
2568 3321 2886 3378 seductores
2938 3330 3100 3391 atque
3152 3319 3492 3382 illitteratos,

1924 3415 2018 3485 qui
2051 3429 2228 3484 neque
2271 3413 2421 3484 loqui
2469 3426 2646 3481 neque
2686 3409 2876 3464 audire
2934 3407 3264 3478 quidquam,
3297 3411 3494 3474 praeter

1926 3521 2090 3560 unam
2121 3505 2353 3578 patriam
2393 3505 2631 3573 linguam
2659 3500 3102 3563 consuevissent,
3148 3512 3260 3552 non
3313 3496 3496 3552 solum

1925 3599 2262 3668 excogitasse
2309 3595 2590 3652 audaciam
2643 3593 2965 3664 peragrandi
3011 3590 3199 3645 orbem
3246 3587 3495 3643 omnium

1925 3689 2227 3753 nationum,
2259 3687 2354 3743 sed
2381 3701 2507 3742 cum
2541 3682 2947 3756 peragraverint
2969 3720 2986 3747 ,
3019 3679 3315 3751 perfecisse
3345 3677 3492 3747 quod

1925 3780 2336 3852 cogitaverant?
2375 3779 2758 3849 Contemplare
2811 3782 3072 3846 prasterea
3133 3777 3396 3841 quantum
3437 3775 3495 3824 et

1924 3869 2232 3942 cuiusmodi
2262 3871 2353 3932 sit,
2385 3868 2512 3922 illos
2547 3867 2614 3921 de
2657 3866 2820 3920 rebus
2854 3863 3021 3936 gestis
3056 3859 3185 3916 Jesu
3207 3899 3222 3924 ,
3279 3858 3492 3914 nullum

1924 3978 2154 4034 usquam
2182 3961 2498 4030 discrepans
2537 3958 2760 4014 verbum
2803 3954 3115 4026 protulisse.
3158 3950 3215 4006 Si
3244 3951 3391 4007 enim
3433 3952 3493 4007 in

1923 4055 2177 4112 omnibus
2209 4053 2375 4108 rebus
2401 4051 2468 4106 de
2494 4049 2694 4120 quibus
2731 4047 3046 4118 ambigitur,
3071 4053 3234 4116 atque
3267 4046 3322 4099 in
3341 4044 3492 4115 judi-

1923 4149 2026 4204 ciis
2079 4162 2200 4219 quae
2239 4161 2305 4202 ex
2343 4145 2554 4216 legibus
2582 4149 2904 4198 exercentur
2929 4183 2943 4208 ,
3001 4138 3491 4209 communibusque

1923 4237 2330 4301 controversiis,
2360 4249 2661 4290 consensus
2701 4219 2919 4288 testium
2953 4237 3162 4284 certum
3206 4236 3493 4298 ratumque

1923 4331 1977 4385 id
1994 4329 2155 4386 ellicit
2183 4328 2251 4384 de
2281 4325 2390 4398 quo
2421 4325 2713 4396 ambigitur
2741 4325 2819 4393 (in
2853 4338 2947 4379 ore
2981 4321 3128 4376 enim
3151 4322 3382 4377 duorum
3405 4319 3493 4374 vel

1922 4422 2088 4476 trium
2121 4421 2341 4476 teStium
2371 4417 2626 4472 consistit
2667 4431 2828 4470 omne
2855 4415 3138 4484 verbum),
3181 4430 3280 4470 cur
3307 4414 3364 4466 in
3403 4412 3493 4467 his

260 4500 325 4556 Τὸ
352 4505 460 4576 γάρ
488 4510 602 4570 τοῖς
627 4509 921 4576 ἐγγράφοις
945 4507 1200 4561 τάναντία
1242 4510 1547 4574 ὑπολαϐεῖν,
1582 4512 1678 4564 καὶ
1713 4512 1818 4580 φά-

1927 4526 2140 4582 quoque
2187 4509 2388 4565 veritas
2445 4523 2556 4563 non
2610 4505 2907 4562 consistat?
2953 4521 3077 4560 cum
3106 4513 3159 4560 et
3203 4502 3496 4558 duodecim

257 4613 338 4649 ναι
369 4598 464 4652 τὸν
509 4600 716 4669 Ἰησοῦν
749 4600 1065 4655 διδάσκαλον
1101 4603 1380 4672 γεγονέναι
1419 4606 1492 4678 μὴ
1526 4607 1818 4677 σωφρόνων

257 4686 438 4756 λόγων,
471 4692 685 4756 ἀδικίας
715 4692 773 4744 δὲ
816 4694 906 4746 καὶ
936 4694 1244 4762 πλεονεξίας
1279 4696 1370 4749 καὶ
1414 4697 1593 4767 πάσης
1625 4699 1821 4752 ἀκολασ-

259 4776 389 4842 σίας,
419 4781 548 4843 τούς
579 4780 908 4852 τεξμαθητὰς
939 4782 1106 4854 αὐτῷ,
1131 4783 1354 4838 τοιαῦτα
1378 4785 1818 4856 δεδιδαγμένους,

259 4872 619 4942 παντορέκτας
663 4876 941 4942 γεγονέναι
991 4876 1084 4929 καὶ
1123 4879 1511 4949 παμπονήρους
1551 4877 1659 4932 τῶν
1706 4879 1820 4933 πώ-

259 4975 378 5012 ποτε
423 4961 751 5033 ἀνθρώπων,
798 4965 918 5018 καθ’
963 4966 1214 5020 ὑπόθεσιν
1248 4968 1378 5038 ἡμῖν
1424 4973 1816 5040 συνεχωρεῖτο·

257 5049 384 5121 ὅπερ
405 5047 473 5122 ἦν
514 5054 714 5113 παντὸς
745 5056 1088 5110 ἀτοπώτατον
1122 5058 1305 5129 ὅμοιον
1338 5058 1412 5121 ὡς
1456 5061 1505 5111 εἰ
1537 5061 1647 5123 καὶ,
1704 5059 1822 5113 Μω-

260 5140 386 5204 σέως
425 5144 487 5195 ἐν
517 5145 631 5206 τοῖς
657 5145 842 5216 νόμοις
873 5147 1138 5216 λέγοντος,
1178 5149 1252 5202 Οὐ
1287 5139 1583 5218 φονεύσεις,
1610 5153 1670 5204 οὐ
1703 5170 1822 5222 μοι-

259 5233 484 5302 χεύσεις,
519 5237 582 5289 οὐ
614 5237 856 5308 κλέψεις,
891 5241 952 5293 οὐ
981 5241 1532 5313 ψευδομαρτυρήσεις,
1557 5260 1820 5314 συκοφαν-

259 5323 356 5377 τῶν
386 5327 547 5380 αὐτὸν
595 5327 835 5382 διέϐαλλέ
867 5349 970 5396 τις,
1007 5331 1178 5399 λέγων
1221 5334 1472 5405 εἰρωνείᾳ
1510 5334 1683 5389 ταῦτα
1717 5336 1818 5404 φά-

260 5431 340 5468 ναι
368 5418 460 5470 καὶ
492 5422 880 5491 προσποιήσει.
924 5421 1215 5476 Βούλεσθαι
1262 5424 1360 5493 μὲν
1390 5425 1498 5496 γὰρ
1529 5427 1653 5490 τοὺς
1688 5429 1820 5498 ὐπηο

263 5505 424 5572 κὸους,
477 5511 572 5565 καὶ
619 5513 885 5581 φονεύειν,
940 5515 1032 5568 καὶ
1083 5514 1373 5587 μοιχεύειν,
1426 5516 1518 5569 καὶ
1565 5518 1824 5571 τάναντία

263 5601 504 5668 πράττειν
537 5597 620 5668 οἷς
656 5605 954 5675 νομοθετεῖ,
999 5607 1412 5678 προσποιεῖσθαι
1451 5607 1508 5660 δὲ
1559 5609 1824 5678 σχηματί-

261 5690 450 5759 ζεσθαι,
485 5699 580 5752 καὶ
612 5697 1105 5769 καθυποκρίνεσθαι
1131 5702 1219 5754 τὸν
1255 5700 1446 5770 σεμνὸν
1477 5699 1605 5769 βίον.
1642 5701 1826 5772 Ταύτῃ

322 5807 363 5839 ⁸⁷
395 5809 513 5866 Act.
553 5826 655 5873 xu,
688 5810 810 5866 2-4,

1929 4601 2158 4674 apostoli
2190 4599 2407 4665 fuerint,
2436 4607 2490 4654 et
2523 4597 2864 4668 septuaginta
2892 4595 3176 4665 discipuli,
3229 4601 3284 4650 et
3329 4593 3492 4647 innue-

1927 4693 2206 4748 merabilis
2240 4699 2394 4746 extra
2427 4690 2572 4746 hunc
2603 4703 2890 4744 numerum
2919 4686 3240 4751 multitudo,
3271 4685 3364 4757 qui
3395 4685 3492 4738 ad-

1926 4783 2228 4836 mirabilem
2262 4783 2318 4836 in
2355 4781 2608 4836 omnibus
2655 4794 2984 4834 consensum
3035 4779 3402 4842 servaverint,
3436 4784 3491 4831 et

1929 4869 1995 4924 de
2017 4869 2176 4926 rebus
2191 4871 2260 4926 ab
2287 4869 2417 4925 Jesu
2433 4870 2600 4940 gestis
2619 4871 2988 4926 testimonium
3039 4869 3320 4934 dederint,
3378 4885 3498 4924 non.

1926 4961 2057 5016 illud
2109 4962 2328 5032 quidem
2367 4963 2486 5017 sine
2523 4961 2740 5026 sudore,
2787 4962 2882 5018 sed
2927 4977 3051 5016 cum
3093 4969 3488 5016 tormentorum

1925 5055 2211 5124 omnisque
2245 5054 2457 5124 injuriae
2494 5069 2559 5108 ac
2593 5053 2826 5123 denique
2860 5054 3054 5110 mortis
3106 5055 3487 5125 perpessione,

1925 5153 1979 5200 et
2002 5161 2140 5216 quos
2169 5155 2443 5216 postremo
2471 5146 2632 5200 etiam
2661 5143 2804 5200 Deus
2837 5146 3077 5203 vicissim
3109 5160 3209 5200 suo
3238 5143 3489 5200 testimo-

1923 5242 2017 5297 nio
2043 5242 2497 5313 comprobaverit,
2530 5243 2622 5312 qui
2653 5243 2877 5298 verbum
2907 5242 3051 5313 quod
3076 5241 3142 5296 ab
3173 5240 3279 5294 illis
3305 5239 3492 5308 prodi-

1925 5343 2038 5388 tum
2086 5333 2470 5404 vulgatumque
2497 5341 2610 5396 est,
2659 5333 2726 5386 ad
2759 5333 2903 5387 hunc
2945 5347 3117 5399 usque
3142 5331 3307 5394 diem,
3341 5337 3394 5384 et
3431 5330 3489 5383 in

1921 5439 2083 5481 omne
2124 5439 2298 5480 aevum
2330 5425 2609 5479 continuat
2650 5433 2812 5494 atque
2840 5430 3119 5493 pr0pagat.
3167 5421 3292 5475 Haec
3324 5419 3490 5490 igitur

1929 5519 2065 5572 satis
2108 5531 2174 5572 ex
2201 5517 2554 5572 concessione
2587 5527 2694 5572 tam
2727 5516 2946 5570 absurdi
2989 5515 3279 5585 principii,
3328 5513 3487 5568 nobis

1929 5607 2182 5662 meditata
2215 5609 2341 5663 sint.
2373 5607 2658 5663 Contraria
2685 5608 2827 5661 enim
2863 5606 2929 5661 iis
2961 5621 3081 5677 quae
3129 5605 3330 5674 scripta
3359 5611 3504 5658 sunt.

1926 5699 2157 5770 opinari,
2187 5709 2240 5757 ct
2275 5697 2459 5757 Jesum
2489 5699 2668 5756 dicere
2697 5714 2806 5755 non
2838 5697 3138 5755 honestatis
3163 5703 3256 5752 aut
3285 5693 3500 5751 sobrie-
