3880 6256
375 377 477 433 211

1050 342 1322 430 EUSEBll
1357 371 1832 430 CESARIENSIS
1871 374 2019 430 OPP.
2065 372 2243 428 PARS
2282 371 2347 427 ll.
2376 401 2446 412 -—
2472 367 2968 426 APOLOGETICA.

3507 363 3613 419 212

371 497 497 550 tatis
531 502 916 566 praeceptorem
949 492 1147 559 fuisse,
1185 492 1283 549 sed
1313 493 1597 564 injustitia:
1645 500 1700 549 et
1752 510 1943 565 super-

2061 494 2154 565 τάρ
2187 484 2280 547 καὶ
2312 490 2410 555 τὰς
2446 491 2553 544 τῶν
2582 490 2711 561 παρ’
2741 487 2964 558 Ἕλλησι
2997 484 3299 554 φιλοσόφων
3333 481 3613 554 ὑποθήκας

368 587 472 641 Μαι
506 586 792 657 omnisque
821 586 1274 657 intemperantia,
1300 595 1354 641 et
1380 586 1528 643 illius
1554 586 1851 656 discipulos
1871 588 1939 641 ab

367 678 462 731 illo
494 680 621 734 talia
654 679 877 735 eductos
897 717 913 743 ,
941 678 1090 732 omni
1128 678 1427 748 cupiditate
1473 693 1537 733 ac
1588 679 1792 734 scelere
1821 693 1941 732 om~

367 787 468 826 nes
497 771 590 841 qui
625 785 866 842 unquam
914 769 1116 825 fuerint
1160 770 1410 826 homines
1443 786 1733 841 superasse
1755 812 1771 835 ,
1813 785 1939 825 cum

368 864 610 918 omnium
642 878 762 936 quas
795 860 1032 918 absurda
1062 871 1211 926 sunt,
1241 863 1697 920 absurdissimum
1726 864 1816 927 sit,
1843 878 1940 919 nos

368 957 503 1037 illud
537 965 717 1012 tamen
740 955 1056 1027 disputandi
1091 958 1267 1029 gratia
1303 936 1528 1011 concedi
1569 971 1733 1026 posse
1760 955 1943 1011 existi-

367 1049 657 1103 mavimus.
692 1048 848 1114 Quod
892 1047 1110 1118 quidem
1138 1054 1221 1103 est
1246 1046 1443 1109 simile,
1470 1055 1531 1100 ut
1562 1046 1607 1102 si
1639 1045 1784 1116 quis,
1816 1059 1941 1099 cum

368 1138 547 1195 Moses
576 1140 631 1194 in
662 1141 778 1196 suis
834 1141 1041 1213 legibus
1072 1140 1222 1196 dicat
1250 1159 1265 1195 :
1315 1159 1335 1192 ι
1375 1138 1493 1194 Non
1524 1139 1742 1195 occides
1766 1180 1782 1205 ,
1830 1153 1942 1192 non

368 1231 757 1297 rnoechaberis,
791 1248 900 1287 non
957 1232 1264 1296 furaberis,
1301 1247 1409 1287 non
1456 1230 1654 1286 falsum
1703 1230 1944 1285 testimo-

369 1324 520 1380 nium
552 1324 702 1380 dices
733 1325 817 1379 “2
862 1345 882 1378 ι
925 1327 1039 1381 haec
1080 1327 1135 1380 in
1170 1325 1407 1397 priorem
1453 1339 1675 1381 sensum
1723 1323 1942 1380 trahens

369 1425 425 1472 et
456 1418 820 1486 calumnians,
848 1420 1019 1484 dicat,
1048 1420 1201 1475 illum
1235 1434 1362 1474 cum
1390 1418 1644 1475 irrisione
1672 1431 1735 1472 ac
1775 1416 1946 1472 simu—

367 1510 574 1567 latione
629 1511 735 1567 alia
774 1513 1118 1585 praecepisse.
1146 1512 1294 1570 Velle
1314 1514 1459 1570 enim
1488 1527 1585 1568 eos
1605 1511 1805 1582 quibus
1838 1510 1945 1564 im-

366 1614 543 1676 peret,
570 1612 623 1661 et
651 1606 903 1663 occidere
930 1616 984 1663 et
1011 1607 1298 1674 mcechari,
1331 1615 1385 1663 et
1415 1606 1485 1663 iis
1513 1606 1697 1661 omnia
1723 1611 1948 1659 contra-

368 1695 452 1749 ria
480 1695 657 1752 facere
688 1712 809 1767 quae
831 1698 947 1768 ipse
978 1698 1031 1752 in
1060 1697 1269 1768 legibus
1301 1697 1567 1768 posuerit,
1600 1694 1693 1751 sed
1724 1694 1945 1749 interim

370 1788 575 1860 lingere
606 1789 851 1845 habitum
894 1807 954 1846 se
985 1798 1040 1845 et
1067 1806 1358 1861 personam
1392 1789 1517 1844 vitae
1554 1789 1820 1860 gravioris
1863 1788 1948 1842 in-

2050 585 2322 641 διαϐάλλοι
2352 584 2416 638 ἄν
2447 599 2550 648 τις,
2578 584 2666 638 τόν
2687 598 2747 636 τε
2779 574 3101 652 καρτερικὸν
3136 577 3247 648 βίον
3276 576 3370 629 καὶ
3393 575 3518 637 τοὺς
3540 573 3621 627 λό-

2051 695 2181 749 γους
2207 675 2384 730 αὐτῶν
2418 674 2651 739 πάντων,
2682 672 2902 745 φάσκων
2934 668 3189 729 ἐναντίως
3223 665 3320 737 μὲν
3346 667 3457 727 τοῖς
3481 663 3614 717 ἀνα-

2049 766 2453 839 γεγραμμένοις
2486 761 2845 818 διατεθεῖσθαι
2884 760 3078 822 αὐτοὺς
3124 757 3219 810 καὶ
3254 752 3618 808 ἀναϐεϐιωκέ-

2049 873 2158 921 ναι,
2193 855 2658 929 προσπεποιῆσθαι
2686 854 2741 908 δὲ
2779 852 2899 906 καθ’
2933 850 3236 921 ὑπόκρισιν,
3271 847 3360 899 τὸν
3405 843 3621 913 φιλόσο-

2051 967 2148 1021 φον
2186 949 2459 1021 μετελθεῖν
2493 947 2625 1019 βίον.
2660 945 2845 1009 Οὕτως
2874 943 2932 997 δέ
2972 960 3054 1007 τις
3087 942 3180 995 καὶ
3207 941 3385 1001 πάσας
3432 934 3622 997 ἁπλῶς

2051 1047 2223 1099 εἰπεῖν
2250 1041 2348 1106 τὰς
2376 1040 2484 1094 τῶν
2521 1037 2764 1093 παλαιῶν
2804 1036 3073 1091 διαϐάλλοι
3109 1034 3173 1089 ἂν
3205 1030 3465 1102 ἱστορίας,
3497 1026 3623 1081 ἀθε-

2051 1137 2158 1192 τῶν
2186 1136 2284 1207 τὴν
2325 1138 2383 1190 ὲν
2421 1136 2610 1197 αὐταῖς
2653 1131 2931 1203 ἀλήθειαν,
2965 1129 3061 1182 καὶ
3103 1129 3181 1189 εἰς
3219 1120 3529 1178 τούναντίον
3554 1116 3625 1171 τὰ

2051 1229 2355 1302 δηλούμενα
2380 1224 2838 1300 παραδεχόμενος.
2879 1220 3016 1274 Ἀλλ’
3042 1220 3118 1283 ὡς
3145 1219 3245 1271 οὐκ
3270 1216 3335 1285 ἀν
3355 1231 3438 1277 τις
3465 1211 3626 1281 ὀκνή-

2054 1340 2165 1377 σειε
2190 1321 2299 1376 τῶν
2337 1315 2394 1374 εὖ
2423 1318 2759 1391 φρονούντων
2794 1312 3077 1386 μαίνεσθαι
3100 1309 3191 1363 τὸν
3220 1307 3456 1395 τοιοῦτον
3489 1305 3627 1358 ἀπο-

2054 1412 2345 1485 φήνασθαι,
2373 1410 2517 1465 οῦτω
2545 1408 2640 1464 καλ⁸
2672 1408 2764 1462 ἐπὶ
2797 1407 2905 1460 τῶν
2936 1403 3030 1458 τοῦ
3067 1401 3324 1473 Σωτῆρος
3359 1398 3532 1467 λόγων
3561 1411 3626 1448 τε

2053 1511 2149 1564 καὶ
2203 1505 2573 1579 μαθημάτων,
2619 1500 2673 1556 εἴ
2705 1519 2788 1565 τις
2842 1497 3072 1569 τάληθὲς
3122 1494 3477 1565 διαστρέφων,
3524 1491 3627 1563 τὴν

2053 1600 2302 1655 ἐναντίαν
2346 1592 2428 1661 οἷς
2468 1595 2712 1648 ἐδίδασκε
2746 1590 3089 1665 περιϐάλλειν
3132 1585 3277 1656 αὐτῷ
3309 1584 3463 1650 δόξαν
3501 1600 3629 1636 πει-

2059 1691 2216 1765 ρῷτο.
2261 1688 2406 1762 Πλὴν
2451 1686 2566 1743 ἀλλ’
2615 1685 2769 1758 ἐδόθη
2808 1686 2904 1739 καὶ
2943 1683 3100 1736 τοῦτο
3136 1681 3211 1744 ὡς
3251 1681 3309 1733 ὲν
3349 1677 3627 1743 ὑποθέσει,

2056 1786 2204 1848 ὅπως
2235 1782 2330 1837 καὶ
2361 1782 2426 1834 ὲκ
2455 1777 2790 1852 περιουσίας,
2820 1778 2915 1831 καὶ
2957 1777 3012 1829 ὲν
3041 1774 3226 1844 ἀτόπῳ
3258 1771 3627 1842 συγχωρήσει,

370 1879 557 1935 ducre.
608 1881 874 1937 Caeterum
922 1882 1108 1937 eadem
1141 1882 1352 1936 ratione
1380 1878 1691 1935 Grmcorum
1726 1894 1943 1950 quoque

2061 1878 2107 1931 τὸ
2132 1874 2435 1931 ἀσύστατον
2463 1871 2555 1926 τοῦ
2582 1870 2649 1923 δι’
2678 1869 2928 1933 ἐναντίας
2959 1866 3117 1936 λόγου
3148 1866 3311 1935 φανῇ.

371 1974 820 2044 philosophorum
875 1983 1167 2046 praecepta,
1196 1983 1251 2031 et
1276 1975 1623 2030 tolerantiam
1680 1974 1838 2040 vitae,
1892 1973 2163 2044 planeque
2218 1981 2409 2024 eorum
2456 1967 2699 2019 omnium
2751 1962 2955 2032 scripta
3008 1956 3383 2027 unusquisque
3427 1952 3629 2025 poterit

371 2068 734 2130 calumniari,
772 2076 826 2123 et
873 2068 1091 2123 dicere:
1130 2068 1254 2123 illos
1289 2067 1508 2138 quidem
1577 2067 1647 2122 iis
1682 2080 1804 2136 qua:
1865 2064 2216 2135 scripserint,
2259 2057 2539 2116 contraria
2592 2056 2649 2110 in
2698 2054 2882 2109 animo
2931 2052 3210 2115 habuisse,
3265 2046 3627 2102 contrariam-

371 2174 478 2229 que
510 2158 702 2213 rationi
735 2159 898 2213 vitam
940 2160 1183 2223 vixisse,
1235 2158 1528 2215 simulasse
1571 2164 1752 2211 autem
1794 2154 1952 2228 quasi
1992 2154 2095 2207 alia
2123 2151 2310 2206 induta
2340 2162 2596 2221 persona,
2656 2143 3092 2217 pbiIOSOphicum
3134 2141 3238 2195 sibi
3295 2139 3420 2194 vitae
3448 2150 3627 2201 genus

371 2255 664 2331 placuisse.
712 2256 872 2326 118
921 2253 1013 2311 Sic
1042 2265 1222 2310 autem
1272 2269 1464 2310 omnes
1515 2268 1732 2323 quoque
1755 2293 1772 2319 ,
1806 2260 1865 2307 ut
1912 2250 1968 2304 in
2007 2263 2219 2305 summa
2252 2246 2453 2308 dicam,
2481 2249 2721 2298 veterum
2756 2238 3017 2295 historias
3043 2234 3366 2290 calumniari
3424 2231 3499 2287 sit
3540 2230 3627 2284 fa-

371 2328 498 2417 cile,
527 2359 580 2407 et
608 2351 823 2408 veritati
852 2367 974 2421 qua:
1005 2351 1061 2405 in
1096 2351 1206 2406 illis
1235 2358 1321 2406 est
1370 2349 1659 2405 detrahere
1679 2388 1695 2414 ,
1746 2361 1975 2417 eamque
2011 2345 2217 2400 nullam
2246 2356 2367 2397 esse
2397 2337 2750 2399 contendere,
2784 2344 2839 2390 et
2870 2333 3105 2404 denique
3150 2330 3207 2386 in
3246 2328 3581 2385 contrarium
3607 2363 3626 2388 ,

371 2463 713 2519 quaecunque
764 2454 984 2501 narrata
1038 2432 1203 2514 sunt,
1230 2454 1464 2504 vertere.
1507 2445 1613 2501 Sed
1658 2441 2113 2516 quemadmodum
2163 2438 2346 2494 nullus
2398 2435 2596 2490 mentis
2637 2445 2862 2502 compos
2897 2444 3046 2494 eum,
3111 2426 3205 2498 qui
3257 2425 3386 2479 talia
3434 2422 3626 2483 dicat,

372 2543 629 2596 insanum
676 2552 837 2611 atque
878 2547 1149 2595 amentem
1200 2539 1470 2595 allirmare
1521 2546 1811 2602 vereatur,
1867 2538 1943 2592 ita
1981 2537 2142 2591 etiam
2171 2533 2228 2587 in
2258 2531 2557 2586 Salvatoris
2584 2527 2758 2583 nostri
2816 2523 3160 2580 sermonibus
3199 2528 3362 2590 atque
3416 2530 3625 2588 praece-

378 2637 507 2709 ptis,
538 2638 586 2694 si
609 2638 735 2708 quis
758 2637 1046 2694 veritatem
1078 2643 1447 2707 contorquens
1481 2644 1643 2707 atque
1670 2640 1987 2705 pervertens
2007 2673 2022 2692 .
2063 2628 2393 2686 contrariam
2432 2627 2500 2683 iis
2533 2640 2655 2696 qua!
2683 2623 2869 2679 docuit
2899 2622 2987 2676 ille
3017 2617 3342 2675 sententiam
3395 2619 3633 2669 conetur

374 2703 675 2802 ίωρυηθτὲ.
707 2730 835 2786 huic
863 2744 1079 2801 quoque
1130 2745 1162 2784 a
1220 2703 1413 2794 nobis,
1464 2727 1520 2783 id
1553 2703 1709 2798 quod
1744 2725 1940 2781 falsum
1977 2731 2084 2789 est,
2116 2719 2453 2778 illustrandae
2481 2716 2729 2774 veritatis
2789 2714 2983 2786 gratia,
3016 2723 3077 2766 ut
3123 2712 3180 2765 in
3238 2703 3629 2777 disputationi-

375 2828 481 2883 bus
508 2826 623 2882 ﬁeri
656 2828 812 2891 solet,
844 2842 1167 2884 concessum
1192 2833 1311 2883 esto
1342 2844 1357 2882 :
1395 2831 1455 2880 ut
1513 2839 1638 2881 cum
1672 2822 1983 2879 dederimus
2020 2821 2076 2876 id
2098 2818 2243 2892 quod
2280 2818 2430 2874 dictu
2479 2814 2785 2873 absurdum
2807 2819 2915 2880 est,
2938 2807 3226 2866 contrariae
3253 2804 3499 2885 rationis
3536 2802 3627 2857 in-

376 2921 688 2977 constantia
711 2931 987 2977 cernatur.

448 3012 586 3066 Cum
613 3026 744 3082 ergo
771 3027 896 3068 eum
930 3013 1023 3083 qui
1052 3012 1133 3068 sic
1169 3012 1532 3068 calumnietur
1568 3010 1702 3068 satis
1734 3006 1951 3065 abunde

2138 2995 2524 3069 Ἐληλεγμένου
2569 2994 2704 3065 δῆτα
2750 2990 2962 3058 τούτου,
3009 2989 3171 3062 φέρε,
3224 2986 3629 3060 ἀναδραμόντες

377 3103 910 3174 rcprehenderimus,
934 3113 1150 3176 tempus
1179 3105 1292 3175 jam
1339 3112 1446 3168 est,
1481 3112 1541 3158 ut
1570 3105 1635 3159 ad
1669 3116 1951 3160 sacrorum

2061 3093 2148 3147 ἐπὶ
2185 3090 2282 3163 τὴν
2315 3089 2423 3143 τῶν
2472 3086 2631 3157 ἱερῶν
2671 3084 2903 3158 Γραφῶν
2935 3083 3208 3156 ἀλήθειαν,
3240 3081 3302 3134 τὸ
3341 3077 3473 3152 ἦθος
3516 3080 3630 3135 τῶν

380 3198 643 3252 librorum
678 3197 960 3253 veritatem
992 3212 1362 3262 recurramus,
1388 3205 1442 3253 et
1482 3198 1540 3252 in
1572 3198 1682 3252 illis
1706 3196 1950 3266 discipu-

379 3292 559 3346 lorum
592 3287 723 3346 Iesu
752 3304 933 3346 mores
961 3290 1412 3360 contemplemur.
1445 3288 1582 3356 Quis
1611 3289 1776 3359 igitur
1799 3304 1954 3343 men-

378 3384 453 3438 tis
487 3383 719 3440 sanitate
769 3382 1064 3453 praeditus,
1116 3397 1224 3438 non
1259 3382 1329 3438 ab
1378 3382 1488 3438 illis
1517 3382 1653 3452 ipsis
1703 3382 1955 3451 protinus

381 3483 789 3546 argumentans,
817 3476 961 3531 omni
981 3475 1086 3531 [ide
1102 3476 1297 3546 dignos
1325 3476 1448 3530 illos
1483 3473 1846 3545 judicavcrit?
1875 3473 1956 3527 vi-

381 3582 474 3621 ros
519 3567 724 3636 absque
773 3567 1143 3623 controversia
1190 3565 1489 3636 ignobiles,
1544 3565 1954 3632 litterarumque

382 3659 603 3730 ignaros
632 3659 996 3730 loquendique
1025 3660 1327 3730 imperitos,
1351 3667 1405 3713 at
1426 3658 1483 3713 in
1514 3665 1717 3713 sancta:
1743 3671 1807 3711 ac
1832 3656 1956 3726 phi-

381 3752 677 3823 losophica:
720 3751 983 3806 doctrinae
1036 3765 1276 3806 amorem
1325 3763 1676 3819 progressos,
1726 3755 1780 3802 et
1817 3757 1958 3802 stre-

381 3860 545 3900 nuam
599 3842 1036 3912 laboriosamque
1072 3843 1237 3896 vitam
1270 3842 1584 3911 amplexos,
1635 3853 1799 3910 quam
1840 3838 1959 3908 qui-

382 3938 505 3992 dem
538 3936 738 3997 inedia,
763 3944 817 3991 et
845 3935 1171 3991 abstinentia
1204 3943 1318 3988 tum
1346 3949 1377 3987 a
1407 3933 1559 3996 vino,
1594 3939 1708 3987 tum
1747 3946 1779 3984 a
1832 3945 1958 3984 car-

383 4028 547 4082 nibus
568 4067 582 4088 ,
626 4027 892 4095 plurimos
925 4025 1053 4079 item
1085 4024 1206 4079 aliis
1238 4023 1624 4080 amictionibus
1672 4021 1955 4092 corporis,

385 4126 549 4188 atque
585 4114 923 4171 orationibus
984 4113 1582 4184 supplicationibusque
1636 4112 1707 4168 ad
1745 4113 1911 4167 Deum
1938 4151 1955 4175 ,

386 4223 451 4263 ac
502 4208 673 4262 multo
712 4208 894 4278 prius,
938 4221 1150 4263 summa
1204 4208 1559 4276 temperantia
1615 4215 1670 4263 et
1706 4205 1959 4262 castitate

384 4304 665 4371 corporis,
716 4300 923 4370 pariter
954 4306 1118 4370 atque
1164 4298 1361 4353 animae
1407 4298 1748 4354 correxerint
1794 4306 1960 4367 atque

385 4394 747 4466 perfecerint?
774 4394 899 4464 quis
934 4407 1046 4447 non
1102 4390 1268 4462 igitur
1304 4391 1522 4446 illorum
1561 4389 1959 4461 phi|080phiam

2058 3182 2153 3238 τοῦ
2194 3181 2368 3255 Ἰησοῦ
2413 3179 2668 3252 μαθητῶν
2716 3175 3059 3248 θεασώμεθα.
3105 3173 3337 3228 Αὐτόθεν
3391 3174 3488 3244 μὲν
3533 3167 3631 3227 οὖν

2058 3276 2124 3331 ἄν
2160 3292 2245 3339 τις
2288 3270 2346 3327 εὖ
2392 3270 2603 3344 φρονῶν
2646 3269 2762 3333 πῶς
2804 3268 2864 3322 οὐ
2898 3267 3078 3337 πάσης
3126 3264 3396 3335 ἀποδοχῆς
3432 3264 3631 3327 αὐτοὺς

2059 3368 2242 3436 ἀξίους
2287 3366 2550 3438 κρίνειεν;
2589 3363 2820 3434 Ἀνδρας
2861 3361 2961 3433 μὲν
2993 3357 3228 3421 εὐτελεῖς
3267 3355 3634 3428 ὁμολογουμέ-

2059 3478 2185 3527 νως,
2215 3437 2427 3514 καὶτὸν
2460 3458 2615 3526 λόγον
2648 3453 2881 3519 ἰδιώτας,
2907 3449 3162 3514 εὐσεϐοῦς
3194 3450 3251 3503 δὲ
3283 3449 3376 3503 καὶ
3413 3437 3649 3519 φιλοσόέ

2060 3571 2162 3625 φου
2190 3550 2531 3612 διδασκαλίας
2565 3549 2643 3611 είς
2681 3546 2858 3618 ἔρωτα
2884 3560 2946 3596 συ
2956 3541 3318 3614 μϐεϐηκότας,
3348 3541 3442 3594 καὶ
3472 3538 3634 3613 στέρ-

2064 3646 2256 3714 ξαντας
2287 3646 2397 3717 βίον
2427 3639 2752 3714 καρτερικὸν
2778 3638 2874 3692 καὶ
2906 3636 3183 3697 ἐπίπονον,
3222 3634 3310 3687 διά
3343 3632 3629 3704 νηστειῶν,

2060 3739 2206 3794 οἴνου
2235 3755 2294 3792 τε
2319 3737 2413 3792 καὶ
2445 3733 2621 3806 κρεῶν
2653 3730 2888 3802 ἀποχῆς,
2925 3729 3020 3784 καὶ
3051 3727 3308 3796 πλείστης
3348 3724 3513 3795 ἄλλης
3539 3741 3636 3778 τα-

2063 3828 2371 3892 πεινώσεως
2391 3825 2484 3880 τοῦ
2516 3823 2784 3895 σώματος,
2819 3821 2909 3874 διά
2937 3837 2996 3872 τε
3022 3819 3194 3890 εὐχῶν
3219 3818 3313 3870 καὶ
3344 3814 3637 3887 ἱκετηριῶν

2060 3921 2170 3975 τῶν
2192 3920 2328 3988 πρὸς
2356 3918 2446 3972 τὸν
2471 3916 2627 3979 Θεὸν,
2660 3914 2755 3968 καὶ
2774 3912 2908 3967 πολύ
2938 3910 3201 3982 πρότερον
3229 3907 3297 3962 δι’
3324 3908 3499 3980 ἄκρας
3535 3923 3639 3960 σω-

2062 4001 2332 4083 φροσύνης
2354 4010 2445 4065 καὶ
2477 4006 2695 4078 ἁγνείας
2729 4006 2975 4076 σώματος
3013 4001 3147 4073 ὁμοῦ
3178 4002 3270 4055 καὶ
3297 3999 3474 4071 ψυχῆς
3506 4014 3635 4052 κατ-

2062 4103 2410 4177 ορθούμενον.
2445 4101 2540 4163 Τίς
2570 4099 2613 4152 δ’
2640 4093 2731 4151 οὖν
2754 4098 2854 4150 οὐκ
2883 4094 2948 4150 ἂν
2971 4095 3164 4158 αὐτοὺς
3218 4092 3535 4162 θαυμάσειε,
3563 4089 3636 4144 δι’

2065 4192 2366 4265 ὑπερϐολὴν
2394 4189 2709 4262 φιλοσοφίας
2738 4188 2831 4242 καὶ
2853 4188 2971 4250 ταῖς
2993 4185 3135 4239 κατά
3163 4184 3325 4255 νόμον
3359 4199 3639 4253 συγκεχω-

2068 4281 2331 4354 ρημέναις
2376 4282 2643 4351 γαμεταῖς
2688 4275 3183 4347 ἀποτεταγμένους,
3226 4273 3320 4328 καὶ
3363 4273 3487 4346 μήθ’
3531 4275 3638 4328 ὑπὸ

2064 4375 2164 4445 τῆς
2210 4371 2446 4442 φυσικῆς
2478 4369 2671 4442 ἡδονῆς
2718 4366 3202 4431 καθελκυσθέντας,
3247 4368 3384 4437 μήτε
3432 4365 3638 4419 παίδων

385 4503 552 4559 supra
600 4488 822 4543 modum
873 4486 1192 4551 admiretur,
1226 4484 1317 4555 qui
1344 4492 1399 4539 ct
1432 4500 1462 4538 a
1493 4484 1749 4555 legitimis
1783 4485 1955 4538 uxori-

2065 4464 2160 4517 καὶ
2188 4463 2424 4532 ἐγγόνων
2452 4460 2718 4531 ἐπιθυμίᾳ
2746 4457 3143 4525 δουλωθέντας;
3192 4459 3318 4510 ἐπεὶ
3354 4455 3488 4528 μηδὲ
3514 4456 3638 4528 θνη-

384 4580 491 4635 bus
520 4594 578 4634 se
607 4578 955 4642 abduxerim,
991 4592 1167 4646 neque
1205 4590 1236 4629 a
1266 4575 1544 4646 voluptate
1577 4576 1768 4631 saltem
1799 4580 1961 4628 natu-

384 4675 485 4728 rali
515 4672 722 4728 deliniti
740 4673 871 4735 sint,
887 4686 1063 4742 neque
1081 4670 1313 4725 [illorum
1335 4684 1399 4725 ac
1417 4679 1672 4740 nepotum
1689 4667 1962 4723 desiderio

386 4766 546 4821 fracti
577 4774 631 4822 et
665 4766 915 4823 subacti?
944 4762 1090 4836 quod
1133 4762 1347 4834 quidem
1393 4763 1502 4817 illis
1553 4762 1678 4817 ideo
1703 4760 1960 4831 contigit,

386 4858 530 4928 quod
568 4874 675 4913 non
706 4859 964 4911 mortales
1008 4866 1274 4927 nepotes,
1319 4855 1415 4912 sed
1464 4855 1800 4909 immortales
1857 4852 1963 4907 sibi

387 4944 763 5014 expetiverint.
806 4941 982 4996 Mores
1031 4950 1210 4997 autem
1258 4938 1577 4996 eorumdem
1607 4952 1638 4991 a
1668 4937 1965 5007 cupiditate

387 5041 566 5094 omnis
596 5037 812 5109 generis
839 5033 1080 5105 pecuniae
1112 5034 1319 5090 alienos
1341 5074 1356 5099 ,
1397 5033 1521 5102 quis
1556 5046 1665 5086 non
1703 5031 1965 5099 obstupe-

388 5124 541 5179 scat?
564 5123 658 5193 qui
685 5122 789 5176 hoc
820 5134 1038 5190 quoque
1080 5119 1375 5185 conjecerit
1409 5133 1476 5172 ex
1527 5132 1622 5180 eo,
1675 5115 1822 5187 quod
1855 5130 1966 5170 non

389 5207 649 5277 fugerint,
690 5204 787 5261 sed
822 5204 995 5259 secuti
1034 5205 1143 5259 sint
1174 5202 1588 5275 Praeceptorem,
1616 5200 1709 5270 qui
1752 5199 1901 5270 ipsos
1935 5214 1966 5252 a

390 5296 722 5370 possidendo
739 5310 873 5350 auro
891 5304 1053 5367 atque
1075 5303 1300 5366 argento
1320 5294 1665 5359 deterruerit,
1687 5293 1968 5364 legemque

390 5391 592 5454 fixerit,
609 5397 667 5443 ut
691 5405 758 5444 ne
773 5403 946 5458 usque
962 5389 1028 5443 ad
1047 5388 1185 5443 duas
1202 5386 1420 5457 quidem
1453 5384 1670 5441 tunicas
1688 5400 1801 5439 rem
1812 5398 1965 5440 suam

390 5491 652 5553 augerent
679 5502 693 5535 :
729 5481 872 5551 quod
904 5480 1125 5552 quidem
1155 5479 1242 5534 vel
1273 5476 1483 5533 auditui
1509 5476 1850 5533 intolerabile
1875 5476 1967 5530 alii

389 5576 626 5645 cuipiam
680 5574 947 5638 rideatur,
979 5572 1050 5627 ob
1094 5570 1416 5643 gravitatem
1462 5569 1676 5641 imperii
1702 5587 1717 5625 :
1745 5575 1803 5624 at
1844 5567 1988 5622 illos-

390 5672 554 5725 etiam
587 5667 763 5738 rcipsa
788 5663 1149 5736 complevisse
1177 5662 1323 5734 quod
1352 5662 1558 5718 dictum
1590 5669 1675 5717 est
1715 5664 1963 5715 constat:

392 5775 521 5832 ergo
551 5758 785 5837 quodam
833 5766 1078 5828 tempore
1127 5770 1249 5813 cum
1278 5755 1500 5827 quidam
1544 5752 1773 5810 claudus
1805 5767 1834 5806 a
1869 5750 1967 5807 Pe-

460 5886 506 5916 “
535 5882 701 5939 Exod.
731 5896 843 5945 nt,
874 5876 1024 5933 5-15.

2060 4554 2169 4609 τῶν
2200 4552 2459 4623 ἐγγόνων,
2486 4551 2599 4606 ἀλλ’
2628 4550 2910 4605 ἀθανάτων
2937 4549 3275 4622 ὠρέχθησαν.
3312 4547 3386 4601 Τὸ
3425 4548 3482 4601 δὲ
3509 4548 3640 4618 ἀφι-

2060 4648 2401 4720 λοχρήματον
2432 4645 2611 4699 αὐτῶν
2634 4644 2726 4697 τοῦ
2757 4643 2956 4715 τρόπου
2980 4642 3098 4706 πῶς
3120 4642 3221 4696 οὐκ
3241 4644 3306 4697 ἄν
3330 4659 3413 4707 τις
3444 4640 3640 4694 ἐκπλα-

2062 4737 2185 4807 γείη
2213 4754 2228 4803 ;
2259 4737 2354 4790 καὶ
2390 4734 2545 4789 τοῦτο
2588 4732 3003 4811 τεκμηράμενος
3035 4734 3101 4785 ἐκ
3138 4730 3229 4784 τοῦ
3281 4730 3354 4802 μὴ
3394 4728 3637 4799 φεύγειν,

2064 4829 2180 4883 ἀλλ’
2214 4827 2563 4882 ἀσπάσασθαι
2615 4824 2956 4889 διδάσκαλον,
3001 4823 3201 4895 χρυσοῦ
3252 4822 3344 4876 καὶ
3395 4821 3637 4894 ἀργύρου

2063 4922 2162 4993 τὴν
2203 4921 2395 4991 κτῆσιν
2440 4917 2873 4988 ἀπαγορεύοντα,
2920 4915 3014 4970 καὶ
3062 4913 3453 4986 νομοθετοῦντα
3498 4910 3635 4983 μηδὲ

2070 5015 2231 5086 μέχρι
2279 5013 2531 5083 δευτέρου
2568 5009 2799 5080 Δχιτῶνος
2839 5007 3022 5072 αὔξειν
3052 5007 3148 5079 τὴν
3190 5003 3420 5075 ὓπαρξιν
3444 5020 3457 5033 ·
3497 5004 3639 5075 ὅπερ

2065 5108 2206 5178 τάχα
2236 5124 2317 5170 τις
2345 5104 2583 5166 ἀκούσας
2608 5101 2887 5173 παρῄτητο
2908 5100 2973 5155 ἂν
2999 5101 3060 5153 τὸ
3087 5100 3226 5171 βαρὺ
3253 5098 3346 5151 τοῦ
3379 5095 3641 5167 πράγμα-

2065 5218 2156 5264 τος
2178 5218 2192 5231 ο
2220 5202 2268 5253 οἱ
2303 5199 2363 5252 δὲ
2392 5196 2484 5251 καὶ
2512 5196 2671 5266 ἔργον
2706 5195 3064 5266 πεποιηκότες
3107 5193 3197 5247 τὸν
3235 5191 3390 5261 λόγον
3425 5188 3643 5244 ἀποδεί-

2070 5309 2308 5347 κνυνται.
2334 5290 2659 5359 Αἰτήσαντος
2685 5287 2811 5357 γοῦν
2832 5304 2962 5340 ποτε
2994 5286 3118 5349 τοὺς
3144 5285 3287 5357 ἀμφὶ
3322 5282 3412 5337 τὸν
3434 5282 3641 5354 Πέτρον

2070 5383 2242 5455 χωλοῦ
2269 5399 2416 5446 τινος
2464 5376 2638 5453 (οὗτος
2652 5379 2696 5432 δ’
2722 5376 2789 5451 ἦν
2811 5378 2918 5433 τῶν
2935 5378 2999 5430 δι’
3025 5376 3258 5448 ἐσχάτην
3287 5373 3521 5446 ἀπορίαν
3540 5373 3641 5437 τὰς

2067 5474 2271 5547 τροφὰς
2303 5473 2697 5546 μεταιτοῦντων
2716 5472 2757 5544 ),
2788 5471 2888 5525 οὐκ
2922 5469 3060 5540 ἔχων
3098 5470 3127 5522 ὁ
3156 5468 3362 5539 Πέτρος
3393 5467 3422 5521 ὅ
3452 5483 3506 5520 τι
3538 5465 3636 5537 δῷ,

2065 5565 2334 5636 ὡμολόγει
2355 5566 2534 5637 πάσης
2553 5563 2838 5636 ὑπάρξεως
2852 5561 3073 5634 χρυσίου
3090 5561 3185 5614 καὶ
3199 5558 3461 5633 ἀργυρίου
3478 5555 3643 5611 mea.

2071 5656 2271 5729 ρεύειν,
2305 5658 2509 5729 φήσας’
2540 5674 2559 5708 ι
2583 5654 2868 5727 Ἀργύριον
2897 5653 2992 5707 καὶ
3020 5651 3243 5724 χρυσίον
3273 5649 3374 5720 οὐχ
3401 5647 3640 5720 ὑπάρχει

2071 5766 2182 5824 μοι,
2200 5748 2314 5804 δ’δὲ
2347 5746 2474 5820 ἔχω,
2496 5745 2649 5803 τοῦτό
2667 5763 2747 5801 σοι
2765 5745 2955 5816 δίδωμι
2975 5761 2987 5773 ·
3020 5744 3077 5798 ὲν
3098 5741 3176 5816 τῷ
3202 5740 3423 5813 ὀνόματι
3462 5735 3639 5810 Ἰησοῦ
