  <div class='ocr_page' id='page_1' title='image "/cluster/home/n/w/nwhite01/storage/ocr_20150623/22/mdp.39015078384388/114.png"; bbox 0 0 3880 6256; ppageno 0'>
   <div class='ocr_carea' id='block_1_1' title="bbox 251 376 353 431">
    <p class='ocr_par' dir='ltr' id='par_1_1' title="bbox 251 376 353 431">
     <span class='ocr_line' id='line_1_1' title="bbox 251 376 353 431; baseline 0 0"><span class='ocrx_word' id='word_1_1' title='bbox 251 376 353 431; x_wconf 64' lang='lat' dir='ltr'><strong>Si?)</strong></span> 
     </span>
    </p>
   </div>
   <div class='ocr_carea' id='block_1_2' title="bbox 251 475 1703 565">
    <p class='ocr_par' dir='ltr' id='par_1_2' title="bbox 251 475 1703 565">
     <span class='ocr_line' id='line_1_2' title="bbox 251 475 1703 565; baseline -0.012 -18"><span class='ocrx_word' id='word_1_2' title='bbox 251 489 481 565; x_wconf 69' lang='grc' dir='ltr'>Χριστοῦ</span> <span class='ocrx_word' id='word_1_3' title='bbox 543 489 752 560; x_wconf 76' lang='grc' dir='ltr'>Ξγειραι</span> <span class='ocrx_word' id='word_1_4' title='bbox 799 486 893 541; x_wconf 72' lang='grc' dir='ltr'>καὶ</span> <span class='ocrx_word' id='word_1_5' title='bbox 943 480 1255 555; x_wconf 77' lang='grc' dir='ltr'>περιπάτει.</span> <span class='ocrx_word' id='word_1_6' title='bbox 1304 498 1323 531; x_wconf 74' lang='grc' dir='ltr'><strong>ι</strong></span> <span class='ocrx_word' id='word_1_7' title='bbox 1394 475 1703 550; x_wconf 85' lang='grc' dir='ltr'>Σκυθρωπά</span> 
     </span>
    </p>
   </div>
   <div class='ocr_carea' id='block_1_3' title="bbox 251 570 1821 654">
    <p class='ocr_par' dir='ltr' id='par_1_3' title="bbox 251 570 1821 654">
     <span class='ocr_line' id='line_1_3' title="bbox 251 570 1821 654; baseline -0.013 -14"><span class='ocrx_word' id='word_1_8' title='bbox 251 588 427 648; x_wconf 83' lang='grc' dir='ltr'>αὐτοῖς</span> <span class='ocrx_word' id='word_1_9' title='bbox 459 580 920 654; x_wconf 83' lang='grc' dir='ltr'>προαγγέλλοντος</span> <span class='ocrx_word' id='word_1_10' title='bbox 950 574 1046 630; x_wconf 90' lang='grc' dir='ltr'><strong>τοῦ</strong></span> <span class='ocrx_word' id='word_1_11' title='bbox 1073 572 1424 638; x_wconf 80' lang='grc' dir='ltr'>Διδασκάλου,</span> <span class='ocrx_word' id='word_1_12' title='bbox 1467 570 1821 641; x_wconf 78' lang='grc' dir='ltr'><strong>προσέχοντες</strong></span> 
     </span>
    </p>
   </div>
   <div class='ocr_carea' id='block_1_4' title="bbox 251 659 1823 748">
    <p class='ocr_par' dir='ltr' id='par_1_4' title="bbox 251 659 1823 748">
     <span class='ocr_line' id='line_1_4' title="bbox 251 659 1823 748; baseline -0.013 -16"><span class='ocrx_word' id='word_1_13' title='bbox 251 679 314 732; x_wconf 79' lang='grc' dir='ltr'>δι’</span> <span class='ocrx_word' id='word_1_14' title='bbox 343 671 419 730; x_wconf 81' lang='grc' dir='ltr'>ὧν</span> <span class='ocrx_word' id='word_1_15' title='bbox 443 676 588 748; x_wconf 83' lang='grc' dir='ltr'>πρὸς</span> <span class='ocrx_word' id='word_1_16' title='bbox 625 673 818 736; x_wconf 80' lang='grc' dir='ltr'>αὐτοὺς</span> <span class='ocrx_word' id='word_1_17' title='bbox 857 670 1041 738; x_wconf 71' lang='grc' dir='ltr'>ἔλεγεν</span> <span class='ocrx_word' id='word_1_18' title='bbox 1064 685 1079 698; x_wconf 86' lang='grc'><strong>·</strong></span> <span class='ocrx_word' id='word_1_19' title='bbox 1135 686 1154 719; x_wconf 81' lang='grc' dir='ltr'><strong>ι</strong></span> <span class='ocrx_word' id='word_1_20' title='bbox 1190 666 1280 720; x_wconf 87' lang='grc' dir='ltr'>Ἐν</span> <span class='ocrx_word' id='word_1_21' title='bbox 1308 664 1388 735; x_wconf 84' lang='grc' dir='ltr'>τῷ</span> <span class='ocrx_word' id='word_1_22' title='bbox 1425 664 1615 733; x_wconf 83' lang='grc' dir='ltr'>κόσμῳ</span> <span class='ocrx_word' id='word_1_23' title='bbox 1647 659 1823 728; x_wconf 68' lang='grc' dir='ltr'>θλίψιν</span> 
     </span>
    </p>
   </div>
   <div class='ocr_carea' id='block_1_5' title="bbox 253 754 1823 841">
    <p class='ocr_par' dir='ltr' id='par_1_5' title="bbox 253 754 1823 841">
     <span class='ocr_line' id='line_1_5' title="bbox 253 754 1823 841; baseline -0.012 -18"><span class='ocrx_word' id='word_1_24' title='bbox 253 770 394 841; x_wconf 78' lang='grc' dir='ltr'>ἔχετε</span> <span class='ocrx_word' id='word_1_25' title='bbox 416 785 465 818; x_wconf 76' lang='grc' dir='ltr'><strong>ο»</strong></span> <span class='ocrx_word' id='word_1_26' title='bbox 493 769 593 822; x_wconf 72' lang='grc' dir='ltr'><strong>καὶ</strong></span> <span class='ocrx_word' id='word_1_27' title='bbox 620 766 780 821; x_wconf 85' lang='grc' dir='ltr'>πάλιν</span> <span class='ocrx_word' id='word_1_28' title='bbox 799 781 814 795; x_wconf 88' lang='grc'><strong>·</strong></span> <span class='ocrx_word' id='word_1_29' title='bbox 853 760 1161 817; x_wconf 72' lang='grc' dir='ltr'>«κλαύσετε</span> <span class='ocrx_word' id='word_1_30' title='bbox 1185 758 1285 813; x_wconf 71' lang='grc' dir='ltr'><strong>καὶ</strong></span> <span class='ocrx_word' id='word_1_31' title='bbox 1313 756 1613 828; x_wconf 86' lang='grc' dir='ltr'>θρηνήσετε</span> <span class='ocrx_word' id='word_1_32' title='bbox 1644 754 1823 822; x_wconf 69' lang='grc' dir='ltr'>ὑμεῖς,</span> 
     </span>
    </p>
   </div>
   <div class='ocr_carea' id='block_1_6' title="bbox 244 840 1825 930">
    <p class='ocr_par' dir='ltr' id='par_1_6' title="bbox 244 840 1825 930">
     <span class='ocr_line' id='line_1_6' title="bbox 244 840 1825 930; baseline -0.011 -15"><span class='ocrx_word' id='word_1_33' title='bbox 382 860 594 930; x_wconf 86' lang='grc' dir='ltr'>κόσμος</span> <span class='ocrx_word' id='word_1_34' title='bbox 637 859 956 928; x_wconf 77' lang='grc' dir='ltr'><strong>χαρήσεται,</strong></span> <span class='ocrx_word' id='word_1_35' title='bbox 980 872 998 904; x_wconf 76' lang='grc' dir='ltr'><strong>ι</strong></span> <span class='ocrx_word' id='word_1_36' title='bbox 1045 850 1162 914; x_wconf 87' lang='grc' dir='ltr'><strong>πῶς</strong></span> <span class='ocrx_word' id='word_1_37' title='bbox 1207 849 1307 902; x_wconf 84' lang='grc' dir='ltr'><strong>οὐκ</strong></span> <span class='ocrx_word' id='word_1_38' title='bbox 1346 847 1499 901; x_wconf 57' lang='grc' dir='ltr'><strong>αὐτοὶ⁵</strong></span> <span class='ocrx_word' id='word_1_39' title='bbox 1549 845 1647 915; x_wconf 81' lang='grc' dir='ltr'><strong>μὲν</strong></span> <span class='ocrx_word' id='word_1_40' title='bbox 1675 842 1825 913; x_wconf 88' lang='grc' dir='ltr'>δῆλοι</span> 
     </span>
    </p>
   </div>
   <div class='ocr_carea' id='block_1_7' title="bbox 242 938 1823 1023">
    <p class='ocr_par' dir='ltr' id='par_1_7' title="bbox 242 938 1823 1023">
     <span class='ocr_line' id='line_1_7' title="bbox 242 938 1823 1023; baseline -0.013 -16"><span class='ocrx_word' id='word_1_41' title='bbox 242 956 326 1008; x_wconf 63' lang='grc' dir='ltr'><strong>τδν</strong></span> <span class='ocrx_word' id='word_1_42' title='bbox 360 952 589 1023; x_wconf 77' lang='grc' dir='ltr'><strong>τρόπον,</strong></span> <span class='ocrx_word' id='word_1_43' title='bbox 614 952 694 1005; x_wconf 83' lang='grc' dir='ltr'><strong>ὅτι</strong></span> <span class='ocrx_word' id='word_1_44' title='bbox 721 949 785 1020; x_wconf 84' lang='grc' dir='ltr'>δὴ</span> <span class='ocrx_word' id='word_1_45' title='bbox 819 945 1034 1020; x_wconf 71' lang='grc' dir='ltr'>στερροί</span> <span class='ocrx_word' id='word_1_46' title='bbox 1057 960 1202 1006; x_wconf 86' lang='grc' dir='ltr'>τινες</span> <span class='ocrx_word' id='word_1_47' title='bbox 1228 942 1322 996; x_wconf 63' lang='grc' dir='ltr'><strong>καλ⁸</strong></span> <span class='ocrx_word' id='word_1_48' title='bbox 1351 938 1534 1011; x_wconf 77' lang='grc' dir='ltr'><strong>βαθεῖς</strong></span> <span class='ocrx_word' id='word_1_49' title='bbox 1558 938 1823 1007; x_wconf 78' lang='grc' dir='ltr'><strong>ὑπῆρχον,</strong></span> 
     </span>
    </p>
   </div>
   <div class='ocr_carea' id='block_1_8' title="bbox 248 1027 1824 1117">
    <p class='ocr_par' dir='ltr' id='par_1_8' title="bbox 248 1027 1824 1117">
     <span class='ocr_line' id='line_1_8' title="bbox 248 1027 1824 1117; baseline -0.013 -17"><span class='ocrx_word' id='word_1_50' title='bbox 248 1046 314 1117; x_wconf 82' lang='grc' dir='ltr'>μὴ</span> <span class='ocrx_word' id='word_1_51' title='bbox 368 1043 667 1114; x_wconf 83' lang='grc' dir='ltr'>φεύγοντες</span> <span class='ocrx_word' id='word_1_52' title='bbox 708 1041 779 1095; x_wconf 82' lang='grc' dir='ltr'>τὰ</span> <span class='ocrx_word' id='word_1_53' title='bbox 827 1040 929 1109; x_wconf 89' lang='grc' dir='ltr'><strong>τῆς</strong></span> <span class='ocrx_word' id='word_1_54' title='bbox 984 1036 1163 1107; x_wconf 78' lang='grc' dir='ltr'>ψυχῆς</span> <span class='ocrx_word' id='word_1_55' title='bbox 1221 1033 1536 1104; x_wconf 88' lang='grc' dir='ltr'>γυμνάσια,</span> <span class='ocrx_word' id='word_1_56' title='bbox 1580 1028 1715 1100; x_wconf 80' lang='grc' dir='ltr'>μηδὲ</span> <span class='ocrx_word' id='word_1_57' title='bbox 1757 1027 1824 1081; x_wconf 82' lang='grc' dir='ltr'><strong>τά</strong></span> 
     </span>
    </p>
   </div>
   <div class='ocr_carea' id='block_1_9' title="bbox 244 1119 1822 1208">
    <p class='ocr_par' dir='ltr' id='par_1_9' title="bbox 244 1119 1822 1208">
     <span class='ocr_line' id='line_1_9' title="bbox 244 1119 1822 1208; baseline -0.013 -17"><span class='ocrx_word' id='word_1_58' title='bbox 244 1137 371 1208; x_wconf 78' lang='grc' dir='ltr'>πρὸς</span> <span class='ocrx_word' id='word_1_59' title='bbox 422 1136 620 1207; x_wconf 80' lang='grc' dir='ltr'>ἡδονὴν</span> <span class='ocrx_word' id='word_1_60' title='bbox 669 1130 1121 1204; x_wconf 73' lang='grc' dir='ltr'>μεταδιώκοντεςς</span> <span class='ocrx_word' id='word_1_61' title='bbox 1162 1126 1257 1181; x_wconf 73' lang='grc' dir='ltr'><strong>καὶ</strong></span> <span class='ocrx_word' id='word_1_62' title='bbox 1308 1126 1336 1178; x_wconf 86' lang='grc' dir='ltr'><strong>ό</strong></span> <span class='ocrx_word' id='word_1_63' title='bbox 1378 1120 1692 1183; x_wconf 81' lang='grc' dir='ltr'>διδάσκαλος</span> <span class='ocrx_word' id='word_1_64' title='bbox 1744 1119 1822 1183; x_wconf 85' lang='grc' dir='ltr'>δὲ,</span> 
     </span>
    </p>
   </div>
   <div class='ocr_carea' id='block_1_10' title="bbox 241 1212 1828 1298">
    <p class='ocr_par' dir='ltr' id='par_1_10' title="bbox 241 1212 1828 1298">
     <span class='ocr_line' id='line_1_10' title="bbox 241 1212 1828 1298; baseline -0.009 -17"><span class='ocrx_word' id='word_1_65' title='bbox 241 1230 315 1280; x_wconf 76' lang='grc' dir='ltr'><strong>ὅτι</strong></span> <span class='ocrx_word' id='word_1_66' title='bbox 372 1227 448 1298; x_wconf 82' lang='grc' dir='ltr'>μὴ</span> <span class='ocrx_word' id='word_1_67' title='bbox 497 1226 570 1280; x_wconf 78' lang='grc' dir='ltr'>δι’</span> <span class='ocrx_word' id='word_1_68' title='bbox 603 1225 819 1296; x_wconf 78' lang='grc' dir='ltr'><strong>ἀπάτης</strong></span> <span class='ocrx_word' id='word_1_69' title='bbox 873 1222 1080 1290; x_wconf 83' lang='grc' dir='ltr'>θέλγων</span> <span class='ocrx_word' id='word_1_70' title='bbox 1136 1218 1335 1281; x_wconf 73' lang='grc' dir='ltr'>αὐτοὺς</span> <span class='ocrx_word' id='word_1_71' title='bbox 1389 1216 1485 1270; x_wconf 71' lang='grc' dir='ltr'><strong>καὶ</strong></span> <span class='ocrx_word' id='word_1_72' title='bbox 1535 1212 1608 1267; x_wconf 73' lang='grc' dir='ltr'>τὰ</span> <span class='ocrx_word' id='word_1_73' title='bbox 1650 1215 1828 1266; x_wconf 86' lang='grc' dir='ltr'>οίκεῖα</span> 
     </span>
    </p>
   </div>
   <div class='ocr_carea' id='block_1_11' title="bbox 244 1304 1829 1390">
    <p class='ocr_par' dir='ltr' id='par_1_11' title="bbox 244 1304 1829 1390">
     <span class='ocr_line' id='line_1_11' title="bbox 244 1304 1829 1390; baseline -0.007 -21"><span class='ocrx_word' id='word_1_74' title='bbox 244 1319 639 1390; x_wconf 75' lang='grc' dir='ltr'><strong>προϊσχόμενος</strong></span> <span class='ocrx_word' id='word_1_75' title='bbox 690 1314 1039 1388; x_wconf 80' lang='grc' dir='ltr'>ἐξῳκειοῦτο,</span> <span class='ocrx_word' id='word_1_76' title='bbox 1088 1311 1354 1383; x_wconf 73' lang='grc' dir='ltr'>ἐλευθέρῳ</span> <span class='ocrx_word' id='word_1_77' title='bbox 1392 1309 1451 1362; x_wconf 79' lang='grc' dir='ltr'>δὲ</span> <span class='ocrx_word' id='word_1_78' title='bbox 1498 1310 1595 1363; x_wconf 78' lang='grc' dir='ltr'>καὶ</span> <span class='ocrx_word' id='word_1_79' title='bbox 1636 1304 1829 1376; x_wconf 85' lang='grc' dir='ltr'>ἀληθεῖ</span> 
     </span>
    </p>
   </div>
   <div class='ocr_carea' id='block_1_12' title="bbox 245 1395 1828 1479">
    <p class='ocr_par' dir='ltr' id='par_1_12' title="bbox 245 1395 1828 1479">
     <span class='ocr_line' id='line_1_12' title="bbox 245 1395 1828 1479; baseline -0.008 -18"><span class='ocrx_word' id='word_1_80' title='bbox 245 1410 381 1479; x_wconf 78' lang='grc' dir='ltr'>λόγῳ</span> <span class='ocrx_word' id='word_1_81' title='bbox 424 1409 497 1464; x_wconf 83' lang='grc' dir='ltr'>τὰ</span> <span class='ocrx_word' id='word_1_82' title='bbox 551 1407 942 1479; x_wconf 78' lang='grc' dir='ltr'>συμϐησόμενα</span> <span class='ocrx_word' id='word_1_83' title='bbox 998 1403 1288 1468; x_wconf 76' lang='grc' dir='ltr'>θεσπίζων,</span> <span class='ocrx_word' id='word_1_84' title='bbox 1338 1400 1436 1472; x_wconf 83' lang='grc' dir='ltr'>τὴν</span> <span class='ocrx_word' id='word_1_85' title='bbox 1477 1399 1687 1469; x_wconf 78' lang='grc' dir='ltr'>αἵρεσιν</span> <span class='ocrx_word' id='word_1_86' title='bbox 1726 1395 1828 1466; x_wconf 88' lang='grc' dir='ltr'><strong>τῆς</strong></span> 
     </span>
    </p>
   </div>
   <div class='ocr_carea' id='block_1_13' title="bbox 246 1488 1830 1570">
    <p class='ocr_par' dir='ltr' id='par_1_13' title="bbox 246 1488 1830 1570">
     <span class='ocr_line' id='line_1_13' title="bbox 246 1488 1830 1570; baseline -0.009 -13"><span class='ocrx_word' id='word_1_87' title='bbox 246 1504 357 1557; x_wconf 81' lang='grc' dir='ltr'>κατ’</span> <span class='ocrx_word' id='word_1_88' title='bbox 374 1499 545 1554; x_wconf 76' lang='grc' dir='ltr'>αὐτοῦ</span> <span class='ocrx_word' id='word_1_89' title='bbox 570 1500 646 1570; x_wconf 81' lang='grc'><strong>(1)</strong></span> <span class='ocrx_word' id='word_1_90' title='bbox 666 1498 938 1561; x_wconf 78' lang='grc' dir='ltr'>πολιτείας</span> <span class='ocrx_word' id='word_1_91' title='bbox 952 1497 1030 1560; x_wconf 85' lang='grc' dir='ltr'><strong>είς</strong></span> <span class='ocrx_word' id='word_1_92' title='bbox 1050 1495 1246 1557; x_wconf 80' lang='grc' dir='ltr'>αὐτοὺς</span> <span class='ocrx_word' id='word_1_93' title='bbox 1268 1490 1533 1545; x_wconf 79' lang='grc' dir='ltr'>ὲνετίθετο</span> <span class='ocrx_word' id='word_1_94' title='bbox 1555 1507 1570 1555; x_wconf 85' lang='grc'>;</span> <span class='ocrx_word' id='word_1_95' title='bbox 1594 1488 1830 1543; x_wconf 81' lang='grc' dir='ltr'><strong>Τοιαῦτα</strong></span> 
     </span>
    </p>
   </div>
   <div class='ocr_carea' id='block_1_14' title="bbox 245 1577 1830 1665">
    <p class='ocr_par' dir='ltr' id='par_1_14' title="bbox 245 1577 1830 1665">
     <span class='ocr_line' id='line_1_14' title="bbox 245 1577 1830 1665; baseline -0.011 -18"><span class='ocrx_word' id='word_1_96' title='bbox 245 1596 296 1647; x_wconf 77' lang='grc' dir='ltr'>δὲ</span> <span class='ocrx_word' id='word_1_97' title='bbox 325 1588 396 1665; x_wconf 80' lang='grc' dir='ltr'>ἦν</span> <span class='ocrx_word' id='word_1_98' title='bbox 426 1593 528 1647; x_wconf 76' lang='grc' dir='ltr'>καὶ</span> <span class='ocrx_word' id='word_1_99' title='bbox 552 1588 623 1646; x_wconf 83' lang='grc' dir='ltr'><strong>τά</strong></span> <span class='ocrx_word' id='word_1_100' title='bbox 647 1588 905 1663; x_wconf 73' lang='grc' dir='ltr'>περὶτῶν</span> <span class='ocrx_word' id='word_1_101' title='bbox 933 1587 1229 1661; x_wconf 81' lang='grc' dir='ltr'>μελλόντων</span> <span class='ocrx_word' id='word_1_102' title='bbox 1255 1583 1343 1637; x_wconf 83' lang='grc' dir='ltr'>διὰ</span> <span class='ocrx_word' id='word_1_103' title='bbox 1374 1582 1436 1635; x_wconf 83' lang='grc' dir='ltr'><strong>τὸ</strong></span> <span class='ocrx_word' id='word_1_104' title='bbox 1461 1581 1633 1652; x_wconf 74' lang='grc' dir='ltr'>ὅνομα</span> <span class='ocrx_word' id='word_1_105' title='bbox 1664 1577 1830 1632; x_wconf 78' lang='grc' dir='ltr'>αὑτοῦ</span> 
     </span>
    </p>
   </div>
   <div class='ocr_carea' id='block_1_15' title="bbox 247 1671 1829 1755">
    <p class='ocr_par' dir='ltr' id='par_1_15' title="bbox 247 1671 1829 1755">
     <span class='ocr_line' id='line_1_15' title="bbox 247 1671 1829 1755; baseline -0.009 -18"><span class='ocrx_word' id='word_1_106' title='bbox 247 1684 629 1755; x_wconf 76' lang='grc' dir='ltr'>συμϐήσεσθαι</span> <span class='ocrx_word' id='word_1_107' title='bbox 670 1683 886 1745; x_wconf 74' lang='grc' dir='ltr'>αὐτοῖς,</span> <span class='ocrx_word' id='word_1_108' title='bbox 935 1682 994 1733; x_wconf 81' lang='grc' dir='ltr'>ὲν</span> <span class='ocrx_word' id='word_1_109' title='bbox 1033 1673 1114 1741; x_wconf 75' lang='grc' dir='ltr'>οἷς</span> <span class='ocrx_word' id='word_1_110' title='bbox 1149 1674 1429 1749; x_wconf 81' lang='grc' dir='ltr'>προλέγων</span> <span class='ocrx_word' id='word_1_111' title='bbox 1463 1671 1829 1743; x_wconf 74' lang='grc' dir='ltr'>ἐμαρτύρατο,</span> 
     </span>
    </p>
   </div>
   <div class='ocr_carea' id='block_1_16' title="bbox 245 1757 1830 1844">
    <p class='ocr_par' dir='ltr' id='par_1_16' title="bbox 245 1757 1830 1844">
     <span class='ocr_line' id='line_1_16' title="bbox 245 1757 1830 1844; baseline -0.012 -16"><span class='ocrx_word' id='word_1_112' title='bbox 245 1776 318 1828; x_wconf 83' lang='grc' dir='ltr'>ὅτι</span> <span class='ocrx_word' id='word_1_113' title='bbox 350 1775 445 1829; x_wconf 78' lang='grc' dir='ltr'><strong>καὶ</strong></span> <span class='ocrx_word' id='word_1_114' title='bbox 480 1774 582 1827; x_wconf 67' lang='grc' dir='ltr'><strong>ἐπὶ</strong></span> <span class='ocrx_word' id='word_1_115' title='bbox 614 1771 910 1844; x_wconf 76' lang='grc' dir='ltr'>ἡγεμονίας</span> <span class='ocrx_word' id='word_1_116' title='bbox 954 1768 1305 1839; x_wconf 82' lang='grc' dir='ltr'>ἀχθήσονται,</span> <span class='ocrx_word' id='word_1_117' title='bbox 1340 1763 1437 1816; x_wconf 71' lang='grc' dir='ltr'><strong>καὶ</strong></span> <span class='ocrx_word' id='word_1_118' title='bbox 1475 1760 1636 1831; x_wconf 76' lang='grc' dir='ltr'>μέχρι</span> <span class='ocrx_word' id='word_1_119' title='bbox 1673 1757 1830 1828; x_wconf 86' lang='grc' dir='ltr'>βασι-</span> 
     </span>
    </p>
   </div>
   <div class='ocr_carea' id='block_1_17' title="bbox 1165 339 3059 417">
    <p class='ocr_par' dir='ltr' id='par_1_17' title="bbox 1165 339 3059 417">
     <span class='ocr_line' id='line_1_17' title="bbox 1165 339 3059 417; baseline -0.017 1"><span class='ocrx_word' id='word_1_120' title='bbox 1165 354 1825 417; x_wconf 72' lang='lat' dir='ltr'><strong>DEMONSTRATIONIS</strong></span> <span class='ocrx_word' id='word_1_121' title='bbox 1866 344 2326 407; x_wconf 62' lang='lat' dir='ltr'><strong>EVANGELICE</strong></span> <span class='ocrx_word' id='word_1_122' title='bbox 2364 342 2491 399; x_wconf 81' lang='lat' dir='ltr'><strong>LIB.</strong></span> <span class='ocrx_word' id='word_1_123' title='bbox 2526 339 2615 397; x_wconf 82' lang='lat' dir='ltr'><strong>Ill.</strong></span> <span class='ocrx_word' id='word_1_124' title='bbox 3023 370 3059 398; x_wconf 67' lang='grc' dir='ltr'><strong>ρ</strong></span> 
     </span>
    </p>
   </div>
   <div class='ocr_carea' id='block_1_18' title="bbox 1763 443 3496 537">
    <p class='ocr_par' dir='ltr' id='par_1_18' title="bbox 1763 443 3496 537">
     <span class='ocr_line' id='line_1_18' title="bbox 1763 443 3496 537; baseline -0.02 -8"><span class='ocrx_word' id='word_1_125' title='bbox 1763 475 1821 529; x_wconf 72' lang='grc' dir='ltr'>δὲ</span> <span class='ocrx_word' id='word_1_126' title='bbox 1848 481 1894 537; x_wconf 78' lang='grc' dir='ltr'><strong>Α</strong></span> <span class='ocrx_word' id='word_1_127' title='bbox 1923 480 2027 533; x_wconf 91' lang='lat' dir='ltr'><strong>tro,</strong></span> <span class='ocrx_word' id='word_1_128' title='bbox 2051 476 2105 526; x_wconf 90' lang='lat' dir='ltr'><strong>et</strong></span> <span class='ocrx_word' id='word_1_129' title='bbox 2136 468 2206 523; x_wconf 85' lang='lat' dir='ltr'><strong>ab</strong></span> <span class='ocrx_word' id='word_1_130' title='bbox 2236 465 2303 521; x_wconf 85' lang='lat' dir='ltr'><strong>iis</strong></span> <span class='ocrx_word' id='word_1_131' title='bbox 2340 464 2433 533; x_wconf 89' lang='lat' dir='ltr'><strong>qui</strong></span> <span class='ocrx_word' id='word_1_132' title='bbox 2462 462 2669 517; x_wconf 82' lang='lat' dir='ltr'><strong>circum</strong></span> <span class='ocrx_word' id='word_1_133' title='bbox 2698 454 2919 510; x_wconf 87' lang='lat' dir='ltr'><strong>Petrum</strong></span> <span class='ocrx_word' id='word_1_134' title='bbox 2947 454 3104 507; x_wconf 87' lang='lat' dir='ltr'><strong>erant</strong></span> <span class='ocrx_word' id='word_1_135' title='bbox 3143 443 3287 499; x_wconf 89' lang='lat' dir='ltr'><strong>aliud</strong></span> <span class='ocrx_word' id='word_1_136' title='bbox 3312 451 3496 514; x_wconf 84' lang='lat' dir='ltr'><strong>postn-</strong></span> 
     </span>
    </p>
   </div>
   <div class='ocr_carea' id='block_1_19' title="bbox 3392 325 3490 381">
    <p class='ocr_par' dir='ltr' id='par_1_19' title="bbox 3392 325 3490 381">
     <span class='ocr_line' id='line_1_19' title="bbox 3392 325 3490 381; baseline 0 -1"><span class='ocrx_word' id='word_1_137' title='bbox 3392 325 3490 381; x_wconf 73' lang='lat' dir='ltr'><strong>2H</strong></span> 
     </span>
    </p>
   </div>
   <div class='ocr_carea' id='block_1_20' title="bbox 1921 538 3499 635">
    <p class='ocr_par' dir='ltr' id='par_1_20' title="bbox 1921 538 3499 635">
     <span class='ocr_line' id='line_1_20' title="bbox 1921 538 3499 635; baseline -0.022 -14"><span class='ocrx_word' id='word_1_138' title='bbox 1921 566 2060 620; x_wconf 77' lang='lat' dir='ltr'><strong>taret</strong></span> <span class='ocrx_word' id='word_1_139' title='bbox 2088 562 2199 635; x_wconf 85' lang='lat' dir='ltr'><strong>(hic</strong></span> <span class='ocrx_word' id='word_1_140' title='bbox 2230 574 2392 630; x_wconf 86' lang='lat' dir='ltr'><strong>porro</strong></span> <span class='ocrx_word' id='word_1_141' title='bbox 2423 569 2566 610; x_wconf 87' lang='lat' dir='ltr'><strong>unus</strong></span> <span class='ocrx_word' id='word_1_142' title='bbox 2593 560 2713 608; x_wconf 86' lang='lat' dir='ltr'><strong>erat</strong></span> <span class='ocrx_word' id='word_1_143' title='bbox 2739 560 2951 611; x_wconf 90' lang='lat' dir='ltr'><strong>eorum,</strong></span> <span class='ocrx_word' id='word_1_144' title='bbox 2978 539 3070 613; x_wconf 88' lang='lat' dir='ltr'><strong>qui</strong></span> <span class='ocrx_word' id='word_1_145' title='bbox 3101 538 3172 594; x_wconf 90' lang='lat' dir='ltr'><strong>ob</strong></span> <span class='ocrx_word' id='word_1_146' title='bbox 3201 542 3499 593; x_wconf 81' lang='lat' dir='ltr'><strong>extremam</strong></span> 
     </span>
    </p>
   </div>
   <div class='ocr_carea' id='block_1_21' title="bbox 1921 628 3501 726">
    <p class='ocr_par' dir='ltr' id='par_1_21' title="bbox 1921 628 3501 726">
     <span class='ocr_line' id='line_1_21' title="bbox 1921 628 3501 726; baseline -0.018 -18"><span class='ocrx_word' id='word_1_147' title='bbox 1921 628 2158 726; x_wconf 70' lang='lat' dir='ltr'><strong>inopiam</strong></span> <span class='ocrx_word' id='word_1_148' title='bbox 2203 628 2406 706; x_wconf 82' lang='lat' dir='ltr'><strong>victum</strong></span> <span class='ocrx_word' id='word_1_149' title='bbox 2456 637 2862 709; x_wconf 88' lang='lat' dir='ltr'><strong>mcndicabant)</strong></span> <span class='ocrx_word' id='word_1_150' title='bbox 2906 651 3016 690; x_wconf 86' lang='lat' dir='ltr'><strong>non</strong></span> <span class='ocrx_word' id='word_1_151' title='bbox 3066 631 3274 686; x_wconf 79' lang='lat' dir='ltr'><strong>habens</strong></span> <span class='ocrx_word' id='word_1_152' title='bbox 3306 628 3501 681; x_wconf 82' lang='lat' dir='ltr'><strong>Petrus</strong></span> 
     </span>
    </p>
   </div>
   <div class='ocr_carea' id='block_1_22' title="bbox 1922 722 3502 817">
    <p class='ocr_par' dir='ltr' id='par_1_22' title="bbox 1922 722 3502 817">
     <span class='ocr_line' id='line_1_22' title="bbox 1922 722 3502 817; baseline -0.021 -15"><span class='ocrx_word' id='word_1_153' title='bbox 1922 722 2053 817; x_wconf 82' lang='lat' dir='ltr'><strong>quid</strong></span> <span class='ocrx_word' id='word_1_154' title='bbox 2104 744 2296 806; x_wconf 89' lang='lat' dir='ltr'><strong>daret,</strong></span> <span class='ocrx_word' id='word_1_155' title='bbox 2352 738 2641 794; x_wconf 77' lang='lat' dir='ltr'><strong>confessus</strong></span> <span class='ocrx_word' id='word_1_156' title='bbox 2698 740 2826 797; x_wconf 87' lang='lat' dir='ltr'><strong>est,</strong></span> <span class='ocrx_word' id='word_1_157' title='bbox 2881 728 2952 783; x_wconf 88' lang='lat' dir='ltr'><strong>ab</strong></span> <span class='ocrx_word' id='word_1_158' title='bbox 3006 722 3154 779; x_wconf 89' lang='lat' dir='ltr'><strong>omni</strong></span> <span class='ocrx_word' id='word_1_159' title='bbox 3194 736 3253 776; x_wconf 90' lang='lat' dir='ltr'><strong>se</strong></span> <span class='ocrx_word' id='word_1_160' title='bbox 3284 732 3502 789; x_wconf 87' lang='lat' dir='ltr'><strong>posses-</strong></span> 
     </span>
    </p>
   </div>
   <div class='ocr_carea' id='block_1_23' title="bbox 1923 810 3503 903">
    <p class='ocr_par' dir='ltr' id='par_1_23' title="bbox 1923 810 3503 903">
     <span class='ocr_line' id='line_1_23' title="bbox 1923 810 3503 903; baseline -0.022 -9"><span class='ocrx_word' id='word_1_161' title='bbox 1923 810 2078 895; x_wconf 78' lang='lat' dir='ltr'><strong>sione</strong></span> <span class='ocrx_word' id='word_1_162' title='bbox 2125 834 2245 890; x_wconf 86' lang='lat' dir='ltr'><strong>auri</strong></span> <span class='ocrx_word' id='word_1_163' title='bbox 2296 841 2459 903; x_wconf 90' lang='lat' dir='ltr'><strong>atque</strong></span> <span class='ocrx_word' id='word_1_164' title='bbox 2503 824 2713 899; x_wconf 79' lang='lat' dir='ltr'><strong>argenti</strong></span> <span class='ocrx_word' id='word_1_165' title='bbox 2777 820 3099 879; x_wconf 60' lang='lat' dir='ltr'><strong>abhorrere,</strong></span> <span class='ocrx_word' id='word_1_166' title='bbox 3168 813 3253 867; x_wconf 92' lang='lat' dir='ltr'><strong>his</strong></span> <span class='ocrx_word' id='word_1_167' title='bbox 3286 810 3503 881; x_wconf 84' lang='lat' dir='ltr'><strong>quidem</strong></span> 
     </span>
    </p>
   </div>
   <div class='ocr_carea' id='block_1_24' title="bbox 1922 897 3503 993">
    <p class='ocr_par' dir='ltr' id='par_1_24' title="bbox 1922 897 3503 993">
     <span class='ocr_line' id='line_1_24' title="bbox 1922 897 3503 993; baseline -0.022 -9"><span class='ocrx_word' id='word_1_168' title='bbox 1922 927 2150 984; x_wconf 82' lang='lat' dir='ltr'><strong>verbis:</strong></span> <span class='ocrx_word' id='word_1_169' title='bbox 2200 944 2218 977; x_wconf 84' lang='grc' dir='ltr'><strong>ι</strong></span> <span class='ocrx_word' id='word_1_170' title='bbox 2276 897 2591 993; x_wconf 80' lang='lat' dir='ltr'><strong>Argentum</strong></span> <span class='ocrx_word' id='word_1_171' title='bbox 2638 923 2692 971; x_wconf 91' lang='lat' dir='ltr'><strong>et</strong></span> <span class='ocrx_word' id='word_1_172' title='bbox 2747 925 2939 967; x_wconf 88' lang='lat' dir='ltr'><strong>aurum</strong></span> <span class='ocrx_word' id='word_1_173' title='bbox 3007 921 3115 961; x_wconf 88' lang='lat' dir='ltr'><strong>non</strong></span> <span class='ocrx_word' id='word_1_174' title='bbox 3177 909 3261 959; x_wconf 89' lang='lat' dir='ltr'><strong>est</strong></span> <span class='ocrx_word' id='word_1_175' title='bbox 3335 897 3503 957; x_wconf 82' lang='lat' dir='ltr'><strong>mihi,</strong></span> 
     </span>
    </p>
   </div>
   <div class='ocr_carea' id='block_1_25' title="bbox 1928 992 3506 1089">
    <p class='ocr_par' dir='ltr' id='par_1_25' title="bbox 1928 992 3506 1089">
     <span class='ocr_line' id='line_1_25' title="bbox 1928 992 3506 1089; baseline -0.02 -14"><span class='ocrx_word' id='word_1_176' title='bbox 1928 1018 2090 1089; x_wconf 75' lang='lat'><strong>119</strong></span> <span class='ocrx_word' id='word_1_177' title='bbox 2127 1014 2274 1087; x_wconf 88' lang='lat' dir='ltr'><strong>quod</strong></span> <span class='ocrx_word' id='word_1_178' title='bbox 2320 992 2498 1068; x_wconf 86' lang='lat' dir='ltr'><strong>autem</strong></span> <span class='ocrx_word' id='word_1_179' title='bbox 2543 1008 2739 1073; x_wconf 82' lang='lat' dir='ltr'><strong>habeo,</strong></span> <span class='ocrx_word' id='word_1_180' title='bbox 2781 1006 2883 1059; x_wconf 86' lang='lat' dir='ltr'><strong>hoc</strong></span> <span class='ocrx_word' id='word_1_181' title='bbox 2905 1001 3001 1056; x_wconf 85' lang='lat' dir='ltr'><strong>tibi</strong></span> <span class='ocrx_word' id='word_1_182' title='bbox 3033 999 3136 1063; x_wconf 83' lang='lat' dir='ltr'><strong>do;</strong></span> <span class='ocrx_word' id='word_1_183' title='bbox 3187 996 3241 1049; x_wconf 90' lang='lat' dir='ltr'><strong>in</strong></span> <span class='ocrx_word' id='word_1_184' title='bbox 3284 992 3506 1047; x_wconf 86' lang='lat' dir='ltr'><strong>nomine</strong></span> 
     </span>
    </p>
   </div>
   <div class='ocr_carea' id='block_1_26' title="bbox 1921 1084 3507 1171">
    <p class='ocr_par' dir='ltr' id='par_1_26' title="bbox 1921 1084 3507 1171">
     <span class='ocr_line' id='line_1_26' title="bbox 1921 1084 3507 1171; baseline -0.018 -8"><span class='ocrx_word' id='word_1_185' title='bbox 1921 1084 2274 1162; x_wconf 46' lang='lat' dir='ltr'><strong>Iesu—Christi</strong></span> <span class='ocrx_word' id='word_1_186' title='bbox 2305 1116 2466 1171; x_wconf 89' lang='lat' dir='ltr'><strong>surge</strong></span> <span class='ocrx_word' id='word_1_187' title='bbox 2496 1107 2549 1154; x_wconf 85' lang='lat' dir='ltr'><strong>et</strong></span> <span class='ocrx_word' id='word_1_188' title='bbox 2573 1095 2873 1151; x_wconf 71' lang='lat' dir='ltr'><strong>ambula“.</strong></span> <span class='ocrx_word' id='word_1_189' title='bbox 2903 1110 2920 1142; x_wconf 81' lang='grc' dir='ltr'><strong>ι</strong></span> <span class='ocrx_word' id='word_1_190' title='bbox 2939 1090 3075 1145; x_wconf 85' lang='lat' dir='ltr'><strong>Cum</strong></span> <span class='ocrx_word' id='word_1_191' title='bbox 3097 1101 3224 1141; x_wconf 87' lang='lat' dir='ltr'><strong>vero</strong></span> <span class='ocrx_word' id='word_1_192' title='bbox 3246 1084 3320 1138; x_wconf 89' lang='lat' dir='ltr'><strong>illi</strong></span> <span class='ocrx_word' id='word_1_193' title='bbox 3355 1097 3384 1135; x_wconf 92' lang='lat' dir='ltr'><strong>a</strong></span> <span class='ocrx_word' id='word_1_194' title='bbox 3407 1093 3507 1137; x_wconf 88' lang='lat' dir='ltr'><strong>suo</strong></span> 
     </span>
    </p>
   </div>
   <div class='ocr_carea' id='block_1_27' title="bbox 1924 1178 3507 1269">
    <p class='ocr_par' dir='ltr' id='par_1_27' title="bbox 1924 1178 3507 1269">
     <span class='ocr_line' id='line_1_27' title="bbox 1924 1178 3507 1269; baseline -0.016 -14"><span class='ocrx_word' id='word_1_195' title='bbox 1924 1198 2266 1269; x_wconf 65' lang='lat' dir='ltr'><strong>Praeceptore</strong></span> <span class='ocrx_word' id='word_1_196' title='bbox 2292 1196 2470 1251; x_wconf 75' lang='lat' dir='ltr'><strong>tristia</strong></span> <span class='ocrx_word' id='word_1_197' title='bbox 2504 1192 2693 1247; x_wconf 86' lang='lat' dir='ltr'><strong>auditu</strong></span> <span class='ocrx_word' id='word_1_198' title='bbox 2736 1188 3099 1259; x_wconf 87' lang='lat' dir='ltr'><strong>perciperent,</strong></span> <span class='ocrx_word' id='word_1_199' title='bbox 3148 1182 3193 1236; x_wconf 88' lang='lat' dir='ltr'><strong>si</strong></span> <span class='ocrx_word' id='word_1_200' title='bbox 3230 1178 3395 1233; x_wconf 91' lang='lat' dir='ltr'><strong>modo</strong></span> <span class='ocrx_word' id='word_1_201' title='bbox 3426 1183 3507 1231; x_wconf 54' lang='lat' dir='ltr'><strong>at:</strong></span> 
     </span>
    </p>
   </div>
   <div class='ocr_carea' id='block_1_28' title="bbox 1924 1271 3508 1361">
    <p class='ocr_par' dir='ltr' id='par_1_28' title="bbox 1924 1271 3508 1361">
     <span class='ocr_line' id='line_1_28' title="bbox 1924 1271 3508 1361; baseline -0.016 -12"><span class='ocrx_word' id='word_1_202' title='bbox 1924 1291 2219 1349; x_wconf 87' lang='lat' dir='ltr'><strong>tendebant</strong></span> <span class='ocrx_word' id='word_1_203' title='bbox 2242 1272 2456 1361; x_wconf 31' lang='lat' dir='ltr'><strong>quaalad</strong></span> <span class='ocrx_word' id='word_1_204' title='bbox 2494 1284 2643 1356; x_wconf 89' lang='lat' dir='ltr'><strong>ipsos</strong></span> <span class='ocrx_word' id='word_1_205' title='bbox 2671 1282 2899 1344; x_wconf 86' lang='lat' dir='ltr'><strong>diceret,</strong></span> <span class='ocrx_word' id='word_1_206' title='bbox 2924 1277 3011 1332; x_wconf 63' lang='lat' dir='ltr'><strong>«in</strong></span> <span class='ocrx_word' id='word_1_207' title='bbox 3032 1274 3234 1330; x_wconf 85' lang='lat' dir='ltr'><strong>mundo</strong></span> <span class='ocrx_word' id='word_1_208' title='bbox 3260 1271 3508 1326; x_wconf 81' lang='lat' dir='ltr'><strong>atilictio-</strong></span> 
     </span>
    </p>
   </div>
   <div class='ocr_carea' id='block_1_29' title="bbox 1925 1361 3511 1440">
    <p class='ocr_par' dir='ltr' id='par_1_29' title="bbox 1925 1361 3511 1440">
     <span class='ocr_line' id='line_1_29' title="bbox 1925 1361 3511 1440; baseline -0.014 -4"><span class='ocrx_word' id='word_1_209' title='bbox 1925 1396 2052 1436; x_wconf 90' lang='lat' dir='ltr'><strong>nem</strong></span> <span class='ocrx_word' id='word_1_210' title='bbox 2082 1381 2371 1437; x_wconf 84' lang='lat' dir='ltr'><strong>habebitis.</strong></span> <span class='ocrx_word' id='word_1_211' title='bbox 2391 1397 2410 1431; x_wconf 70' lang='grc' dir='ltr'><strong>ι</strong></span> <span class='ocrx_word' id='word_1_212' title='bbox 2434 1376 2502 1431; x_wconf 87' lang='lat' dir='ltr'><strong>Et</strong></span> <span class='ocrx_word' id='word_1_213' title='bbox 2535 1389 2729 1430; x_wconf 89' lang='lat' dir='ltr'><strong>rursus</strong></span> <span class='ocrx_word' id='word_1_214' title='bbox 2755 1367 3100 1440; x_wconf 66' lang='lat' dir='ltr'><strong>:cLugebitis</strong></span> <span class='ocrx_word' id='word_1_215' title='bbox 3128 1375 3180 1423; x_wconf 89' lang='lat' dir='ltr'><strong>et</strong></span> <span class='ocrx_word' id='word_1_216' title='bbox 3221 1361 3511 1435; x_wconf 81' lang='lat' dir='ltr'><strong>plorabitis</strong></span> 
     </span>
    </p>
   </div>
   <div class='ocr_carea' id='block_1_30' title="bbox 1924 1453 3511 1538">
    <p class='ocr_par' dir='ltr' id='par_1_30' title="bbox 1924 1453 3511 1538">
     <span class='ocr_line' id='line_1_30' title="bbox 1924 1453 3511 1538; baseline -0.015 -8"><span class='ocrx_word' id='word_1_217' title='bbox 1924 1488 2046 1538; x_wconf 89' lang='lat' dir='ltr'><strong>vos,</strong></span> <span class='ocrx_word' id='word_1_218' title='bbox 2078 1470 2315 1528; x_wconf 90' lang='lat' dir='ltr'><strong>mundus</strong></span> <span class='ocrx_word' id='word_1_219' title='bbox 2342 1475 2524 1525; x_wconf 87' lang='lat' dir='ltr'><strong>autem</strong></span> <span class='ocrx_word' id='word_1_220' title='bbox 2562 1464 2820 1538; x_wconf 79' lang='lat' dir='ltr'><strong>gaudebit</strong></span> <span class='ocrx_word' id='word_1_221' title='bbox 2854 1481 2867 1517; x_wconf 87' lang='lat'><strong>:</strong></span> <span class='ocrx_word' id='word_1_222' title='bbox 2898 1462 2945 1493; x_wconf 74' lang='grc' dir='ltr'><strong><em>το</em></strong></span> <span class='ocrx_word' id='word_1_223' title='bbox 2966 1480 2986 1513; x_wconf 73' lang='grc' dir='ltr'><strong>ι</strong></span> <span class='ocrx_word' id='word_1_224' title='bbox 3023 1472 3205 1514; x_wconf 90' lang='lat' dir='ltr'><strong>nonne</strong></span> <span class='ocrx_word' id='word_1_225' title='bbox 3247 1456 3313 1511; x_wconf 89' lang='lat' dir='ltr'><strong>de</strong></span> <span class='ocrx_word' id='word_1_226' title='bbox 3343 1453 3511 1508; x_wconf 87' lang='lat' dir='ltr'><strong>animi</strong></span> 
     </span>
    </p>
   </div>
   <div class='ocr_carea' id='block_1_31' title="bbox 1930 1546 3512 1634">
    <p class='ocr_par' dir='ltr' id='par_1_31' title="bbox 1930 1546 3512 1634">
     <span class='ocr_line' id='line_1_31' title="bbox 1930 1546 3512 1634; baseline -0.015 -12"><span class='ocrx_word' id='word_1_227' title='bbox 1930 1566 2018 1623; x_wconf 90' lang='lat' dir='ltr'><strong>sui</strong></span> <span class='ocrx_word' id='word_1_228' title='bbox 2059 1564 2308 1621; x_wconf 87' lang='lat' dir='ltr'><strong>moribus</strong></span> <span class='ocrx_word' id='word_1_229' title='bbox 2330 1563 2491 1634; x_wconf 89' lang='lat' dir='ltr'><strong>plane</strong></span> <span class='ocrx_word' id='word_1_230' title='bbox 2536 1557 2891 1616; x_wconf 86' lang='lat' dir='ltr'><strong>indicabant?</strong></span> <span class='ocrx_word' id='word_1_231' title='bbox 2920 1553 3067 1626; x_wconf 89' lang='lat' dir='ltr'><strong>quod</strong></span> <span class='ocrx_word' id='word_1_232' title='bbox 3092 1551 3347 1607; x_wconf 86' lang='lat' dir='ltr'><strong>videlicet</strong></span> <span class='ocrx_word' id='word_1_233' title='bbox 3377 1546 3512 1604; x_wconf 77' lang='lat' dir='ltr'><strong>soli-</strong></span> 
     </span>
    </p>
   </div>
   <div class='ocr_carea' id='block_1_32' title="bbox 1929 1640 3513 1729">
    <p class='ocr_par' dir='ltr' id='par_1_32' title="bbox 1929 1640 3513 1729">
     <span class='ocr_line' id='line_1_32' title="bbox 1929 1640 3513 1729; baseline -0.013 -15"><span class='ocrx_word' id='word_1_234' title='bbox 1929 1657 2072 1714; x_wconf 88' lang='lat' dir='ltr'><strong>diori</strong></span> <span class='ocrx_word' id='word_1_235' title='bbox 2094 1657 2329 1729; x_wconf 89' lang='lat' dir='ltr'><strong>quadam</strong></span> <span class='ocrx_word' id='word_1_236' title='bbox 2350 1654 2638 1724; x_wconf 81' lang='lat' dir='ltr'><strong>altiorique</strong></span> <span class='ocrx_word' id='word_1_237' title='bbox 2658 1656 2854 1707; x_wconf 87' lang='lat' dir='ltr'><strong>natura</strong></span> <span class='ocrx_word' id='word_1_238' title='bbox 2875 1652 3213 1709; x_wconf 85' lang='lat' dir='ltr'><strong>constarent,</strong></span> <span class='ocrx_word' id='word_1_239' title='bbox 3242 1654 3371 1698; x_wconf 91' lang='lat' dir='ltr'><strong>cum</strong></span> <span class='ocrx_word' id='word_1_240' title='bbox 3390 1640 3513 1695; x_wconf 88' lang='lat' dir='ltr'><strong>ani-</strong></span> 
     </span>
    </p>
   </div>
   <div class='ocr_carea' id='block_1_33' title="bbox 1931 1740 3514 1820">
    <p class='ocr_par' dir='ltr' id='par_1_33' title="bbox 1931 1740 3514 1820">
     <span class='ocr_line' id='line_1_33' title="bbox 1931 1740 3514 1820; baseline -0.011 -13"><span class='ocrx_word' id='word_1_241' title='bbox 1931 1751 2009 1807; x_wconf 86' lang='lat' dir='ltr'><strong>mi</strong></span> <span class='ocrx_word' id='word_1_242' title='bbox 2036 1752 2257 1807; x_wconf 87' lang='lat' dir='ltr'><strong>labores</strong></span> <span class='ocrx_word' id='word_1_243' title='bbox 2301 1765 2415 1805; x_wconf 91' lang='lat' dir='ltr'><strong>non</strong></span> <span class='ocrx_word' id='word_1_244' title='bbox 2449 1748 2724 1820; x_wconf 80' lang='lat' dir='ltr'><strong>fugerent,</strong></span> <span class='ocrx_word' id='word_1_245' title='bbox 2753 1757 2932 1814; x_wconf 87' lang='lat' dir='ltr'><strong>neque</strong></span> <span class='ocrx_word' id='word_1_246' title='bbox 2964 1740 3293 1811; x_wconf 79' lang='lat' dir='ltr'><strong>voluptatem</strong></span> <span class='ocrx_word' id='word_1_247' title='bbox 3330 1750 3514 1807; x_wconf 88' lang='lat' dir='ltr'><strong>perse-</strong></span> 
     </span>
    </p>
   </div>
   <div class='ocr_carea' id='block_1_34' title="bbox 245 1829 1838 1936">
    <p class='ocr_par' dir='ltr' id='par_1_34' title="bbox 245 1829 1828 1936">
     <span class='ocr_line' id='line_1_34' title="bbox 245 1829 1828 1936; baseline -0.014 -15"><span class='ocrx_word' id='word_1_248' title='bbox 245 1868 373 1920; x_wconf 81' lang='grc' dir='ltr'>λέων</span> <span class='ocrx_word' id='word_1_249' title='bbox 406 1829 844 1936; x_wconf 34' lang='grc' dir='ltr'>φθάσουίςίίκαὶ</span> <span class='ocrx_word' id='word_1_250' title='bbox 876 1829 1134 1921; x_wconf 72' lang='grc' dir='ltr'>παντοίας</span> <span class='ocrx_word' id='word_1_251' title='bbox 1172 1829 1504 1926; x_wconf 82' lang='grc' dir='ltr'>ὑπομενοῦσι</span> <span class='ocrx_word' id='word_1_252' title='bbox 1538 1829 1828 1921; x_wconf 76' lang='grc' dir='ltr'>τιμωρίας,</span> 
     </span>
    </p>
   </div>
   <div class='ocr_carea' id='block_1_35' title="bbox 1937 1829 3515 1936">
    <p class='ocr_par' dir='ltr' id='par_1_35' title="bbox 1937 1829 3515 1917">
     <span class='ocr_line' id='line_1_35' title="bbox 1937 1829 3515 1917; baseline -0.012 -16"><span class='ocrx_word' id='word_1_253' title='bbox 1937 1854 2251 1917; x_wconf 82' lang='lat' dir='ltr'><strong>querentur,</strong></span> <span class='ocrx_word' id='word_1_254' title='bbox 2285 1842 2543 1913; x_wconf 89' lang='lat' dir='ltr'><strong>quodque</strong></span> <span class='ocrx_word' id='word_1_255' title='bbox 2574 1842 2817 1912; x_wconf 90' lang='lat' dir='ltr'><strong>ipsorum</strong></span> <span class='ocrx_word' id='word_1_256' title='bbox 2861 1838 3122 1907; x_wconf 83' lang='lat' dir='ltr'><strong>magister</strong></span> <span class='ocrx_word' id='word_1_257' title='bbox 3146 1848 3255 1886; x_wconf 90' lang='lat' dir='ltr'><strong>non</strong></span> <span class='ocrx_word' id='word_1_258' title='bbox 3287 1829 3515 1884; x_wconf 82' lang='lat' dir='ltr'><strong>fraudu-</strong></span> 
     </span>
    </p>
   </div>
   <div class='ocr_carea' id='block_1_36' title="bbox 245 1941 1830 2029">
    <p class='ocr_par' dir='ltr' id='par_1_36' title="bbox 245 1941 1830 2029">
     <span class='ocr_line' id='line_1_36' title="bbox 245 1941 1830 2029; baseline -0.014 -15"><span class='ocrx_word' id='word_1_259' title='bbox 245 1960 306 2013; x_wconf 79' lang='grc' dir='ltr'>δι’</span> <span class='ocrx_word' id='word_1_260' title='bbox 337 1959 504 2014; x_wconf 81' lang='grc' dir='ltr'>οὐδὲν</span> <span class='ocrx_word' id='word_1_261' title='bbox 535 1959 632 2029; x_wconf 88' lang='grc' dir='ltr'><strong>μὲν</strong></span> <span class='ocrx_word' id='word_1_262' title='bbox 667 1955 888 2025; x_wconf 88' lang='grc' dir='ltr'>φαῦλον,</span> <span class='ocrx_word' id='word_1_263' title='bbox 923 1953 1044 2006; x_wconf 79' lang='grc' dir='ltr'>οὐδὲ</span> <span class='ocrx_word' id='word_1_264' title='bbox 1071 1951 1137 2004; x_wconf 86' lang='grc' dir='ltr'>δι’</span> <span class='ocrx_word' id='word_1_265' title='bbox 1171 1949 1362 2019; x_wconf 79' lang='grc' dir='ltr'>ἑτέραν</span> <span class='ocrx_word' id='word_1_266' title='bbox 1395 1945 1613 2012; x_wconf 79' lang='grc' dir='ltr'>εὔλογον</span> <span class='ocrx_word' id='word_1_267' title='bbox 1629 1941 1830 2004; x_wconf 81' lang='grc' dir='ltr'>αἰτίαν,</span> 
     </span>
    </p>
   </div>
   <div class='ocr_carea' id='block_1_37' title="bbox 244 2032 1831 2112">
    <p class='ocr_par' dir='ltr' id='par_1_37' title="bbox 244 2032 1831 2112">
     <span class='ocr_line' id='line_1_37' title="bbox 244 2032 1831 2112; baseline -0.014 -6"><span class='ocrx_word' id='word_1_268' title='bbox 244 2052 369 2106; x_wconf 77' lang='grc' dir='ltr'>αὐτὸ</span> <span class='ocrx_word' id='word_1_269' title='bbox 399 2051 463 2105; x_wconf 79' lang='grc' dir='ltr'>δὲ</span> <span class='ocrx_word' id='word_1_270' title='bbox 500 2048 662 2103; x_wconf 89' lang='grc' dir='ltr'>τοῦτο</span> <span class='ocrx_word' id='word_1_271' title='bbox 693 2047 813 2101; x_wconf 85' lang='grc' dir='ltr'>ὅλον</span> <span class='ocrx_word' id='word_1_272' title='bbox 840 2046 928 2098; x_wconf 78' lang='grc' dir='ltr'><strong>διὰ</strong></span> <span class='ocrx_word' id='word_1_273' title='bbox 955 2045 1016 2098; x_wconf 85' lang='grc' dir='ltr'>τὸ</span> <span class='ocrx_word' id='word_1_274' title='bbox 1043 2043 1213 2112; x_wconf 74' lang='grc' dir='ltr'>ὄνομα</span> <span class='ocrx_word' id='word_1_275' title='bbox 1236 2037 1424 2094; x_wconf 81' lang='grc' dir='ltr'>αὑτοῦ.</span> <span class='ocrx_word' id='word_1_276' title='bbox 1465 2039 1531 2091; x_wconf 75' lang='grc' dir='ltr'>Ὀ</span> <span class='ocrx_word' id='word_1_277' title='bbox 1557 2034 1652 2089; x_wconf 80' lang='grc' dir='ltr'><strong>καὶ</strong></span> <span class='ocrx_word' id='word_1_278' title='bbox 1687 2032 1831 2085; x_wconf 80' lang='grc' dir='ltr'>ἔστιν</span> 
     </span>
    </p>
   </div>
   <div class='ocr_carea' id='block_1_38' title="bbox 247 2126 1834 2214">
    <p class='ocr_par' dir='ltr' id='par_1_38' title="bbox 247 2126 1834 2214">
     <span class='ocr_line' id='line_1_38' title="bbox 247 2126 1834 2214; baseline -0.014 -16"><span class='ocrx_word' id='word_1_279' title='bbox 247 2147 319 2208; x_wconf 82' lang='grc' dir='ltr'><strong>είς</strong></span> <span class='ocrx_word' id='word_1_280' title='bbox 365 2141 539 2214; x_wconf 79' lang='grc' dir='ltr'>δεῦρο</span> <span class='ocrx_word' id='word_1_281' title='bbox 583 2139 919 2214; x_wconf 85' lang='grc' dir='ltr'>θεωροῦντας</span> <span class='ocrx_word' id='word_1_282' title='bbox 963 2133 1373 2207; x_wconf 81' lang='grc' dir='ltr'>ὲνεργοῦμενον,</span> <span class='ocrx_word' id='word_1_283' title='bbox 1421 2126 1834 2196; x_wconf 77' lang='grc' dir='ltr'>καταπλαγῆναι</span> 
     </span>
    </p>
   </div>
   <div class='ocr_carea' id='block_1_39' title="bbox 246 2216 1833 2309">
    <p class='ocr_par' dir='ltr' id='par_1_39' title="bbox 246 2216 1833 2309">
     <span class='ocr_line' id='line_1_39' title="bbox 246 2216 1833 2309; baseline -0.015 -18"><span class='ocrx_word' id='word_1_284' title='bbox 246 2239 335 2309; x_wconf 76' lang='grc' dir='ltr'><strong>τὴν</strong></span> <span class='ocrx_word' id='word_1_285' title='bbox 361 2236 678 2308; x_wconf 73' lang='grc' dir='ltr'>πρόρρησιν</span> <span class='ocrx_word' id='word_1_286' title='bbox 696 2249 711 2262; x_wconf 71' lang='grc' dir='ltr'><strong><em>ο</em></strong></span> <span class='ocrx_word' id='word_1_287' title='bbox 746 2233 785 2302; x_wconf 79' lang='grc' dir='ltr'>ἡ</span> <span class='ocrx_word' id='word_1_288' title='bbox 806 2230 916 2301; x_wconf 74' lang='grc' dir='ltr'>γὰρ</span> <span class='ocrx_word' id='word_1_289' title='bbox 943 2227 1037 2281; x_wconf 89' lang='grc' dir='ltr'><strong>τοῦ</strong></span> <span class='ocrx_word' id='word_1_290' title='bbox 1070 2222 1245 2295; x_wconf 86' lang='grc' dir='ltr'>Ἰησοῦ</span> <span class='ocrx_word' id='word_1_291' title='bbox 1276 2222 1541 2292; x_wconf 83' lang='grc' dir='ltr'>ὀνόματος</span> <span class='ocrx_word' id='word_1_292' title='bbox 1572 2216 1833 2288; x_wconf 85' lang='grc' dir='ltr'>ὁμολογία</span> 
     </span>
    </p>
   </div>
   <div class='ocr_carea' id='block_1_40' title="bbox 245 2308 1832 2399">
    <p class='ocr_par' dir='ltr' id='par_1_40' title="bbox 245 2308 1832 2399">
     <span class='ocr_line' id='line_1_40' title="bbox 245 2308 1832 2399; baseline -0.015 -15"><span class='ocrx_word' id='word_1_293' title='bbox 245 2308 364 2393; x_wconf 72' lang='grc' dir='ltr'>τους</span> <span class='ocrx_word' id='word_1_294' title='bbox 391 2328 613 2399; x_wconf 77' lang='grc' dir='ltr'>θυμοὺς</span> <span class='ocrx_word' id='word_1_295' title='bbox 676 2324 864 2377; x_wconf 85' lang='grc' dir='ltr'>εῖωθεν</span> <span class='ocrx_word' id='word_1_296' title='bbox 912 2319 1155 2374; x_wconf 79' lang='grc' dir='ltr'>ἐκκαίειν</span> <span class='ocrx_word' id='word_1_297' title='bbox 1199 2316 1309 2370; x_wconf 88' lang='grc' dir='ltr'><strong>τῶν</strong></span> <span class='ocrx_word' id='word_1_298' title='bbox 1354 2312 1652 2386; x_wconf 84' lang='grc' dir='ltr'>ἀρχόντων.</span> <span class='ocrx_word' id='word_1_299' title='bbox 1711 2308 1832 2362; x_wconf 83' lang='grc' dir='ltr'><strong>Κᾶν</strong></span> 
     </span>
    </p>
   </div>
   <div class='ocr_carea' id='block_1_41' title="bbox 253 2400 1832 2495">
    <p class='ocr_par' dir='ltr' id='par_1_41' title="bbox 253 2400 1832 2495">
     <span class='ocr_line' id='line_1_41' title="bbox 253 2400 1832 2495; baseline -0.016 -18"><span class='ocrx_word' id='word_1_300' title='bbox 253 2424 435 2495; x_wconf 71' lang='grc' dir='ltr'>μηδενὶ</span> <span class='ocrx_word' id='word_1_301' title='bbox 491 2419 604 2491; x_wconf 85' lang='grc' dir='ltr'><strong>γάρ</strong></span> <span class='ocrx_word' id='word_1_302' title='bbox 642 2415 843 2488; x_wconf 88' lang='grc' dir='ltr'>φαῦλον</span> <span class='ocrx_word' id='word_1_303' title='bbox 951 2408 1340 2482; x_wconf 78' lang='grc' dir='ltr'>πεπραγμένον</span> <span class='ocrx_word' id='word_1_304' title='bbox 1371 2404 1450 2475; x_wconf 84' lang='grc' dir='ltr'>τῷ</span> <span class='ocrx_word' id='word_1_305' title='bbox 1480 2403 1572 2456; x_wconf 82' lang='grc' dir='ltr'><strong>τὸν</strong></span> <span class='ocrx_word' id='word_1_306' title='bbox 1598 2400 1832 2473; x_wconf 73' lang='grc' dir='ltr'>Χριστὸν</span> 
     </span>
    </p>
   </div>
   <div class='ocr_carea' id='block_1_42' title="bbox 248 2492 1834 2582">
    <p class='ocr_par' dir='ltr' id='par_1_42' title="bbox 248 2492 1834 2582">
     <span class='ocr_line' id='line_1_42' title="bbox 248 2492 1834 2582; baseline -0.015 -16"><span class='ocrx_word' id='word_1_307' title='bbox 248 2492 637 2582; x_wconf 69' lang='grc' dir='ltr'>δμολογοῦντι,</span> <span class='ocrx_word' id='word_1_308' title='bbox 688 2505 1006 2569; x_wconf 79' lang='grc' dir='ltr'>κολάζουσιν</span> <span class='ocrx_word' id='word_1_309' title='bbox 1045 2501 1247 2571; x_wconf 76' lang='grc' dir='ltr'>ὁμοίως</span> <span class='ocrx_word' id='word_1_310' title='bbox 1288 2496 1621 2566; x_wconf 74' lang='grc' dir='ltr'>αἰκιζόμενοι</span> <span class='ocrx_word' id='word_1_311' title='bbox 1652 2493 1741 2546; x_wconf 82' lang='grc' dir='ltr'>διὰ</span> <span class='ocrx_word' id='word_1_312' title='bbox 1771 2492 1834 2544; x_wconf 88' lang='grc' dir='ltr'>τὸ</span> 
     </span>
    </p>
   </div>
   <div class='ocr_carea' id='block_1_43' title="bbox 247 2587 1829 2675">
    <p class='ocr_par' dir='ltr' id='par_1_43' title="bbox 247 2587 1829 2675">
     <span class='ocr_line' id='line_1_43' title="bbox 247 2587 1829 2675; baseline -0.013 -18"><span class='ocrx_word' id='word_1_313' title='bbox 247 2605 414 2675; x_wconf 74' lang='grc' dir='ltr'>ὄνομα</span> <span class='ocrx_word' id='word_1_314' title='bbox 441 2599 635 2664; x_wconf 79' lang='grc' dir='ltr'>αὐτοῦ,</span> <span class='ocrx_word' id='word_1_315' title='bbox 663 2599 739 2663; x_wconf 85' lang='grc' dir='ltr'>ὡς</span> <span class='ocrx_word' id='word_1_316' title='bbox 767 2598 981 2651; x_wconf 86' lang='grc' dir='ltr'>πάντων</span> <span class='ocrx_word' id='word_1_317' title='bbox 1009 2596 1221 2649; x_wconf 87' lang='grc' dir='ltr'>ἀνοσιου</span> <span class='ocrx_word' id='word_1_318' title='bbox 1231 2590 1374 2664; x_wconf 88' lang='grc' dir='ltr'>ργῶν</span> <span class='ocrx_word' id='word_1_319' title='bbox 1397 2587 1829 2660; x_wconf 64' lang='grc' dir='ltr'>χαλεπωτέρους</span> 
     </span>
    </p>
   </div>
   <div class='ocr_carea' id='block_1_44' title="bbox 247 2675 1831 2762">
    <p class='ocr_par' dir='ltr' id='par_1_44' title="bbox 247 2675 1831 2762">
     <span class='ocr_line' id='line_1_44' title="bbox 247 2675 1831 2762; baseline -0.015 -13"><span class='ocrx_word' id='word_1_320' title='bbox 247 2698 291 2749; x_wconf 79' lang='grc' dir='ltr'><strong>εί</strong></span> <span class='ocrx_word' id='word_1_321' title='bbox 320 2694 362 2748; x_wconf 80' lang='grc' dir='ltr'>δ’</span> <span class='ocrx_word' id='word_1_322' title='bbox 391 2689 722 2762; x_wconf 81' lang='grc' dir='ltr'>ὲξομόσαιτό</span> <span class='ocrx_word' id='word_1_323' title='bbox 752 2706 836 2751; x_wconf 87' lang='grc' dir='ltr'><strong>τις</strong></span> <span class='ocrx_word' id='word_1_324' title='bbox 873 2687 971 2757; x_wconf 85' lang='grc' dir='ltr'>τὴν</span> <span class='ocrx_word' id='word_1_325' title='bbox 1004 2682 1401 2756; x_wconf 83' lang='grc' dir='ltr'>προσηγορίαν,</span> <span class='ocrx_word' id='word_1_326' title='bbox 1440 2679 1534 2731; x_wconf 71' lang='grc' dir='ltr'><strong>καὶ</strong></span> <span class='ocrx_word' id='word_1_327' title='bbox 1568 2675 1831 2746; x_wconf 87' lang='grc' dir='ltr'>ἀρνηθείη</span> 
     </span>
    </p>
   </div>
   <div class='ocr_carea' id='block_1_45' title="bbox 252 2765 1835 2857">
    <p class='ocr_par' dir='ltr' id='par_1_45' title="bbox 252 2765 1835 2857">
     <span class='ocr_line' id='line_1_45' title="bbox 252 2765 1835 2857; baseline -0.016 -17"><span class='ocrx_word' id='word_1_328' title='bbox 252 2786 320 2857; x_wconf 80' lang='grc' dir='ltr'>μὴ</span> <span class='ocrx_word' id='word_1_329' title='bbox 351 2781 502 2838; x_wconf 72' lang='grc' dir='ltr'>εἶναι</span> <span class='ocrx_word' id='word_1_330' title='bbox 527 2781 638 2835; x_wconf 89' lang='grc' dir='ltr'><strong>τῶν</strong></span> <span class='ocrx_word' id='word_1_331' title='bbox 661 2776 898 2851; x_wconf 83' lang='grc' dir='ltr'>Χριστοῦ</span> <span class='ocrx_word' id='word_1_332' title='bbox 937 2773 1217 2847; x_wconf 85' lang='grc' dir='ltr'>μαθητῶν,</span> <span class='ocrx_word' id='word_1_333' title='bbox 1247 2771 1467 2840; x_wconf 83' lang='grc' dir='ltr'>ἀφεῖται</span> <span class='ocrx_word' id='word_1_334' title='bbox 1498 2765 1835 2839; x_wconf 88' lang='grc' dir='ltr'>παραχρῆμα</span> 
     </span>
    </p>
   </div>
   <div class='ocr_carea' id='block_1_46' title="bbox 248 2856 1835 2945">
    <p class='ocr_par' dir='ltr' id='par_1_46' title="bbox 248 2856 1835 2945">
     <span class='ocr_line' id='line_1_46' title="bbox 248 2856 1835 2945; baseline -0.015 -16"><span class='ocrx_word' id='word_1_335' title='bbox 248 2856 557 2945; x_wconf 69' lang='grc' dir='ltr'>ἐλεύθερος,</span> <span class='ocrx_word' id='word_1_336' title='bbox 597 2869 703 2924; x_wconf 71' lang='grc' dir='ltr'>κᾶν</span> <span class='ocrx_word' id='word_1_337' title='bbox 739 2868 950 2940; x_wconf 72' lang='grc' dir='ltr'>μυρίοις</span> <span class='ocrx_word' id='word_1_338' title='bbox 977 2865 1157 2935; x_wconf 71' lang='grc' dir='ltr'>ἔνοχος</span> <span class='ocrx_word' id='word_1_339' title='bbox 1184 2861 1472 2931; x_wconf 81' lang='grc' dir='ltr'>ἁλίσκηται</span> <span class='ocrx_word' id='word_1_340' title='bbox 1505 2856 1835 2928; x_wconf 83' lang='grc' dir='ltr'>πλημμελή-</span> 
     </span>
    </p>
   </div>
   <div class='ocr_carea' id='block_1_47' title="bbox 254 2987 405 3040">
    <p class='ocr_par' dir='ltr' id='par_1_47' title="bbox 254 2987 405 3040">
     <span class='ocr_line' id='line_1_47' title="bbox 254 2987 405 3040; baseline -0.013 -17"><span class='ocrx_word' id='word_1_341' title='bbox 254 2987 405 3040; x_wconf 59' lang='grc' dir='ltr'>μασιν.</span> 
     </span>
    </p>
   </div>
   <div class='ocr_carea' id='block_1_48' title="bbox 1929 1925 3515 2003">
    <p class='ocr_par' dir='ltr' id='par_1_48' title="bbox 1929 1925 3515 2003">
     <span class='ocr_line' id='line_1_48' title="bbox 1929 1925 3515 2003; baseline -0.01 -9"><span class='ocrx_word' id='word_1_342' title='bbox 1929 1938 2075 1994; x_wconf 89' lang='lat' dir='ltr'><strong>lente</strong></span> <span class='ocrx_word' id='word_1_343' title='bbox 2102 1953 2198 1994; x_wconf 87' lang='lat' dir='ltr'><strong>eos</strong></span> <span class='ocrx_word' id='word_1_344' title='bbox 2231 1937 2574 2003; x_wconf 88' lang='lat' dir='ltr'><strong>demulceus,</strong></span> <span class='ocrx_word' id='word_1_345' title='bbox 2602 1944 2699 1991; x_wconf 87' lang='lat' dir='ltr'><strong>aut</strong></span> <span class='ocrx_word' id='word_1_346' title='bbox 2720 1951 2810 1991; x_wconf 88' lang='lat' dir='ltr'><strong>res</strong></span> <span class='ocrx_word' id='word_1_347' title='bbox 2827 1950 2957 1992; x_wconf 90' lang='lat' dir='ltr'><strong>suas</strong></span> <span class='ocrx_word' id='word_1_348' title='bbox 2979 1931 3060 1990; x_wconf 84' lang='lat' dir='ltr'><strong>eis</strong></span> <span class='ocrx_word' id='word_1_349' title='bbox 3083 1937 3370 1985; x_wconf 83' lang='lat' dir='ltr'><strong>ostentans</strong></span> <span class='ocrx_word' id='word_1_350' title='bbox 3406 1925 3515 1980; x_wconf 86' lang='lat' dir='ltr'><strong>sibi</strong></span> 
     </span>
    </p>
   </div>
   <div class='ocr_carea' id='block_1_49' title="bbox 1931 2017 3518 2100">
    <p class='ocr_par' dir='ltr' id='par_1_49' title="bbox 1931 2017 3518 2100">
     <span class='ocr_line' id='line_1_49' title="bbox 1931 2017 3518 2100; baseline -0.009 -16"><span class='ocrx_word' id='word_1_351' title='bbox 1931 2029 2035 2100; x_wconf 88' lang='lat' dir='ltr'><strong>ipsi</strong></span> <span class='ocrx_word' id='word_1_352' title='bbox 2070 2029 2195 2084; x_wconf 92' lang='lat' dir='ltr'><strong>illos</strong></span> <span class='ocrx_word' id='word_1_353' title='bbox 2231 2028 2576 2098; x_wconf 70' lang='lat' dir='ltr'><strong>adiungeret,</strong></span> <span class='ocrx_word' id='word_1_354' title='bbox 2611 2025 2710 2082; x_wconf 81' lang='lat' dir='ltr'><strong>sed</strong></span> <span class='ocrx_word' id='word_1_355' title='bbox 2740 2026 2979 2097; x_wconf 85' lang='lat' dir='ltr'><strong>ingenua</strong></span> <span class='ocrx_word' id='word_1_356' title='bbox 3004 2037 3242 2091; x_wconf 87' lang='lat' dir='ltr'><strong>veraque</strong></span> <span class='ocrx_word' id='word_1_357' title='bbox 3268 2017 3518 2072; x_wconf 84' lang='lat' dir='ltr'><strong>oratione</strong></span> 
     </span>
    </p>
   </div>
   <div class='ocr_carea' id='block_1_50' title="bbox 1931 2112 3519 2194">
    <p class='ocr_par' dir='ltr' id='par_1_50' title="bbox 1931 2112 3519 2194">
     <span class='ocr_line' id='line_1_50' title="bbox 1931 2112 3519 2194; baseline -0.009 -17"><span class='ocrx_word' id='word_1_358' title='bbox 1931 2138 2053 2194; x_wconf 69' lang='lat' dir='ltr'><strong>quae</strong></span> <span class='ocrx_word' id='word_1_359' title='bbox 2073 2129 2333 2177; x_wconf 84' lang='lat' dir='ltr'><strong>eventura</strong></span> <span class='ocrx_word' id='word_1_360' title='bbox 2353 2129 2508 2176; x_wconf 87' lang='lat' dir='ltr'><strong>erant</strong></span> <span class='ocrx_word' id='word_1_361' title='bbox 2526 2135 2753 2184; x_wconf 90' lang='lat' dir='ltr'><strong>canens,</strong></span> <span class='ocrx_word' id='word_1_362' title='bbox 2783 2134 2897 2174; x_wconf 77' lang='lat' dir='ltr'><strong>suae</strong></span> <span class='ocrx_word' id='word_1_363' title='bbox 2919 2115 3232 2186; x_wconf 81' lang='lat' dir='ltr'><strong>reipublicae</strong></span> <span class='ocrx_word' id='word_1_364' title='bbox 3253 2112 3519 2169; x_wconf 81' lang='lat' dir='ltr'><strong>rationem</strong></span> 
     </span>
    </p>
   </div>
   <div class='ocr_carea' id='block_1_51' title="bbox 1935 2198 3521 2285">
    <p class='ocr_par' dir='ltr' id='par_1_51' title="bbox 1935 2198 3521 2285">
     <span class='ocr_line' id='line_1_51' title="bbox 1935 2198 3521 2285; baseline -0.008 -17"><span class='ocrx_word' id='word_1_365' title='bbox 1935 2223 2098 2285; x_wconf 88' lang='lat' dir='ltr'><strong>atque</strong></span> <span class='ocrx_word' id='word_1_366' title='bbox 2124 2213 2492 2284; x_wconf 82' lang='lat' dir='ltr'><strong>propositum,</strong></span> <span class='ocrx_word' id='word_1_367' title='bbox 2516 2213 2573 2267; x_wconf 90' lang='lat' dir='ltr'><strong>in</strong></span> <span class='ocrx_word' id='word_1_368' title='bbox 2603 2198 2802 2267; x_wconf 86' lang='lat' dir='ltr'><strong>animis</strong></span> <span class='ocrx_word' id='word_1_369' title='bbox 2824 2211 3040 2265; x_wconf 83' lang='lat' dir='ltr'><strong>illorum</strong></span> <span class='ocrx_word' id='word_1_370' title='bbox 3064 2205 3345 2276; x_wconf 79' lang='lat' dir='ltr'><strong>inﬁgeret?</strong></span> <span class='ocrx_word' id='word_1_371' title='bbox 3366 2203 3521 2257; x_wconf 81' lang='lat' dir='ltr'><strong>Talia</strong></span> 
     </span>
    </p>
   </div>
   <div class='ocr_carea' id='block_1_52' title="bbox 1937 2297 3521 2377">
    <p class='ocr_par' dir='ltr' id='par_1_52' title="bbox 1937 2297 3521 2377">
     <span class='ocr_line' id='line_1_52' title="bbox 1937 2297 3521 2377; baseline -0.006 -15"><span class='ocrx_word' id='word_1_372' title='bbox 1937 2309 2066 2363; x_wconf 73' lang='lat' dir='ltr'><strong>item</strong></span> <span class='ocrx_word' id='word_1_373' title='bbox 2099 2314 2257 2362; x_wconf 83' lang='lat' dir='ltr'><strong>erant</strong></span> <span class='ocrx_word' id='word_1_374' title='bbox 2284 2322 2407 2376; x_wconf 70' lang='lat' dir='ltr'><strong>quae</strong></span> <span class='ocrx_word' id='word_1_375' title='bbox 2447 2315 2668 2377; x_wconf 88' lang='lat' dir='ltr'><strong>pr0pter</strong></span> <span class='ocrx_word' id='word_1_376' title='bbox 2694 2320 2893 2360; x_wconf 90' lang='lat' dir='ltr'><strong>nomen</strong></span> <span class='ocrx_word' id='word_1_377' title='bbox 2921 2317 3081 2360; x_wconf 89' lang='lat' dir='ltr'><strong>suum</strong></span> <span class='ocrx_word' id='word_1_378' title='bbox 3112 2315 3374 2372; x_wconf 84' lang='lat' dir='ltr'><strong>passuros</strong></span> <span class='ocrx_word' id='word_1_379' title='bbox 3396 2297 3521 2353; x_wconf 85' lang='lat' dir='ltr'><strong>illos</strong></span> 
     </span>
    </p>
   </div>
   <div class='ocr_carea' id='block_1_53' title="bbox 1937 2387 3521 2466">
    <p class='ocr_par' dir='ltr' id='par_1_53' title="bbox 1937 2387 3521 2466">
     <span class='ocr_line' id='line_1_53' title="bbox 1937 2387 3521 2466; baseline -0.006 -16"><span class='ocrx_word' id='word_1_380' title='bbox 1937 2397 2288 2466; x_wconf 61' lang='lat' dir='ltr'><strong>praedicabat,</strong></span> <span class='ocrx_word' id='word_1_381' title='bbox 2325 2388 2667 2464; x_wconf 83' lang='lat' dir='ltr'><strong>signiﬁcans,</strong></span> <span class='ocrx_word' id='word_1_382' title='bbox 2702 2397 2850 2465; x_wconf 89' lang='lat' dir='ltr'><strong>quod</strong></span> <span class='ocrx_word' id='word_1_383' title='bbox 2888 2393 2954 2448; x_wconf 90' lang='lat' dir='ltr'><strong>ad</strong></span> <span class='ocrx_word' id='word_1_384' title='bbox 2987 2391 3247 2463; x_wconf 65' lang='lat' dir='ltr'><strong>praesides</strong></span> <span class='ocrx_word' id='word_1_385' title='bbox 3285 2387 3521 2443; x_wconf 89' lang='lat' dir='ltr'><strong>ducendi</strong></span> 
     </span>
    </p>
   </div>
   <div class='ocr_carea' id='block_1_54' title="bbox 1938 2479 3525 2560">
    <p class='ocr_par' dir='ltr' id='par_1_54' title="bbox 1938 2479 3525 2560">
     <span class='ocr_line' id='line_1_54' title="bbox 1938 2479 3525 2560; baseline -0.009 -14"><span class='ocrx_word' id='word_1_386' title='bbox 1938 2496 2143 2556; x_wconf 88' lang='lat' dir='ltr'><strong>essent,</strong></span> <span class='ocrx_word' id='word_1_387' title='bbox 2194 2487 2343 2558; x_wconf 82' lang='lat' dir='ltr'><strong>quod</strong></span> <span class='ocrx_word' id='word_1_388' title='bbox 2375 2497 2500 2543; x_wconf 89' lang='lat' dir='ltr'><strong>ante</strong></span> <span class='ocrx_word' id='word_1_389' title='bbox 2545 2504 2703 2560; x_wconf 83' lang='lat' dir='ltr'><strong>reges</strong></span> <span class='ocrx_word' id='word_1_390' title='bbox 2741 2484 2994 2547; x_wconf 86' lang='lat' dir='ltr'><strong>sistendi,</strong></span> <span class='ocrx_word' id='word_1_391' title='bbox 3021 2482 3168 2553; x_wconf 90' lang='lat' dir='ltr'><strong>quod</strong></span> <span class='ocrx_word' id='word_1_392' title='bbox 3212 2479 3392 2536; x_wconf 86' lang='lat' dir='ltr'><strong>omnis</strong></span> <span class='ocrx_word' id='word_1_393' title='bbox 3429 2493 3525 2549; x_wconf 80' lang='lat' dir='ltr'><strong>ge-</strong></span> 
     </span>
    </p>
   </div>
   <div class='ocr_carea' id='block_1_55' title="bbox 1940 2568 3520 2649">
    <p class='ocr_par' dir='ltr' id='par_1_55' title="bbox 1940 2568 3520 2649">
     <span class='ocr_line' id='line_1_55' title="bbox 1940 2568 3520 2649; baseline -0.009 -15"><span class='ocrx_word' id='word_1_394' title='bbox 1940 2580 2091 2636; x_wconf 87' lang='lat' dir='ltr'><strong>neris</strong></span> <span class='ocrx_word' id='word_1_395' title='bbox 2129 2592 2320 2649; x_wconf 87' lang='lat' dir='ltr'><strong>poenas</strong></span> <span class='ocrx_word' id='word_1_396' title='bbox 2357 2577 2617 2643; x_wconf 88' lang='lat' dir='ltr'><strong>subituri,</strong></span> <span class='ocrx_word' id='word_1_397' title='bbox 2648 2592 2758 2632; x_wconf 87' lang='lat' dir='ltr'><strong>non</strong></span> <span class='ocrx_word' id='word_1_398' title='bbox 2787 2574 2861 2630; x_wconf 90' lang='lat' dir='ltr'><strong>ob</strong></span> <span class='ocrx_word' id='word_1_399' title='bbox 2891 2574 3061 2628; x_wconf 84' lang='lat' dir='ltr'><strong>levem</strong></span> <span class='ocrx_word' id='word_1_400' title='bbox 3096 2586 3211 2627; x_wconf 88' lang='lat' dir='ltr'><strong>rem</strong></span> <span class='ocrx_word' id='word_1_401' title='bbox 3257 2568 3520 2637; x_wconf 87' lang='lat' dir='ltr'><strong>aliquam,</strong></span> 
     </span>
    </p>
   </div>
   <div class='ocr_carea' id='block_1_56' title="bbox 1936 2660 3521 2742">
    <p class='ocr_par' dir='ltr' id='par_1_56' title="bbox 1936 2660 3521 2742">
     <span class='ocr_line' id='line_1_56' title="bbox 1936 2660 3521 2742; baseline -0.009 -15"><span class='ocrx_word' id='word_1_402' title='bbox 1936 2686 2114 2742; x_wconf 86' lang='lat' dir='ltr'><strong>neque</strong></span> <span class='ocrx_word' id='word_1_403' title='bbox 2142 2670 2213 2725; x_wconf 86' lang='lat' dir='ltr'><strong>ob</strong></span> <span class='ocrx_word' id='word_1_404' title='bbox 2257 2669 2424 2724; x_wconf 88' lang='lat' dir='ltr'><strong>ullam</strong></span> <span class='ocrx_word' id='word_1_405' title='bbox 2449 2667 2786 2739; x_wconf 89' lang='lat' dir='ltr'><strong>probabilem</strong></span> <span class='ocrx_word' id='word_1_406' title='bbox 2826 2680 3075 2728; x_wconf 89' lang='lat' dir='ltr'><strong>causam,</strong></span> <span class='ocrx_word' id='word_1_407' title='bbox 3121 2662 3216 2718; x_wconf 92' lang='lat' dir='ltr'><strong>sed</strong></span> <span class='ocrx_word' id='word_1_408' title='bbox 3256 2660 3310 2715; x_wconf 89' lang='lat' dir='ltr'><strong>id</strong></span> <span class='ocrx_word' id='word_1_409' title='bbox 3343 2667 3521 2714; x_wconf 90' lang='lat' dir='ltr'><strong>totum</strong></span> 
     </span>
    </p>
   </div>
   <div class='ocr_carea' id='block_1_57' title="bbox 1937 2752 3526 2834">
    <p class='ocr_par' dir='ltr' id='par_1_57' title="bbox 1937 2752 3526 2834">
     <span class='ocr_line' id='line_1_57' title="bbox 1937 2752 3526 2834; baseline -0.008 -16"><span class='ocrx_word' id='word_1_410' title='bbox 1937 2769 2158 2834; x_wconf 89' lang='lat' dir='ltr'><strong>propter</strong></span> <span class='ocrx_word' id='word_1_411' title='bbox 2179 2777 2346 2817; x_wconf 89' lang='lat' dir='ltr'><strong>unum</strong></span> <span class='ocrx_word' id='word_1_412' title='bbox 2370 2777 2530 2817; x_wconf 91' lang='lat' dir='ltr'><strong>suum</strong></span> <span class='ocrx_word' id='word_1_413' title='bbox 2554 2775 2773 2816; x_wconf 88' lang='lat' dir='ltr'><strong>nomen.</strong></span> <span class='ocrx_word' id='word_1_414' title='bbox 2794 2758 2953 2825; x_wconf 91' lang='lat' dir='ltr'><strong>Quod</strong></span> <span class='ocrx_word' id='word_1_415' title='bbox 2974 2755 3189 2811; x_wconf 83' lang='lat' dir='ltr'><strong>interim</strong></span> <span class='ocrx_word' id='word_1_416' title='bbox 3208 2752 3526 2822; x_wconf 87' lang='lat' dir='ltr'><strong>cumreipsa</strong></span> 
     </span>
    </p>
   </div>
   <div class='ocr_carea' id='block_1_58' title="bbox 1937 2851 3528 2925">
    <p class='ocr_par' dir='ltr' id='par_1_58' title="bbox 1937 2851 3528 2925">
     <span class='ocr_line' id='line_1_58' title="bbox 1937 2851 3528 2925; baseline -0.008 -16"><span class='ocrx_word' id='word_1_417' title='bbox 1937 2855 2010 2910; x_wconf 92' lang='lat' dir='ltr'><strong>ad</strong></span> <span class='ocrx_word' id='word_1_418' title='bbox 2047 2854 2199 2910; x_wconf 85' lang='lat' dir='ltr'><strong>hunc</strong></span> <span class='ocrx_word' id='word_1_419' title='bbox 2230 2869 2407 2925; x_wconf 90' lang='lat' dir='ltr'><strong>usque</strong></span> <span class='ocrx_word' id='word_1_420' title='bbox 2447 2853 2593 2909; x_wconf 88' lang='lat' dir='ltr'><strong>diem</strong></span> <span class='ocrx_word' id='word_1_421' title='bbox 2633 2851 2894 2923; x_wconf 87' lang='lat' dir='ltr'><strong>compleri</strong></span> <span class='ocrx_word' id='word_1_422' title='bbox 2939 2863 3256 2911; x_wconf 82' lang='lat' dir='ltr'><strong>cernamus,</strong></span> <span class='ocrx_word' id='word_1_423' title='bbox 3286 2860 3386 2900; x_wconf 87' lang='lat' dir='ltr'><strong>cur</strong></span> <span class='ocrx_word' id='word_1_424' title='bbox 3415 2857 3528 2897; x_wconf 84' lang='lat' dir='ltr'><strong>non</strong></span> 
     </span>
    </p>
   </div>
   <div class='ocr_carea' id='block_1_59' title="bbox 1937 2935 3528 3017">
    <p class='ocr_par' dir='ltr' id='par_1_59' title="bbox 1937 2935 3528 3017">
     <span class='ocr_line' id='line_1_59' title="bbox 1937 2935 3528 3017; baseline -0.009 -16"><span class='ocrx_word' id='word_1_425' title='bbox 1937 2946 2168 3017; x_wconf 82' lang='lat' dir='ltr'><strong>hujusce</strong></span> <span class='ocrx_word' id='word_1_426' title='bbox 2200 2954 2426 3003; x_wconf 84' lang='lat' dir='ltr'><strong>eventus</strong></span> <span class='ocrx_word' id='word_1_427' title='bbox 2451 2943 2857 3017; x_wconf 64' lang='lat' dir='ltr'><strong>praedictionem</strong></span> <span class='ocrx_word' id='word_1_428' title='bbox 2909 2935 3386 3011; x_wconf 87' lang='lat' dir='ltr'><strong>obstupescimus?</strong></span> <span class='ocrx_word' id='word_1_429' title='bbox 3420 2949 3528 2988; x_wconf 87' lang='lat' dir='ltr'><strong>una</strong></span> 
     </span>
    </p>
   </div>
   <div class='ocr_carea' id='block_1_60' title="bbox 251 3031 3530 3117">
    <p class='ocr_par' dir='ltr' id='par_1_60' title="bbox 251 3031 3530 3117">
     <span class='ocr_line' id='line_1_60' title="bbox 251 3031 3530 3117; baseline -0.01 -1"><span class='ocrx_word' id='word_1_430' title='bbox 251 3063 397 3117; x_wconf 81' lang='lat' dir='ltr'><strong>enim</strong></span> <span class='ocrx_word' id='word_1_431' title='bbox 449 3058 730 3116; x_wconf 81' lang='lat' dir='ltr'><strong>confessio</strong></span> <span class='ocrx_word' id='word_1_432' title='bbox 781 3055 1021 3111; x_wconf 86' lang='lat' dir='ltr'><strong>nominis</strong></span> <span class='ocrx_word' id='word_1_433' title='bbox 1062 3052 1228 3116; x_wconf 72' lang='lat' dir='ltr'><strong>Iesu,</strong></span> <span class='ocrx_word' id='word_1_434' title='bbox 1282 3050 1497 3104; x_wconf 84' lang='lat' dir='ltr'><strong>animos</strong></span> <span class='ocrx_word' id='word_1_435' title='bbox 1543 3043 1832 3101; x_wconf 86' lang='lat' dir='ltr'><strong>consuevit</strong></span> <span class='ocrx_word' id='word_1_436' title='bbox 1867 3041 2171 3099; x_wconf 85' lang='lat' dir='ltr'><strong>accendere</strong></span> <span class='ocrx_word' id='word_1_437' title='bbox 2203 3039 2545 3112; x_wconf 89' lang='lat' dir='ltr'><strong>principum.</strong></span> <span class='ocrx_word' id='word_1_438' title='bbox 2578 3039 2716 3095; x_wconf 84' lang='lat' dir='ltr'><strong>Nam</strong></span> <span class='ocrx_word' id='word_1_439' title='bbox 2776 3040 2882 3095; x_wconf 89' lang='lat' dir='ltr'><strong>etsi</strong></span> <span class='ocrx_word' id='word_1_440' title='bbox 2935 3038 3072 3093; x_wconf 82' lang='lat' dir='ltr'><strong>nihil</strong></span> <span class='ocrx_word' id='word_1_441' title='bbox 3105 3031 3530 3106; x_wconf 88' lang='lat' dir='ltr'><strong>reprehensione</strong></span> 
     </span>
    </p>
   </div>
   <div class='ocr_carea' id='block_1_61' title="bbox 252 3129 3531 3229">
    <p class='ocr_par' dir='ltr' id='par_1_61' title="bbox 252 3129 3531 3229">
     <span class='ocr_line' id='line_1_61' title="bbox 252 3129 3531 3229; baseline -0.011 -17"><span class='ocrx_word' id='word_1_442' title='bbox 252 3160 477 3229; x_wconf 71' lang='lat' dir='ltr'><strong>dignum</strong></span> <span class='ocrx_word' id='word_1_443' title='bbox 504 3150 808 3214; x_wconf 88' lang='lat' dir='ltr'><strong>admiserit,</strong></span> <span class='ocrx_word' id='word_1_444' title='bbox 839 3147 934 3220; x_wconf 92' lang='lat' dir='ltr'><strong>qui</strong></span> <span class='ocrx_word' id='word_1_445' title='bbox 958 3146 1237 3201; x_wconf 86' lang='lat' dir='ltr'><strong>Christum</strong></span> <span class='ocrx_word' id='word_1_446' title='bbox 1261 3141 1554 3197; x_wconf 82' lang='lat' dir='ltr'><strong>confessus</strong></span> <span class='ocrx_word' id='word_1_447' title='bbox 1581 3146 1688 3206; x_wconf 87' lang='lat' dir='ltr'><strong>est,</strong></span> <span class='ocrx_word' id='word_1_448' title='bbox 1712 3152 1838 3194; x_wconf 90' lang='lat' dir='ltr'><strong>eum</strong></span> <span class='ocrx_word' id='word_1_449' title='bbox 1873 3142 2058 3190; x_wconf 90' lang='lat' dir='ltr'><strong>tamen</strong></span> <span class='ocrx_word' id='word_1_450' title='bbox 2094 3135 2331 3205; x_wconf 89' lang='lat' dir='ltr'><strong>puniunt</strong></span> <span class='ocrx_word' id='word_1_451' title='bbox 2359 3137 2659 3206; x_wconf 87' lang='lat' dir='ltr'><strong>plectentes</strong></span> <span class='ocrx_word' id='word_1_452' title='bbox 2682 3132 2926 3188; x_wconf 89' lang='lat' dir='ltr'><strong>nominis</strong></span> <span class='ocrx_word' id='word_1_453' title='bbox 2958 3129 3107 3185; x_wconf 91' lang='lat' dir='ltr'><strong>illius</strong></span> <span class='ocrx_word' id='word_1_454' title='bbox 3171 3142 3359 3189; x_wconf 87' lang='lat' dir='ltr'><strong>causa,</strong></span> <span class='ocrx_word' id='word_1_455' title='bbox 3410 3139 3531 3181; x_wconf 86' lang='lat' dir='ltr'><strong>om-</strong></span> 
     </span>
    </p>
   </div>
   <div class='ocr_carea' id='block_1_62' title="bbox 252 3218 3529 3312">
    <p class='ocr_par' dir='ltr' id='par_1_62' title="bbox 252 3218 3529 3312">
     <span class='ocr_line' id='line_1_62' title="bbox 252 3218 3529 3312; baseline -0.01 -9"><span class='ocrx_word' id='word_1_456' title='bbox 252 3218 417 3304; x_wconf 69' lang='lat' dir='ltr'><strong>nibus</strong></span> <span class='ocrx_word' id='word_1_457' title='bbox 452 3245 707 3302; x_wconf 88' lang='lat' dir='ltr'><strong>scelestis</strong></span> <span class='ocrx_word' id='word_1_458' title='bbox 737 3218 1008 3312; x_wconf 76' lang='lat' dir='ltr'><strong>asperius.</strong></span> <span class='ocrx_word' id='word_1_459' title='bbox 1070 3238 1226 3305; x_wconf 82' lang='lat' dir='ltr'><strong>Quod</strong></span> <span class='ocrx_word' id='word_1_460' title='bbox 1262 3236 1309 3291; x_wconf 88' lang='lat' dir='ltr'><strong>si</strong></span> <span class='ocrx_word' id='word_1_461' title='bbox 1357 3235 1483 3305; x_wconf 87' lang='lat' dir='ltr'><strong>quis</strong></span> <span class='ocrx_word' id='word_1_462' title='bbox 1542 3248 1665 3289; x_wconf 89' lang='lat' dir='ltr'><strong>eam</strong></span> <span class='ocrx_word' id='word_1_463' title='bbox 1725 3228 2145 3302; x_wconf 88' lang='lat' dir='ltr'><strong>appellationem</strong></span> <span class='ocrx_word' id='word_1_464' title='bbox 2183 3227 2555 3297; x_wconf 81' lang='lat' dir='ltr'><strong>ahjuraverit,</strong></span> <span class='ocrx_word' id='word_1_465' title='bbox 2601 3227 2990 3299; x_wconf 82' lang='lat' dir='ltr'><strong>negaverilque</strong></span> <span class='ocrx_word' id='word_1_466' title='bbox 3041 3238 3100 3278; x_wconf 85' lang='lat' dir='ltr'><strong>se</strong></span> <span class='ocrx_word' id='word_1_467' title='bbox 3147 3218 3353 3275; x_wconf 84' lang='lat' dir='ltr'><strong>Christi</strong></span> <span class='ocrx_word' id='word_1_468' title='bbox 3403 3233 3529 3273; x_wconf 88' lang='lat' dir='ltr'><strong>esse</strong></span> 
     </span>
    </p>
   </div>
   <div class='ocr_carea' id='block_1_63' title="bbox 255 3320 3237 3411">
    <p class='ocr_par' dir='ltr' id='par_1_63' title="bbox 255 3320 3237 3411">
     <span class='ocr_line' id='line_1_63' title="bbox 255 3320 3237 3411; baseline -0.011 -13"><span class='ocrx_word' id='word_1_469' title='bbox 255 3341 617 3411; x_wconf 89' lang='lat' dir='ltr'><strong>discipulum,</strong></span> <span class='ocrx_word' id='word_1_470' title='bbox 657 3336 952 3393; x_wconf 85' lang='lat' dir='ltr'><strong>dimittitur</strong></span> <span class='ocrx_word' id='word_1_471' title='bbox 1004 3333 1152 3387; x_wconf 89' lang='lat' dir='ltr'><strong>illico</strong></span> <span class='ocrx_word' id='word_1_472' title='bbox 1186 3347 1252 3386; x_wconf 89' lang='lat' dir='ltr'><strong>ac</strong></span> <span class='ocrx_word' id='word_1_473' title='bbox 1298 3331 1583 3392; x_wconf 88' lang='lat' dir='ltr'><strong>liberatur,</strong></span> <span class='ocrx_word' id='word_1_474' title='bbox 1616 3325 1832 3382; x_wconf 88' lang='lat' dir='ltr'><strong>etiamsi</strong></span> <span class='ocrx_word' id='word_1_475' title='bbox 1867 3322 2361 3379; x_wconf 89' lang='lat' dir='ltr'><strong>innumerabilibus</strong></span> <span class='ocrx_word' id='word_1_476' title='bbox 2392 3321 2628 3391; x_wconf 83' lang='lat' dir='ltr'><strong>peccatis</strong></span> <span class='ocrx_word' id='word_1_477' title='bbox 2658 3320 2933 3385; x_wconf 78' lang='lat' dir='ltr'><strong>obnoxius</strong></span> <span class='ocrx_word' id='word_1_478' title='bbox 2965 3323 3237 3372; x_wconf 88' lang='lat' dir='ltr'><strong>teneatur.</strong></span> 
     </span>
    </p>
   </div>
   <div class='ocr_carea' id='block_1_64' title="bbox 325 3406 1838 3503">
    <p class='ocr_par' dir='ltr' id='par_1_64' title="bbox 325 3406 1838 3503">
     <span class='ocr_line' id='line_1_64' title="bbox 325 3406 1838 3503; baseline -0.011 -15"><span class='ocrx_word' id='word_1_479' title='bbox 325 3406 439 3488; x_wconf 71' lang='grc' dir='ltr'>ιςσῖι</span> <span class='ocrx_word' id='word_1_480' title='bbox 462 3433 517 3486; x_wconf 91' lang='grc' dir='ltr'><strong>τί</strong></span> <span class='ocrx_word' id='word_1_481' title='bbox 549 3449 615 3503; x_wconf 84' lang='grc' dir='ltr'><strong>με</strong></span> <span class='ocrx_word' id='word_1_482' title='bbox 640 3430 746 3502; x_wconf 79' lang='grc' dir='ltr'>χρὴ</span> <span class='ocrx_word' id='word_1_483' title='bbox 799 3428 966 3500; x_wconf 84' lang='grc' dir='ltr'>μυρία</span> <span class='ocrx_word' id='word_1_484' title='bbox 996 3426 1343 3495; x_wconf 84' lang='grc' dir='ltr'>συναγαγεῖν,</span> <span class='ocrx_word' id='word_1_485' title='bbox 1366 3423 1428 3476; x_wconf 83' lang='grc' dir='ltr'>τὸ</span> <span class='ocrx_word' id='word_1_486' title='bbox 1461 3421 1572 3475; x_wconf 84' lang='grc' dir='ltr'><strong>τῶν</strong></span> <span class='ocrx_word' id='word_1_487' title='bbox 1617 3418 1838 3474; x_wconf 87' lang='grc' dir='ltr'>ἀποστό-</span> 
     </span>
    </p>
   </div>
   <div class='ocr_carea' id='block_1_65' title="bbox 1937 3406 3532 3503">
    <p class='ocr_par' dir='ltr' id='par_1_65' title="bbox 2018 3406 3532 3484">
     <span class='ocr_line' id='line_1_65' title="bbox 2018 3406 3532 3484; baseline -0.009 -16"><span class='ocrx_word' id='word_1_488' title='bbox 2018 3413 2086 3468; x_wconf 83' lang='grc' dir='ltr'>Ει</span> <span class='ocrx_word' id='word_1_489' title='bbox 2111 3415 2243 3484; x_wconf 91' lang='lat' dir='ltr'><strong>quid</strong></span> <span class='ocrx_word' id='word_1_490' title='bbox 2281 3428 2367 3468; x_wconf 89' lang='lat' dir='ltr'><strong>me</strong></span> <span class='ocrx_word' id='word_1_491' title='bbox 2398 3413 2699 3468; x_wconf 80' lang='lat' dir='ltr'><strong>Salvatoris</strong></span> <span class='ocrx_word' id='word_1_492' title='bbox 2733 3411 2910 3467; x_wconf 84' lang='lat' dir='ltr'><strong>nostri</strong></span> <span class='ocrx_word' id='word_1_493' title='bbox 2944 3406 3318 3479; x_wconf 87' lang='lat' dir='ltr'><strong>apostolorum</strong></span> <span class='ocrx_word' id='word_1_494' title='bbox 3348 3415 3532 3456; x_wconf 88' lang='lat' dir='ltr'><strong>mores</strong></span> 
     </span>
    </p>
   </div>
   <div class='ocr_carea' id='block_1_66' title="bbox 252 3512 1843 3594">
    <p class='ocr_par' dir='ltr' id='par_1_66' title="bbox 252 3512 1843 3594">
     <span class='ocr_line' id='line_1_66' title="bbox 252 3512 1843 3594; baseline -0.009 -14"><span class='ocrx_word' id='word_1_495' title='bbox 252 3526 365 3580; x_wconf 85' lang='grc' dir='ltr'><strong>λων</strong></span> <span class='ocrx_word' id='word_1_496' title='bbox 390 3526 487 3579; x_wconf 85' lang='grc' dir='ltr'><strong>τοῦ</strong></span> <span class='ocrx_word' id='word_1_497' title='bbox 519 3524 772 3594; x_wconf 79' lang='grc' dir='ltr'>Σωτῆρος</span> <span class='ocrx_word' id='word_1_498' title='bbox 799 3519 955 3592; x_wconf 81' lang='grc' dir='ltr'>ἡμῶν</span> <span class='ocrx_word' id='word_1_499' title='bbox 981 3518 1300 3590; x_wconf 84' lang='grc' dir='ltr'>διαγράφειν</span> <span class='ocrx_word' id='word_1_500' title='bbox 1327 3513 1460 3588; x_wconf 76' lang='grc' dir='ltr'>ἦθος</span> <span class='ocrx_word' id='word_1_501' title='bbox 1481 3512 1843 3586; x_wconf 81' lang='grc' dir='ltr'>πειρώμενον,</span> 
     </span>
    </p>
   </div>
   <div class='ocr_carea' id='block_1_67' title="bbox 256 3604 1845 3692">
    <p class='ocr_par' dir='ltr' id='par_1_67' title="bbox 256 3604 1845 3692">
     <span class='ocr_line' id='line_1_67' title="bbox 256 3604 1845 3692; baseline -0.009 -18"><span class='ocrx_word' id='word_1_502' title='bbox 256 3621 570 3692; x_wconf 81' lang='grc' dir='ltr'>ἀρκούντων</span> <span class='ocrx_word' id='word_1_503' title='bbox 625 3618 719 3670; x_wconf 75' lang='grc' dir='ltr'><strong>καὶ</strong></span> <span class='ocrx_word' id='word_1_504' title='bbox 768 3615 876 3668; x_wconf 88' lang='grc' dir='ltr'><strong>τῶν</strong></span> <span class='ocrx_word' id='word_1_505' title='bbox 931 3612 1237 3687; x_wconf 80' lang='grc' dir='ltr'>εἰρημένων</span> <span class='ocrx_word' id='word_1_506' title='bbox 1278 3612 1358 3675; x_wconf 88' lang='grc' dir='ltr'><strong>είς</strong></span> <span class='ocrx_word' id='word_1_507' title='bbox 1409 3607 1683 3672; x_wconf 83' lang='grc' dir='ltr'>ἀπόδειξιν</span> <span class='ocrx_word' id='word_1_508' title='bbox 1749 3604 1845 3660; x_wconf 88' lang='grc' dir='ltr'><strong>τοῦ</strong></span> 
     </span>
    </p>
   </div>
   <div class='ocr_carea' id='block_1_68' title="bbox 258 3697 1845 3779">
    <p class='ocr_par' dir='ltr' id='par_1_68' title="bbox 258 3697 1845 3779">
     <span class='ocr_line' id='line_1_68' title="bbox 258 3697 1845 3779; baseline -0.008 -19"><span class='ocrx_word' id='word_1_509' title='bbox 258 3707 667 3779; x_wconf 80' lang='grc' dir='ltr'>προκειμένου;</span> <span class='ocrx_word' id='word_1_510' title='bbox 706 3698 789 3767; x_wconf 72' lang='grc' dir='ltr'>οἷς</span> <span class='ocrx_word' id='word_1_511' title='bbox 820 3702 901 3755; x_wconf 78' lang='grc' dir='ltr'>ἔτι</span> <span class='ocrx_word' id='word_1_512' title='bbox 933 3701 1105 3756; x_wconf 89' lang='grc' dir='ltr'>ταῦτα</span> <span class='ocrx_word' id='word_1_513' title='bbox 1139 3699 1419 3772; x_wconf 75' lang='grc' dir='ltr'>προσθεὶς,</span> <span class='ocrx_word' id='word_1_514' title='bbox 1451 3699 1544 3752; x_wconf 70' lang='grc' dir='ltr'><strong>ἐπὶ</strong></span> <span class='ocrx_word' id='word_1_515' title='bbox 1573 3697 1634 3751; x_wconf 85' lang='grc' dir='ltr'><strong>τὸ</strong></span> <span class='ocrx_word' id='word_1_516' title='bbox 1660 3698 1845 3767; x_wconf 71' lang='grc' dir='ltr'>ἕτερον</span> 
     </span>
    </p>
   </div>
   <div class='ocr_carea' id='block_1_69' title="bbox 261 3788 1848 3868">
    <p class='ocr_par' dir='ltr' id='par_1_69' title="bbox 261 3788 1848 3868">
     <span class='ocr_line' id='line_1_69' title="bbox 261 3788 1848 3868; baseline -0.009 -15"><span class='ocrx_word' id='word_1_517' title='bbox 261 3804 446 3868; x_wconf 66' lang='grc' dir='ltr'>στῖφος</span> <span class='ocrx_word' id='word_1_518' title='bbox 505 3797 616 3851; x_wconf 89' lang='grc' dir='ltr'><strong>τῶν</strong></span> <span class='ocrx_word' id='word_1_519' title='bbox 683 3794 1031 3864; x_wconf 76' lang='grc' dir='ltr'>συκοφαντῶν</span> <span class='ocrx_word' id='word_1_520' title='bbox 1095 3792 1493 3865; x_wconf 79' lang='grc' dir='ltr'>μεταϐήσομαι.</span> <span class='ocrx_word' id='word_1_521' title='bbox 1568 3788 1848 3851; x_wconf 86' lang='grc' dir='ltr'>Ματθαίος</span> 
     </span>
    </p>
   </div>
   <div class='ocr_carea' id='block_1_70' title="bbox 260 3881 1848 3961">
    <p class='ocr_par' dir='ltr' id='par_1_70' title="bbox 260 3881 1848 3961">
     <span class='ocr_line' id='line_1_70' title="bbox 260 3881 1848 3961; baseline -0.009 -14"><span class='ocrx_word' id='word_1_522' title='bbox 260 3891 560 3954; x_wconf 81' lang='grc' dir='ltr'>ἀπόστολος</span> <span class='ocrx_word' id='word_1_523' title='bbox 588 3890 680 3943; x_wconf 80' lang='grc' dir='ltr'><strong>τὸν</strong></span> <span class='ocrx_word' id='word_1_524' title='bbox 708 3889 971 3961; x_wconf 87' lang='grc' dir='ltr'>πρότερον</span> <span class='ocrx_word' id='word_1_525' title='bbox 1005 3886 1120 3956; x_wconf 86' lang='grc' dir='ltr'>βίον</span> <span class='ocrx_word' id='word_1_526' title='bbox 1146 3886 1246 3939; x_wconf 83' lang='grc' dir='ltr'><strong>οὐκ</strong></span> <span class='ocrx_word' id='word_1_527' title='bbox 1274 3884 1382 3938; x_wconf 84' lang='grc' dir='ltr'><strong>ἀπὸ</strong></span> <span class='ocrx_word' id='word_1_528' title='bbox 1410 3882 1616 3954; x_wconf 80' lang='grc' dir='ltr'>σεμνῆς</span> <span class='ocrx_word' id='word_1_529' title='bbox 1643 3881 1848 3951; x_wconf 88' lang='grc' dir='ltr'>διατρι-</span> 
     </span>
    </p>
   </div>
   <div class='ocr_carea' id='block_1_71' title="bbox 264 3971 1846 4057">
    <p class='ocr_par' dir='ltr' id='par_1_71' title="bbox 264 3971 1846 4057">
     <span class='ocr_line' id='line_1_71' title="bbox 264 3971 1846 4057; baseline -0.012 -16"><span class='ocrx_word' id='word_1_530' title='bbox 264 3986 363 4057; x_wconf 75' lang='grc' dir='ltr'>εῆς</span> <span class='ocrx_word' id='word_1_531' title='bbox 386 3985 635 4057; x_wconf 76' lang='grc' dir='ltr'>ὡρμᾶτο,</span> <span class='ocrx_word' id='word_1_532' title='bbox 665 3984 730 4035; x_wconf 79' lang='grc' dir='ltr'>ὲκ</span> <span class='ocrx_word' id='word_1_533' title='bbox 750 3981 807 4034; x_wconf 76' lang='grc' dir='ltr'>δὲ</span> <span class='ocrx_word' id='word_1_534' title='bbox 839 3980 949 4033; x_wconf 89' lang='grc' dir='ltr'><strong>τῶν</strong></span> <span class='ocrx_word' id='word_1_535' title='bbox 975 3978 1116 4049; x_wconf 75' lang='grc' dir='ltr'>ἀμφὶ</span> <span class='ocrx_word' id='word_1_536' title='bbox 1148 3975 1247 4039; x_wconf 88' lang='grc' dir='ltr'><strong>τὰς</strong></span> <span class='ocrx_word' id='word_1_537' title='bbox 1272 3975 1530 4037; x_wconf 89' lang='grc' dir='ltr'>τελωνίας</span> <span class='ocrx_word' id='word_1_538' title='bbox 1560 3974 1654 4027; x_wconf 72' lang='grc' dir='ltr'>καὶ</span> <span class='ocrx_word' id='word_1_539' title='bbox 1686 3971 1846 4025; x_wconf 88' lang='grc' dir='ltr'>πλεο-</span> 
     </span>
    </p>
   </div>
   <div class='ocr_carea' id='block_1_72' title="bbox 265 4063 1847 4147">
    <p class='ocr_par' dir='ltr' id='par_1_72' title="bbox 265 4063 1847 4147">
     <span class='ocr_line' id='line_1_72' title="bbox 265 4063 1847 4147; baseline -0.01 -15"><span class='ocrx_word' id='word_1_540' title='bbox 265 4078 442 4145; x_wconf 78' lang='grc' dir='ltr'>νεξίας</span> <span class='ocrx_word' id='word_1_541' title='bbox 478 4074 866 4147; x_wconf 77' lang='grc' dir='ltr'>σχολαζόντων.</span> <span class='ocrx_word' id='word_1_542' title='bbox 900 4070 1071 4124; x_wconf 86' lang='grc' dir='ltr'>Τοῦτο</span> <span class='ocrx_word' id='word_1_543' title='bbox 1101 4068 1277 4131; x_wconf 75' lang='grc' dir='ltr'>οὐδεὶς</span> <span class='ocrx_word' id='word_1_544' title='bbox 1309 4065 1416 4121; x_wconf 91' lang='grc' dir='ltr'><strong>τῶν</strong></span> <span class='ocrx_word' id='word_1_545' title='bbox 1446 4063 1847 4134; x_wconf 81' lang='grc' dir='ltr'>εὐαγγελιστῶν</span> 
     </span>
    </p>
   </div>
   <div class='ocr_carea' id='block_1_73' title="bbox 268 4154 1847 4241">
    <p class='ocr_par' dir='ltr' id='par_1_73' title="bbox 268 4154 1847 4241">
     <span class='ocr_line' id='line_1_73' title="bbox 268 4154 1847 4241; baseline -0.011 -18"><span class='ocrx_word' id='word_1_546' title='bbox 268 4169 552 4241; x_wconf 78' lang='grc' dir='ltr'>ἐδήλωσεν,</span> <span class='ocrx_word' id='word_1_547' title='bbox 576 4167 675 4235; x_wconf 80' lang='grc' dir='ltr'><strong>οὐχ</strong></span> <span class='ocrx_word' id='word_1_548' title='bbox 697 4167 725 4218; x_wconf 91' lang='grc' dir='ltr'>ὁ</span> <span class='ocrx_word' id='word_1_549' title='bbox 747 4162 1140 4224; x_wconf 79' lang='grc' dir='ltr'>συναπόστολος</span> <span class='ocrx_word' id='word_1_550' title='bbox 1158 4159 1324 4214; x_wconf 80' lang='grc' dir='ltr'>αὑτοῦ</span> <span class='ocrx_word' id='word_1_551' title='bbox 1349 4157 1620 4224; x_wconf 79' lang='grc' dir='ltr'>Ἰωάννης,</span> <span class='ocrx_word' id='word_1_552' title='bbox 1641 4154 1762 4208; x_wconf 83' lang='grc' dir='ltr'>οὐδέ</span> <span class='ocrx_word' id='word_1_553' title='bbox 1781 4170 1847 4222; x_wconf 90' lang='grc' dir='ltr'><strong>γε</strong></span> 
     </span>
    </p>
   </div>
   <div class='ocr_carea' id='block_1_74' title="bbox 269 4246 1849 4327">
    <p class='ocr_par' dir='ltr' id='par_1_74' title="bbox 269 4246 1849 4327">
     <span class='ocr_line' id='line_1_74' title="bbox 269 4246 1849 4327; baseline -0.01 -12"><span class='ocrx_word' id='word_1_554' title='bbox 269 4262 501 4323; x_wconf 75' lang='grc' dir='ltr'>Λουκᾶς,</span> <span class='ocrx_word' id='word_1_555' title='bbox 516 4256 639 4311; x_wconf 78' lang='grc' dir='ltr'>οὐδὲ</span> <span class='ocrx_word' id='word_1_556' title='bbox 656 4256 900 4327; x_wconf 85' lang='grc' dir='ltr'>Μάρκος,</span> <span class='ocrx_word' id='word_1_557' title='bbox 917 4256 946 4307; x_wconf 89' lang='grc' dir='ltr'>ὁ</span> <span class='ocrx_word' id='word_1_558' title='bbox 981 4253 1036 4306; x_wconf 83' lang='grc' dir='ltr'>δὲ</span> <span class='ocrx_word' id='word_1_559' title='bbox 1051 4250 1327 4314; x_wconf 86' lang='grc' dir='ltr'>Ματθαῖος</span> <span class='ocrx_word' id='word_1_560' title='bbox 1347 4249 1438 4302; x_wconf 79' lang='grc' dir='ltr'>τὸν</span> <span class='ocrx_word' id='word_1_561' title='bbox 1454 4247 1648 4302; x_wconf 78' lang='grc' dir='ltr'>ἑαυτοῦ</span> <span class='ocrx_word' id='word_1_562' title='bbox 1667 4246 1849 4318; x_wconf 87' lang='grc' dir='ltr'>στηλι-</span> 
     </span>
    </p>
   </div>
   <div class='ocr_carea' id='block_1_75' title="bbox 269 4339 1843 4419">
    <p class='ocr_par' dir='ltr' id='par_1_75' title="bbox 269 4339 1843 4419">
     <span class='ocr_line' id='line_1_75' title="bbox 269 4339 1843 4419; baseline -0.007 -17"><span class='ocrx_word' id='word_1_563' title='bbox 269 4351 437 4403; x_wconf 69' lang='grc' dir='ltr'>τεύων</span> <span class='ocrx_word' id='word_1_564' title='bbox 468 4348 604 4419; x_wconf 79' lang='grc' dir='ltr'>βίον,</span> <span class='ocrx_word' id='word_1_565' title='bbox 636 4347 729 4400; x_wconf 85' lang='grc' dir='ltr'><strong>καί</strong></span> <span class='ocrx_word' id='word_1_566' title='bbox 757 4346 1058 4414; x_wconf 81' lang='grc' dir='ltr'>κατήγορος</span> <span class='ocrx_word' id='word_1_567' title='bbox 1086 4343 1247 4405; x_wconf 73' lang='grc' dir='ltr'>αὐτὸς</span> <span class='ocrx_word' id='word_1_568' title='bbox 1280 4339 1475 4394; x_wconf 79' lang='grc' dir='ltr'>ἑαυτοῦ</span> <span class='ocrx_word' id='word_1_569' title='bbox 1504 4339 1843 4409; x_wconf 88' lang='grc' dir='ltr'>γιγνόμενος.</span> 
     </span>
    </p>
   </div>
   <div class='ocr_carea' id='block_1_76' title="bbox 282 4429 1844 4507">
    <p class='ocr_par' dir='ltr' id='par_1_76' title="bbox 282 4429 1844 4507">
     <span class='ocr_line' id='line_1_76' title="bbox 282 4429 1844 4507; baseline -0.009 -11"><span class='ocrx_word' id='word_1_570' title='bbox 282 4442 611 4496; x_wconf 80' lang='grc' dir='ltr'>Ἐπάκουσον</span> <span class='ocrx_word' id='word_1_571' title='bbox 633 4436 764 4507; x_wconf 83' lang='grc' dir='ltr'>γοῦν</span> <span class='ocrx_word' id='word_1_572' title='bbox 786 4437 935 4500; x_wconf 82' lang='grc' dir='ltr'>ὅπως</span> <span class='ocrx_word' id='word_1_573' title='bbox 953 4434 1249 4507; x_wconf 76' lang='grc' dir='ltr'>διαρρήδην</span> <span class='ocrx_word' id='word_1_574' title='bbox 1275 4435 1362 4486; x_wconf 77' lang='grc' dir='ltr'><strong>ἐπ’</strong></span> <span class='ocrx_word' id='word_1_575' title='bbox 1385 4432 1648 4502; x_wconf 80' lang='grc' dir='ltr'>ὀνόματος</span> <span class='ocrx_word' id='word_1_576' title='bbox 1672 4429 1844 4484; x_wconf 80' lang='grc' dir='ltr'>αὑτοῦ</span> 
     </span>
    </p>
   </div>
   <div class='ocr_carea' id='block_1_77' title="bbox 276 4521 1848 4605">
    <p class='ocr_par' dir='ltr' id='par_1_77' title="bbox 276 4521 1848 4605">
     <span class='ocr_line' id='line_1_77' title="bbox 276 4521 1848 4605; baseline -0.008 -19"><span class='ocrx_word' id='word_1_577' title='bbox 276 4535 542 4605; x_wconf 82' lang='grc' dir='ltr'>μέμνηται</span> <span class='ocrx_word' id='word_1_578' title='bbox 560 4534 617 4585; x_wconf 85' lang='grc' dir='ltr'>ὲν</span> <span class='ocrx_word' id='word_1_579' title='bbox 632 4530 710 4603; x_wconf 78' lang='grc' dir='ltr'>τῷ</span> <span class='ocrx_word' id='word_1_580' title='bbox 729 4530 865 4601; x_wconf 73' lang='grc' dir='ltr'>πρὸς</span> <span class='ocrx_word' id='word_1_581' title='bbox 884 4527 1046 4582; x_wconf 77' lang='grc' dir='ltr'>αὑτοῦ</span> <span class='ocrx_word' id='word_1_582' title='bbox 1072 4526 1336 4597; x_wconf 75' lang='grc' dir='ltr'>γραφέντι</span> <span class='ocrx_word' id='word_1_583' title='bbox 1365 4523 1702 4594; x_wconf 78' lang='grc' dir='ltr'>Εὑαγγελίῳ,</span> <span class='ocrx_word' id='word_1_584' title='bbox 1726 4521 1848 4575; x_wconf 90' lang='grc' dir='ltr'>τοῦ-</span> 
     </span>
    </p>
   </div>
   <div class='ocr_carea' id='block_1_78' title="bbox 1922 3502 3533 3572">
    <p class='ocr_par' dir='ltr' id='par_1_78' title="bbox 1922 3502 3533 3572">
     <span class='ocr_line' id='line_1_78' title="bbox 1922 3502 3533 3572; baseline -0.006 -17"><span class='ocrx_word' id='word_1_585' title='bbox 1922 3504 2265 3561; x_wconf 81' lang='lat' dir='ltr'><strong>describere</strong></span> <span class='ocrx_word' id='word_1_586' title='bbox 2301 3511 2617 3567; x_wconf 86' lang='lat' dir='ltr'><strong>conantem,</strong></span> <span class='ocrx_word' id='word_1_587' title='bbox 2655 3503 2813 3572; x_wconf 86' lang='lat' dir='ltr'><strong>plura</strong></span> <span class='ocrx_word' id='word_1_588' title='bbox 2855 3502 2912 3555; x_wconf 89' lang='lat' dir='ltr'><strong>in</strong></span> <span class='ocrx_word' id='word_1_589' title='bbox 2944 3513 3115 3553; x_wconf 89' lang='lat' dir='ltr'><strong>unum</strong></span> <span class='ocrx_word' id='word_1_590' title='bbox 3144 3510 3338 3565; x_wconf 79' lang='lat' dir='ltr'><strong>cogere</strong></span> <span class='ocrx_word' id='word_1_591' title='bbox 3367 3508 3533 3563; x_wconf 80' lang='lat' dir='ltr'><strong>Opor-</strong></span> 
     </span>
    </p>
   </div>
   <div class='ocr_carea' id='block_1_79' title="bbox 1946 3587 3533 3668">
    <p class='ocr_par' dir='ltr' id='par_1_79' title="bbox 1946 3587 3533 3668">
     <span class='ocr_line' id='line_1_79' title="bbox 1946 3587 3533 3668; baseline -0.009 -16"><span class='ocrx_word' id='word_1_592' title='bbox 1946 3605 2043 3665; x_wconf 88' lang='lat' dir='ltr'><strong>tet,</strong></span> <span class='ocrx_word' id='word_1_593' title='bbox 2073 3613 2200 3652; x_wconf 92' lang='lat' dir='ltr'><strong>cum</strong></span> <span class='ocrx_word' id='word_1_594' title='bbox 2240 3597 2308 3653; x_wconf 90' lang='lat' dir='ltr'><strong>iis</strong></span> <span class='ocrx_word' id='word_1_595' title='bbox 2333 3612 2457 3668; x_wconf 69' lang='lat' dir='ltr'><strong>quae</strong></span> <span class='ocrx_word' id='word_1_596' title='bbox 2492 3597 2641 3650; x_wconf 91' lang='lat' dir='ltr'><strong>dicta</strong></span> <span class='ocrx_word' id='word_1_597' title='bbox 2669 3601 2821 3660; x_wconf 92' lang='lat' dir='ltr'><strong>sunt,</strong></span> <span class='ocrx_word' id='word_1_598' title='bbox 2868 3590 3087 3647; x_wconf 88' lang='lat' dir='ltr'><strong>abunde</strong></span> <span class='ocrx_word' id='word_1_599' title='bbox 3125 3587 3369 3642; x_wconf 87' lang='lat' dir='ltr'><strong>contenti</strong></span> <span class='ocrx_word' id='word_1_600' title='bbox 3408 3600 3533 3639; x_wconf 89' lang='lat' dir='ltr'><strong>esse</strong></span> 
     </span>
    </p>
   </div>
   <div class='ocr_carea' id='block_1_80' title="bbox 1948 3680 3534 3762">
    <p class='ocr_par' dir='ltr' id='par_1_80' title="bbox 1948 3680 3534 3762">
     <span class='ocr_line' id='line_1_80' title="bbox 1948 3680 3534 3762; baseline -0.011 -16"><span class='ocrx_word' id='word_1_601' title='bbox 1948 3692 2246 3762; x_wconf 87' lang='lat' dir='ltr'><strong>possimus,</strong></span> <span class='ocrx_word' id='word_1_602' title='bbox 2275 3690 2427 3749; x_wconf 82' lang='lat' dir='ltr'><strong>adid</strong></span> <span class='ocrx_word' id='word_1_603' title='bbox 2457 3685 2947 3744; x_wconf 87' lang='lat' dir='ltr'><strong>demonstrandum</strong></span> <span class='ocrx_word' id='word_1_604' title='bbox 2978 3682 3123 3754; x_wconf 89' lang='lat' dir='ltr'><strong>quod</strong></span> <span class='ocrx_word' id='word_1_605' title='bbox 3165 3696 3193 3734; x_wconf 89' lang='lat' dir='ltr'><strong>a</strong></span> <span class='ocrx_word' id='word_1_606' title='bbox 3227 3680 3385 3733; x_wconf 74' lang='lat' dir='ltr'><strong>nobis</strong></span> <span class='ocrx_word' id='word_1_607' title='bbox 3415 3693 3534 3747; x_wconf 88' lang='lat' dir='ltr'><strong>pro-</strong></span> 
     </span>
    </p>
   </div>
   <div class='ocr_carea' id='block_1_81' title="bbox 1948 3770 3535 3856">
    <p class='ocr_par' dir='ltr' id='par_1_81' title="bbox 1948 3770 3535 3856">
     <span class='ocr_line' id='line_1_81' title="bbox 1948 3770 3535 3856; baseline -0.011 -15"><span class='ocrx_word' id='word_1_608' title='bbox 1948 3785 2187 3856; x_wconf 88' lang='lat' dir='ltr'><strong>positum</strong></span> <span class='ocrx_word' id='word_1_609' title='bbox 2210 3782 2328 3839; x_wconf 86' lang='lat' dir='ltr'><strong>est?</strong></span> <span class='ocrx_word' id='word_1_610' title='bbox 2348 3781 2562 3847; x_wconf 86' lang='lat' dir='ltr'><strong>Quibus</strong></span> <span class='ocrx_word' id='word_1_611' title='bbox 2592 3795 2717 3836; x_wconf 91' lang='lat' dir='ltr'><strong>cum</strong></span> <span class='ocrx_word' id='word_1_612' title='bbox 2741 3792 2915 3851; x_wconf 89' lang='lat' dir='ltr'><strong>pauca</strong></span> <span class='ocrx_word' id='word_1_613' title='bbox 2947 3792 3072 3848; x_wconf 73' lang='lat' dir='ltr'><strong>qua:</strong></span> <span class='ocrx_word' id='word_1_614' title='bbox 3103 3780 3410 3844; x_wconf 85' lang='lat' dir='ltr'><strong>sequuntur</strong></span> <span class='ocrx_word' id='word_1_615' title='bbox 3436 3770 3535 3824; x_wconf 87' lang='lat' dir='ltr'><strong>ad-</strong></span> 
     </span>
    </p>
   </div>
   <div class='ocr_carea' id='block_1_82' title="bbox 1946 3872 3537 3941">
    <p class='ocr_par' dir='ltr' id='par_1_82' title="bbox 1946 3872 3537 3941">
     <span class='ocr_line' id='line_1_82' title="bbox 1946 3872 3537 3941; baseline -0.011 -8"><span class='ocrx_word' id='word_1_616' title='bbox 1946 3879 2160 3941; x_wconf 87' lang='lat' dir='ltr'><strong>didero,</strong></span> <span class='ocrx_word' id='word_1_617' title='bbox 2188 3877 2256 3931; x_wconf 91' lang='lat' dir='ltr'><strong>ad</strong></span> <span class='ocrx_word' id='word_1_618' title='bbox 2293 3876 2439 3931; x_wconf 86' lang='lat' dir='ltr'><strong>aliud</strong></span> <span class='ocrx_word' id='word_1_619' title='bbox 2479 3872 2935 3928; x_wconf 88' lang='lat' dir='ltr'><strong>calumniantium</strong></span> <span class='ocrx_word' id='word_1_620' title='bbox 2979 3884 3154 3941; x_wconf 81' lang='lat' dir='ltr'><strong>genus</strong></span> <span class='ocrx_word' id='word_1_621' title='bbox 3191 3882 3280 3922; x_wconf 90' lang='lat' dir='ltr'><strong>me</strong></span> <span class='ocrx_word' id='word_1_622' title='bbox 3305 3879 3537 3920; x_wconf 87' lang='lat' dir='ltr'><strong>conver-</strong></span> 
     </span>
    </p>
   </div>
   <div class='ocr_carea' id='block_1_83' title="bbox 1920 3957 3536 4038">
    <p class='ocr_par' dir='ltr' id='par_1_83' title="bbox 1920 3957 3536 4038">
     <span class='ocr_line' id='line_1_83' title="bbox 1920 3957 3536 4038; baseline -0.007 -15"><span class='ocrx_word' id='word_1_623' title='bbox 1920 3980 2080 4023; x_wconf 77' lang='lat' dir='ltr'><strong>tam.</strong></span> <span class='ocrx_word' id='word_1_624' title='bbox 2128 3968 2415 4024; x_wconf 64' lang='lat' dir='ltr'><strong>Mattha&#39;us</strong></span> <span class='ocrx_word' id='word_1_625' title='bbox 2457 3966 2736 4038; x_wconf 89' lang='lat' dir='ltr'><strong>apostolus</strong></span> <span class='ocrx_word' id='word_1_626' title='bbox 2782 3965 2909 4022; x_wconf 62' lang='lat' dir='ltr'><strong>vitae</strong></span> <span class='ocrx_word' id='word_1_627' title='bbox 2948 3978 3145 4036; x_wconf 85' lang='lat' dir='ltr'><strong>genus,</strong></span> <span class='ocrx_word' id='word_1_628' title='bbox 3190 3959 3337 4032; x_wconf 89' lang='lat' dir='ltr'><strong>quod</strong></span> <span class='ocrx_word' id='word_1_629' title='bbox 3379 3957 3536 4029; x_wconf 86' lang='lat' dir='ltr'><strong>prius</strong></span> 
     </span>
    </p>
   </div>
   <div class='ocr_carea' id='block_1_84' title="bbox 1948 4056 3538 4132">
    <p class='ocr_par' dir='ltr' id='par_1_84' title="bbox 1948 4056 3538 4132">
     <span class='ocr_line' id='line_1_84' title="bbox 1948 4056 3538 4132; baseline -0.008 -14"><span class='ocrx_word' id='word_1_630' title='bbox 1948 4070 2193 4118; x_wconf 87' lang='lat' dir='ltr'><strong>sectatus</strong></span> <span class='ocrx_word' id='word_1_631' title='bbox 2225 4070 2334 4129; x_wconf 89' lang='lat' dir='ltr'><strong>est,</strong></span> <span class='ocrx_word' id='word_1_632' title='bbox 2369 4062 2522 4117; x_wconf 91' lang='lat' dir='ltr'><strong>nullo</strong></span> <span class='ocrx_word' id='word_1_633' title='bbox 2563 4059 2818 4132; x_wconf 81' lang='lat' dir='ltr'><strong>graviore</strong></span> <span class='ocrx_word' id='word_1_634' title='bbox 2859 4056 3047 4114; x_wconf 87' lang='lat' dir='ltr'><strong>studio</strong></span> <span class='ocrx_word' id='word_1_635' title='bbox 3091 4064 3187 4110; x_wconf 90' lang='lat' dir='ltr'><strong>aut</strong></span> <span class='ocrx_word' id='word_1_636' title='bbox 3238 4058 3538 4109; x_wconf 83' lang='lat' dir='ltr'><strong>consuetu-</strong></span> 
     </span>
    </p>
   </div>
   <div class='ocr_carea' id='block_1_85' title="bbox 1947 4147 3535 4223">
    <p class='ocr_par' dir='ltr' id='par_1_85' title="bbox 1947 4147 3535 4223">
     <span class='ocr_line' id='line_1_85' title="bbox 1947 4147 3535 4223; baseline -0.009 -10"><span class='ocrx_word' id='word_1_637' title='bbox 1947 4159 2076 4213; x_wconf 84' lang='lat' dir='ltr'><strong>dine</strong></span> <span class='ocrx_word' id='word_1_638' title='bbox 2129 4155 2394 4213; x_wconf 74' lang='lat' dir='ltr'><strong>refertum</strong></span> <span class='ocrx_word' id='word_1_639' title='bbox 2440 4156 2545 4212; x_wconf 89' lang='lat' dir='ltr'><strong>sibi</strong></span> <span class='ocrx_word' id='word_1_640' title='bbox 2588 4153 2812 4223; x_wconf 72' lang='lat' dir='ltr'><strong>delegit,</strong></span> <span class='ocrx_word' id='word_1_641' title='bbox 2862 4151 2957 4208; x_wconf 89' lang='lat' dir='ltr'><strong>sed</strong></span> <span class='ocrx_word' id='word_1_642' title='bbox 3000 4150 3145 4205; x_wconf 91' lang='lat' dir='ltr'><strong>inter</strong></span> <span class='ocrx_word' id='word_1_643' title='bbox 3188 4147 3535 4220; x_wconf 86' lang='lat' dir='ltr'><strong>publicanos,</strong></span> 
     </span>
    </p>
   </div>
   <div class='ocr_carea' id='block_1_86' title="bbox 1947 4240 3540 4321">
    <p class='ocr_par' dir='ltr' id='par_1_86' title="bbox 1947 4240 3540 4321">
     <span class='ocr_line' id='line_1_86' title="bbox 1947 4240 3540 4321; baseline -0.009 -16"><span class='ocrx_word' id='word_1_644' title='bbox 1947 4261 2002 4305; x_wconf 91' lang='lat' dir='ltr'><strong>et</strong></span> <span class='ocrx_word' id='word_1_645' title='bbox 2022 4266 2118 4307; x_wconf 85' lang='lat' dir='ltr'><strong>eos</strong></span> <span class='ocrx_word' id='word_1_646' title='bbox 2150 4250 2244 4321; x_wconf 91' lang='lat' dir='ltr'><strong>qui</strong></span> <span class='ocrx_word' id='word_1_647' title='bbox 2284 4249 2532 4320; x_wconf 79' lang='lat' dir='ltr'><strong>pecuniae</strong></span> <span class='ocrx_word' id='word_1_648' title='bbox 2568 4246 2893 4319; x_wconf 62' lang='lat' dir='ltr'><strong>colligendae</strong></span> <span class='ocrx_word' id='word_1_649' title='bbox 2942 4250 3223 4300; x_wconf 87' lang='lat' dir='ltr'><strong>vacarent.</strong></span> <span class='ocrx_word' id='word_1_650' title='bbox 3263 4240 3379 4295; x_wconf 86' lang='lat' dir='ltr'><strong>Hoc</strong></span> <span class='ocrx_word' id='word_1_651' title='bbox 3415 4240 3540 4310; x_wconf 87' lang='lat' dir='ltr'><strong>qui-</strong></span> 
     </span>
    </p>
   </div>
   <div class='ocr_carea' id='block_1_87' title="bbox 1924 4337 3538 4413">
    <p class='ocr_par' dir='ltr' id='par_1_87' title="bbox 1924 4337 3538 4413">
     <span class='ocr_line' id='line_1_87' title="bbox 1924 4337 3538 4413; baseline -0.009 -13"><span class='ocrx_word' id='word_1_652' title='bbox 1924 4344 2071 4400; x_wconf 80' lang='lat' dir='ltr'><strong>dem</strong></span> <span class='ocrx_word' id='word_1_653' title='bbox 2097 4344 2283 4399; x_wconf 90' lang='lat' dir='ltr'><strong>nullus</strong></span> <span class='ocrx_word' id='word_1_654' title='bbox 2302 4342 2764 4413; x_wconf 81' lang='lat' dir='ltr'><strong>evangelistarum</strong></span> <span class='ocrx_word' id='word_1_655' title='bbox 2793 4337 3077 4400; x_wconf 89' lang='lat' dir='ltr'><strong>indicavit,</strong></span> <span class='ocrx_word' id='word_1_656' title='bbox 3102 4351 3211 4391; x_wconf 90' lang='lat' dir='ltr'><strong>non</strong></span> <span class='ocrx_word' id='word_1_657' title='bbox 3241 4338 3538 4403; x_wconf 87' lang='lat' dir='ltr'><strong>coaposto-</strong></span> 
     </span>
    </p>
   </div>
   <div class='ocr_carea' id='block_1_88' title="bbox 1949 4424 3540 4508">
    <p class='ocr_par' dir='ltr' id='par_1_88' title="bbox 1949 4424 3540 4508">
     <span class='ocr_line' id='line_1_88' title="bbox 1949 4424 3540 4508; baseline -0.008 -18"><span class='ocrx_word' id='word_1_658' title='bbox 1949 4438 2037 4492; x_wconf 92' lang='lat' dir='ltr'><strong>lus</strong></span> <span class='ocrx_word' id='word_1_659' title='bbox 2073 4438 2195 4508; x_wconf 88' lang='lat' dir='ltr'><strong>ejus</strong></span> <span class='ocrx_word' id='word_1_660' title='bbox 2220 4436 2484 4499; x_wconf 83' lang='lat' dir='ltr'><strong>Joannes,</strong></span> <span class='ocrx_word' id='word_1_661' title='bbox 2514 4449 2626 4490; x_wconf 88' lang='lat' dir='ltr'><strong>non</strong></span> <span class='ocrx_word' id='word_1_662' title='bbox 2655 4431 2857 4496; x_wconf 90' lang='lat' dir='ltr'><strong>Lucas,</strong></span> <span class='ocrx_word' id='word_1_663' title='bbox 2878 4446 2990 4486; x_wconf 90' lang='lat' dir='ltr'><strong>non</strong></span> <span class='ocrx_word' id='word_1_664' title='bbox 3020 4428 3259 4492; x_wconf 82' lang='lat' dir='ltr'><strong>Marcus,</strong></span> <span class='ocrx_word' id='word_1_665' title='bbox 3302 4424 3396 4482; x_wconf 89' lang='lat' dir='ltr'><strong>sed</strong></span> <span class='ocrx_word' id='word_1_666' title='bbox 3421 4424 3540 4494; x_wconf 87' lang='lat' dir='ltr'><strong>ipse</strong></span> 
     </span>
    </p>
   </div>
   <div class='ocr_carea' id='block_1_89' title="bbox 1950 4515 3538 4596">
    <p class='ocr_par' dir='ltr' id='par_1_89' title="bbox 1950 4515 3538 4596">
     <span class='ocr_line' id='line_1_89' title="bbox 1950 4515 3538 4596; baseline -0.011 -12"><span class='ocrx_word' id='word_1_667' title='bbox 1950 4529 2238 4584; x_wconf 70' lang='lat' dir='ltr'><strong>Matthaaus</strong></span> <span class='ocrx_word' id='word_1_668' title='bbox 2274 4542 2429 4583; x_wconf 87' lang='lat' dir='ltr'><strong>suam</strong></span> <span class='ocrx_word' id='word_1_669' title='bbox 2460 4525 2639 4596; x_wconf 84' lang='lat' dir='ltr'><strong>ipsius</strong></span> <span class='ocrx_word' id='word_1_670' title='bbox 2664 4524 2832 4578; x_wconf 87' lang='lat' dir='ltr'><strong>vitam</strong></span> <span class='ocrx_word' id='word_1_671' title='bbox 2865 4537 2975 4577; x_wconf 92' lang='lat' dir='ltr'><strong>non</strong></span> <span class='ocrx_word' id='word_1_672' title='bbox 3008 4516 3387 4579; x_wconf 89' lang='lat' dir='ltr'><strong>dissimulans,</strong></span> <span class='ocrx_word' id='word_1_673' title='bbox 3422 4515 3538 4584; x_wconf 89' lang='lat' dir='ltr'><strong>pla-</strong></span> 
     </span>
    </p>
   </div>
   <div class='ocr_carea' id='block_1_90' title="bbox 252 4610 1838 4715">
    <p class='ocr_par' dir='ltr' id='par_1_90' title="bbox 252 4613 1838 4695">
     <span class='ocr_line' id='line_1_90' title="bbox 252 4613 1838 4695; baseline -0.009 -14"><span class='ocrx_word' id='word_1_674' title='bbox 252 4621 356 4680; x_wconf 62' lang='grc' dir='ltr'>’τον</span> <span class='ocrx_word' id='word_1_675' title='bbox 369 4627 546 4695; x_wconf 84' lang='grc' dir='ltr'>λέγων</span> <span class='ocrx_word' id='word_1_676' title='bbox 565 4624 659 4678; x_wconf 78' lang='grc' dir='ltr'><strong>τὸν</strong></span> <span class='ocrx_word' id='word_1_677' title='bbox 677 4623 898 4694; x_wconf 85' lang='grc' dir='ltr'>τρόπον·</span> <span class='ocrx_word' id='word_1_678' title='bbox 929 4620 1068 4674; x_wconf 75' lang='grc' dir='ltr'><strong>«Καὶ</strong></span> <span class='ocrx_word' id='word_1_679' title='bbox 1088 4618 1352 4690; x_wconf 86' lang='grc' dir='ltr'>παράγων</span> <span class='ocrx_word' id='word_1_680' title='bbox 1376 4615 1582 4671; x_wconf 76' lang='grc' dir='ltr'>ἐκεῖθεν</span> <span class='ocrx_word' id='word_1_681' title='bbox 1601 4617 1629 4668; x_wconf 85' lang='grc' dir='ltr'>ὁ</span> <span class='ocrx_word' id='word_1_682' title='bbox 1647 4613 1838 4685; x_wconf 84' lang='grc' dir='ltr'>Ἰησοῦς</span> 
     </span>
    </p>
   </div>
   <div class='ocr_carea' id='block_1_91' title="bbox 1937 4610 3540 4715">
    <p class='ocr_par' dir='ltr' id='par_1_91' title="bbox 1949 4610 3540 4693">
     <span class='ocr_line' id='line_1_91' title="bbox 1949 4610 3540 4693; baseline -0.009 -16"><span class='ocrx_word' id='word_1_683' title='bbox 1949 4637 2127 4693; x_wconf 87' lang='lat' dir='ltr'><strong>neque</strong></span> <span class='ocrx_word' id='word_1_684' title='bbox 2162 4622 2279 4691; x_wconf 90' lang='lat' dir='ltr'><strong>ipse</strong></span> <span class='ocrx_word' id='word_1_685' title='bbox 2309 4621 2550 4690; x_wconf 89' lang='lat' dir='ltr'><strong>seipsum</strong></span> <span class='ocrx_word' id='word_1_686' title='bbox 2574 4633 2866 4673; x_wconf 86' lang='lat' dir='ltr'><strong>accusans.</strong></span> <span class='ocrx_word' id='word_1_687' title='bbox 2896 4614 3041 4669; x_wconf 79' lang='lat' dir='ltr'><strong>Audi</strong></span> <span class='ocrx_word' id='word_1_688' title='bbox 3070 4613 3236 4683; x_wconf 83' lang='lat' dir='ltr'><strong>igitur</strong></span> <span class='ocrx_word' id='word_1_689' title='bbox 3264 4610 3540 4682; x_wconf 85' lang='lat' dir='ltr'><strong>quomodo</strong></span> 
     </span>
    </p>
   </div>
   <div class='ocr_carea' id='block_1_92' title="bbox 277 4700 1838 4788">
    <p class='ocr_par' dir='ltr' id='par_1_92' title="bbox 277 4707 1838 4788">
     <span class='ocr_line' id='line_1_92' title="bbox 277 4707 1838 4788; baseline -0.006 -18"><span class='ocrx_word' id='word_1_690' title='bbox 277 4714 407 4770; x_wconf 73' lang='grc' dir='ltr'>εἶδεν</span> <span class='ocrx_word' id='word_1_691' title='bbox 430 4716 529 4772; x_wconf 80' lang='grc' dir='ltr'><strong>ἀνθ</strong></span> <span class='ocrx_word' id='word_1_692' title='bbox 539 4733 718 4788; x_wconf 87' lang='grc' dir='ltr'>ρωπον</span> <span class='ocrx_word' id='word_1_693' title='bbox 738 4713 1046 4785; x_wconf 84' lang='grc' dir='ltr'>καθήμενον</span> <span class='ocrx_word' id='word_1_694' title='bbox 1074 4711 1166 4764; x_wconf 72' lang='grc' dir='ltr'><strong>ἐπὶ</strong></span> <span class='ocrx_word' id='word_1_695' title='bbox 1192 4711 1256 4763; x_wconf 82' lang='grc' dir='ltr'><strong>τὸ</strong></span> <span class='ocrx_word' id='word_1_696' title='bbox 1276 4708 1550 4774; x_wconf 85' lang='grc' dir='ltr'>τελώνιον,</span> <span class='ocrx_word' id='word_1_697' title='bbox 1568 4707 1838 4762; x_wconf 82' lang='grc' dir='ltr'>Ματθαῖον</span> 
     </span>
    </p>
   </div>
   <div class='ocr_carea' id='block_1_93' title="bbox 1937 4700 3540 4788">
    <p class='ocr_par' dir='ltr' id='par_1_93' title="bbox 1950 4700 3540 4785">
     <span class='ocr_line' id='line_1_93' title="bbox 1950 4700 3540 4785; baseline -0.009 -17"><span class='ocrx_word' id='word_1_698' title='bbox 1950 4714 2127 4785; x_wconf 87' lang='lat' dir='ltr'><strong>palam</strong></span> <span class='ocrx_word' id='word_1_699' title='bbox 2151 4711 2234 4767; x_wconf 90' lang='lat' dir='ltr'><strong>sui</strong></span> <span class='ocrx_word' id='word_1_700' title='bbox 2270 4711 2509 4766; x_wconf 83' lang='lat' dir='ltr'><strong>nominis</strong></span> <span class='ocrx_word' id='word_1_701' title='bbox 2556 4709 2828 4773; x_wconf 90' lang='lat' dir='ltr'><strong>meminit,</strong></span> <span class='ocrx_word' id='word_1_702' title='bbox 2855 4708 2910 4761; x_wconf 85' lang='lat' dir='ltr'><strong>in</strong></span> <span class='ocrx_word' id='word_1_703' title='bbox 2942 4721 3029 4769; x_wconf 92' lang='lat' dir='ltr'><strong>eo,</strong></span> <span class='ocrx_word' id='word_1_704' title='bbox 3067 4703 3213 4775; x_wconf 91' lang='lat' dir='ltr'><strong>quod</strong></span> <span class='ocrx_word' id='word_1_705' title='bbox 3242 4702 3360 4772; x_wconf 90' lang='lat' dir='ltr'><strong>ipse</strong></span> <span class='ocrx_word' id='word_1_706' title='bbox 3402 4700 3540 4755; x_wconf 84' lang='lat' dir='ltr'><strong>scri-</strong></span> 
     </span>
    </p>
   </div>
   <div class='ocr_carea' id='block_1_94' title="bbox 277 4772 1838 4883">
    <p class='ocr_par' dir='ltr' id='par_1_94' title="bbox 277 4800 1838 4883">
     <span class='ocr_line' id='line_1_94' title="bbox 277 4800 1838 4883; baseline -0.006 -21"><span class='ocrx_word' id='word_1_707' title='bbox 277 4812 523 4883; x_wconf 73' lang='grc' dir='ltr'>όνόματι,</span> <span class='ocrx_word' id='word_1_708' title='bbox 588 4810 684 4863; x_wconf 80' lang='grc' dir='ltr'><strong>καὶ</strong></span> <span class='ocrx_word' id='word_1_709' title='bbox 753 4804 907 4861; x_wconf 73' lang='grc' dir='ltr'>εἶπεν</span> <span class='ocrx_word' id='word_1_710' title='bbox 978 4804 1156 4875; x_wconf 75' lang='grc' dir='ltr'>αὐτῷ’</span> <span class='ocrx_word' id='word_1_711' title='bbox 1216 4802 1522 4856; x_wconf 83' lang='grc' dir='ltr'>Ἀκολούθει</span> <span class='ocrx_word' id='word_1_712' title='bbox 1571 4818 1691 4873; x_wconf 76' lang='grc' dir='ltr'>μοι’</span> <span class='ocrx_word' id='word_1_713' title='bbox 1754 4800 1838 4854; x_wconf 60' lang='grc' dir='ltr'><strong>καί</strong></span> 
     </span>
    </p>
   </div>
   <div class='ocr_carea' id='block_1_95' title="bbox 1937 4772 3541 4883">
    <p class='ocr_par' dir='ltr' id='par_1_95' title="bbox 1954 4772 3541 4877">
     <span class='ocr_line' id='line_1_95' title="bbox 1954 4772 3541 4877; baseline -0.011 -14"><span class='ocrx_word' id='word_1_714' title='bbox 1954 4772 2064 4877; x_wconf 71' lang='lat' dir='ltr'><strong>psit</strong></span> <span class='ocrx_word' id='word_1_715' title='bbox 2104 4804 2420 4875; x_wconf 84' lang='lat' dir='ltr'><strong>Evangelio,</strong></span> <span class='ocrx_word' id='word_1_716' title='bbox 2450 4810 2507 4858; x_wconf 89' lang='lat' dir='ltr'><strong>et</strong></span> <span class='ocrx_word' id='word_1_717' title='bbox 2556 4815 2740 4856; x_wconf 91' lang='lat' dir='ltr'><strong>mores</strong></span> <span class='ocrx_word' id='word_1_718' title='bbox 2796 4798 3050 4869; x_wconf 90' lang='lat' dir='ltr'><strong>proprios</strong></span> <span class='ocrx_word' id='word_1_719' title='bbox 3087 4772 3358 4849; x_wconf 73' lang='lat' dir='ltr'><strong>notavit;</strong></span> <span class='ocrx_word' id='word_1_720' title='bbox 3409 4812 3427 4842; x_wconf 85' lang='grc'><strong>«</strong></span> <span class='ocrx_word' id='word_1_721' title='bbox 3473 4789 3541 4845; x_wconf 84' lang='lat' dir='ltr'><strong>Et</strong></span> 
     </span>
    </p>
   </div>
   <div class='ocr_carea' id='block_1_96' title="bbox 277 4892 1851 4971">
    <p class='ocr_par' dir='ltr' id='par_1_96' title="bbox 277 4892 1851 4971">
     <span class='ocr_line' id='line_1_96' title="bbox 277 4892 1851 4971; baseline -0.006 -16"><span class='ocrx_word' id='word_1_722' title='bbox 277 4903 505 4966; x_wconf 77' lang='grc' dir='ltr'>ἀναστάς</span> <span class='ocrx_word' id='word_1_723' title='bbox 550 4900 914 4971; x_wconf 72' lang='grc' dir='ltr'>ἠκολούθησεν</span> <span class='ocrx_word' id='word_1_724' title='bbox 943 4896 1109 4968; x_wconf 78' lang='grc' dir='ltr'>αὐτῷ.</span> <span class='ocrx_word' id='word_1_725' title='bbox 1146 4895 1256 4950; x_wconf 74' lang='grc' dir='ltr'><strong>Καὶ</strong></span> <span class='ocrx_word' id='word_1_726' title='bbox 1290 4896 1526 4963; x_wconf 76' lang='grc' dir='ltr'>ἐγένετο,</span> <span class='ocrx_word' id='word_1_727' title='bbox 1561 4892 1851 4964; x_wconf 82' lang='grc' dir='ltr'>ἀνακειμέ-</span> 
     </span>
    </p>
   </div>
   <div class='ocr_carea' id='block_1_97' title="bbox 277 4986 1853 5062">
    <p class='ocr_par' dir='ltr' id='par_1_97' title="bbox 277 4986 1853 5062">
     <span class='ocr_line' id='line_1_97' title="bbox 277 4986 1853 5062; baseline -0.008 -13"><span class='ocrx_word' id='word_1_728' title='bbox 277 5013 363 5049; x_wconf 88' lang='grc' dir='ltr'><strong>νου</strong></span> <span class='ocrx_word' id='word_1_729' title='bbox 401 4993 567 5049; x_wconf 80' lang='grc' dir='ltr'>αὐτοῦ</span> <span class='ocrx_word' id='word_1_730' title='bbox 606 4994 663 5045; x_wconf 81' lang='grc' dir='ltr'><strong>ὲν</strong></span> <span class='ocrx_word' id='word_1_731' title='bbox 690 4994 758 5062; x_wconf 77' lang='grc' dir='ltr'>τῇ</span> <span class='ocrx_word' id='word_1_732' title='bbox 800 4991 965 5060; x_wconf 85' lang='grc' dir='ltr'>οίκίᾳ,</span> <span class='ocrx_word' id='word_1_733' title='bbox 997 4989 1092 5043; x_wconf 75' lang='grc' dir='ltr'><strong>καὶ</strong></span> <span class='ocrx_word' id='word_1_734' title='bbox 1130 4988 1237 5042; x_wconf 81' lang='grc' dir='ltr'>ίδοὺ</span> <span class='ocrx_word' id='word_1_735' title='bbox 1275 4987 1458 5041; x_wconf 76' lang='grc' dir='ltr'>πολλοὶ</span> <span class='ocrx_word' id='word_1_736' title='bbox 1494 4986 1725 5040; x_wconf 86' lang='grc' dir='ltr'>τελῶναι</span> <span class='ocrx_word' id='word_1_737' title='bbox 1755 4986 1853 5039; x_wconf 70' lang='grc' dir='ltr'>καὶ</span> 
     </span>
    </p>
   </div>
   <div class='ocr_carea' id='block_1_98' title="bbox 280 5077 1853 5159">
    <p class='ocr_par' dir='ltr' id='par_1_98' title="bbox 280 5077 1853 5159">
     <span class='ocr_line' id='line_1_98' title="bbox 280 5077 1853 5159; baseline -0.007 -18"><span class='ocrx_word' id='word_1_738' title='bbox 280 5079 588 5159; x_wconf 75' lang='grc' dir='ltr'>ἁμαρτωλοὶ</span> <span class='ocrx_word' id='word_1_739' title='bbox 615 5078 987 5137; x_wconf 84' lang='grc' dir='ltr'>συνανέκειντο</span> <span class='ocrx_word' id='word_1_740' title='bbox 1010 5081 1089 5151; x_wconf 83' lang='grc' dir='ltr'>τῷ</span> <span class='ocrx_word' id='word_1_741' title='bbox 1121 5078 1295 5151; x_wconf 80' lang='grc' dir='ltr'>Ἰησοῦ</span> <span class='ocrx_word' id='word_1_742' title='bbox 1322 5080 1418 5133; x_wconf 68' lang='grc' dir='ltr'>καὶ.</span> <span class='ocrx_word' id='word_1_743' title='bbox 1440 5081 1553 5141; x_wconf 89' lang='grc' dir='ltr'>τοῖς</span> <span class='ocrx_word' id='word_1_744' title='bbox 1587 5077 1853 5148; x_wconf 85' lang='grc' dir='ltr'>μαθηταῖς</span> 
     </span>
    </p>
   </div>
   <div class='ocr_carea' id='block_1_99' title="bbox 280 5169 1859 5245">
    <p class='ocr_par' dir='ltr' id='par_1_99' title="bbox 280 5169 1859 5245">
     <span class='ocr_line' id='line_1_99' title="bbox 280 5169 1859 5245; baseline -0.007 -12"><span class='ocrx_word' id='word_1_745' title='bbox 280 5179 458 5234; x_wconf 75' lang='grc' dir='ltr'>αὑτοῦ.</span> <span class='ocrx_word' id='word_1_746' title='bbox 494 5198 513 5229; x_wconf 70' lang='grc' dir='ltr'><strong>ι</strong></span> <span class='ocrx_word' id='word_1_747' title='bbox 569 5177 682 5229; x_wconf 78' lang='grc' dir='ltr'>Καὶ</span> <span class='ocrx_word' id='word_1_748' title='bbox 728 5174 888 5229; x_wconf 85' lang='grc' dir='ltr'>πάλιν</span> <span class='ocrx_word' id='word_1_749' title='bbox 922 5173 1127 5245; x_wconf 81' lang='grc' dir='ltr'>προῖὼν</span> <span class='ocrx_word' id='word_1_750' title='bbox 1165 5170 1310 5243; x_wconf 77' lang='grc' dir='ltr'>ἑξῆς,</span> <span class='ocrx_word' id='word_1_751' title='bbox 1341 5170 1434 5223; x_wconf 89' lang='grc' dir='ltr'><strong>τόν</strong></span> <span class='ocrx_word' id='word_1_752' title='bbox 1470 5185 1529 5222; x_wconf 89' lang='grc' dir='ltr'><strong>τε</strong></span> <span class='ocrx_word' id='word_1_753' title='bbox 1559 5169 1859 5237; x_wconf 85' lang='grc' dir='ltr'>κατάλογον</span> 
     </span>
    </p>
   </div>
   <div class='ocr_carea' id='block_1_100' title="bbox 275 5258 1857 5341">
    <p class='ocr_par' dir='ltr' id='par_1_100' title="bbox 275 5258 1857 5341">
     <span class='ocr_line' id='line_1_100' title="bbox 275 5258 1857 5341; baseline -0.008 -18"><span class='ocrx_word' id='word_1_754' title='bbox 275 5270 375 5325; x_wconf 80' lang='grc' dir='ltr'><strong>τῶν</strong></span> <span class='ocrx_word' id='word_1_755' title='bbox 407 5268 670 5341; x_wconf 85' lang='grc' dir='ltr'>μαθητῶν</span> <span class='ocrx_word' id='word_1_756' title='bbox 708 5263 1189 5337; x_wconf 78' lang='grc' dir='ltr'>ἐξαριθμούμενος,</span> <span class='ocrx_word' id='word_1_757' title='bbox 1238 5261 1402 5325; x_wconf 79' lang='grc' dir='ltr'>αὐτὸς</span> <span class='ocrx_word' id='word_1_758' title='bbox 1444 5259 1622 5330; x_wconf 79' lang='grc' dir='ltr'>ἑαυτῷ</span> <span class='ocrx_word' id='word_1_759' title='bbox 1664 5259 1726 5311; x_wconf 87' lang='grc' dir='ltr'><strong>τὸ</strong></span> <span class='ocrx_word' id='word_1_760' title='bbox 1761 5258 1857 5311; x_wconf 89' lang='grc' dir='ltr'><strong>τοῦ</strong></span> 
     </span>
    </p>
   </div>
   <div class='ocr_carea' id='block_1_101' title="bbox 274 5346 1856 5430">
    <p class='ocr_par' dir='ltr' id='par_1_101' title="bbox 274 5346 1856 5430">
     <span class='ocr_line' id='line_1_101' title="bbox 274 5346 1856 5430; baseline -0.006 -18"><span class='ocrx_word' id='word_1_761' title='bbox 274 5346 515 5415; x_wconf 82' lang='grc' dir='ltr'>τελώνου</span> <span class='ocrx_word' id='word_1_762' title='bbox 561 5360 734 5430; x_wconf 72' lang='grc' dir='ltr'>ὄνομα</span> <span class='ocrx_word' id='word_1_763' title='bbox 786 5355 1164 5427; x_wconf 87' lang='grc' dir='ltr'>προστίθησιν.</span> <span class='ocrx_word' id='word_1_764' title='bbox 1210 5354 1372 5422; x_wconf 84' lang='grc' dir='ltr'>Λέγει</span> <span class='ocrx_word' id='word_1_765' title='bbox 1417 5353 1461 5406; x_wconf 82' lang='grc' dir='ltr'>δ’</span> <span class='ocrx_word' id='word_1_766' title='bbox 1497 5350 1649 5407; x_wconf 75' lang='grc' dir='ltr'>οὖν’·</span> <span class='ocrx_word' id='word_1_767' title='bbox 1683 5371 1701 5403; x_wconf 76' lang='grc' dir='ltr'><strong>ι</strong></span> <span class='ocrx_word' id='word_1_768' title='bbox 1733 5351 1856 5404; x_wconf 89' lang='grc' dir='ltr'><strong>Τῶν</strong></span> 
     </span>
    </p>
   </div>
   <div class='ocr_carea' id='block_1_102' title="bbox 275 5443 1852 5516">
    <p class='ocr_par' dir='ltr' id='par_1_102' title="bbox 275 5443 1852 5516">
     <span class='ocr_line' id='line_1_102' title="bbox 275 5443 1852 5516; baseline -0.006 -11"><span class='ocrx_word' id='word_1_769' title='bbox 275 5450 327 5505; x_wconf 79' lang='grc' dir='ltr'>δὲ</span> <span class='ocrx_word' id='word_1_770' title='bbox 355 5451 565 5507; x_wconf 81' lang='grc' dir='ltr'>δώδεκα</span> <span class='ocrx_word' id='word_1_771' title='bbox 598 5449 911 5505; x_wconf 85' lang='grc' dir='ltr'>ἀποστόλων</span> <span class='ocrx_word' id='word_1_772' title='bbox 939 5446 1010 5500; x_wconf 86' lang='grc' dir='ltr'>τὰ</span> <span class='ocrx_word' id='word_1_773' title='bbox 1033 5445 1274 5516; x_wconf 84' lang='grc' dir='ltr'>ὀνόματά</span> <span class='ocrx_word' id='word_1_774' title='bbox 1304 5447 1420 5498; x_wconf 71' lang='grc' dir='ltr'>ἐστι</span> <span class='ocrx_word' id='word_1_775' title='bbox 1446 5444 1619 5497; x_wconf 88' lang='grc' dir='ltr'>ταῦτα</span> <span class='ocrx_word' id='word_1_776' title='bbox 1638 5460 1652 5474; x_wconf 82' lang='lat'><strong><em>°</em></strong></span> <span class='ocrx_word' id='word_1_777' title='bbox 1700 5443 1852 5515; x_wconf 87' lang='grc' dir='ltr'>πρῶ-</span> 
     </span>
    </p>
   </div>
   <div class='ocr_carea' id='block_1_103' title="bbox 276 5538 1853 5614">
    <p class='ocr_par' dir='ltr' id='par_1_103' title="bbox 276 5538 1853 5614">
     <span class='ocr_line' id='line_1_103' title="bbox 276 5538 1853 5614; baseline -0.002 -20"><span class='ocrx_word' id='word_1_778' title='bbox 276 5559 358 5607; x_wconf 83' lang='grc' dir='ltr'><strong>τος</strong></span> <span class='ocrx_word' id='word_1_779' title='bbox 385 5544 572 5614; x_wconf 82' lang='grc' dir='ltr'>Σίμων</span> <span class='ocrx_word' id='word_1_780' title='bbox 610 5545 640 5597; x_wconf 88' lang='grc' dir='ltr'><strong>ό</strong></span> <span class='ocrx_word' id='word_1_781' title='bbox 661 5543 950 5613; x_wconf 86' lang='grc' dir='ltr'>λεγόμενος</span> <span class='ocrx_word' id='word_1_782' title='bbox 977 5540 1203 5614; x_wconf 85' lang='grc' dir='ltr'>Πέτρος,</span> <span class='ocrx_word' id='word_1_783' title='bbox 1228 5542 1321 5594; x_wconf 71' lang='grc' dir='ltr'><strong>καὶ</strong></span> <span class='ocrx_word' id='word_1_784' title='bbox 1361 5539 1613 5611; x_wconf 83' lang='grc' dir='ltr'>Ἀνδρέας</span> <span class='ocrx_word' id='word_1_785' title='bbox 1644 5540 1672 5593; x_wconf 87' lang='grc' dir='ltr'>ὁ</span> <span class='ocrx_word' id='word_1_786' title='bbox 1698 5538 1853 5592; x_wconf 80' lang='grc' dir='ltr'>ἀδελ-</span> 
     </span>
    </p>
   </div>
   <div class='ocr_carea' id='block_1_104' title="bbox 279 5631 1856 5703">
    <p class='ocr_par' dir='ltr' id='par_1_104' title="bbox 279 5631 1856 5703">
     <span class='ocr_line' id='line_1_104' title="bbox 279 5631 1856 5703; baseline -0.003 -15"><span class='ocrx_word' id='word_1_787' title='bbox 279 5632 369 5703; x_wconf 65' lang='grc' dir='ltr'><strong>φδς</strong></span> <span class='ocrx_word' id='word_1_788' title='bbox 400 5633 593 5697; x_wconf 83' lang='grc' dir='ltr'>αὐτοῦ,</span> <span class='ocrx_word' id='word_1_789' title='bbox 637 5633 892 5698; x_wconf 77' lang='grc' dir='ltr'>Ἰάκωϐος</span> <span class='ocrx_word' id='word_1_790' title='bbox 931 5635 960 5682; x_wconf 81' lang='grc' dir='ltr'><strong>ό</strong></span> <span class='ocrx_word' id='word_1_791' title='bbox 996 5631 1091 5685; x_wconf 86' lang='grc' dir='ltr'><strong>τοῦ</strong></span> <span class='ocrx_word' id='word_1_792' title='bbox 1122 5632 1429 5695; x_wconf 80' lang='grc' dir='ltr'>Ζεϐεδαίου,</span> <span class='ocrx_word' id='word_1_793' title='bbox 1462 5631 1558 5685; x_wconf 80' lang='grc' dir='ltr'>καὶ</span> <span class='ocrx_word' id='word_1_794' title='bbox 1601 5631 1856 5700; x_wconf 73' lang='grc' dir='ltr'>Ἰωάννης</span> 
     </span>
    </p>
   </div>
   <div class='ocr_carea' id='block_1_105' title="bbox 342 5727 1317 5794">
    <p class='ocr_par' dir='ltr' id='par_1_105' title="bbox 342 5727 1317 5794">
     <span class='ocr_line' id='line_1_105' title="bbox 342 5727 1317 5794; baseline 0.001 -12"><span class='ocrx_word' id='word_1_795' title='bbox 342 5730 383 5760; x_wconf 74' lang='grc'><strong>⁸⁵</strong></span> <span class='ocrx_word' id='word_1_796' title='bbox 402 5729 523 5785; x_wconf 86' lang='lat' dir='ltr'><strong>Act.</strong></span> <span class='ocrx_word' id='word_1_797' title='bbox 560 5744 646 5792; x_wconf 88' lang='grc' dir='ltr'>ιιι,</span> <span class='ocrx_word' id='word_1_798' title='bbox 677 5728 733 5783; x_wconf 89' lang='grc'><strong>6.</strong></span> <span class='ocrx_word' id='word_1_799' title='bbox 878 5729 924 5761; x_wconf 77' lang='grc' dir='ltr'><strong>το</strong></span> <span class='ocrx_word' id='word_1_800' title='bbox 951 5727 1087 5783; x_wconf 86' lang='lat' dir='ltr'><strong>Luc.</strong></span> <span class='ocrx_word' id='word_1_801' title='bbox 1119 5744 1195 5794; x_wconf 81' lang='lat' dir='ltr'><strong>vl,</strong></span> <span class='ocrx_word' id='word_1_802' title='bbox 1226 5727 1317 5783; x_wconf 72' lang='grc'>25.</span> 
     </span>
    </p>
   </div>
   <div class='ocr_carea' id='block_1_106' title="bbox 338 5820 1278 5892">
    <p class='ocr_par' dir='ltr' id='par_1_106' title="bbox 338 5820 1278 5892">
     <span class='ocr_line' id='line_1_106' title="bbox 338 5820 1278 5892; baseline 0.003 -16"><span class='ocrx_word' id='word_1_803' title='bbox 338 5822 410 5892; x_wconf 72' lang='grc'><strong>(1)</strong></span> <span class='ocrx_word' id='word_1_804' title='bbox 451 5823 679 5881; x_wconf 73' lang='grc' dir='ltr'>Αὐτοῦ.</span> <span class='ocrx_word' id='word_1_805' title='bbox 713 5820 874 5881; x_wconf 88' lang='lat' dir='ltr'><strong>Forte</strong></span> <span class='ocrx_word' id='word_1_806' title='bbox 907 5824 1086 5881; x_wconf 72' lang='grc' dir='ltr'>αὐτόν.</span> <span class='ocrx_word' id='word_1_807' title='bbox 1123 5822 1278 5881; x_wconf 78' lang='grc' dir='ltr'>Εοιτ.</span> 
     </span>
    </p>
   </div>
   <div class='ocr_carea' id='block_1_107' title="bbox 1394 5727 1886 5798">
    <p class='ocr_par' dir='ltr' id='par_1_107' title="bbox 1394 5727 1886 5798">
     <span class='ocr_line' id='line_1_107' title="bbox 1394 5727 1886 5798; baseline -0.006 -13"><span class='ocrx_word' id='word_1_808' title='bbox 1394 5730 1438 5761; x_wconf 76' lang='grc'>⁷⁸</span> <span class='ocrx_word' id='word_1_809' title='bbox 1467 5727 1657 5798; x_wconf 67' lang='lat' dir='ltr'><strong>Matth.</strong></span> <span class='ocrx_word' id='word_1_810' title='bbox 1693 5743 1770 5793; x_wconf 74' lang='lat' dir='ltr'><strong>ix,</strong></span> <span class='ocrx_word' id='word_1_811' title='bbox 1798 5727 1886 5783; x_wconf 84' lang='grc'><strong>10.</strong></span> 
     </span>
    </p>
   </div>
   <div class='ocr_carea' id='block_1_108' title="bbox 1959 4885 3538 4969">
    <p class='ocr_par' dir='ltr' id='par_1_108' title="bbox 1959 4885 3538 4969">
     <span class='ocr_line' id='line_1_108' title="bbox 1959 4885 3538 4969; baseline -0.009 -17"><span class='ocrx_word' id='word_1_812' title='bbox 1959 4897 2273 4969; x_wconf 57' lang='lat' dir='ltr'><strong>praeteriens</strong></span> <span class='ocrx_word' id='word_1_813' title='bbox 2288 4895 2455 4949; x_wconf 79' lang='lat' dir='ltr'><strong>illine</strong></span> <span class='ocrx_word' id='word_1_814' title='bbox 2469 4892 2652 4958; x_wconf 83' lang='lat' dir='ltr'><strong>Jesus,</strong></span> <span class='ocrx_word' id='word_1_815' title='bbox 2685 4890 2819 4946; x_wconf 88' lang='lat' dir='ltr'><strong>vidit</strong></span> <span class='ocrx_word' id='word_1_816' title='bbox 2844 4891 3004 4960; x_wconf 70' lang='lat'><strong>120</strong></span> <span class='ocrx_word' id='word_1_817' title='bbox 3026 4888 3302 4945; x_wconf 78' lang='lat' dir='ltr'><strong>hominem</strong></span> <span class='ocrx_word' id='word_1_818' title='bbox 3330 4885 3538 4942; x_wconf 79' lang='lat' dir='ltr'><strong>seden-</strong></span> 
     </span>
    </p>
   </div>
   <div class='ocr_carea' id='block_1_109' title="bbox 1956 4976 3542 5053">
    <p class='ocr_par' dir='ltr' id='par_1_109' title="bbox 1956 4976 3542 5053">
     <span class='ocr_line' id='line_1_109' title="bbox 1956 4976 3542 5053; baseline -0.008 -8"><span class='ocrx_word' id='word_1_819' title='bbox 1956 5001 2067 5045; x_wconf 85' lang='lat' dir='ltr'><strong>tem</strong></span> <span class='ocrx_word' id='word_1_820' title='bbox 2100 4990 2158 5044; x_wconf 89' lang='lat' dir='ltr'><strong>in</strong></span> <span class='ocrx_word' id='word_1_821' title='bbox 2193 4987 2418 5053; x_wconf 84' lang='lat' dir='ltr'><strong>telonio,</strong></span> <span class='ocrx_word' id='word_1_822' title='bbox 2442 4985 2754 5041; x_wconf 63' lang='lat' dir='ltr'><strong>Matthaaum</strong></span> <span class='ocrx_word' id='word_1_823' title='bbox 2800 4984 3042 5045; x_wconf 88' lang='lat' dir='ltr'><strong>nomine,</strong></span> <span class='ocrx_word' id='word_1_824' title='bbox 3075 4990 3130 5037; x_wconf 89' lang='lat' dir='ltr'><strong>et</strong></span> <span class='ocrx_word' id='word_1_825' title='bbox 3167 4980 3306 5035; x_wconf 79' lang='lat' dir='ltr'><strong>dixit</strong></span> <span class='ocrx_word' id='word_1_826' title='bbox 3331 4979 3417 5034; x_wconf 86' lang='lat' dir='ltr'><strong>ei:</strong></span> <span class='ocrx_word' id='word_1_827' title='bbox 3443 4976 3542 5032; x_wconf 80' lang='lat' dir='ltr'><strong>Se-</strong></span> 
     </span>
    </p>
   </div>
   <div class='ocr_carea' id='block_1_110' title="bbox 1922 5069 3539 5151">
    <p class='ocr_par' dir='ltr' id='par_1_110' title="bbox 1922 5069 3539 5151">
     <span class='ocr_line' id='line_1_110' title="bbox 1922 5069 3539 5151; baseline -0.009 -17"><span class='ocrx_word' id='word_1_828' title='bbox 1922 5108 1929 5113; x_wconf 91' lang='lat'><strong>-</strong></span> <span class='ocrx_word' id='word_1_829' title='bbox 1959 5095 2129 5151; x_wconf 84' lang='lat' dir='ltr'><strong>quere</strong></span> <span class='ocrx_word' id='word_1_830' title='bbox 2161 5095 2270 5144; x_wconf 91' lang='lat' dir='ltr'><strong>me,</strong></span> <span class='ocrx_word' id='word_1_831' title='bbox 2310 5088 2365 5134; x_wconf 92' lang='lat' dir='ltr'><strong>et</strong></span> <span class='ocrx_word' id='word_1_832' title='bbox 2404 5090 2636 5146; x_wconf 81' lang='lat' dir='ltr'><strong>surgens</strong></span> <span class='ocrx_word' id='word_1_833' title='bbox 2672 5084 2895 5129; x_wconf 88' lang='lat' dir='ltr'><strong>secutus</strong></span> <span class='ocrx_word' id='word_1_834' title='bbox 2931 5081 3018 5129; x_wconf 90' lang='lat' dir='ltr'><strong>est</strong></span> <span class='ocrx_word' id='word_1_835' title='bbox 3049 5086 3197 5135; x_wconf 90' lang='lat' dir='ltr'><strong>eum,</strong></span> <span class='ocrx_word' id='word_1_836' title='bbox 3244 5078 3299 5124; x_wconf 89' lang='lat' dir='ltr'><strong>et</strong></span> <span class='ocrx_word' id='word_1_837' title='bbox 3334 5069 3539 5123; x_wconf 81' lang='lat' dir='ltr'><strong>factum</strong></span> 
     </span>
    </p>
   </div>
   <div class='ocr_carea' id='block_1_111' title="bbox 1958 5164 3539 5239">
    <p class='ocr_par' dir='ltr' id='par_1_111' title="bbox 1958 5164 3539 5239">
     <span class='ocr_line' id='line_1_111' title="bbox 1958 5164 3539 5239; baseline -0.008 -12"><span class='ocrx_word' id='word_1_838' title='bbox 1958 5181 2063 5239; x_wconf 90' lang='lat' dir='ltr'><strong>est,</strong></span> <span class='ocrx_word' id='word_1_839' title='bbox 2095 5173 2478 5229; x_wconf 86' lang='lat' dir='ltr'><strong>discumbentc</strong></span> <span class='ocrx_word' id='word_1_840' title='bbox 2506 5170 2600 5224; x_wconf 88' lang='lat' dir='ltr'><strong>illo</strong></span> <span class='ocrx_word' id='word_1_841' title='bbox 2631 5169 2687 5222; x_wconf 92' lang='lat' dir='ltr'><strong>in</strong></span> <span class='ocrx_word' id='word_1_842' title='bbox 2720 5168 2904 5232; x_wconf 91' lang='lat' dir='ltr'><strong>domo,</strong></span> <span class='ocrx_word' id='word_1_843' title='bbox 2929 5164 3235 5223; x_wconf 87' lang='lat' dir='ltr'><strong>eccemulti</strong></span> <span class='ocrx_word' id='word_1_844' title='bbox 3258 5164 3539 5235; x_wconf 87' lang='lat' dir='ltr'><strong>publicani</strong></span> 
     </span>
    </p>
   </div>
   <div class='ocr_carea' id='block_1_112' title="bbox 1957 5253 3544 5336">
    <p class='ocr_par' dir='ltr' id='par_1_112' title="bbox 1957 5253 3544 5336">
     <span class='ocr_line' id='line_1_112' title="bbox 1957 5253 3544 5336; baseline -0.009 -15"><span class='ocrx_word' id='word_1_845' title='bbox 1957 5274 2012 5321; x_wconf 90' lang='lat' dir='ltr'><strong>et</strong></span> <span class='ocrx_word' id='word_1_846' title='bbox 2059 5276 2380 5336; x_wconf 86' lang='lat' dir='ltr'><strong>peceatores</strong></span> <span class='ocrx_word' id='word_1_847' title='bbox 2424 5263 2589 5320; x_wconf 92' lang='lat' dir='ltr'><strong>simul</strong></span> <span class='ocrx_word' id='word_1_848' title='bbox 2636 5259 3075 5317; x_wconf 87' lang='lat' dir='ltr'><strong>discumbebant.</strong></span> <span class='ocrx_word' id='word_1_849' title='bbox 3115 5270 3240 5311; x_wconf 92' lang='lat' dir='ltr'><strong>cum</strong></span> <span class='ocrx_word' id='word_1_850' title='bbox 3277 5253 3442 5319; x_wconf 87' lang='lat' dir='ltr'><strong>Jesu,</strong></span> <span class='ocrx_word' id='word_1_851' title='bbox 3487 5263 3544 5306; x_wconf 88' lang='lat' dir='ltr'><strong>et</strong></span> 
     </span>
    </p>
   </div>
   <div class='ocr_carea' id='block_1_113' title="bbox 1957 5354 3538 5428">
    <p class='ocr_par' dir='ltr' id='par_1_113' title="bbox 1957 5354 3538 5428">
     <span class='ocr_line' id='line_1_113' title="bbox 1957 5354 3538 5428; baseline -0.009 -15"><span class='ocrx_word' id='word_1_852' title='bbox 1957 5358 2244 5428; x_wconf 87' lang='lat' dir='ltr'><strong>discipulis</strong></span> <span class='ocrx_word' id='word_1_853' title='bbox 2291 5357 2494 5427; x_wconf 82' lang='lat' dir='ltr'><strong>ejus“.</strong></span> <span class='ocrx_word' id='word_1_854' title='bbox 2524 5374 2543 5407; x_wconf 76' lang='grc' dir='ltr'><strong>ι</strong></span> <span class='ocrx_word' id='word_1_855' title='bbox 2578 5354 2845 5423; x_wconf 87' lang='lat' dir='ltr'><strong>Deinceps</strong></span> <span class='ocrx_word' id='word_1_856' title='bbox 2892 5365 3148 5406; x_wconf 88' lang='lat' dir='ltr'><strong>sermone</strong></span> <span class='ocrx_word' id='word_1_857' title='bbox 3190 5361 3538 5418; x_wconf 78' lang='lat' dir='ltr'><strong>progressus,</strong></span> 
     </span>
    </p>
   </div>
   <div class='ocr_carea' id='block_1_114' title="bbox 1957 5439 3542 5522">
    <p class='ocr_par' dir='ltr' id='par_1_114' title="bbox 1957 5439 3542 5522">
     <span class='ocr_line' id='line_1_114' title="bbox 1957 5439 3542 5522; baseline -0.006 -17"><span class='ocrx_word' id='word_1_858' title='bbox 1957 5466 2021 5506; x_wconf 88' lang='lat' dir='ltr'><strong>ac</strong></span> <span class='ocrx_word' id='word_1_859' title='bbox 2050 5451 2447 5522; x_wconf 90' lang='lat' dir='ltr'><strong>discipulorum</strong></span> <span class='ocrx_word' id='word_1_860' title='bbox 2490 5450 2715 5505; x_wconf 84' lang='lat' dir='ltr'><strong>nomina</strong></span> <span class='ocrx_word' id='word_1_861' title='bbox 2745 5460 3097 5507; x_wconf 86' lang='lat' dir='ltr'><strong>enumerans,</strong></span> <span class='ocrx_word' id='word_1_862' title='bbox 3133 5444 3252 5514; x_wconf 85' lang='lat' dir='ltr'><strong>ipse</strong></span> <span class='ocrx_word' id='word_1_863' title='bbox 3287 5441 3392 5497; x_wconf 86' lang='lat' dir='ltr'><strong>sibi</strong></span> <span class='ocrx_word' id='word_1_864' title='bbox 3434 5439 3542 5510; x_wconf 85' lang='lat' dir='ltr'><strong>ipsi</strong></span> 
     </span>
    </p>
   </div>
   <div class='ocr_carea' id='block_1_115' title="bbox 1916 5533 3545 5612">
    <p class='ocr_par' dir='ltr' id='par_1_115' title="bbox 1916 5533 3545 5612">
     <span class='ocr_line' id='line_1_115' title="bbox 1916 5533 3545 5612; baseline -0.006 -16"><span class='ocrx_word' id='word_1_865' title='bbox 1916 5560 1923 5567; x_wconf 56' lang='grc' dir='ltr'>λ</span> <span class='ocrx_word' id='word_1_866' title='bbox 1958 5543 2234 5612; x_wconf 90' lang='lat' dir='ltr'><strong>publicani</strong></span> <span class='ocrx_word' id='word_1_867' title='bbox 2263 5559 2460 5599; x_wconf 87' lang='lat' dir='ltr'><strong>nomen</strong></span> <span class='ocrx_word' id='word_1_868' title='bbox 2489 5540 2758 5611; x_wconf 86' lang='lat' dir='ltr'><strong>adjungit,</strong></span> <span class='ocrx_word' id='word_1_869' title='bbox 2787 5538 3107 5609; x_wconf 88' lang='lat' dir='ltr'><strong>dicitigitur</strong></span> <span class='ocrx_word' id='word_1_870' title='bbox 3132 5555 3146 5591; x_wconf 89' lang='lat'><strong>:</strong></span> <span class='ocrx_word' id='word_1_871' title='bbox 3185 5555 3205 5589; x_wconf 75' lang='grc' dir='ltr'><strong>ι</strong></span> <span class='ocrx_word' id='word_1_872' title='bbox 3243 5533 3545 5589; x_wconf 89' lang='lat' dir='ltr'><strong>Duodecim</strong></span> 
     </span>
    </p>
   </div>
   <div class='ocr_carea' id='block_1_116' title="bbox 1920 5625 3541 5704">
    <p class='ocr_par' dir='ltr' id='par_1_116' title="bbox 1920 5625 3541 5704">
     <span class='ocr_line' id='line_1_116' title="bbox 1920 5625 3541 5704; baseline -0.007 -16"><span class='ocrx_word' id='word_1_873' title='bbox 1920 5646 1925 5651; x_wconf 78' lang='lat'><em>‘</em></span> <span class='ocrx_word' id='word_1_874' title='bbox 1957 5648 2087 5689; x_wconf 89' lang='lat' dir='ltr'><strong>vero</strong></span> <span class='ocrx_word' id='word_1_875' title='bbox 2117 5634 2491 5704; x_wconf 84' lang='lat' dir='ltr'><strong>apostolorum</strong></span> <span class='ocrx_word' id='word_1_876' title='bbox 2515 5633 2741 5690; x_wconf 88' lang='lat' dir='ltr'><strong>nomina</strong></span> <span class='ocrx_word' id='word_1_877' title='bbox 2768 5638 2898 5691; x_wconf 84' lang='lat' dir='ltr'><strong>sunt</strong></span> <span class='ocrx_word' id='word_1_878' title='bbox 2927 5630 3063 5695; x_wconf 63' lang='lat' dir='ltr'><strong>inec,</strong></span> <span class='ocrx_word' id='word_1_879' title='bbox 3084 5627 3296 5699; x_wconf 87' lang='lat' dir='ltr'><strong>primus</strong></span> <span class='ocrx_word' id='word_1_880' title='bbox 3327 5625 3541 5688; x_wconf 74' lang='lat' dir='ltr'><strong>Simon,</strong></span> 
     </span>
    </p>
   </div>
  </div>
