3880 6256
413 323 520 381 illi

1083 330 1350 387 EUSEBII
1388 327 1864 389 CESABIENSIS
1895 333 2046 390 OPP.
2087 335 2265 392 PARS
2296 335 2358 392 ll.
2387 364 2456 379 -—
2488 336 2984 398 APOLOGETICA.

3536 349 3634 405 2l6

410 446 506 513 qui
542 445 742 500 dicitur
772 444 990 512 Petrus,
1025 457 1081 503 et
1105 449 1352 508 Andreas
1384 450 1553 505 frater
1583 450 1720 520 ejus,
1751 450 1962 507 Jacobu:

2085 453 2114 504 6
2134 453 2356 522 ἀδελφὸς
2383 452 2570 516 αὐτοῦ,
2597 455 2858 519 Φίλιππος
2879 457 2972 511 καὶ
2999 457 3416 530 Βαρθολομαῖος,
3445 459 3635 533 Θωμᾶς

410 533 683 603 Ζεὺεάεεί,
707 547 761 593 et
795 537 1033 596 Joannes
1071 541 1239 598 frater
1277 543 1418 612 ejus,
1457 543 1742 616 Philippus
1771 555 1824 600 et
1857 544 1983 598 Bar-

409 628 758 696 tholomaaus,
809 629 1046 689 Thomas
1089 642 1144 689 et
1185 634 1469 690 Matthzeus
1504 637 1826 707 publicanus
1851 637 1916 690 τ’.
1956 655 1975 690 ι

418 718 604 789 Itaque
629 720 912 778 Matthaeus
936 725 1269 780 abundantia
1291 727 1524 797 quadam
1548 728 1842 792 modestiae,
1871 735 1982 784 stu-

414 812 567 867 dium
605 829 715 884 pra:
743 831 801 871 se
831 815 1010 873 ferens
1036 820 1281 876 veritatis
1315 821 1371 875 in
1400 821 1516 876 suis
1549 821 1790 876 moribus
1827 821 1968 875 indi-

411 904 625 970 candis,
669 907 1020 977 publicanum
1061 926 1121 966 se
1161 913 1474 983 appellavit,
1512 928 1689 984 neque
1741 914 1977 983 priorem

413 1011 570 1050 suam
597 1000 763 1054 vitam
794 1003 1074 1058 occultare
1112 1006 1300 1060 voluit.
1332 1005 1398 1060 Et
1431 1007 1672 1062 secundo
1707 1007 1830 1062 loco
1857 1015 1979 1076 post

412 1089 673 1158 aequalem
695 1106 852 1146 suum
884 1109 943 1149 se
969 1097 1288 1151 nominavit.
1318 1096 1454 1152 Cum
1472 1098 1616 1154 enim
1644 1099 1841 1165 singuli
1863 1099 1978 1155 sin-

412 1181 557 1250 gulis
610 1195 1017 1254 comparantur,
1046 1187 1164 1257 ipse
1196 1187 1482 1244 Matthzeus
1511 1187 1754 1257 Thomas,
1781 1189 1977 1248 Petrus

408 1273 661 1338 Andreae,
700 1274 938 1334 Iacobus
969 1276 1188 1344 Joanni,
1229 1279 1512 1352 Philippus
1557 1281 1974 1351 Bartholomaeo,

410 1364 676 1422 Thomam
724 1369 825 1424 sibi
865 1371 968 1440 ipsi
1022 1374 1309 1442 praeponit,
1358 1375 1594 1444 priorem
1636 1376 1716 1430 illi
1760 1377 1975 1446 locum,

409 1462 658 1528 quamvis
681 1464 1019 1532 coapostolo,
1048 1473 1308 1535 tanquam
1343 1466 1680 1523 honoratiori
1709 1469 1974 1537 tribuens,

409 1550 626 1604 tametsi
679 1551 875 1621 reliqui
943 1556 1291 1626 evangelista:
1345 1558 1684 1611 contrarium
1743 1557 1973 1616 faciunt.

404 1638 549 1695 Audi
582 1643 763 1713 itaque
779 1644 1006 1710 Lucam,
1042 1655 1102 1700 ut
1125 1646 1359 1702 hlatthmi
1385 1649 1714 1704 mentionem
1745 1649 1972 1716 faciens,

407 1746 517 1783 non
570 1733 922 1802 publicanum
965 1735 1118 1802 dicit,
1161 1751 1337 1805 neque
1383 1745 1510 1808 post
1547 1736 1810 1794 Thomam
1862 1741 1977 1795 col-

2081 556 2175 600 καὶ
2202 547 2477 611 Ματθαῖος
2500 549 2529 599 6
2557 547 2812 621 τελώνης.
2833 568 2851 600 ι
2870 550 3054 614 Οῦτως
3086 552 3184 622 μὲν
3213 553 3240 605 6
3268 553 3551 621 Ματθαῖος,
3571 557 3631 612 δι’

2081 638 2384 710 ὑπερϐολὴν
2427 641 2728 706 ἐπιεικείας
2774 644 2834 696 τὸ
2867 644 3157 716 φιλάληθες
3193 647 3497 716 ὑποφαίνων
3544 650 3636 704 τοῦ

2084 728 2213 782 ίδίου
2262 730 2501 802 τρόπου,
2563 733 2660 785 καὶ
2705 733 2940 805 τελώνην
2993 736 3179 790 ἑαυτὸν
3234 737 3520 803 ἀπεκάλει,
3565 739 3635 811 μὴ

2080 821 2445 891 ἀποκρύπτων
2500 823 2591 877 τὸν
2640 827 2906 896 πρότερον
2961 826 3154 880 ἑαυτοῦ
3206 826 3317 896 βίον
3342 869 3358 892 ,
3412 829 3501 882 καὶ
3547 830 3634 884 τοῦ

2081 910 2316 981 συζύγου
2359 913 2610 985 δεύτερον
2651 917 2845 970 ἑαυτὸν
2875 918 3185 987 κατέλεγεν.
3218 920 3636 991 Συνεζευγμένος

2079 1002 2207 1070 γοῦν
2247 1002 2324 1074 τῷ
2349 1004 2538 1076 Θωμᾷ,
2575 1008 2603 1060 6
2636 1007 2838 1078 Πέτρος
2877 1008 3118 1079 Ἀνδρέᾳ,
3151 1010 3244 1062 καὶ
3291 1011 3536 1075 Ἰάκωδος
3563 1011 3636 1082 τῷ

2092 1091 2344 1164 Ἰωάννῃ,
2396 1095 2488 1146 καὶ
2539 1094 2800 1159 ⁴Ιιίλιππος
2868 1096 3286 1168 Βαρθολομαίῳ,
3359 1098 3634 1169 προτάττει

2079 1182 2272 1235 ἑαυτοῦ
2304 1183 2394 1238 τὸν
2425 1183 2645 1254 Θωμᾶν,
2674 1187 2950 1258 προτιμῶν
2990 1187 3065 1251 ὼς
3091 1190 3374 1260 κρείττονα
3399 1190 3489 1243 τὸν
3519 1208 3635 1244 συν-

2079 1273 2409 1339 απόστολον,
2455 1277 2565 1330 τῶν
2611 1277 2812 1332 λοιπῶν
2878 1279 3276 1348 εὐαγγελιστῶν
3343 1281 3633 1336 τούναντίον

2079 1367 2472 1436 πεποιηκότων.
2500 1368 2695 1422 Ἀκουε
2723 1369 2850 1438 γοῦν
2872 1372 3074 1433 Λουκᾶ,
3099 1370 3234 1434 πῶς,
3259 1370 3350 1424 τοῦ
3368 1371 3633 1424 Ματθαίου

2081 1458 2478 1528 μνημονεύσας,
2529 1462 2590 1512 οὐ
2619 1460 2854 1533 τελώνην
2897 1460 3172 1534 ὀνομάζει,
3217 1463 3323 1516 οὐδ’
3361 1464 3634 1518 ὑποτάττει

2075 1546 2154 1617 τῷ
2183 1548 2384 1621 Θωμᾷ,
2416 1551 2698 1621 κρείττονα
2740 1553 2797 1607 δὲ
2833 1552 2994 1608 αὐτὸν
3033 1552 3207 1617 εἰδὼς,
3236 1552 3450 1625 πρῶτον
3483 1553 3633 1608 αὐτὸν

2077 1639 2381 1705 κατέλεξεν,
2427 1642 2678 1716 δεύτερον
2722 1643 2814 1696 τὸν
2853 1644 3053 1714 Θωμᾶν
3102 1643 3420 1714 ἐπαγαγὼν,
3452 1642 3634 1717 ὥσπερ

2078 1731 2172 1783 καὶ
2212 1733 2240 1784 6
2265 1732 2489 1804 Μάρκος
2526 1735 2856 1806 πεποίηκενο
2897 1735 3076 1805 έχουσι
3109 1735 3164 1788 δὲ
3191 1736 3356 1790 αὑτοῦ
3387 1737 3442 1790 αί
3473 1735 3633 1804 λέξεις

405 1819 569 1886 locat,
597 1823 692 1878 sed
717 1826 1146 1894 praestantiorem
1174 1828 1324 1882 illum
1350 1843 1708 1900 cognoscens,
1741 1832 1962 1902 priorem

2077 1821 2280 1887 οὕτως’
2344 1842 2362 1875 ι
2391 1825 2501 1878 Καὶ
2543 1826 2633 1879 ὅτε
2692 1827 2872 1898 ἡμέρα
2917 1827 3164 1895 ἐγένετο,
3221 1825 3468 1898 ὲφώνησε
3517 1829 3634 1890 τοὺς

402 1932 623 1986 quoque
652 1920 918 1983 nominat,
947 1918 1211 1976 Thomam
1233 1921 1310 1976 illi
1336 1922 1579 1978 secundo
1608 1924 1730 1980 loco
1752 1925 1973 1995 subjun-

403 2025 558 2077 gens,
586 2012 731 2081 quod
777 2012 956 2084 ipsum
999 2013 1214 2071 Marcus
1254 2031 1470 2086 quoque
1509 2021 1766 2075 servavit.
1796 2019 1973 2076 Verba

403 2103 572 2172 igitur
618 2104 766 2160 illius
812 2107 892 2161 sic
936 2121 995 2161 se
1032 2107 1237 2162 habent
1267 2127 1283 2162 :
1313 2127 1332 2159 ι
1373 2108 1439 2163 Ει
1475 2125 1599 2165 cum
1640 2111 1758 2167 dies
1798 2112 1974 2169 factus

400 2205 570 2258 esset,
605 2199 820 2252 vocavit
866 2199 1168 2271 discipulos
1202 2218 1354 2268 suos,
1400 2211 1454 2260 et
1482 2206 1643 2276 elegit
1683 2207 1971 2264 duodecim

399 2302 466 2340 ex
507 2287 610 2349 eis,
658 2303 797 2356 quos
837 2295 891 2342 et
935 2290 1213 2358 apostolos
1264 2291 1568 2347 nominavit
1609 2313 1622 2348 :
1672 2295 1971 2360 Simonem,

399 2393 560 2447 quem
611 2380 774 2432 etiam
819 2377 1040 2433 Petrum
1081 2382 1320 2446 vocavit,
1353 2391 1408 2439 et
1438 2384 1712 2441 Andream
1746 2385 1971 2442 fratrem

400 2467 550 2537 ejus,
576 2464 836 2522 Jacobum
870 2479 922 2522 et
952 2467 1239 2536 Joannem,
1261 2470 1573 2545 Philippum
1605 2483 1660 2530 et
1689 2474 1973 2532 Bai-tholo-

396 2575 616 2626 meeum,
653 2560 961 2615 Matthaeum
998 2568 1053 2618 et
1084 2561 1346 2618 Thomam
1369 2565 1435 2621 ⁷³.
1478 2585 1497 2618 ι
1535 2565 1626 2621 Sic
1658 2567 1969 2622 Matthaeum

396 2649 576 2706 Lucas
614 2654 913 2723 anteponit,
956 2653 1409 2722 quemadmodum
1457 2658 1562 2728 ipsi
1608 2659 1968 2724 tradiderant,

396 2743 489 2813 qui
517 2744 585 2798 ab
619 2745 773 2798 initio
805 2745 910 2815 ipsi
941 2745 1213 2811 viderant,
1248 2755 1302 2802 et
1334 2749 1570 2804 ministri
1602 2749 1818 2805 fuerant
1851 2767 1970 2807 ser-

397 2835 596 2891 monis.
632 2834 894 2890 Joannem
922 2855 1140 2910 quoque
1163 2841 1393 2896 similem
1423 2839 1677 2898 Matthmo
1705 2843 1968 2900 invenies.

397 2922 532 2978 Nam
557 2924 612 2978 in
643 2926 758 2981 suis
795 2927 1044 2997 epistolis
1076 2945 1144 2985 ue
1184 2929 1433 2985 meminit
1465 2930 1683 2999 quidem
1714 2947 1828 2987 sua:
1869 2947 1968 3002 ap—

398 3017 732 3087 pellationis,
757 3027 850 3082 aut
875 3021 1145 3075 seniorem
1171 3036 1229 3077 se
1261 3022 1526 3085 nominat,
1548 3038 1818 3093 nusquam
1842 3039 1969 3080 vero

399 3110 705 3179 apostolum
746 3119 840 3165 aut
869 3112 1280 3183 evangelistam.
1323 3110 1381 3167 In
1424 3113 1717 3184 Evangelia
1761 3121 1963 3182 autem,

2081 1915 2325 1987 μαθητάς
2363 1916 2559 1980 αὐτοῦ,
2593 1918 2686 1971 καὶ
2721 1915 3073 1989 ἐκλεξάμενος
3107 1917 3169 1983 ea
3203 1918 3382 1971 αὐτῶν
3417 1917 3635 1982 δώδεκα,

2076 2007 2170 2071 οὓς
2208 2010 2302 2062 καὶ
2338 2007 2666 2072 ἀποστόλους
2701 2009 3002 2080 ὠνόμασεν,
3034 2009 3274 2078 Σίμωνα,
3302 2008 3361 2064 ὃν
3395 2010 3487 2062 καὶ
3515 2007 3637 2062 ἐκά-

2076 2097 2198 2150 λεσε
2221 2099 2446 2170 Πέτρον,
2490 2099 2584 2152 καὶ¹
2623 2098 2874 2170 Ἀνδρέαν
2910 2099 3001 2152 τὴν
3041 2099 3268 2169 ἀδελφὸν
3314 2099 3500 2163 αὐτοῦ,
3541 2100 3634 2154 Ἰά-

2075 2189 2250 2242 κωϐον
2277 2191 2370 2243 καὶ
2391 2189 2666 2261 Ἰωάννην,
2685 2189 2778 2242 καὶ
2798 2189 3080 2252 Φίλιππον,
3103 2191 3196 2242 καὶ
3221 2189 3632 2260 Βαρθολομαῖον,

2076 2282 2171 2334 καὶ
2203 2281 2502 2346 Ματθαῖον,
2549 2285 2642 2336 καὶ
2685 2281 2907 2353 Θωμᾶν.
2936 2302 2954 2333 ι
2989 2282 3174 2345 Οῦτως
3223 2282 3323 2352 μὲν
3365 2281 3454 2334 τὸν
3485 2281 3631 2334 Ματ-

2074 2372 2222 2426 θαῖον
2265 2373 2294 2424 6
2322 2375 2531 2437 Λουκᾶς
2577 2373 2836 2444 ἐτίμησε,
2885 2373 3004 2426 καθ’
3054 2371 3091 2426 ἃ.
3136 2373 3460 2444 παρέδωκαν
3497 2370 3637 2442 αὐτῷ

2071 2465 2122 2518 οἱ
2157 2465 2409 2537 άπαρχῆς
2448 2466 2709 2520 αὐτόπται
2763 2466 2855 2518 καὶ
2900 2464 3170 2536 ὑπηρέται
3218 2466 3504 2536 γενόμενοι
3544 2461 3635 2517 τοῦ

2072 2556 2248 2625 λόγου.
2299 2557 2409 2610 Καὶ
2447 2557 2536 2610 τὸν
2587 2557 2836 2627 Ἰωάννην
2891 2555 2948 2609 δὲ
2999 2557 3179 2626 ὅμοιον
3235 2556 3421 2628 εὕροις
3466 2556 3530 2609 ἂν
3563 2553 3636 2626 τῷ

2071 2647 2350 2718 Ματθαίῳ.
2406 2648 2494 2700 Ἐν
2529 2648 2626 2717 μὲν
2661 2647 2770 2716 γάρ
2813 2650 2934 2711 ταῖς
2975 2648 3290 2712 ἐπιστολαῖς
3329 2646 3493 2700 αὐτοῦ
3524 2646 3636 2699 οὐδὲ

2076 2739 2292 2808 μνήμην
2319 2737 2416 2809 τῆς
2440 2739 2643 2802 οἰκείας
2669 2738 3035 2810 προσηγορίας
3062 2742 3315 2804 ποιεῖται,
3348 2739 3380 2810 ἦ
3411 2738 3636 2811 πρεσϐύ-

2070 2845 2226 2898 τερον
2269 2829 2455 2883 ἑαυτὸν
2501 2829 2772 2900 ὀνομάζει,
2813 2829 3046 2901 οὐδαμοῦ
3083 2830 3141 2883 δὲ
3174 2830 3492 2892 ἀπόστολον,
3520 2828 3632 2883 οὐδὲ

2069 2921 2456 2992 εὐαγγελιστήν
2475 2939 2489 2950 ο
2525 2923 2582 2974 ἐν
2609 2921 2666 2973 δὲ
2693 2920 2770 2991 τῷ
2798 2920 3114 2992 Εὐαγγελίῳ
3161 2920 3634 2991 ἐπισημηνάμενος

2067 3011 2128 3065 ὃν
2153 3013 2340 3082 ὴγάπα
2370 3015 2399 3066 6
2433 3014 2656 3084 Ἰησοῦς,
2689 3016 2788 3068 οὐκ
2831 3015 3097 3086 ἐδήλωσεν
3133 3015 3397 3086 ὀνομαστὶ
3428 3014 3630 3068 ἑαυτόν.

2073 3101 2140 3155 ’Ὀ
2170 3119 2233 3170 γε
2260 3102 2365 3173 μὴν
2390 3103 2593 3174 Πέτρος
2626 3103 2747 3156 οὐδὲ
2777 3103 3015 3174 καθῆκεν
3050 3105 3141 3156 ἐπὶ
3178 3105 3280 3176 τὴν
3305 3103 3634 3173 Εὐαγγελίον

394 3217 520 3256 cum
543 3201 907 3272 significasset
929 3182 1081 3259 illum
1108 3221 1268 3276 quem
1293 3182 1743 3276 diligebatJesus,
1766 3222 1962 3263 nomen

2066 3194 2280 3266 γραφὴν
2302 3195 2368 3247 δι’
2386 3195 2666 3260 εὐλαϐείας
2689 3197 3013 3268 ὑπερϐολήν.
3041 3197 3244 3250 Τούτου
3266 3199 3492 3268 Μάρκος
3510 3195 3633 3266 γνώ-

395 3309 556 3349 suum
590 3309 700 3348 non
748 3296 955 3365 posuit.
992 3295 1187 3352 Petrus
1233 3313 1364 3354 vero
1408 3314 1474 3354 ex
1520 3299 1688 3352 nimia
1728 3297 1964 3369 quadam

395 3387 725 3451 reverentia,
758 3404 826 3443 ne
855 3389 1077 3460 dignum
1100 3391 1317 3460 quidem
1352 3405 1412 3446 se
1450 3391 1748 3462 scriptione
1787 3390 1964 3446 Evan-

393 3480 520 3551 gelii
563 3481 917 3538 existimavit.
962 3484 1066 3538 Sed
1105 3482 1228 3552 ejus
1273 3483 1562 3540 familiaris
1604 3498 1669 3539 ac
1719 3484 1962 3555 discipu-

391 3569 480 3626 lus
520 3570 756 3638 Marcus,
807 3573 861 3626 in
915 3573 1367 3630 commentarium
1414 3574 1672 3630 retulisse
1717 3573 1961 3644 ejusdem

390 3661 459 3716 de
515 3663 683 3719 rebus
742 3664 912 3735 gestis
968 3663 1133 3730 Jesu,
1193 3663 1537 3720 narrationes
1607 3676 1956 3722 memoratur.

392 3754 547 3824 121
569 3753 672 3821 Qui
709 3770 832 3810 cum
856 3756 922 3810 ad
946 3756 1098 3810 illum
1121 3755 1360 3812 historia:
1384 3755 1563 3809 locum
1581 3755 1840 3821 venisset,
1865 3757 1959 3812 ubi

386 3843 546 3901 Jesus
594 3845 966 3915 interrogavit,
997 3861 1156 3916 quem
1183 3861 1242 3901 se
1268 3860 1390 3902 esse
1416 3845 1664 3900 homines
1694 3843 1956 3910 dicerent,

386 3937 599 4006 ipsique
637 3937 722 3992 sui
760 3935 1015 4005 discipuli
1047 3951 1210 4006 quam
1241 3935 1308 3992 de
1351 3951 1410 3992 se
1446 3935 1756 4006 opinionem
1790 3936 1959 3992 habe-

385 4034 532 4092 rent,
568 4027 1054 4098 subjunxissetque
1081 4027 1296 4092 Petrus,
1327 4035 1586 4099 tauquam
1620 4029 1688 4084 de
1713 4029 1954 4096 Christo,

384 4117 524 4173 nihil
552 4117 630 4171 illi
659 4117 1079 4187 respondentem
1111 4117 1296 4176 Jesum
1335 4128 1430 4174 aut
1453 4121 1721 4176 dicentem
1748 4121 1959 4177 descri-

384 4204 483 4272 “t,
512 4207 607 4262 sed
648 4208 758 4263 illis
789 4207 1211 4264 comminantem
1253 4209 1538 4276 duntaxat,
1572 4221 1632 4266 ut
1653 4215 1856 4269 nemini
1887 4214 1956 4269 de

382 4314 506 4368 .pso
538 4300 742 4355 dicant.
775 4299 894 4355 Non
925 4300 1070 4355 enim
1101 4300 1349 4355 interfuit
1379 4299 1595 4358 Marcus
1636 4304 1704 4358 iis
1750 4319 1871 4374 qua-
1922 4319 1953 4358 a

385 4392 606 4446 Christo
633 4391 776 4447 dicta
827 4401 952 4448 sunt
983 4411 997 4447 :
1043 4407 1108 4448 ac
1133 4408 1203 4448 ne
1233 4393 1427 4449 Petrus
1455 4394 1696 4464 quidem,
1731 4410 1851 4465 quae
1883 4395 1952 4450 ad

385 4482 565 4553 ipsum
601 4496 665 4537 ac
692 4482 761 4537 de
787 4482 907 4553 ipso
939 4482 1082 4537 dicta
1115 4491 1244 4538 sunt
1271 4483 1339 4538 ab
1367 4481 1518 4546 Jesu,
1547 4486 1767 4555 proprio
1797 4487 1950 4541 testi~

2066 3305 2224 3359 ριμος
2243 3288 2336 3342 καὶ
2368 3289 2626 3361 φοιτητὴς
2653 3288 2889 3358 γεγονὼς
2911 3290 3392 3361 ἀπομνημονεῦσαι
3425 3290 3633 3358 λέγεται

2062 3379 2159 3444 τὰς
2178 3380 2271 3434 τοῦ
2286 3381 2489 3452 Πέτρου
2511 3397 2577 3432 πε
2585 3381 2638 3450 pl.
2657 3379 2764 3433 τῶν
2783 3381 3031 3451 πράξεων
3049 3382 3142 3434 τοῦ
3159 3381 3338 3454 Ἰησοῦ
3360 3381 3630 3448 διαλέξεις,

2059 3474 2118 3537 ὃς
2160 3472 2327 3527 ἐλθὼν
2361 3475 2445 3526 ἐπ’
2479 3476 2662 3526 ἐκεῖνα
2692 3474 2791 3544 τῆς
2831 3474 3088 3545 ἱστορίας,
3126 3476 3182 3528 ἐν
3231 3470 3316 3540 οἷς
3353 3477 3383 3529 6
3430 3471 3629 3544 Ἰησοῦς

2059 3567 2360 3636 ἐρωτήσας,
2391 3563 2514 3619 τίνα
2542 3565 2704 3635 φασιν
2733 3565 2892 3618 αὑτὸν
2924 3567 2972 3618 oi.
3013 3565 3314 3637 ἄνθρωποι,
3349 3565 3446 3619 καὶ
3486 3564 3632 3619 αὐτοὶ

2057 3657 2113 3712 δὲ
2143 3658 2193 3710 οἱ
2226 3656 2392 3710 αὑτοῦ
2434 3657 2692 3728 μαθηταὶ,
2735 3657 2855 3711 τίνα
2881 3657 3034 3722 δόξαν
3065 3658 3240 3729 ἔχοιεν
3279 3659 3410 3731 περὶ
3452 3655 3632 3721 αὐτοῦ,

2059 3750 2468 3814 ὑπακούσαντος
2507 3750 2602 3803 τοῦ
2648 3750 2876 3822 Πέτρου,
2909 3751 2985 3813 ὼς
3027 3752 3154 3822 περὶ
3194 3750 3460 3824 Χριστοῦ,
3487 3748 3632 3803 οὐδὲν

2058 3844 2490 3916 ἀποκρινάμενον
2527 3845 2618 3899 τὸν
2652 3844 2856 3914 Ἰησοῦν
2885 3843 3005 3897 οὐδὲ
3043 3843 3274 3911 λέγοντα
3319 3842 3469 3914 αὐτῷ
3505 3840 3632 3912 γρά-

2057 3953 2168 4005 φει,
2195 3935 2306 3989 ἀλλ’
2331 3937 2411 3989 ὅτι
2455 3934 2782 4006 ἐπετίμησεν
2826 3935 3028 3998 αὐτοῖς,
3073 3936 3161 3988 ἵνα
3199 3934 3397 4008 μηδενὶ
3438 3935 3629 4002 λέγωσι

2057 4031 2184 4100 περὶ
2221 4027 2403 4082 αὑτοῦ.
2439 4028 2512 4080 Οὑ
2554 4027 2663 4097 γὰρ
2702 4027 2884 4097 παρῆν
2909 4028 2938 4080 6
2977 4025 3202 4098 Μάρκος
3231 4029 3350 4090 τοῖς
3381 4027 3486 4080 ὑπὸ
3538 4023 3630 4078 τοῦ

2069 4119 2238 4192 Ἰησοῦ
2273 4119 2560 4190 λεχθεῖσιν,
2603 4118 2717 4173 ἀλλ’
2762 4117 2882 4171 οὐδὲ
2932 4118 3137 4188 Πέτρος
3170 4117 3245 4171 τὰ
3283 4117 3424 4190 πρὸς
3473 4113 3630 4171 αὑτὸν

2055 4213 2149 4266 καὶ¹
2191 4212 2320 4282 περὶ
2358 4212 2521 4265 αὐτοῦ
2565 4209 2823 4280 λεχθέντα
2849 4209 2927 4280 τῷ
2971 4209 3143 4280 Ἰησοῦ
3179 4209 3424 4264 ἐδικαίου
3465 4208 3532 4261 δι’
3556 4206 3630 4261 elo

2055 4303 2208 4368 κείας
2239 4303 2532 4374 προφέρειν
2563 4302 2885 4374 μαρτυρίας.
2918 4301 3052 4354 Τίνα
3077 4301 3135 4354 δὲ
3160 4297 3229 4373 ἦν
3253 4301 3327 4355 τὰ
3360 4301 3499 4373 πρὸς
3538 4298 3630 4353 αὐ-

2053 4397 2142 4450 τὸν
2177 4396 2452 4466 λεχθέντα,
2488 4395 2759 4457 Ματθαῖος
2794 4394 2942 4464 δηλοῖ
2964 4392 3053 4446 διὰ
3087 4393 3296 4446 τούτων
3319 4411 3332 4424 ⁸
3377 4413 3397 4446 ε
3446 4393 3630 4464 Ὑμεῖς

2052 4485 2110 4539 δὲ
2134 4486 2254 4538 τίνα
2299 4502 2368 4554 με
2408 4485 2592 4554 λέγετε
2639 4480 2810 4548 εἷναις
2856 4481 3198 4555 Ἀποκριθεὶς
3231 4483 3291 4536 δὲ
3319 4485 3503 4555 Σίμων
3531 4483 3630 4536 Πέ-

382 4575 568 4628 monio
614 4575 857 4644 proferre
910 4589 1124 4644 acquum
1174 4573 1404 4644 putavit.
1459 4574 1591 4642 Quae
1629 4584 1811 4630 autem
1861 4577 1952 4632 illa

2066 4596 2175 4650 rpo;
2221 4573 2382 4631 εἷπε·
2420 4577 2491 4630 Σῦ
2527 4575 2576 4630 εἷ
2625 4577 2654 4630 6
2698 4575 2929 4648 Χριστὸς
2969 4575 2998 4628 6
3029 4574 3157 4638 Υἱὸς
3205 4575 3305 4628 τοῦ
3351 4575 3488 4630 Θεοῦ
3537 4575 3628 4628 τοῦ

379 4665 511 4725 sint.
533 4680 653 4735 quae
673 4665 922 4720 videlicet
942 4665 1010 4719 ad
1040 4667 1216 4736 ipsum
1238 4663 1455 4722 Petrum
1484 4667 1629 4723 dicta
1650 4675 1799 4731 sunt,
1825 4666 1954 4721 Mat-

377 4757 554 4811 tlucus
571 4757 653 4810 his
676 4755 880 4810 indicat
897 4756 1104 4811 verbis:
1127 4775 1146 4808 ε
1158 4754 1266 4812 Vos
1283 4764 1460 4812 autem
1478 4772 1640 4827 quem
1663 4771 1748 4812 me
1769 4757 1952 4812 dicitis

375 4846 532 4903 esse?
559 4857 613 4902 et
633 4847 968 4917 respondens
988 4847 1173 4902 Simon
1195 4847 1392 4903 Petrus
1412 4847 1548 4901 dixit
1567 4867 1581 4902 :
1601 4847 1682 4902 Tu
1711 4863 1772 4904 es
1801 4847 1951 4904 Chri-

380 4947 500 4994 stus
524 4936 694 4993 Filius
712 4937 805 4992 Dei
830 4937 958 4991 vivi.
988 4937 1341 5009 Respondens
1361 4936 1520 4995 Jesus
1539 4937 1675 4993 dixit
1697 4939 1747 4996 ei
1780 4958 1795 4994 :
1819 4939 1946 4995 Bea-

378 5038 470 5085 tus
497 5045 579 5092 es,
609 5027 796 5083 Simon
826 5027 1079 5099 Barjona.
1101 5028 1356 5099 quoniam
1380 5042 1509 5084 caro
1523 5035 1577 5084 et
1597 5029 1818 5099 sanguis
1832 5044 1942 5085 non

378 5120 639 5176 revelavit
665 5120 794 5186 tibi,
826 5121 923 5176 sed
954 5119 1117 5176 Pater
1162 5138 1318 5178 meus
1354 5119 1448 5191 qui
1470 5128 1556 5176 est
1597 5121 1653 5174 in
1682 5121 1858 5188 cmlis,
1890 5131 1944 5178 et

375 5227 478 5283 ego
507 5211 601 5266 tibi
629 5213 752 5267 dico
779 5232 792 5268 :
829 5213 909 5269 Tu
939 5229 998 5270 es
1021 5213 1238 5278 Petrus,
1264 5222 1319 5268 et
1352 5226 1517 5281 super
1559 5212 1702 5267 hanc
1732 5220 1940 5282 petram

375 5304 654 5360 adificabo
701 5305 1000 5365 Ecclesium
1057 5320 1257 5370 meam,
1296 5311 1350 5360 et
1381 5303 1552 5374 porta:
1599 5302 1795 5360 inferni
1830 5319 1939 5358 non

374 5397 739 5468 praevalebunt
767 5398 1032 5452 adversus
1051 5403 1267 5461 eam;et
1296 5395 1437 5450 dabo
1469 5396 1567 5451 tibi
1593 5397 1774 5453 claves
1787 5397 1941 5467 regni

372 5490 653 5552 calorum,
668 5496 1067 5559 etquaecunque
1089 5487 1338 5558 ligaveris
1365 5503 1526 5558 super
1542 5495 1765 5557 terram,
1781 5495 1942 5544 erunt

371 5581 534 5652 ligata
559 5588 612 5634 et
637 5583 691 5635 in
719 5582 902 5638 cmlis:
945 5588 996 5636 et
1022 5594 1355 5652 quaecunque
1385 5581 1610 5637 solveris
1635 5595 1796 5653 super
1827 5588 1937 5636 ter-

473 5742 517 5774 "
541 5739 725 5798 Matth.
747 5757 800 5806 ς,
825 5741 880 5809 ’2,
908 5741 958 5796 3.
1015 5739 1079 5822 ﬂ”
1105 5738 1306 5795 Luc.“
1329 5779 1343 5807 ,
1379 5737 1561 5795 1545.

1847 5854 1900 5863 ..Α-

2051 4669 2274 4734 ζῶντος.
2314 4667 2654 4738 ’Δποκριθεὶς
2681 4667 2738 4720 δὲ
2776 4664 2980 4737 Ἰησοῦς
3016 4661 3169 4719 εἶπεν
3198 4665 3356 4737 αὐτῷ
3377 4683 3390 4696 ·
3439 4664 3628 4720 Μακά-

2053 4781 2165 4834 ριος
2199 4761 2268 4825 εἱ,
2298 4763 2480 4833 Σίμων
2507 4761 2776 4832 Βαριωνᾶ,
2806 4761 2886 4814 ὅτι
2914 4758 3049 4830 σάρξ
3078 4758 3172 4811 καὶ
3199 4753 3346 4829 αἷμα
3381 4760 3482 4812 οὐκ
3510 4759 3578 4810 ἐπ
3602 4784 3627 4796 ο

2048 4848 2282 4918 εκάλυψέ
2319 4865 2418 4911 σοι,
2454 4847 2568 4901 ἀλλ’
2606 4849 2635 4900 6
2663 4848 2849 4919 Πατήρ
2889 4864 2991 4918 μου
3032 4846 3060 4897 6
3096 4847 3152 4898 ὲν
3198 4849 3316 4911 τοῖς
3357 4846 3624 4918 οὐρανοῖς,

2049 4942 2142 4994 καὶ
2174 4939 2284 5009 ἐγώ
2337 4957 2417 4993 σοι
2450 4939 2626 5008 λέγω·
2665 4940 2735 4992 Σὺ
2778 4936 2829 4992 εἴ
2869 4939 3093 5010 Πέτρος,
3143 4939 3241 4993 καὶ
3287 4939 3384 4992 ἐπὶ
3428 4937 3626 5007 ταύτην

2048 5031 2148 5102 τὴν
2197 5031 2398 5102 πέτραν
2435 5031 2768 5102 οἰκοδομήσω
2819 5047 2920 5102 μου
2965 5032 3064 5102 τὴν
3116 5029 3478 5101 Ἐκκλησίαν,
3534 5029 3625 5082 καὶ

2050 5123 2211 5176 πύλαι
2248 5123 2374 5195 ᾆδου
2403 5124 2462 5176 οὐ
2510 5123 2925 5193 κατισχύσουσιν
2967 5121 3159 5192 αὐτῆς·
3199 5123 3301 5176 καὶ
3342 5121 3502 5176 δώσω
3545 5137 3624 5174 σοι

2047 5214 2146 5277 τὰς
2187 5213 2334 5276 κλεῖς
2373 5213 2472 5282 τῆς
2509 5211 2782 5282 βασιλείας
2825 5211 2932 5265 τῶν
2964 5209 3242 5283 οὐρανῶν
3292 5211 3390 5264 καὶ
3427 5212 3528 5264 ὅσα
3559 5209 3625 5262 ἂν

2046 5307 2214 5378 δήσῃς
2246 5306 2338 5358 ἐπὶ
2366 5306 2462 5375 τῆς
2485 5304 2608 5375 γῆς,
2638 5304 2786 5358 ἔσται
2809 5304 3062 5373 δεδεμένα
3095 5304 3154 5356 ἐν
3186 5306 3306 5368 τοῖς
3339 5304 3588 5376 οὐρανοῖς
3607 5316 3622 5331 ⁸

2047 5397 2138 5449 καί
2166 5398 2266 5449 ὅσα
2298 5394 2364 5448 ἂν
2406 5395 2575 5466 λύσῃς
2613 5395 2704 5448 ἐπὶ
2746 5395 2844 5465 τῆς
2890 5395 3014 5463 γῆς,
3056 5393 3208 5448 ἔσται
3254 5393 3530 5465 λελυμένα
3568 5393 3624 5445 ὲν

2045 5489 2156 5550 τοῖς
2183 5486 2448 5559 οὐρανοῖς.
2487 5505 2504 5537 ι
2541 5486 2820 5540 Τοσούτων
2853 5486 3156 5556 εἰρημένων
3183 5484 3266 5557 τῷ
3300 5487 3497 5557 Πέτρῳ
3521 5479 3624 5538 ὑπὸ

2045 5577 2137 5632 τοῦ
2179 5577 2372 5664 Ἰησοῦ,
2418 5580 2446 5633 6
2476 5577 2722 5665 Μάρκος,
2760 5576 2924 5651 μηδὲν
2963 5577 3166 5648 τούτων
3217 5574 3620 5650 μνημονεύσας,
