3880 6256
290 360 386 418 an

1205 353 1855 414 DEMONSTRATIONIS
1886 355 2341 413 EVANGELICE
2364 355 2490 410 LIB.
2518 355 2607 412 ΠΙ.

3435 363 3540 409 Ξίδ

289 475 368 532 ὅτι
417 473 545 545 μηδ’
592 474 624 527 ὁ
657 473 863 545 Πέτρος
909 471 1081 537 ταῦθ’,
1121 470 1198 535 ὡς
1238 459 1404 536 είκδς,
1438 475 1496 526 ὲν
1533 477 1653 537 ταῖς
1697 475 1836 527 αὐτοὶ

1963 488 2104 535 ram,
2123 479 2284 527 erunt
2305 471 2480 526 soluta
2496 483 2549 526 et
2571 473 2625 525 in
2644 471 2798 526 caelis
2819 471 2883 525 ⁷⁸.
2899 490 2917 524 ι
2943 469 3079 526 Cum
3103 468 3216 525 haec
3238 477 3348 524 tam
3371 473 3540 527 multa

288 561 660 626 διδασκαλίαις
685 562 1056 633 ὲξηγόρευσεν,
1085 561 1185 632 ὅρα
1204 562 1257 614 τί
1284 580 1466 633 φησιν,
1491 564 1836 633 ἐρωτήσαντα

1968 565 2113 619 dicta
2147 563 2258 618 sint
2286 561 2448 617 Petro
2477 564 2544 617 ab
2572 562 2722 627 Jesu,
2757 562 2972 618 Marcus
3002 564 3139 617 nihil
3163 563 3356 618 horum
3386 579 3538 618 com-

288 657 379 712 τοῦ
419 657 601 729 Ἰησοῦ
630 675 644 689 ·
679 675 698 707 ι
723 655 1061 728 ’Δποκριθεὶς
1087 658 1114 709 ὁ
1140 656 1343 727 Πέτρος
1393 656 1576 724 λέγει’
1626 658 1696 711 Συ
1743 654 1794 711 εί
1833 684 1836 702 ‹

1963 671 2294 718 memorans,
2309 664 2592 725 propterea
2609 656 2752 724 quod
2771 671 2836 710 ne
2857 653 3050 711 Petrus
3070 655 3308 725 quidem,
3323 659 3539 712 utveri-

285 747 542 820 Χριστός.
584 747 696 801 Καὶ
724 747 1052 816 ἐπετίμησεν
1077 745 1279 810 αὐτοῖς,
1306 747 1394 800 ἴνα
1435 747 1621 818 μηδενὶ
1661 748 1836 816 λέγωσ

1961 747 2135 802 simile
2151 754 2234 802 est
2256 747 2382 799 talia
2405 747 2457 800 in
2484 746 2600 800 suis
2623 747 3024 801 narrationibus
3045 748 3368 811 enuntiavit,
3385 748 3534 812 audi,

284 839 412 908 περὶ
439 837 633 892 αὑτοῦ.
674 856 692 889 t
735 837 920 891 Ταῦτα
953 837 1048 907 μὲν
1081 832 1173 890 οὖν
1201 837 1230 888 ὁ
1264 837 1467 908 Πέτρος
1497 839 1720 902 είκότως
1759 857 1862 892 πα-

285 929 667 998 ρασιωπᾶσθαι
691 929 842 997 ἠξίου
861 940 876 958 ⁸
917 928 997 981 διὸ
1027 928 1120 982 καὶ
1142 929 1364 1000 Μάρκος
1385 928 1523 982 αὐτά
1553 932 1817 1002 παρέλιπε
1841 948 1854 962 °

280 1016 350 1069 τὰ
380 1016 438 1069 δὲ
483 1017 628 1069 κατὰ
657 1017 753 1086 τὴν
780 1016 1010 1088 ἄρνησιν
1051 1016 1215 1070 αὐτοῦ
1250 1019 1329 1081 είς
1357 1020 1566 1083 πάντας
1595 1019 1858 1091 ἐκήρυξεν

282 1105 626 1178 ἀνθρώπους.
684 1109 835 1162 Ἐπεὶ
872 1109 963 1161 καὶ
1009 1107 1269 1162 ἔκλαυσεν
1315 1111 1400 1163 ἐπ’
1444 1111 1580 1183 αὐτῇ
1625 1112 1852 1184 πικρῶς.

285 1197 483 1270 Εὖροις
531 1197 579 1250 δ’
622 1191 712 1250 οὖν
754 1198 846 1252 τὸν
899 1198 1124 1268 Μάρκον
1173 1199 1485 1280 ἱστοροῦντα
1528 1203 1654 1274 περὶ
1692 1202 1856 1256 αὑτοῦ

281 1285 406 1340 τάδε
429 1302 446 1319 ο
500 1306 519 1338 ι
561 1288 670 1341 Καὶ
700 1288 849 1351 ὄντος
892 1287 986 1341 τοῦ
1013 1288 1220 1360 Πέτρου
1259 1292 1317 1344 ὲν
1343 1296 1409 1364 τῇ
1450 1293 1608 1365 αὐλῇ,
1641 1293 1856 1366 ἔρχεται

284 1379 418 1449 πρὸς
447 1380 612 1432 αὑτὸν
663 1380 760 1450 μία
790 1380 898 1432 τῶν
932 1379 1227 1434 παιδίσκων
1265 1384 1359 1435 τοῦ
1404 1385 1722 1455 ἀρχιερέως,
1764 1387 1858 1440 καὶ

288 1471 466 1524 ἰδοῦσα
499 1471 666 1525 αὐτὸν
688 1471 1129 1543 θερμαινόμενον,
1157 1474 1470 1546 ἐμϐλέψασα
1499 1477 1646 1548 αύτῷ
1673 1478 1853 1547 λέγει’

285 1559 392 1611 Καὶ
423 1561 487 1613 σὺ
521 1560 663 1630 μετά
707 1561 878 1631 Ἰησοῦ
907 1563 998 1616 τοῦ
1027 1564 1346 1636 Ναζωραίου
1369 1563 1458 1638 ἦς.
1503 1569 1559 1622 '0
1595 1570 1651 1622 δὲ
1688 1573 1855 1642 ἠρνή-

288 1665 413 1703 σατο
435 1649 612 1720 λέγων
634 1669 650 1683 ο
681 1652 816 1706 Οὔτε
839 1653 1134 1725 ἐπίσταμαι
1166 1657 1218 1708 τί
1257 1659 1320 1712 σὺ
1345 1658 1550 1727 λέγεις’
1583 1663 1675 1715 καὶ
1700 1663 1855 1734 ἐξῆλ-

285 1745 373 1800 θεν
415 1749 496 1811 είς
541 1749 603 1802 τὺ
646 1749 750 1814 ἔξω
795 1751 1104 1821 προαύλιον,
1154 1753 1247 1806 καὶ
1296 1754 1540 1828 ἀλέκτωρ
1582 1757 1846 1829 ὲφώνησε.

282 1837 446 1892 Πάλιν
483 1841 542 1893 δὲ
590 1839 768 1893 ἰδοῦσα
805 1844 965 1898 αὑτὸν
1006 1847 1038 1916 ή
1089 1846 1367 1916 παιδίσκη,
1422 1847 1621 1920 ἤρξατο
1670 1849 1847 1919 λέγειν

278 2025 572 2094 ἠρνήσατο.
616 2027 726 2080 Καὶ
761 2026 898 2098 μετά
933 2029 1124 2100 μικρὸν
1156 2029 1315 2083 πάλιν
1350 2033 1699 2102 παρεστῶτες
1734 2035 1849 2089 ἕλε-

280 2130 374 2181 γον
401 2114 480 2185 τῷ
509 2115 704 2188 Πέτρῳ
725 2135 738 2148 ·
783 2119 1022 2188 Ἀληθῶς
1045 2120 1102 2186 ἐξ
1129 2121 1306 2175 αὐτῶν
1333 2119 1402 2186 εἴ,
1431 2124 1524 2177 καὶ
1553 2124 1658 2196 γὰρ
1693 2126 1730 2177 Γ
1733 2126 1850 2180 αλι-

226 2263 237 2271 _
275 2203 420 2270 λαῖος
452 2202 524 2264 εἶ.
577 2209 634 2261 '0
673 2210 730 2262 δὲ
777 2210 978 2282 ῆρξατο
1018 2213 1434 2284 ἀναθεματίζειν
1469 2218 1562 2270 καὶ
1605 2219 1845 2287 ὀμνύειν,

209 2287 212 2290 ’
270 2297 351 2350 ὅτι
382 2299 499 2352 Οὐκ
531 2294 648 2354 οῖδα
692 2302 793 2370 τὸν,
826 2301 1110 2372 ἄνθρωπον
1152 2305 1359 2370 τοῦτον,
1402 2307 1460 2362 ὃν
1503 2307 1718 2377 λέγετε·
1754 2312 1848 2364 καὶ

268 2389 472 2453 εὐθέως
501 2393 568 2443 ὲκ
595 2391 844 2464 δευτέρου
878 2395 1121 2470 ἀλέκτωρ
1155 2397 1418 2469 έιρὼνησε.
1454 2418 1471 2450 ι
1497 2401 1718 2472 Μάρκος
1749 2404 1846 2472 μὲν

268 2479 443 2535 ταῦτα
480 2483 684 2554 γράφει
709 2500 723 2514 ·
760 2485 963 2557 Πέτρος
1002 2487 1058 2541 δὲ
1092 2488 1267 2543 ταῦτα
1313 2492 1438 2562 περὶ
1483 2493 1677 2546 ἑαυτοῦ
1709 2511 1846 2565 μαρ-

266 2575 458 2644 τυρεῐο
492 2575 669 2628 πάντα
698 2577 806 2650 γὰρ
836 2580 903 2632 τὰ
928 2581 1078 2652 παρά
1107 2583 1318 2653 Μάρκῳ
1344 2582 1451 2636 τῶν
1487 2584 1694 2656 Πέτρου
1732 2586 1846 2638 δια-

265 2661 469 2729 λέξεων
507 2661 649 2720 εἶναι
689 2668 900 2738 λέγεται
950 2672 1502 2746 ἀπομνημονεύματα.
1553 2677 1615 2730 Οί
1657 2677 1720 2748 δὴ
1752 2673 1844 2731 οὖν

264 2755 334 2810 τὰ
369 2757 469 2825 μὲν
496 2755 724 2822 δόξαντα
758 2761 939 2824 αὐτοῖς
970 2763 1179 2834 ἀγαθὴν
1210 2764 1396 2836 φέρειν
1428 2767 1612 2838 φήμην
1643 2784 1844 2838 παραι-

261 2847 541 2916 τούμενοι,
586 2849 683 2911 τὰς
714 2849 771 2903 δὲ
798 2850 920 2904 καθ’
965 2853 1169 2906 ἑαυτῶν
1195 2854 1447 2918 διαϐολὰς
1489 2859 1569 2919 είς
1608 2857 1842 2930 ἄληστον

264 2936 438 2988 αίῶνα
467 2937 931 3008 καταγράφοντες,
962 2943 1055 2995 καὶ
1088 2942 1194 2995 τῶν
1230 2943 1726 3016 πλημμεληθέντων
1755 2949 1844 3002 αύ-

262 3027 378 3089 τοῖς
420 3028 525 3090 τὰς
558 3029 911 3100 κατηγορίας,
947 3030 1014 3094 ἀς
1049 3033 1148 3086 οὐκ
1177 3033 1242 3086 ἀν
1273 3051 1356 3098 τις
1389 3035 1528 3103 ἔγνω
1558 3035 1666 3090 τῶν
1703 3039 1841 3108 μετά

258 3119 452 3184 ταῦτα,
482 3122 531 3173 εί
565 3122 637 3191 μὴ
677 3122 765 3175 διὰ
792 3123 892 3192 τῆς
915 3123 1089 3179 αὐτῶν
1122 3125 1322 3196 ἔμαθεν
1361 3128 1544 3198 φωνῆς
1567 3129 1842 3204 καθ’έαυ-

259 3212 368 3264 τῶν
391 3214 821 3284 στηλιτεύοντες,
851 3216 968 3280 πῶς
987 3217 1047 3270 ού
1069 3217 1350 3286 φιλαυτίας
1379 3221 1476 3290 μὲν
1500 3222 1718 3292 ἀπάσης
1744 3226 1838 3278 καὶ

258 3303 616 3373 ψευδολογίας
642 3305 797 3369 ἐκτὸς
824 3308 1101 3375 γεγονέναι
1135 3309 1357 3373 ἐνδίκως
1379 3311 1444 3365 ἂν
1474 3311 1835 3381 όμολογοῖντο,

259 3392 593 3464 φιλαλήθους
617 3395 674 3447 δὲ
698 3395 986 3459 διαθέσεως
1019 3399 1164 3468 σαφῆ
1204 3400 1297 3451 καὶ
1335 3402 1538 3472 ἐναργῆ
1565 3405 1836 3474 τεκμήρια

257 3482 708 3552 παρεσχηκέναι;
735 3485 796 3536 Οἱ
818 3483 873 3535 δέ
902 3501 964 3552 γε
990 3485 1116 3548 τοὺς
1145 3487 1384 3540 τοιούσδε
1413 3489 1720 3543 πεπλάσθαι
1743 3494 1837 3545 καὶ

258 3570 703 3638 καταψεύσασθαι
726 3572 1058 3643 νομίζοντες,
1095 3577 1186 3629 καὶ
1215 3572 1304 3630 οἷα
1342 3577 1562 3642 πλάνοις
1600 3579 1836 3652 βλασφη-

261 3664 379 3728 μεῖν
402 3660 758 3732 πειρώμενοι,
790 3664 906 3727 πῶς
929 3666 1029 3718 οὐκ
1057 3665 1123 3718 ἂν
1147 3668 1385 3735 γένοιντο
1409 3671 1797 3739 καταγέλαστοι
1818 3688 1832 3736 ;

258 3753 399 3820 φίλοι
446 3755 548 3824 μὲν
593 3754 787 3823 φθόνου
833 3758 926 3811 καὶ
976 3758 1296 3826 βασκανίας,
1338 3761 1521 3832 ἐχθροὶ
1564 3762 1622 3815 δὲ
1667 3764 1834 3834 αὐτῆς

255 3843 516 3914 ἀληθείας
549 3845 917 3917 ἁλισκόμενοι,
950 3848 1003 3900 οῖ
1024 3865 1086 3917 γε
1114 3850 1240 3913 τοὺς
1263 3849 1434 3914 οὕτως
1455 3851 1833 3923 ἀπανούργους

254 3936 347 3990 καὶ
378 3935 658 3990 ἄπλαστον
690 3938 766 4001 ὡς
795 3938 1010 4008 ἀληθῶς
1043 3941 1136 3994 καὶ
1165 3941 1422 4013 ἀκέραιον
1445 3937 1578 4013 ἦθος
1605 3943 1692 3996 διὰ
1725 3943 1832 3996 τῶν

253 4027 468 4081 οίκείων
497 4028 670 4098 λόγων
699 4029 1184 4101 ἐπιδεδειγμένους,
1207 4031 1544 4103 πανούργους
1558 4033 1710 4097 τινὰς
1738 4034 1831 4088 καὶ⁹

255 4117 457 4184 δεινοὺς
484 4121 828 4176 ὑποτίθενται
859 4122 1137 4191 σοφιστὰς,
1162 4123 1237 4188 ὠς
1259 4125 1329 4177 τὰ
1362 4126 1436 4196 μὴ
1466 4125 1596 4179 ὄντα
1627 4125 1830 4179 πλασα-

259 4212 472 4282 μένους,
499 4213 595 4265 καὶ
621 4211 699 4283 τῷ
747 4213 930 4284 οἰκείῳ
953 4214 1258 4285 διδασκάλῳ
1280 4214 1350 4268 τὰ
1386 4215 1460 4288 μὴ
1495 4217 1630 4288 πρὸς
1661 4217 1826 4272 αὑτοῦ

257 4300 568 4370 πραχθέντα
595 4302 1002 4373 κεχαρισμένως
1037 4303 1351 4368 ἀναθέντας.
1397 4306 1484 4370 Ὠς
1521 4303 1580 4360 εὖ
1621 4325 1710 4378 μοι
1743 4309 1829 4362 δο-

257 4393 338 4443 κεῖ
373 4391 625 4463 εἰρῆσθαι
651 4410 665 4422 ·
708 4394 892 4446 Πάντα
922 4394 1026 4466 χρὴ
1075 4397 1349 4449 πιστεύειν
1375 4400 1486 4460 τοῖς
1515 4398 1609 4450 τοῦ
1651 4399 1824 4470 Ἰησοῦ

259 4476 542 4549 μαθηταῖς,
572 4478 605 4549 ἦ
653 4480 758 4550 μὴ’
793 4482 885 4533 καὶ
916 4483 963 4533 εἰ
1008 4481 1190 4551 μόνοις
1217 4485 1428 4548 τούτοις
1487 4491 1598 4550 τοῖς
1630 4488 1826 4558 ἀνδρά-

257 4581 337 4618 σιν
361 4568 708 4639 ἀπιστητέον,
734 4570 827 4623 καὶ
851 4573 962 4633 τοῖς
994 4573 1178 4635 πᾶσιν,
1203 4574 1398 4638 οἵτινές
1420 4576 1538 4629 ποτ’
1563 4576 1672 4648 ἀρα
1695 4578 1823 4650 παρ’

255 4656 530 4729 Ἕλλησιν,
572 4661 606 4731 ἢ
645 4663 794 4734 παρὰ
831 4663 1125 4737 βαρϐάροις
1171 4667 1316 4737 βίους
1357 4671 1450 4722 καὶ
1497 4669 1685 4738 λόγους
1733 4674 1826 4724 καὶ

253 4747 788 4822 ἀπομνημονεύματα
818 4754 926 4808 τῶν
951 4757 1090 4810 κατά
1122 4758 1343 4829 χρόνους
1375 4759 1468 4812 ἐπί
1511 4776 1652 4813 τισιν
1687 4761 1824 4830 ἀγα-

251 4839 363 4906 θοῖς
393 4841 780 4914 κατορθώμασι
823 4845 1122 4917 βοηθέντων
1161 4850 1592 4920 συνεγράψαντο·
1627 4852 1660 4923 ἦ
1711 4856 1822 4918 τοῖς

255 4935 351 5002 μὲν
375 4935 555 4999 ἀλλοις
586 4936 862 4990 πιστεύειν
885 4938 1122 5008 εῠλογον,
1161 4941 1342 5012 μόνοις
1366 4941 1422 4994 δὲ
1462 4942 1672 5006 τούτοις
1703 4946 1824 4998 ἀπι-

253 5030 410 5082 στείν.
439 5029 551 5082 Καὶ
579 5029 694 5093 πῶς
725 5030 823 5082 οὐκ
855 5031 1099 5103 ἐμφανὴς
1123 5034 1152 5086 ό
1185 5033 1412 5102 φθόνος;
1441 5035 1580 5088 Τίδέ
1604 5051 1618 5102 ;
1643 5037 1692 5089 οἱ
1717 5054 1817 5090 κα-

251 5115 631 5188 ταψευδόμνοι
657 5118 753 5172 τοῦ
775 5120 1122 5185 Διδασκάλου,
1152 5123 1246 5176 καὶ
1269 5123 1336 5176 τά
1365 5122 1439 5194 μὴ
1467 5125 1726 5192 γεγονότα
1748 5127 1816 5196 τῇ

254 5207 426 5262 αὐτῶν
453 5210 838 5281 παραδιδόντες
874 5215 1081 5283 γραφῇ,
1125 5209 1233 5285 ἆρα
1258 5216 1352 5268 καὶ
1380 5214 1449 5268 τὰ
1479 5213 1626 5286 πάθη
1684 5233 1816 5268 κατ-

256 5298 542 5368 εψεύσαντο
602 5301 802 5368 αὐτοῦς
837 5303 934 5374 τὴν
976 5305 1093 5368 ἐνὸς
1125 5305 1264 5373 λέγω
1314 5305 1569 5377 μαθητῶν
1629 5307 1817 5376 προδο-

244 5387 386 5454 ίσίαν,
436 5393 529 5446 καὶ
561 5393 661 5466 τὴν
701 5394 811 5448 τῶν
848 5396 1192 5464 συκοφαντῶν
1225 5399 1572 5468 κατηγορίαν,
1617 5398 1813 5468 χλεύας

258 5494 310 5533 τι
336 5484 422 5536 καὶ
447 5484 785 5556 διασυρμοὺς
815 5485 1104 5550 δικαστῶν,
1133 5487 1230 5551 τάς
1256 5504 1314 5540 τε
1350 5487 1533 5559 ὕϐρεις
1578 5487 1669 5540 καὶ
1714 5487 1811 5552 τὰς

259 5570 450 5644 πληγὰς
471 5575 571 5640 τὰς
602 5575 746 5632 κατὰ
783 5577 1094 5647 προσώπου,
1141 5578 1408 5650 μάστιγάς
1440 5596 1498 5633 τε
1539 5579 1680 5632 κατὰ
1711 5576 1812 5632 νώ-

1957 837 2089 908 quid
2119 837 2288 901 dicat,
2317 845 2439 907 post
2475 836 2605 892 Jesu
2652 838 3168 907 interrogationem:
3217 859 3234 889 ι
3284 837 3537 909 Respon-

1958 927 2115 989 dens,
2159 926 2355 997 inquit,
2381 923 2574 980 Petrus
2602 924 2733 980 dicit
2759 943 2772 979 :
2799 923 2879 978 Tu
2908 941 2968 980 es
2995 925 3270 988 Christus,
3302 933 3357 980 et
3384 941 3538 980 com-

1960 1018 2206 1072 minatus
2257 1027 2340 1072 est
2369 1018 2472 1081 eis,
2511 1025 2571 1072 ut
2605 1017 2809 1071 nemini
2853 1016 3096 1071 dicerent
3146 1017 3213 1072 de
3265 1017 3468 1088 ipso".
3510 1036 3530 1070 ι

1960 1107 2084 1164 Hmc
2115 1124 2247 1164 sane
2286 1107 2482 1164 Petrus
2516 1109 2710 1164 merito
2739 1108 2967 1163 tacenda
3012 1109 3279 1178 judicavit
3316 1129 3327 1163 :
3363 1125 3536 1180 quare

1959 1199 2122 1254 etiam
2164 1198 2379 1255 Marcus
2403 1216 2466 1256 ea
2501 1202 2785 1270 prazteriit.
2820 1199 2952 1266 Quae
2983 1209 3161 1270 autem
3192 1201 3260 1254 ad
3289 1201 3537 1271 negatio-

1956 1305 2078 1345 nem
2093 1306 2243 1344 suam
2259 1293 2622 1360 pertinebant,
2647 1294 2698 1347 in
2718 1308 2908 1348 omnes
2940 1293 3186 1347 homines
3220 1294 3444 1363 prorulit
3467 1310 3531 1349 ac

1958 1381 2250 1450 publicavit
2271 1402 2287 1438 :
2312 1384 2568 1453 quoniam
2592 1391 2711 1454 post
2734 1385 2878 1437 illam
2904 1383 3045 1438 ﬁevit
3062 1399 3262 1439 amare.
3283 1383 3532 1440 Invenies

1954 1474 2136 1543 itaque
2160 1472 2226 1528 de
2247 1490 2310 1530 eo
2333 1483 2644 1530 narrantem
2667 1474 2907 1528 Marcum
2941 1493 2952 1527 :
2983 1493 3001 1523 ‹
3032 1473 3236 1528 Etcum
3263 1482 3409 1529 esset
3430 1472 3532 1528 Pe-

1955 1571 2073 1620 trus
2110 1564 2164 1618 in
2195 1565 2354 1628 atrio,
2386 1566 2532 1619 venit
2562 1567 2626 1619 ad
2653 1580 2776 1619 eum
2810 1580 2918 1618 una
2969 1579 3032 1619 ex
3065 1565 3280 1620 ancillis
3328 1567 3529 1620 summi

1956 1656 2277 1717 sacerdotis.
2326 1664 2379 1710 et
2413 1672 2536 1710 cum
2584 1655 2811 1711 vidisset
2855 1654 3076 1710 Petrum
3113 1655 3526 1710 calefacientem

1950 1763 2030 1811 se,
2063 1748 2336 1816 aspiciens
2377 1749 2550 1814 illum,
2581 1749 2656 1802 ait
2691 1768 2704 1803 :
2737 1747 2802 1802 Et
2834 1757 2890 1800 tu
2921 1763 3045 1800 cum
3079 1745 3208 1802 Jesu
3243 1747 3528 1802 Nazareno

1880 1831 1920 1889 Β
1949 1853 2093 1903 eras,
2130 1846 2184 1892 at
2238 1840 2328 1894 ille
2374 1841 2588 1912 negavit
2647 1841 2874 1894 dicens:
2910 1839 3094 1909 Neque
3141 1839 3290 1904 novi,
3349 1854 3528 1910 neque

279 1932 388 1993 τοῖς
414 1931 764 2003 παρεστῶσιν
791 1950 806 1964 ο
841 1930 1006 1999 Οὗτος
1025 1936 1083 2002 ἐξ
1108 1937 1286 1992 αὐτῶν
1311 1939 1476 1993 ἐστιν.
1523 1941 1581 1994 '0
1605 1941 1660 1994 δὲ
1691 1943 1836 1997 nam

1951 1929 2068 1983 scio
2095 1929 2226 1999 quid
2248 1929 2422 1994 dicas,
2452 1940 2504 1986 et
2530 1933 2697 1987 exivit
2731 1931 2877 1986 foras
2909 1940 3034 1985 ante
3067 1934 3286 1997 atrium,
3322 1938 3378 1986 et
3410 1931 3526 2000 gal-

1868 3167 1909 3225 C

1857 4511 1900 4567 D

1949 2019 2037 2075 lus
2069 2022 2326 2076 cantavit.
2361 2020 2574 2078 Rursus
2613 2029 2794 2075 autem
2823 2035 2946 2073 cum
2977 2019 3202 2074 vidisset
3243 2019 3393 2072 illum
3425 2033 3526 2072 anu

1947 2110 2092 2176 cilla,
2118 2113 2280 2182 carpit
2305 2112 2487 2167 dicere
2513 2111 3001 2167 circumstantibus
3029 2131 3040 2166 :
3076 2110 3174 2164 llic
3199 2126 3263 2165 ex
3286 2111 3392 2165 illis
3414 2118 3521 2174 est,

1949 2207 2004 2252 at
2057 2198 2148 2254 ille
2201 2201 2399 2254 iterum
2446 2201 2709 2270 negavit:
2744 2199 2807 2252 Et
2855 2206 2978 2270 post
3013 2199 3292 2268 pusillum,
3327 2214 3524 2254 rursus

1947 2289 2040 2360 qui
2069 2290 2318 2345 astabant
2353 2291 2606 2345 dicebant
2623 2290 2784 2346 Petro
2823 2309 2834 2344 :
2873 2289 3010 2344 Vere
3040 2305 3105 2344 ex
3139 2289 3246 2342 illis
3277 2304 3358 2353 es,
3395 2304 3520 2342 nam

1946 2391 2003 2436 et
2030 2379 2284 2436 Galilazus
2325 2398 2386 2437 es
2422 2401 2434 2435 ε
2465 2383 2555 2437 ille
2605 2394 2784 2438 autem
2826 2383 2993 2452 cmpit
3035 2381 3517 2442 anathematizare,

1945 2481 2001 2527 et
2047 2472 2256 2542 jurare,
2287 2473 2433 2542 quod
2479 2473 2664 2528 nescio
2702 2472 2975 2527 hominem
3017 2471 3206 2533 istum,
3247 2487 3408 2540 quem
3435 2470 3525 2524 di-

1947 2565 2074 2620 citis
2116 2581 2132 2620 :
2166 2572 2218 2620 et
2263 2566 2446 2620 statim
2475 2567 2652 2636 gallus
2685 2566 2883 2620 iterum
2916 2566 3159 2620 cantavit
3190 2566 3256 2618 ⁷⁸.
3305 2583 3324 2615 ι
3361 2563 3522 2633 122

1945 2654 2161 2711 Marcus
2192 2657 2408 2726 quidem
2442 2657 2556 2711 haec
2578 2656 2786 2720 scribit,
2811 2670 2875 2710 ac
2894 2654 3090 2711 Petrus
3109 2655 3224 2710 haec
3245 2656 3313 2710 de
3337 2656 3522 2726 seipso

1945 2745 2272 2800 testiﬁcatur
2301 2765 2315 2801 :
2347 2747 2530 2800 omnia
2559 2748 2702 2802 enim
2728 2761 2850 2817 qua:
2875 2747 3017 2816 apud
3052 2746 3296 2801 Marcum
3328 2745 3519 2816 leguno

1944 2845 2054 2899 tur,
2099 2836 2472 2890 narrationum
2498 2851 2919 2905 sermonumque
2941 2834 3088 2890 Petri
3116 2834 3375 2890 dicuntur
3395 2849 3521 2890 esse

1943 2929 2354 2984 commentaria.
2387 2929 2490 2993 Qui
2528 2929 2694 2999 igitur
2721 2944 2784 2983 ea
2824 2944 2943 2998 qua:
2983 2937 3232 2999 poterant
3257 2926 3391 2998 ipsis
3430 2926 3518 2980 af-

1944 3019 2086 3076 ferre
2121 3021 2320 3075 bonam
2368 3020 2586 3084 famam,
2632 3028 2908 3085 recusant,
2943 3021 3355 3074 criminationes
3389 3033 3516 3074 vero

1943 3120 2134 3167 contra
2165 3114 2397 3182 seipsos,
2417 3113 2760 3183 sempiterna:
2784 3117 3060 3167 memoria:
3085 3114 3138 3166 in
3162 3113 3381 3182 scriptis
3400 3112 3516 3167 suis

1943 3201 2350 3265 commendant,
2381 3210 2435 3255 et
2462 3217 2650 3255 eorum
2689 3219 2810 3272 qua:
2839 3203 2908 3258 ab
2957 3202 3095 3274 ipsis
3123 3213 3345 3272 peccata
3385 3210 3516 3256 sunt

1939 3297 2340 3359 accusationes,
2371 3310 2508 3363 quas
2539 3296 2902 3365 posteriorum
2935 3296 3119 3350 nullus
3149 3311 3388 3364 unquam
3419 3309 3504 3349 co-

1937 3387 2234 3456 gnovisset,
2267 3387 2373 3440 nisi
2413 3387 2654 3456 ipsorum
2695 3388 2916 3457 scriptis
2950 3386 3252 3453 didicisset,
3298 3386 3513 3455 publice

1937 3479 2007 3533 ab
2036 3479 2292 3534 omnibus
2325 3478 2575 3546 legendas
2619 3488 2950 3548 proponunt,
2981 3494 3080 3532 cur
3110 3494 3218 3532 non
3261 3479 3329 3533 ab
3359 3477 3510 3532 omni

1935 3573 2003 3628 de
2054 3573 2250 3643 seipsis
2311 3573 2601 3643 Opinione,
2651 3573 2910 3641 omnique
2970 3571 3256 3625 mendacio
3312 3572 3508 3624 merito

1934 3665 2229 3720 abhorrere
2275 3664 2605 3719 credantur?
2640 3665 2916 3734 studiique
2941 3678 3070 3732 erga
3103 3663 3384 3716 veritatem
3417 3677 3508 3717 ar-

1932 3763 2190 3828 gumenta
2237 3756 2543 3811 certissima
2580 3755 2856 3825 praebere?
2885 3754 2988 3819 Qui
3029 3768 3157 3807 vero
3192 3753 3327 3806 tales
3358 3750 3506 3807 viros

1933 3847 2245 3901 ﬁctionibus
2284 3861 2434 3908 usos,
2468 3860 2532 3900 ac
2580 3846 2838 3900 mentitos
2887 3851 3101 3914 putant,
3147 3851 3202 3898 et
3241 3850 3504 3912 tanquam

1932 3939 2256 4009 impostores
2299 3937 2518 3991 infamia
2547 3937 2870 4007 probrisque
2888 3944 3076 3989 notare
3098 3943 3389 4000 conantur,
3407 3949 3506 3988 cur

1929 4045 2040 4085 non
2071 4030 2173 4100 ipsi
2207 4029 2390 4098 potius
2421 4035 2477 4083 et
2501 4027 2718 4082 ridiculi
2759 4037 2909 4090 sunt,
2945 4034 2999 4081 ct
3025 4026 3153 4080 odio
3192 4025 3504 4095 invidiaque

1927 4122 2099 4192 digni,
2152 4130 2411 4190 tanquam
2461 4121 2642 4175 omnis
2685 4120 2930 4175 veritatis
2957 4118 3161 4172 inimici
3196 4118 3504 4173 habentur?

1927 4215 2019 4284 qui
2046 4212 2262 4283 quidem
2286 4214 2434 4268 viros
2465 4223 2573 4268 tam
2604 4212 2673 4266 ab
2692 4211 2841 4266 omni
2865 4210 3071 4264 malitia
3097 4211 3329 4272 alienos,
3359 4217 3501 4262 tam-

1925 4315 2033 4370 que
2068 4301 2184 4355 sine
2236 4299 2383 4375 cho,
2415 4315 2650 4370 vereque
2699 4300 2976 4354 sincerum
3022 4299 3264 4352 animum
3297 4300 3349 4352 in
3384 4299 3502 4354 suis

1927 4391 2149 4460 scriptis
2175 4405 2286 4460 prae
2311 4405 2371 4445 se
2403 4388 2663 4453 ferentes,
2693 4389 2997 4444 malitiosos
3021 4389 3284 4458 quosdam
3306 4395 3360 4442 et
3387 4389 3502 4442 cal-

1928 4481 2068 4536 lidos
2125 4481 2329 4536 audent
2373 4479 2574 4550 ﬁngere
2617 4480 2913 4550 sophistas,
2945 4487 3204 4547 tanquam
3261 4492 3358 4532 eos
3385 4478 3497 4546 .qui

1926 4572 2187 4642 quidquid
2212 4571 2529 4641 scripserint
2557 4570 2848 4624 commenti
2883 4569 3014 4630 sint,
3046 4577 3101 4622 et
3136 4584 3239 4623 suo
3292 4583 3499 4638 praece-

1925 4666 2095 4732 ptori,
2125 4679 2245 4732 quae
2277 4664 2367 4718 ille
2397 4675 2676 4731 nunquam
2704 4661 2912 4721 fecerit,
2941 4660 3008 4713 ad
3034 4660 3262 4729 gratiam
3294 4658 3498 4712 tribue-

1924 4754 2071 4807 rint?
2109 4752 2250 4808 Sane
2301 4751 2581 4806 commode
2629 4751 2762 4803 mihi
2811 4750 3016 4802 dictum
3062 4747 3279 4802 videtur
3334 4767 3346 4801 :
3396 4753 3494 4802 aut

1924 4858 2148 4915 prorsus
2199 4844 2422 4899 credere
2441 4849 2655 4912 oportet
2679 4839 2806 4898 Jesu
2839 4840 3144 4910 discipulis,
3177 4839 3224 4894 si
3269 4838 3504 4908 reliquis.

1922 4950 2140 5005 quoque
2191 4934 2549 5004 scriptoribus
2584 4953 2597 4988 :
2631 4940 2725 4987 aut
2768 4933 2814 4988 si
2867 4948 2972 4986 non
3005 4931 3112 4996 bis,
3155 4947 3225 4986 ne
3266 4931 3494 5000 reliquis

1921 5028 2158 5097 quidem.
2193 5027 2305 5082 Cur
2335 5026 2506 5089 enim,
2538 5027 2582 5080 si
2607 5027 2738 5081 solis
2769 5026 2854 5080 bis
2885 5025 3020 5079 viris
3058 5022 3390 5081 detrahenda
3420 5023 3492 5077 sit

1921 5121 2074 5186 lides,
2102 5136 2209 5175 non
2233 5121 2395 5175 etiam
2435 5119 2662 5190 reliquis
2696 5119 2993 5183 omnibus,
3027 5118 3344 5188 quicunque
3380 5131 3486 5170 un-

1921 5226 2083 5282 quam
2125 5221 2220 5267 aut
2249 5212 2390 5283 apud
2413 5212 2654 5274 Griecos,
2687 5219 2781 5265 aut
2829 5210 2971 5280 apud
3003 5210 3285 5272 barbaros,
3322 5209 3482 5272 vitas,

1918 5309 2013 5356 aut
2042 5304 2335 5366 orationes,
2363 5310 2457 5356 aut
2479 5301 2869 5357 commentaria
2899 5299 3366 5368 conscripserunt,
3391 5312 3486 5351 co-

1917 5409 2034 5447 rum
2058 5395 2149 5463 qui
2183 5395 2350 5450 variis
2379 5393 2712 5463 temporibus
2747 5391 2802 5444 in
2838 5391 3020 5460 aliquo
3040 5404 3239 5462 genere
3266 5389 3485 5442 virtutis

1915 5493 2078 5556 atque
2105 5485 2284 5550 oﬁieii,
2312 5483 2696 5555 praestiterint?
2727 5489 2820 5536 aut
2845 5482 2892 5537 si
2930 5481 3069 5536 dicis
3107 5482 3230 5536 aliis
3263 5479 3483 5550 quidem

1915 5577 2135 5634 credere
2182 5593 2398 5649 aequum
2446 5592 2607 5644 esse,
2643 5582 2698 5631 at
2751 5574 2838 5632 his
2891 5573 3020 5630 solis
3058 5588 3165 5627 non
3210 5570 3478 5628 credere:

313 5748 353 5783 "
374 5751 560 5812 liauh.
597 5773 715 5819 χνι,
752 5755 942 5817 15-19,
1020 5758 1063 5791 ⁷⁸
1093 5750 1227 5810 ibid.
1254 5751 1345 5808 20.
1423 5750 1465 5784 7“
1485 5748 1650 5810 Marc.
1679 5767 1787 5822 m',
1815 5753 2000 5811 66-72.
