3880 6256
474 301 581 355 2i9

1118 301 1386 358 EUSEBII
1419 305 1899 363 CxESARIENSlS
1932 307 2022 363 ΟΡῙ

2124 310 2300 370 rans
2338 314 2404 370 ιι.
2446 342 2517 354 --
2553 292 3062 370 APOLOGETICA.

3588 323 3678 379 9.20

475 428 576 468 cur
600 427 708 468 non
730 412 834 469 hoc
860 414 1018 484 plane
1040 416 1103 469 ad
1124 416 1379 471 invidiam
1398 418 1688 475 referatur?
1703 419 1858 486 Quod
1880 422 1926 475 si
1949 422 2022 476 de-

2144 444 2257 494 του,
2280 428 2374 481 καὶ
2397 427 2487 481 τὸν
2513 426 2573 491 ἐξ
2596 426 2843 483 ἀκανθῶν
2875 427 3133 498 στέφανον
3165 430 3250 481 ἐπ’
3278 431 3466 504 ἀτιμίᾳ
3492 450 3681 506 περιτι-

473 521 600 561 mus
623 505 745 561 illos
774 505 840 560 de
860 504 1193 576 Prwceptore
1223 507 1391 564 fuisse
1424 511 1704 574 mentitos,
1727 518 1782 566 et
1801 527 1920 580 quae
1949 512 2040 568 ille

476 612 753 668 nunquam
782 597 969 652 fecerit
992 599 1209 669 scriptis
1231 600 1344 656 suis
1366 603 1698 672 complexos.
1723 619 1853 657 num
1875 604 2039 659 etiam

473 687 543 744 de
576 689 645 744 iis
672 691 947 754 mentitos,
987 707 1106 760 quae
1136 692 1277 747 idem
1308 707 1502 765 passus
1531 703 1634 757 est,
1668 694 1799 749 dare
1844 710 2039 765 possu-

472 779 637 835 mus?
657 779 781 834 dico
810 789 989 836 autem
1021 783 1088 838 de
1121 785 1282 840 unius
1308 800 1375 840 ex
1398 786 1680 856 discipulis
1706 787 2035 856 proditione,

470 868 539 923 de
579 870 872 926 calumniis
897 874 1328 941 criminantium,
1362 876 1431 932 de
1462 877 1715 933 ludibriis
1744 885 1798 933 et
1828 879 2038 934 irrisio-

470 960 635 1016 nibus
656 961 924 1031 judicum,
962 965 1030 1020 de
1062 970 1426 1035 contumeliis,
1460 971 1527 1025 de
1558 971 1759 1027 ictibus
1792 972 1848 1025 in
1876 972 2033 1037 facie,

468 1050 803 1124 ﬂagellisque
833 1056 887 1109 in
920 1067 1069 1128 tergo
1102 1079 1114 1113 :
1149 1060 1217 1115 de
1250 1076 1452 1117 corona
1484 1064 1827 1132 spinea,qu2e
1856 1064 1932 1118 illi
1968 1064 2037 1120 ad

470 1140 822 1211 ignominiam
852 1145 1105 1215 imposita
1137 1157 1222 1204 est
1247 1168 1261 1204 :
1290 1151 1357 1206 de
1379 1167 1654 1221 purpureo
1686 1153 2032 1219 vestimento,

469 1234 615 1301 quod
646 1233 822 1289 instar
847 1237 1147 1311 chlamydis
1170 1241 1246 1295 illi
1276 1243 1669 1298 circumdatum
1697 1253 1781 1301 est
1813 1264 1825 1299 :
1853 1247 1921 1302 de.
1942 1246 2035 1300 illo

466 1325 588 1394 ipso
617 1327 850 1398 denique
870 1346 1085 1387 crucem
1115 1336 1269 1403 quasi
1302 1346 1564 1407 tropaeum
1596 1340 1813 1410 aliquod
1845 1341 2034 1397 hume-

466 1417 548 1472 ris
574 1427 842 1489 gestante,
894 1432 945 1477 et
987 1424 1043 1478 in
1077 1441 1138 1479 ea
1189 1427 1378 1492 infixo,
1412 1431 1662 1487 manibus
1696 1433 2034 1504 pedibusque

465 1509 729 1577 trajectis,
764 1512 831 1566 de
858 1520 1014 1568 aceto
1035 1518 1176 1585 quod
1208 1519 1284 1573 illi
1317 1529 1478 1590 potus
1508 1523 1628 1577 loco
1648 1535 2027 1595 porrexerunt,

464 1596 535 1652 de
565 1600 832 1655 arundine
862 1618 967 1673 qua
999 1605 1147 1661 illius
1173 1616 1414 1679 tempora
1446 1627 1782 1681 percussere,
1811 1617 1878 1673 de
1899 1632 2031 1672 cou-

462 1688 622 1744 viciis
663 1707 782 1761 quae
821 1693 875 1747 in
929 1695 1081 1750 illum
1136 1714 1167 1753 a
1202 1704 1575 1770 spectantibus
1615 1706 1820 1776 jactata
1866 1710 2030 1764 sunt?

466 1781 624 1852 123
659 1784 728 1837 At
756 1787 899 1840 enim
945 1797 999 1843 et
1031 1789 1167 1856 haec,
1199 1801 1252 1847 et
1284 1809 1621 1866 quaecunque
1669 1800 1776 1854 alia
1825 1802 1895 1857 de
1930 1802 2028 1857 illo

462 1869 552 1925 his
585 1872 784 1927 similia
816 1874 1084 1942 feruntur,
1121 1891 1215 1935 aut
1246 1881 1368 1938 ficta
1389 1900 1513 1942 esse
1536 1895 1748 1957 oportet
1783 1890 1851 1945 ab
1882 1891 2029 1947 illius

463 1960 767 2032 discipulis,
804 1978 897 2021 aut
939 1969 992 2022 in
1026 1970 1112 2027 his
1152 1973 1371 2042 quidem
1409 1984 1666 2047 tanquam
1703 1980 2026 2047 verissimis,

463 2053 573 2109 illis
606 2058 936 2113 credendum
979 2071 1083 2124 est,
1120 2067 1175 2118 in
1224 2069 1449 2138 reliquis
1486 2087 1637 2134 vero,
1682 2089 1801 2141 qua:
1832 2074 2030 2129 clario-

462 2159 577 2198 rem
629 2146 781 2202 illum
839 2154 1399 2229 venerabilioremque
1446 2162 1699 2226 reddunt,
1737 2180 1848 2220 non
1903 2182 2028 2221 cre-

461 2234 722 2292 dendum.
755 2239 861 2295 Sed
896 2244 1009 2299 haec
1031 2247 1097 2302 de
1124 2249 1315 2303 iisdem
1342 2251 1445 2307 sibi
1467 2254 1571 2324 ipsi
1602 2259 1877 2313 contraria
1910 2260 2030 2329 opi-

458 2325 572 2391 nio,
622 2330 764 2385 unde
805 2334 1252 2394 continuabitur?
1289 2340 1480 2399 Dicere
1516 2346 1660 2400 enim
1700 2350 1918 2405 eosdem
1960 2351 2029 2407 de

457 2417 671 2483 eodem,
707 2429 761 2475 et
787 2438 909 2478 vera
953 2428 1181 2496 prodere
1210 2440 1263 2485 et
1296 2436 1534 2501 mentiri,
1569 2438 1705 2492 nihil
1737 2441 1883 2495 aliud
1921 2452 2024 2508 est,

459 2511 568 2565 nisi
600 2518 878 2571 contraria
936 2520 990 2573 in
1026 2523 1213 2577 eodem
1256 2524 1323 2581 de
1367 2527 1561 2583 iisdem
1612 2532 1777 2587 rebus
1818 2532 2021 2590 dicere.

458 2599 742 2667 Quomodo
771 2609 886 2664 haec
908 2613 1252 2669 refellentur?
1284 2619 1338 2671 Si
1363 2619 1507 2674 enim
1534 2622 1635 2676 hoc
1658 2623 1767 2679 illis
1791 2625 2025 2695 ﬁngendi

457 2699 793 2766 pr0positum
839 2700 970 2767 fuit,
1003 2713 1062 2758 ut
1099 2708 1396 2766 mendaciis
1440 2728 1599 2767 suum
1638 2725 2026 2786 praeceptorem

456 2797 735 2852 ornarent,
769 2807 870 2845 cur
905 2793 982 2847 illi
1013 2810 1076 2849 ea
1098 2837 1111 2860 ,
1143 2813 1264 2868 quae
1294 2801 1453 2857 modo
1484 2803 1721 2861 diximus
1755 2808 2026 2879 ascripse—

458 2878 621 2931 runt?
652 2888 746 2933 aut
787 2896 888 2935 cur
926 2889 1160 2954 posteris
1196 2890 1530 2956 indicarunt,
1574 2897 1721 2965 quod
1755 2907 1807 2951 et
1851 2878 2025 2954 tristis

460 2967 644 3034 fuerit,
688 2980 743 3027 et
782 2974 940 3029 taedio
988 2978 1232 3045 allectus,
1273 2990 1328 3036 et
1371 2986 1554 3041 animo
1606 2989 1891 3044 turbatus?
1932 2999 2026 3046 aut

455 3061 603 3130 quod
652 3064 757 3133 ipsi
803 3067 953 3122 illum
1003 3071 1344 3129 deseruerint
1383 3083 1546 3147 atque
1607 3079 1877 3136 abierint?
1928 3092 2022 3138 aut

453 3151 601 3219 quod
633 3154 726 3224 qui
760 3158 1013 3214 omnibus
1041 3161 1174 3230 ipsis
1197 3168 1519 3235 praepositus
1547 3167 1723 3223 fuerat
1740 3174 2018 3240 apostolus

454 3244 626 3308 illius,
649 3255 703 3301 et
725 3247 1028 3320 discipulus
1055 3252 1271 3321 Petrus,
1305 3258 1470 3314 nullis
1493 3276 1670 3330 neque
1709 3264 2016 3328 tormentis,

454 3350 633 3407 neque
689 3343 990 3410 tyrannicis
1043 3347 1248 3412 minis,
1302 3357 1384 3405 ter
1433 3351 1585 3406 illum
1637 3354 2021 3425 abjuraverit?

456 3425 581 3482 ll:ec
608 3430 751 3484 enim
783 3441 837 3487 et
867 3435 912 3489 si
937 3436 1027 3490 alii
1057 3438 1344 3506 dixissent,
1368 3443 1614 3513 neganda
1647 3447 1716 3501 ab
1742 3447 1812 3502 iis
1836 3455 2019 3504 tamen

456 3517 627 3584 fuere,
668 3522 762 3589 qui
800 3525 935 3583 nihil
966 3527 1110 3582 aliud
1142 3530 1243 3585 sibi
1275 3531 1331 3585 in
1371 3534 1661 3589 scribendo
1702 3540 2018 3608 proposuis-

454 3614 596 3670 sent,
630 3609 736 3665 nisi
771 3617 829 3664 ut
863 3616 1222 3671 reverentiam
1258 3622 1576 3689 prazceptori
1615 3631 2015 3693 compararent.

451 3697 608 3765 Quod
636 3703 684 3756 si
709 3704 932 3759 veridici
968 3706 1021 3760 in
1048 3709 1381 3764 tristioribus
1403 3710 1471 3768 de
1497 3713 1589 3767 illo
1611 3716 2018 3773 narrationibus

450 3791 724 3859 videntur,
755 3810 856 3848 cur
906 3812 1015 3851 non
1051 3800 1106 3853 iu
1150 3801 1216 3856 iis
1244 3802 1392 3866 item,
1439 3820 1560 3874 qme
1604 3806 1864 3871 laetitiam,
1905 3810 2019 3879 glo-

451 3884 698 3956 riamque
719 3888 940 3952 habent,
973 3893 1145 3947 multo
1166 3895 1359 3964 magis,
1386 3911 1549 3965 quam
1579 3898 1684 3954 sibi
1714 3899 1853 3968 ipsis
1886 3915 2019 3956 con-

453 3977 652 4031 trarii?
685 3977 819 4033 Nam
847 3982 1044 4050 quibus
1074 4001 1239 4037 unum
1276 3989 1611 4057 propositum
1662 3990 1824 4046 fuerit
1866 4009 2021 4049 men-

451 4067 646 4131 tiendi,
683 4070 846 4125 abiis
881 4074 925 4126 si
965 4089 1071 4143 qua
1111 4074 1411 4143 offendunt,
1454 4096 1521 4135 ea
1569 4081 1625 4136 in
1676 4083 1888 4153 primis,
1925 4094 2020 4141 aut

453 4161 721 4228 praeteriri
753 4165 1038 4231 Oportebat
1067 4167 1304 4233 silentio,
1338 4177 1431 4223 aut
1459 4171 1506 4226 si
1546 4172 1599 4226 id
1638 4189 1745 4227 non
1769 4184 2018 4245 poterat,

453 4250 743 4319 negatione
770 4254 964 4311 refelli.
996 4255 1130 4322 Quis
1159 4260 1303 4314 enim
1345 4263 1488 4331 apud
1532 4272 1778 4337 posteros
1811 4281 1875 4322 ea
1898 4284 2019 4338 quae

455 4341 775 4407 tacuissent,
812 4346 1208 4415 reprehendere
1231 4365 1470 4419 unquam
1494 4354 1807 4421 potuisset?
1831 4354 1937 4411 Sed
1968 4359 2015 4413 si

451 4432 667 4504 mentiri
696 4434 1069 4501 decreverant,
1101 4453 1200 4493 cur
1237 4457 1344 4494 non
1385 4441 1515 4496 illud
1545 4460 1761 4515 quoque
1803 4448 2015 4504 mentiti
2047 4449 2091 4503 D

450 4530 598 4585 sunt,
646 4523 841 4581 Judam
884 4527 978 4598 qui
1022 4532 1210 4586 osculo
1251 4533 1402 4587 illum
1459 4536 1702 4602 tradidit,
1746 4538 1909 4594 simul
1950 4553 2015 4594 ac

450 4616 773 4685 proditionis
802 4622 1016 4691 signum
1050 4625 1339 4680 ostendere
1372 4643 1539 4684 ausus
1571 4637 1676 4691 est,
1711 4630 1762 4684 in
1783 4631 2013 4701 lapidem

449 4720 575 4760 esse
596 4711 960 4764 conversum?
989 4723 1041 4767 et
1083 4715 1175 4783 qui
1213 4716 1420 4785 alapam
1469 4719 1543 4772 illi
1604 4719 1804 4777 inferre
1844 4736 2012 4777 ausus

448 4804 553 4857 est,
577 4796 697 4866 ejus
725 4798 871 4854 illico
899 4800 1145 4856 dextram
1180 4807 1428 4862 aruisse?
1454 4816 1507 4862 et
1533 4808 1794 4879 Caipham
1835 4812 2015 4880 ponti-

451 4885 945 4957 ficem,.pr0pterea
972 4892 1117 4961 quod
1154 4892 1306 4950 falsis
1337 4904 1528 4952 contra
1569 4899 1720 4953 illum
1769 4902 2014 4957 crimini-

449 4974 556 5029 bus
594 4981 953 5043 consenserit,
1001 4983 1176 5039 oculis
1219 4994 1436 5057 captum
1485 4989 1693 5047 fuisse?
1731 4991 1844 5047 Cur
1884 5009 2014 5050 vero

447 5083 557 5123 non
599 5082 790 5125 omnes
831 5073 1044 5128 mentiti
1082 5083 1229 5141 sunt,
1273 5078 1644 5149 significantes
1683 5083 1817 5137 nihil
1855 5085 2014 5154 plane

449 5157 527 5211 illi
561 5161 707 5229 quod
734 5162 909 5231 possit
938 5164 1209 5223 oﬂendere
1235 5172 1520 5227 evenisse?
1548 5174 1642 5228 sed
1683 5174 1859 5243 ipsum
1889 5177 2012 5245 qui-

447 5249 571 5303 dem
607 5254 915 5315 evanuisse,
931 5253 1217 5329 forumque
1241 5267 1296 5315 et
1313 5260 1519 5329 judicia
1548 5263 1763 5319 illorum
1786 5265 2012 5322 risisse?

447 5340 543 5406 qui
574 5356 703 5396 vero
742 5342 892 5397 illum
930 5350 1391 5418 comprehendere
1405 5352 1525 5408 ausi
1551 5353 1788 5423 fuerant,
1815 5354 2013 5411 divini-

448 5439 539 5483 tus
573 5430 984 5498 illusos,contra
1007 5439 1157 5495 illum
1174 5457 1233 5497 se
1256 5458 1416 5513 agere
1430 5460 1551 5515 quae
1576 5455 1825 5515 egerunt,
1857 5457 2004 5503 tam-

449 5523 554 5578 etsi
628 5524 720 5581 ille
796 5543 907 5584 non
962 5531 1174 5599 aderat,
1234 5536 1570 5594 credidisse?
1610 5537 1753 5604 Quid
1808 5543 2012 5608 porro?

450 5614 639 5672 Nonne
690 5620 907 5688 gravius
966 5622 1294 5694 digniusque
1350 5628 1739 5698 scripsissent,
1800 5633 2007 5687 nullum

451 5710 608 5780 plane
650 5711 946 5771 humanum
992 5724 1085 5771 aut
1117 5718 1398 5776 mortalem
1438 5735 1646 5789 casum,
1688 5724 1838 5780 illum
1879 5726 2008 5782 sub-

2141 516 2361 589 θέμενον
2386 519 2552 589 αύτῷ,
2587 518 2859 588 φοινικοῦν
2884 538 2944 573 τε
2980 520 3177 593 χιτῶνα
3202 523 3258 576 ἐν
3281 522 3537 595 χλαμύδος
3567 531 3681 600 σχήυ

2143 626 2270 680 ματι
2323 611 2735 682 περιδληθέντα,
2788 613 2883 666 καὶ
2937 613 3087 676 τέλος
3137 615 3296 669 αὑτὸν
3334 617 3461 677 αὐτὸ
3498 618 3555 672 τὸ
3595 623 3678 674 τοῦ

2140 699 2372 771 σταυροῦ
2405 702 2661 773 τρόπαιον
2709 702 3129 773 ἐπικομίξονταο
3174 706 3231 758 ἐν
3278 705 3449 777 τούτῳ
3490 725 3547 761 τε
3587 727 3681 781 πη-

2137 788 2422 859 γνύμενον,
2469 790 2563 844 καὶ
2614 793 2802 862 χεῖρας
2853 793 2947 845 καὶ
2994 793 3162 855 πόδας
3216 797 3680 866 καταπειρόμενον,

2136 881 2246 948 ὄξει
2298 900 2358 936 τε
2403 882 2778 954 ποτιζόμενον,
2826 882 2920 936 καὶ
2971 884 3260 954 παιόμενον
3308 885 3448 939 κατά
3498 887 3681 960 κόρῤης

2137 973 2399 1044 καλάμῳ,
2456 974 2550 1027 καὶ
2614 972 2750 1044 πρὸς
2793 972 2900 1026 τῶν
2955 972 3203 1044 ὁρώντων
3265 974 3679 1045 ὀνειδιζόμενον;

2150 1062 2308 1116 Ἀλλὰ
2339 1062 2445 1135 γὰρ
2476 1066 2569 1116 καὶ
2604 1062 2797 1126 ταῦτα,
2843 1064 2936 1116 καί¹
2972 1063 3070 1117 ὃσα
3098 1063 3304 1127 τούτοις
3326 1066 3678 1138 συμφέρεται,

2134 1156 2332 1225 ὁμοίως
2375 1154 2679 1210 πεπλάσθαι
2725 1156 2829 1227 χρὴ
2874 1157 3011 1227 πρὸς
3051 1156 3158 1210 τῶν
3206 1156 3369 1210 αὑτοῦ
3424 1159 3677 1230 μαθητῶν,

2133 1246 2166 1316 ἢ
2208 1247 2266 1299 ἐν
2312 1246 2523 1311 τούτοις
2586 1248 2684 1317 μὲν
2721 1248 2825 1319 χρὴ
2868 1246 3144 1300 πιστεύειν
3172 1247 3355 1312 αὐτοῖς
3387 1249 3461 1312 ὡς
3503 1250 3678 1320 ἀληθε-

2136 1338 2367 1402 στάτοις,
2402 1340 2459 1391 ἐν
2499 1338 2555 1391 δὲ
2595 1341 2707 1402 τοῖς
2748 1338 3012 1403 ὲπιδόξοις
3046 1339 3139 1391 καὶ
3193 1340 3529 1414 σεμνοτέροις
3568 1342 3682 1394 ἀπι-

2135 1434 2296 1488 στεῖν.
2325 1433 2434 1486 Καὶ
2467 1431 2629 1485 πόθεν
2659 1431 2720 1485 τὸ
2754 1432 2879 1503 περὶ
2908 1434 3102 1496 αὐτοὺς
3135 1432 3376 1486 ἐναντίον
3405 1433 3575 1505 δόγμα
3599 1452 3679 1487 συ-

2134 1525 2422 1594 στήσεται;
2451 1524 2522 1577 Τὸ
2553 1524 2658 1596 γὰρ
2682 1525 2963 1595 ἀληθεύειν
2991 1525 3118 1589 τοὺς
3150 1526 3348 1590 αὐτοὺς
3389 1529 3568 1595 φάναι,
3601 1529 3683 1582 καὶ

2132 1616 2188 1667 ἐν
2214 1616 2290 1685 τῷ
2311 1614 2457 1686 αὐτῷ
2494 1615 2800 1687 ψεύδεσθαι,
2844 1616 2992 1669 οὐδέν
3041 1618 3186 1669 ἐστιν
3215 1616 3248 1686 ἢ
3279 1617 3530 1672 τάναντία
3556 1620 3682 1672 κατὰ

2130 1706 2189 1759 τὸ
2230 1706 2361 1760 αὐτὸ
2414 1709 2538 1778 περί
2580 1707 2685 1761 τῶν
2727 1708 2904 1763 αὐτῶν
2951 1710 3146 1778 λέγειν.
3183 1712 3280 1774 Τίς
3313 1707 3405 1764 οὖν
3443 1713 3471 1764 ό
3498 1713 3682 1766 τούτων

2057 1771 2100 1826 Β
2130 1798 2377 1871 ἐλεγχος;
2408 1803 2456 1853 εἰ
2485 1771 2596 1873 γὰρ
2624 1802 2687 1874 δὴ
2715 1771 3039 1858 πλάττεσθαι
3070 1771 3474 1870 αὐτοῖς-σκοπὸς
3493 1803 3576 1878 ἦν,
3599 1807 3682 1860 καὶ

2127 1892 2305 1960 λόγοις
2341 1893 2561 1962 ψευδέσι
2594 1894 2682 1948 τὸν
2705 1895 3032 1949 Διδάσκαλον
3065 1901 3313 1967 κοσμεῖν,
3348 1899 3447 1951 οὐκ
3476 1900 3539 1953 ἄν
3566 1916 3680 1953 ποτε

2128 1982 2310 2047 αὐτοῖς
2333 1985 2401 2038 τὰ
2434 1987 2800 2057 προειρημένα
2844 1987 3210 2060 κατέγραφον,
3241 1990 3350 2043 οὐδ’
3383 1990 3447 2043 ἄν
3481 1989 3681 2061 ἐδήλουν

2128 2078 2238 2139 τοῖς
2281 2076 2416 2146 μετὰ
2460 2077 2633 2132 ταῦτα
2676 2078 2999 2151 ἀνθρώποις,
3047 2082 3128 2134 ὅτι
3177 2081 3242 2153 δή
3294 2082 3556 2147 ἐλυπεῖτο,
3599 2083 3683 2136 καὶ

2126 2165 2403 2236 ἠδημόνει,
2434 2168 2525 2220 καὶ
2551 2173 2850 2242 τετάρακτο
2881 2170 2980 2242 τὴν
3012 2171 3210 2242 ψυχὴν,
3250 2173 3331 2225 ὅτι
3360 2173 3511 2225 αὐτοὶ
3537 2171 3684 2226 αὐτὸν

2128 2258 2483 2323 ἀπολιπόντες
2508 2259 2737 2331 ᾤχοντο·
2769 2262 2801 2332 ἢ
2839 2263 2920 2315 ὅτι
2962 2264 2990 2315 ὁ
3031 2263 3248 2317 πάντων
3288 2263 3466 2317 αὐτῶν
3502 2281 3684 2335 προκε-

2127 2350 2381 2423 κριμένος
2415 2353 2707 2417 ἀπόστολός
2750 2371 2808 2407 τε
2844 2355 2939 2409 καὶ
2979 2355 3227 2428 μαθητὴς
3272 2356 3435 2409 αὑτοῦ
3474 2358 3681 2428 Πέτρος,

2128 2442 2373 2513 βασάνων
2406 2446 2562 2509 ἐκτὸς
2593 2446 2686 2500 καί⁵
2717 2448 3040 2519 ἀρχοντικῆς
3073 2448 3303 2518 ἀπειλῆς
3335 2449 3512 2521 τρίτον
3538 2447 3683 2501 αὑτὸν

2127 2535 2453 2606 ἐξωμόσατο.
2491 2538 2672 2591 Ταῦτα
2719 2539 2824 2612 γὰρ
2869 2539 2971 2592 κᾶν
3010 2539 3184 2594 ἄλλων
3239 2541 3523 2611 λεγόντων,
3562 2541 3684 2611 χρῆν

2125 2627 2390 2699 δήπουθεν
2424 2629 2697 2701 ἀρνεῖσθαι
2725 2633 2850 2695 τοὺς
2876 2632 3025 2685 οὐδὲν
3053 2630 3181 2685 ἄλλο
3215 2633 3247 2704 ἢ
3282 2632 3593 2706 χαρίζεσθαι
3622 2632 3683 2687 τὰ

2128 2720 2427 2793 σεμνότερα
2446 2720 2523 2791 τῷ
2550 2722 2850 2794 διδασκάλῳ
2873 2723 3349 2795 προτεθειμένους.
3382 2726 3446 2777 Εἰ
3470 2724 3526 2776 δὲ
3553 2722 3685 2793 φιλαο

2124 2811 2306 2883 λήθεις
2342 2815 2399 2866 ἐν
2430 2816 2539 2876 τοῖς
2574 2814 2735 2866 αὐτοῦ
2770 2816 3106 2887 σκυθρωποῖς
3145 2815 3451 2887 διηγήμασι
3489 2814 3684 2884 φαίνον-
3714 2882 3719 2887 ι

2125 2920 2234 2969 ται,
2265 2903 2398 2958 πολὺ
2436 2904 2630 2976 μᾶλλον
2665 2907 2722 2959 ὲν
2750 2908 2861 2969 τοῖς
2892 2900 3251 2979 ἐνδόξοτέροις
3279 2904 3390 2962 εἷεν
3425 2907 3490 2961 ἂν
3523 2905 3685 2959 τοιοῦ-

2123 3010 2226 3047 τοι.
2267 2994 2405 3057 Τοὺς
2436 2995 2542 3066 γὰρ
2563 2996 2706 3061 ἅπαξ
2746 2995 3035 3064 ψεύδεσθαι
3070 2999 3491 3070 προελομένους,
3521 2999 3584 3051 τὰ
3607 2997 3685 3049 λυ-

2048 3118 2092 3177 C
2126 3087 2276 3159 πηρά
2308 3089 2443 3159 χρῆν
2475 3089 2671 3159 μᾶλλον
2699 3091 2953 3158 ἐκφυγεῖν
2991 3091 3107 3160 ήτοι
3153 3091 3246 3144 διὰ
3281 3090 3512 3161 σιωπῆς,
3542 3090 3571 3160 ἢ
3607 3087 3687 3143 διὰ

2123 3180 2221 3252 τῆς
2255 3182 2381 3252 περὶ
2411 3181 2585 3234 αὐτῶν
2624 3181 2921 3252 ἀρνήσεως,
2963 3181 3035 3252 μὴ
3077 3181 3258 3247 ἄλλως
3297 3182 3405 3236 τῶν
3440 3182 3685 3253 ὀψιγόνων

2122 3271 2331 3340 ἐλέγξαι
2359 3272 2668 3345 δυναμένων
2714 3274 2783 3328 τά
2835 3274 3182 3346 σεσιγημένα.
3230 3276 3332 3330 Διά
3374 3276 3427 3329 τί
3469 3274 3574 3346 γὰρ
3618 3272 3686 3343 μὴ

2119 3373 2431 3444 ἐψεύσαντο,
2462 3376 2554 3429 καὶ
2599 3375 2826 3447 ἔφησαν,
2873 3378 2954 3431 ὅτι
2995 3377 3198 3443 Ἰούδας
3250 3381 3350 3450 μὲν
3395 3382 3425 3432 ό
3472 3378 3685 3450 προδοὺς

2119 3465 2280 3521 αὐτὸν
2319 3466 2602 3540 φιλήματι,
2644 3467 2923 3539 τολμήσας
2958 3470 3019 3523 τὸ
3053 3471 3326 3541 σύμϐολον
3367 3470 3685 3536 ἐνδείξασθαι

2117 3558 2217 3628 τῆς
2255 3559 2561 3631 προδοσίας,
2606 3561 2964 3635 ἀπολιθωθείη
3013 3565 3249 3618 αὐτίκα·
3295 3567 3325 3617 ό
3372 3564 3429 3617 δὲ
3473 3561 3684 3634 ῥαπίσαι

2117 3649 2280 3704 αὐτὸν
2306 3650 2601 3722 τολμήσας,
2632 3652 2795 3725 ξηρὸς
2847 3653 3182 3724 παραχρῆμα
3230 3654 3449 3724 γένοιτο
3487 3653 3580 3724 τὴν
3608 3653 3687 3704 δε-

2119 3741 2236 3806 ξιάν
2255 3759 2269 3774 '
2297 3745 2325 3796 ὁ
2347 3742 2390 3795 δ’
2416 3744 2700 3816 ἀρχιερεὺς
2733 3746 3005 3814 Καϊάφας,
3040 3747 3115 3809 ὠς
3153 3747 3220 3799 ἂν
3252 3746 3560 3818 συντρέχων
3586 3743 3686 3805 τοῖς

2119 3845 2237 3897 κατ’
2266 3844 2430 3898 αὐτοῦ
2459 3847 2837 3915 συκοφάνταις,
2872 3865 2946 3919 πη
2958 3848 3153 3919 ρωθείη
3180 3850 3283 3915 τὰς
3315 3851 3501 3920 (idem;
3537 3848 3620 3901 διὰ
3640 3848 3687 3901 τί

2118 3934 2175 3987 δὲ
2209 3935 2282 4006 μὴ
2311 3935 2603 4005 ἐψεύσαντο
2632 3938 2852 4003 πάντες,
2891 3941 2971 3992 ὄτι
3007 3940 3171 4010 μηδὲν
3215 3943 3541 4014 σκυθρωπὸν
3569 3939 3689 4009 άληο

2119 4036 2227 4100 θῶς
2268 4038 2396 4110 περὶ
2449 4040 2610 4094 αὐτὸν
2661 4041 2921 4109 γέγονεν;
2966 4043 3103 4096 Ἀλλ’
3154 4046 3182 4097 ὁ
3230 4046 3334 4116 μὲν
3374 4045 3585 4116 ἀφανὴς
3627 4038 3688 4114 ἦν

2116 4129 2491 4197 καταγελάσας
2536 4131 2713 4184 αὐτῶν
2748 4133 2840 4185 τοῦ
2890 4132 3240 4206 δικαστηρίου
3263 4153 3277 4167 ⁸
3310 4139 3360 4190 οί
3389 4137 3448 4191 δὲ
3481 4133 3687 4190 ἐπίθου·

2117 4218 2380 4285 λεύοντες,
2409 4220 2513 4274 ὑπὸ
2543 4223 2842 4291 φαντασίας
2871 4223 3125 4295 θεηλάτου
3156 4227 3528 4299 πλανώμενοι,
3552 4230 3690 4297 ἐνερ-

2116 4312 2232 4377 γεῖν
2265 4313 2382 4363 κατ’
2403 4311 2565 4364 αὐτοῦ
2596 4313 2669 4384 μὴ
2702 4314 2966 4385 παρόντος
2993 4314 3246 4383 ἐδόκουν;
3272 4318 3340 4370 Τί
3374 4316 3442 4383 δ“;
3469 4314 3576 4390 ἆρα
3600 4316 3689 4370 οὐκ

2116 4396 2185 4472 ἦν
2218 4402 2540 4474 σεμνότερον
2565 4402 2658 4456 τοῦ
2688 4404 3034 4471 πλάττεσθαι,
3065 4407 3145 4460 ὃτι
3166 4402 3287 4462 τῶν
3303 4410 3523 4463 τοιῶνδε
3548 4424 3690 4477 ποιησ-

2118 4493 2218 4562 τὴς
2246 4491 2419 4564 ἔργων
2444 4493 2757 4564 παραδόξων
2781 4496 2990 4565 γέγονε,
3029 4497 3090 4549 τὸ
3124 4501 3390 4569 γράφειν,
3420 4501 3502 4555 ὅτι
3536 4498 3689 4572 μηδὲν

2122 4584 2219 4655 μὲν
2246 4584 2598 4655 ἀνθρώπινον,
2630 4586 2761 4658 μηδὲ
2788 4586 2977 4659 θνητὸν
3003 4591 3129 4660 περὶ
3161 4592 3331 4645 αὐτὸν
3368 4592 3587 4662 συνέϐη,
3614 4593 3692 4643 ἐν·

2119 4675 2225 4747 θέῳ
2263 4676 2321 4729 δέ
2368 4678 2591 4748 δυνάμει
2617 4680 2685 4732 τὰ
2733 4680 2908 4734 πάντα
2958 4682 3435 4755 καταδησάμενος,
3481 4683 3581 4754 τὴν
3616 4682 3689 4744 εἰς

2117 4770 2377 4841 οὐρανοὺς
2407 4772 2662 4826 ἐπάνοδον
2694 4773 2829 4843 μετά
2866 4772 3139 4846 θειοτέρας
3162 4775 3330 4847 δόξης
3370 4779 3688 4848 ἐποιήσατο;

2117 4861 2178 4914 οὐ
2223 4862 2331 4935 γὰρ
2364 4863 2428 4935 δὴ
2476 4864 2683 4928 τούτοις
2717 4866 2963 4920 ἀπιστεῖν
3008 4867 3231 4939 ἔμελλον
3274 4872 3325 4923 οί
3365 4872 3487 4934 ταῖς
3514 4867 3689 4929 ἄλλαις

2118 4965 2296 5018 αὐτῶν
2326 4964 2606 5037 διηγήσεσι
2637 4968 3072 5033 πεπιστευκότες.
3101 4970 3162 5023 Οί
3196 4968 3242 5022 δ’
3279 4967 3374 5025 οὖν
3412 4972 3577 5043 μηδὲν
3601 4969 3692 5039 τῆς

2116 5057 2370 5129 ἀληθείας
2400 5060 2457 5113 ἐν
2495 5062 2604 5122 τοῖς
2640 5060 3037 5130 ἀπεμφαίνουσι
3071 5061 3164 5115 καὶ
3207 5064 3561 5136 σκυθρωποῖς
3590 5078 3690 5116 παρ

2119 5150 2523 5222 ραχαράξαντες
2556 5151 2671 5214 πῶς
2701 5152 2799 5206 ούκ
2828 5152 2894 5206 ἂν
2927 5148 3035 5207 εἷεν
3068 5152 3210 5219 ἄξιοι
3240 5157 3340 5210 καὶ⁵
3372 5158 3434 5211 ἐν
3461 5157 3573 5217 τοῖς
3599 5153 3692 5206 λον

2117 5252 2256 5313 ποῖς,
2290 5243 2370 5312 οἷς
2402 5249 2787 5322 ἐμαρτύρησαν
2837 5253 2984 5324 αὐτῴ
3022 5253 3091 5306 τὰ
3137 5254 3448 5325 παράδοξα,
3490 5251 3689 5329 φαύλης

2115 5339 2270 5404 ἐκτὸς
2302 5341 2553 5406 ὑπονοίας
2604 5342 2962 5409 καθεστάναι;
3014 5343 3314 5416 Αὐτάρκης
3342 5348 3447 5418 μὲν
3478 5343 3577 5409 οὖν,
3606 5342 3689 5399 καὶ

2115 5431 2149 5502 ή
2179 5431 2344 5486 τῶνδε
2368 5433 2620 5503 τυγχάνει
2654 5435 2779 5507 περὶ¹
2804 5435 2896 5489 τοῦ
2923 5436 3169 5508 Σωτῆρος
3195 5438 3362 5509 ήμῶν
3387 5436 3689 5513 μαρτυρία·

2114 5531 2265 5587 οὐδὲν
2295 5531 2352 5586 δὲ
2382 5530 2492 5588 οἷον
2515 5535 2580 5588 ἐκ
2605 5537 2917 5611 περιουσίας
2945 5539 3038 5592 καὶ
3065 5536 3140 5609 τῷ
3160 5537 3224 5603 ἐξ
3266 5540 3540 5613 Ἑϐραίων
3581 5540 3692 5594 Ἰω-

2116 5634 2272 5706 σήπῳ
2302 5634 2535 5708 μάρτυρι
2565 5635 2887 5708 χρήσασθαι,
2924 5639 2984 5702 ὃς
3019 5641 3077 5693 ἐν
3112 5638 3195 5709 τῷ
3238 5641 3692 5709 ὀκτωκαιδεκάτῳ

2114 5723 2212 5788 τῆς
2254 5724 2576 5793 Ἰουδαϊκῆς
2607 5726 3067 5800 Ἀρχαιολοτῖας.
3096 5728 3167 5784 τὰ
3188 5732 3335 5785 κατὰ
3374 5734 3503 5794 τοὺς
3534 5729 3692 5785 Πιλά-
