3880 6256
210 381 298 441 ιιι
1137 378 1789 437 DEMONSTBATIONIS
1827 374 2293 434 EVANGELICA‘J
2321 372 2449 431 LIB.
2488 372 2579 428 ΙΙΙ.
3341 369 3451 426 2‘22

212 520 295 558 του
320 501 543 574 χρόνους
580 502 826 576 ίστορῶν,
870 503 1140 578 μέμνηται
1183 504 1275 559 τοῦ
1317 502 1569 576 Σωτῆρος
1612 501 1770 575 ἡμῶν

1880 498 2039 557 lisse?
2067 511 2250 553 verum
2286 496 2382 551 ubi
2412 496 2464 550 vi
2507 495 2690 550 divina
2722 508 2812 549 res
2845 506 3036 547 omnes
3077 505 3206 547 suas
3249 492 3452 546 confir-

212 596 262 646 ὲν
286 590 516 658 τούτοις.
1632 606 1638 612 ’

1881 599 2109 657 masset,
2142 599 2261 647 tum
2310 591 2365 645 in
2416 589 2615 644 crelum
2660 586 2952 659 gloriosius
2982 583 3331 653 diviniusque
3363 602 3457 639 re-

210 685 471 741 vertisse?
529 685 691 743 Certe
738 686 841 743 hoc
893 688 1067 744 multo
1137 689 1398 759 majorem
1426 689 1831 746 venerationem
1883 692 2294 759 comparasset,
2325 700 2488 755 quam
2542 682 2776 753 fingere.
2808 682 2878 737 ab
2924 681 3019 735 illo
3063 694 3128 734 ea
3185 676 3454 732 miracula

212 778 339 834 facta
364 793 489 848 qua:
515 780 801 837 novimus?
831 779 988 851 124,
1038 796 1213 852 neque
1237 781 1380 836 enim
1435 781 1519 837 his
1561 782 1823 838 credituri
1857 798 1965 837 non
1992 782 2230 843 fuerant,
2275 777 2367 848 qui
2432 777 2643 831 caeteris
2675 774 2990 831 eorumdem
3044 770 3456 826 narrationibus

212 869 355 923 tidem
407 868 673 927 habuere.
741 872 843 939 Qui
892 872 1057 943 igitur
1129 871 1184 927 in
1225 871 1294 927 iis
1341 888 1461 943 qua:
1494 872 1732 928 dedecus
1781 873 1980 927 habent
2027 877 2191 941 atque
2256 866 2557 929 tristitiam,
2594 866 2874 919 veritatem
2922 877 3274 932 corrumpere
3333 856 3457 915 ausi

208 977 307 1018 non
332 972 486 1027 sunt,
519 980 617 1020 cur
640 983 747 1021 non
787 967 844 1021 in
890 967 1115 1039 reliquis
1155 983 1394 1039 quoque,
1437 984 1558 1039 quae
1598 968 1667 1024 de
1714 967 1809 1022 illo
1848 968 2191 1038 protulerunt
2234 963 2383 1035 digni
2429 962 2719 1025 habentur,
2767 960 2968 1030 quibus
3010 959 3217 1027 absque
3271 949 3455 1022 suspi-

206 1056 349 1110 cione
381 1055 643 1112 falsitatis
694 1058 982 1123 credatur,
1037 1059 1202 1114 etiam
1269 1060 1316 1115 si
1360 1060 1622 1115 miracula
1677 1059 2069 1114 narraverint?
2128 1072 2258 1127 ergo
2305 1055 2431 1109 licet
2482 1053 2672 1107 talium
2725 1052 3011 1106 hominum
3050 1049 3118 1103 de
3169 1047 3455 1101 Salvatore

204 1156 377 1204 nostro
422 1150 824 1215 testimonium,
862 1151 1023 1207 nobis
1066 1151 1290 1208 abunde
1346 1153 1659 1209 satisfacere
1711 1152 1908 1208 debeat
1944 1193 1961 1219 ,
2021 1158 2204 1206 tamen
2270 1149 2407 1204 nihil
2447 1163 2534 1202 me
2574 1154 2769 1218 praeter
2805 1145 3144 1215 propositum
3185 1143 3455 1195 facturum

204 1240 447 1303 arbitror,
482 1240 533 1295 si
575 1242 731 1312 quasi
759 1258 828 1298 ex
860 1243 1206 1315 abundantia
1251 1244 1520 1314 quadam,
1558 1244 1769 1300 Hebraei
1809 1259 2027 1314 quoque
2052 1241 2273 1312 Iosephi
2299 1240 2614 1297 testimonio
2646 1249 2801 1301 utar,
2856 1238 2949 1307 qui
2991 1237 3045 1289 in
3094 1233 3309 1288 decimo
3359 1244 3456 1285 oe-

205 1343 314 1390 ιινο
348 1334 602 1393 Iudaicae
645 1337 989 1409 Antiquitatis
1048 1340 1208 1407 libro,
1234 1340 1395 1396 Pilati
1440 1350 1685 1414 tempora
1715 1341 1771 1397 in
1812 1341 2097 1397 historiam
2129 1354 2283 1395 suam
2313 1338 2580 1403 referens,
2625 1336 2693 1391 de
2747 1332 3027 1388 Salvatore
3058 1338 3250 1385 nostro
3308 1341 3459 1381 men-

204 1429 390 1485 tionem
420 1429 581 1498 facit,
619 1430 706 1487 his
734 1432 943 1490 verbis.

541 1540 828 1609 Ἰωσήπου
855 1544 988 1611 περὶ
1017 1544 1124 1600 τοῦ
1151 1545 1431 1615 Χριστοῦ.

266 1669 284 1704 ι
315 1651 535 1707 Γίνεται
582 1653 638 1707 δὲ
671 1655 789 1708 κατ’
821 1656 1027 1711 ἐκεῖνον
1067 1658 1159 1712 τὸν
1198 1658 1391 1730 χρόνον
1436 1656 1644 1729 Ἰησοῦς
1684 1673 1773 1711 σο-

201 1743 286 1812 eli;
309 1743 471 1817 ἀνὴρ,
498 1744 619 1816 εἴγε
650 1745 818 1819 ἄνδρα
842 1748 1006 1802 αὐτὸν
1031 1748 1208 1818 λέγειν
1242 1752 1368 1823 χρή.
1390 1746 1499 1804 Ἦν
1526 1750 1637 1823 γὰρ
1670 1768 1773 1805 πα-

201 1833 419 1904 ραδόξων
466 1835 650 1908 ἔργων
683 1840 930 1910 ποιητὴς,
974 1839 1291 1907 διδάσκαλος
1333 1841 1637 1914 ἀνθρώπων
1672 1842 1770 1895 τὰ-

199 1924 323 1995 ληθῆ
369 1924 686 1997 σεϐομένων
706 1944 719 1958 ’
773 1929 868 1982 κα).
908 1929 1134 1995 πολλοὺς
1171 1931 1269 1997 μὲν
1314 1930 1410 1984 τοῦ
1457 1930 1749 1985 Ἰουδαϊκοῦ

1171 1931 1269 2002 μὲν
1314 1931 1410 1984 τοῦ
1457 1931 1772 1997 Ἰουδαϊκοῦ,
1805 1966 1847 2020 Β
1874 1932 2113 1989 Docebat
2145 1946 2310 2003 porro
2338 1931 2427 1985 hic
2473 1931 2745 1990 homines,
2779 1931 2825 1981 si
2868 1941 3007 1996 quos
3049 1931 3297 1980 veritatis
3339 1931 3458 1980 stu-

1171 2022 1598 2095 re‘m'bxpmbs
1618 2015 1775 2087 οὗτος
1842 2026 2065 2107 ,ἀίοεοε
2096 2023 2445 2096 reperiebat:
2483 2036 2616 2092 ergo
2648 2020 2851 2074 multos
2882 2018 2987 2074 sibi
3016 2016 3288 2081 Iudaicae,
3316 2016 3460 2072 mul-

198 2018 406 2085 πολλοὺς
428 2019 493 2073 δὲ
514 2020 609 2074 καὶ
637 2019 943 2091 Ἑλληνικοῦ
969 2022 1300 2098 ἐπηγάγετο’
1317 2023 1347 2076 ὀ
1363 2022 1598 2095 Χριστὸς
1618 2015 1775 2087 οὗτος

196 2105 254 2181 ἦν
281 2109 376 2181 (Ι),
417 2112 525 2165 καὶ
564 2110 741 2164 αὐτῶν
781 2110 1124 2178 ὲνδείξειτῶν
1158 2113 1287 2184 παρ’
1332 2114 1466 2183 ἡμῖν
1500 2111 1776 2181 ἀρχόντων

199 2202 399 2273 σταυρῷ
442 2202 898 2273 ἐπιτετιμηκότος
948 2203 1201 2271 Πιλάτου,
1237 2204 1338 2257 οὐκ
1386 2204 1693 2258 ἐπαύσαντο
1724 2204 1775 2256 oi

199 2290 248 2344 τὸ
271 2291 491 2362 πρῶτον
519 2293 925 2364 ἀγαπήσαντες.
967 2295 1169 2366 Ἐεράνη
1216 2295 1323 2369 γὰρ
1358 2297 1542 2360 αὐτοῖς
1586 2297 1775 2368 τρίτην

197 2382 391 2453 ἡμέραν
440 2383 614 2438 πάλιν
657 2384 785 2451 ζῶν,
821 2386 927 2440 τῶν
970 2387 1129 2443 θείων
1168 2390 1462 2461 προφητῶν
1505 2389 1678 2444 ταῦτὰ
1714 2408 1775 2444 τε

196 2475 278 2529 καὶ
311 2474 449 2530 ἄλλα
498 2477 668 2549 μυρία
712 2479 839 2549 περὶ
866 2479 1031 2533 αὑτοῦ
1071 2481 1386 2552 εἰρηκότων.
1419 2482 1583 2535 Ὅθεν
1610 2483 1774 2536 εἰσέτι

198 2565 278 2619 νῦν
303 2569 409 2622 ἀπὸ
440 2567 605 2621 τοῦδε
650 2569 758 2622 τῶν
803 2571 1143 2640 Χριστιανῶν
1187 2573 1286 2626 οὐκ
1331 2572 1553 2627 ἐπέλιπε
1582 2574 1642 2627 τὸ
1671 2573 1774 2642 φῦ-

198 2659 296 2714 λον.
329 2680 348 2712 ι
376 2662 443 2715 Et
470 2661 655 2716 τοίνυν
687 2662 781 2716 καὶ
810 2664 951 2718 κατὰ
981 2665 1073 2718 τὸν
1101 2665 1369 2737 ἱστορικὸν
1395 2671 1773 2738 μαρτυρεῖται,

198 2753 250 2806 οὗ
280 2755 440 2825 μόνον
495 2756 624 2819 τοὺς
660 2755 868 2811 δώδεκα
902 2759 1261 2825 ἀποστόλους,
1300 2761 1420 2815 οὐδὲ
1463 2762 1590 2825 τοὺς
1628 2761 1778 2815 εὗδο-

203 2844 429 2914 μήκοντα
472 2846 726 2917 μαθητὰς
777 2846 1199 2919 ἐξῳκειωμένος,
1229 2850 1365 2904 ἀλλὰ
1415 2850 1641 2914 πολλοὺς
1677 2850 1776 2921 μὲν

198 2936 278 2989 τοῦ
313 2938 635 2995 Ἰουδαϊκοῦ.
664 2939 889 3005 πολλοὺς
927 2940 986 2994 δὲ
1011 2939 1105 2994 τοῦ
1147 2941 1458 3014 Ἑλληνικοῦ
1504 2943 1777 3015 προσαγό-

202 3043 361 3096 μενος,
378 3028 550 3100 δῆλος
567 3030 632 3084 ἂν
656 3029 741 3101 εἴη
768 3031 1018 3101 περιττόν
1042 3048 1095 3085 τι
1117 3048 1283 3103 κεκτη
1294 3033 1453 3103 μένος
1476 3033 1628 3105 παρὰ
1648 3034 1778 3097 τοὺς

200 3116 411 3185 λοιποὺς
431 3119 781 3192 ἀνθρώπους.
830 3120 954 3184 Πῶς
991 3121 1099 3191 γὰρ
1147 3123 1214 3176 ἂν
1255 3122 1428 3187 ἄλλως
1472 3125 1779 3196 προσήγετο

200 3210 280 3265 τοῦ
294 3210 617 3277 Ἰουδαϊκοῦ,
642 3212 851 3266 καὶτοῦ
882 3212 1190 3283 Ἑλληνικοῦ
1216 3213 1453 3279 πλείους,
1485 3217 1535 3269 εἰ
1569 3216 1642 3287 μή
1667 3232 1777 3269 τισι

2378 1528 2597 1607 Ιοεερίῆ
2618 1534 2682 1589 de
2705 1533 2938 1590 Christo.

1952 1676 1971 1709 ι
2013 1655 2242 1712 Exsistit
2270 1669 2368 1725 per
2398 1653 2540 1708 idem
2570 1659 2787 1721 tempus
2827 1648 2987 1703 Jesus
3018 1648 3237 1718 sapiens
3266 1650 3370 1711 vir,
3406 1645 3456 1705 si

1874 1750 2038 1805 modo
2066 1750 2243 1804 virum
2277 1761 2403 1801 eum
2436 1744 2620 1800 dicere
2642 1749 2878 1813 oportet,
2905 1741 3108 1810 quippe
3141 1742 3232 1812 qui
3265 1755 3456 1795 carum

1872 1857 2056 1897 rerum
2080 1847 2281 1895 auctor
2308 1838 2493 1901 fuerit,
2523 1851 2644 1907 quae
2666 1835 2957 1889 humanam
2989 1832 3145 1886 fidem
3171 1838 3457 1902 superant.

1874 1932 2113 1989 Docebat
2145 1946 2310 2003 porro
2338 1930 2427 1985 hic
2473 1927 2745 1990 homines,
2779 1927 2825 1981 si
2868 1941 3007 1996 quos
3049 1924 3297 1980 veritatis
3339 1931 3458 1980 stu-

1876 2129 1962 2176 tos
1991 2119 2154 2174 etiam
2190 2117 2393 2173 Graecae
2427 2114 2682 2169 factionis
2721 2112 2990 2182 adiunxit.
3021 2111 3272 2167 Christus
3298 2112 3459 2181 plane

1875 2213 1967 2268 hic
2012 2212 2114 2267 fuit
2152 2229 2166 2266 :
2215 2208 2485 2280 siquidem
2513 2222 2639 2261 cum
2683 2204 3095 2275 magistratibus
3125 2204 3331 2258 nostris
3360 2216 3454 2256 ac-

1873 2304 2219 2364 cusantibus,
2247 2301 2400 2355 illum
2427 2298 2609 2354 crucis
2628 2296 2901 2366 supplicio
2927 2294 3198 2350 affecisset
3219 2293 3451 2357 Pilatus,

1876 2411 1989 2452 non
2036 2393 2389 2453 destiterunt,
2423 2390 2517 2460 qui
2562 2389 2632 2443 ab
2663 2387 2820 2442 initio
2866 2386 3138 2456 complexi
3188 2385 3451 2439 fuerant:

1875 2486 2129 2558 apparuit
2160 2488 2304 2541 enim
2336 2484 2445 2538 illis
2483 2482 2644 2536 tertio
2674 2481 2762 2535 die
2794 2480 2990 2534 iterum
3016 2478 3225 2540 vivens,
3259 2491 3455 2544 quem-

1877 2579 2174 2634 admodum
2224 2575 2394 2629 divini
2425 2573 2707 2644 propheta:
2732 2578 2789 2626 et
2851 2571 2967 2625 haec
2994 2580 3048 2624 et
3072 2571 3176 2624 alia
3211 2571 3458 2624 innume-

1876 2671 2070 2726 rabilia
2102 2669 2169 2723 de
2212 2669 2307 2721 illo
2336 2664 2721 2737 praedixerant,
2767 2677 2834 2717 ex
2873 2677 2983 2732 quo
3010 2662 3075 2714 ad
3104 2661 3249 2715 hunc
3283 2677 3456 2730 usque

1877 2762 2020 2817 diem
2052 2760 2492 2816 Christianorum
2526 2772 2636 2809 nou
2669 2753 2871 2809 defecit
2920 2768 3113 2823 genus.
3155 2772 3174 2804 ι
3230 2750 3286 2807 Si
3323 2767 3455 2822 ergo

1876 2854 2177 2909 historicus
2205 2865 2424 2923 quoque
2451 2847 2801 2909 testiﬁcatur,
2842 2860 2955 2899 non
2983 2844 3130 2898 solos
3163 2842 3454 2897 duodecim

1875 2946 2175 3016 apostolos,
2217 2942 2672 3013 septuagintaque
2711 2936 3039 3006 discipulos,
3094 2934 3163 2987 ab
3211 2934 3302 2987 illo
3348 2931 3456 2988 sibi

1877 3038 2189 3108 adjunctus,
2236 3035 2331 3090 sed
2376 3033 2579 3087 multos
2611 3044 2828 3101 quoque
2863 3038 2977 3082 tum
3022 3025 3284 3090 Judaicae,
3334 3033 3454 3079 tum

1875 3128 2081 3185 Graeca:
2119 3126 2377 3182 factionis
2406 3130 2740 3194 assumptos,
2772 3122 2948 3192 palam
2996 3131 3083 3176 est
3128 3119 3280 3172 illum
3310 3117 3366 3171 in
3394 3132 3456 3171 se

1879 3220 2085 3292 aliquid
2132 3217 2487 3275 excellentius
2521 3217 2733 3271 caeteris
2781 3212 3097 3268 hominibus
3146 3209 3454 3275 habuisse:

201 3300 527 3375 θαυμαστοῖς
547 3303 642 3356 καὶ
668 3303 987 3375 παραδόξοις
1014 3305 1216 3376 ἔργοις,
1246 3308 1340 3360 καὶ
1370 3306 1652 3380 ξενιζούσῃ
1679 3307 1775 3362 κέ-

1880 3329 1986 3384 qua
2014 3312 2158 3369 enim
2209 3310 2315 3365 alia
2364 3310 2575 3364 ratione
2613 3315 2669 3363 et
2708 3305 2921 3361 Judaiei
2952 3312 3007 3360 ct
3036 3303 3209 3359 Graeci
3242 3301 3459 3372 generis

199 3411 350 3469 χρητο
386 3396 736 3469 διδασκαλίας
780 3400 1059 3471 Μαρτυρεί
1091 3399 1150 3453 δὲ
1182 3398 1274 3453 καὶ
1302 3402 1335 3471 ἡ
1372 3399 1479 3453 τῶν
1512 3399 1777 3471 Πράξεων

1880 3404 2083 3459 multos
2111 3402 2218 3457 sibi
2239 3401 2538 3471 adjungere
2572 3399 2862 3469 potuisset,
2908 3396 3014 3451 nisi
3041 3394 3459 3450 admirabilihus

202 3488 292 3542 τῶν
329 3488 656 3543 ἀποστόλων
698 3488 921 3561 γραφὴ,
962 3490 1044 3544 ὅτι
1095 3489 1288 3544 πολλαὶ
1340 3489 1596 3561 μυριάδες
1637 3485 1777 3561 ἦσαν

1880 3497 2149 3567 fidemque
2178 3492 2567 3565 superantibus
2612 3492 2807 3561 gestis,
2852 3498 2905 3545 et
2935 3486 3183 3543 inaudita
3217 3485 3457 3555 quadam

212 3579 472 3635 Ἰουδαίων
505 3579 714 3651 ἀνδρῶν
744 3581 1123 3653 πεπεισμένων
1160 3581 1321 3635 αὑτὸν
1356 3577 1493 3634 εἶναι
1518 3581 1609 3634 τὸν
1640 3582 1777 3652 Χρι-

1880 3587 2132 3642 doctrina
2185 3600 2320 3640 usus
2367 3582 2547 3639 esset?
2594 3581 2758 3635 ﬁdem
2802 3580 2969 3635 etiam
3021 3577 3153 3632 facit
3197 3578 3334 3630 liber
3360 3576 3456 3646 qui

203 3674 311 3727 στὸν
333 3672 438 3729 τοῦ
475 3672 635 3737 Θεοῦ,
674 3675 767 3728 τὸν
801 3674 906 3728 ὑπὸ
942 3674 1053 3728 τῶν
1074 3673 1367 3747 προφητῶν
1404 3673 1781 3745 κατηγγελμέ-

204 3784 308 3821 νον’
333 3770 438 3824 καὶ
475 3771 509 3841 ἡ
549 3769 762 3840 ἱστορία
792 3768 851 3821 δὲ
889 3766 1129 3839 κατέχει,
1170 3767 1248 3830 ὡς
1287 3766 1381 3820 καὶ
1425 3765 1655 3838 μεγίστη
1695 3783 1780 3831 τις

203 3855 263 3930 ἦν
291 3862 594 3935 Ἐκκλησία
645 3859 885 3933 Χριστοῦ
939 3862 996 3914 ὲν
1041 3862 1156 3923 τοῖς
1201 3859 1621 3931 Ἰεροσολύμοις,
1672 3859 1779 3912 ἀπὸ

213 3948 478 4005 Ἰουδαίων
528 3951 965 4023 συγκροτουμένη
989 3989 1006 4013 ,
1061 3950 1223 4020 μέχρι
1269 3949 1379 4003 τῶν
1428 3949 1633 4021 χρόνων
1681 3950 1779 4019 τῆς

207 4045 312 4096 κατ’
343 4043 627 4117 ’Δδριανὺν
655 4043 991 4115 πολιορκίας.
1024 4043 1287 4111 Λέγονται
1319 4039 1452 4108 γοῦν
1494 4043 1543 4095 οἱ
1572 4041 1779 4112 πρῶτοι

207 4136 342 4189 κατὰ
366 4136 618 4207 διαδοχὴν
642 4137 968 4206 προστάντες
996 4134 1181 4190 αὐτόθι
1221 4134 1505 4187 ἐπίσκοποι
1540 4134 1778 4187 Ἰουδαῖοι

207 4228 509 4297 γεγονέναι,
559 4222 635 4281 ὧν
680 4228 773 4281 καὶ
817 4227 1052 4299 ὀνόματα
1100 4227 1267 4279 εἰσέτι
1312 4225 1407 4279 νῦν
1466 4224 1617 4295 παρὰ
1670 4225 1781 4287 τοῖς

206 4319 481 4393 incipiat;
526 4319 953 4392 μνημονεύεταιο
997 4319 1074 4382 ὡς
1127 4318 1221 4372 καὶ
1263 4318 1329 4370 ἐκ
1376 4316 1579 4370 τούτων
1628 4314 1782 4368 λελῦ-

212 4411 323 4466 σθαι
345 4415 529 4468 πᾶσαν
556 4415 656 4488 τὴν
688 4413 831 4468 κατὰ
852 4412 959 4466 τῶν
1003 4410 1257 4483 μαθητῶν
1307 4409 1473 4463 αὐτοῦ
1503 4407 1779 4479 διασολὴν,

211 4504 289 4558 ὅτε
318 4506 413 4560 καὶ
445 4504 582 4576 πρὸς
615 4502 813 4564 αὐτῶν,
846 4503 939 4556 καὶ
969 4501 1093 4572 δίχα
1117 4501 1215 4572 τῆς
1247 4500 1426 4553 αὐτῶν
1457 4499 1779 4571 μαρτυρίας,

214 4599 370 4673 μυρία
398 4597 742 4669 ὁμολογεῖται
775 4594 951 4665 πλήθη
994 4593 1263 4647 Ἰουδαίων
1285 4609 1346 4645 τε
1383 4593 1476 4645 καὶ
1517 4591 1780 4663 Ἑλλήνων

1877 3679 2015 3734 Acta
2062 3677 2434 3748 apostolorum
2484 3672 2825 3735 inscribitur,
2861 3670 3029 3738 multa
3061 3669 3228 3722 millia
3274 3666 3456 3720 homi-

1878 3786 2011 3828 num
2059 3769 2370 3826 Judaeorum
2412 3763 2738 3828 credidisse,
2795 3763 2949 3816 illum
3005 3776 3128 3816 esse
3171 3758 3455 3814 Christum

1878 3863 2001 3929 Dei,
2026 3877 2188 3933 quem
2226 3858 2504 3930 pr0phetae
2535 3864 2827 3910 venturum
2862 3851 3233 3906 nuntiassent.
3269 3847 3457 3901 llisto-

1879 3957 1958 4010 ria
1988 3969 2205 4026 quoque
2237 3951 2369 4006 illud
2395 3951 2557 4005 habet
2583 3967 2596 4002 :
2632 3947 2892 4018 grandem
2918 3943 3120 3998 Christi
3153 3940 3454 3995 Ecclesiam

1878 4046 2273 4118 Hierosolymis
2319 4042 2513 4107 fuisse,
2564 4054 2729 4111 quam
2783 4036 2956 4092 Judaei
3016 4036 3453 4105 comparassent,

1879 4140 2218 4208 durasseque
2273 4151 2447 4205 usque
2499 4133 2568 4188 ad
2634 4131 3015 4189 obsidionem,
3065 4144 3186 4197 qua:
3228 4120 3456 4177 Adriani

1880 4241 2125 4299 tempore
2150 4229 2291 4285 facta
2324 4235 2408 4283 est
2438 4244 2453 4291 ;
2487 4240 2619 4296 ergo
2648 4223 2742 4294 qui
2772 4220 2933 4292 primi
2961 4216 3205 4288 episcopi
3231 4230 3296 4270 ex
3334 4228 3457 4268 suc-

1879 4323 2132 4382 cessione
2178 4323 2290 4378 illic
2327 4320 2706 4393 praefuerunt,
2737 4313 2910 4368 Judzci
2962 4310 3133 4365 fuisse
3173 4308 3453 4369 dicuntur,

1881 4432 2114 4490 quorum
2163 4415 2382 4470 nomina
2435 4412 2504 4465 ab
2545 4409 2666 4479 ejus
2714 4405 2821 4459 loci
2870 4402 3065 4456 incolis
3114 4399 3276 4453 etiam
3308 4410 3454 4449 nunc

1881 4510 2277 4569 memorantur,
2320 4504 2476 4573 125
2509 4508 2569 4555 ut
2600 4515 2665 4555 ex
2689 4499 2775 4552 his
2805 4508 3025 4565 quoque
3054 4490 3233 4545 omnis
3259 4495 3454 4541 contra

1885 4600 2183 4670 discipulos
2216 4598 2362 4652 illius
2385 4594 2658 4650 calumnia
2694 4590 2960 4649 diluatur,
2994 4583 3212 4654 quando
3257 4587 3311 4635 et
3343 4579 3453 4634 illis

213 4672 360 4756 αὐτὸς
404 4690 615 4762 Ἰησοῦς
649 4691 679 4743 ὁ
718 4688 950 4760 Χριστὸς
999 4686 1093 4740 τοῦ
1134 4684 1267 4739 Θεοῦ
1308 4685 1377 4737 δι’
1419 4678 1495 4737 ὧν
1539 4682 1777 4737 ἐπετέλει

1885 4690 2324 4756 testificantibus,
2354 4700 2407 4743 et
2437 4696 2652 4749 contra,
2700 4682 2807 4736 illis
2856 4693 2964 4732 non
3008 4672 3451 4736 testificantihus,

215 4784 523 4858 παραδόξων
572 4782 750 4854 ἔργων
803 4782 893 4850 ὑφ’
930 4779 1141 4833 ’ἑαυτὸν
1193 4776 1576 4848 πεποιημένος.
1619 4773 1781 4828 Ἀλλὰ

215 4879 404 4933 τούτων
426 4880 560 4949 ἡμῖν
599 4875 699 4929 ἐπὶ
723 4874 975 4928 τοσοῦτον
1011 4869 1336 4944 εἰρημένων,
1370 4867 1508 4938 πρὸς
1533 4867 1595 4921 τὸ
1625 4866 1779 4938 πρῶ-

217 4985 294 5024 τον
313 4969 424 5025 τῶν
451 4968 696 5022 ἀπίστων
724 4966 930 5035 τάγμα,
963 4964 1114 5036 φέρε,
1145 4962 1241 5015 καὶ
1277 4958 1412 5031 πρὸ,
1440 4959 1500 5012 τὸ
1530 4957 1780 5030 δεύτερον

222 5065 389 5130 στῖφος
420 5059 719 5130 ἐνστῶμεν.
750 5056 921 5110 Τοῦτο
951 5055 1011 5117 δὲ
1039 5051 1106 5124 ἦν
1135 5054 1196 5108 τὸ
1222 5052 1331 5106 τῶν
1366 5049 1783 5121 συνομολογούν-

219 5169 311 5207 των
345 5154 443 5224 μὲν
475 5152 567 5205 τὸν
609 5149 812 5221 Ἰησοῦν
840 5148 906 5202 τὰ
938 5146 1210 5219 παράδοξα
1250 5140 1627 5214 πεποιηκέναι,
1655 5158 1785 5212 γοη-

216 5244 321 5316 τείᾳ
348 5244 405 5298 δὲ
437 5242 613 5305 ἄλλως
654 5240 747 5293 ἐπὶ
789 5238 967 5311 πλάνῃ
1009 5237 1116 5291 τῶν
1147 5233 1418 5305 ὁρώντων,
1458 5227 1546 5285 οἷα
1574 5230 1785 5300 θαυμα-

216 5335 429 5405 τουργὸν
458 5332 494 5405 ἢ
537 5328 833 5404 φαρμακέα
882 5326 1024 5391 τινὰ,
1057 5324 1458 5397 ’θαυμαστῶσαι
1494 5321 1620 5384 τοὺς
1640 5335 1777 5389 παρ·

219 5425 383 5491 ὄντας.

1886 4786 2003 4856 ipse
2041 4783 2224 4844 Jesus,
2262 4781 2356 4851 qui
2404 4779 2657 4835 Christus
2712 4779 2796 4828 est
2847 4769 2963 4833 Dei,
3015 4764 3450 4836 comprobatur:

1884 4873 2335 4932 innumerabilem
2368 4867 2796 4928 multitudinem,
2831 4870 2945 4915 tum
2993 4856 3306 4912 Juda'orum
3337 4860 3454 4906 tum

1883 4966 2195 5022 Graecorum
2226 4963 2330 5020 sibi
2360 4961 2465 5032 ipsi
2494 4957 2818 5027 subjecisse.
2849 4952 3116 5008 Caeterum
3167 4961 3292 5001 cum
3337 4945 3455 5000 haec

1884 5073 1914 5113 a
1937 5056 2095 5113 nobis
2120 5056 2268 5111 dicta
2289 5054 2399 5110 sint
2420 5052 2684 5106 adversus
2710 5048 2944 5117 primum
2974 5058 3083 5097 non
3109 5037 3454 5095 credentium

1883 5166 2078 5222 genus,
2114 5163 2263 5203 nunc
2284 5146 2350 5201 ad
2375 5145 2607 5199 alterum
2641 5145 3051 5199 convertamur,
3098 5132 3263 5203 idque
3295 5130 3454 5185 refel-

1881 5221 2079 5299 lamus.
2115 5240 2173 5296 Id
2221 5246 2403 5293 autem
2443 5242 2528 5291 est
2571 5247 2786 5294 eorum,
2820 5230 2916 5301 qui
2955 5228 3198 5281 fatentur
3232 5221 3453 5294 quidem

1881 5334 2067 5391 Jesulu
2093 5346 2182 5389 res
2204 5330 2441 5403 gessisse
2466 5323 2836 5389 admirabiles,
2866 5319 2961 5376 sed
3002 5314 3292 5389 praestigiis
3321 5326 3451 5367 ocu‘

1884 5428 1968 5483 los
1997 5425 2326 5481 intuentium
2361 5419 2649 5483 delusisse,
2690 5423 2853 5484 atque
2899 5421 2958 5467 ut
2991 5410 3169 5467 solent
3203 5408 3449 5462 incanta-

1884 5529 2030 5573 tores
2085 5523 2140 5570 et
2187 5510 2443 5576 veneﬁci,
2495 5510 2550 5563 in
2606 5501 3026 5560 admirationem
3075 5498 3162 5553 sui
3215 5492 3450 5550 traxisse

1883 5618 2176 5680 praesentes
2190 5646 2202 5659 .

286 5786 359 5856 (ι)
392 5782 593 5839 Procul
627 5781 798 5856 dubio
824 5780 1095 5856 glossema
1150 5783 1235 5836 est
1266 5784 1320 5835 et
1358 5772 1679 5847 marginalis
1740 5765 2024 5839 cujusdam
2066 5760 2362 5820 Christiani
2405 5758 2631 5817 lectoris
2680 5753 2983 5822 adnotatio,
3052 5752 3181 5807 licet
3238 5742 3467 5801 habea-,

229 5850 308 5911 tur
340 5856 392 5911 in
420 5871 555 5914 mss.
580 5863 636 5914 et
661 5854 717 5909 in
745 5850 1002 5922 Josepbo.
