3880 6256
458 318 565 373 225

1109 321 1377 379 EUSEDll
1410 319 1885 377 CESARIENSIS
1919 319 2067 377 OPP.
2110 318 2291 374 PARS
2325 319 2388 374 ll.
2429 351 2501 361 —
2535 315 3031 376 APOLOGETICA.

3561 319 3657 373 εει

459 434 548 491 Vl.
585 432 786 492 Contra
818 453 905 492 eos
941 437 1026 509 qui
1054 439 1492 520 or‘wstigiatorem
1519 448 1707 510 putant
1746 438 2011 495 Christum

2123 438 2211 503 (τ’.
2278 434 2435 506 Πρὸς
2458 434 2599 501 τοὺς
2616 432 3187 520 ῠοῑομέγουςκγφῖςξ
3226 427 3521 499 γεγονέναι
3566 433 3660 487 τὸν

1085 507 1184 562 Dei
1204 507 1389 577 fuisse.

526 617 603 674 Ac
631 619 865 690 primum
909 620 1127 690 quidem
1174 622 1268 678 isti
1297 622 1664 695 interrogandi
1704 632 1853 690 sunt,
1891 624 2021 694 quid

459 708 529 765 ad
583 725 647 765 ea
687 726 808 781 quae
839 719 1252 768 antecesserunt
1298 716 1709 785 respondeant?
1747 714 2020 786 Numquid

460 800 604 854 ullus
659 801 940 857 hominum
982 819 1211 874 usquam
1263 806 1557 876 excogitari
1602 805 1821 877 potuit,
1872 807 2018 863 omni

455 893 721 962 gravitate
756 908 821 948 ac
850 895 1052 950 virtute
1095 895 1309 952 referta:
1353 897 1667 968 reipublicae
1709 899 2016 967 institutor,

455 985 794 1055 sinceraque
832 992 897 1041 ac
934 1002 1077 1042 vera:
1109 988 1393 1053 doctrinae,
1429 991 1608 1059 qualis
1636 1007 1700 1046 ea
1736 998 1823 1047 est
1853 1007 2019 1059 quam

454 1083 580 1131 ante
604 1078 979 1146 exposuimus,
1012 1088 1311 1151 praeceptor
1336 1098 1348 1133 :
1371 1082 1464 1151 qui
1500 1097 1682 1137 mores
1721 1084 2017 1154 praestigia-

454 1165 591 1220 toris
619 1165 913 1222 habuerit?
950 1167 1103 1235 Quod
1135 1171 1179 1227 si
1207 1179 1263 1225 et
1298 1186 1510 1242 magus,
1548 1181 1603 1228 et
1639 1174 1930 1239 veneficus,
1964 1184 2020 1230 et

452 1255 740 1329 impostor,
765 1267 819 1313 et
865 1263 1231 1332 praestigiator
1270 1262 1390 1328 fuit,
1420 1280 1658 1333 quonam
1705 1266 1867 1322 modo
1891 1267 2017 1323 talis

451 1346 714 1405 doctrinae
741 1352 883 1420 apud
916 1368 1106 1408 omnes
1155 1364 1342 1425 gentes
1382 1364 1574 1412 auctor
1615 1359 1842 1423 exstitit,
1880 1375 2015 1429 qua-

452 1440 555 1495 lem
590 1440 658 1495 ad
683 1442 829 1498 hunc
847 1460 1017 1513 usque
1043 1446 1184 1500 diem
1207 1454 1263 1502 et
1290 1448 1464 1504 oculis
1494 1449 1790 1515 intuemur,
1820 1457 1875 1507 et
1905 1467 2016 1506 au-

450 1531 604 1588 ribus
640 1536 1004 1605 percipimus?
1030 1537 1226 1594 deinde
1278 1541 1401 1610 quis
1448 1548 1561 1595 tam
1607 1542 1712 1597 sibi
1762 1541 1867 1613 ipsi
1890 1558 2014 1599 cono

448 1624 644 1691 ﬁdens,
669 1634 729 1682 ut
756 1629 1103 1699 aggrediatur
1134 1646 1197 1685 ea
1222 1632 1278 1687 in
1308 1648 1474 1687 unum
1506 1648 1720 1703 cogere,
1751 1651 1872 1705 qum
1892 1638 2011 1707 cogi

449 1717 601 1774 nullo
624 1718 785 1773 modo
831 1722 1103 1789 possunt?
1129 1720 1263 1787 Quis
1306 1724 1451 1779 enim
1485 1740 1614 1780 vere
1655 1727 2014 1797 praestigiator

448 1815 555 1874 est,
594 1824 718 1865 cum
758 1818 812 1865 et
858 1812 1143 1867 sceleratis
1174 1813 1246 1867 sit
1289 1822 1344 1870 et
1381 1814 1608 1872 nefariis
1643 1818 1909 1884 moribus,
1957 1828 2011 1875 et

448 1914 545 1956 eas
593 1916 684 1957 res
726 1903 1103 1973 aggrediatur,
1154 1920 1277 1976 qute
1322 1907 1625 1978 desperatis
1680 1910 2013 1983 nefariisque

451 1992 764 2049 hominibus
799 1998 1144 2061 conveniant,
1183 1998 1365 2052 omnia
1389 2013 1552 2069 agere
1576 2002 1714 2056 solet
1743 2003 1920 2072 turpis
1949 2019 2012 2059 ac
2023 2053 2047 2082 ,

445 2084 653 2140 sordidi
692 2087 829 2140 lucri
869 2088 1061 2158 gratia.
1107 2088 1377 2161 Numquid
1402 2093 1567 2163 igitur
1604 2091 1853 2148 Salvator
1880 2109 2014 2164 quo-

446 2191 575 2244 que,
627 2192 691 2232 ac
735 2176 999 2237 Dominus
1043 2190 1233 2238 noster
1273 2183 1456 2249 Jesus,
1499 2187 1594 2256 qui
1631 2184 1890 2242 Christus
1927 2194 2012 2243 est

445 2268 564 2333 Dei,
594 2270 793 2327 talibus
822 2272 984 2328 rebus
1007 2276 1277 2332 obnoxius
1304 2278 1416 2332 sit?
1442 2281 1510 2332 At
1526 2279 1670 2334 enim
1694 2280 1839 2336 unde
1868 2290 2013 2336 tene-

443 2359 593 2415 bitur
617 2377 765 2425 reus,
791 2373 884 2418 aut
912 2367 1205 2435 quomodo,
1233 2369 1326 2439 qui
1364 2371 1479 2425 suis
1516 2371 1822 2441 discipulis,
1854 2379 1912 2425 ut
1943 2388 2009 2427 ex

444 2448 688 2521 ipsorum
734 2455 1048 2510 testimonio
1089 2465 1335 2527 apparet,
1365 2459 1624 2529 praecepit
1655 2475 1723 2514 ne
1766 2458 2011 2528 posside-

442 2550 567 2597 rent
595 2558 808 2611 aurum,
836 2553 929 2599 aut
959 2555 1240 2618 argentum
1275 2549 1328 2603 in
1366 2549 1518 2604 zonis
1543 2549 1680 2613 suis,
1711 2564 1890 2619 neque
1923 2565 2012 2618 pe-

442 2647 560 2687 ram
590 2635 647 2688 in
687 2636 797 2701 via,
838 2653 1016 2707 neque
1053 2640 1457 2695 calceamenta?
1493 2638 1700 2696 Deinde
1739 2655 1836 2695 cur
1862 2640 2010 2696 dicto

442 2722 591 2780 illius
617 2726 901 2785 audientes
958 2729 1208 2794 fuissent,
1251 2738 1305 2785 et
1330 2745 1395 2786 ea
1423 2747 1545 2802 quas
1580 2740 1904 2801 acceperant
1951 2731 2009 2786 in

443 2820 864 2876 commentarios
907 2821 1193 2877 referenda
1229 2822 1535 2893 litterisque
1575 2825 2008 2881 commendanda

424 2917 752 2978 ,putassent,
789 2912 831 2966 si
865 2913 1111 2982 pecun’e
1154 2913 1460 2969 studiosum
1511 2929 1670 2969 suum
1705 2914 2011 2986 Praecepto-

442 3014 560 3053 rem
590 3000 888 3065 vidissent,
918 3011 974 3058 ct
1013 3005 1046 3060 ii
1069 3031 1098 3076 τε
1116 3006 1389 3064 contraria
1438 3021 1560 3075 quae
1600 3007 1739 3063 alios
1781 3007 2010 3064 docebat

2611 505 2866 574 Χριστὸν·
2896 504 3001 557 τοῦ
3036 504 3204 554 Θεοῦ.

2193 621 2302 674 Καὶ
2334 621 2396 692 δὴ
2432 619 2618 674 τούσδε
2650 620 2862 691 πρῶτον
2905 617 3153 671 ἁπάντων
3198 612 3507 684 ἐρωτητέον,
3552 613 3663 669 τίνα

2123 716 2278 782 φαῖεν
2304 713 2441 785 πρὸς
2461 711 2530 765 τά
2556 710 2957 783 προωδευμένα.
2982 704 3046 761 Ἀ
3060 725 3128 779 ρα
3151 706 3259 776 γάρ
3285 704 3556 775 ἐπινοῆσαι
3582 705 3661 759 δυ-

2121 805 2299 869 νατὸν,
2328 803 2494 876 ἄνδρα
2521 802 2833 856 διδάσκαλον
2858 800 3059 872 σεμνῆς
3084 799 3176 852 καὶ
3204 796 3499 868 παναρέτου
3532 795 3662 850 πολι-

2118 894 2288 959 τείας,
2316 894 2484 963 ἀγίων
2501 911 2561 947 τε
2596 894 2690 948 καὶ
2712 891 2927 964 ἀληθῶν
2958 890 3260 961 δογμάτων,
3289 888 3413 943 οἴων
3429 888 3664 960 προδιήλ-

2121 985 2304 1058 θομεν,
2331 985 2501 1057 γόητα
2523 985 2614 1039 τὸν
2633 984 2834 1055 τρόπον
2861 982 3142 1053 γεγονέναι
3167 998 3182 1046 ;
3214 982 3277 1034 Εί
3296 980 3353 1033 δὲ
3375 981 3439 1051 δὴ
3464 997 3662 1050 μαγγα-

2118 1079 2309 1150 νευτής
2332 1095 2415 1141 τις
2446 1073 2514 1148 ἦν
2542 1077 2634 1130 καὶ
2664 1076 3005 1147 φαρμακεῦς,
3036 1071 3285 1126 ἀπατεὼν
3312 1088 3371 1124 τε
3403 1072 3493 1124 καὶ
3520 1071 3659 1141 γόης,

2119 1168 2236 1233 πῶς
2259 1169 2323 1223 ἂν
2346 1167 2600 1238 τοιαύτης
2631 1166 2972 1230 διδασκαλίας
3002 1166 3132 1218 πᾶσι
3163 1167 3275 1226 τοῖς
3332 1162 3502 1215 ἔθνεσι
3543 1179 3662 1215 κατ-

2117 1262 2249 1333 έστη
2271 1263 2459 1326 αἴτιος,
2483 1263 2599 1326 οἵας
2620 1262 2774 1314 αὐτοὶ
2800 1259 3014 1332 ὁρῶμεν
3041 1257 3355 1328 ὀφθαλμοῖς,
3373 1255 3465 1308 καὶ
3491 1256 3663 1318 ἀκοαῖς

2116 1356 2197 1418 εἰς
2228 1353 2386 1425 δεῦρο
2426 1352 2956 1425 παραλαμϐάνομενς
2992 1350 3148 1414 Ποῖος
3174 1349 3230 1402 δέ
3266 1349 3360 1402 καὶ
3397 1348 3662 1419 αἱρήσεται

2114 1445 2183 1498 τὰ
2215 1443 2490 1498 ἀσύνακτα
2523 1444 2803 1512 συνάγειν;
2838 1443 2971 1515 γόης
2994 1443 3091 1513 μὲν
3123 1441 3229 1513 γάρ
3256 1457 3341 1504 τις
3366 1439 3439 1503 ῶς
3468 1438 3666 1509 ἀληθῶς

2115 1536 2326 1599 ἀνόσιος
2367 1537 2462 1589 καὶ
2504 1535 2700 1607 μιαρὸς
2740 1535 2831 1588 τὸν
2875 1534 3096 1606 τρόπον,
3146 1531 3529 1604 ἀπειρημένοις
3578 1530 3664 1584 καὶ

2116 1629 2346 1692 ἀνοσίοις
2370 1627 2650 1700 ἐγχειρῶν,
2672 1627 2850 1681 πάντα
2874 1628 3099 1699 πράττει
3128 1623 3355 1696 αἰσχροῦ
3388 1622 3481 1676 καὶ
3504 1624 3640 1694 ρυπα
3655 1647 3666 1663 -

2116 1721 2210 1790 ροῦ
2237 1721 2458 1789 κέρδους
2480 1720 2657 1791 χάριν.
2684 1721 2828 1791 Μήτι
2854 1714 2946 1772 οῦν
2974 1718 3068 1772 καὶ
3095 1718 3125 1770 6
3149 1717 3339 1788 Σωτὴρ
3364 1716 3457 1770 καὶ
3478 1713 3666 1784 Κύριος

2112 1812 2266 1884 ήμῶν
2294 1812 2505 1883 Ἰησοῦς
2532 1813 2561 1865 6
2592 1811 2826 1884 Χριστὸς
2854 1810 2949 1865 τοῦ
2977 1809 3111 1864 Θεοῦ
3158 1807 3387 1862 τοιοῖσδέ
3417 1822 3553 1860 τισιν
3584 1803 3664 1858 ἑν-

2110 1921 2234 1974 οχος
2261 1899 2362 1974 ἧν;
2395 1904 2582 1969 Πόθεν,
2617 1904 2651 1975 ἢ
2694 1902 2831 1967 πῶς,
2867 1904 2896 1956 6
2925 1905 3037 1966 τοῖς
3068 1900 3260 1954 ἑαυτοῦ
3293 1898 3573 1971 μαθηταῖς,
3597 1896 3666 1959 ὡς

2112 1994 2245 2064 πρὸς
2264 1993 2444 2047 αὐτῶν
2473 1993 2909 2065 μεμαρτύρηται,
2932 1988 3167 2063 εἰρηκώς
3186 2005 3201 2018 ο
3240 2006 3259 2037 ‹
3291 1987 3382 2058 Μὴ
3409 1982 3664 2056 κτήσησθε

2111 2086 2330 2158 χρυσὸν,
2376 2086 2495 2156 μηδ’
2530 2085 2770 2157 ἄργυρον
2806 2085 2886 2147 είς
2925 2082 3023 2146 τάς
3049 2079 3222 2145 ζώνας
3250 2077 3425 2150 ὑμῶν,
3472 2076 3542 2147 μὴ
3572 2078 3667 2145 πήσ-

2113 2196 2210 2250 ραν
2236 2179 2316 2242 είς
2343 2178 2480 2243 ὁδὸν,
2517 2178 2633 2249 μηδ’
2663 2175 3015 2247 ὐποδήματα;
3049 2193 3066 2226 ι
3100 2172 3225 2237 Πῶς
3252 2171 3297 2225 δ’
3319 2170 3385 2224 ἂν
3410 2167 3669 2222 ἐπείθοντο

2109 2269 2338 2337 λέγοντι,
2369 2270 2461 2323 καὶ
2494 2270 2550 2322 ἐν
2574 2266 3130 2340 ἀπομνημονεύμασιν
3173 2261 3471 2335 ἐγγράφοις
3508 2258 3667 2313 ταῦτα

2110 2363 2460 2434 παραδιδόναι
2493 2361 2698 2431 ἠξίουν,
2732 2363 2781 2414 εί
2812 2356 3278 2432 χρηματιζόμενον
3310 2357 3403 2409 τὸν
3428 2354 3665 2408 διδάσκα-

2109 2455 2198 2509 λον
2224 2455 2409 2528 ἐώρων
2454 2458 2549 2509 καὶ
2584 2455 2904 2509 κατεναντία
2919 2448 2997 2517 οἷς
3025 2452 3245 2523 ἐτέρους
3273 2450 3516 2502 ἐδίδασκε
3547 2463 3665 2518 μετ-

2112 2547 2296 2615 ιόντα;
2341 2547 2516 2601 Πάλαι
2551 2549 2595 2601 δ’
2632 2547 2696 2601 ἃν
2724 2545 3187 2614 καταγελάσαντες
3207 2541 3399 2609 αὐτοῦ,
3438 2541 3529 2595 καὶ
3569 2538 3668 2593 τῶν

2108 2638 2279 2707 λόγων
2307 2637 2769 2702 καταπτύσαντες,
2830 2634 3180 2707 ἀνεχώρησαν
3230 2635 3332 2705 τῆς
3387 2632 3667 2704 μαθητείας

2108 2728 2350 2793 εἰκότως,
2383 2730 2432 2781 εἰ
2463 2729 2644 2793 αὐτοῖς
2678 2730 2774 2800 μὲν
2795 2727 3019 2782 τοιαῦτα
3050 2725 3261 2797 σεμνῶς
3294 2725 3667 2796 νομοθετοῦντα

2109 2817 2315 2890 ἐώρων,
2364 2821 2526 2875 αὐτὸν
2566 2820 2622 2873 δὲ
2663 2820 2756 2873 τὸν
2778 2819 3072 2890 νομοθέτην
3110 2819 3231 2871 κατ’
3259 2817 3453 2871 οὐδένα
3482 2816 3667 2887 τρόπον

2109 2910 2376 2982 ἑπόμενον
2405 2915 2517 2977 τοῖς
2549 2912 2768 2976 οἰκείοις
2804 2911 3002 2981 λόγοις.
3036 2910 3203 2965 Πάλιν
3240 2910 3271 2964 6
3302 2908 3402 2980 μὲν
3426 2908 3554 2977 γόης
3585 2906 3669 2959 καὶ

2109 3008 2186 3071 ὠς
2229 3005 2443 3078 ἀληθῶς
2487 3006 2684 3069 πλάνος
2732 3007 2844 3070 τοῖς
2881 3004 3267 3076 ἀπειρημέναις
3306 3003 3543 3063 καὶτοῖς
3586 3000 3670 3053 ἀν-

444 3094 806 3148 tractanlem?
853 3094 971 3149 Non
1019 3096 1111 3150 diu
1164 3096 1409 3167 profecto
1453 3113 1514 3154 se
1563 3099 2004 3166 continuissent,

2112 3098 2270 3162 οσίοις
2301 3099 2492 3151 ἐαυτὸν
2520 3097 2842 3164 ἐπιδίδωσιν,
2874 3097 3100 3150 ἀνοσίων
3132 3094 3224 3149 καὶ
3252 3094 3527 3165 ἀθεμίτων
3567 3084 3669 3161 ἡδοα

442 3181 577 3253 quin
599 3183 750 3236 illum
784 3184 1104 3243 habuissent
1134 3188 1360 3256 derisui,
1388 3191 1655 3263 verbaque
1676 3192 1796 3261 ejus
1829 3206 2011 3263 asper-

445 3272 559 3325 nati
601 3285 817 3343 essent,
873 3284 1037 3348 atque
1076 3294 1106 3333 a
1153 3280 1447 3351 disciplina
1504 3283 1864 3339 recessissent
1901 3298 1914 3334 :
1958 3291 2013 3339 et

444 3366 642 3423 merito
670 3369 909 3438 quidem,
942 3372 988 3425 si
1017 3371 1280 3428 vidissent
1314 3374 1467 3428 illum
1492 3371 1597 3429 sibi
1623 3376 1843 3445 quidem
1876 3375 2011 3446 ipsis

444 3457 820 3514 severissimus
839 3460 981 3529 leges
1008 3461 1394 3531 imponentem,
1415 3465 1589 3533 ipsum
1625 3476 1803 3521 autem
1832 3467 2009 3537 legum

445 3555 722 3603 auctorem
756 3551 903 3605 nullo
937 3552 1098 3607 modo
1137 3554 1295 3609 verba
1331 3570 1553 3610 suarum
1582 3557 1759 3627 legum
1777 3572 2011 3628 sequen-

442 3645 576 3693 tem.
613 3636 816 3695 Deinde
844 3641 937 3709 qui
967 3657 1094 3697 vere
1117 3645 1483 3713 praastigiator
1520 3655 1607 3700 est
1634 3660 1699 3698 ac
1728 3647 2006 3709 seductor,

439 3726 745 3800 desperatis
765 3731 1098 3804 nefariisque
1125 3735 1436 3792 hominibus
1457 3737 1694 3808 seipsum
1721 3738 2007 3808 permittit,

446 3820 609 3891 126
651 3829 711 3876 ut
759 3823 931 3893 possit
972 3824 1200 3881 liberius
1244 3827 1504 3884 scelestas
1544 3836 1706 3895 atque
1757 3827 2009 3884 infandas

440 3912 752 3980 voluptates
788 3916 1062 3985 persequi,
1087 3925 1141 3971 et
1170 3919 1461 3989 prazstigiis
1488 3925 1652 3989 atque
1684 3921 2011 3976 incantatio-

444 4003 608 4057 nibus
647 4004 899 4075 subigere
931 4008 1283 4065 mulierculas
1312 4019 1366 4065 et
1406 4011 1510 4066 sub
1553 4027 1705 4066 suam
1746 4013 2007 4067 malitiam

443 4091 683 4147 trahere.
730 4091 799 4147 At
837 4110 965 4149 vero
995 4095 1063 4151 de
1115 4095 1417 4155 Salvatoris
1458 4115 1523 4155 ac
1572 4100 1784 4155 Domini
1834 4103 2007 4158 nostri

443 4185 803 4253 temperantia
841 4202 911 4241 ne
944 4187 1051 4242 dici
1082 4189 1301 4258 quidem
1339 4192 1475 4247 satis
1507 4193 1721 4249 abunde
1765 4209 2006 4264 unquam

442 4284 649 4345 posset.
684 4275 897 4334 Rursus
949 4281 1095 4336 enim
1148 4281 1400 4354 discipuli
1447 4284 1599 4339 illum
1647 4286 2010 4341 testificantur

2108 3189 2218 3243 νῶν
2241 3189 2423 3243 ἕνεκεν
2451 3189 2640 3260 θήρας,
2670 3188 2808 3242 ὥστε
2835 3188 2934 3260 ήδη
2966 3187 3051 3242 διά
3073 3186 3172 3251 τάς
3211 3185 3548 3258 μαγγανείας
3577 3199 3668 3250 γυ-

2110 3282 2271 3336 ναῖκά
2305 3300 2426 3335 τινα
2459 3281 2814 3336 καταϐάλλειν
2851 3281 2946 3334 καὶ
2971 3278 3259 3350 ύποσύρειν
3292 3281 3363 3350 τῇ
3383 3275 3550 3331 αὐτοῦ
3576 3290 3671 3327 κα·

2108 3371 2234 3443 κίᾳ·
2286 3373 2315 3424 6
2345 3372 2400 3425 δὲ
2430 3373 2619 3443 Σωτὴρ
2654 3372 2748 3425 καὶ
2772 3370 2974 3442 Κύριος
3004 3368 3162 3440 ήμῶν
3192 3368 3303 3422 οὐδ’
3333 3368 3481 3421 ἐστιν
3510 3364 3671 3418 εἰπεῖν

2107 3465 2252 3528 ὅπως
2283 3464 2649 3536 ἀνέστραπται
2675 3462 2802 3534 περὶ
2841 3460 3207 3534 σωφροσύνην,
3242 3460 3409 3514 ὁπότε
3447 3458 3603 3512 πάλιν
3625 3455 3672 3508 οι

2113 3554 2350 3626 μαθηταὶ
2379 3554 2712 3626 μαρτυροῦσι
2740 3555 3021 3625 παραινεῖν
3044 3553 3162 3624 μηδ’
3188 3552 3487 3623 ἐμὸλέπειν
3501 3563 3673 3621 γυναι·

2109 3647 2167 3698 xl.
2215 3647 2329 3716 μετ’
2376 3644 2667 3715 ἐπιθυμίας
2706 3643 3026 3707 ἀκολάστου,
3077 3644 3363 3714 φήσαντα’
3402 3662 3420 3693 ι
3448 3639 3670 3713 Ἐρρέθη

2106 3738 2219 3797 τοῖς
2244 3736 2520 3808 ἀρχαίοις·
2558 3737 2632 3789 υύ
2685 3733 2987 3807 μοιχεύσεις
3011 3750 3025 3765 ο
3078 3732 3190 3802 ἐγὼ
3230 3733 3291 3787 δὲ
3337 3734 3483 3802 λέγω
3533 3732 3670 3801 ὑμῖν,

2107 3829 2188 3881 ὅτι
2223 3829 2329 3892 πᾶς
2358 3829 2386 3881 6
2409 3828 2695 3898 ἐμϐλέπων
2717 3829 2952 3896 γυναῖκα
2970 3826 3107 3898 πρὸς
3125 3825 3186 3879 τὸ
3209 3825 3551 3896 ἐπιθυμῆσαι
3580 3822 3674 3874 αὐ-

2107 3918 2205 3990 τὴν
2227 3919 2325 3990 ήδη
2358 3919 2675 3991 ἐμοίχευσεν
2697 3918 2866 3989 αὐτὴν
2894 3918 2952 3971 ἐν
2976 3920 3041 3989 τῇ
3065 3916 3261 3989 καρδίᾳ
3290 3916 3482 3971 αὑτοῦ.
3514 3934 3532 3967 ι
3569 3909 3672 3967 Καί

2108 4028 2238 4064 ποτε
2283 4011 2595 4080 ἀναγκαίως
2640 4010 2734 4063 ἐπὶ
2759 4009 2993 4080 ὠφελείᾳ
3034 4010 3128 4062 καὶ
3175 4008 3426 4079 σωτηρίᾳ
3473 4003 3671 4059 πολλῶν

2108 4102 2455 4174 Σαμαρείτιδι
2498 4103 2715 4172 γυναικὶ
2759 4100 3132 4171 διαλεγόμενον
3164 4100 3330 4153 αὐτὸν
3366 4096 3671 4167 τεθεαμένοι

2108 4193 2431 4264 ἐθαύμαζον,
2471 4195 2552 4248 ὅτι
2601 4193 2737 4265 μετὰ
2761 4194 3018 4261 γυναικὸς
3042 4193 3240 4255 ἐλάλει,
3281 4190 3587 4263 παράδοξόν
3624 4204 3674 4242 τι

2107 4283 2263 4339 τοῦτο
2301 4284 2549 4350 δόξαντες
2571 4287 2722 4358 ὀρᾷν,
2750 4285 2937 4358 ὥσπερ
2967 4285 3117 4340 οὔπω
3144 4284 3238 4338 καὶ
3267 4284 3462 4338 ἄλλοτε
3487 4281 3675 4354 πρότε-

441 4369 788 4441 przecepisse,
833 4382 893 4428 ut
931 4389 1000 4429 ne
1050 4375 1393 4432 intuerentur
1444 4378 1665 4448 quidem
1723 4380 2003 4435 mulierem

2112 4391 2223 4446 ρον.
2272 4375 2496 4447 Συνίστη
2533 4375 2587 4428 δέ
2627 4376 2736 4447 ἄρα
2772 4376 2801 4428 6
2840 4375 2993 4444 λόγος
3030 4374 3123 4428 τοῦ
3159 4375 3420 4445 Σωτῆρος
3444 4368 3676 4444 ήμῶνςδ

442 4474 568 4514 cum
609 4457 853 4527 libidine,
895 4464 983 4521 his
1019 4467 1198 4522 verbis
1239 4486 1254 4523 :
1292 4486 1312 4520 ι
1353 4447 1565 4524 Dictum
1615 4478 1699 4526 est
1737 4470 2000 4540 antiquis,

2112 4465 2361 4538 ἐμϐριθὲς
2404 4467 2498 4520 καὶ
2540 4467 2809 4538 αὐστηρὸν
2847 4466 2940 4521 τοῦ
2964 4466 3166 4537 τρόπου
3232 4460 3675 4536 Σωφροσύνηςδὲ

439 4549 559 4606 Non
596 4553 975 4619 mmcbaberis,
1003 4570 1104 4626 ego
1134 4563 1314 4613 autem
1357 4558 1480 4614 dico
1513 4558 1690 4622 vobis,
1714 4558 1857 4628 quod
1885 4559 2007 4629 qui-

441 4658 658 4714 cunque
700 4645 1003 4702 intuebitur
1058 4649 1339 4704 mulierem
1383 4650 1452 4705 ad
1508 4651 2002 4720 concupiscendum

439 4749 581 4800 eam,
606 4735 718 4804 jam
754 4737 1059 4793 moechatus
1084 4746 1168 4794 est
1183 4755 1303 4794 eam
1325 4740 1382 4795 in
1415 4741 1580 4796 corde
1600 4741 1780 4795 suo".
1821 4759 1840 4792 ι
1866 4739 2002 4794 Cum

443 4840 571 4879 vero
596 4826 723 4879 olim
745 4842 812 4881 ex
834 4836 998 4881 causa
1010 4828 1405 4895 necessaria,ut
1425 4828 1610 4884 multis
1631 4830 1820 4899 utique
1836 4824 2008 4898 prod-

443 4925 612 4983 esset,
653 4932 780 4973 cum
840 4917 1183 4975 Samaritana
1229 4922 1460 4976 muliere
1501 4921 1812 4992 loquentem
1853 4919 2003 4973 illum

442 5010 729 5078 vidissent,
774 5009 1028 5066 admirati
1060 5019 1188 5066 sunt
1224 5013 1370 5083 quod
1401 5028 1527 5068 cum
1567 5011 1794 5067 muliere
1817 5011 2007 5082 loque-

442 5110 617 5168 retur,
650 5103 992 5173 inopinatum
1019 5104 1276 5175 quiddam
1305 5106 1409 5160 hoc
1439 5112 1602 5175 atque
1637 5104 1914 5159 insolitum
1946 5118 2007 5158 se

444 5196 645 5253 intueri
673 5197 1023 5260 arbitrantes.
1067 5205 1323 5268 tanquam
1353 5198 1392 5253 ii
1422 5197 1517 5268 qui
1545 5210 1824 5267 nunquam
1852 5201 2006 5250 ante-

444 5288 550 5343 hac
580 5288 721 5344 idem
755 5287 1038 5345 vidissent.
1070 5288 1499 5348 Commendabat
1526 5289 1671 5344 enim
1706 5287 2007 5344 Salvatoris

446 5380 618 5435 nostri
664 5395 845 5436 sermo
870 5380 1004 5437 nihil
1042 5380 1209 5446 aliud,
1246 5381 1352 5438 nisi
1390 5381 1448 5437 in
1490 5381 1734 5438 moribus
1773 5379 2008 5452 gravita-

447 5483 556 5527 tem
574 5479 738 5542 atque
765 5474 1153 5531 austeritatem.
1172 5473 1440 5530 Caeterum
1465 5475 1839 5544 temperantia;
1859 5473 2008 5541 ejus-

449 5564 594 5631 dem,
614 5564 707 5620 illa
748 5580 965 5637 quoque
1000 5566 1255 5624 doctrina
1290 5581 1486 5639 magno
1530 5573 1850 5637 argumento
1887 5579 2009 5623 esse

518 5735 565 5771 "
593 5734 779 5795 Matth.
811 5755 866 5810 v,
897 5735 989 5807 27,
1018 5737 1109 5794 εδ.

2106 4555 2269 4609 αὐτοῦ
2313 4556 2454 4626 μέγα
2488 4555 2690 4627 δεῖγμα
2710 4552 2777 4627 ἦν
2811 4558 3034 4628 κάκείνη
3070 4559 3102 4628 ἡ
3133 4555 3471 4620 διδασκαλία,
3519 4553 3584 4607 δι’
3612 4546 3676 4623 ἧς

2107 4647 2354 4716 ἁγνεύειν
2378 4646 2434 4715 ἐξ
2451 4647 2614 4703 αὐτοῦ
2632 4646 2725 4701 τοῦ
2751 4648 2850 4718 τῆς
2878 4648 3109 4712 διανοίας
3135 4647 3357 4717 βάθους,
3388 4646 3491 4711 τὰς
3505 4649 3675 4716 ἐμπα-

2109 4738 2220 4802 θεῖς
2250 4737 2455 4809 ὀρέξεις
2496 4739 2900 4810 ἀποτέμνοντας
2939 4740 3182 4794 ἐδίδασκε
3210 4739 3424 4808 λέγων·
3472 4758 3492 4791 ι
3530 4734 3676 4791 Εἰσὶν

2108 4829 2352 4899 εὐνοῦχοι
2379 4827 2575 4894 οἵτινες
2598 4830 2966 4900 ἐγεννήθησαν
2990 4829 3186 4893 οὕτως’
3217 4830 3315 4883 καὶ
3330 4829 3476 4883 εἰσὶν
3495 4824 3675 4881 εὐνοῦ-

2109 4936 2191 4989 χοι
2220 4918 2413 4985 οἵτινες
2454 4919 2873 4991 εὐνουχίσθησαν
2902 4921 3005 4973 ὑπὸ
3029 4918 3376 4991 ,ἀνθρώπων
3424 4920 3521 4973 καὶ
3546 4917 3677 4971 εἰσὶν

2109 5008 2351 5078 εὐνοῦχοι
2388 5009 2581 5071 οἵτινες
2630 5008 2941 5079 εὐνούχισαν
2989 5011 3211 5075 ἑαυτοὺς
3253 5010 3346 5064 διά
3396 5010 3497 5080 τὴν
3532 5009 3678 5079 βασι-

2108 5102 2256 5156 λείαν
2285 5102 2394 5156 τῶν
2420 5101 2683 5174 οὐρανῶν.
2718 5120 2736 5153 ι
2770 5103 2938 5157 Πάλιν
2969 5105 2998 5156 6
3030 5103 3128 5174 μὲν
3161 5103 3296 5173 γόης
3335 5104 3435 5157 καὶ
3469 5098 3677 5173 ἀληθῶς

2109 5192 2405 5256 λαοπλάνος
2429 5197 2606 5247 πάντα
2633 5195 2870 5265 ἐγχειρεῖ
2894 5194 2986 5248 καὶ
3017 5196 3240 5266 πράττει
3268 5194 3584 5260 δοξοκοπῶν
3612 5190 3677 5244 τά

2110 5282 2281 5337 πολλά
2314 5282 2779 5352 φαντασιοκοπῶν,
2812 5284 2904 5336 κα)⁸
2936 5283 3096 5336 πλέον
3126 5302 3177 5337 τι
3207 5283 3366 5356 παρὰ
3384 5285 3516 5349 τοὺς
3552 5280 3674 5335 πολ-

2109 5374 2233 5438 λοὺς
2268 5373 2464 5426 εἰδέναι
2485 5374 2576 5427 καὶ
2601 5373 2743 5444 ἔχειν
2772 5373 3274 5444 μεγαλαυχούμενος
3296 5392 3310 5404 ·
3347 5377 3377 5428 6
3405 5374 3464 5430 δὲ
3496 5372 3681 5442 Σωτὴρ

2111 5467 2206 5521 καὶ⁵
2234 5465 2436 5537 Κύριος
2465 5464 2640 5535 ήμῶν,
2668 5465 2750 5518 ὅτι
2786 5464 2859 5536 μὴ
2894 5463 3188 5536 δοξομανὴς
3225 5466 3325 5518 καὶ
3347 5462 3567 5529 ἀλαζὼν
3589 5462 3681 5516 καὶ

2113 5556 2538 5627 φαντασιοκόπος
2575 5551 2661 5627 ἦν,
2698 5556 2790 5626 ἀφ’
2820 5548 2897 5613 ὧν
2947 5554 3171 5627 ἰώμενος
3216 5555 3459 5627 παρῄνει
3500 5552 3688 5627 μηδενὶ

3710 5637 3723 5663 3
