  <div class='ocr_page' id='page_1' title='image "/cluster/home/n/w/nwhite01/storage/ocr_20150623/22/mdp.39015078384388/120.png"; bbox 0 0 3880 6256; ppageno 0'>
   <div class='ocr_carea' id='block_1_1' title="bbox 212 348 308 405">
    <p class='ocr_par' dir='ltr' id='par_1_1' title="bbox 212 348 308 405">
     <span class='ocr_line' id='line_1_1' title="bbox 212 348 308 405; baseline 0.021 -2"><span class='ocrx_word' id='word_1_1' title='bbox 212 348 308 405; x_wconf 73' lang='lat'><strong>29.5</strong></span> 
     </span>
    </p>
   </div>
   <div class='ocr_carea' id='block_1_2' title="bbox 1113 340 2574 403">
    <p class='ocr_par' dir='ltr' id='par_1_2' title="bbox 1113 340 2574 403">
     <span class='ocr_line' id='line_1_2' title="bbox 1113 340 2574 403; baseline -0.003 -2"><span class='ocrx_word' id='word_1_2' title='bbox 1113 342 1767 403; x_wconf 77' lang='lat' dir='ltr'><strong>DEMONSTRATIONIS</strong></span> <span class='ocrx_word' id='word_1_3' title='bbox 1806 340 2267 401; x_wconf 73' lang='lat' dir='ltr'><strong>EVANGELlC/E</strong></span> <span class='ocrx_word' id='word_1_4' title='bbox 2310 342 2440 398; x_wconf 76' lang='lat' dir='ltr'><strong>LIB.</strong></span> <span class='ocrx_word' id='word_1_5' title='bbox 2484 341 2574 397; x_wconf 88' lang='grc'><strong>111.</strong></span> 
     </span>
    </p>
   </div>
   <div class='ocr_carea' id='block_1_3' title="bbox 3357 341 3463 398">
    <p class='ocr_par' dir='ltr' id='par_1_3' title="bbox 3357 341 3463 398">
     <span class='ocr_line' id='line_1_3' title="bbox 3357 341 3463 398; baseline 0 0"><span class='ocrx_word' id='word_1_6' title='bbox 3357 341 3463 398; x_wconf 73' lang='lat'><strong>226</strong></span> 
     </span>
    </p>
   </div>
   <div class='ocr_carea' id='block_1_4' title="bbox 212 455 1790 535">
    <p class='ocr_par' dir='ltr' id='par_1_4' title="bbox 212 458 1783 535">
     <span class='ocr_line' id='line_1_4' title="bbox 212 458 1783 535; baseline -0.002 -20"><span class='ocrx_word' id='word_1_7' title='bbox 212 461 429 535; x_wconf 76' lang='grc' dir='ltr'><strong>φράζειν</strong></span> <span class='ocrx_word' id='word_1_8' title='bbox 480 460 622 533; x_wconf 78' lang='grc' dir='ltr'>μηδὲ</span> <span class='ocrx_word' id='word_1_9' title='bbox 668 463 748 524; x_wconf 87' lang='grc' dir='ltr'><strong>είς</strong></span> <span class='ocrx_word' id='word_1_10' title='bbox 771 460 995 524; x_wconf 77' lang='grc' dir='ltr'>πολλοὺς</span> <span class='ocrx_word' id='word_1_11' title='bbox 1050 460 1214 513; x_wconf 71' lang='grc' dir='ltr'>αὐτὸν</span> <span class='ocrx_word' id='word_1_12' title='bbox 1249 459 1548 529; x_wconf 80' lang='grc' dir='ltr'>ἐκφαίνειν,</span> <span class='ocrx_word' id='word_1_13' title='bbox 1590 458 1783 527; x_wconf 84' lang='grc' dir='ltr'>γένοιτ’</span> 
     </span>
    </p>
   </div>
   <div class='ocr_carea' id='block_1_5' title="bbox 1878 455 3463 535">
    <p class='ocr_par' dir='ltr' id='par_1_5' title="bbox 1887 455 3463 527">
     <span class='ocr_line' id='line_1_5' title="bbox 1887 455 3463 527; baseline 0.001 -17"><span class='ocrx_word' id='word_1_14' title='bbox 1887 463 2104 527; x_wconf 89' lang='lat' dir='ltr'><strong>potest:</strong></span> <span class='ocrx_word' id='word_1_15' title='bbox 2144 470 2250 526; x_wconf 89' lang='lat' dir='ltr'><strong>qua</strong></span> <span class='ocrx_word' id='word_1_16' title='bbox 2291 456 2637 513; x_wconf 90' lang='lat' dir='ltr'><strong>turbulentos</strong></span> <span class='ocrx_word' id='word_1_17' title='bbox 2686 455 2959 527; x_wconf 90' lang='lat' dir='ltr'><strong>appetitus</strong></span> <span class='ocrx_word' id='word_1_18' title='bbox 2995 471 3061 511; x_wconf 80' lang='lat' dir='ltr'><strong>ex</strong></span> <span class='ocrx_word' id='word_1_19' title='bbox 3094 456 3216 527; x_wconf 87' lang='lat' dir='ltr'><strong>ipso</strong></span> <span class='ocrx_word' id='word_1_20' title='bbox 3252 458 3463 527; x_wconf 86' lang='lat' dir='ltr'><strong>cogita-</strong></span> 
     </span>
    </p>
   </div>
   <div class='ocr_carea' id='block_1_6' title="bbox 212 548 1777 623">
    <p class='ocr_par' dir='ltr' id='par_1_6' title="bbox 212 548 1777 623">
     <span class='ocr_line' id='line_1_6' title="bbox 212 548 1777 623; baseline -0.003 -15"><span class='ocrx_word' id='word_1_21' title='bbox 212 556 272 610; x_wconf 79' lang='grc' dir='ltr'>ἂν</span> <span class='ocrx_word' id='word_1_22' title='bbox 321 553 548 623; x_wconf 74' lang='grc' dir='ltr'>ἔκδηλος</span> <span class='ocrx_word' id='word_1_23' title='bbox 600 554 702 607; x_wconf 85' lang='grc' dir='ltr'><strong>ἀπό</strong></span> <span class='ocrx_word' id='word_1_24' title='bbox 752 570 812 606; x_wconf 89' lang='grc' dir='ltr'><strong>τε</strong></span> <span class='ocrx_word' id='word_1_25' title='bbox 868 552 962 606; x_wconf 89' lang='grc' dir='ltr'><strong>τοῦ</strong></span> <span class='ocrx_word' id='word_1_26' title='bbox 1023 552 1121 616; x_wconf 80' lang='grc' dir='ltr'><strong>τὰς</strong></span> <span class='ocrx_word' id='word_1_27' title='bbox 1168 554 1226 605; x_wconf 82' lang='grc' dir='ltr'><strong>ἐν</strong></span> <span class='ocrx_word' id='word_1_28' title='bbox 1288 551 1439 622; x_wconf 71' lang='grc' dir='ltr'>ὄρεσι</span> <span class='ocrx_word' id='word_1_29' title='bbox 1496 548 1777 622; x_wconf 73' lang='grc' dir='ltr'>διατριϐὰς</span> 
     </span>
    </p>
   </div>
   <div class='ocr_carea' id='block_1_7' title="bbox 212 643 1779 718">
    <p class='ocr_par' dir='ltr' id='par_1_7' title="bbox 212 643 1779 718">
     <span class='ocr_line' id='line_1_7' title="bbox 212 643 1779 718; baseline -0.003 -16"><span class='ocrx_word' id='word_1_30' title='bbox 212 648 294 703; x_wconf 86' lang='grc' dir='ltr'>καὶ</span> <span class='ocrx_word' id='word_1_31' title='bbox 345 646 444 710; x_wconf 88' lang='grc' dir='ltr'><strong>τάς</strong></span> <span class='ocrx_word' id='word_1_32' title='bbox 511 646 893 718; x_wconf 74' lang='grc' dir='ltr'><strong>ἀναχωρήσεις</strong></span> <span class='ocrx_word' id='word_1_33' title='bbox 943 644 1200 707; x_wconf 86' lang='grc' dir='ltr'>διώκειν,</span> <span class='ocrx_word' id='word_1_34' title='bbox 1251 646 1348 699; x_wconf 63' lang='grc' dir='ltr'><strong>καὶ⁵</strong></span> <span class='ocrx_word' id='word_1_35' title='bbox 1398 644 1622 714; x_wconf 80' lang='grc' dir='ltr'><strong>φεύγειν</strong></span> <span class='ocrx_word' id='word_1_36' title='bbox 1678 643 1779 707; x_wconf 87' lang='grc' dir='ltr'><strong>τάς</strong></span> 
     </span>
    </p>
   </div>
   <div class='ocr_carea' id='block_1_8' title="bbox 211 732 1782 807">
    <p class='ocr_par' dir='ltr' id='par_1_8' title="bbox 211 732 1782 807">
     <span class='ocr_line' id='line_1_8' title="bbox 211 732 1782 807; baseline -0.006 -12"><span class='ocrx_word' id='word_1_37' title='bbox 211 739 338 796; x_wconf 79' lang='grc' dir='ltr'>κατὰ</span> <span class='ocrx_word' id='word_1_38' title='bbox 394 739 590 802; x_wconf 85' lang='grc' dir='ltr'>πόλεις</span> <span class='ocrx_word' id='word_1_39' title='bbox 638 738 746 791; x_wconf 84' lang='grc' dir='ltr'><strong>τῶν</strong></span> <span class='ocrx_word' id='word_1_40' title='bbox 813 735 1024 792; x_wconf 83' lang='grc' dir='ltr'>πολλῶν</span> <span class='ocrx_word' id='word_1_41' title='bbox 1087 735 1378 807; x_wconf 84' lang='grc' dir='ltr'>ἐμϐλαϐεἰς</span> <span class='ocrx_word' id='word_1_42' title='bbox 1440 733 1673 806; x_wconf 85' lang='grc' dir='ltr'>ὁμιλίας.</span> <span class='ocrx_word' id='word_1_43' title='bbox 1718 732 1782 786; x_wconf 79' lang='lat' dir='ltr'><strong>Ei</strong></span> 
     </span>
    </p>
   </div>
   <div class='ocr_carea' id='block_1_9' title="bbox 211 826 1782 904">
    <p class='ocr_par' dir='ltr' id='par_1_9' title="bbox 211 826 1782 904">
     <span class='ocr_line' id='line_1_9' title="bbox 211 826 1782 904; baseline -0.003 -19"><span class='ocrx_word' id='word_1_44' title='bbox 211 836 333 904; x_wconf 85' lang='grc' dir='ltr'>μήτε</span> <span class='ocrx_word' id='word_1_45' title='bbox 358 828 656 900; x_wconf 75' lang='grc' dir='ltr'><strong>τοιγαροῦν</strong></span> <span class='ocrx_word' id='word_1_46' title='bbox 678 828 855 902; x_wconf 76' lang='grc' dir='ltr'>δόξης,</span> <span class='ocrx_word' id='word_1_47' title='bbox 900 830 1036 902; x_wconf 83' lang='grc' dir='ltr'>μήτε</span> <span class='ocrx_word' id='word_1_48' title='bbox 1065 829 1388 900; x_wconf 83' lang='grc' dir='ltr'>χρημάτων,</span> <span class='ocrx_word' id='word_1_49' title='bbox 1425 830 1564 899; x_wconf 82' lang='grc' dir='ltr'>μήτε</span> <span class='ocrx_word' id='word_1_50' title='bbox 1590 826 1782 899; x_wconf 73' lang='grc' dir='ltr'>ἡδονῆς</span> 
     </span>
    </p>
   </div>
   <div class='ocr_carea' id='block_1_10' title="bbox 207 919 1786 993">
    <p class='ocr_par' dir='ltr' id='par_1_10' title="bbox 207 919 1786 993">
     <span class='ocr_line' id='line_1_10' title="bbox 207 919 1786 993; baseline -0.003 -17"><span class='ocrx_word' id='word_1_51' title='bbox 207 926 379 977; x_wconf 74' lang='grc' dir='ltr'>ἕνεκεν</span> <span class='ocrx_word' id='word_1_52' title='bbox 443 921 773 993; x_wconf 79' lang='grc' dir='ltr'>ἐπιϐέϐλητο</span> <span class='ocrx_word' id='word_1_53' title='bbox 826 924 894 992; x_wconf 79' lang='grc' dir='ltr'><strong>τῇ</strong></span> <span class='ocrx_word' id='word_1_54' title='bbox 945 920 1300 991; x_wconf 67' lang='grc' dir='ltr'>διδασκαλίᾳ,</span> <span class='ocrx_word' id='word_1_55' title='bbox 1362 920 1446 985; x_wconf 89' lang='grc' dir='ltr'><strong>τίς</strong></span> <span class='ocrx_word' id='word_1_56' title='bbox 1502 920 1582 974; x_wconf 76' lang='grc' dir='ltr'>ἔτι</span> <span class='ocrx_word' id='word_1_57' title='bbox 1633 919 1786 990; x_wconf 90' lang='grc' dir='ltr'>χώρα</span> 
     </span>
    </p>
   </div>
   <div class='ocr_carea' id='block_1_11' title="bbox 206 1011 1783 1087">
    <p class='ocr_par' dir='ltr' id='par_1_11' title="bbox 206 1011 1783 1087">
     <span class='ocr_line' id='line_1_11' title="bbox 206 1011 1783 1087; baseline -0.002 -20"><span class='ocrx_word' id='word_1_58' title='bbox 206 1014 574 1087; x_wconf 64' lang='grc' dir='ltr'><strong>περιλείπεται</strong></span> <span class='ocrx_word' id='word_1_59' title='bbox 617 1013 873 1076; x_wconf 80' lang='grc' dir='ltr'>ὑπονοίας</span> <span class='ocrx_word' id='word_1_60' title='bbox 922 1012 1016 1067; x_wconf 90' lang='grc' dir='ltr'><strong>τοῦ</strong></span> <span class='ocrx_word' id='word_1_61' title='bbox 1051 1011 1250 1066; x_wconf 83' lang='grc' dir='ltr'>πλάνον</span> <span class='ocrx_word' id='word_1_62' title='bbox 1279 1012 1444 1066; x_wconf 77' lang='grc' dir='ltr'>αὑτὸν</span> <span class='ocrx_word' id='word_1_63' title='bbox 1492 1011 1585 1067; x_wconf 74' lang='grc' dir='ltr'>καὶ</span> <span class='ocrx_word' id='word_1_64' title='bbox 1613 1012 1783 1081; x_wconf 89' lang='grc' dir='ltr'>γόητα</span> 
     </span>
    </p>
   </div>
   <div class='ocr_carea' id='block_1_12' title="bbox 204 1103 1782 1179">
    <p class='ocr_par' dir='ltr' id='par_1_12' title="bbox 204 1103 1782 1179">
     <span class='ocr_line' id='line_1_12' title="bbox 204 1103 1782 1179; baseline -0.003 -18"><span class='ocrx_word' id='word_1_65' title='bbox 204 1106 472 1179; x_wconf 74' lang='grc' dir='ltr'>νομίζεινς</span> <span class='ocrx_word' id='word_1_66' title='bbox 519 1106 726 1176; x_wconf 81' lang='grc' dir='ltr'>Σκέψαι</span> <span class='ocrx_word' id='word_1_67' title='bbox 769 1106 827 1160; x_wconf 86' lang='grc' dir='ltr'>δὲ</span> <span class='ocrx_word' id='word_1_68' title='bbox 876 1105 972 1159; x_wconf 73' lang='grc' dir='ltr'>καὶ</span> <span class='ocrx_word' id='word_1_69' title='bbox 1010 1104 1186 1159; x_wconf 90' lang='grc' dir='ltr'>ταῦτα</span> <span class='ocrx_word' id='word_1_70' title='bbox 1229 1104 1423 1171; x_wconf 85' lang='grc' dir='ltr'>πάλιν,</span> <span class='ocrx_word' id='word_1_71' title='bbox 1454 1103 1607 1174; x_wconf 83' lang='grc' dir='ltr'>γόης,</span> <span class='ocrx_word' id='word_1_72' title='bbox 1654 1104 1782 1157; x_wconf 78' lang='grc' dir='ltr'>ὅταν</span> 
     </span>
    </p>
   </div>
   <div class='ocr_carea' id='block_1_13' title="bbox 202 1197 1783 1271">
    <p class='ocr_par' dir='ltr' id='par_1_13' title="bbox 202 1197 1783 1271">
     <span class='ocr_line' id='line_1_13' title="bbox 202 1197 1783 1271; baseline -0.001 -17"><span class='ocrx_word' id='word_1_73' title='bbox 202 1201 395 1270; x_wconf 75' lang='grc' dir='ltr'>ἑτέροις</span> <span class='ocrx_word' id='word_1_74' title='bbox 440 1200 513 1254; x_wconf 88' lang='grc' dir='ltr'><strong>τά</strong></span> <span class='ocrx_word' id='word_1_75' title='bbox 551 1199 653 1270; x_wconf 79' lang='grc' dir='ltr'>τῆς</span> <span class='ocrx_word' id='word_1_76' title='bbox 681 1200 882 1263; x_wconf 81' lang='grc' dir='ltr'>κακίας</span> <span class='ocrx_word' id='word_1_77' title='bbox 906 1197 1192 1270; x_wconf 81' lang='grc' dir='ltr'>μεταδιδῷ,</span> <span class='ocrx_word' id='word_1_78' title='bbox 1221 1198 1439 1263; x_wconf 77' lang='grc' dir='ltr'>ὁποίους</span> <span class='ocrx_word' id='word_1_79' title='bbox 1463 1198 1660 1271; x_wconf 77' lang='grc' dir='ltr'>ἄνδρας</span> <span class='ocrx_word' id='word_1_80' title='bbox 1684 1216 1783 1252; x_wconf 85' lang='grc' dir='ltr'>κα-</span> 
     </span>
    </p>
   </div>
   <div class='ocr_carea' id='block_1_14' title="bbox 202 1289 1783 1365">
    <p class='ocr_par' dir='ltr' id='par_1_14' title="bbox 202 1289 1783 1365">
     <span class='ocr_line' id='line_1_14' title="bbox 202 1289 1783 1365; baseline 0.001 -19"><span class='ocrx_word' id='word_1_81' title='bbox 202 1292 520 1357; x_wconf 72' lang='grc' dir='ltr'>τασκευάζει</span> <span class='ocrx_word' id='word_1_82' title='bbox 538 1312 550 1324; x_wconf 75' lang='grc' dir='ltr'><strong>ο</strong></span> <span class='ocrx_word' id='word_1_83' title='bbox 576 1289 665 1365; x_wconf 77' lang='grc' dir='ltr'><strong>ἆρ’</strong></span> <span class='ocrx_word' id='word_1_84' title='bbox 686 1293 807 1363; x_wconf 70' lang='grc' dir='ltr'>οὐχὶ</span> <span class='ocrx_word' id='word_1_85' title='bbox 829 1293 1029 1364; x_wconf 83' lang='grc' dir='ltr'>γόητας</span> <span class='ocrx_word' id='word_1_86' title='bbox 1053 1292 1148 1346; x_wconf 78' lang='grc' dir='ltr'><strong>καὶ</strong></span> <span class='ocrx_word' id='word_1_87' title='bbox 1175 1292 1409 1357; x_wconf 79' lang='grc' dir='ltr'>πλάνους</span> <span class='ocrx_word' id='word_1_88' title='bbox 1440 1292 1534 1345; x_wconf 77' lang='grc' dir='ltr'>καὶ</span> <span class='ocrx_word' id='word_1_89' title='bbox 1563 1308 1783 1365; x_wconf 84' lang='grc' dir='ltr'>φαρμα-</span> 
     </span>
    </p>
   </div>
   <div class='ocr_carea' id='block_1_15' title="bbox 203 1367 1780 1458">
    <p class='ocr_par' dir='ltr' id='par_1_15' title="bbox 203 1367 1780 1458">
     <span class='ocr_line' id='line_1_15' title="bbox 203 1367 1780 1458; baseline -0.001 -19"><span class='ocrx_word' id='word_1_90' title='bbox 203 1388 317 1447; x_wconf 60' lang='lat' dir='ltr'><strong>xei»;</strong></span> <span class='ocrx_word' id='word_1_91' title='bbox 354 1386 509 1458; x_wconf 76' lang='grc' dir='ltr'><strong>αὐτῷ</strong></span> <span class='ocrx_word' id='word_1_92' title='bbox 550 1385 691 1440; x_wconf 80' lang='grc' dir='ltr'><strong>κατά</strong></span> <span class='ocrx_word' id='word_1_93' title='bbox 741 1387 919 1440; x_wconf 87' lang='grc' dir='ltr'>πάντα</span> <span class='ocrx_word' id='word_1_94' title='bbox 953 1384 1402 1457; x_wconf 86' lang='grc' dir='ltr'>παραπλησίους;</span> <span class='ocrx_word' id='word_1_95' title='bbox 1430 1384 1526 1448; x_wconf 92' lang='grc' dir='ltr'>Τίς</span> <span class='ocrx_word' id='word_1_96' title='bbox 1549 1381 1641 1439; x_wconf 85' lang='grc' dir='ltr'><strong>οῦν</strong></span> <span class='ocrx_word' id='word_1_97' title='bbox 1674 1367 1780 1457; x_wconf 61' lang='grc' dir='ltr'><strong>ἢδη</strong></span> 
     </span>
    </p>
   </div>
   <div class='ocr_carea' id='block_1_16' title="bbox 203 1474 1779 1548">
    <p class='ocr_par' dir='ltr' id='par_1_16' title="bbox 203 1474 1779 1548">
     <span class='ocr_line' id='line_1_16' title="bbox 203 1474 1779 1548; baseline -0.001 -18"><span class='ocrx_word' id='word_1_98' title='bbox 203 1477 408 1530; x_wconf 83' lang='grc' dir='ltr'>πώποτε</span> <span class='ocrx_word' id='word_1_99' title='bbox 441 1477 505 1531; x_wconf 82' lang='grc' dir='ltr'><strong>τὺ</strong></span> <span class='ocrx_word' id='word_1_100' title='bbox 542 1479 649 1530; x_wconf 75' lang='grc' dir='ltr'>πᾶν</span> <span class='ocrx_word' id='word_1_101' title='bbox 678 1474 1020 1548; x_wconf 81' lang='grc' dir='ltr'>Χριστιανῶν</span> <span class='ocrx_word' id='word_1_102' title='bbox 1042 1476 1199 1543; x_wconf 86' lang='grc' dir='ltr'>γένος</span> <span class='ocrx_word' id='word_1_103' title='bbox 1239 1477 1304 1529; x_wconf 85' lang='grc' dir='ltr'><strong>ἐκ</strong></span> <span class='ocrx_word' id='word_1_104' title='bbox 1335 1475 1434 1547; x_wconf 77' lang='grc' dir='ltr'>τῆς</span> <span class='ocrx_word' id='word_1_105' title='bbox 1456 1476 1666 1529; x_wconf 86' lang='grc' dir='ltr'>ἐκείνου</span> <span class='ocrx_word' id='word_1_106' title='bbox 1696 1475 1779 1529; x_wconf 82' lang='grc' dir='ltr'>δι-</span> 
     </span>
    </p>
   </div>
   <div class='ocr_carea' id='block_1_17' title="bbox 198 1566 1775 1640">
    <p class='ocr_par' dir='ltr' id='par_1_17' title="bbox 198 1566 1775 1640">
     <span class='ocr_line' id='line_1_17' title="bbox 198 1566 1775 1640; baseline -0.003 -17"><span class='ocrx_word' id='word_1_107' title='bbox 198 1569 484 1633; x_wconf 81' lang='grc' dir='ltr'>δασκαλίας</span> <span class='ocrx_word' id='word_1_108' title='bbox 558 1566 818 1640; x_wconf 84' lang='grc' dir='ltr'>γοητεῦον</span> <span class='ocrx_word' id='word_1_109' title='bbox 888 1567 921 1640; x_wconf 81' lang='grc' dir='ltr'>ἤ</span> <span class='ocrx_word' id='word_1_110' title='bbox 996 1566 1353 1638; x_wconf 76' lang='grc' dir='ltr'>φαρμακεῦον</span> <span class='ocrx_word' id='word_1_111' title='bbox 1420 1566 1775 1637; x_wconf 74' lang='grc' dir='ltr'>κατείληφενς</span> 
     </span>
    </p>
   </div>
   <div class='ocr_carea' id='block_1_18' title="bbox 210 1658 1779 1729">
    <p class='ocr_par' dir='ltr' id='par_1_18' title="bbox 210 1658 1779 1729">
     <span class='ocr_line' id='line_1_18' title="bbox 210 1658 1779 1729; baseline -0.001 -14"><span class='ocrx_word' id='word_1_112' title='bbox 210 1661 336 1715; x_wconf 75' lang='grc' dir='ltr'>Ἀλλ’</span> <span class='ocrx_word' id='word_1_113' title='bbox 367 1662 472 1715; x_wconf 84' lang='grc' dir='ltr'>οὐκ</span> <span class='ocrx_word' id='word_1_114' title='bbox 523 1659 673 1714; x_wconf 77' lang='grc' dir='ltr'>ἐστιν</span> <span class='ocrx_word' id='word_1_115' title='bbox 710 1661 915 1713; x_wconf 73' lang='grc' dir='ltr'><strong>εἰπεῖν⁸</strong></span> <span class='ocrx_word' id='word_1_116' title='bbox 951 1658 1187 1729; x_wconf 73' lang='grc' dir='ltr'>ἔμπαλιν</span> <span class='ocrx_word' id='word_1_117' title='bbox 1227 1658 1282 1712; x_wconf 87' lang='grc' dir='ltr'><strong>δέ</strong></span> <span class='ocrx_word' id='word_1_118' title='bbox 1330 1658 1520 1727; x_wconf 90' lang='grc' dir='ltr'>λόγους</span> <span class='ocrx_word' id='word_1_119' title='bbox 1566 1660 1779 1729; x_wconf 81' lang='grc' dir='ltr'>φιλοσό-</span> 
     </span>
    </p>
   </div>
   <div class='ocr_carea' id='block_1_19' title="bbox 199 1745 1777 1823">
    <p class='ocr_par' dir='ltr' id='par_1_19' title="bbox 199 1745 1777 1823">
     <span class='ocr_line' id='line_1_19' title="bbox 199 1745 1777 1823; baseline -0.001 -18"><span class='ocrx_word' id='word_1_120' title='bbox 199 1771 318 1822; x_wconf 72' lang='grc' dir='ltr'>φους</span> <span class='ocrx_word' id='word_1_121' title='bbox 346 1752 559 1823; x_wconf 77' lang='grc' dir='ltr'>μετιὸν,</span> <span class='ocrx_word' id='word_1_122' title='bbox 588 1751 664 1816; x_wconf 86' lang='grc' dir='ltr'>ὡς</span> <span class='ocrx_word' id='word_1_123' title='bbox 686 1751 1083 1805; x_wconf 84' lang='grc' dir='ltr'>ἀποδέδεικται.</span> <span class='ocrx_word' id='word_1_124' title='bbox 1126 1749 1182 1803; x_wconf 89' lang='lat'><strong>&#39;0</strong></span> <span class='ocrx_word' id='word_1_125' title='bbox 1208 1749 1272 1821; x_wconf 80' lang='grc' dir='ltr'>δὴ</span> <span class='ocrx_word' id='word_1_126' title='bbox 1310 1745 1402 1806; x_wconf 84' lang='grc' dir='ltr'><strong>οῦν</strong></span> <span class='ocrx_word' id='word_1_127' title='bbox 1442 1750 1650 1822; x_wconf 79' lang='grc' dir='ltr'>ἑτέροις</span> <span class='ocrx_word' id='word_1_128' title='bbox 1696 1766 1777 1805; x_wconf 86' lang='grc' dir='ltr'>σε·</span> 
     </span>
    </p>
   </div>
   <div class='ocr_carea' id='block_1_20' title="bbox 199 1839 1775 1916">
    <p class='ocr_par' dir='ltr' id='par_1_20' title="bbox 199 1839 1775 1916">
     <span class='ocr_line' id='line_1_20' title="bbox 199 1839 1775 1916; baseline 0 -20"><span class='ocrx_word' id='word_1_129' title='bbox 199 1842 319 1914; x_wconf 76' lang='grc' dir='ltr'>μνοῦ</span> <span class='ocrx_word' id='word_1_130' title='bbox 353 1845 451 1897; x_wconf 78' lang='grc' dir='ltr'>καὶ</span> <span class='ocrx_word' id='word_1_131' title='bbox 499 1843 779 1916; x_wconf 74' lang='grc' dir='ltr'>σώφρονος</span> <span class='ocrx_word' id='word_1_132' title='bbox 826 1841 942 1913; x_wconf 84' lang='grc' dir='ltr'>βίου</span> <span class='ocrx_word' id='word_1_133' title='bbox 989 1839 1269 1904; x_wconf 81' lang='grc' dir='ltr'>εὐσεϐείας</span> <span class='ocrx_word' id='word_1_134' title='bbox 1292 1858 1351 1895; x_wconf 89' lang='grc' dir='ltr'><strong>τε</strong></span> <span class='ocrx_word' id='word_1_135' title='bbox 1386 1842 1486 1912; x_wconf 85' lang='grc' dir='ltr'>τῆς</span> <span class='ocrx_word' id='word_1_136' title='bbox 1517 1843 1775 1897; x_wconf 81' lang='grc' dir='ltr'><strong>ἀνωτάτω</strong></span> 
     </span>
    </p>
   </div>
   <div class='ocr_carea' id='block_1_21' title="bbox 198 1932 1770 2008">
    <p class='ocr_par' dir='ltr' id='par_1_21' title="bbox 198 1932 1770 2008">
     <span class='ocr_line' id='line_1_21' title="bbox 198 1932 1770 2008; baseline -0.001 -20"><span class='ocrx_word' id='word_1_137' title='bbox 198 1935 477 2008; x_wconf 72' lang='grc' dir='ltr'>παραίτιος</span> <span class='ocrx_word' id='word_1_138' title='bbox 501 1935 891 2006; x_wconf 78' lang='grc' dir='ltr'><strong>γεγενημένος,</strong></span> <span class='ocrx_word' id='word_1_139' title='bbox 933 1934 1019 1999; x_wconf 87' lang='grc' dir='ltr'><strong>τίς</strong></span> <span class='ocrx_word' id='word_1_140' title='bbox 1072 1932 1140 1987; x_wconf 85' lang='grc' dir='ltr'>ἂν</span> <span class='ocrx_word' id='word_1_141' title='bbox 1172 1932 1396 1998; x_wconf 76' lang='grc' dir='ltr'>ἐνδίκως</span> <span class='ocrx_word' id='word_1_142' title='bbox 1425 1934 1709 2006; x_wconf 70' lang='grc' dir='ltr'>νομισθείη</span> <span class='ocrx_word' id='word_1_143' title='bbox 1735 1934 1770 2005; x_wconf 85' lang='grc' dir='ltr'>ἢ</span> 
     </span>
    </p>
   </div>
   <div class='ocr_carea' id='block_1_22' title="bbox 198 2025 1776 2099">
    <p class='ocr_par' dir='ltr' id='par_1_22' title="bbox 198 2025 1776 2099">
     <span class='ocr_line' id='line_1_22' title="bbox 198 2025 1776 2099; baseline -0.001 -19"><span class='ocrx_word' id='word_1_144' title='bbox 198 2028 498 2098; x_wconf 70' lang='grc' dir='ltr'>φιλοσόφων</span> <span class='ocrx_word' id='word_1_145' title='bbox 548 2030 578 2083; x_wconf 88' lang='grc' dir='ltr'><strong>ό</strong></span> <span class='ocrx_word' id='word_1_146' title='bbox 624 2027 947 2099; x_wconf 81' lang='grc' dir='ltr'>πρώτιστος,</span> <span class='ocrx_word' id='word_1_147' title='bbox 975 2026 1069 2079; x_wconf 78' lang='grc' dir='ltr'>καὶ</span> <span class='ocrx_word' id='word_1_148' title='bbox 1108 2025 1351 2079; x_wconf 83' lang='grc' dir='ltr'>εὐσεϐῶν</span> <span class='ocrx_word' id='word_1_149' title='bbox 1395 2026 1603 2098; x_wconf 81' lang='grc' dir='ltr'>ἀνδρῶν</span> <span class='ocrx_word' id='word_1_150' title='bbox 1629 2025 1776 2080; x_wconf 89' lang='grc' dir='ltr'>διδά-</span> 
     </span>
    </p>
   </div>
   <div class='ocr_carea' id='block_1_23' title="bbox 201 2118 1775 2192">
    <p class='ocr_par' dir='ltr' id='par_1_23' title="bbox 201 2118 1775 2192">
     <span class='ocr_line' id='line_1_23' title="bbox 201 2118 1775 2192; baseline -0.001 -18"><span class='ocrx_word' id='word_1_151' title='bbox 201 2120 403 2188; x_wconf 56' lang='grc' dir='ltr'>σκαλος</span> <span class='ocrx_word' id='word_1_152' title='bbox 428 2119 659 2192; x_wconf 77' lang='grc' dir='ltr'>καὶγὰρ</span> <span class='ocrx_word' id='word_1_153' title='bbox 685 2120 752 2174; x_wconf 85' lang='grc' dir='ltr'>ἂν</span> <span class='ocrx_word' id='word_1_154' title='bbox 774 2121 857 2190; x_wconf 71' lang='grc' dir='ltr'>εἴη</span> <span class='ocrx_word' id='word_1_155' title='bbox 888 2118 1109 2189; x_wconf 76' lang='grc' dir='ltr'>βελτίων</span> <span class='ocrx_word' id='word_1_156' title='bbox 1135 2118 1308 2191; x_wconf 85' lang='grc' dir='ltr'>δήπου</span> <span class='ocrx_word' id='word_1_157' title='bbox 1336 2119 1443 2182; x_wconf 79' lang='grc' dir='ltr'>πᾶς</span> <span class='ocrx_word' id='word_1_158' title='bbox 1465 2120 1493 2171; x_wconf 93' lang='grc' dir='ltr'><strong>ό</strong></span> <span class='ocrx_word' id='word_1_159' title='bbox 1512 2118 1775 2172; x_wconf 86' lang='grc' dir='ltr'>διδάσκων</span> 
     </span>
    </p>
   </div>
   <div class='ocr_carea' id='block_1_24' title="bbox 198 2210 1775 2284">
    <p class='ocr_par' dir='ltr' id='par_1_24' title="bbox 198 2210 1775 2284">
     <span class='ocr_line' id='line_1_24' title="bbox 198 2210 1775 2284; baseline -0.001 -19"><span class='ocrx_word' id='word_1_160' title='bbox 198 2211 291 2265; x_wconf 82' lang='grc' dir='ltr'>τῶν</span> <span class='ocrx_word' id='word_1_161' title='bbox 342 2211 827 2284; x_wconf 85' lang='grc' dir='ltr'>μαθητευομένων.</span> <span class='ocrx_word' id='word_1_162' title='bbox 872 2210 1164 2281; x_wconf 73' lang='grc' dir='ltr'>Φιλόσοφος</span> <span class='ocrx_word' id='word_1_163' title='bbox 1217 2212 1327 2283; x_wconf 84' lang='grc' dir='ltr'><strong>ἀρα</strong></span> <span class='ocrx_word' id='word_1_164' title='bbox 1347 2250 1363 2275; x_wconf 90' lang='grc'><strong>,</strong></span> <span class='ocrx_word' id='word_1_165' title='bbox 1415 2210 1509 2264; x_wconf 76' lang='grc' dir='ltr'>καὶ</span> <span class='ocrx_word' id='word_1_166' title='bbox 1557 2210 1775 2281; x_wconf 83' lang='grc' dir='ltr'>ἀληθῶς</span> 
     </span>
    </p>
   </div>
   <div class='ocr_carea' id='block_1_25' title="bbox 199 2302 1776 2375">
    <p class='ocr_par' dir='ltr' id='par_1_25' title="bbox 199 2302 1776 2375">
     <span class='ocr_line' id='line_1_25' title="bbox 199 2302 1776 2375; baseline 0.001 -20"><span class='ocrx_word' id='word_1_167' title='bbox 199 2304 432 2375; x_wconf 77' lang='grc' dir='ltr'>εὐσεϐὴς,</span> <span class='ocrx_word' id='word_1_168' title='bbox 472 2303 675 2358; x_wconf 88' lang='grc' dir='ltr'>πολλοῦ</span> <span class='ocrx_word' id='word_1_169' title='bbox 708 2303 791 2356; x_wconf 91' lang='grc' dir='ltr'><strong>δεῖ</strong></span> <span class='ocrx_word' id='word_1_170' title='bbox 816 2303 1018 2368; x_wconf 84' lang='grc' dir='ltr'>πλάνος</span> <span class='ocrx_word' id='word_1_171' title='bbox 1051 2305 1147 2358; x_wconf 76' lang='grc' dir='ltr'><strong>καὶ</strong></span> <span class='ocrx_word' id='word_1_172' title='bbox 1189 2303 1342 2375; x_wconf 86' lang='grc' dir='ltr'>γόης,</span> <span class='ocrx_word' id='word_1_173' title='bbox 1376 2303 1676 2375; x_wconf 81' lang='grc' dir='ltr'>ὁμολογοῖτ’</span> <span class='ocrx_word' id='word_1_174' title='bbox 1708 2302 1776 2357; x_wconf 83' lang='grc' dir='ltr'>ἂν</span> 
     </span>
    </p>
   </div>
   <div class='ocr_carea' id='block_1_26' title="bbox 198 2388 1771 2469">
    <p class='ocr_par' dir='ltr' id='par_1_26' title="bbox 198 2388 1771 2469">
     <span class='ocr_line' id='line_1_26' title="bbox 198 2388 1771 2469; baseline -0.001 -22"><span class='ocrx_word' id='word_1_175' title='bbox 198 2396 223 2446; x_wconf 85' lang='grc' dir='ltr'><strong>ό</strong></span> <span class='ocrx_word' id='word_1_176' title='bbox 246 2397 430 2468; x_wconf 84' lang='grc' dir='ltr'>Σωτὴρ</span> <span class='ocrx_word' id='word_1_177' title='bbox 462 2397 561 2450; x_wconf 73' lang='grc' dir='ltr'>καὶ</span> <span class='ocrx_word' id='word_1_178' title='bbox 588 2395 793 2466; x_wconf 80' lang='grc' dir='ltr'>Κύριος</span> <span class='ocrx_word' id='word_1_179' title='bbox 818 2395 995 2466; x_wconf 73' lang='grc' dir='ltr'>ἡμῶν.</span> <span class='ocrx_word' id='word_1_180' title='bbox 1027 2397 1090 2450; x_wconf 83' lang='lat' dir='ltr'><strong>Ei</strong></span> <span class='ocrx_word' id='word_1_181' title='bbox 1117 2396 1182 2469; x_wconf 82' lang='grc' dir='ltr'>δὴ</span> <span class='ocrx_word' id='word_1_182' title='bbox 1215 2392 1308 2450; x_wconf 84' lang='grc' dir='ltr'><strong>οῦν</strong></span> <span class='ocrx_word' id='word_1_183' title='bbox 1334 2395 1539 2449; x_wconf 89' lang='grc' dir='ltr'>τοιόσδε</span> <span class='ocrx_word' id='word_1_184' title='bbox 1567 2411 1650 2458; x_wconf 87' lang='grc' dir='ltr'><strong>τις</strong></span> <span class='ocrx_word' id='word_1_185' title='bbox 1669 2388 1771 2466; x_wconf 68' lang='grc' dir='ltr'>ἦν,</span> 
     </span>
    </p>
   </div>
   <div class='ocr_carea' id='block_1_27' title="bbox 199 2482 1774 2559">
    <p class='ocr_par' dir='ltr' id='par_1_27' title="bbox 199 2482 1774 2559">
     <span class='ocr_line' id='line_1_27' title="bbox 199 2482 1774 2559; baseline -0.002 -20"><span class='ocrx_word' id='word_1_186' title='bbox 199 2487 302 2551; x_wconf 80' lang='grc' dir='ltr'>πῶς</span> <span class='ocrx_word' id='word_1_187' title='bbox 322 2487 389 2541; x_wconf 81' lang='grc' dir='ltr'>ἂν</span> <span class='ocrx_word' id='word_1_188' title='bbox 418 2487 601 2551; x_wconf 81' lang='grc' dir='ltr'>ἄλλως</span> <span class='ocrx_word' id='word_1_189' title='bbox 633 2487 908 2557; x_wconf 75' lang='grc' dir='ltr'>ἐπεχείρει</span> <span class='ocrx_word' id='word_1_190' title='bbox 936 2490 1057 2551; x_wconf 87' lang='grc' dir='ltr'>ταῖς</span> <span class='ocrx_word' id='word_1_191' title='bbox 1099 2484 1618 2559; x_wconf 83' lang='grc' dir='ltr'>θαυματουργίαιςῆ</span> <span class='ocrx_word' id='word_1_192' title='bbox 1654 2482 1774 2557; x_wconf 76' lang='grc' dir='ltr'>θεία</span> 
     </span>
    </p>
   </div>
   <div class='ocr_carea' id='block_1_28' title="bbox 198 2576 1773 2652">
    <p class='ocr_par' dir='ltr' id='par_1_28' title="bbox 198 2576 1773 2652">
     <span class='ocr_line' id='line_1_28' title="bbox 198 2576 1773 2652; baseline -0.001 -20"><span class='ocrx_word' id='word_1_193' title='bbox 198 2579 279 2632; x_wconf 74' lang='grc' dir='ltr'>καὶ</span> <span class='ocrx_word' id='word_1_194' title='bbox 298 2581 607 2652; x_wconf 75' lang='grc' dir='ltr'>ἀπορρήτῳ</span> <span class='ocrx_word' id='word_1_195' title='bbox 631 2578 859 2650; x_wconf 77' lang='grc' dir='ltr'>δυνάμει</span> <span class='ocrx_word' id='word_1_196' title='bbox 888 2579 983 2632; x_wconf 74' lang='grc' dir='ltr'>καὶ</span> <span class='ocrx_word' id='word_1_197' title='bbox 1008 2582 1072 2650; x_wconf 80' lang='grc' dir='ltr'>τῇ</span> <span class='ocrx_word' id='word_1_198' title='bbox 1104 2579 1365 2634; x_wconf 82' lang='grc' dir='ltr'>ἀνωτάτω</span> <span class='ocrx_word' id='word_1_199' title='bbox 1392 2577 1521 2650; x_wconf 75' lang='grc' dir='ltr'>περὶ</span> <span class='ocrx_word' id='word_1_200' title='bbox 1545 2576 1639 2630; x_wconf 92' lang='grc' dir='ltr'><strong>τοῦ</strong></span> <span class='ocrx_word' id='word_1_201' title='bbox 1665 2576 1773 2631; x_wconf 82' lang='grc' dir='ltr'><strong>τῶν</strong></span> 
     </span>
    </p>
   </div>
   <div class='ocr_carea' id='block_1_29' title="bbox 198 2662 1773 2744">
    <p class='ocr_par' dir='ltr' id='par_1_29' title="bbox 198 2662 1773 2744">
     <span class='ocr_line' id='line_1_29' title="bbox 198 2662 1773 2744; baseline -0.001 -19"><span class='ocrx_word' id='word_1_202' title='bbox 198 2671 316 2725; x_wconf 77' lang='grc' dir='ltr'>ὅλων</span> <span class='ocrx_word' id='word_1_203' title='bbox 341 2670 485 2725; x_wconf 84' lang='grc' dir='ltr'>Θεοῦ</span> <span class='ocrx_word' id='word_1_204' title='bbox 517 2671 804 2744; x_wconf 80' lang='grc' dir='ltr'>εὑσεϐείᾳ;</span> <span class='ocrx_word' id='word_1_205' title='bbox 833 2670 894 2725; x_wconf 78' lang='grc' dir='ltr'><strong>δν</strong></span> <span class='ocrx_word' id='word_1_206' title='bbox 918 2667 1006 2724; x_wconf 68' lang='grc' dir='ltr'><strong>οἷα</strong></span> <span class='ocrx_word' id='word_1_207' title='bbox 1032 2670 1250 2742; x_wconf 81' lang='grc' dir='ltr'>Πατέρα</span> <span class='ocrx_word' id='word_1_208' title='bbox 1274 2662 1450 2740; x_wconf 80' lang='grc' dir='ltr'>τιμῶν</span> <span class='ocrx_word' id='word_1_209' title='bbox 1478 2670 1573 2723; x_wconf 73' lang='grc' dir='ltr'>καὶ</span> <span class='ocrx_word' id='word_1_210' title='bbox 1600 2668 1773 2724; x_wconf 88' lang='grc' dir='ltr'>σέϐων</span> 
     </span>
    </p>
   </div>
   <div class='ocr_carea' id='block_1_30' title="bbox 198 2761 1769 2837">
    <p class='ocr_par' dir='ltr' id='par_1_30' title="bbox 198 2761 1769 2837">
     <span class='ocr_line' id='line_1_30' title="bbox 198 2761 1769 2837; baseline -0.001 -20"><span class='ocrx_word' id='word_1_211' title='bbox 198 2764 257 2819; x_wconf 75' lang='grc' dir='ltr'><strong>τὰ</strong></span> <span class='ocrx_word' id='word_1_212' title='bbox 283 2766 523 2836; x_wconf 86' lang='grc' dir='ltr'>μάλιστα</span> <span class='ocrx_word' id='word_1_213' title='bbox 550 2765 934 2819; x_wconf 79' lang='grc' dir='ltr'>ἀποδείκνυται</span> <span class='ocrx_word' id='word_1_214' title='bbox 979 2766 1043 2818; x_wconf 81' lang='grc' dir='ltr'><strong>ἐκ</strong></span> <span class='ocrx_word' id='word_1_215' title='bbox 1068 2764 1178 2817; x_wconf 85' lang='grc' dir='ltr'><strong>τῶν</strong></span> <span class='ocrx_word' id='word_1_216' title='bbox 1214 2764 1344 2837; x_wconf 77' lang='grc' dir='ltr'>περὶ</span> <span class='ocrx_word' id='word_1_217' title='bbox 1377 2761 1542 2817; x_wconf 86' lang='grc' dir='ltr'>αὐτοῦ</span> <span class='ocrx_word' id='word_1_218' title='bbox 1575 2762 1769 2831; x_wconf 89' lang='grc' dir='ltr'>λόγων.</span> 
     </span>
    </p>
   </div>
   <div class='ocr_carea' id='block_1_31' title="bbox 210 2853 1771 2927">
    <p class='ocr_par' dir='ltr' id='par_1_31' title="bbox 210 2853 1771 2927">
     <span class='ocr_line' id='line_1_31' title="bbox 210 2853 1771 2927; baseline -0.002 -18"><span class='ocrx_word' id='word_1_219' title='bbox 210 2857 317 2911; x_wconf 75' lang='grc' dir='ltr'><strong>Ἐπὶ</strong></span> <span class='ocrx_word' id='word_1_220' title='bbox 339 2856 603 2911; x_wconf 85' lang='grc' dir='ltr'>τοσοῦτον</span> <span class='ocrx_word' id='word_1_221' title='bbox 628 2857 685 2910; x_wconf 85' lang='grc' dir='ltr'>δὲ</span> <span class='ocrx_word' id='word_1_222' title='bbox 716 2855 824 2927; x_wconf 87' lang='grc' dir='ltr'><strong>ἀρα</strong></span> <span class='ocrx_word' id='word_1_223' title='bbox 849 2856 903 2909; x_wconf 83' lang='grc' dir='ltr'><strong>οἴ</strong></span> <span class='ocrx_word' id='word_1_224' title='bbox 930 2872 988 2908; x_wconf 86' lang='grc' dir='ltr'><strong>τε</strong></span> <span class='ocrx_word' id='word_1_225' title='bbox 1021 2854 1261 2927; x_wconf 80' lang='grc' dir='ltr'>ἀρχῆθεν</span> <span class='ocrx_word' id='word_1_226' title='bbox 1288 2853 1437 2925; x_wconf 78' lang='grc' dir='ltr'>αὐτῷ</span> <span class='ocrx_word' id='word_1_227' title='bbox 1462 2869 1771 2924; x_wconf 83' lang='grc' dir='ltr'>προσεσχη-</span> 
     </span>
    </p>
   </div>
   <div class='ocr_carea' id='block_1_32' title="bbox 200 2940 1771 3018">
    <p class='ocr_par' dir='ltr' id='par_1_32' title="bbox 200 2940 1771 3018">
     <span class='ocr_line' id='line_1_32' title="bbox 200 2940 1771 3018; baseline -0.003 -18"><span class='ocrx_word' id='word_1_228' title='bbox 200 2947 340 3011; x_wconf 81' lang='grc' dir='ltr'>κότες</span> <span class='ocrx_word' id='word_1_229' title='bbox 374 2946 620 3018; x_wconf 74' lang='grc' dir='ltr'>μαθηταὶ</span> <span class='ocrx_word' id='word_1_230' title='bbox 645 2944 833 3009; x_wconf 78' lang='grc' dir='ltr'>αὐτοῦ,</span> <span class='ocrx_word' id='word_1_231' title='bbox 857 2945 952 2999; x_wconf 78' lang='grc' dir='ltr'>καὶ</span> <span class='ocrx_word' id='word_1_232' title='bbox 973 2945 1022 2996; x_wconf 81' lang='grc' dir='ltr'>οἱ</span> <span class='ocrx_word' id='word_1_233' title='bbox 1054 2942 1191 3014; x_wconf 86' lang='grc' dir='ltr'><strong>μετά</strong></span> <span class='ocrx_word' id='word_1_234' title='bbox 1220 2942 1394 2996; x_wconf 89' lang='grc' dir='ltr'>ταῦτα</span> <span class='ocrx_word' id='word_1_235' title='bbox 1420 2940 1521 3011; x_wconf 85' lang='grc' dir='ltr'>τῆς</span> <span class='ocrx_word' id='word_1_236' title='bbox 1551 2942 1771 2995; x_wconf 77' lang='grc' dir='ltr'>ἐκείνων</span> 
     </span>
    </p>
   </div>
   <div class='ocr_carea' id='block_1_33' title="bbox 200 3021 1770 3112">
    <p class='ocr_par' dir='ltr' id='par_1_33' title="bbox 200 3021 1770 3112">
     <span class='ocr_line' id='line_1_33' title="bbox 200 3021 1770 3112; baseline -0.005 -20"><span class='ocrx_word' id='word_1_237' title='bbox 200 3038 470 3112; x_wconf 78' lang='grc' dir='ltr'>διατριϐῆς</span> <span class='ocrx_word' id='word_1_238' title='bbox 508 3039 766 3108; x_wconf 84' lang='grc' dir='ltr'>διάδοχοι,</span> <span class='ocrx_word' id='word_1_239' title='bbox 797 3035 1134 3109; x_wconf 74' lang='grc' dir='ltr'>πορρωτάτω</span> <span class='ocrx_word' id='word_1_240' title='bbox 1174 3021 1584 3106; x_wconf 77' lang='grc' dir='ltr'>καθεστήκεσαν</span> <span class='ocrx_word' id='word_1_241' title='bbox 1632 3031 1770 3101; x_wconf 80' lang='grc' dir='ltr'><strong>φαύ-</strong></span> 
     </span>
    </p>
   </div>
   <div class='ocr_carea' id='block_1_34' title="bbox 201 3125 1772 3203">
    <p class='ocr_par' dir='ltr' id='par_1_34' title="bbox 201 3125 1772 3203">
     <span class='ocr_line' id='line_1_34' title="bbox 201 3125 1772 3203; baseline -0.004 -20"><span class='ocrx_word' id='word_1_242' title='bbox 201 3132 285 3202; x_wconf 78' lang='grc' dir='ltr'><strong>λης</strong></span> <span class='ocrx_word' id='word_1_243' title='bbox 308 3134 410 3187; x_wconf 74' lang='grc' dir='ltr'>καὶ</span> <span class='ocrx_word' id='word_1_244' title='bbox 443 3133 690 3203; x_wconf 79' lang='grc' dir='ltr'>πονηρᾶς</span> <span class='ocrx_word' id='word_1_245' title='bbox 721 3130 997 3192; x_wconf 82' lang='grc' dir='ltr'>ὑπονοίας,</span> <span class='ocrx_word' id='word_1_246' title='bbox 1019 3127 1095 3191; x_wconf 85' lang='grc' dir='ltr'>ὡς</span> <span class='ocrx_word' id='word_1_247' title='bbox 1121 3127 1254 3198; x_wconf 88' lang='grc' dir='ltr'>μηδὲ</span> <span class='ocrx_word' id='word_1_248' title='bbox 1278 3129 1391 3190; x_wconf 88' lang='grc' dir='ltr'>τοῖς</span> <span class='ocrx_word' id='word_1_249' title='bbox 1422 3125 1772 3198; x_wconf 82' lang='grc' dir='ltr'>νοσηλευομέ-</span> 
     </span>
    </p>
   </div>
   <div class='ocr_carea' id='block_1_35' title="bbox 201 3216 1769 3296">
    <p class='ocr_par' dir='ltr' id='par_1_35' title="bbox 201 3216 1769 3296">
     <span class='ocr_line' id='line_1_35' title="bbox 201 3216 1769 3296; baseline -0.004 -18"><span class='ocrx_word' id='word_1_250' title='bbox 201 3241 295 3289; x_wconf 70' lang='lat' dir='ltr'><strong>im;</strong></span> <span class='ocrx_word' id='word_1_251' title='bbox 322 3225 648 3296; x_wconf 78' lang='grc' dir='ltr'>ἐπιτρέπειν</span> <span class='ocrx_word' id='word_1_252' title='bbox 673 3220 760 3277; x_wconf 75' lang='grc' dir='ltr'><strong>οἷα</strong></span> <span class='ocrx_word' id='word_1_253' title='bbox 790 3222 974 3276; x_wconf 73' lang='grc' dir='ltr'>πολλοὶ</span> <span class='ocrx_word' id='word_1_254' title='bbox 1009 3219 1179 3275; x_wconf 86' lang='grc' dir='ltr'>πολλά</span> <span class='ocrx_word' id='word_1_255' title='bbox 1217 3220 1351 3291; x_wconf 80' lang='grc' dir='ltr'>δρᾷν</span> <span class='ocrx_word' id='word_1_256' title='bbox 1380 3216 1769 3291; x_wconf 84' lang='grc' dir='ltr'>ἐπιχειροῦσιν,</span> 
     </span>
    </p>
   </div>
   <div class='ocr_carea' id='block_1_36' title="bbox 200 3309 1773 3388">
    <p class='ocr_par' dir='ltr' id='par_1_36' title="bbox 200 3309 1773 3388">
     <span class='ocr_line' id='line_1_36' title="bbox 200 3309 1773 3388; baseline -0.004 -19"><span class='ocrx_word' id='word_1_257' title='bbox 200 3317 228 3387; x_wconf 78' lang='grc' dir='ltr'>ἢ</span> <span class='ocrx_word' id='word_1_258' title='bbox 264 3316 512 3371; x_wconf 80' lang='grc' dir='ltr'>πετάλων</span> <span class='ocrx_word' id='word_1_259' title='bbox 544 3316 893 3388; x_wconf 82' lang='grc' dir='ltr'>ἐπιγραφαῖς,</span> <span class='ocrx_word' id='word_1_260' title='bbox 928 3313 1022 3368; x_wconf 75' lang='grc' dir='ltr'>καὶ</span> <span class='ocrx_word' id='word_1_261' title='bbox 1057 3311 1409 3383; x_wconf 87' lang='grc' dir='ltr'>περιάμμασι</span> <span class='ocrx_word' id='word_1_262' title='bbox 1445 3309 1709 3382; x_wconf 80' lang='grc' dir='ltr'>χρῆσθαι,</span> <span class='ocrx_word' id='word_1_263' title='bbox 1739 3309 1773 3381; x_wconf 77' lang='grc' dir='ltr'>ἢ</span> 
     </span>
    </p>
   </div>
   <div class='ocr_carea' id='block_1_37' title="bbox 198 3402 1773 3482">
    <p class='ocr_par' dir='ltr' id='par_1_37' title="bbox 198 3402 1773 3482">
     <span class='ocr_line' id='line_1_37' title="bbox 198 3402 1773 3482; baseline -0.007 -16"><span class='ocrx_word' id='word_1_264' title='bbox 198 3414 295 3475; x_wconf 74' lang='grc' dir='ltr'>τοῖς</span> <span class='ocrx_word' id='word_1_265' title='bbox 329 3409 656 3482; x_wconf 80' lang='grc' dir='ltr'>κατεπᾲδειν</span> <span class='ocrx_word' id='word_1_266' title='bbox 684 3406 1173 3477; x_wconf 77' lang='grc' dir='ltr'>ἐπαγγελλομένοις</span> <span class='ocrx_word' id='word_1_267' title='bbox 1196 3404 1484 3477; x_wconf 75' lang='grc' dir='ltr'>προσέχειν</span> <span class='ocrx_word' id='word_1_268' title='bbox 1512 3404 1604 3457; x_wconf 84' lang='grc' dir='ltr'>τὸν</span> <span class='ocrx_word' id='word_1_269' title='bbox 1628 3402 1773 3468; x_wconf 83' lang='grc' dir='ltr'>νοῦν,</span> 
     </span>
    </p>
   </div>
   <div class='ocr_carea' id='block_1_38' title="bbox 199 3494 1780 3575">
    <p class='ocr_par' dir='ltr' id='par_1_38' title="bbox 199 3494 1780 3575">
     <span class='ocr_line' id='line_1_38' title="bbox 199 3494 1780 3575; baseline -0.007 -18"><span class='ocrx_word' id='word_1_270' title='bbox 199 3504 228 3574; x_wconf 73' lang='grc' dir='ltr'>ἢ</span> <span class='ocrx_word' id='word_1_271' title='bbox 260 3503 424 3575; x_wconf 73' lang='grc' dir='ltr'>ῥιζῶν</span> <span class='ocrx_word' id='word_1_272' title='bbox 452 3502 550 3556; x_wconf 76' lang='grc' dir='ltr'>καὶ</span> <span class='ocrx_word' id='word_1_273' title='bbox 577 3499 815 3572; x_wconf 82' lang='grc' dir='ltr'>βοτανῶν</span> <span class='ocrx_word' id='word_1_274' title='bbox 841 3497 1080 3570; x_wconf 84' lang='grc' dir='ltr'>θαύμασι</span> <span class='ocrx_word' id='word_1_275' title='bbox 1115 3497 1209 3551; x_wconf 89' lang='grc' dir='ltr'><strong>καί</strong></span> <span class='ocrx_word' id='word_1_276' title='bbox 1235 3512 1377 3549; x_wconf 88' lang='grc' dir='ltr'>τισιν</span> <span class='ocrx_word' id='word_1_277' title='bbox 1401 3494 1582 3558; x_wconf 88' lang='grc' dir='ltr'>ἀλλοις</span> <span class='ocrx_word' id='word_1_278' title='bbox 1610 3511 1780 3547; x_wconf 75' lang='grc' dir='ltr'>τοιου-</span> 
     </span>
    </p>
   </div>
   <div class='ocr_carea' id='block_1_39' title="bbox 201 3587 1773 3669">
    <p class='ocr_par' dir='ltr' id='par_1_39' title="bbox 201 3587 1773 3669">
     <span class='ocr_line' id='line_1_39' title="bbox 201 3587 1773 3669; baseline -0.007 -20"><span class='ocrx_word' id='word_1_279' title='bbox 201 3596 472 3669; x_wconf 77' lang='grc' dir='ltr'>τοτρόποις</span> <span class='ocrx_word' id='word_1_280' title='bbox 540 3593 764 3657; x_wconf 85' lang='grc' dir='ltr'>ἀκέσεις</span> <span class='ocrx_word' id='word_1_281' title='bbox 826 3591 939 3645; x_wconf 84' lang='grc' dir='ltr'>τῶν</span> <span class='ocrx_word' id='word_1_282' title='bbox 995 3587 1187 3643; x_wconf 85' lang='grc' dir='ltr'>παθῶν</span> <span class='ocrx_word' id='word_1_283' title='bbox 1245 3589 1457 3651; x_wconf 80' lang='grc' dir='ltr'>ἑαυτοῖς</span> <span class='ocrx_word' id='word_1_284' title='bbox 1510 3587 1773 3658; x_wconf 84' lang='grc' dir='ltr'>πορίζειν.</span> 
     </span>
    </p>
   </div>
   <div class='ocr_carea' id='block_1_40' title="bbox 202 3676 1776 3753">
    <p class='ocr_par' dir='ltr' id='par_1_40' title="bbox 202 3676 1776 3753">
     <span class='ocr_line' id='line_1_40' title="bbox 202 3676 1776 3753; baseline -0.005 -17"><span class='ocrx_word' id='word_1_285' title='bbox 202 3684 379 3738; x_wconf 84' lang='grc' dir='ltr'>Ταῦτα</span> <span class='ocrx_word' id='word_1_286' title='bbox 397 3683 531 3753; x_wconf 80' lang='grc' dir='ltr'>γοῦν</span> <span class='ocrx_word' id='word_1_287' title='bbox 559 3683 742 3737; x_wconf 82' lang='grc' dir='ltr'>πάντα</span> <span class='ocrx_word' id='word_1_288' title='bbox 767 3680 867 3752; x_wconf 82' lang='grc' dir='ltr'>τῆς</span> <span class='ocrx_word' id='word_1_289' title='bbox 886 3677 1125 3752; x_wconf 82' lang='grc' dir='ltr'>Χριστοῦ</span> <span class='ocrx_word' id='word_1_290' title='bbox 1148 3677 1498 3740; x_wconf 85' lang='grc' dir='ltr'>διδασκαλίας</span> <span class='ocrx_word' id='word_1_291' title='bbox 1518 3676 1776 3747; x_wconf 80' lang='grc' dir='ltr'>ἐξελήλα-</span> 
     </span>
    </p>
   </div>
   <div class='ocr_carea' id='block_1_41' title="bbox 202 3766 1780 3844">
    <p class='ocr_par' dir='ltr' id='par_1_41' title="bbox 202 3766 1780 3844">
     <span class='ocr_line' id='line_1_41' title="bbox 202 3766 1780 3844; baseline -0.007 -13"><span class='ocrx_word' id='word_1_292' title='bbox 202 3794 280 3831; x_wconf 73' lang='grc' dir='ltr'><strong>ται</strong></span> <span class='ocrx_word' id='word_1_293' title='bbox 304 3795 318 3808; x_wconf 92' lang='grc'><strong>·</strong></span> <span class='ocrx_word' id='word_1_294' title='bbox 345 3777 453 3831; x_wconf 78' lang='grc' dir='ltr'>οὐδ’</span> <span class='ocrx_word' id='word_1_295' title='bbox 480 3775 627 3829; x_wconf 76' lang='grc' dir='ltr'>ἔστιν</span> <span class='ocrx_word' id='word_1_296' title='bbox 656 3771 879 3826; x_wconf 89' lang='grc' dir='ltr'>πώποτε</span> <span class='ocrx_word' id='word_1_297' title='bbox 908 3770 1238 3844; x_wconf 82' lang='grc' dir='ltr'>Χριστιανὸν</span> <span class='ocrx_word' id='word_1_298' title='bbox 1270 3769 1613 3840; x_wconf 88' lang='grc' dir='ltr'>περιάμματι</span> <span class='ocrx_word' id='word_1_299' title='bbox 1641 3766 1780 3839; x_wconf 87' lang='grc' dir='ltr'>χρώ-</span> 
     </span>
    </p>
   </div>
   <div class='ocr_carea' id='block_1_42' title="bbox 206 3855 1777 3940">
    <p class='ocr_par' dir='ltr' id='par_1_42' title="bbox 206 3855 1777 3940">
     <span class='ocr_line' id='line_1_42' title="bbox 206 3855 1777 3940; baseline -0.008 -16"><span class='ocrx_word' id='word_1_300' title='bbox 206 3887 355 3940; x_wconf 85' lang='grc' dir='ltr'>μενον</span> <span class='ocrx_word' id='word_1_301' title='bbox 400 3866 723 3930; x_wconf 79' lang='grc' dir='ltr'>θεάσασθαι,</span> <span class='ocrx_word' id='word_1_302' title='bbox 758 3864 867 3939; x_wconf 65' lang='grc' dir='ltr'>οὐδ’</span> <span class='ocrx_word' id='word_1_303' title='bbox 906 3862 1233 3926; x_wconf 87' lang='grc' dir='ltr'>ἐπιλαλιαῖς,</span> <span class='ocrx_word' id='word_1_304' title='bbox 1264 3861 1297 3934; x_wconf 83' lang='grc' dir='ltr'><strong>ἢ</strong></span> <span class='ocrx_word' id='word_1_305' title='bbox 1340 3859 1587 3915; x_wconf 85' lang='grc' dir='ltr'>πετάλων</span> <span class='ocrx_word' id='word_1_306' title='bbox 1614 3855 1777 3912; x_wconf 81' lang='grc' dir='ltr'>τινών</span> 
     </span>
    </p>
   </div>
   <div class='ocr_carea' id='block_1_43' title="bbox 205 3945 1777 4033">
    <p class='ocr_par' dir='ltr' id='par_1_43' title="bbox 205 3945 1777 4033">
     <span class='ocr_line' id='line_1_43' title="bbox 205 3945 1777 4033; baseline -0.007 -20"><span class='ocrx_word' id='word_1_307' title='bbox 205 3960 500 4033; x_wconf 80' lang='grc' dir='ltr'>περιέργων</span> <span class='ocrx_word' id='word_1_308' title='bbox 546 3958 900 4029; x_wconf 82' lang='grc' dir='ltr'>ἐπιγραφαῖς,</span> <span class='ocrx_word' id='word_1_309' title='bbox 949 3955 1058 4008; x_wconf 72' lang='grc' dir='ltr'>οὐδ’</span> <span class='ocrx_word' id='word_1_310' title='bbox 1102 3953 1304 4017; x_wconf 81' lang='grc' dir='ltr'>ἄλλοις,</span> <span class='ocrx_word' id='word_1_311' title='bbox 1338 3945 1414 4005; x_wconf 85' lang='grc' dir='ltr'>ὧν</span> <span class='ocrx_word' id='word_1_312' title='bbox 1452 3951 1552 4022; x_wconf 86' lang='grc' dir='ltr'>τὴν</span> <span class='ocrx_word' id='word_1_313' title='bbox 1582 3950 1777 4022; x_wconf 84' lang='grc' dir='ltr'>χρῆσιν</span> 
     </span>
    </p>
   </div>
   <div class='ocr_carea' id='block_1_44' title="bbox 206 4039 1779 4128">
    <p class='ocr_par' dir='ltr' id='par_1_44' title="bbox 206 4039 1779 4128">
     <span class='ocr_line' id='line_1_44' title="bbox 206 4039 1779 4128; baseline -0.01 -20"><span class='ocrx_word' id='word_1_314' title='bbox 206 4054 480 4128; x_wconf 74' lang='grc' dir='ltr'>ἀδιάφορον</span> <span class='ocrx_word' id='word_1_315' title='bbox 525 4054 573 4106; x_wconf 87' lang='grc' dir='ltr'>οἱ</span> <span class='ocrx_word' id='word_1_316' title='bbox 602 4050 790 4105; x_wconf 75' lang='grc' dir='ltr'>πολλοὶ</span> <span class='ocrx_word' id='word_1_317' title='bbox 818 4047 1157 4119; x_wconf 87' lang='grc' dir='ltr'>νενομίκασι.</span> <span class='ocrx_word' id='word_1_318' title='bbox 1188 4044 1285 4109; x_wconf 87' lang='grc' dir='ltr'>Τίς</span> <span class='ocrx_word' id='word_1_319' title='bbox 1311 4039 1403 4098; x_wconf 86' lang='grc' dir='ltr'><strong>οῦν</strong></span> <span class='ocrx_word' id='word_1_320' title='bbox 1445 4044 1593 4115; x_wconf 80' lang='grc' dir='ltr'>αἱρεῖ</span> <span class='ocrx_word' id='word_1_321' title='bbox 1619 4041 1779 4111; x_wconf 86' lang='grc' dir='ltr'>λόγος</span> 
     </span>
    </p>
   </div>
   <div class='ocr_carea' id='block_1_45' title="bbox 205 4132 1778 4211">
    <p class='ocr_par' dir='ltr' id='par_1_45' title="bbox 205 4132 1778 4211">
     <span class='ocr_line' id='line_1_45' title="bbox 205 4132 1778 4211; baseline -0.008 -12"><span class='ocrx_word' id='word_1_322' title='bbox 205 4147 319 4211; x_wconf 76' lang='grc' dir='ltr'>τοὺς</span> <span class='ocrx_word' id='word_1_323' title='bbox 357 4144 568 4201; x_wconf 88' lang='grc' dir='ltr'>τοιοῦδε</span> <span class='ocrx_word' id='word_1_324' title='bbox 598 4142 917 4197; x_wconf 88' lang='grc' dir='ltr'>διδασκάλου</span> <span class='ocrx_word' id='word_1_325' title='bbox 947 4140 1143 4211; x_wconf 86' lang='grc' dir='ltr'>γόητος</span> <span class='ocrx_word' id='word_1_326' title='bbox 1168 4138 1262 4191; x_wconf 75' lang='grc' dir='ltr'>καὶ</span> <span class='ocrx_word' id='word_1_327' title='bbox 1292 4136 1495 4191; x_wconf 87' lang='grc' dir='ltr'>πλάνου</span> <span class='ocrx_word' id='word_1_328' title='bbox 1529 4132 1778 4207; x_wconf 84' lang='grc' dir='ltr'>μαθητάς</span> 
     </span>
    </p>
   </div>
   <div class='ocr_carea' id='block_1_46' title="bbox 204 4226 1774 4310">
    <p class='ocr_par' dir='ltr' id='par_1_46' title="bbox 204 4226 1774 4310">
     <span class='ocr_line' id='line_1_46' title="bbox 204 4226 1774 4310; baseline -0.009 -17"><span class='ocrx_word' id='word_1_329' title='bbox 204 4240 471 4310; x_wconf 87' lang='grc' dir='ltr'>γεγονέναι</span> <span class='ocrx_word' id='word_1_330' title='bbox 516 4237 795 4309; x_wconf 80' lang='grc' dir='ltr'>νομίζειν;</span> <span class='ocrx_word' id='word_1_331' title='bbox 828 4236 939 4290; x_wconf 76' lang='grc' dir='ltr'><strong>Καὶ</strong></span> <span class='ocrx_word' id='word_1_332' title='bbox 981 4233 1088 4306; x_wconf 86' lang='grc' dir='ltr'>μὴν</span> <span class='ocrx_word' id='word_1_333' title='bbox 1134 4232 1335 4295; x_wconf 80' lang='grc' dir='ltr'>παντὸς</span> <span class='ocrx_word' id='word_1_334' title='bbox 1366 4226 1774 4299; x_wconf 80' lang='grc' dir='ltr'>ἐπαγγελλομέ-</span> 
     </span>
    </p>
   </div>
   <div class='ocr_carea' id='block_1_47' title="bbox 207 4318 1773 4403">
    <p class='ocr_par' dir='ltr' id='par_1_47' title="bbox 207 4318 1773 4403">
     <span class='ocr_line' id='line_1_47' title="bbox 207 4318 1773 4403; baseline -0.009 -17"><span class='ocrx_word' id='word_1_335' title='bbox 207 4350 287 4385; x_wconf 80' lang='grc' dir='ltr'><strong>νου</strong></span> <span class='ocrx_word' id='word_1_336' title='bbox 336 4350 389 4385; x_wconf 90' lang='grc' dir='ltr'><strong>τι</strong></span> <span class='ocrx_word' id='word_1_337' title='bbox 443 4330 619 4403; x_wconf 86' lang='grc' dir='ltr'>μέγας</span> <span class='ocrx_word' id='word_1_338' title='bbox 666 4329 888 4400; x_wconf 74' lang='grc' dir='ltr'>ἐλεγχος</span> <span class='ocrx_word' id='word_1_339' title='bbox 936 4328 971 4398; x_wconf 79' lang='grc' dir='ltr'><strong>η</strong></span> <span class='ocrx_word' id='word_1_340' title='bbox 1024 4324 1134 4379; x_wconf 83' lang='grc' dir='ltr'><strong>τῶν</strong></span> <span class='ocrx_word' id='word_1_341' title='bbox 1188 4321 1456 4393; x_wconf 84' lang='grc' dir='ltr'>φοιτητῶν</span> <span class='ocrx_word' id='word_1_342' title='bbox 1495 4318 1773 4374; x_wconf 88' lang='grc' dir='ltr'>συνουσία.</span> 
     </span>
    </p>
   </div>
   <div class='ocr_carea' id='block_1_48' title="bbox 211 4414 1775 4497">
    <p class='ocr_par' dir='ltr' id='par_1_48' title="bbox 211 4414 1775 4497">
     <span class='ocr_line' id='line_1_48' title="bbox 211 4414 1775 4497; baseline -0.011 -17"><span class='ocrx_word' id='word_1_343' title='bbox 211 4425 421 4497; x_wconf 73' lang='grc' dir='ltr'>Ἄνδρες</span> <span class='ocrx_word' id='word_1_344' title='bbox 462 4422 598 4495; x_wconf 88' lang='grc' dir='ltr'>γοῦν</span> <span class='ocrx_word' id='word_1_345' title='bbox 632 4423 867 4493; x_wconf 81' lang='grc' dir='ltr'>ἔντεχνοι</span> <span class='ocrx_word' id='word_1_346' title='bbox 898 4418 994 4473; x_wconf 73' lang='grc' dir='ltr'><strong>καὶ</strong></span> <span class='ocrx_word' id='word_1_347' title='bbox 1034 4418 1397 4489; x_wconf 86' lang='grc' dir='ltr'>ἐπιστήμονες</span> <span class='ocrx_word' id='word_1_348' title='bbox 1425 4414 1643 4475; x_wconf 88' lang='grc' dir='ltr'>πάντως</span> <span class='ocrx_word' id='word_1_349' title='bbox 1670 4427 1775 4464; x_wconf 79' lang='grc' dir='ltr'><strong>που</strong></span> 
     </span>
    </p>
   </div>
   <div class='ocr_carea' id='block_1_49' title="bbox 206 4503 1850 4584">
    <p class='ocr_par' dir='ltr' id='par_1_49' title="bbox 206 4503 1850 4584">
     <span class='ocr_line' id='line_1_49' title="bbox 206 4503 1850 4584; baseline -0.01 -13"><span class='ocrx_word' id='word_1_350' title='bbox 206 4516 287 4571; x_wconf 72' lang='grc' dir='ltr'>τὸν</span> <span class='ocrx_word' id='word_1_351' title='bbox 335 4518 507 4573; x_wconf 85' lang='grc' dir='ltr'>αἴτιον</span> <span class='ocrx_word' id='word_1_352' title='bbox 558 4516 741 4577; x_wconf 75' lang='grc' dir='ltr'>αὐτοῖς</span> <span class='ocrx_word' id='word_1_353' title='bbox 793 4512 894 4584; x_wconf 80' lang='grc' dir='ltr'>τῆς</span> <span class='ocrx_word' id='word_1_354' title='bbox 946 4510 1261 4581; x_wconf 80' lang='grc' dir='ltr'>ἐπιστήμης</span> <span class='ocrx_word' id='word_1_355' title='bbox 1305 4506 1439 4561; x_wconf 82' lang='grc' dir='ltr'>πολὺ</span> <span class='ocrx_word' id='word_1_356' title='bbox 1491 4503 1774 4576; x_wconf 84' lang='grc' dir='ltr'>κρείττονα</span> <span class='ocrx_word' id='word_1_357' title='bbox 1806 4517 1850 4573; x_wconf 78' lang='lat' dir='ltr'><strong>D</strong></span> 
     </span>
    </p>
   </div>
   <div class='ocr_carea' id='block_1_50' title="bbox 210 4593 1775 4678">
    <p class='ocr_par' dir='ltr' id='par_1_50' title="bbox 210 4593 1775 4678">
     <span class='ocr_line' id='line_1_50' title="bbox 210 4593 1775 4678; baseline -0.012 -16"><span class='ocrx_word' id='word_1_358' title='bbox 210 4609 343 4678; x_wconf 71' lang='grc' dir='ltr'>σφῶν</span> <span class='ocrx_word' id='word_1_359' title='bbox 384 4607 567 4663; x_wconf 82' lang='grc' dir='ltr'>αὐτῶν</span> <span class='ocrx_word' id='word_1_360' title='bbox 621 4604 975 4677; x_wconf 80' lang='grc' dir='ltr'>ἐμφαίνουσιν</span> <span class='ocrx_word' id='word_1_361' title='bbox 1000 4617 1018 4636; x_wconf 79' lang='grc'><em>’</em></span> <span class='ocrx_word' id='word_1_362' title='bbox 1044 4597 1328 4671; x_wconf 85' lang='grc' dir='ltr'>ὠσπεροῦν</span> <span class='ocrx_word' id='word_1_363' title='bbox 1388 4595 1620 4668; x_wconf 69' lang='grc' dir='ltr'>ίατρικοὶ</span> <span class='ocrx_word' id='word_1_364' title='bbox 1677 4593 1775 4664; x_wconf 86' lang='grc' dir='ltr'>μὲν</span> 
     </span>
    </p>
   </div>
   <div class='ocr_carea' id='block_1_51' title="bbox 207 4684 1776 4771">
    <p class='ocr_par' dir='ltr' id='par_1_51' title="bbox 207 4684 1776 4771">
     <span class='ocr_line' id='line_1_51' title="bbox 207 4684 1776 4771; baseline -0.012 -14"><span class='ocrx_word' id='word_1_365' title='bbox 207 4700 294 4771; x_wconf 74' lang='grc' dir='ltr'>τῆς</span> <span class='ocrx_word' id='word_1_366' title='bbox 318 4700 411 4756; x_wconf 89' lang='grc' dir='ltr'><strong>τοῦ</strong></span> <span class='ocrx_word' id='word_1_367' title='bbox 450 4696 778 4754; x_wconf 87' lang='grc' dir='ltr'>διδασκάλου</span> <span class='ocrx_word' id='word_1_368' title='bbox 819 4693 949 4765; x_wconf 60' lang='grc' dir='ltr'><strong>περὶ⁵</strong></span> <span class='ocrx_word' id='word_1_369' title='bbox 996 4690 1058 4745; x_wconf 80' lang='grc' dir='ltr'>τὸ</span> <span class='ocrx_word' id='word_1_370' title='bbox 1102 4690 1334 4762; x_wconf 87' lang='grc' dir='ltr'>μάθημα</span> <span class='ocrx_word' id='word_1_371' title='bbox 1383 4684 1776 4760; x_wconf 84' lang='grc' dir='ltr'>κατορθώσεως</span> 
     </span>
    </p>
   </div>
   <div class='ocr_carea' id='block_1_52' title="bbox 208 4778 1777 4865">
    <p class='ocr_par' dir='ltr' id='par_1_52' title="bbox 208 4778 1777 4865">
     <span class='ocr_line' id='line_1_52' title="bbox 208 4778 1777 4865; baseline -0.008 -20"><span class='ocrx_word' id='word_1_372' title='bbox 208 4789 305 4846; x_wconf 84' lang='grc' dir='ltr'>εἷεν</span> <span class='ocrx_word' id='word_1_373' title='bbox 334 4793 399 4847; x_wconf 85' lang='grc' dir='ltr'>ἂν</span> <span class='ocrx_word' id='word_1_374' title='bbox 425 4793 707 4865; x_wconf 87' lang='grc' dir='ltr'>μάρτυρες</span> <span class='ocrx_word' id='word_1_375' title='bbox 728 4809 742 4822; x_wconf 93' lang='grc'><strong>·</strong></span> <span class='ocrx_word' id='word_1_376' title='bbox 772 4789 1138 4861; x_wconf 76' lang='grc' dir='ltr'>γεωμετρικοὶ</span> <span class='ocrx_word' id='word_1_377' title='bbox 1160 4786 1220 4840; x_wconf 85' lang='grc' dir='ltr'><strong>δέ</strong></span> <span class='ocrx_word' id='word_1_378' title='bbox 1249 4784 1340 4837; x_wconf 81' lang='grc' dir='ltr'>τὸν</span> <span class='ocrx_word' id='word_1_379' title='bbox 1372 4782 1610 4853; x_wconf 78' lang='grc' dir='ltr'>ἄρχοντα</span> <span class='ocrx_word' id='word_1_380' title='bbox 1653 4778 1777 4832; x_wconf 87' lang='grc' dir='ltr'>τίνα</span> 
     </span>
    </p>
   </div>
   <div class='ocr_carea' id='block_1_53' title="bbox 209 4869 1775 4955">
    <p class='ocr_par' dir='ltr' id='par_1_53' title="bbox 209 4869 1775 4955">
     <span class='ocr_line' id='line_1_53' title="bbox 209 4869 1775 4955; baseline -0.011 -17"><span class='ocrx_word' id='word_1_381' title='bbox 209 4882 348 4937; x_wconf 77' lang='grc' dir='ltr'>ἄλλον</span> <span class='ocrx_word' id='word_1_382' title='bbox 377 4883 411 4955; x_wconf 81' lang='grc' dir='ltr'>ἢ</span> <span class='ocrx_word' id='word_1_383' title='bbox 456 4883 784 4954; x_wconf 84' lang='grc' dir='ltr'>γεωμέτρην</span> <span class='ocrx_word' id='word_1_384' title='bbox 816 4879 1252 4952; x_wconf 70' lang='grc' dir='ltr'>ἐπιγράῲονται;</span> <span class='ocrx_word' id='word_1_385' title='bbox 1297 4873 1392 4927; x_wconf 72' lang='grc' dir='ltr'><strong>καὶ</strong></span> <span class='ocrx_word' id='word_1_386' title='bbox 1423 4869 1775 4943; x_wconf 75' lang='grc' dir='ltr'>ἀριθμητικοὶ</span> 
     </span>
    </p>
   </div>
   <div class='ocr_carea' id='block_1_54' title="bbox 211 4957 1775 5045">
    <p class='ocr_par' dir='ltr' id='par_1_54' title="bbox 211 4957 1775 5045">
     <span class='ocr_line' id='line_1_54' title="bbox 211 4957 1775 5045; baseline -0.001 -21"><span class='ocrx_word' id='word_1_387' title='bbox 211 4973 291 5025; x_wconf 61' lang='grc' dir='ltr'>τὴν</span> <span class='ocrx_word' id='word_1_388' title='bbox 326 4971 719 5045; x_wconf 83' lang='grc' dir='ltr'>ἀριθμητικόν;</span> <span class='ocrx_word' id='word_1_389' title='bbox 748 4969 905 5023; x_wconf 84' lang='grc' dir='ltr'>Κατὰ</span> <span class='ocrx_word' id='word_1_390' title='bbox 940 4969 1079 5023; x_wconf 85' lang='grc' dir='ltr'>αὐτά</span> <span class='ocrx_word' id='word_1_391' title='bbox 1110 4966 1165 5019; x_wconf 79' lang='grc' dir='ltr'>δὲ</span> <span class='ocrx_word' id='word_1_392' title='bbox 1209 4964 1305 5018; x_wconf 73' lang='grc' dir='ltr'>καὶ</span> <span class='ocrx_word' id='word_1_393' title='bbox 1352 4960 1547 5030; x_wconf 80' lang='grc' dir='ltr'>γόητος</span> <span class='ocrx_word' id='word_1_394' title='bbox 1583 4957 1775 5029; x_wconf 81' lang='grc' dir='ltr'>ἀνδρὸς</span> 
     </span>
    </p>
   </div>
   <div class='ocr_carea' id='block_1_55' title="bbox 215 5047 1773 5136">
    <p class='ocr_par' dir='ltr' id='par_1_55' title="bbox 215 5047 1773 5136">
     <span class='ocr_line' id='line_1_55' title="bbox 215 5047 1773 5136; baseline -0.014 -16"><span class='ocrx_word' id='word_1_395' title='bbox 215 5065 441 5136; x_wconf 73' lang='grc' dir='ltr'>μέγιστοι</span> <span class='ocrx_word' id='word_1_396' title='bbox 469 5065 538 5119; x_wconf 82' lang='grc' dir='ltr'>ἂν</span> <span class='ocrx_word' id='word_1_397' title='bbox 568 5059 679 5116; x_wconf 76' lang='grc' dir='ltr'>εἶεν</span> <span class='ocrx_word' id='word_1_398' title='bbox 708 5062 984 5135; x_wconf 88' lang='grc' dir='ltr'>μάρτυρες</span> <span class='ocrx_word' id='word_1_399' title='bbox 1009 5059 1059 5112; x_wconf 80' lang='grc' dir='ltr'>οἱ</span> <span class='ocrx_word' id='word_1_400' title='bbox 1084 5053 1356 5126; x_wconf 62' lang='grc' dir='ltr'>φοιτηταί,</span> <span class='ocrx_word' id='word_1_401' title='bbox 1389 5049 1461 5104; x_wconf 82' lang='grc' dir='ltr'><strong>τὰ</strong></span> <span class='ocrx_word' id='word_1_402' title='bbox 1486 5047 1649 5120; x_wconf 83' lang='grc' dir='ltr'>ὅμοιά</span> <span class='ocrx_word' id='word_1_403' title='bbox 1669 5063 1773 5099; x_wconf 88' lang='grc' dir='ltr'><strong>που</strong></span> 
     </span>
    </p>
   </div>
   <div class='ocr_carea' id='block_1_56' title="bbox 212 5140 1776 5230">
    <p class='ocr_par' dir='ltr' id='par_1_56' title="bbox 212 5140 1776 5230">
     <span class='ocr_line' id='line_1_56' title="bbox 212 5140 1776 5230; baseline -0.013 -20"><span class='ocrx_word' id='word_1_404' title='bbox 212 5158 278 5230; x_wconf 83' lang='grc' dir='ltr'><strong>τῷ</strong></span> <span class='ocrx_word' id='word_1_405' title='bbox 303 5156 604 5228; x_wconf 76' lang='grc' dir='ltr'>διδασκάλῳ</span> <span class='ocrx_word' id='word_1_406' title='bbox 635 5155 731 5209; x_wconf 77' lang='grc' dir='ltr'>καὶ</span> <span class='ocrx_word' id='word_1_407' title='bbox 756 5154 910 5208; x_wconf 76' lang='grc' dir='ltr'>αὐτοὶ</span> <span class='ocrx_word' id='word_1_408' title='bbox 945 5149 1238 5218; x_wconf 86' lang='grc' dir='ltr'>μετιόντες.</span> <span class='ocrx_word' id='word_1_409' title='bbox 1286 5142 1448 5197; x_wconf 79' lang='grc' dir='ltr'>Ἀλλὰ</span> <span class='ocrx_word' id='word_1_410' title='bbox 1480 5140 1655 5230; x_wconf 74' lang='grc' dir='ltr'>οὐδείς</span> <span class='ocrx_word' id='word_1_411' title='bbox 1688 5155 1776 5191; x_wconf 89' lang='grc' dir='ltr'><strong>πω</strong></span> 
     </span>
    </p>
   </div>
   <div class='ocr_carea' id='block_1_57' title="bbox 212 5228 1773 5318">
    <p class='ocr_par' dir='ltr' id='par_1_57' title="bbox 212 5228 1773 5318">
     <span class='ocr_line' id='line_1_57' title="bbox 212 5228 1773 5318; baseline -0.013 -15"><span class='ocrx_word' id='word_1_412' title='bbox 212 5228 458 5305; x_wconf 73' lang='grc' dir='ltr'>τοσούτων</span> <span class='ocrx_word' id='word_1_413' title='bbox 490 5248 632 5303; x_wconf 81' lang='grc' dir='ltr'>ἐτῶν</span> <span class='ocrx_word' id='word_1_414' title='bbox 661 5246 796 5318; x_wconf 89' lang='grc' dir='ltr'>γόης</span> <span class='ocrx_word' id='word_1_415' title='bbox 838 5244 1111 5314; x_wconf 82' lang='grc' dir='ltr'>πέφανται</span> <span class='ocrx_word' id='word_1_416' title='bbox 1149 5237 1243 5292; x_wconf 91' lang='grc' dir='ltr'><strong>τοῦ</strong></span> <span class='ocrx_word' id='word_1_417' title='bbox 1285 5230 1460 5306; x_wconf 77' lang='grc' dir='ltr'>Ἰησοῦ</span> <span class='ocrx_word' id='word_1_418' title='bbox 1506 5228 1773 5303; x_wconf 79' lang='grc' dir='ltr'>μαθητὴς,</span> 
     </span>
    </p>
   </div>
   <div class='ocr_carea' id='block_1_58' title="bbox 214 5320 1776 5413">
    <p class='ocr_par' dir='ltr' id='par_1_58' title="bbox 214 5320 1776 5413">
     <span class='ocr_line' id='line_1_58' title="bbox 214 5320 1776 5413; baseline -0.015 -17"><span class='ocrx_word' id='word_1_419' title='bbox 214 5343 368 5397; x_wconf 78' lang='grc' dir='ltr'>καίτοι</span> <span class='ocrx_word' id='word_1_420' title='bbox 394 5343 482 5398; x_wconf 78' lang='grc' dir='ltr'>διὰ</span> <span class='ocrx_word' id='word_1_421' title='bbox 517 5339 769 5413; x_wconf 85' lang='grc' dir='ltr'>βασάνων</span> <span class='ocrx_word' id='word_1_422' title='bbox 798 5337 993 5409; x_wconf 88' lang='grc' dir='ltr'>πείρας</span> <span class='ocrx_word' id='word_1_423' title='bbox 1023 5333 1132 5387; x_wconf 85' lang='grc' dir='ltr'>τῶν</span> <span class='ocrx_word' id='word_1_424' title='bbox 1164 5328 1306 5385; x_wconf 88' lang='grc' dir='ltr'>κατὰ</span> <span class='ocrx_word' id='word_1_425' title='bbox 1325 5325 1550 5399; x_wconf 87' lang='grc' dir='ltr'>χρόνους</span> <span class='ocrx_word' id='word_1_426' title='bbox 1579 5320 1776 5395; x_wconf 80' lang='grc' dir='ltr'>ἡγεμό-</span> 
     </span>
    </p>
   </div>
   <div class='ocr_carea' id='block_1_59' title="bbox 215 5413 1776 5505">
    <p class='ocr_par' dir='ltr' id='par_1_59' title="bbox 215 5413 1776 5505">
     <span class='ocr_line' id='line_1_59' title="bbox 215 5413 1776 5505; baseline -0.015 -16"><span class='ocrx_word' id='word_1_427' title='bbox 215 5454 305 5489; x_wconf 84' lang='grc' dir='ltr'><strong>νων</strong></span> <span class='ocrx_word' id='word_1_428' title='bbox 322 5454 378 5489; x_wconf 87' lang='grc' dir='ltr'><strong>τε</strong></span> <span class='ocrx_word' id='word_1_429' title='bbox 404 5436 500 5491; x_wconf 70' lang='grc' dir='ltr'><strong>καὶ</strong></span> <span class='ocrx_word' id='word_1_430' title='bbox 530 5431 797 5505; x_wconf 84' lang='grc' dir='ltr'>βασιλέων</span> <span class='ocrx_word' id='word_1_431' title='bbox 819 5427 1021 5501; x_wconf 82' lang='grc' dir='ltr'>ἀκριϐῆ</span> <span class='ocrx_word' id='word_1_432' title='bbox 1049 5424 1159 5479; x_wconf 84' lang='grc' dir='ltr'><strong>τῶν</strong></span> <span class='ocrx_word' id='word_1_433' title='bbox 1183 5421 1304 5476; x_wconf 82' lang='grc' dir='ltr'>καθ’</span> <span class='ocrx_word' id='word_1_434' title='bbox 1334 5419 1483 5491; x_wconf 80' lang='grc' dir='ltr'>ἡμᾶς</span> <span class='ocrx_word' id='word_1_435' title='bbox 1514 5413 1776 5488; x_wconf 83' lang='grc' dir='ltr'>πραγμά-</span> 
     </span>
    </p>
   </div>
   <div class='ocr_carea' id='block_1_60' title="bbox 211 5508 1774 5602">
    <p class='ocr_par' dir='ltr' id='par_1_60' title="bbox 211 5508 1774 5602">
     <span class='ocr_line' id='line_1_60' title="bbox 211 5508 1774 5602; baseline -0.017 -17"><span class='ocrx_word' id='word_1_436' title='bbox 211 5544 304 5583; x_wconf 78' lang='grc' dir='ltr'><strong>των</strong></span> <span class='ocrx_word' id='word_1_437' title='bbox 325 5530 418 5602; x_wconf 80' lang='grc' dir='ltr'>τὴν</span> <span class='ocrx_word' id='word_1_438' title='bbox 447 5528 695 5596; x_wconf 81' lang='grc' dir='ltr'>ἐξέτασιν</span> <span class='ocrx_word' id='word_1_439' title='bbox 724 5521 1132 5595; x_wconf 86' lang='grc' dir='ltr'>πεποιημένων.</span> <span class='ocrx_word' id='word_1_440' title='bbox 1169 5513 1356 5577; x_wconf 72' lang='grc' dir='ltr'>Οὕτως</span> <span class='ocrx_word' id='word_1_441' title='bbox 1382 5511 1439 5565; x_wconf 84' lang='grc' dir='ltr'><strong>δέ</strong></span> <span class='ocrx_word' id='word_1_442' title='bbox 1470 5509 1577 5602; x_wconf 80' lang='grc' dir='ltr'>ἄρα</span> <span class='ocrx_word' id='word_1_443' title='bbox 1597 5508 1774 5602; x_wconf 53' lang='grc' dir='ltr'>οὐδείς</span> 
     </span>
    </p>
   </div>
   <div class='ocr_carea' id='block_1_61' title="bbox 210 5598 1773 5692">
    <p class='ocr_par' dir='ltr' id='par_1_61' title="bbox 210 5598 1773 5692">
     <span class='ocr_line' id='line_1_61' title="bbox 210 5598 1773 5692; baseline -0.024 -6"><span class='ocrx_word' id='word_1_444' title='bbox 210 5612 269 5689; x_wconf 72' lang='grc' dir='ltr'><strong>ἦν</strong></span> <span class='ocrx_word' id='word_1_445' title='bbox 306 5598 457 5692; x_wconf 56' lang='grc' dir='ltr'>γὸἧς,</span> <span class='ocrx_word' id='word_1_446' title='bbox 487 5621 567 5685; x_wconf 83' lang='grc' dir='ltr'>ὡς</span> <span class='ocrx_word' id='word_1_447' title='bbox 598 5618 884 5688; x_wconf 77' lang='grc' dir='ltr'>ἐλεύθερον</span> <span class='ocrx_word' id='word_1_448' title='bbox 933 5611 1185 5683; x_wconf 85' lang='grc' dir='ltr'>ἀφεῖσθαι</span> <span class='ocrx_word' id='word_1_449' title='bbox 1229 5609 1325 5663; x_wconf 75' lang='grc' dir='ltr'>καὶ</span> <span class='ocrx_word' id='word_1_450' title='bbox 1369 5601 1569 5665; x_wconf 86' lang='grc' dir='ltr'>παντὸς</span> <span class='ocrx_word' id='word_1_451' title='bbox 1595 5598 1773 5692; x_wconf 4' lang='grc' dir='ltr'>,ἐκτὸς</span> 
     </span>
    </p>
   </div>
   <div class='ocr_carea' id='block_1_62' title="bbox 210 5690 1830 5782">
    <p class='ocr_par' dir='ltr' id='par_1_62' title="bbox 210 5690 1830 5782">
     <span class='ocr_line' id='line_1_62' title="bbox 210 5690 1830 5782; baseline -0.013 -17"><span class='ocrx_word' id='word_1_452' title='bbox 210 5690 433 5769; x_wconf 78' lang='grc' dir='ltr'>κινδύνου</span> <span class='ocrx_word' id='word_1_453' title='bbox 464 5714 558 5769; x_wconf 78' lang='grc' dir='ltr'><strong>τὺν</strong></span> <span class='ocrx_word' id='word_1_454' title='bbox 576 5711 714 5768; x_wconf 79' lang='grc' dir='ltr'>αὐτὸ</span> <span class='ocrx_word' id='word_1_455' title='bbox 745 5709 906 5782; x_wconf 87' lang='grc' dir='ltr'>μόνον</span> <span class='ocrx_word' id='word_1_456' title='bbox 930 5706 991 5761; x_wconf 80' lang='grc' dir='ltr'>τὸ</span> <span class='ocrx_word' id='word_1_457' title='bbox 1023 5705 1183 5760; x_wconf 91' lang='grc' dir='ltr'>θῦσαι</span> <span class='ocrx_word' id='word_1_458' title='bbox 1212 5700 1346 5773; x_wconf 74' lang='grc' dir='ltr'>πρὸς</span> <span class='ocrx_word' id='word_1_459' title='bbox 1372 5694 1550 5753; x_wconf 83' lang='grc' dir='ltr'>αὐτῶν</span> <span class='ocrx_word' id='word_1_460' title='bbox 1584 5690 1770 5765; x_wconf 87' lang='grc' dir='ltr'>βεϐια-</span> <span class='ocrx_word' id='word_1_461' title='bbox 1809 5764 1830 5771; x_wconf 83' lang='lat'>_</span> 
     </span>
    </p>
   </div>
   <div class='ocr_carea' id='block_1_63' title="bbox 268 5823 833 5896">
    <p class='ocr_par' dir='ltr' id='par_1_63' title="bbox 268 5823 833 5896">
     <span class='ocr_line' id='line_1_63' title="bbox 268 5823 833 5896; baseline -0.018 -8"><span class='ocrx_word' id='word_1_462' title='bbox 268 5829 522 5887; x_wconf 72' lang='lat' dir='ltr'><strong>&quot;Matth.</strong></span> <span class='ocrx_word' id='word_1_463' title='bbox 587 5843 703 5896; x_wconf 76' lang='lat' dir='ltr'><strong>xIx,</strong></span> <span class='ocrx_word' id='word_1_464' title='bbox 748 5823 833 5879; x_wconf 73' lang='grc'><strong>12.</strong></span> 
     </span>
    </p>
   </div>
   <div class='ocr_carea' id='block_1_64' title="bbox 1882 546 3455 619">
    <p class='ocr_par' dir='ltr' id='par_1_64' title="bbox 1882 546 3455 619">
     <span class='ocr_line' id='line_1_64' title="bbox 1882 546 3455 619; baseline -0.001 -16"><span class='ocrx_word' id='word_1_465' title='bbox 1882 549 2053 604; x_wconf 78' lang='lat' dir='ltr'><strong>tionis</strong></span> <span class='ocrx_word' id='word_1_466' title='bbox 2078 548 2352 619; x_wconf 82' lang='lat' dir='ltr'><strong>profundo</strong></span> <span class='ocrx_word' id='word_1_467' title='bbox 2379 563 2631 603; x_wconf 77' lang='lat' dir='ltr'><strong>resecare</strong></span> <span class='ocrx_word' id='word_1_468' title='bbox 2652 563 2714 601; x_wconf 82' lang='lat' dir='ltr'><strong>ac</strong></span> <span class='ocrx_word' id='word_1_469' title='bbox 2738 563 2971 618; x_wconf 81' lang='lat' dir='ltr'><strong>purgare</strong></span> <span class='ocrx_word' id='word_1_470' title='bbox 2987 546 3455 619; x_wconf 70' lang='lat' dir='ltr'><strong>jubebatdiceusr</strong></span> 
     </span>
    </p>
   </div>
   <div class='ocr_carea' id='block_1_65' title="bbox 1888 639 3449 711">
    <p class='ocr_par' dir='ltr' id='par_1_65' title="bbox 1888 639 3449 711">
     <span class='ocr_line' id='line_1_65' title="bbox 1888 639 3449 711; baseline 0.002 -18"><span class='ocrx_word' id='word_1_471' title='bbox 1888 659 1908 693; x_wconf 84' lang='grc' dir='ltr'><strong>ι</strong></span> <span class='ocrx_word' id='word_1_472' title='bbox 1950 639 2091 696; x_wconf 90' lang='lat' dir='ltr'><strong>Sunt</strong></span> <span class='ocrx_word' id='word_1_473' title='bbox 2124 640 2387 703; x_wconf 90' lang='lat' dir='ltr'><strong>eunuchi,</strong></span> <span class='ocrx_word' id='word_1_474' title='bbox 2418 640 2511 711; x_wconf 88' lang='lat' dir='ltr'><strong>qui</strong></span> <span class='ocrx_word' id='word_1_475' title='bbox 2542 641 2621 695; x_wconf 90' lang='lat' dir='ltr'><strong>sic</strong></span> <span class='ocrx_word' id='word_1_476' title='bbox 2660 642 2771 695; x_wconf 90' lang='lat' dir='ltr'><strong>nati</strong></span> <span class='ocrx_word' id='word_1_477' title='bbox 2816 648 2945 696; x_wconf 90' lang='lat' dir='ltr'><strong>sunt</strong></span> <span class='ocrx_word' id='word_1_478' title='bbox 2973 661 2986 695; x_wconf 88' lang='lat'><strong>:</strong></span> <span class='ocrx_word' id='word_1_479' title='bbox 3016 649 3070 696; x_wconf 84' lang='lat' dir='ltr'><strong>et</strong></span> <span class='ocrx_word' id='word_1_480' title='bbox 3117 650 3248 697; x_wconf 90' lang='lat' dir='ltr'><strong>sunt</strong></span> <span class='ocrx_word' id='word_1_481' title='bbox 3283 657 3449 697; x_wconf 84' lang='lat' dir='ltr'><strong>eunu-</strong></span> 
     </span>
    </p>
   </div>
   <div class='ocr_carea' id='block_1_66' title="bbox 1884 731 3453 804">
    <p class='ocr_par' dir='ltr' id='par_1_66' title="bbox 1884 731 3453 804">
     <span class='ocr_line' id='line_1_66' title="bbox 1884 731 3453 804; baseline -0.003 -16"><span class='ocrx_word' id='word_1_482' title='bbox 1884 733 1998 799; x_wconf 85' lang='lat' dir='ltr'><strong>chi,</strong></span> <span class='ocrx_word' id='word_1_483' title='bbox 2032 732 2126 804; x_wconf 88' lang='lat' dir='ltr'><strong>qui</strong></span> <span class='ocrx_word' id='word_1_484' title='bbox 2158 732 2289 787; x_wconf 81' lang='lat' dir='ltr'><strong>facti</strong></span> <span class='ocrx_word' id='word_1_485' title='bbox 2319 740 2449 788; x_wconf 88' lang='lat' dir='ltr'><strong>sunt</strong></span> <span class='ocrx_word' id='word_1_486' title='bbox 2478 732 2546 787; x_wconf 91' lang='lat' dir='ltr'><strong>ab</strong></span> <span class='ocrx_word' id='word_1_487' title='bbox 2579 731 2918 795; x_wconf 85' lang='lat' dir='ltr'><strong>hominibus,</strong></span> <span class='ocrx_word' id='word_1_488' title='bbox 2950 742 3004 788; x_wconf 88' lang='lat' dir='ltr'><strong>et</strong></span> <span class='ocrx_word' id='word_1_489' title='bbox 3040 742 3169 788; x_wconf 89' lang='lat' dir='ltr'><strong>sunt</strong></span> <span class='ocrx_word' id='word_1_490' title='bbox 3197 733 3453 788; x_wconf 80' lang='lat' dir='ltr'><strong>eunuchi.</strong></span> 
     </span>
    </p>
   </div>
   <div class='ocr_carea' id='block_1_67' title="bbox 1884 822 3454 896">
    <p class='ocr_par' dir='ltr' id='par_1_67' title="bbox 1884 822 3454 896">
     <span class='ocr_line' id='line_1_67' title="bbox 1884 822 3454 896; baseline 0 -19"><span class='ocrx_word' id='word_1_491' title='bbox 1884 825 1979 896; x_wconf 89' lang='lat' dir='ltr'><strong>qui</strong></span> <span class='ocrx_word' id='word_1_492' title='bbox 2035 829 2416 879; x_wconf 88' lang='lat' dir='ltr'><strong>castraverunt</strong></span> <span class='ocrx_word' id='word_1_493' title='bbox 2473 822 2686 893; x_wconf 83' lang='lat' dir='ltr'><strong>seipsos</strong></span> <span class='ocrx_word' id='word_1_494' title='bbox 2728 832 2952 893; x_wconf 85' lang='lat' dir='ltr'><strong>pr0pter</strong></span> <span class='ocrx_word' id='word_1_495' title='bbox 3006 840 3235 895; x_wconf 78' lang='lat' dir='ltr'><strong>regnum</strong></span> <span class='ocrx_word' id='word_1_496' title='bbox 3286 824 3454 879; x_wconf 75' lang='lat' dir='ltr'><strong>cmlo-</strong></span> 
     </span>
    </p>
   </div>
   <div class='ocr_carea' id='block_1_68' title="bbox 1885 915 3456 988">
    <p class='ocr_par' dir='ltr' id='par_1_68' title="bbox 1885 915 3456 988">
     <span class='ocr_line' id='line_1_68' title="bbox 1885 915 3456 988; baseline -0.001 -16"><span class='ocrx_word' id='word_1_497' title='bbox 1885 932 2008 972; x_wconf 90' lang='lat' dir='ltr'><strong>rum</strong></span> <span class='ocrx_word' id='word_1_498' title='bbox 2036 918 2103 974; x_wconf 84' lang='grc'><strong>⁷⁸.</strong></span> <span class='ocrx_word' id='word_1_499' title='bbox 2141 934 2161 969; x_wconf 85' lang='grc'>›</span> <span class='ocrx_word' id='word_1_500' title='bbox 2188 915 2394 972; x_wconf 88' lang='lat' dir='ltr'><strong>Deinde</strong></span> <span class='ocrx_word' id='word_1_501' title='bbox 2420 916 2515 987; x_wconf 89' lang='lat' dir='ltr'><strong>qui</strong></span> <span class='ocrx_word' id='word_1_502' title='bbox 2543 916 2910 987; x_wconf 65' lang='lat' dir='ltr'><strong>praestigiator</strong></span> <span class='ocrx_word' id='word_1_503' title='bbox 2926 924 3011 973; x_wconf 88' lang='lat' dir='ltr'><strong>est</strong></span> <span class='ocrx_word' id='word_1_504' title='bbox 3040 926 3095 971; x_wconf 91' lang='lat' dir='ltr'><strong>et</strong></span> <span class='ocrx_word' id='word_1_505' title='bbox 3120 933 3246 973; x_wconf 90' lang='lat' dir='ltr'><strong>vere</strong></span> <span class='ocrx_word' id='word_1_506' title='bbox 3274 917 3456 988; x_wconf 78' lang='lat' dir='ltr'><strong>pepuli</strong></span> 
     </span>
    </p>
   </div>
   <div class='ocr_carea' id='block_1_69' title="bbox 1885 1007 3454 1081">
    <p class='ocr_par' dir='ltr' id='par_1_69' title="bbox 1885 1007 3454 1081">
     <span class='ocr_line' id='line_1_69' title="bbox 1885 1007 3454 1081; baseline -0.002 -17"><span class='ocrx_word' id='word_1_507' title='bbox 1885 1008 2164 1080; x_wconf 86' lang='lat' dir='ltr'><strong>deceptor,</strong></span> <span class='ocrx_word' id='word_1_508' title='bbox 2207 1009 2391 1062; x_wconf 84' lang='lat' dir='ltr'><strong>omnia</strong></span> <span class='ocrx_word' id='word_1_509' title='bbox 2425 1007 2741 1078; x_wconf 79' lang='lat' dir='ltr'><strong>aggreditur</strong></span> <span class='ocrx_word' id='word_1_510' title='bbox 2774 1014 2937 1078; x_wconf 87' lang='lat' dir='ltr'><strong>atque</strong></span> <span class='ocrx_word' id='word_1_511' title='bbox 2977 1011 3088 1081; x_wconf 89' lang='lat' dir='ltr'><strong>agit</strong></span> <span class='ocrx_word' id='word_1_512' title='bbox 3118 1024 3244 1065; x_wconf 91' lang='lat' dir='ltr'><strong>cum</strong></span> <span class='ocrx_word' id='word_1_513' title='bbox 3279 1009 3454 1078; x_wconf 78' lang='lat' dir='ltr'><strong>jacta-</strong></span> 
     </span>
    </p>
   </div>
   <div class='ocr_carea' id='block_1_70' title="bbox 1886 1099 3461 1170">
    <p class='ocr_par' dir='ltr' id='par_1_70' title="bbox 1886 1099 3461 1170">
     <span class='ocr_line' id='line_1_70' title="bbox 1886 1099 3461 1170; baseline -0.001 -16"><span class='ocrx_word' id='word_1_514' title='bbox 1886 1101 2032 1155; x_wconf 88' lang='lat' dir='ltr'><strong>tione</strong></span> <span class='ocrx_word' id='word_1_515' title='bbox 2060 1099 2146 1155; x_wconf 93' lang='lat' dir='ltr'><strong>sui</strong></span> <span class='ocrx_word' id='word_1_516' title='bbox 2171 1099 2513 1170; x_wconf 88' lang='lat' dir='ltr'><strong>plerumque,</strong></span> <span class='ocrx_word' id='word_1_517' title='bbox 2544 1107 2599 1155; x_wconf 91' lang='lat' dir='ltr'><strong>et</strong></span> <span class='ocrx_word' id='word_1_518' title='bbox 2614 1099 2682 1153; x_wconf 90' lang='lat' dir='ltr'><strong>ad</strong></span> <span class='ocrx_word' id='word_1_519' title='bbox 2708 1101 2971 1169; x_wconf 88' lang='lat' dir='ltr'><strong>speciem,</strong></span> <span class='ocrx_word' id='word_1_520' title='bbox 3015 1118 3123 1156; x_wconf 87' lang='lat' dir='ltr'><strong>non</strong></span> <span class='ocrx_word' id='word_1_521' title='bbox 3157 1101 3225 1155; x_wconf 90' lang='lat' dir='ltr'><strong>ad</strong></span> <span class='ocrx_word' id='word_1_522' title='bbox 3254 1102 3461 1156; x_wconf 85' lang='lat' dir='ltr'><strong>verita-</strong></span> 
     </span>
    </p>
   </div>
   <div class='ocr_carea' id='block_1_71' title="bbox 1882 1193 3460 1264">
    <p class='ocr_par' dir='ltr' id='par_1_71' title="bbox 1882 1193 3460 1264">
     <span class='ocr_line' id='line_1_71' title="bbox 1882 1193 3460 1264; baseline -0.001 -16"><span class='ocrx_word' id='word_1_523' title='bbox 1882 1202 2013 1257; x_wconf 86' lang='lat' dir='ltr'><strong>tem,</strong></span> <span class='ocrx_word' id='word_1_524' title='bbox 2040 1204 2204 1264; x_wconf 90' lang='lat' dir='ltr'><strong>atque</strong></span> <span class='ocrx_word' id='word_1_525' title='bbox 2239 1193 2475 1263; x_wconf 86' lang='lat' dir='ltr'><strong>amplius</strong></span> <span class='ocrx_word' id='word_1_526' title='bbox 2504 1193 2763 1263; x_wconf 86' lang='lat' dir='ltr'><strong>quiddam</strong></span> <span class='ocrx_word' id='word_1_527' title='bbox 2798 1201 2997 1264; x_wconf 59' lang='lat' dir='ltr'><strong>prater</strong></span> <span class='ocrx_word' id='word_1_528' title='bbox 3040 1205 3266 1249; x_wconf 62' lang='lat' dir='ltr'><strong>caeteros</strong></span> <span class='ocrx_word' id='word_1_529' title='bbox 3294 1208 3460 1248; x_wconf 89' lang='lat' dir='ltr'><strong>nosse</strong></span> 
     </span>
    </p>
   </div>
   <div class='ocr_carea' id='block_1_72' title="bbox 1883 1284 3458 1356">
    <p class='ocr_par' dir='ltr' id='par_1_72' title="bbox 1883 1284 3458 1356">
     <span class='ocr_line' id='line_1_72' title="bbox 1883 1284 3458 1356; baseline -0.001 -15"><span class='ocrx_word' id='word_1_530' title='bbox 1883 1300 1945 1341; x_wconf 88' lang='lat' dir='ltr'><strong>se</strong></span> <span class='ocrx_word' id='word_1_531' title='bbox 2002 1292 2169 1356; x_wconf 86' lang='lat' dir='ltr'><strong>atque</strong></span> <span class='ocrx_word' id='word_1_532' title='bbox 2221 1284 2456 1350; x_wconf 83' lang='lat' dir='ltr'><strong>habere,</strong></span> <span class='ocrx_word' id='word_1_533' title='bbox 2518 1299 2645 1339; x_wconf 91' lang='lat' dir='ltr'><strong>cum</strong></span> <span class='ocrx_word' id='word_1_534' title='bbox 2714 1285 3082 1340; x_wconf 82' lang='lat' dir='ltr'><strong>ostentatione</strong></span> <span class='ocrx_word' id='word_1_535' title='bbox 3146 1286 3458 1356; x_wconf 80' lang='lat' dir='ltr'><strong>proﬁtetur.</strong></span> 
     </span>
    </p>
   </div>
   <div class='ocr_carea' id='block_1_73' title="bbox 1884 1381 3464 1462">
    <p class='ocr_par' dir='ltr' id='par_1_73' title="bbox 1884 1381 3464 1462">
     <span class='ocr_line' id='line_1_73' title="bbox 1884 1381 3464 1462; baseline 0.001 -17"><span class='ocrx_word' id='word_1_536' title='bbox 1884 1388 2223 1447; x_wconf 82' lang='lat' dir='ltr'><strong>Salvatorem</strong></span> <span class='ocrx_word' id='word_1_537' title='bbox 2245 1406 2375 1447; x_wconf 87' lang='lat' dir='ltr'><strong>vero</strong></span> <span class='ocrx_word' id='word_1_538' title='bbox 2403 1389 2805 1461; x_wconf 89' lang='lat' dir='ltr'><strong>Dominumque</strong></span> <span class='ocrx_word' id='word_1_539' title='bbox 2834 1381 3106 1460; x_wconf 78' lang='lat' dir='ltr'><strong>nostrum,</strong></span> <span class='ocrx_word' id='word_1_540' title='bbox 3139 1406 3252 1446; x_wconf 89' lang='lat' dir='ltr'><strong>non</strong></span> <span class='ocrx_word' id='word_1_541' title='bbox 3275 1391 3464 1462; x_wconf 75' lang='lat' dir='ltr'><strong>gloriae</strong></span> 
     </span>
    </p>
   </div>
   <div class='ocr_carea' id='block_1_74' title="bbox 1880 1483 3465 1556">
    <p class='ocr_par' dir='ltr' id='par_1_74' title="bbox 1880 1483 3465 1556">
     <span class='ocr_line' id='line_1_74' title="bbox 1880 1483 3465 1556; baseline 0.001 -17"><span class='ocrx_word' id='word_1_542' title='bbox 1880 1484 2182 1556; x_wconf 88' lang='lat' dir='ltr'><strong>cupiditate</strong></span> <span class='ocrx_word' id='word_1_543' title='bbox 2208 1493 2302 1539; x_wconf 89' lang='lat' dir='ltr'><strong>aut</strong></span> <span class='ocrx_word' id='word_1_544' title='bbox 2347 1484 2660 1556; x_wconf 81' lang='lat' dir='ltr'><strong>arrogantia</strong></span> <span class='ocrx_word' id='word_1_545' title='bbox 2684 1483 2983 1549; x_wconf 79' lang='lat' dir='ltr'><strong>laborasse,</strong></span> <span class='ocrx_word' id='word_1_546' title='bbox 3019 1498 3196 1555; x_wconf 90' lang='lat' dir='ltr'><strong>neque</strong></span> <span class='ocrx_word' id='word_1_547' title='bbox 3235 1483 3304 1538; x_wconf 88' lang='lat' dir='ltr'><strong>ad</strong></span> <span class='ocrx_word' id='word_1_548' title='bbox 3336 1499 3465 1554; x_wconf 85' lang='lat' dir='ltr'><strong>spe-</strong></span> 
     </span>
    </p>
   </div>
   <div class='ocr_carea' id='block_1_75' title="bbox 1880 1577 3463 1650">
    <p class='ocr_par' dir='ltr' id='par_1_75' title="bbox 1880 1577 3463 1650">
     <span class='ocr_line' id='line_1_75' title="bbox 1880 1577 3463 1650; baseline -0.001 -17"><span class='ocrx_word' id='word_1_549' title='bbox 1880 1578 2020 1633; x_wconf 88' lang='lat' dir='ltr'><strong>ciem</strong></span> <span class='ocrx_word' id='word_1_550' title='bbox 2067 1578 2249 1650; x_wconf 81' lang='lat' dir='ltr'><strong>egisse</strong></span> <span class='ocrx_word' id='word_1_551' title='bbox 2289 1593 2412 1649; x_wconf 72' lang='lat' dir='ltr'><strong>quze</strong></span> <span class='ocrx_word' id='word_1_552' title='bbox 2449 1578 2579 1649; x_wconf 87' lang='lat' dir='ltr'><strong>egit,</strong></span> <span class='ocrx_word' id='word_1_553' title='bbox 2620 1577 2704 1632; x_wconf 90' lang='lat' dir='ltr'><strong>vel</strong></span> <span class='ocrx_word' id='word_1_554' title='bbox 2744 1594 2810 1634; x_wconf 76' lang='lat' dir='ltr'><strong>ex</strong></span> <span class='ocrx_word' id='word_1_555' title='bbox 2850 1578 2918 1633; x_wconf 90' lang='lat' dir='ltr'><strong>iis</strong></span> <span class='ocrx_word' id='word_1_556' title='bbox 2955 1587 3214 1632; x_wconf 83' lang='lat' dir='ltr'><strong>constare</strong></span> <span class='ocrx_word' id='word_1_557' title='bbox 3257 1584 3463 1648; x_wconf 90' lang='lat' dir='ltr'><strong>potest,</strong></span> 
     </span>
    </p>
   </div>
   <div class='ocr_carea' id='block_1_76' title="bbox 1883 1668 3464 1742">
    <p class='ocr_par' dir='ltr' id='par_1_76' title="bbox 1883 1668 3464 1742">
     <span class='ocr_line' id='line_1_76' title="bbox 1883 1668 3464 1742; baseline -0.001 -17"><span class='ocrx_word' id='word_1_558' title='bbox 1883 1685 2026 1742; x_wconf 88' lang='lat' dir='ltr'><strong>quos</strong></span> <span class='ocrx_word' id='word_1_559' title='bbox 2068 1684 2099 1724; x_wconf 89' lang='lat' dir='ltr'><strong>a</strong></span> <span class='ocrx_word' id='word_1_560' title='bbox 2144 1684 2204 1725; x_wconf 90' lang='lat' dir='ltr'><strong>se</strong></span> <span class='ocrx_word' id='word_1_561' title='bbox 2246 1668 2469 1724; x_wconf 84' lang='lat' dir='ltr'><strong>sanitati</strong></span> <span class='ocrx_word' id='word_1_562' title='bbox 2516 1670 2824 1732; x_wconf 89' lang='lat' dir='ltr'><strong>restitutos,</strong></span> <span class='ocrx_word' id='word_1_563' title='bbox 2863 1668 3093 1739; x_wconf 84' lang='lat' dir='ltr'><strong>jubebat</strong></span> <span class='ocrx_word' id='word_1_564' title='bbox 3130 1669 3336 1724; x_wconf 90' lang='lat' dir='ltr'><strong>nemini</strong></span> <span class='ocrx_word' id='word_1_565' title='bbox 3376 1669 3464 1724; x_wconf 87' lang='lat' dir='ltr'><strong>di-</strong></span> 
     </span>
    </p>
   </div>
   <div class='ocr_carea' id='block_1_77' title="bbox 1882 1762 3463 1835">
    <p class='ocr_par' dir='ltr' id='par_1_77' title="bbox 1882 1762 3463 1835">
     <span class='ocr_line' id='line_1_77' title="bbox 1882 1762 3463 1835; baseline -0.001 -16"><span class='ocrx_word' id='word_1_566' title='bbox 1882 1779 2028 1828; x_wconf 86' lang='lat' dir='ltr'><strong>cere,</strong></span> <span class='ocrx_word' id='word_1_567' title='bbox 2060 1778 2238 1834; x_wconf 87' lang='lat' dir='ltr'><strong>ncque</strong></span> <span class='ocrx_word' id='word_1_568' title='bbox 2272 1762 2512 1833; x_wconf 89' lang='lat' dir='ltr'><strong>seipsum</strong></span> <span class='ocrx_word' id='word_1_569' title='bbox 2560 1762 2615 1816; x_wconf 94' lang='lat' dir='ltr'><strong>in</strong></span> <span class='ocrx_word' id='word_1_570' title='bbox 2655 1763 2854 1835; x_wconf 86' lang='lat' dir='ltr'><strong>vulgus</strong></span> <span class='ocrx_word' id='word_1_571' title='bbox 2892 1762 3147 1833; x_wconf 89' lang='lat' dir='ltr'><strong>prodere,</strong></span> <span class='ocrx_word' id='word_1_572' title='bbox 3193 1763 3358 1818; x_wconf 91' lang='lat' dir='ltr'><strong>etiam</strong></span> <span class='ocrx_word' id='word_1_573' title='bbox 3392 1778 3463 1818; x_wconf 76' lang='lat' dir='ltr'><strong>ex</strong></span> 
     </span>
    </p>
   </div>
   <div class='ocr_carea' id='block_1_78' title="bbox 1881 1854 3465 1927">
    <p class='ocr_par' dir='ltr' id='par_1_78' title="bbox 1881 1854 3465 1927">
     <span class='ocr_line' id='line_1_78' title="bbox 1881 1854 3465 1927; baseline -0.001 -16"><span class='ocrx_word' id='word_1_574' title='bbox 1881 1870 1949 1911; x_wconf 91' lang='lat' dir='ltr'><strong>eo</strong></span> <span class='ocrx_word' id='word_1_575' title='bbox 1987 1854 2135 1927; x_wconf 89' lang='lat' dir='ltr'><strong>quod</strong></span> <span class='ocrx_word' id='word_1_576' title='bbox 2173 1855 2228 1909; x_wconf 90' lang='lat' dir='ltr'><strong>in</strong></span> <span class='ocrx_word' id='word_1_577' title='bbox 2255 1854 2538 1910; x_wconf 84' lang='lat' dir='ltr'><strong>montibus</strong></span> <span class='ocrx_word' id='word_1_578' title='bbox 2570 1855 2891 1924; x_wconf 89' lang='lat' dir='ltr'><strong>plerumque</strong></span> <span class='ocrx_word' id='word_1_579' title='bbox 2919 1854 3158 1926; x_wconf 82' lang='lat' dir='ltr'><strong>degeret,</strong></span> <span class='ocrx_word' id='word_1_580' title='bbox 3184 1862 3239 1909; x_wconf 92' lang='lat' dir='ltr'><strong>et</strong></span> <span class='ocrx_word' id='word_1_581' title='bbox 3268 1855 3465 1910; x_wconf 80' lang='lat' dir='ltr'><strong>solitu-</strong></span> 
     </span>
    </p>
   </div>
   <div class='ocr_carea' id='block_1_79' title="bbox 1882 1944 3461 2017">
    <p class='ocr_par' dir='ltr' id='par_1_79' title="bbox 1882 1944 3461 2017">
     <span class='ocr_line' id='line_1_79' title="bbox 1882 1944 3461 2017; baseline -0.001 -13"><span class='ocrx_word' id='word_1_582' title='bbox 1882 1947 2039 2004; x_wconf 86' lang='lat' dir='ltr'><strong>dines</strong></span> <span class='ocrx_word' id='word_1_583' title='bbox 2082 1948 2140 2002; x_wconf 91' lang='lat' dir='ltr'><strong>in</strong></span> <span class='ocrx_word' id='word_1_584' title='bbox 2186 1947 2254 2004; x_wconf 90' lang='lat' dir='ltr'><strong>iis</strong></span> <span class='ocrx_word' id='word_1_585' title='bbox 2296 1946 2433 2003; x_wconf 90' lang='lat' dir='ltr'><strong>locis</strong></span> <span class='ocrx_word' id='word_1_586' title='bbox 2474 1954 2800 2011; x_wconf 85' lang='lat' dir='ltr'><strong>sectaretur,</strong></span> <span class='ocrx_word' id='word_1_587' title='bbox 2848 1944 3173 2017; x_wconf 81' lang='lat' dir='ltr'><strong>fugeretque</strong></span> <span class='ocrx_word' id='word_1_588' title='bbox 3219 1947 3461 2003; x_wconf 89' lang='lat' dir='ltr'><strong>urbanas</strong></span> 
     </span>
    </p>
   </div>
   <div class='ocr_carea' id='block_1_80' title="bbox 1880 2038 3463 2112">
    <p class='ocr_par' dir='ltr' id='par_1_80' title="bbox 1880 2038 3463 2112">
     <span class='ocr_line' id='line_1_80' title="bbox 1880 2038 3463 2112; baseline -0.001 -18"><span class='ocrx_word' id='word_1_589' title='bbox 1880 2040 2051 2110; x_wconf 83' lang='lat' dir='ltr'><strong>vulgi,</strong></span> <span class='ocrx_word' id='word_1_590' title='bbox 2083 2055 2206 2112; x_wconf 72' lang='lat' dir='ltr'><strong>quae</strong></span> <span class='ocrx_word' id='word_1_591' title='bbox 2234 2054 2434 2095; x_wconf 90' lang='lat' dir='ltr'><strong>nocere</strong></span> <span class='ocrx_word' id='word_1_592' title='bbox 2462 2053 2839 2109; x_wconf 64' lang='lat' dir='ltr'><strong>saepenumero</strong></span> <span class='ocrx_word' id='word_1_593' title='bbox 2872 2038 3072 2103; x_wconf 82' lang='lat' dir='ltr'><strong>solent,</strong></span> <span class='ocrx_word' id='word_1_594' title='bbox 3102 2038 3463 2094; x_wconf 86' lang='lat' dir='ltr'><strong>consuetudi-</strong></span> 
     </span>
    </p>
   </div>
   <div class='ocr_carea' id='block_1_81' title="bbox 1883 2130 3459 2204">
    <p class='ocr_par' dir='ltr' id='par_1_81' title="bbox 1883 2130 3459 2204">
     <span class='ocr_line' id='line_1_81' title="bbox 1883 2130 3459 2204; baseline -0.002 -18"><span class='ocrx_word' id='word_1_595' title='bbox 1883 2147 2000 2187; x_wconf 88' lang='lat' dir='ltr'><strong>nes.</strong></span> <span class='ocrx_word' id='word_1_596' title='bbox 2037 2130 2096 2186; x_wconf 91' lang='lat' dir='ltr'><strong>Si</strong></span> <span class='ocrx_word' id='word_1_597' title='bbox 2132 2133 2319 2204; x_wconf 88' lang='lat' dir='ltr'><strong>igitur,</strong></span> <span class='ocrx_word' id='word_1_598' title='bbox 2356 2147 2537 2203; x_wconf 89' lang='lat' dir='ltr'><strong>neque</strong></span> <span class='ocrx_word' id='word_1_599' title='bbox 2583 2132 2804 2202; x_wconf 61' lang='lat' dir='ltr'><strong>gloriae,</strong></span> <span class='ocrx_word' id='word_1_600' title='bbox 2855 2145 3032 2200; x_wconf 90' lang='lat' dir='ltr'><strong>neque</strong></span> <span class='ocrx_word' id='word_1_601' title='bbox 3068 2130 3459 2200; x_wconf 87' lang='lat' dir='ltr'><strong>pecuniarum,</strong></span> 
     </span>
    </p>
   </div>
   <div class='ocr_carea' id='block_1_82' title="bbox 1882 2222 3465 2295">
    <p class='ocr_par' dir='ltr' id='par_1_82' title="bbox 1882 2222 3465 2295">
     <span class='ocr_line' id='line_1_82' title="bbox 1882 2222 3465 2295; baseline 0 -16"><span class='ocrx_word' id='word_1_602' title='bbox 1882 2240 2059 2295; x_wconf 89' lang='lat' dir='ltr'><strong>neque</strong></span> <span class='ocrx_word' id='word_1_603' title='bbox 2080 2226 2378 2294; x_wconf 86' lang='lat' dir='ltr'><strong>voluptatis</strong></span> <span class='ocrx_word' id='word_1_604' title='bbox 2406 2239 2573 2280; x_wconf 88' lang='lat' dir='ltr'><strong>causa</strong></span> <span class='ocrx_word' id='word_1_605' title='bbox 2605 2224 2862 2279; x_wconf 89' lang='lat' dir='ltr'><strong>docuisse</strong></span> <span class='ocrx_word' id='word_1_606' title='bbox 2892 2223 3043 2278; x_wconf 93' lang='lat' dir='ltr'><strong>illum</strong></span> <span class='ocrx_word' id='word_1_607' title='bbox 3068 2230 3306 2286; x_wconf 89' lang='lat' dir='ltr'><strong>constat,</strong></span> <span class='ocrx_word' id='word_1_608' title='bbox 3337 2222 3465 2292; x_wconf 88' lang='lat' dir='ltr'><strong>quis</strong></span> 
     </span>
    </p>
   </div>
   <div class='ocr_carea' id='block_1_83' title="bbox 1879 2313 3465 2390">
    <p class='ocr_par' dir='ltr' id='par_1_83' title="bbox 1879 2313 3465 2390">
     <span class='ocr_line' id='line_1_83' title="bbox 1879 2313 3465 2390; baseline 0.001 -23"><span class='ocrx_word' id='word_1_609' title='bbox 1879 2323 2143 2385; x_wconf 67' lang='lat' dir='ltr'><strong>praeterea</strong></span> <span class='ocrx_word' id='word_1_610' title='bbox 2169 2322 2423 2386; x_wconf 90' lang='lat' dir='ltr'><strong>superest</strong></span> <span class='ocrx_word' id='word_1_611' title='bbox 2460 2315 2750 2390; x_wconf 57' lang='lat' dir='ltr'><strong>calumniae</strong></span> <span class='ocrx_word' id='word_1_612' title='bbox 2781 2319 2956 2377; x_wconf 90' lang='lat' dir='ltr'><strong>locus,</strong></span> <span class='ocrx_word' id='word_1_613' title='bbox 2988 2329 3095 2386; x_wconf 87' lang='lat' dir='ltr'><strong>qua</strong></span> <span class='ocrx_word' id='word_1_614' title='bbox 3125 2321 3185 2368; x_wconf 91' lang='lat' dir='ltr'><strong>ut</strong></span> <span class='ocrx_word' id='word_1_615' title='bbox 3206 2313 3465 2383; x_wconf 78' lang='lat' dir='ltr'><strong>deceptor</strong></span> 
     </span>
    </p>
   </div>
   <div class='ocr_carea' id='block_1_84' title="bbox 1883 2404 3467 2479">
    <p class='ocr_par' dir='ltr' id='par_1_84' title="bbox 1883 2404 3467 2479">
     <span class='ocr_line' id='line_1_84' title="bbox 1883 2404 3467 2479; baseline -0.002 -17"><span class='ocrx_word' id='word_1_616' title='bbox 1883 2422 1947 2462; x_wconf 90' lang='lat' dir='ltr'><strong>ac</strong></span> <span class='ocrx_word' id='word_1_617' title='bbox 1989 2408 2359 2479; x_wconf 55' lang='lat' dir='ltr'><strong>praestigiator</strong></span> <span class='ocrx_word' id='word_1_618' title='bbox 2389 2407 2716 2463; x_wconf 86' lang='lat' dir='ltr'><strong>accusetur?</strong></span> <span class='ocrx_word' id='word_1_619' title='bbox 2747 2404 2852 2462; x_wconf 88' lang='lat' dir='ltr'><strong>Sed</strong></span> <span class='ocrx_word' id='word_1_620' title='bbox 2886 2408 3000 2462; x_wconf 65' lang='lat' dir='ltr'><strong>haec</strong></span> <span class='ocrx_word' id='word_1_621' title='bbox 3039 2422 3258 2477; x_wconf 90' lang='lat' dir='ltr'><strong>quoque</strong></span> <span class='ocrx_word' id='word_1_622' title='bbox 3282 2405 3467 2460; x_wconf 81' lang='lat' dir='ltr'><strong>videa-</strong></span> 
     </span>
    </p>
   </div>
   <div class='ocr_carea' id='block_1_85' title="bbox 1879 2496 3462 2572">
    <p class='ocr_par' dir='ltr' id='par_1_85' title="bbox 1879 2496 3462 2572">
     <span class='ocr_line' id='line_1_85' title="bbox 1879 2496 3462 2572; baseline -0.003 -17"><span class='ocrx_word' id='word_1_623' title='bbox 1879 2515 2246 2572; x_wconf 70' lang='lat' dir='ltr'><strong>mus,quzeso.</strong></span> <span class='ocrx_word' id='word_1_624' title='bbox 2273 2499 2403 2555; x_wconf 85' lang='lat' dir='ltr'><strong>item</strong></span> <span class='ocrx_word' id='word_1_625' title='bbox 2434 2501 2802 2571; x_wconf 61' lang='lat' dir='ltr'><strong>praestigiator</strong></span> <span class='ocrx_word' id='word_1_626' title='bbox 2828 2499 2919 2554; x_wconf 90' lang='lat' dir='ltr'><strong>ubi</strong></span> <span class='ocrx_word' id='word_1_627' title='bbox 2953 2498 3090 2555; x_wconf 88' lang='lat' dir='ltr'><strong>alios</strong></span> <span class='ocrx_word' id='word_1_628' title='bbox 3121 2513 3221 2554; x_wconf 91' lang='lat' dir='ltr'><strong>sua</strong></span> <span class='ocrx_word' id='word_1_629' title='bbox 3252 2496 3462 2551; x_wconf 82' lang='lat' dir='ltr'><strong>malitia</strong></span> 
     </span>
    </p>
   </div>
   <div class='ocr_carea' id='block_1_86' title="bbox 1880 2602 3460 2676">
    <p class='ocr_par' dir='ltr' id='par_1_86' title="bbox 1880 2602 3460 2676">
     <span class='ocr_line' id='line_1_86' title="bbox 1880 2602 3460 2676; baseline -0.002 -16"><span class='ocrx_word' id='word_1_630' title='bbox 1880 2604 2249 2676; x_wconf 87' lang='lat' dir='ltr'><strong>imbuit,quos</strong></span> <span class='ocrx_word' id='word_1_631' title='bbox 2270 2604 2489 2661; x_wconf 88' lang='lat' dir='ltr'><strong>tandem</strong></span> <span class='ocrx_word' id='word_1_632' title='bbox 2520 2605 2666 2661; x_wconf 90' lang='lat' dir='ltr'><strong>viros</strong></span> <span class='ocrx_word' id='word_1_633' title='bbox 2696 2605 2818 2659; x_wconf 89' lang='lat' dir='ltr'><strong>illos</strong></span> <span class='ocrx_word' id='word_1_634' title='bbox 2850 2602 3069 2659; x_wconf 85' lang='lat' dir='ltr'><strong>reddit?</strong></span> <span class='ocrx_word' id='word_1_635' title='bbox 3101 2602 3294 2659; x_wconf 89' lang='lat' dir='ltr'><strong>Nonne</strong></span> <span class='ocrx_word' id='word_1_636' title='bbox 3319 2618 3460 2673; x_wconf 68' lang='lat' dir='ltr'><strong>prte-</strong></span> 
     </span>
    </p>
   </div>
   <div class='ocr_carea' id='block_1_87' title="bbox 1881 2695 3463 2769">
    <p class='ocr_par' dir='ltr' id='par_1_87' title="bbox 1881 2695 3463 2769">
     <span class='ocr_line' id='line_1_87' title="bbox 1881 2695 3463 2769; baseline -0.003 -15"><span class='ocrx_word' id='word_1_637' title='bbox 1881 2698 2213 2769; x_wconf 82' lang='lat' dir='ltr'><strong>stigiatores,</strong></span> <span class='ocrx_word' id='word_1_638' title='bbox 2244 2698 2583 2761; x_wconf 89' lang='lat' dir='ltr'><strong>seductores,</strong></span> <span class='ocrx_word' id='word_1_639' title='bbox 2613 2696 2907 2762; x_wconf 81' lang='lat' dir='ltr'><strong>veneﬁcos,</strong></span> <span class='ocrx_word' id='word_1_640' title='bbox 2943 2697 3047 2751; x_wconf 86' lang='lat' dir='ltr'><strong>sibi</strong></span> <span class='ocrx_word' id='word_1_641' title='bbox 3075 2696 3178 2767; x_wconf 88' lang='lat' dir='ltr'><strong>ipsi</strong></span> <span class='ocrx_word' id='word_1_642' title='bbox 3201 2695 3463 2750; x_wconf 83' lang='lat' dir='ltr'><strong>omnibus</strong></span> 
     </span>
    </p>
   </div>
   <div class='ocr_carea' id='block_1_88' title="bbox 1880 2787 3464 2864">
    <p class='ocr_par' dir='ltr' id='par_1_88' title="bbox 1880 2787 3464 2864">
     <span class='ocr_line' id='line_1_88' title="bbox 1880 2787 3464 2864; baseline -0.003 -19"><span class='ocrx_word' id='word_1_643' title='bbox 1880 2807 2001 2864; x_wconf 73' lang='lat' dir='ltr'><strong>qua:</strong></span> <span class='ocrx_word' id='word_1_644' title='bbox 2018 2798 2179 2862; x_wconf 87' lang='lat' dir='ltr'><strong>agant</strong></span> <span class='ocrx_word' id='word_1_645' title='bbox 2205 2789 2453 2847; x_wconf 82' lang='lat' dir='ltr'><strong>similes?</strong></span> <span class='ocrx_word' id='word_1_646' title='bbox 2480 2790 2615 2857; x_wconf 87' lang='lat' dir='ltr'><strong>Quis</strong></span> <span class='ocrx_word' id='word_1_647' title='bbox 2644 2789 2812 2860; x_wconf 89' lang='lat' dir='ltr'><strong>igitur</strong></span> <span class='ocrx_word' id='word_1_648' title='bbox 2841 2803 3081 2860; x_wconf 85' lang='lat' dir='ltr'><strong>unquam</strong></span> <span class='ocrx_word' id='word_1_649' title='bbox 3115 2802 3277 2843; x_wconf 90' lang='lat' dir='ltr'><strong>omne</strong></span> <span class='ocrx_word' id='word_1_650' title='bbox 3301 2787 3464 2842; x_wconf 85' lang='lat' dir='ltr'><strong>Chri-</strong></span> 
     </span>
    </p>
   </div>
   <div class='ocr_carea' id='block_1_89' title="bbox 1880 2878 3462 2955">
    <p class='ocr_par' dir='ltr' id='par_1_89' title="bbox 1880 2878 3462 2955">
     <span class='ocr_line' id='line_1_89' title="bbox 1880 2878 3462 2955; baseline -0.005 -15"><span class='ocrx_word' id='word_1_651' title='bbox 1880 2888 2185 2941; x_wconf 89' lang='lat' dir='ltr'><strong>stianorum</strong></span> <span class='ocrx_word' id='word_1_652' title='bbox 2212 2899 2386 2955; x_wconf 87' lang='lat' dir='ltr'><strong>genus</strong></span> <span class='ocrx_word' id='word_1_653' title='bbox 2416 2883 2562 2954; x_wconf 84' lang='lat' dir='ltr'><strong>quod</strong></span> <span class='ocrx_word' id='word_1_654' title='bbox 2595 2884 2665 2939; x_wconf 87' lang='lat' dir='ltr'><strong>ah</strong></span> <span class='ocrx_word' id='word_1_655' title='bbox 2704 2884 2852 2938; x_wconf 87' lang='lat' dir='ltr'><strong>illius</strong></span> <span class='ocrx_word' id='word_1_656' title='bbox 2884 2883 3133 2938; x_wconf 88' lang='lat' dir='ltr'><strong>doctrina</strong></span> <span class='ocrx_word' id='word_1_657' title='bbox 3156 2878 3462 2951; x_wconf 82' lang='lat' dir='ltr'><strong>profectum</strong></span> 
     </span>
    </p>
   </div>
   <div class='ocr_carea' id='block_1_90' title="bbox 1878 2970 3467 3046">
    <p class='ocr_par' dir='ltr' id='par_1_90' title="bbox 1878 2970 3467 3046">
     <span class='ocr_line' id='line_1_90' title="bbox 1878 2970 3467 3046; baseline -0.005 -14"><span class='ocrx_word' id='word_1_658' title='bbox 1878 2985 1984 3039; x_wconf 89' lang='lat' dir='ltr'><strong>est,</strong></span> <span class='ocrx_word' id='word_1_659' title='bbox 2010 2985 2102 3030; x_wconf 91' lang='lat' dir='ltr'><strong>aut</strong></span> <span class='ocrx_word' id='word_1_660' title='bbox 2131 2974 2426 3046; x_wconf 64' lang='lat' dir='ltr'><strong>praestigiis</strong></span> <span class='ocrx_word' id='word_1_661' title='bbox 2450 2982 2630 3041; x_wconf 88' lang='lat' dir='ltr'><strong>utens,</strong></span> <span class='ocrx_word' id='word_1_662' title='bbox 2655 2982 2749 3028; x_wconf 86' lang='lat' dir='ltr'><strong>aut</strong></span> <span class='ocrx_word' id='word_1_663' title='bbox 2776 2972 3054 3029; x_wconf 79' lang='lat' dir='ltr'><strong>veneﬁciis</strong></span> <span class='ocrx_word' id='word_1_664' title='bbox 3071 2970 3467 3042; x_wconf 73' lang='lat' dir='ltr'><strong>deprehendit?</strong></span> 
     </span>
    </p>
   </div>
   <div class='ocr_carea' id='block_1_91' title="bbox 1884 3063 3466 3140">
    <p class='ocr_par' dir='ltr' id='par_1_91' title="bbox 1884 3063 3466 3140">
     <span class='ocr_line' id='line_1_91' title="bbox 1884 3063 3466 3140; baseline -0.004 -18"><span class='ocrx_word' id='word_1_665' title='bbox 1884 3068 2043 3140; x_wconf 65' lang='grc'><strong>127</strong></span> <span class='ocrx_word' id='word_1_666' title='bbox 2077 3066 2251 3122; x_wconf 89' lang='lat' dir='ltr'><strong>Nemo</strong></span> <span class='ocrx_word' id='word_1_667' title='bbox 2275 3067 2493 3137; x_wconf 90' lang='lat' dir='ltr'><strong>quidem</strong></span> <span class='ocrx_word' id='word_1_668' title='bbox 2519 3067 2623 3122; x_wconf 90' lang='lat' dir='ltr'><strong>hoc</strong></span> <span class='ocrx_word' id='word_1_669' title='bbox 2650 3066 2849 3121; x_wconf 81' lang='lat' dir='ltr'><strong>dixerit</strong></span> <span class='ocrx_word' id='word_1_670' title='bbox 2881 3084 2894 3119; x_wconf 89' lang='lat'><strong>:</strong></span> <span class='ocrx_word' id='word_1_671' title='bbox 2927 3072 2981 3119; x_wconf 90' lang='lat' dir='ltr'><strong>at</strong></span> <span class='ocrx_word' id='word_1_672' title='bbox 3008 3074 3222 3124; x_wconf 85' lang='lat' dir='ltr'><strong>contra,</strong></span> <span class='ocrx_word' id='word_1_673' title='bbox 3250 3063 3466 3117; x_wconf 81' lang='lat' dir='ltr'><strong>incum-</strong></span> 
     </span>
    </p>
   </div>
   <div class='ocr_carea' id='block_1_92' title="bbox 1800 3153 3465 3234">
    <p class='ocr_par' dir='ltr' id='par_1_92' title="bbox 1800 3153 3465 3234">
     <span class='ocr_line' id='line_1_92' title="bbox 1800 3153 3465 3234; baseline -0.005 -17"><span class='ocrx_word' id='word_1_674' title='bbox 1800 3177 1843 3234; x_wconf 73' lang='grc' dir='ltr'>ο</span> <span class='ocrx_word' id='word_1_675' title='bbox 1877 3158 2014 3216; x_wconf 84' lang='lat' dir='ltr'><strong>hens</strong></span> <span class='ocrx_word' id='word_1_676' title='bbox 2052 3161 2106 3216; x_wconf 91' lang='lat' dir='ltr'><strong>in</strong></span> <span class='ocrx_word' id='word_1_677' title='bbox 2138 3174 2421 3215; x_wconf 88' lang='lat' dir='ltr'><strong>sermones</strong></span> <span class='ocrx_word' id='word_1_678' title='bbox 2444 3167 2825 3230; x_wconf 66' lang='lat' dir='ltr'><strong>praeceptaque</strong></span> <span class='ocrx_word' id='word_1_679' title='bbox 2854 3156 3154 3227; x_wconf 74' lang='lat' dir='ltr'><strong>sapientiae,</strong></span> <span class='ocrx_word' id='word_1_680' title='bbox 3186 3170 3320 3212; x_wconf 88' lang='lat' dir='ltr'><strong>sane</strong></span> <span class='ocrx_word' id='word_1_681' title='bbox 3365 3153 3465 3209; x_wconf 87' lang='lat' dir='ltr'><strong>de-</strong></span> 
     </span>
    </p>
   </div>
   <div class='ocr_carea' id='block_1_93' title="bbox 1878 3246 3463 3325">
    <p class='ocr_par' dir='ltr' id='par_1_93' title="bbox 1878 3246 3463 3325">
     <span class='ocr_line' id='line_1_93' title="bbox 1878 3246 3463 3325; baseline -0.005 -18"><span class='ocrx_word' id='word_1_682' title='bbox 1878 3251 2178 3325; x_wconf 90' lang='lat' dir='ltr'><strong>prehendet</strong></span> <span class='ocrx_word' id='word_1_683' title='bbox 2203 3251 2298 3322; x_wconf 90' lang='lat' dir='ltr'><strong>qui</strong></span> <span class='ocrx_word' id='word_1_684' title='bbox 2328 3252 2497 3317; x_wconf 88' lang='lat' dir='ltr'><strong>volet,</strong></span> <span class='ocrx_word' id='word_1_685' title='bbox 2527 3259 2587 3306; x_wconf 93' lang='lat' dir='ltr'><strong>ut</strong></span> <span class='ocrx_word' id='word_1_686' title='bbox 2629 3250 3070 3307; x_wconf 84' lang='lat' dir='ltr'><strong>demonstratum</strong></span> <span class='ocrx_word' id='word_1_687' title='bbox 3098 3255 3202 3304; x_wconf 90' lang='lat' dir='ltr'><strong>est.</strong></span> <span class='ocrx_word' id='word_1_688' title='bbox 3223 3247 3328 3314; x_wconf 87' lang='lat' dir='ltr'><strong>Qui</strong></span> <span class='ocrx_word' id='word_1_689' title='bbox 3359 3246 3463 3316; x_wconf 82' lang='lat' dir='ltr'><strong>igi-</strong></span> 
     </span>
    </p>
   </div>
   <div class='ocr_carea' id='block_1_94' title="bbox 1878 3334 3464 3418">
    <p class='ocr_par' dir='ltr' id='par_1_94' title="bbox 1878 3334 3464 3418">
     <span class='ocr_line' id='line_1_94' title="bbox 1878 3334 3464 3418; baseline -0.001 -15"><span class='ocrx_word' id='word_1_690' title='bbox 1878 3357 1967 3403; x_wconf 90' lang='lat' dir='ltr'><strong>tur</strong></span> <span class='ocrx_word' id='word_1_691' title='bbox 1996 3348 2121 3403; x_wconf 88' lang='lat' dir='ltr'><strong>aliis</strong></span> <span class='ocrx_word' id='word_1_692' title='bbox 2168 3361 2372 3403; x_wconf 73' lang='lat' dir='ltr'><strong>serene</strong></span> <span class='ocrx_word' id='word_1_693' title='bbox 2423 3354 2696 3418; x_wconf 68' lang='lat' dir='ltr'><strong>castaeque</strong></span> <span class='ocrx_word' id='word_1_694' title='bbox 2717 3347 2863 3413; x_wconf 82' lang='lat' dir='ltr'><strong>vitae,</strong></span> <span class='ocrx_word' id='word_1_695' title='bbox 2896 3361 2961 3401; x_wconf 90' lang='lat' dir='ltr'><strong>ac</strong></span> <span class='ocrx_word' id='word_1_696' title='bbox 2991 3359 3218 3401; x_wconf 82' lang='lat' dir='ltr'><strong>summae</strong></span> <span class='ocrx_word' id='word_1_697' title='bbox 3241 3334 3464 3414; x_wconf 76' lang='lat' dir='ltr'><strong>pietatis</strong></span> 
     </span>
    </p>
   </div>
   <div class='ocr_carea' id='block_1_95' title="bbox 1877 3433 3461 3509">
    <p class='ocr_par' dir='ltr' id='par_1_95' title="bbox 1877 3433 3461 3509">
     <span class='ocr_line' id='line_1_95' title="bbox 1877 3433 3461 3509; baseline -0.004 -17"><span class='ocrx_word' id='word_1_698' title='bbox 1877 3446 2071 3494; x_wconf 89' lang='lat' dir='ltr'><strong>auctor</strong></span> <span class='ocrx_word' id='word_1_699' title='bbox 2085 3438 2320 3503; x_wconf 85' lang='lat' dir='ltr'><strong>exstitit,</strong></span> <span class='ocrx_word' id='word_1_700' title='bbox 2348 3438 2604 3509; x_wconf 87' lang='lat' dir='ltr'><strong>quisnam</strong></span> <span class='ocrx_word' id='word_1_701' title='bbox 2634 3437 2833 3493; x_wconf 90' lang='lat' dir='ltr'><strong>merito</strong></span> <span class='ocrx_word' id='word_1_702' title='bbox 2854 3436 3190 3498; x_wconf 90' lang='lat' dir='ltr'><strong>censebitur,</strong></span> <span class='ocrx_word' id='word_1_703' title='bbox 3213 3434 3321 3489; x_wconf 85' lang='lat' dir='ltr'><strong>nisi</strong></span> <span class='ocrx_word' id='word_1_704' title='bbox 3339 3433 3461 3504; x_wconf 90' lang='lat' dir='ltr'><strong>phi-</strong></span> 
     </span>
    </p>
   </div>
   <div class='ocr_carea' id='block_1_96' title="bbox 1878 3524 3460 3600">
    <p class='ocr_par' dir='ltr' id='par_1_96' title="bbox 1878 3524 3460 3600">
     <span class='ocr_line' id='line_1_96' title="bbox 1878 3524 3460 3600; baseline -0.005 -17"><span class='ocrx_word' id='word_1_705' title='bbox 1878 3529 2233 3600; x_wconf 78' lang='lat' dir='ltr'><strong>1050phorum</strong></span> <span class='ocrx_word' id='word_1_706' title='bbox 2295 3527 2531 3599; x_wconf 89' lang='lat' dir='ltr'><strong>primus,</strong></span> <span class='ocrx_word' id='word_1_707' title='bbox 2583 3536 2638 3583; x_wconf 89' lang='lat' dir='ltr'><strong>et</strong></span> <span class='ocrx_word' id='word_1_708' title='bbox 2665 3527 2887 3598; x_wconf 88' lang='lat' dir='ltr'><strong>pietatis</strong></span> <span class='ocrx_word' id='word_1_709' title='bbox 2923 3524 3315 3596; x_wconf 80' lang='lat' dir='ltr'><strong>religionisque</strong></span> <span class='ocrx_word' id='word_1_710' title='bbox 3340 3537 3460 3578; x_wconf 86' lang='lat' dir='ltr'><strong>ma-</strong></span> 
     </span>
    </p>
   </div>
   <div class='ocr_carea' id='block_1_97' title="bbox 1876 3614 3462 3693">
    <p class='ocr_par' dir='ltr' id='par_1_97' title="bbox 1876 3614 3462 3693">
     <span class='ocr_line' id='line_1_97' title="bbox 1876 3614 3462 3693; baseline -0.004 -18"><span class='ocrx_word' id='word_1_711' title='bbox 1876 3622 2083 3693; x_wconf 85' lang='lat' dir='ltr'><strong>gister?</strong></span> <span class='ocrx_word' id='word_1_712' title='bbox 2109 3620 2380 3691; x_wconf 85' lang='lat' dir='ltr'><strong>siquidem</strong></span> <span class='ocrx_word' id='word_1_713' title='bbox 2411 3620 2460 3676; x_wconf 90' lang='lat' dir='ltr'><strong>is</strong></span> <span class='ocrx_word' id='word_1_714' title='bbox 2486 3618 2582 3691; x_wconf 89' lang='lat' dir='ltr'><strong>qui</strong></span> <span class='ocrx_word' id='word_1_715' title='bbox 2605 3620 2787 3683; x_wconf 88' lang='lat' dir='ltr'><strong>docet,</strong></span> <span class='ocrx_word' id='word_1_716' title='bbox 2821 3618 3033 3687; x_wconf 85' lang='lat' dir='ltr'><strong>absque</strong></span> <span class='ocrx_word' id='word_1_717' title='bbox 3080 3614 3462 3672; x_wconf 79' lang='lat' dir='ltr'><strong>controversia</strong></span> 
     </span>
    </p>
   </div>
   <div class='ocr_carea' id='block_1_98' title="bbox 1877 3706 3464 3785">
    <p class='ocr_par' dir='ltr' id='par_1_98' title="bbox 1877 3706 3464 3785">
     <span class='ocr_line' id='line_1_98' title="bbox 1877 3706 3464 3785; baseline -0.006 -17"><span class='ocrx_word' id='word_1_718' title='bbox 1877 3713 2225 3785; x_wconf 77' lang='lat' dir='ltr'><strong>praestantior</strong></span> <span class='ocrx_word' id='word_1_719' title='bbox 2253 3727 2418 3783; x_wconf 90' lang='lat' dir='ltr'><strong>quam</strong></span> <span class='ocrx_word' id='word_1_720' title='bbox 2440 3712 2477 3766; x_wconf 92' lang='lat' dir='ltr'><strong>ii</strong></span> <span class='ocrx_word' id='word_1_721' title='bbox 2500 3709 2594 3782; x_wconf 91' lang='lat' dir='ltr'><strong>qui</strong></span> <span class='ocrx_word' id='word_1_722' title='bbox 2616 3708 2903 3765; x_wconf 87' lang='lat' dir='ltr'><strong>docentur.</strong></span> <span class='ocrx_word' id='word_1_723' title='bbox 2932 3706 3300 3778; x_wconf 87' lang='lat' dir='ltr'><strong>Philosophus</strong></span> <span class='ocrx_word' id='word_1_724' title='bbox 3328 3721 3464 3777; x_wconf 88' lang='lat' dir='ltr'><strong>ergo</strong></span> 
     </span>
    </p>
   </div>
   <div class='ocr_carea' id='block_1_99' title="bbox 1878 3810 3461 3890">
    <p class='ocr_par' dir='ltr' id='par_1_99' title="bbox 1878 3810 3461 3890">
     <span class='ocr_line' id='line_1_99' title="bbox 1878 3810 3461 3890; baseline -0.008 -15"><span class='ocrx_word' id='word_1_725' title='bbox 1878 3835 2111 3890; x_wconf 83' lang='lat' dir='ltr'><strong>vereque</strong></span> <span class='ocrx_word' id='word_1_726' title='bbox 2150 3820 2296 3889; x_wconf 84' lang='lat' dir='ltr'><strong>plus,</strong></span> <span class='ocrx_word' id='word_1_727' title='bbox 2320 3830 2593 3888; x_wconf 89' lang='lat' dir='ltr'><strong>nusquam</strong></span> <span class='ocrx_word' id='word_1_728' title='bbox 2616 3828 2748 3869; x_wconf 89' lang='lat' dir='ltr'><strong>vero</strong></span> <span class='ocrx_word' id='word_1_729' title='bbox 2796 3813 3091 3876; x_wconf 89' lang='lat' dir='ltr'><strong>seductor,</strong></span> <span class='ocrx_word' id='word_1_730' title='bbox 3126 3818 3221 3865; x_wconf 89' lang='lat' dir='ltr'><strong>aut</strong></span> <span class='ocrx_word' id='word_1_731' title='bbox 3245 3810 3461 3881; x_wconf 62' lang='lat' dir='ltr'><strong>praesti-</strong></span> 
     </span>
    </p>
   </div>
   <div class='ocr_carea' id='block_1_100' title="bbox 1876 3902 3459 3984">
    <p class='ocr_par' dir='ltr' id='par_1_100' title="bbox 1876 3902 3459 3984">
     <span class='ocr_line' id='line_1_100' title="bbox 1876 3902 3459 3984; baseline -0.005 -18"><span class='ocrx_word' id='word_1_732' title='bbox 1876 3913 2052 3984; x_wconf 88' lang='lat' dir='ltr'><strong>giator</strong></span> <span class='ocrx_word' id='word_1_733' title='bbox 2066 3911 2175 3966; x_wconf 87' lang='lat' dir='ltr'><strong>dici</strong></span> <span class='ocrx_word' id='word_1_734' title='bbox 2224 3910 2426 3982; x_wconf 90' lang='lat' dir='ltr'><strong>poterit</strong></span> <span class='ocrx_word' id='word_1_735' title='bbox 2461 3906 2715 3962; x_wconf 89' lang='lat' dir='ltr'><strong>Salvator</strong></span> <span class='ocrx_word' id='word_1_736' title='bbox 2745 3920 2809 3960; x_wconf 91' lang='lat' dir='ltr'><strong>ac</strong></span> <span class='ocrx_word' id='word_1_737' title='bbox 2840 3904 3106 3960; x_wconf 90' lang='lat' dir='ltr'><strong>Dominus</strong></span> <span class='ocrx_word' id='word_1_738' title='bbox 3141 3913 3345 3958; x_wconf 90' lang='lat' dir='ltr'><strong>noster.</strong></span> <span class='ocrx_word' id='word_1_739' title='bbox 3399 3902 3459 3958; x_wconf 88' lang='lat' dir='ltr'><strong>Si</strong></span> 
     </span>
    </p>
   </div>
   <div class='ocr_carea' id='block_1_101' title="bbox 1878 3996 3460 4076">
    <p class='ocr_par' dir='ltr' id='par_1_101' title="bbox 1878 3996 3460 4076">
     <span class='ocr_line' id='line_1_101' title="bbox 1878 3996 3460 4076; baseline -0.007 -16"><span class='ocrx_word' id='word_1_740' title='bbox 1878 4005 2047 4076; x_wconf 85' lang='lat' dir='ltr'><strong>igitur</strong></span> <span class='ocrx_word' id='word_1_741' title='bbox 2096 4003 2225 4059; x_wconf 90' lang='lat' dir='ltr'><strong>talis</strong></span> <span class='ocrx_word' id='word_1_742' title='bbox 2284 4002 2388 4057; x_wconf 78' lang='lat' dir='ltr'><strong>fuit</strong></span> <span class='ocrx_word' id='word_1_743' title='bbox 2429 4001 2645 4072; x_wconf 89' lang='lat' dir='ltr'><strong>qualem</strong></span> <span class='ocrx_word' id='word_1_744' title='bbox 2682 3998 3048 4061; x_wconf 85' lang='lat' dir='ltr'><strong>ostendimus,</strong></span> <span class='ocrx_word' id='word_1_745' title='bbox 3099 4010 3208 4066; x_wconf 85' lang='lat' dir='ltr'><strong>qua</strong></span> <span class='ocrx_word' id='word_1_746' title='bbox 3239 3996 3460 4050; x_wconf 84' lang='lat' dir='ltr'><strong>tandem</strong></span> 
     </span>
    </p>
   </div>
   <div class='ocr_carea' id='block_1_102' title="bbox 1877 4085 3460 4159">
    <p class='ocr_par' dir='ltr' id='par_1_102' title="bbox 1877 4085 3460 4159">
     <span class='ocr_line' id='line_1_102' title="bbox 1877 4085 3460 4159; baseline -0.006 -10"><span class='ocrx_word' id='word_1_747' title='bbox 1877 4096 1984 4150; x_wconf 90' lang='lat' dir='ltr'><strong>alia</strong></span> <span class='ocrx_word' id='word_1_748' title='bbox 2006 4096 2221 4150; x_wconf 88' lang='lat' dir='ltr'><strong>ratione</strong></span> <span class='ocrx_word' id='word_1_749' title='bbox 2247 4092 2513 4149; x_wconf 88' lang='lat' dir='ltr'><strong>miracula</strong></span> <span class='ocrx_word' id='word_1_750' title='bbox 2554 4090 2797 4147; x_wconf 88' lang='lat' dir='ltr'><strong>edidisse</strong></span> <span class='ocrx_word' id='word_1_751' title='bbox 2827 4088 2974 4144; x_wconf 87' lang='lat' dir='ltr'><strong>credi</strong></span> <span class='ocrx_word' id='word_1_752' title='bbox 3004 4093 3207 4159; x_wconf 87' lang='lat' dir='ltr'><strong>potest,</strong></span> <span class='ocrx_word' id='word_1_753' title='bbox 3243 4088 3352 4142; x_wconf 89' lang='lat' dir='ltr'><strong>nisi</strong></span> <span class='ocrx_word' id='word_1_754' title='bbox 3373 4085 3460 4141; x_wconf 85' lang='lat' dir='ltr'><strong>di-</strong></span> 
     </span>
    </p>
   </div>
   <div class='ocr_carea' id='block_1_103' title="bbox 1876 4181 3461 4259">
    <p class='ocr_par' dir='ltr' id='par_1_103' title="bbox 1876 4181 3461 4259">
     <span class='ocr_line' id='line_1_103' title="bbox 1876 4181 3461 4259; baseline -0.006 -15"><span class='ocrx_word' id='word_1_755' title='bbox 1876 4190 2001 4244; x_wconf 89' lang='lat' dir='ltr'><strong>vina</strong></span> <span class='ocrx_word' id='word_1_756' title='bbox 2026 4189 2261 4259; x_wconf 88' lang='lat' dir='ltr'><strong>quadam</strong></span> <span class='ocrx_word' id='word_1_757' title='bbox 2286 4187 2557 4257; x_wconf 87' lang='lat' dir='ltr'><strong>nobisque</strong></span> <span class='ocrx_word' id='word_1_758' title='bbox 2602 4186 2788 4257; x_wconf 83' lang='lat' dir='ltr'><strong>ignota</strong></span> <span class='ocrx_word' id='word_1_759' title='bbox 2837 4181 3062 4244; x_wconf 87' lang='lat' dir='ltr'><strong>virtute,</strong></span> <span class='ocrx_word' id='word_1_760' title='bbox 3092 4193 3461 4252; x_wconf 84' lang='lat' dir='ltr'><strong>supremaque</strong></span> 
     </span>
    </p>
   </div>
   <div class='ocr_carea' id='block_1_104' title="bbox 1876 4271 3460 4354">
    <p class='ocr_par' dir='ltr' id='par_1_104' title="bbox 1876 4271 3460 4354">
     <span class='ocr_line' id='line_1_104' title="bbox 1876 4271 3460 4354; baseline -0.008 -16"><span class='ocrx_word' id='word_1_761' title='bbox 1876 4297 2003 4354; x_wconf 85' lang='lat' dir='ltr'><strong>erga</strong></span> <span class='ocrx_word' id='word_1_762' title='bbox 2032 4281 2199 4338; x_wconf 90' lang='lat' dir='ltr'><strong>Deum</strong></span> <span class='ocrx_word' id='word_1_763' title='bbox 2231 4280 2475 4337; x_wconf 85' lang='lat' dir='ltr'><strong>universi</strong></span> <span class='ocrx_word' id='word_1_764' title='bbox 2505 4278 2739 4349; x_wconf 84' lang='lat' dir='ltr'><strong>pietate?</strong></span> <span class='ocrx_word' id='word_1_765' title='bbox 2770 4274 2944 4343; x_wconf 87' lang='lat' dir='ltr'><strong>Quem</strong></span> <span class='ocrx_word' id='word_1_766' title='bbox 2967 4272 3114 4345; x_wconf 92' lang='lat' dir='ltr'><strong>quod</strong></span> <span class='ocrx_word' id='word_1_767' title='bbox 3148 4281 3207 4327; x_wconf 89' lang='lat' dir='ltr'><strong>ut</strong></span> <span class='ocrx_word' id='word_1_768' title='bbox 3247 4271 3460 4328; x_wconf 76' lang='lat' dir='ltr'><strong>Patrem</strong></span> 
     </span>
    </p>
   </div>
   <div class='ocr_carea' id='block_1_105' title="bbox 1875 4363 3459 4439">
    <p class='ocr_par' dir='ltr' id='par_1_105' title="bbox 1875 4363 3459 4439">
     <span class='ocr_line' id='line_1_105' title="bbox 1875 4363 3459 4439; baseline -0.008 -9"><span class='ocrx_word' id='word_1_769' title='bbox 1875 4381 2231 4430; x_wconf 83' lang='lat' dir='ltr'><strong>veneraretur</strong></span> <span class='ocrx_word' id='word_1_770' title='bbox 2257 4380 2312 4429; x_wconf 89' lang='lat' dir='ltr'><strong>et</strong></span> <span class='ocrx_word' id='word_1_771' title='bbox 2337 4372 2563 4436; x_wconf 88' lang='lat' dir='ltr'><strong>coleret,</strong></span> <span class='ocrx_word' id='word_1_772' title='bbox 2597 4376 2823 4439; x_wconf 88' lang='lat' dir='ltr'><strong>apparet</strong></span> <span class='ocrx_word' id='word_1_773' title='bbox 2839 4383 2906 4422; x_wconf 79' lang='lat' dir='ltr'><strong>ex</strong></span> <span class='ocrx_word' id='word_1_774' title='bbox 2935 4365 3004 4420; x_wconf 91' lang='lat' dir='ltr'><strong>iis</strong></span> <span class='ocrx_word' id='word_1_775' title='bbox 3034 4365 3089 4419; x_wconf 89' lang='lat' dir='ltr'><strong>in</strong></span> <span class='ocrx_word' id='word_1_776' title='bbox 3113 4363 3307 4435; x_wconf 86' lang='lat' dir='ltr'><strong>primis</strong></span> <span class='ocrx_word' id='word_1_777' title='bbox 3330 4378 3459 4433; x_wconf 67' lang='lat' dir='ltr'><strong>qua:</strong></span> 
     </span>
    </p>
   </div>
   <div class='ocr_carea' id='block_1_106' title="bbox 1877 4454 3459 4528">
    <p class='ocr_par' dir='ltr' id='par_1_106' title="bbox 1877 4454 3459 4528">
     <span class='ocr_line' id='line_1_106' title="bbox 1877 4454 3459 4528; baseline -0.008 -7"><span class='ocrx_word' id='word_1_778' title='bbox 1877 4466 2062 4522; x_wconf 90' lang='lat' dir='ltr'><strong>deillo</strong></span> <span class='ocrx_word' id='word_1_779' title='bbox 2089 4466 2303 4521; x_wconf 90' lang='lat' dir='ltr'><strong>locutus</strong></span> <span class='ocrx_word' id='word_1_780' title='bbox 2349 4471 2454 4519; x_wconf 89' lang='lat' dir='ltr'><strong>est.</strong></span> <span class='ocrx_word' id='word_1_781' title='bbox 2502 4460 2739 4515; x_wconf 87' lang='lat' dir='ltr'><strong>Tantum</strong></span> <span class='ocrx_word' id='word_1_782' title='bbox 2772 4473 2904 4528; x_wconf 87' lang='lat' dir='ltr'><strong>ergo</strong></span> <span class='ocrx_word' id='word_1_783' title='bbox 2933 4457 3109 4520; x_wconf 85' lang='lat' dir='ltr'><strong>abest,</strong></span> <span class='ocrx_word' id='word_1_784' title='bbox 3140 4461 3202 4509; x_wconf 89' lang='lat' dir='ltr'><strong>ut</strong></span> <span class='ocrx_word' id='word_1_785' title='bbox 3248 4454 3341 4525; x_wconf 92' lang='lat' dir='ltr'><strong>qui</strong></span> <span class='ocrx_word' id='word_1_786' title='bbox 3379 4454 3459 4508; x_wconf 87' lang='lat' dir='ltr'><strong>illi</strong></span> 
     </span>
    </p>
   </div>
   <div class='ocr_carea' id='block_1_107' title="bbox 1879 4543 3461 4622">
    <p class='ocr_par' dir='ltr' id='par_1_107' title="bbox 1879 4543 3461 4622">
     <span class='ocr_line' id='line_1_107' title="bbox 1879 4543 3461 4622; baseline -0.012 -6"><span class='ocrx_word' id='word_1_787' title='bbox 1879 4561 1948 4615; x_wconf 88' lang='lat' dir='ltr'><strong>ab</strong></span> <span class='ocrx_word' id='word_1_788' title='bbox 1968 4558 2126 4613; x_wconf 92' lang='lat' dir='ltr'><strong>initio</strong></span> <span class='ocrx_word' id='word_1_789' title='bbox 2171 4557 2519 4613; x_wconf 66' lang='lat' dir='ltr'><strong>adhaeserunt</strong></span> <span class='ocrx_word' id='word_1_790' title='bbox 2555 4549 2834 4622; x_wconf 89' lang='lat' dir='ltr'><strong>discipuli,</strong></span> <span class='ocrx_word' id='word_1_791' title='bbox 2881 4556 2935 4604; x_wconf 88' lang='lat' dir='ltr'><strong>et</strong></span> <span class='ocrx_word' id='word_1_792' title='bbox 2969 4549 3062 4619; x_wconf 89' lang='lat' dir='ltr'><strong>qui</strong></span> <span class='ocrx_word' id='word_1_793' title='bbox 3089 4545 3320 4617; x_wconf 87' lang='lat' dir='ltr'><strong>posthac</strong></span> <span class='ocrx_word' id='word_1_794' title='bbox 3349 4543 3461 4598; x_wconf 88' lang='lat' dir='ltr'><strong>illis</strong></span> 
     </span>
    </p>
   </div>
   <div class='ocr_carea' id='block_1_108' title="bbox 1876 4634 3460 4720">
    <p class='ocr_par' dir='ltr' id='par_1_108' title="bbox 1876 4634 3460 4720">
     <span class='ocr_line' id='line_1_108' title="bbox 1876 4634 3460 4720; baseline -0.011 -15"><span class='ocrx_word' id='word_1_795' title='bbox 1876 4649 2163 4720; x_wconf 88' lang='lat' dir='ltr'><strong>discipulis</strong></span> <span class='ocrx_word' id='word_1_796' title='bbox 2194 4661 2536 4710; x_wconf 89' lang='lat' dir='ltr'><strong>successere,</strong></span> <span class='ocrx_word' id='word_1_797' title='bbox 2578 4645 2646 4699; x_wconf 88' lang='lat' dir='ltr'><strong>ab</strong></span> <span class='ocrx_word' id='word_1_798' title='bbox 2680 4643 2900 4697; x_wconf 88' lang='lat' dir='ltr'><strong>illorum</strong></span> <span class='ocrx_word' id='word_1_799' title='bbox 2942 4634 3340 4693; x_wconf 90' lang='lat' dir='ltr'><strong>consuetudine</strong></span> <span class='ocrx_word' id='word_1_800' title='bbox 3372 4634 3460 4688; x_wconf 88' lang='lat' dir='ltr'><strong>in-</strong></span> 
     </span>
    </p>
   </div>
   <div class='ocr_carea' id='block_1_109' title="bbox 1875 4738 3460 4826">
    <p class='ocr_par' dir='ltr' id='par_1_109' title="bbox 1875 4738 3460 4826">
     <span class='ocr_line' id='line_1_109' title="bbox 1875 4738 3460 4826; baseline -0.013 -14"><span class='ocrx_word' id='word_1_801' title='bbox 1875 4755 2119 4820; x_wconf 82' lang='lat' dir='ltr'><strong>formati,</strong></span> <span class='ocrx_word' id='word_1_802' title='bbox 2156 4770 2338 4826; x_wconf 68' lang='lat' dir='ltr'><strong>pravaa</strong></span> <span class='ocrx_word' id='word_1_803' title='bbox 2366 4751 2529 4807; x_wconf 85' lang='lat' dir='ltr'><strong>alicui</strong></span> <span class='ocrx_word' id='word_1_804' title='bbox 2551 4758 2645 4806; x_wconf 89' lang='lat' dir='ltr'><strong>aut</strong></span> <span class='ocrx_word' id='word_1_805' title='bbox 2667 4746 2991 4820; x_wconf 73' lang='lat' dir='ltr'><strong>perniciosa:</strong></span> <span class='ocrx_word' id='word_1_806' title='bbox 3033 4740 3336 4812; x_wconf 90' lang='lat' dir='ltr'><strong>suspicioni</strong></span> <span class='ocrx_word' id='word_1_807' title='bbox 3359 4738 3460 4793; x_wconf 86' lang='lat' dir='ltr'><strong>ob-</strong></span> 
     </span>
    </p>
   </div>
   <div class='ocr_carea' id='block_1_110' title="bbox 1874 4833 3465 4912">
    <p class='ocr_par' dir='ltr' id='par_1_110' title="bbox 1874 4833 3465 4912">
     <span class='ocr_line' id='line_1_110' title="bbox 1874 4833 3465 4912; baseline -0.013 -8"><span class='ocrx_word' id='word_1_808' title='bbox 1874 4850 2025 4905; x_wconf 86' lang='lat' dir='ltr'><strong>noxii</strong></span> <span class='ocrx_word' id='word_1_809' title='bbox 2057 4846 2293 4904; x_wconf 86' lang='lat' dir='ltr'><strong>habendi</strong></span> <span class='ocrx_word' id='word_1_810' title='bbox 2321 4847 2466 4910; x_wconf 91' lang='lat' dir='ltr'><strong>sint,</strong></span> <span class='ocrx_word' id='word_1_811' title='bbox 2496 4852 2555 4899; x_wconf 91' lang='lat' dir='ltr'><strong>ut</strong></span> <span class='ocrx_word' id='word_1_812' title='bbox 2582 4859 2651 4898; x_wconf 89' lang='lat' dir='ltr'><strong>ne</strong></span> <span class='ocrx_word' id='word_1_813' title='bbox 2675 4838 3068 4912; x_wconf 59' lang='lat' dir='ltr'><strong>aegrotantibus</strong></span> <span class='ocrx_word' id='word_1_814' title='bbox 3096 4833 3318 4905; x_wconf 91' lang='lat' dir='ltr'><strong>quidem</strong></span> <span class='ocrx_word' id='word_1_815' title='bbox 3342 4846 3465 4903; x_wconf 76' lang='lat' dir='ltr'><strong>per-</strong></span> 
     </span>
    </p>
   </div>
   <div class='ocr_carea' id='block_1_111' title="bbox 1875 4932 3460 5006">
    <p class='ocr_par' dir='ltr' id='par_1_111' title="bbox 1875 4932 3460 5006">
     <span class='ocr_line' id='line_1_111' title="bbox 1875 4932 3460 5006; baseline -0.013 -10"><span class='ocrx_word' id='word_1_816' title='bbox 1875 4942 2112 5006; x_wconf 89' lang='lat' dir='ltr'><strong>mittant,</strong></span> <span class='ocrx_word' id='word_1_817' title='bbox 2137 4940 2299 4997; x_wconf 89' lang='lat' dir='ltr'><strong>sicuti</strong></span> <span class='ocrx_word' id='word_1_818' title='bbox 2337 4938 2509 4992; x_wconf 91' lang='lat' dir='ltr'><strong>multa</strong></span> <span class='ocrx_word' id='word_1_819' title='bbox 2552 4935 2708 4990; x_wconf 88' lang='lat' dir='ltr'><strong>multi</strong></span> <span class='ocrx_word' id='word_1_820' title='bbox 2738 4933 2953 4987; x_wconf 86' lang='lat' dir='ltr'><strong>eilicere</strong></span> <span class='ocrx_word' id='word_1_821' title='bbox 2995 4933 3270 4984; x_wconf 71' lang='lat' dir='ltr'><strong>cernantur</strong></span> <span class='ocrx_word' id='word_1_822' title='bbox 3294 4965 3310 4989; x_wconf 89' lang='lat'><strong>,</strong></span> <span class='ocrx_word' id='word_1_823' title='bbox 3365 4932 3460 4977; x_wconf 89' lang='lat' dir='ltr'><strong>aut</strong></span> 
     </span>
    </p>
   </div>
   <div class='ocr_carea' id='block_1_112' title="bbox 1876 5017 3459 5101">
    <p class='ocr_par' dir='ltr' id='par_1_112' title="bbox 1876 5017 3459 5101">
     <span class='ocr_line' id='line_1_112' title="bbox 1876 5017 3459 5101; baseline -0.013 -13"><span class='ocrx_word' id='word_1_824' title='bbox 1876 5034 2133 5091; x_wconf 81' lang='lat' dir='ltr'><strong>foliorum</strong></span> <span class='ocrx_word' id='word_1_825' title='bbox 2162 5028 2617 5101; x_wconf 80' lang='lat' dir='ltr'><strong>inscriptionibus</strong></span> <span class='ocrx_word' id='word_1_826' title='bbox 2640 5065 2656 5092; x_wconf 93' lang='lat'><strong>,</strong></span> <span class='ocrx_word' id='word_1_827' title='bbox 2699 5022 3215 5094; x_wconf 85' lang='lat' dir='ltr'><strong>colligationibusve</strong></span> <span class='ocrx_word' id='word_1_828' title='bbox 3239 5017 3343 5081; x_wconf 91' lang='lat' dir='ltr'><strong>uti,</strong></span> <span class='ocrx_word' id='word_1_829' title='bbox 3363 5022 3459 5069; x_wconf 91' lang='lat' dir='ltr'><strong>aut</strong></span> 
     </span>
    </p>
   </div>
   <div class='ocr_carea' id='block_1_113' title="bbox 1873 5111 3457 5199">
    <p class='ocr_par' dir='ltr' id='par_1_113' title="bbox 1873 5111 3457 5199">
     <span class='ocr_line' id='line_1_113' title="bbox 1873 5111 3457 5199; baseline -0.014 -15"><span class='ocrx_word' id='word_1_830' title='bbox 1873 5143 1971 5184; x_wconf 89' lang='lat' dir='ltr'><strong>eos</strong></span> <span class='ocrx_word' id='word_1_831' title='bbox 2001 5128 2097 5199; x_wconf 90' lang='lat' dir='ltr'><strong>qui</strong></span> <span class='ocrx_word' id='word_1_832' title='bbox 2127 5143 2187 5184; x_wconf 89' lang='lat' dir='ltr'><strong>se</strong></span> <span class='ocrx_word' id='word_1_833' title='bbox 2214 5126 2593 5181; x_wconf 88' lang='lat' dir='ltr'><strong>incantaturos</strong></span> <span class='ocrx_word' id='word_1_834' title='bbox 2653 5118 2982 5190; x_wconf 86' lang='lat' dir='ltr'><strong>proﬁtentur</strong></span> <span class='ocrx_word' id='word_1_835' title='bbox 3024 5111 3327 5173; x_wconf 85' lang='lat' dir='ltr'><strong>attendere,</strong></span> <span class='ocrx_word' id='word_1_836' title='bbox 3363 5115 3457 5163; x_wconf 86' lang='lat' dir='ltr'><strong>aut</strong></span> 
     </span>
    </p>
   </div>
   <div class='ocr_carea' id='block_1_114' title="bbox 1873 5200 3461 5283">
    <p class='ocr_par' dir='ltr' id='par_1_114' title="bbox 1873 5200 3461 5283">
     <span class='ocr_line' id='line_1_114' title="bbox 1873 5200 3461 5283; baseline -0.013 -8"><span class='ocrx_word' id='word_1_837' title='bbox 1873 5219 2123 5275; x_wconf 88' lang='lat' dir='ltr'><strong>radicum</strong></span> <span class='ocrx_word' id='word_1_838' title='bbox 2166 5218 2574 5283; x_wconf 79' lang='lat' dir='ltr'><strong>herbarumque</strong></span> <span class='ocrx_word' id='word_1_839' title='bbox 2635 5205 3169 5279; x_wconf 80' lang='lat' dir='ltr'><strong>suﬂ‘umigationibus</strong></span> <span class='ocrx_word' id='word_1_840' title='bbox 3201 5242 3217 5266; x_wconf 96' lang='lat'><strong>,</strong></span> <span class='ocrx_word' id='word_1_841' title='bbox 3264 5200 3461 5255; x_wconf 86' lang='lat' dir='ltr'><strong>aliisve</strong></span> 
     </span>
    </p>
   </div>
   <div class='ocr_carea' id='block_1_115' title="bbox 1873 5293 3456 5383">
    <p class='ocr_par' dir='ltr' id='par_1_115' title="bbox 1873 5293 3456 5383">
     <span class='ocr_line' id='line_1_115' title="bbox 1873 5293 3456 5383; baseline -0.016 -15"><span class='ocrx_word' id='word_1_842' title='bbox 1873 5312 2118 5383; x_wconf 86' lang='lat' dir='ltr'><strong>ejusdem</strong></span> <span class='ocrx_word' id='word_1_843' title='bbox 2151 5307 2367 5381; x_wconf 87' lang='lat' dir='ltr'><strong>generis</strong></span> <span class='ocrx_word' id='word_1_844' title='bbox 2390 5303 2697 5366; x_wconf 89' lang='lat' dir='ltr'><strong>nonnullis,</strong></span> <span class='ocrx_word' id='word_1_845' title='bbox 2726 5299 2968 5354; x_wconf 85' lang='lat' dir='ltr'><strong>medelas</strong></span> <span class='ocrx_word' id='word_1_846' title='bbox 2996 5295 3099 5351; x_wconf 86' lang='lat' dir='ltr'><strong>sibi</strong></span> <span class='ocrx_word' id='word_1_847' title='bbox 3137 5293 3456 5349; x_wconf 85' lang='lat' dir='ltr'><strong>morborum</strong></span> 
     </span>
    </p>
   </div>
   <div class='ocr_carea' id='block_1_116' title="bbox 1874 5382 3458 5465">
    <p class='ocr_par' dir='ltr' id='par_1_116' title="bbox 1874 5382 3458 5465">
     <span class='ocr_line' id='line_1_116' title="bbox 1874 5382 3458 5465; baseline -0.016 -5"><span class='ocrx_word' id='word_1_848' title='bbox 1874 5382 2160 5460; x_wconf 74' lang='lat' dir='ltr'><strong>shilicere:</strong></span> <span class='ocrx_word' id='word_1_849' title='bbox 2193 5400 2312 5455; x_wconf 84' lang='lat' dir='ltr'><strong>haec</strong></span> <span class='ocrx_word' id='word_1_850' title='bbox 2347 5410 2585 5465; x_wconf 84' lang='lat' dir='ltr'><strong>namque</strong></span> <span class='ocrx_word' id='word_1_851' title='bbox 2633 5391 2817 5447; x_wconf 88' lang='lat' dir='ltr'><strong>omnia</strong></span> <span class='ocrx_word' id='word_1_852' title='bbox 2863 5404 2895 5443; x_wconf 91' lang='lat' dir='ltr'><strong>a</strong></span> <span class='ocrx_word' id='word_1_853' title='bbox 2947 5384 3152 5442; x_wconf 89' lang='lat' dir='ltr'><strong>Christi</strong></span> <span class='ocrx_word' id='word_1_854' title='bbox 3205 5382 3458 5438; x_wconf 83' lang='lat' dir='ltr'><strong>doctrina</strong></span> 
     </span>
    </p>
   </div>
   <div class='ocr_carea' id='block_1_117' title="bbox 1873 5471 3458 5557">
    <p class='ocr_par' dir='ltr' id='par_1_117' title="bbox 1873 5471 3458 5557">
     <span class='ocr_line' id='line_1_117' title="bbox 1873 5471 3458 5557; baseline -0.015 -8"><span class='ocrx_word' id='word_1_855' title='bbox 1873 5496 2100 5551; x_wconf 78' lang='lat' dir='ltr'><strong>exclusa</strong></span> <span class='ocrx_word' id='word_1_856' title='bbox 2146 5497 2523 5557; x_wconf 74' lang='lat' dir='ltr'><strong>suntzneque</strong></span> <span class='ocrx_word' id='word_1_857' title='bbox 2573 5496 2816 5554; x_wconf 85' lang='lat' dir='ltr'><strong>unquam</strong></span> <span class='ocrx_word' id='word_1_858' title='bbox 2866 5477 3069 5535; x_wconf 90' lang='lat' dir='ltr'><strong>intueri</strong></span> <span class='ocrx_word' id='word_1_859' title='bbox 3109 5474 3262 5530; x_wconf 76' lang='lat' dir='ltr'><strong>licuit</strong></span> <span class='ocrx_word' id='word_1_860' title='bbox 3294 5471 3458 5528; x_wconf 86' lang='lat' dir='ltr'><strong>Chri—</strong></span> 
     </span>
    </p>
   </div>
   <div class='ocr_carea' id='block_1_118' title="bbox 1873 5562 3456 5654">
    <p class='ocr_par' dir='ltr' id='par_1_118' title="bbox 1873 5562 3456 5654">
     <span class='ocr_line' id='line_1_118' title="bbox 1873 5562 3456 5654; baseline -0.014 -13"><span class='ocrx_word' id='word_1_861' title='bbox 1873 5586 2120 5643; x_wconf 84' lang='lat' dir='ltr'><strong>stianum</strong></span> <span class='ocrx_word' id='word_1_862' title='bbox 2158 5568 2267 5654; x_wconf 85' lang='lat' dir='ltr'><strong>qui</strong></span> <span class='ocrx_word' id='word_1_863' title='bbox 2299 5579 2646 5652; x_wconf 86' lang='lat' dir='ltr'><strong>colligatione</strong></span> <span class='ocrx_word' id='word_1_864' title='bbox 2698 5582 2963 5637; x_wconf 90' lang='lat' dir='ltr'><strong>uteretur,</strong></span> <span class='ocrx_word' id='word_1_865' title='bbox 2996 5584 3175 5640; x_wconf 88' lang='lat' dir='ltr'><strong>neque</strong></span> <span class='ocrx_word' id='word_1_866' title='bbox 3226 5562 3456 5654; x_wconf 83' lang='lat' dir='ltr'><strong>magicis</strong></span> 
     </span>
    </p>
   </div>
   <div class='ocr_carea' id='block_1_119' title="bbox 1872 5653 3455 5754">
    <p class='ocr_par' dir='ltr' id='par_1_119' title="bbox 1872 5653 3455 5754">
     <span class='ocr_line' id='line_1_119' title="bbox 1872 5653 3455 5754; baseline -0.016 -16"><span class='ocrx_word' id='word_1_867' title='bbox 1872 5675 2284 5754; x_wconf 74' lang='lat' dir='ltr'><strong>nugationihus,</strong></span> <span class='ocrx_word' id='word_1_868' title='bbox 2305 5689 2481 5747; x_wconf 88' lang='lat' dir='ltr'><strong>neque</strong></span> <span class='ocrx_word' id='word_1_869' title='bbox 2504 5671 2759 5728; x_wconf 86' lang='lat' dir='ltr'><strong>foliorum</strong></span> <span class='ocrx_word' id='word_1_870' title='bbox 2782 5663 3141 5741; x_wconf 86' lang='lat' dir='ltr'><strong>quorumdam</strong></span> <span class='ocrx_word' id='word_1_871' title='bbox 3166 5653 3455 5716; x_wconf 81' lang='lat' dir='ltr'><strong>laboriosis</strong></span> 
     </span>
    </p>
   </div>
  </div>
