3880 6256
434 273 543 330 221

1072 268 1343 325 EUSEBll
1381 264 1861 327 CJESARIENSIS
1899 262 2052 322 OPP.
2098 260 2297 316 PARS.
2341 258 2410 314 ll.
2449 289 2521 298 —
2559 256 3058 314 APOLOGETICA.

3584 261 3679 322 24.8

436 392 915 464 inscriptionibus,
958 405 1139 460 neque
1185 387 1398 443 czeteris
1443 386 1739 450 similibus,
1781 397 2014 454 quorum

2120 380 2339 451 σμένον.
2389 377 2452 430 Εἰ
2486 376 2541 429 δὲ
2576 375 2748 439 οὐδεὶς
2797 373 3017 427 πώποτε
3061 371 3170 427 τῶν
3215 370 3339 425 καθ’
3383 373 3526 443 ἡμᾶς
3567 375 3676 432 οὔτε

438 502 596 541 usum
629 484 1024 539 indiﬁ'erentem
1058 481 1303 551 plerique
1355 479 1695 533 arbitramur
1730 490 1892 546 :quac
1915 473 2016 544 igi-

434 586 525 630 tur
547 590 787 649 unquam
816 574 956 629 ratio
976 574 1286 635 convincet,
1318 580 1376 625 ut
1399 571 1491 639 qui
1515 570 1640 624 talis
1668 565 2017 638 praeceptoris

433 670 690 739 discipuli
720 667 947 730 fuerint,
976 664 1390 735 prtestigiatoris
1418 668 1514 716 aut
1558 657 1872 729 impostoris
1925 655 2013 709 di-

433 760 631 828 scipuli
664 758 835 815 fuisse
853 754 1203 827 iudicentur?
1222 753 1373 824 atqui
1402 752 1581 822 qualis
1606 751 1676 805 sit
1693 747 1870 801 omnis
1895 745 2018 816 qui-

2123 471 2230 524 τῶν
2271 467 2514 522 παλαιῶν
2546 468 2768 519 ἐκείνων
2813 466 2908 518 τοῦ
2947 462 3121 534 Ἰησοῦ
3166 461 3421 534 μαθητῶν
3447 467 3679 536 γοητείας

2123 562 2258 633 ἥλω,
2288 558 2410 612 οὐδὲ
2440 561 2468 611 ὁ
2501 556 2827 619 Διδάσκαλος
2853 551 2922 627 ἦν
2961 557 3069 627 ἄρα
3094 554 3352 618 τοιοῦτος.
3378 554 3490 608 Ἵνα
3528 556 3582 611 δὲ
3612 561 3678 631 μὴ

2125 651 2184 718 έξ
2213 649 2474 720 ἀγράφων
2506 648 2535 699 ὁ
2561 645 2716 713 λόγος
2749 644 2903 716 ἡμῶν
2929 642 3122 707 ὁδεύοι,
3156 643 3312 714 δέχου
3355 642 3454 707 τὰς
3486 645 3680 701 ἀποδεῖ-

2128 742 2237 807 ξεις
2263 742 2357 795 καὶ
2383 738 2490 796 ἀπὸ
2518 738 2759 809 ἱστορίας
2784 735 3084 808 ἐγγράφου.

427 871 648 926 cunque
685 852 889 924 aliquid
916 851 1255 924 proﬁteatur,
1281 850 1431 904 nulla
1458 863 1548 903 res
1596 845 1904 902 evidentius
1956 840 2294 912 probaverit,
2346 852 2514 908 quam
2563 834 2961 905 discipulorum
3008 830 3354 887 consuetudo
3410 848 3426 886 :
3481 847 3600 926 nam
3638 835 3679 891 si

427 948 533 1003 viri
560 924 678 1003 sint
717 947 928 1001 artibus
962 951 1017 1000 et
1070 943 1323 999 scientiis
1368 936 1889 1011 prmditihprofccto
1913 934 2009 1005 qui
2050 934 2187 1005 ipsis
2231 929 2503 1001 ejusmodi
2539 929 2742 982 artium
2769 934 2824 982 et
2873 926 3229 982 scientiarum
3278 931 3469 979 auctor
3510 924 3678 992 fuerit,

429 1054 554 1096 eum
590 1039 748 1108 longe
799 1053 859 1093 se
908 1037 1044 1107 ipsis
1115 1036 1549 1106 prmstantiorem
1609 1030 1781 1088 fuisse
1841 1027 2318 1085 demonstrabunt.
2379 1022 2627 1093 Exempli
2673 1021 2881 1093 gratia,
2917 1020 3010 1090 qui
3039 1018 3362 1075 medicinam
3414 1016 3482 1073 ab
3518 1019 3682 1089 aliquo

429 1135 759 1198 didicerunt,
826 1133 1163 1189 excellentiae
1215 1131 1570 1203 prmeeptoris
1602 1130 1656 1184 in
1688 1127 1781 1183 tali
1801 1125 2090 1197 disciplina
2129 1131 2296 1178 testes
2345 1121 2528 1177 idonei
2562 1119 2799 1176 habendi
2845 1125 2993 1186 sunt,
3039 1117 3133 1188 qui
3162 1132 3292 1172 vero
3326 1118 3679 1188 geometriam,

428 1231 638 1284 nullum
670 1230 837 1283 alium
863 1244 921 1283 se
948 1228 1208 1283 habuisse
1262 1227 1388 1282 talis
1409 1225 1713 1297 disciplinae
1770 1223 2091 1294 magistrum
2132 1235 2293 1291 quam
2322 1225 2652 1290 geometren:
2688 1215 2996 1288 probabunt
3021 1231 3037 1281 ;
3060 1229 3160 1270 nec
3191 1229 3321 1268 vero
3372 1213 3681 1270 arithmetici

429 1323 597 1376 alium
633 1336 796 1391 quam
863 1320 1266 1374 arithmeticum
1299 1318 1525 1375 :eadem
1580 1319 1812 1381 ratione,
1846 1317 2082 1386 aliquem
2125 1314 2293 1369 fuisse
2324 1314 2676 1384 impostorem
2711 1308 2898 1380 Optimi
2938 1323 3070 1376 sane
3101 1315 3271 1362 testes
3307 1307 3537 1362 habendi
3567 1317 3682 1363 sunt

428 1413 524 1484 qui
581 1413 649 1468 ab
707 1413 799 1468 illo
855 1412 1165 1478 didicerint,
1229 1419 1283 1468 et
1315 1413 1407 1483 qui
1470 1412 1716 1468 eamdem
1751 1427 1876 1465 cum
1940 1425 2040 1465 suo
2078 1413 2414 1478 praeceptore
2479 1415 2650 1459 artem
2683 1410 2992 1458 exerceant.
3035 1401 3197 1469 128
3249 1397 3355 1454 Sed
3381 1400 3562 1455 nullus
3594 1402 3684 1455 ad-

427 1508 539 1564 huc
564 1509 620 1563 in
651 1518 759 1562 tam
805 1510 993 1565 multis
1048 1509 1211 1565 anuis
1276 1509 1582 1576 discipulus
1622 1506 1751 1562 Jesn
1780 1505 2145 1577 praestigiator
2196 1502 2470 1573 apparuit,
2539 1500 2757 1554 tametsi
2806 1499 2858 1552 in
2891 1496 3124 1552 diversis
3155 1495 3493 1567 temporibus
3524 1503 3576 1551 et
3602 1510 3681 1551 re-

438 1620 535 1675 ges
567 1615 619 1658 et
642 1605 898 1674 praesides
929 1621 1025 1674 per
1072 1613 1343 1660 tormenta
1416 1604 1685 1675 quidquid
1719 1602 1788 1656 ad
1859 1617 1961 1657 nos
2020 1601 2278 1672 pertinet,
2311 1595 2729 1667 diligentissime
2754 1591 3148 1665 exquisiverint
3176 1606 3188 1641 :
3220 1593 3297 1645 ita
3320 1604 3484 1660 porro
3512 1591 3682 1646 nullus

428 1698 793 1770 przestigiator
826 1699 950 1763 fuit,
983 1708 1043 1753 ut
1073 1700 1209 1754 liber
1229 1699 1617 1766 dimitteretur,
1655 1705 1818 1768 atque
1848 1705 2004 1752 extra
2036 1711 2199 1751 omne
2231 1694 2538 1764 periculum
2572 1691 3020 1754 constitueretur,
3073 1686 3167 1758 qui
3201 1687 3363 1742 modo
3430 1686 3498 1742 ab
3560 1687 3681 1757 ipsis

428 1801 651 1848 coactus
698 1800 843 1847 esset
881 1793 1126 1862 ipsorum
1184 1793 1296 1847 ritu
1348 1793 1684 1849 sacriﬁcare.
1724 1791 1881 1858 Quod
1909 1791 1952 1846 si
2001 1790 2186 1845 nullus
2246 1802 2485 1858 unquam
2528 1792 2865 1853 nostrorum,
2907 1793 3014 1838 tam
3053 1783 3271 1837 illorum
3313 1796 3454 1852 quos
3486 1779 3585 1849 ipsi
3611 1779 3687 1833 vi-

428 1887 557 1943 dere
592 1888 889 1959 potuimus,
935 1904 1097 1959 quam
1140 1890 1357 1944 illorum
1419 1891 1514 1960 qui
1555 1889 1832 1960 quondam
1866 1888 2040 1959 ipsius
2076 1884 2205 1941 Jesu
2243 1883 2499 1954 discipuli
2566 1882 2808 1947 fuerunt,
2851 1879 3100 1935 veneﬁcii
3152 1887 3247 1934 aut
3294 1876 3679 1949 praestigiarum

427 1981 721 2038 damnatus
767 1991 877 2048 est,
912 1999 1040 2053 ergo
1083 1999 1151 2038 ne
1178 1982 1489 2053 Praeceptor
1542 1983 1763 2054 quidem
1795 1983 1916 2037 talis
1974 1980 2096 2036 fuit.
2135 1979 2404 2034 Caeterum
2429 1993 2496 2032 ne
2523 1976 2701 2032 omnis
2729 1983 2916 2031 nostra
2939 1976 3136 2039 oratio,
3164 1989 3230 2029 ex
3260 1970 3684 2030 rebusnonscri-

428 2081 536 2147 ptis
566 2079 964 2148 proﬁciscatur,
990 2080 1277 2135 videamus
1307 2080 1436 2134 item
1481 2079 1612 2149 quid
1673 2078 2009 2149 probationis
2048 2078 2117 2133 ab
2142 2073 2372 2131 historia
2397 2088 2520 2144 quae
2557 2071 2756 2126 litteris
2785 2071 3117 2133 continetur,
3141 2068 3265 2123 elici
3286 2068 3488 2138 possit.

500 2171 671 2225 Primi
703 2172 869 2241 igitur
908 2172 1083 2242 ipsius
1125 2171 1253 2227 Jesu
1302 2170 1580 2242 discipuli,
1630 2171 1689 2226 in
1737 2171 1878 2226 libro
1923 2171 2014 2240 qui

2190 2171 2254 2223 Οἱ
2279 2168 2344 2240 δὴ
2368 2165 2574 2237 πρῶτοι
2601 2163 2696 2218 τοῦ
2739 2162 2915 2234 Ἰησοῦ
2952 2160 3189 2234 μαθηταὶ
3210 2160 3269 2213 ὲν
3301 2159 3563 2231 τῇ,βίϐλῳ
3588 2156 3684 2210 τῶν

426 2263 564 2319 Acta
614 2264 854 2333 ipsorum
888 2263 1155 2327 continet,
1215 2272 1626 2327 memorantur,
1659 2278 2019 2333 quoscunque

427 2372 493 2411 ex
525 2356 778 2426 gentibus
812 2355 867 2408 in
903 2371 1063 2410 suam
1121 2355 1471 2425 disciplinam
1500 2356 1835 2427 acciperent,
1889 2371 2012 2411 cum

426 2462 617 2505 eorum
637 2447 883 2518 plerique
912 2449 1143 2505 crimine
1194 2452 1598 2523 praestigiarum
1658 2451 1893 2507 infames
1922 2466 2016 2505 es-

428 2545 579 2601 sent,
610 2539 928 2595 indiversos
963 2556 1141 2596 mores
1191 2540 1328 2598 adeo
1385 2550 1777 2609 commutasse,
1807 2549 1869 2596 ut
1897 2541 2018 2596 ausi

427 2632 539 2687 sint
572 2647 712 2702 quos
740 2633 909 2687 libros
940 2632 1050 2687 illis
1088 2633 1519 2697 interdixissent,
1545 2636 1601 2690 in
1625 2635 1863 2691 medium
1892 2649 2016 2703 pro-

426 2716 593 2787 ferre,
625 2732 680 2778 et
715 2726 770 2780 in
800 2734 1097 2795 conspectu
1134 2728 1378 2782 omnium
1408 2727 1752 2783 comburere.
1810 2725 2019 2779 Audia-

429 2829 556 2869 mus
590 2815 775 2884 itaque
826 2816 957 2886 quid
1000 2817 1287 2887 Scriptura
1345 2819 1438 2873 illa
1489 2820 1791 2874 contineat.
1823 2816 2018 2871 «Multi

429 2915 612 2962 autem
641 2922 830 2963 eorum
877 2907 973 2977 qui
1034 2907 1253 2963 fuerant
1277 2911 1498 2963 curiosa
1553 2910 1770 2974 sectati,
1819 2921 2018 2965 contu-

426 2997 608 3055 lerunt
637 2998 825 3062 libros,
845 3007 898 3054 et
935 3000 1357 3056 eombusserunt
1384 3016 1479 3056 eos
1511 3016 1695 3056 coram
1726 3001 2004 3068 omnibus,

428 3096 483 3144 et
506 3091 836 3159 computatis
866 3090 1058 3160 pretiis
1085 3091 1322 3155 illorum,
1366 3093 1695 3147 invenerunt
1726 3094 2013 3162 pecuniam

428 3177 776 3234 denariorum
808 3180 1205 3250 quinquaginta
1243 3180 1473 3235 millium
1509 3182 1553 3213 ⁷⁸³
1585 3200 1599 3234 :
1631 3200 1651 3232 ι
1689 3183 1826 3236 tales
1883 3197 2017 3236 sane

427 3278 587 3326 erant
619 3270 919 3327 Salvatoz-is
944 3272 1120 3326 nostri
1153 3273 1430 3343 discipuli,
1462 3279 1720 3343 tantaque
1750 3274 2015 3330 orationis

426 3377 618 3417 eorum
647 3364 728 3419 vis
760 3374 896 3427 erat,
923 3380 1047 3418 cum
1100 3380 1232 3420 suos
1273 3364 1549 3420 auditores
1579 3365 2011 3435 alloquerentur,

427 3462 491 3508 ut
513 3455 736 3510 intimas
783 3456 950 3510 animi
1004 3465 1184 3526 partes
1203 3464 1575 3526 penetrarent,
1622 3465 2016 3529 tangerentque

2121 2260 2268 2315 ἰδίων
2309 2257 2562 2330 πράξεων
2610 2254 2945 2326 ἱστοροῦνται
2992 2254 3119 2316 τοὺς
3163 2251 3224 2316 ἐξ
3251 2250 3426 2304 ἐθνῶν
3462 2253 3527 2321 τῇ
3557 2248 3686 2303 διδαο

2120 2349 2318 2420 σκαλίξι
2352 2346 2532 2403 αὐτῶν
2570 2345 2915 2415 προσιόντας,
2947 2342 3088 2397 ὥστε
3113 2342 3340 2405 πολλοὺς
3370 2341 3484 2396 τῶν
3511 2341 3686 2413 πρότε-

2119 2459 2213 2514 ρον
2249 2440 2378 2512 περὶ
2400 2438 2655 2511 γοητείαν
2687 2437 3125 2509 διαϐεϐλημένων
3149 2438 3228 2500 εἰς
3254 2433 3507 2490 τοσοῦτον
3536 2450 3684 2505 μετα·

2117 2532 2302 2586 ϐαλεῖν
2329 2531 2420 2585 τὸν
2448 2529 2656 2584 ἑαυτῶν
2682 2529 2905 2603 τρόπον,
2929 2529 3005 2591 ὡς
3029 2530 3109 2591 είς
3137 2527 3300 2599 μέσον
3330 2525 3685 2596 ἀγαγεῑνθτολ-

2121 2627 2291 2698 μῆσαι
2317 2625 2431 2688 τὰς,
2456 2622 2911 2696 άπηγορευμένας
2955 2621 3189 2692 βίϐλους,
3215 2621 3312 2674 καὶ
3361 2621 3565 2684 ταύτας
3610 2622 3688 2674 ἐν·

2124 2715 2296 2770 ώπιον
2314 2715 2531 2770 πάντων
2563 2716 2694 2788 πυρὶ
2721 2712 3077 2787 παραδοῦναι.
3120 2714 3454 2770 Ἐπάκουσον
3474 2713 3529 2768 δὲ
3554 2715 3684 2775 ὅπως

2118 2811 2152 2881 ἡ
2197 2807 2385 2880 γραφὴ
2436 2807 2720 2880 περιέχει·
2759 2825 2781 2856 ι
2840 2807 3035 2860 Ἱκανοὶ
3081 2804 3138 2858 δὲ
3180 2804 3288 2859 τῶν
3319 2805 3392 2859 τὰ
3437 2803 3685 2877 περίεργα

2117 2900 2463 2971 πραξάντων,
2492 2898 2996 2967 συνεισενέγκαντες
3020 2896 3119 2962 τὰς
3144 2897 3382 2969 βίϐλους,
3411 2897 3687 2951 κατέκαιον

2116 2990 2344 3045 ἐνώπιον
2373 2990 2611 3055 πάντων,
2646 2989 2739 3043 καὶ
2775 2987 3144 3057 συνεψήφισαν
3174 2987 3273 3051 τάς
3300 2986 3469 3059 τιμὰς
3498 2985 3684 3045 αὐτῶν,

2117 3083 2211 3138 καὶ
2255 3077 2417 3155 εὖρον
2453 3080 2718 3153 ἀργυρίου
2770 3078 3035 3151 μυριάδας
3063 3079 3244 3134 πέντε.
3284 3098 3303 3131 ι
3354 3078 3594 3133 Τοιοῦτοι
3629 3076 3686 3148 δή

2114 3192 2259 3239 τινες
2286 3176 2336 3228 ot
2369 3173 2465 3227 τοῦ
2494 3173 2747 3244 Σωτῆρος
2778 3170 2936 3243 ἡμῶν
2971 3171 3206 3242 μαθηταὶ
3229 3171 3501 3242 τοσαύτην
3539 3170 3686 3223 δύναο

2119 3283 2213 3338 μιν
2240 3266 2611 3337 προφέροντες
2643 3262 2817 3331 λόγων
2856 3265 2916 3316 ἐν
2943 3267 3064 3328 ταῖς
3091 3264 3228 3336 πρὸς
3258 3267 3384 3328 τοὺς
3414 3260 3688 3336 ἀκροωμέ-

2116 3375 2239 3422 νους
2266 3358 2528 3429 ὁμιλίαις,
2551 3356 2626 3419 ὡς
2649 3355 3022 3409 καθικνεῖσθαι
3049 3356 3142 3409 τοῦ
3169 3355 3366 3426 βάθους
3397 3356 3498 3426 τῆς
3528 3355 3689 3425 ψυχῆς

2118 3452 2318 3516 αὐτῶν,
2363 3450 2736 3506 καθάπτεσθαι
2775 3468 2837 3504 τε
2878 3449 2972 3503 καὶ
3011 3448 3331 3520 τιτρώσκειν
3377 3450 3440 3503 τὸ
3473 3449 3688 3502 ἑκάστου

428 3558 496 3597 ac
543 3545 898 3600 vulnerarent
947 3545 1386 3614 uniuscujusque
1426 3545 1822 3600 conscientiam
1857 3545 2014 3613 adeo,

2117 3546 2380 3609 συνειδὸς,
2409 3545 2712 3616 (ὓς-μηκέτι
2744 3544 2956 3613 στέγειν
2989 3544 3461 3615 ἀποκρύπτοντες,
3491 3545 3569 3606 είς
3594 3557 3687 3610 φα-

427 3643 490 3692 ιιι
510 3652 672 3693 nemo
700 3638 933 3707 amplius
951 3637 1230 3692 occultare
1266 3645 1471 3706 posset,
1509 3637 1606 3693 sed
1637 3639 2016 3709 unusquisque

426 3729 486 3783 in
514 3736 761 3800 apertum
787 3729 1075 3799 proferret,
1113 3730 1158 3784 si
1196 3729 1358 3799 cujus
1403 3729 1591 3784 arcani
1621 3731 1877 3786 conscius
1908 3732 2014 3787 sibi

425 3828 593 3886 esset,
626 3820 973 3890 iudicemque
1018 3837 1242 3876 suorqu
1296 3837 1419 3892 qua:
1467 3823 1616 3891 prius
1648 3821 2016 3878 commisisset

429 3911 784 3983 ﬂagitiorum,
819 3915 1061 3984 seipsum
1116 3923 1399 3985 prazstaret
1427 3934 1439 3970 :
1470 3917 1606 3971 tales
1653 3915 1782 3971 item
1821 3916 1915 3987 qui
1944 3916 2014 3972 ab

429 4003 540 4058 illis
564 4005 798 4058 instituti
824 4013 972 4069 sunt,
1006 4006 1168 4074 puris-
1192 4006 1400 4076 utique,
1441 4007 1783 4078 sincerisque
1814 4009 2014 4065 animis

427 4095 663 4168 praediti,
701 4103 761 4149 ut
795 4096 931 4150 nihil
978 4096 1035 4150 in
1084 4096 1194 4152 illis
1242 4097 1506 4162 simulati,
1557 4104 1651 4169 aut
1684 4097 2015 4154 fraudulenti

429 4185 627 4255 lateret
661 4205 674 4241 :
711 4186 809 4241 sed
837 4194 1029 4241 contra
1076 4187 1260 4258 potius
1315 4187 1419 4257 ipsi
1475 4188 1778 4245 mutatione
1800 4205 1830 4243 a
1859 4188 2013 4245 dete-

429 4280 578 4335 riore
600 4280 708 4333 vita
727 4281 794 4335 ad
824 4281 1128 4345 meliorem,
1159 4280 1526 4351 gloriarentur
1571 4289 1734 4353 atque
1771 4283 2015 4338 conﬁde-

431 4368 582 4428 rent:
615 4373 706 4444 qui
740 4374 907 4443 igitur
937 4374 1182 4445 magicos
1214 4374 1385 4429 libros
1418 4374 1800 4440 incenderunt,
1834 4386 1890 4430 et
1918 4392 2015 4430 ex-

430 4472 643 4520 ternam
692 4466 909 4521 illorum
965 4466 1326 4536 perditionem
1381 4467 1600 4537 publico
1644 4467 1854 4537 judicio
1913 4483 2014 4524 suo

430 4558 876 4627 comprobarunt,
910 4573 1011 4612 cur
1042 4574 1150 4612 non
1180 4557 1248 4612 de
1271 4558 1472 4627 seipsis
1503 4559 1643 4629 apud
1672 4575 1864 4615 omnes
1891 4576 2014 4615 cer-

430 4651 707 4705 tissimum
747 4652 976 4721 posthac
1006 4652 1289 4720 praebeant
1339 4660 1742 4722 argumentum,
1777 4655 1930 4709 nullo
1953 4670 2015 4711 se

432 4756 661 4812 prorsus
728 4743 1065 4812 magicarum
1142 4756 1327 4796 rerum
1385 4743 1571 4798 studio
1630 4730 1860 4798 teneri?
1915 4746 2013 4800 sed

432 4841 624 4887 contra
657 4834 860 4903 potius,
921 4850 987 4888 ex
1039 4835 1132 4888 illo
1169 4835 1285 4905 jam
1343 4850 1512 4905 puros
1555 4851 1615 4891 se
1651 4851 1796 4902 esse,
1839 4845 1893 4893 et
1944 4841 2013 4895 ab

2118 3638 2274 3710 νερὺν
2318 3637 2375 3692 δὲ
2420 3638 2575 3707 ἄγειν
2618 3639 2688 3692 τὰ
2736 3638 3047 3709 ἀπόρρητα,
3092 3636 3349 3707 ἐλέγχους
3401 3655 3465 3690 τε
3507 3635 3689 3696 αὐτοὺς

2114 3730 2323 3784 ἑαυτῶν
2356 3730 2449 3784 καὶ
2478 3731 2577 3801 τῆς
2610 3730 2884 3802 προτέρας
2911 3728 3090 3783 αὐτῶν
3120 3729 3426 3801 μοχθηρίας
3455 3727 3689 3799 ἀπεργά-

2116 3820 2336 3886 ζεσθαιο
2374 3820 2605 3875 τοιοῦτοι
2646 3822 2702 3874 δὲ
2739 3822 2905 3875 καὶοὶ
2936 3821 3071 3892 πρδς
3102 3820 3281 3873 αὐτῶν
3325 3819 3691 3892 μαθητευόμε-

2114 3932 2217 3983 vet,
2251 3913 2483 3987 καθαροὶ
2531 3916 2627 3968 καὶ
2673 3915 2885 3986 γνήσιοι
2930 3888 3045 3978 τὰς’
3077 3888 3369 3978 διαθέσεις,
3415 3888 3493 3977 ὼς
3538 3909 3690 3983 μηδὲν

2117 4004 2346 4059 ὓπουλον
2388 4007 2447 4060 ὲν
2494 4006 2676 4070 αὐτοῖς
2711 4003 3016 4068 λανθάνειν,
3049 4002 3476 4074 ἐνσεμνύνεσθαι
3509 4000 3566 4054 δὲ
3605 3999 3690 4054 καί

2113 4097 2588 4169 παρρησιάζεσθαι
2617 4098 2712 4152 ἐπὶ
2742 4099 2808 4168 τῇ
2840 4096 2948 4150 τῶν
2974 4096 3297 4168 κρειττόνων
3324 4095 3436 4149 ἀπὸ
3459 4093 3565 4147 τῶν
3594 4106 3691 4164 χει-

2116 4188 2285 4260 ρόνων
2330 4188 2620 4260 μεταϐολῇ,
2671 4190 2735 4242 Οἱ
2783 4188 2845 4259 δὴ
2896 4184 2991 4241 οὖν
3039 4188 3173 4259 πυρὶ
3223 4187 3560 4259 παραδόντες
3598 4183 3688 4244 τὰς

2119 4280 2364 4351 μαγικὰς
2409 4281 2644 4351 βίϐλους,
2680 4281 2774 4335 καὶ
2807 4281 3043 4352 παντελῆ
3076 4279 3282 4353 φθοράν
3322 4279 3506 4332 αὐτῶν
3533 4277 3691 4346 ψηφι-

2118 4374 2367 4445 σάμενοι,
2402 4374 2519 4438 πῶς
2559 4375 2660 4428 οὐκ
2705 4374 2773 4429 ἂν
2817 4371 2927 4427 εἷεν
2962 4372 3216 4444 πρόδηλοι
3250 4373 3362 4435 τοῖς
3391 4373 3579 4429 πᾶσιν,
3616 4368 3690 4421 ὅτι

2119 4467 2389 4539 μηδεμίαν
2452 4466 2626 4538 ἔχοιεν
2680 4466 2773 4520 τοῦ
2816 4464 3005 4519 λοιποῦ
3051 4466 3180 4538 περὶ
3222 4463 3480 4536 γοητείαν
3538 4475 3690 4514 σπου-

2114 4561 2231 4634 δὴν,
2285 4561 2515 4634 καθαροὶ
2559 4562 2616 4616 δὲ
2658 4561 2718 4629 ἐξ
2776 4560 2986 4615 ἐκείνου
3033 4561 3212 4631 πάσης
3244 4559 3341 4628 τῆς
3401 4555 3535 4628 περὶ
3579 4552 3692 4607 τος..

2114 4672 2209 4708 του
2257 4655 2511 4718 ὑπονοίας
2552 4655 2884 4724 ἐτύγχανον;
2935 4654 3064 4706 ’Ότε
3123 4653 3302 4707 τοίνυν
3360 4652 3412 4705 οἱ
3465 4648 3693 4721 μαθηταὶ

2114 4746 2208 4799 τοῦ
2255 4746 2508 4817 Σωτῆρος
2568 4744 2724 4816 ἡμῶν
2775 4744 3048 4814 πεφήνασι
3098 4741 3384 4811 γεγονότες
3436 4736 3691 4797 τοιούτου,

2115 4836 2233 4900 πῶς
2272 4838 2333 4890 οὐ
2379 4835 2514 4890 πολὺ
2554 4837 2818 4907 πρότερον
2869 4837 2899 4888 ό
2943 4833 3312 4899 Διδάσκαλος;
3361 4833 3429 4885 Εἰ
3461 4831 3519 4885 δὲ
3563 4830 3692 4888 ὅλως

431 4928 582 4982 omni
634 4927 905 4993 ejusmodi
937 4927 1258 4997 suspicione
1315 4928 1598 4983 remotos?
1627 4927 1685 4982 Si
1716 4943 1845 5000 ergo
1892 4930 2006 5001 jam

2117 4930 2222 4983 ἀπὸ
2274 4929 2383 4983 τῶν
2431 4904 2736 4999 γνωρίμων
2766 4927 2858 4981 τὸν
2891 4928 3222 4999 προστάτην,
3250 4923 3438 4989 ὁποῖός
3497 4939 3580 4987 τις
3610 4916 3692 4991 ἦν.

431 5027 649 5072 constat
704 5019 1003 5074 Salvatoris
1064 5021 1241 5074 nostri
1288 5019 1594 5090 discipulos
1646 5023 1784 5077 tales
1840 5025 2009 5079 exsti-

432 5110 588 5171 tisse,
649 5126 749 5164 cur
805 5126 917 5165 non
968 5111 1085 5181 ipse
1136 5109 1446 5180 Praeceptor
1488 5112 1591 5167 fuit
1640 5115 1810 5168 multo
1844 5116 2012 5169 ante?

438 5201 600 5271 129
627 5200 782 5267 Quod
836 5202 884 5259 si
925 5202 992 5256 de
1035 5202 1323 5273 discipulis
1351 5204 1568 5273 qualem
1621 5213 2011 5275 praeceptorem

432 5293 728 5349 habuerint
755 5294 837 5351 vis
870 5311 1226 5366 cognoscere,
1273 5297 1441 5353 habes
1485 5297 1649 5352 hodie
1677 5311 1895 5368 quoque
1923 5298 2011 5352 in-

435 5386 804 5441 numerabiles
838 5387 1125 5442 verborum
1154 5386 1285 5443 Jesu
1335 5388 1660 5458 discipulos,
1694 5404 1762 5443 ex
1810 5389 2011 5459 quibus

437 5476 659 5547 plurimi
693 5478 932 5532 virorum
959 5492 1262 5535 conventus
1286 5481 1580 5547 exsistunt,
1603 5480 1697 5551 qui
1732 5491 1845 5535 tum
1877 5494 2010 5536 con—

440 5577 525 5623 tra
563 5571 839 5627 naturales
867 5576 1114 5644 corporis
1144 5575 1451 5644 voluptates
1478 5574 1637 5645 quasi
1668 5574 1723 5629 in
1746 5574 1860 5628 acie
1887 5588 2015 5628 con-

509 5727 557 5760 "
575 5723 697 5783 Act.
730 5745 842 5797 xu,
881 5730 962 5785 19.

2118 5023 2292 5093 βούλει
2343 5019 2742 5089 διαγινώσκειν,
2807 5021 2950 5092 ἔχεις
2998 5019 3091 5073 τοῦ
3149 5018 3321 5090 Ἰησοῦ
3370 5017 3485 5071 τῶν
3531 5016 3693 5083 λόγων

2121 5111 2364 5185 μαθητὰς
2397 5112 2564 5165 εἰσέτι
2595 5111 2689 5166 νῦν
2726 5112 2969 5185 μυρίους,
3003 5104 3077 5164 ὧν
3110 5110 3335 5164 πλεῖστα
3367 5109 3470 5181 μὲν
3498 5104 3695 5179 ἀνδρῶν

2117 5206 2394 5275 τυγχάνει,
2462 5203 2640 5275 πλήθη
2703 5202 3172 5276 παραταξαμένων
3238 5205 3334 5275 μὲν
3408 5203 3549 5275 πρὸς
3607 5200 3697 5260 τὰς

2118 5298 2352 5368 φυσικὰς
2400 5297 2495 5352 τοῦ
2545 5298 2793 5370 σώματος
2842 5298 3055 5368 ἡδονὰς,
3104 5299 3344 5371 ἄτρωτον
3391 5298 3449 5350 δὲ
3482 5294 3577 5351 καὶ
3606 5294 3697 5362 τὴν

2116 5393 2351 5446 διάνοιαν
2386 5393 2581 5457 παντὸς
2613 5393 2836 5464 αίσχροῦ
2872 5392 3075 5456 πάθους
3108 5391 3484 5461 φυλαξάντων.
3519 5390 3588 5453 οἳ,
3611 5390 3697 5442 καὶ

2116 5482 2207 5535 τὸν
2240 5483 2416 5537 πάντα
2463 5482 2575 5554 βίον
2623 5487 2681 5538 ὲν
2730 5484 3024 5556 ἐγκρατείᾳ
3069 5483 3573 5554 καταγηράσαντες,
3606 5479 3696 5548 τῆς

2117 5577 2182 5629 ὲκ
2213 5574 2319 5628 τῶν
2349 5576 2520 5647 λόγων
2544 5576 2708 5633 αὐτοῦ
2757 5576 2962 5646 τροφῆς
2992 5575 3220 5648 λαμπρὰ
3249 5560 3528 5647 τεκμήρια
3561 5588 3696 5643 παρ·
