3880 6256
242 327 338 384 229

1116 316 1765 376 DEMONSTRATIONIS
1798 313 2257 370 EVANGEuCzE
2297 315 2424 372 LIB.
2468 317 2557 371 Ill.

3364 319 3472 376 250

239 444 543 514 εστήσαντο.
597 438 673 492 Οὐ
728 437 884 509 μόνον
912 436 969 490 δὲ
1006 433 1194 505 ἄνδρες
1232 432 1379 504 παρὰ
1411 430 1558 502 αὑτῷ
1611 429 1796 484 τοῦτον

1905 427 2124 491 sistant,
2162 435 2277 482 tum
2322 438 2554 484 mentem
2601 429 2671 484 ab
2700 428 2846 485 omni
2881 429 3062 485 minus
3088 430 3319 486 honesta
3349 448 3470 502 per-

240 528 579 603 φιλοσοφοῦσι
624 529 718 581 τὸν
757 528 988 599 τρόπον,
1053 524 1187 579 ἀλλὰ
1236 524 1331 578 καὶ
1380 520 1651 592 γυναικῶν
1696 519 1802 573 οὐδ’

238 627 373 679 ἔστιν
405 624 583 675 εἰπεῖν
605 621 727 674 ὅσαι
752 617 1005 691 μυριάδες
1026 616 1145 670 καθ’
1178 616 1304 687 ὅλης
1336 616 1432 686 τῆς
1464 613 1802 683 οἰκουμένης,

237 710 316 767 οἷά
359 729 506 774 τινες
561 709 756 781 ἱέρειαι
787 708 879 761 τοῦ
911 708 1017 761 τῶν
1050 706 1184 761 ὅλων
1216 704 1372 768 Θεοῦ,
1418 703 1517 775 τὴν
1548 702 1805 756 ἀνωτάτω

241 807 418 873 σοφίαν
442 803 853 873 άσπασάμεναι,
888 800 1135 871 οὐρανίου
1168 817 1227 852 τε
1263 797 1452 866 σοφίας
1498 796 1659 868 ἔρωτι
1704 795 1802 868 λη-

240 897 462 967 φθεῖσαι,
497 893 609 946 τῶν
657 892 755 963 μὲν
789 892 986 963 σαρκὸς
1021 890 1255 959 ἐγγόνων
1284 889 1577 960 ὴλότησανν
1628 887 1803 957 ψυχῆς

241 991 292 1043 δὲ
321 991 495 1042 πᾶσαν
528 985 841 1056 ἐπιμέλειαν
871 985 1241 1053 πεποιηκυῖαι,
1286 982 1412 1045 ὅλας
1457 980 1625 1043 αὑτάς
1657 978 1804 1049 αὑτῷ

245 1082 438 1151 σώματι
471 1079 567 1132 καὶ
597 1077 739 1147 ψυχῇ
774 1075 851 1146 τῷ
884 1073 1215 1144 παμϐασιλεῖ
1244 1075 1338 1127 καὶ
1382 1071 1500 1143 Θεῷ
1530 1070 1639 1125 τῶν
1668 1071 1802 1123 ὅλων

242 1169 660 1228 ἀνατεθείκασιν,
693 1166 911 1234 ἁγνείαν
935 1164 1171 1235 παντελῆ
1197 1165 1290 1218 καὶ⁵
1311 1163 1609 1234 παρθενίαν
1630 1162 1801 1232 ἀσκή-

244 1259 443 1312 σατθαι.
496 1257 634 1310 Ἕνα
677 1255 775 1326 μὲν
818 1251 910 1307 οὖν
958 1255 1252 1328 μηλοϐότον
1301 1253 1662 1309 καταλιπόντα
1704 1253 1802 1323 τὴν

247 1351 421 1405 ἑαυτοῦ
455 1351 638 1422 χώραν
672 1348 942 1420 προφάσει
975 1348 1288 1417 φιλοσοφίας
1315 1348 1534 1415 ἄγουσιν
1571 1341 1671 1401 ὧδε
1703 1348 1802 1400 κά-

245 1444 381 1494 κεῖτε
428 1438 815 1511 περιφέροντες
874 1435 1137 1507 Ἑλλήνων
1196 1437 1399 1499 παῖδες*
1466 1435 1800 1506 Δημόκριτος

246 1532 410 1593 αὐτοῖς
439 1524 591 1593 οὗτος
623 1525 711 1600 ἦν·
748 1530 843 1583 καὶ
874 1523 1097 1600 Κράτης
1140 1523 1224 1591 εἷς·
1264 1530 1394 1598 παρ’
1445 1529 1624 1591 αὐτοῖς
1673 1528 1801 1581 θαυ-

248 1621 480 1690 μάζεται,
514 1621 599 1671 ὅτι
631 1618 717 1690 δὴ,
767 1618 864 1689 τὴν
909 1619 1096 1672 οὐσίαν
1140 1617 1450 1671 καταλιπὼν
1493 1620 1605 1682 τοῖς
1648 1618 1798 1671 πολί-

240 1728 369 1773 ταις,
382 1711 537 1774 αὐτὸς
568 1712 778 1775 ἑαυτὸν,
800 1709 1022 1781 Κράτης
1043 1710 1324 1781 Κράτητα,
1343 1708 1633 1782 ἠλευθέρου
1667 1726 1800 1780 κομ-

1908 520 2222 575 turbatione
2266 521 2655 577 invulneratam
2688 531 3041 589 conservent;
3071 523 3309 594 quicum
3352 540 3469 579 om-

1905 629 2029 668 nem
2061 629 2215 669 suam
2242 617 2407 669 vitam
2443 631 2616 686 usque
2650 615 2717 670 ad
2746 624 3076 671 senectutem
3108 615 3472 672 continentis-

1906 705 2043 759 sime
2066 706 2300 776 egerint,
2328 706 2690 762 institutionis
2720 722 2840 776 quae
2869 706 2936 762 de
2975 707 3157 762 verbis
3191 707 3339 761 illius
3367 710 3469 761 hac

1904 794 2019 849 beri
2043 798 2233 859 soleat,
2260 798 2562 853 certissima
2592 808 2904 867 argumenta
2928 806 3187 869 praestare
3211 805 3465 868 possunt.

1903 884 2088 956 Neque
2128 889 2229 943 viri
2284 891 2459 945 solum
2502 891 2603 945 sub
2642 892 2735 945 illo
2767 892 2906 945 duce
2955 891 3021 945 ad
3053 891 3197 947 hunc
3241 893 3464 946 modum

1903 980 2372 1049 philosophantur,
2417 983 2510 1038 sed
2561 983 2881 1038 feminarum
2923 1000 3138 1054 quoque
3173 990 3251 1039 tut
3293 980 3482 1039 millia

1903 1087 2000 1141 per
2030 1080 2201 1127 totum
2231 1074 2440 1138 orbem,
2486 1082 2547 1129 ut
2579 1090 2741 1144 quam
2772 1076 2940 1128 multa
2975 1076 3085 1129 sint
3129 1090 3235 1129 non
3274 1075 3466 1130 dicen-

1901 1162 2030 1217 dum
2058 1180 2180 1220 esse
2212 1165 2480 1229 videatur,
2509 1181 2629 1235 qua:
2675 1166 2830 1235 quasi
2873 1166 3118 1236 quaedam
3151 1166 3463 1223 sacerdotes

1902 1254 2070 1311 Deum
2092 1256 2327 1312 universi
2354 1258 2614 1322 colentes,
2630 1274 2690 1312 su
2698 1272 3046 1327 premamque
3065 1257 3461 1327 philosophiam

1901 1346 2180 1414 amplexae,
2232 1353 2395 1413 atque
2445 1360 2630 1399 amore
2673 1346 2912 1401 cmlestis
2957 1347 3235 1415 sapientiae
3269 1358 3458 1415 capue,

1898 1433 2067 1501 prolis
2100 1431 2318 1500 quidem
2362 1449 2425 1488 ac
2470 1434 2787 1498 liberorum,
2833 1443 3017 1504 utpote
3046 1437 3139 1506 qui
3164 1437 3231 1491 ad
3264 1453 3462 1507 corpus

1899 1522 2227 1590 pertineant,
2263 1524 2466 1577 nullam
2504 1524 2707 1580 habent
2750 1527 3034 1589 rationem,
3067 1528 3301 1581 animam
3332 1543 3462 1584 vero

1899 1613 2045 1665 omni
2067 1612 2345 1683 diligentia
2374 1627 2647 1677 curantes,
2675 1623 2816 1670 tozas
2847 1618 3056 1688 seipsas
3083 1620 3201 1687 ipso
3233 1633 3461 1689 corpore

1900 1711 2064 1772 atque
2085 1704 2286 1768 animo,
2319 1705 2433 1774 regi
2464 1708 2706 1759 omnium
2739 1708 3084 1778 universique
3113 1707 3221 1764 Deo
3242 1709 3460 1765 dedica-

240 1801 437 1866 πάξων·
481 1808 531 1857 ot
571 1806 632 1860 δὲ
668 1802 777 1858 τῶν
815 1804 989 1876 Ἰησοῦ
1022 1780 1192 1872 λόγων
1225 1803 1462 1875 ζηλωταὶ
1496 1780 1676 1875 μυρίοι
1706 1804 1796 1859 τὸν

1902 1803 2054 1861 runt,
2086 1803 2143 1849 ut
2177 1796 2257 1850 sic
2293 1796 2504 1867 integra
2535 1807 2901 1871 perpetuaque
2928 1802 3179 1857 castitate
3206 1818 3270 1857 ac
3298 1805 3460 1873 virgi-

239 1894 477 1964 ἀριθμὺν,
512 1893 625 1948 ἀλλ’
658 1895 757 1966 οὐχ
788 1890 867 1958 εἷς
898 1894 1018 1948 οὐδὲ
1047 1893 1159 1958 δύο,
1192 1894 1291 1958 τὰς
1324 1895 1543 1965 κτήσεις
1574 1895 1798 1947 ἀποπω-

240 1985 505 2056 λήσαντες,
538 1985 736 2055 πένησι
768 1986 862 2040 κα)⁵
880 1986 1083 2039 ὲνδεέσι
1116 1984 1564 2058 μεταδεδώκασιν,
1598 1979 1673 2039 ὧν
1705 1986 1798 2039 καὶ

237 2077 382 2129 αὐτοὶ
409 2075 744 2147 τυγχάνομεν
780 2075 1070 2148 μάρτυρες,
1106 2075 1488 2147 συγγενόμενοι
1516 2076 1793 2141 τοιούτοις,

238 2166 329 2219 καὶ
368 2166 548 2229 αὐτοῖς
592 2165 794 2238 ἔργοις,
847 2166 961 2220 ἀλλ’
1008 2167 1067 2220 οὐ
1102 2165 1282 2235 λόγοις
1325 2166 1504 2237 μόνοις
1548 2167 1648 2236 τῆς
1700 2167 1795 2222 τοῦ

249 2257 413 2328 Ἰησοῦ
460 2257 756 2329 μαθητείας
815 2258 1112 2322 συνιδόντες
1151 2257 1219 2310 τὰ
1268 2257 1681 2331 κατορθώματα.
1731 2260 1796 2313 Τί

235 2350 339 2421 χρὴ
381 2350 577 2419 λέγειν,
612 2351 809 2405 ὁπόσαι
856 2349 1110 2423 μυριάδες
1141 2350 1236 2403 κα)⁸
1279 2349 1456 2404 αὐτῶν
1490 2349 1794 2422 βαρϐάρων,

231 2444 351 2513 οὐχὶ
376 2443 431 2509 δὲ
464 2442 624 2514 μόνον
660 2442 947 2513 Ἑλλήνων,
982 2441 1172 2497 ἐκτῶν
1211 2439 1382 2513 Ἰησοῦ
1415 2440 1586 2511 λόγων
1618 2444 1797 2497 πᾶσαν

238 2534 335 2605 μὲν
376 2533 751 2607 ὑπερεκκύψαι
787 2533 1042 2587 πολύθεον
1088 2533 1315 2603 πλάνην,
1348 2533 1438 2588 τὸν
1479 2532 1537 2587 δὲ
1568 2533 1798 2606 Σωτῆρα

233 2626 327 2679 καὶ
354 2626 681 2698 δημιουργὸν
710 2626 862 2680 τοῦδε
883 2625 975 2680 τοῦ
998 2627 1217 2692 παντὸς,
1249 2627 1406 2697 μόνον
1438 2626 1631 2682 εἰδέναι
1663 2627 1796 2682 Θεὸν

234 2716 645 2789 ἑμαρτύρησαν;
679 2716 737 2771 ὃν
767 2717 933 2771 πάλαι
966 2715 1266 2785 φιλοσόφων
1298 2712 1378 2780 εἷς
1413 2716 1569 2788 μόνος
1595 2718 1624 2770 ό
1654 2716 1796 2770 Πλά-

232 2824 339 2861 των
367 2808 540 2873 είδὼς,
593 2811 673 2873 είς
706 2809 914 2872 πάντας
959 2807 1209 2879 ἐκφέρειν
1252 2806 1520 2878 ὡμολόγει
1555 2808 1629 2879 μὴ
1675 2806 1796 2860 τολ-

238 2902 360 2972 μᾷν,
406 2901 695 2975 διαρρήδην
742 2903 981 2972 φάσκωνυ
1005 2922 1024 2955 ι
1049 2903 1152 2956 Τὸν
1186 2904 1282 2974 μὲν
1324 2897 1417 2956 οῦν
1450 2901 1658 2972 πατέρα
1701 2900 1795 2954 καὶ

235 2991 549 3065 δημιουργὸν
588 2992 741 3047 τοῦδε
784 2994 877 3047 τοῦ
925 2993 1121 3058 παντὸς
1166 2994 1345 3064 εὑρεῖν
1384 3010 1444 3046 τε
1486 2992 1667 3064 ἔργον,
1701 2993 1794 3047 καὶ

236 3084 452 3156 εὑρόντα
482 3088 564 3150 είς
595 3085 806 3150 πάντας
827 3084 1082 3139 ἀδύνατον
1114 3084 1310 3154 λέγειν.
1354 3104 1373 3137 ›
1410 3084 1569 3138 Ἀλλὰ
1601 3085 1793 3155 ἐκείνῳ

240 3175 333 3244 μὲν
363 3177 451 3231 καὶ
482 3177 640 3248 ἔργον
672 3178 850 3249 εὑρεῖν
890 3176 1062 3231 ὲδόκει
1094 3177 1155 3230 τὸ
1198 3178 1448 3248 πρᾶγμα,
1496 3176 1590 3231 καὶ
1620 3172 1687 3249 ἦν
1718 3177 1794 3241 ὡς

237 3266 438 3338 άληθῶς
473 3270 730 3338 μέγιστον
754 3285 770 3300 ·
806 3268 1064 3324 ἀδύνατον
1104 3269 1161 3324 δὲ
1191 3267 1259 3339 ἦν
1290 3269 1438 3340 αὐτῷ
1489 3269 1665 3337 λέγειν
1714 3271 1794 3334 είς

236 3354 449 3417 πάντας,
479 3356 561 3408 ὅτι
597 3355 671 3427 μὴ
703 3358 882 3426 παρῆν
926 3356 1073 3427 αὐτῷ
1117 3356 1351 3427 τοσαύτη
1389 3374 1471 3420 τις
1514 3357 1793 3423 εὐσεϐείας

236 3442 467 3514 δύναμις,
500 3447 601 3518 ὅση
632 3450 744 3511 τοῖς
775 3447 948 3519 Ἰησοῦ
1019 3446 1305 3519 μαθηταῖς,
1339 3441 1419 3511 οἷς
1450 3446 1538 3501 διὰ
1569 3448 1667 3518 τῆς
1699 3447 1793 3501 τοῦ

239 3535 550 3591 summa
602 3539 885 3610 συνεργίας
940 3539 1031 3592 τὸν
1070 3539 1283 3611 πατέρα
1333 3539 1426 3593 καὶ
1468 3538 1794 3611 δημιουργὸν

240 3627 340 3679 τῶν
367 3628 495 3683 ὅλων
526 3631 707 3701 εὑρεῖν
738 3646 796 3683 τε
829 3629 924 3684 καὶ
972 3629 1175 3698 γνῶναι
1221 3630 1402 3701 ῥᾴδιον
1445 3628 1654 3698 γέγονε,
1702 3631 1795 3685 καὶ

240 3719 476 3790 εὑροῦσιν
505 3723 586 3783 εἰς
608 3723 715 3775 πᾶν
736 3721 889 3791 γένος
910 3720 1209 3791 ἀνθρώπων
1241 3719 1565 3790 ἐξενεγκεῖν,
1599 3722 1795 3775 ἀνακα-

243 3809 389 3879 impar
435 3830 495 3866 τε
539 3813 633 3866 καὶ
676 3813 980 3885 πληρῶσαι,
1028 3816 1123 3869 καὶ
1182 3811 1415 3884 κηρύξαι
1469 3811 1565 3882 τὴν
1596 3811 1793 3881 γνῶσιν

247 3904 411 3963 πᾶσιν,
444 3902 583 3957 ὥστε
615 3906 681 3958 ἐκ
710 3904 806 3975 τῆς
837 3905 1015 3958 αὐτῶν
1047 3905 1269 3958 ἐκείνων
1312 3902 1655 3966 διδασκαλίας
1681 3906 1794 3957 είσ-

243 3991 313 4044 ἐτι
353 3993 442 4048 νῦν
482 3993 624 4049 κατὰ
665 3995 756 4049 τὸν
803 3997 1045 4068 παρόντα
1088 3995 1282 4069 καιρὸν
1303 3997 1361 4049 ἐν
1390 3993 1530 4057 ὅλοις
1559 3997 1671 4058 τοῖς
1703 3997 1794 4048 ἐπὶ

249 4087 338 4157 γῆς
356 4087 524 4141 ἔθνεσι
560 4086 727 4159 μυρία
758 4086 933 4159 πλήθη
966 4088 1026 4141 οὐ
1072 4089 1227 4160 μόνον
1273 4087 1500 4159 ἀνδρῶν,
1532 4087 1668 4144 ἀλλὰ
1699 4088 1795 4142 καὶ

248 4179 519 4245 γυναικῶν,
553 4180 647 4233 καὶ
681 4178 904 4245 παίδων,
930 4178 1152 4234 οἰκετῶν
1181 4195 1241 4232 τε
1266 4179 1361 4232 καὶ
1391 4180 1682 4251 ἀγροίκων,
1706 4196 1794 4233 το-

250 4270 414 4324 σοῦτον
442 4271 520 4343 τῷ
549 4269 645 4325 τοῦ
677 4270 959 4335 Πλάτωνος
993 4269 1067 4342 μὴ
1088 4270 1387 4337 πείθεσθαι,
1421 4272 1496 4337 ὡς
1527 4273 1618 4326 τὸν
1646 4290 1794 4344 ποιη-

245 4362 327 4434 τὴν
372 4365 465 4418 καὶ
510 4364 838 4435 δημιουργὸν
879 4363 1031 4417 τοῦδε
1068 4363 1163 4417 τοῦ
1205 4365 1404 4429 παντὸς
1446 4365 1603 4436 μόνον
1660 4366 1790 4419 Θεὸν

245 4454 528 4525 γνωρίζειν,
550 4455 646 4507 καὶ
677 4455 833 4525 μόνον
865 4454 1062 4519 σέϐειν,
1097 4456 1191 4509 καὶ
1222 4457 1380 4527 μόνον
1410 4435 1499 4510 διὰ
1529 4456 1623 4510 τοῦ
1656 4456 1790 4528 Χρι-
1819 4435 1865 4491 D

245 4544 354 4598 στοῦ
396 4544 681 4614 θεολογεῖν.
733 4544 894 4599 Ταῦτ’
934 4541 1003 4617 ἦν
1034 4546 1127 4599 τοῦ
1162 4547 1282 4600 νέου
1315 4548 1409 4602 καὶ
1439 4548 1623 4602 καινοῦ
1659 4548 1789 4620 γόη-

240 4652 319 4699 τος
345 4636 410 4691 τά
440 4635 859 4708 κατορθώματα·
893 4637 1116 4691 τοιαῦτα
1145 4638 1238 4690 τοῦ
1271 4636 1622 4709 νομιζομένου
1655 4639 1789 4693 πλά-

234 4745 320 4789 νου
343 4728 408 4783 τά
438 4728 807 4800 γοητεύματα’
844 4728 938 4782 καὶ
968 4728 1156 4782 τοιοίδε
1194 4730 1241 4781 οἱ
1274 4730 1366 4782 τοῦ
1405 4730 1577 4801 Ἰησοῦ
1617 4730 1790 4801 μαθη-

238 4823 331 4875 ταὶ.
348 4822 433 4892 ἀφ’
450 4815 524 4876 ὧν
539 4820 622 4874 δεῖ
633 4821 722 4876 τὸν
737 4819 1053 4874 διδάσκαλον
1068 4820 1267 4884 ὁποῖός,
1282 4836 1363 4883 τις
1383 4816 1451 4891 ἦν
1483 4820 1784 4892 γνωρίζειν.

1896 1887 2063 1941 nitate
2090 1886 2406 1957 fungantur.
2448 1890 2510 1943 Et
2539 1888 2710 1945 Graeci
2761 1892 2978 1962 quidem
3020 1908 3144 1957 eum
3188 1895 3281 1964 qui
3327 1896 3457 1949 olim

1890 1978 2191 2049 jactatione
2223 1982 2581 2052 philosophia:
2612 1985 2885 2054 regionem
2926 2002 3080 2041 suam
3111 1987 3181 2041 ab
3208 1988 3458 2043 hostibus

1895 2071 2275 2142 depopulatam
2310 2082 2471 2145 atque
2523 2085 2786 2131 vastatam
2837 2080 3070 2149 reliquit,
3122 2083 3301 2137 verbis
3350 2083 3458 2137 huc

1896 2171 2057 2234 atque
2086 2166 2214 2220 illuc
2240 2167 2635 2223 circumferunt
2661 2180 2821 2240 atque
2848 2174 3133 2247 extollunt.
3182 2172 3459 2230 Democri-

1899 2261 1988 2309 tus
2026 2256 2117 2310 hic
2148 2265 2232 2313 est
2266 2257 2406 2328 apud
2433 2258 2577 2324 illos,
2608 2268 2661 2315 et
2684 2261 2874 2318 Crates
2900 2279 3042 2318 unus
3063 2265 3203 2335 apud
3236 2264 3455 2321 eosdem

1895 2344 2257 2401 admiratione
2286 2345 2482 2415 dignus
2512 2356 2754 2418 putatur,
2789 2351 2953 2420 quod,
2990 2368 3051 2408 re
3080 2368 3177 2406 sua
3200 2352 3455 2409 familiari

1894 2432 2107 2489 civibus
2153 2434 2271 2488 suis
2302 2436 2514 2500 relicta,
2555 2437 2673 2507 ipse
2698 2439 2937 2508 seipsum
2965 2440 3156 2496 Crates
3182 2443 3454 2497 Cratetem

1894 2522 1952 2578 in
1987 2524 2293 2580 libertatem
2324 2525 2630 2584 vindicasse
2656 2529 2961 2599 jactaverit.
2985 2532 3055 2585 At
3081 2533 3223 2586 enim
3260 2534 3451 2588 verbo—

1895 2630 2018 2670 rum
2062 2615 2193 2672 Jesu
2231 2619 2576 2676 aemulatores
2632 2621 3081 2688 innumerabiles,
3117 2640 3227 2679 non
3273 2634 3454 2681 autem

1893 2725 2038 2766 unus
2062 2710 2324 2765 duntaxat
2354 2712 2575 2780 alterve,
2606 2713 2904 2769 divenditas
2926 2717 3300 2784 possessiones
3322 2731 3458 2786 pau-

1893 2803 2114 2872 peribus
2160 2813 2321 2873 atque
2363 2804 2733 2874 indigentibus
2786 2806 3214 2876 impertiverunt,
3255 2807 3456 2878 quibus

1892 2892 2054 2947 etiam
2095 2906 2196 2947 nos
2226 2899 2395 2946 testes
2435 2892 2718 2956 adsumus,
2745 2894 2839 2964 qui
2868 2892 3066 2948 versati
3101 2908 3289 2948 sumus
3329 2907 3452 2947 cum

1893 2983 2115 3047 talibus,
2145 2984 2347 3055 quique
2374 2983 2555 3049 factis,
2585 2984 2781 3040 nedum
2815 2985 3013 3049 verbis,
3038 3001 3223 3040 eorum
3251 2983 3453 3049 olﬁcio-

1894 3088 2015 3128 rum
2040 3074 2165 3129 facti
2188 3076 2415 3142 conscii,
2438 3092 2559 3146 quas
2591 3076 2667 3130 illi
2698 3077 2751 3129 in
2776 3073 2903 3130 Jesu
2933 3075 3219 3146 disciplina
3243 3074 3455 3145 praesti-

1895 3167 2078 3221 terint.
2099 3164 2366 3221 Caeterum
2395 3165 2525 3236 quid
2545 3182 2628 3221 me
2648 3173 2859 3236 oportet
2879 3165 3079 3230 dicere,
3100 3182 3262 3237 quam
3284 3166 3455 3220 multa

1893 3257 2062 3311 millia
2086 3258 2246 3313 etiam
2272 3257 2555 3311 hominum
2580 3258 2951 3324 barbarorum,
2983 3273 3090 3312 non
3118 3257 3277 3311 modo
3304 3256 3454 3312 Grai:-

1894 3363 2102 3412 corum,
2136 3364 2201 3404 ex
2246 3349 2531 3420 praeceptis
2566 3347 2693 3404 Jesu
2739 3364 2953 3403 omnem
2997 3349 3209 3403 colendi
3252 3349 3455 3405 multos

1893 3439 2023 3496 deos
2050 3455 2294 3496 errorem
2322 3441 2683 3495 transiiierint
2701 3448 2861 3510 atque
2882 3440 3250 3509 despexerint,
3277 3450 3329 3494 et
3353 3440 3456 3495 bu-

1888 3532 1981 3603 jus
2013 3533 2255 3585 universi
2286 3541 2562 3602 parentem
2598 3541 2756 3602 atque
2783 3532 3029 3601 opiﬁcem
3072 3530 3239 3585 Deum
3282 3546 3453 3585 unum

1894 3639 1953 3680 se
1978 3638 2272 3694 agnoscere
2285 3622 2707 3677 aﬁirmaverint?
2725 3622 2894 3688 Quem
2915 3624 3260 3692 antiquorum
3282 3622 3457 3690 philo-

1893 3714 2187 3785 SOphorum
2214 3715 2303 3767 vix
2327 3730 2470 3768 unus
2494 3713 2649 3768 Plato
2677 3728 2798 3769 cum
2823 3714 3185 3784 cognovisset.
3216 3728 3325 3766 non
3355 3726 3457 3768 au-

1893 3804 2019 3859 dere
2051 3819 2111 3859 se
2142 3802 2333 3858 eﬁ‘erre
2359 3803 2413 3856 in
2437 3818 2625 3858 omnes
2651 3803 2825 3872 palam
2850 3801 3130 3874 professus
3157 3809 3261 3865 est,
3295 3802 3455 3871 plane

1895 3895 2191 3955 allirmans,
2232 3912 2250 3945 ι
2292 3901 2567 3964 parentem
2605 3894 2821 3964 quidem
2860 3902 3021 3963 atque
3051 3893 3298 3963 opiﬁcem
3330 3892 3453 3947 uni-

1891 3987 2035 4043 versi
2050 3986 2232 4057 hujus,
2244 3994 2296 4040 et
2311 3986 2550 4040 invenire
2565 3985 2778 4040 difﬁcile
2791 4000 2932 4047 esse,
2949 3995 3139 4040 etcum
3157 3984 3449 4049 inveneris,

1892 4082 2048 4152 prodi
2063 4081 2118 4135 in
2136 4082 2329 4151 vulgus
2342 4095 2448 4134 non
2467 4094 2648 4149 posse.
2661 4095 2678 4127 ι
2691 4078 2891 4134 Verum
2916 4079 2989 4133 illi
3013 4079 3226 4149 quidem
3240 4092 3293 4133 et
3306 4079 3455 4135 inve-

1892 4173 2011 4227 nire
2038 4170 2269 4226 diﬁicilis
2284 4171 2401 4225 visa
2429 4178 2513 4224 est
2532 4184 2621 4224 res
2652 4175 2705 4223 et
2748 4184 2936 4224 revera
2966 4168 3155 4239 ingens
3180 4171 3453 4239 negotium

1892 4276 1996 4324 est.
2015 4268 2082 4323 At
2117 4281 2249 4321 vero
2292 4264 2433 4319 idem
2462 4263 2738 4333 publicare
2761 4262 2815 4315 in
2835 4276 3042 4323 omnes.
3064 4262 3456 4329 enuntiarcque

1898 4361 2172 4433 130nm
2188 4361 2381 4431 potuit,
2400 4363 2683 4426 propterea
2701 4354 2846 4425 quod
2864 4370 2968 4408 non
2983 4361 3134 4407 tanta
3153 4353 3227 4407 illi
3241 4353 3454 4424 pietatis

1892 4471 2019 4526 erga
2042 4453 2209 4509 Deum
2236 4452 2320 4508 vis
2340 4451 2547 4512 aderat,
2564 4457 2763 4520 quanta
2777 4445 2907 4502 Jesu
2925 4447 3228 4517 discipulis,
3257 4447 3455 4516 quibus

1893 4560 1995 4615 ope
2038 4544 2347 4612 auxilioque
2372 4539 2753 4611 pmceptoris,
2783 4545 3061 4607 parentem
3100 4534 3455 4605 opiﬁcemquc

1894 4636 2220 4697 universi,et
2252 4631 2515 4694 invenire,
2531 4640 2583 4685 et
2600 4643 2913 4700 agnoscere,
2931 4627 3270 4680 illaboratum
3296 4639 3361 4678 ac
3375 4622 3457 4678 fa-

1894 4731 1997 4786 cile
2009 4728 2234 4797 contigit
2251 4742 2264 4791 ;
2281 4733 2335 4780 et
2351 4733 2636 4795 postquam
2656 4721 2996 4782 invenerunt,
3014 4718 3174 4772 etiam
3192 4714 3380 4770 efferre
3399 4714 3456 4769 in

1895 4834 2057 4875 omne
2088 4831 2258 4888 genus
2290 4813 2590 4875 hominum,
2621 4806 2957 4878 prodereque
2989 4813 3042 4859 et
3088 4802 3377 4873 complere,
3404 4810 3458 4856 et

238 4913 436 4981 publice
448 4913 734 4969 enuntiare
753 4913 1003 4967 omnibus
1025 4912 1166 4982 quod
1185 4921 1567 4982 cognoverant,
1589 4914 1723 4967 azieo
1743 4913 1981 4984 quidem,
2002 4918 2059 4964 ut
2080 4924 2143 4964 ex
2169 4907 2382 4962 illorum
2400 4902 2684 4970 disciplina
2702 4914 2875 4969 usque
2898 4898 2952 4950 in
2967 4910 3205 4966 praesens
3220 4900 3455 4984 tempus,

237 5020 324 5073 per
351 5018 540 5061 omnes
588 5019 713 5076 quae
771 5014 899 5059 sunt
954 5005 1010 5058 in
1044 5004 1173 5058 orbe
1206 5013 1474 5060 terrarum
1533 5012 1742 5074 gentes,
1766 4983 2082 5059 conventus
2134 4994 2593 5056 innumerabiles,
2642 5007 2751 5046 non
2810 4990 3052 5043 virorum
3103 4983 3459 5086 s-olum..8tfd

235 5100 386 5152 etiam
440 5075 796 5162 feminarum,
834 5105 890 5152 et
942 5112 1258 5167 puerorum,
1310 5104 1364 5150 et
1409 5110 1712 5162 servorum,
1744 5105 1798 5150 et
1838 5096 2131 5167 agrestium
2183 5088 2488 5147 hominum,
2554 5091 2762 5136 tantum
2810 5081 2971 5143 absit,
3040 5085 3101 5131 ut
3127 5075 3336 5167 Platoni
3364 5075 3460 5128 oh-

236 5192 522 5260 temperent
551 5197 647 5244 aut
689 5188 914 5243 credant
931 5166 958 5252 ,ί
977 5196 1038 5241 ut
1093 5194 1390 5251 auctorem,
1460 5185 1813 5257 Opiﬁcemque
1851 5166 2089 5240 universi
2121 5178 2307 5249 hujus,
2373 5175 2549 5230 solum
2593 5171 2762 5225 Deum
2801 5175 3117 5268 agnoscant,
3149 5166 3326 5267 solum
3365 5177 3462 5218 co“

236 5258 361 5345 lant,
400 5282 468 5339 de
500 5282 621 5335 solo
646 5294 746 5351 per
787 5278 1090 5340 Christum,
1154 5284 1215 5331 ut
1254 5277 1322 5331 de
1374 5275 1484 5330 Deo
1516 5277 1826 5347 loquantur.
1863 5275 1931 5330 Hi
1961 5281 2091 5329 sunt
2122 5271 2249 5327 novi
2283 5266 2445 5336 hujus
2486 5279 2581 5357 ac;
2613 5262 2849 5357 recentis
2877 5258 3288 5357 prmstigialoris
3336 5269 3462 5357 suc-

236 5384 413 5426 cessus
450 5390 462 5425 :
497 5371 629 5424 talia
648 5346 804 5438 eius,
839 5369 934 5439 qui
999 5366 1347 5422 existimatur
1397 5346 1653 5423 seductor
1708 5369 2131 5429 incantamenta,
2198 5360 2441 5429 talesque
2482 5355 2656 5427 ipsius
2688 5350 2816 5409 Jesu
2863 5349 3139 5421 discipuli,
3168 5347 3237 5403 de
3263 5346 3461 5417 quibus

231 5470 525 5532 pizeceptor
556 5461 742 5532 qualis
777 5460 938 5515 fuerit
964 5459 1220 5528 cognosci
1246 5459 1462 5514 debeat.
3311 5476 3313 5479 ί

297 5528 422 5625 Φέρε
456 5554 502 5608 δ’
535 5528 641 5615 ἔτι,
674 5566 770 5604 και
810 5548 982 5622 ταύτῃ
1007 5549 1098 5603 τὸν
1127 5547 1282 5617 λόγον
1301 5548 1788 5621 διερευνησώμεθα.

1964 5548 2233 5604 Caeterum
2264 5543 2369 5599 alia
2404 5555 2623 5612 quoque
2642 5539 2872 5595 ratione.
2905 5535 2960 5590 id
2982 5533 3049 5590 de
3070 5546 3180 5604 quo
3201 5528 3460 5599 quaeritur

238 5621 394 5717 Γόητα
417 5648 528 5718 φῂς
558 5643 749 5709 αὐτὸν,
774 5636 821 5696 ὧ
860 5634 1033 5705 οὗτος·
1071 5640 1207 5694 ἀλλὰ
1238 5642 1333 5694 καὶ
1364 5642 1657 5713 φαρμακέα
1684 5641 1791 5695 δει-

1896 5639 2195 5695 videamus.
2235 5634 2691 5704 Praestigiatorem
2736 5644 2868 5684 sane
2900 5627 3051 5682 illum
3078 5623 3217 5679 dicis
3243 5621 3409 5675 fuisse
3444 5638 3455 5671 :

240 5738 315 5793 νὺν
343 5740 434 5795 καὶ
458 5735 760 5794 ἀπατεῶνα
804 5733 1005 5800 καλεῖς.
1060 5727 1185 5807 'Ap‘
1228 5726 1321 5788 οὖν
1373 5731 1585 5806 πρῶτος
1629 5731 1789 5798 αὐτὸς

1896 5728 2191 5799 quinetiam
2219 5725 2521 5783 veneﬁcum
2552 5721 2964 5781 callidissimum
3008 5721 3461 5787 deceptoremque
