3880 6256
449 291 547 347 231

1107 285 1372 342 EUSEBI‘I
1421 285 1902 342 CESARIENSIS
1942 286 2092 344 OPP.
2126 287 2326 344 PARS.
2369 288 2437 345 ll.
2475 318 2550 336 ο·-
2584 287 3082 346 APOLOGETICA.

3594 291 3688 348 232

450 420 634 458 vocas.
670 401 942 472 Numquid
981 402 1145 472 igitur
1171 399 1382 470 primus
1412 399 1503 453 ille
1527 409 1582 454 et
1621 399 1773 454 solus
1804 399 2027 468 hujusce

2137 401 2229 454 καὶ
2259 400 2417 470 μόνος
2449 400 2676 472 εὑρετὴς
2709 402 2944 473 κατέστη
2977 401 3072 456 τοῦ
3115 402 3467 473 πράγματος;
3505 403 3538 475 ῆ
3569 406 3690 460 πάν-

448 495 528 548 rei
575 493 826 546 inventor
858 491 1088 554 exstitit,
1140 503 1210 543 an
1257 503 1388 543 vero
1427 488 1498 543 de
1541 504 1712 552 more,
1757 489 1822 542 ad
1877 492 2026 559 ipsos

447 597 814 656 praeceptores
862 585 1014 638 initia
1057 581 1265 638 referre
1301 581 1556 652 oportet?
1583 580 1719 636 Nam
1776 582 1824 637 si
1875 583 2027 638 nullo

449 676 681 731 docente
726 677 840 745 ipse
887 676 1096 745 primus
1127 675 1387 745 solusque
1429 676 1679 730 inventor
1721 674 1884 744 hujus
1921 675 2028 728 fuit

450 767 702 837 incmpli,
731 770 804 821 ita
839 778 896 822 ut
940 770 1071 823 nihil
1113 783 1338 838 prorsus
1370 771 1438 825 ab
1467 771 1587 825 aliis
1625 786 1853 840 usquam
1885 769 2027 824 didi-

449 857 609 919 cerit,
642 872 818 926 neque
846 858 914 912 ab
949 859 1191 928 antiquis
1223 859 1618 928 compilaverit,
1658 874 1758 913 cur
1796 876 1902 914 non
1940 860 2024 914 div

447 949 632 1002 vinam
666 948 743 1002 illi
793 956 1047 1002 naturam
1077 949 1314 1004 tribuere
1351 959 1622 1020 oporteat,
1651 952 1744 1022 qui
1772 952 1938 1007 nullis
1962 953 2027 1006 li-

446 1038 585 1104 bris,
607 1041 774 1096 nullis
800 1041 1106 1112 praceptis,
1127 1058 1222 1096 seu
1252 1043 1698 1113 praeceptoribus,
1717 1059 1814 1099 sua
1834 1058 2027 1114 sponte

445 1132 677 1187 edoctus
711 1148 808 1202 per
850 1134 1114 1204 seipsum,
1159 1137 1339 1191 omnis
1385 1137 1686 1207 disciplinae
1712 1154 1904 1208 capax,
1942 1147 2027 1194 ta-

447 1223 580 1276 lium
613 1239 799 1278 rerum
832 1225 1092 1280 inventor
1123 1228 1428 1283 exstiterit?
1456 1227 1621 1300 Atqui
1647 1245 1824 1300 neque
1848 1229 2027 1284 sordi-

449 1314 532 1369 dre
559 1315 795 1384 alicujus
827 1317 982 1380 artis,
1014 1333 1190 1387 neque
1215 1320 1496 1376 rationalis
1518 1322 1822 1393 cujuspiam
1847 1323 2026 1378 scien-

447 1409 557 1470 tiae,
588 1423 652 1461 ac
677 1425 747 1463 ne
776 1410 1076 1479 primorum
1108 1409 1327 1480 quidem
1361 1412 1752 1468 elementorum
1774 1413 2022 1484 discipli-

449 1516 576 1553 nam
620 1510 680 1555 ut
731 1503 1023 1572 percipias,
1064 1504 1182 1559 sine
1208 1503 1348 1560 duce
1389 1519 1453 1560 ac
1478 1516 1810 1577 praeceptore
1842 1508 2024 1578 aliquo

447 1593 562 1648 fieri
601 1602 798 1664 potest,
847 1597 1045 1651 nedum
1087 1612 1152 1652 ea
1195 1615 1316 1669 quae
1367 1608 1616 1654 naturam
1678 1616 2024 1658 communem

447 1697 725 1756 superant.
749 1685 942 1742 Nullus
973 1697 1120 1744 certe
1142 1705 1380 1760 unquam
1408 1707 1503 1761 per
1534 1707 1594 1747 se
1621 1692 1815 1749 doctus
1843 1708 2024 1764 gram-

446 1780 660 1834 maticae
683 1789 985 1850 praeceptor
1013 1781 1172 1836 nobis
1194 1785 1458 1851 occurrit,
1487 1800 1664 1854 neque
1694 1785 1898 1849 rhetor,
1931 1785 2025 1855 qui

449 1885 556 1924 non
588 1870 656 1924 ab
687 1871 872 1940 aliquo
907 1871 1182 1939 didicerit,
1222 1889 1400 1944 neque
1431 1877 1524 1945 qui
1569 1888 1762 1946 suopte
1807 1877 2026 1947 ingenio

446 1961 693 2018 medicus
729 1964 985 2025 evaserit,
1043 1981 1221 2034 neque
1280 1967 1635 2032 architectus,
1670 1984 1847 2039 neque
1891 1971 2026 2024 alte-

446 2055 563 2110 rius
593 2057 896 2127 cujuspiam
928 2059 1002 2112 rei
1051 2059 1246 2114 artifex
1283 2078 1298 2116 :
1332 2069 1386 2116 et
1433 2060 1546 2116 hac
1579 2062 1796 2133 quidem
1827 2064 2024 2135 exigua

444 2148 630 2202 omnia
659 2158 820 2219 atque
845 2150 1099 2204 humana.
1131 2149 1285 2206 Verae
1306 2160 1484 2207 autem
1516 2154 1733 2225 pietatis
1762 2156 1902 2210 inter
1929 2157 2026 2211 ho-

447 2239 622 2293 mines
649 2239 950 2303 doctorem,
1000 2240 1183 2295 dicere
1221 2243 1510 2314 praestigiis
1541 2245 1866 2314 quibusdam
1893 2246 2024 2301 talia

447 2330 840 2398 introduxisse,
875 2347 941 2385 eo
975 2347 1082 2401 quo
1122 2332 1256 2387 vixit
1293 2342 1565 2405 tempore.
1597 2336 1864 2404 ejusmodi
1899 2353 2026 2408 pro-

445 2423 659 2493 digiosa
708 2423 1159 2495 admirabiliaque
1215 2425 1359 2480 facta
1404 2428 1664 2492 edidisse,
1713 2430 2022 2500 cujusmodi

446 2530 622 2584 nuper
683 2516 786 2586 ipsi
843 2519 1216 2587 exposuimus,
1282 2519 1555 2592 talemque
1620 2521 1772 2577 illum
1833 2531 2025 2591 suapte

451 2605 604 2676 131
643 2616 838 2661 natura
888 2624 1098 2679 suaque
1149 2617 1345 2679 sponte
1392 2612 1696 2677 exstitisse,
1744 2628 1922 2682 neque
1956 2615 2024 2667 ab

445 2699 688 2767 antiquis
717 2701 1063 2769 compilasse,
1096 2719 1272 2774 neque
1299 2720 1331 2758 a
1362 2705 1517 2760 novis
1559 2706 1837 2776 magistris
1869 2706 2026 2777 adju-

447 2801 564 2847 tum
611 2794 802 2858 fuisse,
841 2798 934 2866 qui
979 2800 1131 2868 paria
1169 2815 1232 2854 ac
1267 2801 1465 2856 similia
1491 2810 1618 2857 ante
1651 2801 1830 2872 ipsum
1861 2817 2020 2858 exer-

445 2885 680 2951 cuerint,
723 2887 852 2956 quid
902 2889 1072 2954 aliud,
1109 2905 1316 2960 quaeso,
1347 2898 1452 2955 est,
1487 2891 1596 2946 nisi
1640 2891 1923 2947 testificari
1971 2901 2026 2948 et

447 2977 630 3039 fateri,
670 2978 912 3034 divinum
969 2983 1128 3051 plane
1163 2982 1421 3053 quiddam
1473 2983 1664 3048 fuisse,
1696 2999 2024 3054 omnemque

447 3068 730 3122 hominum
777 3080 1028 3126 naturam
1080 3088 1370 3143 superasse
1401 3074 1552 3128 illum
1588 3073 1656 3130 de
1687 3090 1796 3146 quo
1824 3076 2024 3146 quaeri-

447 3161 606 3216 mus?
633 3161 701 3215 At
733 3163 878 3216 enim
925 3165 1219 3234 magistros
1269 3167 1420 3221 illum
1462 3166 1600 3222 dicis
1634 3167 1891 3222 habuisse
1923 3167 2025 3220 im-

447 3263 718 3326 postores,
736 3273 834 3312 nec
859 3259 926 3312 ab
949 3257 1328 3330 Egyptiorum
1360 3260 1627 3330 sapientia
1655 3260 2024 3328 abhorruisse,

449 3363 550 3403 nec
567 3363 687 3417 qua:
709 3348 924 3404 illorum
955 3352 1256 3421 antiquitas
1278 3351 1468 3406 habuit
1491 3366 1692 3407 arcana
1719 3352 2024 3421 ignorasse,

447 3455 478 3494 a
511 3440 710 3510 quibus
739 3455 863 3495 cum
897 3442 1230 3514 collegisset,
1264 3443 1478 3512 qualem
1521 3442 1663 3497 fama
1713 3443 1818 3498 fert
1863 3442 2026 3496 talem

445 3531 713 3590 evasisse.
775 3532 888 3588 Cur
938 3535 1106 3606 igitur
1145 3535 1238 3590 alii
1297 3535 1434 3590 nulli
1481 3535 1574 3590 illo
1618 3534 2026 3604 praestantiores

447 3625 717 3695 magistri,
752 3627 843 3696 qui
878 3633 933 3680 et
978 3627 1131 3681 illum
1175 3636 1337 3683 tetate
1388 3627 1805 3690 antecesserint,
1845 3637 1900 3681 et
1927 3640 2028 3682 sua

442 3715 696 3770 doctrina
743 3718 1100 3783 instituerint,
1133 3727 1228 3774 aut
1279 3719 1337 3774 in
1371 3719 1629 3791 Egypto,
1656 3727 1751 3772 aut
1794 3733 2026 3789 usquam

445 3806 599 3872 alibi,
633 3807 737 3863 visi
771 3809 933 3864 sunt?
956 3809 1068 3863 Cur
1096 3810 1262 3881 igitur
1290 3825 1398 3864 non
1431 3809 1498 3865 de
1522 3810 1632 3866 illis
1660 3825 1878 3880 quoque
1902 3818 2028 3866 ante

447 3898 612 3967 hujus
655 3900 1084 3966 accusationem,
1118 3900 1174 3954 in
1207 3916 1400 3956 omnes
1430 3900 1681 3956 homines
1720 3900 1864 3954 fama
1903 3916 2029 3970 per-

447 3989 629 4042 venit?
669 4004 768 4042 cur
806 4005 916 4045 non
964 3991 1088 4045 item
1136 3991 1355 4045 illorum
1409 3991 1552 4046 sicut
1611 3993 1783 4046 nostri
1839 3990 2026 4059 hujus,

447 4080 614 4132 etiam
645 4095 792 4135 nunc
821 4080 994 4152 gloria
1021 4080 1426 4148 canitur?Quis
1450 4097 1581 4148 vero
1604 4097 1844 4152 unquam
1890 4097 2029 4150 prte-

450 4171 700 4240 stigiator
750 4188 940 4227 eorum
981 4173 1077 4244 qui
1130 4173 1357 4238 fuerint,
1392 4189 1461 4229 ex
1495 4189 1604 4244 quo
1649 4189 1742 4229 res
1777 4173 2030 4227 humanae

448 4277 685 4330 coepere,
719 4273 811 4317 aut
836 4264 978 4334 apud
1013 4265 1299 4329 barbaros,
1331 4272 1424 4319 aut
1449 4266 1592 4336 apud
1619 4265 1862 4328 Graecos,
1891 4265 2028 4319 tales

450 4352 688 4406 instituit
739 4352 1061 4424 discipulos,
1108 4361 1202 4408 aut
1249 4354 1440 4409 talium
1497 4355 1678 4424 legum
1726 4353 2028 4420 taliumque

2126 509 2226 556 τας
2266 509 2368 546 που
2408 493 2546 546 κατὰ
2580 494 2640 546 τὸ
2672 493 2961 548 ἀκόλουθον
2991 496 3070 558 εἰς
3099 493 3450 558 διδασκάλους
3471 496 3690 570 ἀναπέμο

2129 602 2249 637 πειν
2283 585 2388 657 χρὴ
2430 586 2498 639 τὰ
2534 585 2716 650 αῖτιας
2747 587 2810 638 Εἰ
2836 587 2933 656 μὲν
2959 585 3087 657 γὰρ,
3122 585 3348 657 μηδενὸς
3378 585 3686 657 διδάξαντος,

2128 679 2288 742 αὐτὸς
2318 679 2532 751 πρῶτος
2567 678 2660 732 καὶ
2697 679 2854 749 μόνος
2896 678 3122 750 εὑρετὴς
3157 678 3350 746 γέγονε
3379 677 3479 748 τῆς
3510 681 3690 751 ἐπιχει-

2131 773 2359 844 ρήσεως,
2399 771 2563 842 μηδὲν
2617 771 2880 843 μηδαμῶς
2914 773 3044 842 παρ’
3091 771 3291 841 ἐτέρων
3330 769 3530 840 μαθὼν,
3568 773 3690 844 μηδὲ

2127 867 2193 918 ἐκ
2224 864 2465 918 παλαιῶν
2487 867 2896 936 ἐρανισάμενος,
2917 867 3032 929 πῶς
3059 865 3118 918 οὐ
3147 863 3296 926 θείας
3327 861 3538 931 φύσεως
3565 863 3691 935 χρῆν

2126 957 2404 1028 ὁμολογεῖν
2435 958 2619 1023 αὐτὸν,
2653 957 2711 1020 ὃς
2736 953 2802 1028 ἦν
2836 959 2963 1012 ἄνευ
3003 956 3221 1027 βίϐλων,
3255 955 3349 1009 καὶ
3386 954 3573 1022 λόγων,
3606 955 3691 1010 καὶ

2126 1050 2483 1112 διδασκάλων,
2531 1050 2930 1114 αὐτοδίδακτος,
2971 1052 3066 1104 καὶ
3102 1047 3413 1118 αὐτομαθὴς
3455 1047 3691 1101 τοιούτων

2127 1143 2468 1214 πραγμάτων
2499 1144 2726 1216 εὑρετὴς
2760 1144 3135 1212 ἀναπέφηνεν;
3171 1141 3280 1194 Καὶ
3316 1139 3422 1210 μὴν
3453 1137 3571 1190 οὐτε
3601 1137 3689 1208 βα-

2125 1239 2324 1292 ναύσου
2343 1239 2558 1309 τέχνης,
2579 1236 2704 1291 οὔτε
2737 1235 2958 1306 λογικῆς
2992 1234 3322 1303 ἐπιστήμης,
3355 1230 3475 1284 οὐδέ
3507 1247 3566 1299 γε
3589 1229 3687 1283 τῶν

2127 1331 2357 1403 πρώτων
2392 1330 2670 1401 στοιχείων
2700 1327 2800 1400 τὴν
2836 1327 3070 1398 μάθησιν
3095 1324 3219 1394 δίχα
3249 1320 3483 1393 ποδηγοῦ
3511 1321 3600 1374 καὶ
3620 1322 3690 1376 δι-

2127 1423 2395 1478 δασκάλου
2427 1421 2571 1484 τινὸς
2603 1419 2890 1473 ἀναλαϐεῖν
2933 1417 3174 1480 δυνατὸν,
3212 1416 3287 1488 μὴ
3327 1416 3448 1487 οὐχὶ
3471 1416 3562 1488 τὴν
3587 1432 3690 1469 κοι-

2125 1515 2222 1587 νὴν
2255 1514 2594 1586 ἐκϐεϐηκότα
2629 1511 2808 1580 φύσιν.
2839 1511 3028 1574 Οὐδεὶς
3059 1509 3189 1579 γοῦν
3220 1509 3328 1562 τῶν
3367 1507 3579 1562 πώποτε
3604 1509 3689 1563 αύ-

2123 1606 2427 1669 τοδίδακτος
2468 1607 2600 1677 ημῖν
2664 1603 3060 1677 γραμματικῆς
3093 1601 3339 1674 παρῆλθε
3371 1601 3687 1666 διδάσκαλος,

2125 1699 2244 1752 οὐδέ
2266 1714 2331 1766 γε
2362 1698 2543 1769 ῥήτωρ
2567 1696 2640 1768 μὴ
2671 1713 2735 1767 με
2746 1693 3028 1767 μαθηκὼς,
3050 1693 3171 1747 οὐδέ
3194 1691 3472 1764 αὐτοφυὴς
3504 1691 3687 1763 ἰατρὸς,

2131 1791 2251 1844 οὐδέ
2288 1791 2515 1853 τέκτων,
2545 1789 2652 1842 οὐδ’
2689 1789 2880 1860 ἑτέρας
2916 1787 3247 1858 δημιουργὸς
3277 1786 3490 1857 τέχνης.
3517 1785 3689 1838 Καίτοι

2136 1881 2308 1954 μικρὰ
2335 1879 2508 1934 ταῦτα
2541 1881 2636 1933 καὶ
2656 1879 2985 1951 ἀνθρώπεια.
3023 1878 3095 1931 Τὸ
3111 1877 3168 1931 δὲ
3203 1877 3367 1946 φάναι
3395 1874 3484 1928 τὸν
3502 1873 3690 1947 ἀνθρώ-

2133 1990 2248 2026 πων
2275 1971 2554 2034 εὐσεϐείας
2573 1969 2806 2041 ἀληθοῦς
2831 1966 3148 2022 διδάσκαλον
3178 1965 3404 2020 τοιαῦτα
3440 1965 3691 2035 τεθαυμα-

2131 2065 2466 2136 τουργηκότα
2503 2061 2624 2116 καθ’
2667 2062 2726 2114 ὃν
2781 2059 3044 2130 ἐπεδήμει
3087 2057 3164 2128 τῷ
3204 2058 3303 2128 βίῳ
3353 2058 3562 2130 χρόνον,
3606 2055 3688 2110 καὶ

2133 2158 2384 2222 τοιαύτας
2419 2155 2753 2228 παραδόξους
2794 2154 3077 2225 τερατείας
3113 2151 3473 2221 πεποιηκότα,
3508 2153 3570 2214 ἃς
3604 2151 3690 2221 ἀρ-

2130 2251 2258 2313 τίως
2337 2249 2682 2320 διεξήλθομεν
2711 2287 2725 2311 ,
2801 2249 2865 2301 ἐκ
2935 2245 3029 2299 τοῦ
3100 2244 3413 2315 αὐτομάτου
3469 2240 3688 2296 τοιοῦτον

2133 2343 2318 2412 φῆναι,
2362 2343 2498 2412 μήτε
2544 2342 2692 2411 παρὰ
2726 2338 2969 2392 παλαιῶν
3016 2335 3438 2409 ἐρανισάμενον,
3489 2336 3604 2405 μήτ’
3632 2335 3690 2387 ἐκ

2131 2435 2266 2489 νέων
2297 2433 2630 2487 διδασκάλων
2694 2430 3042 2500 ὡφελημένον
3065 2468 3079 2492 ,
3138 2427 3206 2480 τὰ
3249 2428 3413 2498 ὅμοια
3469 2427 3558 2491 καὶ
3596 2423 3690 2496 πρὸ

2132 2527 2294 2584 αὐτοῦ
2341 2526 2720 2596 πεποιηκότων
2745 2563 2759 2589 ,
2791 2522 2843 2575 τί
2888 2521 3074 2592 άλλοῆ
3129 2519 3542 2592 μαρτυρούντων
3587 2515 3690 2571 ἐστί

2131 2622 2225 2675 καὶ
2249 2618 2651 2691 ὁμολογούντων
2674 2617 2814 2670 θεῖον
2836 2613 3050 2685 άληθῶς
3078 2614 3265 2684 χρῆμα
3288 2612 3583 2681 γεγονέναι,
3607 2609 3688 2663 καὶ

2131 2715 2311 2770 πᾶσαν
2356 2710 2641 2783 ἀνθρώπου
2700 2710 2860 2778 φύσιν
2909 2705 3345 2779 ὑπερϐεϐηκέναι
3377 2705 3466 2759 τὸν
3519 2701 3688 2774 δηλού-

2135 2819 2325 2874 μενον;
2371 2801 2532 2855 Ἀλλὰ
2555 2799 2895 2861 διδασκάλοις
2926 2797 3086 2850 αὐτὸν
3131 2797 3238 2866 φῂς
3279 2793 3685 2867 προσεσχηκέναι

2133 2891 2372 2954 πλάνοις,
2409 2889 2543 2961 μηδέ
2579 2888 2758 2942 λαθεῖν
2788 2887 2949 2940 αὐτὸν
2978 2885 3044 2938 τὰ
3070 2887 3207 2954 σοφὰ
3235 2884 3347 2938 τῶν
3376 2880 3686 2952 Αἰγυπτίων,
3742 2909 3744 2911 >

2131 2982 2224 3036 καὶ
2255 2981 2363 3035 τῶν
2393 2981 2560 3036 πάλαι
2596 2981 2724 3050 παρ’
2763 2981 2946 3043 αὐτοῖς
2973 2976 3276 3048 λεγομένων
3305 2976 3377 3029 τὰ
3404 2974 3686 3045 ἀπόρρητα,

2133 3078 2261 3149 παρ’
2292 3070 2367 3130 ὧν
2401 3074 2793 3144 συλλεξάμενον
2811 3112 2826 3136 ,
2874 3072 3040 3137 ἄνδρα
3077 3069 3317 3124 τοιοῦτον
3350 3065 3460 3123 οἷον
3489 3070 3516 3121 ὁ
3550 3065 3688 3132 λόγος

2128 3167 2474 3240 παρίστησιν,
2505 3164 2908 3235 ἀποδειχθῆναι.
2932 3163 2996 3216 Τί
3027 3163 3162 3233 δῆτα
3187 3155 3304 3225 οῦν;
3328 3155 3366 3233 ἦ
3396 3176 3535 3221 τινες
3559 3157 3690 3213 ἄλλοι

2128 3261 2406 3334 κρείττους
2446 3258 2608 3312 αὐτοῦ
2655 3259 2948 3329 πεφήνασι,
2977 3256 3072 3310 καὶ
3111 3254 3367 3325 πρότεροι
3410 3252 3486 3323 τῷ
3510 3251 3685 3322 χρόνῳ,

2128 3353 2223 3406 καὶ
2259 3351 2422 3406 αὐτοῦ
2471 3349 2776 3403 διδάσκαλοι
2799 3389 2813 3411 ,
2864 3348 2961 3401 εἴτ’
2993 3347 3080 3400 ἐπ’
3118 3345 3430 3414 Αἰγύπτου,
3463 3343 3558 3396 εἴθ’
3594 3342 3687 3410 ὅπη

2126 3439 2224 3509 δή;
2252 3438 2317 3491 Τί
2346 3433 2438 3491 οὖν
2459 3437 2578 3508 οὐχ).
2603 3436 2870 3490 κάκείνων
2898 3435 3001 3507 πρὸ
3030 3434 3130 3505 τῆς
3155 3433 3346 3487 τούτου
3377 3429 3688 3504 κατηγορίας

2129 3528 2361 3598 ἔφθασεν
2385 3531 2466 3592 εἰς
2487 3530 2695 3592 πάντας
2721 3527 3092 3599 ὰνθρώπουςή
3123 3527 3279 3598 φήμη
3303 3545 3318 3592 ;
3345 3527 3378 3597 ἢ
3405 3525 3458 3579 τί
3490 3524 3559 3596 μὴ
3585 3520 3690 3592 οὐχὶ

2129 3624 2395 3677 κάκείνων
2437 3623 2604 3676 εἰσέτι
2656 3622 2750 3676 νῦν
2791 3621 2853 3674 τὸ
2907 3620 3064 3682 κλέος
3099 3620 3286 3691 ᾅδεται
3333 3617 3414 3688 τῷ
3462 3613 3690 3688 ἡμετέρῳ

2130 3715 2554 3786 παραπλησίωςς
2589 3712 2686 3776 Τίς
2713 3713 2770 3766 δὲ
2811 3711 2921 3765 τῶν
2954 3711 3048 3765 ἀπ’
3087 3711 3282 3774 αἰῶνος
3311 3709 3529 3763 πώποτε
3553 3707 3688 3777 γόης,

2131 3804 2406 3877 βάρϐαρος
2448 3803 2482 3874 ἢ
2516 3801 2749 3872 Ἕλλην,
2799 3800 3056 3854 τοιούτων
3094 3800 3336 3872 κατέστη
3393 3795 3688 3855 διδάσκαλος

2130 3895 2416 3968 φοιτητῶν,
2448 3896 2540 3949 καὶ
2575 3894 2831 3950 τοιούτων
2863 3895 3043 3964 νόμων
3071 3895 3164 3948 καὶ
3195 3895 3373 3963 λόγων
3407 3890 3655 3957 αὐθέντης
3674 3923 3688 3948 ,

2128 3989 2254 4042 οἴων
2304 3989 2338 4058 ἡ
2371 3986 2465 4040 τοῦ
2520 3985 2770 4057 Σωτῆρος
2832 3985 2986 4056 ἡμῶν
3035 3983 3399 4038 ἐπιδέδεικται
3448 3980 3686 4049 δύναμιςς

2142 4080 2333 4144 ’ἰάσεις
2351 4079 2407 4132 δὲ
2426 4077 2649 4132 τοσάσδε
2669 4077 2763 4130 καὶ
2783 4077 3120 4151 παραδόξους
3137 4074 3458 4146 εὐεργεσίας
3476 4067 3688 4128 τοιάσδε.

2128 4173 2246 4236 οἵας
2271 4175 2300 4226 ὁ
2341 4171 2610 4243 ἡμέτερος
2650 4169 2963 4240 πεποιηκὼς
3011 4168 3432 4240 μνημονεύεται,
3471 4165 3552 4230 τίς
3587 4159 3687 4215 πώ-

2129 4282 2260 4318 ποτε
2297 4262 2734 4335 διαπραξάμενος
2763 4264 3083 4334 ίστορεῖται;
3108 4261 3264 4325 Τίνος
3289 4261 3348 4314 δὲ
3378 4262 3426 4313 οἱ
3447 4257 3690 4328 γνώριμοι

2131 4359 2222 4412 καὶ
2248 4357 2358 4411 τῶν
2385 4357 2725 4428 πραγμάτων
2749 4357 3036 4419 αὐτόπται,
3053 4355 3141 4408 διὰ
3163 4354 3336 4425 πυρὸς
3361 4353 3459 4407 καὶ
3491 4349 3689 4420 σιδήρου

447 4453 841 4515 praeceptorum
872 4455 1066 4500 auctor
1097 4446 1218 4512 fuit,
1245 4447 1490 4518 qualium
1527 4446 1701 4502 fuisse
1729 4444 2026 4499 Salvatoris

2130 4449 2356 4519 δοκιμῆς
2381 4447 2481 4518 τὴν
2515 4447 2654 4519 ὑπὲρ
2681 4440 2754 4501 ὧν
2772 4445 3157 4518 ἐμαρτύρησαν
3189 4444 3448 4517 ἀλήθειαν
3475 4435 3688 4494 ἐπιστώ-

447 4539 625 4594 nostri
672 4539 847 4594 virtus
901 4541 1242 4595 ostenditur?
1292 4548 1387 4594 aut
1435 4540 1560 4611 quis
1613 4553 1856 4609 unquam
1917 4544 2027 4592 tam

450 4631 636 4684 multis
665 4631 912 4695 medelis,
945 4641 1054 4685 tam
1080 4631 1429 4688 mirabilibus
1454 4631 2029 4700 beneficentiis,quam

448 4721 538 4776 hic
580 4731 767 4776 noster
799 4722 1018 4777 functus
1051 4725 1417 4778 memoratur?
1445 4724 1614 4793 Cujus
1648 4732 1828 4778 autem
1875 4721 2031 4775 fami-

451 4813 614 4867 liares
652 4813 793 4884 ignis
828 4815 1070 4884 ferrique
1099 4815 1424 4884 probatione
1454 4829 1643 4870 earum
1674 4829 1858 4869 rerum
1892 4827 2030 4882 quas

454 4906 880 4962 testiﬁcarentur
903 4909 1188 4963 veritatem
1219 4908 1296 4962 ita
1325 4909 1743 4972 conﬁrmarunt,
1765 4914 1826 4960 ut
1857 4905 2030 4960 nostri

453 4997 756 5053 Salvatoris
785 5000 1063 5070 discipuli,
1095 5001 1188 5071 qui
1216 5001 1400 5055 omnia
1431 4999 1652 5070 quidem
1687 4998 1885 5071 probra
1908 5013 2032 5068 per-

451 5087 718 5156 tulerunt,
743 5090 926 5144 omnia
976 5105 1108 5146 vero
1157 5099 1556 5146 tormentorum
1593 5103 1791 5160 genera
1831 5089 2032 5143 tolera-

454 5186 604 5246 t'unt,
625 5186 680 5235 et
707 5178 941 5250 denique
967 5181 1248 5250 proprium
1275 5180 1597 5251 sanguinem
1623 5177 1952 5242 eﬁuderunt,
1973 5186 2033 5232 ut

456 5287 576 5341 quae
623 5272 725 5341 ipsi
784 5273 1060 5328 testificati
1096 5283 1279 5329 essent
1309 5270 1736 5328 conlirmarent?
1763 5269 2032 5326 Praeterea

452 5359 772 5430 quicunque
813 5361 943 5416 huic
989 5371 1191 5418 nostrze
1233 5363 1432 5417 rationi
1487 5363 1825 5427 adversatur,
1861 5359 2029 5423 dicat,

453 5466 663 5522 quaeso,
693 5451 818 5522 quis
867 5469 1107 5525 unquam
1157 5455 1520 5525 prmstigiator
1575 5454 1767 5508 saltem
1818 5451 1876 5506 in
1907 5451 2030 5506 ani-

455 5558 604 5598 mum
636 5543 872 5612 induxit,
891 5544 957 5600 de
992 5547 1215 5617 proprio
1269 5546 1492 5601 nomine
1548 5557 1607 5599 se
1657 5559 1811 5599 nova:
1843 5543 2033 5614 cujus-

455 5633 583 5688 dam
639 5635 817 5706 gentis
867 5636 1159 5693 factionem
1225 5637 1713 5706 eomparaturum?
1762 5635 1879 5690 Hoc
1933 5649 2034 5688 au-

457 5734 566 5781 tem
619 5727 795 5800 ipsum
854 5727 1165 5800 quempiam
1229 5741 1344 5783 non
1401 5727 1562 5784 modo
1606 5727 1900 5798 cogitasse,
1936 5727 2032 5784 sed

2131 4555 2314 4605 σαντο,
2353 4537 2636 4609 ὼσπεροῦν
2692 4539 2741 4592 οἰ
2787 4538 2882 4590 τοῦ
2941 4537 3192 4608 Σωτῆρος
3241 4534 3402 4608 ἡμῶν
3448 4527 3686 4606 μαθηταὶ.

2131 4631 2308 4694 πάσας
2345 4630 2442 4700 μὲν
2489 4629 2672 4693 αἰκίας
2717 4629 3075 4693 ἀνατλάντες,
3111 4629 3291 4691 πάσας
3349 4627 3408 4680 δὲ
3463 4623 3690 4695 βασάνων

2134 4723 2276 4785 ἰδέας
2309 4723 2719 4791 ὑπομείναντες,
2743 4722 2837 4774 καὶ
2866 4721 3018 4785 τέλος
3042 4719 3131 4774 διὰ
3162 4719 3256 4773 τοῦ
3294 4719 3426 4772 ἰδίου
3459 4716 3689 4786 αἵματος,

2129 4812 2198 4866 τὰ
2238 4813 2364 4885 περὶ
2391 4811 2552 4866 αὐτοῦ
2590 4811 3010 4884 μαρτυρηθέντα
3039 4813 3226 4875 αὐτοῖς
3272 4809 3690 4878 πιστωσάμενοις

2134 4904 2256 4956 Ἔτι
2285 4904 2423 4974 πρὸς
2455 4903 2682 4968 τούτοις,
2712 4905 2739 4956 ὁ
2763 4903 2839 4974 τῷ
2867 4903 2933 4956 δι’
2963 4903 3210 4966 ἐναντίας
3231 4905 3364 4973 ἡμῖν
3401 4901 3540 4972 λόγῳ
3567 4912 3690 4967 παρ-

2133 4997 2418 5068 ιστάμενος
2467 4996 2694 5065 λεγέτω,
2741 4997 2826 5060 τίς
2871 4998 2979 5052 τῶν
3011 4995 3228 5048 πώποτε
3257 4997 3473 5068 γοήτων
3498 4989 3593 5046 κᾶν
3621 4987 3691 5048 εἰς

2131 5087 2254 5142 νοῦν
2281 5088 2504 5144 ἐϐάλετο
2525 5088 2647 5142 νέου
2681 5087 2868 5152 ἔθνους
2905 5089 2998 5140 ἐπὶ
3029 5088 3216 5157 οἰκείῳ
3250 5087 3476 5157 ὀνόματι
3513 5081 3685 5137 σύστα-

2134 5197 2216 5233 σιν
2241 5179 2596 5250 ποιήσασθαις
2625 5179 2699 5233 Τὸ
2723 5179 2778 5232 δέ
2809 5178 2884 5250 μὴ
2914 5179 3070 5249 μόνον
3091 5180 3338 5250 ἐννοῆσαι
3369 5176 3542 5238 τοῦτο,
3571 5169 3688 5226 ἀλλὰ

2131 5275 2226 5325 καὶ
2258 5272 2603 5343 κατορθῶσαι
2629 5272 2690 5325 τὸ
2725 5271 3004 5343 βουληθὲν,
3041 5272 3157 5335 πῶς
3201 5272 3261 5324 οὐ
3291 5270 3474 5322 πᾶσαν
3502 5260 3667 5335 ἀνθρώ

2132 5381 2234 5416 που
2269 5363 2528 5418 καλύπτοι
2579 5363 2644 5417 ἂν
2681 5362 2872 5432 cadant;
2916 5362 3185 5416 Βασιλέων
3218 5363 3274 5415 δὲ
3320 5361 3568 5430 δόγμασι,
3607 5350 3689 5407 καὶ

2134 5453 2377 5507 παλαιῶν
2409 5455 2731 5525 νομοθετῶν,
2768 5454 3072 5523 φιλοσόφων
3104 5471 3164 5507 τε
3193 5453 3286 5507 καὶ
3331 5448 3584 5522 ποιητῶν,
3609 5440 3690 5496 καί

2134 5540 2399 5611 θεολόγων
2421 5545 2481 5610 ἐξ
2508 5545 2755 5608 ἐναντίας
2783 5544 2970 5599 θέσθαι
2988 5543 3185 5615 νόμους
3205 5541 3334 5605 τοὺς
3357 5541 3478 5595 κατ’
3497 5533 3689 5590 εἰδωλο-

2134 5635 2422 5707 λατρείας,
2481 5638 2574 5690 καὶ
2605 5637 2829 5702 τούτους
2880 5636 3179 5708 κρατῦναι.
3223 5636 3468 5704 ἀμάχους
3507 5643 3563 5683 τε
3608 5619 3690 5675 καὶ

2135 5729 2435 5801 ἀηττήτους
2465 5732 2544 5794 εἰς
2587 5729 2796 5804 μακρὸν
2831 5727 3088 5794 ἐπιδεῖξαι
3128 5726 3320 5793 αἰῶνα,
3365 5727 3448 5788 τίς
3490 5718 3689 5775 πώποτε
