3880 6256
157 329 242 385 955
1070 340 1722 398 DEMONSTRATIONIS
1764 341 2227 400 EVANGELICAS
2282 343 2412 401 LIB.
2453 344 2544 402 III.

3317 347 3424 407 235

163 457 347 529 γοήτων
382 457 775 532 διανενόηταις
820 463 877 517 Ὀ
909 466 964 518 δὲ
989 465 1181 537 Σωτὴρ
1215 467 1308 519 καὶ
1348 465 1553 535 Κύριος
1592 465 1731 537 ήμῶπ

1852 470 2014 524 etiam
2047 468 2342 538 perfecisse
2384 484 2484 523 suo
2519 468 2810 532 arbitratu,
2847 482 2948 523 cur
2975 483 3084 522 non
3116 475 3282 523 totam
3327 470 3424 523 ho-

169 555 251 606 οὐκ
275 555 534 626 ἐνενόησε
574 559 700 628 μὲν,
729 561 789 613 οὐ
821 561 1122 630 τετόλμηκε
1147 561 1203 614 δὲ
1231 562 1603 633 ἐπιχειρῆσαιο
1628 561 1741 616 ἀλλ’

176 649 274 703 οὐδὲ
292 649 628 721 ἐπεχείρησε
659 653 781 724 μὲν,
807 655 866 707 οὐ
891 655 1216 726 κατώρθωσε
1244 655 1301 707 δέ
1319 673 1330 684 ·
1356 655 1435 707 ἐνὶ
1460 656 1515 708 δὲ
1541 657 1742 726 ῥήματι

182 743 259 794 καὶ
303 745 398 812 μιᾷ
445 747 602 814 φωνῇ
648 747 825 816 φήσας
859 747 990 815 πρὸς
1046 747 1170 810 τοὺς
1222 747 1414 800 ἑαυτοῦ
1459 746 1738 816 μαθητάς·

191 834 589 904 (Πορευθέντες
647 835 1022 906 μαθητεύσατε
1072 837 1252 891 πάντα
1295 837 1361 890 τά
1398 837 1522 909 ἔθνη
1565 840 1621 890 ἐν
1667 838 1743 908 τῷ

180 924 379 994 ὀνόματί
418 943 558 996 μου,
598 926 940 990 διδάσκοντες
974 929 1167 992 αὐτοὺς
1200 933 1387 998 τηρεῖν
1429 931 1602 984 πάντα
1643 932 1743 982 ὅσα

180 1017 517 1087 ἐνετειλάμην
561 1019 710 1088 ὑμῖν,
738 1039 756 1070 ι
807 1019 964 1090 ἔργον
997 1022 1169 1091 ἐπῆγε
1214 1021 1291 1091 τῷ
1334 1022 1496 1093 λόγῳ,
1545 1023 1742 1076 αὐτίκα

179 1127 228 1161 τε
267 1109 632 1180 ἐμαθητεύετο
665 1114 721 1165 ἐν
763 1113 927 1182 ὀλίγῳ
966 1115 1073 1166 πᾶν
1106 1114 1261 1182 γένος
1294 1116 1557 1187 Ἑλλήνων
1605 1115 1740 1186 ὁμοῦ

179 1203 262 1255 καὶ
294 1203 616 1275 βαρϐάρων,
668 1206 762 1258 καὶ
813 1205 965 1276 νόμοι
1013 1207 1147 1260 πᾶσι
1194 1211 1306 1272 τοῖς
1349 1208 1526 1262 ἔθνεσι
1587 1226 1743 1262 κατε-

183 1295 478 1364 σπείροντο,
526 1295 757 1349 ἐναντίοι
798 1299 862 1368 τῇ
898 1298 1008 1351 τῶν
1045 1299 1289 1354 παλαιῶν
1317 1301 1736 1372 δεισιδαιμονίᾳο

181 1386 318 1456 νόμοι
347 1388 619 1458 δαιμόνων
661 1390 908 1460 πολέμιοι
935 1393 1028 1445 καὶ
1057 1395 1236 1462 πάσης
1265 1392 1446 1465 ἐχθροὶ
1481 1392 1738 1446 πολυθὲου

183 1477 370 1547 πλάνης
395 1495 409 1507 ·
442 1479 596 1549 νόμοι
632 1480 874 1544 Σκυθῶν,
903 1483 998 1536 καὶ
1030 1481 1274 1554 Περσῶν,
1310 1483 1402 1536 καὶ
1429 1481 1536 1536 τῶν
1568 1483 1741 1538 ἄλλων

181 1567 452 1641 βαρϐάρων
484 1573 865 1644 σωφρονισταὶ,
896 1575 1285 1647 ἀποτρεπτικοί
1325 1592 1387 1628 τε
1428 1575 1609 1646 πάσης
1647 1577 1738 1628 ἐκ-

178 1660 365 1732 θέσμου
398 1667 494 1716 καὶ
520 1664 818 1736 θηριώδους
840 1666 1050 1739 διαίτης
1074 1685 1086 1697 ⁸
1125 1668 1277 1740 νόμοι
1312 1667 1421 1720 τῶν
1453 1667 1513 1732 ἐξ
1545 1668 1739 1731 αἰῶνος

178 1754 298 1824 παρ’
325 1755 506 1820 αὐτοῖς
540 1757 794 1827 Ἕλλησιν
826 1759 963 1812 ἐθῶν
1012 1760 1422 1830 ἁνατρεπτικοὶ,
1456 1758 1651 1828 καινῆς
1681 1758 1737 1812 δέ

183 1846 263 1898 (αἱ
293 1846 518 1916 ἀληθοῦς
561 1849 838 1913 εὐσεϐείας
886 1851 1323 1919 καταγγελτικοί.
1367 1851 1431 1904 TI
1471 1851 1605 1923 δῆτα
1648 1847 1740 1905 οὖν

178 1942 280 2003 τοῖς
308 1941 468 1994 πάλαι
501 1941 659 2012 γόησι
697 1943 801 2014 πρὸ
832 1939 940 1996 τῶν
969 1943 1061 1996 τοῦ
1098 1943 1270 2014 Ἰησοῦ
1318 1944 1542 2014 χρόνων,
1570 1944 1603 2013 ἢ
1645 1945 1738 1996 καὶ

181 2030 307 2099 μετὰ
331 2033 500 2086 ταῦτα
522 2032 781 2097 τοιοῦτον,
805 2033 837 2103 ἦ
862 2035 955 2086 καὶ
983 2032 1361 2104 παραπλήσιον
1387 2031 1734 2103 τετόλμηται,

179 2123 246 2185 ὡς
266 2124 481 2188 εἰκότως
516 2125 680 2192 φάναι
713 2126 874 2178 αὑτὸν
916 2125 1043 2195 παρ’
1081 2125 1282 2195 ἐτέρων
1307 2124 1620 2194 ὠφελῆσθαι
1667 2124 1736 2178 τὰ

176 2216 266 2285 τῆς
289 2217 566 2288 γοητείας;
611 2219 674 2271 Εἰ
705 2219 748 2271 δ’
793 2219 980 2272 οὐδένα
1009 2219 1072 2273 ἄν
1104 2235 1187 2281 τις
1229 2217 1341 2287 ἔχοι
1383 2217 1559 2285 λέγειν
1587 2217 1737 2287 αύτῷ

175 2309 438 2376 γεγονέναι
484 2311 668 2379 ὅμοιον
707 2311 918 2381 (οὐδεὶς
954 2310 1062 2382 γάρ
1100 2307 1168 2381 ἦν
1227 2309 1377 2380 αύτῷ
1421 2309 1592 2373 αἴτιος
1636 2311 1736 2379 τῆς

172 2402 423 2473 τοσαύτης
455 2404 722 2474 ἀρετῆς),
757 2403 875 2474 ὦρα
923 2403 1213 2474 τοιγαροῦν
1249 2403 1530 2474 ὁμολογεῖν
1579 2403 1734 2474 ξένην

171 2494 284 2546 τινὰ
311 2496 398 2547 καὶ
429 2495 579 2548 θείαν
606 2496 766 2564 φύσιν
792 2494 1345 2566 ἐπιδεδημηκέναιτῷ
1385 2495 1503 2566 βίῳ,
1596 2497 1732 2568 μόνῃ

173 2586 257 2637 καὶ
290 2585 479 2659 πρώτῃ
512 2587 580 2640 τὰ
621 2586 981 2657 μηδεπώποτε
1017 2587 1147 2658 παρ’
1187 2585 1493 2658 ἀνθρώποις
1529 2605 1737 2659 μνημο-

171 2675 410 2728 νευθέντα
429 2676 808 2748 κατώρθωται.
839 2677 996 2732 Ἀλλὰ
1027 2678 1311 2732 καὶταῦτα
1337 2679 1436 2750 μὲν
1460 2673 1562 2733 ὧδε
1587 2679 1737 2743 τέλος

171 2765 346 2834 ἐχέτω.

1849 562 2014 614 minis
2078 568 2326 614 naturam
2376 561 2634 632 effugiat?
2671 561 2911 616 Decretis
2963 575 3091 616 vero
3123 568 3177 615 et
3212 575 3422 631 regum,

1845 659 1899 706 et
1937 667 2125 705 eorum
2176 653 2268 722 qui
2316 653 2460 723 leges
2510 653 2724 722 priscas
2761 653 3125 716 condiderint,
3159 660 3214 707 et
3248 652 3426 723 philo-

1845 744 2163 812 sophorum,
2198 754 2251 799 et
2280 753 2585 814 poetarum,
2617 752 2670 798 et
2701 745 3075 815 theologorum
3120 744 3424 798 contrarias

1846 836 1990 905 leges
2022 851 2240 904 ponere,
2269 852 2390 906 qua:
2410 837 2830 892 simulacrorum
2854 837 3059 892 cultum
3086 843 3420 908 oppugnent.

1845 944 2072 998 quaeque
2107 930 2252 999 quod
2283 931 2472 984 volunt
2500 929 2803 996 obtineant,
2833 929 3164 1000 easdemque
3194 931 3424 1001 inexpu-

1844 1020 2110 1091 gnabiles.
2138 1029 2192 1074 et
2222 1020 2452 1076 invictas
2487 1021 2540 1074 in
2572 1028 2893 1091 perpetuum
2922 1020 3426 1092 constituere,quis

1843 1129 1908 1168 ex
1948 1115 2203 1169 omnibus
2253 1115 2346 1184 qui
2392 1130 2632 1185 unquam
2685 1113 2906 1174 fuerint.
2938 1114 3304 1184 prmstigiator
3329 1129 3424 1168 co-

1842 1207 2070 1278 gitavit?
2098 1209 2165 1260 At
2213 1207 2359 1263 enim
2413 1206 2664 1261 Salvator
2696 1221 2760 1262 ac
2805 1205 3068 1261 Dominus
3099 1214 3285 1262 noster
3312 1222 3422 1262 non

1843 1301 1924 1356 sic
1960 1299 2176 1370 quidem
2220 1299 2479 1368 cogitavit
2508 1299 2632 1358 hoc.
2669 1309 2727 1352 ut
2751 1307 2942 1368 postea
2972 1298 3193 1368 aggredi
3217 1312 3325 1354 non
3353 1299 3424 1354 sit

1845 1407 2045 1456 ausus;
2079 1405 2256 1460 neque
2283 1405 2412 1445 vero
2440 1391 2520 1444 sic
2549 1405 2840 1460 aggressus
2868 1398 2972 1454 εει,
3000 1399 3059 1444 ιιι
3097 1397 3284 1460 postea
3312 1405 3424 1445 non

1843 1481 2128 1553 perfecerit
2162 1501 2174 1535 ε
2207 1481 2302 1538 sed
2331 1496 2441 1536 uno
2467 1483 2636 1537 verbo
2666 1497 2882 1551 unaque
2913 1496 3044 1536 voce
3088 1496 3213 1536 cum
3247 1481 3423 1538 dixis-

1842 1583 1928 1628 set
1984 1573 2051 1627 ad
2113 1588 2245 1629 suos
2306 1572 2659 1643 discipulos:
2700 1572 2858 1642 132
2915 1591 2934 1624 ι
2990 1571 3086 1637 Ite,
3152 1572 3425 1628 instituite

1841 1680 2032 1720 omnes
2058 1673 2248 1735 gentes
2289 1665 2344 1720 in
2386 1666 2605 1720 nomine
2656 1682 2798 1731 meo,
2843 1665 3103 1722 docentes
3157 1680 3254 1721 eas
3305 1681 3425 1721 ser-

1842 1769 1970 1809 vare
1993 1770 2334 1824 qua-cunque
2359 1753 2611 1808 mandavi
2631 1755 2870 1820 vobis”,
2894 1775 2911 1806 ι
2934 1755 3101 1810 verbo
3118 1770 3230 1810 rem
3261 1762 3426 1826 atque

1845 1844 2140 1900 efficaciam
2202 1843 2404 1915 adjecit
2434 1862 2448 1895 :
2480 1845 2946 1916 atque‘evestigio
2987 1846 3040 1900 in
3075 1845 3423 1916 disciplinam

1846 1935 1994 1990 venit
2051 1934 2204 1990 brevi
2260 1942 2507 2006 tempore
2544 1951 2706 1992 omne
2737 1951 2912 2008 genus
2949 1944 3004 1990 et
3029 1936 3342 1992 Graecorum
3370 1944 3428 1992 et

1843 2024 2200 2078 barbarorum
2237 2042 2251 2078 :
2285 2031 2338 2078 et
2386 2025 2532 2095 leges
2564 2027 2618 2080 ᾗ]
2656 2034 2888 2081 cunctas
2910 2026 3158 2082 nationes
3179 2026 3429 2083 dissemi-

1845 2126 1987 2172 nata:
2013 2125 2161 2183 sunt,
2191 2118 2431 2189 antiquae
2445 2119 2824 2189 superstitioni
2846 2120 3202 2176 adversantes
3235 2138 3248 2175 :
3280 2119 3425 2194 leges

1843 2211 2150 2267 daemonum
2193 2212 2638 2284 oppugnatrices,
2692 2221 2748 2268 et
2793 2214 2974 2269 omnis
3017 2213 3073 2267 in
3125 2212 3423 2269 multorum

1842 2301 2069 2356 deorum
2102 2304 2253 2358 cultu
2293 2304 2499 2359 erroris
2533 2303 2768 2358 inimicm
2796 2321 2809 2357 :
2839 2304 2986 2374 leges
3017 2303 3347 2376 Scytharum
3371 2311 3426 2359 et

1842 2393 2134 2449 Persarum
2163 2402 2217 2450 et
2244 2395 2478 2449 aliorum
2529 2395 2888 2450 barbarorum
2928 2395 3340 2458 moderatrices,
3371 2402 3426 2450 et

1841 2503 1962 2557 qua:
2004 2487 2386 2542 damnaverint
2435 2503 2651 2542 omnem
2709 2488 2778 2543 ab
2807 2487 2954 2542 omni
3009 2487 3132 2557 jure
3184 2487 3424 2542 alierum

1842 2593 1905 2634 ac
1935 2579 2168 2634 ferinum
2197 2579 2400 2633 victum
2428 2597 2440 2631 :
2467 2579 2615 2648 leges
2660 2594 2783 2650 qua:
2821 2579 3119 2635 everterint
3164 2592 3426 2648 quazcun-

1841 2689 1949 2746 que
1997 2673 2248 2728 instituta
2299 2671 2589 2726 habuerint
2644 2670 2819 2727 Graeci
2871 2672 2940 2727 ab
2991 2671 3147 2726 iuitio
3196 2670 3422 2726 humani

1846 2765 2101 2838 generis,
2155 2772 2210 2821 el.
2264 2779 2463 2820 novam
2515 2779 2811 2836 veramque
2875 2765 3128 2834 pietatem
3195 2762 3420 2817 induxe-

170 2859 292 2913 rint.
327 2861 436 2916 Cur
490 2863 657 2934 igitur
719 2867 960 2936 antiquis
1013 2865 1504 2935 praestigiatoribus
1565 2871 1691 2918 ante
1721 2861 1851 2918 Jesu
1882 2870 2150 2932 tempora,
2205 2866 2301 2914 aut
2350 2858 2513 2914 etiam
2560 2865 2705 2929 post,
2767 2856 2904 2912 nihil
2961 2856 3068 2911 tale
3106 2862 3216 2910 aut-
3244 2854 3422 2910 simile

171 2951 454 3023 inemptum
487 2966 589 3018 est,
630 2964 687 3010 ut
717 2958 1076 3028 probabiliter
1107 2957 1375 3011 afﬁrmare
1413 2955 1710 3026 possimus,
1735 2954 1887 3008 illum
1921 2953 1990 3007 ab
2020 2953 2142 3008 aliis
2179 2952 2232 3006 in
2268 2952 2336 3008 iis
2389 2967 2512 3023 qua:
2571 2951 2638 3005 ad
2673 2949 2974 3021 praestigias
3012 2950 3286 3021 pertinent
3324 2949 3420 3002 ad-

165 3041 334 3111 jutum
373 3046 581 3102 fuisse?
623 3049 777 3115 Quod
809 3051 854 3105 si
921 3065 1080 3104 nemo
1138 3049 1215 3102 illi
1283 3048 1514 3102 similem
1546 3046 1856 3117 quempiam
1887 3043 2133 3114 proferre
2163 3045 2338 3114 possit
2369 3045 2576 3114 (nullus
2614 3043 2758 3099 enim
2792 3043 2868 3097 illi
2893 3051 3055 3098 tanta:
3086 3051 3277 3096 auctor
3305 3041 3412 3096 vir-

173 3138 340 3208 tutis),
368 3139 480 3206 jam
515 3157 645 3210 ergo
688 3141 966 3197 fatendum
997 3143 1088 3207 sit,
1143 3142 1458 3196 inusitatam
1507 3139 1800 3210 quamdam
1843 3137 2195 3207 divinamque
2244 3145 2497 3191 naturam
2554 3137 2696 3192 inter
2756 3137 3006 3191 homines
3054 3149 3177 3190 esse
3223 3148 3410 3189 versa-

165 3232 291 3291 tam,
362 3244 481 3298 qua:
541 3230 657 3285 sola
698 3238 752 3285 et
791 3232 966 3301 prima
997 3247 1059 3286 ea
1094 3247 1214 3301 qua:
1260 3245 1543 3301 nunquam
1586 3227 1842 3283 humanis
1895 3228 2124 3282 auribus
2185 3227 2374 3282 audita
2412 3227 2544 3292 sint,
2579 3227 2887 3299 perfecerit.
2925 3226 2990 3280 Et
3041 3227 3155 3282 haec
3202 3226 3420 3296 quidem

171 3319 440 3378 hactenus.

229 3413 391 3467 Πάλιν
420 3415 479 3468 δέ
510 3415 602 3468 ἐπὶ
630 3415 721 3468 τὸν
749 3415 813 3468 δι’
838 3415 1085 3480 ἐναντίας
1123 3417 1282 3481 ἰτέον,
1315 3418 1615 3489 ἐρωτητέον
1646 3437 1726 3484 τε,

1904 3417 2060 3474 Nunc
2111 3434 2306 3474 rursus
2368 3417 2762 3474 contradicenti
2827 3419 3143 3475 adversario
3203 3417 3418 3473 obviam

170 3509 338 3562 εἴποτε
363 3510 660 3581 ὀφθαλμοῖς
691 3507 850 3574 οἶδεν,
887 3512 920 3584 ἧ
960 3515 1095 3584 ἀκοῇ
1129 3513 1268 3582 ἔγνω
1304 3517 1506 3586 γόητάς
1548 3534 1606 3569 τε
1638 3517 1730 3569 καὶ

172 3603 481 3670 φαρμακέας
508 3603 631 3673 δίχα
660 3604 897 3658 σπονδῶν
926 3607 1018 3658 καὶ
1057 3607 1309 3678 θυμάτων
1343 3608 1438 3662 καὶ
1465 3608 1732 3680 δαιμόνων

172 3693 493 3766 ἐπικλήσεὼς
524 3713 584 3748 τε
609 3696 703 3748 καὶ
733 3699 1033 3768 παρουσίας
1064 3699 1439 3770 γοητεύοντας.
1461 3702 1605 3771 Μήτι
1638 3697 1731 3754 οὖν

174 3787 254 3838 καὶ
302 3787 442 3840 κατά
492 3788 585 3841 τοῦ
629 3789 878 3860 Σωτῆρος
923 3791 1100 3862 ἡμῶν,
1151 3792 1183 3862 ἦ
1229 3793 1370 3846 κατὰ
1416 3791 1524 3846 τῶν
1566 3794 1729 3847 αὑτοῦ

173 3874 400 3950 λόγων,ῆ
435 3878 575 3932 κατὰ
605 3879 714 3932 τῶν
756 3879 924 3933 εἰσέτι
963 3880 1058 3933 νῦν
1094 3879 1398 3952 ζηλούντων
1438 3884 1530 3936 τὸν
1563 3884 1728 3938 αὐτοῦ

177 3964 291 4032 βίον,
317 3969 425 4039 ἔχει
459 3987 542 4031 τις
568 3969 821 4039 τοιαύτην
850 3971 1132 4042 ἐπιφέρειν
1164 3972 1447 4045 διαϐολήν;
1475 3975 1610 4046 Ούχὶ
1637 3978 1730 4030 καὶ

175 4059 336 4130 τάφλῴ
364 4062 540 4132 δῆλον,
570 4061 645 4123 ὼς
684 4063 792 4114 πᾶν
818 4062 1121 4116 τούναντίον
1151 4063 1360 4128 τούτοις
1381 4068 1538 4137 ἡμεῖς
1573 4069 1620 4119 οἰ
1660 4068 1729 4122 τὰ

185 4150 337 4222 Ἰησοῦ
376 4155 697 4226 φρονοῦντες
725 4155 1134 4226 ἐπιτηδεύομεν,
1167 4157 1359 4211 θᾶττον
1393 4161 1490 4230 μὲν
1517 4159 1728 4231 θανάτῳ

175 4242 257 4314 τὴν
296 4245 471 4317 ψυχὴν
521 4247 554 4317 ἣ
593 4246 810 4319 δαίμοσι
843 4247 1034 4301 θυσίαν
1077 4248 1337 4319 προέσθαι
1387 4249 1724 4320 τολμῶντες,

179 4333 345 4390 θᾶττον
374 4339 428 4390 δὲ
457 4339 556 4408 τῆς
581 4338 728 4410 ζωῆς
760 4338 1100 4409 ἐξιστάμενοι
1130 4341 1161 4411 ἦ
1191 4343 1301 4404 τοῖς
1325 4345 1582 4412 πονηροῖς
1615 4344 1728 4395 δαί-

183 4445 286 4496 μοσι
340 4431 672 4502 δουλωθῆναι
721 4433 1114 4503 ὑπομένοντες;
1173 4434 1268 4497 Τίς
1310 4434 1366 4486 δὲ
1422 4435 1522 4488 οὐκ
1566 4431 1723 4498 οἶδεν,

183 4519 305 4586 ὅπως
343 4526 434 4578 σὺν
487 4527 622 4596 αὐτῇ
659 4528 724 4596 τῇ
768 4525 862 4577 τοῦ
891 4526 1066 4596 Ἰησοῦ
1113 4527 1454 4598 προσηγορίᾳ
1498 4528 1590 4580 καὶ
1630 4528 1726 4580 σὺν

184 4613 340 4684 εὐχαῖς
384 4618 798 4690 καθαρωτάταις
830 4619 938 4670 πᾶν
981 4619 1042 4670 τὸ
1071 4618 1342 4688 δαιμόνων
1383 4617 1543 4689 ἔργον
1589 4621 1726 4671 άπε-

185 4703 364 4764 λαύνειν
401 4713 530 4782 ἡμῖν
571 4711 721 4779 φίλον
756 4711 935 4774 ἐστίν;
972 4703 1140 4773 Οὗτος
1170 4713 1198 4763 ὁ
1239 4710 1332 4763 τοῦ
1366 4711 1540 4781 Ἰησοῦ
1571 4711 1726 4778 λόγος

187 4803 261 4855 καὶ
302 4806 332 4874 ἡ
367 4806 492 4876 παρ’
525 4805 689 4859 αὑτοῦ
742 4803 1056 4857 διδασκαλία
1105 4804 1238 4858 πολὺ
1296 4804 1575 4875 κρείττους
1623 4803 1724 4873 τῆς

190 4893 380 4966 ἀοράτου
442 4899 646 4968 ταύτης
703 4895 984 4967 δυνάμεως
1048 4897 1255 4959 πάντας
1315 4898 1464 4966 ἡμᾶς
1529 4896 1722 4966 ἀπειρ-

193 4987 388 5053 γάσατο,
415 4988 640 5062 ἐχθρούς
686 5005 747 5040 τε
787 4988 1053 5057 δαιμόνων
1105 4988 1200 5040 καὶ
1251 4987 1574 5056 πολεμίους,
1609 4986 1721 5039 ἀλλ’

195 5078 239 5128 ού
263 5081 444 5148 φίλους,
508 5081 631 5134 ούδέ
685 5081 969 5152 συνήθεις,
1037 5079 1233 5133 πολλοῦ
1291 5079 1373 5132 δεῖ
1449 5079 1724 5149 ὑπηκόους

197 5171 268 5223 καὶ
307 5175 634 5246 ὑποχειρίους
669 5170 809 5228 εἶναι
859 5171 1283 5246 παρεσκεύασεν.
1332 5173 1391 5225 Ὀ
1449 5171 1512 5242 δὴ
1545 5171 1723 5224 τοιού-

198 5277 288 5326 τους
307 5269 439 5337 ἡμᾶς
484 5265 839 5338 προαγαγὼν,
889 5265 1006 5328 πῶς
1059 5264 1124 5317 ἂν
1171 5263 1330 5327 αὐτὸς
1370 5261 1552 5326 δοῦλος
1601 5265 1722 5330 ἐγε-

199 5355 307 5422 γόνει
348 5359 646 5431 δαιμόνων;
711 5359 828 5423 πῶς
876 5358 920 5410 δ’
977 5357 1042 5410 ἂν
1085 5359 1196 5418 τοῖς
1255 5357 1508 5426 πονηροῖς
1557 5355 1720 5408 πνεύ-

200 5465 322 5516 μασιν
365 5453 586 5516 ἐθυσεν;
630 5452 662 5522 ἢ
702 5451 819 5514 πῶς
866 5450 1094 5522 βοηθοὺς
1151 5449 1408 5519 δαίμονας
1457 5447 1720 5500 ἐπεκαλέ-

198 5557 292 5597 σατο
333 5549 383 5599 ἐν
431 5549 552 5610 ταῖς
592 5545 1096 5617 παραδοξοποιίαις,
1130 5543 1289 5596 ὁπότε
1338 5543 1503 5595 εἰσέτι
1566 5541 1724 5612 δεῦρο

197 5639 272 5699 πᾶς
297 5639 488 5710 δαίμων
531 5639 627 5692 καί
673 5639 780 5691 πᾶν
812 5636 1118 5707 ἀκάθαρτον
1163 5635 1400 5707 πνεῦμα,
1433 5634 1506 5698 ῶς
1531 5652 1583 5688 τι
1615 5634 1723 5687 τῶν

245 5797 277 5828 ⁸⁸
327 5799 505 5852 Matth.
552 5792 964 5860 xxvm,I9,20.

348 5896 612 5954 Parnm.
664 5891 782 5951 Gn.
831 5888 1036 5951 XXII.

1833 3510 2098 3574 eundum,
2119 3510 2276 3581 isque
2303 3510 2725 3580 interrogandus
2752 3529 2764 3564 :
2787 3511 3070 3579 ecquando
3101 3512 3216 3565 suis
3241 3516 3414 3573 oculis

1834 3601 2028 3656 viderit
2062 3603 2357 3657 auribusve
2405 3601 2732 3672 perceperit,
2763 3603 3188 3673 prrestigiatqres
3219 3618 3282 3656 ac
3313 3619 3408 3658 ve-

1833 3695 2038 3750 neficos
2097 3695 2367 3760 homines,
2420 3695 2538 3749 sine
2588 3695 2940 3749 libatiouibus
2989 3706 3042 3750 et
3091 3696 3403 3757 sacriﬁciis.

1833 3790 2246 3857 daemonumque
2280 3787 2625 3842 invocatione
2679 3801 2744 3841 ac
2774 3788 3084 3857 prznsentia,
3115 3788 3415 3858 quidquam

1831 3881 2124 3951 operatos?
2164 3879 2420 3950 Nunquid
2477 3879 2644 3950 igitur
2687 3886 2781 3934 aut
2826 3886 3024 3933 contra
3079 3877 3419 3934 Salvatorem

1831 3983 2102 4041 nostrum,
2157 3981 2251 4027 aut
2306 3979 2499 4026 contra
2558 3972 2706 4026 illius
2757 3981 3051 4043 prazcepta,
3101 3979 3196 4026 aut
3251 3970 3416 4026 etiam

1831 4072 2019 4119 contra
2050 4081 2145 4121 eos
2177 4064 2271 4135 qui
2299 4064 2462 4120 hodie
2489 4079 2709 4134 quoque
2739 4065 2887 4118 illius
2914 4064 3079 4116 vitam
3109 4062 3413 4124 imitantur,

1830 4158 2004 4227 possit
2035 4157 2232 4228 aliquis
2266 4157 2426 4212 talem
2456 4156 2669 4226 jactare
2703 4155 3073 4210 calumniam?
3110 4154 3303 4211 Nonne
3342 4160 3423 4212 vel

1829 4251 2136 4306 caecutienti
2162 4250 2512 4320 perspicuum
2545 4264 2646 4304 nos
2679 4251 2992 4319 quicunque
3020 4247 3209 4304 Jesum
3239 4257 3417 4304 secta-

1829 4360 1973 4411 mur,
2015 4344 2136 4400 istis
2193 4344 2352 4414 plane
2405 4344 2680 4397 contraria
2741 4344 2923 4397 omnia
2975 4343 3191 4414 operari
3252 4353 3415 4412 atquc

1830 4437 2104 4507 amplecti,
2137 4443 2190 4492 et
2225 4437 2387 4491 citius
2416 4435 2526 4506 pati
2565 4442 2624 4489 ut
2666 4435 2828 4488 morti
2859 4433 3120 4498 animam,
3154 4450 3316 4504 quam
3356 4443 3416 4486 ut

1829 4529 2168 4582 ιιιηηιοηίὴιιε
2191 4527 2521 4582 sacrificium
2543 4525 2839 4581 offeramus
2869 4545 2882 4580 :
2915 4525 3080 4579 citius
3101 4541 3229 4579 vero
3254 4527 3416 4581 susti-

1830 4639 1959 4678 nere
1987 4621 2054 4677 de
2088 4622 2196 4675 vita
2226 4621 2513 4684 excedere,
2540 4636 2702 4691 quam
2739 4619 2928 4689 pravis
2970 4617 3310 4673 daemonibus
3358 4620 3411 4672 in

1830 4714 2146 4767 servitutem
2196 4711 2347 4765 dari?
2389 4709 2523 4777 Quis
2574 4719 2754 4764 autem
2799 4710 3014 4780 ignorat
3057 4715 3261 4782 nostrae
3291 4724 3414 4764 esse

1759 4778 1800 4834 θ
1831 4805 2268 4868 consuetudinis,
2293 4803 2412 4874 ipso
2435 4801 2564 4858 Jesu
2597 4801 2839 4862 nomine,
2863 4809 2918 4854 et
2953 4801 3266 4870 purissimis
3291 4815 3414 4871 pre-

1831 4901 2011 4962 cibus,
2065 4913 2282 4953 omnem
2325 4896 2632 4950 damonum
2659 4893 3001 4948 vexationem
3045 4890 3412 4962 abigere?Sic

1832 4991 2004 5061 ipsius
2051 4988 2180 5045 Jesu
2248 4989 2497 5054 verbum,
2555 4987 2911 5056 ejusdemque
2969 4984 3242 5050 doctrina,
3302 4983 3412 5036 isto

1831 5082 2118 5153 potestatis
2174 5079 2434 5134 invisibili
2483 5093 2701 5148 genere,
2737 5083 2798 5130 ut
2847 5090 3039 5130 omnes
3093 5088 3196 5128 nos
3251 5073 3412 5143 longe

1828 5173 2162 5244 potentiores
2227 5186 2508 5233 essemus,
2575 5167 2786 5231 effecit,
2854 5166 3166 5221 daemonum
3221 5165 3411 5234 utique

1832 5267 2019 5322 hostes
2076 5277 2240 5337 atque
2307 5265 2578 5327 inimicos,
2630 5277 2741 5316 non
2801 5267 2983 5314 autem
3052 5259 3259 5313 amicos
3315 5265 3410 5311 aut

1831 5358 2128 5415 familiares
2212 5374 2316 5414 nos
2390 5357 2661 5422 reddens;
2733 5364 2940 5424 quanto
3021 5368 3152 5424 ergo
3227 5353 3410 5407 minus

1830 5467 2018 5506 eorum
2068 5452 2217 5505 dicto
2270 5451 2574 5516 audientes,
2597 5455 2692 5503 aut
2730 5447 3011 5516 subjectos
3051 5443 3412 5514 comparavit?

1836 5542 1992 5612 133
2025 5541 2127 5606 Qui
2161 5541 2327 5610 igitur
2353 5556 2456 5595 nos
2499 5541 2638 5595 tales
2669 5537 2952 5610 produxit,
2975 5537 3067 5608 qui
3091 5535 3206 5591 fieri
3232 5542 3410 5604 potest

1834 5640 1893 5686 ut
1927 5635 2042 5703 ipse
2084 5631 2429 5690 daemonibus
2483 5631 2647 5687 fuerit
2697 5629 2992 5686 addictus?
3039 5628 3213 5694 Quam
3243 5639 3412 5698 porro

3055 5877 3096 5940 8
