3880 6256
486 345 618 401 435

1142 339 1411 396 EUSEBll
1447 339 1922 397 CASSARIENSIS
1969 339 2117 396 OPP.
2164 339 2365 394 PARS.
2406 339 2476 395 Il.
2516 371 2585 382 —
2624 335 3116 396 APOLOGETICA.
3631 336 3718 391 256

508 456 769 513 credibile
800 455 871 511 sit
899 454 1074 519 illum,
1120 463 1216 509 aut
1266 455 1532 526 improbis
1584 456 1872 526 spiritibus
1920 471 2077 511 sacra

2187 456 2517 511 κολαστικῶν
2558 458 2649 510 καὶ
2696 453 3092 527 βασανιστικῶν
3142 451 3241 522 τῆς
3282 448 3483 512 οἰκείας
3511 447 3718 517 φύσεως,

509 550 726 613 fecisse,
766 555 857 603 aut
911 547 1186 602 daemonas
1243 546 1308 600 ad
1365 547 1629 601 auxilium
1668 563 1914 612 vocasse,
1946 549 2073 602 dum

506 644 771 698 miracula
795 642 999 703 ederet,
1029 641 1249 711 quando
1299 641 1462 696 hodie
1508 656 1725 712 quoque
1757 642 1936 696 omnis
1969 643 2077 696 dae-

508 752 662 801 mon,
693 735 984 804 omnisque
1025 734 1274 803 impurus
1303 734 1557 804 spiritus,
1593 736 1668 789 ita
1706 732 1834 788 Jcsu
1879 748 2075 789 nomen

505 831 785 892 exhorret,
821 835 881 882 ut
905 843 1072 882 unum
1109 827 1313 896 aliquid
1344 842 1532 882 eorum
1563 842 1682 895 quae
1713 825 1887 896 ipsius
1915 834 2076 880 natu-

505 936 624 978 ram
656 920 959 991 castigandi
991 936 1055 975 ac
1085 920 1376 990 torquendi
1426 921 1533 973 vim
1570 918 1827 981 habeant,
1874 917 2077 973 aufert-

506 1029 616 1085 que
646 1029 706 1069 se
735 1013 905 1077 illico,
931 1021 986 1068 et
1016 1013 1269 1068 concedit
1295 1031 1310 1067 :
1339 1019 1548 1066 tantam
1581 1012 1751 1067 sentit
1783 1013 1931 1067 illius
1984 1026 2078 1066 no-

508 1105 671 1159 minis
706 1105 835 1159 vim.
871 1102 963 1159 Sic
985 1119 1119 1160 sane
1142 1104 1271 1158 olim
1305 1118 1542 1174 quoque,
1569 1118 1693 1158 cum
1723 1105 1869 1158 inter
1902 1104 2078 1158 homi-

507 1212 608 1253 nes
653 1196 890 1268 degeret,
940 1212 1048 1250 non
1083 1194 1319 1251 ferentes
1351 1196 1498 1250 illius
1532 1197 1903 1265 praesentiam,
1936 1196 2077 1252 alius

508 1289 747 1353 aliunde,
780 1290 1132 1344 clamabant:
1179 1308 1197 1340 ‹
1241 1289 1371 1360 Age,
1399 1288 1530 1357 quid
1553 1289 1712 1343 nobis
1731 1296 1784 1342 et
1808 1289 1925 1353 tibi,
1946 1288 2077 1344 Jesu

505 1375 610 1434 Fili
634 1378 761 1434 Dei?
792 1380 986 1434 venisti
1012 1388 1139 1433 ante
1173 1387 1386 1448 tempus
1404 1386 1659 1448 torquere
1683 1393 1783 1435 nos
1806 1379 1850 1411 ⁸¹
1877 1379 1901 1432 ?
1942 1400 1961 1431 ι
1985 1378 2080 1433 Vir

508 1478 692 1527 autem
728 1469 1019 1541 praestigiis
1045 1484 1274 1540 prorsus
1304 1471 1572 1535 intentus,
1598 1477 1653 1524 et
1693 1473 1852 1540 plane
1884 1449 2078 1540 despe-

508 1564 644 1619 ratis
674 1563 841 1619 rebus
869 1578 1031 1617 omne
1059 1577 1218 1617 suum
1245 1562 1488 1617 studium
1520 1562 1866 1632 impendens,
1897 1578 2080 1618 nonne

506 1656 591 1711 vel
622 1655 941 1726 imprudens
976 1656 1094 1726 ipse
1136 1655 1204 1710 de
1246 1654 1428 1725 seipso
1458 1655 1663 1709 indicio
1695 1655 1787 1720 sit,
1815 1658 1961 1724 quod
1993 1655 2080 1709 in-

510 1746 689 1802 fandis
737 1747 1003 1813 moribus,
1054 1746 1219 1817 quod,
1252 1748 1539 1811 scelestus,
1588 1747 1735 1817 quod
1785 1748 2076 1812 obscenus,

507 1840 652 1910 quod
687 1841 935 1911 religioni
975 1841 1253 1904 inimicus,
1291 1840 1437 1910 quod
1471 1840 1730 1911 injustus,
1779 1842 1926 1911 quod
1985 1841 2083 1894 im-

509 1933 667 2002 pius?
698 1932 801 1999 Qui
833 1948 964 1988 vero
991 1935 1115 1989 talis
1147 1934 1239 2000 sit,
1282 1933 1426 1988 unde
1449 1941 1542 1988 aut
1568 1932 1843 2002 quomodo
1873 1947 1935 1987 ea
1961 1947 2082 2002 quae

510 2025 580 2080 ad
626 2025 944 2095 religionem
981 2026 1274 2095 pertinent,
1331 2026 1472 2081 alios
1519 2026 1748 2082 doceat?
1798 2024 2082 2092 Quomodo

512 2119 639 2174 item
683 2134 805 2189 qua:
845 2118 912 2172 ad
961 2118 1404 2188 temperantiam,
1436 2134 1557 2188 quae
1588 2118 1656 2173 ad
1687 2117 1783 2172 Dei
1814 2115 2083 2186 cognitio-

510 2226 657 2278 nem,
717 2226 838 2281 quze
887 2212 952 2267 ad
987 2211 1232 2266 divinum
1270 2211 1444 2265 forum
1485 2226 1549 2267 ac
1583 2209 1852 2281 judicium
1883 2207 2082 2262 summi

511 2303 645 2359 Dei?
670 2303 862 2359 Nonne
888 2304 975 2359 his
999 2304 1256 2359 omnibus
1284 2303 1561 2358 contraria
1589 2302 1771 2371 potius
1801 2315 2078 2355 commen-

508 2394 600 2448 det
630 2409 694 2449 ac
732 2394 1006 2464 praeferat,
1055 2410 1168 2449 sua:
1209 2394 1384 2464 ipsius
1435 2392 1689 2463 nequitiae
1719 2398 2082 2447 consentanea

512 2486 873 2556 perpetrans?
903 2486 1094 2541 Nonne
1126 2486 1316 2549 Deum,
1359 2485 1562 2555 Deique
1592 2483 1990 2554 providentiam
2020 2489 2084 2538 a'c

512 2580 605 2635 Dei
635 2580 904 2648 judicium
934 2577 1131 2649 neget?
1164 2576 1357 2631 Nonne
1398 2576 1581 2631 omnia
1619 2575 1685 2628 de
1714 2574 1938 2635 virtute,
1965 2587 2084 2626 om-

510 2674 600 2728 nia
627 2672 694 2727 de
736 2672 1152 2726 immortalitate
1187 2670 1382 2723 anima:
1412 2668 1575 2722 verba
1627 2666 1893 2721 irrideat?
1925 2663 2082 2730 Quod

510 2765 558 2820 si
589 2763 719 2834 quid
751 2763 860 2816 tale
888 2762 1052 2816 etiam
1085 2761 1139 2814 in
1173 2760 1240 2814 iis
1271 2775 1392 2829 qua:
1421 2759 1486 2813 ad
1521 2758 1858 2812 Salvatorem
1899 2755 2085 2810 Domi-

509 2869 758 2922 numque
789 2860 1041 2907 nostrum
1074 2851 1370 2920 pertinent,
1404 2849 1603 2903 intueri
1646 2848 1918 2912 licuisset,
1946 2846 2084 2901 nihil

513 2962 646 3002 sane
680 2944 873 2999 fuisset
906 2941 1222 2998 dicendum.
1261 2949 1330 2994 At
1358 2956 1488 2995 vero
1509 2955 1633 2995 cum
1658 2939 1715 2993 in
1747 2937 1977 3010 singulis
1997 2952 2085 2992 re-

512 3039 616 3095 bus
647 3044 701 3093 et
737 3036 945 3100 verbis,
973 3034 1215 3089 universi
1246 3032 1495 3105 opificem
1552 3030 1719 3086 Deum
1755 3028 1972 3085 Patrem
1999 3029 2086 3083 in-

510 3145 708 3185 vocare
737 3128 957 3184 solitum
992 3132 1229 3189 constet,
1269 3126 1519 3194 talesque
1563 3138 1703 3193 quos
1752 3123 1807 3177 in
1841 3120 2085 3191 discipli-

511 3237 639 3277 nam
664 3220 959 3289 acciperet,
986 3231 1338 3288 comparasse
1364 3234 1377 3269 :
1404 3230 1529 3271 cum
1558 3222 1612 3269 et
1637 3214 1751 3285 ipse
1773 3224 2084 3284 temperans
2111 3244 2154 3300 ο

511 3314 702 3377 fuerit,
753 3321 808 3368 et
852 3312 1144 3367 verborum
1193 3327 1314 3382 quae
1353 3309 1419 3363 ad
1455 3309 1870 3378 temperantiam
1917 3307 2085 3377 perti-

512 3413 644 3463 nent
666 3411 1007 3477 praceptor:
1040 3419 1163 3457 cum
1205 3412 1417 3465 auctor,
1461 3400 1896 3473 praedicatorque
1921 3397 2084 3466 justi-

502 3499 622 3563 πίω,
649 3498 919 3563 veritatis,
942 3494 1327 3557 humanitatis,
1360 3493 1580 3548 virtutis
1606 3492 1874 3547 universae
1907 3509 1921 3546 :
1957 3505 2080 3545 cum

511 3590 794 3662 religionis
842 3588 953 3642 dux
996 3594 1050 3642 et
1100 3586 1381 3656 magister,
1432 3600 1553 3656 quae
1599 3583 1846 3641 omnium
1900 3596 2080 3651 regem

511 3682 680 3740 Deum
721 3682 854 3738 colit
885 3701 898 3736 :
935 3695 1034 3736 cur
1057 3694 1167 3735 non
1189 3680 1277 3735 his
1309 3685 1739 3735 consentaneum
1764 3677 1837 3733 sit
1867 3683 2081 3746 putare,

512 3775 648 3831 nihil
680 3788 872 3830 eorum
903 3789 1026 3843 qua:
1048 3775 1103 3828 in
1144 3772 1237 3827 illo
1264 3771 1623 3833 admiramur,
1658 3770 1727 3824 ab
1752 3769 1847 3822 illo
1877 3783 1973 3837 per
1993 3766 2087 3820 do-

510 3867 625 3921 lum
662 3863 1086 3935 prastigiarum,
1128 3869 1222 3915 aut
1268 3874 1366 3929 per
1396 3857 1668 3912 fallaciam
1700 3854 1954 3927 gestum?
1986 3867 2086 3907 cur

506 3973 623 4013 non
655 3957 839 4027 potius
870 3968 1071 4009 arcana
1101 3952 1337 4023 quadam
1373 3951 1447 4015 vi,
1477 3963 1714 4018 vereque
1742 3948 1926 4002 divina
1950 3961 2083 4001 con-

511 4046 875 4114 ﬁteriiﬂuod
924 4045 970 4103 si
1015 4060 1082 4099 eo
1130 4042 1398 4099 vecordiaa
1435 4040 1777 4111 proveheris,
1813 4047 1870 4093 ut
1905 4052 2083 4107 neque

508 4142 754 4197 rationes
781 4141 1150 4210 ineorruptas,
1176 4151 1352 4206 neque
1379 4137 1667 4191 verborum
1698 4132 2080 4188 necessitatem

2181 548 2275 601 τοῦ
2303 548 2475 618 Ἰησοῦ
2491 550 2552 601 τὸ
2574 548 2741 618 ὄνομα
2760 548 2991 618 φρίττει,
3012 541 3363 610 ὑπεξίσταταί
3383 559 3439 594 τε
3460 543 3550 594 καί¹
3568 560 3721 613 παρα-

2184 646 2350 714 χωρεῖ
2374 646 2437 715 τῇ
2481 643 2579 713 τῆς
2615 641 2983 714 προσηγορίας
3014 639 3269 709 δυθάμεις
3307 636 3593 707 Ὠσπεροῦν
3641 638 3721 689 καὶ

2183 736 2348 790 πάλαι
2378 734 2498 788 καθ’
2522 735 2580 787 ὃν
2609 734 2868 805 ἐπεδήμει
2907 732 2984 802 τῷ
3013 731 3110 801 βίῳ
3136 729 3345 801 χρόνον,
3383 728 3454 799 μὴ
3496 727 3721 798 φέροντες

2183 826 2347 881 αὐτοῦ
2375 826 2471 898 τὴν
2502 825 2822 896 παρουσίαν,
2858 824 3014 886 ἄλλος
3056 823 3278 876 ἄλλοθεν
3313 819 3469 873 ἐϐόα·
3499 838 3516 870 ι
3547 821 3659 883 Ἔα,
3679 819 3721 871 τί

2184 921 2311 990 ἡμῖν
2339 919 2434 971 καὶ
2462 919 2561 981 σοὶ,
2600 916 2771 986 Ἰησοῦ
2792 916 2888 969 Υίὲ
2910 917 3001 969 τοῦ
3031 913 3162 968 Θεοῦ
3190 932 3204 978 ;
3242 910 3401 984 ἦλθες
3424 913 3527 983 πρὸ
3554 911 3720 981 καιροῦ

2188 1012 2474 1083 βασανίσαι
2498 1011 2682 1081 ήμᾶς;
2723 1028 2741 1059 ι
2788 1010 2953 1079 Ἀνὴρ
2980 1008 3023 1060 δ’
3064 1007 3199 1069 ὅλως
3220 1004 3439 1076 γοητεία
3472 1004 3721 1074 προσέχων

2184 1103 2272 1156 τὸν
2293 1102 2437 1168 νοῦν,
2471 1101 2566 1156 καί
2605 1104 2818 1163 πάντως
2848 1098 2912 1167 γέ
2936 1115 3037 1151 που
3067 1098 3267 1166 ἀπειρη
3278 1094 3456 1164 μένοις
3493 1092 3722 1163 πράγμα-

2186 1212 2268 1247 σιν
2310 1194 2594 1265 ὲγχειρῶν,
2649 1191 2736 1265 ἆρ’
2774 1192 2871 1245 οὐκ
2912 1188 2976 1242 ἂν
3010 1189 3096 1258 εἴη
3120 1186 3276 1257 δῆλος
3313 1184 3520 1246 ἀνόσιος
3550 1182 3619 1234 ὣν
3645 1182 3721 1234 τὸν

2184 1287 2403 1357 τρόπον,
2452 1286 2545 1340 καὶ
2602 1286 2815 1358 μιαρὸς,
2886 1284 2980 1337 καὶ
3034 1280 3275 1352 αἰσχρὸς,
3324 1278 3417 1332 καὶ
3452 1276 3615 1340 ἄθεος,
3643 1276 3722 1328 καὶ

2185 1377 2415 1448 ἀσεϐήςς
2449 1377 2697 1441 Τοιοῦτος
2727 1376 2782 1429 δὲ
2808 1374 2903 1437 ὢν,
2934 1373 3093 1426 πόθεν
3129 1373 3162 1442 ἢ
3195 1370 3313 1433 πῶς
3339 1368 3409 1421 τὰ
3435 1369 3556 1438 περὶ
3590 1365 3718 1418 εὐσε-

2186 1466 2333 1530 ϐείας
2378 1466 2606 1531 διδάξειν
2669 1466 2910 1535 ἑτέρους,
2974 1463 3007 1532 ἢ
3039 1462 3106 1514 τὰ
3141 1461 3269 1531 περὶ
3309 1454 3719 1529 σωφροσύνης,ἢ

2185 1561 2253 1614 τὰ
2283 1562 2411 1632 περὶ
2441 1560 2576 1613 Θεοῦ
2607 1560 2879 1628 γνώσεως,
2907 1558 2939 1629 ἣ
2969 1556 3036 1609 τὰ
3070 1555 3198 1626 περὶ
3249 1550 3618 1620 δικαιωτηρίου
3641 1546 3722 1601 καὶ

2193 1655 2428 1724 κρίσεως
2465 1651 2559 1705 τοῦ
2602 1652 2693 1704 ἐπὶ
2745 1651 2960 1704 πάντων
2994 1644 3159 1712 Θεοῦ;
3188 1645 3322 1714 Οὐχὶ
3354 1641 3553 1696 τούτων
3575 1639 3722 1694 ἀπάν-

2186 1762 2292 1798 των
2312 1743 2381 1796 τὰ
2397 1744 2611 1797 ἐναντία
2639 1741 2951 1814 πρεσϐεύει,
2976 1738 3242 1794 ἀκόλουθα
3268 1739 3335 1807 τῇ
3365 1731 3524 1787 αὑτοῦ
3543 1730 3719 1803 μοχθη-

2185 1836 2275 1906 ρίᾳ
2309 1834 2594 1905 πράττων;
2623 1835 2714 1887 καὶ
2734 1833 2863 1885 Θεὸν
2887 1832 2981 1903 μὲν
3010 1831 3323 1902 ἀρνήσεται,
3359 1826 3452 1880 καὶ
3470 1822 3596 1877 Θεοῦ
3616 1820 3720 1891 πρό-

2185 1942 2331 1979 νοιαν
2358 1966 2372 1990 ,
2401 1924 2494 1977 καὶ
2523 1924 2658 1977 Θεοῦ
2686 1925 2886 1995 κρίσιν,
2909 1921 3159 1991 χλευάσει
3176 1919 3232 1971 δὲ
3254 1916 3382 1978 τοὺς
3405 1914 3527 1985 περὶ
3546 1910 3719 1982 ἀρετῆς

2183 2013 2429 2074 καὶτοὺς
2480 2011 2606 2082 περὶ
2628 2011 2806 2081 ψυχῆς
2853 2006 3148 2071 ἀθανασίας
3192 2006 3414 2073 λόγουςλ
3447 2005 3507 2056 Ei
3548 2001 3635 2072 μὲν
3668 1998 3719 2069 δὴ

2181 2103 2405 2158 τοιαῦτά
2424 2120 2545 2157 τινα
2568 2099 2636 2174 ἦν
2673 2104 2799 2156 ἰδεῖν
2834 2101 2928 2154 καὶ
2955 2101 3083 2172 περὶ
3110 2099 3202 2153 τὸν
3236 2098 3466 2169 Σωτῆρα
3509 2095 3597 2148 καὶ
3625 2090 3721 2145 Κύ-

2185 2215 2294 2270 ριον
2311 2197 2487 2268 ἡμῶν,
2516 2196 2666 2249 οὐδὲν
2694 2195 2757 2249 ἂν
2782 2191 2848 2266 ἦν
2876 2196 3045 2247 εἰπεῖν
3064 2210 3077 2223 ο
3113 2193 3160 2244 εί
3185 2192 3229 2245 δ’
3251 2192 3337 2260 ἐφ’
3374 2189 3578 2258 ἑκάστῳ
3606 2184 3723 2255 πρά-

2181 2306 2353 2360 γματι
2386 2292 2482 2343 καὶ
2501 2288 2644 2359 λόγῳ
2663 2289 2754 2342 τὸν
2780 2288 2997 2341 πάντων
3019 2284 3348 2356 δημιουργὸν
3380 2280 3590 2350 Πατέρα
3611 2277 3723 2331 Θεὸν

2181 2378 2616 2450 ἀνακαλούμενος
2680 2376 3095 2439 ἀποδείκνυται,
3153 2374 3246 2426 καὶ
3304 2373 3433 2435 τοὺς
3494 2365 3722 2439 φοιτητὰς

2180 2472 2451 2536 τοιούτους
2482 2468 2620 2526 εἶναι
2652 2468 3102 2541 παρασκευάζων,
3135 2468 3230 2520 καὶ
3264 2468 3312 2519 εί
3335 2465 3559 2536 σώφρων
3586 2459 3723 2521 αὐτὸς

2181 2565 2277 2616 καὶ
2303 2564 2593 2636 σωφρόνων
2632 2564 2804 2631 λόγων
2835 2559 3172 2623 διδάσκαλος,
3204 2559 3298 2610 καὶ
3320 2559 3370 2610 εἰ
3397 2554 3612 2624 ποιητὴς
3647 2552 3723 2605 καὶ

2183 2654 2356 2727 κήρυξ
2375 2653 2738 2722 δικαιοσύνης,
2766 2652 2859 2703 καὶ
2895 2649 3168 2720 ἀληθείας,
3198 2646 3292 2699 καὶ
3325 2639 3722 2727 φιλανθρωπίας,

2183 2722 2277 2798 καί.
2324 2743 2524 2815 ἀρετῆς
2585 2741 2822 2809 ἀπάσης,
2868 2739 2962 2792 καὶ
2989 2734 3293 2796 θεοσεϐείας
3338 2727 3617 2800 εἰσηγητὴς
3644 2722 3722 2777 τοῦ

2185 2836 2570 2908 παμϐασιλέως
2589 2834 2722 2888 Θεοῦ
2743 2851 2757 2864 ·
2790 2833 2904 2896 πῶς
2933 2832 3030 2901 οὐχ
3059 2831 3247 2882 ἕπεται
3266 2825 3476 2886 τούτοις
3499 2821 3555 2874 τὸ
3580 2816 3724 2890 μηθὲν

2189 2929 2284 3001 μὲν
2316 2925 2566 2997 ἡγεῖσθαι
2622 2924 2763 2978 κατά
2818 2921 3071 2992 γοητείαν
3099 2920 3259 2973 αὐτὸν
3291 2915 3403 2968 τῶν
3440 2907 3722 3001 παραδόξων

2187 3020 2561 3090 πεποιηκέναι,
2613 3017 2836 3087 δυνάμει
2882 3016 2927 3068 δ’
2960 3014 3275 3085 ἀπορρήτῳ,
3307 3009 3404 3062 καὶ
3434 3008 3506 3070 ὡς
3538 2999 3723 3072 ἀληθῶς

2186 3116 2352 3186 ὲνθέῳ
2374 3113 2778 3183 συνομολογεῐν;
2808 3109 2946 3162 Ἀλλ’
2971 3110 3050 3172 εἰς
3078 3105 3327 3160 τοσοῦτον
3352 3102 3584 3162 ἐλαύνεις
3605 3099 3723 3186 ἀπη-

2185 3184 2352 3271 νείας,
2387 3206 2461 3269 ὡς
2494 3205 2567 3275 μὴ
2599 3205 2878 3272 λογισμοῖς
2904 3198 3165 3269 σώφροσι,
3193 3195 3369 3262 λόγων
3396 3209 3454 3244 τε
3471 3184 3725 3253 ἀκολουθίᾳ

2189 3300 2474 3370 προσέχειν
2524 3297 2613 3350 τὸν
2673 3294 2832 3358 νοῦν,
2891 3292 3021 3363 μηδὲ
3082 3287 3368 3342 πείθεσθαι
3426 3287 3533 3348 τοῖς
3580 3278 3726 3333 εἰκόσι

2186 3389 2525 3460 τεκμηρίοις,
2576 3385 2817 3439 ὑπονοῶν
2845 3383 2986 3452 τάχα
3010 3398 3113 3433 που
3152 3380 3276 3442 τοὺς
3296 3378 3551 3446 λέγοντας
3582 3372 3723 3443 ἡμᾶς-

2200 3482 2357 3536 Ἀλλά
2386 3481 2448 3534 σύ
2473 3497 2534 3548 γε
2556 3479 2658 3533 xlv
2688 3476 2794 3528 τῶν
2829 3471 3026 3527 σαυτοῦ
3052 3471 3340 3542 δαιμόνων,
3371 3466 3542 3521 αὐτῶν
3562 3463 3619 3533 δὴ
3635 3457 3725 3512 τῶν

2184 3572 2524 3648 χρησμῳδῶν
2541 3570 2696 3633 θεῶν,
2722 3569 2905 3631 ἄκουε,
2931 3564 3009 3635 τῷ
3036 3560 3420 3634 Σωτῆριήμῶν
3453 3558 3545 3627 οὐχ
3564 3555 3724 3620 ὥσπερ

2185 3669 2248 3720 σὺ
2285 3665 2556 3736 γοητείαν,
2583 3661 2695 3714 ἀλλ’
2724 3659 3002 3713 εὐσέϐειαν
3026 3658 3119 3710 καὶ
3149 3654 3339 3723 σοᾳίαν
3367 3652 3460 3706 καὶ
3485 3652 3560 3712 εἰς
3583 3646 3722 3727 ούρα-

2181 3761 2305 3824 νοὺς
2331 3734 2515 3812 ἄνοδον
2550 3751 2987 3827 μαρτυρούντων.
3007 3750 3100 3812 Τίς
3133 3748 3176 3801 δ’
3206 3745 3270 3799 ἂν
3294 3744 3501 3814 γένοιτό
3527 3758 3601 3795 σοι
3620 3734 3722 3790 τού-

2181 3871 2288 3907 των
2319 3851 2629 3917 ἀξιὸπιστος
2673 3844 2932 3917 ὁμολογία
2983 3841 3179 3914 μᾶλλον
3199 3841 3296 3910 τῆς
3324 3838 3419 3893 τοῦ
3447 3835 3563 3891 καθ’
3589 3829 3723 3917 ἡμῶν

2188 3912 2442 4012 πολεμίου
2496 3912 2735 4007 γραφῆς,
2774 3912 2928 4003 ἢνὲν
2959 3912 3040 3993 οἷς
3086 3927 3363 3999 ἐπέγραψε
3394 3920 3628 3996 περὶτῆς
3648 3912 3725 3968 Ἐκ

2186 4032 2410 4102 λογίων
2428 4027 2793 4099 φιλοσοφίας
2817 4026 2872 4077 ὲν
2896 4023 3064 4096 τρίτῳ
3084 4019 3474 4091 συγγράμματι
3495 4013 3722 4068 τέθειται,

2186 4117 2287 4177 ῶδὲ
2318 4139 2435 4193 πως
2474 4120 2702 4191 ἱστορῶν
2730 4115 2868 4172 κατά
2898 4113 3067 4178 λέξιν.

509 4235 647 4291 velis
681 4232 982 4296 attendere,
1049 4246 1226 4300 neque
1259 4244 1389 4284 vero
1452 4225 1828 4298 probabilibus
1886 4217 2224 4277 argumentis
2253 4215 2587 4277 auscultare,
2649 4212 2775 4282 quia
2826 4209 3061 4264 fortasse
3088 4221 3196 4262 nos
3233 4204 3390 4274 quasi
3422 4192 3726 4300 causam

510 4286 698 4382 centes
735 4286 905 4378 babes
934 4286 1242 4389 suspectos,
1278 4329 1334 4372 at
1368 4325 1424 4372 tu
1452 4286 1470 4298 ⁸
1496 4316 1606 4372 tuis
1646 4316 1839 4371 saltem
1904 4309 2266 4372 daemonibus,
2324 4306 2480 4378 ipsis,
2517 4304 2764 4374 inquam,
2805 4300 2963 4373 134
2995 4299 3217 4355 oracula
3271 4294 3613 4352 reddentibus
3634 4286 3724 4343 diis

511 4418 782 4482 ausculta,
836 4416 930 4488 qui
976 4385 1249 4469 salvatori
1316 4420 1528 4476 nostro,
1578 4427 1690 4466 non
1746 4416 1806 4464 ut
1858 4416 1918 4462 tu
1972 4405 2371 4477 praestigiarum
2420 4401 2715 4465 fallaciam,
2752 4399 2848 4453 sed
2896 4397 3153 4468 pietatem
3205 4401 3257 4448 et
3326 4385 3725 4488 sapientiam-et

509 4527 805 4569 ascensum
851 4511 917 4566 in
963 4510 1162 4565 coelum
1215 4523 1316 4563 suo
1365 4506 1679 4562 testimonio
1725 4503 1993 4559 tribuunt.
2033 4500 2277 4567 Quorum
2339 4496 2559 4568 quidem
2621 4494 2897 4565 quodnam
2955 4490 3053 4545 tibi
3086 4488 3304 4559 dignius
3350 4485 3436 4540 cui
3481 4482 3627 4537 [idem
3649 4476 3724 4528 ba-

509 4607 642 4662 beas
689 4601 1062 4659 testimonium
1115 4599 1198 4655 vis
1249 4598 1390 4661 dari,
1440 4612 1604 4667 quam
1639 4595 1847 4650 inimici
1907 4593 2078 4649 nostri
2118 4589 2543 4654 confessionem,
2615 4600 2779 4658 quam
2819 4584 2874 4637 in
2908 4584 3087 4637 tertio.
3135 4577 3410 4634 volumine
3455 4569 3624 4644 posuit
3647 4578 3724 4619 eo-

509 4717 634 4757 rum
663 4716 785 4772 quae
814 4697 1118 4770 inscripsit,
1152 4697 1229 4751 De
1244 4694 1577 4766 philosophia
1606 4694 1953 4755 selectorum,
1978 4688 2073 4744 ubi
2114 4688 2230 4743 haec
2261 4687 2329 4742 ad
2357 4685 2583 4743 verbum
2609 4681 2798 4739 refert.

513 4837 667 4907 Quod
693 4838 921 4908 efﬁcacia
947 4838 1061 4900 ipsa
1090 4845 1243 4906 atque
1269 4832 1546 4908 evidentia,
1571 4832 1716 4908 illius
1752 4832 1940 4908 divina:
1969 4832 2078 4908 vir-

2196 4827 2289 4891 Ὡς
2344 4824 2481 4908 ειπερ,
2499 4823 2631 4908 ,τῆς
2686 4797 3725 4908 mea”:viiiif'mﬂif‘ﬁgi‘éi

585 4875 665 4893 ,νυν
693 4875 718 4894 υ
755 4875 921 4892 κων...
947 4875 960 4889 .
983 4875 1061 4890 η...
1090 4875 1143 4889 ...
1183 4875 1241 4887 ..ν
1269 4875 1524 4887 num"..-
1572 4875 1716 4885 ...ων
1753 4875 1937 4886 ...πων
1972 4875 2033 4884 -..

585 4875 851 4963 tutisuvim
881 4875 1173 4975 per'spt'cuel
1196 4902 1423 4957 ostendit
1462 4875 1788 4959 amatoribus
1822 4903 2077 4956 veritatis.

2205 4875 2551 4975 _E£,:ioliide
2562 4875 2665 4975 dir
2713 4892 2752 4957 ἡ
2781 4875 2895 4975 τῆς
2923 4875 3055 4975 περὶ
3083 4875 3269 4975 agili?
3296 4881 3502 4975 ὲΪθέρυ
3538 4875 3727 4942 ἀρετῆς

585 4952 1172 5036 ὄὶἑῖσιῖῑίῗάῖᾰῖἱίῖςῖὂ.

2260 4952 2533 5049 δύζραμὶς.
2608 4952 3031 5031 Χρηὸνμοῖπερὶ
3056 4954 3160 5007 τοῦ
3200 4952 3475 5019 Χριστοῦ.

2243 5101 2666 5174 Ζ’.εΠαράδοξον
2683 5098 2812 5163 ἴσως
2825 5095 3027 5162 δόξειεν
3057 5093 3120 5147 ἄν
3144 5107 3285 5143 τισιν
3318 5084 3454 5140 εἶναι
3477 5082 3542 5174 τδγ
3562 5074 3729 5174 μέλλον

2192 5169 2462 5262 λέγεσθαι-
2494 5192 2583 5259 ὑφ’
2636 5189 2809 5259 ἡμῶν.
2834 5187 2936 5238 Τὸν
2979 5184 3086 5254 γὰρ
3114 5180 3344 5252 Χριστὸν
3367 5180 3415 5230 οἱ
3451 5173 3558 5231 θεοὶ
3597 5169 3726 5262 εισιέ

2193 5284 2452 5336 6ἐστατον
2478 5281 2822 5349 ἀπεφήναντο
2863 5275 2958 5329 καὶ
2995 5272 3259 5328 ἀθάνατον
3287 5266 3561 5337 γεγονότα,
3590 5255 3725 5323 εὐφήί

2195 5391 2313 5445 μως
2331 5390 2391 5425 τε
2419 5369 2579 5424 αὐτοῦ
2604 5347 3021 5440 μνημονεύουσι.
3054 5382 3073 5413 ι
3113 5360 3221 5414 Καὶ
3255 5356 3458 5419 ὑποϐὰς
3484 5347 3722 5445 ἐπιλέγει·

2195 5437 2214 5516 ἱ
2259 5466 2394 5535 Περὶ
2422 5462 2551 5533 γοῦν
2581 5437 2673 5515 τοῦ
2713 5456 2950 5533 Χριστοῦ
2980 5452 3369 5526 ἐρωτησάντων
3398 5451 3445 5503 εί
3466 5446 3575 5501 ἔστι
3595 5437 3724 5499 Θεδςο

2192 5556 2358 5629 φησίν
2381 5571 2397 5589 ⁸

583 5116 927 5174 ν11.‹Μίιἰιηι
947 5112 1170 5168 forsitan
1191 5109 1462 5173 nonnullis
1491 5107 1785 5169 videbitur,
1818 5104 1963 5176 quod
1997 5104 2084 5159 di-

510 5203 655 5259 cturi
702 5217 915 5258 sumus.
974 5200 1255 5271 Siquidem
1302 5200 1579 5256 Christum
1611 5198 1687 5252 dii
1718 5210 1929 5251 summe
1963 5193 2087 5247 reli-

510 5295 726 5366 giosum
761 5293 1236 5363 immortalemque
1277 5292 1448 5348 fuisse
1498 5289 1879 5362 prodiderunt,
1912 5285 2085 5355 deque

512 5388 609 5440 illo
639 5402 762 5440 cum
800 5386 962 5440 laude
990 5385 1322 5439 mentionem
1363 5384 1617 5448 faciunt;
1658 5401 1675 5432 ι
1732 5389 1787 5435 et
1834 5393 2086 5434 sermone

512 5492 835 5548 progressus
866 5475 1117 5545 adiungit
1149 5492 1164 5530 :
1225 5493 1245 5527 ι
1302 5475 1470 5546 Igitur
1494 5474 1562 5529 de
1590 5471 1816 5529 Christo
1844 5471 2084 5526 interro-

512 5568 787 5640 gantibus,
813 5578 994 5622 utrum
1018 5561 1093 5623 sit
1128 5565 1289 5633 Deus,
1315 5566 1599 5637 respondit
1630 5581 1645 5619 :

585 5770 625 5803 "
660 5768 845 5825 Matth.
882 5785 1004 5837 vin,
1028 5769 1119 5825 29.
