3880 6256
211 365 303 421 237

225 477 506 562 :Ottt'ﬂér
520 475 789 562 ἀθανᾴτη
816 474 983 546 ψυχὴ
1007 478 1155 562 μετὰ
1171 477 1341 562 Uti-iga
1358 482 1697 562 ,προᾷαίνεα

215 547 529 620 Γιπώσκει
552 548 738 620 σοὲίῃ
768 547 1151 620 τετιμημένος
1168 566 1182 579 ⁸
1213 547 1374 603 ἀλλά
1487 553 1660 620 ψυχὴ

222 617 436 686 Ἆνέρος
464 617 717 685 εὐσεϐίῃ
740 617 1183 687 προφερεστάτη
1210 620 1384 674 ἐστὶν
1404 617 1663 678 ἐκείνου,
1709 640 1729 673 ι

209 729 601 785 Εὐσεϐέστατον
635 729 746 800 ἄρα
792 728 895 801 ἔφη
922 729 1103 796 αὐτὸν,
1127 731 1220 784 καὶ
1250 732 1348 803 τὴν
1379 731 1553 804 ψυχὴν
1580 734 1764 797 αὐτοῦ,

208 821 442 893 καθάπερ
489 820 590 875 καὶ
632 820 743 874 τῶν
806 820 1002 885 ἄλλων,
1050 823 1185 892 μετὰ
1222 822 1450 877 θάνατον
1494 824 1768 879 ἀπαθανα-

204 912 473 982 τισθῆναι,
526 912 594 983 ἢν
633 911 810 965 σέϐειν
862 912 1190 981 ἀγνοοῦντας
1231 916 1359 979 τοὺς
1385 916 1761 986 Χριστιανούς.

214 1003 696 1076 Ἔπερωτησάντων
724 1004 782 1058 δὲ
805 1003 892 1058 διὰ
909 1004 961 1057 τί
984 1004 1271 1077 ἐκολάσθη,
1297 1006 1529 1079 ἔχρησεν
1547 1024 1560 1038 ’

199 1222 354 1294 Σῶμα
371 1222 493 1294 μὲν
523 1223 852 1292 ἀδρανέσιν
869 1224 1171 1291 βασάνοις
1196 1224 1311 1278 αἰεὶ
1341 1224 1754 1294 προϐέϐληται·

204 1293 359 1362 Ψυχὴ
392 1291 447 1345 δ’
485 1291 784 1348 εὐσεϐέων
806 1298 893 1362 εὶς
923 1294 1205 1364 οὐράνιον
1237 1295 1423 1349 πέδον
1443 1293 1568 1355 ἵζει.

198 1405 289 1460 Καὶ
335 1407 585 1477 ἐπιλέγει
625 1407 761 1479 μετὰ
785 1408 873 1463 τὸν
919 1408 1164 1481 χρησμὸν
1196 1409 1322 1481 ἐξῆς
1349 1427 1363 1441 ⁸
1403 1429 1423 1461 ι
1462 1410 1633 1475 Αὐτὸς
1664 1406 1757 1466 οῦν

195 1497 420 1569 εὐσεϐὴς,
451 1500 554 1553 καὶ⁸
595 1502 676 1563 εις
708 1500 971 1571 οὐρανοὺς
1011 1500 1199 1573 ὥσπερ
1230 1503 1278 1554 oi
1307 1501 1550 1566 εὐσεϐεῖς
1578 1505 1758 1575 χωρή-

196 1606 296 1652 σας.
328 1590 492 1643 Ὥστε
547 1590 735 1645 τοῦτον
769 1592 866 1662 μὲν
901 1594 964 1646 οὐ
1023 1592 1466 1665 βλασφημήσεις,
1512 1594 1755 1665 ἐλεήσεις

191 1680 238 1734 δὲ
263 1680 362 1734 τῶν
421 1680 735 1753 ἀνθρώπων
776 1683 874 1755 τὴν
927 1684 1138 1739 ἄνοιαν.
1171 1705 1190 1738 ι
1226 1685 1410 1739 Ταῦτα
1471 1686 1564 1739 καὶ
1602 1685 1697 1739 νῦν
1724 1687 1753 1740 ὁ

190 1771 503 1844 Πορφύριος.
531 1769 660 1847 Ἆρ’
689 1770 780 1828 οῦν
814 1775 1083 1839 ἀπατεὼν,
1122 1770 1167 1830 ὦ
1187 1770 1358 1842 οὖτοςς
1391 1774 1492 1830 κᾶν
1524 1776 1594 1829 τὰ
1622 1777 1748 1848 φίλα

1093 360 1746 420 DEMONSTRATIONIS
1783 362 2246 421 EVANGELICIE
2286 366 2413 423 LIB.
2458 369 2547 426 Ill.

1797 486 1843 544 Α
1878 479 2241 566 {inmortalem
2278 486 2508 540 animam
2537 499 2654 566 post
2692 505 2899 566 cassum
2950 491 3185 566 incedere
3228 508 3439 566 corpus,

3334 381 3438 436 9.38

1874 551 2106 625 {Voacere
2136 553 2450 608 honoratam
2480 551 2731 625 sapientis
2755 562 2884 623 luce,
2911 561 3001 614 sed
3027 563 3177 615 iitum

1873 619 2104 692 Insignis
2130 625 2320 691 pietate
2349 626 2449 679 viri
2487 619 2709 683 mentem
2736 646 2848 684 esse
2875 619 3143 687 decoram.
3171 652 3191 685 ι

1872 733 2092 792 Summe
2130 751 2263 809 ergo
2314 739 2625 811 religiosum
2654 742 2805 797 illum
2837 743 2995 809 dixit.
3020 754 3073 800 et
3103 747 3343 804 animam
3375 750 3442 805 il-

1868 827 1975 883 lius
2020 829 2181 884 sicuti
2231 831 2484 897 aliorum,
2521 842 2641 903 post
2674 844 2903 891 mortem
2947 838 3309 897 immortalem
3343 842 3428 898 fa-

1866 929 2034 985 ctam,
2090 938 2318 993 eamque
2388 926 2591 993 colere,
2657 928 2970 998 ignorantes
3046 933 3436 1004 Christianos;

1865 1011 2059 1067 deinde
2081 1013 2546 1087 interrogantibus
2579 1034 2680 1074 cur
2709 1022 2980 1091 supplicio
3008 1023 3235 1081 aﬂ‘ectus
3263 1037 3433 1093 esset,

1863 1103 2147 1175 respondit
2178 1125 2191 1158 :

1862 1216 1996 1289 Esse
2014 1218 2223 1287 quidem
2253 1236 2454 1289 semper
2482 1222 2688 1278 modico
2715 1227 3038 1282 cruciamine
3073 1237 3268 1284 tortum

1861 1286 2087 1358 Corpus,
2115 1299 2171 1343 at
2208 1286 2444 1347 aetherei:
2473 1304 2693 1347 mentem
2722 1296 3008 1351 clarescere
3035 1302 3258 1370 campis.

1859 1397 1926 1452 Et
1954 1407 2078 1469 post
2100 1402 2384 1457 oraculum
2438 1403 2687 1475 adj'ungit
2718 1406 2977 1478 deinceps
3015 1428 3029 1463 :
3065 1428 3084 1461 ι
3115 1410 3235 1482 Ipse
3268 1411 3434 1485 igitur

1856 1490 2002 1561 pius,
2026 1499 2077 1546 et
2107 1490 2162 1547 in
2195 1494 2416 1561 cmlum,
2450 1501 2511 1549 ut
2541 1496 2617 1567 pii
2651 1497 2849 1563 solent,
2877 1501 3194 1558 subvectus.
3245 1503 3430 1571 Quare

1866 1585 2014 1643 hunc
2060 1587 2281 1658 quidem
2325 1605 2435 1645 non
2468 1593 2865 1660 exsecraberis,
2915 1596 3264 1654 miseraberis
3298 1614 3430 1655 vero

1854 1677 2135 1732 hominum
2158 1678 2557 1749 ignorantiam?
2593 1701 2614 1733 ιι
2646 1681 2776 1737 Haec
2806 1684 2972 1739 etiam
3007 1702 3155 1742 nunc
3182 1687 3428 1763 Porphy-

1863 1769 2003 1825 rius.
2042 1768 2239 1835 Quaaso
2281 1771 2465 1842 igitur,
2493 1775 2743 1844 nunquid
2771 1776 3038 1847 impostor
3063 1780 3191 1835 ille?
3234 1786 3289 1835 at
3317 1783 3429 1839 sal-

188 1881 236 1917 σε
253 1838 574 1918 δυσωπείτω
594 1838 704 1918 τῶν
733 1867 948 1919 οἰκείων
978 1868 1217 1938 ῥήματα.
1252 1838 1437 1938 Ἔχεις
1464 1838 1731 1942 τοιγαροῦι

1854 1868 1960 1914 tem
1993 1868 2213 1916 tuorum
2258 1838 2558 1920 amicorum
2595 1838 2760 1923 verba
2811 1838 2908 1925 tibi
2959 1871 3314 1942 blandientia,
3371 1883 3427 1932 te

185 1957 261 2010 τὸν
278 1956 443 2027 ἡμέτε
459 1974 552 2028 ρον
580 1958 807 2030 Σωτῆρα
857 1957 1063 2029 Ἰησοῦν
1088 1958 1180 2013 τὸν
1203 1960 1438 2031 Χριστὸν
1464 1960 1557 2014 τοῦ
1590 1961 1747 2027 Θεοῦ,

166 2048 264 2102 ,καὶ
288 2048 441 2120 παρὰ
501 2052 614 2113 τοῖς
636 2048 826 2103 ἑαυτοῦ
857 2050 1271 2122 ὡμολογημένον
1318 2052 1377 2105 οὐ
1423 2053 1596 2125 γόητα
1628 2054 1748 2108 οὐδὲ

188 2139 493 2209 φαρμακέα,
519 2137 635 2192 ἀλλ’
661 2139 857 2211 εὐσεϐῆ
880 2142 969 2194 καὶ
984 2141 1319 2194 δικαιότατον
1337 2142 1432 2196 καὶ
1461 2144 1622 2214 σοφὸν
1656 2148 1750 2202 καὶ¹

183 2229 431 2301 οὐρανίων
492 2230 698 2300 ἀψίδων
747 2233 1025 2305 οἰκήτορα.
1068 2232 1125 2286 Ὀ
1150 2233 1214 2305 δὴ
1244 2229 1335 2287 οῦν
1356 2235 1595 2300 τοιοῦτος
1630 2238 1747 2300 πῶς

180 2320 235 2373 ἂν
281 2321 461 2386 ἄλλως
518 2321 626 2375 τῶν
676 2322 996 2396 παραδόξων
1038 2324 1214 2394 ἔργων
1246 2324 1436 2394 γέγονε
1460 2327 1743 2400 ποιητὴςῆ

181 2411 382 2484 δυνάμει
439 2412 606 2485 θείας
659 2416 726 2485 ἢν
772 2414 868 2467 καὶ
906 2415 975 2467 τά
1023 2415 1143 2486 ἱερά
1190 2415 1347 2484 λόγια
1381 2418 1745 2488 μαρτυροῦσιν

179 2506 324 2576 αὐτῷ,
350 2506 497 2560 Θεοῦ
551 2506 709 2575 λόγον
733 2509 827 2560 καὶ
856 2507 989 2561 Θεοῦ
1017 2508 1242 2580 δύναμιν
1277 2509 1373 2580 τὴν
1403 2511 1662 2564 ἀνωτάτω
1686 2512 1743 2563 ἐν

179 2596 454 2669 ἀνθρώπου
517 2603 702 2671 μορφῇ
750 2601 843 2653 καὶ
888 2601 1148 2671 σχήματι,
1181 2600 1379 2672 μᾶλλον
1420 2604 1465 2657 δ’
1505 2605 1562 2657 ἐν
1603 2606 1741 2676 αὐτῇ

180 2691 320 2761 σαρκὶ
370 2691 477 2745 καὶ
526 2691 741 2762 σώματι
790 2693 1135 2763 κατοικῆσαι,
1185 2693 1278 2746 καὶ
1336 2696 1516 2748 πᾶσαν
1557 2694 1654 2765 τὴν
1685 2697 1743 2750 ἐν

176 2781 473 2853 ἀνθρώποις
546 2785 857 2855 οἰκονομίαν
950 2784 1262 2838 ἐπιτελέσαι
1337 2786 1737 2857 μαρτυροῦντα.

176 2873 268 2927 Καὶ
291 2875 361 2928 σὺ
408 2875 456 2927 δ’
496 2874 565 2928 ἂν
604 2876 767 2940 αὐτὸς
809 2875 1146 2945 καταμάθοις
1176 2878 1235 2930 τὸ
1273 2877 1452 2931 ἔνθεον
1483 2879 1582 2947 τῆς
1614 2880 1742 2952 περὶ

174 2962 317 3016 αὐτοῦ
350 2965 657 3036 δυνάμεως,
703 2967 749 3019 εί
798 2966 1038 3034 λογίσαιο
1085 2967 1169 3030 τίς
1206 2984 1335 3021 ποτε
1378 2966 1453 3021 ὢν
1499 2968 1608 3039 ἂρα
1642 2970 1741 3041 τὴν

176 3054 313 3124 φύσιν
368 3057 465 3109 καὶ
519 3057 747 3128 πηλίκος
799 3058 996 3129 ἄνδρας
1042 3058 1280 3122 εὐτελεῖς
1316 3058 1376 3124 ἐξ
1417 3060 1601 3125 ἁλείας
1647 3062 1740 3114 καὶ

1850 1947 2093 2007 ﬂectant.
2124 1951 2304 2009 Habes
2335 1954 2502 2026 igitur
2541 1968 2789 2013 nostrum
2839 1959 3177 2019 Salvatorem
3210 1964 3420 2032 Jesum,

1849 2044 1941 2113 qui
1989 2043 2247 2101 Christus
2292 2056 2377 2102 est
2422 2046 2539 2113 Dei,
2588 2051 2753 2106 etiam
2807 2053 3052 2110 virorum
3077 2038 3425 2115 ‘testimonio

1848 2136 2286 2205 comprobatum,
2317 2147 2375 2194 ut
2404 2156 2515 2195 non
2560 2143 3037 2215 praastigiatorem,
3092 2159 3188 2204 aut
3217 2152 3423 2208 veneti-

1847 2240 1992 2292 cum,
2039 2229 2132 2283 sed
2186 2236 2244 2283 ut
2285 2230 2455 2300 pium,
2504 2240 2559 2288 et
2599 2234 2986 2304 justissimum,
3019 2247 3075 2295 et
3098 2242 3422 2313 sapientem,

1845 2317 2171 2389 orbiumque
2219 2323 2539 2378 ctelestium.
2588 2326 2846 2383 incolam.
2904 2331 3007 2397 Qui
3070 2332 3240 2403 igitur
3296 2336 3422 2392 talis

1848 2404 1971 2470 fuit,
2004 2423 2236 2478 quanam
2271 2413 2377 2466 alia
2424 2416 2638 2473 ratione
2689 2419 3091 2476 admirabilium
3143 2421 3418 2481 factorum

1846 2508 2038 2554 auctor
2069 2516 2192 2558 esse
2219 2505 2415 2573 potuit,
2452 2507 2557 2562 nisi
2590 2508 2792 2565 virtute
2816 2511 3043 2568 divina?
3070 2530 3232 2585 quam
3254 2519 3417 2573 etiam

1846 2606 2003 2648 sacra
2030 2597 2252 2651 oracula
2276 2599 2609 2656 testimoniis
2626 2602 2742 2658 suis
2765 2603 2840 2657 illi
2860 2605 3132 2672 tribuunt,
3157 2623 3278 2678 quat
3304 2611 3423 2680 qui-

1844 2682 1967 2739 dem
1990 2684 2085 2740 Dei
2103 2688 2327 2742 verbum
2345 2688 2548 2761 Deique
2559 2693 2814 2749 virtutem
2832 2711 3164 2767 supremam,
3183 2701 3238 2754 in
3252 2701 3423 2756 homi-

1836 2774 1929 2830 nis
1952 2774 2125 2832 forma
2140 2787 2303 2848 atque
2326 2779 2534 2849 habitu,
2559 2799 2624 2838 ac
2646 2787 2831 2856 potius
2851 2789 2906 2841 in
2925 2789 3042 2859 ipsa
3060 2804 3248 2856 carne,
3267 2793 3418 2864 ipso-

1842 2880 1947 2933 que
1959 2880 2186 2937 corpore
2199 2868 2491 2935 habitasse,
2518 2885 2845 2946 omnemque
2863 2875 3154 2932 humanam
3188 2879 3422 2951 disposi-

1843 2956 2067 3023 tionem,
2100 2961 2668 3036 gubernationemque
2688 2967 3013 3034 absolvisse,
3033 2971 3419 3032 testiﬁcanttz.

1846 3048 2002 3119 135
2028 3048 2107 3105 Tu
2140 3068 2357 3125 quoque
2389 3056 2548 3113 facile
2584 3057 2769 3114 discas
2795 3059 3139 3117 divinitatem
3185 3063 3411 3121 virtutis

175 3148 413 3203 ταπεινοῦ
448 3148 565 3219 βίου
613 3150 1192 3221 προσοικειωσάμενος,
1226 3150 1434 3215 τούτοις
1471 3153 1731 3225 κέχρηται

1841 3154 1962 3208 quae
2005 3140 2072 3196 de
2108 3141 2202 3197 illo
2233 3143 2426 3211 fertur,
2461 3147 2508 3203 si
2540 3149 2749 3219 cogites
2790 3165 2911 3220 qua
2957 3150 3050 3207 ille
3103 3144 3323 3219 natura,
3358 3162 3416 3210 et

177 3239 427 3305 διακόνοις
479 3241 572 3295 ἐπὶ
618 3240 951 3313 κατορθώσει
999 3244 1321 3314 πράγματος
1356 3244 1532 3298 πάντα
1575 3245 1739 3299 καλύ-

176 3349 382 3398 πτοντος
413 3334 592 3402 λόγον.
620 3332 929 3405 Διανοηθεὶς
953 3334 1059 3404 γάρ
1092 3334 1119 3386 ὃ
1155 3334 1342 3406 μηδεὶς
1384 3333 1627 3402 πώποτε,
1652 3338 1737 3391 v6-

175 3441 289 3493 μους
322 3426 559 3491 οἰκείους
586 3427 678 3480 καὶ
705 3424 859 3496 ξένην
889 3425 1234 3480 διδασκαλίαν
1266 3428 1345 3491 είς
1371 3428 1549 3481 πάντα
1576 3446 1736 3483 κατα-

171 3520 374 3588 σπεῖραι
408 3517 479 3570 τά
507 3516 658 3587 ἔθνη,
691 3517 784 3570 καὶ
820 3516 1017 3581 παντὸς
1049 3517 1238 3586 γένους
1266 3504 1566 3590 ἀνθρώπων
1599 3520 1734 3574 διδά-

171 3608 347 3662 σκαλον
380 3608 665 3672 εὐσεϐείας
706 3609 823 3672 ἐνὸς
859 3609 953 3662 τοῦ
1002 3610 1094 3664 ἐπὶ
1130 3611 1343 3665 πάντων
1376 3613 1509 3665 Θεοῦ
1543 3614 1731 3667 ἑαυτὸν

169 3697 449 3770 ἀποφῆναι,
472 3702 586 3764 τοῖς
618 3700 834 3754 πάντων
867 3703 1273 3771 ἁγροικοτάτοις
1303 3705 1393 3756 καὶ
1426 3704 1731 3759 εὐτελεστά-

165 3804 266 3853 τοις
290 3792 534 3862 ἡγήσατο
565 3791 796 3863 χρῆσθαι
828 3793 925 3863 τῆς
947 3794 1152 3857 οἰκείας
1185 3794 1378 3866 βουλῆς
1406 3797 1724 3867 ὑπηρέταις.

167 3877 311 3943 Εἰκὸς
346 3897 467 3934 τινα
496 3880 926 3953 παραλογώτατα
952 3882 1121 3935 ταῦτα
1163 3883 1325 3936 αὐτὸν
1370 3886 1725 3957 πεποιηκέναι

167 3972 382 4042 νομίσαι.
424 3972 553 4035 Πῶς
579 3972 688 4043 γὰρ
727 3975 777 4025 oi
809 3973 942 4042 μηδὲ
973 3973 1153 4046 διᾶραι
1196 3975 1481 4046 δυνάμενοι
1530 3978 1722 4047 στόμα,

169 4061 258 4114 κᾶν
280 4064 390 4127 ἑνός
411 4081 559 4127 τινος
583 4063 887 4118 διδάσκαλοι
912 4067 1269 4136 κατέστησαν,
1288 4067 1409 4136 οὐχί
1429 4085 1491 4136 γε
1516 4068 1723 4139 ἀνδρῶν

170 4153 434 4223 συλλόγου;
468 4154 587 4218 πῶς
632 4154 675 4207 δ’
717 4153 782 4208 ἂν
814 4155 1006 4226 πλήθει
1052 4156 1420 4228 διειλέχθησαν
1462 4160 1510 4211 οἱ
1541 4160 1722 4231 πάσης

166 4243 304 4309 ἐκτὸς
343 4247 626 4315 γεγονότες
674 4246 952 4312 παιδείας;
997 4247 1155 4301 Ἀλλὰ
1209 4248 1350 4301 τοῦτ’
1397 4245 1465 4320 ἦν
1511 4251 1618 4322 ἄρα
1662 4253 1722 4306 τὸ

163 4337 249 4408 τῆς
286 4340 466 4393 ἐνθέου
525 4339 741 4411 βουλῆς,
780 4341 873 4393 καὶ
921 4340 1020 4412 τῆς
1064 4342 1391 4413 ἐνεργούσης
1439 4344 1497 4395 ἐν
1539 4344 1720 4408 αὐτοῖς

164 4426 296 4494 θείας
338 4431 618 4503 δυνάμεως
679 4432 1104 4501 παραστατικόν.
1168 4432 1527 4497 Ἀνακαλέσας
1587 4434 1718 4502 γοῦν

1839 3231 2145 3301 cujusmodi
2177 3239 2439 3305 praeditus
2460 3278 2476 3305 ,
2507 3242 2657 3297 viros
2707 3243 2976 3313 ignobiles
3008 3243 3076 3300 de
3114 3246 3415 3313 piscatorio

1837 3328 2001 3391 atque
2028 3323 2221 3379 humili
2249 3328 2393 3382 victu
2440 3331 2738 3400 acceperit,
2799 3331 3015 3403 sibique
3072 3334 3409 3405 adiunxerit.

1837 3407 2038 3466 Deinde
2070 3413 2139 3468 iis
2174 3430 2308 3471 usus
2349 3417 2420 3471 sit
2448 3418 2791 3476 administris
2820 3421 2887 3476 ad
2925 3423 3058 3478 illud
3109 3425 3408 3496 inemptum

1834 3502 2243 3570 perliciendum,
2274 3509 2419 3577 quod
2448 3524 2666 3565 omnem
2697 3511 2920 3583 eﬂ‘ugiat
2950 3513 3239 3569 rationem.
3270 3516 3407 3571 Cum

1833 3595 1976 3648 enim
2039 3599 2333 3669 cogitasset
2401 3602 2453 3655 id
2481 3603 2629 3674 quod
2678 3606 2863 3660 nullus
2906 3622 3146 3676 unquam
3196 3609 3407 3678 cogita-

1832 3688 1907 3741 vit
1938 3707 1950 3741 :
1985 3691 2237 3759 proprias
2266 3692 2410 3761 leges
2435 3710 2740 3767 novamque
2765 3696 3072 3753 doctrinam
3125 3698 3182 3753 in
3212 3714 3403 3757 omnes

1829 3780 2188 3839 disseminare
2235 3787 2509 3853 nationes,
2571 3803 2842 3860 omneque
2898 3790 3179 3846 hominum
3229 3808 3403 3864 genus

1827 3886 1947 3927 eam
1977 3870 2174 3928 docere
2223 3875 2501 3944 pietatem,
2530 3892 2652 3948 qua:
2681 3895 2850 3934 unum
2874 3896 3193 3951 supremum
3224 3882 3396 3940 Deum

1826 3980 2197 4035 veneraretur,
2224 3969 2358 4041 huju
2382 3987 2503 4042 que
2551 3973 2632 4029 rei
2673 3989 2734 4029 se
2767 3974 3096 4046 magistrum
3119 3977 3397 4043 exhibere,

1825 4062 2067 4117 omnium
2097 4064 2334 4120 maxime
2355 4067 2662 4136 agrestibus
2695 4071 3043 4139 maximeque
3067 4069 3399 4141 ignobilibus

1824 4153 2035 4224 putavit
2062 4155 2165 4211 sibi
2187 4156 2446 4212 utendum
2458 4173 2580 4214 esse
2602 4160 2830 4230 hujusce
2857 4161 3072 4217 consilii
3097 4161 3398 4218 ministris:

1824 4253 2013 4316 utpote
2039 4263 2165 4301 cum
2216 4249 2514 4305 verisimile
2542 4252 2613 4306 sit
2645 4253 2797 4306 illum
2852 4255 3169 4318 censuisse,
3201 4260 3399 4324 praeter

1821 4350 2036 4392 omnem
2088 4338 2354 4393 rationem
2388 4338 2502 4393 haec
2537 4356 2595 4395 se
2643 4340 2935 4395 facturum.
2963 4338 3083 4407 Quo
3123 4342 3268 4396 enim
3298 4356 3399 4412 pa-

1820 4437 1930 4491 cto,
1966 4429 2059 4499 qui
2087 4445 2157 4485 ne
2191 4428 2453 4486 diducere
2484 4431 2703 4502 quidem
2755 4447 2821 4488 os
2851 4432 3032 4487 idonei
3064 4438 3242 4497 erant,
3285 4433 3397 4487 sal-

164 4520 356 4587 αὐτοὺς,
402 4523 471 4576 τὰ
515 4522 615 4593 μὲν
654 4521 846 4593 πρῶτά
896 4538 1061 4592 φησι·
1104 4542 1122 4573 ι
1158 4522 1341 4589 Δεῦτε,
1381 4524 1720 4580 ἀκολουθεῖτέ

1835 4526 1936 4573 tem
1959 4520 2124 4575 unius
2145 4521 2453 4590 cujuspiam
2494 4521 2732 4576 hominis
2764 4528 3129 4592 praeceptores
3159 4522 3275 4577 ﬁeri
3296 4538 3396 4592 po-

167 4629 259 4680 μοι,
295 4616 383 4669 καὶ
426 4616 639 4686 ποιήσω
685 4615 829 4684 ὑμᾶς
870 4614 1040 4677 ἁλιεῖς
1083 4614 1403 4685 ἀνθρώπων.
1441 4636 1459 4667 ι
1498 4618 1713 4691 Ἐπειδὴ

162 4700 212 4754 δὲ
243 4702 412 4758 λοιπὸν
450 4705 650 4767 αὐτοὺς
692 4703 1018 4766 ἀκολούθους
1070 4704 1363 4774 ἐκτήσατο,
1404 4705 1713 4774 ἐμπνεύσας

162 4794 319 4860 αὐτοῖς
357 4796 639 4861 δυνάμεως
676 4796 847 4861 θείας,
895 4796 1086 4867 μένους
1122 4813 1185 4848 τε
1220 4796 1311 4849 καὶ
1352 4796 1585 4867 θάρσους
1615 4799 1714 4869 ἐμ-

166 4885 368 4957 πλήσας,
398 4890 494 4943 καὶ
525 4889 591 4960 δὴ
621 4889 713 4943 οἱά
735 4905 815 4952 τις
844 4888 1057 4958 ἀληθῶς
1082 4889 1217 4942 Θεοῦ
1236 4888 1392 4958 λόγος
1424 4890 1518 4943 καὶ
1549 4891 1712 4955 αὐτὸς

163 4974 289 5044 θεὸς,
314 4980 645 5052 τηλικούτων
679 4980 967 5052 θαυμάτων
988 4982 1239 5052 ποιητὴς,
1282 4980 1481 5051 νοερῶν
1511 4982 1710 5045 αὐτοὺς

159 5070 237 5123 καὶ
261 5072 485 5142 λογικῶν
507 5072 696 5144 ψυχῶν
720 5071 987 5144 θηρευτὰς
1022 5075 1273 5143 ποιήσας,
1303 5072 1463 5144 ἔργον
1493 5090 1553 5125 τε
1591 5073 1711 5127 ἐπι-

159 5156 252 5225 θεὶς
270 5165 331 5234 τῇ
349 5166 522 5235 φωνῇ,
543 5167 633 5234 τῇ,
652 5183 672 5214 ι
694 5163 879 5227 Δεῦτε,
903 5163 1243 5219 ἀκολουθεῖτέ
1260 5181 1369 5235 μοι,
1389 5163 1483 5216 καὶ
1500 5165 1709 5235 ποιήσω

158 5251 279 5324 ὑμᾶς
306 5258 474 5321 ἁλιεῖς
502 5256 828 5328 ἀνθρώπων,
878 5276 896 5308 ι
930 5256 1168 5327 φησάσῃ,
1206 5256 1341 5326 ὁμοῦ
1375 5274 1433 5309 τε
1471 5256 1709 5326 ἐργάτας

157 5346 233 5400 καὶ
274 5348 624 5412 διδασκάλους
669 5350 865 5413 αὐτοὺς
922 5346 1202 5410 εὐσεϐείας
1245 5349 1703 5419 ἀπειργασμένος,

154 5436 237 5509 ἠδη
277 5443 366 5495 καὶ
402 5444 483 5506 εἰς
533 5443 712 5496 πάντα
757 5441 825 5494 τὰ
874 5440 1000 5512 ἔθνη
1049 5439 1404 5512 διεπέμπετο,
1459 5442 1707 5513 κήρυκας

150 5522 403 5595 ἀναδείξας
426 5532 527 5602 τῆς
557 5528 726 5585 αὐτοῦ
758 5528 1125 5593 διδασκαλίας.
1161 5530 1269 5583 Καὶ
1295 5530 1379 5593 τίς
1406 5531 1506 5583 οὐκ
1529 5528 1594 5583 ἂν
1620 5528 1706 5593 ἐξ·-

149 5617 352 5693 επλάγη,
376 5622 470 5676 καὶ
501 5621 809 5692 ἠπίστησεν
836 5620 901 5675 ἂν
935 5620 1160 5682 εἰκότως
1190 5618 1268 5689 τῷ
1300 5619 1583 5690 παραδόξῳ
1610 5620 1702 5672 τοῦ

146 5708 410 5783 θαύματος,
432 5716 521 5769 ὅτε
552 5713 745 5786 μηδεὶς
778 5714 877 5785 μὲν
909 5712 1017 5767 τῶν
1049 5709 1266 5765 πώποτε
1312 5713 1369 5764 ἐν
1398 5710 1704 5795 ἀνθρρποις

210 5845 455 5906 ".Mattb.
497 5847 690 5917 tv,.18.

1816 4619 2061 4676 tuerunt,
2087 4613 2286 4668 nedum
2313 4614 2556 4668 virorum
2574 4621 2878 4670 conventus
2916 4614 2940 4667 ἲ
2985 4614 3258 4684 quomodo
3288 4628 3389 4667 au-

1814 4713 1922 4759 tem
1975 4703 2379 4757 multitudinem
2442 4703 2646 4773 alloqui
2699 4712 2793 4757 aut
2841 4703 3136 4766 instruere,
3174 4704 3267 4774 qui
3319 4704 3391 4764 ab

1814 4792 1961 4848 omni
1989 4793 2296 4848 eruditione
2317 4794 2684 4849 abhorrebant
2718 4793 2741 4847 ?
2768 4792 2839 4846 At
2872 4793 2974 4847 hoc
3002 4792 3222 4862 quidem
3263 4791 3389 4859 fuit,

1815 4883 1963 4953 quod
1988 4893 2042 4939 et
2072 4884 2318 4940 divinum
2349 4885 2665 4948 consilium,
2700 4891 2755 4938 et
2785 4884 2895 4938 vim
2917 4884 3157 4939 divinam
3188 4900 3311 4956 qua:
3331 4883 3387 4938 in

1814 4976 1943 5040 illis,
1975 4981 2029 5031 et
2054 4991 2177 5031 cum
2198 4976 2305 5030 illis
2322 4975 2499 5046 ipsum
2522 4991 2661 5046 opus
2688 4975 2892 5036 obibat,
2911 4974 3232 5030 declararet.
3248 4975 3393 5046 Ergo

1812 5082 1937 5122 cum
1961 5068 2085 5123 illos
2115 5076 2386 5137 vocasset,
2425 5077 2540 5121 tum
2598 5068 2833 5138 primum
2868 5069 3010 5123 dixit
3040 5068 3056 5121 ε
3118 5088 3137 5120 ι
3170 5067 3387 5133 Venite,

1763 5196 1767 5203 ο
1812 5159 2106 5229 sequimini
2125 5176 2212 5215 me
2229 5179 2241 5213 :
2256 5169 2310 5215 et
2329 5160 2524 5215 faciam
2541 5176 2638 5216 vos
2659 5161 2964 5230 piscatores
2982 5160 3264 5215 hominum
3278 5160 3346 5214 δ’.
3362 5180 3382 5213 ι

1809 5251 1948 5305 Cum
1983 5267 2111 5306 vero
2134 5251 2248 5320 jam
2280 5252 2403 5306 illos
2436 5258 2738 5308 sectatores
2780 5263 2929 5308 esset
2959 5253 3212 5321 adeptus,
3243 5250 3385 5306 :iivi-

1809 5355 1990 5411 neque
2016 5356 2114 5395 sua
2142 5341 2189 5394 vi
2216 5341 2473 5406 atllasset,
2522 5341 2828 5411 roboreque
2869 5352 3033 5412 atque
3062 5341 3234 5396 animi
3256 5355 3389 5396 con-

1809 5434 2030 5489 ﬁdentia
2064 5435 2412 5505 complesset,
2428 5436 2654 5506 jamque
2677 5434 2841 5490 veluti
2861 5432 3134 5505 quoddam
3148 5450 3275 5489 vere
3293 5432 3385 5489 Dei

1808 5528 2058 5589 verbum,
2113 5529 2341 5597 ipseque
2370 5528 2515 5584 Deus
2547 5536 2824 5591 tantorum
2874 5538 3065 5584 auctor
3092 5529 3388 5584 miraculo-

1807 5634 1952 5683 rum,
2003 5619 2423 5689 intelligentium
2460 5621 2924 5692 rationaliumque
2964 5622 3270 5676 animarum
3301 5638 3378 5675 vc-

1806 5718 2028 5766 natores
2058 5709 2182 5766 illos
2200 5711 2578 5768 constituisset
2607 5730 2619 5766 :
2644 5726 2869 5782 remque
2904 5712 3082 5784 ipsam
3114 5719 3280 5781 atque
3310 5709 3383 5765 ef-
