3880 6256
204 387 289 444 941

1076 397 1731 464 DEMONSTRATIONIS
1767 409 2226 468 EVANGELICE
2263 413 2390 470 LIB.
2437 417 2523 472 Ill.

3317 431 3424 484 Ξ.ίὲ

203 506 295 559 τῶν
325 506 582 578 μαθητῶν
619 510 713 562 τοῦ
755 511 922 582 Ἰησοῦ
958 513 1305 584 διδασκαλίας
1348 522 1579 593 τρόποςς
1609 523 1720 596 *Δρ

1857 529 1971 583 ﬁeri
2022 539 2202 601 potest
2251 539 2310 586 ut
2368 533 2471 590 hoc
2519 533 2721 592 dicenti
2787 537 2865 593 illi
2937 540 3265 609 crederent,
3317 548 3422 601 nisi

199 596 294 692 γὰρ
337 599 416 660 εἰς
461 597 637 692 μέσην
685 603 1038 673 παρελθόντες
1081 607 1256 673 πόλιν,
1285 611 1452 667 ἔπειτ’
1483 616 1543 668 ἐν
1576 618 1751 692 ἀγορᾷ

200 687 417 750 στάντες,
448 689 546 742 καλ⁸
571 689 662 761 βοῇ
689 691 892 762 μείζονι
915 699 1246 770 χρησάμενοι
1278 705 1600 762 συνεκάλουν
1623 711 1750 778 τοὺς

199 777 495 847 παριόντας,
539 780 772 836 κᾶπειτα
819 786 1228 862 ἐδημηγόρουν;
1265 795 1372 848 Καὶ
1405 796 1488 862 τίς
1531 793 1600 870 ἦν
1640 800 1750 873 ἄρα

196 869 356 958 αὐτοῖς
399 871 503 942 τῆς
549 871 883 949 δημηγορίας
918 881 946 933 ό
995 881 1172 951 λόγος,
1199 878 1243 954 ᾧ
1278 889 1564 945 πεπεῖσθαι
1603 869 1749 958 εἰκὸς

273 962 809 1056 τοὺςάκροωμένους;
841 970 963 1036 Πῶς
986 973 1041 1026 δὲ
1061 978 1152 1029 καὶ
1170 977 1539 1051 ἐδημηγόρουν
1557 954 1746 1056 ἄνδρες

191 1051 342 1120 λόγων
370 1055 608 1128 ἄπειροι,
643 1061 737 1114 καὶ
769 1063 944 1135 πάσης
973 1067 1229 1140 ἁμέτοχοι
1259 1073 1542 1139 παιδείας;
1585 1077 1746 1132 Ἀλλά

190 1143 282 1216 μὴν
307 1147 363 1200 οὐ
393 1149 537 1202 κατᾶ
569 1150 784 1224 πλῆθος,
810 1158 946 1210 κατὰ
975 1159 1138 1230 μέρος
1161 1162 1215 1214 δὲ
1246 1167 1357 1227 τοῖς
1384 1169 1743 1238 προστυχοῦσι

187 1235 482 1306 διελέγοντο.
521 1243 674 1297 Τίσιν
702 1241 794 1300 οὖν
828 1250 920 1302 καὶ
943 1252 1145 1315 ὁποίοις
1177 1254 1415 1326 ἐχρῶντο
1444 1257 1621 1326 λόγοις
1651 1263 1742 1316 ἐπὶ

188 1326 336 1380 meo
378 1330 487 1382 τῶν
518 1334 856 1403 ἀκουόντωνς
899 1343 1021 1394 ἐπεὶ
1059 1343 1192 1414 μηδὲ
1230 1347 1424 1418 μικρὸς
1459 1345 1526 1421 ἦν
1558 1353 1739 1418 αὐτοῖς

185 1417 394 1487 όάγὼν,
442 1423 520 1495 μὴ
568 1426 918 1498 ἀρνουμένοις
963 1432 1053 1485 τὸν
1104 1437 1465 1494 ἐπονείδιστον
1513 1441 1740 1497 θάνατον

184 1507 256 1563 τοῦ
297 1515 820 1588 καταγγελλομὲνου.
859 1523 920 1576 Εἰ
957 1525 1054 1596 μὲν
1085 1526 1192 1599 γὰρ
1221 1528 1406 1584 τοῦτον
1434 1533 1739 1607 ἐπικρυψά-

185 1621 330 1672 pavet,
357 1607 447 1658 καὶ
474 1608 554 1680 μὴ
585 1613 970 1682 ὁμολογοῦντες
993 1621 1070 1684 εἰς
1101 1623 1307 1687 πάντας
1337 1621 1425 1679 οἷα
1449 1628 1543 1680 καὶ
1565 1630 1738 1686 ὁπόσα

183 1692 562 1751 τέπονθενύπὸ
609 1701 896 1769 Ἰουδαίων,
932 1707 999 1761 τὰ
1047 1710 1220 1780 σεμνὰ
1259 1711 1396 1784 μόνα
1434 1717 1528 1768 καὶ
1555 1716 1737 1785 ἔνδοξα

180 1788 548 1860 προσεκόμιζον
571 1811 584 1824 ·
618 1793 760 1864 λέγω
790 1797 844 1850 δὲ
887 1799 984 1864 τὰς
1012 1798 1476 1876 Θαυματουργίας,
1513 1809 1604 1862 καὶ
1638 1809 1734 1875 τὰς

1853 637 1918 676 ex
1975 623 2100 678 aliis
2153 623 2404 696 ejusdem
2457 626 2659 682 divinis
2705 631 2898 700 gestis,
2970 648 3220 690 veraeem
3267 635 3421 691 illum

1853 711 1908 765 in
1962 713 2142 770 verbis
2201 715 2410 786 experti
2455 720 2694 775 essent?
2749 722 2896 793 quod
2929 727 3074 780 enim
3131 727 3316 783 verbis
3355 729 3423 782 i-l-

1851 803 1957 860 lius
2005 805 2311 871 crederent,
2370 811 2718 866 ratiocinanti
2781 814 2877 870 tibi
2935 816 3183 873 confiteri
3232 834 3423 876 neces-

1849 910 1909 952 se
1953 905 2058 954 est.
2109 897 2397 972 lmperanti
2459 904 2605 958 enim
2654 905 2730 959 illi
2777 909 2962 963 nullus
3016 926 3124 967 non
3182 913 3416 984 paruit;

1853 989 2012 1060 137
2051 991 2143 1048 sed
2171 995 2420 1063 protinus
2448 999 2820 1056 auscultantes
2842 1001 2988 1058 illius
3037 1005 3194 1059 nutui
3231 1021 3419 1077 quem-

1847 1079 2136 1136 admodum
2171 1085 2304 1156 ipsis
2339 1096 2670 1157 praaceptum
2702 1089 2902 1157 fuerat,
2929 1109 2992 1148 ac
3014 1095 3080 1150 de
3108 1097 3300 1166 patriis
3328 1114 3417 1154 se-

1845 1172 2007 1230 dibus
2053 1176 2120 1230 ad
2169 1193 2360 1234 omnes
2408 1192 2597 1250 gentes
2642 1185 2891 1253 pro'ecti,
2925 1201 3086 1242 omne
3134 1188 3413 1245 hominum

1843 1281 2016 1335 genus
2061 1267 2386 1333 docuerunt,
2423 1273 2683 1344 brevique
2724 1285 2970 1347 tempore
3015 1279 3217 1335 intueri
3259 1283 3412 1338 licuit

1842 1359 2228 1429 respondentia
2262 1363 2443 1418 verbis
2475 1363 2638 1420 facta.
2682 1363 3043 1423 Praedicatum
3101 1371 3284 1442 itaque
3328 1383 3412 1430 est

1841 1448 1895 1502 in
1915 1451 2114 1520 exiguo
2143 1456 2403 1524 temporis
2438 1458 2615 1525 spatio
2647 1458 2700 1512 in
2733 1466 2847 1514 toto
2877 1462 3011 1516 orbe
3037 1459 3410 1534 Evangelium,

1839 1539 1895 1595 in
1949 1542 2317 1598 testimonium
2380 1549 2594 1605 cunctis
2638 1551 2922 1620 gentibus;
2971 1559 3026 1606 et
3081 1554 3300 1609 barbari
3355 1561 3412 1612 et

1839 1629 2162 1702 Graeciquae
2193 1635 2260 1689 de
2295 1633 2426 1691 Jesu
2484 1639 2689 1709 scripta
2743 1649 2920 1706 erant,
2960 1644 3152 1712 patriis
3212 1645 3411 1704 litteris

1839 1724 2124 1795 patriaque
2184 1743 2316 1784 voce
2372 1741 2726 1802 exceperunt.
2786 1733 3076 1802 Caeterum,
3125 1741 3248 1806 quis
3297 1755 3408 1796 non

1838 1817 2033 1870 merito
2057 1818 2298 1888 ambigat
2333 1835 2581 1890 quaenam
2633 1825 2795 1879 fuerit
2843 1823 2974 1881 Jesu
3008 1827 3405 1900 discipulorum

178 1881 611 1949 παραδοξοποιίας
645 1887 831 1955 αὐτοῦ,
861 1892 960 1956 τάς
1000 1911 1062 1947 τε
1107 1896 1431 1968 φιλοσόφους
1479 1900 1720 1956 διδασκα-

178 1967 236 1988 \u
266 1987 274 1988 κ
361 1973 373 1988 ι
451 1973 476 1984 ~
601 1978 669 1988 ιι·
743 1978 766 1988 -
928 1977 955 1988 ·’
1074 1985 1083 1988 ·

1835 1906 2067 1962 docendi
2117 1881 2277 1974 ratio,
2311 1881 2438 1982 quis
2479 1915 2713 1970 modus?
2743 1915 3015 1988 Nunquid
3152 1881 3405 1978 (med—iam

178 1967 276 2031 λίας
317 1973 480 2026 αὑτοῦ
506 1991 521 2004 ·
560 1978 669 2030 οὐδ’
711 1978 883 2044 οὕτως
925 1977 994 2054 ἦν
1026 1985 1210 2050 αὐτοῖς
1255 1989 1486 2062 εὐχερὴς
1514 1993 1542 2044 ό
1575 1991 1732 2060 λόγος

177 2059 288 2129 πρὸς
308 2062 364 2114 τὸ
391 2065 624 2134 ποιῆσαι
654 2069 850 2140 ῥᾳδίως
891 2076 1326 2142 συγκαταθέσθαι
1352 2081 1476 2145 τοὺς
1503 2082 1729 2139 ἀκούον-

177 2168 252 2214 τας
279 2153 796 2228 ξενοςωνουμένους,
835 2165 927 2217 καὶ
969 2165 1092 2239 ἄρτι
1120 2168 1333 2240 πρῶτον
1365 2172 1731 2240 ἐπακούοντας

177 2243 344 2297 καινῶν
405 2250 676 2318 ῥημάτων
739 2254 831 2306 ὑπ’
893 2256 1102 2330 ἀνδρῶν
1160 2261 1312 2315 οὐδὲν
1373 2264 1730 2336 ἐπαγομένων

174 2336 450 2401 ἀξιόπιστον
476 2343 584 2414 τὴν
605 2343 714 2398 τῶν
744 2345 1048 2418 λεγομένων
1083 2353 1408 2425 μαρτυρίαν.
1443 2356 1590 2428 Πλὴν
1615 2357 1728 2412 ἀλλ’

174 2428 320 2491 ἔδοξεν
347 2433 411 2486 ἄν
445 2435 822 2510 πιθανώτερον
847 2440 1101 2510 λέγεσθαι
1123 2445 1192 2498 τὰ
1224 2447 1507 2518 εἰρημένα.
1537 2450 1650 2504 Νῦν
1670 2452 1728 2505 δὲ

171 2523 267 2612 τοτέ
289 2523 382 2593 μὲν
409 2525 500 2578 τὸν
536 2544 641 2599 πρε
653 2530 974 2602 σὸευόμενον
1003 2535 1134 2588 Θεὸν
1164 2541 1220 2590 ἐν
1248 2537 1536 2610 ἀνθρώπου
1570 2560 1727 2612 γεγο-

171 2609 292 2664 νέναι
318 2612 555 2685 σώματι,
595 2618 689 2671 καὶ
722 2620 868 2673 οὐδὲν
895 2621 1021 2676 ἄλλο
1053 2625 1149 2697 τὴν
1184 2609 1507 2696 φύσινεῖναι
1535 2632 1722 2704 ἢΘεοῦ

171 2701 330 2771 Λόγοι,
360 2707 438 2760 διὸ
471 2710 573 2761 καὶ
605 2713 856 2778 τοιαύτας
887 2717 1175 2788 τεραστίας
1200 2719 1458 2792 δυνάμείς
1489 2739 1721 2797 πεποιη-

173 2795 294 2850 κέναι
323 2793 405 2851 οἷα
433 2800 607 2858 Θεόν·
636 2804 756 2857 τοτὲ
787 2805 844 2859 δὲ
877 2807 1085 2872 τούτοις
1119 2811 1377 2876 ἐναντίως
1409 2811 1593 2885 ὕϐρεις
1623 2817 1721 2870 αὐ·-

173 2886 242 2941 vim
264 2893 346 2944 καὶ
376 2894 606 2966 ἀτιμίας
633 2897 940 2969 ὑπομεῖναι,
975 2903 1068 2955 καὶ
1112 2903 1264 2969 τέλος
1297 2905 1394 2978 τὴν
1438 2907 1720 2980 αἰσχίστην

175 2979 367 3047 καὶτοῖς
402 2987 628 3042 πάντων
657 2989 960 3062 ἀνθρώπων
986 2999 1442 3068 κακουργοτὰτοις
1475 3001 1719 3073 ἐπηρτηο

173 3071 308 3143 μένην
337 3077 418 3131 διά
449 3081 692 3152 σταυροῦ
721 3086 1012 3156 τιμωρίαν,
1047 3089 1131 3154 τίς
1161 3091 1261 3144 οὐκ
1293 3092 1358 3147 ἂν
1389 3093 1464 3160 ὡς
1503 3071 1719 3150 ἐναντία

1834 2001 2110 2068 progressi
2133 2001 2433 2068 civitatem,
2463 2005 2661 2062 deinde
2688 2016 2899 2065 stantes
2930 2011 2986 2066 in
3013 2011 3152 2078 foro,
3185 2029 3406 2071 vocem-

1834 2103 1938 2160 que
1961 2094 2290 2158 attollentes,
2309 2099 2682 2154 eonvocabant
2704 2117 2798 2158 eos
2822 2105 2913 2174 qui
2947 2107 3320 2163 accedebant?
3349 2117 3404 2165 et

1831 2196 1952 2252 quae
1977 2184 2196 2240 tandem
2231 2186 2340 2242 illis
2363 2190 2725 2248 concionandi
2758 2197 2918 2261 ratio,
2945 2199 3032 2252 cui
3057 2199 3276 2269 quidem
3306 2217 3401 2256 ve-

1832 2273 2060 2329 risimile
2091 2275 2165 2331 sit
2197 2278 2539 2336 auscultasse
2565 2284 2886 2341 audientes?
2919 2289 3193 2357 quomodo
3221 2297 3400 2345 autem

1831 2366 2306 2423 coneionabantur
2339 2371 2444 2426 viri
2493 2376 2765 2432 sermonis
2813 2378 3074 2448 imperiti,
3104 2388 3160 2436 et
3211 2397 3402 2438 omnes

1828 2468 2081 2528 expertes
2102 2461 2469 2518 eruditionis?
2500 2467 2649 2535 atqui
2679 2485 2788 2524 non
2829 2471 3259 2536 multitudinem,
3305 2474 3400 2530 sed

1829 2549 2076 2620 singulos
2099 2551 2365 2609 adeuntes
2397 2556 2838 2627 alloquebantur.
2871 2561 2989 2627 Qua
3019 2563 3184 2634 igitur
3216 2571 3270 2618 et
3301 2580 3402 2619 cu-

1821 2643 2067 2712 jusmodi
2099 2645 2351 2700 oratione
2378 2648 2696 2715 utebantur,
2727 2653 3150 2711 utaudicntibus
3174 2673 3400 2727 persua-

1825 2733 2210 2790 derenti‘non
2271 2737 2415 2790 enim
2466 2753 2691 2808 parvum
2739 2743 2848 2796 illis
2901 2745 3238 2814 propositum
3279 2751 3399 2802 erat

1824 2839 2147 2892 certamen,
2203 2841 2312 2882 non
2369 2827 2851 2890 dissimulantibus
2908 2836 3227 2904 probrosam
3276 2837 3398 2906 ejus

1823 2929 2055 2975 mortem
2100 2935 2262 2990 quem
2309 2928 2370 2976 ut
2418 2921 2588 2977 Deum
2628 2925 3104 2982 commendabant.
3158 2925 3290 2981 Nam
3349 2931 3398 2984 si

1823 3010 1964 3067 hanc
1993 3012 2458 3078 dissimulassent,
2492 3030 2670 3084 neque
2703 3017 2886 3086 qualia
2927 3027 3240 3089 quantaque
3266 3035 3395 3089 pas-

1821 3115 1918 3156 sus
1967 3102 2039 3157 sit
2070 3117 2100 3156 a
2139 3101 2342 3157 Iudaeis
2395 3102 2538 3172 apud
2573 3117 2766 3161 omnes
2793 3105 3032 3164 confessi
3064 3116 3270 3172 essent,
3297 3110 3394 3165 sed

169 3163 396 3232 λεγόντων
440 3173 792 3230 κατέπτυσεν
821 3179 1080 3246 είκότως;
1109 3183 1203 3248 Τίς
1233 3183 1276 3237 δ’
1305 3184 1478 3250 οὕτως
1513 3186 1717 3257 ἠλίθιος

1824 3205 1942 3260 qua:
1969 3193 2334 3247 reverentiam
2364 3193 2574 3246 homini
2615 3195 2956 3266 gloriamque
3011 3196 3296 3262 adderent,
3329 3214 3395 3254 ea

171 3255 391 3330 ὑπῆρχεν,
425 3263 512 3327 ὡς
539 3267 782 3340 εὐχερῶς
817 3271 1100 3327 πιστεῦσαι
1129 3273 1377 3344 λέγουσιν
1410 3279 1714 3352 ἑωρακέναι

173 3350 280 3442 μετὰ
299 3353 384 3406 τὸν
411 3355 651 3412 θάνατον
681 3361 744 3413 ἐκ
775 3363 984 3435 νεκρῶν
1009 3365 1436 3434 ἀναϐεϐιωκότα,
1461 3350 1550 3424 τδν
1581 3371 1712 3442 μηδὲ

168 3439 233 3531 in:
255 3443 305 3496 ἐν
334 3445 507 3510 ζῶσιν
539 3443 607 3520 ἦν
651 3451 929 3523 ἐπαμῦναι
971 3456 1147 3528 ἐαυτῷ
1189 3457 1546 3531 δεδυνημένου
1569 3439 1591 3528 ;‘
1619 3439 1712 3528 Τίς

166 3528 327 3627 fta-oi;
359 3539 606 3604 ἰδιώταις
639 3545 731 3596 καὶ
759 3545 1027 3601 εὐτελέσιν
1074 3551 1301 3616 ἐκείνοις
1335 3553 1560 3627 ἐπείσθη
1596 3555 1712 3608 ποτ’

169 3615 217 3677 ἂν
239 3625 461 3697 λέγουσι,
515 3633 716 3704 χρῆναι
748 3637 857 3689 τῶν
903 3638 1002 3708 μὲν
1045 3641 1317 3714 πατρῴων
1365 3641 1503 3697 Θεῶν
1545 3662 1714 3699 κατα-

169 3721 409 3792 φρονῆσαι,
453 3727 557 3779 καὶ
588 3728 800 3799 μωρίαν
835 3731 932 3801 μὲν
955 3730 1064 3786 τῶν
1101 3732 1162 3798 ἐξ
1193 3733 1389 3799 αἰῶνος
1430 3735 1713 3805 καταγνῶ-

167 3825 234 3862 ναι
257 3814 491 3881 πάντων,
522 3819 704 3888 μόνοις
729 3820 786 3874 δὲ
816 3823 998 3887 αὐτοῖς
1033 3823 1313 3878 πείθεσθαι
1346 3827 1441 3880 καὶ
1472 3831 1582 3892 τοῖς
1607 3828 1712 3882 ὐπὸ

167 3901 237 3955 τοῦ
264 3908 661 3980 παυρωθέντος
691 3913 1194 3986 παρηγγελμένοιςς
1226 3916 1414 3970 τοῦτον
1435 3919 1544 3990 γὰρ
1573 3915 1710 3974 εἶναι

168 3995 239 4048 τοῦ
267 3999 417 4070 μόνου
447 4002 550 4056 καὶ
587 4003 680 4056 ἐπὶ
713 4005 928 4060 πάντων
955 4007 1088 4060 Θεοῦ
1116 4008 1273 4080 μόνον
1309 4009 1590 4082 ἀγαπητὸν
1616 4013 1712 4066 καὶ

173 4095 392 4166 μονογενῆ
459 4095 659 4148 Παῖδα.
733 4095 872 4166 Ἐγὼ
934 4098 1032 4168 μὲν
1096 4095 1189 4154 οῦν
1254 4101 1520 4167 ἐξετάζων
1579 4103 1710 4176 παρ’

169 4179 351 4254 ἐμαυτῷ
394 4175 710 4255 φιλαλήθως
759 4187 851 4240 τὸν
897 4187 1076 4256 λόγον,
1119 4189 1375 4260 οὐδεμίαν
1426 4175 1711 4262 πειστικῆν

169 4267 354 4344 δύναμιν
395 4277 455 4330 ἐν
508 4277 676 4348 αὐτῷ,
719 4278 839 4332 οὐδέ
883 4296 935 4332 τι
983 4281 1199 4351 σεμνὸν,
1233 4281 1340 4336 οὐδ’
1374 4283 1706 4349 ἀξιόπιστον,

169 4363 256 4416 ἀλλ’
283 4367 394 4422 οὐδέ
426 4369 660 4424 πιθανὸν
699 4372 775 4435 εἰς
809 4371 870 4426 τὸ
913 4373 1016 4427 κᾶν
1059 4373 1155 4428 ἕνα
1199 4375 1320 4428 τινὰ
1347 4375 1454 4432 τῶν
1487 4375 1708 4444 ἠλιθίων

169 4459 316 4512 πεῖσαι
343 4460 603 4516 δύνασθαι
636 4463 892 4536 εὑρίσκω,
937 4465 1099 4520 Ἀλλά
1148 4467 1308 4521 πάλιν
1357 4468 1576 4540 ἀφορῶν
1628 4471 1708 4534 είς

1820 3281 1935 3336 sola
1965 3283 2324 3352 protulissent
2353 3301 2365 3336 :
2396 3282 2522 3338 dico
2557 3294 2734 3339 autem
2769 3285 3012 3358 prodigia
3049 3295 3104 3343 et
3131 3288 3394 3343 miracula

1821 3374 1888 3428 ab
1921 3375 2016 3430 illo
2045 3375 2214 3440 edita,
2246 3391 2462 3432 necnon
2505 3376 2882 3448 philosophica
2930 3379 3177 3450 ejusdem
3217 3381 3392 3436 docu-

1819 3473 2000 3518 menta
2039 3483 2052 3519 :
2088 3480 2155 3519 ne
2204 3465 2552 3536 sic,quidem
2582 3466 2692 3521 illis
2723 3467 2927 3520 exitum
2973 3467 3206 3522 celerem
3237 3467 3392 3523 inve-

1818 3557 1992 3612 nisset
2024 3557 2222 3621 oratio,
2261 3565 2319 3611 ut
2363 3557 2524 3613 facile
2563 3573 2892 3614 consensum
2924 3557 3260 3612 audientium
3294 3560 3394 3612 eli-

1817 3656 2039 3716 cerent;
2071 3649 2165 3719 qui
2189 3648 2408 3719 quidem
2432 3650 2720 3704 audientes
2755 3649 2932 3704 aliena
2960 3649 3147 3719 lingua
3171 3649 3394 3704 uteban-

1819 3745 1926 3800 tur,
1956 3754 2021 3792 ac
2065 3746 2199 3793 tunc
2229 3740 2465 3810 primum
2519 3740 2588 3794 ab
2621 3739 2933 3795 hominibus
2973 3740 3108 3793 nihil
3151 3739 3256 3795 ﬁde
3304 3739 3391 3795 di-

1817 3843 1982 3900 gnum
2011 3829 2388 3897 alierentibus,
2427 3829 2671 3885 inaudita
2701 3829 2804 3886 sibi
2835 3831 2986 3902 prius
3015 3833 3178 3885 verba
3209 3832 3376 3901 perci-

1819 3922 2064 3994 piebant,
2097 3921 2166 3978 ad
2197 3939 2260 3978 ea
2293 3939 2413 3992 quae
2443 3923 2522 3976 illi
2551 3921 2796 3977 dicerent
2827 3921 3252 3992 comprobanda.
3289 3920 3391 3978 Ve-

1816 4024 2122 4070 rumtamen
2157 4015 2204 4071 si
2247 4016 2378 4070 talia
2412 4015 2704 4078 dixissent,
2738 4015 3020 4085 aliquanto
3053 4015 3390 4084 probabilius

1815 4105 2000 4162 dicere
2029 4108 2130 4162 visi
2157 4115 2366 4162 essent.
2403 4105 2562 4161 Nunc
2597 4115 2780 4160 autem
2809 4121 2935 4160 eum
2967 4106 3214 4161 dicerent
3236 4107 3389 4161 illum

1815 4213 1976 4269 quem
2010 4206 2070 4254 ut
2116 4199 2286 4254 Deum
2337 4199 2818 4268 commendabant.
2854 4197 3018 4253 modo
3069 4198 3126 4252 in
3159 4213 3391 4269 corpore

1815 4293 2056 4346 humano
2073 4299 2374 4356 versatum,
2416 4291 2662 4362 nihilque
2693 4289 2842 4344 aliud
2875 4297 3070 4344 natura
3102 4305 3266 4361 quam
3294 4289 3388 4345 Dei

1816 4379 2056 4436 Verbum
2083 4397 2227 4449 esse,
2253 4382 2512 4452 quocirca
2565 4381 2730 4437 etiam
2767 4381 2897 4434 talia
2951 4382 3216 4436 miracula
3266 4389 3388 4435 tan-

1813 4491 1978 4546 quam
2011 4475 2179 4532 Deum
2221 4479 2386 4534 edere
2419 4479 2685 4548 potuisse,
2727 4479 2890 4532 modo
2945 4477 3031 4532 his
3087 4475 3385 4538 contraria,

167 4555 243 4638 την
265 4552 347 4606 τοῦ
370 4553 533 4624 λόγου
563 4553 789 4626 δύναμιν
818 4557 894 4621 ὠς
928 4559 1098 4630 μυρία
1127 4558 1305 4630 πλήθη
1335 4561 1588 4623 πέπεικε,
1615 4561 1710 4614 καὶ

1824 4568 2044 4638 injurias
2079 4570 2232 4623 illum
2291 4569 2761 4638 contumeliasque
2799 4567 3028 4632 tulisse,
3059 4575 3113 4622 et
3151 4565 3398 4636 denique

168 4636 227 4702 ὡς
262 4646 588 4719 συνέστησαν
642 4648 961 4721 μυρίανδροι
1005 4651 1325 4720 Ἐκκλησίαι
1360 4654 1495 4724 πρὸς
1531 4653 1710 4707 αὐτῶν

167 4725 350 4788 ἐκείνων
390 4736 500 4788 τῶν
545 4737 941 4792 εὐτελεστάτων
974 4741 1066 4794 καὶ
1097 4741 1372 4812 ἀγροίκων
1399 4743 1491 4796 τοῦ
1536 4741 1709 4813 Ἰησοῦ

173 4821 406 4894 μαθητῶν,
453 4831 558 4882 οὐκ
603 4830 662 4882 ἐν
708 4830 922 4902 ἀδήλοις
954 4849 1056 4884 που
1105 4833 1199 4887 καὶ
1241 4834 1470 4902 ἀφανέσι
1501 4837 1707 4904 τόποις,

171 4909 258 4967 ἀλλ’
279 4917 330 4970 ἐν
370 4923 490 4984 ταῖς
525 4921 758 4992 μάλιστα
787 4924 1280 4996 διαπρεπεστάταις
1311 4924 1528 4979 πόλεσιν
1561 4926 1708 4998 ἱδρυ-

172 4999 330 5072 θεῖσαι,
356 5011 440 5064 ἐπ’
471 5014 641 5083 αὐτῆς
670 5013 816 5083 λέγω
842 5015 938 5086 τῆς
982 5015 1269 5086 Ῥωμαίων
1299 5016 1704 5089 βασιλευούσης,

172 5091 244 5148 ἐπί
267 5113 317 5150 τε
337 5101 431 5172 τῆς
475 5102 870 5176 Ἀλεξανδρέων
919 5104 1013 5158 καὶ
1059 5106 1394 5178 Ἀντιοχέων,
1427 5107 1547 5161 καθ’
1578 5109 1704 5180 όλης

171 5197 218 5235 τε
241 5187 324 5258 τῆς
345 5193 614 5261 Αἰγύπτου
639 5195 734 5247 καὶ
754 5195 978 5262 Λιὸὐης,
1002 5196 1272 5269 Εὐρώπης
1288 5215 1347 5252 τε
1367 5200 1462 5252 καὶ
1496 5199 1701 5265 Ἄσίας,

172 5273 217 5328 ἓν
249 5296 299 5332 τε
326 5284 535 5356 κώμαις
571 5303 632 5338 τε
682 5288 774 5340 καὶ
815 5286 1024 5360 χώραις
1065 5291 1158 5342 καὶ
1199 5290 1472 5355 παντοίοις
1503 5290 1700 5356 ἔθνεσι,

173 5367 301 5424 πάλιν
341 5375 397 5440 ἐξ
440 5379 690 5448 ἀνάγκης
741 5379 1060 5450 ἀνατρέχειν
1107 5378 1430 5452 ἐκόιάζομαι
1473 5383 1568 5436 ἐπὶ
1605 5383 1702 5454 τὴν

173 5457 246 5511 τοῦ
264 5465 414 5521 αἰτίου
455 5470 708 5542 ζήτησιν,
743 5471 836 5523 καὶ
879 5470 1255 5542 συνομολογεῖν
1293 5472 1367 5544 μὴ
1399 5472 1572 5538 ἄλλως
1606 5476 1702 5528 αὐ-

172 5551 271 5616 τοὺς
307 5563 696 5633 κεκρατηκέναι
725 5561 820 5616 τοῦ
857 5562 1201 5633 τολμήματος
1245 5563 1277 5635 ἧ
1310 5565 1558 5644 θειοτέρα
1608 5568 1703 5620 καὶ

173 5636 285 5713 ὒπὲρ
321 5648 594 5722 ἀνθρωπον
621 5651 848 5722 δυνάμει
882 5653 976 5706 καὶ
1010 5654 1270 5726 συνεργίᾳ
1301 5654 1396 5708 τοῦ
1430 5636 1702 5726 φήσαντος

176 5731 346 5800 αὖτοῖςο
379 5760 394 5794 ι
420 5743 821 5816 Μαθητεύσατε
847 5747 1024 5798 πάντα
1049 5745 1116 5800 τὰ
1149 5746 1274 5818 ἔθνη
1299 5749 1356 5801 ἐν
1379 5747 1457 5819 τῷ
1477 5749 1700 5819 ὀνόματί

180 5840 271 5893 μου·
311 5851 328 5883 ι
365 5835 525 5893 ’ὶόῦτο
555 5838 602 5892 δ’
644 5832 739 5892 οῦν
771 5835 938 5893 εἰπὼν
979 5839 1308 5912 ἐπισυνῆψεν
1345 5841 1696 5912 ἐπαγγελίαν,

1818 4661 2336 4730 ρτοὺνοεῗεεὶηιιιιη,
2399 4669 2453 4717 et
2506 4662 2749 4716 omnium
2810 4661 3092 4716 hominum
3152 4660 3390 4716 scelera-

1815 4753 2046 4808 tissimis
2079 4741 2294 4824 injungi
2329 4753 2551 4808 solitum
2606 4752 2794 4808 crucis
2841 4751 3168 4822 supplicium
3203 4769 3217 4805 :
3259 4750 3386 4820 quis

1811 4859 1920 4899 non
1972 4845 2168 4900 merito
2198 4845 2322 4901 illos
2357 4851 2416 4899 ut
2468 4843 2749 4898 contraria
2797 4843 2902 4898 sibi
2948 4843 3084 4912 ipsis
3139 4841 3388 4898 dicentes

1810 4934 2295 5002 delusisset‘iQuis
2339 4943 2520 4990 autem
2567 4935 2910 5004 usque-adeo
2949 4933 3136 4988 fatuus
3168 4933 3382 4998 fuisset,

1812 5033 1872 5078 ut
1905 5024 2066 5080 facile
2115 5027 2366 5081 crederet
2406 5027 2720 5082 dicentibus
2753 5033 2916 5096 atque
2964 5022 3383 5087 afﬁrmantibus,

1808 5115 2012 5170 vidisse
2042 5131 2101 5171 se
2125 5123 2250 5186 post
2281 5123 2513 5171 mortem
2549 5116 2703 5170 illum
2730 5132 2759 5170 a
2790 5115 3027 5172 mortuis
3069 5114 3301 5172 rediisse
3321 5130 3387 5170 ac

1807 5205 2094 5272 revixisse,
2122 5207 2215 5276 qui
2246 5221 2316 5260 ne
2351 5215 2481 5260 tunc
2503 5206 2721 5276 quidem
2747 5205 3037 5276 cum-apud
3061 5205 3213 5260 vivos
3240 5212 3388 5260 esset

1807 5298 2045 5366 seipsum
2076 5297 2244 5352 tutari
2275 5297 2584 5367 potuisset?
2609 5297 2771 5368 138
2795 5295 2930 5364 Quis
2953 5311 3081 5352 vero
3117 5295 3388 5366 imperitis

1807 5387 1937 5454 illis,
1969 5395 2133 5458 atque
2165 5388 2496 5460 ignobilibus
2549 5403 2790 5458 unquam
2845 5389 3124 5460 paruisset
3151 5387 3390 5442 dicenti-

1803 5479 1928 5546 bus,
1979 5486 2232 5549 Oportere
2284 5479 2416 5536 deos
2473 5479 2694 5550 quidem
2747 5481 2954 5551 patrios
3009 5487 3383 5546 contemnere,

1801 5579 1858 5626 et
1888 5571 2178 5627 stultitiam
2202 5573 2472 5636 omnium,
2500 5573 2594 5644 qui
2621 5587 2862 5642 unquam
2895 5573 2964 5626 ab
2996 5571 3154 5626 initio
3186 5571 3382 5624 huma-

1804 5663 1858 5717 ni
1891 5661 2110 5734 generis
2151 5662 2403 5727 fuissent,
2439 5664 2702 5719 damnare
2739 5683 2753 5718 :
2783 5665 2917 5719 solis
2949 5679 3082 5719 Vero
3123 5663 3227 5718 sibi
3283 5677 3382 5731 pa-

1803 5767 1946 5816 rere,
1975 5759 2024 5805 el
2065 5752 2133 5806 iis
2167 5768 2288 5822 quae
2323 5753 2620 5808 cruciﬁxus
2658 5753 3041 5822 praecepisset?
3066 5752 3213 5806 hunc
3232 5751 3380 5804 enim

1803 5857 1936 5896 esse
1990 5841 2162 5897 solius
2224 5841 2465 5912 supremi
2523 5840 2617 5897 Dei
2666 5842 2842 5898 solum
2900 5841 3159 5897 dilectum
3217 5850 3380 5913 atque
