  <div class='ocr_page' id='page_1' title='image "/cluster/home/n/w/nwhite01/storage/ocr_20150623/22/mdp.39015078384388/129.png"; bbox 0 0 3880 6256; ppageno 0'>
   <div class='ocr_carea' id='block_1_1' title="bbox 458 264 563 321">
    <p class='ocr_par' dir='ltr' id='par_1_1' title="bbox 458 264 563 321">
     <span class='ocr_line' id='line_1_1' title="bbox 458 264 563 321; baseline 0.019 -2"><span class='ocrx_word' id='word_1_1' title='bbox 458 264 563 321; x_wconf 66' lang='grc' dir='ltr'><strong>ἓίῖι</strong></span> 
     </span>
    </p>
   </div>
   <div class='ocr_carea' id='block_1_2' title="bbox 1122 268 3060 331">
    <p class='ocr_par' dir='ltr' id='par_1_2' title="bbox 1122 268 3060 331">
     <span class='ocr_line' id='line_1_2' title="bbox 1122 268 3060 331; baseline 0.003 -9"><span class='ocrx_word' id='word_1_2' title='bbox 1122 268 1391 326; x_wconf 82' lang='lat' dir='ltr'><strong>EUSEBII</strong></span> <span class='ocrx_word' id='word_1_3' title='bbox 1423 269 1902 326; x_wconf 50' lang='lat' dir='ltr'><strong>CIESARIENSIS</strong></span> <span class='ocrx_word' id='word_1_4' title='bbox 1941 271 2088 328; x_wconf 84' lang='lat' dir='ltr'><strong>OPP.</strong></span> <span class='ocrx_word' id='word_1_5' title='bbox 2131 272 2311 328; x_wconf 80' lang='lat' dir='ltr'><strong>PARS</strong></span> <span class='ocrx_word' id='word_1_6' title='bbox 2348 272 2413 328; x_wconf 83' lang='lat' dir='ltr'><strong>ll.</strong></span> <span class='ocrx_word' id='word_1_7' title='bbox 2453 307 2524 315; x_wconf 90' lang='lat'><em>—</em></span> <span class='ocrx_word' id='word_1_8' title='bbox 2562 273 3060 331; x_wconf 77' lang='lat' dir='ltr'><strong>APOLOGETICA.</strong></span> 
     </span>
    </p>
   </div>
   <div class='ocr_carea' id='block_1_3' title="bbox 3587 279 3677 335">
    <p class='ocr_par' dir='ltr' id='par_1_3' title="bbox 3587 279 3677 335">
     <span class='ocr_line' id='line_1_3' title="bbox 3587 279 3677 335; baseline 0.033 -4"><span class='ocrx_word' id='word_1_9' title='bbox 3587 279 3677 335; x_wconf 53' lang='grc' dir='ltr'><strong>εει</strong></span> 
     </span>
    </p>
   </div>
   <div class='ocr_carea' id='block_1_4' title="bbox 459 376 2001 466">
    <p class='ocr_par' dir='ltr' id='par_1_4' title="bbox 459 376 1997 460">
     <span class='ocr_line' id='line_1_4' title="bbox 459 376 1997 460; baseline 0.003 -22"><span class='ocrx_word' id='word_1_10' title='bbox 459 399 679 438; x_wconf 67' lang='lat' dir='ltr'><strong>unitum</strong></span> <span class='ocrx_word' id='word_1_11' title='bbox 715 376 934 439; x_wconf 82' lang='lat' dir='ltr'><strong>Filium.</strong></span> <span class='ocrx_word' id='word_1_12' title='bbox 973 383 1115 441; x_wconf 85' lang='lat' dir='ltr'><strong>Sane</strong></span> <span class='ocrx_word' id='word_1_13' title='bbox 1137 391 1264 442; x_wconf 88' lang='lat' dir='ltr'><strong>dum</strong></span> <span class='ocrx_word' id='word_1_14' title='bbox 1290 403 1391 460; x_wconf 89' lang='lat' dir='ltr'><strong>ego</strong></span> <span class='ocrx_word' id='word_1_15' title='bbox 1425 404 1637 443; x_wconf 90' lang='lat' dir='ltr'><strong>mecum</strong></span> <span class='ocrx_word' id='word_1_16' title='bbox 1666 389 1849 444; x_wconf 90' lang='lat' dir='ltr'><strong>studio</strong></span> <span class='ocrx_word' id='word_1_17' title='bbox 1884 391 1997 445; x_wconf 88' lang='lat' dir='ltr'><strong>veri</strong></span> 
     </span>
    </p>
   </div>
   <div class='ocr_carea' id='block_1_5' title="bbox 2115 376 3680 466">
    <p class='ocr_par' dir='ltr' id='par_1_5' title="bbox 2135 387 3680 466">
     <span class='ocr_line' id='line_1_5' title="bbox 2135 387 3680 466; baseline 0.004 -22"><span class='ocrx_word' id='word_1_18' title='bbox 2135 392 2200 444; x_wconf 80' lang='grc' dir='ltr'>δι’</span> <span class='ocrx_word' id='word_1_19' title='bbox 2270 387 2337 466; x_wconf 78' lang='grc' dir='ltr'>ἦς</span> <span class='ocrx_word' id='word_1_20' title='bbox 2388 393 2611 465; x_wconf 81' lang='grc' dir='ltr'>ἔμελλον</span> <span class='ocrx_word' id='word_1_21' title='bbox 2668 395 2983 465; x_wconf 74' lang='grc' dir='ltr'>ἐπιθαρρεἴν</span> <span class='ocrx_word' id='word_1_22' title='bbox 3049 393 3141 445; x_wconf 74' lang='grc' dir='ltr'><strong>καὶ</strong></span> <span class='ocrx_word' id='word_1_23' title='bbox 3197 389 3479 462; x_wconf 62' lang='grc' dir='ltr'>προθύμως</span> <span class='ocrx_word' id='word_1_24' title='bbox 3536 396 3680 450; x_wconf 77' lang='grc' dir='ltr'>ἐπιδι-</span> 
     </span>
    </p>
   </div>
   <div class='ocr_carea' id='block_1_6' title="bbox 456 477 2031 552">
    <p class='ocr_par' dir='ltr' id='par_1_6' title="bbox 456 477 2031 552">
     <span class='ocr_line' id='line_1_6' title="bbox 456 477 2031 552; baseline 0.004 -21"><span class='ocrx_word' id='word_1_25' title='bbox 456 481 587 533; x_wconf 90' lang='lat' dir='ltr'><strong>tatis</strong></span> <span class='ocrx_word' id='word_1_26' title='bbox 631 477 860 548; x_wconf 87' lang='lat' dir='ltr'><strong>hujusce</strong></span> <span class='ocrx_word' id='word_1_27' title='bbox 907 479 984 533; x_wconf 85' lang='lat' dir='ltr'><strong>rei</strong></span> <span class='ocrx_word' id='word_1_28' title='bbox 1035 479 1302 534; x_wconf 89' lang='lat' dir='ltr'><strong>rationem</strong></span> <span class='ocrx_word' id='word_1_29' title='bbox 1352 481 1596 550; x_wconf 74' lang='lat' dir='ltr'><strong>exploro,</strong></span> <span class='ocrx_word' id='word_1_30' title='bbox 1628 482 1831 535; x_wconf 88' lang='lat' dir='ltr'><strong>nullam</strong></span> <span class='ocrx_word' id='word_1_31' title='bbox 1871 482 2031 552; x_wconf 87' lang='lat' dir='ltr'><strong>plane</strong></span> 
     </span>
    </p>
   </div>
   <div class='ocr_carea' id='block_1_7' title="bbox 454 568 2029 645">
    <p class='ocr_par' dir='ltr' id='par_1_7' title="bbox 454 568 2029 645">
     <span class='ocr_line' id='line_1_7' title="bbox 454 568 2029 645; baseline 0.004 -21"><span class='ocrx_word' id='word_1_32' title='bbox 454 568 514 624; x_wconf 85' lang='lat' dir='ltr'><strong>in</strong></span> <span class='ocrx_word' id='word_1_33' title='bbox 547 584 613 625; x_wconf 88' lang='lat' dir='ltr'><strong>ea</strong></span> <span class='ocrx_word' id='word_1_34' title='bbox 661 569 767 623; x_wconf 93' lang='lat' dir='ltr'><strong>vim</strong></span> <span class='ocrx_word' id='word_1_35' title='bbox 817 570 885 624; x_wconf 91' lang='lat' dir='ltr'><strong>ad</strong></span> <span class='ocrx_word' id='word_1_36' title='bbox 946 570 1289 640; x_wconf 89' lang='lat' dir='ltr'><strong>probandum</strong></span> <span class='ocrx_word' id='word_1_37' title='bbox 1338 572 1612 637; x_wconf 85' lang='lat' dir='ltr'><strong>idoneam,</strong></span> <span class='ocrx_word' id='word_1_38' title='bbox 1641 570 1816 644; x_wconf 86' lang='lat' dir='ltr'><strong>neque</strong></span> <span class='ocrx_word' id='word_1_39' title='bbox 1865 590 2029 645; x_wconf 87' lang='lat' dir='ltr'><strong>grave</strong></span> 
     </span>
    </p>
   </div>
   <div class='ocr_carea' id='block_1_8' title="bbox 453 661 2032 735">
    <p class='ocr_par' dir='ltr' id='par_1_8' title="bbox 453 661 2032 735">
     <span class='ocr_line' id='line_1_8' title="bbox 453 661 2032 735; baseline 0.002 -19"><span class='ocrx_word' id='word_1_40' title='bbox 453 661 751 731; x_wconf 85' lang='lat' dir='ltr'><strong>quidquam</strong></span> <span class='ocrx_word' id='word_1_41' title='bbox 786 667 880 716; x_wconf 92' lang='lat' dir='ltr'><strong>aut</strong></span> <span class='ocrx_word' id='word_1_42' title='bbox 913 662 1017 716; x_wconf 80' lang='lat' dir='ltr'><strong>fide</strong></span> <span class='ocrx_word' id='word_1_43' title='bbox 1068 662 1291 733; x_wconf 87' lang='lat' dir='ltr'><strong>dignum</strong></span> <span class='ocrx_word' id='word_1_44' title='bbox 1344 662 1583 728; x_wconf 85' lang='lat' dir='ltr'><strong>invenio,</strong></span> <span class='ocrx_word' id='word_1_45' title='bbox 1620 678 1685 718; x_wconf 92' lang='lat' dir='ltr'><strong>ac</strong></span> <span class='ocrx_word' id='word_1_46' title='bbox 1732 679 1801 718; x_wconf 91' lang='lat' dir='ltr'><strong>ne</strong></span> <span class='ocrx_word' id='word_1_47' title='bbox 1832 665 2032 735; x_wconf 87' lang='lat' dir='ltr'><strong>proba-</strong></span> 
     </span>
    </p>
   </div>
   <div class='ocr_carea' id='block_1_9' title="bbox 455 755 2026 828">
    <p class='ocr_par' dir='ltr' id='par_1_9' title="bbox 455 755 2026 828">
     <span class='ocr_line' id='line_1_9' title="bbox 455 755 2026 828; baseline 0 -18"><span class='ocrx_word' id='word_1_48' title='bbox 455 756 560 811; x_wconf 89' lang='lat' dir='ltr'><strong>bile</strong></span> <span class='ocrx_word' id='word_1_49' title='bbox 596 755 817 826; x_wconf 87' lang='lat' dir='ltr'><strong>quidem</strong></span> <span class='ocrx_word' id='word_1_50' title='bbox 861 772 1037 828; x_wconf 87' lang='lat' dir='ltr'><strong>usque</strong></span> <span class='ocrx_word' id='word_1_51' title='bbox 1066 757 1224 823; x_wconf 90' lang='lat' dir='ltr'><strong>adeo,</strong></span> <span class='ocrx_word' id='word_1_52' title='bbox 1264 767 1326 812; x_wconf 90' lang='lat' dir='ltr'><strong>ut</strong></span> <span class='ocrx_word' id='word_1_53' title='bbox 1366 758 1575 813; x_wconf 88' lang='lat' dir='ltr'><strong>fatuum</strong></span> <span class='ocrx_word' id='word_1_54' title='bbox 1610 759 1800 813; x_wconf 89' lang='lat' dir='ltr'><strong>saltem</strong></span> <span class='ocrx_word' id='word_1_55' title='bbox 1831 773 2026 827; x_wconf 85' lang='lat' dir='ltr'><strong>quem-</strong></span> 
     </span>
    </p>
   </div>
   <div class='ocr_carea' id='block_1_10' title="bbox 450 847 2025 922">
    <p class='ocr_par' dir='ltr' id='par_1_10' title="bbox 450 847 2025 922">
     <span class='ocr_line' id='line_1_10' title="bbox 450 847 2025 922; baseline -0.001 -20"><span class='ocrx_word' id='word_1_56' title='bbox 450 849 594 922; x_wconf 86' lang='lat' dir='ltr'><strong>piam</strong></span> <span class='ocrx_word' id='word_1_57' title='bbox 643 848 723 903; x_wconf 84' lang='lat' dir='ltr'><strong>illi</strong></span> <span class='ocrx_word' id='word_1_58' title='bbox 756 849 810 904; x_wconf 92' lang='lat' dir='ltr'><strong>in</strong></span> <span class='ocrx_word' id='word_1_59' title='bbox 850 864 1005 905; x_wconf 89' lang='lat' dir='ltr'><strong>suam</strong></span> <span class='ocrx_word' id='word_1_60' title='bbox 1047 851 1372 906; x_wconf 86' lang='lat' dir='ltr'><strong>sententiam</strong></span> <span class='ocrx_word' id='word_1_61' title='bbox 1408 850 1625 906; x_wconf 78' lang='lat' dir='ltr'><strong>trahere</strong></span> <span class='ocrx_word' id='word_1_62' title='bbox 1657 856 1901 920; x_wconf 81' lang='lat' dir='ltr'><strong>possent.</strong></span> <span class='ocrx_word' id='word_1_63' title='bbox 1957 847 2025 902; x_wconf 87' lang='lat' dir='ltr'><strong>At</strong></span> 
     </span>
    </p>
   </div>
   <div class='ocr_carea' id='block_1_11' title="bbox 451 940 2024 1013">
    <p class='ocr_par' dir='ltr' id='par_1_11' title="bbox 451 940 2024 1013">
     <span class='ocr_line' id='line_1_11' title="bbox 451 940 2024 1013; baseline 0.003 -23"><span class='ocrx_word' id='word_1_64' title='bbox 451 954 666 1006; x_wconf 85' lang='lat' dir='ltr'><strong>rursus,</strong></span> <span class='ocrx_word' id='word_1_65' title='bbox 699 940 828 995; x_wconf 92' lang='lat' dir='ltr'><strong>dum</strong></span> <span class='ocrx_word' id='word_1_66' title='bbox 859 940 927 995; x_wconf 89' lang='lat' dir='ltr'><strong>ad</strong></span> <span class='ocrx_word' id='word_1_67' title='bbox 960 941 1136 1012; x_wconf 89' lang='lat' dir='ltr'><strong>ipsius</strong></span> <span class='ocrx_word' id='word_1_68' title='bbox 1165 943 1315 998; x_wconf 91' lang='lat' dir='ltr'><strong>verbi</strong></span> <span class='ocrx_word' id='word_1_69' title='bbox 1350 942 1646 1013; x_wconf 89' lang='lat' dir='ltr'><strong>potentiam</strong></span> <span class='ocrx_word' id='word_1_70' title='bbox 1677 941 1933 1012; x_wconf 86' lang='lat' dir='ltr'><strong>respicio,</strong></span> <span class='ocrx_word' id='word_1_71' title='bbox 1965 949 2024 994; x_wconf 93' lang='lat' dir='ltr'><strong>ut</strong></span> 
     </span>
    </p>
   </div>
   <div class='ocr_carea' id='block_1_12' title="bbox 448 1029 2020 1103">
    <p class='ocr_par' dir='ltr' id='par_1_12' title="bbox 448 1029 2020 1103">
     <span class='ocr_line' id='line_1_12' title="bbox 448 1029 2020 1103; baseline 0.003 -20"><span class='ocrx_word' id='word_1_72' title='bbox 448 1029 946 1087; x_wconf 81' lang='lat' dir='ltr'><strong>innumerabilibus</strong></span> <span class='ocrx_word' id='word_1_73' title='bbox 976 1032 1254 1087; x_wconf 84' lang='lat' dir='ltr'><strong>hominum</strong></span> <span class='ocrx_word' id='word_1_74' title='bbox 1280 1033 1641 1089; x_wconf 91' lang='lat' dir='ltr'><strong>conventibus</strong></span> <span class='ocrx_word' id='word_1_75' title='bbox 1662 1029 2020 1103; x_wconf 85' lang='lat' dir='ltr'><strong>persuaserit.</strong></span> 
     </span>
    </p>
   </div>
   <div class='ocr_carea' id='block_1_13' title="bbox 447 1123 2021 1195">
    <p class='ocr_par' dir='ltr' id='par_1_13' title="bbox 447 1123 2021 1195">
     <span class='ocr_line' id='line_1_13' title="bbox 447 1123 2021 1195; baseline 0.003 -20"><span class='ocrx_word' id='word_1_76' title='bbox 447 1130 611 1193; x_wconf 86' lang='lat' dir='ltr'><strong>atque</strong></span> <span class='ocrx_word' id='word_1_77' title='bbox 657 1132 714 1177; x_wconf 91' lang='lat' dir='ltr'><strong>ut</strong></span> <span class='ocrx_word' id='word_1_78' title='bbox 759 1123 828 1177; x_wconf 89' lang='lat' dir='ltr'><strong>ab</strong></span> <span class='ocrx_word' id='word_1_79' title='bbox 856 1124 992 1194; x_wconf 88' lang='lat' dir='ltr'><strong>ipsis</strong></span> <span class='ocrx_word' id='word_1_80' title='bbox 1040 1125 1147 1180; x_wconf 86' lang='lat' dir='ltr'><strong>illis</strong></span> <span class='ocrx_word' id='word_1_81' title='bbox 1185 1124 1597 1195; x_wconf 85' lang='lat' dir='ltr'><strong>ignobilissimis</strong></span> <span class='ocrx_word' id='word_1_82' title='bbox 1634 1132 1689 1178; x_wconf 89' lang='lat' dir='ltr'><strong>et</strong></span> <span class='ocrx_word' id='word_1_83' title='bbox 1713 1125 2021 1195; x_wconf 80' lang='lat' dir='ltr'><strong>agrestibus</strong></span> 
     </span>
    </p>
   </div>
   <div class='ocr_carea' id='block_1_14' title="bbox 444 1213 2020 1287">
    <p class='ocr_par' dir='ltr' id='par_1_14' title="bbox 444 1213 2020 1287">
     <span class='ocr_line' id='line_1_14' title="bbox 444 1213 2020 1287; baseline 0.003 -20"><span class='ocrx_word' id='word_1_84' title='bbox 444 1213 569 1270; x_wconf 85' lang='lat' dir='ltr'><strong>Jesu</strong></span> <span class='ocrx_word' id='word_1_85' title='bbox 594 1216 902 1287; x_wconf 89' lang='lat' dir='ltr'><strong>discipulis,</strong></span> <span class='ocrx_word' id='word_1_86' title='bbox 930 1218 1396 1274; x_wconf 59' lang='lat' dir='ltr'><strong>numerosissimae</strong></span> <span class='ocrx_word' id='word_1_87' title='bbox 1428 1217 1685 1273; x_wconf 68' lang='lat' dir='ltr'><strong>Ecclesia:</strong></span> <span class='ocrx_word' id='word_1_88' title='bbox 1709 1218 2020 1273; x_wconf 56' lang='lat' dir='ltr'><strong>constituta</strong></span> 
     </span>
    </p>
   </div>
   <div class='ocr_carea' id='block_1_15' title="bbox 2142 482 3677 555">
    <p class='ocr_par' dir='ltr' id='par_1_15' title="bbox 2142 482 3677 555">
     <span class='ocr_line' id='line_1_15' title="bbox 2142 482 3677 555; baseline 0.004 -19"><span class='ocrx_word' id='word_1_89' title='bbox 2142 483 2292 537; x_wconf 86' lang='grc' dir='ltr'>δόναι</span> <span class='ocrx_word' id='word_1_90' title='bbox 2349 487 2487 551; x_wconf 70' lang='grc' dir='ltr'>σφᾶς</span> <span class='ocrx_word' id='word_1_91' title='bbox 2522 488 2717 548; x_wconf 74' lang='grc' dir='ltr'>αὐτοὺς</span> <span class='ocrx_word' id='word_1_92' title='bbox 2748 488 2859 548; x_wconf 87' lang='grc' dir='ltr'>τοῖς</span> <span class='ocrx_word' id='word_1_93' title='bbox 2890 482 3376 552; x_wconf 82' lang='grc' dir='ltr'>παρηγγελμένοις.</span> <span class='ocrx_word' id='word_1_94' title='bbox 3409 485 3538 554; x_wconf 80' lang='grc' dir='ltr'><strong>Φησὶ</strong></span> <span class='ocrx_word' id='word_1_95' title='bbox 3564 488 3677 555; x_wconf 83' lang='grc' dir='ltr'>γοῦν</span> 
     </span>
    </p>
   </div>
   <div class='ocr_carea' id='block_1_16' title="bbox 2136 576 3678 648">
    <p class='ocr_par' dir='ltr' id='par_1_16' title="bbox 2136 576 3678 648">
     <span class='ocr_line' id='line_1_16' title="bbox 2136 576 3678 648; baseline 0.005 -21"><span class='ocrx_word' id='word_1_96' title='bbox 2136 576 2319 640; x_wconf 76' lang='grc' dir='ltr'>αὐτοῖς</span> <span class='ocrx_word' id='word_1_97' title='bbox 2343 595 2355 606; x_wconf 89' lang='grc'><strong>·</strong></span> <span class='ocrx_word' id='word_1_98' title='bbox 2397 596 2413 629; x_wconf 83' lang='grc' dir='ltr'><strong>ι</strong></span> <span class='ocrx_word' id='word_1_99' title='bbox 2447 579 2557 630; x_wconf 77' lang='lat' dir='ltr'><strong>Kal</strong></span> <span class='ocrx_word' id='word_1_100' title='bbox 2592 578 2698 632; x_wconf 76' lang='grc' dir='ltr'>ἰδοὺ</span> <span class='ocrx_word' id='word_1_101' title='bbox 2726 579 2837 644; x_wconf 86' lang='grc' dir='ltr'>ἐγὼ</span> <span class='ocrx_word' id='word_1_102' title='bbox 2872 577 2988 648; x_wconf 79' lang='grc' dir='ltr'>μεθ’</span> <span class='ocrx_word' id='word_1_103' title='bbox 3039 576 3191 647; x_wconf 82' lang='grc' dir='ltr'>ὑμῶν</span> <span class='ocrx_word' id='word_1_104' title='bbox 3223 578 3336 647; x_wconf 80' lang='grc' dir='ltr'>εἰμι</span> <span class='ocrx_word' id='word_1_105' title='bbox 3384 579 3554 642; x_wconf 84' lang='grc' dir='ltr'>πάσας</span> <span class='ocrx_word' id='word_1_106' title='bbox 3594 581 3678 645; x_wconf 82' lang='grc' dir='ltr'><strong>τὰς</strong></span> 
     </span>
    </p>
   </div>
   <div class='ocr_carea' id='block_1_17' title="bbox 2135 667 3677 739">
    <p class='ocr_par' dir='ltr' id='par_1_17' title="bbox 2135 667 3677 739">
     <span class='ocr_line' id='line_1_17' title="bbox 2135 667 3677 739; baseline 0.003 -18"><span class='ocrx_word' id='word_1_107' title='bbox 2135 668 2348 739; x_wconf 83' lang='grc' dir='ltr'>ἡμέρας</span> <span class='ocrx_word' id='word_1_108' title='bbox 2385 668 2494 732; x_wconf 75' lang='grc' dir='ltr'><strong>ἕως</strong></span> <span class='ocrx_word' id='word_1_109' title='bbox 2516 669 2616 739; x_wconf 74' lang='grc' dir='ltr'><strong>τῆς</strong></span> <span class='ocrx_word' id='word_1_110' title='bbox 2645 669 2953 731; x_wconf 83' lang='grc' dir='ltr'>συντελείας</span> <span class='ocrx_word' id='word_1_111' title='bbox 2982 667 3074 721; x_wconf 90' lang='grc' dir='ltr'><strong>τοῦ</strong></span> <span class='ocrx_word' id='word_1_112' title='bbox 3118 668 3331 733; x_wconf 82' lang='grc' dir='ltr'>αἰῶνος.</span> <span class='ocrx_word' id='word_1_113' title='bbox 3369 688 3385 720; x_wconf 77' lang='grc' dir='ltr'><strong>ι</strong></span> <span class='ocrx_word' id='word_1_114' title='bbox 3426 669 3574 724; x_wconf 84' lang='grc' dir='ltr'>Ἀλλά</span> <span class='ocrx_word' id='word_1_115' title='bbox 3597 674 3677 726; x_wconf 72' lang='grc' dir='ltr'>καὶ</span> 
     </span>
    </p>
   </div>
   <div class='ocr_carea' id='block_1_18' title="bbox 2134 757 3679 828">
    <p class='ocr_par' dir='ltr' id='par_1_18' title="bbox 2134 757 3679 828">
     <span class='ocr_line' id='line_1_18' title="bbox 2134 757 3679 828; baseline 0.004 -19"><span class='ocrx_word' id='word_1_116' title='bbox 2134 757 2449 828; x_wconf 77' lang='grc' dir='ltr'>Πνεῦματος</span> <span class='ocrx_word' id='word_1_117' title='bbox 2497 758 2681 820; x_wconf 76' lang='grc' dir='ltr'>αὐτοῖς</span> <span class='ocrx_word' id='word_1_118' title='bbox 2734 757 3035 828; x_wconf 75' lang='grc' dir='ltr'>ἐμπνεῦσαι</span> <span class='ocrx_word' id='word_1_119' title='bbox 3087 757 3304 826; x_wconf 84' lang='grc' dir='ltr'>λέγεται</span> <span class='ocrx_word' id='word_1_120' title='bbox 3354 757 3515 823; x_wconf 82' lang='grc' dir='ltr'>θείου,</span> <span class='ocrx_word' id='word_1_121' title='bbox 3560 760 3679 815; x_wconf 75' lang='grc' dir='ltr'>ἀλλὰ</span> 
     </span>
    </p>
   </div>
   <div class='ocr_carea' id='block_1_19' title="bbox 2131 852 3677 927">
    <p class='ocr_par' dir='ltr' id='par_1_19' title="bbox 2131 852 3677 927">
     <span class='ocr_line' id='line_1_19' title="bbox 2131 852 3677 927; baseline 0.001 -20"><span class='ocrx_word' id='word_1_122' title='bbox 2131 856 2226 908; x_wconf 72' lang='grc' dir='ltr'><strong>καὶ</strong></span> <span class='ocrx_word' id='word_1_123' title='bbox 2272 854 2501 927; x_wconf 84' lang='grc' dir='ltr'>δύναμιν</span> <span class='ocrx_word' id='word_1_124' title='bbox 2546 855 2727 918; x_wconf 80' lang='grc' dir='ltr'>αὐτοῖς</span> <span class='ocrx_word' id='word_1_125' title='bbox 2773 853 2952 907; x_wconf 77' lang='grc' dir='ltr'>ἔνθεον</span> <span class='ocrx_word' id='word_1_126' title='bbox 3000 854 3093 907; x_wconf 81' lang='grc' dir='ltr'><strong>καὶ</strong></span> <span class='ocrx_word' id='word_1_127' title='bbox 3149 852 3563 924; x_wconf 82' lang='grc' dir='ltr'>παραδοξοποιὺν</span> <span class='ocrx_word' id='word_1_128' title='bbox 3592 871 3677 908; x_wconf 82' lang='grc' dir='ltr'>πε-</span> 
     </span>
    </p>
   </div>
   <div class='ocr_carea' id='block_1_20' title="bbox 2131 943 3673 1016">
    <p class='ocr_par' dir='ltr' id='par_1_20' title="bbox 2131 943 3673 1016">
     <span class='ocr_line' id='line_1_20' title="bbox 2131 943 3673 1016; baseline 0.001 -18"><span class='ocrx_word' id='word_1_129' title='bbox 2131 946 2436 1016; x_wconf 74' lang='grc' dir='ltr'>ποιηκέναι,</span> <span class='ocrx_word' id='word_1_130' title='bbox 2456 945 2576 998; x_wconf 83' lang='grc' dir='ltr'>τοτὲ</span> <span class='ocrx_word' id='word_1_131' title='bbox 2603 945 2699 1016; x_wconf 86' lang='grc' dir='ltr'><strong>μὲν</strong></span> <span class='ocrx_word' id='word_1_132' title='bbox 2726 945 2922 1014; x_wconf 76' lang='grc' dir='ltr'>φήσαςο</span> <span class='ocrx_word' id='word_1_133' title='bbox 2953 964 2971 995; x_wconf 88' lang='grc'><strong>‹</strong></span> <span class='ocrx_word' id='word_1_134' title='bbox 3005 943 3210 998; x_wconf 82' lang='grc' dir='ltr'>Λάϐετε</span> <span class='ocrx_word' id='word_1_135' title='bbox 3236 944 3459 1016; x_wconf 78' lang='grc' dir='ltr'>Πνεῦμα</span> <span class='ocrx_word' id='word_1_136' title='bbox 3480 945 3636 1014; x_wconf 79' lang='grc' dir='ltr'>ἀγιον·</span> <span class='ocrx_word' id='word_1_137' title='bbox 3658 968 3673 999; x_wconf 77' lang='grc' dir='ltr'><strong>ι</strong></span> 
     </span>
    </p>
   </div>
   <div class='ocr_carea' id='block_1_21' title="bbox 2129 1034 3679 1108">
    <p class='ocr_par' dir='ltr' id='par_1_21' title="bbox 2129 1034 3679 1108">
     <span class='ocr_line' id='line_1_21' title="bbox 2129 1034 3679 1108; baseline 0.001 -19"><span class='ocrx_word' id='word_1_138' title='bbox 2129 1038 2249 1090; x_wconf 84' lang='grc' dir='ltr'>τοτὲ</span> <span class='ocrx_word' id='word_1_139' title='bbox 2278 1037 2333 1090; x_wconf 86' lang='grc' dir='ltr'><strong>δέ</strong></span> <span class='ocrx_word' id='word_1_140' title='bbox 2367 1036 2534 1090; x_wconf 80' lang='grc' dir='ltr'>εἰπών</span> <span class='ocrx_word' id='word_1_141' title='bbox 2554 1054 2568 1066; x_wconf 76' lang='grc' dir='ltr'><strong>ο</strong></span> <span class='ocrx_word' id='word_1_142' title='bbox 2612 1056 2630 1087; x_wconf 76' lang='grc' dir='ltr'>ί</span> <span class='ocrx_word' id='word_1_143' title='bbox 2681 1034 3063 1099; x_wconf 84' lang='grc' dir='ltr'>Ἀσθενοῦντας</span> <span class='ocrx_word' id='word_1_144' title='bbox 3088 1036 3437 1106; x_wconf 89' lang='grc' dir='ltr'>θεραπεύετε,</span> <span class='ocrx_word' id='word_1_145' title='bbox 3468 1036 3679 1108; x_wconf 82' lang='grc' dir='ltr'><strong>λεπροὺς</strong></span> 
     </span>
    </p>
   </div>
   <div class='ocr_carea' id='block_1_22' title="bbox 2129 1125 3678 1198">
    <p class='ocr_par' dir='ltr' id='par_1_22' title="bbox 2129 1125 3678 1198">
     <span class='ocr_line' id='line_1_22' title="bbox 2129 1125 3678 1198; baseline 0.001 -19"><span class='ocrx_word' id='word_1_146' title='bbox 2129 1126 2482 1198; x_wconf 76' lang='grc' dir='ltr'>καθαρίζετε,</span> <span class='ocrx_word' id='word_1_147' title='bbox 2530 1125 2793 1196; x_wconf 86' lang='grc' dir='ltr'>δαίμονας</span> <span class='ocrx_word' id='word_1_148' title='bbox 2840 1126 3149 1179; x_wconf 73' lang='grc' dir='ltr'>ἐκϐάλλετεο</span> <span class='ocrx_word' id='word_1_149' title='bbox 3197 1126 3404 1198; x_wconf 82' lang='grc' dir='ltr'>δωρεὰν</span> <span class='ocrx_word' id='word_1_150' title='bbox 3454 1125 3678 1193; x_wconf 80' lang='grc' dir='ltr'>ἐλάϐετε,</span> 
     </span>
    </p>
   </div>
   <div class='ocr_carea' id='block_1_23' title="bbox 2128 1216 2562 1287">
    <p class='ocr_par' dir='ltr' id='par_1_23' title="bbox 2128 1216 2562 1287">
     <span class='ocr_line' id='line_1_23' title="bbox 2128 1216 2562 1287; baseline -0.007 -17"><span class='ocrx_word' id='word_1_151' title='bbox 2128 1217 2337 1287; x_wconf 85' lang='grc' dir='ltr'>δωρεὰν</span> <span class='ocrx_word' id='word_1_152' title='bbox 2366 1216 2504 1270; x_wconf 85' lang='grc' dir='ltr'>δότε.</span> <span class='ocrx_word' id='word_1_153' title='bbox 2544 1236 2562 1267; x_wconf 74' lang='grc' dir='ltr'><strong>ι</strong></span> 
     </span>
    </p>
   </div>
   <div class='ocr_carea' id='block_1_24' title="bbox 445 1306 3679 1382">
    <p class='ocr_par' dir='ltr' id='par_1_24' title="bbox 445 1306 3679 1382">
     <span class='ocr_line' id='line_1_24' title="bbox 445 1306 3679 1382; baseline 0.001 -21"><span class='ocrx_word' id='word_1_154' title='bbox 445 1306 576 1371; x_wconf 79' lang='lat' dir='ltr'><strong>sint,</strong></span> <span class='ocrx_word' id='word_1_155' title='bbox 611 1324 717 1364; x_wconf 92' lang='lat' dir='ltr'><strong>non</strong></span> <span class='ocrx_word' id='word_1_156' title='bbox 745 1309 797 1363; x_wconf 93' lang='lat' dir='ltr'><strong>in</strong></span> <span class='ocrx_word' id='word_1_157' title='bbox 823 1311 1145 1379; x_wconf 82' lang='lat' dir='ltr'><strong>quibusdam</strong></span> <span class='ocrx_word' id='word_1_158' title='bbox 1175 1311 1375 1382; x_wconf 82' lang='lat' dir='ltr'><strong>ignotis</strong></span> <span class='ocrx_word' id='word_1_159' title='bbox 1404 1319 1567 1380; x_wconf 83' lang='lat' dir='ltr'><strong>atque</strong></span> <span class='ocrx_word' id='word_1_160' title='bbox 1616 1309 1866 1365; x_wconf 84' lang='lat' dir='ltr'><strong>obscuris</strong></span> <span class='ocrx_word' id='word_1_161' title='bbox 1895 1310 2053 1376; x_wconf 90' lang='lat' dir='ltr'><strong>locis,</strong></span> <span class='ocrx_word' id='word_1_162' title='bbox 2094 1309 2190 1365; x_wconf 88' lang='lat' dir='ltr'><strong>sed</strong></span> <span class='ocrx_word' id='word_1_163' title='bbox 2253 1309 2305 1362; x_wconf 92' lang='lat' dir='ltr'><strong>in</strong></span> <span class='ocrx_word' id='word_1_164' title='bbox 2361 1308 2682 1364; x_wconf 86' lang='lat' dir='ltr'><strong>clarissimis</strong></span> <span class='ocrx_word' id='word_1_165' title='bbox 2726 1307 3036 1364; x_wconf 81' lang='lat' dir='ltr'><strong>civitatibus</strong></span> <span class='ocrx_word' id='word_1_166' title='bbox 3080 1316 3293 1371; x_wconf 81' lang='lat' dir='ltr'><strong>erectae,</strong></span> <span class='ocrx_word' id='word_1_167' title='bbox 3339 1311 3394 1364; x_wconf 92' lang='lat' dir='ltr'><strong>in</strong></span> <span class='ocrx_word' id='word_1_168' title='bbox 3437 1309 3572 1380; x_wconf 87' lang='lat' dir='ltr'><strong>ipsa,</strong></span> <span class='ocrx_word' id='word_1_169' title='bbox 3600 1310 3679 1365; x_wconf 87' lang='lat' dir='ltr'><strong>in-</strong></span> 
     </span>
    </p>
   </div>
   <div class='ocr_carea' id='block_1_25' title="bbox 444 1400 3678 1473">
    <p class='ocr_par' dir='ltr' id='par_1_25' title="bbox 444 1400 3678 1473">
     <span class='ocr_line' id='line_1_25' title="bbox 444 1400 3678 1473; baseline 0.001 -20"><span class='ocrx_word' id='word_1_170' title='bbox 444 1415 630 1470; x_wconf 90' lang='lat' dir='ltr'><strong>quam,</strong></span> <span class='ocrx_word' id='word_1_171' title='bbox 681 1401 911 1455; x_wconf 89' lang='lat' dir='ltr'><strong>aliarum</strong></span> <span class='ocrx_word' id='word_1_172' title='bbox 962 1401 1178 1456; x_wconf 87' lang='lat' dir='ltr'><strong>urbium</strong></span> <span class='ocrx_word' id='word_1_173' title='bbox 1234 1401 1445 1472; x_wconf 79' lang='lat' dir='ltr'><strong>regina,</strong></span> <span class='ocrx_word' id='word_1_174' title='bbox 1484 1401 1733 1457; x_wconf 83' lang='lat' dir='ltr'><strong>Romana</strong></span> <span class='ocrx_word' id='word_1_175' title='bbox 1773 1402 1929 1466; x_wconf 86' lang='lat' dir='ltr'><strong>urbe,</strong></span> <span class='ocrx_word' id='word_1_176' title='bbox 1969 1401 2023 1455; x_wconf 90' lang='lat' dir='ltr'><strong>in</strong></span> <span class='ocrx_word' id='word_1_177' title='bbox 2064 1401 2450 1465; x_wconf 81' lang='lat' dir='ltr'><strong>Alexandrina,</strong></span> <span class='ocrx_word' id='word_1_178' title='bbox 2521 1400 2576 1454; x_wconf 91' lang='lat' dir='ltr'><strong>in</strong></span> <span class='ocrx_word' id='word_1_179' title='bbox 2627 1401 3001 1466; x_wconf 85' lang='lat' dir='ltr'><strong>Antiochensi,</strong></span> <span class='ocrx_word' id='word_1_180' title='bbox 3053 1417 3150 1471; x_wconf 87' lang='lat' dir='ltr'><strong>per</strong></span> <span class='ocrx_word' id='word_1_181' title='bbox 3194 1409 3361 1455; x_wconf 88' lang='lat' dir='ltr'><strong>totam</strong></span> <span class='ocrx_word' id='word_1_182' title='bbox 3402 1400 3678 1473; x_wconf 66' lang='lat' dir='ltr'><strong>Egyptum</strong></span> 
     </span>
    </p>
   </div>
   <div class='ocr_carea' id='block_1_26' title="bbox 442 1489 3682 1566">
    <p class='ocr_par' dir='ltr' id='par_1_26' title="bbox 442 1489 3682 1566">
     <span class='ocr_line' id='line_1_26' title="bbox 442 1489 3682 1566; baseline 0.001 -21"><span class='ocrx_word' id='word_1_183' title='bbox 442 1507 507 1546; x_wconf 90' lang='lat' dir='ltr'><strong>ac</strong></span> <span class='ocrx_word' id='word_1_184' title='bbox 541 1489 784 1562; x_wconf 86' lang='lat' dir='ltr'><strong>Lyciam,</strong></span> <span class='ocrx_word' id='word_1_185' title='bbox 820 1511 918 1564; x_wconf 89' lang='lat' dir='ltr'><strong>per</strong></span> <span class='ocrx_word' id='word_1_186' title='bbox 957 1492 1228 1565; x_wconf 82' lang='lat' dir='ltr'><strong>Europam</strong></span> <span class='ocrx_word' id='word_1_187' title='bbox 1287 1502 1451 1565; x_wconf 91' lang='lat' dir='ltr'><strong>atque</strong></span> <span class='ocrx_word' id='word_1_188' title='bbox 1495 1496 1700 1559; x_wconf 89' lang='lat' dir='ltr'><strong>Asiam,</strong></span> <span class='ocrx_word' id='word_1_189' title='bbox 1763 1497 1817 1549; x_wconf 91' lang='lat' dir='ltr'><strong>in</strong></span> <span class='ocrx_word' id='word_1_190' title='bbox 1882 1496 2018 1551; x_wconf 86' lang='lat' dir='ltr'><strong>vicis</strong></span> <span class='ocrx_word' id='word_1_191' title='bbox 2048 1501 2102 1549; x_wconf 92' lang='lat' dir='ltr'><strong>et</strong></span> <span class='ocrx_word' id='word_1_192' title='bbox 2139 1494 2475 1564; x_wconf 82' lang='lat' dir='ltr'><strong>regionibus,</strong></span> <span class='ocrx_word' id='word_1_193' title='bbox 2509 1493 2767 1563; x_wconf 85' lang='lat' dir='ltr'><strong>omnique</strong></span> <span class='ocrx_word' id='word_1_194' title='bbox 2811 1494 2972 1549; x_wconf 91' lang='lat' dir='ltr'><strong>modo</strong></span> <span class='ocrx_word' id='word_1_195' title='bbox 3031 1494 3193 1550; x_wconf 87' lang='lat' dir='ltr'><strong>variis</strong></span> <span class='ocrx_word' id='word_1_196' title='bbox 3219 1493 3473 1566; x_wconf 82' lang='lat' dir='ltr'><strong>gentibus</strong></span> <span class='ocrx_word' id='word_1_197' title='bbox 3504 1514 3517 1549; x_wconf 87' lang='lat'>:</span> <span class='ocrx_word' id='word_1_198' title='bbox 3550 1502 3682 1550; x_wconf 89' lang='lat' dir='ltr'><strong>retro</strong></span> 
     </span>
    </p>
   </div>
   <div class='ocr_carea' id='block_1_27' title="bbox 441 1588 3681 1663">
    <p class='ocr_par' dir='ltr' id='par_1_27' title="bbox 441 1588 3681 1663">
     <span class='ocr_line' id='line_1_27' title="bbox 441 1588 3681 1663; baseline 0.002 -22"><span class='ocrx_word' id='word_1_199' title='bbox 441 1602 611 1659; x_wconf 86' lang='lat' dir='ltr'><strong>cogor</strong></span> <span class='ocrx_word' id='word_1_200' title='bbox 656 1595 983 1645; x_wconf 80' lang='lat' dir='ltr'><strong>necessitate</strong></span> <span class='ocrx_word' id='word_1_201' title='bbox 1016 1592 1270 1660; x_wconf 83' lang='lat' dir='ltr'><strong>quadam,</strong></span> <span class='ocrx_word' id='word_1_202' title='bbox 1314 1591 1381 1644; x_wconf 89' lang='lat' dir='ltr'><strong>ad</strong></span> <span class='ocrx_word' id='word_1_203' title='bbox 1422 1591 1594 1663; x_wconf 87' lang='lat' dir='ltr'><strong>ipsius</strong></span> <span class='ocrx_word' id='word_1_204' title='bbox 1646 1592 1723 1645; x_wconf 89' lang='lat' dir='ltr'><strong>rei</strong></span> <span class='ocrx_word' id='word_1_205' title='bbox 1784 1606 2007 1645; x_wconf 87' lang='lat' dir='ltr'><strong>causam</strong></span> <span class='ocrx_word' id='word_1_206' title='bbox 2050 1590 2430 1660; x_wconf 87' lang='lat' dir='ltr'><strong>inquirendam</strong></span> <span class='ocrx_word' id='word_1_207' title='bbox 2467 1603 2774 1652; x_wconf 87' lang='lat' dir='ltr'><strong>recurrere,</strong></span> <span class='ocrx_word' id='word_1_208' title='bbox 2846 1588 3112 1659; x_wconf 84' lang='lat' dir='ltr'><strong>faterique</strong></span> <span class='ocrx_word' id='word_1_209' title='bbox 3186 1605 3295 1645; x_wconf 91' lang='lat' dir='ltr'><strong>non</strong></span> <span class='ocrx_word' id='word_1_210' title='bbox 3342 1590 3503 1645; x_wconf 88' lang='lat' dir='ltr'><strong>aliter</strong></span> <span class='ocrx_word' id='word_1_211' title='bbox 3544 1589 3681 1661; x_wconf 90' lang='lat' dir='ltr'><strong>ipsos</strong></span> 
     </span>
    </p>
   </div>
   <div class='ocr_carea' id='block_1_28' title="bbox 441 1681 3681 1756">
    <p class='ocr_par' dir='ltr' id='par_1_28' title="bbox 441 1681 3681 1756">
     <span class='ocr_line' id='line_1_28' title="bbox 441 1681 3681 1756; baseline 0.001 -21"><span class='ocrx_word' id='word_1_212' title='bbox 441 1681 657 1740; x_wconf 85' lang='lat' dir='ltr'><strong>facinus</strong></span> <span class='ocrx_word' id='word_1_213' title='bbox 689 1693 795 1739; x_wconf 88' lang='lat' dir='ltr'><strong>tam</strong></span> <span class='ocrx_word' id='word_1_214' title='bbox 830 1685 1007 1740; x_wconf 83' lang='lat' dir='ltr'><strong>audax</strong></span> <span class='ocrx_word' id='word_1_215' title='bbox 1068 1687 1395 1749; x_wconf 88' lang='lat' dir='ltr'><strong>obtinuisse,</strong></span> <span class='ocrx_word' id='word_1_216' title='bbox 1434 1702 1596 1756; x_wconf 90' lang='lat' dir='ltr'><strong>quam</strong></span> <span class='ocrx_word' id='word_1_217' title='bbox 1633 1686 1886 1742; x_wconf 89' lang='lat' dir='ltr'><strong>diviniori</strong></span> <span class='ocrx_word' id='word_1_218' title='bbox 1954 1685 2188 1756; x_wconf 88' lang='lat' dir='ltr'><strong>quadam</strong></span> <span class='ocrx_word' id='word_1_219' title='bbox 2243 1686 2509 1755; x_wconf 88' lang='lat' dir='ltr'><strong>longeque</strong></span> <span class='ocrx_word' id='word_1_220' title='bbox 2568 1683 2859 1737; x_wconf 88' lang='lat' dir='ltr'><strong>humanam</strong></span> <span class='ocrx_word' id='word_1_221' title='bbox 2885 1698 3175 1755; x_wconf 86' lang='lat' dir='ltr'><strong>superante</strong></span> <span class='ocrx_word' id='word_1_222' title='bbox 3202 1684 3464 1753; x_wconf 89' lang='lat' dir='ltr'><strong>potentia,</strong></span> <span class='ocrx_word' id='word_1_223' title='bbox 3487 1698 3681 1754; x_wconf 86' lang='lat' dir='ltr'><strong>opeque</strong></span> 
     </span>
    </p>
   </div>
   <div class='ocr_carea' id='block_1_29' title="bbox 439 1775 3683 1851">
    <p class='ocr_par' dir='ltr' id='par_1_29' title="bbox 439 1775 3683 1851">
     <span class='ocr_line' id='line_1_29' title="bbox 439 1775 3683 1851; baseline 0 -18"><span class='ocrx_word' id='word_1_224' title='bbox 439 1788 602 1849; x_wconf 88' lang='lat' dir='ltr'><strong>atque</strong></span> <span class='ocrx_word' id='word_1_225' title='bbox 660 1780 865 1834; x_wconf 81' lang='lat' dir='ltr'><strong>auxilio</strong></span> <span class='ocrx_word' id='word_1_226' title='bbox 922 1779 1095 1844; x_wconf 89' lang='lat' dir='ltr'><strong>illius,</strong></span> <span class='ocrx_word' id='word_1_227' title='bbox 1156 1779 1249 1851; x_wconf 89' lang='lat' dir='ltr'><strong>qui</strong></span> <span class='ocrx_word' id='word_1_228' title='bbox 1287 1780 1496 1835; x_wconf 79' lang='lat' dir='ltr'><strong>dixerat</strong></span> <span class='ocrx_word' id='word_1_229' title='bbox 1526 1800 1542 1836; x_wconf 73' lang='grc' dir='ltr'><strong>ι</strong></span> <span class='ocrx_word' id='word_1_230' title='bbox 1579 1800 1597 1833; x_wconf 87' lang='grc'><strong>‹</strong></span> <span class='ocrx_word' id='word_1_231' title='bbox 1637 1780 1834 1837; x_wconf 86' lang='lat' dir='ltr'><strong>Docete</strong></span> <span class='ocrx_word' id='word_1_232' title='bbox 1864 1796 2056 1835; x_wconf 86' lang='lat' dir='ltr'><strong>omnes</strong></span> <span class='ocrx_word' id='word_1_233' title='bbox 2093 1789 2282 1850; x_wconf 86' lang='lat' dir='ltr'><strong>gentes</strong></span> <span class='ocrx_word' id='word_1_234' title='bbox 2340 1780 2394 1833; x_wconf 94' lang='lat' dir='ltr'><strong>in</strong></span> <span class='ocrx_word' id='word_1_235' title='bbox 2427 1779 2647 1834; x_wconf 80' lang='lat' dir='ltr'><strong>nomine</strong></span> <span class='ocrx_word' id='word_1_236' title='bbox 2679 1793 2820 1833; x_wconf 90' lang='lat' dir='ltr'><strong>meo.</strong></span> <span class='ocrx_word' id='word_1_237' title='bbox 2857 1796 2876 1829; x_wconf 73' lang='grc' dir='ltr'><strong>ι</strong></span> <span class='ocrx_word' id='word_1_238' title='bbox 2911 1775 3186 1846; x_wconf 88' lang='lat' dir='ltr'><strong>Siquidem</strong></span> <span class='ocrx_word' id='word_1_239' title='bbox 3222 1791 3346 1830; x_wconf 90' lang='lat' dir='ltr'><strong>cum</strong></span> <span class='ocrx_word' id='word_1_240' title='bbox 3380 1776 3489 1831; x_wconf 89' lang='lat' dir='ltr'><strong>hoc</strong></span> <span class='ocrx_word' id='word_1_241' title='bbox 3525 1777 3683 1834; x_wconf 82' lang='lat' dir='ltr'><strong>dixis-</strong></span> 
     </span>
    </p>
   </div>
   <div class='ocr_carea' id='block_1_30' title="bbox 438 1869 3682 1944">
    <p class='ocr_par' dir='ltr' id='par_1_30' title="bbox 438 1869 3682 1944">
     <span class='ocr_line' id='line_1_30' title="bbox 438 1869 3682 1944; baseline -0.001 -17"><span class='ocrx_word' id='word_1_242' title='bbox 438 1880 542 1937; x_wconf 86' lang='lat' dir='ltr'><strong>set,</strong></span> <span class='ocrx_word' id='word_1_243' title='bbox 596 1873 846 1943; x_wconf 79' lang='lat' dir='ltr'><strong>adjunxit</strong></span> <span class='ocrx_word' id='word_1_244' title='bbox 904 1873 1254 1943; x_wconf 88' lang='lat' dir='ltr'><strong>promissum,</strong></span> <span class='ocrx_word' id='word_1_245' title='bbox 1310 1889 1418 1943; x_wconf 90' lang='lat' dir='ltr'><strong>quo</strong></span> <span class='ocrx_word' id='word_1_246' title='bbox 1487 1881 1673 1929; x_wconf 83' lang='lat' dir='ltr'><strong>essent</strong></span> <span class='ocrx_word' id='word_1_247' title='bbox 1732 1872 2006 1944; x_wconf 89' lang='lat' dir='ltr'><strong>accepturi</strong></span> <span class='ocrx_word' id='word_1_248' title='bbox 2045 1872 2458 1938; x_wconf 77' lang='lat' dir='ltr'><strong>conﬁdentiam,</strong></span> <span class='ocrx_word' id='word_1_249' title='bbox 2495 1880 2549 1925; x_wconf 90' lang='lat' dir='ltr'><strong>et</strong></span> <span class='ocrx_word' id='word_1_250' title='bbox 2586 1878 2835 1941; x_wconf 89' lang='lat' dir='ltr'><strong>prompte</strong></span> <span class='ocrx_word' id='word_1_251' title='bbox 2899 1869 3154 1924; x_wconf 88' lang='lat' dir='ltr'><strong>tradituri</strong></span> <span class='ocrx_word' id='word_1_252' title='bbox 3196 1870 3408 1940; x_wconf 84' lang='lat' dir='ltr'><strong>seipsos</strong></span> <span class='ocrx_word' id='word_1_253' title='bbox 3467 1871 3535 1925; x_wconf 89' lang='lat' dir='ltr'><strong>iis</strong></span> <span class='ocrx_word' id='word_1_254' title='bbox 3570 1886 3682 1942; x_wconf 69' lang='lat' dir='ltr'><strong>quae</strong></span> 
     </span>
    </p>
   </div>
   <div class='ocr_carea' id='block_1_31' title="bbox 435 1960 3674 2036">
    <p class='ocr_par' dir='ltr' id='par_1_31' title="bbox 435 1960 3674 2036">
     <span class='ocr_line' id='line_1_31' title="bbox 435 1960 3674 2036; baseline -0 -18"><span class='ocrx_word' id='word_1_255' title='bbox 435 1964 756 2020; x_wconf 77' lang='lat' dir='ltr'><strong>denuntiata</strong></span> <span class='ocrx_word' id='word_1_256' title='bbox 806 1965 943 2036; x_wconf 90' lang='lat' dir='ltr'><strong>ipsis</strong></span> <span class='ocrx_word' id='word_1_257' title='bbox 994 1966 1250 2034; x_wconf 86' lang='lat' dir='ltr'><strong>fuerant;</strong></span> <span class='ocrx_word' id='word_1_258' title='bbox 1295 1966 1432 2021; x_wconf 80' lang='lat' dir='ltr'><strong>dixit</strong></span> <span class='ocrx_word' id='word_1_259' title='bbox 1494 1965 1659 2035; x_wconf 85' lang='lat' dir='ltr'><strong>igitur</strong></span> <span class='ocrx_word' id='word_1_260' title='bbox 1711 1966 1779 2019; x_wconf 88' lang='lat' dir='ltr'><strong>ad</strong></span> <span class='ocrx_word' id='word_1_261' title='bbox 1837 1966 2003 2021; x_wconf 89' lang='lat' dir='ltr'><strong>illos:</strong></span> <span class='ocrx_word' id='word_1_262' title='bbox 2051 1984 2067 2016; x_wconf 78' lang='grc' dir='ltr'><strong>ι</strong></span> <span class='ocrx_word' id='word_1_263' title='bbox 2112 1964 2177 2019; x_wconf 83' lang='grc' dir='ltr'>Ει</span> <span class='ocrx_word' id='word_1_264' title='bbox 2206 1980 2334 2020; x_wconf 72' lang='lat' dir='ltr'><strong>ecce</strong></span> <span class='ocrx_word' id='word_1_265' title='bbox 2394 1979 2494 2034; x_wconf 88' lang='lat' dir='ltr'><strong>ego</strong></span> <span class='ocrx_word' id='word_1_266' title='bbox 2562 1962 2842 2018; x_wconf 83' lang='lat' dir='ltr'><strong>vobiscum</strong></span> <span class='ocrx_word' id='word_1_267' title='bbox 2878 1976 2998 2015; x_wconf 90' lang='lat' dir='ltr'><strong>sum</strong></span> <span class='ocrx_word' id='word_1_268' title='bbox 3031 1976 3222 2015; x_wconf 87' lang='lat' dir='ltr'><strong>omnes</strong></span> <span class='ocrx_word' id='word_1_269' title='bbox 3248 1960 3387 2024; x_wconf 91' lang='lat' dir='ltr'><strong>dies,</strong></span> <span class='ocrx_word' id='word_1_270' title='bbox 3417 1964 3674 2032; x_wconf 78' lang='lat' dir='ltr'><strong>usquead</strong></span> 
     </span>
    </p>
   </div>
   <div class='ocr_carea' id='block_1_32' title="bbox 435 2051 3681 2127">
    <p class='ocr_par' dir='ltr' id='par_1_32' title="bbox 435 2051 3681 2127">
     <span class='ocr_line' id='line_1_32' title="bbox 435 2051 3681 2127; baseline -0.001 -15"><span class='ocrx_word' id='word_1_271' title='bbox 435 2060 963 2116; x_wconf 85' lang='lat' dir='ltr'><strong>consummationem</strong></span> <span class='ocrx_word' id='word_1_272' title='bbox 1001 2060 1272 2115; x_wconf 66' lang='lat' dir='ltr'><strong>saeculi“.</strong></span> <span class='ocrx_word' id='word_1_273' title='bbox 1342 2079 1360 2111; x_wconf 72' lang='grc' dir='ltr'><strong>ι</strong></span> <span class='ocrx_word' id='word_1_274' title='bbox 1412 2059 1555 2125; x_wconf 83' lang='lat' dir='ltr'><strong>Quin</strong></span> <span class='ocrx_word' id='word_1_275' title='bbox 1592 2060 1757 2113; x_wconf 91' lang='lat' dir='ltr'><strong>etiam</strong></span> <span class='ocrx_word' id='word_1_276' title='bbox 1796 2057 2007 2113; x_wconf 83' lang='lat' dir='ltr'><strong>amasse</strong></span> <span class='ocrx_word' id='word_1_277' title='bbox 2046 2058 2169 2112; x_wconf 88' lang='lat' dir='ltr'><strong>illos</strong></span> <span class='ocrx_word' id='word_1_278' title='bbox 2196 2051 2205 2055; x_wconf 64' lang='grc'><strong><em>’</em></strong></span> <span class='ocrx_word' id='word_1_279' title='bbox 2229 2056 2414 2127; x_wconf 87' lang='lat' dir='ltr'><strong>divino</strong></span> <span class='ocrx_word' id='word_1_280' title='bbox 2446 2054 2652 2124; x_wconf 88' lang='lat' dir='ltr'><strong>Spiritu</strong></span> <span class='ocrx_word' id='word_1_281' title='bbox 2686 2054 2908 2117; x_wconf 90' lang='lat' dir='ltr'><strong>dicitur,</strong></span> <span class='ocrx_word' id='word_1_282' title='bbox 2977 2070 3188 2110; x_wconf 91' lang='lat' dir='ltr'><strong>necnon</strong></span> <span class='ocrx_word' id='word_1_283' title='bbox 3228 2054 3471 2109; x_wconf 88' lang='lat' dir='ltr'><strong>divinam</strong></span> <span class='ocrx_word' id='word_1_284' title='bbox 3502 2070 3681 2126; x_wconf 86' lang='lat' dir='ltr'><strong>quam-</strong></span> 
     </span>
    </p>
   </div>
   <div class='ocr_carea' id='block_1_33' title="bbox 433 2147 3682 2219">
    <p class='ocr_par' dir='ltr' id='par_1_33' title="bbox 433 2147 3682 2219">
     <span class='ocr_line' id='line_1_33' title="bbox 433 2147 3682 2219; baseline 0 -18"><span class='ocrx_word' id='word_1_285' title='bbox 433 2148 581 2213; x_wconf 87' lang='lat' dir='ltr'><strong>dam,</strong></span> <span class='ocrx_word' id='word_1_286' title='bbox 613 2155 667 2203; x_wconf 89' lang='lat' dir='ltr'><strong>et</strong></span> <span class='ocrx_word' id='word_1_287' title='bbox 718 2164 825 2219; x_wconf 90' lang='lat' dir='ltr'><strong>qua</strong></span> <span class='ocrx_word' id='word_1_288' title='bbox 856 2164 945 2204; x_wconf 90' lang='lat' dir='ltr'><strong>res</strong></span> <span class='ocrx_word' id='word_1_289' title='bbox 967 2149 1317 2205; x_wconf 84' lang='lat' dir='ltr'><strong>admirabiles</strong></span> <span class='ocrx_word' id='word_1_290' title='bbox 1377 2149 1669 2214; x_wconf 74' lang='lat' dir='ltr'><strong>efﬁcerent,</strong></span> <span class='ocrx_word' id='word_1_291' title='bbox 1708 2149 2003 2219; x_wconf 81' lang='lat' dir='ltr'><strong>potentiam</strong></span> <span class='ocrx_word' id='word_1_292' title='bbox 2041 2147 2148 2202; x_wconf 88' lang='lat' dir='ltr'><strong>illis</strong></span> <span class='ocrx_word' id='word_1_293' title='bbox 2182 2149 2552 2217; x_wconf 87' lang='lat' dir='ltr'><strong>ingenerasse,</strong></span> <span class='ocrx_word' id='word_1_294' title='bbox 2590 2161 2736 2201; x_wconf 92' lang='lat' dir='ltr'><strong>nunc</strong></span> <span class='ocrx_word' id='word_1_295' title='bbox 2766 2147 2983 2216; x_wconf 86' lang='lat' dir='ltr'><strong>quidem</strong></span> <span class='ocrx_word' id='word_1_296' title='bbox 3018 2148 3150 2202; x_wconf 90' lang='lat' dir='ltr'><strong>illud</strong></span> <span class='ocrx_word' id='word_1_297' title='bbox 3204 2149 3395 2204; x_wconf 86' lang='lat' dir='ltr'><strong>dicens</strong></span> <span class='ocrx_word' id='word_1_298' title='bbox 3430 2167 3443 2202; x_wconf 91' lang='lat'>:</span> <span class='ocrx_word' id='word_1_299' title='bbox 3482 2166 3501 2199; x_wconf 70' lang='grc' dir='ltr'><strong>ε</strong></span> <span class='ocrx_word' id='word_1_300' title='bbox 3536 2147 3682 2201; x_wconf 84' lang='lat' dir='ltr'><strong>Acci-</strong></span> 
     </span>
    </p>
   </div>
   <div class='ocr_carea' id='block_1_34' title="bbox 434 2240 2691 2313">
    <p class='ocr_par' dir='ltr' id='par_1_34' title="bbox 434 2240 2691 2313">
     <span class='ocr_line' id='line_1_34' title="bbox 434 2240 2691 2313; baseline -0 -18"><span class='ocrx_word' id='word_1_301' title='bbox 434 2243 545 2312; x_wconf 90' lang='lat' dir='ltr'><strong>pite</strong></span> <span class='ocrx_word' id='word_1_302' title='bbox 592 2241 854 2313; x_wconf 88' lang='lat' dir='ltr'><strong>Spiritum</strong></span> <span class='ocrx_word' id='word_1_303' title='bbox 925 2254 1174 2299; x_wconf 88' lang='lat' dir='ltr'><strong>sanctum</strong></span> <span class='ocrx_word' id='word_1_304' title='bbox 1228 2240 1279 2276; x_wconf 66' lang='grc'><strong>⁸⁸</strong></span> <span class='ocrx_word' id='word_1_305' title='bbox 1307 2284 1322 2308; x_wconf 90' lang='grc'><strong>,</strong></span> <span class='ocrx_word' id='word_1_306' title='bbox 1401 2262 1419 2294; x_wconf 81' lang='grc' dir='ltr'><strong>ι</strong></span> <span class='ocrx_word' id='word_1_307' title='bbox 1486 2256 1632 2298; x_wconf 91' lang='lat' dir='ltr'><strong>nunc</strong></span> <span class='ocrx_word' id='word_1_308' title='bbox 1689 2258 1819 2298; x_wconf 87' lang='lat' dir='ltr'><strong>vero</strong></span> <span class='ocrx_word' id='word_1_309' title='bbox 1861 2243 1995 2297; x_wconf 90' lang='lat' dir='ltr'><strong>illud</strong></span> <span class='ocrx_word' id='word_1_310' title='bbox 2058 2261 2072 2297; x_wconf 90' lang='lat'>:</span> <span class='ocrx_word' id='word_1_311' title='bbox 2120 2261 2139 2290; x_wconf 75' lang='grc' dir='ltr'><strong><em>ε</em></strong></span> <span class='ocrx_word' id='word_1_312' title='bbox 2179 2241 2429 2296; x_wconf 88' lang='lat' dir='ltr'><strong>lntirmos</strong></span> <span class='ocrx_word' id='word_1_313' title='bbox 2483 2250 2691 2306; x_wconf 86' lang='lat' dir='ltr'><strong>curate,</strong></span> 
     </span>
    </p>
   </div>
   <div class='ocr_carea' id='block_1_35' title="bbox 431 2335 1648 2407">
    <p class='ocr_par' dir='ltr' id='par_1_35' title="bbox 431 2335 1648 2407">
     <span class='ocr_line' id='line_1_35' title="bbox 431 2335 1648 2407; baseline -0.002 -16"><span class='ocrx_word' id='word_1_314' title='bbox 431 2336 635 2406; x_wconf 89' lang='lat' dir='ltr'><strong>cjicite,</strong></span> <span class='ocrx_word' id='word_1_315' title='bbox 666 2337 837 2407; x_wconf 88' lang='lat' dir='ltr'><strong>gratis</strong></span> <span class='ocrx_word' id='word_1_316' title='bbox 858 2335 1171 2407; x_wconf 87' lang='lat' dir='ltr'><strong>accepistis,</strong></span> <span class='ocrx_word' id='word_1_317' title='bbox 1198 2337 1369 2407; x_wconf 84' lang='lat' dir='ltr'><strong>gratis</strong></span> <span class='ocrx_word' id='word_1_318' title='bbox 1388 2336 1514 2392; x_wconf 90' lang='lat' dir='ltr'><strong>date</strong></span> <span class='ocrx_word' id='word_1_319' title='bbox 1529 2336 1596 2389; x_wconf 69' lang='lat'><strong>‘9.</strong></span> <span class='ocrx_word' id='word_1_320' title='bbox 1630 2356 1648 2389; x_wconf 77' lang='grc' dir='ltr'><strong>ι</strong></span> 
     </span>
    </p>
   </div>
   <div class='ocr_carea' id='block_1_36' title="bbox 500 2427 2087 2501">
    <p class='ocr_par' dir='ltr' id='par_1_36' title="bbox 500 2427 2087 2501">
     <span class='ocr_line' id='line_1_36' title="bbox 500 2427 2087 2501; baseline 0 -18"><span class='ocrx_word' id='word_1_321' title='bbox 500 2427 669 2484; x_wconf 78' lang='lat' dir='ltr'><strong>Vides</strong></span> <span class='ocrx_word' id='word_1_322' title='bbox 703 2428 871 2497; x_wconf 84' lang='lat' dir='ltr'><strong>igitur</strong></span> <span class='ocrx_word' id='word_1_323' title='bbox 897 2430 1011 2498; x_wconf 86' lang='lat' dir='ltr'><strong>jam</strong></span> <span class='ocrx_word' id='word_1_324' title='bbox 1063 2436 1120 2483; x_wconf 92' lang='lat' dir='ltr'><strong>tu</strong></span> <span class='ocrx_word' id='word_1_325' title='bbox 1165 2444 1404 2499; x_wconf 90' lang='lat' dir='ltr'><strong>quoque,</strong></span> <span class='ocrx_word' id='word_1_326' title='bbox 1443 2445 1681 2501; x_wconf 91' lang='lat' dir='ltr'><strong>quonam</strong></span> <span class='ocrx_word' id='word_1_327' title='bbox 1720 2429 1882 2484; x_wconf 88' lang='lat' dir='ltr'><strong>modo</strong></span> <span class='ocrx_word' id='word_1_328' title='bbox 1915 2445 2008 2484; x_wconf 85' lang='lat' dir='ltr'><strong>sn-</strong></span> <span class='ocrx_word' id='word_1_329' title='bbox 2041 2429 2087 2489; x_wconf 81' lang='grc' dir='ltr'>Β</span> 
     </span>
    </p>
   </div>
   <div class='ocr_carea' id='block_1_37' title="bbox 428 2518 2012 2589">
    <p class='ocr_par' dir='ltr' id='par_1_37' title="bbox 428 2518 2012 2589">
     <span class='ocr_line' id='line_1_37' title="bbox 428 2518 2012 2589; baseline -0.003 -14"><span class='ocrx_word' id='word_1_330' title='bbox 428 2521 701 2589; x_wconf 73' lang='lat' dir='ltr'><strong>paraverit</strong></span> <span class='ocrx_word' id='word_1_331' title='bbox 736 2519 950 2573; x_wconf 90' lang='lat' dir='ltr'><strong>illorum</strong></span> <span class='ocrx_word' id='word_1_332' title='bbox 971 2519 1110 2573; x_wconf 89' lang='lat' dir='ltr'><strong>ratio</strong></span> <span class='ocrx_word' id='word_1_333' title='bbox 1133 2519 1384 2589; x_wconf 88' lang='lat' dir='ltr'><strong>:quando</strong></span> <span class='ocrx_word' id='word_1_334' title='bbox 1417 2521 1582 2575; x_wconf 90' lang='lat' dir='ltr'><strong>etiam</strong></span> <span class='ocrx_word' id='word_1_335' title='bbox 1614 2520 1771 2581; x_wconf 91' lang='lat' dir='ltr'><strong>liber,</strong></span> <span class='ocrx_word' id='word_1_336' title='bbox 1798 2518 2012 2589; x_wconf 86' lang='lat' dir='ltr'><strong>quiAc—</strong></span> 
     </span>
    </p>
   </div>
   <div class='ocr_carea' id='block_1_38' title="bbox 430 2611 2008 2673">
    <p class='ocr_par' dir='ltr' id='par_1_38' title="bbox 430 2611 2008 2673">
     <span class='ocr_line' id='line_1_38' title="bbox 430 2611 2008 2673; baseline -0.002 -8"><span class='ocrx_word' id='word_1_337' title='bbox 430 2621 483 2665; x_wconf 87' lang='lat' dir='ltr'><strong>ta</strong></span> <span class='ocrx_word' id='word_1_338' title='bbox 500 2611 715 2665; x_wconf 87' lang='lat' dir='ltr'><strong>illorum</strong></span> <span class='ocrx_word' id='word_1_339' title='bbox 746 2611 1008 2673; x_wconf 86' lang='lat' dir='ltr'><strong>continet,</strong></span> <span class='ocrx_word' id='word_1_340' title='bbox 1029 2612 1360 2670; x_wconf 88' lang='lat' dir='ltr'><strong>conveniens</strong></span> <span class='ocrx_word' id='word_1_341' title='bbox 1383 2611 1470 2666; x_wconf 92' lang='lat' dir='ltr'><strong>his</strong></span> <span class='ocrx_word' id='word_1_342' title='bbox 1501 2620 1555 2665; x_wconf 90' lang='lat' dir='ltr'><strong>et</strong></span> <span class='ocrx_word' id='word_1_343' title='bbox 1579 2619 2008 2665; x_wconf 86' lang='lat' dir='ltr'><strong>consentaneum</strong></span> 
     </span>
    </p>
   </div>
   <div class='ocr_carea' id='block_1_39' title="bbox 430 2698 2011 2771">
    <p class='ocr_par' dir='ltr' id='par_1_39' title="bbox 430 2698 2011 2771">
     <span class='ocr_line' id='line_1_39' title="bbox 430 2698 2011 2771; baseline 0 -20"><span class='ocrx_word' id='word_1_344' title='bbox 430 2698 638 2771; x_wconf 86' lang='lat' dir='ltr'><strong>profert</strong></span> <span class='ocrx_word' id='word_1_345' title='bbox 663 2698 1080 2753; x_wconf 87' lang='lat' dir='ltr'><strong>testimonium:</strong></span> <span class='ocrx_word' id='word_1_346' title='bbox 1123 2701 1214 2755; x_wconf 89' lang='lat' dir='ltr'><strong>ubi</strong></span> <span class='ocrx_word' id='word_1_347' title='bbox 1255 2701 1357 2770; x_wconf 89' lang='lat' dir='ltr'><strong>ipsi</strong></span> <span class='ocrx_word' id='word_1_348' title='bbox 1385 2715 1602 2770; x_wconf 91' lang='lat' dir='ltr'><strong>quoque</strong></span> <span class='ocrx_word' id='word_1_349' title='bbox 1638 2707 2011 2754; x_wconf 88' lang='lat' dir='ltr'><strong>memorantur</strong></span> 
     </span>
    </p>
   </div>
   <div class='ocr_carea' id='block_1_40' title="bbox 430 2791 2011 2863">
    <p class='ocr_par' dir='ltr' id='par_1_40' title="bbox 430 2791 2011 2863">
     <span class='ocr_line' id='line_1_40' title="bbox 430 2791 2011 2863; baseline 0.002 -18"><span class='ocrx_word' id='word_1_350' title='bbox 430 2793 548 2863; x_wconf 87' lang='lat' dir='ltr'><strong>ipsa</strong></span> <span class='ocrx_word' id='word_1_351' title='bbox 582 2809 768 2852; x_wconf 88' lang='lat' dir='ltr'><strong>rerum</strong></span> <span class='ocrx_word' id='word_1_352' title='bbox 812 2791 1217 2847; x_wconf 84' lang='lat' dir='ltr'><strong>admirabilium</strong></span> <span class='ocrx_word' id='word_1_353' title='bbox 1258 2791 1546 2847; x_wconf 86' lang='lat' dir='ltr'><strong>ellicicntia</strong></span> <span class='ocrx_word' id='word_1_354' title='bbox 1573 2832 1588 2859; x_wconf 91' lang='lat'><strong>,</strong></span> <span class='ocrx_word' id='word_1_355' title='bbox 1630 2806 1793 2863; x_wconf 89' lang='lat' dir='ltr'><strong>quam</strong></span> <span class='ocrx_word' id='word_1_356' title='bbox 1844 2792 2011 2848; x_wconf 84' lang='lat' dir='ltr'><strong>bene-</strong></span> 
     </span>
    </p>
   </div>
   <div class='ocr_carea' id='block_1_41' title="bbox 429 2884 2007 2954">
    <p class='ocr_par' dir='ltr' id='par_1_41' title="bbox 429 2884 2007 2954">
     <span class='ocr_line' id='line_1_41' title="bbox 429 2884 2007 2954; baseline 0 -16"><span class='ocrx_word' id='word_1_357' title='bbox 429 2884 550 2939; x_wconf 82' lang='lat' dir='ltr'><strong>ﬁcio</strong></span> <span class='ocrx_word' id='word_1_358' title='bbox 629 2885 870 2943; x_wconf 81' lang='lat' dir='ltr'><strong>nominis</strong></span> <span class='ocrx_word' id='word_1_359' title='bbox 901 2884 1032 2943; x_wconf 89' lang='lat' dir='ltr'><strong>Jesu</strong></span> <span class='ocrx_word' id='word_1_360' title='bbox 1100 2884 1458 2947; x_wconf 82' lang='lat' dir='ltr'><strong>obtinebant,</strong></span> <span class='ocrx_word' id='word_1_361' title='bbox 1524 2899 1621 2940; x_wconf 85' lang='lat' dir='ltr'><strong>eos</strong></span> <span class='ocrx_word' id='word_1_362' title='bbox 1678 2885 1771 2954; x_wconf 88' lang='lat' dir='ltr'><strong>qui</strong></span> <span class='ocrx_word' id='word_1_363' title='bbox 1837 2885 2007 2939; x_wconf 89' lang='lat' dir='ltr'><strong>inter-</strong></span> 
     </span>
    </p>
   </div>
   <div class='ocr_carea' id='block_1_42' title="bbox 424 2974 2002 3046">
    <p class='ocr_par' dir='ltr' id='par_1_42' title="bbox 424 2974 2002 3046">
     <span class='ocr_line' id='line_1_42' title="bbox 424 2974 2002 3046; baseline -0.001 -15"><span class='ocrx_word' id='word_1_364' title='bbox 424 2982 584 3031; x_wconf 81' lang='lat' dir='ltr'><strong>erant</strong></span> <span class='ocrx_word' id='word_1_365' title='bbox 671 2986 835 3045; x_wconf 87' lang='lat' dir='ltr'><strong>atque</strong></span> <span class='ocrx_word' id='word_1_366' title='bbox 914 2975 1239 3046; x_wconf 87' lang='lat' dir='ltr'><strong>spectabant</strong></span> <span class='ocrx_word' id='word_1_367' title='bbox 1318 2975 1583 3031; x_wconf 87' lang='lat' dir='ltr'><strong>attonitos</strong></span> <span class='ocrx_word' id='word_1_368' title='bbox 1675 2974 2002 3031; x_wconf 89' lang='lat' dir='ltr'><strong>reddidisse.</strong></span> 
     </span>
    </p>
   </div>
   <div class='ocr_carea' id='block_1_43' title="bbox 431 3065 2004 3139">
    <p class='ocr_par' dir='ltr' id='par_1_43' title="bbox 431 3065 2004 3139">
     <span class='ocr_line' id='line_1_43' title="bbox 431 3065 2004 3139; baseline 0.001 -18"><span class='ocrx_word' id='word_1_369' title='bbox 431 3067 592 3139; x_wconf 73' lang='lat'><strong>139</strong></span> <span class='ocrx_word' id='word_1_370' title='bbox 617 3065 862 3122; x_wconf 87' lang='lat' dir='ltr'><strong>Primum</strong></span> <span class='ocrx_word' id='word_1_371' title='bbox 890 3067 1036 3123; x_wconf 90' lang='lat' dir='ltr'><strong>enim</strong></span> <span class='ocrx_word' id='word_1_372' title='bbox 1077 3067 1375 3123; x_wconf 82' lang='lat' dir='ltr'><strong>verisimile</strong></span> <span class='ocrx_word' id='word_1_373' title='bbox 1400 3075 1504 3133; x_wconf 90' lang='lat' dir='ltr'><strong>est,</strong></span> <span class='ocrx_word' id='word_1_374' title='bbox 1553 3084 1647 3123; x_wconf 93' lang='lat' dir='ltr'><strong>eos</strong></span> <span class='ocrx_word' id='word_1_375' title='bbox 1673 3068 1766 3139; x_wconf 89' lang='lat' dir='ltr'><strong>qui</strong></span> <span class='ocrx_word' id='word_1_376' title='bbox 1812 3084 2004 3124; x_wconf 89' lang='lat' dir='ltr'><strong>cerne-</strong></span> 
     </span>
    </p>
   </div>
   <div class='ocr_carea' id='block_1_44' title="bbox 323 3159 2004 3232">
    <p class='ocr_par' dir='ltr' id='par_1_44' title="bbox 323 3159 2004 3232">
     <span class='ocr_line' id='line_1_44' title="bbox 323 3159 2004 3232; baseline 0 -17"><span class='ocrx_word' id='word_1_377' title='bbox 323 3189 337 3198; x_wconf 82' lang='lat'><strong>-</strong></span> <span class='ocrx_word' id='word_1_378' title='bbox 425 3161 578 3226; x_wconf 86' lang='lat' dir='ltr'><strong>bant,</strong></span> <span class='ocrx_word' id='word_1_379' title='bbox 614 3160 781 3215; x_wconf 88' lang='lat' dir='ltr'><strong>rebus</strong></span> <span class='ocrx_word' id='word_1_380' title='bbox 813 3160 948 3232; x_wconf 88' lang='lat' dir='ltr'><strong>ipsis</strong></span> <span class='ocrx_word' id='word_1_381' title='bbox 981 3168 1037 3216; x_wconf 92' lang='lat' dir='ltr'><strong>et</strong></span> <span class='ocrx_word' id='word_1_382' title='bbox 1066 3159 1227 3216; x_wconf 86' lang='lat' dir='ltr'><strong>factis</strong></span> <span class='ocrx_word' id='word_1_383' title='bbox 1261 3160 1315 3213; x_wconf 90' lang='lat' dir='ltr'><strong>in</strong></span> <span class='ocrx_word' id='word_1_384' title='bbox 1346 3170 1621 3231; x_wconf 88' lang='lat' dir='ltr'><strong>stuporem</strong></span> <span class='ocrx_word' id='word_1_385' title='bbox 1652 3161 1721 3215; x_wconf 90' lang='lat' dir='ltr'><strong>ab</strong></span> <span class='ocrx_word' id='word_1_386' title='bbox 1748 3161 1857 3217; x_wconf 90' lang='lat' dir='ltr'><strong>illis</strong></span> <span class='ocrx_word' id='word_1_387' title='bbox 1881 3176 2004 3216; x_wconf 90' lang='lat' dir='ltr'><strong>esse</strong></span> 
     </span>
    </p>
   </div>
   <div class='ocr_carea' id='block_1_45' title="bbox 425 3248 2000 3322">
    <p class='ocr_par' dir='ltr' id='par_1_45' title="bbox 425 3248 2000 3322">
     <span class='ocr_line' id='line_1_45' title="bbox 425 3248 2000 3322; baseline 0.002 -19"><span class='ocrx_word' id='word_1_388' title='bbox 425 3262 744 3313; x_wconf 88' lang='lat' dir='ltr'><strong>conversos,</strong></span> <span class='ocrx_word' id='word_1_389' title='bbox 794 3248 872 3302; x_wconf 82' lang='lat' dir='ltr'><strong>ita</strong></span> <span class='ocrx_word' id='word_1_390' title='bbox 918 3248 1116 3305; x_wconf 89' lang='lat' dir='ltr'><strong>deinde</strong></span> <span class='ocrx_word' id='word_1_391' title='bbox 1160 3251 1379 3305; x_wconf 88' lang='lat' dir='ltr'><strong>eosdem</strong></span> <span class='ocrx_word' id='word_1_392' title='bbox 1411 3251 1621 3306; x_wconf 90' lang='lat' dir='ltr'><strong>alacres</strong></span> <span class='ocrx_word' id='word_1_393' title='bbox 1654 3258 2000 3322; x_wconf 89' lang='lat' dir='ltr'><strong>comparatos</strong></span> 
     </span>
    </p>
   </div>
   <div class='ocr_carea' id='block_1_46' title="bbox 422 3340 2002 3412">
    <p class='ocr_par' dir='ltr' id='par_1_46' title="bbox 422 3340 2002 3412">
     <span class='ocr_line' id='line_1_46' title="bbox 422 3340 2002 3412; baseline 0.003 -18"><span class='ocrx_word' id='word_1_394' title='bbox 422 3340 490 3395; x_wconf 83' lang='lat' dir='ltr'><strong>ad</strong></span> <span class='ocrx_word' id='word_1_395' title='bbox 516 3340 986 3412; x_wconf 85' lang='lat' dir='ltr'><strong>interrogandum,</strong></span> <span class='ocrx_word' id='word_1_396' title='bbox 1009 3342 1264 3411; x_wconf 89' lang='lat' dir='ltr'><strong>quisnam</strong></span> <span class='ocrx_word' id='word_1_397' title='bbox 1295 3342 1385 3397; x_wconf 92' lang='lat' dir='ltr'><strong>ille</strong></span> <span class='ocrx_word' id='word_1_398' title='bbox 1414 3350 1582 3406; x_wconf 85' lang='lat' dir='ltr'><strong>esset,</strong></span> <span class='ocrx_word' id='word_1_399' title='bbox 1615 3341 1773 3411; x_wconf 91' lang='lat' dir='ltr'><strong>cujus</strong></span> <span class='ocrx_word' id='word_1_400' title='bbox 1801 3342 2002 3398; x_wconf 89' lang='lat' dir='ltr'><strong>virtute</strong></span> 
     </span>
    </p>
   </div>
   <div class='ocr_carea' id='block_1_47' title="bbox 420 3433 2000 3491">
    <p class='ocr_par' dir='ltr' id='par_1_47' title="bbox 420 3433 2000 3491">
     <span class='ocr_line' id='line_1_47' title="bbox 420 3433 2000 3491; baseline 0.001 -3"><span class='ocrx_word' id='word_1_401' title='bbox 420 3441 475 3489; x_wconf 89' lang='lat' dir='ltr'><strong>et</strong></span> <span class='ocrx_word' id='word_1_402' title='bbox 508 3433 729 3490; x_wconf 89' lang='lat' dir='ltr'><strong>nomine</strong></span> <span class='ocrx_word' id='word_1_403' title='bbox 774 3435 1099 3490; x_wconf 90' lang='lat' dir='ltr'><strong>miraculum</strong></span> <span class='ocrx_word' id='word_1_404' title='bbox 1130 3435 1381 3491; x_wconf 77' lang='lat' dir='ltr'><strong>effectum</strong></span> <span class='ocrx_word' id='word_1_405' title='bbox 1426 3443 1590 3491; x_wconf 88' lang='lat' dir='ltr'><strong>esset.</strong></span> <span class='ocrx_word' id='word_1_406' title='bbox 1648 3434 1854 3491; x_wconf 92' lang='lat' dir='ltr'><strong>Deinde</strong></span> <span class='ocrx_word' id='word_1_407' title='bbox 1903 3435 2000 3490; x_wconf 79' lang='lat' dir='ltr'><strong>do-</strong></span> 
     </span>
    </p>
   </div>
   <div class='ocr_carea' id='block_1_48' title="bbox 420 3528 1995 3600">
    <p class='ocr_par' dir='ltr' id='par_1_48' title="bbox 420 3528 1995 3600">
     <span class='ocr_line' id='line_1_48' title="bbox 420 3528 1995 3600; baseline 0.001 -17"><span class='ocrx_word' id='word_1_408' title='bbox 420 3528 595 3584; x_wconf 84' lang='lat' dir='ltr'><strong>cendo</strong></span> <span class='ocrx_word' id='word_1_409' title='bbox 638 3529 802 3584; x_wconf 87' lang='lat' dir='ltr'><strong>iidem</strong></span> <span class='ocrx_word' id='word_1_410' title='bbox 853 3530 922 3583; x_wconf 90' lang='lat' dir='ltr'><strong>ab</strong></span> <span class='ocrx_word' id='word_1_411' title='bbox 996 3529 1189 3585; x_wconf 89' lang='lat' dir='ltr'><strong>iisdem</strong></span> <span class='ocrx_word' id='word_1_412' title='bbox 1244 3529 1789 3600; x_wconf 89' lang='lat' dir='ltr'><strong>deprehendebantur</strong></span> <span class='ocrx_word' id='word_1_413' title='bbox 1858 3529 1995 3594; x_wconf 88' lang='lat' dir='ltr'><strong>ﬁde,</strong></span> 
     </span>
    </p>
   </div>
   <div class='ocr_carea' id='block_1_49' title="bbox 419 3619 1998 3689">
    <p class='ocr_par' dir='ltr' id='par_1_49' title="bbox 419 3619 1998 3689">
     <span class='ocr_line' id='line_1_49' title="bbox 419 3619 1998 3689; baseline 0.002 -17"><span class='ocrx_word' id='word_1_414' title='bbox 419 3622 663 3689; x_wconf 89' lang='lat' dir='ltr'><strong>ipsorum</strong></span> <span class='ocrx_word' id='word_1_415' title='bbox 715 3621 1021 3676; x_wconf 87' lang='lat' dir='ltr'><strong>doctrinam</strong></span> <span class='ocrx_word' id='word_1_416' title='bbox 1069 3624 1430 3677; x_wconf 87' lang='lat' dir='ltr'><strong>antevenisse.</strong></span> <span class='ocrx_word' id='word_1_417' title='bbox 1473 3619 1594 3675; x_wconf 89' lang='lat' dir='ltr'><strong>Non</strong></span> <span class='ocrx_word' id='word_1_418' title='bbox 1637 3621 1782 3675; x_wconf 91' lang='lat' dir='ltr'><strong>enim</strong></span> <span class='ocrx_word' id='word_1_419' title='bbox 1815 3620 1998 3675; x_wconf 85' lang='lat' dir='ltr'><strong>verbis</strong></span> 
     </span>
    </p>
   </div>
   <div class='ocr_carea' id='block_1_50' title="bbox 419 3712 1995 3784">
    <p class='ocr_par' dir='ltr' id='par_1_50' title="bbox 419 3712 1995 3784">
     <span class='ocr_line' id='line_1_50' title="bbox 419 3712 1995 3784; baseline 0 -17"><span class='ocrx_word' id='word_1_420' title='bbox 419 3712 690 3782; x_wconf 87' lang='lat' dir='ltr'><strong>persuasi,</strong></span> <span class='ocrx_word' id='word_1_421' title='bbox 725 3715 822 3770; x_wconf 86' lang='lat' dir='ltr'><strong>sed</strong></span> <span class='ocrx_word' id='word_1_422' title='bbox 858 3715 1023 3770; x_wconf 89' lang='lat' dir='ltr'><strong>rebus</strong></span> <span class='ocrx_word' id='word_1_423' title='bbox 1051 3722 1106 3770; x_wconf 89' lang='lat' dir='ltr'><strong>et</strong></span> <span class='ocrx_word' id='word_1_424' title='bbox 1136 3713 1297 3783; x_wconf 72' lang='lat' dir='ltr'><strong>factis</strong></span> <span class='ocrx_word' id='word_1_425' title='bbox 1342 3715 1624 3784; x_wconf 79' lang='lat' dir='ltr'><strong>praeventi,</strong></span> <span class='ocrx_word' id='word_1_426' title='bbox 1657 3712 1726 3767; x_wconf 87' lang='lat' dir='ltr'><strong>ad</strong></span> <span class='ocrx_word' id='word_1_427' title='bbox 1757 3712 1814 3767; x_wconf 92' lang='lat' dir='ltr'><strong>id</strong></span> <span class='ocrx_word' id='word_1_428' title='bbox 1848 3713 1995 3783; x_wconf 91' lang='lat' dir='ltr'><strong>quod</strong></span> 
     </span>
    </p>
   </div>
   <div class='ocr_carea' id='block_1_51' title="bbox 2761 2242 3683 2311">
    <p class='ocr_par' dir='ltr' id='par_1_51' title="bbox 2761 2242 3683 2311">
     <span class='ocr_line' id='line_1_51' title="bbox 2761 2242 3683 2311; baseline 0.005 -18"><span class='ocrx_word' id='word_1_429' title='bbox 2761 2242 3004 2311; x_wconf 87' lang='lat' dir='ltr'><strong>leprosos</strong></span> <span class='ocrx_word' id='word_1_430' title='bbox 3072 2242 3366 2309; x_wconf 81' lang='lat' dir='ltr'><strong>niundatc,</strong></span> <span class='ocrx_word' id='word_1_431' title='bbox 3415 2242 3683 2298; x_wconf 66' lang='lat' dir='ltr'><strong>daemonas</strong></span> 
     </span>
    </p>
   </div>
   <div class='ocr_carea' id='block_1_52' title="bbox 2187 2423 3685 2498">
    <p class='ocr_par' dir='ltr' id='par_1_52' title="bbox 2187 2423 3685 2498">
     <span class='ocr_line' id='line_1_52' title="bbox 2187 2423 3685 2498; baseline 0.003 -21"><span class='ocrx_word' id='word_1_432' title='bbox 2187 2425 2424 2496; x_wconf 80' lang='grc' dir='ltr'><strong>Συνορᾷς</strong></span> <span class='ocrx_word' id='word_1_433' title='bbox 2462 2423 2747 2495; x_wconf 75' lang='grc' dir='ltr'>τοιγαροῦν</span> <span class='ocrx_word' id='word_1_434' title='bbox 2798 2424 2892 2477; x_wconf 76' lang='grc' dir='ltr'>καὶ</span> <span class='ocrx_word' id='word_1_435' title='bbox 2923 2425 3082 2488; x_wconf 81' lang='grc' dir='ltr'>αὐτὸς</span> <span class='ocrx_word' id='word_1_436' title='bbox 3110 2425 3258 2490; x_wconf 78' lang='grc' dir='ltr'>ὅπως</span> <span class='ocrx_word' id='word_1_437' title='bbox 3288 2427 3631 2498; x_wconf 80' lang='grc' dir='ltr'>κεκράτηκεν</span> <span class='ocrx_word' id='word_1_438' title='bbox 3658 2429 3685 2481; x_wconf 84' lang='grc' dir='ltr'><strong>ὀ</strong></span> 
     </span>
    </p>
   </div>
   <div class='ocr_carea' id='block_1_53' title="bbox 2114 2517 3688 2592">
    <p class='ocr_par' dir='ltr' id='par_1_53' title="bbox 2114 2517 3688 2592">
     <span class='ocr_line' id='line_1_53' title="bbox 2114 2517 3688 2592; baseline 0.001 -20"><span class='ocrx_word' id='word_1_439' title='bbox 2114 2520 2179 2572; x_wconf 80' lang='grc' dir='ltr'>δι’</span> <span class='ocrx_word' id='word_1_440' title='bbox 2207 2518 2383 2571; x_wconf 75' lang='grc' dir='ltr'>αὐτῶν</span> <span class='ocrx_word' id='word_1_441' title='bbox 2408 2517 2564 2585; x_wconf 86' lang='grc' dir='ltr'>λόγος</span> <span class='ocrx_word' id='word_1_442' title='bbox 2585 2534 2596 2544; x_wconf 92' lang='grc'><strong>·</strong></span> <span class='ocrx_word' id='word_1_443' title='bbox 2630 2518 2751 2570; x_wconf 71' lang='grc' dir='ltr'>ἐπεὶ</span> <span class='ocrx_word' id='word_1_444' title='bbox 2780 2518 2874 2570; x_wconf 77' lang='grc' dir='ltr'><strong>καὶ</strong></span> <span class='ocrx_word' id='word_1_445' title='bbox 2912 2517 3088 2570; x_wconf 80' lang='grc' dir='ltr'>αὐτῶν</span> <span class='ocrx_word' id='word_1_446' title='bbox 3119 2520 3150 2588; x_wconf 84' lang='grc' dir='ltr'><strong>ἠ</strong></span> <span class='ocrx_word' id='word_1_447' title='bbox 3187 2518 3368 2587; x_wconf 75' lang='grc' dir='ltr'>βίϐλος</span> <span class='ocrx_word' id='word_1_448' title='bbox 3400 2520 3512 2575; x_wconf 86' lang='grc' dir='ltr'>τῶν</span> <span class='ocrx_word' id='word_1_449' title='bbox 3548 2522 3688 2592; x_wconf 80' lang='grc' dir='ltr'>Πρά-</span> 
     </span>
    </p>
   </div>
   <div class='ocr_carea' id='block_1_54' title="bbox 2112 2608 3689 2683">
    <p class='ocr_par' dir='ltr' id='par_1_54' title="bbox 2112 2608 3689 2683">
     <span class='ocr_line' id='line_1_54' title="bbox 2112 2608 3689 2683; baseline 0.003 -21"><span class='ocrx_word' id='word_1_450' title='bbox 2112 2608 2246 2676; x_wconf 83' lang='grc' dir='ltr'>ξεων</span> <span class='ocrx_word' id='word_1_451' title='bbox 2276 2609 2482 2681; x_wconf 70' lang='grc' dir='ltr'>συνῳδὰ</span> <span class='ocrx_word' id='word_1_452' title='bbox 2524 2608 2731 2672; x_wconf 83' lang='grc' dir='ltr'>τούτοις</span> <span class='ocrx_word' id='word_1_453' title='bbox 2776 2609 2870 2663; x_wconf 74' lang='grc' dir='ltr'><strong>καὶ</strong></span> <span class='ocrx_word' id='word_1_454' title='bbox 2912 2608 3175 2681; x_wconf 77' lang='grc' dir='ltr'>σύμφωνα</span> <span class='ocrx_word' id='word_1_455' title='bbox 3218 2615 3532 2683; x_wconf 79' lang='grc' dir='ltr'>μαρτυρεί’</span> <span class='ocrx_word' id='word_1_456' title='bbox 3568 2612 3689 2667; x_wconf 78' lang='grc' dir='ltr'>ἔνθα</span> 
     </span>
    </p>
   </div>
   <div class='ocr_carea' id='block_1_55' title="bbox 2114 2698 3688 2774">
    <p class='ocr_par' dir='ltr' id='par_1_55' title="bbox 2114 2698 3688 2774">
     <span class='ocr_line' id='line_1_55' title="bbox 2114 2698 3688 2774; baseline 0.004 -24"><span class='ocrx_word' id='word_1_457' title='bbox 2114 2698 2451 2769; x_wconf 70' lang='grc' dir='ltr'>ἱστοροῦνται</span> <span class='ocrx_word' id='word_1_458' title='bbox 2495 2699 2587 2751; x_wconf 74' lang='grc' dir='ltr'><strong>καὶ</strong></span> <span class='ocrx_word' id='word_1_459' title='bbox 2621 2699 2773 2752; x_wconf 72' lang='grc' dir='ltr'>αὐτοὶ</span> <span class='ocrx_word' id='word_1_460' title='bbox 2816 2702 2879 2769; x_wconf 86' lang='grc' dir='ltr'>τῇ</span> <span class='ocrx_word' id='word_1_461' title='bbox 2912 2700 3021 2754; x_wconf 84' lang='grc' dir='ltr'><strong>τῶν</strong></span> <span class='ocrx_word' id='word_1_462' title='bbox 3065 2698 3403 2773; x_wconf 25' lang='grc' dir='ltr'>παραδόξων,</span> <span class='ocrx_word' id='word_1_463' title='bbox 3443 2704 3688 2774; x_wconf 80' lang='grc' dir='ltr'>ἐνεργείᾳ</span> 
     </span>
    </p>
   </div>
   <div class='ocr_carea' id='block_1_56' title="bbox 2108 2788 3690 2867">
    <p class='ocr_par' dir='ltr' id='par_1_56' title="bbox 2108 2788 3690 2867">
     <span class='ocr_line' id='line_1_56' title="bbox 2108 2788 3690 2867; baseline 0.002 -26"><span class='ocrx_word' id='word_1_464' title='bbox 2108 2788 2176 2841; x_wconf 88' lang='grc' dir='ltr'>δι’</span> <span class='ocrx_word' id='word_1_465' title='bbox 2226 2788 2486 2859; x_wconf 82' lang='grc' dir='ltr'>ὀνόματος</span> <span class='ocrx_word' id='word_1_466' title='bbox 2516 2790 2610 2841; x_wconf 87' lang='grc' dir='ltr'><strong>τοῦ</strong></span> <span class='ocrx_word' id='word_1_467' title='bbox 2670 2790 2844 2860; x_wconf 87' lang='grc' dir='ltr'>Ἰησοῦ</span> <span class='ocrx_word' id='word_1_468' title='bbox 2890 2791 3027 2862; x_wconf 80' lang='grc' dir='ltr'>πρὸς</span> <span class='ocrx_word' id='word_1_469' title='bbox 3072 2791 3248 2843; x_wconf 79' lang='grc' dir='ltr'>αὐτῶν</span> <span class='ocrx_word' id='word_1_470' title='bbox 3291 2792 3690 2867; x_wconf 74' lang='grc' dir='ltr'>ἐπιτελουμένῃ</span> 
     </span>
    </p>
   </div>
   <div class='ocr_carea' id='block_1_57' title="bbox 2108 2879 3687 2953">
    <p class='ocr_par' dir='ltr' id='par_1_57' title="bbox 2108 2879 3687 2953">
     <span class='ocr_line' id='line_1_57' title="bbox 2108 2879 3687 2953; baseline 0.003 -22"><span class='ocrx_word' id='word_1_471' title='bbox 2108 2881 2233 2943; x_wconf 80' lang='grc' dir='ltr'>τοὺς</span> <span class='ocrx_word' id='word_1_472' title='bbox 2314 2879 2593 2950; x_wconf 78' lang='grc' dir='ltr'>παρόντας</span> <span class='ocrx_word' id='word_1_473' title='bbox 2664 2881 2758 2933; x_wconf 72' lang='grc' dir='ltr'><strong>καὶ</strong></span> <span class='ocrx_word' id='word_1_474' title='bbox 2833 2881 2958 2943; x_wconf 78' lang='grc' dir='ltr'>τοὺς</span> <span class='ocrx_word' id='word_1_475' title='bbox 3030 2880 3336 2952; x_wconf 74' lang='grc' dir='ltr'>θεωμένους</span> <span class='ocrx_word' id='word_1_476' title='bbox 3398 2882 3687 2953; x_wconf 77' lang='grc' dir='ltr'>ἐκπλῆξαι.</span> 
     </span>
    </p>
   </div>
   <div class='ocr_carea' id='block_1_58' title="bbox 2121 2965 3689 3045">
    <p class='ocr_par' dir='ltr' id='par_1_58' title="bbox 2121 2965 3689 3045">
     <span class='ocr_line' id='line_1_58' title="bbox 2121 2965 3689 3045; baseline 0.002 -22"><span class='ocrx_word' id='word_1_477' title='bbox 2121 2965 2470 3041; x_wconf 77' lang='grc' dir='ltr'>Ἐξέπληττον</span> <span class='ocrx_word' id='word_1_478' title='bbox 2528 2971 2654 3043; x_wconf 76' lang='grc' dir='ltr'>γὰρ,</span> <span class='ocrx_word' id='word_1_479' title='bbox 2718 2972 2793 3035; x_wconf 82' lang='grc' dir='ltr'>ὡς</span> <span class='ocrx_word' id='word_1_480' title='bbox 2841 2974 3007 3037; x_wconf 74' lang='grc' dir='ltr'>εἰκὸς,</span> <span class='ocrx_word' id='word_1_481' title='bbox 3060 2973 3149 3027; x_wconf 78' lang='grc' dir='ltr'><strong>διὰ</strong></span> <span class='ocrx_word' id='word_1_482' title='bbox 3185 2973 3295 3026; x_wconf 87' lang='grc' dir='ltr'>τῶν</span> <span class='ocrx_word' id='word_1_483' title='bbox 3338 2973 3525 3045; x_wconf 78' lang='grc' dir='ltr'>ἔργων</span> <span class='ocrx_word' id='word_1_484' title='bbox 3569 2975 3689 3037; x_wconf 80' lang='grc' dir='ltr'>τοὺς</span> 
     </span>
    </p>
   </div>
   <div class='ocr_carea' id='block_1_59' title="bbox 2107 3060 3690 3138">
    <p class='ocr_par' dir='ltr' id='par_1_59' title="bbox 2107 3060 3690 3138">
     <span class='ocr_line' id='line_1_59' title="bbox 2107 3060 3690 3138; baseline 0.002 -24"><span class='ocrx_word' id='word_1_485' title='bbox 2107 3060 2411 3132; x_wconf 79' lang='grc' dir='ltr'>θεωμένους</span> <span class='ocrx_word' id='word_1_486' title='bbox 2474 3065 2770 3134; x_wconf 87' lang='grc' dir='ltr'>πρότερον·</span> <span class='ocrx_word' id='word_1_487' title='bbox 2820 3061 2919 3118; x_wconf 84' lang='grc' dir='ltr'>εἷθ’</span> <span class='ocrx_word' id='word_1_488' title='bbox 2948 3064 3120 3130; x_wconf 72' lang='grc' dir='ltr'>οὕτως</span> <span class='ocrx_word' id='word_1_489' title='bbox 3179 3065 3506 3138; x_wconf 83' lang='grc' dir='ltr'>προθύμους</span> <span class='ocrx_word' id='word_1_490' title='bbox 3549 3062 3690 3137; x_wconf 72' lang='grc' dir='ltr'>εἶχον</span> 
     </span>
    </p>
   </div>
   <div class='ocr_carea' id='block_1_60' title="bbox 2104 3152 3687 3230">
    <p class='ocr_par' dir='ltr' id='par_1_60' title="bbox 2104 3152 3687 3230">
     <span class='ocr_line' id='line_1_60' title="bbox 2104 3152 3687 3230; baseline 0.004 -22"><span class='ocrx_word' id='word_1_491' title='bbox 2104 3155 2302 3218; x_wconf 81' lang='grc' dir='ltr'>αὐτοὺς</span> <span class='ocrx_word' id='word_1_492' title='bbox 2353 3156 2445 3207; x_wconf 72' lang='grc' dir='ltr'><strong>ἐπὶ</strong></span> <span class='ocrx_word' id='word_1_493' title='bbox 2476 3156 2536 3208; x_wconf 86' lang='grc' dir='ltr'><strong>τὸ</strong></span> <span class='ocrx_word' id='word_1_494' title='bbox 2562 3156 2957 3225; x_wconf 84' lang='grc' dir='ltr'>φιλοπευστεῖν,</span> <span class='ocrx_word' id='word_1_495' title='bbox 2986 3158 3071 3221; x_wconf 89' lang='grc' dir='ltr'><strong>τίς</strong></span> <span class='ocrx_word' id='word_1_496' title='bbox 3108 3160 3225 3211; x_wconf 78' lang='grc' dir='ltr'>ποτ’</span> <span class='ocrx_word' id='word_1_497' title='bbox 3245 3155 3312 3230; x_wconf 81' lang='grc' dir='ltr'>ἦν</span> <span class='ocrx_word' id='word_1_498' title='bbox 3353 3154 3517 3223; x_wconf 66' lang='grc' dir='ltr'>οὗτος</span> <span class='ocrx_word' id='word_1_499' title='bbox 3535 3152 3596 3213; x_wconf 72' lang='grc' dir='ltr'><strong>οῦ</strong></span> <span class='ocrx_word' id='word_1_500' title='bbox 3625 3160 3687 3230; x_wconf 80' lang='grc' dir='ltr'>τῇ</span> 
     </span>
    </p>
   </div>
   <div class='ocr_carea' id='block_1_61' title="bbox 2101 3246 3693 3321">
    <p class='ocr_par' dir='ltr' id='par_1_61' title="bbox 2101 3246 3693 3321">
     <span class='ocr_line' id='line_1_61' title="bbox 2101 3246 3693 3321; baseline 0.003 -22"><span class='ocrx_word' id='word_1_501' title='bbox 2101 3246 2327 3317; x_wconf 81' lang='grc' dir='ltr'>δυνάμει</span> <span class='ocrx_word' id='word_1_502' title='bbox 2368 3248 2461 3300; x_wconf 73' lang='grc' dir='ltr'>καὶ</span> <span class='ocrx_word' id='word_1_503' title='bbox 2492 3248 2834 3320; x_wconf 74' lang='grc' dir='ltr'>προσηγορίᾳ</span> <span class='ocrx_word' id='word_1_504' title='bbox 2864 3248 2924 3302; x_wconf 83' lang='grc' dir='ltr'><strong>τὸ</strong></span> <span class='ocrx_word' id='word_1_505' title='bbox 2959 3247 3143 3321; x_wconf 86' lang='grc' dir='ltr'>θαῦμα</span> <span class='ocrx_word' id='word_1_506' title='bbox 3172 3248 3424 3317; x_wconf 86' lang='grc' dir='ltr'>γέγονεν.</span> <span class='ocrx_word' id='word_1_507' title='bbox 3456 3246 3595 3303; x_wconf 81' lang='grc' dir='ltr'>Εἶτα</span> <span class='ocrx_word' id='word_1_508' title='bbox 3616 3249 3693 3303; x_wconf 80' lang='grc' dir='ltr'>δι-</span> 
     </span>
    </p>
   </div>
   <div class='ocr_carea' id='block_1_62' title="bbox 2100 3340 3690 3415">
    <p class='ocr_par' dir='ltr' id='par_1_62' title="bbox 2100 3340 3690 3415">
     <span class='ocr_line' id='line_1_62' title="bbox 2100 3340 3690 3415; baseline 0.003 -23"><span class='ocrx_word' id='word_1_509' title='bbox 2100 3340 2388 3402; x_wconf 87' lang='grc' dir='ltr'>δάσκοντες</span> <span class='ocrx_word' id='word_1_510' title='bbox 2440 3340 2698 3412; x_wconf 77' lang='grc' dir='ltr'>ηὕρισκον</span> <span class='ocrx_word' id='word_1_511' title='bbox 2752 3344 2816 3413; x_wconf 85' lang='grc' dir='ltr'>τῇ</span> <span class='ocrx_word' id='word_1_512' title='bbox 2865 3342 3044 3395; x_wconf 80' lang='grc' dir='ltr'>πίστει</span> <span class='ocrx_word' id='word_1_513' title='bbox 3080 3341 3386 3412; x_wconf 80' lang='grc' dir='ltr'>φθάνοντας</span> <span class='ocrx_word' id='word_1_514' title='bbox 3422 3345 3527 3415; x_wconf 86' lang='grc' dir='ltr'>τὴν</span> <span class='ocrx_word' id='word_1_515' title='bbox 3562 3341 3690 3414; x_wconf 83' lang='grc' dir='ltr'>παρ’</span> 
     </span>
    </p>
   </div>
   <div class='ocr_carea' id='block_1_63' title="bbox 2100 3431 3692 3504">
    <p class='ocr_par' dir='ltr' id='par_1_63' title="bbox 2100 3431 3692 3504">
     <span class='ocr_line' id='line_1_63' title="bbox 2100 3431 3692 3504; baseline 0.001 -20"><span class='ocrx_word' id='word_1_516' title='bbox 2100 3431 2279 3485; x_wconf 79' lang='grc' dir='ltr'>αὐτῶν</span> <span class='ocrx_word' id='word_1_517' title='bbox 2319 3431 2685 3485; x_wconf 84' lang='grc' dir='ltr'>διδασκαλίαν.</span> <span class='ocrx_word' id='word_1_518' title='bbox 2730 3434 2803 3485; x_wconf 82' lang='grc' dir='ltr'><strong>Οὐ</strong></span> <span class='ocrx_word' id='word_1_519' title='bbox 2848 3431 2957 3504; x_wconf 78' lang='grc' dir='ltr'>γὰρ</span> <span class='ocrx_word' id='word_1_520' title='bbox 2983 3435 3095 3494; x_wconf 83' lang='grc' dir='ltr'>τοῖς</span> <span class='ocrx_word' id='word_1_521' title='bbox 3123 3432 3301 3502; x_wconf 88' lang='grc' dir='ltr'>λόγοις</span> <span class='ocrx_word' id='word_1_522' title='bbox 3343 3433 3692 3498; x_wconf 77' lang='grc' dir='ltr'>πεισθέντες,</span> 
     </span>
    </p>
   </div>
   <div class='ocr_carea' id='block_1_64' title="bbox 2098 3523 3690 3597">
    <p class='ocr_par' dir='ltr' id='par_1_64' title="bbox 2098 3523 3690 3597">
     <span class='ocr_line' id='line_1_64' title="bbox 2098 3523 3690 3597; baseline -0.001 -21"><span class='ocrx_word' id='word_1_523' title='bbox 2098 3523 2233 3577; x_wconf 85' lang='grc' dir='ltr'>ἀλλὰ</span> <span class='ocrx_word' id='word_1_524' title='bbox 2248 3527 2359 3587; x_wconf 84' lang='grc' dir='ltr'>τοῖς</span> <span class='ocrx_word' id='word_1_525' title='bbox 2382 3523 2562 3595; x_wconf 80' lang='grc' dir='ltr'>ἔργοις</span> <span class='ocrx_word' id='word_1_526' title='bbox 2598 3524 3195 3595; x_wconf 80' lang='grc' dir='ltr'>προσκαταληφθέντες,</span> <span class='ocrx_word' id='word_1_527' title='bbox 3230 3524 3419 3597; x_wconf 75' lang='grc' dir='ltr'>ρᾁὶον</span> <span class='ocrx_word' id='word_1_528' title='bbox 3441 3524 3690 3580; x_wconf 83' lang='grc' dir='ltr'>ἐποιοῦν-</span> 
     </span>
    </p>
   </div>
   <div class='ocr_carea' id='block_1_65' title="bbox 2096 3616 3693 3690">
    <p class='ocr_par' dir='ltr' id='par_1_65' title="bbox 2096 3616 3693 3690">
     <span class='ocr_line' id='line_1_65' title="bbox 2096 3616 3693 3690; baseline 0.002 -22"><span class='ocrx_word' id='word_1_529' title='bbox 2096 3632 2158 3669; x_wconf 91' lang='grc' dir='ltr'><strong>το</strong></span> <span class='ocrx_word' id='word_1_530' title='bbox 2219 3616 2317 3687; x_wconf 84' lang='grc' dir='ltr'>τὴν</span> <span class='ocrx_word' id='word_1_531' title='bbox 2353 3618 2410 3669; x_wconf 87' lang='grc' dir='ltr'><strong>ἐν</strong></span> <span class='ocrx_word' id='word_1_532' title='bbox 2443 3619 2556 3679; x_wconf 91' lang='grc' dir='ltr'>τοῖς</span> <span class='ocrx_word' id='word_1_533' title='bbox 2604 3616 2781 3685; x_wconf 80' lang='grc' dir='ltr'>λόγοις</span> <span class='ocrx_word' id='word_1_534' title='bbox 2812 3616 3068 3671; x_wconf 83' lang='grc' dir='ltr'>διάθεσιν.</span> <span class='ocrx_word' id='word_1_535' title='bbox 3102 3617 3373 3686; x_wconf 85' lang='grc' dir='ltr'>Λέγοντοιι</span> <span class='ocrx_word' id='word_1_536' title='bbox 3419 3618 3561 3687; x_wconf 88' lang='grc' dir='ltr'>γοῦν</span> <span class='ocrx_word' id='word_1_537' title='bbox 3595 3618 3693 3690; x_wconf 67' lang='grc' dir='ltr'><strong>ἤδη</strong></span> 
     </span>
    </p>
   </div>
   <div class='ocr_carea' id='block_1_66' title="bbox 2096 3707 3692 3782">
    <p class='ocr_par' dir='ltr' id='par_1_66' title="bbox 2096 3707 3692 3782">
     <span class='ocr_line' id='line_1_66' title="bbox 2096 3707 3692 3782; baseline 0.001 -22"><span class='ocrx_word' id='word_1_538' title='bbox 2096 3709 2237 3772; x_wconf 75' lang='grc' dir='ltr'>τινὲς</span> <span class='ocrx_word' id='word_1_539' title='bbox 2288 3709 2578 3778; x_wconf 85' lang='grc' dir='ltr'>βουθυσίας</span> <span class='ocrx_word' id='word_1_540' title='bbox 2628 3710 2722 3762; x_wconf 78' lang='grc' dir='ltr'><strong>καὶ</strong></span> <span class='ocrx_word' id='word_1_541' title='bbox 2772 3709 3000 3774; x_wconf 76' lang='grc' dir='ltr'>σπονδὰς</span> <span class='ocrx_word' id='word_1_542' title='bbox 3042 3711 3118 3775; x_wconf 84' lang='grc' dir='ltr'>ὠς</span> <span class='ocrx_word' id='word_1_543' title='bbox 3150 3711 3214 3765; x_wconf 84' lang='grc' dir='ltr'><strong>ἂν</strong></span> <span class='ocrx_word' id='word_1_544' title='bbox 3247 3710 3350 3782; x_wconf 71' lang='grc' dir='ltr'><strong>ἤδη</strong></span> <span class='ocrx_word' id='word_1_545' title='bbox 3394 3712 3548 3775; x_wconf 85' lang='grc' dir='ltr'>θεοῖς</span> <span class='ocrx_word' id='word_1_546' title='bbox 3577 3707 3692 3763; x_wconf 80' lang='grc' dir='ltr'>οὖσι</span> 
     </span>
    </p>
   </div>
   <div class='ocr_carea' id='block_1_67' title="bbox 414 3790 2001 3879">
    <p class='ocr_par' dir='ltr' id='par_1_67' title="bbox 414 3801 1993 3874">
     <span class='ocr_line' id='line_1_67' title="bbox 414 3801 1993 3874; baseline 0.001 -19"><span class='ocrx_word' id='word_1_547' title='bbox 414 3802 598 3858; x_wconf 84' lang='lat' dir='ltr'><strong>verbis</strong></span> <span class='ocrx_word' id='word_1_548' title='bbox 633 3801 768 3873; x_wconf 84' lang='lat' dir='ltr'><strong>ipsis</strong></span> <span class='ocrx_word' id='word_1_549' title='bbox 801 3803 1161 3860; x_wconf 88' lang='lat' dir='ltr'><strong>obtinendum</strong></span> <span class='ocrx_word' id='word_1_550' title='bbox 1192 3812 1329 3869; x_wconf 89' lang='lat' dir='ltr'><strong>erat,</strong></span> <span class='ocrx_word' id='word_1_551' title='bbox 1377 3803 1563 3859; x_wconf 88' lang='lat' dir='ltr'><strong>faciles</strong></span> <span class='ocrx_word' id='word_1_552' title='bbox 1597 3804 1993 3874; x_wconf 84' lang='lat' dir='ltr'><strong>comparaban-</strong></span> 
     </span>
    </p>
   </div>
   <div class='ocr_carea' id='block_1_68' title="bbox 2115 3790 3696 3879">
    <p class='ocr_par' dir='ltr' id='par_1_68' title="bbox 2115 3803 3696 3879">
     <span class='ocr_line' id='line_1_68' title="bbox 2115 3803 3696 3879; baseline 0 -25"><span class='ocrx_word' id='word_1_553' title='bbox 2115 3806 2204 3865; x_wconf 77' lang='grc' dir='ltr'>ῖοῖς</span> <span class='ocrx_word' id='word_1_554' title='bbox 2226 3803 2320 3856; x_wconf 89' lang='grc' dir='ltr'><strong>τοῦ</strong></span> <span class='ocrx_word' id='word_1_555' title='bbox 2360 3803 2533 3875; x_wconf 86' lang='grc' dir='ltr'>Ἰησοῦ</span> <span class='ocrx_word' id='word_1_556' title='bbox 2562 3805 3031 3879; x_wconf 74' lang='grc' dir='ltr'>προσαγηοχέναι’</span> <span class='ocrx_word' id='word_1_557' title='bbox 3070 3807 3161 3859; x_wconf 74' lang='grc' dir='ltr'><strong>καὶ</strong></span> <span class='ocrx_word' id='word_1_558' title='bbox 3196 3805 3316 3859; x_wconf 79' lang='grc' dir='ltr'>τινὰ</span> <span class='ocrx_word' id='word_1_559' title='bbox 3369 3806 3480 3877; x_wconf 82' lang='grc' dir='ltr'><strong>μὲν</strong></span> <span class='ocrx_word' id='word_1_560' title='bbox 3515 3803 3696 3859; x_wconf 84' lang='grc' dir='ltr'>αὐτῶν</span> 
     </span>
    </p>
   </div>
   <div class='ocr_carea' id='block_1_69' title="bbox 417 3891 1993 3964">
    <p class='ocr_par' dir='ltr' id='par_1_69' title="bbox 417 3891 1993 3964">
     <span class='ocr_line' id='line_1_69' title="bbox 417 3891 1993 3964; baseline 0.003 -19"><span class='ocrx_word' id='word_1_561' title='bbox 417 3901 526 3946; x_wconf 89' lang='lat' dir='ltr'><strong>tur.</strong></span> <span class='ocrx_word' id='word_1_562' title='bbox 544 3891 663 3947; x_wconf 86' lang='lat' dir='ltr'><strong>Jam</strong></span> <span class='ocrx_word' id='word_1_563' title='bbox 684 3893 889 3949; x_wconf 90' lang='lat' dir='ltr'><strong>idcirco</strong></span> <span class='ocrx_word' id='word_1_564' title='bbox 907 3895 1169 3950; x_wconf 91' lang='lat' dir='ltr'><strong>dicuntur</strong></span> <span class='ocrx_word' id='word_1_565' title='bbox 1198 3895 1478 3951; x_wconf 90' lang='lat' dir='ltr'><strong>nonnullis</strong></span> <span class='ocrx_word' id='word_1_566' title='bbox 1509 3895 1642 3964; x_wconf 90' lang='lat' dir='ltr'><strong>ipsis</strong></span> <span class='ocrx_word' id='word_1_567' title='bbox 1673 3894 1804 3951; x_wconf 84' lang='lat' dir='ltr'><strong>Jesu</strong></span> <span class='ocrx_word' id='word_1_568' title='bbox 1830 3895 1993 3951; x_wconf 88' lang='lat' dir='ltr'><strong>disci-</strong></span> 
     </span>
    </p>
   </div>
   <div class='ocr_carea' id='block_1_70' title="bbox 416 3983 1991 4056">
    <p class='ocr_par' dir='ltr' id='par_1_70' title="bbox 416 3983 1991 4056">
     <span class='ocr_line' id='line_1_70' title="bbox 416 3983 1991 4056; baseline 0.003 -18"><span class='ocrx_word' id='word_1_569' title='bbox 416 3983 560 4054; x_wconf 92' lang='lat' dir='ltr'><strong>pulis</strong></span> <span class='ocrx_word' id='word_1_570' title='bbox 593 3995 850 4055; x_wconf 89' lang='lat' dir='ltr'><strong>tanquam</strong></span> <span class='ocrx_word' id='word_1_571' title='bbox 880 3986 949 4042; x_wconf 91' lang='lat' dir='ltr'><strong>iis</strong></span> <span class='ocrx_word' id='word_1_572' title='bbox 970 3987 1065 4056; x_wconf 83' lang='lat' dir='ltr'><strong>qui</strong></span> <span class='ocrx_word' id='word_1_573' title='bbox 1099 3986 1173 4041; x_wconf 92' lang='lat' dir='ltr'><strong>dii</strong></span> <span class='ocrx_word' id='word_1_574' title='bbox 1203 3994 1389 4042; x_wconf 92' lang='lat' dir='ltr'><strong>essent</strong></span> <span class='ocrx_word' id='word_1_575' title='bbox 1413 3987 1662 4043; x_wconf 88' lang='lat' dir='ltr'><strong>victimas</strong></span> <span class='ocrx_word' id='word_1_576' title='bbox 1694 3996 1750 4043; x_wconf 86' lang='lat' dir='ltr'><strong>et</strong></span> <span class='ocrx_word' id='word_1_577' title='bbox 1773 3989 1991 4043; x_wconf 89' lang='lat' dir='ltr'><strong>libatio-</strong></span> 
     </span>
    </p>
   </div>
   <div class='ocr_carea' id='block_1_71' title="bbox 417 4077 1988 4149">
    <p class='ocr_par' dir='ltr' id='par_1_71' title="bbox 417 4077 1988 4149">
     <span class='ocr_line' id='line_1_71' title="bbox 417 4077 1988 4149; baseline 0.003 -21"><span class='ocrx_word' id='word_1_578' title='bbox 417 4092 514 4132; x_wconf 89' lang='lat' dir='ltr'><strong>nes</strong></span> <span class='ocrx_word' id='word_1_579' title='bbox 544 4077 831 4146; x_wconf 87' lang='lat' dir='ltr'><strong>obtulisse,</strong></span> <span class='ocrx_word' id='word_1_580' title='bbox 868 4085 922 4132; x_wconf 90' lang='lat' dir='ltr'><strong>et</strong></span> <span class='ocrx_word' id='word_1_581' title='bbox 951 4080 1119 4133; x_wconf 90' lang='lat' dir='ltr'><strong>alium</strong></span> <span class='ocrx_word' id='word_1_582' title='bbox 1149 4079 1368 4149; x_wconf 89' lang='lat' dir='ltr'><strong>quidem</strong></span> <span class='ocrx_word' id='word_1_583' title='bbox 1399 4094 1463 4134; x_wconf 81' lang='lat' dir='ltr'><strong>ex</strong></span> <span class='ocrx_word' id='word_1_584' title='bbox 1494 4080 1604 4136; x_wconf 86' lang='lat' dir='ltr'><strong>illis</strong></span> <span class='ocrx_word' id='word_1_585' title='bbox 1637 4079 1988 4141; x_wconf 79' lang='lat' dir='ltr'><strong>Mercurium,</strong></span> 
     </span>
    </p>
   </div>
   <div class='ocr_carea' id='block_1_72' title="bbox 414 4169 1990 4243">
    <p class='ocr_par' dir='ltr' id='par_1_72' title="bbox 414 4169 1990 4243">
     <span class='ocr_line' id='line_1_72' title="bbox 414 4169 1990 4243; baseline 0.002 -20"><span class='ocrx_word' id='word_1_586' title='bbox 414 4170 584 4224; x_wconf 86' lang='lat' dir='ltr'><strong>alium</strong></span> <span class='ocrx_word' id='word_1_587' title='bbox 614 4186 742 4225; x_wconf 90' lang='lat' dir='ltr'><strong>vero</strong></span> <span class='ocrx_word' id='word_1_588' title='bbox 769 4169 957 4226; x_wconf 88' lang='lat' dir='ltr'><strong>Jovem</strong></span> <span class='ocrx_word' id='word_1_589' title='bbox 991 4171 1359 4236; x_wconf 78' lang='lat' dir='ltr'><strong>existimasse,</strong></span> <span class='ocrx_word' id='word_1_590' title='bbox 1394 4188 1570 4243; x_wconf 91' lang='lat' dir='ltr'><strong>usque</strong></span> <span class='ocrx_word' id='word_1_591' title='bbox 1612 4173 1748 4228; x_wconf 90' lang='lat' dir='ltr'><strong>adeo</strong></span> <span class='ocrx_word' id='word_1_592' title='bbox 1771 4174 1990 4228; x_wconf 91' lang='lat' dir='ltr'><strong>illorum</strong></span> 
     </span>
    </p>
   </div>
   <div class='ocr_carea' id='block_1_73' title="bbox 413 4263 1993 4335">
    <p class='ocr_par' dir='ltr' id='par_1_73' title="bbox 413 4263 1993 4335">
     <span class='ocr_line' id='line_1_73' title="bbox 413 4263 1993 4335; baseline 0.004 -20"><span class='ocrx_word' id='word_1_593' title='bbox 413 4269 626 4318; x_wconf 86' lang='lat' dir='ltr'><strong>mentes</strong></span> <span class='ocrx_word' id='word_1_594' title='bbox 656 4271 878 4332; x_wconf 87' lang='lat' dir='ltr'><strong>stupore</strong></span> <span class='ocrx_word' id='word_1_595' title='bbox 910 4263 1166 4320; x_wconf 74' lang='lat' dir='ltr'><strong>affecerat</strong></span> <span class='ocrx_word' id='word_1_596' title='bbox 1202 4265 1320 4335; x_wconf 90' lang='lat' dir='ltr'><strong>ipsa</strong></span> <span class='ocrx_word' id='word_1_597' title='bbox 1349 4265 1740 4319; x_wconf 89' lang='lat' dir='ltr'><strong>miraculorum</strong></span> <span class='ocrx_word' id='word_1_598' title='bbox 1769 4265 1993 4320; x_wconf 91' lang='lat' dir='ltr'><strong>eviden-</strong></span> 
     </span>
    </p>
   </div>
   <div class='ocr_carea' id='block_1_74' title="bbox 413 4354 1989 4429">
    <p class='ocr_par' dir='ltr' id='par_1_74' title="bbox 413 4354 1989 4429">
     <span class='ocr_line' id='line_1_74' title="bbox 413 4354 1989 4429; baseline 0.003 -21"><span class='ocrx_word' id='word_1_599' title='bbox 413 4357 526 4420; x_wconf 85' lang='lat' dir='ltr'><strong>tia;</strong></span> <span class='ocrx_word' id='word_1_600' title='bbox 561 4370 626 4410; x_wconf 88' lang='lat' dir='ltr'><strong>ac</strong></span> <span class='ocrx_word' id='word_1_601' title='bbox 641 4356 894 4425; x_wconf 90' lang='lat' dir='ltr'><strong>protinus</strong></span> <span class='ocrx_word' id='word_1_602' title='bbox 922 4356 999 4411; x_wconf 87' lang='lat' dir='ltr'><strong>ita</strong></span> <span class='ocrx_word' id='word_1_603' title='bbox 1016 4354 1225 4412; x_wconf 77' lang='lat' dir='ltr'><strong>affectis</strong></span> <span class='ocrx_word' id='word_1_604' title='bbox 1257 4359 1622 4423; x_wconf 88' lang='lat' dir='ltr'><strong>auditoribus,</strong></span> <span class='ocrx_word' id='word_1_605' title='bbox 1651 4373 1989 4429; x_wconf 57' lang='lat' dir='ltr'><strong>quaecunque</strong></span> 
     </span>
    </p>
   </div>
   <div class='ocr_carea' id='block_1_75' title="bbox 408 4447 1987 4520">
    <p class='ocr_par' dir='ltr' id='par_1_75' title="bbox 408 4447 1987 4520">
     <span class='ocr_line' id='line_1_75' title="bbox 408 4447 1987 4520; baseline 0.001 -16"><span class='ocrx_word' id='word_1_606' title='bbox 408 4449 487 4504; x_wconf 86' lang='lat' dir='ltr'><strong>illi</strong></span> <span class='ocrx_word' id='word_1_607' title='bbox 534 4449 601 4504; x_wconf 89' lang='lat' dir='ltr'><strong>de</strong></span> <span class='ocrx_word' id='word_1_608' title='bbox 632 4447 762 4505; x_wconf 83' lang='lat' dir='ltr'><strong>Jesu</strong></span> <span class='ocrx_word' id='word_1_609' title='bbox 794 4449 1122 4503; x_wconf 85' lang='lat' dir='ltr'><strong>nuntiabant</strong></span> <span class='ocrx_word' id='word_1_610' title='bbox 1167 4450 1364 4504; x_wconf 88' lang='lat' dir='ltr'><strong>merito</strong></span> <span class='ocrx_word' id='word_1_611' title='bbox 1402 4466 1529 4505; x_wconf 89' lang='lat' dir='ltr'><strong>vera</strong></span> <span class='ocrx_word' id='word_1_612' title='bbox 1590 4466 1713 4506; x_wconf 88' lang='lat' dir='ltr'><strong>esse</strong></span> <span class='ocrx_word' id='word_1_613' title='bbox 1759 4452 1987 4520; x_wconf 88' lang='lat' dir='ltr'><strong>posthac</strong></span> 
     </span>
    </p>
   </div>
   <div class='ocr_carea' id='block_1_76' title="bbox 406 4539 1986 4609">
    <p class='ocr_par' dir='ltr' id='par_1_76' title="bbox 406 4539 1986 4609">
     <span class='ocr_line' id='line_1_76' title="bbox 406 4539 1986 4609; baseline 0.001 -15"><span class='ocrx_word' id='word_1_614' title='bbox 406 4540 810 4607; x_wconf 86' lang='lat' dir='ltr'><strong>censebantur;</strong></span> <span class='ocrx_word' id='word_1_615' title='bbox 841 4539 1097 4609; x_wconf 89' lang='lat' dir='ltr'><strong>illiusque</strong></span> <span class='ocrx_word' id='word_1_616' title='bbox 1131 4547 1253 4609; x_wconf 83' lang='lat' dir='ltr'><strong>post</strong></span> <span class='ocrx_word' id='word_1_617' title='bbox 1282 4549 1511 4594; x_wconf 87' lang='lat' dir='ltr'><strong>mortem</strong></span> <span class='ocrx_word' id='word_1_618' title='bbox 1543 4541 1780 4595; x_wconf 89' lang='lat' dir='ltr'><strong>reditum</strong></span> <span class='ocrx_word' id='word_1_619' title='bbox 1812 4542 1867 4595; x_wconf 92' lang='lat' dir='ltr'><strong>in</strong></span> <span class='ocrx_word' id='word_1_620' title='bbox 1904 4542 1986 4595; x_wconf 85' lang='lat' dir='ltr'><strong>vi-</strong></span> 
     </span>
    </p>
   </div>
   <div class='ocr_carea' id='block_1_77' title="bbox 408 4632 1984 4702">
    <p class='ocr_par' dir='ltr' id='par_1_77' title="bbox 408 4632 1984 4702">
     <span class='ocr_line' id='line_1_77' title="bbox 408 4632 1984 4702; baseline 0.003 -17"><span class='ocrx_word' id='word_1_621' title='bbox 408 4639 559 4696; x_wconf 90' lang='lat' dir='ltr'><strong>tam,</strong></span> <span class='ocrx_word' id='word_1_622' title='bbox 622 4648 732 4687; x_wconf 89' lang='lat' dir='ltr'><strong>non</strong></span> <span class='ocrx_word' id='word_1_623' title='bbox 786 4632 1127 4702; x_wconf 85' lang='lat' dir='ltr'><strong>simplicibus</strong></span> <span class='ocrx_word' id='word_1_624' title='bbox 1172 4640 1335 4702; x_wconf 87' lang='lat' dir='ltr'><strong>atque</strong></span> <span class='ocrx_word' id='word_1_625' title='bbox 1401 4633 1984 4690; x_wconf 83' lang='lat' dir='ltr'><strong>indemonstrabilibus</strong></span> 
     </span>
    </p>
   </div>
   <div class='ocr_carea' id='block_1_78' title="bbox 407 4722 1984 4794">
    <p class='ocr_par' dir='ltr' id='par_1_78' title="bbox 407 4722 1984 4794">
     <span class='ocr_line' id='line_1_78' title="bbox 407 4722 1984 4794; baseline 0.002 -17"><span class='ocrx_word' id='word_1_626' title='bbox 407 4722 591 4778; x_wconf 79' lang='lat' dir='ltr'><strong>verbis</strong></span> <span class='ocrx_word' id='word_1_627' title='bbox 625 4724 1082 4790; x_wconf 82' lang='lat' dir='ltr'><strong>testiﬁcabantur,</strong></span> <span class='ocrx_word' id='word_1_628' title='bbox 1116 4725 1212 4780; x_wconf 82' lang='lat' dir='ltr'><strong>sed</strong></span> <span class='ocrx_word' id='word_1_629' title='bbox 1247 4726 1362 4794; x_wconf 90' lang='lat' dir='ltr'><strong>ipsa</strong></span> <span class='ocrx_word' id='word_1_630' title='bbox 1392 4724 1662 4779; x_wconf 88' lang='lat' dir='ltr'><strong>factorum</strong></span> <span class='ocrx_word' id='word_1_631' title='bbox 1708 4726 1984 4782; x_wconf 82' lang='lat' dir='ltr'><strong>evidentia</strong></span> 
     </span>
    </p>
   </div>
   <div class='ocr_carea' id='block_1_79' title="bbox 408 4815 1983 4886">
    <p class='ocr_par' dir='ltr' id='par_1_79' title="bbox 408 4815 1983 4886">
     <span class='ocr_line' id='line_1_79' title="bbox 408 4815 1983 4886; baseline 0.001 -14"><span class='ocrx_word' id='word_1_632' title='bbox 408 4815 866 4885; x_wconf 87' lang='lat' dir='ltr'><strong>comprobabant;</strong></span> <span class='ocrx_word' id='word_1_633' title='bbox 893 4816 1095 4886; x_wconf 87' lang='lat' dir='ltr'><strong>quippe</strong></span> <span class='ocrx_word' id='word_1_634' title='bbox 1121 4832 1244 4871; x_wconf 87' lang='lat' dir='ltr'><strong>cum</strong></span> <span class='ocrx_word' id='word_1_635' title='bbox 1276 4817 1506 4872; x_wconf 89' lang='lat' dir='ltr'><strong>viventis</strong></span> <span class='ocrx_word' id='word_1_636' title='bbox 1538 4819 1685 4873; x_wconf 90' lang='lat' dir='ltr'><strong>illius</strong></span> <span class='ocrx_word' id='word_1_637' title='bbox 1720 4819 1864 4873; x_wconf 89' lang='lat' dir='ltr'><strong>facta</strong></span> <span class='ocrx_word' id='word_1_638' title='bbox 1889 4819 1983 4874; x_wconf 88' lang='lat' dir='ltr'><strong>de-</strong></span> 
     </span>
    </p>
   </div>
   <div class='ocr_carea' id='block_1_80' title="bbox 407 4906 1983 4974">
    <p class='ocr_par' dir='ltr' id='par_1_80' title="bbox 407 4906 1983 4974">
     <span class='ocr_line' id='line_1_80' title="bbox 407 4906 1983 4974; baseline 0.003 -16"><span class='ocrx_word' id='word_1_639' title='bbox 407 4914 797 4962; x_wconf 83' lang='lat' dir='ltr'><strong>monstrarent.</strong></span> <span class='ocrx_word' id='word_1_640' title='bbox 820 4906 978 4974; x_wconf 84' lang='lat' dir='ltr'><strong>Quod</strong></span> <span class='ocrx_word' id='word_1_641' title='bbox 1008 4908 1054 4962; x_wconf 89' lang='lat' dir='ltr'><strong>si</strong></span> <span class='ocrx_word' id='word_1_642' title='bbox 1087 4915 1141 4961; x_wconf 90' lang='lat' dir='ltr'><strong>et</strong></span> <span class='ocrx_word' id='word_1_643' title='bbox 1179 4906 1347 4962; x_wconf 87' lang='lat' dir='ltr'><strong>Deum</strong></span> <span class='ocrx_word' id='word_1_644' title='bbox 1381 4908 1553 4972; x_wconf 81' lang='lat' dir='ltr'><strong>illum,</strong></span> <span class='ocrx_word' id='word_1_645' title='bbox 1586 4919 1639 4964; x_wconf 90' lang='lat' dir='ltr'><strong>et</strong></span> <span class='ocrx_word' id='word_1_646' title='bbox 1664 4908 1756 4964; x_wconf 88' lang='lat' dir='ltr'><strong>Dei</strong></span> <span class='ocrx_word' id='word_1_647' title='bbox 1786 4908 1983 4963; x_wconf 87' lang='lat' dir='ltr'><strong>Filium</strong></span> 
     </span>
    </p>
   </div>
   <div class='ocr_carea' id='block_1_81' title="bbox 404 4999 1981 5071">
    <p class='ocr_par' dir='ltr' id='par_1_81' title="bbox 404 4999 1981 5071">
     <span class='ocr_line' id='line_1_81' title="bbox 404 4999 1981 5071; baseline 0.001 -19"><span class='ocrx_word' id='word_1_648' title='bbox 404 5005 533 5053; x_wconf 86' lang='lat' dir='ltr'><strong>ante</strong></span> <span class='ocrx_word' id='word_1_649' title='bbox 581 5013 869 5053; x_wconf 80' lang='lat' dir='ltr'><strong>ascensura</strong></span> <span class='ocrx_word' id='word_1_650' title='bbox 900 4999 953 5053; x_wconf 92' lang='lat' dir='ltr'><strong>in</strong></span> <span class='ocrx_word' id='word_1_651' title='bbox 986 4999 1185 5053; x_wconf 83' lang='lat' dir='ltr'><strong>coelqu</strong></span> <span class='ocrx_word' id='word_1_652' title='bbox 1236 5000 1523 5068; x_wconf 85' lang='lat' dir='ltr'><strong>degentem</strong></span> <span class='ocrx_word' id='word_1_653' title='bbox 1568 5000 1714 5071; x_wconf 88' lang='lat' dir='ltr'><strong>apud</strong></span> <span class='ocrx_word' id='word_1_654' title='bbox 1766 4999 1981 5056; x_wconf 83' lang='lat' dir='ltr'><strong>Patrem</strong></span> 
     </span>
    </p>
   </div>
   <div class='ocr_carea' id='block_1_82' title="bbox 403 5091 1982 5153">
    <p class='ocr_par' dir='ltr' id='par_1_82' title="bbox 403 5091 1982 5153">
     <span class='ocr_line' id='line_1_82' title="bbox 403 5091 1982 5153; baseline 0.002 -9"><span class='ocrx_word' id='word_1_655' title='bbox 403 5091 773 5153; x_wconf 88' lang='lat' dir='ltr'><strong>nuntiassent,</strong></span> <span class='ocrx_word' id='word_1_656' title='bbox 800 5106 898 5144; x_wconf 91' lang='lat' dir='ltr'><strong>cur</strong></span> <span class='ocrx_word' id='word_1_657' title='bbox 931 5107 1044 5145; x_wconf 88' lang='lat' dir='ltr'><strong>non</strong></span> <span class='ocrx_word' id='word_1_658' title='bbox 1081 5093 1209 5146; x_wconf 90' lang='lat' dir='ltr'><strong>huic</strong></span> <span class='ocrx_word' id='word_1_659' title='bbox 1254 5095 1485 5148; x_wconf 88' lang='lat' dir='ltr'><strong>orationi</strong></span> <span class='ocrx_word' id='word_1_660' title='bbox 1520 5093 1735 5150; x_wconf 85' lang='lat' dir='ltr'><strong>facilius</strong></span> <span class='ocrx_word' id='word_1_661' title='bbox 1768 5094 1982 5149; x_wconf 87' lang='lat' dir='ltr'><strong>assensi</strong></span> 
     </span>
    </p>
   </div>
   <div class='ocr_carea' id='block_1_83' title="bbox 401 5181 1978 5251">
    <p class='ocr_par' dir='ltr' id='par_1_83' title="bbox 401 5181 1978 5251">
     <span class='ocr_line' id='line_1_83' title="bbox 401 5181 1978 5251; baseline 0.002 -14"><span class='ocrx_word' id='word_1_662' title='bbox 401 5190 608 5243; x_wconf 87' lang='lat' dir='ltr'><strong>essent,</strong></span> <span class='ocrx_word' id='word_1_663' title='bbox 645 5181 740 5251; x_wconf 89' lang='lat' dir='ltr'><strong>qui</strong></span> <span class='ocrx_word' id='word_1_664' title='bbox 780 5183 901 5250; x_wconf 84' lang='lat' dir='ltr'><strong>ejus</strong></span> <span class='ocrx_word' id='word_1_665' title='bbox 942 5185 1020 5239; x_wconf 90' lang='lat' dir='ltr'><strong>rei</strong></span> <span class='ocrx_word' id='word_1_666' title='bbox 1062 5187 1399 5240; x_wconf 88' lang='lat' dir='ltr'><strong>contrarium</strong></span> <span class='ocrx_word' id='word_1_667' title='bbox 1425 5226 1439 5250; x_wconf 94' lang='lat'><strong>,</strong></span> <span class='ocrx_word' id='word_1_668' title='bbox 1478 5195 1593 5241; x_wconf 91' lang='lat' dir='ltr'><strong>tum</strong></span> <span class='ocrx_word' id='word_1_669' title='bbox 1637 5186 1978 5251; x_wconf 90' lang='lat' dir='ltr'><strong>incredibile,</strong></span> 
     </span>
    </p>
   </div>
   <div class='ocr_carea' id='block_1_84' title="bbox 403 5278 1980 5347">
    <p class='ocr_par' dir='ltr' id='par_1_84' title="bbox 403 5278 1980 5347">
     <span class='ocr_line' id='line_1_84' title="bbox 403 5278 1980 5347; baseline 0.005 -22"><span class='ocrx_word' id='word_1_670' title='bbox 403 5281 517 5325; x_wconf 89' lang='lat' dir='ltr'><strong>tum</strong></span> <span class='ocrx_word' id='word_1_671' title='bbox 548 5282 744 5341; x_wconf 65' lang='lat' dir='ltr'><strong>praeter</strong></span> <span class='ocrx_word' id='word_1_672' title='bbox 788 5283 1043 5329; x_wconf 81' lang='lat' dir='ltr'><strong>naturain</strong></span> <span class='ocrx_word' id='word_1_673' title='bbox 1073 5278 1268 5331; x_wconf 89' lang='lat' dir='ltr'><strong>merito</strong></span> <span class='ocrx_word' id='word_1_674' title='bbox 1295 5279 1718 5341; x_wconf 86' lang='lat' dir='ltr'><strong>arbitrarentur,</strong></span> <span class='ocrx_word' id='word_1_675' title='bbox 1754 5279 1980 5347; x_wconf 85' lang='lat' dir='ltr'><strong>ipsaque</strong></span> 
     </span>
    </p>
   </div>
   <div class='ocr_carea' id='block_1_85' title="bbox 402 5365 1979 5438">
    <p class='ocr_par' dir='ltr' id='par_1_85' title="bbox 402 5365 1979 5438">
     <span class='ocr_line' id='line_1_85' title="bbox 402 5365 1979 5438; baseline 0.004 -21"><span class='ocrx_word' id='word_1_676' title='bbox 402 5365 614 5419; x_wconf 76' lang='lat' dir='ltr'><strong>ratione</strong></span> <span class='ocrx_word' id='word_1_677' title='bbox 646 5367 981 5437; x_wconf 79' lang='lat' dir='ltr'><strong>colligerent,</strong></span> <span class='ocrx_word' id='word_1_678' title='bbox 1010 5383 1120 5422; x_wconf 90' lang='lat' dir='ltr'><strong>non</strong></span> <span class='ocrx_word' id='word_1_679' title='bbox 1144 5383 1306 5438; x_wconf 87' lang='lat' dir='ltr'><strong>posse</strong></span> <span class='ocrx_word' id='word_1_680' title='bbox 1339 5369 1515 5438; x_wconf 84' lang='lat' dir='ltr'><strong>putari</strong></span> <span class='ocrx_word' id='word_1_681' title='bbox 1544 5370 1791 5425; x_wconf 87' lang='lat' dir='ltr'><strong>mortalis</strong></span> <span class='ocrx_word' id='word_1_682' title='bbox 1814 5377 1979 5424; x_wconf 79' lang='lat' dir='ltr'><strong>natu-</strong></span> 
     </span>
    </p>
   </div>
   <div class='ocr_carea' id='block_1_86' title="bbox 403 5456 1979 5531">
    <p class='ocr_par' dir='ltr' id='par_1_86' title="bbox 403 5456 1979 5531">
     <span class='ocr_line' id='line_1_86' title="bbox 403 5456 1979 5531; baseline 0.004 -22"><span class='ocrx_word' id='word_1_683' title='bbox 403 5471 476 5510; x_wconf 79' lang='lat' dir='ltr'><strong>ra:</strong></span> <span class='ocrx_word' id='word_1_684' title='bbox 508 5456 598 5510; x_wconf 89' lang='lat' dir='ltr'><strong>illa</strong></span> <span class='ocrx_word' id='word_1_685' title='bbox 633 5472 798 5528; x_wconf 88' lang='lat' dir='ltr'><strong>opera</strong></span> <span class='ocrx_word' id='word_1_686' title='bbox 846 5475 970 5514; x_wconf 89' lang='lat' dir='ltr'><strong>esse</strong></span> <span class='ocrx_word' id='word_1_687' title='bbox 997 5475 1119 5528; x_wconf 66' lang='lat' dir='ltr'><strong>qua:</strong></span> <span class='ocrx_word' id='word_1_688' title='bbox 1171 5460 1388 5525; x_wconf 81' lang='lat' dir='ltr'><strong>ﬁebant,</strong></span> <span class='ocrx_word' id='word_1_689' title='bbox 1444 5460 1539 5517; x_wconf 86' lang='lat' dir='ltr'><strong>sed</strong></span> <span class='ocrx_word' id='word_1_690' title='bbox 1586 5460 1682 5515; x_wconf 91' lang='lat' dir='ltr'><strong>Dei</strong></span> <span class='ocrx_word' id='word_1_691' title='bbox 1724 5460 1979 5531; x_wconf 69' lang='lat' dir='ltr'><strong>alicuius,</strong></span> 
     </span>
    </p>
   </div>
   <div class='ocr_carea' id='block_1_87' title="bbox 401 5536 1981 5623">
    <p class='ocr_par' dir='ltr' id='par_1_87' title="bbox 401 5536 1981 5623">
     <span class='ocr_line' id='line_1_87' title="bbox 401 5536 1981 5623; baseline 0.003 -20"><span class='ocrx_word' id='word_1_692' title='bbox 401 5550 562 5603; x_wconf 85' lang='lat' dir='ltr'><strong>etiam</strong></span> <span class='ocrx_word' id='word_1_693' title='bbox 594 5552 642 5605; x_wconf 87' lang='lat' dir='ltr'><strong>si</strong></span> <span class='ocrx_word' id='word_1_694' title='bbox 671 5566 832 5606; x_wconf 91' lang='lat' dir='ltr'><strong>nemo</strong></span> <span class='ocrx_word' id='word_1_695' title='bbox 853 5551 1094 5605; x_wconf 86' lang='lat' dir='ltr'><strong>diceret?</strong></span> <span class='ocrx_word' id='word_1_696' title='bbox 1122 5549 1234 5606; x_wconf 81' lang='lat' dir='ltr'><strong>Hoc</strong></span> <span class='ocrx_word' id='word_1_697' title='bbox 1258 5536 1581 5622; x_wconf 3' lang='lat' dir='ltr'><strong>igiturderat,</strong></span> <span class='ocrx_word' id='word_1_698' title='bbox 1615 5568 1790 5622; x_wconf 89' lang='lat' dir='ltr'><strong>neque</strong></span> <span class='ocrx_word' id='word_1_699' title='bbox 1820 5553 1981 5623; x_wconf 89' lang='lat' dir='ltr'><strong>quid-</strong></span> 
     </span>
    </p>
   </div>
   <div class='ocr_carea' id='block_1_88' title="bbox 470 5704 1881 5773">
    <p class='ocr_par' dir='ltr' id='par_1_88' title="bbox 470 5704 1881 5773">
     <span class='ocr_line' id='line_1_88' title="bbox 470 5704 1881 5773; baseline 0.002 -13"><span class='ocrx_word' id='word_1_700' title='bbox 470 5710 510 5739; x_wconf 80' lang='lat'>&quot;</span> <span class='ocrx_word' id='word_1_701' title='bbox 543 5705 676 5763; x_wconf 78' lang='lat' dir='ltr'><strong>ibid.</strong></span> <span class='ocrx_word' id='word_1_702' title='bbox 705 5708 795 5761; x_wconf 73' lang='lat'><strong>‘20.</strong></span> <span class='ocrx_word' id='word_1_703' title='bbox 875 5706 917 5738; x_wconf 68' lang='grc'><strong>’⁸³</strong></span> <span class='ocrx_word' id='word_1_704' title='bbox 952 5704 1108 5759; x_wconf 82' lang='lat' dir='ltr'><strong>Joan.</strong></span> <span class='ocrx_word' id='word_1_705' title='bbox 1141 5722 1231 5770; x_wconf 72' lang='lat' dir='ltr'><strong>xx,</strong></span> <span class='ocrx_word' id='word_1_706' title='bbox 1266 5706 1355 5758; x_wconf 65' lang='lat'><strong>9‘2.</strong></span> <span class='ocrx_word' id='word_1_707' title='bbox 1433 5708 1477 5739; x_wconf 69' lang='grc'><strong>⁸⁸</strong></span> <span class='ocrx_word' id='word_1_708' title='bbox 1513 5706 1698 5762; x_wconf 74' lang='lat' dir='ltr'><strong>Matth.</strong></span> <span class='ocrx_word' id='word_1_709' title='bbox 1740 5725 1790 5773; x_wconf 66' lang='grc' dir='ltr'>χ,</span> <span class='ocrx_word' id='word_1_710' title='bbox 1827 5708 1881 5763; x_wconf 89' lang='grc'>8.</span> 
     </span>
    </p>
   </div>
   <div class='ocr_carea' id='block_1_89' title="bbox 2014 5245 2057 5299">
    <p class='ocr_par' dir='ltr' id='par_1_89' title="bbox 2014 5245 2057 5299">
     <span class='ocr_line' id='line_1_89' title="bbox 2014 5245 2057 5299; baseline 0 0"><span class='ocrx_word' id='word_1_711' title='bbox 2014 5245 2057 5299; x_wconf 93' lang='lat' dir='ltr'><strong>D</strong></span> 
     </span>
    </p>
   </div>
   <div class='ocr_carea' id='block_1_90' title="bbox 2098 3891 3698 3967">
    <p class='ocr_par' dir='ltr' id='par_1_90' title="bbox 2098 3891 3698 3967">
     <span class='ocr_line' id='line_1_90' title="bbox 2098 3891 3698 3967; baseline 0.001 -22"><span class='ocrx_word' id='word_1_712' title='bbox 2098 3893 2188 3945; x_wconf 83' lang='grc' dir='ltr'><strong>τὸν</strong></span> <span class='ocrx_word' id='word_1_713' title='bbox 2230 3893 2435 3966; x_wconf 83' lang='grc' dir='ltr'>Ἑρμῆν</span> <span class='ocrx_word' id='word_1_714' title='bbox 2468 3891 2629 3961; x_wconf 76' lang='grc' dir='ltr'>εἶναι,</span> <span class='ocrx_word' id='word_1_715' title='bbox 2671 3896 2793 3949; x_wconf 80' lang='grc' dir='ltr'>τινὰ</span> <span class='ocrx_word' id='word_1_716' title='bbox 2827 3896 2882 3949; x_wconf 82' lang='grc' dir='ltr'><strong>δὲ</strong></span> <span class='ocrx_word' id='word_1_717' title='bbox 2914 3897 3004 3949; x_wconf 81' lang='grc' dir='ltr'>τὸν</span> <span class='ocrx_word' id='word_1_718' title='bbox 3037 3896 3135 3949; x_wconf 88' lang='grc' dir='ltr'>Δία</span> <span class='ocrx_word' id='word_1_719' title='bbox 3167 3896 3559 3967; x_wconf 82' lang='grc' dir='ltr'>νενομικέναι·</span> <span class='ocrx_word' id='word_1_720' title='bbox 3611 3910 3698 3946; x_wconf 86' lang='grc' dir='ltr'>το-</span> 
     </span>
    </p>
   </div>
   <div class='ocr_carea' id='block_1_91' title="bbox 2098 3982 3701 4058">
    <p class='ocr_par' dir='ltr' id='par_1_91' title="bbox 2098 3982 3701 4058">
     <span class='ocr_line' id='line_1_91' title="bbox 2098 3982 3701 4058; baseline 0 -22"><span class='ocrx_word' id='word_1_721' title='bbox 2098 3982 2287 4037; x_wconf 87' lang='grc' dir='ltr'>σοῦτον</span> <span class='ocrx_word' id='word_1_722' title='bbox 2306 3983 2483 4039; x_wconf 81' lang='grc' dir='ltr'>αὐτῶν</span> <span class='ocrx_word' id='word_1_723' title='bbox 2511 3985 2609 4051; x_wconf 85' lang='grc' dir='ltr'><strong>τὰς</strong></span> <span class='ocrx_word' id='word_1_724' title='bbox 2636 3986 2872 4050; x_wconf 88' lang='grc' dir='ltr'>διανοίας</span> <span class='ocrx_word' id='word_1_725' title='bbox 2898 3985 3219 4058; x_wconf 76' lang='grc' dir='ltr'>ἐξέπληττεν</span> <span class='ocrx_word' id='word_1_726' title='bbox 3243 3987 3276 4058; x_wconf 79' lang='grc' dir='ltr'><strong>ή</strong></span> <span class='ocrx_word' id='word_1_727' title='bbox 3296 3986 3419 4039; x_wconf 83' lang='grc' dir='ltr'><strong>τῶν</strong></span> <span class='ocrx_word' id='word_1_728' title='bbox 3452 3984 3701 4056; x_wconf 83' lang='grc' dir='ltr'>παραδό-</span> 
     </span>
    </p>
   </div>
   <div class='ocr_carea' id='block_1_92' title="bbox 2097 4073 3697 4153">
    <p class='ocr_par' dir='ltr' id='par_1_92' title="bbox 2097 4073 3697 4153">
     <span class='ocr_line' id='line_1_92' title="bbox 2097 4073 3697 4153; baseline -0.003 -22"><span class='ocrx_word' id='word_1_729' title='bbox 2097 4077 2201 4142; x_wconf 86' lang='grc' dir='ltr'>ξων</span> <span class='ocrx_word' id='word_1_730' title='bbox 2232 4078 2406 4150; x_wconf 79' lang='grc' dir='ltr'>ἔργων</span> <span class='ocrx_word' id='word_1_731' title='bbox 2432 4080 2707 4146; x_wconf 81' lang='grc' dir='ltr'>ἐπίδειξις.</span> <span class='ocrx_word' id='word_1_732' title='bbox 2742 4082 2848 4135; x_wconf 82' lang='lat' dir='ltr'><strong>Kal.</strong></span> <span class='ocrx_word' id='word_1_733' title='bbox 2875 4080 2938 4153; x_wconf 73' lang='grc' dir='ltr'>δὴ</span> <span class='ocrx_word' id='word_1_734' title='bbox 2959 4079 3100 4133; x_wconf 71' lang='grc' dir='ltr'>οὕτω</span> <span class='ocrx_word' id='word_1_735' title='bbox 3124 4078 3511 4150; x_wconf 81' lang='grc' dir='ltr'>διακειμένοις</span> <span class='ocrx_word' id='word_1_736' title='bbox 3535 4073 3697 4130; x_wconf 78' lang='grc' dir='ltr'>πάνθ’</span> 
     </span>
    </p>
   </div>
   <div class='ocr_carea' id='block_1_93' title="bbox 2091 4170 3701 4246">
    <p class='ocr_par' dir='ltr' id='par_1_93' title="bbox 2091 4170 3701 4246">
     <span class='ocr_line' id='line_1_93' title="bbox 2091 4170 3701 4246; baseline -0.001 -23"><span class='ocrx_word' id='word_1_737' title='bbox 2091 4171 2192 4223; x_wconf 80' lang='grc' dir='ltr'>ὅσα</span> <span class='ocrx_word' id='word_1_738' title='bbox 2228 4173 2356 4243; x_wconf 74' lang='grc' dir='ltr'>περὶ</span> <span class='ocrx_word' id='word_1_739' title='bbox 2389 4173 2481 4226; x_wconf 89' lang='grc' dir='ltr'><strong>τοῦ</strong></span> <span class='ocrx_word' id='word_1_740' title='bbox 2521 4174 2692 4245; x_wconf 80' lang='grc' dir='ltr'>Ἰησοῦ</span> <span class='ocrx_word' id='word_1_741' title='bbox 2728 4172 3113 4246; x_wconf 81' lang='grc' dir='ltr'>κατήγγελλον,</span> <span class='ocrx_word' id='word_1_742' title='bbox 3161 4172 3259 4244; x_wconf 69' lang='grc' dir='ltr'><strong>ἤδη</strong></span> <span class='ocrx_word' id='word_1_743' title='bbox 3311 4170 3521 4225; x_wconf 84' lang='grc' dir='ltr'>λοιπὸν</span> <span class='ocrx_word' id='word_1_744' title='bbox 3564 4170 3701 4241; x_wconf 86' lang='grc' dir='ltr'>ἁλη-</span> 
     </span>
    </p>
   </div>
   <div class='ocr_carea' id='block_1_94' title="bbox 2093 4261 3699 4336">
    <p class='ocr_par' dir='ltr' id='par_1_94' title="bbox 2093 4261 3699 4336">
     <span class='ocr_line' id='line_1_94' title="bbox 2093 4261 3699 4336; baseline -0.001 -22"><span class='ocrx_word' id='word_1_745' title='bbox 2093 4261 2270 4315; x_wconf 90' lang='grc' dir='ltr'>θεύειν</span> <span class='ocrx_word' id='word_1_746' title='bbox 2303 4264 2537 4332; x_wconf 83' lang='grc' dir='ltr'>εὐλόγως</span> <span class='ocrx_word' id='word_1_747' title='bbox 2565 4264 2908 4336; x_wconf 77' lang='grc' dir='ltr'>ἐνομίζοντο·</span> <span class='ocrx_word' id='word_1_748' title='bbox 2943 4265 3038 4317; x_wconf 77' lang='grc' dir='ltr'>καὶ</span> <span class='ocrx_word' id='word_1_749' title='bbox 3070 4267 3134 4335; x_wconf 83' lang='grc' dir='ltr'>τῇ</span> <span class='ocrx_word' id='word_1_750' title='bbox 3164 4262 3307 4317; x_wconf 87' lang='grc' dir='ltr'>κατὰ</span> <span class='ocrx_word' id='word_1_751' title='bbox 3335 4264 3440 4317; x_wconf 82' lang='grc' dir='ltr'><strong>τὸν</strong></span> <span class='ocrx_word' id='word_1_752' title='bbox 3462 4262 3699 4317; x_wconf 87' lang='grc' dir='ltr'>θάνατον</span> 
     </span>
    </p>
   </div>
   <div class='ocr_carea' id='block_1_95' title="bbox 2092 4352 3703 4426">
    <p class='ocr_par' dir='ltr' id='par_1_95' title="bbox 2092 4352 3703 4426">
     <span class='ocr_line' id='line_1_95' title="bbox 2092 4352 3703 4426; baseline 0.002 -23"><span class='ocrx_word' id='word_1_753' title='bbox 2092 4352 2386 4408; x_wconf 79' lang='grc' dir='ltr'>ἁναδιώσει</span> <span class='ocrx_word' id='word_1_754' title='bbox 2413 4354 2577 4409; x_wconf 82' lang='grc' dir='ltr'>αὐτοῦ</span> <span class='ocrx_word' id='word_1_755' title='bbox 2611 4357 2708 4426; x_wconf 86' lang='grc' dir='ltr'><strong>ούχ</strong></span> <span class='ocrx_word' id='word_1_756' title='bbox 2729 4356 2917 4419; x_wconf 82' lang='grc' dir='ltr'>ἁπλοῖς</span> <span class='ocrx_word' id='word_1_757' title='bbox 2936 4355 3043 4408; x_wconf 81' lang='grc' dir='ltr'>οὐδ’</span> <span class='ocrx_word' id='word_1_758' title='bbox 3069 4353 3497 4419; x_wconf 86' lang='grc' dir='ltr'>ἀναποδείκτοις</span> <span class='ocrx_word' id='word_1_759' title='bbox 3522 4355 3703 4426; x_wconf 78' lang='grc' dir='ltr'>ἐμαρ-</span> 
     </span>
    </p>
   </div>
   <div class='ocr_carea' id='block_1_96' title="bbox 2089 4445 3701 4520">
    <p class='ocr_par' dir='ltr' id='par_1_96' title="bbox 2089 4445 3701 4520">
     <span class='ocr_line' id='line_1_96' title="bbox 2089 4445 3701 4520; baseline -0.002 -19"><span class='ocrx_word' id='word_1_760' title='bbox 2089 4449 2285 4520; x_wconf 87' lang='grc' dir='ltr'>τύρουν</span> <span class='ocrx_word' id='word_1_761' title='bbox 2314 4448 2511 4517; x_wconf 88' lang='grc' dir='ltr'>λόγοις,</span> <span class='ocrx_word' id='word_1_762' title='bbox 2547 4449 2612 4502; x_wconf 88' lang='grc' dir='ltr'>δι’</span> <span class='ocrx_word' id='word_1_763' title='bbox 2630 4449 2800 4517; x_wconf 77' lang='grc' dir='ltr'>αὐτῆς</span> <span class='ocrx_word' id='word_1_764' title='bbox 2824 4448 2867 4500; x_wconf 77' lang='grc' dir='ltr'>δ’</span> <span class='ocrx_word' id='word_1_765' title='bbox 2899 4447 3177 4519; x_wconf 75' lang='grc' dir='ltr'>ἐνεργείας</span> <span class='ocrx_word' id='word_1_766' title='bbox 3203 4446 3457 4510; x_wconf 77' lang='grc' dir='ltr'>ἔπειθον,</span> <span class='ocrx_word' id='word_1_767' title='bbox 3492 4445 3701 4511; x_wconf 77' lang='grc' dir='ltr'>ζῶντος</span> 
     </span>
    </p>
   </div>
   <div class='ocr_carea' id='block_1_97' title="bbox 2091 4534 3701 4612">
    <p class='ocr_par' dir='ltr' id='par_1_97' title="bbox 2091 4534 3701 4612">
     <span class='ocr_line' id='line_1_97' title="bbox 2091 4534 3701 4612; baseline -0.002 -20"><span class='ocrx_word' id='word_1_768' title='bbox 2091 4540 2226 4612; x_wconf 77' lang='grc' dir='ltr'>ἔργα</span> <span class='ocrx_word' id='word_1_769' title='bbox 2261 4540 2652 4612; x_wconf 84' lang='grc' dir='ltr'>παριστῶντες.</span> <span class='ocrx_word' id='word_1_770' title='bbox 2690 4541 2751 4593; x_wconf 83' lang='grc' dir='ltr'>Εἰ</span> <span class='ocrx_word' id='word_1_771' title='bbox 2794 4540 2851 4592; x_wconf 78' lang='grc' dir='ltr'>δὲ</span> <span class='ocrx_word' id='word_1_772' title='bbox 2887 4541 2983 4592; x_wconf 75' lang='grc' dir='ltr'>καὶ</span> <span class='ocrx_word' id='word_1_773' title='bbox 3021 4540 3152 4592; x_wconf 75' lang='grc' dir='ltr'>Θεὸν</span> <span class='ocrx_word' id='word_1_774' title='bbox 3193 4538 3361 4591; x_wconf 75' lang='grc' dir='ltr'>αὑτὸν</span> <span class='ocrx_word' id='word_1_775' title='bbox 3406 4540 3513 4592; x_wconf 75' lang='grc' dir='ltr'>καὶ</span> <span class='ocrx_word' id='word_1_776' title='bbox 3560 4534 3701 4590; x_wconf 83' lang='grc' dir='ltr'>Θεοῦ</span> 
     </span>
    </p>
   </div>
   <div class='ocr_carea' id='block_1_98' title="bbox 2089 4630 3702 4705">
    <p class='ocr_par' dir='ltr' id='par_1_98' title="bbox 2089 4630 3702 4705">
     <span class='ocr_line' id='line_1_98' title="bbox 2089 4630 3702 4705; baseline -0.002 -20"><span class='ocrx_word' id='word_1_777' title='bbox 2089 4633 2258 4685; x_wconf 85' lang='grc' dir='ltr'>Παῐόα</span> <span class='ocrx_word' id='word_1_778' title='bbox 2293 4633 2398 4704; x_wconf 83' lang='grc' dir='ltr'><strong>πρὸ</strong></span> <span class='ocrx_word' id='word_1_779' title='bbox 2424 4634 2520 4704; x_wconf 83' lang='grc' dir='ltr'>τῆς</span> <span class='ocrx_word' id='word_1_780' title='bbox 2550 4635 2630 4697; x_wconf 85' lang='grc' dir='ltr'>εἰς</span> <span class='ocrx_word' id='word_1_781' title='bbox 2663 4632 2978 4705; x_wconf 67' lang='grc' dir='ltr'>ἀνθρώπους</span> <span class='ocrx_word' id='word_1_782' title='bbox 3009 4631 3236 4702; x_wconf 78' lang='grc' dir='ltr'>ἐφίξεως</span> <span class='ocrx_word' id='word_1_783' title='bbox 3266 4630 3558 4702; x_wconf 72' lang='grc' dir='ltr'>παρὰτῷ</span> <span class='ocrx_word' id='word_1_784' title='bbox 3589 4630 3702 4682; x_wconf 83' lang='grc' dir='ltr'><strong>Πα-</strong></span> 
     </span>
    </p>
   </div>
   <div class='ocr_carea' id='block_1_99' title="bbox 2086 4722 3703 4796">
    <p class='ocr_par' dir='ltr' id='par_1_99' title="bbox 2086 4722 3703 4796">
     <span class='ocr_line' id='line_1_99' title="bbox 2086 4722 3703 4796; baseline -0.001 -20"><span class='ocrx_word' id='word_1_785' title='bbox 2086 4725 2176 4796; x_wconf 74' lang='grc' dir='ltr'><strong>τρὶ</strong></span> <span class='ocrx_word' id='word_1_786' title='bbox 2221 4725 2552 4794; x_wconf 84' lang='grc' dir='ltr'>τυγχάνοντα</span> <span class='ocrx_word' id='word_1_787' title='bbox 2581 4723 2965 4795; x_wconf 82' lang='grc' dir='ltr'>κατήγγελλον,</span> <span class='ocrx_word' id='word_1_788' title='bbox 3001 4725 3094 4776; x_wconf 72' lang='grc' dir='ltr'>καὶ</span> <span class='ocrx_word' id='word_1_789' title='bbox 3132 4722 3303 4793; x_wconf 84' lang='grc' dir='ltr'>τούτῳ</span> <span class='ocrx_word' id='word_1_790' title='bbox 3332 4725 3469 4790; x_wconf 80' lang='grc' dir='ltr'><strong>πῶς</strong></span> <span class='ocrx_word' id='word_1_791' title='bbox 3498 4726 3605 4779; x_wconf 81' lang='grc' dir='ltr'><strong>οὐκ</strong></span> <span class='ocrx_word' id='word_1_792' title='bbox 3638 4724 3703 4778; x_wconf 77' lang='grc' dir='ltr'><strong>ἂν</strong></span> 
     </span>
    </p>
   </div>
   <div class='ocr_carea' id='block_1_100' title="bbox 2089 4814 3701 4888">
    <p class='ocr_par' dir='ltr' id='par_1_100' title="bbox 2089 4814 3701 4888">
     <span class='ocr_line' id='line_1_100' title="bbox 2089 4814 3701 4888; baseline -0.001 -20"><span class='ocrx_word' id='word_1_793' title='bbox 2089 4817 2416 4887; x_wconf 82' lang='grc' dir='ltr'>προσέθεντο</span> <span class='ocrx_word' id='word_1_794' title='bbox 2466 4816 2684 4888; x_wconf 80' lang='grc' dir='ltr'>μᾶλλον,</span> <span class='ocrx_word' id='word_1_795' title='bbox 2735 4816 2797 4868; x_wconf 88' lang='grc' dir='ltr'><strong>τὸ</strong></span> <span class='ocrx_word' id='word_1_796' title='bbox 2841 4816 3080 4869; x_wconf 85' lang='grc' dir='ltr'>ἐναντίον</span> <span class='ocrx_word' id='word_1_797' title='bbox 3128 4815 3363 4869; x_wconf 81' lang='grc' dir='ltr'>ἄπιστον</span> <span class='ocrx_word' id='word_1_798' title='bbox 3418 4814 3575 4871; x_wconf 74' lang='grc' dir='ltr'>εἶναι</span> <span class='ocrx_word' id='word_1_799' title='bbox 3604 4815 3701 4870; x_wconf 76' lang='grc' dir='ltr'>καὶ</span> 
     </span>
    </p>
   </div>
   <div class='ocr_carea' id='block_1_101' title="bbox 2088 4908 3706 4981">
    <p class='ocr_par' dir='ltr' id='par_1_101' title="bbox 2088 4908 3706 4981">
     <span class='ocr_line' id='line_1_101' title="bbox 2088 4908 3706 4981; baseline 0.001 -19"><span class='ocrx_word' id='word_1_800' title='bbox 2088 4909 2345 4962; x_wconf 84' lang='grc' dir='ltr'>ἀδύνατον</span> <span class='ocrx_word' id='word_1_801' title='bbox 2396 4909 2686 4980; x_wconf 81' lang='grc' dir='ltr'>ἡγούμενοι</span> <span class='ocrx_word' id='word_1_802' title='bbox 2726 4909 2967 4972; x_wconf 86' lang='grc' dir='ltr'>εἰκότως,</span> <span class='ocrx_word' id='word_1_803' title='bbox 3013 4908 3365 4978; x_wconf 84' lang='grc' dir='ltr'>λογισάμενοι</span> <span class='ocrx_word' id='word_1_804' title='bbox 3427 4909 3512 4981; x_wconf 80' lang='grc' dir='ltr'>μὴ</span> <span class='ocrx_word' id='word_1_805' title='bbox 3538 4909 3706 4963; x_wconf 83' lang='grc' dir='ltr'>δύνα-</span> 
     </span>
    </p>
   </div>
   <div class='ocr_carea' id='block_1_102' title="bbox 2090 4996 3704 5073">
    <p class='ocr_par' dir='ltr' id='par_1_102' title="bbox 2090 4996 3704 5073">
     <span class='ocr_line' id='line_1_102' title="bbox 2090 4996 3704 5073; baseline 0.001 -20"><span class='ocrx_word' id='word_1_806' title='bbox 2090 5001 2213 5055; x_wconf 88' lang='grc' dir='ltr'>σθαι</span> <span class='ocrx_word' id='word_1_807' title='bbox 2246 5001 2442 5071; x_wconf 77' lang='grc' dir='ltr'>θνητῆς</span> <span class='ocrx_word' id='word_1_808' title='bbox 2468 5001 2603 5071; x_wconf 79' lang='grc' dir='ltr'>ἔργα</span> <span class='ocrx_word' id='word_1_809' title='bbox 2632 4999 2846 5067; x_wconf 76' lang='grc' dir='ltr'>φύσεως</span> <span class='ocrx_word' id='word_1_810' title='bbox 2871 4996 3009 5053; x_wconf 77' lang='grc' dir='ltr'>εἶναι</span> <span class='ocrx_word' id='word_1_811' title='bbox 3031 5000 3270 5070; x_wconf 77' lang='grc' dir='ltr'>νομίζειν</span> <span class='ocrx_word' id='word_1_812' title='bbox 3301 5000 3380 5053; x_wconf 75' lang='grc' dir='ltr'>τὰ</span> <span class='ocrx_word' id='word_1_813' title='bbox 3403 5001 3704 5073; x_wconf 80' lang='grc' dir='ltr'>δρώμενα,</span> 
     </span>
    </p>
   </div>
   <div class='ocr_carea' id='block_1_103' title="bbox 2087 5085 3706 5162">
    <p class='ocr_par' dir='ltr' id='par_1_103' title="bbox 2087 5085 3706 5162">
     <span class='ocr_line' id='line_1_103' title="bbox 2087 5085 3706 5162; baseline -0.001 -18"><span class='ocrx_word' id='word_1_814' title='bbox 2087 5092 2222 5145; x_wconf 81' lang='grc' dir='ltr'>ἀλλὰ</span> <span class='ocrx_word' id='word_1_815' title='bbox 2254 5091 2413 5154; x_wconf 84' lang='grc' dir='ltr'>Θεοῦ,</span> <span class='ocrx_word' id='word_1_816' title='bbox 2440 5093 2542 5144; x_wconf 75' lang='grc' dir='ltr'>κᾶν</span> <span class='ocrx_word' id='word_1_817' title='bbox 2579 5091 2653 5162; x_wconf 83' lang='grc' dir='ltr'>μὴ</span> <span class='ocrx_word' id='word_1_818' title='bbox 2687 5090 2819 5162; x_wconf 81' lang='grc' dir='ltr'>λέγῃ</span> <span class='ocrx_word' id='word_1_819' title='bbox 2849 5106 2966 5154; x_wconf 88' lang='grc' dir='ltr'>τις;</span> <span class='ocrx_word' id='word_1_820' title='bbox 3015 5088 3170 5142; x_wconf 87' lang='grc' dir='ltr'>Τοῦτ’</span> <span class='ocrx_word' id='word_1_821' title='bbox 3202 5085 3269 5160; x_wconf 79' lang='grc' dir='ltr'>ἦν</span> <span class='ocrx_word' id='word_1_822' title='bbox 3297 5090 3428 5161; x_wconf 81' lang='grc' dir='ltr'>ἄρα.</span> <span class='ocrx_word' id='word_1_823' title='bbox 3473 5093 3579 5145; x_wconf 68' lang='grc' dir='ltr'><strong>καὶ</strong></span> <span class='ocrx_word' id='word_1_824' title='bbox 3612 5092 3706 5144; x_wconf 84' lang='grc' dir='ltr'>οὐ·-</span> 
     </span>
    </p>
   </div>
   <div class='ocr_carea' id='block_1_104' title="bbox 2085 5182 3704 5256">
    <p class='ocr_par' dir='ltr' id='par_1_104' title="bbox 2085 5182 3704 5256">
     <span class='ocr_line' id='line_1_104' title="bbox 2085 5182 3704 5256; baseline -0.001 -19"><span class='ocrx_word' id='word_1_825' title='bbox 2085 5184 2172 5237; x_wconf 77' lang='grc' dir='ltr'><strong>δὲν</strong></span> <span class='ocrx_word' id='word_1_826' title='bbox 2197 5184 2322 5239; x_wconf 75' lang='grc' dir='ltr'>ἄλλο</span> <span class='ocrx_word' id='word_1_827' title='bbox 2347 5184 2405 5236; x_wconf 71' lang='grc' dir='ltr'>τὸ</span> <span class='ocrx_word' id='word_1_828' title='bbox 2439 5182 2669 5255; x_wconf 75' lang='grc' dir='ltr'>ζητηθὲν</span> <span class='ocrx_word' id='word_1_829' title='bbox 2690 5183 2822 5236; x_wconf 80' lang='grc' dir='ltr'>αὐτὸ</span> <span class='ocrx_word' id='word_1_830' title='bbox 2842 5183 3039 5246; x_wconf 82' lang='grc' dir='ltr'>ἐκεῖνο,</span> <span class='ocrx_word' id='word_1_831' title='bbox 3067 5182 3225 5254; x_wconf 77' lang='grc' dir='ltr'>ὁποίᾳ</span> <span class='ocrx_word' id='word_1_832' title='bbox 3257 5182 3514 5254; x_wconf 83' lang='grc' dir='ltr'>δυνάμει</span> <span class='ocrx_word' id='word_1_833' title='bbox 3539 5202 3704 5256; x_wconf 84' lang='grc' dir='ltr'>περι-</span> 
     </span>
    </p>
   </div>
   <div class='ocr_carea' id='block_1_105' title="bbox 2084 5274 3708 5347">
    <p class='ocr_par' dir='ltr' id='par_1_105' title="bbox 2084 5274 3708 5347">
     <span class='ocr_line' id='line_1_105' title="bbox 2084 5274 3708 5347; baseline 0.001 -20"><span class='ocrx_word' id='word_1_834' title='bbox 2084 5276 2339 5346; x_wconf 83' lang='grc' dir='ltr'>γεγόνασι</span> <span class='ocrx_word' id='word_1_835' title='bbox 2378 5276 2484 5327; x_wconf 78' lang='grc' dir='ltr'>τὼν</span> <span class='ocrx_word' id='word_1_836' title='bbox 2526 5275 2583 5326; x_wconf 78' lang='grc' dir='ltr'><strong>ἐν</strong></span> <span class='ocrx_word' id='word_1_837' title='bbox 2615 5275 2810 5346; x_wconf 81' lang='grc' dir='ltr'>ἀρχαῖς</span> <span class='ocrx_word' id='word_1_838' title='bbox 2843 5275 3207 5345; x_wconf 86' lang='grc' dir='ltr'>ἀκροωμένων</span> <span class='ocrx_word' id='word_1_839' title='bbox 3249 5274 3296 5326; x_wconf 84' lang='grc' dir='ltr'>οἱ</span> <span class='ocrx_word' id='word_1_840' title='bbox 3356 5275 3466 5328; x_wconf 84' lang='grc' dir='ltr'><strong>τοῦ</strong></span> <span class='ocrx_word' id='word_1_841' title='bbox 3520 5276 3708 5347; x_wconf 79' lang='grc' dir='ltr'>Ἰησοῦ</span> 
     </span>
    </p>
   </div>
   <div class='ocr_carea' id='block_1_106' title="bbox 2087 5366 3706 5441">
    <p class='ocr_par' dir='ltr' id='par_1_106' title="bbox 2087 5366 3706 5441">
     <span class='ocr_line' id='line_1_106' title="bbox 2087 5366 3706 5441; baseline -0.002 -19"><span class='ocrx_word' id='word_1_842' title='bbox 2087 5369 2343 5441; x_wconf 77' lang='grc' dir='ltr'>μαθηταὶ,</span> <span class='ocrx_word' id='word_1_843' title='bbox 2392 5369 2487 5422; x_wconf 78' lang='grc' dir='ltr'><strong>καὶ</strong></span> <span class='ocrx_word' id='word_1_844' title='bbox 2529 5370 2676 5433; x_wconf 84' lang='grc' dir='ltr'>ὅπως</span> <span class='ocrx_word' id='word_1_845' title='bbox 2709 5368 2975 5438; x_wconf 81' lang='grc' dir='ltr'>’Έλληνας</span> <span class='ocrx_word' id='word_1_846' title='bbox 3016 5366 3151 5436; x_wconf 86' lang='grc' dir='ltr'>ὁμοῦ</span> <span class='ocrx_word' id='word_1_847' title='bbox 3201 5366 3292 5419; x_wconf 76' lang='grc' dir='ltr'><strong>καὶ</strong></span> <span class='ocrx_word' id='word_1_848' title='bbox 3359 5367 3706 5439; x_wconf 70' lang='grc' dir='ltr'>βαρϐάρους</span> 
     </span>
    </p>
   </div>
   <div class='ocr_carea' id='block_1_107' title="bbox 2081 5453 3711 5529">
    <p class='ocr_par' dir='ltr' id='par_1_107' title="bbox 2081 5453 3711 5529">
     <span class='ocr_line' id='line_1_107' title="bbox 2081 5453 3711 5529; baseline -0.003 -18"><span class='ocrx_word' id='word_1_849' title='bbox 2081 5459 2156 5523; x_wconf 86' lang='grc' dir='ltr'>ὡς</span> <span class='ocrx_word' id='word_1_850' title='bbox 2177 5453 2301 5524; x_wconf 71' lang='grc' dir='ltr'>περὶ</span> <span class='ocrx_word' id='word_1_851' title='bbox 2322 5454 2495 5524; x_wconf 78' lang='grc' dir='ltr'>Λόγου</span> <span class='ocrx_word' id='word_1_852' title='bbox 2516 5458 2648 5512; x_wconf 85' lang='grc' dir='ltr'>Θεοῦ</span> <span class='ocrx_word' id='word_1_853' title='bbox 2669 5476 2796 5529; x_wconf 88' lang='grc' dir='ltr'>περι</span> <span class='ocrx_word' id='word_1_854' title='bbox 2822 5457 2985 5510; x_wconf 82' lang='grc' dir='ltr'>αὑτοῦ</span> <span class='ocrx_word' id='word_1_855' title='bbox 3015 5459 3226 5528; x_wconf 79' lang='grc' dir='ltr'>φρονεῖν</span> <span class='ocrx_word' id='word_1_856' title='bbox 3252 5455 3532 5524; x_wconf 77' lang='grc' dir='ltr'>ἔπεισαν,</span> <span class='ocrx_word' id='word_1_857' title='bbox 3552 5459 3711 5519; x_wconf 80' lang='grc' dir='ltr'>ὅπως</span> 
     </span>
    </p>
   </div>
   <div class='ocr_carea' id='block_1_108' title="bbox 2082 5545 3714 5620">
    <p class='ocr_par' dir='ltr' id='par_1_108' title="bbox 2082 5545 3714 5620">
     <span class='ocr_line' id='line_1_108' title="bbox 2082 5545 3714 5620; baseline -0.002 -17"><span class='ocrx_word' id='word_1_858' title='bbox 2082 5568 2141 5605; x_wconf 89' lang='grc' dir='ltr'><strong>τε</strong></span> <span class='ocrx_word' id='word_1_859' title='bbox 2183 5551 2239 5602; x_wconf 83' lang='grc' dir='ltr'><strong>ἐν</strong></span> <span class='ocrx_word' id='word_1_860' title='bbox 2265 5551 2465 5620; x_wconf 77' lang='grc' dir='ltr'>’μέσαις</span> <span class='ocrx_word' id='word_1_861' title='bbox 2500 5553 2615 5613; x_wconf 82' lang='grc' dir='ltr'>ταῖς</span> <span class='ocrx_word' id='word_1_862' title='bbox 2650 5549 2833 5602; x_wconf 85' lang='grc' dir='ltr'>πόλεσι</span> <span class='ocrx_word' id='word_1_863' title='bbox 2886 5549 2978 5602; x_wconf 76' lang='grc' dir='ltr'>καὶ</span> <span class='ocrx_word' id='word_1_864' title='bbox 3012 5547 3113 5601; x_wconf 78' lang='grc' dir='ltr'><strong>ἀνὰ</strong></span> <span class='ocrx_word' id='word_1_865' title='bbox 3152 5546 3249 5611; x_wconf 75' lang='grc' dir='ltr'>τὰς</span> <span class='ocrx_word' id='word_1_866' title='bbox 3279 5545 3497 5619; x_wconf 77' lang='grc' dir='ltr'>χώρας</span> <span class='ocrx_word' id='word_1_867' title='bbox 3544 5548 3714 5601; x_wconf 75' lang='grc' dir='ltr'>εὐσε-</span> 
     </span>
    </p>
   </div>
  </div>
