3880 6256
166 327 247 383 us
1066 322 1717 379 DEMONSTRATIONIS
1754 320 2215 377 EVANGELICAE
2252 320 2358 376 LIB
2400 319 2461 374 Ill

3306 278 3451 371 ειεξ

174 441 291 505 Gaia;
321 441 442 506 ἐνὸς
478 442 580 497 τοῦ
615 444 709 497 ἐπὶ
736 444 947 498 πάντων
974 441 1108 495 Θεοῦ
1166 440 1558 510 συνεστήσαντο
1585 439 1729 492 διδα-

1834 454 1994 510 quam
2038 437 2206 500 aliud,
2244 436 2421 506 ipsum
2464 434 2648 504 utique
2678 432 2809 486 illud
2853 429 2998 503 quod
3041 434 3411 500 quaerebatur,

178 535 389 589 σκαλεῐα.

1833 545 2068 601 quanam
2114 530 2164 584 vi
2209 526 2464 596 discipuli
2506 526 2659 591 Jesu,
2692 540 2881 581 eorum
2912 523 3005 595 qui
3034 523 3103 578 ab
3128 524 3282 578 initio
3313 540 3414 579 au-

180 630 364 685 diebant
396 629 645 685 victores
685 628 907 694 fuerint,
941 637 995 684 et
1025 626 1299 699 quomodo
1347 633 1457 679 tam
1495 623 1715 680 Graecos
1753 638 1917 695 quam
1947 623 2230 688 barbaros,
2264 628 2324 676 ut
2375 620 2442 675 de
2472 620 2564 674 illo
2592 628 2852 690 tanquam
2901 617 2969 671 de
2991 615 3099 671 Deo
3147 615 3415 671 sentirent

177 724 509 791 adduxerim,
556 735 610 783 et
643 728 917 798 quomodo
948 727 1002 781 in
1048 724 1243 780 mediis
1282 719 1510 778 urbibus
1542 733 1604 772 ac
1632 732 1729 787 per
1765 731 1956 772 omnes
1986 717 2259 785 regiones,
2284 715 2562 788 religionis
2586 732 2694 787 qua
2750 730 2894 771 unus
2935 729 3223 786 supremus
3267 710 3414 765 Deus

177 817 362 883 colitur,
399 817 623 873 scholas
672 825 835 888 atque
867 817 1137 873 auditoria
1180 812 1587 869 constituerint.

228 910 410 963 Καίτοι
441 908 528 974 τίς
556 909 658 963 οὐκ
685 908 751 963 ἂν
775 908 1089 981 θαυμάσειε,
1126 906 1262 978 πρὸς
1291 904 1469 977 ἐαυτῷ
1490 903 1729 970 ἐπιλογι-

177 1003 384 1074 σάμενος
436 1001 537 1056 καὶ
570 1001 912 1073 ἐνθυμηθεὶς,
954 1001 1031 1066 ώς
1076 1002 1176 1055 οὐκ
1203 999 1542 1071 ἀνθρώπινον
1571 991 1640 1067 ἦν
1668 994 1730 1047 τὸ

177 1095 279 1167 μηδ’
306 1094 496 1148 ἄλλοτε
544 1093 651 1148 ὑπὸ
703 1092 832 1164 μίαν
877 1092 974 1163 τὴν
1038 1090 1322 1162 Ῥωμαίων
1369 1086 1620 1157 γενέσθαι
1661 1083 1731 1138 τὰ

179 1186 376 1239 πλείστα
400 1185 503 1255 τῆς
530 1184 854 1257 οἰκουμένης
878 1184 1026 1255 ἔθνη,
1071 1184 1187 1238 ἀλλ’
1216 1182 1324 1238 ἀπὸ
1357 1180 1465 1234 τῶν
1496 1179 1591 1233 τοῦ
1629 1180 1733 1249 ’1η-

178 1278 254 1332 σοῦ
286 1277 528 1349 χρόνων;
563 1276 713 1347 Ἅμα
745 1274 855 1347 γάρ
881 1278 949 1346 τῇ
980 1277 1059 1338 εἰς
1082 1272 1400 1346 ἀνθρώπους
1424 1269 1590 1325 αὐτοῦ
1630 1286 1735 1323 πα-

179 1366 354 1441 ραδόξῳ
382 1367 650 1439 ἐπιδημίᾳ
683 1369 777 1421 καὶ
799 1366 870 1421 τά
903 1366 1189 1438 Ῥωμαίων
1223 1364 1469 1436 ἀκμάσαι
1503 1361 1729 1432 συνηνέ-

176 1459 280 1530 χθη,
313 1459 433 1512 τότε
488 1458 707 1533 πρῶτον
744 1458 1054 1527 Αὐγούστου
1095 1457 1206 1511 τῶν
1252 1456 1516 1510 πλείστων
1557 1453 1726 1507 ἐθνῶν

177 1552 617 1623 μοναρχήσαντος,
676 1551 799 1605 καθ’
839 1550 919 1617 δν,
971 1551 1328 1623 Κλεοπάτρας
1385 1548 1639 1621 ἀλούσης,
1692 1548 1725 1618 ἡ

173 1641 273 1695 κατ’
303 1642 575 1711 Αἴγυπτον
616 1641 725 1696 τῶν
758 1643 1107 1714 Πτολεμαίων
1145 1641 1364 1713 διαδοχὴ
1396 1641 1584 1695 λέλυτο
1603 1657 1617 1671 ι
1666 1638 1727 1703 ἐξ

173 1735 357 1789 ἐκείνου
400 1752 461 1788 τε
507 1736 602 1789 καὶ
629 1736 709 1800 είς
739 1734 900 1808 δεῦρο
929 1736 990 1789 τὸ
1013 1736 1106 1789 ἀπ’
1133 1735 1349 1799 αίῶνος,
1382 1735 1472 1789 καὶ
1504 1736 1597 1789 ἀπ’
1626 1735 1725 1788 αύ-

176 1823 277 1893 τῆςν
300 1821 372 1885 ὡς
394 1825 590 1885 εἰπεῖν,
611 1823 712 1895 τῆς
735 1822 957 1896 πρώτης
982 1825 1322 1897 ἀνθρωπείας
1344 1825 1543 1878 συστὰν
1563 1823 1728 1894 Αίγύ-
1760 1808 1801 1862 Β

175 1933 289 1968 mou
318 1915 583 1986 βασίλειον
622 1916 902 1988 καθῄρητο
924 1934 938 1948 ο
977 1916 1038 1981 ἐξ
1064 1917 1269 1970 ἐκείνου
1299 1933 1358 1969 τε
1392 1917 1485 1971 καὶ
1510 1916 1572 1969 τὸ
1606 1918 1730 1969 Ἰου-

173 2007 315 2061 δαίων
360 2007 513 2072 ἔθνος
553 2008 838 2079 Ῥωμαίων
867 2009 1051 2063 δοῦλον
1081 2010 1289 2077 γέγονε,
1325 2010 1417 2062 καὶ
1450 2008 1512 2061 τὸ
1544 2008 1730 2079 Σύρων

173 2100 427 2163 ὡσαύτως,
450 2101 836 2155 Καππαδόκων
854 2118 913 2154 τε
945 2103 1039 2155 καὶ
1069 2102 1413 2164 Μακεδόνων,
1444 2103 1537 2154 καὶ
1569 2101 1729 2154 Βιθυ-

176 2192 287 2255 νῶν,
311 2194 402 2245 καὶ
448 2193 737 2264 Ἑλλήνων,
770 2195 864 2246 καὶ
887 2194 1158 2246 συνελόντι
1191 2194 1354 2262 φάναι
1387 2193 1495 2245 τῶν
1527 2192 1729 2247 λοιπῶν

172 2286 266 2338 τῶν
290 2285 386 2339 ὑπὸ
413 2286 513 2358 τὴν
549 2286 835 2357 Ῥωμαίων
865 2287 1037 2358 ἀρχὴν
1069 2287 1340 2340 ἁπάντων.
1379 2286 1550 2338 Τοῦτο
1572 2286 1628 2338 δέ
1648 2287 1729 2338 ὅτι

172 2379 239 2449 μὴ
269 2378 409 2432 ἀθεεὶ
434 2383 501 2450 τῇ
533 2381 661 2451 περὶ
693 2378 788 2432 τοῦ
818 2380 1070 2452 Σωτῆρος
1094 2379 1249 2449 ἡμῶν
1273 2378 1588 2449 διδασκαλίᾳ
1616 2395 1742 2430 συν-

170 2467 418 2537 similem,
453 2469 538 2533 τίς
573 2469 673 2522 οὐκ
705 2467 771 2521 ἂν
796 2468 1171 2539 ὁμολογήσειε,
1208 2467 1529 2537 διανοηθεὶς,
1559 2468 1634 2531 ώς
1667 2485 1726 2520 ου

170 2563 332 2633 ῥᾴδιον
359 2558 426 2634 ἦν
447 2566 561 2626 τοῖς
593 2560 859 2633 μαθηταῖς
887 2560 1051 2614 αὐτοῦ
1085 2560 1309 2631 πορείαν
1342 2560 1436 2613 ἐπὶ
1460 2560 1559 2630 τῆς
1584 2558 1730 2612 ἀλλο-

168 2654 327 2724 δαπῆς
388 2654 734 2717 στείλασθαι,
800 2651 1100 2706 διεστώτων
1166 2653 1301 2723 πρὸς
1363 2651 1567 2722 ἄλληλα
1621 2652 1729 2705 τῶν

169 2748 339 2812 ἐθνῶν,
381 2748 475 2801 καὶ
510 2747 776 2818 μηδεμιᾶς
824 2745 989 2816 οὔσης
1027 2747 1084 2798 ἐν
1118 2746 1298 2807 αὐτοῖς
1332 2742 1609 2814 ἐπιμιξίας
1641 2742 1729 2795 διὰ

168 2837 256 2901 τάς
299 2837 495 2903 πολλὰς
538 2837 861 2909 ἐθναρχίας·
897 2832 972 2891 ὧν
1018 2838 1461 2910 περιῃρημένων,
1513 2834 1729 2903 ἀφόϐως

170 2931 258 3001 ἤδη
283 2932 371 2986 καὶ
386 2934 476 2987 ἐπ’
507 2932 691 2995 ἀδείας
720 2933 784 2986 τὸ
808 2932 1164 3003 προκείμενον
1182 2932 1361 3002 ἤνυον,
1386 2931 1485 3002 τὴν
1506 2931 1728 3001 πορείαν

172 3024 336 3087 αὐτοῖς
366 3023 926 3096 προεξευμαρίσαντος
955 3023 1048 3076 τοῦ
1078 3025 1169 3077 ἐπὶ
1202 3024 1418 3077 πάντων
1448 3022 1606 3088 Θεοῦ,
1634 3024 1728 3078 καὶ

168 3116 284 3178 τοὺς
333 3116 534 3187 θυμοὺς
592 3117 701 3170 τῶν
748 3116 893 3171 κατά
926 3117 1107 3180 πόλεις
1142 3116 1548 3188 δεισιδαιμόνων
1578 3118 1729 3190 φόϐῳ

168 3206 257 3275 τῆς
312 3209 551 3279 μείζονος
607 3211 780 3281 ἀρχῆς
809 3206 1295 3275 καταστείλαντος;
1330 3209 1554 3278 Λὸγισαι
1597 3209 1727 3282 γὰρ,

168 3298 253 3361 ὡς,
284 3302 330 3353 εἰ
380 3301 545 3374 μηδὲν
586 3302 647 3355 τὸ
676 3303 883 3359 κωλῦον
922 3298 990 3375 ἦν
1030 3305 1156 3368 τοὺς
1196 3304 1323 3375 περὶ
1346 3303 1445 3373 τὴν
1475 3302 1730 3356 πολύθεον

169 3391 357 3463 πλάνην
401 3393 772 3465 ἐπτοημένους
818 3397 884 3465 τῇ
940 3394 1035 3448 τοῦ
1079 3395 1315 3466 Χριστοῦ
1364 3394 1618 3464 πολεμεῖν
1654 3393 1732 3446 δι-

167 3484 432 3559 δασκαλίᾳ,
489 3487 658 3541 πάλαι
700 3488 766 3541 ἂν
811 3489 986 3561 ἐώρας
1038 3489 1181 3543 κατά
1232 3491 1417 3554 πόλεις
1466 3491 1731 3544 καὶκατὰ

170 3578 355 3649 ἀγροὺς
372 3579 672 3650 ἐμφυλίους
693 3580 929 3645 στάσεις,
960 3582 1230 3653 διωγμούς
1251 3599 1311 3634 τε
1344 3584 1437 3636 καὶ⁴
1463 3582 1730 3653 πολέμους

167 3670 219 3720 οζο
245 3671 364 3734 τοὺς
382 3673 767 3742 τυγχάνοντας,
802 3674 851 3726 εί
879 3673 942 3745 δὴ
968 3675 1051 3744 ἐφ’
1074 3676 1301 3738 ἑαυτοὺς
1326 3670 1471 3744 εἶχον
1491 3675 1539 3726 οἱ
1570 3674 1732 3727 δεισι-

165 3760 399 3832 δαίμονες
430 3766 531 3836 τὴν
563 3766 651 3818 ἐπ’
686 3765 867 3819 αὐτῶν
907 3765 1174 3833 ἐξουσίαν.
1220 3766 1334 3819 Νῦν
1358 3767 1414 3819 δὲ
1448 3768 1540 3820 καὶ
1572 3766 1731 3820 τοῦτο

166 3853 288 3906 Θεοῦ
314 3855 405 3908 τοῦ
440 3856 533 3912 ἐπὶ
567 3856 785 3911 πάντων
811 3856 969 3928 ἔργον
994 3855 1083 3929 ἦν,
1112 3859 1172 3911 τὸ
1206 3857 1410 3931 μείζονι
1454 3858 1604 3929 φόϐῳ
1632 3859 1732 3929 τῆς

168 3943 408 3998 ἀνωτάτω
430 3945 627 4016 ἀρχῆς,
648 3946 777 4009 τοὺς
800 3945 1025 4016 ἐχθροὺς
1044 3945 1138 3999 τοῦ
1165 3946 1364 3999 οἰκείου
1387 3944 1546 4013 ὶὸγου
1572 3962 1733 3998 κατα-

166 4032 427 4090 δουλῶσαι.
473 4038 811 4109 Προκόπτειν
850 4037 959 4110 γάρ
1003 4038 1164 4092 αὐτὸν
1192 4038 1480 4110 ὁσημέραι,
1523 4038 1617 4090 καὶ
1652 4039 1731 4100 εἰς

171 4126 363 4190 πάντας
394 4127 715 4199 ἀνθρώπους
745 4127 928 4193 αὔξειν
967 4128 1229 4197 βούλεται.
1264 4128 1431 4181 Πάλιν
1466 4144 1527 4180 τε
1556 4121 1622 4180 αὖ
1656 4126 1732 4190 ὡς

172 4215 236 4286 μὴ
255 4218 530 4291 νομισθείη
551 4219 695 4273 κατά
724 4220 1066 4291 συγχώρησιν
1093 4220 1200 4273 τῶν
1220 4220 1563 4292 κρατούντων
1582 4219 1733 4289 διαρ-

172 4308 354 4374 κέσειν,
404 4310 589 4364 εἶποτέ
640 4328 725 4376 τις
769 4311 971 4365 τούτων
1016 4313 1249 4385 πονηρίᾳ
1283 4312 1505 4380 ληφθεὶς
1535 4311 1610 4383 τῷ
1635 4311 1731 4364 τοῦ

172 4399 388 4472 Χριστοῦ
415 4403 559 4475 λόγῳ
584 4403 838 4475 πολεμεῖν
861 4403 1147 4476 προῦθετο,
1166 4406 1260 4458 καὶ
1286 4404 1443 4457 τοῦτο
1469 4405 1733 4476 πράττειν

1902 894 2195 960 Caeterum,
2227 895 2352 966 quis
2391 911 2501 951 non
2531 896 2908 966 Obstupescat,
2934 909 3121 952 secum
3162 897 3412 967 cogitans

1834 996 1997 1060 atque
2043 989 2228 1043 animo
2266 1003 2512 1051 versans,
2562 1004 2673 1042 non
2726 988 3023 1043 humanum
3077 988 3182 1044 hoc
3240 988 3413 1045 fuisse

1833 1097 1992 1153 opus,
2022 1082 2106 1136 vel
2131 1096 2199 1137 ex
2224 1097 2289 1135 co
2317 1081 2462 1151 quod
2481 1095 2757 1150 nunquam
2782 1080 2918 1136 alias
2946 1079 3049 1135 sub
3073 1095 3182 1134 uno
3216 1079 3413 1137 Roma-

1833 1188 2029 1229 norum
2080 1173 2309 1243 imperio
2349 1173 2597 1242 plurima:
2638 1172 2789 1227 orbis
2838 1180 3026 1242 gentes
3059 1188 3181 1228 esse
3214 1179 3407 1243 potue-

1834 1272 1982 1331 runt,
2018 1266 2124 1320 nisi
2158 1264 2460 1320 secundum
2502 1263 2632 1320 Jesu
2663 1264 2951 1334 tempora?
2982 1262 3119 1319 Nam
3152 1265 3315 1321 simul
3345 1278 3409 1320 ac

1830 1359 1921 1414 ille
1946 1357 2345 1414 admirabiliter
2371 1360 2437 1414 ad
2474 1357 2726 1413 homines
2759 1359 2928 1423 venit,
2954 1368 3117 1429 atque
3143 1358 3286 1412 inter
3312 1358 3410 1414 ho-

1829 1454 2005 1509 mines
2033 1462 2281 1510 versatus
2303 1462 2410 1520 est,
2434 1453 2598 1507 etiam
2631 1469 2720 1509 res
2744 1453 3019 1509 Romanas
3039 1451 3109 1506 ad
3132 1466 3409 1506 summum

1828 1545 2147 1616 pervenisse
2194 1545 2446 1615 contigit,
2482 1559 2592 1614 quo
2622 1544 2856 1616 primum
2886 1552 3129 1614 tempore
3159 1542 3411 1599 videlicet

1828 1638 2132 1709 Augustus,
2159 1637 2521 1708 plurimarum
2553 1640 2796 1707 gentium
2826 1636 3083 1692 dominus
3113 1636 3307 1693 evasit.
3349 1633 3408 1691 ld

1826 1745 1956 1787 vero
1977 1728 2079 1784 fuit
2121 1744 2249 1784 cum
2280 1736 2335 1784 et
2362 1728 2649 1799 Cleopatra
2679 1737 2837 1799 capta
2864 1735 2971 1793 est,
2998 1736 3053 1783 et
3080 1726 3410 1783 Ptolemaeo-

1831 1840 1950 1879 rum
1972 1823 2324 1879 successioin
2355 1821 2592 1894 )Egypto
2622 1822 2912 1886 dissoluta,
2945 1830 3110 1891 atque
3129 1836 3197 1875 ex
3233 1820 3327 1874 illo
3352 1820 3408 1874 in

1832 1918 1977 1973 hunc
2016 1932 2190 1986 usque
2214 1917 2380 1983 diem,
2417 1915 2562 1987 quod
2585 1916 2652 1970 ab
2685 1915 2843 1970 initio
2864 1915 3037 1979 orbis,
3080 1912 3242 1985 140
3257 1923 3311 1968 et
3337 1913 3411 1968 ab

1832 2012 1972 2082 ipsa,
2006 2020 2067 2066 ut
2086 2011 2161 2065 ita
2189 2009 2390 2073 dicam,
2426 2009 2709 2063 hominum
2730 2006 2963 2077 origine,
2989 2014 3216 2061 steterat
3239 2003 3410 2075 Aigy-

1830 2104 1906 2173 pti
1936 2117 2186 2174 regnum,
2218 2116 2468 2156 eversum
2493 2106 2598 2155 est.
2629 2098 2707 2153 Ex
2734 2098 2827 2153 illo
2855 2096 3165 2151 Judaaorum
3191 2109 3411 2165 quoque

1830 2197 1980 2251 natio
2011 2210 2043 2249 a
2086 2194 2348 2249 Romanis
2396 2194 2451 2248 in
2490 2192 2808 2247 servitutem
2852 2188 3095 2255 redacta,
3143 2184 3409 2258 Syrorum

1830 2287 1981 2351 item,
2017 2293 2071 2341 et
2109 2283 2514 2356 Cappadocum,
2552 2290 2608 2338 et
2646 2281 3026 2345 Macedonum,
3058 2285 3114 2334 et
3145 2277 3409 2349 Bithyno-

1832 2394 1976 2441 rum,
2006 2386 2060 2432 et
2089 2376 2422 2441 Graecorum,
2450 2374 2781 2443 ac‘denique
2803 2374 3141 2443 reliquorum
3165 2370 3410 2424 omnium

1830 2471 1927 2541 qui
1955 2469 2204 2525 Romano
2238 2470 2467 2540 imperio
2496 2475 2801 2523 cesserunt.
2835 2464 2949 2519 Hoc
2976 2471 3159 2519 autem
3183 2478 3294 2519 non
3329 2462 3410 2518 si-

1830 2579 1900 2618 ne
1931 2562 2061 2625 Deo,
2095 2577 2199 2617 una
2229 2576 2354 2616 cum
2385 2560 2636 2615 doctrina
2670 2574 2791 2629 qua:
2814 2557 2883 2612 de
2914 2556 3194 2611 Salvatore
3220 2563 3411 2611 nostra

1831 2655 2087 2719 ferretur,
2120 2654 2399 2710 introiisse
2422 2653 2476 2706 in
2511 2652 2722 2715 orbem,
2754 2651 2879 2721 quis
2904 2664 3011 2704 non
3045 2648 3297 2713 fateatur,
3330 2662 3414 2703 rc-

1832 2754 2031 2816 pntans
2060 2762 2168 2800 non
2210 2745 2423 2799 facilem
2452 2744 2581 2800 Jesu
2621 2742 2906 2813 discipulis
2950 2748 3299 2796 externarum
3331 2755 3413 2794 re-

1830 2839 2051 2911 gionum
2087 2840 2525 2909 peragrationem
2556 2836 2793 2891 futuram
2822 2833 3014 2897 fuisse,
3042 2833 3088 2888 si
3111 2839 3301 2903 gentes
3326 2831 3413 2885 in-

1831 2940 1914 2987 ter
1952 2946 2012 2987 se
2050 2931 2239 2986 divisae
2271 2929 2663 2999 discordesque
2711 2928 2964 2986 fuissent.
3014 2940 3192 2994 neque
3241 2923 3411 2978 ullum

1830 3040 2080 3096 prorsus,
2108 3023 2179 3079 ob
2209 3023 2539 3093 multiplices
2563 3022 2926 3093 principatus,
2958 3020 3100 3074 inter
3120 3018 3243 3072 illas
3269 3032 3415 3071 com-

1831 3115 2127 3181 mercium;
2176 3114 2376 3185 quibus
2428 3128 2560 3169 sane
2589 3112 2820 3167 sublatis
2853 3108 3274 3182 principatibus,
3327 3107 3414 3161 in-

1831 3207 2041 3277 trepide
2092 3205 2206 3277 jam
2256 3213 2419 3277 atque
2466 3206 2687 3276 impune
2737 3204 3013 3274 negotium
3070 3200 3410 3272 propositum

1832 3299 2265 3369 compleverunt,
2299 3314 2424 3353 cum
2458 3312 2752 3367 supremus
2785 3295 2930 3351 Deus
2962 3304 3017 3350 et
3047 3296 3152 3350 iter
3178 3294 3286 3349 illis
3318 3307 3414 3348 ex-

1833 3390 2074 3459 peditum
2106 3406 2171 3445 ac
2205 3389 2363 3445 facile
2408 3396 2771 3460 compararet,
2814 3398 2869 3443 et
2902 3387 3413 3459 superstitiosorum

1833 3482 1889 3537 in
1921 3483 2238 3537 civitatibus
2276 3482 2490 3536 animos
2513 3488 2723 3538 terrore
2759 3480 2985 3551 majoris
3012 3477 3228 3549 imperii
3260 3475 3416 3531 cohi-

1832 3575 2026 3629 heret?
2058 3572 2270 3645 Reputa
2305 3573 2451 3629 enim
2493 3581 2670 3628 tecum
2696 3588 2990 3644 parumper
3022 3590 3036 3626 :
3065 3571 3113 3625 si
3150 3571 3297 3625 nulla
3326 3584 3417 3625 res

1834 3665 2224 3735 impedimento
2266 3666 2463 3721 fuisset
2497 3666 2565 3721 iis
2596 3667 2688 3735 qui
2717 3680 2907 3720 errore
2954 3663 3167 3719 colendi
3212 3662 3417 3717 multos

1833 3758 1964 3811 deos
2011 3758 2360 3824 tenebantur,
2418 3772 2487 3811 ne
2539 3757 2845 3812 doctrinam
2877 3754 3082 3810 Christi
3133 3767 3418 3824 oppugna-

1832 3860 1976 3916 rent,
2001 3869 2163 3923 quam
2197 3854 2397 3907 multas
2426 3854 2659 3908 antehac
2694 3852 2884 3906 civiles
2938 3849 3257 3914 seditiones,
3280 3855 3335 3903 et
3360 3848 3415 3903 in

1832 3946 2062 4001 urbibus
2096 3947 2226 4001 etin
2249 3949 2395 4017 agris
2429 3946 2665 4003 vidisses
2698 3964 2712 4001 :
2745 3955 2879 4015 quot
2904 3945 3243 4009 vexationes,
3277 3950 3412 4014 quot

1836 4039 1975 4093 bella
2013 4054 2124 4093 non
2161 4038 2459 4094 mediocria
2488 4039 2581 4093 illa
2615 4038 2862 4109 quidem,
2929 4039 2973 4095 si
3042 4037 3413 4108 superstitiosi

1834 4129 1913 4184 illi
1962 4145 2076 4191 sum
2129 4130 2372 4200 ipsorum
2424 4131 2711 4201 potestatis
2762 4130 3018 4197 fuissent,
3052 4146 3116 4185 ac
3163 4145 3331 4200 penes
3359 4144 3420 4185 se

1828 4222 1922 4293 jus
1955 4222 2169 4294 imperii
2200 4222 2540 4280 habuissent.
2559 4223 2717 4279 Nunc
2747 4232 2928 4280 autem
2958 4224 3063 4279 hoc
3084 4239 3303 4294 quoque
3324 4239 3420 4279 su-

1835 4313 2009 4386 premi
2039 4314 2137 4371 Dei
2184 4314 2288 4371 fuit
2318 4330 2477 4387 opus,
2508 4316 2705 4385 majori
2734 4317 2972 4387 quodam
3003 4324 3212 4371 terrore
3238 4330 3423 4384 supre-

1834 4424 1938 4464 ma:
1959 4409 2194 4481 alicujus
2222 4412 2496 4481 potentiae,
2521 4411 2731 4481 proprii
2752 4411 2904 4465 verbi
2934 4409 3188 4465 inimicos
3216 4409 3422 4463 habere

174 4491 380 4548 ἐνεδίδου
414 4495 473 4548 τὺ
504 4494 839 4566 καταθύμιον
865 4513 876 4526 ·
909 4496 1047 4568 ὁμοῦ
1107 4497 1203 4568 μὲν
1248 4499 1328 4559 είς
1359 4495 1582 4562 ἔνδειξιν
1625 4496 1731 4550 τῶν

1834 4501 1945 4574 jam
1990 4502 2228 4559 domitos
2262 4522 2275 4558 :
2307 4502 2362 4557 id
2396 4504 2541 4559 enim
2594 4503 2858 4575 prolicere
2911 4502 2967 4557 in
3015 4502 3154 4566 dies,
3185 4509 3240 4557 et
3274 4501 3418 4571 apud

174 4586 258 4654 τῆς
285 4587 559 4650 εὐσεϐείας
584 4586 855 4658 ἀθλητῶν,
886 4588 1020 4659 ὁμοῦ
1049 4588 1106 4641 δὲ
1129 4589 1224 4642 καὶ
1253 4590 1334 4653 εἰς
1365 4589 1426 4642 τὸ
1457 4592 1569 4652 τοῖς
1598 4584 1731 4642 πᾶσι

176 4680 383 4749 φανερὸν
435 4680 796 4752 καταστῆναι,
831 4682 911 4734 ὃτι
959 4682 1034 4753 μὴ
1078 4680 1137 4748 ἐξ
1170 4679 1471 4752 ἀνθρώπων
1503 4678 1571 4753 ἦν
1608 4681 1733 4751 βου-

177 4765 279 4838 λῆς,
330 4772 439 4825 ἀλλ’
479 4774 546 4826 ἐκ
588 4773 692 4845 τῆς
747 4773 841 4826 τοῦ
896 4772 1029 4827 Θεοῦ
1077 4773 1357 4844 δυνάμεως
1411 4776 1444 4845 ἡ
1500 4772 1595 4826 τοῦ
1650 4774 1736 4827 λό-

181 4875 261 4926 γου
305 4863 578 4930 σύστασις.
642 4866 851 4920 Αὐτίκα
902 4867 986 4931 τίς
1042 4868 1142 4919 οὐκ
1188 4866 1254 4919 ἂν
1305 4866 1603 4937 θαυμάσειε
1668 4867 1736 4920 τὰ

186 4956 469 5024 συμϐαίνειν
510 4958 655 5012 κατά
686 4960 813 5023 τοὺς
849 4959 1088 5013 τοιούσδε
1121 4960 1346 5031 καιροὺς
1373 4958 1634 5025 είωθότα;
1671 4960 1734 5013 Οἱ

190 5045 270 5113 μὲν
303 5048 405 5122 γάρ
438 5052 538 5123 τῆς
568 5052 851 5116 εὐσεϐείας
875 5050 1104 5123 ἀθληταὶ
1130 5052 1190 5105 τὸ
1218 5052 1347 5124 πρὶν
1377 5051 1737 5123 ἀνθρωπίνοις

187 5152 237 5204 γε
264 5145 363 5207 τοῖς
400 5147 534 5198 πᾶσι
571 5144 811 5216 διάδηλοι
849 5147 945 5199 καὶ
986 5145 1305 5217 διαπρεπεῖς
1331 5145 1591 5214 ἐγίνοντο,
1626 5146 1735 5199 τῶν

187 5235 310 5305 παρὰ
356 5236 433 5307 τῷ
475 5238 596 5308 Θεῷ
636 5238 1036 5309 κατηξιωμένοι
1080 5239 1395 5309 βασιλείων·
1446 5240 1494 5292 οἱ
1542 5240 1598 5293 δὲ
1636 5242 1735 5310 τῆς

184 5323 430 5393 εὐσεϐείας
476 5330 731 5401 πολέμιοι
791 5331 890 5395 τὰς
942 5333 1325 5403 προσηκούσας
1377 5331 1610 5397 ἐξέτινον
1660 5332 1736 5383 δί-

184 5430 281 5481 κας,
324 5419 602 5493 θεηλάτοις
662 5420 912 5491 μάστιξιν
967 5421 1358 5492 οἰστρούμενοι,
1402 5424 1495 5475 καὶ
1534 5423 1638 5475 πᾶν
1675 5423 1737 5475 τὸ

183 5508 312 5582 σῶμα
357 5513 549 5578 δεινοῖς
595 5516 693 5567 καὶ
744 5515 986 5585 ἀνιαροῖς
1033 5513 1227 5567 πάθεσι
1275 5513 1732 5584 διαφθειρόμενον

178 5599 293 5659 ὥστε
320 5609 418 5679 ἤδη
461 5608 561 5660 καὶ
595 5608 678 5669 εἰς
707 5605 994 5676 ὁμολογίαν
1022 5606 1119 5673 τῆς
1163 5605 1304 5658 κατὰ
1337 5604 1572 5676 Χριστοῦ
1607 5605 1735 5657 δυσ-

176 5696 359 5763 σεϐείας
397 5701 559 5771 ἣκειν
604 5695 1014 5767 περιελαθῆναι.
1052 5697 1115 5748 Οἱ
1149 5695 1206 5747 δέ
1235 5711 1297 5764 γε
1328 5695 1504 5748 λοιποὶ
1538 5695 1737 5759 πάντες

173 5788 251 5859 τῆς
296 5791 477 5847 ἐνθέου
517 5787 898 5862 προσηγορίας
949 5786 1264 5858 ἠξιωμένοι,
1312 5786 1451 5841 κατά
1499 5787 1734 5858 Χριστοῦ

1837 4604 2065 4653 cunctos
2122 4596 2372 4652 homines
2418 4612 2668 4652 crescere
2716 4596 2930 4650 volebat
2971 4613 2983 4649 :
3018 4610 3213 4650 rursus
3239 4604 3417 4650 autem

1837 4703 1907 4743 ne
1933 4694 2221 4758 putaretur
2253 4703 2317 4742 ex
2345 4686 2708 4742 concessione
2736 4700 2802 4740 ac
2832 4685 2991 4740 venia
3019 4685 3418 4740 dominantium

1835 4793 2207 4849 perseverare,
2252 4778 2298 4833 si
2346 4778 2569 4849 quando
2618 4777 2815 4832 horum
2870 4780 3110 4847 ipsorum
3145 4776 3417 4847 quispiam

1836 4871 2176 4941 malignitate
2224 4874 2459 4942 quadam
2515 4881 2835 4944 correptus,
2891 4872 3157 4926 adversus
3213 4868 3420 4925 Christi

1836 4964 2065 5028 verbum
2121 4980 2366 5035 pugnare
2421 4964 2781 5022 deliberatum
2834 4965 2891 5020 in
2937 4964 3120 5018 animo
3163 4962 3418 5029 habebat,

1814 5054 2000 5133 ‘etiam
2034 5056 2139 5110 hoc
2165 5072 2267 5111 suo
2297 5057 2471 5128 ipsius
2498 5058 2768 5113 arbitratu
2797 5058 2951 5113 illum
2984 5057 3166 5111 facere
3194 5055 3413 5128 permit-

1838 5147 2008 5215 tebat,
2045 5149 2209 5203 simul
2241 5157 2302 5203 ut
2333 5165 2521 5205 eorum
2557 5150 2815 5206 virtutem
2853 5149 3168 5205 ostenderet
3192 5147 3285 5217 qui
3320 5163 3420 5218 pro

1838 5237 2041 5306 pietate
2080 5242 2414 5310 pugnabant,
2452 5242 2615 5296 simul
2645 5243 2807 5297 etiam
2843 5253 2903 5297 ut
2929 5243 3145 5297 cunctis
3177 5241 3419 5296 homini-

1836 5327 1941 5384 bus
1996 5330 2216 5399 planum
2277 5330 2499 5396 faceret,
2532 5332 2677 5402 quod
2729 5346 2836 5387 non
2888 5332 3128 5387 humano
3160 5330 3415 5395 consilio,

1839 5422 1936 5478 sed
1987 5421 2084 5478 Dei
2135 5424 2335 5481 virtute
2379 5425 2647 5481 niteretur
2679 5426 2797 5496 ipsa
2828 5425 2984 5481 verbi
3032 5425 3416 5496 propugnatio.

1840 5514 2051 5570 Etenim
2080 5517 2204 5584 quis
2237 5530 2347 5571 non
2373 5518 2635 5572 continuo
2661 5518 3012 5588 Obstupescat
3034 5533 3119 5581 ea,
3156 5533 3278 5589 quae
3311 5516 3421 5574 illis

1839 5605 2181 5673 temporibus
2231 5606 2478 5663 accidere
2546 5609 2751 5678 passim
2817 5609 3229 5664 cernebantur?
3281 5607 3420 5662 Nam

1842 5694 1945 5763 ipsi
1996 5695 2215 5764 pictatis
2273 5697 2632 5768 defensores,
2698 5700 2934 5771 primum
2995 5701 3139 5772 apud
3191 5710 3421 5756 cunctos

1842 5786 2091 5866 homines
2155 5788 2290 5844 clari
2348 5791 2699 5864 illustresque
2766 5793 3003 5863 ﬁebant,
3065 5801 3120 5850 et
3165 5790 3423 5849 certami-
