3880 6256
473 264 580 321 ΞΠ
1135 268 1405 325 EUSEBII
1431 268 1906 330 CESARIENSIS
1938 275 2087 332 OPP.
2124 276 2305 363 PARS
2338 278 2405 336 Il.
2439 308 2512 318 —
2541 278 3039 341 APOLOGETICA.
3600 290 3696 346 248

472 397 605 439 num
636 383 855 455 praemia
890 384 1035 455 apud
1065 384 1231 441 Deum
1264 390 1775 460 consequebantur;
1822 392 2004 463 pietati

2161 398 2359 469 ρρονεῖν
2400 397 2713 468 αὐχοῦντες,
2761 401 2849 455 ἐπ’
2891 402 3071 472 ὀλίγον
3110 401 3544 476 γεγυμνασμένοι
3590 411 3693 472 τοῖς

471 488 604 530 vero
630 477 848 542 hostes,
882 474 1142 532 divinitus
1194 478 1320 533 caesi
1366 487 1530 550 atque
1585 482 1794 553 agitati,
1848 498 1913 538 ac
1955 493 2003 538 to

2161 490 2540 563 πειρατηρίοις,
2576 492 2637 546 τὸ
2668 492 2725 547 δὲ
2758 495 2977 566 γνήσιον
3015 498 3108 551 καὶ
3140 474 3426 568 εἰλικρινὲς
3453 496 3545 551 τοῦ
3575 517 3693 571 φρο-

472 575 535 621 ῐο
575 581 803 636 corpore
839 566 1094 638 gravibus
1138 570 1490 642 molestiaque
1534 572 1816 630 doloribus
1863 575 2004 646 impii

2159 584 2381 655 ’ἤματος
2426 584 2841 657 ἐπιδειξάμενοι,
2891 587 2989 658 τὴν
3027 587 3232 641 οἰκείαν
3265 566 3421 652 αὖθις
3456 566 3691 660 ἀπελάμ-

470 658 565 715 citi
596 664 758 728 atque
807 660 1134 729 consumpti,
1169 661 1349 716 debita
1393 664 1658 735 supplicia
1706 665 2002 736 pendebanl

2159 677 2301 730 iavov
2348 676 2675 748 ἐλευθερίαν,
2734 681 2814 743 εἰς
2867 679 3048 751 μεῖζον
3108 679 3374 751 ὁσημέραι
3416 678 3483 733 δι’
3526 658 3691 733 αὐτῶν

475 749 627 822 141
660 748 796 805 adeo
840 751 1055 820 quidem
1100 761 1158 807 ut
1202 752 1480 823 profanam
1526 763 1717 810 contra
1754 755 2007 812 Cbristun

2160 766 2507 837 ικλάμποντος
2554 768 2646 822 τοῦ
2696 771 2963 842 σωτηρίου
3000 770 3181 839 λόγου,
3213 773 3306 825 καί
3346 773 3404 824 ὲν
3426 772 3605 836 αὐτοῖς
3634 789 3692 841 γε

466 841 804 897 voluntatem
836 843 1122 907 conﬁteri,
1152 843 1264 913 jam
1295 851 1409 898 tum
1444 854 1809 917 cogerentur:
1843 858 1899 903 at
1941 865 1998 904 ca

2159 857 2327 920 ιέσοις
2359 859 2470 921 τοῖς
2519 857 2734 930 ἐχθροῖς
2778 841 3277 931 κατακρατοῦντοςο
3319 861 3393 933 μὴ
3439 862 3595 932 μόνον
3636 879 3691 917 τε

469 933 575 988 teri
608 948 802 990 omnes
832 935 927 1006 qui
971 937 1723 1007 appellatione'sacrosancta
1771 941 1920 1013 digni
1952 942 2001 996 in

2159 948 2246 1002 τῶν
2308 950 2520 1021 ὁρατῶν
2584 951 2856 1021 πολεμίων
2926 950 3495 1024 κατεξανισταμένους,
3566 954 3691 1009 ἀλλὰ

466 1025 615 1080 venti
661 1025 915 1092 fuerant,
964 1036 1019 1083 et
1065 1044 1125 1084 se
1156 1030 1406 1101 partibus
1438 1030 1645 1088 Christi
1678 1048 1801 1089 esse
1833 1034 1998 1105 gloria

2158 1040 2230 1093 tati.
2267 1038 2376 1093 τῶν
2407 1040 2681 1113 ἀοράτων·
2718 1040 2774 1093 εἴ
2805 1058 2950 1106 τινες
2981 1043 3087 1112 ἄρα
3117 1038 3225 1095 εἶεν
3263 1043 3405 1112 ἀμφὶ
3434 1043 3528 1096 τὸν
3573 1044 3690 1115 περὶ

439 1115 689 1182 bantur,
750 1132 877 1173 cum
931 1119 1000 1175 ad
1049 1120 1214 1176 breve
1260 1129 1474 1192 tempus
1520 1124 1800 1179 exercitati
1848 1140 1971 1180 esse

2160 1130 2238 1201 ’ῆν
2286 1130 2421 1202 ἀέρα
2478 1130 2689 1202 ζοφώδη
2742 1132 2970 1204 πονηροὶ
3016 1132 3266 1204 δαίμονες
3308 1135 3400 1187 καὶ
3445 1134 3692 1206 ἄρχοντες

466 1208 758 1277 molestiis,
788 1220 953 1282 atque
984 1212 1375 1283 ingenuitatem
1408 1214 1891 1287 sinceritatemque
1919 1216 1998 1270 ani

2160 1222 2357 1289 ὀύτων,
2389 1222 2481 1287 οὒς
2511 1225 2604 1277 καὶ
2632 1225 2829 1287 αὐτοὺς
2867 1225 2916 1277 οἱ
2950 1226 3158 1295 γνήσιοι
3199 1225 3289 1278 τοῦ
3321 1227 3559 1297 Χριστοῦ
3597 1244 3692 1297 μα-

463 1300 539 1355 mi
574 1316 687 1371 pra:
725 1317 785 1359 se
829 1303 1121 1366 tulissent.
1149 1308 1428 1378 propriam
1460 1323 1656 1363 rursus
1689 1308 1995 1379 recipiebam

2158 1299 2378 1381 lq1a16t‘
2409 1312 2630 1381 ἁγνείας
2663 1313 2799 1383 βίου,
2827 1314 2919 1368 καὶ
2942 1315 3048 1367 τῶν
3078 1314 3213 1386 πρὸς
3236 1315 3326 1370 τὸν
3353 1316 3488 1368 Θεὸν
3504 1316 3690 1386 εὐχῶν,

462 1392 770 1449 libertatem
795 1435 811 1461 ,
842 1410 907 1451 ac
940 1399 1182 1455 salutare
1212 1400 1422 1456 interea
1450 1401 1680 1456 verbum
1723 1401 1933 1470 majore
1975 1401 1989 1454 i

2159 1403 2219 1457 td
2248 1420 2307 1457 τε
2339 1404 2440 1475 τῆς
2481 1404 2646 1458 αὑτοῦ
2678 1405 2861 1458 ἐνθέου
2904 1407 3273 1478 προσηγορίας
3304 1407 3691 1474 ἐξελαύνοντες,

461 1484 579 1540 dies
607 1485 858 1541 claritate
890 1487 1133 1553 nitebat,
1176 1498 1341 1562 atque
1381 1493 1437 1547 in
1483 1492 1620 1563 ipsis
1666 1492 1859 1548 mediis
1930 1492 1993 1547 bo

2162 1493 2370 1565 ἠμείων
2399 1492 2506 1546 τῶν
2539 1493 2704 1546 πάλαι
2740 1494 3132 1566 ἱστορουμένων
3172 1494 3262 1547 ὑπ’
3293 1494 3455 1547 αὐτοῦ
3486 1493 3694 1562 γεγονέ-

458 1575 639 1633 stibus
686 1576 1091 1647 dominabatur,
1132 1596 1197 1638 ac
1240 1599 1349 1639 non
1394 1584 1560 1640 modo
1596 1585 1651 1640 in
1700 1584 1769 1640 iis
1800 1585 1891 1657 qui
1926 1601 1989 1640 su

2159 1603 2219 1639 αι
2263 1585 2601 1656 παραδόξων,
2629 1585 2723 1639 καὶ
2761 1588 2818 1638 ὲν
2847 1584 3021 1657 τούτῳ
3049 1587 3161 1649 τοῖς
3204 1586 3430 1656 συνορᾷν
3467 1584 3691 1655 δυναμέ-

458 1669 635 1724 visum
663 1683 913 1728 nostrum
945 1675 1208 1733 cadentes
1240 1677 1696 1744 adversabantur,
1732 1678 1837 1734 sed
1861 1677 1915 1731 in
1960 1676 1990 1731 ii

2161 1695 2240 1741 οις
2272 1676 2342 1730 τὰ
2376 1678 2649 1749 τεκμήρια
2692 1677 2791 1749 τῆς
2841 1677 3022 1731 ἐνθέου
3061 1678 3262 1750 ἀρετῆς
3298 1676 3466 1730 αὑτοῦ
3506 1675 3693 1730 διαδει-

457 1774 675 1831 (ιυοίιυθ
709 1763 804 1835 qui
834 1766 1011 1822 visum
1045 1770 1329 1825 mortalem
1358 1771 1652 1843 effugiunt,
1682 1771 1730 1826 si
1763 1771 1856 1840 qui
1889 1770 1989 1824 fort

2167 1769 2370 1834 νύντες.
2407 1769 2564 1823 Ἀλλὰ
2591 1769 2700 1841 γὰρ
2718 1769 2825 1823 τῶν
2850 1769 2907 1823 δὲ
2937 1770 3076 1823 κατὰ
3101 1770 3289 1842 καιρὸν
3318 1784 3696 1841 προγεγυμνα-

456 1859 612 1905 erant
643 1851 699 1906 in
731 1853 835 1909 hoc
863 1857 956 1926 qui
986 1865 1189 1913 terram
1218 1862 1537 1932 complexus
1565 1870 1649 1919 est
1676 1861 1877 1917 nebulo
1902 1876 1988 1916 aer

2164 1861 2368 1933 μένων,
2414 1861 2604 1933 καιρὸς
2632 1860 2732 1931 ἤδη
2776 1860 2930 1914 καλεῖ
2974 1861 3071 1931 τῆς
3116 1861 3531 1932 μυστικωτέρας
3574 1856 3696 1931 περὶ

454 1940 763 2010 daemones,
817 1948 913 2018 qui
972 1949 1162 2007 alteris
1210 1952 1320 2008 illis
1372 1953 1725 2024 imperarent.
1782 1952 1986 2023 Namqu

2164 1951 2294 2006 ,ὐτοῢ
2315 1950 2588 2021 θεολογίας
2611 1951 2943 2019 ἐφάψασθαι,
2961 1951 3159 2006 καὶτὸν
3183 1950 3313 2005 Θεὸν
3336 1951 3534 2018 Λόγον,
3560 1950 3696 2013 ὅστις

454 2037 620 2092 etiam
672 2038 774 2096 hos
825 2041 975 2112 ipsos
1021 2044 1138 2099 veni
1189 2043 1398 2099 Christi
1449 2045 1743 2117 discipuli,
1792 2053 1850 2102 et
1901 2045 1986 2101 vit:

2165 2044 2251 2097 τοτ’
2275 2038 2343 2114 ἦν
2368 2044 2397 2096 ὁ
2420 2042 2510 2095 διὰ
2533 2042 2627 2095 τοῦ
2663 2041 2987 2114 φαινομένου
3010 2041 3200 2112 ἀνδρὸς
3228 2041 3325 2106 τὰς
3357 2040 3697 2112 θαυματουρ-

452 2129 722 2197 puritate,
756 2140 811 2189 et
842 2134 910 2189 ad
940 2133 1110 2191 Deum
1141 2137 1366 2193 directis
1399 2140 1685 2209 precibus,
1733 2145 1789 2194 et
1834 2153 1984 2195 sacro

1399 2140 1685 2209 precibus,
1733 2145 1789 2194 et
1834 2153 2025 2195 sacro-
2131 2135 2259 2206 γιας
2292 2135 2546 2201 ἐκτελῶν,
2575 2134 2925 2190 ἐποπτεῦσαι.

452 2230 642 2278 sancta
672 2225 820 2281 illius
853 2228 1220 2298 appellatione
1248 2229 1545 2300 fugabant,
1579 2230 1636 2285 in
1659 2230 1766 2285 hoc
1797 2245 2015 2303 quoque
2052 2227 2452 2284 admirabilium
2483 2228 2764 2298 signorum
2794 2243 2915 2298 quae
2940 2227 3009 2283 ab
3038 2227 3132 2282 illo
3159 2227 3304 2283 edita
3330 2241 3459 2283 esse
3493 2240 3695 2281 memo-

448 2326 663 2385 rantur,
696 2334 759 2376 ac
791 2320 989 2378 divinae
1018 2339 1140 2395 quae
1173 2325 1228 2378 in
1258 2325 1350 2381 illo
1379 2333 1495 2381 erat
1528 2326 1746 2381 virtutis
1778 2335 2093 2397 argumenta
2127 2322 2435 2380 certissima
2464 2338 2575 2393 prae
2612 2338 2672 2378 se
2705 2321 2963 2379 ferentes.
3003 2321 3310 2385 Caeterum,
3351 2335 3479 2375 cum
3521 2319 3576 2374 in
3615 2318 3696 2373 bis

446 2426 549 2482 pro
576 2420 820 2485 tempore
850 2417 951 2488 ipsi
983 2433 1094 2472 non
1129 2418 1278 2490 ipsos
1311 2420 1541 2475 antehac
1568 2424 2008 2484 exercuerimus,
2040 2419 2176 2475 ordo
2212 2419 2327 2489 ipse
2358 2419 2471 2488 jam
2509 2418 2783 2488 postulat,
2847 2426 2906 2472 ut
2937 2417 3288 2473 occultiorem
3316 2415 3385 2470 de
3417 2414 3518 2470 illo
3546 2413 3697 2468 theo-

446 2505 643 2575 logiam
675 2511 1026 2581 attingamus,
1061 2511 1340 2583 Deumque
1371 2513 1550 2585 ipsum
1583 2511 1825 2569 Verbum
1847 2552 1863 2579 ,
1899 2511 2174 2584 quodnam
2208 2511 2405 2579 fuerit,
2437 2510 2581 2582 quod
2612 2526 2708 2582 per
2741 2511 2893 2566 illum
2923 2511 3234 2575 hominem,
3266 2508 3361 2580 qui
3387 2508 3695 2572 videbatur,

444 2595 690 2669 prodigia
720 2607 775 2656 et
804 2601 1067 2658 miracula
1098 2603 1396 2673 eﬂiciebat,
1429 2606 1884 2678 contemplemur.

1419 3000 1423 3007 “
1519 2980 2611 3154 ΕΥΣΕΒΙΟΥ

1617 3260 1846 3348 ΤΟΥ
1918 3258 2520 3351 ΠΑΜΦΙΛΟΥ

888 3443 2067 3631 ΕΥΑΓΓΕΛΙΚΗΣ
2139 3444 3229 3585 ΑΠΟΔΕΙΞΕΩΣ

1512 3693 1953 3778 ΒΙΒΛΙΟΝ
2007 3693 2607 3779 ΤΕΤΑΡΤΟΝ.

1171 4051 1927 4209 EUSEBII
2039 4051 2951 4208 PAMPHILI

729 4343 2230 4539 DEMONSTRATIONIS
2324 4343 3381 4478 EVANGELIC/E

1533 4603 1896 4690 LIBER
1984 4601 2576 4708 QUARTUS.

2037 4799 2106 4813 ﬁ

430 4901 598 4977 142,
647 4900 836 4977 ῌᾸῖίῖ-
863 4902 1015 4977 ,1,Νὲ
1027 4902 1070 4958 U
1077 4904 1127 4977 ἐν
1135 4904 1179 4977 1'
1234 4902 1997 4977 _1N_’_QU_A_’ET9__L’§BO
2027 4911 2069 4969 C
2108 4900 2793 4977 ΤΑΑΕΕΝὲἒἨΝ-ξῖλῖ,
2810 4901 2916 4977 Ίᾩ,
2932 4903 3018 4977 TE
3027 4900 3268 4977 T111732-
3279 4898 3439 4977 El"!
3442 4899 3677 4977 ’ἶξῖέέἔτ

498 4967 1006 5029 Ε’ῐιΑΝαιςιισίΕ
1075 4974 1170 5028 DE
1221 4967 1659 5031 εΑιγΑΤοιυς
1700 4973 1993 5031 NOSTRO

2169 4972 2351 5025 MATI
2419 4972 2553 5022 ΤΗΣ
2626 4971 2793 5022 ΠΕΡΙ
2858 4967 3016 5024 ΤΟΥ
3076 4967 3410 5024 ΣΩΤΗΡΟΣ
3465 4967 3682 5023 ΗΜΩΝ

496 5043 1089 5101 DEMONSTRATIO
1103 5045 1249 5102 NIS.

2167 5043 2212 5093 E
2226 5040 2689 5095 ΥΑΓΓΕΛΙΚΗΣ
2729 5038 3192 5094 ΑΠΟΔΕΙΞΕΩΣ.

429 5156 478 5213 ι.
516 5157 595 5213 De
625 5158 910 5237 occultiore
941 5160 1225 5237 secandum
1261 5158 1593 5237 salvatorem
1621 5176 1684 5214 ac
1713 5160 1961 5237 Domina:

2143 5158 2348 5237 ’.λῖερὶ
2366 5152 2482 5234 τῆς
2507 5153 2656 5237 θιαςᾲ
2715 5155 2820 5237 τέπγ
2844 5153 3085 5237 inici-iga
3120 5155 3224 5236 θεαὶ
3246 5154 3465 5234 Κύριοῖ

497 5240 772 5294 nostrum,
807 5231 898 5301 qui
930 5230 1179 5286 Christus
1206 5241 1284 5286 est
1312 5230 1445 5296 Dei,
1478 5231 1891 5299 dispensatione.

2187 5225 2434 5344 Ἰηιῖοῦν
2460 5225 2567 5276 τὸν
2594 5225 2853 5291 Χριστὸν
2873 5225 2979 5278 τοῦ
3011 5225 3159 5279 Θεοῦ
3179 5225 3487 5293 μυστικῆς
3511 5226 3672 5277 οἰκο-

2170 5311 2285 5363 νομ
2309 5310 2403 5360 ας.

424 5382 480 5438 2.
522 5383 976 5448 Quemadmodum
1006 5386 1160 5441 illum
1187 5396 1309 5441 ante
1336 5403 1543 5443 omnem
1571 5398 1868 5442 creaturam
1902 5383 1956 5440 F1

2139 5391 2176 5441 Ρ.
2223 5387 2421 5452 Ὅπως
2450 5387 2636 5442 αὑτὸν
2663 5387 2778 5454 πρὸ
2809 5384 3011 5453 πάσης
3047 5387 3301 5452 κτίσεως
3348 5384 3490 5441 Υιὸν
3522 5385 3671 5440 Θεοί

500 5454 627 5507 lium
665 5454 759 5509 Dei
792 5457 955 5525 fuisse
987 5457 1235 5512 dicimus.

1189 5475 1235 5512 s.
2173 5456 2481 5527 γεγονέναι
2509 5457 2719 5526 φαμέν.

422 5539 474 5597 3.
502 5540 671 5630 ,Ωαομ
702 5560 805 5630 rion
835 5545 1011 5630 plures
1045 5548 1276 5627 supremi
1309 5548 1406 5630 Dei
1430 5546 1876 5630 Fitii,_sed.unus
1904 5565 1954 5603 se

2138 5554 2165 5602 '.
2215 5548 2344 5630 ’.Οτι
2379 5545 2465 5630 ιέῂ
2499 5548 2749 5630 τελείους
2780 5546 3030 5630 υζοζτοῦ
3067 5548 3165 5630 est}
3187 5546 3453 5630 enin-mf
3494 5547 3670 5630 Θςρῧ.

494 5615 579 5667 lus
611 5614 674 5669 de
706 5614 811 5671 Deo
838 5613 985 5672 Deus
1009 5655 1022 5682 ,
1048 5613 1175 5687 jure
1205 5636 1237 5672 α
1263 5618 1412 5673 nobis
1448 5620 1734 5690 praedicari
1761 5620 1951 5675 soleat.

2162 5618 2351 5690 μόνος
2380 5613 2461 5670 δὲ
2482 5613 2570 5685 εἷς
2596 5617 2666 5672 ἐκ
2705 5619 2853 5674 Θεοῦ
2880 5618 3023 5686 Θεὸς
3052 5619 3315 5687 εὐλόγως
3344 5617 3490 5689 ἡμῖν
3519 5613 3675 5689 am.

2166 5688 2456 5758 τορευταί.
