3880 6256
429 268 529 321 251
602 342 611 353 ν

1109 275 1375 331 EUSEBII
1419 277 1528 333 (32E
1540 279 1898 338 SARIENSIS
1935 284 1979 339 Ο

2079 326 2086 342 .
2127 286 2308 342 PARS
2348 289 2415 343 ll.
2449 320 2520 332 ——
2557 289 3052 347 APOLOGETICA.

3561 301 3654 356 252

424 391 606 438 autem
639 391 707 438 ab
741 386 931 441 eodem
990 391 1184 471 procul
1236 390 1496 447 labuntur
1518 432 1533 457 ,
1590 397 1792 466 quippe
1827 399 1920 468 qui
1949 417 1979 456 e

2105 403 2202 475 τὴν
2240 403 2469 473 θεότητα
2516 407 2844 477 συνορῶντες
2887 408 3070 473 αὑτοῦ,
3121 410 3254 480 μήτε
3298 421 3363 466 τά
3399 414 3540 468 αἴτια
3564 418 3653 489 τῆς

422 477 663 532 divinam
694 478 841 535 illius
868 489 1123 537 naturam
1167 481 1440 554 ignorent,
1487 502 1665 558 neque
1687 506 1882 548 causas
1911 494 2007 549 ad-

418 579 617 625 ventus
646 572 1000 641 perspiciam,
1047 589 1225 645 neque
1260 577 1387 630 item
1420 580 1619 648 quibus
1667 585 2005 654 temporibus

418 668 710 715 venturum
743 662 895 718 illum
929 665 1210 736 prophetae
1232 670 1602 737 praedixerint,
1650 676 2006 745 comprehen-

398 749 572 806 ‘dant.
600 749 737 806 Nam
768 753 848 808 illi
876 757 1097 826 quidem
1130 759 1281 814 illum
1317 764 1482 817 etiam
1537 781 1684 820 nunc
1711 775 2002 823 venturum

415 849 769 912 exspectant:
801 862 905 902 nos
930 857 1111 903 autem
1157 851 1271 920 jam
1304 856 1471 909 semel
1495 856 1758 912 duntaxat
1788 860 2004 916 venisse

415 935 817 1006 contendimus,
834 954 1046 994 necnon
1068 943 1296 998 alterum
1319 946 1562 1014 ejusdem
1578 965 1699 1002 cum
1719 951 2003 1020 majestate

416 1028 735 1091 adventum,
766 1038 819 1085 et
859 1035 1102 1090 oraculis
1152 1044 1206 1091 et
1250 1040 1536 1109 praeceptis
1587 1043 1998 1112 prophetarum,

414 1119 510 1188 qui
545 1119 812 1177 divinitus
866 1123 1029 1179 aﬂlati
1083 1125 1327 1195 fuerunt,
1379 1133 1751 1191 auscultantes
1800 1136 2001 1193 intueri

413 1217 760 1282 exoptamus.
796 1213 933 1269 Cum
968 1227 1148 1273 autem
1194 1219 1262 1275 de
1286 1221 1381 1278 illo
1403 1223 1601 1295 duplex
1635 1227 1706 1282 sit
1736 1228 1896 1295 ratio,
1921 1231 2002 1284 al-

414 1309 535 1357 tera
592 1304 812 1374 quidem
844 1310 1119 1365 recentior
1151 1309 1355 1379 fuerit,
1391 1317 1593 1387 quippe
1627 1334 1749 1389 quae
1781 1319 1895 1375 heri
1933 1336 1998 1377 ac

414 1407 588 1464 nuper
605 1394 671 1449 ad
699 1396 949 1456 homines
986 1401 1296 1458 introducta
1328 1405 1400 1460 sit
1438 1427 1450 1461 :
1489 1408 1662 1463 altera
1695 1428 1828 1465 vero
1847 1415 1998 1469 omni

410 1489 676 1555 tempore,
702 1491 1066 1561 omnibusque
1117 1496 1333 1552 saeculis
1373 1499 1672 1570 antiquior.
1702 1501 1838 1557 Nam
1870 1520 1996 1559 cum

412 1572 558 1631 Deus
583 1579 764 1645 vellet,
804 1591 991 1652 utpote
1020 1586 1112 1655 qui
1144 1588 1295 1644 solus
1350 1589 1423 1646 sit
1469 1592 1666 1657 bonus,
1709 1596 1998 1667 omnisque

410 1665 542 1723 boni
574 1679 627 1726 et
649 1674 982 1745 principium
1012 1688 1067 1733 ct
1098 1678 1239 1748 fons,
1276 1681 1592 1739 divitiarum
1618 1701 1840 1742 suarum
1872 1665 1991 1745 the-

2109 495 2414 567 παρουσίας
2454 497 2674 563 εἰδότες,
2716 504 2851 570 μήτε
2898 499 3002 571 μὴν
3032 502 3156 562 τοὺς
3184 501 3403 572 χρόνους
3428 505 3541 559 καθ’
3570 508 3651 573 οὓς

2104 585 2254 657 ἥξειν
2290 588 2570 660 ἀνείρηται
2604 593 2682 653 εἰς
2711 591 3028 664 ἀνθρώπους
3061 594 3552 666 περιδρασσόμενοι.
3595 604 3652 655 Οί

2108 678 2205 747 μὲν
2252 679 2362 750 γὰρ
2408 679 2486 734 ἔτι
2532 681 2627 735 καὶ
2656 681 2750 736 νῦν
2781 683 2931 755 ἥξειν
2977 684 3236 754 μέλλοντα
3281 688 3648 760 προσδοκῶσιν,

2102 769 2261 837 ἡμεῖς
2285 768 2328 820 δ’
2366 768 2463 840 ἤδη
2496 770 2594 841 μὲν
2632 772 2864 837 εἰσάπαξ
2891 774 3281 847 ἀποδείκνυμεν
3303 776 3533 833 ἐλθόντα·
3567 781 3650 835 καὶ

2100 857 2360 929 δευτέραν
2401 861 2446 914 δ’
2481 862 2645 916 αὑτοῦ
2680 864 2815 933 μετὰ
2845 866 2944 935 τῆς
2972 866 3153 920 ἐνθέου
3182 867 3338 937 δόξης
3369 870 3649 942 παρουσίαν

2098 951 2219 1012 ταῖς
2252 950 2360 1002 τῶν
2392 951 2662 1025 θεοφόρων
2697 955 2989 1028 προφητῶν
3022 959 3354 1031 προρρήσεσι
3384 977 3443 1013 τε
3474 964 3562 1015 καὶ
3582 962 3650 1016 δι-

2103 1040 2423 1108 δασκαλίαις
2449 1045 2757 1117 πειθόμενοι
2784 1048 2911 1101 ἰδεῖν
2939 1049 3227 1120 εὐχόμεθα.
3249 1050 3433 1105 Διττοῦ
3452 1052 3494 1105 δ’
3512 1052 3649 1118 ὄντος

2099 1131 2192 1183 τοῦ
2226 1133 2344 1185 κατ’
2379 1132 2539 1187 αὐτὸν
2577 1134 2754 1204 λόγου,
2800 1136 2828 1188 6
2863 1137 2959 1207 μὲν
2990 1135 3254 1209 νεώτερος
3287 1136 3352 1190 ἂν
3392 1138 3494 1208 εἴη,
3539 1138 3648 1210 χθὲς

2100 1223 2193 1274 κα)⁵
2222 1222 2409 1295 πρώην
2443 1229 2521 1289 εἰς
2568 1226 2883 1300 ἀνθρώπους
2923 1229 3266 1300 εἰσηγμένος,
3303 1230 3331 1281 6
3370 1229 3427 1283 δὲ
3466 1231 3649 1295 παντὸς

2098 1317 2290 1386 χρόνου
2331 1318 2425 1371 καὶ
2467 1320 2685 1374 πάντων
2719 1320 2926 1375 αἰώνων
2957 1321 3344 1394 πρεσϐύτερος.
3378 1322 3649 1394 Βουληθεὶς

2097 1407 2205 1479 γὰρ
2235 1411 2263 1462 6
2296 1410 2446 1477 Θεὸς,
2483 1411 2578 1465 ἆτε
2608 1414 2765 1483 μόνος
2797 1414 2871 1478 ὡς
2902 1414 3103 1483 ἀγαθὸς
3137 1413 3342 1483 ἀγαθοῦ
3373 1431 3433 1467 τε
3465 1416 3649 1481 παντὸς

2096 1498 2236 1568 ἀρχὴ
2272 1499 2365 1552 καὶ
2400 1502 2570 1572 πηγὴ,
2616 1501 2722 1558 τῶν
2763 1504 2925 1557 αὐτοῦ
2956 1504 3243 1577 θησαυρῶν
3282 1504 3494 1568 πλείους
3525 1507 3648 1559 ἀπο-

2097 1587 2258 1656 φῦναι
2284 1591 2590 1654 κοινωνούς·
2618 1593 2741 1664 ἄρτι
2780 1610 2839 1646 τε
2882 1594 3088 1666 μέλλων
3112 1595 3208 1667 τὴν
3237 1596 3458 1667 λογικὴν
3484 1598 3650 1650 πᾶσαν

2097 1678 2491 1750 προϐάλλεσθαι
2538 1683 2732 1749 κτίσιν,
2783 1686 3103 1757 ἀσωμάτους
3143 1689 3295 1751 τινάς
3341 1688 3530 1761 νοεράς
3567 1690 3651 1742 καὶ

410 1775 605 1818 sauros
635 1763 887 1833 pluribus
921 1769 1217 1838 impertiri,
1257 1784 1511 1844 essetque
1565 1777 1677 1846 jam
1705 1779 1818 1849 jam
1871 1797 1979 1835 om-

2092 1768 2243 1835 θείας
2273 1772 2548 1842 δυνάμεις,
2586 1775 2846 1843 ἀγγέλους
2885 1753 2943 1830 τε
2974 1779 3067 1831 καὶ
3099 1753 3492 1849 ἀρχαγγέλούς,
3525 1778 3650 1834 άῦλά

408 1870 532 1909 nem
560 1857 882 1916 rationalem
916 1872 1224 1920 creaturam
1278 1869 1333 1922 in
1371 1870 1546 1924 lucem
1596 1873 1988 1942 producturus,

409 1944 763 2018 incorporeas
797 1952 1050 2010 videlicet
1099 1956 1363 2026 quasdam
1400 1969 1565 2030 atque
1625 1962 1989 2032 intelligentes

405 2046 462 2092 et
492 2040 705 2096 divinas
738 2051 1053 2113 potestates,
1084 2050 1415 2123 angeIOSque
1432 2058 1593 2122 atque
1610 2055 1985 2126 archangelos,

407 2131 757 2203 materiaeque
789 2146 1063 2207 expertes,
1106 2148 1160 2194 et
1192 2142 1262 2196 ab
1284 2143 1434 2199 omni
1491 2156 1646 2214 parte
1671 2163 1837 2216 puros
1877 2151 1989 2221 spi-

405 2222 578 2289 ritus,
640 2226 853 2283 animas
910 2241 1170 2298 praeterea
1211 2234 1490 2289 hominum
1518 2277 1533 2303 ,
1574 2254 1696 2308 quae
1751 2242 1987 2296 solutam

402 2327 469 2369 ac
519 2314 747 2371 liberam
778 2318 1075 2376 voluntatis
1132 2310 1293 2393 atque
1317 2325 1548 2393 arbitrii,
1601 2335 1712 2382 tam
1773 2330 1842 2385 ad
1888 2332 1987 2388 bo-

402 2423 532 2462 num
574 2424 738 2480 quam
799 2411 867 2465 ad
923 2413 1054 2469 boni
1114 2418 1484 2483 contrarium,
1539 2429 1792 2475 naturam
1841 2424 1987 2478 acci-

400 2510 592 2570 perent
628 2509 722 2556 :et
770 2518 1108 2576 quaecunque
1138 2507 1223 2563 his
1283 2508 1417 2578 ipsis
1446 2513 1824 2568 convenientia
1862 2530 1985 2570 coro

399 2604 593 2659 porum
629 2593 1014 2660 instrumenta,
1050 2597 1229 2654 varias
1261 2600 1478 2655 vivendi
1533 2601 1739 2660 formas
1785 2604 1984 2661 educe-

397 2689 543 2747 rent,
574 2682 729 2754 145
759 2684 1024 2757 sedesque
1048 2687 1133 2743 his
1164 2691 1442 2756 omnibus,
1476 2694 1737 2766 locosque
1772 2698 1982 2754 tribue-

398 2786 458 2827 re
488 2775 738 2844 proprios
774 2776 922 2844 (nam
952 2777 1020 2831 iis
1051 2778 1145 2848 qui
1176 2780 1307 2834 boni
1330 2787 1763 2851 .permanserint
1794 2828 1809 2853 ,
1868 2803 1981 2844 me-

398 2864 602 2920 liores:
637 2874 830 2922 contra
864 2877 1071 2936 autem,
1104 2872 1309 2943 alioqui
1332 2878 1748 2948 convenientes,
1776 2881 1830 2934 in
1852 2883 1979 2952 qui-

398 2956 503 3012 bus
532 2957 785 3014 videlicet
831 2962 1199 3030 proclivitatis
1229 2965 1296 3019 ad
1324 2969 1604 3023 contraria
1640 2985 1834 3040 poenas
1883 2973 1979 3027 da-

2089 1880 2149 1916 τε
2192 1866 2284 1919 καὶ
2329 1866 2503 1938 πάντη
2552 1869 2767 1943 καθαρά
2809 1870 3113 1941 πνεύματα,
3146 1873 3371 1943 προσέτι
3404 1872 3459 1925 δὲ
3489 1872 3650 1942 ψυχὰς

2089 1956 2388 2028 ἀνθρώπων
2445 1960 2640 2028 ἄφετον
2689 1961 2782 2015 καὶ
2830 1961 3112 2034 ἐλεύθερον
3165 1964 3263 2033 τῆς
3314 1963 3649 2017 αύθεκουσίου

2091 2049 2220 2120 περὶ
2249 2050 2309 2102 τὸ
2341 2051 2501 2105 καλὸν
2534 2053 2565 2122 ἣ
2595 2054 2898 2107 τούναντίον
2927 2056 3187 2126 αἱρέσεως
3212 2056 3314 2127 τὴν
3342 2055 3499 2124 φύσιν
3527 2058 3652 2109 ἐπα-

2088 2144 2346 2214 γομένας,
2403 2147 2504 2200 ὅσα
2552 2165 2611 2200 τε
2661 2148 2868 2212 τούτοις
2919 2149 3123 2221 ὄργανα
3182 2150 3452 2219 σωμάτων
3501 2148 3649 2220 ἔμελ-

2088 2237 2172 2289 λεν
2230 2236 2448 2290 ἔσεσθαι
2473 2278 2486 2299 ,
2555 2239 2811 2292 ποικίλων
2877 2241 3065 2312 ἀγωγῇ
3132 2241 3447 2310 κατάλληλα
3502 2241 3648 2312 βίων,

2085 2328 2269 2399 χώρας
2304 2347 2365 2382 τε
2397 2331 2603 2394 τούτοις
2655 2330 2825 2384 ἅπασι
2874 2333 2967 2385 καὶ
3010 2333 3207 2397 τόπους
3250 2334 3530 2405 διανέμειν
3581 2336 3652 2387 ol-

2087 2419 2286 2482 κείους·
2340 2420 2577 2490 (μείνασι
2630 2423 2726 2493 μὲν
2773 2422 2879 2494 γὰρ
2908 2424 3128 2493 ἀγαθοῖς
3165 2426 3295 2488 τοὺς
3327 2425 3646 2498 κρείττονας,

2085 2510 2314 2582 ἔμπαλιν
2345 2512 2401 2566 δὲ
2431 2514 2557 2576 τοὺς
2597 2516 2989 2585 προσήκοντας,
3025 2517 3125 2586 τῆς
3157 2518 3249 2571 ἐπὶ
3275 2518 3536 2573 τάναντία
3568 2519 3649 2588 ῥο-

2085 2602 2194 2672 πῆς
2232 2603 2301 2656 τὰ
2349 2607 2828 2677 σωφρονιστήριαο)
2871 2605 3156 2678 προλαϐὼν
3198 2608 3261 2661 τὸ
3318 2608 3528 2679 μέλλον,
3567 2602 3647 2661 οἷα

2081 2694 2234 2761 Θεὸς,
2266 2698 2333 2767 τῇ
2390 2695 2711 2767 προγνώσει,
2750 2699 2975 2752 συνιδών
3017 2718 3073 2752 τε
3099 2740 3114 2764 ,
3162 2699 3367 2756 τούτων
3408 2702 3647 2755 ἁπάντων

2083 2789 2210 2858 περὶ
2257 2790 2521 2857 γενέσεως
2567 2791 2623 2844 ἐν
2670 2789 2890 2861 μεγάλῳ
2935 2790 3143 2862 σώματι
3184 2792 3433 2864 κεφαλῆς
3470 2792 3646 2863 δεησο-

2083 2882 2278 2948 μένων,
2319 2879 2415 2932 ἕνα
2453 2878 2542 2933 τὸν
2585 2879 2682 2950 τῆς
2728 2878 3084 2951 δημιουργίας
3115 2883 3337 2953 ἁπάσης
3380 2882 3646 2951 οἰκονόμον

2081 2969 2322 3040 ἡγεμόνα
2340 2986 2399 3021 τε
2426 2968 2520 3022 καὶ
2548 2968 2774 3039 βασιλέα
2806 2969 2913 3023 τῶν
2939 2970 3073 3023 ὅλων
3119 2972 3494 3045 προτάξασθαι
3522 2972 3647 3044 ᾤετο

397 3051 542 3123 rent)
569 3070 583 3119 ;
617 3068 854 3125 cumque
887 3057 941 3111 id
959 3057 1104 3127 quod
1129 3057 1369 3114 futurum
1387 3069 1528 3127 erat,
1561 3070 1819 3135 tanquam
1834 3065 1977 3121 Deus

2079 3060 2210 3125 δεῖν,
2299 3061 2395 3114 καὶ
2418 3060 2485 3114 τά
2515 3059 2634 3115 θεῖα
2667 3066 3017 3132 μυσταγωγεῖ
3045 3063 3200 3133 λόγια
3232 3066 3373 3137 πρὸς
3391 3066 3499 3120 τῶν
3518 3065 3649 3119 ἀνω-

398 3145 710 3216 cognitione
767 3148 1121 3218 praeciperet,
1171 3152 1508 3224 sentiretque
1563 3156 1679 3211 haec
1721 3159 1976 3215 universa

397 3245 692 3307 antequam
725 3239 918 3294 tierent
944 3281 959 3305 ,
997 3249 1259 3313 tanquam
1287 3244 1343 3298 in
1371 3261 1568 3317 magno
1622 3263 1852 3318 corpore
1876 3251 1978 3304 ali-

397 3327 543 3397 quod
565 3337 728 3399 caput
751 3333 1114 3400 postulatura,
1143 3350 1310 3388 unum
1333 3337 1510 3392 omnis
1541 3338 1978 3411 opiﬁciidispen-

397 3429 655 3486 satorem,
684 3423 1045 3494 eumdemque
1075 3435 1128 3481 et
1161 3426 1356 3484 ducem
1406 3440 1461 3485 et
1508 3446 1689 3501 regem
1733 3434 1977 3491 universi

398 3512 801 3580 praeﬁciendum
818 3517 1055 3587 putavit:
1073 3519 1379 3588 cujusmodi
1396 3524 1743 3579 oraculorum
1759 3542 1977 3598 quoque

395 3603 728 3670 divinorum,
756 3624 879 3678 quae
901 3608 968 3664 ab
997 3611 1238 3680 antiquis
1267 3614 1409 3683 apud
1431 3614 1712 3682 Hebraeos,
1744 3626 1798 3674 et
1819 3620 1974 3676 theo-

395 3696 536 3767 logis
570 3704 625 3752 et
687 3700 972 3770 prophetis
1024 3704 1238 3758 reddita
1284 3716 1434 3774 sunt,
1470 3707 1746 3763 institutio
1782 3720 1867 3766 est
1901 3733 1912 3766 :
1942 3727 1974 3766 a

393 3787 592 3857 quibus
620 3790 838 3860 quidem
884 3790 1100 3847 discere
1126 3802 1309 3863 potest
1332 3796 1426 3866 qui
1457 3798 1603 3863 vult,
1644 3815 1813 3853 unum
1849 3816 1973 3857 esse

392 3882 636 3935 omnium
663 3898 845 3937 rerum
873 3887 1227 3956 principium,
1252 3904 1316 3942 ac
1347 3891 1533 3959 potius
1570 3892 1844 3962 principio
1877 3909 1973 3948 su-

393 3971 578 4040 perius
606 3979 662 4025 et
692 3973 866 4041 prius,
899 3976 1188 4046 primoque
1239 3980 1542 4049 antiquius,
1577 3990 1630 4036 et
1680 3983 1971 4054 gignendis

392 4061 560 4118 rebus
589 4063 707 4133 ipsa
736 4064 946 4121 unitate
976 4069 1274 4135 vetustius,
1313 4063 1575 4142 omnique
1606 4076 1971 4144 appellatione

391 4156 763 4224 praestantius,
791 4157 935 4227 quod
960 4175 1138 4230 neque
1170 4162 1301 4227 dici,
1329 4178 1507 4234 neque
1535 4167 1834 4234 enuntiari,
1868 4183 1968 4222 ne-

390 4261 498 4314 que
534 4248 835 4318 excogitari
865 4258 1045 4320 potest
1074 4270 1087 4306 :
1132 4252 1334 4308 bonum
1360 4256 1507 4326 quod
1533 4272 1700 4313 causa
1732 4266 1818 4314 est
1852 4274 1969 4314 om-

389 4337 541 4391 nium
591 4353 796 4406 rerum,
850 4345 999 4413 quod
1031 4345 1141 4399 vim
1173 4346 1462 4413 eiliciendi,
1493 4349 1744 4419 juvandi,
1783 4351 1968 4420 provi-

2080 3153 2170 3208 θεν
2200 3157 2326 3225 παρ’
2360 3154 2625 3226 Ἑϐραίοις
2650 3156 2911 3224 θεολόγων
2934 3174 2990 3209 τε
3014 3159 3108 3211 καὶ
3131 3160 3429 3233 προφητῶν
3453 3158 3646 3232 ἀνδρῶν

2075 3244 2495 3317 τεθεσπισμένα·
2543 3247 2672 3316 παρ’
2721 3240 2794 3299 ὧν
2842 3246 2904 3318 δὴ
2950 3250 3139 3318 μαθεῖν
3183 3248 3415 3316 ἔνεστιν,
3448 3250 3522 3314 ὼς
3548 3251 3648 3321 ἄρα

2080 3336 2180 3406 μία
2216 3336 2314 3406 μὲν
2346 3337 2429 3408 εἴη
2466 3336 2572 3390 τῶν
2602 3337 2736 3390 ὅλων
2762 3338 2922 3409 ἁρχὴ,
2957 3341 3158 3409 μᾶλλον
3185 3341 3243 3393 δὲ
3278 3342 3341 3395 τὸ
3372 3344 3467 3396 καὶ
3482 3342 3646 3414 ἀρχῆς

2076 3426 2366 3497 ἀνώτερον,
2399 3429 2493 3482 καὶ
2536 3429 2751 3501 πρώτου
2796 3433 3244 3506 προγενέστερον,
3298 3435 3396 3490 καὶ
3434 3436 3647 3506 μονάδος

2075 3519 2532 3590 ἀρχεγονώτερον,
2592 3523 2686 3575 καὶ
2733 3523 2912 3595 πάσης
2962 3529 3207 3596 κρεῖττον
3260 3526 3643 3599 προσηγορίας,

2074 3612 2329 3683 ἄρρητον,
2355 3613 2746 3684 ἀνέκφραστον,
2776 3616 3150 3689 άπερινόητον,
3180 3619 3408 3687 ἀγαθὸν,
3444 3618 3503 3672 τὺ
3524 3619 3648 3671 πάν-

2073 3720 2180 3757 των
2213 3703 2404 3770 αἴτιον,
2438 3705 2498 3758 τὸ
2527 3706 2828 3776 ποιητικὸν,
2856 3708 2918 3760 τὸ
2942 3711 3312 3779 εὐεργετικὸν,
3344 3712 3408 3765 τὸ
3434 3728 3647 3783 προνοη-

2072 3795 2243 3857 τικὸν,
2292 3796 2352 3848 τὸ
2400 3799 2685 3869 σωτήριον,
2724 3800 2884 3863 αὐτὸς
2910 3800 2986 3855 ῶν
3014 3805 3042 3855 6
3074 3798 3154 3864 εἷς
3182 3804 3276 3855 καὶ⁹
3312 3805 3473 3869 μόνος
3501 3802 3643 3864 Θεὸς,

2073 3888 2133 3952 ἐξ
2178 3880 2239 3940 οὗ
2279 3889 2346 3942 τὰ
2384 3892 2578 3955 πάντα,
2622 3891 2688 3944 δι’
2734 3892 2792 3945 ὃν
2840 3893 2907 3947 τὲι
2962 3893 3140 3948 πάντα
3183 3896 3369 3950 ἐστίν·
3413 3898 3470 3952 ἐν
3507 3893 3646 3965 αὐτῷ

2071 3981 2179 4051 γὰρ
2206 3981 2386 4052 ζῶμεν
2414 3985 2506 4036 καὶ
2530 3984 2828 4055 κινούμεθα
2851 3987 2944 4039 καὶ
2971 3987 3158 4058 ἐσμέν.
3201 3988 3271 4041 Ὅ
3297 4007 3349 4042 τι
3377 3988 3443 4061 δὴ
3488 3989 3644 4050 θέλει,

2070 4071 2222 4126 τοῦτο
2250 4074 2380 4142 γοῦν
2405 4074 2603 4147 καὶείἠ
2628 4077 2692 4130 ἂν
2707 4076 2767 4129 τὸ
2794 4078 2953 4148 μόνον
2973 4080 3070 4149 τῆς
3081 4078 3189 4132 τῶν
3208 4081 3459 4153 γενητῶν
3478 4080 3647 4135 ἀπάν-

2069 4181 2179 4219 των
2229 4165 2536 4232 οὐσιώσεώς
2573 4185 2633 4221 τε
2696 4171 2791 4223 καὶ
2829 4172 3115 4244 ὑπάρξεως
3158 4173 3355 4228 αἴτιον·
3409 4174 3645 4236 θέλοντος

2070 4255 2177 4326 γάρ
2208 4257 2343 4323 ἐστι.
2373 4258 2526 4312 eam
2557 4260 2632 4324 δὲ,
2669 4260 2750 4314 ὅτι
2779 4260 2876 4332 τὴν
2903 4263 3064 4331 φύσιν
3091 4264 3298 4333 ἀγαθὸς
3340 4266 3418 4320 ὢν
3451 4264 3645 4335 τυγχά-

2068 4363 2168 4399 νει.
2211 4348 2424 4420 ’Λγαθῷ
2464 4350 2518 4403 δὲ
2557 4350 2729 4418 οὐδὲν,
2770 4352 2853 4405 ὅτι
2904 4354 2978 4425 μὴ
3024 4354 3085 4407 τὸ
3124 4355 3300 4409 θέλειν
3351 4356 3421 4411 τά
3474 4354 3645 4424 ἀγαθά

389 4428 575 4494 dendi,
604 4433 883 4501 servandi,
905 4435 961 4489 in
977 4452 1037 4493 se
1055 4438 1217 4493 habet
1246 4442 1368 4509 :qui
1396 4457 1539 4497 unus
1568 4442 1685 4512 ipse
1711 4457 1778 4497 ac
1812 4443 1964 4499 solus

2079 4439 2363 4509 προσφυὲς.
2401 4441 2579 4494 Θέλων
2610 4441 2667 4494 δὲ
2697 4442 2888 4506 ταῦτα,
2920 4444 3012 4496 καὶ
3043 4444 3288 4500 δύναται·
3324 4446 3407 4499 διὸ
3432 4446 3526 4501 καὶ
3563 4444 3645 4498 θέ-

387 4528 472 4573 est
491 4518 659 4587 Deus,
695 4540 761 4580 ex
795 4542 906 4596 quo
926 4530 1134 4594 omnia,
1170 4547 1266 4601 per
1285 4549 1447 4603 quem
1467 4536 1650 4590 omnia
1682 4545 1812 4592 sunt
1846 4556 1858 4591 :
1908 4538 1966 4592 in

391 4611 483 4667 illo
521 4615 667 4669 enim
716 4617 951 4676 vivimus
1001 4629 1057 4676 et
1107 4639 1389 4680 movemur
1417 4636 1471 4681 et
1505 4643 1716 4684 sumus.
1778 4628 1965 4700 Itaque

387 4704 751 4779 quodcunque
777 4713 915 4776 vult,
951 4713 1006 4767 id
1029 4714 1194 4769 etiam
1225 4726 1310 4772 est
1333 4720 1622 4784 continuo,
1653 4735 1717 4776 ex
1737 4737 1845 4791 qua
1870 4737 1963 4777 so-

388 4798 438 4851 la
462 4813 651 4865 causa,
684 4805 868 4858 omnia
900 4822 1021 4877 qua:
1066 4809 1249 4878 genita
1276 4820 1424 4878 sunt,
1457 4812 1510 4867 id
1549 4825 1879 4882 acceperunt
1904 4823 1964 4870 ut

386 4899 591 4955 essent,
621 4902 788 4964 utque
820 4897 1172 4961 exsisterent,
1204 4915 1269 4954 ac
1296 4902 1579 4968 durarent,
1640 4911 1771 4959 sunt
1814 4907 1959 4960 enim

386 4981 477 5036 illo
500 4984 734 5042 volente.
769 4986 894 5042 Vult
919 4972 1099 5045 autem
1126 4992 1331 5048 idcirco
1355 4996 1503 5066 quod
1535 5005 1730 5069 suapte
1763 5010 1962 5053 natura

386 5073 562 5133 bonus
588 5086 692 5133 est.
732 5078 882 5136 Bono
914 5097 1041 5138 vero
1078 5084 1214 5138 nihil
1253 5095 1449 5142 natura
1473 5089 1833 5159 conjunctum
1864 5092 1961 5147 ad-

387 5182 693 5239 nexumque
722 5180 826 5235 est,
862 5172 970 5228 nisi
1015 5183 1073 5228 ut
1115 5191 1178 5230 ea
1217 5193 1339 5247 qua:
1369 5179 1510 5233 bona
1545 5191 1674 5235 sunt
1700 5183 1851 5238 velit.
1888 5184 1958 5239 At

382 5260 527 5313 enim
552 5275 675 5314 cum
698 5263 813 5317 haec
835 5264 995 5328 velit,
1023 5266 1163 5322 idem
1191 5270 1355 5325 etiam
1384 5279 1598 5342 potest:
1631 5289 1802 5343 quare
1833 5291 1957 5330 cum

383 5350 516 5404 velit
548 5352 711 5407 simul
741 5354 889 5409 idem
922 5363 976 5410 et
1020 5361 1218 5428 possit,
1254 5364 1405 5417 nulla
1441 5379 1502 5418 re
1534 5380 1712 5435 neque
1768 5369 1958 5437 prohi-

383 5441 566 5507 bente,
593 5459 767 5515 neque
789 5446 1134 5518 impediente,
1159 5455 1423 5527 quidquid
1444 5459 1733 5529 pulchrum
1751 5469 1806 5516 et
1830 5464 1958 5518 utile

380 5543 487 5601 est,
513 5545 622 5591 tam
652 5539 706 5593 in
737 5538 804 5596 iis
835 5557 956 5611 quae
988 5545 1092 5600 sub
1141 5557 1422 5617 aspectum
1457 5551 1683 5616 cadunt,
1711 5568 1872 5622 quam
1900 5555 1954 5609 in

383 5627 585 5698 iisquae
614 5646 722 5686 non
757 5634 982 5699 cadunt,
1006 5636 1124 5706 ipse
1152 5638 1256 5693 sibi
1290 5641 1393 5711 ipsi
1421 5642 1658 5698 confecit
1693 5664 1706 5699 :
1754 5646 1957 5717 quippe

380 5719 968 5796 quﬁquasimatcriam
1001 5730 1289 5798 quamdam
1323 5742 1484 5804 atque
1524 5737 1819 5793 essentiam
1860 5756 1954 5810 ge-

2064 4531 2169 4585 λων
2202 4530 2335 4601 ὁμοῦ
2367 4533 2460 4585 καὶ
2495 4532 2810 4603 δυνάμενος,
2854 4535 3147 4600 ἀκωλύτως
3184 4538 3281 4592 καὶ
3305 4535 3645 4611 άπαραποδί-

2065 4640 2206 4686 στως
2236 4625 2345 4676 πᾶν
2380 4625 2408 4677 ὅ
2447 4641 2501 4676 τι
2542 4625 2704 4680 καλὸν
2736 4627 2828 4678 καὶ
2869 4627 3146 4700 συμφέρον
3171 4627 3228 4680 ἐν
3251 4647 3316 4682 τε
3352 4628 3643 4701 ὁρωμένοις

2062 4715 2157 4768 καὶ
2194 4717 2458 4783 ἀφανέσιν
2482 4717 2642 4779 αὐτὸς
2666 4716 2844 4787 ἑαυτῷ
2868 4721 3254 4792 συνεστήσατο,
3294 4721 3431 4793 ὓλην
3461 4721 3643 4791 ὥσπερ

2060 4807 2181 4861 τινὰ
2208 4809 2300 4861 καὶ
2325 4809 2508 4862 οὐσίαν
2537 4810 2633 4881 τῆς
2663 4809 2771 4864 τῶν
2792 4810 2928 4863 ὅλων
2950 4811 3216 4879 γενέσεώς
3235 4830 3298 4866 τε
3328 4815 3428 4867 καὶ
3462 4812 3645 4867 συστά-

2062 4919 2199 4966 σεως
2222 4902 2316 4975 τὴν
2346 4903 2540 4956 ἑαυτοῦ
2569 4902 2763 4972 βουλὴν
2797 4904 2892 4957 καὶ
2921 4903 3150 4975 δύναμιν
3177 4905 3639 4978 προϐεϐλημένος,

2058 4995 2134 5059 ὡς
2169 4996 2369 5068 μηκέτι
2402 4996 2638 5064 εὐλόγως
2666 4998 2830 5065 φάναι
2856 4988 2968 5052 δεῖν
2998 4998 3057 5062 ἐξ
3091 4999 3190 5051 οὐκ
3221 4999 3398 5053 ὅντων
3427 4995 3565 5052 εἷναί
3589 5013 3641 5048 τι

2059 5102 2165 5156 τῶν
2194 5103 2379 5159 ὄντων.
2406 5103 2541 5157 Οὐδὲ
2566 5104 2674 5176 γάρ
2702 5104 2768 5158 ἂν
2795 5103 2878 5174 εἴη
2906 5123 2955 5157 τι
2992 5104 3054 5157 τὸ
3085 5106 3149 5158 ἐκ
3195 5105 3270 5176 μὴ
3316 5106 3493 5170 ὄντος.
3522 5103 3641 5167 Πῶς

2058 5206 2167 5278 γὰρ
2196 5208 2256 5260 τὸ
2288 5208 2362 5278 μὴ
2395 5207 2452 5262 ὃν
2486 5207 2655 5279 ἑτέρῳ
2676 5209 2768 5263 τοῦ
2802 5207 2938 5265 εἶναι
2969 5210 3164 5279 γένοιτ’
3188 5210 3254 5263 ἂν
3292 5211 3505 5277 αἴτιονς
3538 5210 3640 5263 πᾶν

2057 5309 2115 5363 δὲ
2146 5311 2173 5363 ὃ
2193 5328 2246 5363 τι
2282 5311 2411 5363 ποτὲ
2439 5311 2532 5364 καὶ
2573 5312 2739 5377 ἔστιν,
2782 5314 2842 5378 ἐξ
2875 5315 2993 5379 ἑνὸς
3034 5314 3127 5368 τοῦ
3168 5313 3334 5385 μόνου
3367 5316 3523 5375 ὄντος
3550 5313 3640 5367 καὶ

2058 5409 2163 5480 πρὸ
2195 5410 2368 5474 ὄντος,
2401 5412 2494 5464 τοῦ
2524 5413 2588 5484 δὴ
2617 5413 2710 5467 καὶ
2737 5417 3029 5486 φήσαντος,
3067 5433 3085 5464 ι
3111 5412 3250 5483 Ἐγὼ
3277 5414 3400 5485 εἰμὶ
3426 5416 3457 5468 6
3479 5412 3574 5475 ῶν,
3616 5431 3633 5463 ι

2055 5512 2116 5565 τὸ
2144 5509 2282 5567 εἶναι
2310 5514 2471 5569 λαϐὸν
2495 5516 2625 5587 ἔχει·
2659 5518 2740 5570 ὅτι
2765 5518 2829 5589 δη
2862 5518 3020 5589 μόνος
3047 5516 3144 5579 ῶν,
3170 5517 3386 5572 καὶ⁶ἀεὶ
3426 5517 3523 5583 ὢν,
3546 5517 3639 5570 αὐ-

2056 5614 2147 5680 τὸς
2183 5617 2315 5670 πᾶσι
2348 5622 2457 5683 τοῖς
2494 5618 2554 5685 ἐξ
2595 5620 2760 5673 αὐτοῦ
2797 5621 2859 5674 τὸ
2901 5617 3040 5675 εἶναι
3075 5620 3445 5691 κτησαμένοις
3471 5620 3638 5682 αἴτιος

2056 5718 2148 5771 τοῦ
2174 5714 2310 5774 εἶναι
2352 5721 2608 5793 κατέστη,
2658 5721 2733 5793 τῷ
2772 5722 2942 5778 θέλειν
2977 5724 3070 5779 καὶ
3110 5723 3184 5794 τῷ
3220 5722 3509 5778 δύνασθαι·
3547 5722 3636 5774 καὶ
