3880 6256
234 293 341 353 εδδ
1186 302 1845 362 DEMONSTRATIONIS
1881 303 2341 361 EVANGELICA‘Z
2372 305 2502 363 LIB.
2538 305 2628 362 IV.
3401 308 3508 363 εει

244 413 338 484 τὴν
364 412 562 467 οὐσίαν
592 419 712 480 τοῖς
751 419 904 483 πᾶσι,
938 418 1031 472 καὶ
1060 417 1159 482 τὰς
1195 418 1470 491 δυνάμεις,
1506 419 1601 473 καὶ
1626 418 1693 473 τὰ
1722 418 1834 490 εἴδη

1943 419 2239 476 uerationis
2268 419 2785 491 constitutionisque
2832 418 3096 484 universi,
3134 433 3292 473 suum
3327 424 3512 478 consi-

256 506 516 572 πλουσίως
544 509 644 563 καὶ
671 510 1042 581 ἀνεπιφθόνως
1069 511 1127 578 ἐξ
1152 510 1316 565 αὑτοῦ
1350 513 1763 583 κεχαρισμένος.

1943 511 2074 567 lium
2116 526 2383 583 suamque
2409 513 2706 583 potentiam
2761 511 3061 584 praetulerit
3087 552 3101 577 ,
3132 519 3194 567 ut
3224 512 3376 569 nulla
3394 514 3509 583 jam

261 599 460 653 ratione
482 596 596 653 dici
627 603 823 669 possit,
854 601 920 655 de
942 600 1113 655 nihilo
1145 617 1267 657 esse
1295 601 1593 672 quidquam
1634 617 1823 658 eorum
1859 616 1980 672 qua:
2026 610 2180 667 sunt,
2228 618 2406 672 neque
2471 603 2616 658 enim
2670 619 2795 660 esse
2832 603 3112 676 quidpiam
3146 612 3327 677 potest
3353 622 3420 662 ex
3444 621 3513 663 eo

260 690 397 763 quod
448 690 639 761 ipsum
671 707 779 747 non
812 693 901 747 sit.
934 692 1222 759 Quomodo
1253 694 1398 749 enim
1434 693 1487 748 id
1518 694 1665 764 quod
1721 709 1829 748 non
1866 703 1970 758 est,
2003 693 2160 748 alteri
2192 699 2253 747 ut
2306 694 2379 749 sit
2399 708 2566 749 causa
2598 694 2752 750 erit?
2812 694 2985 750 Omne
3020 704 3201 750 autem
3223 698 3512 768 quodcun-

258 804 358 858 que
388 795 498 851 est,
529 803 597 842 ex
624 804 734 842 uno
765 787 859 858 qui
907 788 1057 843 solus
1100 797 1206 854 est,
1273 796 1328 843 et
1385 797 1511 843 ante
1552 788 1738 844 omnia
1787 796 1894 853 est,
1934 788 2138 860 quique
2170 787 2300 842 olim
2348 788 2511 842 etiam
2543 787 2677 843 illud
2714 789 3019 859 respondit,
3053 808 3073 843 ι
3108 788 3222 862 Ego
3257 807 3381 848 sum
3413 791 3510 864 qui

258 898 399 948 sum,
427 901 445 933 ι
476 889 539 936 ut
562 890 710 937 esset
744 890 798 937 et
828 883 1039 954 accepit
1060 890 1114 939 et
1144 883 1338 939 habet.
1388 885 1589 956 quippe
1607 900 1731 939 cum
1753 885 1845 956 qui
1884 885 2034 940 solus
2070 890 2174 949 est,
2230 891 2285 940 et
2337 898 2554 955 semper
2578 892 2698 951 est,
2728 884 2776 941 is
2799 886 3055 943 omnibus
3081 902 3420 959 quaecunque
3443 904 3513 945 ex

256 980 373 1049 ipso
392 978 447 1031 id
476 979 626 1048 quod
658 987 785 1035 sunt
822 987 1175 1049 acceperunt,
1209 987 1269 1033 ut
1317 988 1502 1035 essent
1531 988 1722 1036 auctor
1779 981 2053 1036 exstiterit
2114 1000 2127 1036 :
2190 988 2354 1050 atque
2387 993 2452 1034 ex
2501 994 2567 1035 eo
2625 979 2769 1049 quod
2800 988 2854 1035 et
2882 980 3010 1035 velit
3038 990 3093 1037 et
3120 983 3318 1053 possit,
3347 986 3514 1042 rebus

256 1067 531 1121 universis
559 1072 614 1120 et
646 1068 963 1132 essentiam,
1017 1074 1072 1120 et
1134 1075 1432 1137 potestates
1456 1109 1471 1131 ,
1505 1076 1561 1122 et
1605 1070 1834 1135 formas,
1868 1070 2143 1125 luculente
2169 1077 2226 1125 et
2260 1068 2481 1138 copiose
2505 1069 2573 1125 de
2604 1071 2787 1139 seipso
2816 1070 3167 1140 largitussit.

1006 1161 1080 1214 B'.

305 1252 499 1317 Ὅπως
537 1249 725 1306 αὑτὸν
770 1250 886 1319 πρὸ
934 1251 1137 1320 πάσης
1169 1254 1421 1320 κτίσεως
1456 1254 1593 1307 Υἱὸν
1618 1254 1766 1309 Θεοῦ

768 1322 1075 1391 γεγονέναι
1100 1323 1317 1393 φαμέν.

327 1414 435 1466 Καὶ
459 1413 525 1484 δὴ
558 1411 664 1466 τῶν
696 1413 865 1467 ὄντων
900 1416 1157 1492 ἁπάντων
1181 1416 1395 1488 πρῶτον
1424 1417 1709 1488 ὑφίστησιν
1743 1417 1835 1470 a0-

260 1507 349 1561 τοῦ
371 1506 616 1578 γέννημα
640 1506 738 1578 τὴν
760 1509 1101 1580 πρωτότοκον
1122 1511 1332 1580 σοφίαν,
1348 1509 1475 1581 ὃλην
1497 1510 1564 1563 δι’
1577 1510 1699 1563 ὅλου
1721 1526 1836 1563 νοε-

260 1600 374 1672 ρὰν,
407 1600 503 1653 καὶ
531 1598 772 1672 λογικὴν,
799 1601 893 1653 καὶ
928 1602 1220 1671 πάνσοφον,
1252 1601 1449 1675 μᾶλλον
1476 1602 1532 1656 δὲ
1556 1602 1830 1666 αύτονοῦν,

2604 1161 2765 1234 me
2791 1160 2857 1217 ιι.

1939 1252 2394 1321 Quemadmodum
2424 1252 2578 1308 illum
2635 1264 2757 1308 ante
2805 1271 3011 1309 omnem
3060 1265 3363 1311 creaturam
3408 1256 3510 1314 Fi-

2359 1325 2490 1379 lium
2524 1324 2621 1378 Dei
2655 1324 2819 1391 fuisse
2849 1324 3100 1380 dicimus.

2008 1416 2197 1489 Itaque
2254 1419 2498 1473 omnium
2545 1433 2885 1489 quaecunque
2933 1425 3083 1486 sunt,
3134 1417 3300 1474 fetum
3350 1434 3510 1475 suum

1940 1511 2174 1583 primum
2198 1508 2583 1568 subministrat
2608 1550 2623 1577 ,
2655 1511 2833 1582 primo
2863 1512 3101 1583 genitam
3130 1512 3387 1568 videlicet
3422 1528 3513 1567 sa-

1940 1602 2222 1673 pientiam,
2257 1613 2425 1658 totam
2458 1618 2851 1675 usquequaque
2879 1602 3296 1674 intelligentem,
3338 1610 3392 1658 et
3423 1619 3513 1657 ra-

258 1695 349 1747 καὶ
378 1693 692 1762 αύτολόγον,
730 1694 824 1747 καὶ
862 1695 1207 1765 αὑτοσοφίαν·
1233 1698 1327 1749 καὶ
1358 1694 1411 1748 εἴ
1435 1713 1488 1747 τι
1512 1695 1567 1748 δὲ
1598 1695 1832 1749 αὐτόκα-

1943 1695 2196 1751 tionalem
2251 1703 2306 1751 et
2355 1696 2572 1766 penitus
2621 1695 2952 1765 sapientem,
2985 1709 3050 1749 ac
3103 1694 3287 1764 potius
3333 1695 3511 1766 ipsam

256 1782 345 1836 λον
370 1783 462 1837 καὶ
485 1781 821 1853 αὑτοάγαθον
845 1785 1077 1839 ἐπινοεῖν
1099 1789 1155 1839 ὲν
1175 1788 1451 1859 γεννητοῖς
1468 1786 1646 1857 θέμις,
1676 1784 1834 1838 τοῦτο

260 1875 467 1947 πρῶτον
489 1877 654 1940 αὐτὸς
675 1876 734 1944 ἐξ
763 1877 927 1930 αὐτοῦ
964 1877 1211 1949 θεμέλιον
1233 1880 1338 1932 τῶν
1376 1878 1514 1950 μετά
1538 1878 1712 1932 ταῦτα
1738 1894 1825 1946 γε·

259 1970 568 2040 νησομένων
602 1970 983 2042 προϐάλλεται,
1024 1971 1085 2023 τὸ
1111 1972 1312 2024 τέλειον
1333 1971 1538 2024 τελείου
1571 1970 1833 2041 δημιούρ-

258 2076 426 2130 γημα,
456 2060 553 2114 καὶ
582 2060 745 2129 σοφοῦ
782 2061 942 2130 σοφὸν
977 2061 1436 2133 ἁρχιτεκτόνημα,
1480 2059 1686 2129 ἀγαθοῦ
1728 2076 1833 2113 πα-

257 2152 378 2222 τρὸς
405 2154 613 2221 ἀγαθὸν
637 2155 903 2226 γέννημα.
936 2156 1046 2208 Καὶ
1069 2154 1122 2207 τί
1148 2154 1255 2226 γὰρ
1282 2154 1431 2220 ἄλλο,
1466 2154 1499 2225 ἢ
1530 2153 1638 2207 τῶν
1676 2153 1833 2224 μετέ-

258 2261 411 2297 πειτα
435 2246 496 2298 τὸ
517 2242 655 2300 εἶναι
681 2245 748 2299 δι’
780 2246 946 2300 αὑτοῦ
968 2247 1260 2312 λαϐόντων,
1291 2250 1599 2320 προστάτην
1626 2248 1718 2301 καὶ
1744 2265 1835 2318 κη-

255 2337 467 2408 δεμόνα,
504 2340 727 2411 σωτῆρα
764 2356 822 2391 τε
862 2339 956 2393 καὶ
993 2340 1196 2412 ἰατρὸν,
1229 2342 1322 2393 καὶ
1359 2340 1702 2411 κυϐερνήτην
1732 2340 1834 2411 τῆς

254 2431 360 2484 τῶν
387 2431 524 2485 ὅλων
552 2432 911 2504 δημιουργίας
940 2435 1067 2497 τοὺς
1089 2432 1281 2497 οἴακας
1307 2433 1831 2505 περιδεδραγμένον;

260 2522 416 2576 Ὅθεν
449 2523 679 2587 εἰκότως
709 2525 757 2577 οἱ
787 2524 1023 2596 χρησμοὶ
1051 2524 1426 2593 θεολογοῦντες
1465 2524 1596 2577 Θεὸν
1645 2542 1836 2596 γεννη-

258 2613 348 2665 τὸν
375 2614 535 2667 αὐτὸν
558 2614 971 2683 ἀποφαίνουσιν,
1006 2615 1082 2679 ὡς
1112 2615 1177 2669 ἂν
1215 2616 1315 2685 τῆς
1341 2615 1716 2686 ἀνεκφράσ-του
1743 2616 1837 2669 καλ⁹

257 2706 615 2776 ἀπερινοήτου
650 2706 902 2777 θεότητος
946 2706 1104 2778 μόνον
1145 2708 1202 2758 ὲν
1248 2705 1397 2776 αὑτῷ
1450 2706 1683 2779 φέροντα
1736 2706 1835 2778 τὴν

256 2795 455 2859 εἰκόνα,
489 2796 558 2849 δι’
585 2797 651 2866 ἥν
687 2797 782 2850 καὶ
807 2796 939 2850 Θεὸν
981 2792 1119 2850 εἷναί
1162 2815 1219 2849 τε
1254 2797 1412 2850 αὐτὸν
1445 2798 1539 2850 καὶ
1581 2797 1835 2866 λέγεσθαι

255 2885 354 2956 τῆς
384 2887 520 2959 πρὸς
566 2889 626 2941 τὸ
667 2888 880 2960 πρῶτον
919 2886 1289 2958 ἐξομοιώσεως
1328 2889 1511 2960 χάριν,
1558 2891 1732 2963 ταύτῃ
1776 2907 1835 2943 τε

258 2981 413 3034 αὐτὸν
436 2982 640 3050 ἀγαθόν
660 3001 820 3052 φασιν
845 2984 1124 3055 ὑπηρέτην
1155 2984 1290 3056 πρὸς
1312 2983 1404 3038 τοῦ
1436 2986 1685 3058 Σωτῆρος
1707 2989 1837 3039 ὑπο-

1938 1784 2377 1856 intelligentiam,
2410 1785 2584 1855 ipsam
2610 1786 2905 1848 rationem,
2934 1786 3109 1855 ipsam
3130 1786 3456 1857 sapientiam
3493 1804 3511 1842 :

1935 1892 2152 1932 necnon
2179 1877 2226 1932 si
2256 1875 2389 1946 quid
2414 1876 2591 1946 ipsum
2619 1877 2933 1948 pulchrum,
2966 1878 3256 1948 ipsumque
3306 1877 3514 1932 bonum

1934 1969 2249 2041 excogitare
2281 1970 2335 2024 in
2355 1969 2423 2026 iis
2456 1985 2579 2041 qua:
2605 1971 2787 2042 genita
2806 1970 3032 2026 suntfas
3053 1979 3159 2032 est.
3190 1971 3243 2026 id
3272 1972 3515 2043 primum

1937 2062 2052 2133 ipse
2089 2078 2155 2117 ex
2185 2076 2245 2118 se
2278 2061 2399 2131 ipso
2432 2077 2623 2116 eorum
2667 2077 2787 2133 quae
2838 2062 3069 2132 posthac
3119 2062 3303 2117 futura
3355 2072 3513 2119 erant

1935 2154 2351 2210 fundamentum
2368 2154 2606 2226 praefert,
2625 2155 2929 2226 perfectum
2952 2153 3179 2225 perfecti
3208 2155 3513 2227 opificium,

1936 2246 2198 2320 sapientis
2255 2247 2556 2316 sapientem
2607 2245 3046 2311 fabricationem,
3080 2246 3209 2302 boni
3264 2247 3512 2317 parentis

1936 2345 2132 2399 bonam
2152 2344 2417 2410 sobolem,
2436 2352 2488 2398 et
2504 2343 2763 2413 quidnam
2793 2341 2940 2396 aliud
2972 2340 3136 2395 fuerit
3161 2340 3509 2409 praelaturus,

1936 2452 2100 2507 quam
2123 2436 2276 2490 illum
2308 2437 2485 2507 ipsum
2508 2450 2698 2490 eorum
2719 2449 2840 2505 quae
2873 2433 3100 2503 posthac
3123 2446 3221 2502 per
3246 2431 3425 2500 ipsum
3455 2429 3513 2486 id

1934 2527 2079 2597 quod
2112 2532 2241 2580 sunt
2269 2523 2604 2595 acceperint,
2646 2523 2972 2596 perfectum,
3009 2529 3346 2587 curatorem,
3377 2535 3512 2575 con-

1937 2623 2295 2680 servatorem,
2326 2617 2620 2682 medicum,
2673 2616 3098 2686 gubernatorem
3132 2615 3155 2667 ?
3205 2628 3330 2669 eum
3356 2613 3511 2669 vide—

1937 2703 2063 2762 licet
2112 2707 2206 2778 qui
2245 2709 2542 2769 creationis
2571 2707 2811 2762 universi
2862 2705 3231 2777 gubernacula
3271 2718 3518 2775 compre-

1934 2796 2105 2852 hensa
2159 2798 2413 2853 teneret?
2446 2799 2629 2869 itaque
2666 2812 2775 2853 non
2805 2797 3081 2852 immerito
3103 2795 3328 2850 oracula
3358 2794 3515 2848 theo-

1934 2889 2109 2961 logice
2153 2891 2467 2962 loquentia,
2520 2890 2689 2948 Deum
2724 2890 2966 2961 genitum
3009 2889 3159 2944 illum
3201 2887 3511 2952 enuntiant,

1934 2992 2194 3054 tanquam
2219 3002 2342 3041 eum
2373 2984 2468 3056 qui
2496 2985 2859 3040 elocutionem
2887 2998 3106 3039 omnem
3133 3022 3147 3045 ,
3183 2995 3515 3050 omnemque

260 3074 567 3147 σεῦλῆσθαι,
594 3076 702 3140 ἵνα,
731 3075 919 3150 ὥσπερ
956 3079 1021 3131 δι’
1055 3079 1171 3142 ἐνὸς
1202 3078 1475 3146 πανσόφου
1505 3080 1599 3132 καὶ
1636 3077 1834 3143 ζῶντος

1943 3078 2321 3148 cogitationem
2373 3077 2682 3148 eﬂ'ugientis
2733 3078 2931 3132 divina:
2986 3085 3198 3131 natura:
3252 3076 3405 3132 solus
3456 3076 3513 3129 in

259 3167 502 3238 ὀργάνου,
531 3169 783 3239 τεχνικοῦ
817 3187 876 3222 τε
910 3170 1005 3223 καὶ
1034 3170 1455 3241 ὲπιστημονικοῦ
1487 3171 1728 3235 κανόνος,
1767 3170 1838 3225 τὰ

261 3259 428 3312 πάντα
455 3259 604 3330 αὐτῷ
625 3259 999 3323 ἀπευθύνοιτο,
1028 3259 1253 3330 σώματα
1278 3261 1413 3332 ὁμοῦ
1432 3262 1524 3315 καὶ
1548 3260 1834 3333 ἀσώματα,

262 3349 469 3419 ἔμψυχά
500 3368 559 3403 τε
622 3351 717 3404 καὶ
760 3352 961 3422 ἄψυχα,
1007 3351 1201 3420 λογικά
1243 3353 1339 3406 σὺν
1376 3352 1610 3420 ἀλόγοις,
1667 3352 1836 3423 θνητά

264 3442 355 3494 σὺν
378 3441 682 3507 ἀθανάτοις,
718 3444 813 3496 καὶ
846 3444 899 3497 εἴ
920 3461 972 3496 τι
1014 3442 1220 3507 τούτοις
1250 3444 1436 3515 ἕτερον
1464 3444 1835 3515 ωνυφέστηκέ

262 3548 317 3585 τε
347 3536 434 3587 καὶ
474 3535 829 3605 συνύφανται,
868 3537 963 3591 καὶ
1010 3540 1085 3601 ὡς
1119 3537 1219 3607 μιᾷ
1246 3535 1355 3589 τῶν
1393 3536 1530 3590 ὅλων
1582 3537 1832 3607 δυνάμει,

265 3626 341 3680 ἑνί
362 3645 416 3681 τε
440 3628 599 3693 ζῶντι
625 3629 720 3684 καὶ
748 3629 975 3701 ἐμψύχῳ
1006 3630 1155 3701 νόμῳ
1191 3646 1251 3682 τε
1285 3630 1378 3683 καὶ
1402 3629 1546 3701 λόγῳ
1579 3631 1636 3682 ὲν
1667 3631 1834 3683 πᾶσιν

263 3717 482 3774 δντικαὶ
509 3720 599 3774 διὰ
631 3721 849 3775 πάντων
888 3722 1075 3792 ἥκοντι
1122 3720 1191 3774 τὰ
1229 3720 1404 3774 πάντα
1450 3719 1837 3793 συναρμόζοιτο

265 3808 349 3879 ὑφ’
379 3810 456 3863 ἑνὶ
485 3811 747 3880 πανσόφῳ
772 3810 975 3883 δεσμῷ,
1002 3810 1151 3882 αὐτῷ
1191 3809 1255 3881 δὴ
1283 3809 1362 3878 τῷ
1392 3808 1495 3862 τοῦ·
1524 3808 1659 3862 Θεοῦ
1692 3810 1836 3881 λόγῳ

264 3917 319 3954 τε
341 3904 429 3956 καὶ
456 3904 626 3975 νόμῳ,
664 3904 1004 3976 συναγόμενα
1025 3921 1085 3958 τε
1114 3905 1208 3957 καὶ
1236 3901 1588 3973 συνδούμενα.

1938 3168 2120 3238 seipso
2148 3168 2325 3222 fuerat
2360 3169 2674 3240 imaginem,
2705 3177 2929 3241 prOpter
2959 3184 3122 3240 quam
3176 3168 3345 3223 Deum
3377 3184 3516 3239 quo—

1937 3274 2043 3329 que
2068 3268 2122 3315 et
2149 3275 2270 3316 esse
2300 3260 2452 3315 illum
2482 3272 2536 3316 et
2566 3260 2698 3327 dici,
2739 3261 2861 3332 ejus
2902 3262 3174 3330 videlicet,
3204 3277 3324 3332 quae
3367 3262 3515 3332 quod
3560 3257 3579 3267 “

1937 3352 2174 3420 primum
2215 3360 2303 3409 est
2335 3353 2524 3419 refert,
2557 3370 2834 3426 expressae
2894 3355 3272 3412 similitudinis
3317 3355 3514 3426 gratia.

1941 3441 2211 3509 Quocirca
2244 3444 2397 3504 illum
2427 3445 2630 3500 bonum
2665 3446 2822 3501 aiunt
2870 3445 3258 3500 administrum
3295 3460 3325 3498 a
3356 3444 3518 3500 Patre

1941 3534 2225 3589 suffectum
2240 3551 2385 3601 esse,
2416 3546 2477 3591 ut
2508 3537 2668 3606 quasi
2693 3553 2789 3609 per
2818 3552 2987 3592 unum
3020 3537 3240 3607 penitus
3272 3537 3515 3606 sapiens,

1944 3628 2242 3699 vivensque
2275 3629 2735 3696 instrumentum,
2766 3629 3215 3700 artiﬁcialemque
3239 3643 3304 3683 ac
3337 3628 3517 3684 omnis

1943 3716 2186 3773 scientiae
2211 3718 2321 3774 vim
2352 3718 2409 3773 in
2426 3734 2485 3775 se
2512 3719 2803 3776 habentem
2830 3717 3097 3791 regulam,
3150 3718 3410 3775 universa
3447 3719 3516 3773 ab

1940 3810 2062 3881 ipso
2093 3821 2436 3882 regerentur,
2469 3818 2581 3866 tam
2610 3826 2846 3883 corpora
2877 3811 3018 3882 ipsa,
3041 3827 3206 3883 quam
3241 3825 3362 3882 qua:
3399 3825 3520 3865 cor-

1944 3904 2094 3975 poris
2132 3905 2379 3974 expertia
2411 3912 2561 3972 sunt,
2590 3912 2703 3960 tam
2727 3906 3027 3961 animantia
3054 3920 3217 3976 quam
3251 3903 3516 3969 inanima,

265 3997 369 4044 tam
398 3992 867 4062 rationaliaquam
896 3992 1079 4057 bruta,
1112 4000 1221 4047 tam
1251 3991 1502 4046 mortalia
1545 4005 1708 4061 quam
1745 3991 2093 4056 immortalia,
2168 4007 2234 4046 ac
2272 3993 2321 4048 si
2373 3993 2506 4064 quid
2547 3994 2692 4049 aliud
2727 4011 2834 4049 una
2865 4011 2991 4050 cum
3018 3995 3105 4050 his
3132 3993 3267 4051 exiit
3308 3993 3366 4049 in
3420 4008 3517 4047 na-

266 4092 453 4150 turam,
480 4099 702 4155 unaque
720 4085 877 4155 quasi
895 4093 1210 4140 contextum
1236 4094 1321 4139 est
1346 4102 1359 4138 :
1387 4098 1600 4139 necnon
1632 4089 1692 4136 ut
1725 4083 1819 4136 uni
1856 4096 2038 4137 rerum
2093 4083 2339 4138 omnium
2369 4087 2649 4157 potestati,
2688 4087 2890 4157 unique
2911 4086 3115 4143 viventi
3180 4093 3345 4157 atque
3400 4084 3519 4139 ani-

268 4187 416 4235 mata:
480 4180 607 4251 legi,
651 4195 717 4234 ac
790 4180 990 4235 rationi
1040 4196 1161 4251 qua:
1210 4181 1263 4234 in
1330 4181 1585 4236 omnibus
1645 4186 1811 4245 esset,
1848 4195 2054 4252 perque
2100 4182 2286 4236 omnia
2348 4190 2683 4253 penetraret,
2753 4186 2937 4240 omnia
2993 4181 3370 4244 convenirent,
3418 4177 3521 4234 sub

269 4286 423 4325 unum
455 4273 646 4341 utique
679 4271 917 4343 perfecte
946 4275 1164 4342 sapiens
1193 4272 1493 4335 vinculum,
1529 4270 1707 4342 ipsum
1748 4272 1960 4327 scilicet
1998 4270 2093 4327 Dei
2136 4274 2360 4330 verbum
2392 4274 2679 4345 ipsamque
2700 4274 2896 4346 legem,
2937 4284 3124 4331 coacta
3149 4281 3203 4329 et
3240 4273 3518 4344 colligata.

1014 4386 1089 4439 1'".

273 4498 380 4553 Ὀτι
426 4499 513 4568 μὴ
565 4499 820 4568 πλείους
866 4499 1006 4554 υἱοϊ
1044 4500 1151 4553 τοῦ
1195 4499 1293 4553 ἐπὶ
1348 4498 1589 4553 πάντων
1642 4499 1791 4554 Θεοῦ
1820 4542 1834 4565 ,

324 4566 509 4693 agree
528 4570 598 4623 δὲ
628 4566 717 4636 εἷς
752 4571 820 4623 ἐκ
848 4570 995 4624 Θεοῦ
1030 4570 1173 4635 Θεὸς
1213 4572 1476 4640 εὐλόγως
1508 4570 1651 4640 ἡμῖν
1691 4572 1839 4640 ἀνη-

331 4661 353 4710 7
392 4658 628 4708 ρευται.

338 4732 487 4794 Ἐνὸς
511 4731 569 4783 δὲ
591 4730 746 4793 ὄντος
782 4730 878 4783 τοῦ
900 4730 1135 4802 Πατρὸς,
1168 4730 1265 4783 ἕνα
1296 4732 1403 4803 χρὴ
1442 4733 1538 4785 καὶ
1568 4731 1660 4786 τὸν
1688 4733 1838 4799 Υἱὸν,

271 4823 392 4877 ἀλλὰ
420 4825 482 4876 οὐ
516 4822 746 4885 πολλοὺς
772 4819 931 4885 εἶναι,
963 4824 1057 4876 καὶ
1091 4823 1187 4876 ἕνα
1228 4823 1431 4876 τέλειον
1466 4823 1624 4893 μόνον
1659 4841 1845 4898 γεννη-

270 4914 348 4967 τὸν
379 4914 515 4997 Θεὸν
553 4917 619 4967 ὲκ
644 4912 799 4978 Θεοῦ,
832 4915 945 4968 ἀλλ’
971 4915 1031 4967 ού
1064 4915 1301 4978 πλείους.
1342 4916 1429 4968 Ἐν
1463 4915 1570 4986 γὰρ
1603 4915 1841 4971 πλείοσιν

270 5008 511 5080 ἑτερότης
550 5007 705 5060 ἔσται
735 5007 827 5059 καὶ
876 5006 1109 5078 διαφορά
1155 5009 1250 5061 καὶ
1295 5007 1390 5061 τοῦ
1425 5008 1664 5078 χείρονος
1696 5012 1841 5064 εἱσα-

270 5101 427 5171 γωγή,
465 5099 561 5152 Διὸ
583 5099 647 5169 δὴ
683 5093 765 5163 εἷς
803 5099 957 5165 Θεὸς,
988 5100 1106 5162 ἐνὸς
1142 5100 1274 5153 Υἱοῦ
1304 5099 1505 5153 τελείου
1545 5101 1640 5154 καὶ
1681 5118 1839 5172 μονος

272 5191 444 5257 γενοῦς
463 5232 478 5254 ,
516 5190 635 5244 ἀλλ’
666 5192 728 5244 οὐ
776 5191 1036 5244 πλειόνων
1100 5191 1236 5245 θεῶν
1287 5192 1397 5245 οὐδ’
1450 5192 1582 5245 υἱῶν
1626 5194 1837 5265 πατήρ·

271 5280 380 5334 ἐπεὶ
408 5283 504 5335 καὶ
542 5282 674 5353 μιᾶς
703 5279 871 5351 οὔσης
909 5279 1086 5348 φωτὸς
1112 5279 1317 5343 οὐσίας,
1363 5281 1492 5349 μίαν
1526 5279 1619 5333 καὶ
1652 5279 1750 5350 τὴν
1783 5279 1841 5345 ἐξ

273 5373 417 5426 αὐτοῦ
451 5372 804 5444 γεννωμένην
831 5372 1039 5425 τελείαν
1072 5370 1238 5442 αὐτὴν
1272 5373 1422 5425 πᾶσα
1455 5371 1665 5441 ἀνάγκη
1698 5370 1842 5425 τίθε-

276 5465 403 5518 σθαι.
435 5467 501 5518 Τί
536 5465 649 5537 γὰρ
705 5464 771 5517 ἂν
812 5465 906 5518 καὶ
948 5464 1074 5517 ἄλλο
1108 5464 1353 5534 γέννημα
1388 5463 1563 5532 φωτὸς
1610 5464 1844 5516 ἐπινοεῖν

275 5553 500 5620 δυνατὸν,
538 5554 616 5625 μὴ
642 5554 765 5623 οὐχὶ⁹
798 5553 966 5624 μόνην
992 5554 1092 5625 τὴν
1124 5552 1181 5620 ἐξ
1216 5550 1378 5605 αὐτοῦ
1406 5552 1472 5605 τὰ
1508 5553 1682 5608 πάντα
1710 5552 1845 5622 πλη-

279 5643 453 5713 ροῦσαν
501 5646 597 5700 καὶ
650 5643 1113 5714 καταλάμπουσαν
1160 5644 1406 5707 ἁκτῖνα;
1460 5645 1569 5697 πᾶν
1624 5644 1731 5715 γὰρ
1782 5644 1841 5696 τὸ

277 5737 458 5809 ταύτης
492 5738 779 5809 ἀλλότριον
818 5736 1006 5799 σκότος
1042 5735 1105 5789 ἂν
1143 5736 1227 5807 εἴη
1261 5735 1354 5788 καὶ
1395 5736 1453 5786 οὐ
1488 5736 1620 5804 φῶς.
1658 5735 1842 5818 Ταύτῃ

2599 4388 2756 4462 147
2789 4389 2875 4445 tll.

1947 4498 2107 4571 Quod,
2136 4516 2239 4554 non
2283 4500 2460 4570 plures
2510 4503 2740 4569 supremi
2768 4502 2865 4556 Dei
2897 4503 3019 4571 ﬁlii,
3056 4500 3146 4555 sed
3194 4516 3331 4553 unus
3376 4500 3523 4559 solus

2072 4569 2137 4625 de
2166 4569 2469 4638 Deo'Deus,
2500 4572 2626 4641 jure
2651 4590 2684 4625 a
2717 4571 2865 4627 nobis
2887 4569 3166 4642 prwdicari
3199 4574 3386 4625 soleat.

2012 4724 2304 4791 Caeterum,
2336 4742 2462 4782 cum
2516 4743 2659 4782 unus
2711 4727 2783 4782 sit
2843 4725 3025 4791 Pater,
3063 4724 3260 4780 Filium
3303 4739 3523 4795 quoque

1946 4833 2140 4883 unum,
2172 4834 2280 4873 non
2300 4819 2484 4889 plures
2500 4834 2623 4874 esse
2648 4825 2882 4890 oportet,
2913 4832 3191 4888 unumque
3221 4816 3522 4887 perfectum

1946 4911 2122 4966 solum
2154 4911 2397 4982 genitum
2423 4910 2594 4966 Deum
2623 4910 2691 4966 de
2711 4909 2842 4978 Deo,
2873 4924 2986 4964 non
3014 4916 3194 4964 autem
3221 4909 3425 4978 plures.
3460 4907 3522 4962 In

1944 5005 2194 5076 pluribus
2226 5006 2370 5059 enim
2397 5003 2687 5059 diversitas
2720 5002 2823 5056 erit
2849 5016 2913 5056 ac
2934 5000 3259 5066 differentia,
3286 4998 3524 5055 deterio-

1944 5100 2130 5168 risque
2157 5094 2510 5151 introductio.
2560 5094 2742 5161 Quare
2797 5110 2941 5150 unus
2987 5094 3148 5159 Deus,
3199 5091 3362 5148 unius
3393 5088 3522 5145 Filii

1944 5189 2171 5260 perfecti
2207 5197 2370 5259 atque
2403 5187 2572 5252 unici,
2610 5203 2720 5241 non
2776 5187 3017 5258 plurium
3076 5185 3305 5240 deorum
3346 5199 3524 5254 neque

1946 5280 2181 5334 ﬁliorum
2219 5286 2401 5348 pater;
2434 5276 2693 5348 quoniam
2726 5291 2850 5332 cum
2886 5275 3112 5330 luminis
3149 5289 3368 5345 quoque
3415 5288 3524 5327 una

1945 5372 2017 5426 sit
2044 5371 2299 5434 essentia,
2342 5368 2514 5437 ipsam
2546 5369 2672 5425 item
2711 5383 2832 5439 quae
2862 5382 2926 5422 ex
2957 5382 3023 5422 eo
3052 5373 3364 5438 generetur,
3400 5380 3525 5435 per-

1947 5462 2140 5516 fectam
2171 5476 2331 5514 unam
2366 5476 2587 5529 ponere,
2615 5461 2794 5517 omnis
2824 5460 2968 5531 cogit
2996 5459 3319 5516 necessitas.
3349 5456 3523 5524 Quam

1944 5553 2090 5605 enim
2120 5551 2279 5604 aliam
2304 5558 2563 5620 praeterea
2591 5550 2832 5605 sobolem
2870 5550 3092 5605 luminis
3120 5550 3358 5621 cogitare
3394 5564 3522 5617 pos-

1947 5659 2158 5709 sumus,
2196 5641 2300 5697 nisi
2328 5657 2496 5697 unum
2542 5640 2743 5711 ipsum,
2766 5640 2858 5711 qui
2891 5656 2958 5696 ex
2994 5641 3114 5710 ipso
3139 5636 3522 5710 proficiscitur,

1948 5735 2237 5806 omniaque
2289 5734 2521 5803 complet
2574 5742 2737 5805 atque
2788 5735 3043 5801 illustrat,
3077 5730 3327 5788 radium?
3358 5729 3525 5797 Quid-
