3880 6256
403 320 510 377 255

1076 318 1347 378 EU'SEBII
1378 322 1866 380 CIESARIENSIS
1902 322 2052 380 OPP.
2099 322 2280 379 PARS
2318 325 2380 378 11.
2424 355 2494 365 —
2528 321 3026 379 APOLOGETICA.
3530 324 3619 381 2520

399 441 529 510 quid
568 442 712 498 enim
754 442 825 497 ab
858 442 960 498 hoc
996 443 1232 498 alienum
1286 443 1467 511 fuerit,
1499 447 1733 502 tenebrae
1782 454 1966 513 erunt,

2091 464 2149 500 τοι
2186 446 2393 500 καὶτοῦ
2426 447 2638 500 πάντων
2674 445 2947 499 ἀνωτάτου
2985 443 3216 514 ΙΙατρδς,
3257 442 3483 513 ἀρρήτου
3523 464 3619 514 φωο

400 550 507 588 non
540 535 741 591 lumen.
771 534 982 591 1dcirco
1006 538 1170 593 etiam
1228 542 1472 610 supremi
1499 541 1738 595 omnium
1773 538 1977 594 Paren-

399 624 471 678 tis
505 640 630 678 eum
679 625 859 681 lumen
891 629 981 692 sit,
1006 630 1148 698 quod
1182 633 1344 687 nullis
1376 633 1553 688 verbis
1592 631 1978 702 comprehendi

400 721 600 784 potest.
642 733 708 771 ne
742 718 920 773 simile
952 720 1170 789 quidem
1200 723 1368 776 ullum
1406 724 1752 794 propriumve
1795 738 1980 776 exem-

400 809 519 877 plar
557 808 743 869 fuerit.
775 819 973 881 prater
1004 814 1181 882 ipsmn
1214 815 1319 869 hoc
1359 816 1557 880 solum,
1586 816 1729 884 quod
1759 813 1979 885 quidem

400 900 579 969 ipsum
625 901 829 969 dicere,
865 904 990 959 item
1016 905 1082 962 de
1106 906 1263 968 Filio,
1295 906 1377 963 las
1406 919 1522 974 est;
1553 906 1809 977 Splendor
1831 905 1977 960 enim

398 1000 483 1046 est
511 992 733 1051 luminis
768 999 1110 1066 sempiterni,
1136 1001 1525 1070 speculumque
1568 998 1977 1052 immaculatum

400 1083 597 1139 divinae
635 1088 942 1151 evidentiae,
977 1098 1030 1143 et
1060 1091 1238 1161 imago
1279 1091 1539 1146 bonitatis
1589 1090 1731 1159 ejus.
1758 1088 1835 1143 Ex
1872 1106 1982 1158 quo

402 1172 533 1227 illud
562 1175 765 1230 dictqu
798 1189 882 1232 est
916 1198 929 1232 :
969 1199 988 1230 ‹
1030 1180 1129 1246 Qui
1161 1196 1285 1234 cum
1315 1181 1385 1235 sit
1412 1180 1671 1251 splendor
1698 1180 1903 1251 glmize,
1929 1188 1983 1233 et

401 1264 571 1336 ﬁgura
625 1269 944 1325 substantiae
992 1270 1191 1341 ejus".
1248 1291 1267 1324 ι
1314 1272 1580 1327 Caeterum
1647 1285 1676 1325 a
1734 1270 1981 1325 sensibili

398 1358 618 1428 quidem
663 1360 866 1416 lumine
895 1361 1151 1430 splendor
1183 1362 1425 1432 separari
1476 1379 1585 1417 non
1625 1370 1805 1433 potest
1842 1381 1854 1416 :
1888 1360 1982 1415 Fi-

399 1450 505 1505 lius
547 1458 729 1505 autem
773 1469 1022 1508 seorsum
1056 1471 1086 1509 a
1127 1453 1286 1509 Patre
1332 1470 1428 1524 per
1460 1457 1699 1524 scipsum
1729 1454 1985 1509 subsistit

398 1547 452 1596 et
485 1540 705 1596 luminis
737 1543 954 1612 quidem
999 1545 1255 1614 splendor
1294 1547 1474 1599 locum
1505 1544 1806 1601 ellicientite
1842 1542 1984 1597 obtio

397 1641 521 1702 net;
558 1642 614 1687 at
642 1633 811 1691 Filius
843 1638 988 1690 aliud
1033 1638 1286 1707 quiddam
1322 1653 1487 1708 quam
1537 1636 1839 1693 secundum
1872 1633 1982 1691 elli-

399 1725 654 1780 cientiam
705 1737 808 1795 est,
841 1744 950 1783 non
1011 1746 1107 1800 per
1158 1730 1398 1801 seipsum
1446 1730 1633 1801 utique
1687 1729 1981 1785 essentiam

2078 539 2168 604 τὸς
2190 540 2360 603 ὄντος,
2395 540 2545 592 οὐδὲν
2588 540 2685 610 μὲν
2715 538 3018 611 προσφερὲς
3051 535 3198 605 αὐτῷ
3231 536 3335 587 οὐδ’
3363 538 3546 592 οἰκεῖον
3568 542 3623 593 ἀν

2077 632 2285 701 γένοιτο
2315 633 2683 703 παράδειγμα,
2717 631 2854 702 πλὴν
2887 632 3008 684 ὅσον
3039 630 3169 683 αὐτὸ
3210 629 3364 681 τοῦτο
3410 632 3573 700 μόνον,
3602 633 3626 686 6

2078 724 2141 796 δὴ
2172 725 2265 778 καὶ
2296 725 2461 793 φάναι
2516 725 2646 793 περὶ
2699 724 2827 777 Υίοῦ
2869 719 2979 775 οἶόν
3022 739 3110 774 τε·
3163 719 3494 792 ἀπαύγασμα
3533 725 3627 795 γάρ

2079 817 2192 867 ἐστι
2220 815 2394 884 φωτὸς
2422 815 2615 881 ἀῖδίου,
2652 817 2744 869 καὶ
2778 814 3036 885 ἔσοπτρον
3070 812 3397 883 ἀκηλίδωτον
3424 812 3517 883 τῆς
3547 814 3627 868 τοῦ

2078 905 2213 960 Θεοῦ
2267 906 2564 978 ἐνεργείας,
2610 906 2701 960 καὶ
2739 904 2902 959 εἰκὼν
2938 905 3037 975 τῆς
3094 903 3425 973 ἀγαθότητος
3461 905 3624 959 αὐτοῦ.

2078 1000 2169 1053 Διὸ
2203 999 2446 1070 εἶρηται’
2484 1017 2501 1049 ι
2534 999 2629 1059 Ὃς
2660 995 2734 1049 ὢν
2760 996 3097 1067 ἀπαύγασμα
3122 997 3219 1063 τῆς
3250 994 3405 1065 δόξης
3437 999 3524 1051 καὶ
3549 1017 3631 1067 χα-

2084 1094 2293 1167 ρακτὴρ
2322 1093 2420 1162 τῆς
2453 1091 2799 1156 ὑποστάσεως
2833 1090 3014 1144 αὐτοῦ.
3043 1110 3061 1142 ι
3100 1090 3258 1143 Ἀλλὰ
3288 1091 3382 1144 τοῦ
3419 1094 3511 1162 μὲν
3560 1097 3632 1146 αξ-

2082 1184 2279 1254 σοητοῦ
2305 1184 2481 1253 φωτὸς
2533 1182 2898 1256 ἀχώριστοςὴ
2943 1184 3083 1254 αὐγὴ
3110 1224 3124 1246 ,
3161 1187 3187 1237 6
3237 1184 3280 1236 δ’
3332 1184 3456 1248 Υἱὸς
3509 1186 3634 1250 ἰδίως

2082 1276 2231 1348 παρὰ
2256 1276 2345 1329 τὸν
2378 1276 2596 1347 Πατέρα
2629 1275 2750 1328 καθ’
2778 1276 2965 1329 ἑαυτὸν
3009 1277 3296 1347 ἐφέστηκε.
3334 1277 3439 1328 Καὶ
3479 1276 3635 1344 φωτὸς

2087 1369 2184 1439 μὲν
2209 1370 2240 1438 ή
2276 1367 2417 1438 αὐγὴ
2453 1366 2635 1438 χώραν
2663 1367 2944 1439 ἐνεργείας
2968 1367 3173 1438 ἐπέχει,
3197 1370 3224 1421 6
3246 1368 3301 1420 δέ
3327 1366 3449 1430 Υἱὸς
3473 1367 3640 1439 ἕτερόν

2080 1476 2134 1513 τι
2174 1458 2377 1530 ἦκατά
2415 1459 2696 1530 ἐνέργειαν
2733 1459 3019 1530 τυγχάνει,
3056 1458 3176 1511 καθ’
3231 1457 3421 1512 ἐαυτὸν
3466 1459 3641 1512 οὐσιω-

2085 1550 2262 1623 μένος.
2299 1552 2408 1603 Καὶ
2440 1550 2659 1621 πάλινὴ
2696 1551 2793 1621 μέν
2830 1551 2972 1621 αὐγὴ
3009 1551 3344 1620 συνυπάρχει
3378 1549 3453 1621 τῷ
3496 1551 3639 1619 φωτὶ,

2085 1640 2513 1714 συμπληρωτική
2542 1658 2626 1705 τις
2656 1638 2790 1695 οὖσα
2824 1640 2987 1695 αὐτοῦ
3009 1658 3022 1672 ο
3052 1641 3178 1695 ἄνευ
3217 1641 3328 1712 γάρ
3361 1641 3526 1713 αὐγῆς
3555 1642 3642 1695 οὐκ

2085 1729 2149 1784 ἂν
2184 1731 2451 1801 ὑποσταίη
2479 1731 2611 1800 φώς,
2635 1731 2769 1803 ὁμοῦ
2803 1749 2861 1784 τε
2898 1733 2992 1786 καὶ
3022 1730 3140 1785 καθ’
3171 1732 3301 1784 αὐτὸ
3334 1732 3645 1803 συνυφέστη-

399 1824 615 1882 nactus,
650 1816 744 1872 sed
778 1832 805 1871 a
847 1817 1024 1872 Patre.
1068 1817 1281 1875 Rursus
1332 1820 1591 1890 splendor
1634 1818 1798 1874 simul
1836 1819 1982 1873 exsi-

2091 1840 2198 1877 κεν.
2235 1824 2293 1876 '0
2325 1822 2381 1876 δέ
2414 1824 2601 1895 Πατὴρ
2638 1825 2977 1896 προϋπάρχει
3009 1823 3103 1876 τοῦ
3138 1822 3285 1877 Υἱοῦ.
3326 1825 3418 1876 καὶ
3446 1825 3537 1895 τῆς
3565 1841 3645 1892 γε·

396 1906 493 1961 stit
533 1924 658 1962 cum
717 1908 950 1972 lumine,
1004 1910 1250 1982 illudque
1299 1910 1702 1981 quodammodo
1747 1909 1981 1979 complet

395 2001 548 2072 (nam
584 2002 702 2057 sine
737 2002 1025 2072 splendore
1073 2019 1182 2058 nou
1233 2004 1489 2061 consistit
1532 2002 1755 2071 lumen),
1788 2002 1983 2058 simul-

400 2108 509 2165 que
565 2110 688 2149 cum
752 2096 867 2161 illo,
922 2107 976 2151 ct
1024 2098 1323 2154 secundum
1358 2098 1491 2154 illud
1532 2097 1786 2154 subsistit
1820 2116 1833 2151 :
1867 2104 1921 2150 at
1952 2108 1983 2149 a

403 2181 565 2243 Patre
594 2185 764 2242 Filius
796 2188 1061 2260 procedit,
1095 2198 1148 2244 et
1183 2189 1335 2244 illum
1361 2198 1606 2261 generat,
1641 2196 1695 2242 at
1728 2189 1843 2259 ipse
1875 2203 1984 2241 non

400 2278 618 2346 genitus
650 2286 734 2335 est
765 2298 780 2334 :
821 2291 873 2335 et
906 2282 996 2336 ille
1018 2281 1237 2351 quidem
1270 2298 1367 2353 per
1399 2297 1459 2337 se
1490 2280 1671 2353 ipsum
1708 2278 1984 2351 perfectus

399 2379 475 2423 ac‘
511 2370 720 2440 primus
773 2380 1028 2444 tanquam
1062 2372 1243 2439 Pater,
1275 2382 1328 2428 et
1358 2373 1451 2444 qui
1488 2381 1682 2428 auctor
1710 2372 1782 2427 sit
1809 2379 1867 2426 ut
1897 2369 1984 2425 Fi-

402 2458 507 2514 lius
556 2461 846 2529 consistat,
880 2463 1014 2517 nihil
1068 2478 1099 2517 a
1149 2462 1286 2519 Filio
1338 2464 1636 2534 accipiens,
1664 2479 1773 2534 quo
1828 2479 1984 2518 suam

399 2560 651 2607 naturam
704 2570 812 2625 qua
860 2553 1001 2611 Deus
1051 2563 1134 2611 est
1177 2557 1445 2628 compleat
1483 2576 1497 2613 :
1530 2558 1619 2613 hic
1648 2567 1826 2612 autem
1862 2566 1987 2612 tan-

398 2660 569 2716 quam
599 2662 665 2701 ex
700 2663 866 2703 causa
896 2649 1175 2719 profectus
1205 2648 1395 2717 Filius,
1431 2651 1573 2705 alius
1608 2652 1676 2705 ab
1710 2651 1803 2705 illo
1827 2650 1987 2720 cujus

398 2746 486 2793 est
522 2736 695 2793 Filius
732 2740 968 2807 exsistit,
1007 2730 1208 2812 quippe
1236 2742 1331 2813 qui
1366 2757 1396 2796 a
1426 2742 1588 2798 Patre
1630 2749 1689 2796 ut
1729 2752 1783 2798 et
1827 2743 1899 2797 sit
1933 2751 1988 2799 et

401 2830 527 2885 talis
562 2833 632 2886 sit
667 2834 956 2903 acceperit.
992 2833 1152 2906 148
1182 2833 1394 2890 Rursus
1447 2835 1707 2905 splendor
1761 2835 1984 2906 quidem

403 2934 514 2975 non
547 2937 613 2976 ex
648 2925 930 2994 praposito
968 2934 1021 2978 et
1046 2924 1323 2979 voluntate
1356 2924 1581 2981 luminis
1606 2923 1988 2997 splendet,sed

404 3015 704 3068 secundum
749 3015 1004 3085 quiddam
1046 3015 1191 3085 quod
1221 3016 1288 3070 ad
1320 3016 1617 3072 essentiam
1663 3016 1812 3072 illius
1842 3016 1990 3073 inse-

405 3104 724 3177 parabiliter
754 3105 953 3160 accidit
987 3122 1000 3161 :
1028 3105 1200 3161 Filius
1234 3123 1363 3162 vero
1390 3124 1454 3163 ex
1485 3109 1755 3163 sententia
1780 3116 1835 3163 et
1869 3124 1991 3179 pro-

405 3198 585 3269 posito
612 3197 790 3268 imago
811 3196 987 3254 Patris
1018 3199 1252 3256 exsistit.
1279 3198 1479 3257 Volens
1506 3201 1653 3256 enim
1689 3200 1831 3257 Deus
1863 3199 1985 3255 Filii

403 3287 569 3345 Pater
618 3288 853 3351 exsistit,
898 3295 952 3343 et
1001 3291 1232 3343 alterum
1272 3289 1453 3345 lumen
1493 3290 1550 3344 in
1592 3289 1848 3346 omnibus
1884 3290 1987 3347 sibi

406 3381 513 3453 ipsi
541 3380 720 3436 simile
745 3380 1031 3435 substituit
1060 3401 1073 3435 :
1113 3395 1237 3435 cum
1268 3396 1398 3451 ergo
1431 3397 1542 3436 non
1578 3383 1818 3452 genitum
1846 3399 1990 3439 scm-

409 3475 792 3544 piternumque
814 3473 995 3527 lumen
1028 3489 1196 3527 unum
1228 3474 1317 3536 sit,
1342 3474 1434 3544 qui
1460 3473 1574 3529 ﬁeri
1601 3480 1780 3544 potest
1807 3486 1861 3530 ut
1888 3475 1992 3531 hoc

408 3565 685 3621 diversum
726 3567 798 3621 sit
828 3566 898 3621 ab
931 3567 1025 3621 illo
1058 3567 1227 3622 veluti
1261 3567 1438 3637 imago
1471 3567 1757 3638 quaedam?
1785 3585 1850 3624 ac
1880 3585 1990 3623 non

411 3658 593 3730 potius
640 3658 898 3728 splendor
940 3674 1179 3731 quoque,
1227 3657 1369 3729 quod
1411 3675 1564 3729 teque
1595 3660 1779 3714 lumen
1812 3660 1904 3727 sit,
1936 3660 1991 3715 in

410 3751 664 3806 omnibus
708 3752 1121 3807 similitudinem
1173 3752 1332 3822 primi
1383 3752 1716 3823 exemplaris
1766 3766 1990 3808 conser-

410 3845 582 3900 vans?
622 3843 906 3912 Quomodo
966 3863 1094 3901 vero
1152 3847 1299 3902 illius
1350 3845 1478 3902 item
1515 3845 1662 3917 quod
1710 3862 1880 3900 unum
1910 3854 1994 3902 est

410 3930 591 4003 Imago
639 3932 835 3998 luerit;
869 3937 915 3990 si
958 3952 1065 3989 non
1098 3951 1204 3990 una
1243 3938 1357 4005 ipsa
1393 3950 1612 4005 quoque
1640 3935 1733 3999 sit,
1760 3942 1818 3988 ut
1847 3934 1995 3989 vide-

412 4025 538 4081 licet
569 4044 676 4082 nou
711 4029 887 4084 solum
914 4032 1169 4086 essentia:
1191 4032 1312 4100 ejus
1332 4030 1475 4101 quod
1504 4032 1739 4101 primum
1766 4039 1869 4097 est,
1898 4029 1994 4085 sed

414 4114 580 4170 etiam
633 4118 753 4187 ejus
806 4119 901 4190 qui
948 4119 1016 4174 ad
1069 4122 1430 4190 quantitatem
1483 4121 1739 4191 pertinet,
1780 4120 1994 4174 numeri

415 4207 826 4264 similitudinem
853 4209 1115 4265 inducat?
1146 4212 1220 4265 ita
1248 4209 1468 4281 quidem
1503 4218 1562 4264 ut
1595 4210 1760 4265 unius
1788 4209 1993 4279 sempi-

414 4301 553 4356 terni
579 4301 803 4359 luminis
826 4321 992 4359 unum
1027 4306 1100 4361 sit
1130 4306 1429 4377 perfectum
1461 4305 1664 4370 lumen,
1685 4322 1792 4361 non
1814 4314 1995 4359 autem

414 4394 631 4452 diversa
665 4404 719 4452 et
751 4398 926 4467 plura,
955 4400 1010 4454 id
1056 4398 1203 4470 quod
1241 4397 1477 4469 primum
1501 4406 1555 4453 et
1587 4399 1810 4453 unicum
1838 4397 1994 4469 geni-

2083 1913 2282 1978 νέσεως
2323 1914 2486 1967 αὐτοῦ
2518 1915 2929 1986 προῦφέστηκεν
2952 1956 2967 1979 ,
3075 1916 3233 1986 μόνος
3279 1916 3540 1987 ἀγένητος
3564 1910 3641 1985 ἦν.

2084 2007 2194 2060 Καὶ
2219 2007 2247 2059 6
2276 2007 2372 2077 μὲν
2398 2005 2516 2060 καθ’
2536 2007 2726 2060 ἑαυτὸν
2746 2007 2950 2070 τέλειος
2974 2009 3066 2060 καὶ
3092 2007 3330 2079 πρῶτος,
3357 2007 3431 2070 ὡς
3453 2006 3645 2077 Πατὴρ,

2084 2096 2178 2150 καὶ
2210 2097 2308 2168 τῆς
2362 2095 2454 2149 τοῦ
2490 2095 2617 2149 Υἱοῦ
2642 2098 2950 2160 συστάσεως
2993 2097 3192 2160 αἴτιος,
3230 2096 3382 2149 οὐδὲν
3415 2097 3492 2159 εἰς
3525 2113 3647 2165 συμ-

2086 2189 2367 2261 πλήρωσιν
2398 2188 2496 2259 τῆς
2523 2187 2715 2241 ἑαυτοῦ
2750 2187 2999 2259 Θεότητος
3031 2188 3179 2258 παρά
3214 2188 3308 2241 τοῦ
3358 2186 3487 2240 Υίοῦ
3519 2186 3646 2257 λαμ-

2086 2283 2297 2337 ϐάνωνο
2334 2284 2361 2335 6
2382 2281 2438 2334 δέ
2468 2282 2543 2344 ώς
2576 2277 2635 2345 ἐξ
2669 2280 2841 2333 αίτίου
2873 2278 3111 2349 γεγονὼς
3148 2278 3296 2344 Υἱὸς,
3328 2278 3569 2350 δεύτερος
3594 2269 3648 2331 οὗ

2086 2379 2233 2431 ἐστιν
2262 2375 2388 2440 Υἱὸς
2410 2373 2736 2443 καθέστηκε,
2761 2372 2911 2444 παρά
2941 2371 3034 2425 τοῦ
3069 2373 3279 2444 lla-.96;
3305 2373 3399 2425 καὶ
3431 2371 3491 2424 τὸ
3526 2368 3650 2425 εἶναι

2086 2471 2181 2523 καὶ
2212 2466 2416 2521 τοιόσδε
2444 2462 2581 2519 εἶναι
2616 2464 2870 2537 εἰληφώς.
2906 2465 3014 2518 Καὶ
3043 2464 3201 2517 πάλιν
3230 2465 3263 2535 ἡ
3290 2464 3389 2534 μὲν
3420 2464 3556 2536 αὐγὴ
3594 2462 3650 2516 οὐ

2087 2561 2229 2613 κατά
2257 2558 2574 2630 προαίρεσιν
2606 2554 2699 2609 τοῦ
2718 2557 2891 2625 φωτὸς
2922 2554 3213 2625 ἐκλάμπει,
3235 2553 3380 2608 κατά
3410 2571 3461 2607 τι
3481 2553 3535 2606 δὲ
3564 2553 3652 2623 τῆς

2087 2653 2275 2716 οὐσίας
2312 2649 2656 2722 συμϐεϐηκὸς
2676 2647 2976 2721 ἀχώριστον
2997 2666 3009 2678 ·
3043 2650 3071 2701 6
3103 2648 3159 2701 δέ
3198 2648 3323 2711 Υίὺς
3358 2646 3497 2700 κατά
3524 2642 3651 2714 γνώ-

2092 2763 2198 2817 μην
2236 2744 2330 2797 καὶ
2366 2742 2683 2815 προαίρεσιν
2717 2741 2879 2795 εἰκὼν
2909 2740 3115 2811 ὑπέστη
3156 2738 3246 2793 τοῦ
3278 2739 3510 2811 Πατρός.
3540 2738 3656 2790 Bou-

2088 2838 2271 2910 ληοεὶς
2302 2839 2410 2909 γάρ
2433 2838 2460 2889 6
2480 2836 2613 2898 Θεὸς
2642 2834 2864 2904 γέγονεν
2890 2833 3019 2887 Υίοῦ
3041 2835 3193 2904 lla-ui;
3200 2854 3252 2906 ρ,
3275 2834 3372 2888 καὶ
3407 2832 3519 2901 φῶς
3547 2830 3657 2883 δεύ-

2087 2951 2241 3005 τερον
2276 2931 2417 2985 κατά
2438 2932 2612 2985 πάντα
2636 2928 2812 2999 ἐαυτῷ
2844 2928 3271 2999 ἀφωμοιωμένον
3307 2927 3654 2997 ὑπεστήσατο.

2101 3027 2389 3097 Ἀγενήτου
2436 3021 2722 3095 τοιγαροῦν
2763 3022 2850 3074 καὶ
2894 3020 3065 3071 ἁτδίου
3110 3020 3287 3090 φωτὸς
3331 3020 3482 3082 ὄντος
3526 3018 3658 3084 ἐνὸς,

2092 3120 2209 3184 πῶς
2241 3118 2305 3172 ἂν
2331 3118 2540 3187 γένοιτο
2564 3116 2690 3170 ἀλλο
2716 3110 2909 3178 οἷάτις
2941 3116 3124 3178 εἰκὼν,
3152 3114 3271 3184 οὐχὶ
3292 3113 3350 3166 δέ
3378 3111 3517 3181 αὐγὴ
3536 3106 3658 3164 οὖσα

2093 3212 2209 3284 φῶς
2234 3212 2374 3265 κατὰ
2394 3211 2572 3264 πάντα
2591 3209 2651 3262 τὸ
2672 3210 2908 3280 ἐμφερὲς
2932 3206 3004 3278 τῷ
3026 3206 3369 3279 πρωτοτύπῳ
3392 3206 3659 3269 σώζουσα;

2094 3304 2211 3369 πῶς
2242 3304 2285 3358 δ’
2323 3303 2388 3357 ἀν
2433 3305 2528 3357 καὶ
2571 3302 2736 3356 αὐτοῦ
2767 3300 2859 3354 τοῦ
2894 3300 3010 3364 ἐνὸς
3040 3300 3123 3370 εἴη
3153 3298 3342 3365 εἰκὼν,
3383 3300 3433 3351 εἰ
3469 3297 3540 3368 μὴ
3573 3293 3661 3364 μία

2093 3399 2184 3451 καὶ
2234 3398 2267 3467 ὴ
2325 3395 2462 3466 αὐτὴ
2508 3390 2671 3459 οὖσα;
2704 3394 2849 3455 ὅπως
2889 3391 2963 3463 μὴ
2999 3392 3158 3462 μόνον
3216 3389 3319 3460 τῆς
3364 3388 3548 3450 οὐσίας
3576 3383 3659 3437 τοῦ

2093 3491 2331 3564 πρώτου,
2375 3490 2510 3544 ἀλλά
2545 3490 2639 3543 καὶ
2679 3488 2771 3543 τοῦ
2818 3488 2957 3541 κατά
3000 3486 3060 3539 τὸ
3094 3484 3259 3538 ποσὸν
3307 3482 3541 3556 ἀριθμοῦ
3572 3479 3662 3551 τὴν

2093 3587 2350 3655 ὁμοίωσιν
2380 3584 2656 3652 ἐπάγοιτο,
2693 3581 2823 3636 ὥσθ’
2855 3582 2971 3645 ἐνὸς
2991 3578 3126 3634 εἶναι
3157 3578 3249 3632 τοῦ
3293 3577 3469 3631 ἀϊδίου
3500 3573 3664 3646 φωτὸς

2093 3679 2151 3733 ἒν
2180 3678 2238 3732 τὸ
2268 3677 2492 3742 τέλειον,
2523 3675 2637 3729 ἀλλ’
2670 3676 2731 3729 οὐ
2775 3674 3006 3746 διάφορα
3036 3671 3131 3726 καὶ
3162 3670 3333 3724 πολλὰ
3361 3670 3424 3723 τὸ
3461 3666 3665 3738 πρῶτον

2094 3774 2188 3827 καὶ
2218 3770 2503 3843 μονογενὲς
2546 3769 2795 3838 ἔκγονον,
2841 3767 2970 3820 αὐτὸ
3010 3766 3074 3838 δὴ
3115 3767 3293 3818 ἐκεῖνο
3324 3763 3386 3817 τὸ
3418 3761 3511 3816 καὶ
3541 3760 3667 3829 ἡμῖν

2095 3864 2309 3935 πρῶτον
2338 3861 2478 3935 μετά
2508 3861 2607 3933 τὴν
2640 3859 2873 3931 ἄναρχον
2905 3858 2999 3912 καὶ
3045 3858 3308 3927 ἀγένητον
3336 3853 3524 3909 οὐσίαν
3557 3850 3667 3905 θεο-

2094 3957 2418 4028 λογούμενον
2445 3955 2647 4009 τέλειον
2675 3953 2900 4023 ἀγαθόν.
2942 3952 3079 4005 Ἕνα
3105 3950 3235 4019 γοῦν
3273 3950 3379 4021 χρὴ
3420 3946 3537 4009 ἐνὸς
3565 3944 3668 3997 Πα-

2095 4049 2219 4121 τρὸς
2251 4047 2466 4102 καὶτὸν
2508 4046 2636 4100 Υἱὸν
2668 4042 2823 4099 εἶναι.
2871 4044 2981 4098 Καὶ
3025 4042 3134 4114 γὰρ
3179 4044 3307 4114 μιᾶς
3343 4040 3574 4102 εὐωδίας
3615 4035 3669 4102 ἐξ

2097 4142 2463 4213 ὑποκειμένης
2504 4140 2646 4203 τινὸς
2696 4138 2988 4210 προϊούσης
3019 4135 3208 4198 οὐσίας
3257 4133 3389 4205 μίαν
3439 4132 3533 4188 καὶ
3579 4130 3671 4199 τὴν

2099 4234 2269 4302 αὐτὴν
2298 4231 2669 4305 προχεομένην
2695 4232 2878 4303 ἡδεῖαν
2900 4231 2978 4293 είς
3012 4227 3218 4290 πάντας
3246 4226 3443 4297 ὀδμὴν,
3477 4222 3590 4277 ἀλλ’
3614 4220 3669 4274 οὐ

2098 4326 2387 4399 διαφόρους
2426 4327 2519 4379 καὶ
2561 4323 2761 4388 πολλὰς
2814 4323 3079 4396 προσήκοι
3120 4322 3187 4374 ἂν
3227 4319 3535 4391 ὁμολογεῖν.
3572 4313 3671 4368 Τοῦ

2098 4420 2235 4490 δῆτα
2259 4417 2476 4491 πρώτου
2511 4419 2606 4471 καὶ
2632 4417 2791 4488 μόνου
2829 4413 3059 4483 ἀγαθοῦ,
3093 4414 3121 4466 ὅ
3154 4415 3300 4467 ἐστιν
3341 4414 3369 4465 6
3403 4408 3674 4481 παμϐασι-

415 4495 554 4552 tum,
579 4486 894 4558 editumque
934 4500 1039 4556 est,
1077 4490 1255 4559 ipsum
1298 4488 1487 4559 utique
1531 4487 1663 4542 illud
1697 4486 1988 4559 perfectum

2098 4486 2222 4575 1.56;
2244 4486 2395 4574 Θεὸς,
2422 4509 2497 4581 νῷ
2524 4511 2619 4563 καὶ
2635 4486 2843 4581 διανοίᾳ
2864 4505 3075 4577 ληπτὴν
3109 4505 3290 4559 ἔνθεον
3316 4505 3414 4558 καὶ
3446 4498 3674 4571 ζωτικὴν

417 4579 641 4645 bonum,
675 4579 744 4635 de
792 4595 901 4651 quo
943 4595 1055 4635 uno
1100 4595 1201 4635 nos
1232 4595 1472 4650 quoque,
1504 4586 1625 4650 post
1647 4594 1767 4634 eam
1790 4594 1911 4649 qua:
1943 4587 1997 4634 et

414 4671 703 4742 principio,
727 4678 780 4726 et
809 4679 932 4727 ortu
963 4680 1113 4728 caret
1134 4672 1457 4736 essentiam,
1493 4680 1553 4725 ut
1584 4669 1652 4726 de
1681 4668 1790 4724 Deo
1821 4671 1999 4740 loqui-

418 4782 558 4821 mur.
601 4765 775 4823 Unius
822 4782 951 4837 ergo
982 4766 1159 4822 Patris
1190 4781 1358 4822 unum
1393 4781 1516 4821 esse
1536 4762 1733 4819 Filium
1759 4772 1993 4836 oportet.

418 4858 552 4915 Nam
598 4860 643 4915 si
701 4859 1012 4929 fragrantia:
1041 4874 1213 4930 genus
1240 4874 1410 4912 unum
1437 4875 1505 4913 ex
1534 4858 1716 4929 aliqua
1746 4858 1997 4929 subjecm

417 4971 478 5011 re
510 4951 912 5025 proﬁciscatur,
946 4967 1113 5005 unum
1158 4965 1374 5021 quoque
1406 4958 1462 5005 et
1497 4950 1770 5014 eumdem,
1795 4949 1889 5018 qui
1940 4950 1996 5004 in

416 5061 607 5101 omnes
636 5043 976 5099 dill'undatur
1005 5058 1226 5098 suavem
1259 5043 1504 5104 odorem,
1535 5056 1643 5095 non
1673 5041 1921 5097 diversos
1942 5048 1998 5096 et

419 5137 605 5206 plures
646 5133 802 5189 fateri
841 5149 939 5204 par
968 5142 1072 5189 est.
1100 5132 1238 5187 Cum
1278 5132 1446 5202 igitur
1474 5131 1709 5202 primum
1741 5130 1873 5185 illud
1906 5145 1998 5186 so-

419 5228 641 5297 lumque
680 5227 905 5288 bonum,
932 5225 1024 5296 qui
1053 5234 1136 5281 est
1161 5225 1405 5278 omnium
1437 5235 1693 5294 regnator
1721 5222 1885 5286 Deus,
1916 5224 1999 5278 di-

423 5320 601 5373 vinam
628 5319 960 5389 vitalemque
989 5317 1366 5389 fragrantiam,
1406 5334 1527 5388 qua:
1545 5316 1731 5371 animo
1760 5321 1816 5370 et
1846 5314 1999 5383 (ιοεὶ-

420 5412 625 5465 tatione
671 5410 935 5465 duntaxat
986 5410 1372 5481 comprehendi
1422 5418 1621 5482 potest,
1658 5407 1996 5480 produxerit,

427 5519 588 5557 unam
611 5505 753 5560 hanc
806 5503 891 5561 fas
936 5516 1019 5560 est
1054 5504 1375 5575 intelligere,
1418 5506 1603 5576 plures
1648 5503 1824 5559 nefas.
1855 5501 1997 5569 Quid

420 5599 566 5655 enim
590 5616 715 5657 esse
747 5608 945 5672 potest,
974 5599 1117 5671 quod
1145 5599 1360 5671 quidem
1387 5600 1454 5655 ab
1475 5599 1577 5655 hac
1604 5597 1881 5655 diversum
1905 5597 1997 5667 sit,

493 5804 543 5839 ⁹⁹
570 5802 731 5862 Hebr.
765 5821 801 5871 ι,
824 5805 877 5859 5.

2098 4603 2327 4657 εὐωδίαν
2343 4601 2810 4673 ὑποστησαμένου,
2832 4599 2958 4670 μίαν
2978 4598 3202 4669 ταύτην,
3225 4596 3341 4650 ἀλλ’
3371 4597 3433 4650 οὐ
3465 4593 3676 4655 πλείους

2099 4697 2336 4750 ἐπινοεῖν
2364 4695 2537 4767 Θέμις.
2575 4694 2639 4748 Τί
2664 4694 2774 4765 γὰρ
2802 4693 2866 4745 ἀν
2903 4692 3000 4745 καὶ
3033 4693 3242 4759 γένοιτο
3268 4690 3477 4759 ταύτης
3498 4688 3676 4756 ἕτερον

2100 4786 2244 4841 κατά
2284 4787 2463 4841 πάντα
2491 4785 2568 4857 τῷ
2600 4785 2775 4856 Ilath
2803 4783 3260 4854 ἀφωμοιωμένης,
3295 4784 3344 4835 εἰ
3380 4783 3457 4852 μή
3487 4797 3539 4832 τι
3576 4778 3677 4847 ἄρα

2102 4877 2442 4948 ὑποϐεϐηκὸς
2474 4877 2570 4930 καὶ
2617 4880 2829 4948 χεῖρον;
2864 4874 2891 4926 6
2931 4873 3181 4945 οὐδαμῶς
3221 4876 3356 4944 ἡμῖν
3391 4874 3451 4925 ἐν
3494 4872 3559 4942 τῇ
3588 4865 3676 4921 τοῦ

2102 4969 2233 5024 Υἱοῦ
2268 4969 2516 5041 Θεολογίᾳ
2558 4967 2974 5040 παρεισακτέον.
3039 4967 3227 5038 Ἀτμὶς
3265 4967 3376 5039 γάρ
3421 4968 3539 5020 ἐστι
3583 4962 3679 5033 τῆς

2100 5064 2194 5117 τοῦ
2221 5064 2355 5117 Θεοῦ
2378 5064 2677 5133 δυνάμεως,
2709 5063 2801 5116 καὶ
2834 5062 3101 5133 ἀπόρροια
3124 5062 3223 5132 τῆς
3248 5059 3343 5113 τοῦ
3374 5054 3679 5128 παντοκρά-

2101 5173 2257 5228 τορος
2283 5155 2440 5227 δόξης
2474 5155 2789 5227 εἰλικρινής.
2822 5153 2911 5221 Ἐξ
2954 5153 3186 5217 εὐώδους
3221 5154 3318 5225 μὲν
3348 5152 3460 5223 γὰρ
3497 5149 3679 5219 σώμα·

2101 5267 2213 5312 τος,
2242 5248 2413 5320 μύρου
2442 5247 2584 5310 τινὸς
2618 5246 2771 5319 φέρε,
2804 5246 2837 5317 ἦ
2872 5245 2964 5299 καὶ
2992 5245 3098 5298 τῶν
3133 5245 3241 5300 ἀπὸ
3278 5246 3384 5316 γῆς
3410 5239 3680 5313 ἀκμαζόν·

2102 5358 2231 5405 των,
2261 5338 2464 5409 εὐώδης
2495 5356 2578 5403 τις
2612 5338 2788 5391 ἀνθῶν
2819 5355 2879 5391 τε
2907 5339 3002 5391 καὶ
3024 5338 3332 5409 ἀρωμάτων
3364 5336 3504 5406 πνοὴ
3534 5332 3679 5403 παρά

2104 5432 2164 5486 τὸ
2198 5430 2411 5504 πρῶτον
2454 5432 2808 5503 ὑποκείμενον
2841 5433 2920 5495 εἰς
2959 5430 3103 5485 ἆπαν
3141 5430 3202 5483 τὸ
3230 5429 3389 5491 ἐκτὸς
3429 5425 3681 5498 περιέχον

2106 5524 2412 5593 προχεῖται,
2443 5526 2535 5577 καὶ
2588 5524 2783 5596 πληροί
2816 5540 2880 5592 γε
2910 5523 3005 5577 καὶ
3050 5522 3141 5575 τὸν
3188 5522 3326 5593 ἀέρα
3371 5522 3453 5584 εἰς
3486 5518 3682 5578 πλάτος

2106 5616 2473 5687 ἀναχεομένη,
2524 5615 2639 5670 οὐτι
2675 5635 2760 5671 πω
2798 5616 2939 5670 κατὰ
2983 5616 3236 5688 στέρησιν
3268 5612 3299 5684 ἢ
3338 5613 3598 5684 μείωσιν,
3646 5607 3680 5681 ἦ
