3880 6256
238 342 333 399 257

1115 341 1766 399 DEMONSTRATIONIS
1801 339 2264 399 EVANGELICA'}
2305 342 2435 399 LIB.
2480 342 2574 399 IV.

3363 341 3469 399 258

234 462 419 533 τομὴν,
450 461 484 532 ἢ
516 460 786 535 διαίρεσιν
810 463 905 518 τοῦ
945 462 1429 535 προῦποκειμὲνου.
1458 462 1659 515 Τούτου
1689 460 1799 534 γὰρ

1905 475 2019 531 quae
2042 460 2096 515 in
2129 461 2385 517 omnibus
2411 460 2559 516 Patri
2583 460 2777 518 similis
2799 468 2904 526 est,
2933 458 3077 532 quod
3108 474 3217 515 non
3234 458 3475 515 submis-

236 556 287 608 ὲν
332 553 512 625 οἰκείᾳ
550 553 707 626 χώρᾳ
744 554 1011 625 μένοντος,
1064 555 1157 608 καὶ
1208 555 1306 626 τὴν
1334 554 1633 623 ταυτότητα
1665 554 1800 627 πρὸς

235 644 383 699 me
408 643 694 710 σώζοντος.
727 647 826 716 τήν
847 662 903 698 τε
924 644 1094 715 εὐώδη
1119 645 1343 718 δύναμιν
1376 645 1798 714 ἁπογεννῶντος,

234 736 377 790 οὐδὲν
398 735 496 789 τοῦ
528 736 796 808 προτέρου
824 738 1023 808 χεῖρον,
1045 736 1219 791 καὶτὸ
1240 735 1576 808 γεννώμενον
1605 736 1803 800 εὐῶδες

235 826 431 881 οἰκείαν
447 825 572 896 ἕχον
596 828 914 890 ὑπόστασιν,
936 827 1012 892 ὡς
1033 829 1115 881 ὅτι
1136 828 1366 899 μάλιστα
1387 828 1447 880 τὺ
1492 828 1803 897 ὁμοιότατον

236 917 408 989 τῇτοῦ
442 919 803 990 γεννήσαντος
832 919 1009 988 φύσει,
1042 918 1130 973 διὰ
1164 919 1263 989 τῆς
1299 918 1505 983 οἰκείας
1527 919 1802 990 ὰπομεμί-

240 1028 416 1081 μηται.
436 1011 585 1081 Πλὴν
611 1011 725 1064 ἀλλ’
742 1011 820 1065 ἔτι
841 1011 1008 1065 ταῦτα
1026 1009 1201 1082 γεώδη
1227 1011 1322 1065 καὶ
1350 1010 1517 1082 θνητὰ
1537 1012 1631 1064 καὶ
1660 1011 1800 1083 μέρη

237 1102 328 1172 τῆς
348 1103 497 1154 κάτω
525 1101 846 1173 φθοροποιοῦ
877 1102 972 1155 καὶ
998 1101 1230 1171 γεώδους
1253 1102 1484 1172 φύσεως.
1501 1102 1581 1157 Τά
1607 1119 1670 1171 γε
1694 1104 1800 1174 μὴν

239 1195 329 1264 τῆς
372 1194 741 1265 προκειμένης
799 1196 932 1266 ἡμῖν
982 1194 1259 1264 θεολογίας
1300 1195 1553 1249 ἐπέκεινα
1600 1196 1798 1261 παντὸς

242 1284 357 1337 dum
389 1282 830 1354 παραδείγματος
871 1283 1024 1338 οὐδὲν
1059 1283 1158 1355 μὲν
1184 1279 1296 1338 οἷον
1327 1285 1395 1338 τὰ
1435 1288 1498 1338 ὲκ
1532 1286 1798 1356 σωμάτων

242 1377 515 1444 ἐπάγεται,
533 1376 766 1449 ὀξυτάτῃ
785 1377 842 1430 δὲ
868 1376 1076 1448 διανοίᾳ
1108 1377 1437 1447 φαντάζεται
1457 1379 1582 1432 Υἰὸν
1603 1396 1797 1449 γεννηα

243 1467 355 1531 τὸν,
380 1467 439 1520 οὐ
473 1467 688 1539 χρόνοις
723 1468 823 1539 μέν
852 1486 991 1523 τισιν
1018 1469 1118 1523 οὐκ
1149 1470 1276 1523 ὄντα
1294 1508 1308 1532 ,
1337 1469 1560 1543 ὕστερον
1582 1471 1640 1526 δέ
1668 1488 1798 1526 ποτε

244 1558 511 1625 γεγονότα,
544 1558 678 1612 ἀλλὰ
712 1559 818 1630 πρὸ
852 1559 1056 1631 χρόνων
1085 1560 1318 1615 αἰωνίων
1345 1562 1492 1627 ὄντα,
1525 1562 1621 1616 καὶ
1661 1581 1796 1635 προ-

243 1652 377 1713 ὄντα,
401 1650 495 1703 καὶ
519 1650 600 1721 τῷ
628 1652 802 1723 Πατρὶ
828 1652 902 1715 ὡς
929 1652 1056 1705 Υἱὺν
1078 1652 1164 1705 διὰ
1193 1652 1392 1717 παντὸς
1422 1655 1665 1719 συνόντα,
1702 1658 1798 1711 καὶ

243 1741 333 1796 οὐκ
361 1742 649 1812 ἀγέννητον
675 1743 823 1806 ὄντα,
851 1742 1183 1815 γεννώμενον
1210 1744 1254 1797 δ’
1284 1745 1343 1809 ἐξ
1365 1746 1660 1817 ἀγεννήτου
1687 1749 1797 1802 Πα-

1905 551 2022 605 sius
2057 550 2129 605 sit
2156 564 2221 605 ac
2246 550 2524 607 deterius?
2546 551 2690 622 quod
2719 553 3033 625 neutiquam
3074 552 3233 606 nobis
3264 551 3318 603 in
3352 548 3475 605 Filii

1903 640 2174 711 theologia
2202 640 2687 709 introducendum;
2717 659 2886 715 vapor
2938 644 3081 699 enim
3126 648 3211 698 est
3254 641 3475 697 virtutis

1903 731 2021 795 Dei,
2048 718 2122 785 ac
2164 728 2457 785 defluentia
2496 746 2643 785 mera
2670 733 2857 804 glorize
2886 732 3306 802 Omnipotentis.
3335 731 3473 787 Nam

1901 838 1965 876 ex
2016 821 2153 876 bene
2199 822 2367 876 olenti
2411 836 2661 891 corpore,
2695 824 2845 877 verbi
2869 825 3064 894 gratia,
3096 840 3160 878 ex
3195 831 3478 893 unguento

1901 915 2104 983 aliquo,
2136 920 2231 967 aut
2284 914 2446 968 etiam
2495 929 2565 969 ex
2607 913 2833 970 floribus
2882 923 3044 986 atque
3070 916 3471 981 odoramentis,

1900 1018 2021 1074 quae
2049 1003 2117 1058 de
2144 1010 2289 1057 terra
2317 1014 2641 1069 nascuntur,
2672 1005 2810 1060 bene
2841 1006 2997 1062 olens
3024 1006 3247 1076 quidam
3285 1005 3469 1071 ﬂatus,

1900 1102 2096 1165 pneter
2142 1094 2275 1150 illud
2322 1097 2557 1165 primum
2616 1097 2924 1167 subjectum
2975 1114 3195 1170 corpus.
3225 1100 3279 1153 in
3311 1113 3473 1154 omne

1900 1186 2044 1257 quod
2063 1186 2404 1245 extrinsecus
2435 1190 2626 1253 ambit,
2656 1189 3034 1258 profunditur;
3062 1206 3126 1245 ac
3153 1192 3281 1246 dum
3308 1191 3472 1247 latius

1898 1281 2227 1347 refunditur,
2261 1284 2437 1353 ipsum
2472 1300 2689 1356 quoque
2712 1301 2891 1341 aerem
2921 1287 3176 1359 complet,
3200 1302 3305 1341 non
3340 1301 3472 1343 sane

1898 1375 2203 1445 privatione
2254 1376 2456 1445 aliqua,
2506 1384 2601 1430 aut
2637 1376 3015 1438 diminutione.
3064 1385 3159 1431 aut
3210 1378 3470 1440 sectione.

1900 1469 1995 1518 aut
2033 1462 2304 1518 divisione
2345 1464 2489 1533 ejus,
2547 1464 2693 1536 quod
2746 1464 2981 1534 primum
3037 1463 3342 1530 subjectum
3390 1468 3475 1517 est

1898 1553 2168 1626 corporis.
2208 1552 2314 1609 Sed
2364 1557 2458 1610 illo
2503 1563 2759 1611 manente
2824 1555 2881 1610 in
2945 1556 3166 1626 propria
3221 1556 3370 1621 sede,
3420 1564 3475 1613 ct

1898 1646 2143 1701 eamdem
2192 1660 2359 1714 penes
2410 1663 2470 1702 se
2510 1654 2873 1703 conservante
2918 1654 3192 1708 naturam,
3227 1646 3475 1715 fragran-

1900 1736 2141 1806 tiamque
2197 1737 2342 1792 illam
2399 1748 2720 1808 procreante
2762 1755 2774 1791 :
2817 1736 2988 1792 nihilo
3045 1736 3286 1789 deterius
3327 1735 3474 1805 prio-

244 1835 388 1905 τρδς,
430 1836 692 1906 μονογενῆ
723 1835 881 1899 ὄντα,
916 1837 1088 1905 Λόγον
1132 1838 1226 1890 κα)⁸
1264 1836 1396 1890 Θεὸν
1429 1839 1494 1891 ὲκ
1523 1838 1658 1892 Θεοῦ
1678 1856 1690 1869 ·
1730 1841 1792 1894 οὐ

1905 1852 1973 1901 re,
2015 1838 2193 1907 ipsum
2251 1851 2469 1909 quoque
2532 1836 2676 1906 quod
2744 1844 3062 1904 procreatur
3126 1833 3265 1888 bene
3320 1834 3476 1888 olens

241 1926 372 1979 κατὰ
394 1926 675 1980 διάστασιν
702 1926 735 1997 ἦ
762 1926 933 1997 τομὴν
962 1927 995 2000 ἢ
1025 1926 1285 1998 διαίρεσιν
1321 1929 1385 1981 ἐκ
1418 1928 1520 1999 τῆς
1552 1929 1644 1983 τοῦ
1679 1931 1794 1983 Πα-

240 2017 357 2090 τρδς
387 2018 576 2081 οὐσίας
600 2017 1065 2089 προσεϐλημένον,
1104 2020 1357 2091 ἀρρήτως
1388 2019 1443 2072 δὲ
1478 2020 1572 2073 καὶ
1606 2021 1794 2075 dvent-

1896 1936 1952 1983 at
2004 1928 2251 1999 fragrans
2289 1943 2493 1999 genus,
2530 1942 2655 1981 cum
2692 1928 2966 1998 propriam
3031 1926 3229 1982 habeat
3289 1926 3475 1982 sedem

1898 2030 2061 2092 atque
2092 2030 2363 2084 naturam,
2388 2021 2491 2075 hac
2520 2019 2659 2090 ipsa,
2678 2034 2841 2090 quam
2874 2020 3110 2074 maxime
3136 2018 3248 2073 fieri
3274 2024 3475 2089 potest,

241 2107 490 2176 λογίστως
510 2110 645 2180 ἡμῖν
665 2108 724 2173 ἐξ
750 2108 962 2173 αἰῶνος,
989 2108 1185 2180 μᾶλλον
1207 2110 1264 2163 δὲ
1286 2110 1391 2182 πρὸ
1422 2110 1640 2164 πάντων
1665 2110 1797 2165 αίώ-

1905 2116 1960 2169 id
1978 2114 2122 2183 quod
2150 2113 2487 2168 simillimum
2516 2113 2586 2167 sit
2614 2119 2820 2164 natura:
2836 2109 3192 2179 procreanzis.
3212 2111 3475 2164 imitatur.

241 2215 370 2260 νων,
416 2201 482 2252 ὲκ
528 2199 629 2268 τῆς
671 2199 764 2252 τοῦ
812 2199 1026 2269 [ἰατρὸς
1059 2200 1435 2270 ἀνεκφράστου
1474 2200 1569 2253 καί
1600 2201 1797 2272 ἀπερι-

1905 2207 2066 2280 149
2097 2206 2294 2261 Verum
2331 2208 2443 2260 haec
2475 2203 2691 2276 quidem
2723 2209 2938 2256 terrena
2988 2210 3045 2256 et
3099 2202 3349 2255 mortalia
3370 2241 3385 2266 ,
3418 2208 3476 2254 et

238 2291 417 2360 νοήτου
477 2290 675 2361 βουλῆς
723 2306 784 2343 τε
842 2292 935 2344 καὶ
994 2290 1272 2361 δυνάμεως
1321 2290 1671 2361 οὺσιούμενον
1719 2291 1797 2344 δι-

1905 2298 2177 2353 infea-ioris
2207 2303 2413 2350 natura:
2441 2311 2563 2364 qua:
2593 2290 2981 2363 corrumpendi
3024 2290 3130 2345 vim
3176 2290 3374 2356 habet,
3414 2304 3479 2344 ac

236 2380 513 2436 δάσκοντα.
568 2382 721 2453 «Τὴν
765 2380 954 2450 γενεὰν
994 2380 1102 2451 γὰρ
1145 2380 1342 2446 αὑτοῦ,
1374 2400 1393 2433 ι
1448 2383 1613 2452 φησὶ,
1666 2401 1685 2432 ι
1712 2381 1797 2447 τίς

1905 2396 2115 2443 terrena
2146 2397 2249 2447 est,
2279 2388 2557 2456 particula:
2579 2385 2847 2456 qumdam.
2886 2381 3017 2448 Qua:
3038 2389 3218 2436 autem
3251 2381 3317 2436 ad
3352 2397 3479 2451 pro-

236 2475 578 2545 διηγήσεταις
610 2494 629 2526 ι
664 2475 780 2538 καὶ,
817 2493 834 2526 ι
867 2475 1077 2544 ’Ὠσπερ
1098 2474 1274 2537 οὐδεὶς
1302 2473 1444 2543 ἔγνω
1462 2474 1555 2527 τὸν
1577 2473 1796 2545 Πατέρα

1905 2479 2133 2551 positam
2156 2494 2187 2531 a
2218 2479 2378 2532 nobis
2409 2477 2728 2544 theologiam
2764 2474 3056 2543 pertinent,
3093 2485 3217 2526 cum
3261 2484 3476 2524 omnem

238 2570 283 2621 εἰ
317 2568 387 2640 μὴ
427 2571 457 2622 ό
487 2570 617 2633 Υἱὸς
636 2608 650 2633 ,
678 2568 819 2623 οὕτω
851 2570 945 2623 καὶ
971 2569 1059 2623 τὸν
1102 2568 1229 2621 Υἱὸν
1270 2568 1442 2632 οὐδεὶς
1472 2568 1612 2637 ἔγνω
1643 2569 1691 2621 εί
1722 2568 1798 2641 μὴ

1905 2570 2134 2640 exempli
2198 2570 2659 2640 comparationem
2710 2573 3073 2633 exsuperent,
3142 2562 3278 2617 nihil
3335 2563 3476 2624 tafe,

237 2660 388 2728 μόνος
415 2661 445 2712 ό
473 2662 740 2732 γεννήσας
763 2660 925 2715 αὐτὸν
952 2660 1161 2732 Πατήρ.
1196 2678 1217 2712 ι

1905 2661 2066 2732 quale
2091 2675 2155 2715 ex
2192 2660 2513 2729 corporibus
2549 2664 2753 2720 manat,
2785 2672 2895 2727 pra:
2926 2670 2985 2710 se
3012 2656 3226 2721 ferunt;
3259 2651 3356 2707 sed
3383 2667 3476 2706 co-

235 2752 474 2821 gitationi
533 2754 904 2809 solertissimus
948 2754 1289 2819 intuendum,
1355 2752 1512 2824 quasi
1550 2753 1605 2809 in
1645 2755 1865 2823 speculo
1897 2757 2159 2823 praebent,
2200 2752 2506 2822 doceatque
2536 2766 2657 2807 esse
2705 2749 2900 2804 Filium
2927 2788 2943 2814 ,
2985 2749 3074 2819 qui
3123 2749 3339 2818 genitus
3373 2747 3477 2810 sit.

235 2860 340 2900 non
373 2847 526 2900 illum
575 2846 832 2916 quidem,
867 2847 959 2916 qui
1000 2848 1167 2901 certis
1224 2845 1560 2916 temporibus
1620 2860 1728 2899 non
1758 2844 1942 2910 fuerit,
1970 2845 2245 2915 posterius
2276 2852 2455 2897 autem
2505 2842 2578 2898 sit
2607 2850 2787 2908 natus,
2808 2841 2902 2896 sed
2949 2841 3042 2911 qui
3089 2841 3161 2895 sit
3190 2847 3317 2894 ante
3345 2846 3480 2895 tem-

236 2953 360 3007 pora
385 2946 611 3001 aeterna,
668 2945 831 3006 atque
872 2944 1120 3004 anteeat,
1149 2944 1204 2996 et
1240 2946 1496 3006 tanquam
1536 2933 1704 2992 Filius
1730 2950 1836 2990 una
1875 2952 1999 2990 cum
2046 2934 2207 2990 Patre
2248 2949 2462 3003 semper
2509 2934 2704 3004 degat;
2753 2946 2929 3005 neque
2957 2947 3086 2987 vero
3144 2931 3234 3000 qui
3260 2946 3372 2985 non
3410 2929 3480 2984 sit

236 3031 466 3102 genitus,
499 3030 593 3085 sed
616 3046 682 3085 ex
720 3028 880 3085 Patre
916 3046 1025 3084 non
1074 3030 1275 3100 genito,
1311 3029 1566 3100 genitus:
1591 3030 1684 3099 qui
1735 3030 1930 3096 unicus
1980 3031 2073 3092 sit,
2116 3030 2207 3099 qui
2244 3026 2504 3091 Verbum,
2557 3027 2649 3096 qui
2694 3025 2838 3080 Deus
2879 3024 2946 3079 de
2990 3024 3120 3091 Deo,
3146 3039 3255 3079 non
3281 3024 3483 3079 direm-

238 3125 416 3194 ptione
473 3125 694 3193 aliqua,
736 3133 829 3178 aut
875 3125 1137 3188 sectione,
1186 3132 1280 3178 aut
1328 3125 1597 3179 divisione
1638 3125 1707 3180 de
1760 3126 2067 3181 substantia
2096 3124 2275 3179 Patris
2325 3122 2644 3194 productus,
2679 3122 2773 3177 sed
2824 3121 2916 3193 qui
2946 3122 3013 3177 de
3047 3119 3227 3175 Patris
3252 3121 3483 3176 consilio

238 3230 301 3268 ac
327 3216 546 3279 virtute,
570 3230 784 3270 omnem
814 3216 1196 3281 elocutionem,
1245 3231 1570 3286 omnemque
1618 3218 2001 3289 cogitationem
2035 3227 2328 3289 superante
2374 3216 2444 3271 ab
2469 3230 2606 3279 arvo,
2660 3229 2726 3269 ac
2749 3215 2932 3286 potius
2960 3222 3087 3269 ante
3113 3229 3275 3268 omne
3305 3228 3480 3268 aevum

237 3308 526 3361 essentiam
572 3309 645 3362 sit
682 3317 904 3372 nactus,
939 3308 1099 3363 modo
1148 3308 1423 3379 quodam,
1479 3311 1571 3380 qui
1617 3327 1794 3383 neque
1830 3313 2013 3377 verbis
2067 3310 2477 3381 comprehendi,
2537 3324 2715 3379 neque
2756 3310 2970 3364 ratione
3025 3308 3207 3378 colligi
3254 3322 3284 3361 a
3322 3306 3484 3363 nobis

241 3402 424 3469 possit.
492 3400 549 3455 Si
581 3402 797 3471 quidem
830 3420 851 3453 ‹
888 3403 1290 3473 generationem
1338 3403 1479 3472 ejus,
1515 3406 1711 3477 inquit,
1749 3410 1874 3479 quis
1910 3406 2293 3463 enarrabit"?
2329 3426 2348 3459 ι
2385 3413 2440 3461 et
2474 3404 2928 3476 quemadmodum
2950 3421 2970 3455 ι
3001 3418 3161 3459 nemo
3193 3403 3343 3457 novit
3374 3399 3473 3455 Pa-

239 3499 370 3546 trem
401 3494 511 3549 nisi
542 3492 734 3562 Filius,
764 3495 844 3549 sic
877 3494 1071 3550 Filium
1099 3512 1314 3568 quoque
1337 3514 1495 3554 nemo
1517 3501 1668 3554 novit
1692 3501 1798 3556 nisi
1833 3516 1999 3565 unus,
2035 3500 2127 3571 qui
2151 3499 2341 3571 genuit
2372 3498 2548 3553 illum.
2578 3496 2739 3551 Pater
2762 3497 2828 3549 ".
2873 3514 2893 3548 ι

986 3637 1059 3691 Δ’.

252 3748 345 3815 Ὠς
364 3750 662 3832 ρναχξιαέα
687 3748 761 3830 τῇ
773 3749 890 3832 τῶν
900 3752 1057 3832 ῥ’λων
1070 3753 1369 3832 quoniam
1379 3757 1430 3832 ’ἡ
1447 3756 1806 3832 τρῦλμονογε.

302 3823 444 3887 νοῦς
482 3823 619 3874 Υὶοῦ
646 3823 753 3874 τοῦ
787 3823 933 3875 Θεοῦ
967 3824 1333 3891 προῦπαρξις
1360 3823 1727 3881 ἀποδίδοται.

306 3957 449 4029 Πλὴν
476 3955 593 4011 ἀλλ’
618 3956 714 4010 ἕνα
742 3958 1025 4028 ὶῐονογενῆ
1059 3960 1152 4013 καί
1177 3961 1458 4031 ἀγαπητὸν
1482 3962 1607 4016 Υἱὸν
1633 3963 1803 4018 ἐδόκει

242 4049 315 4121 τῷ
344 4049 645 4119 παναγάθῳ
673 4050 851 4121 Πατρὶ
885 4051 988 4120 τῆς
1014 4052 1122 4104 τῶν
1154 4053 1397 4122 γενητῶν
1429 4054 1683 4109 ἁπάντων
1711 4056 1806 4127 δη-

248 4142 528 4213 μιουργίας
557 4141 993 4211 προϋφίστασθαι
1018 4142 1160 4196 δεῖν·
1192 4144 1312 4196 ἐπεὶ
1344 4145 1438 4198 καὶ
1461 4146 1662 4216 κόσμον
1685 4148 1800 4213 ἕνα,

244 4230 420 4305 ῶσπερ
455 4232 516 4287 ἓν
549 4233 643 4285 καὶ
674 4231 816 4302 μέγα
842 4231 1002 4302 σῶμα
1029 4234 1093 4286 ὲκ
1127 4233 1385 4288 πλειόνων
1412 4237 1506 4289 καὶ
1535 4235 1803 4309 διαφόρων

246 4326 412 4395 μελῶν
459 4341 522 4378 τε
565 4326 660 4378 καὶ
705 4323 920 4395 μερῶν.
954 4324 1184 4395 ἤμελλεν
1215 4326 1336 4380 ὅσον
1381 4326 1499 4380 οὐδέ
1542 4346 1630 4381 πω
1672 4346 1805 4401 προ-

243 4414 547 4477 ϐάλλεσθαι,
570 4415 670 4466 οὐκ
702 4415 1010 4467 ἐπιστατεῖν
1043 4415 1142 4484 μὲν
1169 4414 1336 4485 αὐτὴν
1364 4416 1587 4482 ἄνωθεν,
1615 4417 1803 4489 ὥσπερ

246 4504 483 4574 μείζονος
516 4505 761 4575 κεφαλῆς
783 4506 882 4574 τῆς
913 4506 1008 4560 τοῦ
1034 4507 1249 4577 Πατρὸς
1279 4506 1530 4579 θεότητος
1561 4509 1804 4580 ἐξημμέ-

243 4614 331 4667 νην
359 4597 594 4668 (κεφαλὴ
642 4600 753 4670 γὰρ
798 4598 889 4652 τοῦ
915 4599 1151 4670 Χριστοῦ
1178 4602 1207 4652 ό
1234 4600 1465 4671 Πατήρ),
1498 4601 1805 4672 ἡγουμένην

240 4689 291 4742 δὲ
334 4692 430 4744 καὶ
471 4689 934 4762 προῦπάρχουσαν
976 4690 1084 4743 τῶν
1118 4690 1256 4761 μετὰ
1280 4691 1482 4761 ταύτην
1512 4691 1765 4745 ἁπάντων
1787 4731 1802 4756 ,

238 4781 294 4834 οὐ
328 4781 435 4853 μὴν
478 4781 615 4834 ἀλλὰ
648 4784 741 4834 καὶ
770 4780 1098 4852 διαρκοῦσαν
1136 4782 1213 4843 εἰς
1246 4798 1306 4835 τε
1334 4780 1432 4852 τὴν
1465 4782 1556 4835 τοῦ
1591 4783 1804 4854 Πατρὸς

240 4876 579 4930 ὲπικὲλευσιν
601 4875 697 4929 καὶ
719 4876 799 4940 εἰς
823 4876 920 4946 τὴν
942 4875 1050 4928 τῶν
1079 4876 1214 4947 μετὰ
1236 4875 1406 4930 ταῦτα
1424 4877 1799 4949 δημιουργίαν.

236 4968 321 5020 Διὸ
349 4967 415 5039 δὴ
451 4968 548 5056 καὶ
594 4966 802 5038 ἔφαμεν
851 4967 1012 5021 αὐτὸν
1065 4967 1278 5039 πρῶτον
1312 4969 1527 5022 πάντων
1560 4970 1664 5023 ὑπὸ
1709 4971 1800 5023 τοῦ
1842 5002 1880 5056 D

239 5057 445 5129 Πατρδς
478 5052 593 5112 οἶόν
636 5075 691 5110 τι
727 5057 994 5126 μονοειδὲς
1034 5057 1214 5128 πάσης
1255 5056 1443 5120 οὐσίας
1468 5056 1561 5110 καὶ
1590 5057 1802 5126 φύσεως

239 5148 636 5222 προϐεϐλῆσθαι
658 5148 887 5220 ὄργανον
912 5147 1151 5218 ἔμψυχον
1177 5150 1270 5201 καὶ
1294 5148 1420 5213 ζῶν,
1442 5146 1638 5218 μᾶλλον
1660 5147 1705 5201 δ’
1726 5147 1807 5199 ἐν·

240 5242 348 5299 θεον
376 5244 473 5298 καὶ
501 5243 761 5307 ζωοποιὸν
788 5242 881 5295 καὶ
911 5242 1201 5311 πάνσοφον,
1226 5240 1444 5309 ἀγαθῶν
1463 5239 1800 5309 γεννητικὸν,

240 5336 403 5403 φωτὸς
434 5333 695 5407 χορηγὸν,
725 5331 954 5404 οὐρανοῦ
976 5330 1384 5403 δημιουργικὸν,
1409 5332 1613 5402 κόσμου
1638 5347 1804 5385 κατα·

242 5428 611 5489 σκευαστικὺν,
640 5425 888 5494 ἀγγέλων
918 5423 1220 5495 ποιητικὸν,
1251 5426 1576 5495 πνευμάτων
1605 5424 1802 5496 ἁρχον-

240 5522 395 5587 τικδν,
417 5522 655 5593 ὄργανον
678 5517 864 5589 ψυχῶν
891 5521 1173 5589 σωτήριον,
1204 5517 1468 5586 σωμάτων
1489 5514 1799 5585 αὐξητικὸν,

242 5613 445 5667 πάντων
486 5609 874 5682 προνοητικὸν,
919 5606 1342 5680 κυϐερνητικὸν,
1375 5606 1805 5678 θεραπευτικὸν

306 5771 342 5802 ⁹¹
376 5771 490 5827 Ιεει.
554 5784 679 5831 ιιιι,
724 5767 776 5825 8.
853 5767 898 5798 "
935 5764 1125 5819 Matth.
1157 5778 1235 5821 ιι.
1263 5761 1355 5817 27.
1466 5846 1475 5851 Α

2610 3635 2701 3691 IV.

1906 3755 2059 3824 Quod
2110 3754 2178 3808 ad
2227 3752 2653 3824 constitutionem
2687 3744 3282 3824 universi,_necessaria
3337 3744 3481 3797 unici

2205 3824 2301 3877 Dei
2330 3822 2461 3877 Filii
2496 3819 2816 3882 antecenia,
2852 3816 3164 3885 assignetur.

1981 3957 2362 4013 Verumtamen
2398 3955 2637 4023 optimus
2663 3951 2826 4006 Pater
2862 3965 3028 4005 unum
3054 3947 3321 4019 judicavit
3342 3944 3477 4001 Uni-

1903 4053 2141 4123 genitum
2188 4065 2253 4106 ac
2293 4050 2548 4105 dilectum
2583 4047 2810 4110 Filium,
2855 4044 3099 4099 omnium
3143 4056 3325 4096 rerum
3359 4054 3482 4110 quae

1904 4142 2152 4198 creandas
2175 4151 2377 4205 essent,
2394 4139 2611 4210 opificio
2633 4137 2833 4209 praefici
2861 4144 3132 4206 Oportere,
3163 4133 3364 4204 quippe
3384 4132 3478 4200 qui

1907 4250 2074 4289 unum
2107 4249 2324 4304 quoque
2346 4233 2630 4293 mundum,
2665 4231 2821 4301 quasi
2854 4244 3021 4284 unum
3062 4228 3334 4297 quoddam
3392 4234 3480 4279 at-

1904 4345 2012 4399 que
2040 4335 2235 4397 ingens
2263 4342 2483 4397 corpus,
2513 4340 2578 4380 ex
2608 4325 2855 4394 pluribus
2909 4322 3256 4392 diversisque
3306 4335 3480 4377 mem-

1904 4424 2020 4480 bris
2051 4438 2115 4477 ac
2144 4422 2411 4493 partibus,
2430 4419 2654 4490 jamjam
2686 4425 2832 4474 esset
2868 4415 3256 4486 producturus,
3287 4419 3480 4480 caput—

1905 4531 2012 4587 que
2040 4516 2144 4570 boc
2168 4530 2276 4569 non
2312 4527 2549 4584 praeesse
2597 4511 2777 4581 ipsum
2818 4508 3060 4580 quidem,
3085 4507 3154 4562 de
3207 4502 3477 4574 superiori

1905 4612 2110 4680 aliquo,
2140 4619 2395 4677 tanquam
2430 4607 2497 4661 de
2519 4607 2689 4661 altero
2717 4604 2911 4673 majori
2951 4603 3156 4672 capite,
3191 4598 3477 4653 divinitate

1904 4704 2023 4773 ipsa
2044 4702 2221 4756 Patris
2261 4714 2585 4770 suspensum
2627 4696 2811 4767 (caput
2838 4696 2981 4749 enim
3020 4693 3224 4748 Christi
3269 4689 3474 4755 Pater),

1906 4793 2001 4848 sed
2024 4791 2168 4863 quod
2195 4792 2446 4854 anteiret,
2466 4799 2698 4857 auteque
2730 4786 2911 4840 omnia
2937 4792 3061 4856 post
3094 4785 3271 4854 ipsum
3295 4781 3476 4853 genita

1905 4888 2052 4938 esset
2077 4899 2090 4934 :
2123 4888 2359 4935 attamen
2385 4879 2527 4934 idem
2555 4883 2756 4947 praesto
2782 4884 2927 4931 esset
2957 4883 3073 4929 tum
3096 4874 3165 4927 ad
3190 4871 3477 4942 imperium

1905 4972 2106 5035 Patris,
2139 4980 2253 5026 tum
2294 4970 2361 5024 ad
2419 4968 2696 5040 Opificium
2731 4980 2922 5024 earum
2957 4980 3139 5020 rerum
3167 4979 3288 5034 qua:
3326 4969 3478 5033 post:

1905 5064 2011 5119 hac
2031 5061 2294 5117 faciendae
2318 5067 2493 5116 erant.
2521 5058 2701 5124 Quare
2741 5057 2854 5127 jam
2886 5055 3143 5119 diximus,
3174 5055 3326 5109 illum
3357 5068 3477 5109 om-

1907 5156 2060 5210 nium
2096 5152 2334 5223 primum
2377 5167 2408 5207 a
2453 5150 2644 5213 Patre,
2690 5148 2849 5218 quasi
2877 5148 3149 5217 quoddam
3201 5146 3478 5216 singulare

1909 5246 2330 5301 instrumentum
2358 5243 2536 5298 omnis
2560 5238 2816 5296 essentia;
2842 5248 2898 5293 et
2920 5247 3129 5292 natura
3150 5235 3477 5309 productum

1909 5352 2032 5393 esse
2060 5356 2073 5390 :
2105 5336 2551 5395 instrumentum,
2585 5333 2829 5401 inquam,
2852 5329 3150 5382 animatum
3185 5339 3238 5383 et
3265 5328 3476 5392 vivens,

1909 5443 1972 5482 ac
1993 5427 2175 5498 potius
2193 5426 2459 5487 divinum,
2492 5423 2821 5491 vitalemque
2843 5422 2949 5476 vim
2980 5421 3033 5475 in
3065 5436 3124 5475 se
3162 5419 3390 5482 habens,
3421 5422 3481 5472 et

1908 5514 2410 5583 sapientissimum;
2442 5512 2601 5583 150
2625 5510 2770 5582 quod
2804 5512 2944 5566 bona
2972 5510 3153 5565 omnia
3188 5509 3478 5581 gigneret,

1905 5605 2050 5676 quod
2082 5605 2263 5661 lumen
2295 5605 2575 5675 praeberet,
2604 5602 2747 5675 quod
2777 5603 2977 5660 caelum
3006 5602 3309 5667 moliretur,
3325 5595 3480 5681 quod
