3880 6256
472 339 579 396 259

1131 342 1398 400 EUSEBll
1436 341 1914 399 CESARIENSIS
1939 342 2089 397 OPP.
2128 342 2309 398 PARS
2340 344 2405 398 ll.
2445 376 2517 386 —
2552 342 3048 401 APOLOGETICA.

3602 348 3695 402 260

470 461 733 517 mundum
758 469 1123 530 construeret,
1153 463 1297 534 quod
1340 465 1562 535 angelos
1602 462 1865 528 efficeret,
1899 478 2001 532 quo

2107 495 2116 531 γ
2150 462 2444 533 βασιλικὸν,
2469 465 2731 535 κριτικὸν,
2750 465 2963 537 Πατρὸς
2994 462 3272 527 εὐσεϐείας
3291 464 3690 532 ἀπαγγελτικόν.

470 554 756 624 spiritibus
801 554 1136 624 imperaret:
1170 552 1595 608 instrumentum
1643 551 1789 623 quod
1838 551 2049 606 animas

466 655 850 713 conservaret,
907 649 1054 719 quod
1085 664 1315 719 corpora
1364 656 1620 720 augeret,
1677 646 1821 719 quod
1888 646 2071 701 omnia
2109 647 2454 717 provideret,
2487 648 2838 718 gubernaret,
2904 656 3141 710 curaret,
3174 645 3318 716 quod
3348 644 3456 699 vim
3486 644 3692 704 haberet

464 740 747 812 regnandi,
776 740 921 811 quod
971 741 1288 812 judicandi,
1321 744 1466 813 quod
1513 741 1693 797 Patris
1730 741 1938 796 cultum
1987 746 2041 794 et
2081 742 2437 813 reverentiam
2473 741 2851 796 denuntiandi.
3470 744 3477 757 ‘

1216 856 1284 913 V.

462 964 617 1040 Quod
640 968 1049 1024 innumerabiles
1077 970 1286 1040 quidem
1312 971 1543 1040 fatemur
1568 988 1681 1026 esse
1721 982 1927 1027 creatas
1951 972 2036 1026 di-

528 1038 676 1092 vinas
704 1049 1009 1111 potestates,
1028 1038 1196 1111 unum
1229 1038 1345 1095 verro
1371 1042 1634 1096 duntaxat
1668 1043 1833 1111 ipsius
1860 1042 2027 1106 Filii,

524 1117 915 1182 propterquan
944 1109 1236 1171 inducitur.
1264 1113 1546 1182 imaginem
1570 1112 1668 1167 Dei
1688 1109 1882 1168 ‘Patris
1897 1130 2031 1180 esse,

529 1177 809 1249 theologice
835 1181 1279 1235 demonstramus.

525 1287 707 1356 Quare
727 1291 782 1346 in
805 1292 1121 1348 universum
1153 1308 1317 1363 supra
1349 1308 1510 1348 omne
1540 1294 1838 1365 opificium,
1865 1311 2031 1350 unam

455 1398 594 1453 opus
624 1390 709 1438 est
741 1382 979 1439 divinam
1021 1392 1345 1455 potestatem
1376 1385 1674 1453 admirari,
1706 1403 1815 1442 non
1844 1389 2030 1459 plures

449 1476 804 1532 existimare:
842 1492 951 1532 una
996 1477 1140 1533 enim
1170 1477 1393 1532 omnino
1421 1478 1610 1532 mundi
1647 1479 1891 1534 effectrix
1920 1495 2026 1550 po-

449 1575 645 1632 testas,
708 1576 763 1625 et
819 1584 989 1624 unum
1041 1570 1416 1626 universitatis
1473 1570 1655 1642 opifex
1682 1570 1919 1627 Verbum
1973 1575 2028 1626 in

447 1659 718 1729 principio
768 1659 910 1730 apud
946 1659 1140 1717 Deum.
1201 1660 1526 1732 Siquidem:
1576 1680 1595 1713 ι
1644 1661 1703 1717 In
1754 1663 2026 1734 principio

2898 859 2973 911 E'.

3080 972 3105 983 ευ

3080 992 3108 1015 Η

2139 970 2213 1023 E'.
2268 971 2359 1036 Ὡς
2394 973 2613 1040 μυρίας
2649 972 2766 1041 μὲν·
2812 972 3222 1109 όμολογοῦέιεν
3271 973 3422 1059 εἶναι
3456 972 3689 1064 meite

2205 1042 2367 1106 θεΙας
2396 1041 2678 1109 δυνάμεις
2701 1085 2716 1109 ,
2743 1044 2940 1109 μόνην
2964 1042 3032 1095 δὲ
3062 1060 3102 1095 τ’
3137 1061 3175 1095 ν
3205 1061 3313 1097 του
3352 1046 3505 1104 Υιου,
3526 1043 3581 1096 δι
3618 1044 3688 1109 ἣν

2205 1042 2367 1113 θεΙας
2396 1041 2678 1111 δυνάμεις
2701 1085 2716 1109 ,
2743 1044 2940 1113 μόνην
2964 1042 3032 1095 δὲ
3062 1041 3175 1109 τὴν
3205 1043 3313 1097 τοῦ
3352 1041 3505 1104 Υἰοῦ,
3526 1041 3595 1096 δι’
3618 1044 3688 1111 ἣν

2207 1111 2486 1180 ἐπάγεται
2500 1116 2705 1166 εἰκόνα
2726 1111 2832 1166 τοῦ
2849 1112 2994 1166 Θεοῦ
3012 1114 3262 1181 Πατρός,
3284 1113 3684 1183 θεολοτοῦμεν.

2206 1289 2297 1342 Διὸ
2331 1289 2425 1343 καὶ
2450 1290 2543 1344 ἐπὶ
2572 1290 2789 1343 πάντων
2812 1290 3038 1344 καθόλου
3078 1292 3187 1345 τῶν
3209 1292 3509 1363 δημιουργη
3519 1293 3684 1363 μάτων

2139 1382 2267 1451 μίαν
2306 1380 2480 1452 χρεὼν
2524 1382 2672 1435 θείαν
2715 1384 2942 1456 δύναμιν
2988 1383 3432 1453 ἀποθαυμάζειν,
3479 1383 3587 1437 ἀλλ’
3630 1385 3683 1438 οὐ

2135 1471 2332 1535 πολλὰς
2354 1473 2599 1543 ἡγεῖσθαι
2621 1490 2634 1503 ⁸
2671 1474 2771 1545 μία
2801 1476 2909 1547 γὰρ
2937 1478 2971 1547 ἡ
2999 1475 3227 1529 καθόλου
3254 1475 3576 1545 κοσμοποιὸς
3600 1474 3682 1528 δύ-

2132 1582 2313 1636 ναμις,
2338 1566 2431 1619 καὶ
2457 1561 2536 1629 εἷς
2562 1569 2590 1619 6
2614 1566 2722 1620 τῶν
2742 1568 2879 1621 ὅλων
2905 1567 3233 1638 δημιουργὸς
3262 1567 3437 1635 Λόγος
3470 1569 3525 1620 ὲν
3554 1568 3680 1638 ἀρχῇ

2131 1655 2268 1725 πρὸς
2303 1656 2395 1708 τὸν
2438 1655 2589 1708 Θεόν.
2637 1675 2655 1706 ι
2690 1658 2811 1711 ’Ότι
2859 1658 2916 1711 ὲν
2954 1659 3095 1728 ἀρχῇ
3144 1652 3211 1727 ἦν
3244 1659 3272 1711 6
3314 1658 3519 1725 Λόγος,
3550 1658 3635 1711 καὶ
3658 1660 3683 1710 6

444 1760 563 1805 erat
589 1750 860 1816 Verbum,
906 1760 959 1823 et
991 1751 1229 1808 Verbum
1264 1763 1381 1810 erat
1408 1755 1549 1825 apud
1577 1754 1768 1819 Deum,
1793 1765 1848 1812 et
1882 1756 2001 1812 Deu:

2133 1743 2302 1811 Λόγος
2338 1740 2405 1816 ἦν
2442 1746 2576 1817 πρὸς
2604 1746 2693 1801 τὸν
2722 1747 2855 1802 Θεὸν
2872 1787 2888 1812 ,
2916 1749 3008 1802 καὶ¹
3034 1749 3168 1813 Θεὸς
3202 1745 3269 1820 ἦν
3296 1751 3325 1802 6
3349 1749 3519 1817 Λόγος
3537 1765 3551 1779 ⁸
3583 1768 3600 1799 ι
3631 1747 3681 1801 6v

442 1851 563 1897 erat
596 1842 837 1899 Verbum
879 1845 961 1912 ”;
999 1865 1017 1897 ι
1058 1848 1203 1916 quod
1247 1847 1468 1917 quidem
1523 1857 1737 1919 oportet
1784 1865 1844 1904 re
1890 1865 2022 1904 vera

443 1949 553 1988 non
589 1934 841 2005 ignorare
862 1978 877 2002 ,
912 1938 1094 1992 colere
1121 1945 1301 1993 autem
1333 1946 1388 1992 et
1409 1939 1616 1994 honore
1647 1941 1902 2011 prosequi
1922 1956 2021 2011 pro

441 2027 706 2097 dignitate
742 2047 758 2083 :
812 2029 1254 2101 quandoquidem
1308 2031 1493 2085 omnia
1553 2047 1650 2102 per
1695 2033 1868 2098 illud,
1907 2048 2020 2087 non

440 2118 603 2173 modo
654 2119 723 2174 ab
773 2121 931 2176 initio
957 2137 1140 2177 rerum
1176 2123 1419 2178 omnium
1470 2124 1769 2188 exstitere,
1829 2141 2016 2179 verum

438 2211 601 2267 etiam
624 2212 680 2267 in
706 2221 1025 2284 perpetuum
1059 2229 1276 2284 semper
1327 2225 1380 2271 et
1410 2215 1552 2270 facta
1584 2223 1735 2283 sunt,
1760 2223 1814 2271 et
1844 2216 2016 2272 fiunt:

444 2319 464 2352 ‹
499 2311 555 2356 et
591 2303 710 2361 sine
736 2306 828 2361 illo
872 2304 1073 2360 factum
1102 2313 1187 2361 est
1230 2307 1366 2361 nihil
1399 2307 1466 2361 οι.
1509 2327 1527 2360 ι
1562 2306 1687 2363 Sive
1719 2309 1865 2364 enim
1905 2311 2018 2365 vita

437 2393 681 2462 quaedam
718 2402 803 2449 est
853 2398 910 2449 in
950 2396 1017 2453 iis
1042 2412 1164 2467 qua?
1193 2404 1362 2453 sunt:
1397 2399 1544 2469 quod
1594 2398 1795 2454 factum
1827 2410 1930 2466 est,
1962 2403 2014 2459 in

434 2484 529 2540 illo
558 2486 667 2539 vita
699 2494 837 2541 erat.
889 2486 967 2541 Ex
1005 2488 1099 2542 illo
1128 2489 1275 2543 enim
1306 2505 1370 2545 ac
1402 2505 1500 2560 per
1532 2490 1665 2545 illud
1686 2533 1701 2557 ,
1758 2492 2016 2548 universa

432 2584 487 2631 et
523 2576 689 2632 vitam
709 2589 763 2632 et
791 2580 1028 2634 animam
1068 2581 1362 2652 accipiunt.
1414 2582 1541 2639 Sive
1573 2600 1856 2652 numerus,
1900 2586 2015 2643 sive

432 2666 804 2736 pulchritudo,
832 2669 947 2725 sive
968 2673 1369 2739 convenientia,
1392 2674 1506 2729 sive
1536 2676 1692 2743 ordo,
1726 2677 1841 2731 sive
1875 2685 2016 2732 tem-

431 2769 709 2826 peratura,
744 2761 859 2817 sive
880 2764 1152 2828 essentia,
1188 2765 1303 2821 sive
1333 2767 1600 2836 qualitas,
1641 2769 1755 2823 sive
1805 2769 2015 2839 magni-

430 2851 561 2904 tudo
592 2868 606 2906 :
638 2862 838 2907 cuncta
882 2870 1049 2908 unum
1086 2871 1271 2910 rerum
1333 2861 1576 2912 omnium
1623 2860 1891 2928 continet,
1947 2876 2011 2916 ac

429 2940 673 3012 disponit
708 2942 969 3010 Verbum,
1003 2954 1057 3001 et
1078 2962 1186 3001 una
1212 2946 1308 3003 Dei
1334 2950 1525 3005 mundi
1554 2950 1795 3006 effectrix
1813 2953 2008 3022 virtus,

429 3033 683 3089 omnibus
708 3042 922 3105 praeest.
974 3034 1129 3090 Sicut
1157 3038 1303 3093 enim
1329 3038 1384 3092 in
1410 3046 1601 3095 nostro
1627 3056 1855 3112 corpore
1888 3043 2011 3112 plu-

2055 1807 2095 1861 Β
2124 1836 2202 1890 δεῖ
2221 1807 2448 1908 ἀληθῶς
2474 1807 2804 1910 μὴνάγνοείν,
2838 1807 3014 1894 σέϐειν
3044 1842 3100 1896 δὲ
3129 1807 3417 1913 καίτιμᾷν
3439 1807 3678 1905 έπαξίως·

2121 1926 2202 1979 ὃτι
2231 1927 2294 1999 δὴ
2328 1928 2506 1982 πάντα
2538 1930 2603 1982 δι’
2637 1931 2802 1985 αὐτοῦ
2832 1932 2891 1986 οὐ
2922 1933 3081 2004 μόνον
3110 1936 3166 1987 ὲν
3195 1933 3393 2004 ἀρχαῖς
3419 1932 3524 1985 τῶν
3553 1932 3678 1985 ὅλων

2122 2017 2373 2090 συνέστη,
2404 2018 2539 2073 ἀλλὰ
2567 2022 2661 2074 καὶ
2688 2022 2861 2075 εἰσαεὶ
2892 2023 3080 2092 γέγονέ
3097 2041 3158 2077 τε
3176 2025 3269 2089 καὶ
3291 2024 3528 2092 γίνεται,
3556 2042 3572 2074 ι
3593 2023 3676 2077 καὶ

2120 2109 2286 2181 χωρὶς
2311 2110 2475 2164 αὑτοῦ
2503 2113 2717 2180 ἐγένετο
2740 2115 2861 2168 οὐδὲ
2888 2115 2964 2168 ἓν.
2989 2134 3008 2166 ι
3042 2115 3165 2169 Εἴτε
3179 2115 3288 2188 γὰρ
3307 2115 3420 2187 ζωή
3437 2133 3517 2179 τις
3545 2115 3675 2168 ἔστιν

2118 2204 2178 2254 ὲν
2200 2205 2312 2266 τοῖς
2338 2199 2490 2257 οὖσιν
2509 2244 2523 2269 ,
2558 2205 2586 2259 ὃ
2617 2207 2838 2276 γέγονεν
2872 2210 2928 2262 ὲν
2956 2209 3103 2280 αὐτῷ
3135 2208 3248 2280 ζωὴ
3283 2205 3350 2280 ἧν
3374 2227 3389 2241 ·
3434 2210 3493 2275 ἐξ
3523 2208 3670 2262 αὐτοῦ

2118 2294 2225 2366 γάρ
2254 2296 2345 2350 καὶ
2372 2297 2438 2351 δι’
2468 2297 2634 2351 αὐτοῦ
2674 2301 2708 2370 ή
2742 2299 2850 2352 τῶν
2881 2300 3016 2354 ὅλων
3050 2301 3260 2365 ζώωσίς
3285 2318 3345 2353 τε
3382 2302 3472 2355 καὶ
3502 2300 3672 2370 ψύχω-

2119 2404 2201 2452 σις
2220 2404 2234 2419 ο
2264 2390 2372 2441 εἴτε
2404 2388 2627 2459 ῥυθμὸς,
2656 2390 2765 2443 εἴτε
2812 2391 3024 2458 κάλλος,
3052 2394 3159 2447 εττε
3189 2393 3444 2465 ἁρμονία,
3471 2394 3572 2446 εἴτε
3592 2393 3672 2446 τά·

2116 2466 2201 2545 ξιξ
2220 2520 2234 2544 ,
2264 2479 2373 2532 εἴτε
2408 2479 2745 2553 σύγκρασις,
2794 2484 2905 2536 εἴτε
2929 2484 3088 2538 οὐσία
3111 2524 3124 2548 ,
3156 2484 3265 2537 εἴτε
3295 2484 3512 2553 ποιότης
3531 2526 3544 2550 ,
3575 2484 3670 2536 εἴτε

2118 2568 2362 2639 μέγεθος,
2391 2569 2568 2623 πάντα
2598 2569 2678 2635 εἷς
2706 2574 2733 2625 6
2761 2572 2869 2626 τῶν
2889 2574 3023 2627 ὅλων
3050 2576 3260 2646 συνέχει
3284 2574 3377 2628 καὶ
3408 2575 3673 2644 διακοσμεῖ

2112 2661 2305 2729 Λόγος,
2333 2663 2426 2717 καὶ
2463 2665 2560 2735 μία
2588 2665 2725 2720 Θεοῦ
2758 2665 2986 2737 δύναμις
3015 2666 3340 2739 κοσμοποιὸς
3384 2668 3590 2738 ἡγεῖται
3615 2666 3671 2718 ά-

2113 2758 2348 2814 πάντων.
2390 2761 2479 2824 Ὠς
2504 2761 2613 2834 γὰρ
2645 2764 2739 2817 ὲπὶ
2789 2762 2883 2816 τοῦ
2913 2764 3033 2817 καθ’
3059 2765 3207 2835 ἡμᾶς
3238 2761 3488 2834 σώματος
3515 2761 3667 2831 πολλὴ

2113 2851 2213 2921 μὲν
2240 2852 2497 2922 τυγχάνει
2526 2855 2620 2907 καὶ
2650 2855 2864 2927 ποικίλη
2898 2856 3005 2909 τῶν
3042 2856 3220 2929 μερῶν
3244 2859 3277 2927 ἡ
3307 2854 3557 2926 διαφορὰ,
3581 2853 3669 2925 μία

2109 2941 2165 2995 δὲ
2189 2944 2222 3013 ἡ
2250 2942 2342 2996 τοῦ
2373 2945 2572 3009 παντὸς
2611 2946 2839 3018 δύναμις
2883 2947 3212 3020 δημιουργὸς
3257 2948 3352 3019 (ού
3396 2947 3503 3018 γὰρ
3545 2943 3667 3017 ἄλλῃ

2112 3032 2212 3103 μὲν
2251 3033 2386 3086 Θεοῦ
2431 3035 2657 3107 δυνάμει
2702 3038 2942 3109 κεφαλῆς
2979 3039 3185 3111 ὑπέστη
3222 3039 3423 3108 φύσις,
3452 3037 3578 3107 ἄλλῃ
3614 3034 3666 3088 δὲ

426 3139 516 3181 res
546 3135 675 3181 sunt
702 3135 757 3182 et
783 3130 947 3184 varia:
979 3131 1212 3201 p‘artium
1247 3131 1598 3199 differentiae,
1662 3149 1769 3188 una
1823 3142 2001 3190 autem

2109 3125 2400 3197 ὀφθαλμῶν
2421 3169 2435 3193 ,
2463 3129 2624 3202 ἑτέρᾳ
2657 3129 2712 3182 δὲ
2751 3128 2925 3198 ὢτων,
2971 3131 3135 3204 ἑτέρᾳ
3174 3132 3228 3185 δὲ
3266 3132 3511 3201 ποδῶν),
3536 3129 3664 3184 οὕτω

426 3217 670 3274 universi
708 3219 890 3290 opifex
920 3222 1003 3278 vis
1033 3223 1163 3292 (non
1209 3225 1354 3280 enim
1387 3225 1493 3279 alia
1539 3225 1757 3296 quidem
1809 3224 1903 3280 Dei
1950 3225 2001 3280 vi

2107 3218 2199 3271 καὶ
2256 3218 2347 3271 τοῦ
2410 3219 2723 3290 σύμπαντος
2770 3222 2975 3292 κόσμου
3020 3222 3117 3293 μία
3164 3221 3393 3277 καθόλου
3436 3223 3548 3276 θεία
3582 3220 3662 3273 δύ-

424 3311 621 3380 capitis
651 3314 861 3368 exstitit
890 3322 1108 3383 natura,
1144 3317 1250 3372 alia
1281 3332 1411 3373 vero
1437 3318 1726 3374 oculorum
1747 3358 1761 3384 ,
1791 3325 1847 3374 et
1898 3319 2001 3374 alia

2107 3327 2265 3381 ναμις
2303 3312 2667 3366 ὲπιστατοῦσα
2687 3356 2703 3380 ,
2737 3317 2770 3385 ἡ
2801 3315 2937 3386 αὑτὴ
2967 3315 3033 3368 ἂν
3060 3317 3144 3386 εἴη
3188 3318 3281 3370 καὶ¹
3313 3316 3542 3388 ούρανοῦ
3578 3313 3662 3368 καὶ

424 3405 662 3465 aurium.
686 3405 886 3476 pedum
913 3407 1039 3463 item
1071 3411 1221 3481 alia),
1243 3410 1318 3464 ita
1345 3426 1560 3481 quoque
1589 3426 1713 3465 cum
1745 3411 2001 3467 universo

2107 3402 2346 3473 ἀστέρων
2365 3444 2380 3467 ,
2415 3404 2523 3457 τῶν
2550 3422 2609 3457 τε
2636 3406 2693 3458 ἐν
2717 3406 2863 3476 ἀέρι,
2891 3406 2985 3459 καὶ
3008 3409 3099 3477 γῇ,
3124 3407 3217 3459 καὶ
3239 3406 3479 3480 Θαλάττῃ
3501 3405 3659 3471 ζώων,

421 3500 648 3564 mundo,
674 3514 781 3553 una
808 3500 1028 3557 omnino
1054 3501 1236 3558 divina
1254 3504 1428 3559 virtus
1454 3505 1657 3575 praesit,
1682 3503 1870 3559 eadem
1896 3504 2000 3559 erit

2107 3495 2378 3565 στοιχείων
2425 3514 2486 3549 τε
2535 3498 2643 3552 τῶν
2693 3496 2916 3551 καθόλου
2965 3501 3059 3552 καὶ
3101 3498 3209 3553 τῶν
3259 3499 3405 3553 κατὰ
3468 3498 3660 3569 μέρος,

419 3596 475 3644 et
495 3590 642 3658 caali,
670 3600 723 3646 et
751 3600 1051 3660 astrorum,
1072 3602 1127 3649 et
1166 3596 1483 3651 animalium
1509 3612 1871 3669 quaecunque,
1904 3609 1999 3652 aut

418 3686 474 3740 in
505 3700 651 3749 aere,
684 3695 778 3741 aut
801 3686 1046 3755 interra,
1069 3695 1163 3743 aut
1188 3688 1244 3743 in
1271 3689 1410 3744 mari
1438 3688 1662 3761 degunt,
1691 3698 1745 3745 et
1768 3692 1998 3746 elemen-

416 3779 595 3826 torum
615 3782 725 3828 tam
741 3776 984 3830 omnium
997 3776 1348 3849 simul,quam
1365 3779 1704 3850 singulorum
1721 3794 1991 3836 seorsum:

419 3863 572 3935 151
597 3872 854 3936 praeterea
889 3879 1205 3924 naturarum
1238 3870 1552 3926 omnimodo
1581 3873 1854 3927 variarum
1881 3879 1991 3927 tam

415 3972 538 4027 quae
582 3972 779 4027 genere
823 3958 1008 4028 aliquo
1049 3961 1419 4028 continentur,
1453 3978 1617 4033 quam
1659 3980 1780 4034 quae
1812 3967 1992 4036 specie

412 4049 846 4120 distinguuntur,
877 4051 1081 4121 opifex.
1112 4051 1299 4122 Neque
1326 4069 1456 4108 vero
1494 4055 1599 4109 alia
1630 4064 1715 4112 est
1742 4059 1902 4128 ignis,
1937 4067 1991 4114 et

411 4143 519 4198 alia
568 4159 742 4215 aquae,
780 4153 1048 4215 termque
1079 4161 1276 4202 rursus
1315 4145 1441 4210 alia,
1486 4156 1649 4219 atque
1681 4151 1825 4204 aeris
1860 4149 1988 4205 item

411 4235 518 4291 alia
554 4235 793 4293 effectrix
842 4240 1040 4304 virtus,
1079 4237 1174 4295 sed
1222 4254 1328 4293 una
1378 4247 1540 4310 atque
1582 4239 1772 4296 eadem
1806 4256 1987 4297 rerum

409 4326 791 4383 universarum
840 4326 1038 4382 artifex
1074 4326 1361 4397 sapientia,
1421 4328 1674 4398 quodque
1720 4327 1984 4382 mundum

407 4415 606 4482 eﬂecit,
648 4418 753 4473 hoc
780 4420 978 4488 ipsum,
1009 4418 1076 4474 de
1103 4434 1211 4488 quo
1241 4433 1341 4473 nos
1365 4426 1424 4473 ut
1455 4419 1523 4474 de
1554 4418 1663 4474 Deo
1686 4418 1981 4489 loquimur,

2099 3586 2194 3640 καὶ
2224 3586 2304 3639 ἔτι
2335 3587 2549 3657 φύσεων
2596 3589 2860 3643 παντοίων
2897 3590 3127 3659 γενικῶν
3160 3608 3217 3643 τε
3267 3592 3362 3645 καὶ
3410 3590 3515 3643 τῶν
3548 3589 3655 3642 κατ’

2097 3673 2235 3741 εἶδος
2262 3678 2591 3749 δημιουργός
2616 3696 2629 3709 ⁸
2668 3680 2761 3732 καὶ
2791 3680 2889 3733 οὐκ
2915 3679 3044 3751 ἄλλη
3081 3680 3178 3751 μὲν
3208 3680 3400 3751 πυρὸς,
3432 3679 3584 3749 ἑτέρα
3606 3676 3654 3728 δὲ

2097 3769 2288 3832 ὓδατος
2312 3788 2325 3799 '
2370 3769 2464 3823 καὶ
2503 3771 2605 3841 γῆς
2653 3771 2813 3824 πάλιν
2856 3770 2989 3841 ἄλλη
3014 3812 3028 3834 ,
3073 3772 3164 3824 καὶ
3203 3772 3365 3843 ἀέρος
3414 3765 3653 3838 ποιητικὴ

2094 3860 2357 3932 δύναμιςο
2406 3860 2542 3915 ἀλλὰ
2594 3862 2691 3933 μία
2731 3862 2825 3915 καὶ
2872 3864 2904 3934 ἡ
2941 3861 3079 3933 αὑτὴ
3110 3861 3217 3916 τῶν
3261 3862 3399 3915 ὅλων
3440 3860 3655 3932 τεχνῖτις

2097 3955 2279 4023 σοφία,
2310 3955 2405 4009 καὶ
2437 3955 2763 4026 κοσμοποιδς
2792 3954 2955 4018 αὐτὸς
2981 3947 3137 4018 οὗτος
3167 3955 3297 4024 ἡμῖν
3326 3956 3354 4008 6
3388 3948 3653 4019 θεολογοῦ-

2094 4061 2253 4115 μενος
2282 4044 2391 4098 τῶν
2423 4045 2559 4098 ὅλων
2587 4048 2615 4097 6
2644 4045 2971 4117 δημιουργὸς
2994 4044 3088 4098 τοῦ
3121 4044 3255 4097 Θεοῦ
3294 4046 3484 4114 Λόγος.
3511 4043 3653 4107 Map-

2090 4143 2243 4208 τυρεῖ
2268 4139 2325 4192 δὲ
2354 4138 2563 4201 τούτοις
2592 4141 2625 4209 ἡ
2661 4137 2799 4209 πρὸς
2822 4136 3025 4209 ἄλληλα
3056 4136 3163 4188 τῶν
3192 4136 3468 4205 στοιχείων
3491 4129 3647 4201 φιλία,

2088 4236 2154 4304 τῇ
2206 4231 2315 4286 τῶν
2348 4230 2701 4303 συγκράσεων
2736 4229 2984 4301 ἐπιμιξίᾳ
3027 4228 3258 4299 συγγενῆ
3304 4227 3398 4281 καὶ
3430 4220 3648 4292 ἀδελφὴν

2088 4306 2195 4378 καί⁸
2226 4324 2413 4396 ῶσπερ
2453 4324 2571 4387 ἑνὸς
2615 4323 2990 4395 ἀρχιτέκτονος
3029 4320 3188 4392 ἔργον
3225 4319 3323 4391 τὴν
3372 4317 3485 4370 τῶν
3526 4316 3648 4367 ὅλων

2086 4417 2246 4486 φύσιν
2267 4416 2663 4488 ἀπελέγχουσα.
2692 4414 2771 4485 Γῆ
2798 4431 2857 4467 τε
2891 4413 2998 4485 γὰρ
3029 4412 3090 4465 τὸ
3120 4412 3257 4483 βαρὺ
3291 4411 3547 4481 στοιχεῖον
3569 4403 3646 4473 ἐφ’

407 4508 651 4569 universi
691 4508 875 4581 opifex
915 4509 1012 4564 Dei
1056 4509 1318 4566 Verbum.
1352 4509 1540 4565 Fidem
1578 4510 1663 4565 his
1706 4509 1835 4565 facit
1872 4512 1982 4566 elc-

2107 4509 2297 4563 i6d~cwv
2344 4508 2612 4579 ὀχουμένη
2640 4547 2655 4569 ,
2682 4507 2778 4560 καὶ
2823 4504 2897 4577 μὴ
2956 4504 3257 4576 στερεμνίῳ
3299 4502 3399 4573 τῆς
3445 4498 3645 4569 φύσεως

406 4608 711 4656 mentorum
756 4600 896 4656 inter
930 4616 989 4656 se
1015 4601 1279 4666 amicitia,
1310 4616 1432 4672 quae
1459 4616 1524 4655 ex
1551 4614 1617 4654 eo
1640 4602 1783 4669 quod
1813 4600 1979 4680 certis

402 4693 844 4762 temperamentis
888 4692 1176 4747 commista
1210 4700 1357 4756 sunt,
1408 4698 1700 4763 cognatum
1742 4706 1807 4746 ac
1857 4707 1981 4762 ger-

402 4798 646 4847 manum,
678 4791 733 4840 et
760 4792 1020 4852 tanquam
1065 4784 1229 4840 unius
1269 4783 1556 4838 architecti
1599 4798 1760 4853 opus,
1791 4798 1975 4839 rerum

401 4882 653 4929 naturam
683 4875 943 4930 ostendit.
968 4874 1101 4930 Nam
1130 4884 1185 4931 et
1214 4885 1383 4941 terra,
1417 4890 1537 4945 qua:
1568 4889 1732 4945 grave
1759 4884 1842 4932 est
1867 4876 1976 4932 ele-

400 4972 665 5028 mentum,
684 4980 807 5018 cum
825 4966 983 5034 aquis
1016 4967 1243 5028 innatet.
1271 4980 1448 5034 neque
1475 4964 1747 5020 soliditate
1769 4977 1975 5021 natura:

400 5056 455 5111 iu
480 5056 806 5127 profondum
829 5058 1099 5123 trahatur,
1122 5059 1216 5113 sed
1240 5057 1445 5111 feratur
1466 5073 1680 5129 semper
1699 5058 1969 5123 sublimis,

397 5163 574 5219 neque
604 5149 1005 5221 submergatur,
1038 5150 1135 5205 Dei
1179 5148 1359 5204 Verbo
1403 5147 1608 5220 Deique
1642 5150 1873 5207 consilio
1903 5151 1969 5203 ti-

395 5238 519 5295 dem
548 5239 696 5294 facit.
720 5239 965 5297 Humidae
993 5243 1120 5297 item
1150 5248 1360 5296 natura:
1391 5256 1516 5296 cum
1546 5242 1699 5296 arida
1721 5257 1969 5297 commu-

394 5332 618 5399 nicatio,
649 5350 769 5404 quae
795 5335 931 5391 nihil
969 5335 1334 5404 corruptionis
1359 5349 1471 5405 pra:
1518 5350 1577 5390 se
1617 5334 1742 5399 fert,
1791 5349 1968 5404 neque

392 5426 684 5483 confertim
725 5429 980 5485 universa
1012 5434 1310 5498 restagnat,
1341 5427 1437 5483 sed
1470 5426 1566 5483 Dei
1606 5435 1743 5481 nutu
1779 5427 1965 5481 occul-

393 5517 604 5576 tissimo
635 5522 886 5593 colligata
927 5527 1163 5585 tenetur,
1194 5534 1362 5573 unum
1391 5534 1585 5574 rursus
1622 5525 1785 5588 atque
1819 5515 1962 5572 idem

392 5607 485 5665 Dei
510 5609 743 5668 Verbum
772 5627 895 5669 esse
918 5612 1279 5667 demonstrat.
1303 5609 1444 5680 Quid
1465 5623 1631 5681 porro
1659 5607 1839 5680 ignis?
1865 5605 1959 5677 qui

459 5775 506 5807 ”
532 5770 687 5830 Joan.
721 5790 758 5840 ι,
792 5773 842 5827 1.
919 5772 965 5805 ’⁸
991 5770 1123 5827 ibid.
1155 5773 1209 5826 5.

2082 4601 2224 4656 κατά
2266 4602 2461 4672 βάθους
2498 4600 2785 4670 ἑλκομένη,
2832 4597 3102 4669 μετέωρος
3145 4596 3189 4650 δ’
3228 4595 3315 4648 ἀεὶ
3358 4590 3638 4665 φερομένη,

2081 4695 2174 4749 καὶ
2201 4693 2274 4765 μὴ
2305 4692 2699 4763 καταδυομένη,
2734 4688 2868 4743 Θεοῦ
2902 4689 3058 4760 Λόγῳ
3085 4688 3180 4742 καὶ
3210 4686 3342 4740 Θεοῦ
3368 4684 3528 4756 βουλῇ
3555 4681 3639 4734 καὶ

2077 4786 2303 4856 δυνάμει
2362 4786 2645 4856 μαρτυρεῖ.
2700 4782 2901 4855 ’Υγρᾶς
2949 4798 3007 4835 τε
3038 4777 3122 4834 υαῦ
3168 4778 3328 4832 πάλιν
3378 4775 3561 4837 οὐσίας
3605 4772 3635 4840 ἡ

2077 4878 2214 4947 πρὸς
2246 4878 2310 4930 τὸ
2359 4876 2519 4948 ξηρὸν
2563 4873 2813 4928 κοινωνία
2865 4872 3027 4943 μηδὲν
3079 4870 3302 4941 στερᾣ
3344 4866 3636 4920 ἐπιδεικνυ-

2079 4968 2235 5040 μένη,
2272 4967 2405 5039 μηδὲ
2449 4966 2658 5037 ἀθρόως
2686 4964 2749 5017 τὸ
2792 4964 2901 5017 πᾶν
2942 4960 3387 5032 ὲπιλιμνᾴζουσα,
3422 4956 3636 5026 νεύματι

2073 5061 2116 5113 δ’
2143 5062 2365 5131 ἀρρήτῳ
2397 5057 2531 5111 Θεοῦ
2556 5057 2924 5128 πεπεδημένη,
2945 5056 3039 5109 ἕνα
3063 5053 3220 5107 πάλιν
3235 5052 3329 5106 καὶ¹
3359 5049 3452 5103 τὸν
3485 5044 3635 5101 αὑτὸν

2071 5154 2240 5222 Λόγον
2250 5151 2343 5205 τοῦ
2355 5149 2489 5203 Θεοῦ
2503 5149 2738 5220 παρίστη
2746 5148 2888 5202 σι.Τί
2902 5148 2959 5201 δὲ
2970 5146 3031 5199 τὸ
3044 5146 3174 5217 πῦρ,
3190 5146 3363 5199 καίτοι
3379 5138 3633 5207 καυτικῆς

2071 5245 2165 5299 καὶ
2211 5243 2477 5314 φθατικῆς
2508 5241 2739 5310 φύσεως,
2774 5241 2961 5294 ἔπειτα
2994 5239 3167 5305 ξύλοις
3205 5234 3519 5310 ὲμφωλεῦον
3544 5230 3633 5287 καὶ

2070 5340 2343 5400 παντοίοις
2376 5334 2530 5399 ζώων
2570 5334 2813 5406 σώμασιν
2839 5331 3301 5405 ἀνακεκραμένον,
3331 5332 3402 5401 γῇ
3436 5345 3495 5383 τε
3543 5323 3629 5378 καὶ

2068 5430 2219 5483 ὕδατι
2247 5429 2339 5481 καὶ
2362 5428 2483 5500 ἀέρι
2518 5426 3076 5497 συνέστοιχειωμενον,
3111 5422 3344 5478 κᾶπειτα
3372 5421 3511 5490 λόγῳ
3541 5414 3628 5469 καὶ

2069 5522 2251 5594 μέτρῳ
2296 5524 2407 5585 τοῖς
2452 5524 2583 5576 πᾶσι
2629 5521 2688 5574 τὸ
2731 5521 2869 5583 δέον,
2909 5520 3032 5572 ὅσον
3069 5518 3136 5572 ἂν
3185 5516 3398 5585 ἑκάστῳ
3429 5512 3626 5582 γένοιτο

2064 5614 2199 5686 πρὸς
2247 5614 2531 5685 ὠφελείας,
2576 5610 2960 5683 ἐπιχορηγοῦν,
3007 5610 3107 5680 τῆς
3150 5609 3194 5663 δ’
3236 5605 3439 5668 οἰκείας
3478 5599 3625 5655 δυνά·
