3880 6256
1141 330 1797 390 DEMONSTRATIONIS
1830 331 2288 391 EVANGELICIE
2331 335 2459 393 LIB.
2502 335 2594 391 IV.

3414 341 3522 397 26‘!

251 468 390 524 μεως
432 449 884 523 ἐπιλελησμένον,
922 451 983 504 οὐ
1026 451 1109 504 σοὶ
1136 452 1285 506 δοκεῖ
1315 450 1475 505 πάλιν
1504 450 1639 504 Θεοῦ
1685 450 1816 519 Λόγι

1947 451 2072 505 licet
2100 453 2473 510 comburentis
2515 452 3033 526 corrumpentisque
3074 464 3280 511 naturae
3305 456 3397 520 sit,
3433 466 3519 512 ta-

246 544 336 597 καὶ
358 542 599 613 δυνάμει
645 544 937 609 δουλεύειν,
979 545 1220 617 Ἡμέρας
1245 545 1300 597 δὲ
1332 546 1424 598 καὶ
1454 545 1645 610 νυκτὸς
1672 549 1833 616 ἀμοι-

244 632 393 695 ϐαίας
421 632 641 704 ὁρῶντι
673 638 931 706 κινήσεις,
957 635 1116 707 ὡρῶν
1141 653 1200 689 τε
1232 637 1325 689 καί¹
1351 637 1557 708 καιρῶν
1581 637 1701 690 τοτὲ
1737 639 1835 709 μὲν

241 723 520 793 αὐξήσεις,
559 726 687 778 τοτὲ
715 724 770 778 δὲ
806 724 1077 797 μειώσεις,
1114 727 1346 791 κύκλους
1372 745 1431 780 τε
1461 728 1720 781 ἐνιαυτῶν
1743 731 1836 783 καὶ

241 815 522 885 περιόδους
575 817 802 889 χρόνων,
834 817 1047 890 ἄστρων
1086 836 1144 873 τε
1174 820 1558 891 περιδινήσεις,
1592 820 1740 892 ἡλίου
1775 838 1834 873 τε

238 909 491 983 δρόμους,
544 912 648 965 καὶ
690 911 916 983 σελήνης
956 910 1199 984 τροπὰς,
1239 910 1583 983 συμπαθείας
1628 929 1687 965 τε
1739 911 1834 966 καὶ

234 1000 606 1065 ἀντιπαθείας
660 1003 933 1067 ἁπάντων,
986 1005 1079 1058 καὶ
1136 1004 1339 1075 κόσμον
1392 1004 1489 1058 ’ἐνα
1542 1004 1722 1057 αὐτῶν
1775 1003 1833 1071 ἐξ

232 1095 517 1158 ἁπάντων,
555 1092 669 1170 ἆρά
712 1114 794 1152 σοι
833 1098 934 1170 τὴν
974 1096 1198 1167 ἀλογίαν
1238 1098 1333 1151 καὶ
1370 1098 1430 1151 τὸ
1469 1098 1591 1169 εἰκῆ
1636 1098 1730 1151 καὶ
1756 1098 1833 1160 ὡς

232 1187 417 1260 ἔτυχεν
448 1189 645 1243 αἰτίαν
680 1186 818 1243 εἶναι
853 1190 961 1243 τῶν
987 1191 1124 1244 ὅλων
1160 1188 1380 1261 θεμιτὸν
1414 1188 1829 1259 ἀποφαίνεσθαι,

232 1280 459 1351 ηΛόγον
502 1281 590 1347 ὡς
613 1282 826 1353 ἀληθῶς
850 1281 1006 1347 Θεοῦ,
1034 1282 1128 1336 καὶ
1150 1281 1285 1335 Θεοῦ
1321 1282 1533 1352 σοφίαν,
1570 1285 1663 1337 καὶ
1694 1284 1829 1338 Θεοῦ

229 1374 482 1445 δύναμιν,
522 1376 626 1429 καὶ
652 1375 857 1448 ταύτην
893 1376 1044 1448 μίαν,
1071 1375 1186 1430 ἀλλ’
1208 1378 1269 1431 ού
1305 1376 1502 1440 πολλὰς
1532 1378 1788 1449 ἀνυμνεῖν
1813 1394 1827 1443 ;

231 1467 346 1520 ἐπεὶ
376 1469 477 1521 καὶ
515 1469 581 1521 ὲν
616 1467 888 1541 ἀνθρώπῳ
924 1468 1020 1539 μία
1050 1468 1218 1542 ψυχὴ.
1262 1470 1355 1523 καὶ
1386 1470 1484 1541 μία
1515 1469 1709 1541 λογικὴ
1739 1470 1830 1523 δύ-

229 1578 387 1630 ναμις
442 1561 726 1614 πλείστων
775 1562 909 1633 ὁμοῦ
940 1563 1136 1631 γένοιτ’
1168 1562 1232 1616 ἂν
1282 1563 1634 1634 δημιουργὸς,
1665 1563 1697 1635 ἦ
1734 1562 1829 1617 καὶ

225 1656 491 1723 γεωργεῖν
506 1654 544 1724 ἡ
565 1652 723 1725 αὑτὴ,
743 1655 835 1706 καὶ
848 1656 1144 1726 ναυπηγεῖν
1162 1654 1255 1709 καὶ
1272 1654 1558 1727 κυϐερνᾷν,
1575 1655 1669 1709 καὶ
1685 1657 1829 1709 οἰκο-

223 1741 402 1813 δομεῖν
443 1745 627 1799 πολλὰ
675 1746 921 1817 μαθοῦσα
965 1747 1309 1802 ὲπιϐάλλοιτο
1331 1765 1344 1777 ·
1381 1748 1475 1801 καὶ
1504 1741 1583 1811 εἷς
1615 1747 1738 1810 νοῦς
1767 1748 1824 1800 ὲν

223 1833 499 1906 ἀνθρώπῳ
539 1838 637 1891 καὶ
665 1837 923 1909 λογισμὸς
958 1838 1155 1903 δέξαιτ’
1191 1839 1256 1893 ἄν
1291 1856 1418 1892 ποτε
1454 1840 1661 1911 μυρίων
1704 1842 1823 1893 ἐπις

225 1927 457 1998 στήμας.
513 1933 899 2003 γεωμετρησει
933 1949 991 1985 τε
1031 1935 1059 1985 ὁ
1088 1932 1250 1995 αὐτὸς
1279 1932 1373 1985 καὶ
1403 1933 1820 2003 ἁστρονομήσει,

223 2021 310 2073 καὶ
351 2021 561 2090 λόγους
595 2024 1345 2097 γραμματικῆςπαραδὼσει
1399 2027 1493 2079 καὶ⁵
1553 2027 1819 2098 ἰατρικῆς,

224 2110 276 2166 ἓν
316 2130 373 2166 τε
421 2115 722 2187 μαθήμασι
762 2118 853 2169 καὶ
882 2119 995 2180 τοῖς
1028 2117 1169 2171 κατὰ
1195 2122 1383 2189 χεῖρας
1420 2121 1815 2190 προστήσεται·

225 2206 310 2259 καὶ
356 2206 523 2262 οὔπω
555 2226 621 2278 γε
663 2210 838 2272 οὐδεὶς
888 2208 1107 2263 πώποτε
1134 2210 1354 2273 πλείους
1401 2212 1457 2263 ὲν
1496 2210 1575 2263 ἐνὶ
1608 2209 1819 2281 σώματι

225 2298 393 2369 ψυχὰς
422 2303 684 2373 ἡγήσατο
711 2295 872 2360 εἶναι,
903 2302 1022 2354 οὐδὲ
1048 2301 1248 2365 πολλὰς
1278 2302 1585 2373 ἐθαύμασεν
1618 2299 1821 2373 ἀνθρώ-

223 2408 319 2444 mu
350 2392 629 2463 δυνάμεις
658 2392 745 2446 διά
793 2391 890 2462 τὴν
920 2393 1028 2446 τῶν
1059 2393 1269 2446 πολλῶν
1314 2393 1654 2465 μαθημάτων
1684 2394 1818 2447 ὑπο-

224 2486 398 2558 δοχήν.
436 2488 504 2540 Εἰ
557 2487 618 2541 δὲ
661 2488 755 2540 καὶ
805 2486 1050 2556 ἄμορφον
1100 2485 1232 2556 ὓλην
1279 2485 1451 2557 πηλοῦ
1505 2503 1586 2548 τις
1619 2484 1815 2557 εὑρὼν,

223 2581 457 2636 κᾶπειτα
508 2582 704 2654 χερσὶν
745 2580 1053 2643 ἀπολεάνας
1099 2579 1353 2648 ἐπιθήσει
1395 2578 1534 2644 ζώου
1580 2580 1814 2652 μορφὴν,

223 2672 358 2744 ἄλλῳ
406 2675 511 2745 μὲν
556 2675 798 2745 σχήματι
842 2674 1122 2745 κεφαλὴν,
1167 2678 1358 2745 χεῖρας
1408 2674 1465 2726 δὲ
1517 2674 1610 2727 καὶ
1654 2673 1818 2736 πόδας

223 2768 438 2838 ἑτέρως,
494 2770 598 2822 καὶ
634 2768 945 2839 ὀφθαλμοὺς
992 2769 1152 2823 πάλιν
1197 2767 1393 2831 ἄλλως,
1442 2768 1537 2821 καὶ
1584 2768 1817 2839 παρειὰς

223 2858 511 2925 ὡσαύτως,
550 2854 669 2914 ὦτά
707 2878 765 2914 τε
808 2861 900 2913 καὶ
945 2860 1137 2931 στόμα,
1175 2859 1267 2912 καὶ
1315 2862 1488 2931 ῥῖνας,
1533 2860 1728 2932 στέρνα
1755 2877 1815 2912 τε

222 2951 308 3003 καὶ
332 2950 531 3022 ὤμους
554 2951 1054 3022 ύποτυπωσάμενος
1076 2952 1239 3023 τέχνῃ
1264 2954 1329 3022 τῇ
1357 2952 1625 3022 πλαστικῇ
1644 2969 1655 2981 ’
1684 2948 1811 3022 ἄρα,

224 3042 338 3095 ἐπεὶ
371 3043 558 3097 πολλὰ
591 3046 846 3116 σχήματα
897 3046 989 3099 καὶ
1036 3045 1174 3115 μέλη
1212 3045 1305 3099 καὶ
1337 3044 1476 3117 μέρη
1506 3045 1556 3098 ὑ⁹
1600 3046 1678 3099 ἑνὶ
1708 3043 1815 3097 σώ-

1938 557 2061 596 men
2094 558 2219 597 cum
2264 545 2321 599 in
2372 546 2535 617 lignis
2567 547 2751 614 lateat,
2784 559 2837 605 et
2867 551 3046 606 omnis
3068 550 3285 621 generis
3309 550 3517 603 anima-

1938 633 2068 687 lium
2117 637 2441 706 corporibus
2507 647 2655 694 certa
2702 648 3070 711 temperatura
3120 656 3404 695 connexus
3448 641 3521 698 sit

1936 733 2224 797 terraeque,
2285 737 2448 799 atque
2504 745 2691 801 aquze,
2758 741 2921 801 atque
2966 732 3074 787 aeri
3130 731 3519 796 consociatus,

1938 819 2130 874 deinde
2157 820 2368 876 ratione
2393 837 2456 876 ac
2493 838 2752 877 mensura
2780 833 3046 894 quantum
3069 825 3365 895 unicuique
3380 840 3522 895 opus

1936 912 2025 970 sit.
2043 919 2414 984 quantumque
2432 914 2638 968 utilitas
2660 917 2916 986 postulet,
2939 917 3196 972 omnibus
3220 915 3519 985 suﬁiciens,

1935 1009 2280 1075 pmpriarum
2316 1007 2511 1061 virium
2542 1007 2903 1063 obliviscatur
2935 1027 2950 1063 :
2981 1024 3166 1065 nonne
3196 1011 3295 1064 tibi
3324 1025 3523 1067 rursus

1937 1093 2028 1149 Dei
2062 1094 2259 1161 Verbo,
2285 1113 2349 1150 ac
2382 1099 2643 1169 potestati
2671 1099 2937 1154 inservire
2954 1100 3167 1155 videtur
3187 1101 3211 1154 ἲ
3231 1100 3345 1156 Diei
3377 1116 3519 1172 prae-

1936 1202 2081 1246 terea
2111 1192 2397 1263 noctisque
2432 1193 2869 1259 vicissitudines,
2902 1210 3023 1263 quas
3057 1193 3367 1250 terminatis
3398 1209 3518 1251 m0-

1933 1283 2078 1337 tibus
2108 1292 2380 1347 constant,
2418 1282 2790 1354 borarumque
2823 1300 2885 1338 ac
2912 1294 3317 1355 tempestatum,
3371 1300 3518 1339 nunc

1931 1374 2151 1444 quidem
2180 1384 2496 1447 augmenta,
2530 1392 2677 1431 nunc
2703 1386 2883 1433 autem
2919 1379 3329 1443 diminutiones,
3355 1378 3519 1433 orbes

1929 1466 2057 1521 item
2076 1481 2309 1536 annuos,
2336 1483 2399 1524 ac
2416 1469 2682 1525 circuitus
2709 1453 3036 1540 temporum,
3054 1479 3435 1540 astrorumque
3460 1470 3518 1526 in

1930 1560 2118 1615 orbem
2145 1572 2344 1628 motus,
2371 1570 2486 1617 tum
2512 1565 2647 1619 solis
2678 1579 2899 1629 cursus,
2922 1565 3171 1634 lunaeque
3201 1564 3517 1619 conversio-

1930 1666 2050 1715 nes,
2071 1659 2181 1705 tum
2196 1668 2504 1710 consensus
2520 1654 2660 1709 inter
2674 1670 2732 1709 se
2748 1655 2991 1709 omnium
3016 1670 3080 1709 ac
3100 1655 3513 1724 repugnantias,

1933 1758 2209 1813 unumque
2229 1759 2293 1798 ex
2315 1744 2384 1799 iis
2397 1744 2651 1800 omnibus
2667 1746 2948 1809 mundum,
2964 1761 3089 1800 cum
3108 1745 3359 1810 intueris,
3381 1762 3519 1800 nun-

1933 1835 2066 1905 quid
2101 1835 2197 1890 tibi
2221 1851 2343 1891 esse
2372 1837 2455 1890 fas
2475 1845 2658 1907 putas,
2682 1837 3122 1908 imprudentiam,
3149 1838 3266 1892 sive
3291 1839 3515 1893 temeri-

1928 1934 2119 1995 tatem,
2140 1927 2256 1983 sive
2278 1927 2559 1982 fortuitam
2578 1929 2815 1999 aliquam
2834 1944 3081 1991 causam,
3101 1937 3378 1984 auctorem
3399 1929 3517 1984 uni-

1932 2022 2076 2075 versi
2120 2021 2442 2089 enuntiare;
2468 2036 2538 2076 an
2569 2020 2660 2077 Dei
2698 2021 2936 2077 Verbum
2983 2037 3191 2088 revera,
3228 2030 3284 2078 et
3313 2022 3407 2077 Dei
3434 2039 3516 2079 sa-

1927 2114 2209 2187 pientiam,
2230 2123 2284 2169 et
2313 2113 2406 2169 Dei
2429 2114 2709 2180 virtutem,
2738 2122 2791 2170 et
2818 2115 2958 2169 hanc
2988 2115 3159 2186 ipsam
3183 2130 3372 2180 unam,
3404 2130 3512 2169 non

1924 2205 2130 2277 plures.
2150 2205 2341 2261 eﬂ‘crre
2356 2207 2611 2261 laudibus
2627 2207 2650 2260 ?
2664 2205 2868 2279 Nempe
2884 2207 3045 2262 etiam
3065 2208 3121 2262 in
3140 2206 3379 2272 homine,
3405 2203 3519 2261 ani—

1926 2312 2013 2351 ma
2037 2310 2167 2361 una,
2188 2313 2406 2368 unaque
2447 2299 2528 2354 vis
2562 2298 2865 2361 rationalis,
2902 2299 3259 2369 plurimarum
3306 2299 3515 2369 pariter

1923 2406 2106 2444 rerum
2125 2397 2304 2460 potest
2325 2406 2448 2444 esse
2470 2390 2670 2461 Opifex.
2688 2389 2823 2444 Nam
2838 2401 3091 2461 etagrum
3109 2392 3287 2446 colere
3297 2391 3510 2459 eadem,

1921 2491 1974 2535 et
1997 2496 2127 2536 aves
2143 2491 2544 2548 construere,et
2562 2482 2885 2553 gubernare,
2904 2490 2958 2537 et
2980 2482 3249 2537 aediﬁcare
3268 2481 3508 2547 audebit,

1922 2580 2213 2645 postquam
2244 2573 2374 2626 talia
2407 2574 2578 2627 multa
2608 2573 2819 2628 didicit.
2853 2572 2945 2627 Sic
2977 2590 3086 2628 una
3122 2589 3276 2629 mens
3316 2573 3371 2628 in
3412 2574 3511 2628 ho-

1920 2662 2087 2727 mine,
2124 2679 2338 2734 unaque
2371 2665 2607 2719 rationis
2640 2665 2879 2720 versatio
2910 2665 3388 2719 innumerabilium
3419 2681 3509 2720 re—

1918 2771 2041 2810 rum
2073 2757 2332 2811 scientias
2363 2753 2651 2827 percipiet,
2705 2765 2868 2827 atque
2914 2757 3055 2811 idem
3090 2757 3255 2811 homo
3294 2766 3350 2812 et
3378 2772 3512 2828 geo-

1919 2848 2189 2913 metriam,
2223 2857 2277 2904 et
2317 2850 2712 2905 astronomiam
2742 2850 3041 2913 exercebit,
3077 2850 3508 2920 disputationes-

1917 2956 2024 3011 que
2055 2949 2109 2997 et
2154 2940 2222 2995 de
2266 2941 2624 3012 grammatica
2676 2949 2730 2997 et
2780 2941 2848 2996 de
2903 2940 3175 2995 medicina
3244 2940 3508 3011 proferet,

1922 3033 2078 3102 152
2114 3049 2213 3087 nec
2242 3050 2352 3087 non
2386 3034 2439 3087 in
2476 3033 2782 3105 disciplinis
2814 3040 2869 3089 et
2899 3035 2952 3088 in
2982 3033 3049 3090 iis
3080 3048 3201 3104 qua:
3247 3049 3509 3087 manuum

227 3151 348 3203 ματι
380 3136 872 3209 δεδημιούργηται,
917 3138 1203 3201 τοσούτους
1234 3138 1338 3210 χρὴ
1368 3138 1462 3190 καὶ
1504 3137 1631 3201 τοὺς
1659 3154 1814 3207 ποιη-

1922 3123 2227 3177 ministerio
2273 3123 2662 3189 conﬁciuntur,
2695 3124 2921 3178 excellet
2955 3142 2967 3177 :
3000 3138 3101 3177 nec
3141 3138 3383 3194 unquam
3428 3132 3509 3177 ta-

228 3224 315 3289 τὲις
332 3228 597 3298 ἡγεῖσθαι
620 3247 633 3294 ;
658 3230 689 3300 ἦ
714 3230 804 3283 τὸν
823 3229 917 3283 τοῦ
940 3231 1140 3295 παντὸς
1160 3229 1372 3302 ἁθρόως
1390 3230 1639 3301 τεχνίτην
1659 3232 1815 3284 ἐπαι-

227 3319 329 3370 νεῖν
370 3321 454 3372 ἑνὶ
494 3320 742 3392 λογισμῷ
772 3323 868 3376 καὶ
903 3324 1003 3394 μιᾷ
1034 3322 1261 3395 δυνάμει
1308 3322 1369 3375 τὸ
1411 3324 1519 3375 πᾶν
1557 3324 1819 3395 τεκτηνά-

231 3427 413 3479 pum;
447 3414 521 3465 Τί
553 3414 689 3484 δῆτα
733 3415 1021 3487 τοιγαροῦν
1055 3417 1147 3469 ἐπὶ
1182 3414 1275 3468 τοῦ
1306 3415 1528 3479 παντὸς,
1571 3416 1689 3479 ἐνὸς
1718 3416 1815 3486 μὲν

226 3501 385 3569 ὄντος,
413 3508 484 3559 ὲκ
513 3507 696 3577 μερῶν
718 3508 774 3561 δὲ
805 3508 1071 3562 πλείστων
1097 3507 1427 3577 ὑφεστῶτος,
1451 3507 1651 3571 πολλὰς
1675 3508 1814 3579 χρῆν

227 3595 578 3652 ὑποτίθεσθαι
600 3600 998 3671 δημιουργικὰς
1023 3600 1302 3671 δυνάμεις,
1335 3600 1428 3654 καὶ
1452 3598 1680 3662 πολλοὺς
1704 3599 1814 3652 ὀνο-

229 3688 410 3758 μάζειν
446 3691 629 3755 θεοὺς,
665 3693 786 3763 οὐχὶ
811 3693 869 3746 δὲ
909 3693 1035 3763 μίαν
1062 3692 1343 3764 ὁμολογεῖν
1374 3692 1471 3763 τὴν
1492 3692 1567 3754 ὡς
1596 3689 1812 3761 ἀληθῶς

225 3781 348 3835 Θεοῦ
401 3785 641 3855 δύναμιν
692 3785 786 3837 καὶ
842 3785 978 3839 Θεοῦ
1032 3785 1244 3854 σοφίαν,
1284 3786 1382 3856 μιᾷ
1434 3783 1660 3854 δυνάμει
1716 3784 1809 3836 καὶ

206 3871 383 3957 ,ἀρετῇ
421 3878 529 3947 μιᾷ
563 3878 700 3947 ὁμοῦ
730 3876 800 3930 τά
825 3877 999 3931 πάντα
1025 3876 1399 3948 ὑφισταμένην
1424 3893 1483 3929 τε
1510 3876 1605 3929 καλ⁸
1641 3872 1809 3939 ζωοῦ-

230 3980 339 4033 σαν,
369 3971 471 4023 καὶ
512 3973 625 4034 τοῖς
664 3972 797 4024 πᾶσι
837 3970 1087 4041 ποικίλην
1114 3970 1213 4041 τὴν
1258 3968 1318 4034 ἐξ
1344 3969 1513 4039 αὐτῆς
1543 3968 1805 4037 ἐπιχορη-

227 4055 341 4124 γίαν
381 4060 756 4132 ποιουμένηνς
783 4059 939 4113 Οὕτω
982 4061 1076 4113 καὶ
1129 4060 1305 4130 φωτὸς
1337 4059 1486 4129 ἡλίου
1522 4059 1622 4129 μία
1650 4057 1744 4111 καὶ
1771 4057 1804 4127 ἡ

226 4148 352 4223 αὐτὴ
398 4152 679 4224 προσϐολὴ
726 4151 862 4223 ὁμοῦ
901 4152 996 4206 καὶ
1036 4152 1178 4206 κατὰ
1207 4153 1268 4205 τὸ
1297 4153 1427 4206 αὐτὸ
1470 4148 1804 4219 καταυγάζει

231 4239 320 4309 μὲν
340 4243 510 4315 ἀέρα,
541 4243 762 4311 φωτίζει
792 4243 848 4297 δὲ
876 4243 1204 4315 ὀφθαλμοὺς,
1234 4243 1376 4315 ἁφὴν
1402 4242 1459 4296 δὲ
1500 4241 1800 4313 θερμαίνει,

229 4330 424 4385 πιαίνει
450 4332 511 4384 δὲ
534 4332 659 4403 γῆν,
677 4331 830 4398 αὔξει
859 4333 1022 4402 φυτὰ,
1041 4333 1231 4406 χρόνον
1258 4333 1565 4403 ὑφίστησιν,
1589 4331 1801 4403 ἄστρων

231 4420 455 4491 ἡγεῖται,
488 4424 718 4495 οὐρανὸν
762 4424 1063 4497 περιπολεῖ,
1099 4425 1301 4494 κόσμον
1337 4423 1635 4495 φαιδρύνει,
1664 4421 1799 4476 Θεοῦ

1922 3230 2046 3270 men
2093 3217 2386 3287 quisquam
2431 3217 2611 3271 adhuc
2662 3216 2848 3286 plures
2885 3219 2940 3270 in
2978 3233 3090 3272 uno
3120 3232 3351 3289 corpore
3381 3231 3508 3273 esse

1921 3308 2131 3363 animas
2160 3308 2392 3372 censuit,
2426 3324 2604 3379 neque
2654 3324 2784 3364 vero
2840 3310 3027 3379 plures
3078 3311 3380 3367 admiratus
3410 3320 3499 3368 est

1918 3400 1990 3455 ob
2016 3401 2310 3455 multarum
2345 3401 2762 3470 disciplinarum
2801 3401 3228 3472 perceptionem,
3260 3402 3502 3459 hominis

1917 3491 2227 3548 facultates.
2245 3493 2401 3560 Quod
2426 3494 2473 3549 si
2495 3493 2621 3563 quis
2642 3493 2733 3549 ubi
2752 3494 3046 3548 informem
3080 3494 3193 3547 limi
3210 3495 3500 3550 materiam

1914 3594 2110 3641 nactus
2141 3596 2323 3651 est,ac
2356 3587 2552 3642 deinde
2589 3587 2844 3641 manibus
2863 3586 3111 3652 mollivit,
3142 3594 3258 3641 tum
3288 3588 3500 3642 anima-

1912 3679 1983 3735 lis
2017 3679 2247 3733 formam
2280 3679 2561 3751 adjungat,
2598 3689 2658 3734 ut
2695 3680 2801 3733 alio
2829 3677 3050 3749 quidem
3087 3679 3273 3735 habitu
3311 3687 3501 3750 caput,

1911 3788 2219 3843 manusque
2251 3782 2306 3829 et
2327 3772 2493 3843 pedes
2520 3772 2647 3837 alio,
2684 3779 2737 3827 et
2772 3772 2881 3826 alio
2920 3785 3117 3825 rursus
3145 3771 3358 3835 oculos,
3388 3779 3503 3825 tum

1910 3881 2078 3936 genas
2125 3865 2332 3934 itidem,
2363 3879 2636 3936 auresque
2687 3872 2741 3919 et
2770 3878 2853 3927 os,
2890 3871 2944 3919 et
2991 3877 3175 3928 nares,
3196 3872 3504 3932 pectusque

1908 3968 2074 4028 atque
2102 3959 2361 4013 humeros
2391 3956 2649 4013 informet
2681 3971 2783 4012 suo
2822 3956 2915 4010 illo
2949 3954 3183 4025 ﬁngendi
3217 3952 3453 4008 artiﬁcio
3491 3969 3505 4005 :

1906 4068 2038 4108 num
2084 4059 2370 4124 pr0pterea
2412 4051 2560 4123 quod
2604 4052 2807 4107 multos
2839 4049 3082 4110 habitus,
3117 4054 3173 4102 et
3225 4048 3503 4112 membra,

1905 4154 1960 4200 et
1986 4154 2170 4215 partes
2202 4145 2306 4199 sub
2328 4159 2436 4199 uno
2466 4158 2699 4213 corpore
2730 4140 3039 4200 fabricavit,
3075 4138 3301 4194 totidem
3326 4153 3491 4209 opor-

1908 4242 1985 4293 tet
2032 4236 2391 4293 fabricatores
2423 4233 2727 4289 arbitrari?
2757 4248 2826 4287 an
2866 4233 3048 4302 potius
3078 4231 3325 4287 universi
3356 4231 3495 4285 arti-

1904 4330 2061 4385 licem
2108 4330 2256 4385 illico
2288 4336 2342 4383 et
2370 4326 2684 4390 confertim,
2718 4326 2811 4395 qui
2859 4340 2968 4380 uno
3008 4323 3245 4379 consilio
3278 4340 3497 4395 unaque

1904 4419 2162 4477 facultate
2212 4428 2387 4474 totum
2438 4425 2524 4475 est
2568 4417 2999 4478 architectatus,
3050 4415 3349 4470 extollere?
3379 4413 3497 4468 Cur

231 4511 448 4587 δύναμιν
490 4517 695 4588 ἐναργῆ
728 4518 827 4589 τὴν
872 4518 929 4570 ὲν
965 4518 1042 4589 τῷ
1075 4518 1237 4571 παντὶ
1277 4516 1555 4587 συνίστησι
1578 4532 1591 4546 ·
1627 4516 1801 4569 πάντα

1919 4514 2077 4584 igitur
2115 4515 2169 4566 in
2215 4513 2319 4567 hoc
2369 4512 2627 4566 universo
2663 4508 2810 4579 quod
2853 4521 3021 4561 unum
3067 4514 3183 4570 est,
3229 4508 3481 4576 quamvis

229 4622 284 4683 τε
325 4608 502 4663 ταῦτα
558 4611 658 4681 μιᾷ
709 4612 849 4682 ῥοπῇ
902 4611 1115 4680 φύσεως
1168 4609 1427 4663 συντελεῖ.
1482 4609 1591 4662 Καὶ
1635 4608 1807 4680 πυρὸς

233 4699 381 4769 φύσις
411 4703 618 4773 χρυσὸν
667 4702 763 4772 μὲν
794 4701 1068 4773 καθαίρει,
1108 4699 1365 4772 μόλυϐδον
1397 4699 1452 4775 δε
1492 4700 1685 4769 τήκει·
1716 4699 1807 4751 καὶ

236 4794 394 4865 κηρὸν
442 4795 545 4867 μὲν
577 4794 715 4857 λύει,
754 4792 924 4863 πηλὸν
950 4792 1006 4846 δὲ
1042 4792 1309 4863 ξηραίνει,
1341 4790 1471 4861 ῦλην
1498 4790 1555 4843 δὲ
1588 4790 1806 4861 φρύγει,

237 4887 324 4955 μιᾷ
360 4889 428 4957 τῇ
478 4888 748 4956 καυστικῇ
800 4885 1026 4955 δυνάμει
1074 4883 1142 4936 τὰ
1190 4882 1429 4936 τοσαῦτα
1476 4880 1808 4953 κατεργαζο-

237 4976 379 5050 μένη.
409 4977 601 5051 Ταύτῃ
632 4995 713 5031 τοι
747 4977 841 5031 καὶ
873 4976 1121 5048 οὐράνιος
1146 4974 1240 5028 τοῦ
1273 4974 1409 5028 Θεοῦ
1433 4973 1624 5041 Λόγος,
1653 4974 1681 5025 ὁ
1715 4970 1809 5024 καὶ

233 5066 393 5139 ἡλίου,
419 5070 521 5124 καὶ
547 5069 804 5140 ούρανοῦ,
836 5069 930 5123 καὶ
962 5069 1056 5122 τοῦ
1090 5070 1407 5139 σύμπαντος
1454 5064 1662 5133 κόσμου
1712 5061 1807 5131 δη-

236 5162 562 5234 ι’ωυργικὺς,
590 5163 852 5234 δραστικῇ
892 5162 1117 5232 δυνάμει
1158 5163 1270 5223 τοῖς
1311 5159 1478 5211 πᾶσιν
1523 5153 1808 5225 ἐπιπαρὼν

233 5258 315 5311 καὶ
347 5258 437 5313 διὰ
477 5259 700 5312 πάντων
746 5260 919 5323 ἥκων,
966 5256 1101 5328 ἡλίῳ
1147 5255 1266 5326 μὲν,
1315 5252 1407 5306 καὶ
1452 5251 1671 5321 σελήνῃ,
1715 5246 1808 5300 καὶ

234 5347 438 5423 ἄστροις
462 5351 523 5417 ἐξ
550 5350 760 5413 οἰκείας
794 5349 896 5419 τῆς
925 5347 1153 5402 ἀεννάου
1185 5344 1468 5414 δυνάμεως
1490 5339 1606 5410 φῶς
1637 5340 1810 5407 ἐπομ-

233 5440 357 5515 ϐρεῖ,
400 5442 638 5516 οὐρανὸν
685 5442 742 5494 δὲ
797 5441 997 5495 οἰκείου
1053 5437 1315 5510 μεγέθους
1352 5430 1807 5504 προσφυεστάτην

234 5535 397 5591 εἰκόνα
432 5538 535 5607 τὴν
575 5534 752 5608 ἀρχὴν
785 5531 1254 5602 ὑποστησάμενος,
1282 5531 1360 5591 εἰς
1388 5527 1558 5580 αἰῶνα
1583 5524 1809 5593 διακρα-

233 5632 329 5681 τεί’
374 5631 473 5695 τὰς
522 5629 581 5683 δὲ
645 5627 901 5680 ἐπέκεινα
956 5622 1187 5695 ούρανοῦ
1242 5621 1338 5674 καί
1395 5619 1599 5689 κόσμου
1651 5615 1809 5668 δυνά-

239 5739 342 5790 μεις
379 5725 631 5794 ἀγγέλων
682 5722 776 5776 καὶ
818 5718 1162 5788 πνευμάτων,
1201 5712 1403 5785 νοερῶν
1442 5729 1499 5764 τε
1534 5710 1628 5764 καὶ
1658 5708 1807 5775 λογι-

237 5816 330 5870 κῶν
380 5819 602 5884 ουσιῶν,
648 5815 795 5885 ζωῆς
847 5813 1004 5885 ὁμοῦ,
1053 5813 1145 5865 καὶ
1202 5807 1398 5878 φωτὸς,
1448 5805 1543 5859 καὶ
1593 5802 1803 5871 σοφίας,

1909 4603 2099 4656 multis
2131 4602 2378 4672 partibus
2410 4606 2656 4662 constet,
2693 4598 2897 4651 multos
2944 4604 3159 4665 oportet
3187 4596 3501 4667 contingere

1908 4691 2154 4762 opiﬁces,
2201 4699 2256 4746 et
2308 4691 2511 4745 multos
2547 4689 2681 4744 deos
2724 4688 3033 4751 nominare,
3078 4701 3143 4741 ac
3172 4702 3282 4741 non
3314 4687 3500 4758 potius

1909 4800 2072 4840 unam
2099 4785 2257 4839 fateri
2282 4798 2470 4839 revera
2500 4782 2596 4838 Dei
2626 4782 2905 4845 virtutem,
2937 4787 2991 4836 et
3013 4778 3110 4835 Dei
3140 4779 3493 4850 sapientiam,

1910 4892 2031 4947 quae
2062 4891 2171 4930 una
2194 4874 2452 4928 facultate
2490 4887 2706 4942 unaque
2736 4870 2962 4927 solertia
2994 4869 3212 4924 cunctis
3257 4869 3487 4926 rebusst

1910 4977 2164 5023 naturam
2197 4981 2301 5037 qua
2332 4972 2460 5020 sunt
2501 4974 2555 5021 et
2594 4962 2757 5018 vitam
2791 4962 3044 5031 largitur,
3071 4975 3286 5015 necnon
3313 4963 3496 5017 omni-—

1911 5061 2014 5115 bus
2058 5059 2267 5112 varium
2304 5057 2371 5112 de
2417 5056 2603 5126 seipsa
2648 5053 2918 5110 ubertatis
2962 5052 3166 5107 fontem
3223 5051 3494 5105 submini-

1912 5153 2089 5209 strat?
2123 5151 2212 5206 Sic
2241 5152 2405 5206 etiam
2442 5148 2640 5205 solaris
2688 5148 2913 5202 luminis
2953 5160 3060 5199 una
3090 5153 3145 5200 et
3176 5143 3367 5199 eadem
3402 5158 3495 5198 ac-

1910 5244 2114 5310 cessio,
2153 5243 2317 5298 simul
2350 5240 2652 5309 eodemque
2683 5246 2924 5309 tempore
2957 5252 3134 5293 aerem
3168 5235 3388 5307 quidem
3418 5235 3497 5288 ir-

1908 5339 2111 5403 radiat,
2159 5338 2435 5392 illuminat
2467 5348 2597 5389 vero
2641 5333 2853 5395 oculos,
2891 5337 3055 5400 atque
3094 5326 3257 5383 allicit
3285 5333 3491 5381 tactum

1910 5431 2113 5493 calore,
2153 5437 2470 5497 terramque
2519 5423 2750 5480 fertilem
2797 5421 2997 5483 reddit,
3049 5420 3267 5491 plantas
3308 5426 3489 5487 auget,

1912 5529 2130 5589 tempus
2158 5518 2435 5589 producit,
2484 5520 2681 5584 prmcst
2736 5511 3034 5574 sideribus,
3066 5510 3266 5564 cmlum
3296 5508 3487 5569 ambit,

1910 5612 2175 5668 mundum
2230 5611 2520 5671 exhilarat,
2561 5607 2655 5662 Dei
2707 5606 2814 5661 vim
2866 5604 3211 5662 manifestam
3264 5615 3386 5672 quae
3434 5599 3488 5654 in

1911 5701 2170 5755 universo
2221 5699 2385 5759 inest,
2439 5693 2832 5748 commendat:
2882 5701 2933 5746 et
2982 5690 3163 5745 omnia
3213 5688 3328 5741 haec
3378 5699 3489 5740 uno

1911 5798 2187 5851 momento
2216 5797 2425 5844 naturae
2454 5785 2802 5841 administrat
2835 5798 2897 5839 ac
2927 5782 3157 5854 perﬁcit.
3191 5779 3336 5850 Ignis
3356 5792 3487 5849 quo-
