3880 6256
433 283 543 341 263

1063 284 1332 341 EUSEBII
1369 286 1848 345 CESARIENSIS
1881 289 2032 346 OPP.
2074 290 2259 348 PARS
2282 295 2361 348 ~ll.
2396 327 2465 337 —
2502 294 3000 354 APOLOGETICA.

3546 312 3641 369 264

429 412 538 471 que
559 403 751 452 natura
781 404 835 452 et
866 412 1057 453 aurum
1086 408 1281 470 purgat
1308 408 1363 456 et
1386 401 1664 472 plumbum
1692 401 1982 473 liquefacit,

2094 408 2188 461 καὶ
2218 425 2396 481 πασης
2414 410 2632 483 ἀρετῆς,
2658 414 2754 467 καὶ
2775 415 2938 469 καλοῦ
2968 414 3208 485 κάγαθοῦ
3223 417 3416 485 παντὸς
3450 424 3510 478 ὲκ
3532 428 3632 483 τῶν

428 498 484 544 et
512 500 638 543 'cum
670 503 853 543 ceram
879 489 1162 555 dissolvat,
1204 491 1393 545 limum
1422 499 1604 547 tamen
1637 492 1898 555 exsiccat,
1939 501 1993 549 et

428 581 714 636 materiam
752 581 932 635 adurit
968 601 981 634 :
1016 590 1069 636 et
1104 581 1217 636 hare
1246 589 1355 636 tam
1385 583 1577 646 multa,
1602 598 1710 637 una
1735 584 1995 639 duntaxat

429 675 485 728 vi
528 674 882 729 comburendi
914 674 1096 731 eﬂicit.
1132 675 1330 731 Eadem
1379 678 1592 732 ratione
1635 678 1857 734 caeleste
1898 677 1994 734 Dei

430 763 686 829 Verbum,
717 766 863 835 quod
895 776 950 822 et
977 769 1146 822 solem
1177 771 1376 837 ipsum,
1408 775 1460 823 et
1492 769 1716 833 coelum,
1758 778 1811 823 et
1837 786 1996 824 mun-

430 859 557 915 dum
586 860 899 915 universum
932 858 1232 924 fabricavit,
1262 875 1385 914 cum
1409 858 1609 914 eﬂicaci
1648 860 1697 913 vi
1723 860 1839 915 suis
1860 875 1995 914 cun-

430 953 532 1008 ctis
558 953 721 1009 rebus
751 952 986 1016 intersit,
1017 961 1072 1007 et
1105 968 1204 1022 per
1232 952 1416 1007 omnia
1447 960 1715 1023 penetret,
1749 954 1849 1008 soli
1872 954 1994 1024 qui—

424 1043 546 1097 dem
591 1059 656 1099 ac
701 1045 843 1100 lunae
879 1052 1043 1114 atque
1085 1045 1272 1107 astris,
1305 1045 1373 1099 de
1400 1045 1619 1115 propria
1662 1060 1875 1115 Semper
1907 1046 1992 1100 af-

421 1134 608 1190 ﬂuenti
634 1135 910 1196 facultate,
944 1136 1119 1191 instar
1148 1136 1342 1206 pluvia:
1372 1136 1551 1190 lumen
1579 1134 1846 1204 infundit;
1881 1153 1994 1193 cm-

424 1226 535 1279 lum
566 1235 766 1293 autem,
803 1244 924 1283 cum
973 1244 1085 1283 suae
1125 1227 1514 1297 magnitudinis
1540 1228 1608 1282 ab
1642 1228 1796 1283 initio
1826 1244 1994 1300 appo-

422 1317 744 1372 sitissimam
792 1318 1081 1390 imaginem
1140 1317 1465 1388 protulerit,
1506 1317 1560 1370 in
1613 1320 1772 1371 omne
1818 1333 1991 1374 aevum

423 1406 617 1462 sufﬁcit
668 1410 1020 1479 continetque
1068 1427 1084 1477 ;
1135 1425 1257 1480 qua:
1307 1416 1487 1463 autem
1550 1423 1717 1479 supra
1764 1410 1989 1474 caalum,

423 1515 697 1572 supraque
727 1502 988 1563 mundum
1024 1503 1225 1574 degunt
1285 1510 1584 1574 potestates
1615 1541 1630 1566 ,
1678 1503 1989 1573 angelorum

420 1593 613 1663 utique
645 1608 708 1647 ac
756 1595 1042 1663 spirituum
1079 1583 1439 1665 ititelligentes
1469 1594 1867 1661 rationalesque
1893 1578 1995 1646 na-

420 1691 589 1746 turae,
629 1700 722 1741 eas
769 1693 823 1741 et
890 1686 998 1740 vita
1047 1687 1210 1741 simul
1247 1697 1303 1741 et
1340 1687 1562 1748 lumine,
1595 1692 1650 1739 et
1679 1684 1944 1755 sapientia
1972 1723 1989 1749 ,

2099 501 2227 592 παρ’
2257 501 2422 555 αὐτοῦ
2450 502 2739 577 θησαυρῶν
2771 508 3143 579 ἐμπίμπλησι,
3182 512 3282 581 μιᾷ
3311 514 3402 567 καὶ
3431 518 3493 587 τῇ
3518 518 3640 592 αὐτῇ

2095 589 2408 663 δημιουργῷ
2439 594 2603 668 τέχνῃ
2627 612 2640 625 ·
2674 597 2767 650 καὶ
2800 599 3076 669 στοιχείων
3107 600 3294 666 οὐσίας
3323 602 3512 659 οὔποτε
3539 589 3643 665 Sta:-

2095 678 2371 750 λιμπάνει,
2415 685 2670 755 παρέχων
2690 688 2783 740 καὶ
2806 688 2980 769 μίξεις
3011 690 3102 742 καὶ
3128 691 3369 761 κράσεις.
3405 695 3494 749 καὶ
3518 698 3641 769 εἴδη,

2096 768 2189 821 καὶ
2225 772 2455 843 μορφὰς,
2486 774 2578 825 καὶ
2611 762 2884 847 σχήματα,
2939 779 3228 849 ποιότητάς
3265 798 3324 833 τε
3362 786 3569 855 μυρίας,
3591 762 3640 843 ἐν

2093 874 2153 909 τε
2175 855 2332 922 ζώοις
2361 861 2455 914 καὶ
2484 865 2689 930 φυτοῖς,
2718 866 2811 918 καὶ
2854 864 3072 935 ψυχαῖς,
3109 871 3203 922 καὶ
3240 868 3473 941 σώμασι,
3505 874 3640 945 λογι-

2096 951 2210 1013 κοῖς
2236 967 2296 1002 τε
2342 953 2437 1005 καὶ
2485 953 2719 1023 ἀλόγοις,
2760 955 2947 1010 ἄλλοτε
2986 957 3159 1023 ἄλλως
3211 965 3639 1033 καταποικίλλων,

2094 1045 2188 1098 καὶ
2222 1047 2384 1100 πᾶσιν
2414 1047 2547 1119 ὁμοῦ
2580 1050 2756 1102 πάντα
2788 1050 2887 1120 μιᾷ
2908 1049 3131 1121 δυνάμει
3177 1055 3535 1125 ἐπιχορηγῶν,
3559 1061 3642 1115 καὶ

2093 1136 2216 1189 νοῦν
2243 1138 2335 1189 ἐπὶ
2359 1140 2521 1192 πᾶσιν
2572 1139 2875 1211 ἀνθρώποις
2904 1142 3249 1214 ὲπιγνώμονα
3282 1146 3375 1199 καὶ
3399 1147 3640 1223 θεωρητι-

2094 1228 2187 1282 κὸν
2215 1229 2315 1299 τῆς
2341 1228 2502 1283 αὐτοῦ
2528 1232 2719 1300 σοφίας
2738 1231 3096 1303 δωρούμενος,
3128 1236 3390 1308 ἄντικρύς
3418 1256 3475 1292 τε
3514 1258 3641 1313 παρ-

2096 1318 2248 1382 ιστὰς
2284 1323 2396 1383 τοῖς
2455 1322 2588 1373 πᾶσι
2645 1321 2738 1374 καὶ
2771 1320 3100 1393 διαρρήδην,
3139 1324 3240 1376 ἕνα
3285 1324 3485 1395 κόσμον
3534 1329 3640 1380 ἐπι-

2091 1407 2357 1462 δείκνυσιν
2387 1410 2504 1473 ὲνὺς
2533 1410 2706 1479 Λόγου
2732 1412 3057 1483 κοσμοποιοῦ
3097 1412 3277 1484 ἔργον.
3326 1414 3566 1470 Τοιοῦτον
3583 1418 3640 1490 δὴ

2093 1502 2444 1574 καλλιτέχναν
2492 1504 2620 1558 Υίὸν
2655 1506 2914 1576 μονογενῆ
2968 1507 3068 1576 τῆς
3116 1507 3279 1561 αὑτοῦ
3335 1508 3523 1580 βουλῆς
3559 1511 3643 1565 καὶ

2090 1593 2414 1666 δημιουργὸν
2449 1598 2476 1649 ό
2526 1597 2743 1651 πάντων
2773 1597 3031 1653 ἀνωτάτω
3069 1600 3162 1652 καὶ
3204 1600 3369 1652 αὑτοῦ
3400 1600 3643 1673 δημιουρ-

2092 1686 2187 1757 γοῦ
2212 1687 2342 1751 Θεὸς
2363 1687 2455 1741 καὶ
2481 1688 2671 1761 Πατὴρ
2687 1689 2903 1763 πρῶτον
2941 1691 3190 1745 ἁπάντων
3218 1692 3429 1758 ἐγέννα,
3457 1692 3522 1744 δι’
3550 1694 3639 1746 αὑ-

421 1776 577 1846 ],53
622 1785 676 1831 et
719 1779 987 1833 universa“:
1017 1778 1307 1847 probitatis
1344 1785 1507 1849 atque
1541 1777 1844 1833 honestatis
1865 1775 1982 1829 uni-

2089 1780 2185 1834 τοῦ
2218 1782 2313 1834 καὶ
2348 1782 2405 1833 ὲν
2447 1780 2595 1851 αὐτῴ
2626 1782 2753 1846 τοὺς
2809 1782 2915 1835 τῶν
2969 1782 3267 1853 μελλόντων
3317 1783 3531 1837 ἔσεσθαι
3557 1784 3643 1855 δη-

416 1884 572 1922 versa
602 1869 824 1936 virtute,
859 1870 927 1926 de
970 1871 1086 1926 suis
1138 1870 1324 1939 implet
1357 1870 1650 1933 thesauris,
1685 1868 1847 1939 idque
1878 1882 1987 1922 uno

415 1958 713 2029 eodemque
775 1961 910 2015 artis
956 1961 1193 2032 opiﬁcio,
1250 1960 1536 2017 elementis
1584 1975 1714 2016 vero
1761 1966 1986 2013 naturas

413 2050 611 2119 quibus
659 2051 786 2113 sint,
816 2051 1055 2121 praebere
1097 2067 1373 2122 nunquam
1430 2050 1672 2115 desistit;
1721 2050 1983 2105 misturas

414 2151 594 2196 autem
642 2149 695 2197 et
732 2151 1182 2213 temperamenta,
1211 2151 1265 2197 et
1298 2143 1532 2213 species,
1582 2149 1636 2196 et
1677 2141 1900 2204 formas,
1929 2149 1984 2196 et

412 2233 653 2297 habitus,
699 2235 1095 2304 qualitatesque
1143 2235 1587 2296 innumerabiles,
1617 2241 1727 2286 tam
1785 2233 1839 2286 in
1870 2232 1993 2286 ani-

412 2328 644 2382 malibus
672 2344 834 2398 quam
870 2327 924 2381 in
955 2328 1178 2397 plantis,
1215 2334 1325 2381 tam
1380 2327 1433 2382 in
1485 2327 1685 2380 animis
1718 2340 1885 2395 quam
1929 2325 1985 2379 in

410 2419 874 2488 corporibus,tam
904 2418 959 2472 in
989 2418 1346 2473 rationalibus
1364 2434 1525 2489 quam
1549 2418 1601 2472 in
1634 2418 1831 2483 brutis,
1849 2417 1986 2472 alias

410 2510 568 2563 aliter
611 2513 846 2575 varians,
880 2518 933 2566 et
957 2512 1171 2566 cunctis
1200 2512 1363 2566 simul
1394 2511 1577 2565 omnia
1613 2526 1720 2565 una
1753 2510 1805 2565 vi
1854 2509 1987 2565 sub-

409 2601 753 2664 ministrans,
802 2612 856 2657 et
902 2618 1067 2673 super
1115 2603 1297 2657 omnia
1357 2610 1590 2657 mentem
1647 2601 1981 2663 hominibus,

410 2711 521 2750 sua:
539 2696 709 2767 ipsius
739 2695 1091 2765 cognitricem
1122 2694 1737 2764 contemplatricemque
1768 2693 1987 2762 sapien-

409 2788 497 2842 tiae
525 2788 757 2852 donans,
808 2787 1201 2857 perSpicueque
1246 2793 1409 2855 atque
1438 2785 1719 2839 evidenter
1769 2785 1984 2839 cunctis

2095 1872 2445 1943 μιουργικοὺς
2488 1871 2677 1937 λόγους
2723 1873 3108 1944 ὑφιστάμενος,
3139 1875 3230 1927 καὶ
3266 1876 3335 1928 τά
3371 1875 3645 1946 σπέρματά

2089 1979 2153 2032 γε
2186 1962 2284 2034 τῆς
2323 1962 2430 2017 τῶν
2481 1962 2617 2015 ὃλων
2681 1963 2993 2026 συστάσεώς
3022 1981 3082 2016 τε
3130 1963 3223 2017 καὶ
3254 1964 3567 2035 διοικήσεως
3593 1968 3644 2021 ὲν

2089 2052 2235 2124 αὐτῷ
2258 2052 2745 2123 καταϐαλλόμενος.
2778 2053 2889 2124 Οὐχ
2922 2055 3051 2125 ὁρᾷς
3080 2052 3374 2125 ὀφθαλμοῖς
3399 2055 3487 2108 τὸν
3517 2060 3643 2125 σύμ-

2090 2161 2267 2197 παντα
2313 2144 2534 2214 κόσμον,
2561 2143 2619 2195 ὃν
2659 2143 2883 2213 οὐρανὸς
2913 2138 2993 2204 εἷς
3018 2160 3083 2195 πε
3094 2142 3434 2214 ριλαμόἀνει,
3466 2144 3647 2216 μυρίας

2085 2253 2146 2290 τε
2189 2236 2334 2307 ἀμφὶ
2370 2234 2563 2289 τοῦτον
2589 2235 2807 2305 χορείας
2844 2235 2936 2288 κα)⁵
2964 2234 3176 2306 ἄστρων
3203 2236 3644 2308 περιπολεύσεις;

2090 2327 2258 2382 Πάλιν
2273 2322 2352 2390 εἷς
2362 2327 2528 2398 ἥλιος,
2549 2327 2659 2381 ἀλλ’
2677 2329 2735 2380 ού
2756 2327 2991 2394 πλείους,
3010 2324 3105 2392 τὰς
3118 2329 3372 2383 ἁπάντων
3391 2330 3489 2382 ὑπε
3497 2322 3647 2401 ρὸολῇ

2091 2420 2266 2490 φωτὸς
2299 2420 2565 2474 καλύπτει
2588 2420 2972 2492 μαρμαρυγὰς.
3011 2420 3165 2474 Οὕτω
3214 2421 3354 2491 δῆτα
3377 2422 3491 2485 ἐνὸς
3508 2422 3648 2484 ὄντος

2089 2511 2322 2583 Πατρός,
2378 2512 2472 2565 ἕνα
2509 2512 2646 2583 χρῆν
2672 2513 2765 2564 καὶ
2794 2512 2883 2565 τὸν
2909 2512 3035 2565 Υίὸν
3063 2506 3225 2566 εἶναι.
3256 2514 3326 2566 Εί
3358 2513 3426 2578 δ’,
3464 2515 3541 2566 ὅτι
3581 2512 3646 2584 μὴ

2090 2602 2181 2654 καὶ
2210 2600 2443 2665 πλείους,
2473 2599 2842 2672 ἐπιμέμψαιτό
2874 2618 2977 2665 τις,
3016 2601 3135 2673 ὥρα
3164 2601 3255 2655 τὸν
3301 2602 3555 2666 τοιοῦτον,
3575 2602 3648 2655 ὃτι

2093 2691 2168 2764 μὴ
2202 2693 2294 2746 καὶ
2349 2692 2532 2763 ἡλίους
2578 2692 2799 2763 συνίστη
2860 2692 3096 2756 πλείους,
3143 2695 3236 2748 καὶ
3285 2694 3531 2766 σελήνας,
3566 2693 3651 2747 καὶ

2089 2786 2342 2856 κόσμους,
2369 2786 2463 2839 καὶ
2484 2785 2652 2858 μυρία
2677 2786 2832 2849 ἄττα,
2860 2784 3153 2849 αἰτιᾶσθαι,
3193 2788 3518 2857 μαινομένου
3537 2784 3649 2856 τρό-

409 2879 693 2941 assistens,
725 2894 891 2933 unum
943 2878 1204 2932 mundum
1258 2877 1497 2933 ostendit
1549 2877 1713 2931 unius
1758 2875 1982 2932 artiﬁcis

2089 2894 2189 2930 πον
2219 2875 2287 2930 τά
2324 2876 2460 2948 ὀρθά
2487 2878 2580 2930 καὶ
2618 2873 2677 2931 εὖ
2706 2876 2896 2949 ἔχοντα
2938 2877 3037 2948 τῆς
3070 2876 3288 2946 φύσεως
3318 2876 3649 2948 διαστρέφειν

409 2965 570 3024 Verbi
598 2983 755 3039 opus.
786 2968 968 3024 Talem
1013 2970 1176 3039 igitur
1217 2969 1437 3023 unicum
1469 2966 1688 3033 Filium,
1722 2969 1806 3023 sui
1846 2984 1982 3024 con—

2088 2969 2510 3041 ἐπιχειροῦντος.

408 3063 515 3119 silii
550 3062 858 3119 ellectorem
887 3079 951 3119 ac
979 3064 1320 3134 magistrum,
1381 3072 1436 3120 et
1495 3070 1815 3120 cunctarum
1863 3080 2046 3119 rerum
2086 3065 2354 3136 Opiticem,
2413 3079 2703 3135 supremus
2753 3071 2917 3135 atque
2967 3063 3139 3135 ipsius
3175 3064 3388 3135 opiﬁcis
3424 3063 3561 3119 Deus
3598 3068 3649 3117 et

408 3174 604 3229 parens
641 3160 872 3230 primum
903 3160 1143 3214 omnium
1173 3161 1378 3230 genuit,
1408 3175 1501 3230 per
1557 3160 1709 3215 illum
1736 3166 1789 3214 et
1819 3160 1871 3215 in
1904 3160 1997 3215 illo
2032 3175 2220 3217 eorum
2273 3176 2394 3232 qua:
2429 3160 2612 3215 futura
2641 3168 2796 3215 erant
2850 3160 3072 3231 Opiﬁces
3095 3159 3340 3215 rationes
3364 3157 3646 3220 sufﬁciens,

406 3251 725 3321 seminaque
789 3252 1196 3309 constitutionis
1268 3253 1789 3324 gubernationisque
1853 3253 2096 3309 universi
2154 3255 2210 3308 in
2259 3255 2351 3309 illo
2407 3254 2654 3325 conjecta
2718 3254 2944 3309 habens.
3016 3252 3208 3308 Nonne
3273 3253 3451 3308 oculis
3484 3252 3649 3306 intue-

408 3346 486 3401 ris
535 3346 796 3402 mundum
858 3347 1195 3413 universum,
1243 3364 1405 3419 quem
1466 3349 1667 3403 malum
1723 3364 1892 3403 unum
1933 3350 2332 3419 complectitur,
2390 3348 2913 3418 innumerabiliaque
2967 3348 3171 3402 circum
3221 3346 3371 3400 hunc
3421 3342 3648 3415 tripudia

405 3447 460 3493 et
484 3448 755 3496 astrorum
782 3442 1201 3498 conversiones?
1234 3441 1326 3500 Sol
1346 3443 1473 3500 item
1503 3460 1646 3499 unus
1708 3443 1993 3509 duntaxat,
2057 3461 2164 3500 non
2205 3447 2409 3516 plures,
2464 3444 2796 3499 abundantia
2839 3443 3061 3499 luminis
3121 3443 3368 3496 omnium
3423 3439 3649 3497 occultat

408 3533 740 3603 splendores.
778 3532 870 3588 Sic
927 3549 1060 3590 sane
1111 3549 1237 3589 cum
1293 3549 1437 3591 unus
1473 3535 1545 3591 sit
1589 3534 1772 3599 Pater,
1808 3553 1978 3592 unum
2014 3539 2180 3592 etiam
2235 3535 2431 3591 Filium
2482 3551 2604 3591 esse
2648 3541 2880 3605 Oportet.
2938 3532 3091 3599 Quod
3148 3534 3192 3587 si
3228 3534 3357 3603 quis
3399 3533 3450 3587 id
3479 3545 3649 3600 repre«

406 3628 608 3684 heudat
648 3628 794 3699 quod
840 3629 1023 3699 plures
1071 3645 1180 3685 non
1226 3630 1495 3701 genuerit,
1549 3629 1641 3686 hic
1685 3631 1797 3702 jam
1852 3633 1987 3687 illud
2024 3648 2239 3703 quoque
2279 3645 2541 3686 accusare
2590 3630 2808 3700 poterit,
2874 3628 3019 3698 quod
3093 3642 3202 3681 non
3256 3627 3444 3696 plures
3491 3624 3646 3680 soles.

403 3735 458 3780 et
511 3725 689 3788 lunas,
735 3734 789 3779 et
841 3724 1096 3790 mundos,
1173 3733 1227 3781 et
1270 3724 1377 3780 alia
1426 3726 1808 3781 inumerabilia
1869 3728 2196 3790 condiderit,
2244 3733 2299 3782 et
2351 3740 2505 3782 more
2552 3724 2877 3780 insanientis
2953 3720 3282 3791 cujuspiam,
3331 3736 3454 3791 quae
3507 3724 3648 3772 recta

405 3827 554 3880 sunt.
608 3820 852 3888 beneque
910 3820 965 3875 in
1028 3828 1226 3874 natura
1283 3835 1344 3877 se
1403 3820 1635 3889 habent,
1672 3821 2215 3891 pervertere_moliri.

1146 3941 1235 3997 Vl.

403 4028 556 4096 Quod
588 4046 618 4083 a
646 4031 819 4099 prima
852 4032 1221 4102 constitutione
1252 4032 1502 4095 universi,
1522 4030 1726 4085 occulta
1744 4032 1977 4102 quadam

472 4105 756 4174 ignotaque
797 4103 1020 4174 ratione,
1048 4101 1308 4174 Christus
1344 4104 1434 4157 Dei
1467 4101 1727 4173 religiosis
1763 4103 1971 4174 Deoque

471 4172 638 4239 gratis
668 4171 859 4225 animis
896 4171 1166 4240 prazsidet.

472 4260 585 4316 llac
620 4262 785 4333 igitur
817 4264 1049 4327 ratione,
1083 4262 1539 4333 quemadmodum
1570 4263 1622 4317 in
1653 4262 1815 4318 rebus
1855 4277 1975 4332 qua:

399 4352 507 4409 sub
547 4363 823 4424 aspectum
858 4353 1081 4422 cadunt,
1113 4355 1196 4411 sol
1228 4370 1371 4410 unus
1398 4355 1713 4409 universum
1742 4353 1978 4407 illustrat

2090 4031 2183 4101 Ὠς
2205 4031 2324 4085 ἀπὸ
2362 4028 2599 4099 πρώτης
2645 3942 2997 4101 συοζτὰῗὲεως
3048 4025 3167 4101 τῶν
3191 4025 3375 4101 ’ὅλων
3414 4017 3651 4101 iiscach

2149 4092 2181 4157 ό
2206 4092 2461 4182 Χριςτῦς
2491 4092 2597 4155 τοῦ
2642 4099 2791 4154 Θεοῦ
2822 4099 2940 4153 τῶν
2970 4092 3264 4166 θεοφιλῶν
3285 4093 3506 4164 ψυχῶν
3531 4092 3647 4144 ἐπι·

2148 4190 2370 4227 στατει.

2149 4264 2333 4337 Ταύτῃ
2352 4263 2393 4315 δ’
2426 4258 2517 4316 οὖν
2543 4261 2619 4325 ὼς
2644 4263 2700 4315 ὲν
2730 4261 2943 4330 ὁρατοῖς
2980 4258 3130 4329 ἣλιος
3161 4252 3242 4320 εἷς
3280 4256 3375 4309 τὸν
3405 4249 3649 4322 αἰσθητὸν

2079 4356 2293 4411 ἅπαντα
2320 4352 2666 4423 καταλάμπει
2708 4351 2931 4421 κόσμον,
2966 4348 3108 4402 οὕτω
3139 4347 3276 4418 δῆτα
3318 4346 3414 4400 καὶ
3439 4346 3495 4397 ὲν
3527 4355 3642 4409 νοη-

401 4445 549 4500 bunc
589 4447 901 4502 sensibilem
926 4449 1215 4514 mundum,
1240 4449 1311 4502 ita
1347 4449 1400 4503 in
1424 4448 1492 4504 iis
1519 4464 1639 4518 qua:
1677 4447 1979 4517 intelligcn—

2088 4449 2190 4510 τοῖς
2222 4445 2319 4508 τὰς
2338 4445 2636 4506 ἀθανάτους
2667 4442 2762 4496 καὶ
2794 4440 3114 4511 ἀσωμάτους
3142 4437 3426 4508 δυνάμεις.
3469 4430 3649 4502 νοεράς

400 4541 477 4595 tia
519 4541 636 4596 sola
666 4540 979 4610 capiuntur,
1012 4539 1351 4596 immortales
1381 4548 1436 4595 et
1466 4540 1820 4610 incorporeas
1873 4554 1975 4611 po-

397 4634 647 4695 testates“,
678 4640 731 4688 et
756 4633 1117 4704 intelligentes
1140 4648 1203 4688 ac
1226 4633 1520 4689 rationales
1546 4643 1795 4697 naturas,
1819 4632 1976 4703 quasi

397 4725 821 4781 innumerabiles
876 4726 1063 4781 stellas
1118 4725 1367 4795 lucisque
1417 4725 1612 4789 fontes,
1649 4741 1819 4779 unum
1881 4724 1976 4780 Dei

395 4815 698 4886 perfectum
731 4815 1003 4870 illuminat
1033 4814 1292 4871 Verbum.
1327 4815 1487 4893 154
1509 4814 1787 4885 Siquidem
1815 4830 1978 4885 Opor-

394 4909 501 4962 tuit
529 4924 693 4963 unam
726 4924 945 4979 quoque
974 4925 1139 4980 super
1168 4910 1351 4964 omnia
1381 4924 1502 4964 csse
1533 4908 1756 4962 omnino
1776 4907 1972 4975 legem,

392 5007 556 5069 atque
596 5000 651 5054 in
680 5001 935 5055 omnibus
965 5010 1018 5055 et
1050 5015 1145 5070 per
1181 5000 1363 5054 omnia
1393 5007 1683 5068 penetrans
1723 4996 1816 5051 Dei
1853 4988 1977 5050 ver?

392 5088 547 5154 bum,
571 5097 630 5145 ut
651 5091 815 5144 etiam
845 5090 900 5144 in
922 5090 1025 5145 hoc
1058 5090 1313 5162 imaginis
1336 5089 1638 5146 similitudo
1664 5103 1787 5142 cum
1814 5085 1975 5142 Patre

392 5196 783 5251 usquequaque
813 5193 1077 5245 servetur,
1119 5189 1230 5241 tam
1255 5180 1311 5235 in
1333 5195 1398 5235 eo
1432 5179 1575 5250 quod
1604 5179 1671 5233 ad
1695 5179 1969 5243 virtutem,

392 5272 645 5342 quodque
693 5271 761 5326 ad
806 5280 1125 5341 potestatem
1184 5280 1345 5342 atque
1374 5271 1669 5326 essentiam
1711 5268 1969 5339 pertinet,

387 5378 552 5430 quam
587 5363 641 5417 in
676 5378 740 5419 eo
781 5364 925 5434 quod
967 5364 1034 5418 ad
1068 5363 1296 5418 unitatis
1329 5360 1837 5433 singularitatisque
1870 5375 1972 5412 nu-

390 5468 621 5509 merum.
657 5452 794 5508 Cum
844 5462 1023 5508 autem
1066 5453 1269 5523 alioqui
1299 5451 1650 5506 multiformis
1680 5466 1744 5504 ac
1782 5449 1967 5503 multi-

391 5543 550 5600 moda
577 5545 968 5617 gignendarum
994 5560 1175 5600 rerum
1205 5553 1421 5609 natura,
1448 5540 1971 5598 innumerabilibus-

389 5653 496 5708 que
544 5652 608 5692 ac
655 5638 825 5692 variis
869 5637 1005 5699 alias
1055 5638 1179 5692 aliis
1234 5637 1651 5696 mutationibus.
1691 5636 1763 5689 ob
1815 5647 1966 5689 suam

391 5730 564 5802 ipsius
593 5730 1018 5787 imbecillitatem
1038 5729 1271 5785 obnoxia
1303 5728 1481 5784 futura
1519 5734 1685 5793 esset,
1720 5742 1821 5783 nec
1854 5741 1961 5779 non

2077 4555 2136 4590 τε
2162 4537 2255 4591 καὶ
2279 4536 2504 4606 λογικὰς
2541 4533 2724 4597 οὐσίας
2762 4533 3009 4605 μυρίους,
3049 4532 3234 4602 ὥσπερ
3281 4528 3521 4600 ἀστέρας
3561 4519 3650 4576 καὶ

2078 4633 2386 4704 φωστῆρας,
2443 4624 2522 4692 εἷς
2554 4629 2581 4680 ό
2608 4626 2702 4681 τοῦ
2736 4624 2869 4680 Θεοῦ
2910 4623 3245 4692 καταυγάζει
3287 4621 3464 4688 Λόγος
3487 4633 3502 4648 ·
3534 4610 3651 4669 ἐπεὶ

2076 4725 2171 4778 καλ⁵
2200 4724 2336 4795 χρῆν
2354 4723 2451 4776 ἕνα
2476 4721 2565 4775 τὸν
2592 4721 2684 4773 ἐπὶ
2712 4720 2846 4771 πᾶσι
2876 4717 2999 4770 καθ’
3023 4716 3179 4778 ὅλων,
3210 4714 3308 4768 καὶ
3328 4715 3421 4767 τὸν
3436 4714 3494 4765 ὲν
3521 4709 3648 4763 πᾶσι

2074 4818 2170 4871 καὶ
2191 4816 2279 4871 διά
2306 4817 2521 4869 πάντων
2567 4814 2771 4884 ἥκοντα
2798 4810 2893 4864 τοῦ
2931 4808 3066 4863 Θεοῦ
3100 4808 3297 4876 Λόγον,
3341 4806 3421 4869 ὡς
3457 4805 3525 4859 ἂν
3554 4801 3649 4855 κάν

2074 4909 2245 4980 τούτῳ
2297 4908 2359 4960 τὸ
2405 4908 2502 4977 τῆς
2557 4904 2763 4965 εἰκόνος
2796 4901 3033 4972 ἐμφερὲς
3060 4897 3139 4969 τῷ
3180 4897 3361 4970 Πατρὶ
3391 4895 3487 4949 καὶ
3517 4888 3650 4946 κατὰ

2075 5000 2253 5052 πάντα
2277 4995 2629 5060 ἀποσώζοιτο,
2664 4994 2804 5046 κατά
2836 5010 2895 5045 τε
2916 4993 3015 5063 τὴν
3045 4989 3265 5063 ἀρετὴν,
3302 4987 3450 5042 κατά
3469 5004 3528 5039 τε
3557 4983 3649 5054 τὴν

2072 5091 2319 5162 δύναμιν,
2345 5090 2439 5144 καὶ
2456 5089 2555 5160 τὴν
2589 5088 2798 5152 οὐσίαν,
2826 5086 2967 5140 κατά
2981 5101 3041 5137 τε
3073 5083 3163 5136 τὸν
3186 5082 3288 5151 τῆς
3316 5079 3544 5152 μονάδος
3562 5074 3648 5130 καὶ

2073 5179 2258 5243 ὲνόιδος
2282 5178 2534 5251 ἀριθμὸν,
2569 5176 2888 5241 πολυειδοῦς
2905 5177 2961 5229 δὲ
2989 5176 3161 5238 ἄλλως
3187 5175 3284 5226 καὶ
3312 5170 3648 5244 πολυτρόπου

2073 5270 2278 5340 καὶτῆς
2298 5268 2403 5320 τῶν
2420 5267 2692 5338 γεννητῶν
2714 5267 3009 5339 μελλούσης
3024 5262 3432 5334 ὑποστήσεσθαι
3446 5259 3649 5320 οὐσίας,

2076 5359 2295 5431 μυρίαις
2318 5375 2379 5410 τε
2412 5358 2506 5411 καὶ
2554 5357 2823 5419 ποικίλαις
2854 5354 3042 5408 ἄλλοτε
3091 5352 3280 5414 ἄλλαις
3334 5346 3648 5421 μεταϐολαῖς

2070 5451 2136 5504 δι’
2169 5451 2373 5503 οἰκείαν
2394 5448 2674 5502 ἀσθένειαν
2699 5446 3144 5516 ὑποκεισομένης,
3168 5443 3273 5512 τῆς
3299 5460 3361 5495 τε
3393 5439 3649 5495 ἀνωτάτω

2069 5541 2163 5595 τοῦ
2195 5540 2402 5612 Ιιατρὸς
2424 5539 2702 5611 δυνάμεως
2723 5538 2789 5591 δι’
2811 5535 3114 5609 ὑπερϐολὴν
3142 5535 3241 5604 τῆς
3271 5530 3648 5601 ἀνεκφράστου

2072 5631 2166 5684 καὶ
2200 5631 2301 5701 τῆς
2354 5618 2517 5684 πᾶσιν
2581 5628 3043 5702 ἀπειρομεγέθους
3100 5626 3320 5695 φύσεως
3370 5619 3649 5689 ἀπολειψο·

2077 5723 2261 5794 μένης,
2298 5723 2571 5786 ἀδυνάτως
2601 5739 2658 5775 τε
2679 5721 2904 5793 ἑξούσης
2934 5708 3034 5791 τῆς
3060 5717 3363 5788 ἅγεννήτου
3384 5717 3480 5770 καὶ
3503 5715 3646 5784 ἀχω-
