3880 6256
214 330 309 384 265

1074 323 1723 382 DEMONSTiiATlONlS
1762 319 2219 378 EVANGELICAE
2254 324 2378 381 LIB.
2425 324 2511 380 IV.

3321 325 3427 379 266

217 451 360 518 ρήτου
393 445 658 518 θεότητος,
681 447 814 519 αὐτή
848 465 908 517 γε
942 447 1170 518 γεννητὴ
1191 441 1324 501 οὖσα
1357 448 1600 518 μετέχειν
1636 447 1753 499 άντ-

1864 455 1893 494 a
1923 443 2163 511 supremi
2201 443 2381 499 Patris
2431 445 2629 498 virtute
2661 441 3022 507 declinatum,
3054 441 3124 494 ob
3156 440 3300 495 illius
3335 456 3431 495 na-

213 543 362 594 ωπείν
397 558 455 593 τε
496 542 624 602 ἀνω,
653 542 746 595 καὶ
793 541 1131 594 ἀντιϐλέπειν
1164 543 1282 604 ταῖς
1311 541 1758 602 ἀποστιλϐούσαις

213 633 291 687 τοῦ
324 633 492 686 ἀϊδίου
524 634 694 702 φωτὸς
719 635 974 706 ἀρρήτοις
995 637 1398 705 μαρμαρυγαῖς,
1427 634 1562 704 χρῆν
1588 633 1756 704 δήπου

213 725 417 788 εἰκότως
464 727 553 779 τὸν
615 726 921 794 πανάγαθον
962 727 1180 797 Πατέρα
1232 727 1324 779 καὶ¹
1378 726 1602 797 Σωτῆρα
1651 725 1758 780 τῶν

212 816 348 879 ὅλων,
388 817 464 880 ῶς
493 817 558 872 ἂν
600 819 673 889 μὴ
711 817 987 881 παντελῶς
1019 821 1051 888 ἡ
1090 817 1196 870 τῶν
1226 818 1348 888 ἄρτι
1384 817 1758 888 γενησομένων

213 906 374 975 φύσις,
417 907 622 979 ἔρημος
661 904 795 962 οὖσα
820 909 918 978 τῆς
943 907 1106 962 αὐτοῦ
1141 908 1439 972 κοινωνίας,
1465 908 1571 961 τῶν
1607 908 1760 978 μεγί-

213 1015 335 1051 στων
359 998 578 1065 ἀγαθῶν
612 1003 870 1071 περοῖτο,
894 999 1062 1071 μέσην
1093 998 1213 1051 τινὰ
1237 997 1634 1069 παρεμϐάλλειν
1661 999 1758 1069 τὴν

207 1089 289 1142 τοῦ
335 1089 669 1158 Μονογενοῦς
719 1091 881 1144 αὐτοῦ
945 1091 1038 1144 καὶ
1089 1090 1427 1162 πρωτοτόκου
1470 1090 1618 1145 θείαν
1664 1091 1759 1144 καὶ

208 1180 436 1250 παναλκῆ
474 1181 570 1233 καὶ
608 1181 906 1252 πανάρετον
955 1181 1201 1252 δύναμιν,
1254 1181 1618 1250 ἀκριϐέστατα
1659 1181 1758 1251 μὲν

208 1273 288 1322 καὶ
317 1272 395 1323 ὅτι
424 1271 662 1341 μάλιστα
694 1273 975 1340 ἐγγυτάτω
1007 1272 1084 1343 τῷ
1123 1275 1295 1344 Πατρλ⁵
1323 1272 1758 1344 προσομιλοῦσαν

209 1361 320 1424 ἴσως
348 1376 406 1410 τε
438 1360 606 1413 αὐτοῦ
653 1361 758 1414 τῶν
799 1363 1120 1433 ἀπορρήτων
1151 1361 1554 1416 ἀπολαύουσαν·
1587 1363 1756 1433 πραό-

204 1465 319 1501 τατα
350 1451 404 1504 δὲ
438 1453 856 1521 ωγκατιοῦσαν,
874 1456 967 1508 καὶ
997 1456 1340 1525 ἀμωσγέπως
1366 1471 1532 1527 συσχη
1544 1455 1759 1526 ματιζο-

205 1541 353 1610 μένην
383 1548 499 1608 τοῖς
519 1546 618 1614 τῆς
645 1547 816 1616 ἄκρας
863 1546 1412 1617 ἀπολιμπανομένοις.
1445 1547 1532 1602 διά
1565 1565 1620 1601 τε
1661 1548 1784 1618 τὴν,

205 1631 337 1699 sed»)
366 1634 654 1688 ἀσθένειαν
701 1637 800 1706 τῆς
831 1637 894 1690 ἐκ
927 1637 1019 1690 τοῦ
1064 1638 1314 1709 δευτέρου
1339 1637 1666 1707 βελτιώσεως
1696 1656 1755 1691 τε

202 1726 281 1777 καὶ
305 1725 570 1794 ὠφελείας
594 1728 928 1800 ὲνχρῄζουσι,
954 1731 1050 1794 τὰς
1071 1732 1219 1802 ἡλίου
1239 1735 1605 1804 μαρμαρυγὰς
1630 1734 1757 1803 θεᾷν

202 1816 365 1886 ἡρέμα
393 1819 495 1871 καὶ
518 1797 705 1890 πράως
732 1797 1129 1890 *συγκατιούσας
1154 1797 1626 1892 ἡμίν,ὀύκ“ἀλλως
1659 1797 1756 1892 τῆς
1791 1797 1830 1852 Β

200 1906 280 1958 τοῦ
310 1910 488 1975 φωτὸς
525 1911 762 1982 ἀκράτου
797 1913 1077 1984 δυνάμεως
1105 1915 1236 1977 οἵοις
1272 1932 1330 1968 τε
1362 1913 1654 1968 ἀπολαύειν
1667 1915 1754 1968 διὰ

201 1999 283 2070 τὴν
314 2002 569 2073 σώματος
620 2004 916 2060 ἀσθένειαν.
968 2005 1029 2058 Ei
1075 2007 1226 2074 γοῦν,
1279 2007 1355 2069 ὼς
1401 2008 1459 2059 ἐν
1504 2005 1752 2059 ὑποθέσει

201 2091 361 2159 λόγου,
411 2096 604 2160 καθεὶς
647 2097 930 2167 οὐρανόθεν
979 2099 1137 2162 αὐτὸς
1194 2099 1384 2151 ἑαυτὸν
1415 2101 1444 2151 ὁ
1490 2099 1755 2170 παμφαὴς

201 2183 330 2251 ῆλιος
389 2188 494 2240 σὺν
542 2188 847 2259 ἀνθρώποις
886 2190 978 2242 ἐπὶ
1018 2190 1121 2260 γῆς
1173 2189 1518 2252 πολιτεύοιτο,
1570 2190 1755 2242 οὐδένα

203 2279 294 2329 τῶν
317 2279 410 2333 ἐπὶ
465 2281 570 2351 γῆς
630 2285 806 2352 μεῖναι
848 2283 913 2335 ἂν
966 2282 1252 2353 ἀδιάφορον
1279 2321 1293 2345 ,
1360 2281 1576 2334 πάντων
1637 2282 1756 2334 συλ-

203 2367 382 2440 λήϐδην
449 2371 711 2442 ἐμψύχων
763 2373 896 2442 ὁμοῦ
943 2373 1034 2426 καὶ
1075 2373 1296 2443 ἀψύχων
1338 2373 1511 2446 ἀθρόᾳ
1559 2376 1625 2445 τῇ
1662 2372 1754 2426 τού

200 2461 356 2526 φωτὸς
418 2463 692 2535 προσϐολῇ
753 2464 1302 2536 διαφθαρησομένων·
1366 2466 1558 2521 θᾶττον
1624 2465 1755 2534 γοῦν

200 2551 281 2604 καὶ
329 2555 570 2622 τυφλοὺς
641 2557 998 2626 ἀπεργάσαιτ’
1047 2556 1112 2610 ἂν
1161 2557 1288 2621 τούς
1336 2558 1445 2610 τῶν
1505 2558 1754 2630 ὁρώντων

198 2642 738 2720 ὀφθαλμοὺς,βλάϐης
771 2649 864 2701 καὶ
888 2648 1089 2718 φθορᾶς
1136 2648 1268 2702 πολὺ
1319 2649 1516 2719 μᾶλλον
1549 2649 1582 2720 ἦ
1621 2649 1756 2717 ὠφε-

201 2733 329 2796 λείας
360 2737 602 2804 γεγονὼς
624 2742 734 2802 τοῖς
764 2741 924 2793 πᾶσιν
956 2740 1146 2804 αἴτιος,
1185 2741 1244 2792 οὐ
1271 2739 1368 2810 τὴν
1397 2739 1556 2808 φύσιν
1595 2740 1753 2803 αὐτὸς

313 2829 577 2894 τοιοῦτος,
613 2833 726 2894 τοῖς
771 2831 829 2884 δὲ
880 2832 1166 2902 ἀφορήτως
1214 2831 1394 2901 έχουσι
1447 2831 1513 2883 δι’
1550 2831 1754 2884 οἰκείαν

200 2913 468 2970 ἀσθένειαν
536 2919 637 2988 τῆς
699 2921 1137 2992 ὑπερϐαλλούσης
1200 2922 1374 2992 αὐγῆς
1441 2921 1752 2987 ἀπολαύειν,

201 3008 386 3061 τοιόσδε
414 3027 501 3074 τις
532 3011 979 3082 ἀποτελούμενος.
1009 3014 1072 3066 Τί
1104 3013 1279 3068 τοίνυν
1307 3015 1376 3067 τά
1413 3017 1574 3088 ὃμοια
1617 3033 1753 3086 μαν-

202 3095 359 3152 θάνων
386 3119 454 3153 πε
465 3102 518 3172 pi.
550 3101 685 3156 Θεοῦ
712 3104 1043 3175 θαυμάζειςς
1074 3097 1135 3157 οὗ
1162 3106 1228 3177 δὴ
1256 3106 1353 3176 τῆς
1385 3107 1622 3179 ἀρρήτου
1657 3109 1753 3162 καὶ

202 3189 566 3261 ἁνεκφράστου
596 3193 874 3265 δυνάμεώς
901 3213 960 3248 τε
995 3197 1090 3249 καὶ
1116 3196 1302 3260 οὐσίας
1327 3197 1502 3250 οὐδενὶ
1533 3198 1752 3268 μέτεστι

201 3280 292 3333 τῶν
326 3282 517 3346 όντων,
569 3285 704 3356 πλὴν
748 3287 830 3339 ἐνὶ
862 3288 1041 3363 μόνῳ,
1074 3289 1378 3353 κοινωνίας,
1426 3289 1485 3342 ὃν
1523 3291 1680 3354 αὐτὸς
1726 3293 1755 3344 ό

200 3370 376 3445 Πατὴρ
422 3378 650 3449 προνοίᾳ
691 3379 800 3433 τῶν
833 3381 966 3433 ὅλων
1006 3381 1110 3452 πρὸ
1141 3381 1248 3434 τῶν
1288 3381 1463 3436 ἄλλων
1496 3383 1754 3436 ἁπάντων

199 3469 574 3538 συνεστήσατο,
613 3471 689 3536 ὡς
732 3473 796 3526 ἂν
839 3472 912 3545 μὴ
951 3473 1228 3543 παντελῶς
1271 3475 1304 3544 ή
1341 3475 1449 3527 τῶν
1484 3475 1755 3544 γεννητῶν

198 3553 452 3610 ἀπο-πέσοι
495 3559 655 3627 φύσις
697 3562 762 3614 δι’
801 3563 1006 3615 οἰκείαν
1046 3563 1262 3616 ἀτονίαν
1305 3563 1400 3616 καὶ
1433 3563 1752 3634 ἀδυναμίαν,

199 3647 292 3715 τῆς
327 3650 619 3721 ἀγεννήτου
653 3655 744 3706 καὶ
782 3655 1063 3726 ἀχωρήτου
1100 3657 1379 3726 Πατρικῆς
1415 3658 1600 3721 οὐσίας
1643 3658 1752 3711 διε-

203 3738 397 3792 στῶσα’
439 3743 590 3812 μένοι
617 3743 672 3797 δὲ
700 3747 793 3798 καὶ
836 3746 988 3813 αὐξοι
1018 3749 1110 3801 καὶ
1153 3749 1409 3819 τρέφοιτο
1443 3749 1543 3818 τῆς
1583 3750 1753 3820 μέσης

201 3829 528 3886 ἀπολαύουσα
551 3837 834 3906 χορηγίας,
859 3839 926 3908 ἢν
944 3841 972 3894 ό
997 3839 1288 3910 μονογενὴς
1311 3839 1402 3892 τοῦ
1430 3840 1564 3893 Θεοῦ
1586 3843 1755 3910 Λόγος

202 3919 384 3976 οὔποτε
426 3928 539 3988 τοῖς
573 3929 735 3979 πᾶσιν
779 3930 1034 4000 ἐπαρκῶν
1075 3931 1442 4001 διαλιμπάνει,
1479 3933 1650 4005 πάντη
1698 3935 1754 3987 δὲ

202 4011 402 4080 χωρῶν,
429 4015 525 4066 καὶ
551 4015 638 4068 διὰ
659 4016 876 4070 πάντων
910 4020 1420 4090 περιπορευόμενος,
1451 4023 1666 4076 πάντων
1695 4025 1755 4089 ἐξ

205 4099 314 4170 ἴσης
333 4103 427 4174 τῆς
449 4107 720 4176 σωτηρίας
741 4112 977 4178 προνοεῖ,
1003 4110 1232 4179 λογικῶν
1254 4113 1388 4183 ὁμοῦ
1412 4115 1503 4167 καί
1523 4116 1750 4185 ἀλόγων,

203 4188 396 4260 θνητῶν
428 4212 488 4248 τε
517 4198 610 4251 καὶ
634 4198 934 4266 ἀθανάτων,
965 4204 1227 4274 οὐρανίων
1255 4223 1315 4258 τε
1352 4207 1445 4260 καὶ
1468 4209 1744 4276 ἐπιγείων,

203 4278 345 4335 θείων
369 4301 427 4337 τε
462 4288 558 4340 καὶ
603 4289 848 4360 ἀοράτων
876 4291 1174 4363 δυνάμεων,
1220 4297 1312 4350 καὶ
1342 4297 1637 4369 συλλήϐδην
1673 4301 1752 4352 εί-

205 4374 332 4435 πείν,
361 4374 616 4429 ἁπάντων
651 4378 750 4432 ὅσα
779 4379 843 4450 δὴ
871 4379 965 4433 τοῦ
992 4378 1129 4436 εἶναι
1151 4384 1218 4436 δι’
1247 4384 1409 4438 αὐτοῦ
1435 4387 1715 4458 μετείληχε
1735 4407 1746 4417 ·

1865 539 2002 586 turae
2030 533 2471 602 superlationem,
2497 549 2618 603 quae
2646 549 2745 589 nee
2774 533 2880 587 dici
2916 540 3114 602 potest.
3136 540 3189 586 et
3210 533 3432 586 omnino

1866 623 2088 678 infinitae
2134 625 2524 694 magnitudinis
2574 633 2679 685 est,
2730 639 2905 694 neque
2955 638 3195 693 unquam
3247 623 3320 676 ad
3373 623 3428 676 id

1865 713 2140 770 facultatis
2179 724 2525 784 perventura,
2567 722 2626 768 ut
2674 714 2792 783 ipsa
2841 721 3019 767 ortum
3067 712 3294 774 habens,
3339 721 3434 765 aut

1864 804 2011 861 illius
2048 806 2348 861 divinitatis
2397 807 2669 875 particeps
2721 805 2890 868 ﬁeret,
2934 802 3054 874 qua‘:
3101 819 3202 858 nec
3249 814 3433 859 ortum

1865 895 2045 960 habet,
2073 911 2172 952 nec
2199 898 2320 966 capi
2351 895 2803 967 eomprehendive
2837 904 3036 964 potest,
3070 907 3163 950 aut
3193 896 3434 951 intuere-

1864 997 1955 1040 tur
2001 1003 2241 1053 sursum,
2277 990 2687 1059 intenderetque
2709 988 2880 1042 aciem
2907 997 3096 1042 contra
3115 989 3237 1043 illos
3274 988 3434 1041 lumi-

1864 1080 1952 1134 nis
2014 1082 2326 1150 sempiterni
2375 1081 2581 1145 radios,
2629 1081 2722 1150 qui
2768 1080 2935 1135 nullis
2983 1080 3165 1134 verbis
3198 1079 3431 1148 exprimi

1865 1182 2114 1242 possunt,
2133 1174 2389 1228 nimirum
2419 1189 2643 1228 necesse
2674 1173 2798 1238 fuit,
2825 1188 2927 1227 nec
2959 1172 3182 1242 injuria,
3205 1179 3264 1224 ut
3290 1170 3432 1239 opti-

1864 1281 1986 1320 mus
2038 1281 2232 1336 parens
2279 1275 2333 1322 et
2386 1267 2624 1321 universi
2671 1275 3046 1327 conservator,
3091 1279 3159 1317 ne
3207 1263 3431 1316 omnino

1865 1372 2043 1410 rerum
2087 1358 2336 1426 protinus
2381 1358 2772 1429 gignendarum
2802 1365 3031 1418 natura,
3074 1355 3117 1411 si
3149 1370 3273 1409 cum
3313 1354 3432 1424 ipso

1865 1447 1999 1501 nihil
2031 1463 2257 1518 prorsus
2285 1450 2733 1511 communicaret,
2769 1448 3022 1502 maximis
3062 1448 3219 1502 bonis
3251 1447 3430 1516 priva-

1865 1548 2030 1605 retur,
2067 1541 2294 1596 mediam
2325 1543 2613 1612 quamdam
2651 1543 2811 1597 unice
2843 1542 2927 1596 sui
2956 1543 3236 1611 primoque
3266 1540 3428 1610 geniti

1864 1629 1982 1684 Filii
2012 1632 2274 1697 divinam,
2305 1641 2358 1688 et
2387 1633 2838 1702 omnipotentem,
2869 1640 2921 1688 et
2967 1632 3221 1686 omnibus
3259 1633 3432 1685 virtu-

1863 1725 2008 1779 tibus
2033 1725 2417 1780 exuberantem
2445 1726 2553 1779 vim
2580 1726 2947 1794 interponere,
2974 1738 3092 1792 quae
3125 1723 3433 1777 certissime

1859 1826 1911 1870 et
1949 1831 2111 1886 quam
2143 1818 2387 1887 proxime
2421 1826 2475 1872 et
2509 1833 2671 1888 quam
2703 1817 3126 1871 familiarissime
3157 1831 3279 1868 cum
3312 1815 3431 1885 ipso

1861 1906 2019 1962 Patre
2047 1917 2368 1964 versaretur
2389 1918 2442 1964 et
2463 1911 2886 1978 colloqueretur,
2904 1909 3286 1978 aequaliterque
3303 1923 3431 1961 cum

1860 2003 2047 2054 eodem
2078 2002 2296 2056 arcanis
2326 2001 2618 2064 frueretur,
2648 2001 3034 2071 benigniSsime
3066 2017 3196 2054 vero
3229 2000 3429 2056 demit-

1861 2100 1996 2146 teret
2023 2106 2112 2158 se,
2141 2099 2194 2147 et
2223 2091 2606 2162 quoquomodo
2653 2092 2766 2146 ﬁeri
2804 2102 3022 2162 posset,
3058 2092 3432 2147 conformaret

1863 2182 1926 2236 ad
1951 2197 2046 2236 eos
2071 2183 2164 2252 qui
2195 2197 2224 2235 a
2253 2198 2466 2237 summo
2491 2183 2772 2245 deﬁciunt,
2794 2182 2995 2252 quique
3028 2192 3245 2252 propter
3275 2198 3430 2238 suam

1862 2273 2231 2342 impotentiam
2279 2275 2436 2344 quasi
2477 2275 2702 2329 alteram
2747 2290 2966 2328 manum
3011 2274 3342 2337 desiderant,
3376 2280 3432 2326 et

1861 2365 2104 2434 profectu
2136 2372 2300 2434 atque
2323 2366 2637 2434 adjumento
2667 2367 2928 2435 indigent,
2957 2381 3067 2434 quo
3097 2366 3228 2420 soiis
3254 2366 3432 2434 spien-

1860 2455 2047 2510 dorem
2101 2457 2305 2512 sensim
2339 2472 2404 2512 ae
2444 2458 2674 2527 benigne
2704 2474 2762 2512 se
2798 2457 2864 2511 ad
2901 2473 3000 2512 nos
3056 2458 3426 2510 demittentem

1862 2547 2060 2602 intueri
2106 2555 2307 2617 queant
2353 2568 2365 2602 :
2405 2549 2606 2619 alioqui
2657 2566 2805 2619 purae
2856 2565 3126 2618 meraeque
3177 2549 3314 2602 lucis
3349 2549 3422 2610 vi,

1862 2648 2077 2711 propter
2103 2641 2469 2695 infirmitatem
2501 2647 2746 2711 corporis
2777 2642 2882 2696 frui
2912 2659 3020 2696 non
3047 2641 3276 2711 possint.
3298 2639 3425 2694 Fin-

1861 2747 2051 2802 gamus
2088 2733 2254 2799 enim,
2314 2732 2649 2788 invenienda:
2702 2734 2948 2788 veritatis
2986 2733 3178 2802 gratia,
3208 2731 3427 2785 nitidis-

1861 2825 2058 2878 simum
2093 2823 2242 2877 illum
2283 2824 2452 2878 solem
2492 2824 2669 2893 ipsum
2703 2826 2942 2894 scipsum
2973 2825 3039 2878 de
3067 2824 3210 2877 cmlo
3231 2822 3428 2876 demit-

1859 2925 1992 2978 tere,
2020 2925 2074 2970 et
2105 2931 2227 2970 cum
2258 2916 2568 2971 hominibus
2593 2917 2644 2971 in
2677 2925 2820 2971 terra
2854 2916 3060 2971 versari
3094 2935 3109 2968 :
3140 2931 3267 2968 num
3303 2914 3430 2967 libe-

1861 3023 1980 3060 rum
2032 3007 2104 3062 sit
2149 3015 2310 3076 atque
2365 3008 2680 3064 indiiIerens
2725 3025 2911 3063 earum
2966 3023 3174 3068 rerum,
3207 3021 3327 3077 qum
3360 3006 3428 3058 ad

1859 3107 2058 3153 terram
2109 3102 2402 3170 pertinent,
2437 3101 2674 3171 cuipiam
2723 3100 3076 3170 permanere?
3117 3098 3336 3152 Minime
3375 3099 3430 3152 id

1855 3189 2073 3259 quidem
2105 3208 2117 3242 :
2154 3205 2279 3243 nam
2335 3201 2584 3260 correpta
2627 3190 2809 3245 omnia
2843 3191 3078 3246 animata
3111 3189 3274 3244 simul
3302 3203 3428 3244 cum

1856 3280 2152 3345 inanimis,
2202 3280 2421 3335 assidua
2467 3282 2742 3351 nimiaque
2795 3281 2934 3338 lucis
2990 3281 3255 3337 immissio
3307 3295 3431 3333 cor-

1854 3379 2150 3443 rumperet,
2192 3372 2465 3442 citiusque
2533 3375 2724 3428 oculos
2771 3373 3096 3428 intuentium
3161 3379 3425 3434 caecaret,

1856 3466 2120 3536 longeque
2198 3467 2371 3537 magis
2439 3482 2595 3521 noxae
2666 3476 2721 3522 et
2785 3469 3153 3538 corruptionis
3235 3475 3428 3522 auctor

1854 3556 2109 3611 omnibus
2135 3557 2316 3622 ﬁeret,
2342 3573 2504 3626 quam
2527 3558 2738 3625 juvaret
2789 3563 3121 3632 quempiam,
3169 3563 3262 3631 qui
3311 3562 3427 3631 ipse

1853 3649 2072 3718 quidem
2098 3658 2290 3704 natura
2362 3651 2488 3704 talis
2541 3666 2650 3704 non
2706 3660 2808 3714 est,
2880 3660 3254 3707 verumtamen
3295 3668 3425 3722 erga

1854 3740 2051 3809 eosqui
2075 3748 2293 3810 propter
2342 3741 2764 3796 imbecillitatem
2816 3742 3060 3811 ipsorum
3110 3744 3422 3812 prepriam,

1859 3829 2014 3900 155
2043 3831 2221 3887 minus
2254 3831 2433 3886 idonei
2467 3840 2651 3887 essent
2682 3832 2750 3885 ad
2784 3831 3069 3886 ferendum
3102 3874 3117 3899 ,
3155 3842 3324 3903 atque
3353 3833 3424 3887 ob

1855 3924 1908 3976 id
1942 3925 2092 3978 nimii
2119 3927 2536 3996 superantisque
2566 3926 2873 3994 splendoris
2901 3925 3124 3979 minime
3153 3941 3385 3996 capaces
3406 3965 3421 3990 ,

1854 4013 1980 4068 talis
2022 4014 2295 4070 evaderet.
2347 4014 2458 4068 Cur
2501 4030 2632 4086 ergo
2672 4015 2872 4070 similia
2923 4014 2991 4068 de
3041 4013 3152 4069 Deo
3193 4015 3425 4072 audiens

1854 4104 2176 4168 admiraris,
2209 4105 2366 4174 cujus
2397 4106 2614 4176 quidem
2645 4114 2697 4160 et
2727 4106 2808 4160 sol
2837 4114 2920 4161 est
2952 4121 3111 4176 opus,
3141 4115 3194 4161 et
3223 4107 3422 4161 caelum

1855 4193 2206 4258 universum,
2248 4203 2302 4249 et
2343 4195 2632 4250 mundus?
2677 4194 2954 4266 Siquidem
3007 4198 3155 4252 illius
3203 4197 3422 4251 virtutis

1854 4291 2017 4351 atque
2060 4284 2341 4349 essentiaa,
2378 4301 2499 4354 quae
2528 4286 2693 4341 nullis
2723 4286 2905 4340 verbis
2950 4287 3207 4356 nullaque
3237 4288 3424 4340 elocu-

1853 4381 2002 4430 tione
2037 4377 2266 4447 exprimi
2316 4385 2530 4448 potest,
2583 4379 2718 4433 nihil
2765 4394 2957 4432 eorum
2997 4395 3116 4448 qua:
3155 4387 3317 4442 sunt,
3365 4379 3422 4432 in

205 4461 323 4516 πολύ
348 4481 408 4530 γε
443 4466 550 4536 μὴν
582 4468 762 4522 πλεῖον
795 4471 1153 4543 διαφερόντως
1177 4473 1275 4544 τῆς
1311 4477 1501 4546 νοερᾶς
1546 4479 1639 4530 καὶ
1667 4479 1751 4531 λο-

1858 4479 2068 4540 partem
2102 4477 2197 4524 aut
2227 4471 2780 4526 communicationem
2812 4474 2991 4535 venit,
3025 4481 3216 4542 pra-ter
3251 4487 3417 4525 unum

205 4553 349 4623 γικῆς
376 4555 611 4624 φύσεως,
655 4558 722 4611 δι’
754 4559 819 4630 ἢν
852 4561 971 4614 οὐδὲ
995 4562 1056 4614 τὺ
1081 4561 1415 4632 ἀνθρώπινον
1447 4564 1749 4634 ὑπερεφρό-

206 4659 275 4695 νει
319 4647 492 4713 γένος·
543 4647 706 4718 ἐτίμα
752 4649 808 4702 δὲ
855 4645 914 4703 εὖ
947 4651 1092 4721 μάλα
1141 4651 1234 4704 καὶ
1262 4653 1482 4723 ὲκήδετο
1525 4654 1624 4723 τῆς
1657 4651 1749 4707 τοῦ

204 4733 344 4804 λόγου
365 4742 524 4810 χάριν
541 4744 677 4810 πρὸς
697 4744 886 4822 ἑαυτὸν
907 4745 1229 4809 οίκειώσεώς
1253 4763 1311 4800 τε
1335 4749 1428 4801 καὶ
1453 4749 1748 4819 συνεχείας,

205 4821 233 4898 ᾖ
263 4831 348 4882 καὶ
380 4831 502 4885 κατ’
532 4834 713 4887 εἰκόνα
742 4835 906 4889 αὐτοῦ
942 4836 1328 4907 μεμορφῶσθαι
1360 4839 1416 4889 ὲν
1449 4842 1559 4902 τοῖς
1589 4842 1752 4911 ίεροῖς

202 4915 383 4986 λογίοις
414 4923 719 4994 ἀνείρηται.
767 4926 906 4979 Ἀλλ’
936 4929 965 4980 ό
995 4927 1094 4997 μὲν
1128 4928 1227 5000 τὴν
1254 4929 1437 4981 είκόνα
1462 4929 1559 5000 τὴν
1586 4932 1748 4984 αὑτοῦ

203 5007 266 5072 t'o;
301 5010 362 5064 ἂν
396 5011 533 5065 Θεοῦ
578 5015 749 5082 Λόγος
789 5015 885 5086 τὴν
913 5015 1107 5085 νοεράν
1145 5017 1361 5070 ἃπασαν
1404 5019 1496 5070 καὶ
1530 5017 1750 5090 λογικὴν

203 5101 441 5170 ὑφίστησι
499 5105 776 5177 καταρχὰς
828 5107 926 5176 τῆς
976 5108 1070 5160 τοῦ
1127 5109 1326 5172 παντὸς
1373 5108 1747 5180 δημιουργίας,

201 5190 406 5262 ἀρχικόν
449 5211 511 5248 τε
553 5195 642 5248 διὰ
693 5197 865 5249 ταῦτα
903 5199 997 5251 καὶ
1031 5198 1304 5267 βασιλικὸν
1347 5199 1454 5252 τῶν
1504 5201 1597 5253 ἐπὶ
1647 5201 1751 5271 γῆς

200 5282 437 5339 ἁπάντων
472 5285 608 5350 ζῶον
645 5288 877 5360 καθίστη
912 5289 1002 5341 τὸν
1045 5289 1344 5359 ἄνθρωπον,
1379 5288 1659 5362 ἐλεύθερόν
1689 5301 1750 5344 τε

201 5376 283 5426 καὶ
322 5375 667 5442 αὐτεξούσιον
707 5379 806 5448 τῆς
842 5381 922 5442 είς
961 5381 1023 5432 τὸ
1062 5381 1224 5433 καλὸν
1257 5381 1290 5451 ἢ
1333 5382 1412 5444 είς
1442 5382 1749 5434 τούναντίον

201 5465 335 5532 insist
357 5470 521 5523 αὐτὸν
545 5470 739 5541 ῥοπῆς·
773 5472 802 5522 ό
825 5470 902 5534 δὲ,
927 5471 989 5523 οὐ
1021 5470 1197 5534 καλῶς
1222 5474 1286 5542 τῇ
1320 5471 1749 5542 αὐτεξουσιότητι

201 5561 544 5630 χρησάμενος,
567 5561 669 5632 τῆς
691 5563 856 5633 ὀρθῆς
884 5562 1225 5632 διεκτραπεὶς
1243 5562 1384 5628 όδοῦ,
1399 5563 1494 5634 τὴν
1509 5565 1750 5617 ἐναντίαν

202 5647 427 5719 ὡρμᾶτο,
458 5655 592 5726 μήτε
617 5654 752 5708 Θεὸν
781 5657 916 5725 μήτε
947 5656 1169 5727 Κύριον,
1200 5657 1322 5726 μήτ’
1351 5655 1430 5708 ἔτι
1453 5655 1560 5708 τῶν
1589 5657 1749 5710 ὁσίων

204 5740 285 5790 καὶ
319 5743 550 5798 εὐσεϐῶν
577 5743 1036 5816 ἐπιλογιζόμενος,
1077 5745 1260 5818 θηρῶν
1296 5746 1350 5800 δὲ
1386 5747 1582 5817 τρόπον
1628 5746 1750 5800 ἀλό-

462 5840 731 5903 Ριτιιοι,
769 5839 884 5928 Ga‘.
914 5839 1109 5902 ΧΧΙΙ.

1851 4560 2152 4625 duntaxat,
2181 4578 2343 4632 quem
2377 4564 2493 4633 ipse
2533 4563 2718 4628 Pater,
2770 4566 2986 4618 cunctis
3023 4565 3186 4618 rebus
3236 4563 3421 4632 provi-

1852 4653 1987 4707 dens
2010 4691 2025 4714 ,
2051 4662 2174 4708 ante
2208 4653 2314 4707 alia
2336 4665 2531 4710 cuncta
2559 4655 2883 4720 constituit,
2907 4671 2975 4710 ne
2999 4655 3243 4708 omnium
3272 4669 3420 4723 qua:-

1852 4759 2068 4813 cunque
2094 4743 2236 4798 facta
2267 4755 2453 4801 essent
2483 4747 2698 4816 penitus
2733 4753 2927 4799 natum
2957 4754 3263 4810 corruerat,
3298 4761 3419 4814 quae

1851 4844 2074 4904 propter
2103 4836 2475 4892 inﬁrmitatem
2504 4845 2667 4907 atque
2697 4839 3068 4908 impotentiam
3102 4839 3376 4908 propriam
3401 4877 3416 4900 ,

1854 4928 2010 4997 longe
2050 4929 2258 4983 recedit
2298 4929 2366 4983 ab
2402 4930 2492 4982 illa
2533 4928 2712 4985 Patris
2751 4930 2989 4986 essentia
3014 4970 3029 4994 ,
3073 4945 3193 5000 qua:
3243 4945 3420 4999 neque

1852 5020 2034 5086 genita
2093 5027 2220 5082 est,
2279 5035 2458 5089 neque
2507 5022 2628 5089 capi
2681 5020 3134 5090 eomprehendive
3189 5028 3368 5088 potest
3401 5061 3415 5078 .

1855 5109 1950 5163 sed
1981 5119 2040 5162 ut
2079 5119 2362 5173 maneret,
2401 5119 2713 5177 cresceret,
2757 5113 3059 5166 nutriretur
3101 5111 3278 5166 media
3323 5112 3417 5165 illa

1853 5201 2041 5256 fruens
2076 5202 2398 5272 largitione,
2435 5219 2597 5272 quam
2635 5203 2857 5256 unicum
2892 5204 3128 5274 genitum
3163 5203 3256 5256 Dei
3289 5201 3422 5257 Ver-

1851 5295 1976 5348 bum
1999 5334 2012 5358 ,
2047 5311 2324 5365 nunquam
2357 5296 2629 5350 universis
2661 5294 2906 5350 suﬂicere
2939 5294 3177 5356 desinit,
3209 5292 3274 5347 ad
3303 5309 3421 5347 om-

1851 5385 1944 5438 nia
1985 5401 2114 5438 vero
2154 5395 2449 5454 penetrans
2495 5385 2549 5439 et
2589 5384 2829 5454 undique
2865 5385 3048 5438 omnia
3083 5397 3416 5453 peragrans,

1851 5477 2082 5531 salutem
2119 5478 2364 5530 omnium
2384 5477 2666 5548 aequaliter
2696 5476 2964 5546 providet,
2983 5485 3037 5530 et
3065 5475 3413 5529 rationaiium

1851 5577 1906 5621 et
1956 5569 2282 5629 bruterum,
2333 5577 2386 5623 et
2435 5571 2745 5624 mortalium
2791 5577 2844 5622 et
2891 5568 3318 5626 immortalium,
3364 5573 3419 5618 et

1853 5655 2161 5709 maiestium
2195 5667 2247 5710 et
2275 5658 2619 5711 terrestrium
2644 5698 2658 5720 ,
2703 5658 3012 5711 divinarum
3058 5672 3275 5726 quoque
3317 5671 3419 5725 po-

1853 5754 2109 5802 testatum
2135 5785 2148 5810 ,
2185 5755 2346 5817 atque
2375 5764 2560 5804 earum
2589 5765 2707 5818 quae
2732 5759 2985 5820 aspectus
3029 5758 3247 5804 nostros
3281 5745 3418 5800 cliuo

3106 5844 3142 5900 9
