3880 6256
446 219 549 272 567
1110 216 1378 271 EIISEBII
1415 214 1892 270 CIESARIEN‘SIS
1930 215 2077 270 OPP.
2120 216 2298 271 PARS
2329 215 2368 269 1.
2405 249 2473 258 -
2511 217 3005 277 APOLOGETICA.
3554 233 3647 287 263

446 342 633 410 giunt,
681 338 915 408 denique
963 338 1204 389 omnium
1250 349 1592 405 quaecunque
1629 350 1723 405 per
1767 333 1915 387 illum
1955 334 1962 387 i

2067 350 2223 403 ιγων
2276 336 2476 400 πάσαις
2528 338 2829 410 ἀνημέροις
2897 340 2990 392 καὶ
3041 339 3357 405 ἀκολάστοις
3410 346 3648 416 πράξεσιν

416 432 586 502 quod
634 438 762 487 sunt
805 444 1093 498 accepere,
1142 429 1300 499 longe
1341 437 1520 483 tamen
1567 429 1801 498 amplius
1843 437 1962 499 atqu

2115 428 2399 501 ἐγχειρῶν.
2454 430 2654 484 Εἰκότα
2697 432 2827 499 γοῦν
2871 432 3049 503 ἐαυτῷ
3098 433 3263 487 ποιῶν
3294 436 3321 486 ὁ
3365 440 3650 508 πανάγαθος

437 523 796 580 excellentius
825 521 1174 590 intelligentis
1199 521 1593 589 rationalisque
1623 532 1850 584 naturae,
1878 536 1962 591 ρι’(

2114 522 2208 575 καὶ
2248 522 2621 593 παμϐασιλεὺς
2673 524 2832 588 αὐτὸς
2881 527 2910 579 ὁ
2959 524 3217 595 Ὕψιστος
3259 528 3352 580 καὶ
3389 529 3511 595 Θεὸς
3554 532 3648 588 τῶν

438 627 555 684 pter
579 630 738 686 quam
769 628 836 667 nc
864 612 1161 665 humanum
1195 611 1412 680 quidem
1442 619 1767 680 aspernatus
1796 619 1880 666 est
1913 627 1962 680 gr

2111 614 2266 678 ὅλων,
2300 615 2375 678 ὡς
2409 615 2473 668 ἂν
2511 615 2584 687 μὴ
2615 616 2837 687 ἄναρχοι
2863 618 2956 671 καὶ
2986 619 3401 690 ἀνεπιστάτητοι
3427 620 3653 694 θρεμμά-

438 725 570 770 nus,
611 707 702 763 sed
738 708 945 759 honore
975 703 1156 775 pctius
1183 712 1237 756 et
1265 717 1396 757 cura
1426 703 1626 773 ingenti
1654 709 1962 773 prosecutus

2109 723 2216 758 των
2249 705 2404 775 δίκην
2444 705 2652 774 ἀλόγων
2682 702 2790 760 εἶεν
2838 710 2886 761 οί
2917 709 3009 761 ἐπὶ
3045 710 3147 781 γῆς
3197 709 3482 780 ἅνθρωποι,
3528 729 3648 783 προ-

435 804 504 857 ob
539 801 842 871 appositam
889 797 1238 869 peculiariter
1286 797 1355 851 ad
1396 796 1634 865 seipsum
1678 795 1909 850 rationis
1944 811 1962 850 ε

2108 799 2306 863 στάτας
2339 799 2514 853 αὐτῶν
2547 800 2640 853 καὶ
2674 799 3005 873 ἐπιμελητάς
3037 801 3223 874 ὥσπερ
3265 802 3413 866 τινὰς
3439 803 3653 877 ἀγελάρ-

431 892 583 948 verbi
638 889 1097 945 necessitudinem
1147 894 1201 942 et
1249 887 1730 956 conjunctionem,
1780 886 1835 939 in
1889 901 1961 955 qu

2103 910 2202 963 χας
2260 892 2352 945 καὶ
2400 893 2686 963 ποιμένας,
2739 893 2917 956 θείους
2966 895 3227 963 ἀγγέλους
3276 898 3648 967 κατεστήσατο,

428 985 592 1039 etiam
641 982 707 1036 ad
756 982 930 1051 ipsius
972 980 1298 1050 imaginem,
1346 977 1574 1031 formam
1620 977 1897 1046 accepisse
1938 977 1962 1029 i3

2102 980 2375 1051 προτάξας
2406 983 2658 1036 ἁπάντων
2694 984 2785 1036 καὶ
2808 987 2918 1047 τοῖς
2941 986 3105 1038 πᾶσιν
3132 986 3429 1056 ἐπιστήσας
3452 987 3538 1041 τὸν
3570 1005 3653 1058 μο-

427 1075 603 1131 sacris
633 1074 874 1129 oraculis
909 1072 1117 1126 dictum
1146 1078 1249 1127 est.
1288 1068 1396 1126 Sed
1438 1069 1528 1124 ille
1576 1067 1794 1138 quidem
1839 1084 1962 1124 suar

2100 1073 2291 1143 νογενῆ
2321 1074 2415 1126 καὶ
2441 1074 2781 1145 πρωτότοκον
2823 1075 2985 1129 αὑτοῦ
3017 1077 3206 1144 Λόγον.
3244 1076 3429 1147 Τούτῳ
3453 1078 3506 1131 δὲ
3536 1078 3652 1150 κλῆ-

427 1168 602 1238 ipsins
648 1167 975 1236 imaginem,
1022 1171 1279 1233 tanquam
1323 1160 1415 1217 Dei
1466 1159 1698 1215 Verbum
1742 1170 1962 1214 cunctar

2100 1180 2191 1234 ρον
2213 1163 2511 1234 ἐξαίρετον,
2534 1165 2729 1228 αὐτοὺς
2759 1165 3023 1234 ἀγγέλους
3045 1167 3138 1219 καὶ
3158 1168 3544 1238 ἀρχαγγέλους,
3567 1172 3654 1223 ml.

426 1258 800 1329 intelligentiae
832 1266 886 1312 et
914 1254 1145 1309 rationis
1176 1268 1430 1323 capacem
1462 1259 1713 1306 naturam
1736 1289 1751 1317 ,
1783 1251 1853 1305 ab
1887 1250 1960 1303 ini

2097 1253 2245 1318 θείας
2275 1255 2550 1326 δυνάμεις,
2585 1256 2722 1310 eam
2751 1274 2809 1309 τε
2848 1258 2942 1310 καὶ
2966 1259 3334 1330 ύπερουράνια
3358 1260 3649 1330 πνεύματα,

425 1354 502 1405 tio
533 1350 910 1404 fabricationis
942 1347 1184 1402 universi
1216 1345 1500 1400 substituit
1520 1383 1536 1409 ,
1581 1351 1745 1412 atque
1784 1342 1962 1396 idcircl

2095 1345 2188 1398 καὶ
2222 1345 2326 1417 μὴν
2357 1346 2577 1400 καὶτῶν
2611 1347 2703 1399 ἐπὶ
2733 1347 2835 1417 γῆς
2857 1348 2953 1412 τὰς
2985 1351 3041 1403 ὲν
3072 1348 3376 1421 ἀνθρώποις
3405 1350 3652 1420 θεοφιλεῖς

424 1444 722 1514 principem
755 1455 1045 1511 regemque
1076 1437 1321 1493 omnium
1369 1450 1709 1507 quaecunque
1753 1435 1806 1489 in
1849 1442 1962 1489 terr,

2095 1437 2271 1509 ψυχὰς
2334 1438 2668 1508 ἀφωρίσατο,
2727 1439 2918 1494 Ἰακὼὸ
2967 1441 3059 1494 καὶ
3122 1441 3340 1513 Ἰσραὴλ
3404 1442 3654 1514 Ἐϐραίων

422 1546 550 1592 sunt
583 1535 899 1590 animalium
923 1575 935 1595 ,
967 1532 1250 1587 constituit
1294 1530 1568 1585 hominem
1592 1569 1607 1595 ,
1649 1545 1885 1599 eumque
1924 1530 1960 1582 li

2099 1531 2438 1602 προσηγορίᾳ
2461 1532 2917 1603 ὲπικαλουμένας,

421 1633 610 1686 herum
644 1639 698 1683 et
728 1644 842 1684 suae
874 1628 1048 1698 ipsius
1080 1625 1366 1697 potestatis
1398 1624 1635 1689 dimisit,
1670 1640 1778 1695 qua
1819 1633 1873 1680 et
1912 1624 1978 1678 ad
2013 1625 2213 1679 bonum
2236 1666 2251 1689 ,
2293 1635 2347 1680 et
2374 1626 2441 1680 ad
2478 1626 2604 1681 boni
2635 1629 2969 1683 contrarium
3003 1628 3131 1685 ferri
3163 1637 3370 1699 posset.
3415 1629 3512 1685 Hic
3536 1645 3656 1686 vero

417 1741 527 1780 non
560 1726 696 1779 bene
729 1740 825 1778 sua
869 1722 1043 1793 ipsius
1083 1728 1350 1792 potestate
1392 1736 1558 1788 usus,
1598 1728 1654 1776 et
1685 1735 1717 1774 a
1747 1727 1897 1775 recto
1926 1720 2121 1775 itinere
2150 1720 2339 1776 abiens
2368 1722 2654 1787 diversus,
2684 1723 2740 1777 in
2782 1724 3121 1779 contrarium
3147 1725 3366 1780 delatus
3404 1733 3516 1793 est,
3555 1742 3655 1781 non
3740 1780 3743 1789 ,

417 1824 681 1889 reputans
714 1814 842 1885 quid
878 1814 1021 1869 Deus
1049 1824 1103 1868 et
1134 1812 1423 1878 Dominus,
1459 1827 1568 1866 non
1595 1812 1725 1880 quid
1753 1811 1845 1881 jus
1872 1819 1926 1866 et
1959 1810 2075 1875 fas,
2114 1828 2223 1866 non
2257 1813 2386 1883 quid
2416 1815 2589 1883 pietas
2616 1815 2952 1885 postularet,
2992 1816 3085 1872 sed
3116 1819 3294 1872 instar
3327 1818 3621 1874 belluarum
3641 1861 3655 1886 ,

415 1925 538 1980 quae
569 1909 799 1964 rationis
843 1914 1096 1976 expertes
1128 1913 1297 1969 sunt,
1330 1919 1520 1960 Omnes
1570 1905 1898 1960 inhumanas
1943 1912 2108 1975 atque
2154 1905 2509 1961 immodestas
2550 1913 2791 1964 actiones
2832 1909 3176 1980 aggrediens.
3208 1909 3468 1982 Optimus
3507 1913 3660 1984 igitur

414 2015 577 2077 atque
617 2004 859 2060 omnium
902 2010 1179 2074 regnator,
1230 2003 1346 2072 ipse
1388 2001 1742 2066 Altissimus,
1788 1998 1935 2055 Deus
1959 2001 2234 2066 universi,
2288 2002 2380 2072 qui
2427 2018 2642 2072 semper
2680 2019 2743 2058 ea
2784 2020 2905 2074 qua:
2947 2005 3186 2075 seipsum
3227 2005 3461 2062 deceant
3500 2006 3658 2070 facit,

411 2116 483 2156 ne
534 2100 738 2170 absque
793 2099 960 2154 certis
1013 2097 1353 2168 principibus
1406 2111 1471 2150 ac
1509 2096 1800 2167 praefectis,
1838 2095 2014 2151 instar
2038 2097 2409 2167 jumentorum
2441 2100 2841 2155 irrationalium
2876 2111 3081 2168 essent,
3123 2103 3218 2174 qui
3261 2104 3319 2158 in
3363 2111 3508 2159 terra
3548 2118 3660 2158 ver-

411 2193 677 2248 sabantur
714 2192 1001 2258 homines,
1036 2199 1242 2247 tutores
1271 2192 1380 2246 illis
1414 2202 1468 2246 et
1506 2198 1788 2246 curatores
1819 2192 1978 2262 quasi
2007 2193 2273 2262 quosdam
2307 2203 2680 2251 armentorum
2714 2195 2882 2252 duces
2924 2204 3085 2268 atque
3123 2207 3415 2268 pastores,
3456 2199 3661 2254 divinos

410 2291 633 2360 angelos
664 2289 848 2352 dedit,
883 2289 1127 2359 principe
1167 2292 1411 2343 omnium
1454 2287 1763 2353 declarato,
1804 2287 1964 2360 156
1991 2290 2353 2362 omnibusque
2394 2293 2652 2362 praefecto
2680 2295 2876 2361 unico,
2906 2296 3191 2366 primoque
3222 2297 3416 2368 genito
3455 2312 3555 2353 suo
3585 2297 3662 2367 ip-

408 2382 526 2439 sius
556 2380 756 2438 Verbo.
790 2380 1042 2453 Huicque
1068 2382 1172 2451 ipsi
1221 2388 1424 2436 sortem
1473 2382 1840 2452 praecipuam,
1873 2382 2093 2452 angelos
2123 2384 2273 2453 ipsos
2301 2393 2466 2464 atque
2505 2388 2892 2459 archangelos,
2934 2389 3264 2460 divinasque
3325 2399 3619 2461 potestates
3643 2431 3659 2457 ,

409 2477 764 2549 materiaeque
802 2478 982 2532 omnis
1007 2486 1280 2548 expertes,
1322 2492 1388 2532 ac
1428 2478 1552 2547 ipso
1592 2479 1733 2533 coan
1778 2479 2093 2548 superiores
2133 2481 2397 2549 spiritus,
2446 2498 2657 2539 necnon
2706 2500 2773 2539 ex
2819 2485 2888 2539 iis
2930 2501 3051 2555 quae
3087 2486 3144 2539 in
3171 2496 3322 2541 terra
3351 2497 3660 2555 versantur,

407 2572 692 2643 neligiosas
739 2572 1019 2626 hominum
1062 2572 1272 2627 animas
1312 2588 1562 2629 seorsum
1614 2574 1897 2640 attribuit,
1949 2589 2070 2644 qua:
2119 2577 2284 2631 etiam
2328 2579 2788 2649 appellationibus
2831 2579 3223 2647 Hebrzeorum,
3279 2580 3456 2638 Jacob
3504 2590 3660 2653 atque

406 2663 574 2721 Israel
606 2665 981 2720 nominantur.

1128 2781 1242 2837 VII.
2003 2794 2048 2850 Β
2821 2787 2902 2840 Z'.

405 2874 560 2944 Quod
590 2876 717 2947 solis
760 2875 999 2932 Hebrwis
1030 2876 1324 2947 gratiquitus
1350 2877 1584 2947 cognitio
1622 2873 1714 2947 Dei
1747 2877 1962 2932 universa

2090 2873 2184 2947 Ὧς
2214 2876 2424 2945 μόνοις
2493 2875 2772 2944 Ἑϐραίοις
2836 2877 2903 2931 τὸ
2966 2877 3227 2931 παλαιὸν
3288 2880 3328 2947 ἡ
3394 2878 3502 2933 τοῦ
3549 2879 3658 2934 τῶν

456 2946 685 3017 prodita
721 2947 793 3000 sit
815 2986 830 3010 ,
863 2963 979 3017 qua:
1017 2944 1228 3000 ChriSto
1284 2944 1512 3015 seipsum
1552 2946 1825 3001 exhibente
1856 2965 1962 3018 per-

2148 2944 2306 3000 ὅλων
2336 2946 2483 3002 Θεοῦ
2505 2948 2725 3018 γνῶσις
2756 2949 3240 3004 ἀποκεκάλυπτο.
3272 2944 3376 3002 διὰ
3398 2948 3509 3017 τῆς
3535 2952 3657 3005 ἐπι-

464 3019 750 3087 -ciperetur.
1860 3017 1865 3018 “

2146 3018 2399 3087 φανείας
2427 3017 2532 3077 τοῦ
2565 3019 2826 3087 Χριστοῦ
2868 3019 3351 3089 τιγνωσκομένη.

2147 3130 2317 3186 Τοῦτο
2357 3131 2672 3203 μυστηρίων
2715 3131 2776 3184 τὸ
2822 3131 3097 3201 μέγιστον,
3138 3131 3364 3203 πρῶτος
3399 3133 3659 3202 θεολόγων

2074 3224 2312 3296 Μωῦσῆς
2336 3226 2393 3276 ὲν
2412 3225 2743 3297 ἀπορρήτοις
2772 3224 3056 3295 Ἑϐραίους
3076 3223 3201 3286 τοὺς
3220 3224 3398 3279 πάλαι
3424 3228 3660 3296 ὲμυστα-

2072 3315 2241 3385 γώγει
2295 3315 2486 3386 λέγων’
2540 3336 2560 3368 ι
2620 3316 2997 3388 Ἐπερώτησον
3034 3316 3126 3369 τὸν
3169 3319 3396 3389 πατέρα
3440 3335 3534 3371 σου
3570 3317 3659 3370 καὶ

2073 3408 2364 3477 ἀναγγελεῖ
2386 3426 2487 3474 σοι,
2510 3410 2632 3472 τοὺς
2657 3407 3061 3480 πρεσϐυτέρους
3092 3425 3184 3461 σου
3209 3411 3310 3463 καὶ
3334 3410 3524 3482 ὲροῦσί
3546 3425 3625 3463 σοι
3640 3424 3655 3438 ⁸

2071 3499 2160 3551 ὅτε
2186 3498 2488 3570 διεμέριζεν
2511 3499 2541 3550 ὁ
2574 3498 2833 3568 "regem;
2864 3497 3013 3569 ἔθνη,
3048 3498 3125 3562 ὡς
3158 3497 3482 3571 διέσπειρεν
3516 3500 3659 3562 υἱοὺς

2084 3589 2272 3660 Ἀδὰμ,
2317 3590 2544 3661 ἔστησεν
2587 3590 2710 3661 ὅρια
2749 3588 2918 3643 ἐθνῶν
2956 3589 3077 3641 κατ’
3132 3589 3378 3662 ἀριθμὸν
3416 3590 3659 3661 ἀγγέλων

2070 3678 2227 3743 Θεοῦ,
2252 3679 2346 3733 καὶ
2370 3678 2600 3750 ἐγενήθη
2642 3678 2799 3750 μερὶς
2839 3678 3043 3749 Κυρίου
3067 3677 3192 3742 λαὸς
3230 3681 3406 3735 αὑτοῦ
3448 3679 3657 3742 Ἰακὼϐ,

2072 3772 2354 3844 σχοίνισμα
2386 3772 2749 3844 κληρονομίας
2770 3772 2934 3824 αὐτοῦ
2981 3773 3218 3844 Ἰσραήλ.
3267 3792 3286 3825 ›
3327 3773 3434 3826 Διὰ
3457 3772 3659 3826 τούτων

2068 3867 2198 3936 γοῦν
2226 3866 2483 3937 Ὕψιστον
2526 3867 2624 3937 μὲν
2651 3865 2741 3919 τὶν
2770 3866 3050 3930 ἀνωτάτω,
3081 3866 3174 3920 καὶ
3200 3867 3300 3920 ἐπὶ
3338 3869 3501 3931 πᾶσι,
3532 3865 3661 3918 Θεὸν

460 3127 589 3185 Ἠοο
619 3144 752 3185 sane
777 3127 1163 3200 mysteriorum
1190 3126 1435 3183 omnium
1470 3128 1738 3195 maximo,
1767 3131 1975 3200 primus

400 3222 782 3292 theologorum
815 3219 1031 3292 Moyses
1060 3220 1114 3274 in
1161 3220 1414 3284 arcanis,
1462 3219 1721 3278 Hebraeos
1761 3230 1974 3280 veteres

404 3313 674 3375 initiavit,
713 3313 794 3368 sic
828 3312 1020 3368 dicens
1053 3332 1067 3368 :
1098 3331 1117 3364 ι
1152 3311 1433 3384 Interroga
1472 3323 1682 3383 patrem
1724 3323 1879 3370 tuum
1921 3323 1975 3371 et

401 3404 888 3468 annuntiabittibi,
919 3405 1155 3473 majores
1183 3411 1306 3460 tuos
1330 3412 1385 3459 et
1410 3405 1595 3461 dicent
1618 3406 1715 3462 tibi
1742 3426 1756 3463 :
1786 3406 1974 3474 Quan-

399 3497 471 3551 do
521 3495 797 3551 dividebat
842 3496 1160 3552 Altissimus
1207 3504 1432 3567 gentes,
1487 3508 1548 3552 ut
1596 3498 1973 3557 disseminavit

402 3587 543 3643 ﬁlios
573 3586 745 3643 Adam
768 3627 783 3653 ,
812 3587 1098 3643 constituit
1126 3589 1390 3643 terminos
1417 3590 1659 3660 gentium
1688 3592 1843 3661 juxta
1871 3608 1972 3646 nu-

399 3695 609 3736 merum
640 3680 955 3752 angelorum
988 3678 1122 3744 Dei,
1166 3690 1220 3735 et
1251 3680 1392 3735 facta
1428 3693 1510 3737 est
1544 3683 1721 3754 portio
1755 3683 1970 3739 Domini

398 3772 634 3844 pOpulus
664 3772 784 3843 ejus
811 3769 980 3826 Jacob
1000 3812 1016 3836 ,
1050 3754 1327 3828 funiculus
1354 3773 1689 3830 hrereditatis
1731 3774 1852 3845 ejus
1892 3777 1972 3833 Is-

398 3866 511 3920 rael
535 3866 603 3920 “.
634 3886 654 3918 ›
682 3864 780 3921 His
800 3864 1017 3934 quidem
1042 3866 1221 3921 verbis
1241 3885 1261 3919 ς
1287 3866 1626 3921 Altissimum
1652 3881 1799 3933 eum,
1825 3869 1969 3938 quod

395 3955 561 4013 Pater
608 3963 725 4021 est,
778 3957 980 4028 quique
1020 3972 1185 4026 supra
1238 3956 1461 4020 omnia,
1511 3956 1681 4012 Deum
1729 3957 1966 4012 universi

395 4049 646 4105 nominat
675 4067 688 4104 :
719 4047 1010 4104 Dominum
1046 4063 1176 4103 vero
1202 4048 1435 4118 hujusce
1461 4047 1725 4114 Verbum,
1753 4049 1808 4103 id
1835 4064 1968 4104 sane

2068 3958 2173 4012 τῶν
2206 3959 2342 4011 ὅλων
2372 3954 2644 4026 ὀνομάζει*
2681 3954 2883 4025 Κύριον
2909 3955 2967 4009 δὲ
2993 3955 3085 4009 τὸν
3116 3954 3314 4008 τούτου
3344 3956 3547 4025 Λόγον,
3572 3953 3659 4006 τὸν

2066 4051 2130 4123 δὴ
2157 4051 2251 4104 καὶ
2282 4050 2548 4122 δευτέρως
2595 4050 2724 4120 ἡμῖν
2764 4048 2901 4119 μετά
2930 4049 3021 4102 τὸν
3062 4047 3171 4101 τῶν
3214 4049 3364 4102 ὅλων
3395 4048 3531 4102 Θεὸν
3569 4064 3661 4100 κυ-

393 4141 540 4213 quod
590 4156 691 4196 nos
738 4156 769 4194 a
822 4139 984 4195 Patre
1026 4141 1299 4210 genitum,
1345 4141 1704 4212 appellatione
1748 4139 1962 4195 Domini

2071 4141 2496 4216 ριολὸγούμενον.
2542 4142 2700 4195 Ἀλλά
2733 4141 2842 4213 γὰρ
2872 4145 2984 4206 τοῖς
3020 4143 3116 4213 μὲν
3144 4141 3256 4195 τῶν
3286 4141 3468 4195 ἐθνῶν
3499 4139 3661 4212 ἀορά-

393 4248 742 4289 vcneramur.
767 4232 1035 4287 Cancrum
1061 4231 1334 4303 praefectis
1358 4233 1575 4303 quidem
1603 4247 1666 4288 ac
1691 4232 1963 4288 tutoribus

391 4327 634 4397 gentium
655 4365 669 4392 ,
694 4326 872 4381 visum
895 4332 1143 4380 nostrum
1171 4323 1554 4395 eﬂ‘ugientibus
1575 4364 1589 4388 ,
1617 4324 1753 4396 ipsis
1776 4324 1964 4394 utique

389 4419 601 4488 angelis
623 4459 639 4479 ,
672 4423 904 4472 cunctas
939 4424 1129 4488 gentes
1158 4425 1213 4470 et
1243 4416 1385 4470 ﬁlios
1412 4416 1696 4471 hominum
1730 4430 1869 4485 quos
1900 4414 1964 4468 ii~

387 4512 491 4567 lios
538 4510 713 4564 Adam
757 4518 954 4573 vocat,
988 4508 1162 4580 ipsius
1203 4507 1459 4563 altissimi
1495 4506 1591 4563 Dei
1631 4506 1875 4577 judicio,
1907 4515 1960 4561 et

385 4603 548 4658 nobis
580 4601 977 4657 occultissimis
1005 4600 1335 4662 rationibus,
1361 4600 1438 4654 ait
1466 4600 1801 4654 distributos
1830 4598 1962 4654 fuis-

384 4711 444 4752 se
473 4695 776 4751 :-omnium
819 4709 952 4750 vero
995 4693 1434 4749 eminentissimo
1474 4693 1690 4763 praesidi
1734 4707 1799 4748 ac
1844 4692 1958 4761 regi

382 4789 668 4855 universi,
716 4788 818 4859 ipsi
860 4788 1051 4857 utique
1090 4788 1333 4851 Christo,
1378 4794 1642 4858 tanquam
1673 4787 1838 4841 unico
1864 4785 1958 4840 Fi-

381 4882 486 4944 lio,
509 4898 586 4937 "ex
620 4880 757 4950 ipsis
786 4878 1099 4934 hominibus
1124 4877 1299 4934 Jacob
1323 4885 1486 4949 atque
1517 4876 1679 4934 Israel
1698 4918 1713 4942 ,
1739 4876 1846 4933 hoc
1872 4885 1958 4932 est

381 4989 544 5029 omne
601 4971 970 5043 quodcunque
1006 4979 1060 5026 et
1098 4973 1219 5027 visu
1260 4971 1466 5041 percipi
1503 4978 1714 5040 potest,
1757 4976 1810 5024 et
1839 4968 1958 5022 cul-

382 5076 497 5120 tum
538 5064 631 5120 Dei
672 5064 982 5134 amplexum
1030 5073 1145 5131 est,
1201 5062 1465 5118 traditum
1516 5061 1689 5118 fuisse
1735 5076 1950 5131 genus:

382 5174 506 5211 nam
544 5157 638 5227 qui
676 5157 745 5211 ad
783 5157 1039 5212 virtutem
1075 5156 1358 5226 proposito
1393 5154 1696 5210 certamine
1732 5168 1953 5209 exerce-

379 5257 490 5311 tur,
530 5259 692 5316 atqne
726 5247 905 5303 adhuc
946 5253 1153 5318 pugnat
1192 5254 1246 5301 et
1275 5245 1516 5301 luctatur
1554 5247 1611 5299 in
1650 5244 1953 5317 gymnasiis

378 5337 635 5406 pietatis,
679 5338 768 5393 hic
800 5336 1158 5394 Hebraeorum
1194 5336 1465 5393 vocabulo
1500 5336 1703 5392 dicitur
1735 5334 1907 5390 Jac-ob
1934 5354 1945 5388 :

374 5429 468 5500 qui
500 5415 628 5485 vero
652 5430 766 5501 jam
794 5432 1043 5487 victoriae
1076 5446 1139 5485 ac
1168 5429 1517 5502 praemiorum
1580 5427 1723 5499 apud
1779 5426 1951 5483 Deum

373 5538 597 5595 compos
625 5536 709 5581 est
746 5525 959 5590 factus.
1003 5523 1170 5581 Israel
1209 5523 1540 5595 appellatur,
1580 5520 1764 5593 qualis
1800 5517 1951 5576 vide-

445 5690 489 5722 "
523 5697 690 5755 Deut.
715 5676 887 5764 xix",
921 5694 1043 5750 7-9.

2063 4250 2177 4297 τοις
2223 4234 2572 4304 προστάταις,
2613 4232 2796 4295 αὐτοῖς
2839 4231 2895 4284 δὲ
2929 4233 3042 4294 τοῖς
3087 4230 3375 4299 ἀγγέλοις,
3417 4231 3491 4284 τά
3535 4229 3659 4298 ἔθνη

2064 4328 2241 4383 πάντα
2282 4329 2377 4381 καὶ
2416 4328 2542 4391 τοὺς
2581 4327 2729 4390 υἱοὺς
2769 4324 2878 4379 τῶν
2923 4322 3227 4396 ἀνθρώπων
3275 4325 3437 4389 υἱοὺς
3490 4323 3660 4392 Ἀδὰμ.

2062 4419 2538 4490 ἐπικαλουμένους,
2579 4419 2755 4490 κρίσει
2793 4417 2887 4471 τοῦ
2931 4416 3153 4486 ὑψίστου
3178 4416 3326 4469 Θεοῦ
3356 4417 3459 4470 καὶ
3485 4416 3661 4483 λόγοις

2061 4514 2322 4585 ἀρρήτοις
2373 4512 2501 4582 ἡμῖν
2554 4527 2684 4582 φησι
2724 4508 3134 4581 διανεμηθῆναι’
3184 4508 3270 4578 τῷ
3318 4509 3381 4563 δὲ
3440 4508 3657 4563 πάντων

2063 4602 2400 4673 ὲξοχωτάτῳ,
2440 4601 2668 4673 ἡγεμόνι
2711 4618 2768 4654 τε
2799 4601 2893 4653 καὶ⁵
2932 4598 3140 4670 βασιλεῖ
3163 4598 3278 4652 τῶν
3307 4599 3477 4664 ὅλων,
3511 4594 3660 4665 αύτῷ

2059 4694 2122 4766 δὴ
2154 4693 2230 4765 τῷ
2256 4693 2496 4765 Χριστῷ,
2524 4694 2598 4757 ὡς
2632 4693 2698 4746 ἂν
2731 4694 3008 4764 μονογενεῖ
3036 4690 3170 4762 Υίῷ,
3192 4690 3314 4743 τῶν
3345 4692 3408 4744 ὲν
3444 4687 3658 4762 ἀνθρώ-

2059 4803 2203 4849 ποις,
2234 4785 2324 4839 τδν
2366 4784 2560 4839 Ἰακὼό
2590 4785 2684 4837 καὶ
2741 4783 2977 4856 Ἰσραὴλ,
3006 4783 3258 4836 τουτέστι
3302 4786 3421 4837 πᾶν
3459 4784 3523 4835 τὸ
3548 4782 3659 4834 διο-

2063 4878 2279 4949 ρατικὸν
2328 4876 2422 4932 καὶ
2463 4877 2710 4940 θεοσεϐὲς
2742 4876 3110 4948 παραδοθῆναι
3148 4874 3337 4943 γένος.
3380 4874 3574 4928 Είσέτι
3603 4887 3657 4924 τι

2057 4969 2234 5024 ἀθλῶν
2277 4972 2367 5025 καὶ
2408 4970 2652 5025 παλαίων
2689 4970 2745 5022 ὲν
2785 4972 2895 5033 τοῖς
2939 4970 3059 5022 κατ’
3102 4967 3403 5021 εὐσέϐειαν
3439 4982 3654 5038 γυμνα·

2059 5063 2212 5128 σίοις,
2259 5061 2524 5134 Ἐϐραίων
2563 5060 2902 5132 προσηγορίᾳ
2934 5059 3193 5130 κέκληται
3249 5058 3504 5113 Ἰακώ6’
3534 5060 3565 5113 ὁ
3601 5056 3658 5110 δὲ

2054 5153 2154 5224 ἤδη
2186 5154 2339 5222 νίκης
2385 5153 2478 5207 καὶ
2516 5151 2624 5205 τῶν
2663 5151 2812 5224 παρά
2851 5150 2970 5221 Θεῷ
3015 5149 3293 5221 βραδείων
3342 5149 3660 5221 ἠξιωμένος

2066 5245 2281 5318 Ἰσραὴλ
2312 5244 2717 5315 ἀναγορεύεται·
2750 5238 2859 5307 οἷος
2890 5242 3050 5307 αὐτὸς
3078 5237 3147 5312 ἦν
3184 5242 3416 5306 ἐκεῖνος
3454 5242 3487 5294 ὁ
3519 5237 3656 5312 βοώ-

2058 5352 2216 5407 μενος
2241 5334 2336 5389 τοῦ
2371 5335 2566 5397 παντὸς
2617 5332 2881 5405 Ἐϐραίων
2912 5329 3097 5394 ἔθνους
3133 5329 3484 5400 προπάτωρ,
3516 5327 3576 5380 ot
3599 5339 3658 5378 τε

2053 5426 2241 5479 τούτου
2268 5427 2478 5498 γνήσιοι
2508 5425 2694 5490 παῖδες
2719 5422 2972 5492 ἀπόγονοι
3003 5439 3061 5475 τε
3093 5420 3335 5486 τούτων,
3383 5423 3488 5476 καὶ
3522 5433 3657 5490 προ-

2059 5518 2311 5590 πάτορες,
2341 5518 2612 5591 προφῆται
2645 5517 2845 5581 πάντες
2871 5517 2966 5570 καὶ
2993 5513 3266 5583 θεοφιλεῖς
3304 5514 3540 5586 ἄνδρες.
3566 5508 3660 5581 Μὴ
