3880 6256
251 323 348 378 269
1119 319 1769 377 DIIM'ONSTRATIONIS
1809 321 2269 379 EVANGELICIE
2305 323 2429 378 LIB.
2465 324 2553 379 iV.
3361 321 3466 372 εἴθ

251 443 352 511 γάρ
397 459 487 511 μοι
532 439 588 495 τὸ
645 441 911 495 Ἰουδαίων
945 441 1143 512 πλῆθος
1176 439 1348 512 ταύτῃ
1390 437 1575 510 νόμιζε
1619 437 1780 510 δηλοῦ

1937 441 2037 495 icet
2073 441 2172 494 fuit
2203 441 2290 494 ille.
2323 442 2437 509 ipse
2471 437 2791 493 notissimus
2827 437 2993 490 totius
3032 433 3310 489 chraicm
3339 451 3469 504 gen-

254 534 386 595 σθαι,
418 535 608 604 μόνους
644 552 703 587 τε
737 537 858 597 τοὺς
899 532 1062 586 πάλαι
1093 533 1352 604 πρότερον
1392 533 1558 603 ἁρετῇ
1588 533 1681 585 καὶ
1713 531 1786 584 εὖ·

1940 533 1980 586 is
2016 542 2227 594 auctor,
2261 534 2488 602 ejusque
2521 533 2630 585 veri
2664 546 2727 584 ac
2754 529 2977 600 legitimi
3012 529 3140 596 ﬁlii,
3189 537 3350 597 atque
3381 527 3472 580 ho-

255 625 428 695 σεεεία
468 627 933 696 τετελειωμένους.
984 625 1214 687 Τούτους
1245 626 1310 694 δὴ
1343 622 1434 678 οὖν
1475 622 1787 695 παραλαὸὼπ

1938 640 2030 674 ’11111
2059 631 2281 693 nepotes
2310 642 2323 677 :
2357 630 2566 676 veteres
2591 624 2713 675 item
2745 620 3017 690 propheta:
3045 633 3262 679 omnes,
3298 624 3351 671 et
3379 618 3470 686 qui

252 717 277 768 ὁ
302 717 627 788 καθηγεμὼν
671 721 764 772 καὶ
796 719 1101 790 προστάτης
1134 719 1385 772 ἁπάντων
1412 717 1504 770 τοῦ
1529 715 1662 769 Θεοῦ
1704 716 1784 768 Δός

1933 715 2022 769 ).·ο
2045 715 2183 785 grati
2215 715 2432 769 fuerunt
2462 714 2561 766 viri
2596 737 2605 768 :
2647 713 2800 783 157
2826 712 2936 766 noli
2958 712 3111 773 mihi,
3138 725 3342 778 quaeso,
3371 726 3465 778 pu-

250 823 354 874 γος,
382 809 477 859 ἐπὶ
519 807 616 878 τὴν
646 809 805 878 μόνου
835 808 926 861 τοῦ
959 809 1190 879 Πατρὸς,
1221 807 1380 861 αὐτοῦ
1419 808 1483 879 δὴ
1518 807 1609 861 τοῦ
1653 807 1778 876 Ὑψί

1939 824 2030 861 are
2067 806 2377 862 Judarorum
2416 816 2740 860 conventum
2777 806 2878 859 hac
2907 805 3266 874 appellatione
3298 801 3469 872 signi-

250 915 386 954 στου.
419 899 717 971 θρησκείαν
754 901 1064 953 ἀνεκαλεῖτο
1098 901 1202 952 τῶν
1230 900 1520 970 ὁρωμένων
1554 899 1782 953 ἁπάντωε

1941 897 2100 958 icari,
2142 903 2194 950 et
2234 911 2328 950 eos
2369 896 2514 952 solos
2550 895 2641 964 qui
2681 895 2821 964 apud
2863 896 3072 964 priores
3109 894 3238 947 olim
3276 892 3473 946 virtute

249 989 521 1055 ἀνωτάτω,
567 992 820 1046 ἐπέκεινά
858 1011 917 1046 τε
955 992 1180 1064 οὐρανοῦ
1223 993 1316 1046 καὶ¹
1357 993 1536 1064 πάσης
1578 991 1775 1063 γενητῆ

1940 1005 1976 1042 .c
2032 989 2227 1058 pietate
2283 987 2506 1058 perfecti
2546 987 2906 1042 exstiterunt:
2945 987 3045 1042 hos
3085 987 3266 1054 itaque
3317 1000 3472 1039 assu-

247 1081 444 1146 ούσίας,
479 1084 608 1147 τοὺς
647 1084 914 1154 ὑπηκόους
943 1085 1123 1154 ἠρέμα
1157 1085 1250 1137 καὶ
1286 1085 1473 1154 πράως
1509 1082 1776 1136 ἀνακαλού

1939 1096 2066 1134 nens
2118 1081 2313 1134 ductor
2374 1081 2616 1135 omnium
2653 1097 2714 1135 ac
2753 1081 3005 1149 princeps
3062 1077 3154 1131 Dei
3194 1077 3428 1132 Verbum
3456 1115 3471 1139 ,

250 1188 418 1240 μενος,
450 1173 615 1242 μόνον
648 1191 705 1226 τε
733 1176 913 1237 αὐτοῖς
947 1177 1037 1228 τὸν
1067 1176 1380 1246 ἀγέννητον,
1418 1177 1511 1229 καὶ
1536 1175 1642 1227 τῶν
1671 1175 1782 1228 ὅλωε

1940 1174 1982 1227 td
2028 1174 2192 1227 unius
2233 1171 2445 1236 Patris,
2497 1174 2668 1245 ipsius
2705 1172 2967 1228 Altissimi
3016 1172 3225 1227 scilicet
3267 1171 3472 1224 cultum

245 1267 467 1337 ποιητὴν
496 1267 628 1321 Θεὸν
655 1269 745 1321 τὸν
776 1269 997 1338 ὕψιστον
1032 1270 1356 1341 παραδιδοὺς
1386 1270 1646 1323 εὐσεϐεῖν.

1941 1266 2199 1319 evocabat
2221 1265 2603 1334 supra.omnia
2638 1281 2758 1334 quae
2790 1265 2894 1318 sub
2926 1264 3101 1316 visum
3133 1262 3358 1322 cadunt,
3393 1267 3473 1312 at-

243 1369 340 1422 que
377 1356 522 1408 ultra
551 1353 782 1421 ccelum,
814 1358 1062 1426 ultraque
1095 1373 1308 1413 omnem
1343 1373 1676 1430 quacunque
1713 1355 1851 1410 facta
1888 1356 1959 1410 sit
2005 1362 2286 1419 naturam,
2317 1370 2410 1410 eos
2458 1355 2549 1424 qui
2592 1356 2693 1410 sibi
2740 1356 2949 1424 jubenti
2995 1354 3303 1424 paruissent
3350 1368 3472 1406 seno

244 1449 335 1504 sim
382 1451 727 1522 benigneque
775 1451 1046 1516 inritans,
1094 1451 1379 1521 solumque
1433 1451 1540 1506 illis
1569 1466 1691 1505 eum
1714 1489 1728 1514 ,
1764 1449 1855 1519 qui
1888 1448 2102 1518 genitus
2143 1463 2249 1502 non
2281 1455 2396 1510 est,
2428 1448 2668 1502 universi
2697 1448 3030 1502 conditorem
3066 1446 3233 1501 Deum
3273 1447 3478 1502 altissi-

242 1557 379 1595 mum
412 1541 706 1596 colendum
735 1541 976 1596 tradens.

985 1660 1065 1711 Ην.

2632 1652 2760 1706 Vlll.

248 1747 334 1816 Ὧς
350 1751 754 1828 έιόνςτυς-τοὺς
774 1749 899 1828 κατ’
919 1751 1174 1828 Oti-parnt?
1193 1749 1605 1828 φωστῆραςτὰ
1627 1754 1780 1804 λοιπε

1943 1747 2065 1828 ξηρᾷ
2112 1747 2228 1800 sola
2269 1746 2381 1800 coeli
2441 1747 2613 1801 sidera
2666 1757 2714 1800 et
2780 1747 2979 1828 lancina
3035 1746 3261 1828 reliqum
3305 1757 3475 1827 gentes

303 1813 422 1941 rei):
468 1813 659 1874 ἐθιὲὦν
711 1813 923 1875 ἔσεϐον
967 1813 1242 1891 ἀγγέλοῷ
1301 1813 1806 1890 τιάὶνέγκεχωρι-

306 1907 531 1957 cura.

1946 1813 2234 1899 colerent,
2281 1833 2396 1886 qua
2434 1835 2668 1872 seorsum
2725 1816 3037 1887 quibusdam
3091 1813 3478 1886 angelis—assi-

1978 1900 2151 1958 gnato:
2181 1899 2306 1942 emt.

303 1987 362 2039 Οί
394 1985 457 2038 δέ
492 2002 555 2053 γε
591 1985 697 2038 τῶν
725 1986 900 2040 ἄλλων
933 1985 1101 2039 ἐθνῶν
1150 1984 1433 2039 ὲπιστάται
1463 1983 1680 2053 ἄγγελοι
1713 1984 1807 2037 καί

1978 1979 2219 2032 Aliarum
2255 1995 2382 2034 vero
2417 1977 2656 2049 gentium
2698 1976 2936 2047 przefecti
2973 1977 3144 2047 angeli
3193 1983 3353 2047 atque
3384 1993 3474 2046 pa.

241 2077 494 2146 ποιμένες
510 2080 635 2141 τοὺς
658 2077 730 2148 μὴ
747 2079 889 2141 οἴους
911 2095 968 2131 τε
991 2077 1066 2148 νῷ
1091 2077 1180 2130 τὸν
1201 2079 1429 2149 ἀόρατον
1455 2075 1771 2130 ἐποπτεύειν

1943 2079 2085 2126 tores
2107 2113 2121 2137 ,
2151 2086 2246 2126 eos
2269 2071 2360 2141 qui
2391 2077 2590 2134 mente,
2622 2070 2769 2123 illum
2804 2070 2893 2139 qui
2924 2069 3042 2124 visu
3085 2069 3297 2122 mortali
3327 2068 3475 2124 cerni

242 2171 363 2240 μηδὲ
389 2172 711 2226 ἀναϐαίνειν
739 2171 989 2225 τοσοῦτον
1015 2172 1079 2225 δι’
1113 2173 1317 2225 οίκείαν
1351 2171 1631 2224 ἀσθένειαν
1657 2211 1671 2234 ,
1697 2171 1774 2222 τοῖ

1947 2165 2114 2232 equit,
2141 2163 2338 2216 intueri
2361 2177 2472 2216 non
2504 2169 2771 2230 poterant,
2801 2175 2975 2230 neque
2999 2168 3111 2214 tam
3163 2160 3267 2214 alte
3292 2159 3362 2214 ob
3381 2161 3479 2213 do—

238 2262 529 2332 ὀρωμένοις
567 2265 686 2316 κατ’
715 2263 938 2335 οὐρανὸν
975 2263 1260 2334 προσέχειν
1291 2263 1507 2332 ἠξίουν,
1542 2262 1676 2332 ἡλίῳ
1715 2278 1770 2314 κο

1946 2257 2191 2310 testicam
2221 2254 2645 2310 imbecillitatem
2672 2254 2984 2316 ascendere,
3014 2269 3077 2308 ea
3108 2268 3227 2320 qum
3263 2253 3315 2306 in
3340 2253 3478 2307 caelo

240 2352 428 2424 σελήνῃ
474 2353 572 2405 καὶ
608 2354 845 2424 ἄστροις
881 2353 916 2407 ἀ
959 2354 1021 2425 δὴ
1063 2354 1154 2406 καὶ
1187 2355 1243 2405 έν
1275 2356 1338 2424 τῇ
1375 2352 1672 2422 φαινομένῃ
1702 2351 1772 2403 τῶ

1941 2355 2223 2416 pectantur
2248 2347 2604 2416 contemplari
2632 2347 2950 2409 suadebant,
2975 2347 3166 2409 solem,
3195 2353 3249 2400 et
3272 2347 3473 2405 lunam,

238 2443 363 2496 ὅλων
391 2444 558 2512 φύσει
583 2445 946 2517 διαπρέποντα
967 2487 980 2510 ,
1015 2445 1126 2499 ἄνω
1158 2447 1250 2498 καὶ
1275 2446 1356 2497 ὅτι
1385 2444 1616 2516 μάλιστα
1649 2445 1770 2510 ὲγγι

1947 2438 2191 2492 tstellas.
2224 2436 2356 2503 Qua:
2388 2438 2605 2506 quidem
2653 2453 2776 2491 cum
2813 2438 2896 2492 vel
2929 2440 2983 2491 in
3019 2438 3243 2493 cadente
3273 2438 3373 2492 sub
3398 2437 3479 2491 vi-

239 2533 374 2586 τάτω
409 2533 492 2596 ὡς
523 2533 590 2586 ἂν
615 2536 672 2586 ἐν
714 2533 1004 2606 προθύροις
1035 2535 1128 2588 τοῦ
1159 2533 1544 2604 παμϐασιλέως
1573 2533 1671 2596 τὰς
1701 2531 1771 2585 τῶ

1945 2543 2029 2580 um
2065 2535 2309 2582 nostrum
2340 2528 2578 2583 universi
2623 2535 2818 2582 natura
2849 2529 3204 2597 prmniteant,
3259 2543 3477 2583 sursum

237 2622 487 2692 ὁρώντων
529 2624 680 2693 δψεις
723 2625 1064 2688 ἀνεκαλεῖτο,
1107 2627 1170 2678 ὲκ
1223 2623 1483 2694 μεγέθους
1530 2624 1623 2676 καὶ
1675 2621 1769 2674 καλ

1943 2627 2070 2689 tque
2103 2619 2302 2690 oppido
2332 2636 2493 2689 quam
2535 2628 2755 2690 propter
2802 2628 3056 2690 tanquam
3100 2621 3154 2675 in
3191 2621 3325 2691 ipsis
3357 2637 3475 2675 om-

236 2711 390 2784 λονῆς
412 2715 524 2769 τῶν
545 2718 836 2787 ὁρωμένων
859 2719 1168 2788 κτισμάτων
1188 2716 1462 2784 ἀναλόγως
1481 2715 1573 2768 τοῦ
1593 2714 1768 2768 πάντα

1950 2709 2058 2763 ium
2085 2712 2226 2780 regis
2257 2711 2559 2773 vestibulis,
2587 2711 2734 2780 ipsos
2767 2711 3090 2765 intuentium
3129 2719 3381 2781 aspectus
3403 2712 3481 2764 al-

236 2805 618 2874 γενεσιουργοῦ
662 2806 759 2874 τὴν
811 2805 1040 2876 θεωρίαν
1085 2804 1466 2874 ἐμφανίζοντα.
1509 2823 1528 2855 ‹
1571 2804 1653 2857 Τά
1701 2803 1768 2872 γά

1951 2802 2121 2866 ciunt,
2145 2811 2306 2873 atque
2341 2819 2402 2856 ex
2434 2818 2619 2857 earum
2645 2818 2824 2856 rerum
2855 2803 3225 2874 magnitudine
3255 2817 3316 2856 ac
3359 2818 3483 2873 spe-

239 2892 442 2962 ἀὸρατα
489 2893 690 2959 αὐτοῦ,
735 2914 752 2945 ι
858 2912 1019 2965 φησιν
1044 2897 1071 2947 ὁ
1097 2894 1238 2957 θεῖος
1279 2894 1614 2958 Ἀπόστολος,
1651 2915 1668 2945 ι
1703 2897 1771 2948 ἀπ

1951 2895 2012 2957 ie,
2051 2909 2171 2963 qua:
2195 2909 2319 2947 cum
2351 2893 2505 2948 facta:
2544 2896 2653 2949 sint
2682 2903 2984 2949 cernuntur
3015 2895 3188 2950 oculis
3209 2937 3223 2962 ,
3255 2911 3483 2966 propor-

237 2987 466 3049 κτίσεως
499 2987 704 3057 κόσμου
736 2991 848 3051 τοῖς
881 2989 1146 3058 ποιήμασι
1175 2987 1437 3058 νοούμενα
1475 2988 1769 3060 καθορᾶται

1954 3000 2057 3040 one
2094 2986 2350 3055 quadam,
2382 2987 2620 3041 auctoris
2649 2988 2998 3058 parentisque
3023 2989 3264 3042 omnium
3301 2989 3483 3060 cogni-

235 3075 265 3143 ἦ
290 3093 346 3128 τε
374 3077 549 3140 ἀΐδιος
581 3077 744 3130 αὑτοῦ
760 3077 986 3147 δύναμις
1015 3079 1107 3130 καὶ
1139 3077 1366 3148 θειότης.
1401 3097 1418 3129 ι
1448 3080 1556 3132 Καὶ
1578 3079 1767 3133 τοῦτοί

1948 3093 2138 3142 mnem,
2165 3077 2786 3149 contemplationemque
2821 3094 2932 3149 pra:
2969 3094 3027 3134 se
3072 3079 3291 3134 ferunt:
3333 3099 3353 3132 ι
3391 3080 3480 3134 ln-

236 3169 393 3221 πάλιν
414 3172 443 3223 ὁ
487 3171 659 3241 μέγας
686 3169 918 3240 Μωῦσῆς
945 3173 1307 3241 μυσταγωγεῖ.
1340 3171 1442 3224 Τὸν
1471 3173 1578 3243 γάρ
1603 3190 1682 3226 τοι
1715 3190 1768 3226 το

1949 3169 2142 3224 isibilia
2165 3171 2310 3225 enim
2339 3171 2542 3240 ipsius,
2587 3178 2646 3224 ut
2671 3172 2745 3224 ait
2774 3170 2992 3226 divinus
3023 3171 3318 3241 Apostolus
3339 3172 3404 3236 “,
3451 3187 3481 3225 a

236 3259 437 3330 Κυρίου
463 3261 664 3332 κλῆρον
684 3263 758 3332 νῷ
784 3264 994 3328 διαυγεῖ
1014 3267 1106 3320 καὶ
1129 3267 1270 3338 ψυχῇ
1295 3265 1679 3336 κεκαθαρμένη
1703 3265 1768 3317 τιῖ

1951 3269 2165 3316 reatura
2190 3263 2396 3326 mundi,
2435 3278 2530 3332 per
2556 3278 2618 3317 ea
2650 3278 2770 3333 quae
2805 3263 2944 3317 facta
2981 3272 3108 3318 sunt
3171 3265 3441 3319 intellecta
3464 3302 3481 3329 ,

235 3352 437 3422 νοητῶν
466 3354 560 3406 καί
591 3355 894 3424 ἀσωμάτων
926 3356 1237 3427 ἐριγνᾶσθαι
1262 3358 1602 3427 προτρέπων,
1637 3356 1767 3426 εἶργε

1951 3355 2346 3423 onspiciuntur,
2381 3354 2817 3426 sempiternaque
2839 3355 2958 3424 ejus
2986 3356 3180 3418 virtus,
3207 3363 3260 3410 et
3287 3357 3483 3410 divini-

236 3441 327 3509 τῆς
380 3442 492 3494 τῶν
545 3445 834 3514 ὁρωμένων
887 3447 1005 3500 κατ’
1059 3449 1283 3518 οὐρανὸν
1312 3446 1646 3518 ἐκπλήξεως,
1691 3449 1768 3499 ὲπι

1954 3461 2017 3501 IS.
2064 3465 2083 3498 ι
2119 3444 2231 3499 Hoc
2271 3460 2487 3515 quoque
2517 3460 2742 3515 magnus
2776 3445 2989 3518 Moyses
3023 3463 3216 3502 rursus
3249 3455 3306 3501 ut
3331 3462 3486 3502 arca-

235 3530 434 3598 λέγων,
467 3534 550 3586 ὅτι
583 3533 644 3604 δὴ
681 3553 698 3585 ‹
747 3535 930 3588 Ταῦτα
965 3537 1223 3608 ἀπένειμε
1255 3536 1456 3608 Κύριος
1491 3538 1519 3587 ὁ
1551 3537 1682 3599 θεός
1715 3553 1767 3588 σε

1956 3551 2045 3588 um
2078 3545 2131 3590 et
2161 3549 2378 3591 sacrum
2408 3535 2638 3599 inducit,
2669 3551 2791 3590 nam
2825 3536 3037 3591 Domi-ni
3070 3546 3269 3593 sortem
3293 3537 3487 3592 adhor-

236 3627 364 3676 πᾶσι
401 3627 514 3688 τοῖς
555 3626 783 3680 ἔθνεσιν.
813 3647 831 3679 ›
860 3627 958 3681 Διά
989 3628 1042 3681 τί
1067 3629 1110 3682 δ’
1144 3627 1576 3699 ἀπονενεμῆσθαι
1601 3629 1767 3698 ἔφησε

1953 3643 2057 3690 ms,
2090 3635 2148 3679 ut
2194 3634 2375 3681 mente
2419 3625 2596 3680 lucida
2623 3627 2913 3697 animoque
2967 3636 3197 3698 purgato
3246 3643 3310 3682 ea
3364 3645 3485 3698 qua:

238 3715 461 3768 συνιδεῖν
505 3717 817 3785 ἀναγκαῖον.
855 3719 1230 3782 Πολυπλανοῦς
1269 3719 1618 3791 ὑπαρχούσης
1644 3719 1770 3789 ἀορᾱ

1952 3719 2032 3772 ala
2071 3718 2424 3784 intelligentia
2458 3719 2780 3788 capiuntur,
2839 3726 2893 3772 ct
2953 3720 3198 3788 corporis
3243 3721 3484 3789 expertia

236 3823 337 3868 τως
367 3810 500 3876 ἡμῖν
523 3808 667 3877 ἀμφὶ
692 3809 780 3861 τὸν
804 3811 928 3881 περὶ
951 3813 1051 3882 γῆν
1076 3812 1210 3882 ἀέρα
1241 3811 1573 3882 πωτωμένης
1597 3811 1768 3881 χθονίο

1959 3815 2064 3872 πει,
2093 3809 2483 3878 concupiscat:
2524 3810 2772 3880 prohibet
2823 3825 2886 3864 ea
2920 3826 3040 3881 qua:
3080 3810 3134 3864 in
3186 3812 3325 3864 ccelo
3371 3827 3491 3880 spe

236 3901 325 3952 καὶ
357 3900 681 3970 δαιμονικῆς
711 3903 928 3965 οὐσίας,
964 3902 1240 3971 ἀγνώστου
1275 3920 1334 3955 τε
1370 3905 1463 3956 κα1⁵
1495 3904 1768 3973 ἀδιακρίτο

1952 3910 2131 3956 tantur
2159 3902 2621 3972 admirari,supra
2653 3917 2683 3955 a
2717 3918 2774 3957 se
2790 3902 2952 3957 dictis
2987 3903 3310 3973 adjnngens,
3341 3903 3484 3973 quod

236 3992 570 4061 ἀνθρώποις,
607 3993 707 4062 τῆς
742 3994 848 4046 τῶν
885 3994 1103 4062 ἀγαθῶν
1147 3997 1467 4064 πνευμάτων
1513 3997 1604 4048 καὶ
1649 3996 1768 4048 δυνά

1955 4007 2028 4047 rec
2069 3993 2344 4048 distribuit
2395 3991 2658 4048 Dominus
2685 3992 2828 4047 Dens
2855 4001 2983 4048 tuus
3017 4011 3036 4042 ι
3066 3994 3278 4049 cunctis
3312 3995 3487 4065 genti-

239 4099 413 4151 μεων,
457 4085 550 4137 καὶ
589 4085 763 4137 αὐτῶν
805 4086 868 4156 δὴ
916 4087 1022 4138 τῶν
1062 4086 1220 4140 θείων
1269 4087 1510 4155 ἀγγέλων
1559 4085 1694 4158 πρὸς
1741 4104 1770 4138 τ

1957 4101 2016 4140 us
2046 4087 2112 4117 "‘
2141 4105 2152 4139 :
2198 4104 2216 4136 ι
2249 4101 2348 4140 cur
2373 4094 2552 4141 autem
2582 4086 2875 4142 distributa
2910 4084 3078 4140 fuisse
3116 4085 3342 4149 dixerit,
3394 4101 3489 4141 co-

236 4173 397 4245 χείρω
428 4174 686 4246 διαφόρου
720 4175 1108 4248 καθεστώσης,
1144 4179 1241 4230 οὐκ
1271 4178 1442 4242 ἄλλως
1470 4174 1528 4232 εὖ
1565 4177 1673 4248 εἶχε
1697 4181 1768 4231 τοί

1955 4196 2174 4236 noscere
2203 4196 2380 4251 Operae
2406 4183 2637 4252 pretium
2666 4189 2768 4237 est.
2814 4181 2948 4236 Cum
2979 4180 3264 4250 multiplici
3304 4197 3487 4236 errore

236 4265 326 4334 τῆς
355 4266 621 4332 ἀνωτάτω
643 4267 736 4319 τοῦ
760 4269 1146 4338 παμϐασιλέως
1166 4271 1445 4335 εὐσεϐείας
1467 4273 1768 4325 ἁποπίπτου

1956 4279 2171 4342 agetur,
2206 4280 2260 4326 et
2296 4273 2454 4328 nobis
2485 4273 2630 4327 haud
2686 4273 3038 4327 cernentibus
3084 4273 3292 4327 circum
3342 4273 3488 4325 hunc.

239 4373 314 4409 σιν
357 4358 388 4428 ἢ
425 4358 538 4410 τῶν
574 4360 863 4431 ὁρωμένων
900 4361 1018 4413 κατ’
1052 4362 1276 4431 οὐρανὸν
1316 4363 1384 4415 τὰ
1423 4363 1682 4433 κράτιστα
1727 4366 1771 4417 αἱ

1955 4379 2087 4418 irem
2114 4367 2204 4436 qui
2235 4373 2434 4419 terram
2467 4365 2654 4428 ambit,
2688 4365 2966 4419 terrestris
3020 4363 3267 4433 quasdam
3299 4364 3487 4416 volitet

242 4451 464 4519 ρεῖσθαι.
500 4451 628 4513 Δέος
659 4451 764 4522 γάρ
797 4454 856 4504 ού
881 4453 942 4505 τὸ
976 4455 1132 4523 τυχὸν
1161 4449 1247 4524 ἦν,
1284 4456 1490 4525 μήποτε
1509 4495 1523 4518 ,
1551 4455 1683 4508 Θεὸν
1713 4455 1774 4526 ζη

1954 4475 1978 4513 c
2025 4459 2320 4513 daemonica
2379 4465 2594 4522 natura,
2646 4456 2806 4527 158
2836 4471 2997 4527 quam
3029 4456 3278 4510 homines
3310 4471 3486 4525 neque

237 4544 449 4607 τοῦντες
486 4545 582 4596 καὶ
623 4545 692 4597 τὰ
722 4546 924 4617 ἀόρατα
961 4547 1570 4618 πολυπραγμονοῦντες,
1602 4550 1767 4621 ἀπορί

1953 4564 2261 4621 agnoscere,
2298 4566 2473 4620 neque
2505 4550 2820 4605 discernere
2861 4548 3040 4603 idonei
3074 4555 3223 4609 sunt,
3249 4562 3485 4615 cumque

239 4635 335 4687 τῶν
378 4635 606 4703 ἀφανῶν
647 4637 739 4689 καὶ
775 4638 984 4708 ἀδήλων
1023 4639 1102 4701 εἰς
1140 4639 1382 4702 ἐναντίας
1415 4640 1668 4711 δυνάμεις
1713 4659 1771 4693 κσ

1954 4656 2180 4695 onerum
2202 4643 2328 4697 item
2361 4643 2652 4712 spirituum
2687 4655 2749 4694 ac
2781 4648 3132 4710 potestatum,
3163 4650 3216 4694 ct
3247 4640 3486 4707 ipsorum

237 4725 548 4796 δαιμονικάς
570 4732 970 4798 περιτραπεῖεν.
989 4728 1106 4780 Τῶν
1126 4731 1415 4800 ὁρωμένων
1438 4727 1529 4783 οὖν
1545 4731 1611 4784 τὰ
1631 4732 1768 4785 πάντ

1954 4735 2147 4804 enique
2179 4734 2487 4788 divinorum
2519 4735 2832 4803 angelorum
2861 4743 3079 4796 natura,
3103 4734 3171 4787 ab
3197 4748 3258 4787 ea
3292 4747 3412 4802 quae
3433 4732 3486 4784 in

238 4817 506 4890 διαπρεπῆ
533 4819 626 4872 τοῦ
646 4819 779 4873 Θεοῦ
801 4821 1254 4892 δημιουργήματα
1278 4825 1387 4885 τοῖς
1420 4823 1493 4892 μὴ
1517 4823 1607 4876 τοῦ
1633 4824 1770 4894 κρείτ

1955 4825 2154 4880 eterius
2190 4827 2342 4895 lapsa
2370 4833 2476 4889 est,
2499 4826 2842 4880 continenter
2870 4825 3133 4880 dissideat
3159 4841 3172 4875 :
3200 4839 3305 4878 non
3329 4825 3487 4878 aliter

236 4926 376 4974 τονος
414 4911 725 4980 ἐφιεμένοις
761 4913 1183 4981 παραδεδόσθαι,
1219 4914 1565 4983 ἀμωσγέπως
1599 4915 1768 4967 ὲνθένὲ

1955 4933 1982 4972 s
2013 4916 2104 4986 qui
2135 4933 2162 4970 a
2195 4903 2433 4986 supremi
2459 4917 2698 4970 omnium
2730 4915 2892 4987 Regis
2920 4917 3067 4971 cultu
3099 4915 3483 4978 declinassent.

239 5002 326 5070 τῆς
353 5003 449 5057 τοῦ
483 5004 716 5075 ἀοράτου
745 5003 974 5073 θεωρίας
996 5040 1010 5064 ,
1035 5006 1110 5069 ὡς
1138 5005 1203 5059 ἂν
1235 5005 1325 5058 διά
1347 5024 1487 5070 τινος
1519 5007 1771 5078 ἐσόπτροι

1953 5023 2000 5061 es
2029 5009 2166 5064 bene
2197 5016 2409 5077 poterat
2449 5008 2642 5064 cedere
2668 5049 2683 5071 ,
2731 5024 2893 5078 quam
2932 5009 2980 5063 si
3026 5023 3215 5062 eorum
3261 5023 3383 5076 quae
3430 5007 3485 5061 in

239 5110 366 5165 παρε
375 5096 774 5166 μφαινομένης.

1952 5101 2054 5154 mlo
2103 5110 2438 5170 spectantur,
2473 5119 2594 5170 qua:
2629 5101 3076 5170 praestantissima
3111 5106 3259 5163 sunt,
3289 5100 3484 5170 elegis-

239 5195 390 5239 sent:
427 5187 731 5257 periculum
769 5188 914 5244 enim
959 5205 1067 5244 non
1116 5191 1387 5247 mediocre
1424 5199 1543 5247 erat
1567 5234 1582 5259 ,
1631 5193 1828 5247 necubi
1872 5193 2040 5249 Deum
2081 5204 2386 5265 quaerentes
2409 5233 2424 5257 ,
2465 5203 2519 5250 et
2549 5195 2822 5249 curiasius
2846 5210 2965 5264 quae
2989 5195 3054 5248 ad
3076 5201 3353 5263 aspectum
3376 5210 3487 5248 non

240 5282 455 5335 veniunt
521 5282 876 5352 indagantes,
916 5283 1231 5340 ditlicultate
1260 5302 1446 5341 earum
1505 5304 1684 5342 rerum
1715 5304 1835 5356 qua:
1877 5292 2044 5345 latent
2072 5290 2430 5360 obscuraeque
2495 5298 2644 5356 sunt,
2692 5289 2758 5342 ad
2791 5289 3093 5344 contrarias
3131 5289 3488 5344 dmmoaicas-

240 5391 335 5442 que
364 5386 665 5445 potestates
695 5388 1074 5434 verterentur:
1105 5395 1172 5435 ex
1221 5381 1289 5437 iis
1343 5383 1506 5453 igitur
1536 5400 1657 5454 quae
1715 5393 2015 5439 cernuntur
2066 5387 2242 5440 oculis
2310 5385 2490 5440 omnia
2523 5384 2615 5439 Dei
2666 5401 2868 5454 opera,
2911 5384 3067 5440 valde
3131 5383 3486 5440 conveniebat

241 5467 322 5528 iis,
379 5472 470 5541 qui
527 5472 663 5526 nihil
713 5475 1062 5542 prastantius
1101 5477 1586 5546 concupiscerent,
1644 5482 1837 5551 quavis
1879 5481 2091 5536 ratione
2125 5482 2502 5537 commendata
2547 5496 2691 5543 esse,
2756 5482 2953 5552 quippe
2987 5497 3108 5534 cum
3158 5497 3220 5533 ex
3255 5480 3323 5546 iis
3355 5481 3443 5534 ille
3469 5520 3483 5542 ,

241 5564 324 5630 qui
349 5567 522 5620 oculis
557 5567 708 5622 cer-ni
738 5583 844 5623 non
877 5577 1077 5638 potest,
1101 5571 1259 5640 quasi
1295 5571 1349 5626 in
1391 5573 1624 5644 quodam
1678 5576 1900 5646 speculo
1930 5577 2381 5647 contemplandos
2410 5588 2684 5648 appareat.

368 5745 411 5777 "
444 5743 600 5799 Boni.
633 5762 673 5808 ι,
707 5745 796 5800 20.
871 5747 934 5778 ’δ’
972 5746 1219 5816 Dcut.1v,
1253 5748 1332 5803 19:
