3880 6256
397 285 498 340 27f

1095 394 1183 448 IX.

401 507 474 562 Ile
521 508 730 560 inimica
791 523 852 558 nc
911 507 1010 573 ipsi
1055 506 1160 560 Deo
1217 507 1522 560 adversante
1572 513 1856 574 potestate,
1909 516 1955 557 et

466 594 524 632 eo
554 578 642 646 qui
690 578 741 629 in
769 575 864 629 hac
913 577 1245 638 dominatur,
1289 585 1338 630 et
1389 577 1822 646 quemadmodum
1869 591 1959 642 per

467 645 600 700 hanc
635 663 784 700 omne
811 647 1075 699 hominum
1107 645 1374 700 seductum
1402 645 1481 700 est
1507 663 1688 716 genus.

465 781 530 835 Et
559 781 671 836 hzec
700 781 914 852 quidem
944 780 1021 834 sic
1050 795 1108 834 se
1131 780 1399 834 habebant
1427 799 1438 832 :
1476 777 1811 834 adversantis
1830 792 1958 832 vero

397 888 460 927 ac
486 873 699 927 rebellis
731 872 1014 943 potestatis
1055 870 1235 936 factio,
1267 871 1380 926 sive
1423 869 1726 925 damonum
1757 885 1820 923 ea
1851 869 1954 935 sit,

397 963 510 1017 sive
536 963 764 1016 aliorum
794 964 954 1017 etiam
982 961 1414 1031 depravatiorum
1442 963 1752 1032 spirituum,
1775 963 1867 1032 qui
1901 968 1956 1016 et

397 1054 517 1118 plus
543 1062 595 1107 et
634 1053 812 1108 minus
833 1054 900 1108 de
930 1053 1131 1106 malitia
1161 1061 1458 1124 reportant,
1489 1053 1668 1124 gravis
1696 1062 1955 1124 pratterea

395 1142 675 1211 cujusdam
706 1145 992 1214 magnique
1040 1143 1321 1206 daemonis.
1357 1145 1450 1214 qui
1479 1145 1721 1199 omnium
1749 1145 1954 1215 princi-

395 1243 582 1302 patum
615 1233 754 1288 inter
785 1250 879 1288 eos
925 1235 1150 1298 obtinet,
1181 1235 1272 1304 qui
1300 1235 1458 1304 primi
1500 1235 1554 1288 in
1583 1235 1768 1289 divino
1803 1237 1952 1289 cultu

393 1331 741 1384 nutaverant,
772 1334 931 1392 atque
961 1325 1030 1378 ob
1056 1322 1105 1376 id
1141 1325 1418 1394 proprium
1450 1325 1770 1379 vocabulum
1813 1326 1953 1380 ami-

392 1431 530 1480 sere,
575 1415 733 1470 saluti
767 1414 1044 1469 hominum
1089 1415 1356 1479 invidens,
1389 1417 1440 1469 in
1467 1415 1794 1470 contrariam
1827 1430 1954 1485 par-

391 1515 496 1561 tem
540 1506 809 1570 trahebat,
839 1507 1122 1575 omnisque
1151 1508 1365 1576 generis
1395 1507 1613 1561 malitiae
1646 1507 1910 1562 machinis
1934 1547 1950 1569 ,

388 1600 600 1654 cunctis
628 1599 899 1669 gentibus,
929 1599 1137 1669 ipsique
1177 1600 1337 1654 etiam
1395 1599 1530 1654 sorti
1584 1598 1833 1664 Domini,
1884 1615 1952 1654 ex

391 1689 590 1742 invidia
633 1689 932 1753 bonorum,
989 1688 1373 1756 insidiabatur;
1419 1688 1644 1758 proinde
1693 1687 1803 1744 Deo
1854 1689 1951 1742 ad-

389 1793 599 1834 versam
635 1778 964 1848 impiamque
991 1780 1168 1849 magni
1203 1781 1347 1834 illius
1374 1780 1636 1836 daemonis
1665 1781 1948 1852 cogitatio-

385 1883 532 1930 nem,
561 1869 908 1938 prOpheticus
953 1870 1174 1939 spiritus
1207 1870 1260 1923 in
1291 1871 1427 1924 Isaia
1456 1870 1535 1924 sic
1561 1871 1946 1940 propemodum

385 1960 751 2030 reprehendit,
792 1961 980 2015 dicens
1015 1979 1027 2015 :
1067 1978 1085 2011 ι
1129 1959 1273 2014 Dixit
1301 1961 1480 2025 enim,
1536 1960 1590 2014 in
1631 1960 1948 2017 fortitudine

386 2051 602 2115 faciam,
628 2060 682 2106 et
710 2052 765 2104 in
801 2051 1064 2121 sapientia
1089 2052 1394 2106 intellectus
1425 2051 1666 2106 auferam
1686 2052 1946 2109 terminos

384 2143 643 2214 gentium,
667 2150 718 2195 et
731 2143 894 2196 robur
908 2157 1092 2197 earum
1110 2143 1474 2214 depra‘dabor,
1494 2151 1546 2196 et
1559 2145 1794 2213 quatiam
1811 2145 1946 2200 civi-

384 2242 523 2288 tates
549 2248 669 2303 quaa
691 2233 1022 2296 habitantur,
1039 2241 1091 2287 et
1109 2235 1293 2287 orbem
1314 2243 1578 2288 terrarum
1615 2244 1785 2290 totum
1805 2251 1948 2290 com-

383 2319 712 2388 prehendam
742 2335 904 2374 manu
929 2321 1083 2390 quasi
1104 2321 1380 2385 nidum,et
1397 2324 1550 2392 quasi
1569 2339 1671 2377 ova
1688 2324 1946 2379 derelicta

383 2411 588 2476 tollam,
607 2419 659 2464 et
681 2425 785 2464 non
799 2411 901 2465 erit
916 2412 1008 2482 qui
1029 2410 1247 2482 effugiat
1265 2421 1470 2477 me,aut
1485 2416 1822 2469 contradicat
1843 2417 1946 2469 mi-

383 2503 520 2558 hi".
539 2503 728 2574 »159
755 2503 844 2558 Hae
870 2519 1000 2559 sane
1022 2505 1165 2560 illius
1190 2506 1338 2577 impii
1366 2513 1418 2561 et
1442 2515 1630 2561 contra
1653 2505 1821 2561 Deum
1845 2523 1942 2578 pu«

381 2599 597 2668 gnantis
627 2610 810 2659 voces,
842 2598 931 2666 qui
958 2597 1010 2650 in
1045 2598 1239 2652 robore
1275 2599 1494 2652 malitiae
1541 2599 1802 2668 gloriatur
1825 2639 1842 2663 ,
1889 2607 1944 2655 et

383 2689 586 2756 angelis
631 2689 699 2744 ab
747 2689 1027 2744 Altissimo
1074 2690 1303 2746 traditos
1355 2691 1596 2760 gentium
1656 2692 1939 2756 terminos,

381 2783 718 2856 direpturum
747 2802 804 2840 se
829 2793 882 2840 et
913 2785 1266 2840 confusurum
1301 2789 1543 2841 minatur
1567 2827 1582 2853 ,
1647 2787 1943 2856 orbemque

381 2873 840 2944 depraedaturum.
868 2881 922 2928 et
944 2889 1104 2930 omne
1139 2890 1309 2945 genus
1344 2874 1625 2928 hominum
1672 2890 1943 2930 excussu-

381 2981 526 3030 rum,
562 2966 790 3036 ejusque
821 2967 1054 3036 priorem
1089 2967 1334 3021 ordinem
1386 2973 1720 3020 mutaturum
1747 2967 1940 3036 jactat.

385 3057 442 3112 Si
464 3073 591 3114 vero
621 3075 728 3129 quo
759 3059 940 3111 animo
972 3059 1099 3111 talia
1133 3058 1198 3112 de
1225 3058 1404 3127 seipso
1425 3059 1769 3123 mentiretur,
1800 3059 1941 3114 scire
1967 3098 2012 3159 ρ

380 3149 487 3211 vis,
525 3149 651 3203 audi
685 3148 928 3203 eamdem
962 3148 1303 3217 prophetiam
1356 3148 1436 3202 sic
1489 3163 1682 3216 rursus
1727 3147 1795 3204 de
1848 3149 1942 3204 illo

383 3239 648 3294 dicentem
679 3259 692 3294 :
731 3258 750 3290 ‹
789 3239 1072 3306 Quomodo
1101 3238 1297 3293 cecidit
1331 3240 1399 3294 de
1428 3239 1566 3294 cmlo
1590 3238 1825 3305 Lucifer,
1850 3241 1942 3311 qui

381 3342 541 3394 mane
573 3327 847 3382 oriebatur
873 3329 897 3381 ?
935 3329 1201 3384 contritus
1232 3338 1316 3384 est
1356 3327 1411 3382 in
1444 3336 1666 3395 terram,
1695 3329 1790 3400 qui
1817 3330 1943 3382 mit-

382 3419 529 3472 tebat
564 3417 630 3472 ad
674 3434 863 3474 omnes
892 3427 1098 3489 gentes.
1151 3419 1233 3474 Tu
1282 3435 1411 3475 vero
1443 3419 1628 3475 dixisti
1663 3420 1717 3475 in
1766 3429 1944 3477 mente

382 3519 474 3563 tua
500 3528 512 3564 :
552 3508 612 3563 In
645 3510 844 3566 malum
883 3512 1195 3577 ascendam,
1221 3527 1385 3583 super
1415 3521 1562 3567 astra
1592 3513 1717 3567 caeli
1744 3528 1943 3583 ponam

382 3600 566 3656 sedem
600 3617 795 3656 meam.
837 3600 1139 3657 Ascendam
1184 3619 1349 3672 supra
1380 3603 1572 3668 nubes,
1608 3619 1703 3658 ero
1750 3605 1944 3660 similis

382 3691 684 3748 Altissimo.
721 3691 876 3748 Nunc
905 3703 1086 3749 autem
1117 3695 1184 3749 ad
1228 3694 1500 3749 infernum
1542 3695 1862 3758 descendes,
1891 3702 1945 3750 et

381 3784 448 3838 ad
481 3784 834 3840 fundamenta
869 3794 1029 3841 terra:
1058 3787 1122 3839 ’⁸.
1167 3806 1185 3837 ›
1221 3785 1364 3842 Sane
1393 3788 1626 3857 plurima
1660 3789 1822 3842 simul
1859 3790 1943 3845 his

381 3876 561 3930 verbis
582 3876 823 3930 declarat
852 3878 1170 3943 oraculum;
1216 3893 1339 3931 nam
1365 3887 1418 3932 et
1451 3879 1597 3934 illius
1629 3880 1696 3934 de
1726 3896 1836 3950 quo
1865 3881 1946 3934 lo-

383 3968 567 4036 quitur
594 3968 907 4031 amentiam,
933 3977 984 4023 et
1015 3968 1258 4038 ejusdem
1294 3985 1324 4023 a
1351 3971 1560 4024 meliori
1591 3979 1736 4026 statu
1759 3973 1824 4026 ad
1850 3973 1946 4027 de-

383 4058 554 4113 terius
585 4059 816 4124 ruinam,
849 4066 902 4114 et
930 4060 1100 4128 ipsius
1132 4062 1302 4114 ruinae
1328 4061 1553 4116 exitum.
1593 4060 1698 4127 Qui
1724 4061 1945 4127 quidem

382 4165 506 4203 cum
536 4151 720 4221 gravia
758 4159 918 4220 atque
957 4152 1144 4208 odiosa
1177 4155 1390 4208 cunctis
1421 4156 1671 4224 gentibus
1701 4156 1944 4212 minatus

383 4250 550 4306 esset,
603 4243 708 4296 alia
758 4245 971 4300 ratione
1015 4245 1135 4315 capi
1185 4259 1346 4316 posse
1393 4247 1662 4311 homines,
1710 4248 1764 4301 in
1811 4249 1946 4319 ipsis

384 4333 729 4387 maehinandi
759 4335 997 4391 exordiis
1028 4335 1381 4405 deprehendit
1410 4355 1422 4391 :
1459 4338 1660 4408 quippe
1685 4339 1778 4408 qui
1813 4339 1950 4392 faci~

1077 281 1341 335 EUSEBH
1379 277 1851 334 CESXRIENSIS
1893 278 2043 334 OPP.
2082 277 2258 332 PARS
2297 276 2336 334 1,
2374 308 2438 318 —-
2481 277 2975 334 APOLOGETICA.

3518 271 3620 326 272

2797 391 2873 446 Θ¹.

2058 508 2193 574 Περὶ
2230 503 2334 572 τῆς
2359 504 2572 574 ἐχθρᾶς
2608 506 2705 559 καὶ
2743 504 3152 572 ἀντικειμένης
3180 500 3260 567 τῷ
3295 500 3415 574 Θεῷ
3438 499 3621 574 dura?-

2119 570 2306 645 μεως,
2335 570 2430 645 κάξ
2461 570 2568 645 τοῦ
2600 577 2822 640 ταύτης
2865 570 3256 645 ἐξάρχοντος,
3293 573 3385 624 καὶ
3412 572 3495 645 the
3527 570 3621 624 διὰ

2127 640 2344 713 ταύτης
2366 644 2432 698 τὸ
2463 644 2702 698 πάντων
2729 640 3050 711 ἀνθρώπωῶ
3073 641 3332 712 ὑπήγετο
3360 640 3552 710 γένος.

2124 759 2233 811 Kal.
2255 758 2322 811 τά
2355 759 2450 828 μὲν
2475 753 2575 811 ὦδε
2606 758 2835 812 διέκειτο
2853 775 2865 788 ο
2891 757 3046 811 τὰ·δέ
3075 757 3172 828 τῆς
3203 755 3495 811 ἀντιπάλου
3527 755 3621 809 καὶ

2054 851 2422 921 ἀποστατικῆς
2455 851 2761 922 δυνάμεως,
2796 848 2904 903 εἴτε
2938 849 3204 920 δαιμόνων
3235 847 3343 900 εἴτε
3381 848 3473 900 καὶ
3505 864 3620 916 χει-

2058 944 2224 1014 ρόνων
2251 943 2424 997 ἀλλων
2457 943 2776 1014 πνευμάτων
2795 944 2851 994 ἐν
2881 942 3046 1013 κακίᾳ.
3075 941 3134 994 τδ
3159 940 3317 993 πλέον
3341 940 3434 992 καὶ
3458 934 3621 1008 ἦττον

2053 1033 2492 1106 ἀποφερομένων,
2523 1032 2602 1086 ἔτι
2633 1049 2694 1086 τε
2725 1030 2933 1086 καὶτοῦ
2967 1033 3180 1086 πάντων
3209 1033 3265 1083 ἐν
3286 1029 3494 1091 τούτοις
3522 1028 3623 1099 ἀρ-

2053 1141 2236 1194 χοντος
2267 1124 2439 1178 δεινοῦ
2479 1141 2621 1188 τινος
2656 1123 3105 1195 μεγαλοδαίμονος
3124 1163 3139 1186 ,
3173 1123 3223 1176 οἳ
3242 1164 3259 1190 ,
3288 1121 3492 1192 πρῶτοι
3523 1121 3622 1189 τῆς

2053 1223 2132 1282 εἰς
2183 1219 2242 1273 τὸ
2283 1219 2436 1272 Θεῖον
2490 1217 2768 1281 εὐσεϐείας
2823 1216 3212 1278 σαλεύσαντες,
3269 1215 3366 1284 τῆς
3416 1211 3624 1273 οἰκείας

2052 1310 2254 1382 λήξεως
2291 1309 2716 1364 ἀποπεπτώκασι
2741 1350 2755 1374 ,
2787 1309 2964 1380 φθόνῳ
2995 1309 3093 1379 τῆς
3125 1307 3422 1378 ἀνθρώπων
3449 1321 3623 1372 σωτη-

2055 1403 2174 1475 ρίας
2211 1405 2306 1474 τὴν
2351 1403 2599 1456 ἐναντίαν
2640 1398 2786 1454 εἷλκε
2821 1400 3094 1463 παντοίαις
3128 1398 3320 1462 κακίας
3357 1398 3623 1468 μηχαναῖς

2051 1495 2185 1546 πᾶσι
2226 1496 2338 1556 τοῖς
2375 1493 2582 1557 ἔθνεσι,
2618 1493 2710 1545 καὶ
2753 1491 2900 1562 αύτῴ
2941 1491 3018 1560 τῷ
3057 1488 3148 1544 τοῦ
3189 1489 3392 1560 Κυρίου
3434 1487 3624 1558 κλήρῳ

2057 1583 2320 1655 βασκανίᾳ
2345 1583 2451 1638 τῶν
2484 1584 2702 1652 ἀγαθῶν
2728 1582 3156 1638 ἐπιϐουλεύοντα.
3189 1582 3292 1634 Τὸν
3320 1580 3382 1650 δὴ
3408 1577 3499 1634 οὖν
3529 1577 3623 1632 τοῦ

2057 1675 2504 1746 μεγαλοδαίμονος
2531 1675 2686 1730 ἄθεον
2717 1676 2807 1729 καὶ
2833 1674 2998 1744 άσεϐῆ
3029 1674 3283 1743 λογισμὸν
3319 1673 3381 1724 τὸ
3407 1669 3627 1742 πνεῦμα

2047 1769 2107 1820 τὸ
2139 1767 2472 1838 προφητικὸν
2499 1767 2557 1819 ἐν
2591 1765 2786 1838 Ἡσαΐᾳ
2820 1761 2920 1819 ὧδέ
2949 1783 3063 1828 πως
3095 1765 3384 1834 ἀπελέγχει
3403 1763 3579 1831 λέγων
3603 1778 3619 1791 ⁶

2054 1877 2070 1909 ι
2094 1853 2227 1910 Εἶπε
2246 1856 2370 1928 γάρ·
2399 1858 2486 1910 Ἐν
2504 1860 2568 1929 τῇ
2587 1857 2728 1927 ἰσχύϊ
2747 1858 2975 1928 ποιήσω,
2995 1857 3085 1910 καὶ
3098 1859 3161 1926 τῇ
3181 1856 3340 1926 σοφίᾳ
3354 1856 3450 1926 τῆς
3472 1854 3626 1907 συνέ-

2048 1967 2184 2014 σεως
2213 1949 2394 2019 ἀφελῶ
2417 1951 2537 2022 ὅρια
2568 1950 2763 2014 ἐθνῶν,
2789 1950 2880 2002 καὶ
2916 1949 3013 2020 τὴν
3046 1950 3196 2019 ἰσχὺν
3225 1948 3400 2001 αὐτῶν
3430 1964 3627 2019 προνο-

2049 2040 2248 2112 μεύσω,
2277 2042 2370 2095 καὶ
2394 2043 2556 2095 σείσω
2588 2042 2766 2105 πόλεις
2806 2040 3226 2110 κατοικουμένας
3249 2055 3264 2069 ο
3300 2039 3393 2092 καὶ
3418 2039 3515 2107 τήν
3547 2039 3627 2091 oi-

2045 2133 2310 2204 κουμένην
2328 2133 2454 2203 ὅλην
2472 2133 2852 2204 καταλήψομαι
2871 2136 2936 2204 τῇ
2963 2132 3106 2202 χειρὶ
3142 2131 3217 2194 ώς
3257 2130 3495 2194 νοσσιὰν,
3529 2129 3626 2182 καὶ

2043 2224 2117 2288 ώς
2140 2225 2604 2296 καταλελειμμένα
2626 2225 2706 2278 ὼά
2736 2224 2872 2296 ἀρῶ,
2899 2224 2992 2277 καὶ
3023 2224 3122 2276 ούκ
3151 2222 3302 2274 ἔσται
3325 2222 3383 2284 ὂς
3403 2219 3624 2289 διαφεύ-

2045 2315 2191 2380 ξεταί
2216 2333 2302 2386 με,
2331 2317 2362 2387 ἢ
2396 2317 2622 2387 ἀντείπῃ
2649 2333 2757 2387 μοι.
2782 2335 2800 2366 ι
2835 2309 3003 2368 Ᾱῦται
3029 2317 3083 2367 αἰ
3109 2313 3202 2366 τοῦ
3218 2312 3482 2384 θεομάχου
3512 2329 3626 2380 φω-

2042 2408 2151 2472 val,
2183 2408 2272 2460 ἐπὶ
2293 2406 2489 2470 κακίας
2511 2407 2652 2476 ἰσχύϊ
2677 2406 3207 2476 μεγαλαυχουμένου,
3237 2404 3331 2457 καὶ
3356 2403 3455 2466 τὰς
3485 2401 3624 2472 πρὸς

2040 2497 2134 2550 τοῦ
2165 2496 2418 2565 Ὑψίστου
2460 2499 2572 2558 τοῖς
2615 2495 2865 2564 ἀγγέλοις
2899 2495 3289 2565 παραδοθείσας
3315 2492 3423 2545 τῶν
3454 2493 3625 2546 ἐθνῶν

2041 2590 2319 2659 ὁροθεσίας
2333 2588 2646 2658 διαρπάσαι,
2671 2588 2764 2641 καὶ
2791 2590 3010 2657 συγχεῖν
3032 2586 3402 2648 ἀπειλοῦντος,
3426 2602 3622 2657 προνο-

2045 2681 2263 2752 μεύσειν
2287 2698 2347 2734 τε
2373 2681 2470 2752 τὴν
2491 2680 2834 2750 οἰκουμένην,
2861 2681 2952 2732 καὶ
2977 2681 3084 2732 πᾶν
3105 2679 3166 2731 τὸ
3188 2678 3294 2730 τῶν
3320 2677 3416 2730 ἀνθ
3427 2677 3621 2748 ρώπων

2041 2771 2195 2840 γένος
2213 2771 2475 2824 διεκσείσε
2485 2789 2551 2834 ιν,
2570 2771 2662 2824 καὶ
2687 2772 3039 2842 μεταστήσειν
3060 2771 3156 2841 τῆς
3178 2769 3446 2841 προτέρας
3467 2769 3620 2822 εὐτα-

2042 2863 2160 2930 ξίας
2180 2864 2730 2934 ἀπαυθαδιαζομένου.
2759 2864 2946 2916 Ὀποία
2961 2863 3016 2916 δὲ
3035 2861 3245 2934 φρονῶν
3280 2862 3406 2932 περί
3427 2859 3620 2914 ἑαυτοῦ

2040 2955 2109 3007 τὰ
2134 2955 2353 3009 τοιαῦτα
2370 2955 2741 3026 ὴλαζονεύετο,
2771 2954 2936 3008 ἄκουε
2969 2955 3068 3024 τῆς
3094 2953 3262 3022 αὐτῆς
3287 2952 3622 3024 προφητείας

2041 3040 2143 3100 ὧδε
2172 3047 2332 3101 πάλιν
2371 3049 2500 3118 περὶ
2549 3047 2712 3100 αὐτοῦ
2763 3045 3103 3118 φραζούσης·
3145 3065 3162 3096 ι
3207 3045 3331 3108 Πῶς
3365 3044 3626 3108 ἐξέπεσεν

2043 3141 2107 3192 ἐκ
2154 3138 2247 3191 τοῦ
2280 3139 2510 3210 ούρανοῦ
2545 3141 2573 3192 ὁ
2619 3139 2962 3210 Ἑωσφόρος,
3010 3142 3037 3192 ό
3085 3137 3230 3210 πρωῒ
3278 3138 3624 3204 ἀνατέλλων;

2044 3229 2328 3302 συνετρίϐη
2364 3233 2445 3294 εἰς
2473 3231 2572 3301 τὴν
2601 3232 2704 3301 γῆν
2735 3234 2762 3284 ό
2794 3231 3138 3284 ἀποστέλλων
3173 3231 3309 3301 πρὸς
3343 3231 3522 3284 πάντα
3554 3231 3627 3285 τά

2043 3322 2188 3393 ἐθνη.
2227 3324 2296 3377 Σὺ
2324 3323 2379 3376 δὲ
2402 3321 2559 3387 εἶπας
2584 3326 2640 3376 ἐν
2657 3326 2724 3394 τῇ
2757 3323 2964 3394 διανοίᾳ
2988 3341 3081 3376 σον
3106 3339 3118 3352 ο
3163 3325 3257 3386 Εἰς
3283 3324 3372 3376 τὸν
3399 3323 3625 3395 οὐρανὸν

2042 3418 2401 3491 ἀναϐήσομαι,
2437 3417 2622 3470 ἐπάνω
2640 3417 2748 3470 τῶν
2771 3418 2984 3488 ἄστρων
3007 3415 3100 3469 τοῦ
3123 3416 3348 3487 ούρανοῦ
3384 3416 3625 3487 θήσομαι

2043 3509 2134 3563 τὸν
2177 3511 2365 3582 θρόνον
2413 3527 2534 3580 μου.
2581 3508 2948 3579 Ἀναϐήσομαι
2991 3508 3174 3560 ἐπάνω
3212 3508 3318 3560 τῶν
3349 3507 3622 3576 νεφελῶν,

2043 3601 2236 3674 ἔσομαι
2281 3603 2462 3672 ὅμοιος
2493 3601 2570 3673 τῷ
2609 3601 2866 3671 ’1⁸ψίστῳ.
2901 3600 3016 3653 Νῦν
3065 3601 3121 3653 δέ
3153 3601 3232 3663 είς
3262 3600 3394 3671 ᾆδην
3447 3618 3624 3654 κατα-

2045 3693 2206 3766 ϐήσῃ,
2230 3695 2324 3747 καὶ
2356 3694 2436 3755 εἰς
2457 3692 2524 3745 τά
2552 3692 2775 3762 θεμέλια
2797 3691 2896 3761 τῆς
2915 3693 3034 3763 γῆς.
3059 3712 3078 3744 ι
3111 3692 3275 3763 Ὁμοῦ
3301 3693 3363 3762 δὴ
3398 3693 3624 3748 πλεῖστα

2043 3785 2129 3839 διὰ
2163 3785 2366 3839 τούτων
2407 3788 2435 3838 ὁ
2482 3785 2638 3854 λόγος
2669 3785 2958 3855 ἐμφαίνει,
3006 3786 3105 3856 τὴν
3151 3784 3245 3837 τοῦ
3290 3785 3624 3857 δηλουμένου

2047 3877 2490 3948 φρενοϐλάϐειαν,
2511 3878 2610 3953 τὴν
2638 3876 2745 3930 ἀπὸ
2771 3877 2880 3930 τῶν
2908 3877 3234 3948 κρειττόνων
3254 3877 3346 3929 ἐπὶ
3367 3877 3433 3930 τά
3454 3879 3624 3948 χείρω

2046 3971 2410 4034 κατάπτωσιν,
2440 3971 2501 4022 τὸ
2530 3971 2626 4041 τῆς
2654 3969 2978 4033 ἐκπτώσεως
3002 3969 3171 4032 τέλος.
3203 3969 3358 4022 Δεινά
3388 3969 3444 4022 δὲ
3477 3970 3622 4022 κατά

2045 4063 2150 4117 τῶν
2184 4062 2352 4117 ἐθνῶν
2383 4062 2638 4116 ἁπάντων
2667 4061 2986 4132 ἀπειλήσας,
3015 4059 3216 4132 θάτερα
3242 4059 3477 4130 ληπτοὺς
3507 4063 3624 4122 τοῖς

2047 4155 2385 4228 προϐουλίοις
2438 4153 2756 4226 ἀνθρώπους
2788 4152 3002 4224 εὕρατο,
3053 4152 3340 4222 πρόχειρον
3400 4151 3495 4203 καὶ
3560 4150 3623 4216 ἐξ

2047 4248 2254 4310 οἰκείας
2280 4245 2502 4317 γνώμης
2523 4246 2620 4314 τὴν
2650 4246 2742 4299 ἐπὶ
2759 4245 2818 4297 τὸ
2847 4245 3014 4298 κακὸν
3032 4243 3309 4315 ἔμπτωσιν
3342 4243 3407 4295 δι’
3429 4244 3624 4309 αὐτεξ-

2047 4339 2228 4392 ούσιον
2279 4337 2596 4410 προαίρεσιν
2648 4337 3036 4408 κεκτημένους.
3087 4337 3268 4388 Ἔσειε
3329 4335 3462 4405 δῆτα
3520 4335 3624 4404 τῆς

383 4429 486 4480 lem
511 4437 673 4497 atque
702 4442 766 4482 ex
791 4443 887 4483 sua
915 4429 1157 4498 ipsorum
1189 4429 1459 4484 sententia
1491 4430 1703 4500 lapsum
1733 4431 1799 4485 ad
1823 4446 1943 4484 ma—

2051 4431 2156 4483 ἀπδ
2181 4430 2287 4482 τῶν
2319 4429 2640 4501 κρειττόνων
2675 4428 2916 4491 στάσεως
2935 4427 3034 4491 τὰς
3055 4427 3254 4490 πόλεις,
3277 4427 3497 4489 καὶτοῖς
3524 4426 3624 4494 τῆς

383 4519 518 4581 lum,
551 4526 772 4589 propter
801 4519 1106 4575 libertatem
1133 4521 1366 4585 arbitrii,
1399 4520 1759 4590 possiderent.
1797 4520 1943 4588 Qua-

383 4619 500 4664 tere
531 4611 699 4680 igitur
727 4625 757 4664 a
798 4612 1009 4666 meliori
1044 4619 1188 4666 statu
1221 4613 1494 4677 civitates,
1542 4613 1947 4685 voluptatisque

383 4702 668 4758 blanditiis
692 4705 987 4759 multorum
1020 4707 1232 4760 animas
1260 4707 1477 4762 trahere
1505 4707 1560 4761 in
1593 4722 1753 4762 omne
1771 4725 1946 4779 genus

384 4795 662 4864 nequitiac,
689 4810 988 4864 omnesque
1017 4797 1274 4851 adhibere
1305 4797 1609 4862 machinas,
1653 4807 1950 4870 turpesque

386 4885 452 4940 de
479 4887 585 4941 diis
619 4886 831 4942 fabulas
867 4899 1028 4957 atque
1049 4888 1318 4943 obscenas
1349 4888 1693 4944 narrationes
1724 4892 1950 4944 commi-

389 4977 549 5042 nisci,
581 4984 635 5032 et
655 4978 895 5047 jucunda
928 4983 1111 5033 omnia
1143 4995 1207 5033 ac
1235 4979 1562 5048 voluptatem
1587 4978 1864 5034 aﬂ‘ereutia
1885 4981 1952 5035 iis

388 5083 527 5138 quos
547 5079 786 5140 caperet,
811 5071 1020 5125 artibus
1060 5085 1123 5126 ac
1161 5070 1390 5125 fallaciis
1416 5072 1723 5126 daemonum
1758 5073 1948 5141 injice-

390 5175 448 5214 re
479 5180 492 5214 :
531 5169 692 5232 atque
718 5161 805 5216 his
829 5163 1153 5227 rationibus,
1181 5164 1366 5219 orbem
1391 5165 1706 5218 universum
1732 5171 1951 5233 captum

391 5268 455 5306 ac
485 5253 770 5308 subactum
801 5253 1103 5316 continere,
1137 5262 1298 5325 atque
1327 5257 1402 5311 ita
1431 5257 1612 5312 delere
1642 5267 1697 5311 et
1721 5255 1953 5309 confun-

391 5347 520 5398 dere
552 5347 813 5400 terminos
845 5346 1106 5416 gentium,
1157 5349 1300 5416 quod
1351 5350 1516 5405 etiam
1569 5363 1629 5404 se
1682 5347 1954 5402 facturum

390 5437 630 5493 minatus
691 5439 864 5493 fuerat
920 5437 1100 5493 verbis
1145 5438 1298 5496 illis:
1350 5461 1369 5494 α
1406 5441 1660 5496 Auferam
1690 5443 1954 5496 terminos

393 5532 656 5600 gentium,
685 5538 738 5584 et
785 5532 953 5586 robur
985 5547 1171 5588 earum
1210 5535 1578 5604 depraedabor,
1614 5543 1667 5590 et
1709 5533 1954 5604 quatiam

464 5712 506 5745 "
539 5709 640 5769 lsa.
671 5728 724 5778 ι,
762 5712 847 5779 15,
874 5712 956 5770 Η.
1032 5711 1448 5778 "isa.xtv,12.
1478 5711 1544 5764 15

2052 4522 2247 4592 ἡδονῆς
2279 4521 2519 4574 δελέασιν
2549 4521 2641 4575 ἐπὶ
2690 4522 2797 4574 πᾶν
2833 4516 2974 4583 εἶδος
3008 4519 3338 4590 φαυλότητος
3387 4521 3485 4582 τάς
3511 4519 3623 4570 τῶν

2053 4613 2262 4666 πολλῶν
2290 4613 2536 4666 κατέσπα
2565 4613 2776 4682 ψυχὰς,
2813 4613 3001 4665 οὐδένα
3043 4629 3101 4664 τε
3156 4612 3401 4682 μηχανῆς
3452 4626 3622 4662 κατα-

2053 4704 2226 4758 λιπὼν
2254 4705 2476 4774 τρόπον,
2515 4705 2704 4776 μύθοις
2729 4705 2856 4776 περὶ
2872 4703 3009 4756 θεῶν
3031 4705 3275 4774 αἰσχροῖς
3309 4703 3401 4754 καὶ
3432 4701 3624 4772 διηγή-

2055 4813 2218 4868 μασιν
2247 4796 2564 4859 ἀκολάστοις
2591 4796 2658 4850 τά
2694 4797 2822 4866 φίλα
2854 4798 2948 4849 καὶ
2974 4796 3108 4864 πρὸς
3144 4795 3334 4865 ἡδονὴν
3368 4792 3476 4845 τῶν
3508 4792 3624 4845 άλι-

2055 4889 2333 4956 σκομένων
2353 4889 2420 4941 δι’
2444 4889 2688 4958 ἐντέχνου
2711 4889 2976 4958 δαιμόνων
2997 4887 3212 4956 ἀπάτης
3233 4883 3620 4956 προύϐάλλετοο

2057 4979 2236 5052 ταύτῃ
2268 4997 2328 5032 τε
2369 4981 2467 5050 τὴν
2505 4981 2829 5049 οἰκουμένην
2874 4979 3088 5033 ἃπασαν
3134 4978 3269 5031 ἐλὼν
3314 4977 3620 5047 ὑποχείριον

2059 5075 2292 5140 συνεῖχε,
2329 5071 2420 5123 καὶ
2448 5071 2674 5139 ¹ἠφάνιζε
2716 5071 2784 5123 τά
2816 5071 2923 5124 τῶν
2964 5069 3130 5124 ἐθνῶν
3165 5071 3288 5141 ὅρια
3309 5109 3323 5134 ,
3356 5070 3492 5139 ὅπερ
3529 5069 3620 5121 καὶ

2059 5167 2304 5235 ποιήσειν
2335 5163 2547 5234 ἠπείλει
2589 5162 2756 5216 εἰπών
2781 5179 2794 5192 ·
2833 5183 2850 5214 ι
2885 5161 3093 5232 Ἀφελῶ
3125 5163 3246 5234 ὅρια
3292 5161 3493 5225 ἐθνῶν,
3528 5163 3622 5216 καὶ

2057 5255 2156 5325 τὴν
2187 5255 2338 5325 ἰσχὺν
2366 5255 2543 5307 αὐτῶν
2577 5256 2948 5327 προνομεύσω,
2979 5257 3071 5310 καὶ
3091 5254 3254 5309 σείσω
3277 5256 3459 5318 πόλεις
3493 5272 3626 5308 κατ-

2059 5347 2416 5417 οικουμένας,
2465 5347 2558 5401 καὶ
2597 5349 2694 5418 τὴν
2722 5349 3043 5420 οἰκουμένην
3074 5348 3200 5419 ὃλην
3244 5346 3625 5418 καταλήψομαι

2056 5442 2123 5510 τῇ
2152 5439 2292 5510 χειρὶ
2323 5440 2398 5504 ὼς
2433 5442 2701 5496 νοσσιάν.»
2726 5443 2915 5496 Ἔνθεν
2943 5443 3044 5512 ήδη
3078 5441 3260 5494 λοιπὸν
3291 5439 3508 5492 πάντων
3537 5438 3628 5490 ἀν-

2057 5531 2289 5604 θρώπων
2312 5534 2634 5606 κατεκράτει
2665 5534 2860 5608 πλάνῃ,
2878 5533 3130 5605 δαίμονές
3155 5549 3212 5586 τε
3241 5530 3463 5602 πονηροὶ
3485 5528 3626 5583 κατά
