3880 6256
226 372 318 427 273
1127 367 1784 428 DEMONSTRATIONIS
1815 363 2278 422 EVANGELICE
2318 363 2447 423 LIB.
2485 361 2572 418 ιν.

3339 357 3446 412 2ἷὸ

225 491 386 543 πάντα
413 487 612 552 τόπον,
647 492 738 543 καὶ
774 490 944 554 πόλιν,
983 488 1076 543 καὶ
1117 489 1300 562 χώραν
1346 490 1452 543 ὑπὸ
1491 489 1568 560 τῷ
1598 488 1782 559 οἰκείῳ

1888 487 2136 540 civitates
2162 496 2281 554 qua:
2311 482 2649 545 habitantur,
2689 484 2742 534 et
2771 473 2956 533 orbem
2993 481 3165 531 totum
3199 489 3447 542 compre-

223 583 424 653 ἄρχοντι
456 583 849 637 κατετάττοντο
872 599 885 613 ο
933 584 1027 636 καὶ
1074 584 1208 653 δῆτα
1252 584 1511 653 δυνάμεσι
1544 581 1778 652 χθονίαις

222 677 303 728 καὶ
325 678 582 747 πονηροῖς
612 676 914 748 πνεύμασιν
939 678 1058 730 ἀντὶ
1090 677 1197 730 τῶν
1221 678 1500 749 προτέρων
1531 676 1624 730 τοῦ
1645 673 1778 727 Θεοῦ

223 768 534 839 λειτουργῶν
552 772 582 822 ὁ
605 771 712 832 πᾶς
733 769 839 824 τῶν
863 769 1162 842 ἀνθρώπων
1185 770 1297 841 βίος
1331 768 1776 830 καταδεδούλωτο,

221 863 420 913 πάντων
448 861 670 931 ἁθρόως
699 864 792 914 καὶ¹
824 863 1138 935 ἐπιρῤεπῶς
1175 866 1286 926 τοῖς
1317 862 1416 932 τῆς
1447 861 1640 932 ἡδονῆς
1669 859 1778 912 ὀλί-

221 952 352 1015 σθοις
377 952 787 1008 ἐπιδεδωκότων
807 971 819 984 ·
848 954 986 1009 ὥστε
1016 955 1114 1026 ήδη
1142 956 1352 1025 καὶτῆς
1375 954 1588 1024 φύσεως
1609 955 1778 1024 ὑπερ-

219 1043 406 1096 ϐαίνειν
435 1045 605 1115 ὄρους
624 1084 638 1108 ,
675 1046 765 1098 καὶ
793 1047 911 1100 τοτέ
947 1048 1044 1116 μὲν
1090 1046 1506 1118 ἀλληλοφθορεῖν
1525 1087 1539 1112 ,
1573 1046 1693 1100 τοτέ
1724 1045 1780 1099 δὲ

217 1136 624 1207 ἀρρητοποιείν,
657 1138 752 1191 καὶ
787 1136 822 1192 ἆ
876 1138 1008 1209 μηδὲ
1049 1137 1294 1208 λογισμῷ
1341 1139 1496 1209 Θέμις
1550 1140 1778 1202 ἐννοεῖν,

214 1227 369 1278 ταῦτα
399 1228 460 1280 οὐ
508 1229 675 1298 μόνον
711 1229 969 1300 πράττειν
991 1270 1006 1294 ,
1051 1231 1186 1285 ἀλλά
1221 1234 1312 1286 καὶ
1343 1236 1463 1296 ταῖς
1501 1234 1627 1304 περὶ
1671 1231 1780 1285 τῶν

214 1318 412 1370 οἰκείων
445 1318 591 1372 θεῶν
639 1320 816 1387 δόξαις
848 1321 1191 1386 ἀνατιθέναι,
1222 1325 1316 1377 καὶ
1361 1324 1440 1378 ἔτι
1476 1325 1672 1396 μᾶλλον
1706 1323 1781 1387 ὡς

216 1407 270 1458 ἀν
301 1407 438 1470 θεοῖς
468 1409 605 1478 φίλα
641 1411 710 1463 τά
740 1411 1012 1465 ἀκόλαστα
1045 1414 1140 1466 σὺν
1163 1415 1410 1487 ῥᾳστώνῃ
1441 1415 1644 1468 πλείονι
1668 1415 1783 1470 δια-

215 1498 558 1566 πράττεσθαι.
599 1501 882 1556 Ἐντεῦθεν
907 1504 1029 1576 ἤδη,
1059 1505 1198 1558 κατά
1217 1507 1308 1559 τὸν
1342 1508 1486 1578 ἱερὸν
1536 1508 1784 1560 Ἀπόστο-

213 1590 320 1652 λον,
361 1591 472 1644 οὐδ’
507 1595 607 1647 ἐπὶ
661 1599 772 1660 τοῖς
814 1599 934 1650 κατ’
980 1599 1207 1668 οὐρανὸν
1258 1598 1336 1651 ἔτι
1370 1598 1640 1670 λαμπροῖς
1687 1598 1780 1652 τοῦ

211 1681 328 1734 θεοῦ
355 1683 847 1757 δημιουργήμασιν
875 1691 1170 1761 ἱστάμενοι,
1195 1709 1213 1742 ι
1251 1691 1698 1762 Ἑματαιώθησαν
1726 1694 1783 1745 ἐν

209 1777 306 1834 τοῖς
335 1775 718 1848 διαλογισμοῖς
757 1781 961 1848 αὐτῶν,
997 1783 1090 1835 καὶ
1130 1782 1414 1853 ἐσκοτίσθη
1459 1785 1492 1854 ὴ
1526 1783 1784 1848 ἀσύνετος

209 1866 370 1918 αὐτῶν
403 1871 637 1940 καρδία.
665 1874 968 1934 Φάσκοντες
997 1868 1136 1925 εἶναι
1166 1873 1337 1940 σοφοὶ,
1368 1872 1780 1946 ἐμωράνθησαν,

211 1960 292 2011 καὶ
349 1960 667 2028 ἠλλάξαντο
712 1966 810 2035 τὴν
862 1966 1018 2032 δόξαν
1065 1965 1157 2019 τοῦ
1214 1965 1490 2035 ἀφθάρτου
1540 1965 1674 2018 Θεοῦ
1725 1967 1784 2019 ἐν

208 2051 503 2124 ὁμοιώματι
545 2056 754 2120 είκόνος
790 2055 1032 2127 φθαρτοῦ
1061 2056 1369 2128 ἀνθρώπου,
1395 2057 1490 2110 καὶ
1522 2055 1784 2110 πετεινῶν

210 2143 290 2195 καὶ
317 2146 676 2215 τετραπόδων
706 2149 800 2200 καὶ
831 2147 1096 2218 ἑρπετῶν.
1129 2167 1148 2198 ι
1171 2148 1291 2201 Ὅτι
1325 2149 1381 2201 δὲ
1415 2147 1557 2202 κατά
1587 2147 1647 2201 τὸ
1677 2164 1784 2201 πα-

208 2234 470 2289 λαιότατον
501 2241 624 2301 τοῖς
649 2239 918 2310 οὐρανίοις
951 2241 1234 2314 φωστῆρσι
1269 2241 1448 2313 μόνοις
1481 2241 1528 2294 οἱ
1564 2241 1656 2294 ἐπὶ
1679 2241 1784 2310 γῆς

210 2331 564 2397 προσανεῖχω
612 2330 763 2382 οὐδὲν
814 2331 1029 2384 εἴδωλον
1078 2333 1462 2400 ἐπιστάμενοι,
1500 2330 1623 2383 οὔτε
1657 2331 1785 2402 περὶ

205 2418 290 2487 τήν
314 2419 420 2471 τῶν
449 2419 736 2490 δαιμόνων
771 2422 978 2493 πλάνην
1009 2423 1422 2493 καταγινόμενοι
1446 2463 1462 2488 ,
1494 2421 1651 2493 ίκανὴ
1694 2422 1785 2491 γέ-

205 2526 329 2563 νοιτο
362 2511 430 2565 ἂν
488 2514 765 2580 ἀπόδειξις
806 2517 838 2586 ἡ
875 2515 982 2568 τῶν
1029 2515 1323 2588 ἀλλοτρίων
1350 2514 1444 2568 τοῦ
1488 2515 1607 2570 καθ’
1639 2516 1786 2586 ἡμᾶς

204 2598 343 2667 λόγου
380 2604 707 2674 μαρτυρία,
737 2606 804 2677 ἢν
836 2605 978 2660 κατὰ
1020 2607 1082 2659 τὸ
1136 2607 1347 2676 πρῶτον
1397 2607 1498 2676 τῆς
1545 2609 1784 2675 Προπα-

201 2692 510 2760 ρασκευῆς
553 2695 660 2766 πρὸ
703 2697 800 2768 τῆς
845 2698 1124 2770 παρούσης
1178 2697 1560 2769 πραγματείας
1607 2697 1786 2764 ἐξεθε-

211 2801 329 2854 μην,
363 2786 567 2854 σαφῶς
593 2788 906 2855 ἀποδείξας,
943 2792 1024 2844 ὅτι
1061 2792 1134 2862 μὴ
1164 2792 1545 2863 χειροκμήτοις
1577 2789 1785 2857 ξοάνοις

208 2876 258 2942 ἐξ
286 2875 415 2949 ὕλης
459 2879 672 2949 ἀψύχου
703 2882 1255 2956 δεδημιουργημένας
1276 2924 1289 2948 ,
1329 2884 1443 2938 ἀλλ’
1475 2883 1583 2936 οὐδ’
1616 2885 1782 2957 ἀορά-

209 2983 306 3032 τοις
322 2970 584 3041 δαίμοσιν
604 2977 654 3028 oi
677 2975 995 3030 παλαίτατοι
1022 2976 1129 3030 τῶν
1155 2976 1251 3030 ἀνθ
1261 2977 1455 3048 ρώπων
1479 2977 1751 3030 ἐδούλευον
1766 2995 1779 3008 ο

213 3059 373 3125 μόνοις
407 3063 474 3115 δὲ
500 3065 731 3130 τούτοις,
755 3067 804 3119 οἳ
833 3068 926 3121 καὶ
955 3067 1092 3138 πρὸς
1119 3069 1218 3139 τῆς
1244 3067 1392 3132 θείας
1425 3068 1645 3140 Γραφῆς
1671 3071 1785 3133 τοῖς

1881 576 2115 632 hendam
2166 590 2329 629 manu
2355 573 2509 642 quasi
2555 569 2764 624 nidum.
2808 588 2826 622 ι
2866 567 2994 624 lnde
3019 567 3254 638 jam‘ille
3296 571 3448 636 post-

1881 671 1984 726 hac
2040 685 2138 740 per
2195 682 2475 730 errorem,
2535 665 2588 718 in
2642 678 2831 718 omnes
2867 661 3113 716 homines
3157 656 3446 728 imperium

1881 763 2153 828 obtinuit;
2186 775 2250 815 ac
2298 758 2426 813 mali
2473 757 2748 812 daemones
2782 757 2836 810 in
2875 754 3021 809 omni
3057 753 3198 815 loco,
3232 747 3446 804 et‘civi-

1881 863 2012 917 tate,
2069 861 2123 910 et
2175 851 2415 923 regione,
2462 850 2565 905 sub
2593 857 2740 904 certo
2793 847 3039 919 principe
3078 844 3325 916 dispositi
3361 842 3447 896 in-

1883 947 2192 1016 structique
2223 951 2352 1000 sunt
2397 960 2411 997 :
2460 942 2644 1012 itaque
2679 939 3034 995 terrestribus
3089 934 3454 1007 potestatibus

1883 1055 1948 1095 ac
2006 1037 2291 1109 spiritibus
2340 1034 2521 1099 malis,
2563 1049 2660 1104 pro
2712 1031 2987 1102 prioribus
3038 1028 3131 1084 Dei
3182 1027 3452 1082 ministris

1881 1130 2062 1186 omnis
2097 1129 2204 1182 vita
2229 1127 2508 1182 hominum
2543 1126 2755 1181 addicta
2780 1129 2884 1186 est,
2913 1121 3168 1176 omnibus
3195 1118 3446 1175 certatim

1883 1235 1948 1276 ac
1999 1220 2226 1292 proclivi
2275 1220 2558 1274 alacritate
2594 1219 2650 1273 in
2687 1217 2897 1272 lubrico
2945 1212 3240 1283 voluptatis
3282 1210 3448 1281 proﬂ-

1883 1311 2172 1374 cientibus,
2202 1310 2338 1365 adeo
2387 1309 2628 1379 quidem,
2680 1317 2738 1361 ut
2761 1306 2871 1376 jam
2911 1312 3121 1358 natura:
3154 1300 3310 1370 160
3339 1307 3447 1353 ter-

1884 1404 2061 1458 minos
2093 1403 2448 1466 transilirent,
2485 1408 2539 1456 et
2580 1399 2743 1455 modo
2772 1414 2830 1454 se
2859 1403 3049 1452 mutuo
3098 1393 3296 1447 ardore
3337 1405 3451 1443 cor-

1884 1503 2220 1565 rumperent,
2249 1492 2409 1548 modo
2433 1507 2552 1564 quae.
2573 1490 2802 1546 dicenda
2831 1504 2938 1543 non
2969 1493 3116 1549 sunt,
3148 1490 3447 1554 patrarcnt,

1883 1593 1938 1641 et
1987 1601 2109 1656 quae
2157 1573 2226 1640 ne
2267 1585 2595 1655 cogitatione
2634 1581 2852 1653 quidem
2897 1578 3184 1648 concipere
3230 1575 3312 1630 fas
3343 1580 3449 1637 est,

1884 1692 1948 1733 ea
1993 1692 2102 1732 non
2134 1677 2310 1732 solum
2341 1676 2604 1741 facerent,
2658 1689 2844 1728 verum
2880 1671 3044 1727 etiam
3100 1667 3450 1739 opinionibus

1886 1786 2023 1841 quas
2070 1770 2138 1826 de
2179 1771 2284 1825 diis
2327 1769 2443 1825 suis
2473 1768 2767 1834 habebant,
2794 1768 3205 1826 consecrarent,
3241 1760 3452 1830 hocque

1883 1863 2050 1919 etiam
2086 1864 2322 1933 amplius
2359 1870 2616 1932 tanquam
2651 1861 2756 1915 diis
2805 1866 2955 1929 grata
2989 1867 3042 1912 et
3084 1854 3347 1926 jucunda,
3375 1853 3454 1905 la-

1886 1954 2037 2009 sciva
2066 1953 2250 2007 omnia
2272 1967 2396 2007 cum
2429 1950 2642 2007 deliciis
2666 1949 2918 2022 plurimis
2947 1946 3288 2019 perlicerent.
3321 1941 3454 1997 lude

1880 2045 2015 2115 jam,
2055 2042 2509 2115 quemadmodum
2559 2042 2750 2097 scribit
2798 2054 2954 2096 sacer
2998 2035 3308 2108 Apostolus,
3343 2048 3454 2086 non

1884 2135 2125 2189 contenti
2181 2134 2250 2189 iis
2292 2132 2388 2188 Dei
2441 2133 2700 2204 operibus
2749 2146 2871 2202 qua:
2919 2130 2975 2184 in
3026 2127 3167 2183 caelo
3219 2124 3454 2180 illustria

1886 2237 2034 2291 sunt,
2071 2245 2089 2279 ι
2125 2226 2480 2282 Evanuerunt
2529 2227 2586 2280 in
2617 2223 3044 2297 cogitationibus
3083 2220 3220 2286 suis,
3264 2225 3318 2273 et
3355 2216 3453 2270 ob-

1885 2325 2163 2372 scuratum
2194 2328 2278 2373 est
2306 2317 2572 2388 insipiens
2596 2331 2692 2370 cor
2721 2329 2935 2380 eorum,
2979 2313 3220 2366 dicentes
3247 2322 3305 2362 se
3329 2320 3452 2361 esse

1887 2412 2183 2481 sapientes,
2217 2413 2369 2467 stulti
2409 2411 2540 2466 facti
2570 2418 2719 2476 sunt,
2761 2419 2814 2466 et
2843 2411 3190 2464 mutaverunt
3223 2401 3451 2474 gloriam

1885 2503 2317 2573 incorruptibilis
2347 2503 2466 2569 Dei,
2512 2503 2571 2558 in
2623 2499 2978 2558 similitudine
3022 2497 3276 2566 imaginis
3327 2506 3452 2546 cor-

1885 2595 2160 2666 ruptibilis
2191 2595 2447 2659 hominis,
2487 2601 2542 2650 et
2590 2593 2897 2656 volucrum,
2929 2597 2984 2645 et
3014 2583 3450 2659 quadrupedum,

1884 2695 1940 2745 et
1969 2687 2302 2758 serpentium
2331 2689 2399 2743 θ’.
2447 2705 2465 2739 ι
2506 2684 2661 2752 Quod
2684 2692 2865 2739 autem
2891 2677 3290 2752 antiquissimis
3313 2684 3453 2730 tem-

1884 2782 2131 2851 poribus,
2157 2781 2272 2837 sola
2297 2780 2540 2837 crelestia
2569 2779 2774 2834 lumina
2801 2775 3062 2832 mortales
3090 2769 3451 2830 attenderem,

1885 2888 2064 2944 neque
2091 2873 2202 2927 ulla
2232 2874 2528 2929 simulacra
2577 2873 2794 2943 cognita
2840 2869 3126 2932 haberent,
3174 2877 3352 2933 neque
3391 2858 3454 2915 in

1884 2981 2074 3022 errore
2117 2980 2181 3020 ac
2233 2964 2450 3020 fallacia
2494 2963 2802 3020 daemonum
2830 2964 3203 3022 versarentur,
3239 2951 3456 3008 abunde

1887 3059 2024 3113 satis
2053 3058 2510 3114 demonstraverit
2537 3055 2909 3113 testimonium
2940 3066 3126 3107 eorum
3152 3048 3242 3118 qui
3267 3046 3334 3099 ab
3353 3044 3456 3098 hac

210 3149 402 3206 ἔθνεσιν
458 3156 900 3229 ἀπονενεμῆσθαι
937 3135 1083 3231 με-μα
1093 3135 1185 3232 ρτύ
1195 3177 1401 3232 ρηνται.
1439 3135 1577 3235 ἰιρᾴ
1692 3157 1782 3216 οὖν

1887 3150 2098 3204 ratione
2128 3156 2317 3206 nostra
2350 3148 2512 3204 alieni
2541 3155 2670 3202 sunt
2701 3164 2714 3200 :
2752 3143 2897 3215 quod
2931 3145 2986 3196 in
3027 3140 3204 3212 primo
3235 3135 3457 3202 Prepa-

210 3243 290 3295 καὶ
315 3247 507 3311 αὐτοῖς
533 3248 809 3320 Ἕλλησιν,
837 3245 911 3304 ὧν
933 3253 1032 3316 τὰς
1057 3253 1238 3322 φωνάς
1265 3257 1322 3306 ἐν
1355 3254 1582 3318 ἐκείνοις
1609 3271 1783 3325 παρα-

209 3333 473 3406 τέθειμαι,
499 3339 898 3410 συνομολογεῖν,
923 3344 1193 3415 νεωτέραν
1216 3345 1309 3398 καὶ
1343 3343 1497 3414 ξένην
1525 3346 1653 3416 περὶ
1679 3344 1781 3416 τὴν

207 3426 302 3478 τῶν
323 3429 579 3483 παλαιῶν
607 3431 858 3502 λατρείαν
884 3435 1132 3505 είσῆχθαι
1165 3437 1346 3499 αὐτοῖς
1370 3437 1468 3507 τὴν
1495 3437 1603 3489 τῶν
1629 3435 1784 3489 εἰδώ-

209 3515 302 3571 λων
332 3521 767 3594 δεισιδαιμονίαν
808 3526 902 3579 καὶ
932 3527 1032 3598 τὴν
1062 3529 1171 3582 τῶν
1201 3529 1421 3598 ἀφανῶν
1459 3530 1784 3600 πνευμάτων

211 3615 547 3685 περιεργίαν.
586 3618 756 3671 Τοῦτο
789 3619 845 3672 δέ
876 3621 985 3673 πᾶν
1017 3621 1381 3674 ἐπιϐουλεύων
1413 3624 1524 3685 τοῖς
1555 3623 1647 3674 ἐπὶ
1683 3623 1784 3693 γῆς

210 3706 366 3758 πίσιν
407 3705 720 3778 ὁδηλωθεὶς
758 3708 1022 3779 θεομάχος
1064 3710 1366 3781 είργάζετο.
1411 3712 1678 3783 Συνήργει
1729 3712 1786 3766 δὲ

210 3797 345 3867 αὐτῷ
380 3797 476 3848 καὶ⁹
514 3801 624 3850 πᾶν
658 3799 720 3851 τὸ
764 3799 874 3852 τῶν
919 3801 1245 3873 ἀκαθάρτων
1284 3801 1551 3871 δαιμόνων
1600 3802 1782 3871 φῦλον.

211 3887 372 3951 Δῦτός
404 3905 471 3957 γε
519 3889 625 3958 μὴν
654 3891 683 3941 ὁ
710 3892 811 3961 τῆς
841 3894 1036 3955 κακίας
1076 3896 1320 3966 ἐξάρχων
1369 3895 1520 3947 ταῦτ’
1551 3894 1784 3965 ἔπραττε

215 3980 372 4050 μανία
403 3982 752 4052 φρονήματος
801 3985 1031 4038 ἐκτόπου
1053 4027 1066 4050 ,
1101 3987 1203 4049 τὰς
1250 3987 1390 4040 κατά
1431 3986 1648 4040 πάντων
1689 3987 1785 4040 ἀν-

213 4070 438 4141 θρώπων
473 4073 620 4144 ἔργῳ
660 4075 881 4146 πληρῶν
922 4077 1178 4142 ἀπειλὰς,
1223 4079 1317 4132 καὶ
1349 4081 1476 4150 τήν·
1507 4100 1525 4131 ι
1553 4081 1786 4150 Ἔσομαι

211 4161 386 4231 ὅμοιος
426 4164 507 4235 τῷ
543 4166 800 4238 Ὑψίστῳ,
835 4187 853 4218 ι
895 4168 1056 4222 ἄθεον
1103 4171 1386 4223 ἐπιτείνων
1418 4171 1633 4242 φωνὴν,
1667 4173 1786 4234 ταῖς

212 4266 264 4302 τε
290 4249 400 4304 τῶν
443 4253 772 4325 ἀκαθάρτων
818 4256 910 4308 καὶ
960 4257 1210 4328 πονηρῶν
1256 4257 1526 4329 δαιμόνων
1577 4260 1785 4330 ὑπηρε-

215 4340 367 4404 σίαις,
402 4347 688 4414 χρησμοὺς
725 4345 820 4398 καὶ
850 4345 1164 4415 θεραπείας,
1193 4348 1287 4400 καὶ
1323 4346 1394 4400 τὰ
1413 4347 1637 4402 τοιαῦτα
1667 4351 1786 4412 ταῖς

213 4430 312 4484 τῶν
333 4433 639 4504 ἀνθρώπων
668 4437 944 4508 γοητείαις
982 4438 1392 4510 προϊσχόμενος.

1885 3242 2132 3307 rationis,
2171 3251 2296 3297 ante
2326 3241 2431 3295 hoc
2478 3241 2660 3311 ipsum
2704 3254 2843 3309 opus
2892 3232 3140 3305 exposui,
3173 3228 3264 3284 ubi
3296 3227 3456 3298 plane

1883 3333 2250 3390 demonstravi
2287 3349 2396 3388 non
2444 3346 2610 3385 manu
2660 3328 2954 3385 elaboratis
2985 3324 3177 3395 signis,
3215 3334 3338 3391 quze
3387 3332 3455 3371 ex

1886 3427 2132 3482 inanima
2178 3426 2360 3496 aliqua
2397 3425 2623 3478 materia
2675 3421 2778 3491 ipsi
2830 3417 3216 3480 fabricassent,
3273 3425 3336 3464 ac
3385 3423 3457 3462 ne

1885 3514 2223 3570 daemonibus
2260 3513 2479 3584 quidem
2538 3511 2717 3566 visum
2769 3516 3019 3564 nostrum
3073 3499 3457 3573 effugientibus

1886 3608 2304 3680 antiquissimos
2331 3605 2580 3660 homines
2611 3601 2816 3658 servire
2852 3600 3065 3661 solitos,
3099 3597 3197 3652 sed
3232 3596 3340 3650 illis
3365 3609 3456 3650 so-

1887 3701 1954 3757 lis
1989 3715 2128 3770 quos
2161 3696 2414 3770 gentibus
2445 3694 2770 3749 distributos
2799 3690 2970 3745 fuisse
3017 3688 3213 3744 divinae
3263 3687 3456 3738 litterae

1884 3789 2175 3844 afﬁrmant.
2206 3787 2386 3854 Quare
2409 3785 2521 3856 jam
2553 3791 2770 3854 tempus
2811 3788 2917 3845 est,
2945 3787 3003 3834 ut
3032 3777 3204 3833 Graeci
3239 3788 3456 3846 quoque

1886 3883 2012 3954 ipsi,
2051 3895 2287 3953 quorum
2316 3893 2482 3933 voces
2511 3876 2622 3930 illic
2656 3873 2906 3943 exposui,
2959 3870 3234 3925 fateantur
3265 3881 3455 3921 recen-

1885 3975 2081 4029 tiorem
2117 3987 2182 4028 ac
2219 3969 2589 4042 peregrinam,
2619 3967 2963 4035 alienamque
2991 3978 3022 4016 a
3050 3962 3313 4031 religione
3355 3973 3455 4011 an-

1885 4068 2188 4138 tiquorum,
2220 4062 2589 4118 introductam
2626 4074 2748 4116 esse
2774 4059 2842 4112 ab
2871 4055 3006 4128 ipsis
3034 4053 3454 4110 simulacrorum

1887 4159 2352 4232 superstitionem,
2388 4165 2442 4211 et
2461 4153 2641 4210 visum
2675 4158 2923 4207 nostrum
2947 4147 3320 4220 effugientium
3343 4144 3456 4214 spi-

1885 4254 2090 4308 rituum
2120 4247 2449 4320 superfluam
2490 4243 2912 4301 observantiam.
2973 4239 3031 4295 ld
3085 4247 3264 4293 autem
3294 4249 3458 4291 omne

1885 4345 2000 4410 ille,
2031 4344 2099 4399 de
2120 4356 2233 4414 quo
2280 4341 2486 4394 dictum
2531 4347 2638 4400 est,
2685 4333 2780 4389 Dei
2815 4333 3090 4396 inimicus,
3117 4330 3248 4384 dum
3280 4328 3459 4382 omni-

1813 4435 1861 4493 D
1887 4441 2014 4504 bus,
2047 4436 2140 4508 qui
2173 4435 2228 4489 in
2259 4444 2407 4488 terra
2443 4436 2593 4492 sunt,
2627 4427 2858 4484 insidias
2903 4424 3051 4488 facit,
3100 4422 3322 4478 molitus
3348 4427 3456 4476 est.

215 4520 513 4590 Adjuvabat
544 4533 725 4580 autem
761 4527 914 4580 illum
963 4509 1127 4582 omne
1173 4528 1514 4597 impurorum
1567 4528 1874 4584 daemonum
1901 4543 2093 4600 genus.
2137 4526 2207 4579 At
2257 4538 2386 4578 vero
2431 4521 2548 4592 ipse
2588 4518 2808 4572 malitia:
2870 4516 3127 4588 princeps
3194 4512 3309 4566 haec
3365 4509 3451 4563 fa-

215 4614 401 4677 ciebat,
455 4619 694 4674 amentia
733 4620 986 4677 immensi
1020 4620 1196 4678 fastus
1225 4623 1516 4689 adductus,
1560 4631 1617 4677 ut
1646 4641 1765 4694 quae
1804 4624 2022 4680 cunctis
2053 4618 2367 4676 hominibus
2437 4616 2676 4670 minatus
2736 4612 2913 4668 fuerat
2945 4625 3005 4665 re
3049 4611 3167 4680 ipsa
3221 4605 3457 4674 comple-

214 4716 307 4772 τοι,
372 4724 439 4763 ac
503 4709 773 4763 nefariam
827 4711 973 4766 illam
1005 4727 1214 4776 vocem,
1260 4731 1279 4765 ι
1320 4712 1432 4768 Ero
1458 4714 1653 4770 similis
1694 4715 1998 4779 Altissimo,
2036 4732 2055 4766 ι
2094 4709 2470 4767 vehementius
2519 4704 2846 4767 intenderet,
2889 4711 3050 4772 atque
3090 4701 3453 4769 impun-orum,

215 4800 586 4869 malorumque
604 4802 910 4857 daemonum
937 4803 1278 4869 ministeriis,
1310 4805 1534 4860 oracula
1593 4812 1647 4860 et
1689 4807 1870 4863 cultus
1923 4813 1978 4863 et
2047 4805 2152 4859 alia
2215 4799 2508 4872 ejusmodi,
2552 4795 2847 4869 praestigiis
2888 4807 2952 4848 ac
3000 4791 3232 4847 fallaciis
3279 4787 3458 4843 homi-

215 4907 332 4947 num
359 4893 645 4963 objiceret.

964 5016 1017 5066 Ρ.

226 5097 309 5164 Ὠς
337 5101 675 5188 ἀναγκαίως
704 5106 758 5188 ,ὁ
790 5105 1122 5188 μονογενὴς
1158 5105 1289 5174 Υἱός
1327 5109 1462 5188 τοῦ,
1485 5108 1630 5163 Θεοῦ
1672 5111 1788 5180 τὴν

409 5174 498 5237 εἷς
530 5171 881 5239 ἀνθρώπους
917 5171 1239 5242 ἐποιήσατο
1264 5171 1554 5246 πάροδον,

289 5261 374 5314 Ἑν
403 5263 645 5334 τοσαύτῃ
678 5264 815 5333 δῆτα
855 5267 1052 5330 κακίας
1089 5271 1231 5340 φορᾷ
1275 5271 1440 5340 μηδὲν
1481 5271 1782 5342 ἐπαμύνειν

215 5350 311 5404 τῶν
330 5354 458 5425 πρὶν
483 5354 806 5425 ἐφεστώτων
831 5357 1073 5425 ἀγγέλων
1103 5362 1217 5423 τοῖς
1249 5362 1578 5432 ὑποχειρίοις
1601 5362 1777 5416 ἔθνεσι

216 5440 592 5546 δεδυνημένων,
633 5446 772 5500 ἀλλά
803 5448 899 5518 τῆς
934 5449 1030 5518 μὲν
1055 5448 1245 5521 λοιπῆς
1274 5451 1501 5516 κτίσεως
1528 5453 1780 5523 ἐπιμελο-

223 5538 400 5600 μένων,
444 5542 558 5601 τοῖς
598 5557 658 5592 τε
696 5538 790 5593 τοῦ
838 5540 1040 5611 κόσμου
1074 5542 1295 5614 μέρεσιν
1325 5544 1777 5608 ἐπιστατούντων,

221 5625 299 5674 καὶ
321 5625 390 5696 τῷ
410 5627 504 5681 τοῦ
529 5629 751 5684 πάντων
775 5629 1104 5703 δημιουργοῦ
1129 5633 1262 5686 θεοῦ
1287 5633 1516 5704 νεύματι
1540 5635 1779 5707 συνήθως

280 5780 321 5810 ⁹⁹
347 5779 499 5839 Rom.
540 5802 578 5850 ι,
616 5783 806 5841 2133.

2539 5005 2692 5076 161
2737 5001 2808 5057 X-

1933 5103 2384 5176 Quemadmodum
2425 5098 2728 5176 necessario
2775 5094 2963 5176 unicus
3002 5091 3102 5146 Dei
3143 5088 3320 5144 Filius
3351 5087 3418 5141 ad

2415 5170 2646 5222 homines
2692 5166 2924 5220 transiit.

1958 5269 2094 5324 Cum
2127 5267 2293 5338 igitur
2322 5263 2376 5316 in
2407 5269 2560 5316 tanto
2591 5260 2811 5314 malitia:
2843 5262 3142 5327 proventu,
3179 5255 3271 5323 qui
3302 5254 3455 5324 prius

1888 5359 2064 5432 angeli
2095 5356 2332 5429 praefecti
2361 5354 2616 5426 gentibus
2647 5352 2882 5412 fuerant,
2911 5347 3047 5402 nihil
3078 5349 3190 5402 suis
3224 5347 3457 5415 quisque

1888 5452 2077 5507 auxilii
2103 5451 2245 5506 ferre
2268 5458 2513 5521 possent,
2537 5461 2601 5501 ac
2619 5445 2888 5514 reliquum
2914 5441 3132 5511 quidem
3158 5453 3295 5509 opus
3323 5455 3455 5493 con-

1887 5543 2081 5599 ditoris
2132 5542 2229 5598 Dei
2291 5546 2577 5602 curarent,
2634 5537 2907 5606 certisque
2965 5535 3154 5590 mundi
3212 5533 3458 5603 partibus

1888 5642 2206 5706 praeessent,
2255 5641 2418 5703 atque
2449 5631 2689 5687 omnium
2725 5628 2903 5698 opifici
2935 5627 3067 5694 Deo,
3104 5626 3169 5682 de
3204 5640 3355 5679 more
3389 5625 3456 5676 ad
