  <div class='ocr_page' id='page_1' title='image "/cluster/home/n/w/nwhite01/storage/ocr_20150623/22/mdp.39015078384388/145.png"; bbox 0 0 3880 6256; ppageno 0'>
   <div class='ocr_carea' id='block_1_1' title="bbox 402 325 508 381">
    <p class='ocr_par' dir='ltr' id='par_1_1' title="bbox 402 325 508 381">
     <span class='ocr_line' id='line_1_1' title="bbox 402 325 508 381; baseline 0.028 -3"><span class='ocrx_word' id='word_1_1' title='bbox 402 325 508 381; x_wconf 74' lang='grc'><strong>275</strong></span> 
     </span>
    </p>
   </div>
   <div class='ocr_carea' id='block_1_2' title="bbox 1071 292 2982 391">
    <p class='ocr_par' dir='ltr' id='par_1_2' title="bbox 1071 292 2982 391">
     <span class='ocr_line' id='line_1_2' title="bbox 1071 292 2982 391; baseline 0.004 -9"><span class='ocrx_word' id='word_1_2' title='bbox 1071 327 1341 384; x_wconf 83' lang='lat' dir='ltr'><strong>EUSEB&quot;</strong></span> <span class='ocrx_word' id='word_1_3' title='bbox 1379 328 1856 386; x_wconf 59' lang='lat' dir='ltr'><strong>CrESARlENSlS</strong></span> <span class='ocrx_word' id='word_1_4' title='bbox 1895 332 2044 388; x_wconf 85' lang='lat' dir='ltr'><strong>OPP.</strong></span> <span class='ocrx_word' id='word_1_5' title='bbox 2082 292 2285 390; x_wconf 51' lang='lat' dir='ltr'><strong>DARS.</strong></span> <span class='ocrx_word' id='word_1_6' title='bbox 2318 334 2339 388; x_wconf 84' lang='grc' dir='ltr'>Ι</span> <span class='ocrx_word' id='word_1_7' title='bbox 2380 364 2447 374; x_wconf 84' lang='grc'><strong>--</strong></span> <span class='ocrx_word' id='word_1_8' title='bbox 2482 331 2982 391; x_wconf 65' lang='lat' dir='ltr'><strong>APOLOGETICA.</strong></span> 
     </span>
    </p>
   </div>
   <div class='ocr_carea' id='block_1_3' title="bbox 3537 332 3638 392">
    <p class='ocr_par' dir='ltr' id='par_1_3' title="bbox 3537 332 3638 392">
     <span class='ocr_line' id='line_1_3' title="bbox 3537 332 3638 392; baseline -0.04 0"><span class='ocrx_word' id='word_1_9' title='bbox 3537 332 3638 392; x_wconf 67' lang='lat'><strong>2&#39;6</strong></span> 
     </span>
    </p>
   </div>
   <div class='ocr_carea' id='block_1_4' title="bbox 404 446 1942 525">
    <p class='ocr_par' dir='ltr' id='par_1_4' title="bbox 404 446 1935 513">
     <span class='ocr_line' id='line_1_4' title="bbox 404 446 1935 513; baseline 0.005 -17"><span class='ocrx_word' id='word_1_10' title='bbox 404 449 598 497; x_wconf 90' lang='lat' dir='ltr'><strong>nutum</strong></span> <span class='ocrx_word' id='word_1_11' title='bbox 626 450 828 513; x_wconf 63' lang='lat' dir='ltr'><strong>praesto</strong></span> <span class='ocrx_word' id='word_1_12' title='bbox 856 449 1060 509; x_wconf 83' lang='lat' dir='ltr'><strong>essent,</strong></span> <span class='ocrx_word' id='word_1_13' title='bbox 1089 446 1402 500; x_wconf 73' lang='lat' dir='ltr'><strong>mortalium</strong></span> <span class='ocrx_word' id='word_1_14' title='bbox 1431 462 1560 502; x_wconf 91' lang='lat' dir='ltr'><strong>vero</strong></span> <span class='ocrx_word' id='word_1_15' title='bbox 1587 448 1800 501; x_wconf 89' lang='lat' dir='ltr'><strong>ruinam</strong></span> <span class='ocrx_word' id='word_1_16' title='bbox 1831 464 1935 504; x_wconf 89' lang='lat' dir='ltr'><strong>neu</strong></span> 
     </span>
    </p>
   </div>
   <div class='ocr_carea' id='block_1_5' title="bbox 2044 446 3638 525">
    <p class='ocr_par' dir='ltr' id='par_1_5' title="bbox 2072 448 3638 525">
     <span class='ocr_line' id='line_1_5' title="bbox 2072 448 3638 525; baseline 0.005 -24"><span class='ocrx_word' id='word_1_17' title='bbox 2072 448 2525 521; x_wconf 80' lang='grc' dir='ltr'><strong>διακονουμένων,</strong></span> <span class='ocrx_word' id='word_1_18' title='bbox 2559 452 2657 522; x_wconf 85' lang='grc' dir='ltr'><strong>τῆς</strong></span> <span class='ocrx_word' id='word_1_19' title='bbox 2686 451 2742 504; x_wconf 84' lang='grc' dir='ltr'><strong>δέ</strong></span> <span class='ocrx_word' id='word_1_20' title='bbox 2770 453 2877 506; x_wconf 86' lang='grc' dir='ltr'><strong>τῶν</strong></span> <span class='ocrx_word' id='word_1_21' title='bbox 2909 452 3119 525; x_wconf 80' lang='grc' dir='ltr'><strong>θνητῶν</strong></span> <span class='ocrx_word' id='word_1_22' title='bbox 3153 452 3410 519; x_wconf 81' lang='grc' dir='ltr'><strong>πτώσεως</strong></span> <span class='ocrx_word' id='word_1_23' title='bbox 3447 454 3509 508; x_wconf 79' lang='grc' dir='ltr'>οὐ</span> <span class='ocrx_word' id='word_1_24' title='bbox 3544 473 3638 509; x_wconf 77' lang='grc' dir='ltr'>πε-</span> 
     </span>
    </p>
   </div>
   <div class='ocr_carea' id='block_1_6' title="bbox 404 536 1969 608">
    <p class='ocr_par' dir='ltr' id='par_1_6' title="bbox 404 536 1969 608">
     <span class='ocr_line' id='line_1_6' title="bbox 404 536 1969 608; baseline 0.003 -21"><span class='ocrx_word' id='word_1_25' title='bbox 404 537 610 606; x_wconf 86' lang='lat' dir='ltr'><strong>tiquam</strong></span> <span class='ocrx_word' id='word_1_26' title='bbox 646 536 1132 608; x_wconf 84' lang='lat' dir='ltr'><strong>apprehenderent,</strong></span> <span class='ocrx_word' id='word_1_27' title='bbox 1167 545 1389 608; x_wconf 78' lang='lat' dir='ltr'><strong>propter</strong></span> <span class='ocrx_word' id='word_1_28' title='bbox 1420 537 1665 608; x_wconf 88' lang='lat' dir='ltr'><strong>ipsorum</strong></span> <span class='ocrx_word' id='word_1_29' title='bbox 1688 539 1969 593; x_wconf 86' lang='lat' dir='ltr'><strong>hominum</strong></span> 
     </span>
    </p>
   </div>
   <div class='ocr_carea' id='block_1_7' title="bbox 406 628 1972 701">
    <p class='ocr_par' dir='ltr' id='par_1_7' title="bbox 406 628 1972 701">
     <span class='ocr_line' id='line_1_7' title="bbox 406 628 1972 701; baseline 0.003 -20"><span class='ocrx_word' id='word_1_30' title='bbox 406 628 461 681; x_wconf 88' lang='lat' dir='ltr'><strong>in</strong></span> <span class='ocrx_word' id='word_1_31' title='bbox 503 628 662 686; x_wconf 83' lang='lat' dir='ltr'><strong>malis</strong></span> <span class='ocrx_word' id='word_1_32' title='bbox 695 629 956 701; x_wconf 77' lang='lat' dir='ltr'><strong>eligendis</strong></span> <span class='ocrx_word' id='word_1_33' title='bbox 1002 630 1227 685; x_wconf 86' lang='lat' dir='ltr'><strong>liberam</strong></span> <span class='ocrx_word' id='word_1_34' title='bbox 1277 637 1627 701; x_wconf 85' lang='lat' dir='ltr'><strong>potestatem,</strong></span> <span class='ocrx_word' id='word_1_35' title='bbox 1678 631 1972 686; x_wconf 88' lang='lat' dir='ltr'><strong>diuturnus</strong></span> 
     </span>
    </p>
   </div>
   <div class='ocr_carea' id='block_1_8' title="bbox 406 720 1975 794">
    <p class='ocr_par' dir='ltr' id='par_1_8' title="bbox 406 720 1975 794">
     <span class='ocr_line' id='line_1_8' title="bbox 406 720 1975 794; baseline 0.004 -21"><span class='ocrx_word' id='word_1_36' title='bbox 406 720 625 790; x_wconf 90' lang='lat' dir='ltr'><strong>quidam</strong></span> <span class='ocrx_word' id='word_1_37' title='bbox 662 729 824 790; x_wconf 74' lang='lat' dir='ltr'><strong>at.;ue</strong></span> <span class='ocrx_word' id='word_1_38' title='bbox 859 722 1276 778; x_wconf 86' lang='lat' dir='ltr'><strong>immedicabilis</strong></span> <span class='ocrx_word' id='word_1_39' title='bbox 1306 739 1521 788; x_wconf 89' lang='lat' dir='ltr'><strong>omnes,</strong></span> <span class='ocrx_word' id='word_1_40' title='bbox 1545 725 1635 794; x_wconf 89' lang='lat' dir='ltr'><strong>qui</strong></span> <span class='ocrx_word' id='word_1_41' title='bbox 1668 731 1867 778; x_wconf 91' lang='lat' dir='ltr'><strong>terram</strong></span> <span class='ocrx_word' id='word_1_42' title='bbox 1893 725 1975 779; x_wconf 86' lang='lat' dir='ltr'><strong>in-</strong></span> 
     </span>
    </p>
   </div>
   <div class='ocr_carea' id='block_1_9' title="bbox 402 804 1968 889">
    <p class='ocr_par' dir='ltr' id='par_1_9' title="bbox 402 804 1968 889">
     <span class='ocr_line' id='line_1_9' title="bbox 402 804 1968 889; baseline 0.005 -24"><span class='ocrx_word' id='word_1_43' title='bbox 402 814 645 869; x_wconf 86' lang='lat' dir='ltr'><strong>colerent</strong></span> <span class='ocrx_word' id='word_1_44' title='bbox 693 804 1008 885; x_wconf 84' lang='lat' dir='ltr'><strong>possidebat</strong></span> <span class='ocrx_word' id='word_1_45' title='bbox 1065 816 1312 879; x_wconf 83' lang='lat' dir='ltr'><strong>morbus,</strong></span> <span class='ocrx_word' id='word_1_46' title='bbox 1379 826 1676 889; x_wconf 86' lang='lat' dir='ltr'><strong>gentesque</strong></span> <span class='ocrx_word' id='word_1_47' title='bbox 1732 818 1968 873; x_wconf 83' lang='lat' dir='ltr'><strong>stimulis</strong></span> 
     </span>
    </p>
   </div>
   <div class='ocr_carea' id='block_1_10' title="bbox 401 896 1969 981">
    <p class='ocr_par' dir='ltr' id='par_1_10' title="bbox 401 896 1969 981">
     <span class='ocr_line' id='line_1_10' title="bbox 401 896 1969 981; baseline 0.006 -24"><span class='ocrx_word' id='word_1_48' title='bbox 401 906 534 960; x_wconf 80' lang='lat' dir='ltr'><strong>alias</strong></span> <span class='ocrx_word' id='word_1_49' title='bbox 566 907 711 972; x_wconf 86' lang='lat' dir='ltr'><strong>aliis,</strong></span> <span class='ocrx_word' id='word_1_50' title='bbox 740 896 881 962; x_wconf 12' lang='lat' dir='ltr'><strong>rmali</strong></span> <span class='ocrx_word' id='word_1_51' title='bbox 927 909 1154 978; x_wconf 75' lang='lat' dir='ltr'><strong>spiritus</strong></span> <span class='ocrx_word' id='word_1_52' title='bbox 1193 910 1250 964; x_wconf 90' lang='lat' dir='ltr'><strong>in</strong></span> <span class='ocrx_word' id='word_1_53' title='bbox 1282 909 1451 965; x_wconf 89' lang='lat' dir='ltr'><strong>furias</strong></span> <span class='ocrx_word' id='word_1_54' title='bbox 1484 910 1737 981; x_wconf 84' lang='lat' dir='ltr'><strong>agebant,</strong></span> <span class='ocrx_word' id='word_1_55' title='bbox 1767 911 1969 980; x_wconf 88' lang='lat' dir='ltr'><strong>quibus</strong></span> 
     </span>
    </p>
   </div>
   <div class='ocr_carea' id='block_1_11' title="bbox 401 996 1968 1070">
    <p class='ocr_par' dir='ltr' id='par_1_11' title="bbox 401 996 1968 1070">
     <span class='ocr_line' id='line_1_11' title="bbox 401 996 1968 1070; baseline 0.005 -21"><span class='ocrx_word' id='word_1_56' title='bbox 401 996 506 1051; x_wconf 72' lang='lat' dir='ltr'><strong>illae</strong></span> <span class='ocrx_word' id='word_1_57' title='bbox 540 999 753 1068; x_wconf 83' lang='lat' dir='ltr'><strong>agitatae</strong></span> <span class='ocrx_word' id='word_1_58' title='bbox 792 999 845 1054; x_wconf 92' lang='lat' dir='ltr'><strong>in</strong></span> <span class='ocrx_word' id='word_1_59' title='bbox 872 1000 1202 1070; x_wconf 88' lang='lat' dir='ltr'><strong>profundum</strong></span> <span class='ocrx_word' id='word_1_60' title='bbox 1231 1002 1551 1058; x_wconf 81' lang='lat' dir='ltr'><strong>insanabilis</strong></span> <span class='ocrx_word' id='word_1_61' title='bbox 1596 1003 1816 1057; x_wconf 60' lang='lat' dir='ltr'><strong>malitiae</strong></span> <span class='ocrx_word' id='word_1_62' title='bbox 1848 1002 1968 1057; x_wconf 92' lang='lat' dir='ltr'><strong>vol-</strong></span> 
     </span>
    </p>
   </div>
   <div class='ocr_carea' id='block_1_12' title="bbox 400 1090 1967 1166">
    <p class='ocr_par' dir='ltr' id='par_1_12' title="bbox 400 1090 1967 1166">
     <span class='ocr_line' id='line_1_12' title="bbox 400 1090 1967 1166; baseline 0.006 -24"><span class='ocrx_word' id='word_1_63' title='bbox 400 1090 682 1146; x_wconf 81' lang='lat' dir='ltr'><strong>vebantur.</strong></span> <span class='ocrx_word' id='word_1_64' title='bbox 708 1090 824 1147; x_wconf 81' lang='lat' dir='ltr'><strong>Jam</strong></span> <span class='ocrx_word' id='word_1_65' title='bbox 846 1094 989 1149; x_wconf 88' lang='lat' dir='ltr'><strong>enim</strong></span> <span class='ocrx_word' id='word_1_66' title='bbox 1012 1095 1232 1165; x_wconf 87' lang='lat' dir='ltr'><strong>quidam</strong></span> <span class='ocrx_word' id='word_1_67' title='bbox 1260 1111 1409 1152; x_wconf 88' lang='lat' dir='ltr'><strong>more</strong></span> <span class='ocrx_word' id='word_1_68' title='bbox 1429 1097 1754 1160; x_wconf 81' lang='lat' dir='ltr'><strong>belluarum,</strong></span> <span class='ocrx_word' id='word_1_69' title='bbox 1778 1111 1898 1166; x_wconf 70' lang='lat' dir='ltr'><strong>qua:</strong></span> <span class='ocrx_word' id='word_1_70' title='bbox 1913 1105 1967 1151; x_wconf 91' lang='lat' dir='ltr'><strong>et</strong></span> 
     </span>
    </p>
   </div>
   <div class='ocr_carea' id='block_1_13' title="bbox 397 1183 1964 1258">
    <p class='ocr_par' dir='ltr' id='par_1_13' title="bbox 397 1183 1964 1258">
     <span class='ocr_line' id='line_1_13' title="bbox 397 1183 1964 1258; baseline 0.004 -22"><span class='ocrx_word' id='word_1_71' title='bbox 397 1183 598 1239; x_wconf 87' lang='lat' dir='ltr'><strong>crudas</strong></span> <span class='ocrx_word' id='word_1_72' title='bbox 634 1192 687 1240; x_wconf 91' lang='lat' dir='ltr'><strong>et</strong></span> <span class='ocrx_word' id='word_1_73' title='bbox 723 1185 991 1242; x_wconf 86' lang='lat' dir='ltr'><strong>humanas</strong></span> <span class='ocrx_word' id='word_1_74' title='bbox 1023 1202 1217 1258; x_wconf 70' lang='lat' dir='ltr'><strong>carnes</strong></span> <span class='ocrx_word' id='word_1_75' title='bbox 1250 1189 1511 1246; x_wconf 83' lang='lat' dir='ltr'><strong>devorare</strong></span> <span class='ocrx_word' id='word_1_76' title='bbox 1542 1199 1964 1253; x_wconf 75' lang='lat' dir='ltr'><strong>consueverunt,</strong></span> 
     </span>
    </p>
   </div>
   <div class='ocr_carea' id='block_1_14' title="bbox 394 1274 1968 1354">
    <p class='ocr_par' dir='ltr' id='par_1_14' title="bbox 394 1274 1968 1354">
     <span class='ocr_line' id='line_1_14' title="bbox 394 1274 1968 1354; baseline 0.008 -28"><span class='ocrx_word' id='word_1_77' title='bbox 394 1276 543 1331; x_wconf 73' lang='lat' dir='ltr'><strong>vesci</strong></span> <span class='ocrx_word' id='word_1_78' title='bbox 572 1274 1022 1335; x_wconf 80' lang='lat' dir='ltr'><strong>charissimoriim</strong></span> <span class='ocrx_word' id='word_1_79' title='bbox 1058 1283 1169 1337; x_wconf 83' lang='lat' dir='ltr'><strong>sibi</strong></span> <span class='ocrx_word' id='word_1_80' title='bbox 1186 1284 1443 1338; x_wconf 89' lang='lat' dir='ltr'><strong>carnibus</strong></span> <span class='ocrx_word' id='word_1_81' title='bbox 1468 1283 1754 1354; x_wconf 89' lang='lat' dir='ltr'><strong>pulchrum</strong></span> <span class='ocrx_word' id='word_1_82' title='bbox 1779 1284 1968 1341; x_wconf 82' lang='lat' dir='ltr'><strong>existi-</strong></span> 
     </span>
    </p>
   </div>
   <div class='ocr_carea' id='block_1_15' title="bbox 394 1370 1965 1446">
    <p class='ocr_par' dir='ltr' id='par_1_15' title="bbox 394 1370 1965 1446">
     <span class='ocr_line' id='line_1_15' title="bbox 394 1370 1965 1446; baseline 0.006 -24"><span class='ocrx_word' id='word_1_83' title='bbox 394 1370 637 1435; x_wconf 91' lang='lat' dir='ltr'><strong>mabant,</strong></span> <span class='ocrx_word' id='word_1_84' title='bbox 681 1374 940 1443; x_wconf 90' lang='lat' dir='ltr'><strong>omnique</strong></span> <span class='ocrx_word' id='word_1_85' title='bbox 979 1375 1185 1445; x_wconf 88' lang='lat' dir='ltr'><strong>pudore</strong></span> <span class='ocrx_word' id='word_1_86' title='bbox 1228 1377 1459 1446; x_wconf 87' lang='lat' dir='ltr'><strong>abjecto,</strong></span> <span class='ocrx_word' id='word_1_87' title='bbox 1499 1384 1554 1432; x_wconf 93' lang='lat' dir='ltr'><strong>et</strong></span> <span class='ocrx_word' id='word_1_88' title='bbox 1589 1378 1877 1442; x_wconf 75' lang='lat' dir='ltr'><strong>matribus,</strong></span> <span class='ocrx_word' id='word_1_89' title='bbox 1911 1386 1965 1432; x_wconf 90' lang='lat' dir='ltr'><strong>et</strong></span> 
     </span>
    </p>
   </div>
   <div class='ocr_carea' id='block_1_16' title="bbox 394 1462 1961 1541">
    <p class='ocr_par' dir='ltr' id='par_1_16' title="bbox 394 1462 1961 1541">
     <span class='ocr_line' id='line_1_16' title="bbox 394 1462 1961 1541; baseline 0.006 -27"><span class='ocrx_word' id='word_1_90' title='bbox 394 1462 692 1530; x_wconf 87' lang='lat' dir='ltr'><strong>sororibus,</strong></span> <span class='ocrx_word' id='word_1_91' title='bbox 737 1473 791 1520; x_wconf 90' lang='lat' dir='ltr'><strong>et</strong></span> <span class='ocrx_word' id='word_1_92' title='bbox 832 1466 1045 1523; x_wconf 79' lang='lat' dir='ltr'><strong>filiabus</strong></span> <span class='ocrx_word' id='word_1_93' title='bbox 1090 1469 1464 1535; x_wconf 85' lang='lat' dir='ltr'><strong>commisceri,</strong></span> <span class='ocrx_word' id='word_1_94' title='bbox 1512 1476 1674 1541; x_wconf 82' lang='lat' dir='ltr'><strong>atque</strong></span> <span class='ocrx_word' id='word_1_95' title='bbox 1720 1484 1815 1527; x_wconf 84' lang='lat' dir='ltr'><strong>eos</strong></span> <span class='ocrx_word' id='word_1_96' title='bbox 1869 1474 1961 1541; x_wconf 88' lang='lat' dir='ltr'><strong>qui</strong></span> 
     </span>
    </p>
   </div>
   <div class='ocr_carea' id='block_1_17' title="bbox 392 1556 1964 1632">
    <p class='ocr_par' dir='ltr' id='par_1_17' title="bbox 392 1556 1964 1632">
     <span class='ocr_line' id='line_1_17' title="bbox 392 1556 1964 1632; baseline 0.008 -27"><span class='ocrx_word' id='word_1_97' title='bbox 392 1556 809 1612; x_wconf 85' lang='lat' dir='ltr'><strong>consenuissent</strong></span> <span class='ocrx_word' id='word_1_98' title='bbox 871 1560 1243 1632; x_wconf 79' lang='lat' dir='ltr'><strong>strangulare,</strong></span> <span class='ocrx_word' id='word_1_99' title='bbox 1282 1568 1363 1628; x_wconf 85' lang='lat' dir='ltr'><strong>_et</strong></span> <span class='ocrx_word' id='word_1_100' title='bbox 1432 1569 1678 1618; x_wconf 90' lang='lat' dir='ltr'><strong>mortuos</strong></span> <span class='ocrx_word' id='word_1_101' title='bbox 1737 1563 1964 1619; x_wconf 82' lang='lat' dir='ltr'><strong>canibus</strong></span> 
     </span>
    </p>
   </div>
   <div class='ocr_carea' id='block_1_18' title="bbox 390 1645 1965 1726">
    <p class='ocr_par' dir='ltr' id='par_1_18' title="bbox 390 1645 1965 1726">
     <span class='ocr_line' id='line_1_18' title="bbox 390 1645 1965 1726; baseline 0.008 -29"><span class='ocrx_word' id='word_1_102' title='bbox 390 1645 811 1720; x_wconf 79' lang='lat' dir='ltr'><strong>volucribusque</strong></span> <span class='ocrx_word' id='word_1_103' title='bbox 859 1650 1143 1721; x_wconf 85' lang='lat' dir='ltr'><strong>projicere.</strong></span> <span class='ocrx_word' id='word_1_104' title='bbox 1197 1651 1315 1708; x_wconf 85' lang='lat' dir='ltr'><strong>Jam</strong></span> <span class='ocrx_word' id='word_1_105' title='bbox 1351 1669 1480 1710; x_wconf 91' lang='lat' dir='ltr'><strong>vero</strong></span> <span class='ocrx_word' id='word_1_106' title='bbox 1509 1654 1640 1726; x_wconf 85' lang='lat' dir='ltr'><strong>quid</strong></span> <span class='ocrx_word' id='word_1_107' title='bbox 1686 1654 1785 1710; x_wconf 91' lang='lat' dir='ltr'><strong>tibi</strong></span> <span class='ocrx_word' id='word_1_108' title='bbox 1814 1670 1965 1709; x_wconf 89' lang='lat' dir='ltr'><strong>com-</strong></span> 
     </span>
    </p>
   </div>
   <div class='ocr_carea' id='block_1_19' title="bbox 389 1745 1963 1818">
    <p class='ocr_par' dir='ltr' id='par_1_19' title="bbox 389 1745 1963 1818">
     <span class='ocr_line' id='line_1_19' title="bbox 389 1745 1963 1818; baseline 0.005 -24"><span class='ocrx_word' id='word_1_109' title='bbox 389 1756 711 1806; x_wconf 89' lang='lat' dir='ltr'><strong>memorem,</strong></span> <span class='ocrx_word' id='word_1_110' title='bbox 773 1755 828 1800; x_wconf 87' lang='lat' dir='ltr'><strong>et</strong></span> <span class='ocrx_word' id='word_1_111' title='bbox 884 1746 1120 1802; x_wconf 78' lang='lat' dir='ltr'><strong>maxime</strong></span> <span class='ocrx_word' id='word_1_112' title='bbox 1180 1745 1438 1813; x_wconf 88' lang='lat' dir='ltr'><strong>deorum,</strong></span> <span class='ocrx_word' id='word_1_113' title='bbox 1480 1746 1722 1817; x_wconf 92' lang='lat' dir='ltr'><strong>ipsorum</strong></span> <span class='ocrx_word' id='word_1_114' title='bbox 1780 1750 1963 1818; x_wconf 88' lang='lat' dir='ltr'><strong>utique</strong></span> 
     </span>
    </p>
   </div>
   <div class='ocr_carea' id='block_1_20' title="bbox 2074 541 3641 616">
    <p class='ocr_par' dir='ltr' id='par_1_20' title="bbox 2074 541 3641 616">
     <span class='ocr_line' id='line_1_20' title="bbox 2074 541 3641 616; baseline 0.004 -22"><span class='ocrx_word' id='word_1_115' title='bbox 2074 541 2509 614; x_wconf 87' lang='grc' dir='ltr'>ριδρασσομένων</span> <span class='ocrx_word' id='word_1_116' title='bbox 2537 543 2623 597; x_wconf 83' lang='grc' dir='ltr'><strong>διά</strong></span> <span class='ocrx_word' id='word_1_117' title='bbox 2648 544 2746 616; x_wconf 84' lang='grc' dir='ltr'>τὴν</span> <span class='ocrx_word' id='word_1_118' title='bbox 2780 544 2887 598; x_wconf 87' lang='grc' dir='ltr'><strong>τῶν</strong></span> <span class='ocrx_word' id='word_1_119' title='bbox 2920 545 3102 599; x_wconf 81' lang='grc' dir='ltr'>κακῶν</span> <span class='ocrx_word' id='word_1_120' title='bbox 3145 546 3493 601; x_wconf 82' lang='grc' dir='ltr'>αὐθεκούσιον</span> <span class='ocrx_word' id='word_1_121' title='bbox 3532 549 3641 602; x_wconf 86' lang='grc' dir='ltr'><strong>τῶν</strong></span> 
     </span>
    </p>
   </div>
   <div class='ocr_carea' id='block_1_21' title="bbox 2071 633 3639 709">
    <p class='ocr_par' dir='ltr' id='par_1_21' title="bbox 2071 633 3639 709">
     <span class='ocr_line' id='line_1_21' title="bbox 2071 633 3639 709; baseline 0.006 -24"><span class='ocrx_word' id='word_1_122' title='bbox 2071 633 2369 704; x_wconf 78' lang='grc' dir='ltr'>ἀνθρώπων</span> <span class='ocrx_word' id='word_1_123' title='bbox 2396 635 2626 708; x_wconf 84' lang='grc' dir='ltr'>αἵρεσιν,</span> <span class='ocrx_word' id='word_1_124' title='bbox 2658 637 2843 709; x_wconf 85' lang='grc' dir='ltr'>μακρά</span> <span class='ocrx_word' id='word_1_125' title='bbox 2864 654 2948 701; x_wconf 92' lang='grc' dir='ltr'><strong>τις</strong></span> <span class='ocrx_word' id='word_1_126' title='bbox 2968 638 3061 691; x_wconf 92' lang='lat' dir='ltr'><strong>ml</strong></span> <span class='ocrx_word' id='word_1_127' title='bbox 3082 637 3510 709; x_wconf 85' lang='grc' dir='ltr'>δυσθεράπευτος</span> <span class='ocrx_word' id='word_1_128' title='bbox 3531 641 3639 695; x_wconf 81' lang='grc' dir='ltr'><strong>τῶν</strong></span> 
     </span>
    </p>
   </div>
   <div class='ocr_carea' id='block_1_22' title="bbox 2070 724 3634 800">
    <p class='ocr_par' dir='ltr' id='par_1_22' title="bbox 2070 724 3634 800">
     <span class='ocr_line' id='line_1_22' title="bbox 2070 724 3634 800; baseline 0.005 -24"><span class='ocrx_word' id='word_1_129' title='bbox 2070 724 2163 777; x_wconf 79' lang='grc' dir='ltr'><strong>ἐπὶ</strong></span> <span class='ocrx_word' id='word_1_130' title='bbox 2184 727 2284 796; x_wconf 86' lang='grc' dir='ltr'>γῆς</span> <span class='ocrx_word' id='word_1_131' title='bbox 2306 727 2559 780; x_wconf 83' lang='grc' dir='ltr'>ἁπάντων</span> <span class='ocrx_word' id='word_1_132' title='bbox 2585 730 2909 800; x_wconf 86' lang='grc' dir='ltr'>κατεκράτει</span> <span class='ocrx_word' id='word_1_133' title='bbox 2936 730 3109 797; x_wconf 85' lang='grc' dir='ltr'><strong>νόσος,</strong></span> <span class='ocrx_word' id='word_1_134' title='bbox 3137 731 3309 785; x_wconf 82' lang='grc' dir='ltr'>ἄλλων</span> <span class='ocrx_word' id='word_1_135' title='bbox 3332 731 3506 795; x_wconf 79' lang='grc' dir='ltr'>ἄλλως</span> <span class='ocrx_word' id='word_1_136' title='bbox 3528 731 3634 784; x_wconf 87' lang='grc' dir='ltr'><strong>τῶν</strong></span> 
     </span>
    </p>
   </div>
   <div class='ocr_carea' id='block_1_23' title="bbox 2071 816 3633 892">
    <p class='ocr_par' dir='ltr' id='par_1_23' title="bbox 2071 816 3633 892">
     <span class='ocr_line' id='line_1_23' title="bbox 2071 816 3633 892; baseline 0.003 -23"><span class='ocrx_word' id='word_1_137' title='bbox 2071 816 2238 870; x_wconf 86' lang='grc' dir='ltr'>ἐθνῶν</span> <span class='ocrx_word' id='word_1_138' title='bbox 2270 818 2375 871; x_wconf 83' lang='grc' dir='ltr'><strong>ὑπὸ</strong></span> <span class='ocrx_word' id='word_1_139' title='bbox 2397 819 2505 872; x_wconf 90' lang='grc' dir='ltr'><strong>τῶν</strong></span> <span class='ocrx_word' id='word_1_140' title='bbox 2529 820 2779 892; x_wconf 79' lang='grc' dir='ltr'>πονηρῶν</span> <span class='ocrx_word' id='word_1_141' title='bbox 2806 822 3126 892; x_wconf 84' lang='grc' dir='ltr'>πνευμάτων</span> <span class='ocrx_word' id='word_1_142' title='bbox 3155 821 3633 892; x_wconf 83' lang='grc' dir='ltr'>ἐξοιστρουμένων,</span> 
     </span>
    </p>
   </div>
   <div class='ocr_carea' id='block_1_24' title="bbox 2070 911 3631 984">
    <p class='ocr_par' dir='ltr' id='par_1_24' title="bbox 2070 911 3631 984">
     <span class='ocr_line' id='line_1_24' title="bbox 2070 911 3631 984; baseline 0.003 -22"><span class='ocrx_word' id='word_1_143' title='bbox 2070 911 2162 963; x_wconf 90' lang='lat' dir='ltr'><strong>ml</strong></span> <span class='ocrx_word' id='word_1_144' title='bbox 2188 912 2266 975; x_wconf 89' lang='grc' dir='ltr'><strong>εἰς</strong></span> <span class='ocrx_word' id='word_1_145' title='bbox 2299 912 2590 982; x_wconf 82' lang='grc' dir='ltr'>ἀνήκεστον</span> <span class='ocrx_word' id='word_1_146' title='bbox 2621 912 2778 983; x_wconf 79' lang='grc' dir='ltr'>βυθὸν</span> <span class='ocrx_word' id='word_1_147' title='bbox 2801 915 2996 978; x_wconf 79' lang='grc' dir='ltr'><strong>κακίας</strong></span> <span class='ocrx_word' id='word_1_148' title='bbox 3030 914 3463 968; x_wconf 85' lang='grc' dir='ltr'>ἀποπιπτόντων.</span> <span class='ocrx_word' id='word_1_149' title='bbox 3492 913 3631 984; x_wconf 83' lang='grc' dir='ltr'>Ἤδη</span> 
     </span>
    </p>
   </div>
   <div class='ocr_carea' id='block_1_25' title="bbox 2068 1000 3633 1078">
    <p class='ocr_par' dir='ltr' id='par_1_25' title="bbox 2068 1000 3633 1078">
     <span class='ocr_line' id='line_1_25' title="bbox 2068 1000 3633 1078; baseline 0.002 -25"><span class='ocrx_word' id='word_1_150' title='bbox 2068 1000 2197 1069; x_wconf 79' lang='grc' dir='ltr'>γοῦν</span> <span class='ocrx_word' id='word_1_151' title='bbox 2237 1002 2545 1072; x_wconf 84' lang='grc' dir='ltr'>ὠμοφάγων</span> <span class='ocrx_word' id='word_1_152' title='bbox 2587 1004 2682 1057; x_wconf 99' lang='lat' dir='ltr'><strong>ml</strong></span> <span class='ocrx_word' id='word_1_153' title='bbox 2721 1004 3149 1078; x_wconf 74' lang='grc' dir='ltr'>ἀνθρωποϐόρων</span> <span class='ocrx_word' id='word_1_154' title='bbox 3192 1004 3394 1076; x_wconf 87' lang='grc' dir='ltr'>θηρίων</span> <span class='ocrx_word' id='word_1_155' title='bbox 3433 1004 3633 1075; x_wconf 82' lang='grc' dir='ltr'><strong>τρόπον</strong></span> 
     </span>
    </p>
   </div>
   <div class='ocr_carea' id='block_1_26' title="bbox 2069 1094 3638 1168">
    <p class='ocr_par' dir='ltr' id='par_1_26' title="bbox 2069 1094 3638 1168">
     <span class='ocr_line' id='line_1_26' title="bbox 2069 1094 3638 1168; baseline 0.002 -21"><span class='ocrx_word' id='word_1_156' title='bbox 2069 1094 2275 1165; x_wconf 85' lang='grc' dir='ltr'>σάρκας</span> <span class='ocrx_word' id='word_1_157' title='bbox 2301 1095 2445 1158; x_wconf 79' lang='grc' dir='ltr'>τινὲς</span> <span class='ocrx_word' id='word_1_158' title='bbox 2467 1096 2573 1150; x_wconf 89' lang='grc' dir='ltr'><strong>τῶν</strong></span> <span class='ocrx_word' id='word_1_159' title='bbox 2598 1097 2867 1166; x_wconf 84' lang='grc' dir='ltr'><strong>φιλτάτων</strong></span> <span class='ocrx_word' id='word_1_160' title='bbox 2891 1097 3165 1152; x_wconf 80' lang='grc' dir='ltr'><strong>θοινᾶσθαι</strong></span> <span class='ocrx_word' id='word_1_161' title='bbox 3188 1098 3355 1151; x_wconf 84' lang='grc' dir='ltr'>καλὸν</span> <span class='ocrx_word' id='word_1_162' title='bbox 3377 1097 3638 1168; x_wconf 74' lang='grc' dir='ltr'>ἡγοῦντο,</span> 
     </span>
    </p>
   </div>
   <div class='ocr_carea' id='block_1_27' title="bbox 2066 1185 3635 1261">
    <p class='ocr_par' dir='ltr' id='par_1_27' title="bbox 2066 1185 3635 1261">
     <span class='ocr_line' id='line_1_27' title="bbox 2066 1185 3635 1261; baseline 0.004 -25"><span class='ocrx_word' id='word_1_163' title='bbox 2066 1185 2159 1237; x_wconf 90' lang='lat' dir='ltr'><strong>ml</strong></span> <span class='ocrx_word' id='word_1_164' title='bbox 2195 1186 2459 1258; x_wconf 79' lang='grc' dir='ltr'><strong>μητράσιν</strong></span> <span class='ocrx_word' id='word_1_165' title='bbox 2497 1188 2741 1261; x_wconf 86' lang='grc' dir='ltr'>ἀναίδην,</span> <span class='ocrx_word' id='word_1_166' title='bbox 2782 1189 2875 1242; x_wconf 89' lang='lat' dir='ltr'><strong>ml</strong></span> <span class='ocrx_word' id='word_1_167' title='bbox 2903 1188 3176 1258; x_wconf 81' lang='grc' dir='ltr'><strong>ἀδελφαῖς,</strong></span> <span class='ocrx_word' id='word_1_168' title='bbox 3208 1190 3300 1243; x_wconf 84' lang='grc' dir='ltr'><strong>καὶ</strong></span> <span class='ocrx_word' id='word_1_169' title='bbox 3332 1188 3635 1260; x_wconf 83' lang='grc' dir='ltr'><strong>θυγατράσι</strong></span> 
     </span>
    </p>
   </div>
   <div class='ocr_carea' id='block_1_28' title="bbox 2069 1279 3631 1354">
    <p class='ocr_par' dir='ltr' id='par_1_28' title="bbox 2069 1279 3631 1354">
     <span class='ocr_line' id='line_1_28' title="bbox 2069 1279 3631 1354; baseline 0.004 -23"><span class='ocrx_word' id='word_1_170' title='bbox 2069 1279 2379 1350; x_wconf 78' lang='grc' dir='ltr'><strong>μίγνυσθαι,</strong></span> <span class='ocrx_word' id='word_1_171' title='bbox 2409 1279 2610 1351; x_wconf 82' lang='grc' dir='ltr'>ἀγχόνῃ</span> <span class='ocrx_word' id='word_1_172' title='bbox 2643 1299 2702 1333; x_wconf 89' lang='grc' dir='ltr'><strong>τε</strong></span> <span class='ocrx_word' id='word_1_173' title='bbox 2729 1280 3068 1354; x_wconf 73' lang='grc' dir='ltr'>περιϐάλλειν</span> <span class='ocrx_word' id='word_1_174' title='bbox 3086 1281 3212 1344; x_wconf 80' lang='grc' dir='ltr'>τοὺς</span> <span class='ocrx_word' id='word_1_175' title='bbox 3232 1284 3631 1354; x_wconf 83' lang='grc' dir='ltr'><strong>γεγηρακότας,</strong></span> 
     </span>
    </p>
   </div>
   <div class='ocr_carea' id='block_1_29' title="bbox 2065 1370 3634 1445">
    <p class='ocr_par' dir='ltr' id='par_1_29' title="bbox 2065 1370 3634 1445">
     <span class='ocr_line' id='line_1_29' title="bbox 2065 1370 3634 1445; baseline 0.004 -22"><span class='ocrx_word' id='word_1_176' title='bbox 2065 1370 2157 1424; x_wconf 79' lang='grc' dir='ltr'>καὶ</span> <span class='ocrx_word' id='word_1_177' title='bbox 2181 1370 2306 1424; x_wconf 77' lang='grc' dir='ltr'>κυσὶ</span> <span class='ocrx_word' id='word_1_178' title='bbox 2337 1372 2429 1425; x_wconf 85' lang='lat' dir='ltr'><strong>ml</strong></span> <span class='ocrx_word' id='word_1_179' title='bbox 2460 1373 2666 1437; x_wconf 76' lang='grc' dir='ltr'>οἰωνοῖς</span> <span class='ocrx_word' id='word_1_180' title='bbox 2689 1373 2814 1438; x_wconf 75' lang='grc' dir='ltr'>τοὺς</span> <span class='ocrx_word' id='word_1_181' title='bbox 2839 1373 3081 1445; x_wconf 86' lang='grc' dir='ltr'>νεκρούς.</span> <span class='ocrx_word' id='word_1_182' title='bbox 3117 1374 3180 1426; x_wconf 91' lang='grc' dir='ltr'>Τί</span> <span class='ocrx_word' id='word_1_183' title='bbox 3212 1373 3275 1444; x_wconf 88' lang='grc' dir='ltr'><strong>δή</strong></span> <span class='ocrx_word' id='word_1_184' title='bbox 3307 1390 3387 1426; x_wconf 92' lang='grc' dir='ltr'><strong>σοι</strong></span> <span class='ocrx_word' id='word_1_185' title='bbox 3423 1391 3634 1445; x_wconf 78' lang='grc' dir='ltr'>μνημο-</span> 
     </span>
    </p>
   </div>
   <div class='ocr_carea' id='block_1_30' title="bbox 2065 1462 3630 1537">
    <p class='ocr_par' dir='ltr' id='par_1_30' title="bbox 2065 1462 3630 1537">
     <span class='ocr_line' id='line_1_30' title="bbox 2065 1462 3630 1537; baseline 0.005 -23"><span class='ocrx_word' id='word_1_186' title='bbox 2065 1462 2360 1534; x_wconf 87' lang='grc' dir='ltr'>νευσαίμην</span> <span class='ocrx_word' id='word_1_187' title='bbox 2395 1463 2505 1517; x_wconf 89' lang='grc' dir='ltr'><strong>τῶν</strong></span> <span class='ocrx_word' id='word_1_188' title='bbox 2536 1463 2695 1534; x_wconf 78' lang='grc' dir='ltr'>δῆθεν</span> <span class='ocrx_word' id='word_1_189' title='bbox 2729 1464 2887 1528; x_wconf 88' lang='grc' dir='ltr'>θεῶν,</span> <span class='ocrx_word' id='word_1_190' title='bbox 2934 1464 3113 1518; x_wconf 82' lang='grc' dir='ltr'>αὐτῶν</span> <span class='ocrx_word' id='word_1_191' title='bbox 3153 1465 3217 1537; x_wconf 87' lang='grc' dir='ltr'>δὴ</span> <span class='ocrx_word' id='word_1_192' title='bbox 3261 1464 3372 1518; x_wconf 89' lang='grc' dir='ltr'><strong>τῶν</strong></span> <span class='ocrx_word' id='word_1_193' title='bbox 3410 1467 3630 1536; x_wconf 79' lang='grc' dir='ltr'>φαύλων</span> 
     </span>
    </p>
   </div>
   <div class='ocr_carea' id='block_1_31' title="bbox 2062 1553 3631 1628">
    <p class='ocr_par' dir='ltr' id='par_1_31' title="bbox 2062 1553 3631 1628">
     <span class='ocr_line' id='line_1_31' title="bbox 2062 1553 3631 1628; baseline 0.003 -21"><span class='ocrx_word' id='word_1_194' title='bbox 2062 1553 2346 1625; x_wconf 82' lang='grc' dir='ltr'>δαιμόνων,</span> <span class='ocrx_word' id='word_1_195' title='bbox 2368 1554 2467 1619; x_wconf 88' lang='grc' dir='ltr'><strong>τάς</strong></span> <span class='ocrx_word' id='word_1_196' title='bbox 2489 1555 2645 1626; x_wconf 82' lang='grc' dir='ltr'><strong>ώμάς</strong></span> <span class='ocrx_word' id='word_1_197' title='bbox 2661 1557 2752 1609; x_wconf 80' lang='grc' dir='ltr'><strong>καὶ</strong></span> <span class='ocrx_word' id='word_1_198' title='bbox 2774 1556 3035 1620; x_wconf 76' lang='grc' dir='ltr'><strong>ἐκτύπους</strong></span> <span class='ocrx_word' id='word_1_199' title='bbox 3053 1556 3520 1628; x_wconf 84' lang='grc' dir='ltr'>ἀνθρωποθυσίας,</span> <span class='ocrx_word' id='word_1_200' title='bbox 3549 1561 3631 1623; x_wconf 90' lang='grc' dir='ltr'><strong>εἰς</strong></span> 
     </span>
    </p>
   </div>
   <div class='ocr_carea' id='block_1_32' title="bbox 2061 1645 3639 1720">
    <p class='ocr_par' dir='ltr' id='par_1_32' title="bbox 2061 1645 3639 1720">
     <span class='ocr_line' id='line_1_32' title="bbox 2061 1645 3639 1720; baseline 0.002 -20"><span class='ocrx_word' id='word_1_201' title='bbox 2061 1645 2128 1711; x_wconf 78' lang='grc' dir='ltr'>ἃς</span> <span class='ocrx_word' id='word_1_202' title='bbox 2154 1647 2215 1700; x_wconf 85' lang='grc' dir='ltr'>τὸ</span> <span class='ocrx_word' id='word_1_203' title='bbox 2247 1646 2582 1720; x_wconf 88' lang='grc' dir='ltr'>ἀνθρώπειον</span> <span class='ocrx_word' id='word_1_204' title='bbox 2619 1647 2773 1717; x_wconf 89' lang='grc' dir='ltr'>γένος</span> <span class='ocrx_word' id='word_1_205' title='bbox 2813 1647 3117 1719; x_wconf 74' lang='grc' dir='ltr'>ἐξέμηναν;</span> <span class='ocrx_word' id='word_1_206' title='bbox 3144 1649 3253 1703; x_wconf 80' lang='grc' dir='ltr'><strong>Καὶ</strong></span> <span class='ocrx_word' id='word_1_207' title='bbox 3286 1649 3455 1703; x_wconf 79' lang='grc' dir='ltr'>ταῦτα</span> <span class='ocrx_word' id='word_1_208' title='bbox 3496 1651 3639 1720; x_wconf 74' lang='grc' dir='ltr'>γοῦν</span> 
     </span>
    </p>
   </div>
   <div class='ocr_carea' id='block_1_33' title="bbox 2063 1740 3632 1813">
    <p class='ocr_par' dir='ltr' id='par_1_33' title="bbox 2063 1740 3632 1813">
     <span class='ocr_line' id='line_1_33' title="bbox 2063 1740 3632 1813; baseline 0.002 -19"><span class='ocrx_word' id='word_1_209' title='bbox 2063 1742 2121 1795; x_wconf 90' lang='grc' dir='ltr'><strong>ἐν</strong></span> <span class='ocrx_word' id='word_1_210' title='bbox 2166 1744 2277 1805; x_wconf 85' lang='grc' dir='ltr'>τοῖς</span> <span class='ocrx_word' id='word_1_211' title='bbox 2313 1740 2743 1813; x_wconf 82' lang='grc' dir='ltr'>προηγουμένοις</span> <span class='ocrx_word' id='word_1_212' title='bbox 2779 1741 2880 1812; x_wconf 80' lang='grc' dir='ltr'>τῆς</span> <span class='ocrx_word' id='word_1_213' title='bbox 2923 1742 3059 1813; x_wconf 89' lang='grc' dir='ltr'><strong>μετά</strong></span> <span class='ocrx_word' id='word_1_214' title='bbox 3097 1746 3283 1813; x_wconf 85' lang='grc' dir='ltr'>χεῖρας</span> <span class='ocrx_word' id='word_1_215' title='bbox 3322 1743 3632 1807; x_wconf 80' lang='grc' dir='ltr'>ὑποθέσεως</span> 
     </span>
    </p>
   </div>
   <div class='ocr_carea' id='block_1_34' title="bbox 387 1827 1942 1910">
    <p class='ocr_par' dir='ltr' id='par_1_34' title="bbox 387 1834 1942 1910">
     <span class='ocr_line' id='line_1_34' title="bbox 387 1834 1942 1910; baseline 0.003 -24"><span class='ocrx_word' id='word_1_216' title='bbox 387 1834 651 1889; x_wconf 91' lang='lat' dir='ltr'><strong>malorum</strong></span> <span class='ocrx_word' id='word_1_217' title='bbox 687 1836 1013 1902; x_wconf 62' lang='lat' dir='ltr'><strong>daemonum,</strong></span> <span class='ocrx_word' id='word_1_218' title='bbox 1054 1839 1203 1892; x_wconf 90' lang='lat' dir='ltr'><strong>omni</strong></span> <span class='ocrx_word' id='word_1_219' title='bbox 1231 1838 1548 1894; x_wconf 86' lang='lat' dir='ltr'><strong>crudelitate</strong></span> <span class='ocrx_word' id='word_1_220' title='bbox 1580 1845 1741 1910; x_wconf 90' lang='lat' dir='ltr'><strong>atque</strong></span> <span class='ocrx_word' id='word_1_221' title='bbox 1772 1838 1942 1892; x_wconf 84' lang='lat' dir='ltr'><strong>imma</strong></span> 
     </span>
    </p>
   </div>
   <div class='ocr_carea' id='block_1_35' title="bbox 2044 1827 3641 1910">
    <p class='ocr_par' dir='ltr' id='par_1_35' title="bbox 2062 1831 3641 1905">
     <span class='ocr_line' id='line_1_35' title="bbox 2062 1831 3641 1905; baseline 0.001 -21"><span class='ocrx_word' id='word_1_222' title='bbox 2062 1833 2688 1905; x_wconf 85' lang='grc' dir='ltr'>προπαρεσκευασάμην.</span> <span class='ocrx_word' id='word_1_223' title='bbox 2719 1832 2878 1887; x_wconf 84' lang='grc' dir='ltr'>Ἀλλὰ</span> <span class='ocrx_word' id='word_1_224' title='bbox 2895 1832 3002 1905; x_wconf 81' lang='grc' dir='ltr'>γὰρ</span> <span class='ocrx_word' id='word_1_225' title='bbox 3027 1831 3290 1886; x_wconf 82' lang='grc' dir='ltr'>τοσούτων</span> <span class='ocrx_word' id='word_1_226' title='bbox 3311 1833 3496 1886; x_wconf 80' lang='grc' dir='ltr'>κακῶν</span> <span class='ocrx_word' id='word_1_227' title='bbox 3521 1833 3641 1886; x_wconf 71' lang='grc' dir='ltr'><strong>ὑπὸ⁴</strong></span> 
     </span>
    </p>
   </div>
   <div class='ocr_carea' id='block_1_36' title="bbox 386 1926 1952 2001">
    <p class='ocr_par' dir='ltr' id='par_1_36' title="bbox 386 1926 1952 2001">
     <span class='ocr_line' id='line_1_36' title="bbox 386 1926 1952 2001; baseline 0.004 -24"><span class='ocrx_word' id='word_1_228' title='bbox 386 1926 557 1982; x_wconf 88' lang='lat' dir='ltr'><strong>nitate</strong></span> <span class='ocrx_word' id='word_1_229' title='bbox 598 1926 826 1985; x_wconf 86' lang='lat' dir='ltr'><strong>refertas</strong></span> <span class='ocrx_word' id='word_1_230' title='bbox 865 1930 1129 1986; x_wconf 83' lang='lat' dir='ltr'><strong>humanas</strong></span> <span class='ocrx_word' id='word_1_231' title='bbox 1162 1931 1446 1997; x_wconf 80' lang='lat' dir='ltr'><strong>victimas,</strong></span> <span class='ocrx_word' id='word_1_232' title='bbox 1493 1931 1550 1985; x_wconf 89' lang='lat' dir='ltr'><strong>in</strong></span> <span class='ocrx_word' id='word_1_233' title='bbox 1582 1946 1719 2001; x_wconf 90' lang='lat' dir='ltr'><strong>quas</strong></span> <span class='ocrx_word' id='word_1_234' title='bbox 1757 1930 1952 1984; x_wconf 86' lang='lat' dir='ltr'><strong>buma-</strong></span> 
     </span>
    </p>
   </div>
   <div class='ocr_carea' id='block_1_37' title="bbox 385 2021 1950 2096">
    <p class='ocr_par' dir='ltr' id='par_1_37' title="bbox 385 2021 1950 2096">
     <span class='ocr_line' id='line_1_37' title="bbox 385 2021 1950 2096; baseline 0.007 -27"><span class='ocrx_word' id='word_1_235' title='bbox 385 2032 515 2070; x_wconf 88' lang='lat' dir='ltr'><strong>num</strong></span> <span class='ocrx_word' id='word_1_236' title='bbox 537 2034 709 2088; x_wconf 88' lang='lat' dir='ltr'><strong>genus</strong></span> <span class='ocrx_word' id='word_1_237' title='bbox 746 2021 990 2077; x_wconf 88' lang='lat' dir='ltr'><strong>insanire</strong></span> <span class='ocrx_word' id='word_1_238' title='bbox 1022 2024 1341 2094; x_wconf 74' lang='lat' dir='ltr'><strong>coegerant?</strong></span> <span class='ocrx_word' id='word_1_239' title='bbox 1391 2022 1517 2079; x_wconf 67' lang='lat' dir='ltr'><strong>Haec</strong></span> <span class='ocrx_word' id='word_1_240' title='bbox 1570 2024 1736 2096; x_wconf 79' lang='lat' dir='ltr'><strong>igitur</strong></span> <span class='ocrx_word' id='word_1_241' title='bbox 1776 2024 1830 2079; x_wconf 91' lang='lat' dir='ltr'><strong>in</strong></span> <span class='ocrx_word' id='word_1_242' title='bbox 1862 2024 1950 2087; x_wconf 89' lang='lat' dir='ltr'><strong>iis,</strong></span> 
     </span>
    </p>
   </div>
   <div class='ocr_carea' id='block_1_38' title="bbox 387 2113 1952 2187">
    <p class='ocr_par' dir='ltr' id='par_1_38' title="bbox 387 2113 1952 2187">
     <span class='ocr_line' id='line_1_38' title="bbox 387 2113 1952 2187; baseline 0.007 -25"><span class='ocrx_word' id='word_1_243' title='bbox 387 2123 508 2179; x_wconf 79' lang='lat' dir='ltr'><strong>qua:</strong></span> <span class='ocrx_word' id='word_1_244' title='bbox 537 2126 674 2182; x_wconf 93' lang='lat' dir='ltr'><strong>opus</strong></span> <span class='ocrx_word' id='word_1_245' title='bbox 708 2113 809 2169; x_wconf 83' lang='lat' dir='ltr'><strong>hoc</strong></span> <span class='ocrx_word' id='word_1_246' title='bbox 831 2123 1244 2171; x_wconf 88' lang='lat' dir='ltr'><strong>antecesserunt</strong></span> <span class='ocrx_word' id='word_1_247' title='bbox 1269 2116 1413 2187; x_wconf 89' lang='lat' dir='ltr'><strong>quod</strong></span> <span class='ocrx_word' id='word_1_248' title='bbox 1441 2132 1588 2173; x_wconf 90' lang='lat' dir='ltr'><strong>nunc</strong></span> <span class='ocrx_word' id='word_1_249' title='bbox 1613 2118 1668 2172; x_wconf 93' lang='lat' dir='ltr'><strong>in</strong></span> <span class='ocrx_word' id='word_1_250' title='bbox 1698 2117 1952 2173; x_wconf 88' lang='lat' dir='ltr'><strong>manibus</strong></span> 
     </span>
    </p>
   </div>
   <div class='ocr_carea' id='block_1_39' title="bbox 384 2202 1952 2281">
    <p class='ocr_par' dir='ltr' id='par_1_39' title="bbox 384 2202 1952 2281">
     <span class='ocr_line' id='line_1_39' title="bbox 384 2202 1952 2281; baseline 0.006 -27"><span class='ocrx_word' id='word_1_251' title='bbox 384 2209 488 2265; x_wconf 84' lang='lat' dir='ltr'><strong>est,</strong></span> <span class='ocrx_word' id='word_1_252' title='bbox 530 2202 646 2272; x_wconf 89' lang='lat' dir='ltr'><strong>ipse</strong></span> <span class='ocrx_word' id='word_1_253' title='bbox 676 2207 996 2276; x_wconf 65' lang='lat' dir='ltr'><strong>praeparavi.</strong></span> <span class='ocrx_word' id='word_1_254' title='bbox 1025 2206 1241 2262; x_wconf 87' lang='lat' dir='ltr'><strong>Etenim</strong></span> <span class='ocrx_word' id='word_1_255' title='bbox 1272 2223 1396 2263; x_wconf 89' lang='lat' dir='ltr'><strong>cum</strong></span> <span class='ocrx_word' id='word_1_256' title='bbox 1424 2217 1502 2264; x_wconf 89' lang='lat' dir='ltr'><strong>tot</strong></span> <span class='ocrx_word' id='word_1_257' title='bbox 1532 2210 1672 2266; x_wconf 91' lang='lat' dir='ltr'><strong>mala</strong></span> <span class='ocrx_word' id='word_1_258' title='bbox 1702 2224 1732 2262; x_wconf 87' lang='lat' dir='ltr'><strong>a</strong></span> <span class='ocrx_word' id='word_1_259' title='bbox 1766 2209 1952 2281; x_wconf 88' lang='lat' dir='ltr'><strong>perni-</strong></span> 
     </span>
    </p>
   </div>
   <div class='ocr_carea' id='block_1_40' title="bbox 381 2290 1952 2374">
    <p class='ocr_par' dir='ltr' id='par_1_40' title="bbox 381 2290 1952 2374">
     <span class='ocr_line' id='line_1_40' title="bbox 381 2290 1952 2374; baseline 0.008 -27"><span class='ocrx_word' id='word_1_260' title='bbox 381 2295 549 2351; x_wconf 88' lang='lat' dir='ltr'><strong>ciosis</strong></span> <span class='ocrx_word' id='word_1_261' title='bbox 577 2305 629 2351; x_wconf 87' lang='lat' dir='ltr'><strong>et</strong></span> <span class='ocrx_word' id='word_1_262' title='bbox 657 2290 843 2367; x_wconf 81' lang='lat' dir='ltr'><strong>pravis</strong></span> <span class='ocrx_word' id='word_1_263' title='bbox 874 2299 1180 2370; x_wconf 90' lang='lat' dir='ltr'><strong>spiritibus,</strong></span> <span class='ocrx_word' id='word_1_264' title='bbox 1217 2316 1434 2358; x_wconf 88' lang='lat' dir='ltr'><strong>necnon</strong></span> <span class='ocrx_word' id='word_1_265' title='bbox 1467 2303 1536 2358; x_wconf 91' lang='lat' dir='ltr'><strong>ab</strong></span> <span class='ocrx_word' id='word_1_266' title='bbox 1562 2318 1648 2367; x_wconf 89' lang='lat' dir='ltr'><strong>eo,</strong></span> <span class='ocrx_word' id='word_1_267' title='bbox 1679 2304 1773 2374; x_wconf 92' lang='lat' dir='ltr'><strong>qui</strong></span> <span class='ocrx_word' id='word_1_268' title='bbox 1798 2304 1854 2358; x_wconf 90' lang='lat' dir='ltr'><strong>in</strong></span> <span class='ocrx_word' id='word_1_269' title='bbox 1882 2303 1952 2360; x_wconf 88' lang='lat' dir='ltr'><strong>iis</strong></span> 
     </span>
    </p>
   </div>
   <div class='ocr_carea' id='block_1_41' title="bbox 379 2388 1945 2465">
    <p class='ocr_par' dir='ltr' id='par_1_41' title="bbox 379 2388 1945 2465">
     <span class='ocr_line' id='line_1_41' title="bbox 379 2388 1945 2465; baseline 0.004 -24"><span class='ocrx_word' id='word_1_270' title='bbox 379 2388 548 2444; x_wconf 86' lang='lat' dir='ltr'><strong>totius</strong></span> <span class='ocrx_word' id='word_1_271' title='bbox 573 2390 723 2446; x_wconf 84' lang='lat' dir='ltr'><strong>orbis</strong></span> <span class='ocrx_word' id='word_1_272' title='bbox 739 2392 1083 2463; x_wconf 86' lang='lat' dir='ltr'><strong>tyrannidem</strong></span> <span class='ocrx_word' id='word_1_273' title='bbox 1108 2403 1426 2464; x_wconf 85' lang='lat' dir='ltr'><strong>occuparat,</strong></span> <span class='ocrx_word' id='word_1_274' title='bbox 1448 2395 1728 2465; x_wconf 86' lang='lat' dir='ltr'><strong>proposita</strong></span> <span class='ocrx_word' id='word_1_275' title='bbox 1741 2404 1945 2462; x_wconf 86' lang='lat' dir='ltr'><strong>essent,</strong></span> 
     </span>
    </p>
   </div>
   <div class='ocr_carea' id='block_1_42' title="bbox 378 2480 1944 2554">
    <p class='ocr_par' dir='ltr' id='par_1_42' title="bbox 378 2480 1944 2554">
     <span class='ocr_line' id='line_1_42' title="bbox 378 2480 1944 2554; baseline 0.004 -21"><span class='ocrx_word' id='word_1_276' title='bbox 378 2480 668 2549; x_wconf 84' lang='lat' dir='ltr'><strong>nullusque</strong></span> <span class='ocrx_word' id='word_1_277' title='bbox 708 2497 898 2537; x_wconf 87' lang='lat' dir='ltr'><strong>eorum</strong></span> <span class='ocrx_word' id='word_1_278' title='bbox 944 2483 1262 2554; x_wconf 85' lang='lat' dir='ltr'><strong>angelorum</strong></span> <span class='ocrx_word' id='word_1_279' title='bbox 1296 2484 1390 2553; x_wconf 92' lang='lat' dir='ltr'><strong>qui</strong></span> <span class='ocrx_word' id='word_1_280' title='bbox 1424 2483 1663 2553; x_wconf 73' lang='lat' dir='ltr'><strong>prmfecti</strong></span> <span class='ocrx_word' id='word_1_281' title='bbox 1706 2483 1944 2553; x_wconf 79' lang='lat' dir='ltr'><strong>fuerant,</strong></span> 
     </span>
    </p>
   </div>
   <div class='ocr_carea' id='block_1_43' title="bbox 377 2573 1946 2641">
    <p class='ocr_par' dir='ltr' id='par_1_43' title="bbox 377 2573 1946 2641">
     <span class='ocr_line' id='line_1_43' title="bbox 377 2573 1946 2641; baseline 0.006 -16"><span class='ocrx_word' id='word_1_282' title='bbox 377 2574 533 2629; x_wconf 88' lang='lat' dir='ltr'><strong>malis</strong></span> <span class='ocrx_word' id='word_1_283' title='bbox 581 2573 868 2629; x_wconf 88' lang='lat' dir='ltr'><strong>subvenire</strong></span> <span class='ocrx_word' id='word_1_284' title='bbox 922 2582 1067 2630; x_wconf 89' lang='lat' dir='ltr'><strong>esset</strong></span> <span class='ocrx_word' id='word_1_285' title='bbox 1118 2575 1377 2641; x_wconf 89' lang='lat' dir='ltr'><strong>idoneus,</strong></span> <span class='ocrx_word' id='word_1_286' title='bbox 1428 2578 1623 2633; x_wconf 89' lang='lat' dir='ltr'><strong>merito</strong></span> <span class='ocrx_word' id='word_1_287' title='bbox 1665 2578 1797 2633; x_wconf 91' lang='lat' dir='ltr'><strong>illud</strong></span> <span class='ocrx_word' id='word_1_288' title='bbox 1851 2577 1946 2634; x_wconf 90' lang='lat' dir='ltr'><strong>Dei</strong></span> 
     </span>
    </p>
   </div>
   <div class='ocr_carea' id='block_1_44' title="bbox 379 2665 1944 2735">
    <p class='ocr_par' dir='ltr' id='par_1_44' title="bbox 379 2665 1944 2735">
     <span class='ocr_line' id='line_1_44' title="bbox 379 2665 1944 2735; baseline 0.006 -16"><span class='ocrx_word' id='word_1_289' title='bbox 379 2665 636 2733; x_wconf 76' lang='lat' dir='ltr'><strong>Verbum,</strong></span> <span class='ocrx_word' id='word_1_290' title='bbox 671 2667 761 2721; x_wconf 84' lang='lat' dir='ltr'><strong>ille</strong></span> <span class='ocrx_word' id='word_1_291' title='bbox 791 2666 1040 2721; x_wconf 80' lang='lat' dir='ltr'><strong>Salvator</strong></span> <span class='ocrx_word' id='word_1_292' title='bbox 1064 2669 1326 2735; x_wconf 86' lang='lat' dir='ltr'><strong>universi,</strong></span> <span class='ocrx_word' id='word_1_293' title='bbox 1349 2670 1576 2726; x_wconf 88' lang='lat' dir='ltr'><strong>salutari</strong></span> <span class='ocrx_word' id='word_1_294' title='bbox 1604 2678 1740 2726; x_wconf 94' lang='lat' dir='ltr'><strong>nutu</strong></span> <span class='ocrx_word' id='word_1_295' title='bbox 1763 2670 1944 2729; x_wconf 90' lang='lat' dir='ltr'><strong>Patris</strong></span> 
     </span>
    </p>
   </div>
   <div class='ocr_carea' id='block_1_45' title="bbox 378 2758 1942 2834">
    <p class='ocr_par' dir='ltr' id='par_1_45' title="bbox 378 2758 1942 2834">
     <span class='ocr_line' id='line_1_45' title="bbox 378 2758 1942 2834; baseline 0.004 -22"><span class='ocrx_word' id='word_1_296' title='bbox 378 2759 469 2827; x_wconf 81' lang='lat' dir='ltr'><strong>qui</strong></span> <span class='ocrx_word' id='word_1_297' title='bbox 493 2758 714 2812; x_wconf 86' lang='lat' dir='ltr'><strong>humani</strong></span> <span class='ocrx_word' id='word_1_298' title='bbox 737 2760 954 2830; x_wconf 84' lang='lat' dir='ltr'><strong>generis</strong></span> <span class='ocrx_word' id='word_1_299' title='bbox 979 2771 1062 2815; x_wconf 88' lang='lat' dir='ltr'><strong>est</strong></span> <span class='ocrx_word' id='word_1_300' title='bbox 1081 2761 1513 2827; x_wconf 85' lang='lat' dir='ltr'><strong>amantissimus,</strong></span> <span class='ocrx_word' id='word_1_301' title='bbox 1540 2778 1610 2818; x_wconf 91' lang='lat' dir='ltr'><strong>ne</strong></span> <span class='ocrx_word' id='word_1_302' title='bbox 1636 2763 1741 2818; x_wconf 90' lang='lat' dir='ltr'><strong>hoc</strong></span> <span class='ocrx_word' id='word_1_303' title='bbox 1766 2764 1942 2834; x_wconf 89' lang='lat' dir='ltr'><strong>ipsum</strong></span> 
     </span>
    </p>
   </div>
   <div class='ocr_carea' id='block_1_46' title="bbox 378 2851 1945 2925">
    <p class='ocr_par' dir='ltr' id='par_1_46' title="bbox 378 2851 1945 2925">
     <span class='ocr_line' id='line_1_46' title="bbox 378 2851 1945 2925; baseline 0.005 -21"><span class='ocrx_word' id='word_1_304' title='bbox 378 2852 454 2905; x_wconf 90' lang='lat' dir='ltr'><strong>illi</strong></span> <span class='ocrx_word' id='word_1_305' title='bbox 481 2859 589 2905; x_wconf 90' lang='lat' dir='ltr'><strong>tam</strong></span> <span class='ocrx_word' id='word_1_306' title='bbox 619 2851 844 2905; x_wconf 84' lang='lat' dir='ltr'><strong>charum</strong></span> <span class='ocrx_word' id='word_1_307' title='bbox 877 2868 1072 2923; x_wconf 88' lang='lat' dir='ltr'><strong>genus,</strong></span> <span class='ocrx_word' id='word_1_308' title='bbox 1104 2854 1159 2907; x_wconf 90' lang='lat' dir='ltr'><strong>in</strong></span> <span class='ocrx_word' id='word_1_309' title='bbox 1191 2854 1489 2924; x_wconf 88' lang='lat' dir='ltr'><strong>impietatis</strong></span> <span class='ocrx_word' id='word_1_310' title='bbox 1521 2855 1792 2925; x_wconf 87' lang='lat' dir='ltr'><strong>profundo</strong></span> <span class='ocrx_word' id='word_1_311' title='bbox 1823 2872 1945 2912; x_wconf 83' lang='lat' dir='ltr'><strong>ver-</strong></span> 
     </span>
    </p>
   </div>
   <div class='ocr_carea' id='block_1_47' title="bbox 376 2944 1944 3017">
    <p class='ocr_par' dir='ltr' id='par_1_47' title="bbox 376 2944 1944 3017">
     <span class='ocr_line' id='line_1_47' title="bbox 376 2944 1944 3017; baseline 0.004 -20"><span class='ocrx_word' id='word_1_312' title='bbox 376 2954 612 3008; x_wconf 74' lang='lat' dir='ltr'><strong>saretur,</strong></span> <span class='ocrx_word' id='word_1_313' title='bbox 638 2952 796 2998; x_wconf 86' lang='lat' dir='ltr'><strong>antea</strong></span> <span class='ocrx_word' id='word_1_314' title='bbox 832 2944 1049 3014; x_wconf 86' lang='lat' dir='ltr'><strong>quidem</strong></span> <span class='ocrx_word' id='word_1_315' title='bbox 1084 2946 1312 3016; x_wconf 85' lang='lat' dir='ltr'><strong>exiguos</strong></span> <span class='ocrx_word' id='word_1_316' title='bbox 1337 2946 1622 3017; x_wconf 89' lang='lat' dir='ltr'><strong>quosdam,</strong></span> <span class='ocrx_word' id='word_1_317' title='bbox 1657 2955 1820 3017; x_wconf 90' lang='lat' dir='ltr'><strong>atque</strong></span> <span class='ocrx_word' id='word_1_318' title='bbox 1848 2949 1944 3003; x_wconf 80' lang='lat' dir='ltr'><strong>ob-</strong></span> 
     </span>
    </p>
   </div>
   <div class='ocr_carea' id='block_1_48' title="bbox 371 3037 1940 3111">
    <p class='ocr_par' dir='ltr' id='par_1_48' title="bbox 371 3037 1940 3111">
     <span class='ocr_line' id='line_1_48' title="bbox 371 3037 1940 3111; baseline 0 -18"><span class='ocrx_word' id='word_1_319' title='bbox 371 3051 565 3093; x_wconf 77' lang='lat' dir='ltr'><strong>scuros</strong></span> <span class='ocrx_word' id='word_1_320' title='bbox 582 3037 812 3107; x_wconf 74' lang='lat' dir='ltr'><strong>propriae</strong></span> <span class='ocrx_word' id='word_1_321' title='bbox 831 3038 969 3093; x_wconf 90' lang='lat' dir='ltr'><strong>lucis</strong></span> <span class='ocrx_word' id='word_1_322' title='bbox 990 3037 1193 3103; x_wconf 89' lang='lat' dir='ltr'><strong>radios,</strong></span> <span class='ocrx_word' id='word_1_323' title='bbox 1219 3054 1316 3109; x_wconf 91' lang='lat' dir='ltr'><strong>per</strong></span> <span class='ocrx_word' id='word_1_324' title='bbox 1339 3038 1655 3111; x_wconf 87' lang='lat' dir='ltr'><strong>prophetam</strong></span> <span class='ocrx_word' id='word_1_325' title='bbox 1679 3038 1940 3110; x_wconf 86' lang='lat' dir='ltr'><strong>Moysem,</strong></span> 
     </span>
    </p>
   </div>
   <div class='ocr_carea' id='block_1_49' title="bbox 371 3128 1938 3201">
    <p class='ocr_par' dir='ltr' id='par_1_49' title="bbox 371 3128 1938 3201">
     <span class='ocr_line' id='line_1_49' title="bbox 371 3128 1938 3201; baseline 0.001 -18"><span class='ocrx_word' id='word_1_326' title='bbox 371 3145 577 3200; x_wconf 76' lang='lat' dir='ltr'><strong>perque</strong></span> <span class='ocrx_word' id='word_1_327' title='bbox 609 3143 703 3185; x_wconf 91' lang='lat' dir='ltr'><strong>eos</strong></span> <span class='ocrx_word' id='word_1_328' title='bbox 731 3128 828 3183; x_wconf 87' lang='lat' dir='ltr'><strong>Dei</strong></span> <span class='ocrx_word' id='word_1_329' title='bbox 855 3130 1062 3185; x_wconf 88' lang='lat' dir='ltr'><strong>amicos</strong></span> <span class='ocrx_word' id='word_1_330' title='bbox 1089 3130 1259 3196; x_wconf 87' lang='lat' dir='ltr'><strong>viros,</strong></span> <span class='ocrx_word' id='word_1_331' title='bbox 1293 3131 1387 3201; x_wconf 88' lang='lat' dir='ltr'><strong>qui</strong></span> <span class='ocrx_word' id='word_1_332' title='bbox 1418 3139 1471 3187; x_wconf 91' lang='lat' dir='ltr'><strong>et</strong></span> <span class='ocrx_word' id='word_1_333' title='bbox 1511 3140 1636 3188; x_wconf 89' lang='lat' dir='ltr'><strong>ante</strong></span> <span class='ocrx_word' id='word_1_334' title='bbox 1674 3132 1850 3197; x_wconf 90' lang='lat' dir='ltr'><strong>illum,</strong></span> <span class='ocrx_word' id='word_1_335' title='bbox 1884 3140 1938 3187; x_wconf 92' lang='lat' dir='ltr'><strong>et</strong></span> 
     </span>
    </p>
   </div>
   <div class='ocr_carea' id='block_1_50' title="bbox 369 3222 2005 3307">
    <p class='ocr_par' dir='ltr' id='par_1_50' title="bbox 369 3222 2005 3307">
     <span class='ocr_line' id='line_1_50' title="bbox 369 3222 2005 3307; baseline -0.001 -29"><span class='ocrx_word' id='word_1_336' title='bbox 369 3232 496 3293; x_wconf 85' lang='lat' dir='ltr'><strong>post</strong></span> <span class='ocrx_word' id='word_1_337' title='bbox 536 3223 686 3277; x_wconf 90' lang='lat' dir='ltr'><strong>illum</strong></span> <span class='ocrx_word' id='word_1_338' title='bbox 719 3222 1045 3286; x_wconf 76' lang='lat' dir='ltr'><strong>floruerunt,</strong></span> <span class='ocrx_word' id='word_1_339' title='bbox 1090 3222 1292 3286; x_wconf 89' lang='lat' dir='ltr'><strong>emisit,</strong></span> <span class='ocrx_word' id='word_1_340' title='bbox 1325 3222 1406 3278; x_wconf 89' lang='lat' dir='ltr'><strong>sic</strong></span> <span class='ocrx_word' id='word_1_341' title='bbox 1435 3226 1624 3294; x_wconf 83' lang='lat' dir='ltr'><strong>utique</strong></span> <span class='ocrx_word' id='word_1_342' title='bbox 1653 3223 1934 3277; x_wconf 90' lang='lat' dir='ltr'><strong>hominum</strong></span> <span class='ocrx_word' id='word_1_343' title='bbox 1964 3250 2005 3307; x_wconf 68' lang='grc' dir='ltr'><strong>ρ</strong></span> 
     </span>
    </p>
   </div>
   <div class='ocr_carea' id='block_1_51' title="bbox 368 3314 1933 3386">
    <p class='ocr_par' dir='ltr' id='par_1_51' title="bbox 368 3314 1933 3386">
     <span class='ocr_line' id='line_1_51' title="bbox 368 3314 1933 3386; baseline -0.001 -16"><span class='ocrx_word' id='word_1_344' title='bbox 368 3317 530 3371; x_wconf 86' lang='lat' dir='ltr'><strong>malis</strong></span> <span class='ocrx_word' id='word_1_345' title='bbox 559 3314 882 3381; x_wconf 86' lang='lat' dir='ltr'><strong>remedium,</strong></span> <span class='ocrx_word' id='word_1_346' title='bbox 918 3315 974 3368; x_wconf 91' lang='lat' dir='ltr'><strong>in</strong></span> <span class='ocrx_word' id='word_1_347' title='bbox 1011 3315 1374 3370; x_wconf 85' lang='lat' dir='ltr'><strong>sacrosanctis</strong></span> <span class='ocrx_word' id='word_1_348' title='bbox 1417 3314 1629 3386; x_wconf 84' lang='lat' dir='ltr'><strong>legibus</strong></span> <span class='ocrx_word' id='word_1_349' title='bbox 1679 3314 1933 3371; x_wconf 77' lang='lat' dir='ltr'><strong>afferens.</strong></span> 
     </span>
    </p>
   </div>
   <div class='ocr_carea' id='block_1_52' title="bbox 367 3404 1939 3478">
    <p class='ocr_par' dir='ltr' id='par_1_52' title="bbox 367 3404 1939 3478">
     <span class='ocr_line' id='line_1_52' title="bbox 367 3404 1939 3478; baseline -0.001 -17"><span class='ocrx_word' id='word_1_350' title='bbox 367 3407 606 3462; x_wconf 87' lang='lat' dir='ltr'><strong>Proinde</strong></span> <span class='ocrx_word' id='word_1_351' title='bbox 635 3409 715 3463; x_wconf 89' lang='lat' dir='ltr'><strong>sic</strong></span> <span class='ocrx_word' id='word_1_352' title='bbox 747 3408 904 3478; x_wconf 88' lang='lat' dir='ltr'><strong>plane</strong></span> <span class='ocrx_word' id='word_1_353' title='bbox 940 3406 1117 3477; x_wconf 91' lang='lat' dir='ltr'><strong>ipsum</strong></span> <span class='ocrx_word' id='word_1_354' title='bbox 1165 3404 1258 3460; x_wconf 91' lang='lat' dir='ltr'><strong>Dei</strong></span> <span class='ocrx_word' id='word_1_355' title='bbox 1297 3406 1554 3471; x_wconf 84' lang='lat' dir='ltr'><strong>Verbum,</strong></span> <span class='ocrx_word' id='word_1_356' title='bbox 1597 3407 1665 3462; x_wconf 89' lang='lat' dir='ltr'><strong>ad</strong></span> <span class='ocrx_word' id='word_1_357' title='bbox 1710 3406 1939 3462; x_wconf 82' lang='lat' dir='ltr'><strong>Hebrai-</strong></span> 
     </span>
    </p>
   </div>
   <div class='ocr_carea' id='block_1_53' title="bbox 367 3497 1933 3573">
    <p class='ocr_par' dir='ltr' id='par_1_53' title="bbox 367 3497 1933 3573">
     <span class='ocr_line' id='line_1_53' title="bbox 367 3497 1933 3573; baseline -0.003 -16"><span class='ocrx_word' id='word_1_358' title='bbox 367 3516 484 3557; x_wconf 91' lang='lat' dir='ltr'><strong>cam</strong></span> <span class='ocrx_word' id='word_1_359' title='bbox 513 3509 727 3573; x_wconf 88' lang='lat' dir='ltr'><strong>gentem</strong></span> <span class='ocrx_word' id='word_1_360' title='bbox 763 3499 915 3566; x_wconf 89' lang='lat' dir='ltr'><strong>dicit,</strong></span> <span class='ocrx_word' id='word_1_361' title='bbox 963 3499 1055 3554; x_wconf 91' lang='lat' dir='ltr'><strong>ubi</strong></span> <span class='ocrx_word' id='word_1_362' title='bbox 1108 3515 1204 3569; x_wconf 86' lang='lat' dir='ltr'><strong>per</strong></span> <span class='ocrx_word' id='word_1_363' title='bbox 1248 3497 1484 3570; x_wconf 84' lang='lat' dir='ltr'><strong>Moysem</strong></span> <span class='ocrx_word' id='word_1_364' title='bbox 1507 3501 1663 3571; x_wconf 72' lang='lat' dir='ltr'><strong>leges</strong></span> <span class='ocrx_word' id='word_1_365' title='bbox 1702 3500 1780 3554; x_wconf 90' lang='lat' dir='ltr'><strong>illi</strong></span> <span class='ocrx_word' id='word_1_366' title='bbox 1817 3499 1933 3564; x_wconf 87' lang='lat' dir='ltr'><strong>dat,</strong></span> 
     </span>
    </p>
   </div>
   <div class='ocr_carea' id='block_1_54' title="bbox 370 3586 1934 3659">
    <p class='ocr_par' dir='ltr' id='par_1_54' title="bbox 370 3586 1934 3659">
     <span class='ocr_line' id='line_1_54' title="bbox 370 3586 1934 3659; baseline 0.003 -22"><span class='ocrx_word' id='word_1_367' title='bbox 370 3587 527 3658; x_wconf 74' lang='lat'><strong>162</strong></span> <span class='ocrx_word' id='word_1_368' title='bbox 577 3605 594 3638; x_wconf 84' lang='grc' dir='ltr'><strong>ι</strong></span> <span class='ocrx_word' id='word_1_369' title='bbox 625 3586 921 3643; x_wconf 88' lang='lat' dir='ltr'><strong>secundum</strong></span> <span class='ocrx_word' id='word_1_370' title='bbox 975 3587 1227 3641; x_wconf 88' lang='lat' dir='ltr'><strong>instituta</strong></span> <span class='ocrx_word' id='word_1_371' title='bbox 1263 3594 1421 3642; x_wconf 60' lang='lat' dir='ltr'><strong>terra:</strong></span> <span class='ocrx_word' id='word_1_372' title='bbox 1452 3586 1673 3659; x_wconf 65' lang='lat' dir='ltr'><strong>Egypti</strong></span> <span class='ocrx_word' id='word_1_373' title='bbox 1723 3589 1778 3643; x_wconf 91' lang='lat' dir='ltr'><strong>in</strong></span> <span class='ocrx_word' id='word_1_374' title='bbox 1826 3604 1934 3659; x_wconf 90' lang='lat' dir='ltr'><strong>qua</strong></span> 
     </span>
    </p>
   </div>
   <div class='ocr_carea' id='block_1_55' title="bbox 367 3676 1934 3743">
    <p class='ocr_par' dir='ltr' id='par_1_55' title="bbox 367 3676 1934 3743">
     <span class='ocr_line' id='line_1_55' title="bbox 367 3676 1934 3743; baseline 0 -11"><span class='ocrx_word' id='word_1_375' title='bbox 367 3678 677 3743; x_wconf 86' lang='lat' dir='ltr'><strong>habitastis,</strong></span> <span class='ocrx_word' id='word_1_376' title='bbox 733 3693 844 3732; x_wconf 88' lang='lat' dir='ltr'><strong>non</strong></span> <span class='ocrx_word' id='word_1_377' title='bbox 894 3676 1106 3732; x_wconf 85' lang='lat' dir='ltr'><strong>facietis</strong></span> <span class='ocrx_word' id='word_1_378' title='bbox 1158 3696 1172 3733; x_wconf 88' lang='lat'><strong>:</strong></span> <span class='ocrx_word' id='word_1_379' title='bbox 1218 3683 1273 3731; x_wconf 93' lang='lat' dir='ltr'><strong>et</strong></span> <span class='ocrx_word' id='word_1_380' title='bbox 1331 3679 1631 3733; x_wconf 88' lang='lat' dir='ltr'><strong>secundum</strong></span> <span class='ocrx_word' id='word_1_381' title='bbox 1682 3678 1934 3733; x_wconf 90' lang='lat' dir='ltr'><strong>instituta</strong></span> 
     </span>
    </p>
   </div>
   <div class='ocr_carea' id='block_1_56' title="bbox 363 3767 1932 3838">
    <p class='ocr_par' dir='ltr' id='par_1_56' title="bbox 363 3767 1932 3838">
     <span class='ocr_line' id='line_1_56' title="bbox 363 3767 1932 3838; baseline 0.002 -17"><span class='ocrx_word' id='word_1_382' title='bbox 363 3777 523 3823; x_wconf 75' lang='lat' dir='ltr'><strong>terra:</strong></span> <span class='ocrx_word' id='word_1_383' title='bbox 549 3768 805 3823; x_wconf 84' lang='lat' dir='ltr'><strong>Chanaan</strong></span> <span class='ocrx_word' id='word_1_384' title='bbox 831 3808 846 3832; x_wconf 90' lang='lat'><strong>,</strong></span> <span class='ocrx_word' id='word_1_385' title='bbox 880 3767 948 3822; x_wconf 90' lang='lat' dir='ltr'><strong>ad</strong></span> <span class='ocrx_word' id='word_1_386' title='bbox 977 3782 1139 3838; x_wconf 86' lang='lat' dir='ltr'><strong>quam</strong></span> <span class='ocrx_word' id='word_1_387' title='bbox 1173 3783 1272 3838; x_wconf 85' lang='lat' dir='ltr'><strong>ego</strong></span> <span class='ocrx_word' id='word_1_388' title='bbox 1306 3767 1646 3823; x_wconf 88' lang='lat' dir='ltr'><strong>introducam</strong></span> <span class='ocrx_word' id='word_1_389' title='bbox 1677 3784 1794 3831; x_wconf 85' lang='lat' dir='ltr'><strong>vos,</strong></span> <span class='ocrx_word' id='word_1_390' title='bbox 1823 3785 1932 3824; x_wconf 87' lang='lat' dir='ltr'><strong>non</strong></span> 
     </span>
    </p>
   </div>
   <div class='ocr_carea' id='block_1_57' title="bbox 365 3856 1927 3929">
    <p class='ocr_par' dir='ltr' id='par_1_57' title="bbox 365 3856 1927 3929">
     <span class='ocr_line' id='line_1_57' title="bbox 365 3856 1927 3929; baseline 0.002 -17"><span class='ocrx_word' id='word_1_391' title='bbox 365 3858 579 3914; x_wconf 85' lang='lat' dir='ltr'><strong>facietis</strong></span> <span class='ocrx_word' id='word_1_392' title='bbox 621 3878 634 3913; x_wconf 88' lang='lat'>:</span> <span class='ocrx_word' id='word_1_393' title='bbox 680 3870 735 3913; x_wconf 88' lang='lat' dir='ltr'><strong>et</strong></span> <span class='ocrx_word' id='word_1_394' title='bbox 783 3858 838 3912; x_wconf 91' lang='lat' dir='ltr'><strong>in</strong></span> <span class='ocrx_word' id='word_1_395' title='bbox 874 3859 1082 3929; x_wconf 83' lang='lat' dir='ltr'><strong>legibus</strong></span> <span class='ocrx_word' id='word_1_396' title='bbox 1129 3856 1346 3911; x_wconf 85' lang='lat' dir='ltr'><strong>illorum</strong></span> <span class='ocrx_word' id='word_1_397' title='bbox 1400 3872 1511 3913; x_wconf 89' lang='lat' dir='ltr'><strong>non</strong></span> <span class='ocrx_word' id='word_1_398' title='bbox 1559 3858 1927 3915; x_wconf 89' lang='lat' dir='ltr'><strong>ambulabitis.</strong></span> 
     </span>
    </p>
   </div>
   <div class='ocr_carea' id='block_1_58' title="bbox 362 3948 1928 4018">
    <p class='ocr_par' dir='ltr' id='par_1_58' title="bbox 362 3948 1928 4018">
     <span class='ocr_line' id='line_1_58' title="bbox 362 3948 1928 4018; baseline 0.002 -14"><span class='ocrx_word' id='word_1_399' title='bbox 362 3948 574 4004; x_wconf 78' lang='lat' dir='ltr'><strong>Judicia</strong></span> <span class='ocrx_word' id='word_1_400' title='bbox 607 3964 726 4004; x_wconf 92' lang='lat' dir='ltr'><strong>mea</strong></span> <span class='ocrx_word' id='word_1_401' title='bbox 760 3948 995 4014; x_wconf 83' lang='lat' dir='ltr'><strong>facietis,</strong></span> <span class='ocrx_word' id='word_1_402' title='bbox 1033 3957 1088 4004; x_wconf 90' lang='lat' dir='ltr'><strong>et</strong></span> <span class='ocrx_word' id='word_1_403' title='bbox 1126 3957 1396 4018; x_wconf 84' lang='lat' dir='ltr'><strong>praecepta</strong></span> <span class='ocrx_word' id='word_1_404' title='bbox 1434 3964 1553 4005; x_wconf 89' lang='lat' dir='ltr'><strong>mea</strong></span> <span class='ocrx_word' id='word_1_405' title='bbox 1590 3952 1881 4007; x_wconf 81' lang='lat' dir='ltr'><strong>servabitis</strong></span> <span class='ocrx_word' id='word_1_406' title='bbox 1914 3972 1928 4007; x_wconf 90' lang='lat'><strong>:</strong></span> 
     </span>
    </p>
   </div>
   <div class='ocr_carea' id='block_1_59' title="bbox 360 4039 1932 4111">
    <p class='ocr_par' dir='ltr' id='par_1_59' title="bbox 360 4039 1932 4111">
     <span class='ocr_line' id='line_1_59' title="bbox 360 4039 1932 4111; baseline 0.002 -16"><span class='ocrx_word' id='word_1_407' title='bbox 360 4055 462 4111; x_wconf 88' lang='lat' dir='ltr'><strong>ego</strong></span> <span class='ocrx_word' id='word_1_408' title='bbox 498 4056 619 4095; x_wconf 89' lang='lat' dir='ltr'><strong>sum</strong></span> <span class='ocrx_word' id='word_1_409' title='bbox 650 4039 913 4096; x_wconf 85' lang='lat' dir='ltr'><strong>Dominus</strong></span> <span class='ocrx_word' id='word_1_410' title='bbox 947 4039 1092 4095; x_wconf 88' lang='lat' dir='ltr'><strong>Deus</strong></span> <span class='ocrx_word' id='word_1_411' title='bbox 1118 4047 1298 4096; x_wconf 87' lang='lat' dir='ltr'><strong>vester</strong></span> <span class='ocrx_word' id='word_1_412' title='bbox 1320 4041 1362 4096; x_wconf 69' lang='grc' dir='ltr'><strong>ί.</strong></span> <span class='ocrx_word' id='word_1_413' title='bbox 1401 4059 1421 4092; x_wconf 75' lang='grc' dir='ltr'><strong>ι</strong></span> <span class='ocrx_word' id='word_1_414' title='bbox 1458 4040 1663 4098; x_wconf 90' lang='lat' dir='ltr'><strong>Deinde</strong></span> <span class='ocrx_word' id='word_1_415' title='bbox 1700 4044 1790 4099; x_wconf 90' lang='lat' dir='ltr'><strong>ubi</strong></span> <span class='ocrx_word' id='word_1_416' title='bbox 1813 4060 1932 4099; x_wconf 91' lang='lat' dir='ltr'><strong>om-</strong></span> 
     </span>
    </p>
   </div>
   <div class='ocr_carea' id='block_1_60' title="bbox 368 4129 1931 4205">
    <p class='ocr_par' dir='ltr' id='par_1_60' title="bbox 368 4129 1931 4205">
     <span class='ocr_line' id='line_1_60' title="bbox 368 4129 1931 4205; baseline 0.003 -20"><span class='ocrx_word' id='word_1_417' title='bbox 368 4132 465 4185; x_wconf 22' lang='lat' dir='ltr'><strong>nia“</strong></span> <span class='ocrx_word' id='word_1_418' title='bbox 486 4129 788 4194; x_wconf 79' lang='lat' dir='ltr'><strong>interdixit,</strong></span> <span class='ocrx_word' id='word_1_419' title='bbox 820 4138 874 4184; x_wconf 91' lang='lat' dir='ltr'><strong>et</strong></span> <span class='ocrx_word' id='word_1_420' title='bbox 904 4129 1158 4185; x_wconf 87' lang='lat' dir='ltr'><strong>infandas</strong></span> <span class='ocrx_word' id='word_1_421' title='bbox 1196 4130 1439 4202; x_wconf 88' lang='lat' dir='ltr'><strong>nuptias,</strong></span> <span class='ocrx_word' id='word_1_422' title='bbox 1483 4141 1534 4187; x_wconf 83' lang='lat' dir='ltr'><strong>et</strong></span> <span class='ocrx_word' id='word_1_423' title='bbox 1561 4147 1722 4189; x_wconf 88' lang='lat' dir='ltr'><strong>omne</strong></span> <span class='ocrx_word' id='word_1_424' title='bbox 1751 4134 1931 4205; x_wconf 87' lang='lat' dir='ltr'><strong>impu-</strong></span> 
     </span>
    </p>
   </div>
   <div class='ocr_carea' id='block_1_61' title="bbox 362 4221 1930 4304">
    <p class='ocr_par' dir='ltr' id='par_1_61' title="bbox 362 4221 1930 4304">
     <span class='ocr_line' id='line_1_61' title="bbox 362 4221 1930 4304; baseline 0.003 -26"><span class='ocrx_word' id='word_1_425' title='bbox 362 4223 546 4278; x_wconf 84' lang='lat' dir='ltr'><strong>dicum</strong></span> <span class='ocrx_word' id='word_1_426' title='bbox 589 4221 825 4287; x_wconf 82' lang='lat' dir='ltr'><strong>facinus,</strong></span> <span class='ocrx_word' id='word_1_427' title='bbox 857 4237 925 4304; x_wconf 81' lang='lat' dir='ltr'><strong>ne</strong></span> <span class='ocrx_word' id='word_1_428' title='bbox 961 4221 1175 4277; x_wconf 65' lang='lat' dir='ltr'><strong>feminas</strong></span> <span class='ocrx_word' id='word_1_429' title='bbox 1233 4237 1360 4277; x_wconf 91' lang='lat' dir='ltr'><strong>cum</strong></span> <span class='ocrx_word' id='word_1_430' title='bbox 1403 4223 1649 4289; x_wconf 85' lang='lat' dir='ltr'><strong>feminis,</strong></span> <span class='ocrx_word' id='word_1_431' title='bbox 1683 4239 1930 4283; x_wconf 89' lang='lat' dir='ltr'><strong>maresve</strong></span> 
     </span>
    </p>
   </div>
   <div class='ocr_carea' id='block_1_62' title="bbox 358 4312 1928 4387">
    <p class='ocr_par' dir='ltr' id='par_1_62' title="bbox 358 4312 1928 4387">
     <span class='ocr_line' id='line_1_62' title="bbox 358 4312 1928 4387; baseline 0.001 -17"><span class='ocrx_word' id='word_1_432' title='bbox 358 4330 484 4370; x_wconf 90' lang='lat' dir='ltr'><strong>cum</strong></span> <span class='ocrx_word' id='word_1_433' title='bbox 521 4312 765 4368; x_wconf 91' lang='lat' dir='ltr'><strong>maribus</strong></span> <span class='ocrx_word' id='word_1_434' title='bbox 802 4314 1182 4378; x_wconf 85' lang='lat' dir='ltr'><strong>miscerentur,</strong></span> <span class='ocrx_word' id='word_1_435' title='bbox 1220 4314 1463 4386; x_wconf 64' lang='lat' dir='ltr'><strong>adiungit</strong></span> <span class='ocrx_word' id='word_1_436' title='bbox 1500 4335 1512 4370; x_wconf 89' lang='lat'><strong>:</strong></span> <span class='ocrx_word' id='word_1_437' title='bbox 1549 4334 1569 4366; x_wconf 86' lang='grc'><strong>‹</strong></span> <span class='ocrx_word' id='word_1_438' title='bbox 1602 4314 1681 4371; x_wconf 85' lang='lat' dir='ltr'><strong>Ne</strong></span> <span class='ocrx_word' id='word_1_439' title='bbox 1712 4317 1928 4387; x_wconf 90' lang='lat' dir='ltr'><strong>pollua-</strong></span> 
     </span>
    </p>
   </div>
   <div class='ocr_carea' id='block_1_63' title="bbox 357 4402 1931 4480">
    <p class='ocr_par' dir='ltr' id='par_1_63' title="bbox 357 4402 1931 4480">
     <span class='ocr_line' id='line_1_63' title="bbox 357 4402 1931 4480; baseline 0.001 -15"><span class='ocrx_word' id='word_1_440' title='bbox 357 4409 494 4466; x_wconf 89' lang='lat' dir='ltr'><strong>mini</strong></span> <span class='ocrx_word' id='word_1_441' title='bbox 527 4409 583 4464; x_wconf 85' lang='lat' dir='ltr'><strong>in</strong></span> <span class='ocrx_word' id='word_1_442' title='bbox 613 4402 869 4465; x_wconf 82' lang='lat' dir='ltr'><strong>omnibus</strong></span> <span class='ocrx_word' id='word_1_443' title='bbox 898 4409 1004 4464; x_wconf 87' lang='lat' dir='ltr'><strong>bis.</strong></span> <span class='ocrx_word' id='word_1_444' title='bbox 1035 4408 1169 4463; x_wconf 86' lang='lat' dir='ltr'><strong>Nam</strong></span> <span class='ocrx_word' id='word_1_445' title='bbox 1209 4410 1264 4463; x_wconf 93' lang='lat' dir='ltr'><strong>in</strong></span> <span class='ocrx_word' id='word_1_446' title='bbox 1297 4409 1554 4465; x_wconf 91' lang='lat' dir='ltr'><strong>omnibus</strong></span> <span class='ocrx_word' id='word_1_447' title='bbox 1586 4409 1674 4465; x_wconf 90' lang='lat' dir='ltr'><strong>bis</strong></span> <span class='ocrx_word' id='word_1_448' title='bbox 1707 4411 1931 4480; x_wconf 53' lang='lat' dir='ltr'><strong>pollutas</strong></span> 
     </span>
    </p>
   </div>
   <div class='ocr_carea' id='block_1_64' title="bbox 2057 1923 3731 1997">
    <p class='ocr_par' dir='ltr' id='par_1_64' title="bbox 2057 1923 3731 1997">
     <span class='ocr_line' id='line_1_64' title="bbox 2057 1923 3731 1997; baseline 0.001 -20"><span class='ocrx_word' id='word_1_449' title='bbox 2057 1924 2166 1979; x_wconf 88' lang='grc' dir='ltr'><strong>τῶν</strong></span> <span class='ocrx_word' id='word_1_450' title='bbox 2186 1924 2403 1994; x_wconf 80' lang='grc' dir='ltr'>φαύλων</span> <span class='ocrx_word' id='word_1_451' title='bbox 2428 1925 2521 1977; x_wconf 86' lang='lat' dir='ltr'><strong>ml</strong></span> <span class='ocrx_word' id='word_1_452' title='bbox 2550 1924 2658 1978; x_wconf 89' lang='grc' dir='ltr'><strong>τῶν</strong></span> <span class='ocrx_word' id='word_1_453' title='bbox 2688 1923 2976 1996; x_wconf 88' lang='grc' dir='ltr'>μοχθηρῶν</span> <span class='ocrx_word' id='word_1_454' title='bbox 3002 1923 3353 1997; x_wconf 78' lang='grc' dir='ltr'>πνευμάτων,</span> <span class='ocrx_word' id='word_1_455' title='bbox 3377 1923 3470 1978; x_wconf 79' lang='grc' dir='ltr'><strong>τοῦ</strong></span> <span class='ocrx_word' id='word_1_456' title='bbox 3497 1925 3545 1975; x_wconf 83' lang='grc' dir='ltr'>τ’</span> <span class='ocrx_word' id='word_1_457' title='bbox 3568 1926 3637 1978; x_wconf 75' lang='grc' dir='ltr'>ἐν.</span> <span class='ocrx_word' id='word_1_458' title='bbox 3728 1992 3731 1997; x_wconf 32' lang='grc' dir='ltr'><strong>Ι</strong></span> 
     </span>
    </p>
   </div>
   <div class='ocr_carea' id='block_1_65' title="bbox 2053 2014 3639 2089">
    <p class='ocr_par' dir='ltr' id='par_1_65' title="bbox 2053 2014 3639 2089">
     <span class='ocr_line' id='line_1_65' title="bbox 2053 2014 3639 2089; baseline -0.002 -18"><span class='ocrx_word' id='word_1_459' title='bbox 2053 2016 2263 2081; x_wconf 81' lang='grc' dir='ltr'>τούτοις</span> <span class='ocrx_word' id='word_1_460' title='bbox 2294 2017 2581 2089; x_wconf 90' lang='grc' dir='ltr'>τυράννου,</span> <span class='ocrx_word' id='word_1_461' title='bbox 2618 2017 2740 2071; x_wconf 84' lang='grc' dir='ltr'>καθ’</span> <span class='ocrx_word' id='word_1_462' title='bbox 2774 2016 2901 2088; x_wconf 86' lang='grc' dir='ltr'>ὅλης</span> <span class='ocrx_word' id='word_1_463' title='bbox 2937 2017 3036 2088; x_wconf 85' lang='grc' dir='ltr'>τῆς</span> <span class='ocrx_word' id='word_1_464' title='bbox 3068 2016 3389 2088; x_wconf 78' lang='grc' dir='ltr'>οἰκουμένης</span> <span class='ocrx_word' id='word_1_465' title='bbox 3424 2014 3639 2087; x_wconf 73' lang='grc' dir='ltr'>προϐε-</span> 
     </span>
    </p>
   </div>
   <div class='ocr_carea' id='block_1_66' title="bbox 2053 2105 3628 2179">
    <p class='ocr_par' dir='ltr' id='par_1_66' title="bbox 2053 2105 3628 2179">
     <span class='ocr_line' id='line_1_66' title="bbox 2053 2105 3628 2179; baseline 0.001 -20"><span class='ocrx_word' id='word_1_466' title='bbox 2053 2107 2152 2179; x_wconf 75' lang='grc' dir='ltr'>ὅλη</span> <span class='ocrx_word' id='word_1_467' title='bbox 2163 2108 2358 2178; x_wconf 87' lang='grc' dir='ltr'>μένων,</span> <span class='ocrx_word' id='word_1_468' title='bbox 2394 2108 2487 2162; x_wconf 81' lang='grc' dir='ltr'>καὶ</span> <span class='ocrx_word' id='word_1_469' title='bbox 2517 2106 2744 2179; x_wconf 87' lang='grc' dir='ltr'>μηδενὸς</span> <span class='ocrx_word' id='word_1_470' title='bbox 2763 2107 2871 2161; x_wconf 88' lang='grc' dir='ltr'><strong>τῶν</strong></span> <span class='ocrx_word' id='word_1_471' title='bbox 2894 2107 3212 2176; x_wconf 78' lang='grc' dir='ltr'>ἐφεστώτων</span> <span class='ocrx_word' id='word_1_472' title='bbox 3238 2105 3480 2176; x_wconf 86' lang='grc' dir='ltr'>ἀγγέλων</span> <span class='ocrx_word' id='word_1_473' title='bbox 3511 2106 3628 2160; x_wconf 79' lang='grc' dir='ltr'>οἴου</span> 
     </span>
    </p>
   </div>
   <div class='ocr_carea' id='block_1_67' title="bbox 2050 2200 3628 2270">
    <p class='ocr_par' dir='ltr' id='par_1_67' title="bbox 2050 2200 3628 2270">
     <span class='ocr_line' id='line_1_67' title="bbox 2050 2200 3628 2270; baseline -0.001 -15"><span class='ocrx_word' id='word_1_474' title='bbox 2050 2219 2110 2255; x_wconf 90' lang='grc' dir='ltr'><strong>τε</strong></span> <span class='ocrx_word' id='word_1_475' title='bbox 2141 2201 2292 2265; x_wconf 79' lang='grc' dir='ltr'>ὄντος</span> <span class='ocrx_word' id='word_1_476' title='bbox 2329 2202 2442 2263; x_wconf 87' lang='grc' dir='ltr'>τοῖς</span> <span class='ocrx_word' id='word_1_477' title='bbox 2489 2202 2676 2262; x_wconf 84' lang='grc' dir='ltr'>κακοῖς</span> <span class='ocrx_word' id='word_1_478' title='bbox 2709 2200 3029 2270; x_wconf 87' lang='grc' dir='ltr'>ἐπαμύνειν,</span> <span class='ocrx_word' id='word_1_479' title='bbox 3074 2200 3298 2264; x_wconf 77' lang='grc' dir='ltr'>εἰκότως</span> <span class='ocrx_word' id='word_1_480' title='bbox 3345 2202 3550 2263; x_wconf 86' lang='grc' dir='ltr'>ἐκεῖνος</span> <span class='ocrx_word' id='word_1_481' title='bbox 3594 2201 3628 2254; x_wconf 92' lang='lat'><strong>6</strong></span> 
     </span>
    </p>
   </div>
   <div class='ocr_carea' id='block_1_68' title="bbox 2050 2292 3640 2365">
    <p class='ocr_par' dir='ltr' id='par_1_68' title="bbox 2050 2292 3640 2365">
     <span class='ocr_line' id='line_1_68' title="bbox 2050 2292 3640 2365; baseline 0 -19"><span class='ocrx_word' id='word_1_482' title='bbox 2050 2292 2183 2358; x_wconf 84' lang='grc' dir='ltr'><strong>Θεὸς</strong></span> <span class='ocrx_word' id='word_1_483' title='bbox 2212 2294 2403 2362; x_wconf 86' lang='grc' dir='ltr'>Λόγος,</span> <span class='ocrx_word' id='word_1_484' title='bbox 2437 2295 2467 2346; x_wconf 98' lang='lat'><strong>6</strong></span> <span class='ocrx_word' id='word_1_485' title='bbox 2499 2292 2606 2347; x_wconf 87' lang='grc' dir='ltr'><strong>τῶν</strong></span> <span class='ocrx_word' id='word_1_486' title='bbox 2632 2293 2768 2346; x_wconf 84' lang='grc' dir='ltr'>ὅλων</span> <span class='ocrx_word' id='word_1_487' title='bbox 2796 2293 3008 2365; x_wconf 80' lang='grc' dir='ltr'>Σωτὴρ,</span> <span class='ocrx_word' id='word_1_488' title='bbox 3049 2292 3237 2364; x_wconf 87' lang='grc' dir='ltr'>ἀγαθῷ</span> <span class='ocrx_word' id='word_1_489' title='bbox 3269 2296 3496 2365; x_wconf 86' lang='grc' dir='ltr'>νεύματι</span> <span class='ocrx_word' id='word_1_490' title='bbox 3523 2292 3640 2363; x_wconf 84' lang='grc' dir='ltr'>τῆς·</span> 
     </span>
    </p>
   </div>
   <div class='ocr_carea' id='block_1_69' title="bbox 2048 2384 3638 2458">
    <p class='ocr_par' dir='ltr' id='par_1_69' title="bbox 2048 2384 3638 2458">
     <span class='ocr_line' id='line_1_69' title="bbox 2048 2384 3638 2458; baseline -0.002 -18"><span class='ocrx_word' id='word_1_491' title='bbox 2048 2384 2143 2440; x_wconf 80' lang='grc' dir='ltr'><strong>τοῦ</strong></span> <span class='ocrx_word' id='word_1_492' title='bbox 2184 2386 2398 2458; x_wconf 81' lang='grc' dir='ltr'>Πατρδς</span> <span class='ocrx_word' id='word_1_493' title='bbox 2434 2384 2859 2456; x_wconf 82' lang='grc' dir='ltr'>φιλανθρωπίας,</span> <span class='ocrx_word' id='word_1_494' title='bbox 2890 2385 2965 2449; x_wconf 86' lang='grc' dir='ltr'>ὡς</span> <span class='ocrx_word' id='word_1_495' title='bbox 2992 2384 3059 2438; x_wconf 88' lang='grc' dir='ltr'>ἂν</span> <span class='ocrx_word' id='word_1_496' title='bbox 3098 2386 3170 2457; x_wconf 87' lang='grc' dir='ltr'>μὴ</span> <span class='ocrx_word' id='word_1_497' title='bbox 3206 2385 3267 2439; x_wconf 78' lang='grc' dir='ltr'><strong>τὺ</strong></span> <span class='ocrx_word' id='word_1_498' title='bbox 3296 2386 3447 2456; x_wconf 81' lang='grc' dir='ltr'>φίλον</span> <span class='ocrx_word' id='word_1_499' title='bbox 3475 2385 3638 2456; x_wconf 72' lang='grc' dir='ltr'>αὐτῷ</span> 
     </span>
    </p>
   </div>
   <div class='ocr_carea' id='block_1_70' title="bbox 2049 2474 3623 2549">
    <p class='ocr_par' dir='ltr' id='par_1_70' title="bbox 2049 2474 3623 2549">
     <span class='ocr_line' id='line_1_70' title="bbox 2049 2474 3623 2549; baseline 0 -19"><span class='ocrx_word' id='word_1_500' title='bbox 2049 2477 2204 2545; x_wconf 88' lang='grc' dir='ltr'>γένος</span> <span class='ocrx_word' id='word_1_501' title='bbox 2225 2479 2283 2530; x_wconf 83' lang='grc' dir='ltr'>ὲν</span> <span class='ocrx_word' id='word_1_502' title='bbox 2304 2476 2556 2540; x_wconf 72' lang='grc' dir='ltr'>ἀσεϐείας</span> <span class='ocrx_word' id='word_1_503' title='bbox 2581 2474 2727 2545; x_wconf 86' lang='grc' dir='ltr'><strong>βυθῷ</strong></span> <span class='ocrx_word' id='word_1_504' title='bbox 2745 2475 3062 2541; x_wconf 90' lang='grc' dir='ltr'>καλινδοῖτο,</span> <span class='ocrx_word' id='word_1_505' title='bbox 3087 2476 3221 2540; x_wconf 84' lang='grc' dir='ltr'>τέως</span> <span class='ocrx_word' id='word_1_506' title='bbox 3249 2476 3347 2547; x_wconf 86' lang='grc' dir='ltr'>μὲν</span> <span class='ocrx_word' id='word_1_507' title='bbox 3363 2476 3623 2549; x_wconf 85' lang='grc' dir='ltr'>βραχείας</span> 
     </span>
    </p>
   </div>
   <div class='ocr_carea' id='block_1_71' title="bbox 2047 2568 3635 2642">
    <p class='ocr_par' dir='ltr' id='par_1_71' title="bbox 2047 2568 3635 2642">
     <span class='ocr_line' id='line_1_71' title="bbox 2047 2568 3635 2642; baseline 0 -20"><span class='ocrx_word' id='word_1_508' title='bbox 2047 2570 2200 2633; x_wconf 86' lang='grc' dir='ltr'>τινάς</span> <span class='ocrx_word' id='word_1_509' title='bbox 2230 2571 2324 2623; x_wconf 70' lang='grc' dir='ltr'><strong>καὶ</strong></span> <span class='ocrx_word' id='word_1_510' title='bbox 2361 2568 2607 2642; x_wconf 79' lang='grc' dir='ltr'>ἀμυδρὰς</span> <span class='ocrx_word' id='word_1_511' title='bbox 2631 2568 2723 2623; x_wconf 77' lang='grc' dir='ltr'><strong>τοῦ</strong></span> <span class='ocrx_word' id='word_1_512' title='bbox 2752 2569 2883 2621; x_wconf 87' lang='grc' dir='ltr'>ἰδίου</span> <span class='ocrx_word' id='word_1_513' title='bbox 2914 2569 3089 2637; x_wconf 79' lang='grc' dir='ltr'>φωτὸς</span> <span class='ocrx_word' id='word_1_514' title='bbox 3111 2570 3351 2635; x_wconf 81' lang='grc' dir='ltr'>ἀκτῖνας,</span> <span class='ocrx_word' id='word_1_515' title='bbox 3374 2569 3463 2623; x_wconf 84' lang='grc' dir='ltr'>διὰ</span> <span class='ocrx_word' id='word_1_516' title='bbox 3490 2586 3635 2642; x_wconf 72' lang='grc' dir='ltr'><strong>προ-Δ</strong></span> 
     </span>
    </p>
   </div>
   <div class='ocr_carea' id='block_1_72' title="bbox 2047 2660 3637 2733">
    <p class='ocr_par' dir='ltr' id='par_1_72' title="bbox 2047 2660 3637 2733">
     <span class='ocr_line' id='line_1_72' title="bbox 2047 2660 3637 2733; baseline 0 -18"><span class='ocrx_word' id='word_1_517' title='bbox 2047 2663 2216 2733; x_wconf 87' lang='grc' dir='ltr'>φήτου</span> <span class='ocrx_word' id='word_1_518' title='bbox 2231 2663 2531 2728; x_wconf 85' lang='grc' dir='ltr'>Μωῦσέως,</span> <span class='ocrx_word' id='word_1_519' title='bbox 2547 2661 2657 2715; x_wconf 89' lang='grc' dir='ltr'><strong>τῶν</strong></span> <span class='ocrx_word' id='word_1_520' title='bbox 2678 2678 2735 2713; x_wconf 90' lang='grc' dir='ltr'><strong>τε</strong></span> <span class='ocrx_word' id='word_1_521' title='bbox 2761 2661 2866 2733; x_wconf 83' lang='grc' dir='ltr'>πρὸ</span> <span class='ocrx_word' id='word_1_522' title='bbox 2886 2660 3051 2714; x_wconf 76' lang='grc' dir='ltr'>αὑτοῦ</span> <span class='ocrx_word' id='word_1_523' title='bbox 3076 2662 3168 2715; x_wconf 77' lang='grc' dir='ltr'>καὶ</span> <span class='ocrx_word' id='word_1_524' title='bbox 3190 2661 3295 2714; x_wconf 89' lang='grc' dir='ltr'><strong>τῶν</strong></span> <span class='ocrx_word' id='word_1_525' title='bbox 3321 2662 3436 2732; x_wconf 86' lang='grc' dir='ltr'>μετ’</span> <span class='ocrx_word' id='word_1_526' title='bbox 3458 2661 3637 2715; x_wconf 33' lang='grc' dir='ltr'>αὑτὸν.</span> 
     </span>
    </p>
   </div>
   <div class='ocr_carea' id='block_1_73' title="bbox 2048 2751 3620 2825">
    <p class='ocr_par' dir='ltr' id='par_1_73' title="bbox 2048 2751 3620 2825">
     <span class='ocr_line' id='line_1_73' title="bbox 2048 2751 3620 2825; baseline 0 -18"><span class='ocrx_word' id='word_1_527' title='bbox 2048 2753 2310 2824; x_wconf 85' lang='grc' dir='ltr'>θεοφιλῶν</span> <span class='ocrx_word' id='word_1_528' title='bbox 2332 2753 2540 2825; x_wconf 86' lang='grc' dir='ltr'>ἀνδρῶν</span> <span class='ocrx_word' id='word_1_529' title='bbox 2566 2753 2859 2824; x_wconf 79' lang='grc' dir='ltr'>ἐξέλαμπε,</span> <span class='ocrx_word' id='word_1_530' title='bbox 2886 2753 2993 2806; x_wconf 91' lang='grc' dir='ltr'><strong>τῶν</strong></span> <span class='ocrx_word' id='word_1_531' title='bbox 3019 2754 3077 2807; x_wconf 90' lang='grc' dir='ltr'><strong>ἐν</strong></span> <span class='ocrx_word' id='word_1_532' title='bbox 3103 2751 3412 2823; x_wconf 86' lang='grc' dir='ltr'>ἀνθρώποις</span> <span class='ocrx_word' id='word_1_533' title='bbox 3435 2753 3620 2807; x_wconf 88' lang='grc' dir='ltr'>κακῶν</span> 
     </span>
    </p>
   </div>
   <div class='ocr_carea' id='block_1_74' title="bbox 2044 2843 3616 2917">
    <p class='ocr_par' dir='ltr' id='par_1_74' title="bbox 2044 2843 3616 2917">
     <span class='ocr_line' id='line_1_74' title="bbox 2044 2843 3616 2917; baseline 0.003 -20"><span class='ocrx_word' id='word_1_534' title='bbox 2044 2844 2142 2916; x_wconf 78' lang='grc' dir='ltr'>τὴν</span> <span class='ocrx_word' id='word_1_535' title='bbox 2173 2845 2316 2898; x_wconf 72' lang='grc' dir='ltr'>ἴασιν</span> <span class='ocrx_word' id='word_1_536' title='bbox 2344 2846 2403 2897; x_wconf 91' lang='grc' dir='ltr'><strong>ἐν</strong></span> <span class='ocrx_word' id='word_1_537' title='bbox 2440 2848 2562 2908; x_wconf 86' lang='grc' dir='ltr'>ταῖς</span> <span class='ocrx_word' id='word_1_538' title='bbox 2590 2847 2762 2915; x_wconf 87' lang='grc' dir='ltr'>ἰεραῖς</span> <span class='ocrx_word' id='word_1_539' title='bbox 2793 2846 3134 2917; x_wconf 87' lang='grc' dir='ltr'>νομοθεσίαις</span> <span class='ocrx_word' id='word_1_540' title='bbox 3160 2843 3616 2916; x_wconf 76' lang='grc' dir='ltr'>προϐαλλόμενος.</span> 
     </span>
    </p>
   </div>
   <div class='ocr_carea' id='block_1_75' title="bbox 2044 2934 3618 3012">
    <p class='ocr_par' dir='ltr' id='par_1_75' title="bbox 2044 2934 3618 3012">
     <span class='ocr_line' id='line_1_75' title="bbox 2044 2934 3618 3012; baseline -0.002 -20"><span class='ocrx_word' id='word_1_541' title='bbox 2044 2938 2207 3006; x_wconf 80' lang='grc' dir='ltr'>Λέγει</span> <span class='ocrx_word' id='word_1_542' title='bbox 2235 2938 2279 2992; x_wconf 91' lang='grc' dir='ltr'>δ’</span> <span class='ocrx_word' id='word_1_543' title='bbox 2309 2934 2402 2992; x_wconf 76' lang='grc' dir='ltr'>οὖν</span> <span class='ocrx_word' id='word_1_544' title='bbox 2445 2939 2701 3012; x_wconf 83' lang='grc' dir='ltr'>ἄντικρυς</span> <span class='ocrx_word' id='word_1_545' title='bbox 2742 2939 2901 3001; x_wconf 82' lang='grc' dir='ltr'>αὐτὸς</span> <span class='ocrx_word' id='word_1_546' title='bbox 2942 2940 2970 2991; x_wconf 87' lang='lat'><strong>6</strong></span> <span class='ocrx_word' id='word_1_547' title='bbox 3006 2939 3176 3005; x_wconf 88' lang='grc' dir='ltr'>Λόγος</span> <span class='ocrx_word' id='word_1_548' title='bbox 3217 2936 3294 3007; x_wconf 80' lang='grc' dir='ltr'>τῷ</span> <span class='ocrx_word' id='word_1_549' title='bbox 3352 2936 3618 3008; x_wconf 79' lang='grc' dir='ltr'>Ἑϐραίων</span> 
     </span>
    </p>
   </div>
   <div class='ocr_carea' id='block_1_76' title="bbox 2044 3027 3621 3101">
    <p class='ocr_par' dir='ltr' id='par_1_76' title="bbox 2044 3027 3621 3101">
     <span class='ocr_line' id='line_1_76' title="bbox 2044 3027 3621 3101; baseline -0.003 -17"><span class='ocrx_word' id='word_1_550' title='bbox 2044 3031 2186 3084; x_wconf 72' lang='grc' dir='ltr'>ἔθνει</span> <span class='ocrx_word' id='word_1_551' title='bbox 2212 3030 2516 3101; x_wconf 87' lang='grc' dir='ltr'>νομοθετῶν</span> <span class='ocrx_word' id='word_1_552' title='bbox 2550 3029 2638 3083; x_wconf 84' lang='grc' dir='ltr'>διὰ</span> <span class='ocrx_word' id='word_1_553' title='bbox 2668 3029 2965 3094; x_wconf 83' lang='grc' dir='ltr'>Μωῦσέως·</span> <span class='ocrx_word' id='word_1_554' title='bbox 2999 3048 3018 3082; x_wconf 76' lang='grc' dir='ltr'><strong>ι</strong></span> <span class='ocrx_word' id='word_1_555' title='bbox 3050 3028 3208 3083; x_wconf 83' lang='grc' dir='ltr'><strong>Κατὰ</strong></span> <span class='ocrx_word' id='word_1_556' title='bbox 3234 3028 3302 3081; x_wconf 80' lang='grc' dir='ltr'>τὰ</span> <span class='ocrx_word' id='word_1_557' title='bbox 3333 3027 3621 3100; x_wconf 84' lang='grc' dir='ltr'>ἐπιτηδεύ-</span> 
     </span>
    </p>
   </div>
   <div class='ocr_carea' id='block_1_77' title="bbox 2048 3116 3619 3195">
    <p class='ocr_par' dir='ltr' id='par_1_77' title="bbox 2048 3116 3619 3195">
     <span class='ocr_line' id='line_1_77' title="bbox 2048 3116 3619 3195; baseline -0.004 -17"><span class='ocrx_word' id='word_1_558' title='bbox 2048 3141 2193 3195; x_wconf 89' lang='grc' dir='ltr'>ματα</span> <span class='ocrx_word' id='word_1_559' title='bbox 2215 3125 2311 3194; x_wconf 82' lang='grc' dir='ltr'>τῆς</span> <span class='ocrx_word' id='word_1_560' title='bbox 2335 3123 2441 3193; x_wconf 78' lang='grc' dir='ltr'><strong>γῆς</strong></span> <span class='ocrx_word' id='word_1_561' title='bbox 2463 3122 2761 3192; x_wconf 69' lang='grc' dir='ltr'>Αἰγύπτου,</span> <span class='ocrx_word' id='word_1_562' title='bbox 2793 3124 2850 3175; x_wconf 83' lang='grc' dir='ltr'><strong>ἐν</strong></span> <span class='ocrx_word' id='word_1_563' title='bbox 2935 3123 3291 3192; x_wconf 83' lang='grc' dir='ltr'>κατῳκήσατε</span> <span class='ocrx_word' id='word_1_564' title='bbox 3314 3121 3401 3173; x_wconf 80' lang='grc' dir='ltr'><strong>ἐπ’</strong></span> <span class='ocrx_word' id='word_1_565' title='bbox 3422 3119 3619 3190; x_wconf 76' lang='grc' dir='ltr'>αὐτῆς,</span> 
     </span>
    </p>
   </div>
   <div class='ocr_carea' id='block_1_78' title="bbox 2043 3211 3621 3288">
    <p class='ocr_par' dir='ltr' id='par_1_78' title="bbox 2043 3211 3621 3288">
     <span class='ocr_line' id='line_1_78' title="bbox 2043 3211 3621 3288; baseline -0.005 -17"><span class='ocrx_word' id='word_1_566' title='bbox 2043 3218 2105 3271; x_wconf 79' lang='grc' dir='ltr'>οὐ</span> <span class='ocrx_word' id='word_1_567' title='bbox 2139 3218 2414 3288; x_wconf 80' lang='grc' dir='ltr'>ποιήσετε·</span> <span class='ocrx_word' id='word_1_568' title='bbox 2445 3216 2540 3268; x_wconf 76' lang='grc' dir='ltr'>καὶ</span> <span class='ocrx_word' id='word_1_569' title='bbox 2558 3214 2699 3270; x_wconf 89' lang='grc' dir='ltr'><strong>κατά</strong></span> <span class='ocrx_word' id='word_1_570' title='bbox 2735 3214 2801 3268; x_wconf 92' lang='grc' dir='ltr'><strong>τά</strong></span> <span class='ocrx_word' id='word_1_571' title='bbox 2829 3213 3232 3286; x_wconf 86' lang='grc' dir='ltr'>ἐπιτηδεύματα</span> <span class='ocrx_word' id='word_1_572' title='bbox 3263 3212 3368 3282; x_wconf 79' lang='grc' dir='ltr'>γῆς</span> <span class='ocrx_word' id='word_1_573' title='bbox 3397 3211 3621 3266; x_wconf 84' lang='grc' dir='ltr'>Χαναὰν</span> 
     </span>
    </p>
   </div>
   <div class='ocr_carea' id='block_1_79' title="bbox 2038 3303 3620 3377">
    <p class='ocr_par' dir='ltr' id='par_1_79' title="bbox 2038 3303 3620 3377">
     <span class='ocr_line' id='line_1_79' title="bbox 2038 3303 3620 3377; baseline -0.002 -17"><span class='ocrx_word' id='word_1_574' title='bbox 2038 3309 2119 3371; x_wconf 88' lang='grc' dir='ltr'><strong>εἰς</strong></span> <span class='ocrx_word' id='word_1_575' title='bbox 2158 3307 2225 3377; x_wconf 80' lang='grc' dir='ltr'>ἢν</span> <span class='ocrx_word' id='word_1_576' title='bbox 2256 3306 2366 3376; x_wconf 87' lang='grc' dir='ltr'>ἐγὼ</span> <span class='ocrx_word' id='word_1_577' title='bbox 2400 3306 2608 3375; x_wconf 83' lang='grc' dir='ltr'>εἰσάγω</span> <span class='ocrx_word' id='word_1_578' title='bbox 2645 3307 2811 3377; x_wconf 83' lang='grc' dir='ltr'>ὑμᾶς,</span> <span class='ocrx_word' id='word_1_579' title='bbox 2860 3308 2978 3359; x_wconf 86' lang='grc' dir='ltr'>ἐκεῖ</span> <span class='ocrx_word' id='word_1_580' title='bbox 3005 3306 3065 3359; x_wconf 85' lang='grc' dir='ltr'><strong>ού</strong></span> <span class='ocrx_word' id='word_1_581' title='bbox 3101 3305 3384 3376; x_wconf 86' lang='grc' dir='ltr'>ποιήσετε·</span> <span class='ocrx_word' id='word_1_582' title='bbox 3432 3303 3530 3357; x_wconf 73' lang='grc' dir='ltr'>καὶ</span> <span class='ocrx_word' id='word_1_583' title='bbox 3557 3305 3620 3357; x_wconf 86' lang='grc' dir='ltr'><strong>ἐν</strong></span> 
     </span>
    </p>
   </div>
   <div class='ocr_carea' id='block_1_80' title="bbox 2038 3396 3617 3470">
    <p class='ocr_par' dir='ltr' id='par_1_80' title="bbox 2038 3396 3617 3470">
     <span class='ocr_line' id='line_1_80' title="bbox 2038 3396 3617 3470; baseline -0.003 -17"><span class='ocrx_word' id='word_1_584' title='bbox 2038 3404 2149 3464; x_wconf 88' lang='grc' dir='ltr'>τοῖς</span> <span class='ocrx_word' id='word_1_585' title='bbox 2186 3400 2370 3470; x_wconf 82' lang='grc' dir='ltr'>νόμοις</span> <span class='ocrx_word' id='word_1_586' title='bbox 2413 3397 2591 3453; x_wconf 87' lang='grc' dir='ltr'>αὐτῶν</span> <span class='ocrx_word' id='word_1_587' title='bbox 2629 3400 2687 3451; x_wconf 82' lang='grc' dir='ltr'>οὐ</span> <span class='ocrx_word' id='word_1_588' title='bbox 2728 3397 3078 3470; x_wconf 89' lang='grc' dir='ltr'>πορεύσεσθε.</span> <span class='ocrx_word' id='word_1_589' title='bbox 3114 3396 3193 3450; x_wconf 89' lang='grc' dir='ltr'><strong>Τά</strong></span> <span class='ocrx_word' id='word_1_590' title='bbox 3226 3396 3471 3468; x_wconf 87' lang='grc' dir='ltr'>κρίματά</span> <span class='ocrx_word' id='word_1_591' title='bbox 3510 3413 3617 3468; x_wconf 88' lang='grc' dir='ltr'><strong>μου</strong></span> 
     </span>
    </p>
   </div>
   <div class='ocr_carea' id='block_1_81' title="bbox 2037 3487 3620 3566">
    <p class='ocr_par' dir='ltr' id='par_1_81' title="bbox 2037 3487 3620 3566">
     <span class='ocr_line' id='line_1_81' title="bbox 2037 3487 3620 3566; baseline -0.004 -18"><span class='ocrx_word' id='word_1_592' title='bbox 2037 3495 2316 3566; x_wconf 86' lang='grc' dir='ltr'>ποιήσετε,</span> <span class='ocrx_word' id='word_1_593' title='bbox 2365 3495 2461 3547; x_wconf 72' lang='grc' dir='ltr'>καὶ</span> <span class='ocrx_word' id='word_1_594' title='bbox 2504 3491 2574 3546; x_wconf 88' lang='grc' dir='ltr'><strong>τά</strong></span> <span class='ocrx_word' id='word_1_595' title='bbox 2620 3490 3017 3564; x_wconf 87' lang='grc' dir='ltr'>προστάγματά</span> <span class='ocrx_word' id='word_1_596' title='bbox 3053 3507 3152 3561; x_wconf 88' lang='grc' dir='ltr'><strong>μου</strong></span> <span class='ocrx_word' id='word_1_597' title='bbox 3183 3487 3473 3559; x_wconf 83' lang='grc' dir='ltr'>φυλάξετε·</span> <span class='ocrx_word' id='word_1_598' title='bbox 3503 3487 3620 3555; x_wconf 85' lang='grc' dir='ltr'>ἐγὼ</span> 
     </span>
    </p>
   </div>
   <div class='ocr_carea' id='block_1_82' title="bbox 2037 3578 3619 3658">
    <p class='ocr_par' dir='ltr' id='par_1_82' title="bbox 2037 3578 3619 3658">
     <span class='ocr_line' id='line_1_82' title="bbox 2037 3578 3619 3658; baseline -0.005 -18"><span class='ocrx_word' id='word_1_599' title='bbox 2037 3587 2151 3658; x_wconf 82' lang='grc' dir='ltr'><strong>εἰμί</strong></span> <span class='ocrx_word' id='word_1_600' title='bbox 2180 3586 2383 3657; x_wconf 83' lang='grc' dir='ltr'>Κύριος</span> <span class='ocrx_word' id='word_1_601' title='bbox 2404 3589 2432 3638; x_wconf 91' lang='lat'><strong>6</strong></span> <span class='ocrx_word' id='word_1_602' title='bbox 2458 3585 2590 3649; x_wconf 86' lang='grc' dir='ltr'><strong>Θεὸς</strong></span> <span class='ocrx_word' id='word_1_603' title='bbox 2619 3583 2792 3656; x_wconf 83' lang='grc' dir='ltr'>ὑμῶν.</span> <span class='ocrx_word' id='word_1_604' title='bbox 2831 3603 2849 3635; x_wconf 73' lang='grc' dir='ltr'><strong>ι</strong></span> <span class='ocrx_word' id='word_1_605' title='bbox 2875 3578 3007 3636; x_wconf 79' lang='grc' dir='ltr'>Εἶτα</span> <span class='ocrx_word' id='word_1_606' title='bbox 3037 3583 3211 3636; x_wconf 83' lang='grc' dir='ltr'>πάντα</span> <span class='ocrx_word' id='word_1_607' title='bbox 3231 3580 3619 3653; x_wconf 83' lang='grc' dir='ltr'>ἀπαγορεύσας</span> 
     </span>
    </p>
   </div>
   <div class='ocr_carea' id='block_1_83' title="bbox 2035 3672 3620 3750">
    <p class='ocr_par' dir='ltr' id='par_1_83' title="bbox 2035 3672 3620 3750">
     <span class='ocr_line' id='line_1_83' title="bbox 2035 3672 3620 3750; baseline -0.006 -15"><span class='ocrx_word' id='word_1_608' title='bbox 2035 3680 2293 3750; x_wconf 82' lang='grc' dir='ltr'>ἀθέμιτον</span> <span class='ocrx_word' id='word_1_609' title='bbox 2324 3678 2522 3747; x_wconf 88' lang='grc' dir='ltr'>γάμον,</span> <span class='ocrx_word' id='word_1_610' title='bbox 2551 3677 2646 3729; x_wconf 87' lang='lat' dir='ltr'><strong>ml</strong></span> <span class='ocrx_word' id='word_1_611' title='bbox 2672 3677 2850 3729; x_wconf 80' lang='grc' dir='ltr'>πᾶσαν</span> <span class='ocrx_word' id='word_1_612' title='bbox 2877 3675 3159 3745; x_wconf 74' lang='grc' dir='ltr'>ἀσχήμονα</span> <span class='ocrx_word' id='word_1_613' title='bbox 3188 3672 3406 3745; x_wconf 79' lang='grc' dir='ltr'>πρᾶξιν,</span> <span class='ocrx_word' id='word_1_614' title='bbox 3433 3689 3620 3741; x_wconf 84' lang='grc' dir='ltr'>γυναι-</span> 
     </span>
    </p>
   </div>
   <div class='ocr_carea' id='block_1_84' title="bbox 2035 3765 3614 3841">
    <p class='ocr_par' dir='ltr' id='par_1_84' title="bbox 2035 3765 3614 3841">
     <span class='ocr_line' id='line_1_84' title="bbox 2035 3765 3614 3841; baseline -0.006 -16"><span class='ocrx_word' id='word_1_615' title='bbox 2035 3771 2148 3825; x_wconf 89' lang='grc' dir='ltr'><strong>κῶν</strong></span> <span class='ocrx_word' id='word_1_616' title='bbox 2189 3788 2247 3824; x_wconf 92' lang='grc' dir='ltr'><strong>τε</strong></span> <span class='ocrx_word' id='word_1_617' title='bbox 2298 3771 2433 3841; x_wconf 85' lang='grc' dir='ltr'>πρὸς</span> <span class='ocrx_word' id='word_1_618' title='bbox 2474 3771 2767 3837; x_wconf 88' lang='grc' dir='ltr'>γυναῖκας,</span> <span class='ocrx_word' id='word_1_619' title='bbox 2804 3769 2898 3820; x_wconf 91' lang='lat' dir='ltr'><strong>ml</strong></span> <span class='ocrx_word' id='word_1_620' title='bbox 2931 3766 3174 3839; x_wconf 72' lang='grc' dir='ltr'>ἀρρένων</span> <span class='ocrx_word' id='word_1_621' title='bbox 3206 3765 3342 3836; x_wconf 86' lang='grc' dir='ltr'>πρὸς</span> <span class='ocrx_word' id='word_1_622' title='bbox 3376 3765 3614 3836; x_wconf 67' lang='grc' dir='ltr'>ἄρρενας</span> 
     </span>
    </p>
   </div>
   <div class='ocr_carea' id='block_1_85' title="bbox 2038 3855 3625 3935">
    <p class='ocr_par' dir='ltr' id='par_1_85' title="bbox 2038 3855 3625 3935">
     <span class='ocr_line' id='line_1_85' title="bbox 2038 3855 3625 3935; baseline -0.006 -18"><span class='ocrx_word' id='word_1_623' title='bbox 2038 3865 2234 3935; x_wconf 79' lang='grc' dir='ltr'>μίξεις,</span> <span class='ocrx_word' id='word_1_624' title='bbox 2262 3862 2520 3930; x_wconf 83' lang='grc' dir='ltr'>ἐπιλέγει·</span> <span class='ocrx_word' id='word_1_625' title='bbox 2555 3880 2573 3911; x_wconf 76' lang='grc' dir='ltr'><strong>ι</strong></span> <span class='ocrx_word' id='word_1_626' title='bbox 2598 3860 2689 3931; x_wconf 87' lang='grc' dir='ltr'><strong>Μὴ</strong></span> <span class='ocrx_word' id='word_1_627' title='bbox 2717 3858 2992 3931; x_wconf 83' lang='grc' dir='ltr'>μιαίνεσθε</span> <span class='ocrx_word' id='word_1_628' title='bbox 3015 3861 3071 3912; x_wconf 88' lang='grc' dir='ltr'><strong>ἐν</strong></span> <span class='ocrx_word' id='word_1_629' title='bbox 3094 3859 3230 3911; x_wconf 80' lang='grc' dir='ltr'>πᾶσι</span> <span class='ocrx_word' id='word_1_630' title='bbox 3253 3855 3482 3920; x_wconf 89' lang='grc' dir='ltr'>τούτοις.</span> <span class='ocrx_word' id='word_1_631' title='bbox 3521 3855 3625 3907; x_wconf 89' lang='grc' dir='ltr'><strong>Ἐν-</strong></span> 
     </span>
    </p>
   </div>
   <div class='ocr_carea' id='block_1_86' title="bbox 2034 3949 3611 4026">
    <p class='ocr_par' dir='ltr' id='par_1_86' title="bbox 2034 3949 3611 4026">
     <span class='ocr_line' id='line_1_86' title="bbox 2034 3949 3611 4026; baseline -0.006 -17"><span class='ocrx_word' id='word_1_632' title='bbox 2034 3957 2168 4009; x_wconf 83' lang='grc' dir='ltr'>πᾶσι</span> <span class='ocrx_word' id='word_1_633' title='bbox 2201 3955 2309 4026; x_wconf 81' lang='grc' dir='ltr'>γὰρ</span> <span class='ocrx_word' id='word_1_634' title='bbox 2336 3953 2545 4017; x_wconf 87' lang='grc' dir='ltr'>τούτοις</span> <span class='ocrx_word' id='word_1_635' title='bbox 2575 3952 2908 4024; x_wconf 89' lang='grc' dir='ltr'>ἐμιάνθησαν</span> <span class='ocrx_word' id='word_1_636' title='bbox 2935 3950 3002 4003; x_wconf 81' lang='grc' dir='ltr'><strong>τὰ</strong></span> <span class='ocrx_word' id='word_1_637' title='bbox 3030 3950 3176 4021; x_wconf 79' lang='grc' dir='ltr'>ἔθνη,</span> <span class='ocrx_word' id='word_1_638' title='bbox 3204 3949 3241 4003; x_wconf 77' lang='grc' dir='ltr'><strong>ἃ.</strong></span> <span class='ocrx_word' id='word_1_639' title='bbox 3267 3950 3375 4018; x_wconf 87' lang='grc' dir='ltr'>ἐγὼ</span> <span class='ocrx_word' id='word_1_640' title='bbox 3408 3949 3611 4015; x_wconf 60' lang='grc' dir='ltr'>ἐξαπος</span> 
     </span>
    </p>
   </div>
   <div class='ocr_carea' id='block_1_87' title="bbox 2033 4040 3611 4120">
    <p class='ocr_par' dir='ltr' id='par_1_87' title="bbox 2033 4040 3611 4120">
     <span class='ocr_line' id='line_1_87' title="bbox 2033 4040 3611 4120; baseline -0.005 -19"><span class='ocrx_word' id='word_1_641' title='bbox 2033 4047 2203 4102; x_wconf 86' lang='grc' dir='ltr'>στελῶ</span> <span class='ocrx_word' id='word_1_642' title='bbox 2228 4047 2332 4120; x_wconf 78' lang='grc' dir='ltr'>πρὸ</span> <span class='ocrx_word' id='word_1_643' title='bbox 2363 4045 2652 4118; x_wconf 84' lang='grc' dir='ltr'>προσώπου</span> <span class='ocrx_word' id='word_1_644' title='bbox 2680 4045 2832 4116; x_wconf 85' lang='grc' dir='ltr'>ὑμῶν</span> <span class='ocrx_word' id='word_1_645' title='bbox 2851 4061 2864 4074; x_wconf 91' lang='grc'><strong>·</strong></span> <span class='ocrx_word' id='word_1_646' title='bbox 2908 4044 3001 4097; x_wconf 69' lang='grc' dir='ltr'>καὶ</span> <span class='ocrx_word' id='word_1_647' title='bbox 3022 4040 3313 4113; x_wconf 80' lang='grc' dir='ltr'>ἐξεμιάνθη</span> <span class='ocrx_word' id='word_1_648' title='bbox 3339 4042 3372 4113; x_wconf 86' lang='grc' dir='ltr'><strong>ή</strong></span> <span class='ocrx_word' id='word_1_649' title='bbox 3394 4041 3486 4112; x_wconf 81' lang='grc' dir='ltr'>γῆ,</span> <span class='ocrx_word' id='word_1_650' title='bbox 3512 4040 3611 4093; x_wconf 76' lang='grc' dir='ltr'><strong>καὶ</strong></span> 
     </span>
    </p>
   </div>
   <div class='ocr_carea' id='block_1_88' title="bbox 2032 4133 3606 4208">
    <p class='ocr_par' dir='ltr' id='par_1_88' title="bbox 2032 4133 3606 4208">
     <span class='ocr_line' id='line_1_88' title="bbox 2032 4133 3606 4208; baseline -0.002 -14"><span class='ocrx_word' id='word_1_651' title='bbox 2032 4139 2390 4195; x_wconf 82' lang='grc' dir='ltr'>ἀνταπέδωκα</span> <span class='ocrx_word' id='word_1_652' title='bbox 2438 4138 2649 4193; x_wconf 82' lang='grc' dir='ltr'>ἀδικίαν</span> <span class='ocrx_word' id='word_1_653' title='bbox 2690 4139 2856 4208; x_wconf 82' lang='grc' dir='ltr'>αὐτῇ·</span> <span class='ocrx_word' id='word_1_654' title='bbox 2906 4137 3000 4191; x_wconf 87' lang='lat' dir='ltr'><strong>ml</strong></span> <span class='ocrx_word' id='word_1_655' title='bbox 3035 4134 3407 4208; x_wconf 86' lang='grc' dir='ltr'>προσώχθισεν</span> <span class='ocrx_word' id='word_1_656' title='bbox 3452 4135 3484 4204; x_wconf 86' lang='grc' dir='ltr'>ἠ</span> <span class='ocrx_word' id='word_1_657' title='bbox 3533 4133 3606 4205; x_wconf 85' lang='grc' dir='ltr'>γῆ</span> 
     </span>
    </p>
   </div>
   <div class='ocr_carea' id='block_1_89' title="bbox 2030 4227 3613 4304">
    <p class='ocr_par' dir='ltr' id='par_1_89' title="bbox 2030 4227 3613 4304">
     <span class='ocr_line' id='line_1_89' title="bbox 2030 4227 3613 4304; baseline -0.005 -17"><span class='ocrx_word' id='word_1_658' title='bbox 2030 4237 2145 4297; x_wconf 83' lang='grc' dir='ltr'>τοῖς</span> <span class='ocrx_word' id='word_1_659' title='bbox 2191 4233 2585 4304; x_wconf 83' lang='grc' dir='ltr'>ἐγκαθημένοις</span> <span class='ocrx_word' id='word_1_660' title='bbox 2630 4233 2720 4284; x_wconf 81' lang='grc' dir='ltr'><strong>ἐπ’</strong></span> <span class='ocrx_word' id='word_1_661' title='bbox 2762 4229 2952 4301; x_wconf 77' lang='grc' dir='ltr'>αὐτῆς.</span> <span class='ocrx_word' id='word_1_662' title='bbox 2997 4248 3016 4282; x_wconf 71' lang='grc' dir='ltr'><strong>ι</strong></span> <span class='ocrx_word' id='word_1_663' title='bbox 3054 4229 3164 4282; x_wconf 78' lang='grc' dir='ltr'><strong>Καὶ</strong></span> <span class='ocrx_word' id='word_1_664' title='bbox 3212 4227 3373 4282; x_wconf 86' lang='grc' dir='ltr'>πάλιν</span> <span class='ocrx_word' id='word_1_665' title='bbox 3417 4227 3613 4296; x_wconf 86' lang='grc' dir='ltr'>φησίν·</span> 
     </span>
    </p>
   </div>
   <div class='ocr_carea' id='block_1_90' title="bbox 2036 4317 3608 4396">
    <p class='ocr_par' dir='ltr' id='par_1_90' title="bbox 2036 4317 3608 4396">
     <span class='ocr_line' id='line_1_90' title="bbox 2036 4317 3608 4396; baseline -0.006 -18"><span class='ocrx_word' id='word_1_666' title='bbox 2036 4346 2053 4377; x_wconf 82' lang='grc' dir='ltr'><strong>ι</strong></span> <span class='ocrx_word' id='word_1_667' title='bbox 2102 4324 2228 4378; x_wconf 88' lang='grc' dir='ltr'><strong>Ἐάν</strong></span> <span class='ocrx_word' id='word_1_668' title='bbox 2256 4324 2313 4377; x_wconf 84' lang='grc' dir='ltr'>δὲ</span> <span class='ocrx_word' id='word_1_669' title='bbox 2347 4325 2410 4376; x_wconf 86' lang='grc' dir='ltr'>σὺ</span> <span class='ocrx_word' id='word_1_670' title='bbox 2440 4322 2686 4396; x_wconf 80' lang='grc' dir='ltr'>εἰσέλθῃς</span> <span class='ocrx_word' id='word_1_671' title='bbox 2714 4324 2793 4386; x_wconf 88' lang='grc' dir='ltr'><strong>εἰς</strong></span> <span class='ocrx_word' id='word_1_672' title='bbox 2820 4323 2918 4393; x_wconf 81' lang='grc' dir='ltr'>τὴν</span> <span class='ocrx_word' id='word_1_673' title='bbox 2942 4321 3067 4391; x_wconf 84' lang='grc' dir='ltr'>γῆν,</span> <span class='ocrx_word' id='word_1_674' title='bbox 3095 4320 3164 4391; x_wconf 81' lang='grc' dir='ltr'>ἣν</span> <span class='ocrx_word' id='word_1_675' title='bbox 3195 4318 3400 4390; x_wconf 82' lang='grc' dir='ltr'>Κύριος</span> <span class='ocrx_word' id='word_1_676' title='bbox 3424 4319 3452 4370; x_wconf 92' lang='lat'><strong>6</strong></span> <span class='ocrx_word' id='word_1_677' title='bbox 3473 4317 3608 4381; x_wconf 89' lang='grc' dir='ltr'>Θεός</span> 
     </span>
    </p>
   </div>
   <div class='ocr_carea' id='block_1_91' title="bbox 2032 4409 3606 4487">
    <p class='ocr_par' dir='ltr' id='par_1_91' title="bbox 2032 4409 3606 4487">
     <span class='ocr_line' id='line_1_91' title="bbox 2032 4409 3606 4487; baseline -0.006 -16"><span class='ocrx_word' id='word_1_678' title='bbox 2032 4435 2124 4471; x_wconf 86' lang='grc' dir='ltr'><strong>σου</strong></span> <span class='ocrx_word' id='word_1_679' title='bbox 2154 4417 2334 4471; x_wconf 85' lang='grc' dir='ltr'>δίδωσί</span> <span class='ocrx_word' id='word_1_680' title='bbox 2370 4433 2471 4480; x_wconf 88' lang='grc' dir='ltr'>σοι,</span> <span class='ocrx_word' id='word_1_681' title='bbox 2502 4416 2562 4468; x_wconf 83' lang='grc' dir='ltr'>οὺ</span> <span class='ocrx_word' id='word_1_682' title='bbox 2598 4414 2672 4486; x_wconf 82' lang='grc' dir='ltr'>μὴ</span> <span class='ocrx_word' id='word_1_683' title='bbox 2702 4414 2920 4487; x_wconf 80' lang='grc' dir='ltr'>μαθήσῃ</span> <span class='ocrx_word' id='word_1_684' title='bbox 2949 4416 3122 4467; x_wconf 86' lang='grc' dir='ltr'>ποιεῖν</span> <span class='ocrx_word' id='word_1_685' title='bbox 3145 4411 3288 4466; x_wconf 85' lang='grc' dir='ltr'>κατά</span> <span class='ocrx_word' id='word_1_686' title='bbox 3316 4411 3385 4465; x_wconf 89' lang='grc' dir='ltr'><strong>τά</strong></span> <span class='ocrx_word' id='word_1_687' title='bbox 3418 4409 3606 4480; x_wconf 79' lang='grc' dir='ltr'>βδελύ-</span> 
     </span>
    </p>
   </div>
   <div class='ocr_carea' id='block_1_92' title="bbox 358 4500 1942 4581">
    <p class='ocr_par' dir='ltr' id='par_1_92' title="bbox 358 4502 1927 4573">
     <span class='ocr_line' id='line_1_92' title="bbox 358 4502 1927 4573; baseline 0 -15"><span class='ocrx_word' id='word_1_688' title='bbox 358 4509 489 4558; x_wconf 88' lang='lat' dir='ltr'><strong>sunt</strong></span> <span class='ocrx_word' id='word_1_689' title='bbox 518 4509 729 4573; x_wconf 85' lang='lat' dir='ltr'><strong>gentes,</strong></span> <span class='ocrx_word' id='word_1_690' title='bbox 771 4517 909 4572; x_wconf 88' lang='lat' dir='ltr'><strong>quas</strong></span> <span class='ocrx_word' id='word_1_691' title='bbox 953 4517 1053 4572; x_wconf 87' lang='lat' dir='ltr'><strong>ego</strong></span> <span class='ocrx_word' id='word_1_692' title='bbox 1081 4503 1347 4572; x_wconf 84' lang='lat' dir='ltr'><strong>expellam</strong></span> <span class='ocrx_word' id='word_1_693' title='bbox 1381 4518 1412 4556; x_wconf 88' lang='lat' dir='ltr'><strong>a</strong></span> <span class='ocrx_word' id='word_1_694' title='bbox 1442 4502 1580 4557; x_wconf 88' lang='lat' dir='ltr'><strong>facie</strong></span> <span class='ocrx_word' id='word_1_695' title='bbox 1606 4510 1788 4558; x_wconf 87' lang='lat' dir='ltr'><strong>vestra</strong></span> <span class='ocrx_word' id='word_1_696' title='bbox 1822 4522 1835 4558; x_wconf 92' lang='lat'><strong>:</strong></span> <span class='ocrx_word' id='word_1_697' title='bbox 1870 4512 1927 4558; x_wconf 88' lang='lat' dir='ltr'><strong>et</strong></span> 
     </span>
    </p>
   </div>
   <div class='ocr_carea' id='block_1_93' title="bbox 2044 4500 3605 4581">
    <p class='ocr_par' dir='ltr' id='par_1_93' title="bbox 2044 4500 3605 4581">
     <span class='ocr_line' id='line_1_93' title="bbox 2044 4500 3605 4581; baseline -0.008 -16"><span class='ocrx_word' id='word_1_698' title='bbox 2044 4526 2215 4581; x_wconf 58' lang='grc' dir='ltr'>[ματα</span> <span class='ocrx_word' id='word_1_699' title='bbox 2251 4508 2359 4561; x_wconf 85' lang='grc' dir='ltr'><strong>τῶν</strong></span> <span class='ocrx_word' id='word_1_700' title='bbox 2402 4505 2572 4560; x_wconf 83' lang='grc' dir='ltr'>ἐθνῶν</span> <span class='ocrx_word' id='word_1_701' title='bbox 2602 4505 2845 4560; x_wconf 88' lang='grc' dir='ltr'>ἐκείνων·</span> <span class='ocrx_word' id='word_1_702' title='bbox 2882 4506 2981 4575; x_wconf 86' lang='grc' dir='ltr'>οὐχ</span> <span class='ocrx_word' id='word_1_703' title='bbox 3026 4503 3376 4575; x_wconf 82' lang='grc' dir='ltr'>εὑρεθήσεται</span> <span class='ocrx_word' id='word_1_704' title='bbox 3420 4504 3478 4554; x_wconf 85' lang='grc' dir='ltr'><strong>ἐν</strong></span> <span class='ocrx_word' id='word_1_705' title='bbox 3521 4500 3605 4554; x_wconf 77' lang='grc' dir='ltr'>σοὶ</span> 
     </span>
    </p>
   </div>
   <div class='ocr_carea' id='block_1_94' title="bbox 354 4588 1942 4672">
    <p class='ocr_par' dir='ltr' id='par_1_94' title="bbox 354 4594 1924 4667">
     <span class='ocr_line' id='line_1_94' title="bbox 354 4594 1924 4667; baseline 0 -17"><span class='ocrx_word' id='word_1_706' title='bbox 354 4597 558 4667; x_wconf 90' lang='lat' dir='ltr'><strong>polluta</strong></span> <span class='ocrx_word' id='word_1_707' title='bbox 609 4602 689 4650; x_wconf 91' lang='lat' dir='ltr'><strong>est</strong></span> <span class='ocrx_word' id='word_1_708' title='bbox 740 4600 910 4659; x_wconf 82' lang='lat' dir='ltr'><strong>terra,</strong></span> <span class='ocrx_word' id='word_1_709' title='bbox 954 4602 1009 4648; x_wconf 89' lang='lat' dir='ltr'><strong>et</strong></span> <span class='ocrx_word' id='word_1_710' title='bbox 1058 4595 1281 4649; x_wconf 87' lang='lat' dir='ltr'><strong>retribui</strong></span> <span class='ocrx_word' id='word_1_711' title='bbox 1331 4594 1654 4663; x_wconf 89' lang='lat' dir='ltr'><strong>injustitiam</strong></span> <span class='ocrx_word' id='word_1_712' title='bbox 1705 4594 1829 4650; x_wconf 90' lang='lat' dir='ltr'><strong>illi:</strong></span> <span class='ocrx_word' id='word_1_713' title='bbox 1870 4603 1924 4649; x_wconf 89' lang='lat' dir='ltr'><strong>et</strong></span> 
     </span>
    </p>
   </div>
   <div class='ocr_carea' id='block_1_95' title="bbox 2044 4588 3601 4672">
    <p class='ocr_par' dir='ltr' id='par_1_95' title="bbox 2044 4592 3601 4672">
     <span class='ocr_line' id='line_1_95' title="bbox 2044 4592 3601 4672; baseline -0.006 -17"><span class='ocrx_word' id='word_1_714' title='bbox 2044 4601 2306 4672; x_wconf 80' lang='grc' dir='ltr'>ιαθαίρων</span> <span class='ocrx_word' id='word_1_715' title='bbox 2337 4600 2429 4653; x_wconf 88' lang='grc' dir='ltr'>τὸν</span> <span class='ocrx_word' id='word_1_716' title='bbox 2457 4598 2570 4652; x_wconf 85' lang='grc' dir='ltr'>υἰὺν</span> <span class='ocrx_word' id='word_1_717' title='bbox 2600 4595 2788 4660; x_wconf 78' lang='grc' dir='ltr'>αὐτοῦ,</span> <span class='ocrx_word' id='word_1_718' title='bbox 2824 4597 2858 4668; x_wconf 85' lang='grc' dir='ltr'><strong>ἦ</strong></span> <span class='ocrx_word' id='word_1_719' title='bbox 2900 4597 2999 4667; x_wconf 85' lang='grc' dir='ltr'>τὴν</span> <span class='ocrx_word' id='word_1_720' title='bbox 3042 4593 3315 4666; x_wconf 88' lang='grc' dir='ltr'>θυγατέρα</span> <span class='ocrx_word' id='word_1_721' title='bbox 3354 4592 3515 4647; x_wconf 82' lang='grc' dir='ltr'>αὐτοῦ</span> <span class='ocrx_word' id='word_1_722' title='bbox 3543 4594 3601 4645; x_wconf 80' lang='grc' dir='ltr'>ὲν</span> 
     </span>
    </p>
   </div>
   <div class='ocr_carea' id='block_1_96' title="bbox 353 4687 1924 4758">
    <p class='ocr_par' dir='ltr' id='par_1_96' title="bbox 353 4687 1924 4758">
     <span class='ocr_line' id='line_1_96' title="bbox 353 4687 1924 4758; baseline 0 -14"><span class='ocrx_word' id='word_1_723' title='bbox 353 4687 665 4744; x_wconf 87' lang='lat' dir='ltr'><strong>abominata</strong></span> <span class='ocrx_word' id='word_1_724' title='bbox 716 4695 799 4743; x_wconf 92' lang='lat' dir='ltr'><strong>est</strong></span> <span class='ocrx_word' id='word_1_725' title='bbox 849 4697 992 4741; x_wconf 87' lang='lat' dir='ltr'><strong>terra</strong></span> <span class='ocrx_word' id='word_1_726' title='bbox 1030 4688 1285 4742; x_wconf 87' lang='lat' dir='ltr'><strong>sedentes</strong></span> <span class='ocrx_word' id='word_1_727' title='bbox 1316 4687 1372 4741; x_wconf 91' lang='lat' dir='ltr'><strong>in</strong></span> <span class='ocrx_word' id='word_1_728' title='bbox 1411 4689 1529 4758; x_wconf 87' lang='lat' dir='ltr'><strong>ipsa</strong></span> <span class='ocrx_word' id='word_1_729' title='bbox 1555 4689 1598 4743; x_wconf 66' lang='grc' dir='ltr'><strong>ε.</strong></span> <span class='ocrx_word' id='word_1_730' title='bbox 1642 4708 1661 4741; x_wconf 75' lang='grc' dir='ltr'><strong>ι</strong></span> <span class='ocrx_word' id='word_1_731' title='bbox 1695 4688 1761 4742; x_wconf 89' lang='lat' dir='ltr'><strong>Et</strong></span> <span class='ocrx_word' id='word_1_732' title='bbox 1794 4689 1924 4744; x_wconf 88' lang='lat' dir='ltr'><strong>alibi</strong></span> 
     </span>
    </p>
   </div>
   <div class='ocr_carea' id='block_1_97' title="bbox 354 4778 1926 4851">
    <p class='ocr_par' dir='ltr' id='par_1_97' title="bbox 354 4778 1926 4851">
     <span class='ocr_line' id='line_1_97' title="bbox 354 4778 1926 4851; baseline 0 -16"><span class='ocrx_word' id='word_1_733' title='bbox 354 4796 549 4836; x_wconf 85' lang='lat' dir='ltr'><strong>rursus</strong></span> <span class='ocrx_word' id='word_1_734' title='bbox 580 4778 714 4834; x_wconf 89' lang='lat' dir='ltr'><strong>dicit</strong></span> <span class='ocrx_word' id='word_1_735' title='bbox 746 4798 760 4835; x_wconf 92' lang='lat'>:</span> <span class='ocrx_word' id='word_1_736' title='bbox 797 4798 817 4831; x_wconf 76' lang='grc' dir='ltr'><strong>ι</strong></span> <span class='ocrx_word' id='word_1_737' title='bbox 847 4780 984 4835; x_wconf 89' lang='lat' dir='ltr'><strong>Cum</strong></span> <span class='ocrx_word' id='word_1_738' title='bbox 1030 4795 1159 4834; x_wconf 87' lang='lat' dir='ltr'><strong>vero</strong></span> <span class='ocrx_word' id='word_1_739' title='bbox 1202 4781 1484 4851; x_wconf 75' lang='lat' dir='ltr'><strong>ingressus</strong></span> <span class='ocrx_word' id='word_1_740' title='bbox 1519 4779 1688 4836; x_wconf 87' lang='lat' dir='ltr'><strong>fueris</strong></span> <span class='ocrx_word' id='word_1_741' title='bbox 1723 4781 1780 4835; x_wconf 87' lang='lat' dir='ltr'><strong>in</strong></span> <span class='ocrx_word' id='word_1_742' title='bbox 1814 4790 1926 4836; x_wconf 89' lang='lat' dir='ltr'><strong>ter-</strong></span> 
     </span>
    </p>
   </div>
   <div class='ocr_carea' id='block_1_98' title="bbox 354 4870 1923 4942">
    <p class='ocr_par' dir='ltr' id='par_1_98' title="bbox 354 4870 1923 4942">
     <span class='ocr_line' id='line_1_98' title="bbox 354 4870 1923 4942; baseline 0.001 -16"><span class='ocrx_word' id='word_1_743' title='bbox 354 4887 471 4926; x_wconf 88' lang='lat' dir='ltr'><strong>ram</strong></span> <span class='ocrx_word' id='word_1_744' title='bbox 501 4887 664 4942; x_wconf 86' lang='lat' dir='ltr'><strong>quam</strong></span> <span class='ocrx_word' id='word_1_745' title='bbox 707 4871 969 4927; x_wconf 89' lang='lat' dir='ltr'><strong>Dominus</strong></span> <span class='ocrx_word' id='word_1_746' title='bbox 1003 4870 1146 4928; x_wconf 88' lang='lat' dir='ltr'><strong>Deus</strong></span> <span class='ocrx_word' id='word_1_747' title='bbox 1176 4880 1302 4927; x_wconf 89' lang='lat' dir='ltr'><strong>tuus</strong></span> <span class='ocrx_word' id='word_1_748' title='bbox 1327 4871 1419 4926; x_wconf 93' lang='lat' dir='ltr'><strong>dat</strong></span> <span class='ocrx_word' id='word_1_749' title='bbox 1450 4872 1571 4937; x_wconf 88' lang='lat' dir='ltr'><strong>tibi,</strong></span> <span class='ocrx_word' id='word_1_750' title='bbox 1605 4888 1716 4926; x_wconf 90' lang='lat' dir='ltr'><strong>non</strong></span> <span class='ocrx_word' id='word_1_751' title='bbox 1744 4872 1923 4929; x_wconf 86' lang='lat' dir='ltr'><strong>disces</strong></span> 
     </span>
    </p>
   </div>
   <div class='ocr_carea' id='block_1_99' title="bbox 355 4961 1918 5034">
    <p class='ocr_par' dir='ltr' id='par_1_99' title="bbox 355 4961 1918 5034">
     <span class='ocr_line' id='line_1_99' title="bbox 355 4961 1918 5034; baseline 0 -16"><span class='ocrx_word' id='word_1_752' title='bbox 355 4964 535 5019; x_wconf 87' lang='lat' dir='ltr'><strong>facere</strong></span> <span class='ocrx_word' id='word_1_753' title='bbox 569 4961 870 5019; x_wconf 89' lang='lat' dir='ltr'><strong>secundum</strong></span> <span class='ocrx_word' id='word_1_754' title='bbox 901 4963 1335 5019; x_wconf 81' lang='lat' dir='ltr'><strong>abominationes</strong></span> <span class='ocrx_word' id='word_1_755' title='bbox 1368 4964 1612 5034; x_wconf 87' lang='lat' dir='ltr'><strong>gentium</strong></span> <span class='ocrx_word' id='word_1_756' title='bbox 1645 4963 1860 5017; x_wconf 90' lang='lat' dir='ltr'><strong>illarum</strong></span> <span class='ocrx_word' id='word_1_757' title='bbox 1905 4983 1918 5017; x_wconf 93' lang='lat'>:</span> 
     </span>
    </p>
   </div>
   <div class='ocr_carea' id='block_1_100' title="bbox 350 5054 1921 5125">
    <p class='ocr_par' dir='ltr' id='par_1_100' title="bbox 350 5054 1921 5125">
     <span class='ocr_line' id='line_1_100' title="bbox 350 5054 1921 5125; baseline -0.001 -16"><span class='ocrx_word' id='word_1_758' title='bbox 350 5070 461 5109; x_wconf 87' lang='lat' dir='ltr'><strong>non</strong></span> <span class='ocrx_word' id='word_1_759' title='bbox 498 5054 809 5109; x_wconf 80' lang='lat' dir='ltr'><strong>invenietur</strong></span> <span class='ocrx_word' id='word_1_760' title='bbox 840 5054 897 5108; x_wconf 85' lang='lat' dir='ltr'><strong>in</strong></span> <span class='ocrx_word' id='word_1_761' title='bbox 935 5063 989 5109; x_wconf 90' lang='lat' dir='ltr'><strong>te</strong></span> <span class='ocrx_word' id='word_1_762' title='bbox 1019 5055 1112 5125; x_wconf 90' lang='lat' dir='ltr'><strong>qui</strong></span> <span class='ocrx_word' id='word_1_763' title='bbox 1163 5055 1356 5109; x_wconf 90' lang='lat' dir='ltr'><strong>lustret</strong></span> <span class='ocrx_word' id='word_1_764' title='bbox 1395 5054 1565 5109; x_wconf 86' lang='lat' dir='ltr'><strong>tilium</strong></span> <span class='ocrx_word' id='word_1_765' title='bbox 1610 5069 1771 5109; x_wconf 85' lang='lat' dir='ltr'><strong>suum</strong></span> <span class='ocrx_word' id='word_1_766' title='bbox 1826 5062 1921 5108; x_wconf 83' lang='lat' dir='ltr'><strong>aut</strong></span> 
     </span>
    </p>
   </div>
   <div class='ocr_carea' id='block_1_101' title="bbox 351 5147 1922 5217">
    <p class='ocr_par' dir='ltr' id='par_1_101' title="bbox 351 5147 1922 5217">
     <span class='ocr_line' id='line_1_101' title="bbox 351 5147 1922 5217; baseline 0.001 -16"><span class='ocrx_word' id='word_1_767' title='bbox 351 5148 515 5202; x_wconf 89' lang='lat' dir='ltr'><strong>tiliam</strong></span> <span class='ocrx_word' id='word_1_768' title='bbox 563 5162 717 5202; x_wconf 91' lang='lat' dir='ltr'><strong>suam</strong></span> <span class='ocrx_word' id='word_1_769' title='bbox 773 5147 827 5200; x_wconf 92' lang='lat' dir='ltr'><strong>in</strong></span> <span class='ocrx_word' id='word_1_770' title='bbox 882 5147 1031 5217; x_wconf 82' lang='lat' dir='ltr'><strong>igne,</strong></span> <span class='ocrx_word' id='word_1_771' title='bbox 1090 5148 1343 5202; x_wconf 88' lang='lat' dir='ltr'><strong>divinans</strong></span> <span class='ocrx_word' id='word_1_772' title='bbox 1393 5148 1779 5213; x_wconf 87' lang='lat' dir='ltr'><strong>divinationes,</strong></span> <span class='ocrx_word' id='word_1_773' title='bbox 1827 5158 1922 5203; x_wconf 92' lang='lat' dir='ltr'><strong>aut</strong></span> 
     </span>
    </p>
   </div>
   <div class='ocr_carea' id='block_1_102' title="bbox 348 5240 1915 5312">
    <p class='ocr_par' dir='ltr' id='par_1_102' title="bbox 348 5240 1915 5312">
     <span class='ocr_line' id='line_1_102' title="bbox 348 5240 1915 5312; baseline 0.001 -19"><span class='ocrx_word' id='word_1_774' title='bbox 348 5240 614 5303; x_wconf 85' lang='lat' dir='ltr'><strong>hariolus,</strong></span> <span class='ocrx_word' id='word_1_775' title='bbox 660 5248 754 5294; x_wconf 90' lang='lat' dir='ltr'><strong>aut</strong></span> <span class='ocrx_word' id='word_1_776' title='bbox 782 5255 977 5311; x_wconf 87' lang='lat' dir='ltr'><strong>augur,</strong></span> <span class='ocrx_word' id='word_1_777' title='bbox 1010 5242 1301 5308; x_wconf 78' lang='lat' dir='ltr'><strong>veneticus,</strong></span> <span class='ocrx_word' id='word_1_778' title='bbox 1335 5241 1663 5306; x_wconf 86' lang='lat' dir='ltr'><strong>incantator,</strong></span> <span class='ocrx_word' id='word_1_779' title='bbox 1718 5241 1915 5312; x_wconf 68' lang='lat' dir='ltr'><strong>pytbo~</strong></span> 
     </span>
    </p>
   </div>
   <div class='ocr_carea' id='block_1_103' title="bbox 347 5331 1917 5404">
    <p class='ocr_par' dir='ltr' id='par_1_103' title="bbox 347 5331 1917 5404">
     <span class='ocr_line' id='line_1_103' title="bbox 347 5331 1917 5404; baseline 0.001 -19"><span class='ocrx_word' id='word_1_780' title='bbox 347 5331 469 5385; x_wconf 82' lang='lat' dir='ltr'><strong>nica</strong></span> <span class='ocrx_word' id='word_1_781' title='bbox 516 5332 734 5395; x_wconf 90' lang='lat' dir='ltr'><strong>mulier,</strong></span> <span class='ocrx_word' id='word_1_782' title='bbox 788 5331 1161 5402; x_wconf 83' lang='lat' dir='ltr'><strong>prodigiorum</strong></span> <span class='ocrx_word' id='word_1_783' title='bbox 1212 5331 1511 5402; x_wconf 83' lang='lat' dir='ltr'><strong>inspector,</strong></span> <span class='ocrx_word' id='word_1_784' title='bbox 1543 5341 1636 5386; x_wconf 86' lang='lat' dir='ltr'><strong>aut</strong></span> <span class='ocrx_word' id='word_1_785' title='bbox 1662 5335 1755 5404; x_wconf 86' lang='lat' dir='ltr'><strong>qui</strong></span> <span class='ocrx_word' id='word_1_786' title='bbox 1788 5349 1917 5403; x_wconf 92' lang='lat' dir='ltr'><strong>per-</strong></span> 
     </span>
    </p>
   </div>
   <div class='ocr_carea' id='block_1_104' title="bbox 346 5424 1916 5481">
    <p class='ocr_par' dir='ltr' id='par_1_104' title="bbox 346 5424 1916 5481">
     <span class='ocr_line' id='line_1_104' title="bbox 346 5424 1916 5481; baseline 0.004 -6"><span class='ocrx_word' id='word_1_787' title='bbox 346 5429 599 5476; x_wconf 70' lang='lat' dir='ltr'><strong>contetur</strong></span> <span class='ocrx_word' id='word_1_788' title='bbox 646 5430 891 5476; x_wconf 83' lang='lat' dir='ltr'><strong>mortuos</strong></span> <span class='ocrx_word' id='word_1_789' title='bbox 928 5442 941 5476; x_wconf 89' lang='lat'>:</span> <span class='ocrx_word' id='word_1_790' title='bbox 988 5430 1073 5477; x_wconf 84' lang='lat' dir='ltr'><strong>est</strong></span> <span class='ocrx_word' id='word_1_791' title='bbox 1118 5424 1262 5476; x_wconf 90' lang='lat' dir='ltr'><strong>enim</strong></span> <span class='ocrx_word' id='word_1_792' title='bbox 1309 5424 1643 5479; x_wconf 88' lang='lat' dir='ltr'><strong>abominatio</strong></span> <span class='ocrx_word' id='word_1_793' title='bbox 1684 5425 1916 5481; x_wconf 88' lang='lat' dir='ltr'><strong>Domino</strong></span> 
     </span>
    </p>
   </div>
   <div class='ocr_carea' id='block_1_105' title="bbox 345 5512 1915 5586">
    <p class='ocr_par' dir='ltr' id='par_1_105' title="bbox 345 5512 1915 5586">
     <span class='ocr_line' id='line_1_105' title="bbox 345 5512 1915 5586; baseline 0.004 -21"><span class='ocrx_word' id='word_1_794' title='bbox 345 5512 458 5568; x_wconf 74' lang='lat' dir='ltr'><strong>Deo</strong></span> <span class='ocrx_word' id='word_1_795' title='bbox 490 5527 602 5567; x_wconf 90' lang='lat' dir='ltr'><strong>uno</strong></span> <span class='ocrx_word' id='word_1_796' title='bbox 634 5514 813 5570; x_wconf 88' lang='lat' dir='ltr'><strong>omnis</strong></span> <span class='ocrx_word' id='word_1_797' title='bbox 851 5516 943 5584; x_wconf 90' lang='lat' dir='ltr'><strong>qui</strong></span> <span class='ocrx_word' id='word_1_798' title='bbox 992 5513 1122 5568; x_wconf 82' lang='lat' dir='ltr'><strong>facit</strong></span> <span class='ocrx_word' id='word_1_799' title='bbox 1169 5513 1302 5569; x_wconf 64' lang='lat' dir='ltr'><strong>haec.</strong></span> <span class='ocrx_word' id='word_1_800' title='bbox 1353 5514 1485 5570; x_wconf 79' lang='lat' dir='ltr'><strong>Nam</strong></span> <span class='ocrx_word' id='word_1_801' title='bbox 1519 5525 1741 5586; x_wconf 87' lang='lat' dir='ltr'><strong>propter</strong></span> <span class='ocrx_word' id='word_1_802' title='bbox 1778 5517 1915 5572; x_wconf 85' lang='lat' dir='ltr'><strong>istas</strong></span> 
     </span>
    </p>
   </div>
   <div class='ocr_carea' id='block_1_106' title="bbox 345 5604 1913 5671">
    <p class='ocr_par' dir='ltr' id='par_1_106' title="bbox 345 5604 1913 5671">
     <span class='ocr_line' id='line_1_106' title="bbox 345 5604 1913 5671; baseline 0.001 -10"><span class='ocrx_word' id='word_1_803' title='bbox 345 5606 803 5671; x_wconf 81' lang='lat' dir='ltr'><strong>abamlnationes,</strong></span> <span class='ocrx_word' id='word_1_804' title='bbox 852 5606 1119 5661; x_wconf 90' lang='lat' dir='ltr'><strong>Dominus</strong></span> <span class='ocrx_word' id='word_1_805' title='bbox 1166 5604 1309 5663; x_wconf 87' lang='lat' dir='ltr'><strong>Deus</strong></span> <span class='ocrx_word' id='word_1_806' title='bbox 1343 5617 1470 5665; x_wconf 88' lang='lat' dir='ltr'><strong>tuus</strong></span> <span class='ocrx_word' id='word_1_807' title='bbox 1499 5608 1702 5665; x_wconf 88' lang='lat' dir='ltr'><strong>delebit</strong></span> <span class='ocrx_word' id='word_1_808' title='bbox 1738 5609 1858 5665; x_wconf 90' lang='lat' dir='ltr'><strong>illos</strong></span> <span class='ocrx_word' id='word_1_809' title='bbox 1884 5625 1913 5663; x_wconf 88' lang='lat' dir='ltr'><strong>a</strong></span> 
     </span>
    </p>
   </div>
   <div class='ocr_carea' id='block_1_107' title="bbox 419 5759 1476 5829">
    <p class='ocr_par' dir='ltr' id='par_1_107' title="bbox 419 5759 1476 5829">
     <span class='ocr_line' id='line_1_107' title="bbox 419 5759 1476 5829; baseline 0.002 -15"><span class='ocrx_word' id='word_1_810' title='bbox 419 5762 434 5791; x_wconf 76' lang='grc'>⁸</span> <span class='ocrx_word' id='word_1_811' title='bbox 466 5759 635 5816; x_wconf 76' lang='lat' dir='ltr'><strong>chit.</strong></span> <span class='ocrx_word' id='word_1_812' title='bbox 682 5776 836 5828; x_wconf 75' lang='lat' dir='ltr'><strong>xvtu,</strong></span> <span class='ocrx_word' id='word_1_813' title='bbox 864 5762 916 5826; x_wconf 80' lang='grc'><strong>’5,</strong></span> <span class='ocrx_word' id='word_1_814' title='bbox 946 5762 998 5815; x_wconf 57' lang='lat' dir='ltr'><strong>~l.</strong></span> <span class='ocrx_word' id='word_1_815' title='bbox 1076 5766 1093 5795; x_wconf 77' lang='grc'>³</span> <span class='ocrx_word' id='word_1_816' title='bbox 1121 5763 1249 5817; x_wconf 81' lang='lat' dir='ltr'><strong>ibid.</strong></span> <span class='ocrx_word' id='word_1_817' title='bbox 1283 5763 1371 5829; x_wconf 69' lang='lat' dir='ltr'><strong>El,</strong></span> <span class='ocrx_word' id='word_1_818' title='bbox 1407 5763 1476 5816; x_wconf 75' lang='grc' dir='ltr'><strong>Ξὶῦ</strong></span> 
     </span>
    </p>
   </div>
   <div class='ocr_carea' id='block_1_108' title="bbox 2023 4683 3597 4764">
    <p class='ocr_par' dir='ltr' id='par_1_108' title="bbox 2023 4683 3597 4764">
     <span class='ocr_line' id='line_1_108' title="bbox 2023 4683 3597 4764; baseline -0.006 -20"><span class='ocrx_word' id='word_1_819' title='bbox 2023 4692 2187 4764; x_wconf 82' lang='grc' dir='ltr'>πυρὶ,</span> <span class='ocrx_word' id='word_1_820' title='bbox 2233 4689 2628 4762; x_wconf 86' lang='grc' dir='ltr'>μαντευόμενος</span> <span class='ocrx_word' id='word_1_821' title='bbox 2673 4685 2949 4759; x_wconf 89' lang='grc' dir='ltr'>μαντείας,</span> <span class='ocrx_word' id='word_1_822' title='bbox 3001 4684 3095 4738; x_wconf 80' lang='grc' dir='ltr'><strong>καὶ</strong></span> <span class='ocrx_word' id='word_1_823' title='bbox 3136 4683 3597 4756; x_wconf 77' lang='grc' dir='ltr'>κλῃδονιζόμενος,</span> 
     </span>
    </p>
   </div>
   <div class='ocr_carea' id='block_1_109' title="bbox 2022 4772 3596 4853">
    <p class='ocr_par' dir='ltr' id='par_1_109' title="bbox 2022 4772 3596 4853">
     <span class='ocr_line' id='line_1_109' title="bbox 2022 4772 3596 4853; baseline -0.008 -15"><span class='ocrx_word' id='word_1_824' title='bbox 2022 4785 2115 4838; x_wconf 81' lang='grc' dir='ltr'>καὶ</span> <span class='ocrx_word' id='word_1_825' title='bbox 2126 4783 2525 4853; x_wconf 79' lang='grc' dir='ltr'>οἰωνιζόμενος,</span> <span class='ocrx_word' id='word_1_826' title='bbox 2546 4779 2854 4852; x_wconf 71' lang='grc' dir='ltr'>φαρμακός,</span> <span class='ocrx_word' id='word_1_827' title='bbox 2879 4777 3114 4849; x_wconf 82' lang='grc' dir='ltr'>ἐπᾴδων,</span> <span class='ocrx_word' id='word_1_828' title='bbox 3141 4772 3596 4846; x_wconf 77' lang='grc' dir='ltr'>ἐγγαστρίμυθος,</span> 
     </span>
    </p>
   </div>
   <div class='ocr_carea' id='block_1_110' title="bbox 2020 4864 3599 4945">
    <p class='ocr_par' dir='ltr' id='par_1_110' title="bbox 2020 4864 3599 4945">
     <span class='ocr_line' id='line_1_110' title="bbox 2020 4864 3599 4945; baseline -0.006 -18"><span class='ocrx_word' id='word_1_829' title='bbox 2020 4875 2115 4927; x_wconf 88' lang='lat' dir='ltr'><strong>ml</strong></span> <span class='ocrx_word' id='word_1_830' title='bbox 2138 4871 2559 4945; x_wconf 88' lang='grc' dir='ltr'>τερατοσκόπος,</span> <span class='ocrx_word' id='word_1_831' title='bbox 2582 4869 2676 4924; x_wconf 75' lang='grc' dir='ltr'><strong>καὶ</strong></span> <span class='ocrx_word' id='word_1_832' title='bbox 2701 4866 2991 4939; x_wconf 80' lang='grc' dir='ltr'>ἐπερωτῶν</span> <span class='ocrx_word' id='word_1_833' title='bbox 3012 4868 3138 4929; x_wconf 82' lang='grc' dir='ltr'>τοὺς</span> <span class='ocrx_word' id='word_1_834' title='bbox 3162 4864 3408 4936; x_wconf 89' lang='grc' dir='ltr'>νεκρούς.</span> <span class='ocrx_word' id='word_1_835' title='bbox 3444 4866 3599 4918; x_wconf 86' lang='grc' dir='ltr'>Ἔστι</span> 
     </span>
    </p>
   </div>
   <div class='ocr_carea' id='block_1_111' title="bbox 2021 4956 3595 5039">
    <p class='ocr_par' dir='ltr' id='par_1_111' title="bbox 2021 4956 3595 5039">
     <span class='ocr_line' id='line_1_111' title="bbox 2021 4956 3595 5039; baseline -0.006 -19"><span class='ocrx_word' id='word_1_836' title='bbox 2021 4967 2130 5039; x_wconf 82' lang='grc' dir='ltr'><strong>γὰρ</strong></span> <span class='ocrx_word' id='word_1_837' title='bbox 2165 4966 2438 5037; x_wconf 83' lang='grc' dir='ltr'>βδέλυγμα</span> <span class='ocrx_word' id='word_1_838' title='bbox 2468 4964 2657 5035; x_wconf 80' lang='grc' dir='ltr'>Κυρίῳ</span> <span class='ocrx_word' id='word_1_839' title='bbox 2684 4961 2762 5033; x_wconf 82' lang='grc' dir='ltr'>τῷ</span> <span class='ocrx_word' id='word_1_840' title='bbox 2792 4960 2912 5032; x_wconf 86' lang='grc' dir='ltr'>Θεῷ</span> <span class='ocrx_word' id='word_1_841' title='bbox 2947 4978 3037 5013; x_wconf 91' lang='grc' dir='ltr'><strong>σου</strong></span> <span class='ocrx_word' id='word_1_842' title='bbox 3069 4961 3175 5023; x_wconf 82' lang='grc' dir='ltr'>πᾶς</span> <span class='ocrx_word' id='word_1_843' title='bbox 3207 4958 3373 5013; x_wconf 89' lang='grc' dir='ltr'>ποιῶν</span> <span class='ocrx_word' id='word_1_844' title='bbox 3401 4956 3595 5011; x_wconf 80' lang='grc' dir='ltr'>ταῦτα.</span> 
     </span>
    </p>
   </div>
   <div class='ocr_carea' id='block_1_112' title="bbox 2026 5049 3599 5127">
    <p class='ocr_par' dir='ltr' id='par_1_112' title="bbox 2026 5049 3599 5127">
     <span class='ocr_line' id='line_1_112' title="bbox 2026 5049 3599 5127; baseline -0.007 -15"><span class='ocrx_word' id='word_1_845' title='bbox 2026 5060 2228 5113; x_wconf 83' lang='grc' dir='ltr'>Ἕνεκα</span> <span class='ocrx_word' id='word_1_846' title='bbox 2258 5059 2366 5127; x_wconf 78' lang='grc' dir='ltr'>γὰρ</span> <span class='ocrx_word' id='word_1_847' title='bbox 2393 5056 2509 5109; x_wconf 70' lang='grc' dir='ltr'>τῶν.</span> <span class='ocrx_word' id='word_1_848' title='bbox 2532 5052 2911 5125; x_wconf 83' lang='grc' dir='ltr'>βδελυγμάτων</span> <span class='ocrx_word' id='word_1_849' title='bbox 2940 5051 3143 5104; x_wconf 88' lang='grc' dir='ltr'>τούτων</span> <span class='ocrx_word' id='word_1_850' title='bbox 3176 5049 3376 5121; x_wconf 84' lang='grc' dir='ltr'>Κύριος</span> <span class='ocrx_word' id='word_1_851' title='bbox 3405 5050 3433 5102; x_wconf 91' lang='lat'><strong>6</strong></span> <span class='ocrx_word' id='word_1_852' title='bbox 3465 5049 3599 5112; x_wconf 89' lang='grc' dir='ltr'>Θεός</span> 
     </span>
    </p>
   </div>
   <div class='ocr_carea' id='block_1_113' title="bbox 2024 5142 3597 5220">
    <p class='ocr_par' dir='ltr' id='par_1_113' title="bbox 2024 5142 3597 5220">
     <span class='ocr_line' id='line_1_113' title="bbox 2024 5142 3597 5220; baseline -0.007 -14"><span class='ocrx_word' id='word_1_853' title='bbox 2024 5169 2117 5205; x_wconf 86' lang='grc' dir='ltr'><strong>σου</strong></span> <span class='ocrx_word' id='word_1_854' title='bbox 2152 5148 2520 5220; x_wconf 82' lang='grc' dir='ltr'>ἐξολοθρεύσει</span> <span class='ocrx_word' id='word_1_855' title='bbox 2554 5148 2750 5210; x_wconf 77' lang='grc' dir='ltr'>αὐτοὺς</span> <span class='ocrx_word' id='word_1_856' title='bbox 2783 5147 2889 5200; x_wconf 84' lang='grc' dir='ltr'>ἀπὸ</span> <span class='ocrx_word' id='word_1_857' title='bbox 2916 5144 3206 5216; x_wconf 84' lang='grc' dir='ltr'>προσώπου</span> <span class='ocrx_word' id='word_1_858' title='bbox 3237 5161 3348 5196; x_wconf 90' lang='grc' dir='ltr'>σου.</span> <span class='ocrx_word' id='word_1_859' title='bbox 3381 5142 3597 5205; x_wconf 82' lang='grc' dir='ltr'>Τέλειος</span> 
     </span>
    </p>
   </div>
   <div class='ocr_carea' id='block_1_114' title="bbox 2021 5233 3598 5315">
    <p class='ocr_par' dir='ltr' id='par_1_114' title="bbox 2021 5233 3598 5315">
     <span class='ocr_line' id='line_1_114' title="bbox 2021 5233 3598 5315; baseline -0.006 -22"><span class='ocrx_word' id='word_1_860' title='bbox 2021 5242 2121 5315; x_wconf 76' lang='grc' dir='ltr'>ἔσῃ</span> <span class='ocrx_word' id='word_1_861' title='bbox 2148 5240 2386 5293; x_wconf 81' lang='grc' dir='ltr'>ἐναντίον</span> <span class='ocrx_word' id='word_1_862' title='bbox 2408 5238 2608 5308; x_wconf 88' lang='grc' dir='ltr'>Κυρίου</span> <span class='ocrx_word' id='word_1_863' title='bbox 2629 5236 2732 5290; x_wconf 66' lang='grc' dir='ltr'>τοῦ</span> <span class='ocrx_word' id='word_1_864' title='bbox 2744 5236 2880 5290; x_wconf 76' lang='grc' dir='ltr'>Θεοῦ</span> <span class='ocrx_word' id='word_1_865' title='bbox 2915 5252 3029 5288; x_wconf 93' lang='grc' dir='ltr'>σου.</span> <span class='ocrx_word' id='word_1_866' title='bbox 3065 5253 3083 5285; x_wconf 69' lang='grc' dir='ltr'><strong>ι</strong></span> <span class='ocrx_word' id='word_1_867' title='bbox 3111 5233 3345 5288; x_wconf 82' lang='grc' dir='ltr'>Τοιαῦτα</span> <span class='ocrx_word' id='word_1_868' title='bbox 3378 5233 3476 5303; x_wconf 83' lang='grc' dir='ltr'>μὲν</span> <span class='ocrx_word' id='word_1_869' title='bbox 3501 5233 3598 5288; x_wconf 76' lang='grc' dir='ltr'>καὶ</span> 
     </span>
    </p>
   </div>
   <div class='ocr_carea' id='block_1_115' title="bbox 2024 5324 3596 5407">
    <p class='ocr_par' dir='ltr' id='par_1_115' title="bbox 2024 5324 3596 5407">
     <span class='ocr_line' id='line_1_115' title="bbox 2024 5324 3596 5407; baseline -0.007 -20"><span class='ocrx_word' id='word_1_870' title='bbox 2024 5336 2191 5407; x_wconf 83' lang='grc' dir='ltr'>μυρία</span> <span class='ocrx_word' id='word_1_871' title='bbox 2223 5332 2355 5386; x_wconf 79' lang='grc' dir='ltr'>ἄλλα</span> <span class='ocrx_word' id='word_1_872' title='bbox 2378 5330 2603 5400; x_wconf 82' lang='grc' dir='ltr'>θεοσεϐῆ</span> <span class='ocrx_word' id='word_1_873' title='bbox 2631 5329 2932 5400; x_wconf 85' lang='grc' dir='ltr'>διδάγματά</span> <span class='ocrx_word' id='word_1_874' title='bbox 2953 5344 3011 5380; x_wconf 87' lang='grc' dir='ltr'><strong>τε</strong></span> <span class='ocrx_word' id='word_1_875' title='bbox 3040 5327 3134 5380; x_wconf 75' lang='grc' dir='ltr'><strong>καὶ</strong></span> <span class='ocrx_word' id='word_1_876' title='bbox 3162 5324 3596 5396; x_wconf 81' lang='grc' dir='ltr'>παραγγέλματα</span> 
     </span>
    </p>
   </div>
   <div class='ocr_carea' id='block_1_116' title="bbox 2021 5415 3590 5491">
    <p class='ocr_par' dir='ltr' id='par_1_116' title="bbox 2021 5415 3590 5491">
     <span class='ocr_line' id='line_1_116' title="bbox 2021 5415 3590 5491; baseline -0.008 -12"><span class='ocrx_word' id='word_1_877' title='bbox 2021 5425 2107 5480; x_wconf 88' lang='grc' dir='ltr'><strong>διά</strong></span> <span class='ocrx_word' id='word_1_878' title='bbox 2131 5425 2410 5487; x_wconf 81' lang='grc' dir='ltr'>Μωῡσέως</span> <span class='ocrx_word' id='word_1_879' title='bbox 2439 5424 2621 5486; x_wconf 73' lang='grc' dir='ltr'>αὐτοῖς</span> <span class='ocrx_word' id='word_1_880' title='bbox 2640 5422 2668 5473; x_wconf 90' lang='lat'><strong>6</strong></span> <span class='ocrx_word' id='word_1_881' title='bbox 2685 5421 2816 5484; x_wconf 78' lang='grc' dir='ltr'>Θεὸς</span> <span class='ocrx_word' id='word_1_882' title='bbox 2838 5421 3007 5489; x_wconf 85' lang='grc' dir='ltr'>Λόγος</span> <span class='ocrx_word' id='word_1_883' title='bbox 3028 5419 3090 5471; x_wconf 82' lang='grc' dir='ltr'>τὸ</span> <span class='ocrx_word' id='word_1_884' title='bbox 3112 5418 3239 5491; x_wconf 79' lang='grc' dir='ltr'>πρὶν</span> <span class='ocrx_word' id='word_1_885' title='bbox 3261 5415 3590 5487; x_wconf 78' lang='grc' dir='ltr'>ἐνομοθέτει,</span> 
     </span>
    </p>
   </div>
   <div class='ocr_carea' id='block_1_117' title="bbox 2020 5509 3592 5586">
    <p class='ocr_par' dir='ltr' id='par_1_117' title="bbox 2020 5509 3592 5586">
     <span class='ocr_line' id='line_1_117' title="bbox 2020 5509 3592 5586; baseline -0.005 -16"><span class='ocrx_word' id='word_1_886' title='bbox 2020 5519 2096 5581; x_wconf 84' lang='grc' dir='ltr'>ὡς</span> <span class='ocrx_word' id='word_1_887' title='bbox 2127 5520 2185 5571; x_wconf 85' lang='grc' dir='ltr'><strong>ἐν</strong></span> <span class='ocrx_word' id='word_1_888' title='bbox 2218 5519 2546 5586; x_wconf 87' lang='grc' dir='ltr'>εἰσαγωγαῖς</span> <span class='ocrx_word' id='word_1_889' title='bbox 2578 5516 2671 5570; x_wconf 81' lang='grc' dir='ltr'>τοῦ</span> <span class='ocrx_word' id='word_1_890' title='bbox 2705 5515 2848 5570; x_wconf 89' lang='grc' dir='ltr'><strong>κατά</strong></span> <span class='ocrx_word' id='word_1_891' title='bbox 2885 5514 3164 5568; x_wconf 75' lang='grc' dir='ltr'>εὐσέϐειαν</span> <span class='ocrx_word' id='word_1_892' title='bbox 3208 5512 3324 5582; x_wconf 84' lang='grc' dir='ltr'>βίου</span> <span class='ocrx_word' id='word_1_893' title='bbox 3360 5509 3592 5582; x_wconf 84' lang='grc' dir='ltr'>παραδι-</span> 
     </span>
    </p>
   </div>
   <div class='ocr_carea' id='block_1_118' title="bbox 2021 5601 3593 5679">
    <p class='ocr_par' dir='ltr' id='par_1_118' title="bbox 2021 5601 3593 5679">
     <span class='ocr_line' id='line_1_118' title="bbox 2021 5601 3593 5679; baseline -0.004 -19"><span class='ocrx_word' id='word_1_894' title='bbox 2021 5607 2142 5670; x_wconf 70' lang='grc' dir='ltr'>δοὺς</span> <span class='ocrx_word' id='word_1_895' title='bbox 2170 5608 2353 5673; x_wconf 75' lang='grc' dir='ltr'>αὐτοῖς</span> <span class='ocrx_word' id='word_1_896' title='bbox 2383 5610 2640 5679; x_wconf 84' lang='grc' dir='ltr'>στοιχεῖα,</span> <span class='ocrx_word' id='word_1_897' title='bbox 2687 5607 2776 5661; x_wconf 84' lang='grc' dir='ltr'><strong>διά</strong></span> <span class='ocrx_word' id='word_1_898' title='bbox 2808 5605 3073 5678; x_wconf 77' lang='grc' dir='ltr'>συμϐόλου</span> <span class='ocrx_word' id='word_1_899' title='bbox 3107 5604 3200 5659; x_wconf 89' lang='grc' dir='ltr'><strong>καί</strong></span> <span class='ocrx_word' id='word_1_900' title='bbox 3241 5620 3385 5667; x_wconf 86' lang='grc' dir='ltr'>τινος</span> <span class='ocrx_word' id='word_1_901' title='bbox 3430 5601 3593 5656; x_wconf 71' lang='grc' dir='ltr'>σκιώ-</span> 
     </span>
    </p>
   </div>
  </div>
