3880 6256
268 298 369 356 277

1205 308 1860 366 DEMONSTRATIONIS
1898 310 2351 368 EVANGELICIE
2383 311 2509 368 LIB.
2550 312 2639 366 IV.

3414 315 3522 371 278

267 424 383 485 θους
411 423 506 476 καὶ
534 427 872 499 σωματικῆς
908 426 1158 499 λατρείας
1195 429 1255 480 ἐν
1288 427 1535 499 σώματος
1564 430 1823 500 περιτομῇ

1925 429 2096 493 ηΐιιοίο
2140 437 2281 484 tua:
2330 429 2602 500 perfectus
2661 428 2769 483 eris
2834 427 2887 482 in
2952 437 3249 497 conspectu
3310 426 3524 486 Domini

268 516 353 568 καί
385 532 551 570 τινων
585 518 775 574 ἄλλων
819 519 1246 591 τοιουτοτρόπων
1281 522 1373 577 ἐπὶ
1411 522 1510 592 τῆς
1536 522 1639 593 γῆς
1669 540 1854 577 συντε-

264 606 556 677 λουμένων·
592 610 677 675 ὡς
703 611 783 672 δὲ.
808 611 1124 683 τοῦλχρόνου
1161 613 1461 684 προίόντος,
1496 615 1646 670 οὐδὲν
1673 615 1854 670 τοσοῦ-

259 716 347 752 τον
376 701 473 761 καὶ
500 701 621 754 τῶν
660 704 783 774 μετ’
808 705 970 758 αὑτὸν
995 704 1289 777 προφητῶν
1320 708 1399 770 είς
1418 705 1605 761 άκεσιν
1626 696 1733 761 τῶν
1756 709 1850 763 τοῦ

260 790 369 861 βίου
408 791 607 845 κακῶν
639 793 717 846 δι’
749 793 1047 865 ὑπερϐολὴν
1077 795 1274 858 κακίας
1305 794 1541 860 ἔσθενεν,
1573 796 1767 868 ήλαυνέ
1792 815 1849 852 τε

259 884 524 956 ὁσημέραι
555 886 644 950 εἰς
682 888 902 957 μείζονα
940 886 1010 940 τά
1049 887 1150 957 τῆς
1190 888 1509 959 δαιμονικῆς
1549 889 1846 961 ἐνεργείας,

257 976 328 1039 ὡς
352 976 449 1029 καὶ
481 978 631 1032 αὐτὸ
659 979 726 1032 τὸ
761 979 1024 1051 Ἑϐραίων
1044 978 1195 1044 ἔθνος
1218 983 1286 1052 τῇ
1314 979 1424 1034 τῶν
1439 980 1615 1035 ἀθέων
1640 997 1846 1036 συναπ-

255 1067 484 1138 αχθῆναι
528 1069 741 1143 φθορᾷ·
782 1072 945 1135 αὐτὸς
981 1071 1084 1144 ήδη
1121 1072 1306 1126 λοιπὸν
1368 1075 1398 1126 ὁ
1433 1074 1622 1147 Σωτὴρ
1646 1077 1740 1128 κα)⁹
1768 1076 1849 1128 ἰα-

251 1160 374 1229 τρὸς
413 1160 532 1214 τῶν
577 1161 727 1216 ὅλων
776 1164 1018 1218 κάτεισιν
1070 1166 1149 1229 εἰς
1198 1165 1537 1238 ἀνθρώπους,
1592 1171 1684 1222 καὶ
1735 1172 1848 1234 τοῖς

250 1251 468 1315 οἰκείοις
513 1253 785 1323 ἀγγέλοις
833 1256 1126 1327 ἐπαμύνων
1171 1258 1313 1329 ὑπὲρ
1356 1259 1457 1329 τῆς
1492 1259 1601 1313 τῶν
1636 1261 1845 1332 ἀνθρώ-

250 1360 359 1398 πων
394 1347 716 1419 σωτηρίας,
766 1349 910 1403 τοῦτ’
935 1350 1084 1423 αὐτῷ
1119 1351 1213 1405 τοῦ
1251 1352 1464 1423 Πατρδς
1504 1354 1844 1426 δωρήσεσθαι

249 1439 788 1510 προῦποσχομένου,
864 1442 1149 1515 ὼσπεροῦν
1232 1446 1396 1511 αὐτὸς
1464 1448 1523 1500 ἐν
1597 1450 1846 1521 Ψαλμοῖς

246 1528 485 1584 διδάσκει
532 1531 742 1601 λέγων·
808 1553 827 1586 ι
858 1533 1061 1607 Κύριος
1091 1532 1212 1589 εἷπε
1253 1538 1391 1609 πρὸς
1428 1539 1523 1610 μέ·
1570 1540 1695 1604 Υἱός
1741 1559 1842 1613 μου

245 1618 292 1674 εἶ
329 1623 415 1688 σὺ,
465 1623 591 1692 ἐγὼ
637 1628 880 1700 σήμερον
933 1629 1241 1701 γεγέννηκά
1296 1648 1375 1686 σε.
1429 1631 1657 1704 Δίτησαι
1713 1636 1843 1707 παρ’

245 1715 402 1786 ἐμοῦ,
467 1718 572 1771 καὶ
637 1719 796 1775 δώσω
857 1738 940 1775 σοι
991 1721 1119 1795 ἔθνη
1161 1723 1260 1799 τὴν
1305 1724 1670 1798 κληρονομίαν
1711 1744 1840 1795 σου,

1954 518 2047 574 Dei
2097 520 2176 573 ιιιί
2201 519 2242 573 ³.
2281 537 2299 569 ι
2365 518 2490 572 Haec
2548 516 2789 586 quidem,
2848 516 3060 586 aliaque
3105 516 3524 571 innumerabilia

1953 609 2230 681 religionis
2300 609 2627 664 documenta
2691 615 2744 662 et
2797 614 3087 679 praecepta,
3143 622 3239 677 per
3285 605 3524 678 Moysem

1952 700 2059 755 illis
2096 700 2237 756 Deus
2267 699 2526 765 Verbum,
2567 706 2725 754 antea
2780 700 2835 753 in
2893 699 3101 769 legibus
3132 698 3317 761 dabat,
3362 709 3526 768 atque

1948 792 2012 848 'ut
2062 794 2118 849 in
2179 793 2502 849 rudimentis
2545 791 2660 848 ﬁeri
2723 792 2881 856 solet,
2934 791 3205 863 religiosae
3252 790 3360 845 illis
3398 790 3525 845 vitae

1948 885 2236 950 elementa,
2288 901 2385 957 per
2422 885 2576 955 signa
2630 891 2684 937 et
2716 882 3056 937 umbratilem
3084 882 3376 953 quamdam
3409 896 3527 936 cor-

1950 978 2299 1048 poralemque
2372 976 2742 1031 adorationem
2825 975 2880 1028 in
2961 974 3207 1043 corporis
3285 973 3524 1029 circum-

1948 1068 2188 1136 cisione,
2242 1083 2447 1138 perque
2511 1068 2618 1121 alia
2668 1065 2916 1137 quaedam
2981 1064 3249 1135 ejusmodi
3293 1081 3416 1135 quae
3463 1067 3520 1120 in

1948 1168 2092 1215 terra
2153 1159 2550 1222 coniiciuntur,
2610 1158 2859 1213 tradebat
2909 1179 2920 1213 :
2967 1174 3092 1213 cum
3137 1172 3265 1216 vero
3326 1172 3519 1228 proce—

1947 1251 2110 1306 dente
2141 1257 2385 1319 tempore
2414 1249 2597 1305 nullus
2628 1257 2736 1303 tam
2779 1257 2993 1320 potens,
3032 1266 3099 1306 ne
3130 1249 3519 1321 prophetarum

1947 1344 2166 1415 quidem
2227 1346 2321 1414 qui
2368 1353 2492 1414 post
2545 1344 2695 1398 illum
2752 1344 3088 1407 exstiterint,
3120 1352 3179 1399 ut
3218 1341 3517 1398 remedium

1946 1437 2106 1493 malis
2159 1436 2284 1491 vitae
2336 1435 2574 1500 allerret,
2622 1436 2693 1491 ob
2743 1437 2907 1494 nimis
2952 1435 3320 1490 abundantem
3361 1432 3518 1487 mali-

1944 1528 2109 1594 tiam,
2172 1537 2316 1584 esset
2368 1549 2381 1584 :
2427 1545 2492 1584 ac
2541 1529 2841 1585 daemonica
2880 1527 3118 1583 ellicacia
3162 1527 3406 1599 quotidie
3462 1527 3518 1581 in

1945 1621 2124 1691 majus
2148 1623 2471 1693 impelleret,
2505 1638 2678 1694 usque
2712 1622 2849 1678 adeo
2897 1630 2958 1678 ut
2982 1623 3100 1693 ipsa
3132 1636 3351 1693 quoque
3411 1619 3519 1675 He-

1944 1712 2130 1767 hraica
2176 1728 2344 1785 gens,
2402 1716 2590 1770 eadem
2649 1730 2776 1769 cum
2838 1714 3019 1785 impiis
3066 1713 3368 1784 perditione
3427 1727 3517 1766 ra—

244 1810 329 1862 καὶ
381 1810 486 1881 τὴν
547 1813 890 1884 κατάσχεσιν
952 1831 1045 1869 σου
1104 1789 1172 1869 τά
1217 1789 1444 1890 ’πέρατα
1497 1789 1598 1890 τής
1647 1820 1770 1890 γῆς.
1812 1839 1823 1873 ι

1941 1814 2163 1875 peretur
2201 1824 2215 1861 :
2255 1814 2371 1862 tum
2404 1808 2639 1878 denique
2681 1806 2931 1863 Salvator
2986 1822 3049 1863 ac
3104 1807 3353 1863 medicus
3391 1807 3516 1861 uni—

244 1901 435 1954 υὺκέτι
508 1904 655 1972 γοῦν
725 1906 883 1977 μόνον
947 1907 1040 1962 τὸν
1099 1907 1306 1963 δίκαιον
1371 1910 1466 1966 καὶ
1530 1911 1838 1984 διορατικὺν

250 1990 489 2063 Ἰσραήλ,
536 1995 676 2049 οὐδέ
719 2013 784 2065 γε
830 1998 990 2068 μόνον
1033 1998 1125 2053 τὸν
1161 2001 1358 2055 οἰκεῖον
1395 2002 1619 2075 κλῆρον,
1658 2005 1837 2060 πάντα

237 2081 290 2136 δὲ
326 2082 396 2137 τὰ
428 2086 528 2139 ἐπὶ
568 2086 689 2158 γῆς
722 2088 880 2160 ἔθνη,
908 2090 979 2144 τά
1008 2093 1270 2165 πρότερον
1304 2093 1542 2149 πλείοσιν
1582 2097 1837 2166 ἀγγέλοις
1900 2152 1903 2157 ,

238 2175 673 2249 κεκληρωμένα,
715 2182 810 2235 καὶ
850 2184 1129 2248 παντοίαις
1179 2186 1456 2251 ἀσεϐείαις
1517 2186 1837 2260 κεκαλινδη-

243 2266 394 2336 μένα,
430 2268 545 2322 ὑπὸ
591 2270 697 2342 τὴν
732 2270 942 2326 οἰκείαν
990 2272 1274 2328 ὑποϐαλὼν
1328 2273 1599 2341 ἐξουσίαν,
1650 2276 1833 2347 παρῆν

237 2361 341 2422 τοῖς
382 2363 525 2415 πᾶσι
581 2363 687 2434 τὴν
733 2365 870 2437 πρὸς
912 2365 1005 2419 τὸν
1057 2366 1225 2421 αὑτοῦ
1274 2367 1494 2438 Πατέρα
1530 2367 1731 2437 γνῶσίν
1771 2385 1832 2421 τε

242 2446 330 2500 καὶ
378 2448 599 2519 φιλίαν⁵
622 2454 1186 2529 ἐπικηρυκευόμενος,
1225 2457 1377 2511 λύσιν
1415 2476 1476 2512 τε
1516 2461 1610 2513 καὶ
1638 2460 1832 2529 ἄφεσιν

238 2534 339 2591 τῶν
377 2542 512 2611 πρὶν
556 2543 930 2616 ἀγνοημάτων
963 2550 1059 2602 καὶ
1093 2550 1502 2621 ἁμαρτημάτων
1544 2552 1833 2622 ὑπισχνού-

230 2644 415 2707 μενος,
450 2632 482 2685 ὃ
517 2635 628 2687 καὶ
682 2636 868 2706 σαφῶς
917 2639 1183 2710 ἐκήρυττε
1234 2640 1439 2710 λέγων·
1476 2660 1495 2693 ι
1527 2642 1605 2695 Οὐ
1637 2643 1829 2715 χρείαν

240 2716 447 2788 ἔχουσιν
494 2727 553 2778 οἰ
609 2727 883 2798 ἰσχύοντες
932 2729 1147 2802 ἰατροῦ,
1187 2731 1322 2786 ἀλλά
1368 2733 1417 2786 οἱ
1463 2732 1650 2797 κακῶς
1682 2734 1830 2805 ἕχον-

238 2823 350 2872 τες·
386 2813 492 2867 οὐκ
527 2811 704 2887 ἦλθον
742 2819 968 2874 καλέσαι
1001 2821 1277 2887 δικαίους,
1329 2824 1445 2878 ἀλλ’
1471 2826 1828 2898 ἁμαρτωλοὺς

241 2900 314 2988 εις
345 2906 675 2972 μετάνοιαν.
706 2929 726 2961 ι
785 2911 896 2965 Καὶ
940 2911 1004 2984 δὴ
1036 2914 1216 2985 παρῆν
1250 2917 1363 2980 τοῖς
1402 2918 1623 2983 οἰκείοις
1663 2918 1829 2988 ἀγγέ-

241 2987 374 3056 λοις,
406 2997 607 3061 αὐτοῖς
636 2999 705 3072 δὴ
738 3003 851 3064 τοῖς
881 3003 1009 3074 πρὶν
1038 3002 1304 3072 ἐφεστῶσι
1328 3006 1437 3061 τῶν
1474 3005 1666 3072 ἐθνῶν,
1702 2987 1825 3062 ἐπι-

1940 1900 2081 1954 versi
2126 1898 2408 1956 descendit
2449 1899 2518 1955 ad
2570 1897 2842 1965 homines,
2904 1908 2964 1955 ut
3015 1901 3099 1956 vel
3153 1900 3362 1971 angelis
3397 1899 3513 1955 suis

1936 2007 2037 2062 pro
2075 1992 2362 2047 hominum
2401 1993 2577 2049 salute
2620 2008 2777 2063 opem
2814 1991 3001 2056 ferret,
3046 2008 3171 2047 cum
3206 1992 3309 2047 hoc
3344 1992 3422 2046 illi
3452 2005 3513 2047 se

1935 2082 2258 2156 largiturum
2278 2084 2441 2140 Pater
2456 2092 2615 2140 antea
2634 2085 2997 2155 promisisset,
3018 2093 3073 2139 et
3088 2084 3305 2155 quidem
3326 2099 3513 2155 quem-

1934 2176 2227 2232 admodum
2252 2178 2370 2249 ipse
2396 2178 2451 2232 in
2478 2176 2709 2233 Psalmis
2731 2177 2910 2243 docet,
2943 2177 3035 2231 ubi
3058 2177 3136 2229 ait
3163 2195 3175 2230 :
3203 2194 3220 2226 ι
3246 2174 3511 2231 Dominus

1932 2267 2070 2323 dixit
2101 2269 2169 2324 ad
2200 2285 2317 2326 me:
2347 2266 2523 2325 Filius
2541 2284 2695 2325 meus
2719 2284 2780 2324 es
2808 2276 2890 2332 tu,
2920 2284 3021 2338 ego
3051 2267 3211 2324 hodie
3237 2268 3401 2337 genui
3431 2275 3505 2324 te.

1931 2359 2156 2415 Postula
2203 2375 2233 2415 a
2279 2375 2389 2427 me,
2440 2372 2494 2417 et
2539 2361 2685 2416 dabo
2737 2360 2841 2415 tibi
2891 2367 3080 2431 gentes
3135 2359 3507 2415 hereditatem

1931 2460 2102 2516 tuam,
2148 2460 2205 2508 et
2244 2452 2649 2523 possessionem
2696 2460 2848 2507 tuam
2890 2453 3154 2509 terminos
3210 2460 3368 2507 terrae
3394 2452 3437 2507 ⁸.
3483 2473 3504 2504 ι

1934 2542 2090 2615 163
2122 2541 2241 2599 Non
2266 2543 2433 2614 igitur
2470 2543 2560 2600 ille
2590 2544 2825 2614 amplius
2873 2555 2930 2599 ut
2970 2560 3094 2601 eum
3130 2546 3306 2601 solum
3336 2546 3506 2601 lsrael

1927 2632 2226 2703 quijustus
2266 2633 2484 2704 quidem
2534 2638 2702 2699 esset,
2741 2633 2838 2690 sed
2863 2635 3017 2706 idem
3075 2636 3199 2692 visu
3254 2650 3506 2706 compre-

1926 2722 2091 2781 hendi
2148 2732 2367 2794 posset,
2419 2740 2599 2796 neque
2651 2733 2711 2780 ut
2763 2727 2934 2799 solam
2968 2728 3241 2798 propriam
3275 2734 3501 2795 sortem,

1926 2815 2021 2870 sed
2046 2823 2103 2869 ut
2126 2830 2319 2871 omnes
2348 2815 2403 2870 in
2444 2817 2604 2872 terris
2637 2824 2869 2889 gentes,_
2894 2832 3015 2887 quae
3061 2824 3221 2870 antea
3252 2816 3504 2886 pluribus

1924 2906 2133 2978 angelis
2171 2907 2447 2964 attributa:
2470 2916 2653 2975 erant,
2680 2920 2734 2966 et
2753 2910 2807 2965 in
2840 2910 3022 2986 omnis
3047 2910 3266 2979 generis
3302 2908 3502 2980 impie-

1923 2999 2131 3057 tatihus
2156 3007 2390 3056 versata
2445 3007 2611 3072 atque
2668 2992 2991 3073 implicitae,
3019 3002 3123 3057 sub
3155 3015 3313 3057 suam
3346 3009 3502 3071 pote-

242 3081 617 3159 θεωρούμενος
642 3107 655 3119 ·
704 3092 755 3143 οἱ
792 3090 879 3157 δὲ,
927 3093 1125 3147 αὐτίκα
1164 3093 1254 3147 τὸν
1297 3097 1446 3165 σφῶν
1492 3098 1682 3170 βοηθὸν
1730 3101 1823 3153 καὶ

1927 3098 2126 3147 statem
2159 3094 2452 3165 redigeret,
2512 3101 2678 3165 atque
2722 3094 2978 3167 omnibus
2992 3094 3260 3167 gnotitiam
3284 3100 3339 3149 et
3364 3094 3504 3149 amio

239 3175 429 3247 Κύριον
488 3177 556 3234 εὖ
610 3182 754 3253 μάλα
802 3185 1046 3257 ἀκριϐῶς
1100 3189 1443 3257 ἐπιγνόντες,
1502 3194 1822 3264 περιχαρεῖς

1925 3184 2109 3239 citiam
2143 3199 2267 3240 cum
2305 3202 2407 3242 suo
2454 3185 2616 3242 Patre
2649 3188 3037 3252 denuntiaret,
3065 3187 3503 3257 solutionemque

240 3268 547 3356 προσῆλθον
599 3274 693 3326 καὶ
745 3274 1026 3348 διηκόνουν
1077 3280 1244 3352 αὐτῷ,
1289 3282 1536 3355 ῶσπερή
1574 3284 1695 3356 ἰερά
1723 3286 1820 3340 τοῦ

239 3353 578 3427 Εὐάγγελὶου
610 3362 852 3419 διδάσκει
882 3367 1094 3441 Γραφὴ,
1131 3372 1271 3424 «Καὶ
1315 3353 1637 3445 προσῆλθον-
1663 3378 1822 3445 ἀγγε-

241 3445 333 3514 λοι,
364 3454 462 3506 καὶ
504 3454 785 3525 διηκόνουν
813 3458 981 3531 αὐτῷ,
1010 3480 1028 3513 ι
1073 3464 1325 3533 φήσασα·
1368 3466 1457 3520 ὅτε
1491 3468 1582 3522 καὶ
1617 3468 1820 3541 πλῆθος

240 3546 498 3611 στρατιᾶς
530 3546 783 3619 οὐρανίου
816 3551 1109 3607 αἰνούντων
1134 3554 1226 3608 τὸν
1247 3555 1376 3610 Θεὸν
1408 3556 1614 3627 ἔλεγον,
1652 3558 1818 3624 «Δόξα

242 3630 292 3681 ἐν
318 3632 571 3702 ὑψίστοις
597 3637 736 3708 Θεῷ,
769 3641 860 3694 καὶ
901 3643 993 3696 ἐπί
1017 3643 1123 3715 γῆς
1149 3647 1370 3718 εἰρήνη,
1413 3649 1471 3701 ἐν
1508 3649 1817 3721 ἀνθρώποις

240 3722 471 3782 εὐδοκία.
522 3748 542 3782 ι
612 3730 846 3796 Τούτους
893 3734 992 3804 μὲν
1027 3731 1121 3790 οὖν
1157 3738 1234 3801 ὡς
1278 3740 1512 3805 οἰκείους
1550 3741 1817 3810 ἀγγέλους

239 3814 327 3886 τῆς
354 3819 529 3885 αὑτοῦ
577 3820 863 3894 δεομένους
911 3829 1228 3900 συμμαχίας
1259 3829 1430 3903 ταύτῃ
1472 3850 1546 3905 πη
1578 3833 1817 3906 ἀνελάμ-

240 3906 390 3964 ϐανε·
442 3915 577 3979 τοὺς
614 3915 673 3969 δέ
717 3934 781 3986 γε
825 3918 993 3973 πάλαι
1035 3921 1178 3992 ἀμφὶ
1218 3922 1319 3987 τάς
1361 3924 1662 3999 ἀνθρώπων
1695 3928 1814 3983 δια-

238 4003 416 4072 τριϐὰς
470 4008 859 4079 πωτωμένους,
911 4013 1134 4082 ἀφανῶς
1174 4032 1232 4068 τε
1276 4017 1369 4071 καὶ
1414 4020 1670 4091 ἐμφανῶς
1703 4022 1812 4076 τῶν

241 4092 321 4185 ἐπι
368 4097 482 4168 γῆς
539 4100 1102 4169 καταδυναστεύοντας
1160 4106 1419 4178 δαίμονας
1473 4111 1810 4185 ἀλιτηρίους,

241 4184 321 4235 καὶ
347 4186 681 4258 πνευμάτων
711 4190 917 4261 ἀγρίων
956 4192 1047 4245 καὶ
1077 4193 1301 4263 ἀπηνῶν
1332 4196 1494 4268 γένη,
1532 4198 1623 4253 τόν
1644 4184 1724 4251 τε
1751 4202 1824 4254 ἐν

238 4274 434 4342 τούτοις
480 4278 583 4348 τῆς
631 4282 828 4345 κακίας
875 4282 1200 4355 ἐξάρχοντα,
1248 4286 1340 4340 τὸν
1385 4288 1556 4343 δεινὸν
1603 4292 1821 4346 ἐκεῖνον

240 4366 321 4419 καὶ
359 4369 639 4443 ἀλάστορα
677 4373 887 4447 μεγάλῃ
939 4376 1033 4431 καὶ
1083 4377 1251 4450 ἐνθέῳ
1292 4379 1519 4451 δυνάμει
1574 4383 1809 4455 τροπού-

1922 3291 1989 3332 ac
2024 3279 2402 3336 remissionem
2448 3280 2880 3351 ignorantiarum
2928 3289 3383 3351 acpeccatorum
3440 3295 3503 3336 se

1921 3367 2293 3425 exbibiturum
2346 3372 2709 3442 promitteret,
2763 3371 2933 3438 venit,
2990 3371 3135 3443 quod
3168 3372 3385 3442 quidem
3412 3372 3510 3428 vel.

1922 3461 2151 3531 ipsemet
2178 3464 2466 3533 perspicue
2522 3463 2710 3519 docuit
2738 3464 2929 3520 dicens
2978 3480 2992 3515 :
3038 3482 3057 3515 ι
3098 3462 3219 3518 Non
3253 3463 3498 3533 indigent

1918 3552 2056 3608 bene
2075 3553 2319 3610 valentes
2339 3554 2573 3619 medico,
2615 3555 2709 3611 sed
2732 3555 2871 3611 male
2903 3555 3202 3611 habentes:
3232 3571 3340 3610 non
3372 3555 3496 3609 veni

1918 3651 1980 3699 ut
2025 3659 2279 3700 vocarem
2318 3645 2522 3715 justos,
2579 3647 2675 3703 sed
2741 3655 3057 3718 peccatores
3109 3648 3178 3702 ad
3222 3648 3496 3718 poeniten-

1916 3735 2049 3789 tiam
2075 3737 2118 3789 ⁸.
2142 3755 2162 3789 ι
2197 3735 2333 3792 Cum
2368 3737 2552 3808 itaque
2590 3753 2832 3809 praesens
2880 3755 2912 3794 a
2964 3740 3203 3811 propriis
3260 3742 3491 3811 angelis,

1915 3827 2025 3883 illis
2050 3827 2294 3899 inquam,
2333 3829 2429 3900 qui
2457 3830 2612 3900 prius
2654 3831 2907 3902 gentibus
2954 3832 3196 3903 preteeti
3253 3831 3490 3899 fuerant,

1915 3919 2067 3976 visus
2098 3929 2265 3988 esset,
2290 3921 2367 3976 illi
2392 3922 2655 3978 continuo
2698 3939 2856 3981 suum
2889 3925 3194 3994 adjutorem
3225 3940 3495 3997 suumque

1913 4009 2208 4066 Dominum
2239 4012 2439 4083 Oppido
2466 4030 2629 4084 quam
2652 4023 2804 4071 certe
2834 4024 2998 4087 atque
3025 4019 3304 4088 explorate
3327 4034 3495 4090 agno-

1913 4108 2148 4167 scentes,
2179 4102 2417 4158 maxima
2446 4118 2571 4158 cum
2610 4105 2793 4161 laetitia
2817 4116 3190 4174 accesserunt,
3210 4108 3370 4179 eique
3389 4110 3495 4165 mi-

1911 4193 2151 4250 nistrare
2168 4204 2476 4262 cmperunt,
2504 4196 2965 4266 quemadmodum
3014 4200 3099 4255 vel
3125 4215 3282 4256 sacra
3315 4199 3493 4255 Evan-

1909 4285 2037 4355 gelii
2067 4285 2227 4342 docet
2261 4284 2546 4358 Scriptura
2566 4288 2659 4343 ubi
2693 4288 2770 4343 ait
2798 4291 3131 4362 “:cAngelos
3164 4293 3489 4361 accessisse,

1908 4381 2070 4451 eique
2097 4381 2474 4437 ministrasse:
2504 4400 2524 4434 ι
2547 4381 2675 4436 item
2715 4381 2808 4437 ubi
2830 4394 3223 4439 commemorat
3258 4402 3277 4435 ι
3302 4386 3490 4438 multi-

242 4473 383 4524 μενος
430 4461 740 4532 ἐχειροῦτο,
798 4464 875 4529 ῶς
919 4484 1071 4531 τινας
1125 4470 1579 4543 συναισθομένους
1627 4474 1808 4530 αὐτῶν

1925 4472 2158 4526 udinem
2214 4472 2423 4527 militiae
2471 4472 2734 4536 cmlestis,
2799 4472 3141 4528 laudantium
3192 4473 3362 4531 Deum
3421 4490 3494 4533 ac

238 4545 429 4634 λέγειν·
487 4572 509 4605 ι
542 4556 679 4620 Ἔα,
731 4557 784 4611 τί
832 4561 966 4630 ἡμῖν
1018 4562 1111 4615 καὶ
1159 4564 1275 4626 σοὶ,
1327 4564 1422 4618 Υἰέ
1483 4565 1578 4619 τοῦ
1627 4566 1796 4634 Θεοῦ;

238 4630 381 4707 ἦλθες
411 4643 519 4716 πρὸ
554 4646 749 4717 καιροῦ
785 4648 1069 4717 βασανίσαι
1099 4654 1280 4724 quac;
1317 4674 1335 4704 ι
1388 4656 1481 4709 καὶ
1527 4656 1584 4710 δὲ
1611 4630 1798 4713 τούσδε

243 4730 344 4822 μὲν,
401 4736 499 4787 καὶ
545 4736 617 4789 δι’
666 4730 741 4791 ὧν
789 4739 1028 4812 ἔπραττε
1076 4745 1170 4797 καὶ
1216 4745 1514 4813 ἐδίδασκεν,
1566 4750 1801 4822 ἰσχυρῶς

237 4820 472 4890 ᾐκίζετο·
527 4829 638 4882 πᾶν
691 4828 748 4883 δὲ
797 4831 858 4885 τὸ
907 4833 1250 4904 ἀνθρώπινον
1303 4837 1493 4905 γένος,
1547 4820 1661 4906 τοίς
1692 4820 1807 4897 -διά

237 4910 391 4983 λόγων
426 4919 655 4991 ἡμέρων
713 4922 806 4976 καὶ
860 4928 1153 4997 προσηνέσι
1205 4929 1536 5000 φαρμάκοις,
1581 4936 1701 4997 ταῖς
1743 4951 1805 4987 τε

238 5010 415 5077 πραέσι
452 5012 551 5064 καὶ
588 5020 1015 5085 προτρεπτικαῖς
1059 5019 1225 5073 αὐτοῦ
1257 5021 1646 5090 διδασκαλίαις,
1682 5028 1798 5083 ἰᾶτο

238 5101 314 5153 καὶ
347 5101 673 5174 ἐθεράπευε,
719 5108 889 5163 νόσων
929 5126 987 5162 τε
1029 5112 1298 5167 παντοίων
1341 5115 1434 5168 καὶ
1476 5117 1666 5172 παθῶν
1698 5122 1796 5192 οὐχ

236 5185 372 5261 ἦττον
429 5197 702 5266 σωμάτων
752 5200 786 5272 ἢ
831 5200 1020 5272 ψυχῶν
1080 5203 1416 5276 ἀπήλλαττε,
1449 5209 1685 5275 παλαιᾶς
1734 5185 1795 5266 τέ

235 5282 635 5360 δεισιδαιμονίας
669 5293 761 5345 καὶ
790 5293 1060 5363 δειμάτων
1109 5294 1369 5352 πολυθέου
1420 5299 1654 5372 πλάνης,
1695 5303 1794 5373 τῆς

234 5390 282 5427 τε
332 5381 564 5452 αἰσχρᾶς
628 5384 723 5436 καὶ
763 5384 1061 5440 ἀκολάστου
1114 5386 1357 5461 διαίτης,
1400 5391 1606 5456 πάντας
1667 5396 1792 5457 τοὺς

234 5472 539 5538 προσιόντας
580 5473 899 5549 ἐλευθέρους
923 5479 1112 5547 ἀφεὶς,
1157 5479 1426 5548 μεθιστῶν
1460 5501 1520 5537 τε
1560 5487 1654 5538 καὶ
1691 5504 1788 5556 με·-

231 5560 496 5618 τασάλλων
551 5567 679 5631 τοὺς
725 5568 874 5641 αὐτῷ
922 5572 1351 5644 προσανέχοντας
1405 5576 1469 5628 ἐκ
1514 5578 1614 5647 μὲν
1661 5579 1791 5632 ἀκοι-

231 5649 398 5718 λασίας
430 5657 525 5711 ἐπὶ
554 5657 807 5731 σώφρονα
843 5661 976 5731 βίον,
1017 5664 1081 5717 ἐκ
1120 5664 1177 5718 δὲ
1221 5666 1473 5732 ἀσεϐείας
1511 5669 1602 5722 ἐπὶ
1641 5671 1794 5723 εύσέ-

291 5807 311 5838 ⁸
335 5807 488 5866 Deut.
520 5823 832 5880 xvut,9-13.
908 5820 921 5850 ⁵
958 5818 1101 5876 Psal.
1140 5836 1198 5887 ιι,
1236 5820 1285 5885 7,
1314 5822 1364 5880 8.
1448 5824 1465 5854 ³
1491 5822 1622 5879 Luc.
1662 5840 1713 5891 v,
1743 5825 1831 5890 3i,
1866 5826 1933 5881 52

1906 4562 2459 4620 diwntiuszloria
2514 4564 2569 4619 in
2624 4565 2908 4621 altissimis
2941 4565 3072 4628 Deo.
3135 4576 3190 4624 et
3234 4571 3291 4625 in
3341 4579 3489 4626 terra

1908 4671 2040 4728 pax,
2077 4654 2134 4709 in
2181 4653 2495 4712 hominibus
2547 4655 2691 4712 bona
2749 4657 3004 4714 voluntas
3037 4659 3079 4713 ⁷.
3107 4678 3126 4712 ι
3186 4659 3298 4716 Hos
3324 4661 3489 4733 igitur

1908 4756 2168 4818 tanquam
2216 4748 2467 4817 proprios
2506 4748 2750 4817 angelos,
2804 4749 2890 4804 sui
2946 4750 3120 4821 ipsius
3180 4752 3487 4824 indigentes

1905 4839 2094 4893 auxilii
2123 4841 2204 4895 sic
2242 4855 2374 4894 sane
2410 4839 2618 4910 recepit
2643 4854 2658 4892 :
2683 4839 2778 4910 qui
2801 4854 2929 4896 vero
2950 4841 3066 4912 jam
3090 4842 3183 4896 diu
3210 4843 3266 4897 in
3289 4844 3485 4900 mediis

1905 4930 2225 4986 hominibus
2256 4930 2618 4986 versabantur
2649 4938 2704 4986 et
2720 4931 3042 4998 volitabant,
3072 4933 3275 5003 quique
3308 4942 3361 4989 et
3384 4936 3484 4990 oh-

1905 5038 2068 5079 seure
2101 5030 2154 5077 et
2177 5022 2458 5079 evidenter
2478 5023 2534 5078 in
2565 5031 2712 5079 terra
2733 5063 2748 5088 ,
2779 5026 3080 5095 potentiam
3122 5035 3285 5097 atque
3310 5028 3483 5098 impe-

1904 5116 2047 5170 rium
2068 5116 2409 5182 obtinebant,
2454 5132 2549 5174 eos
2608 5119 2816 5188 ingenti
2868 5118 3162 5191 divinaque
3209 5129 3483 5190 potestate

1903 5207 2121 5279 fugatos
2154 5208 2391 5280 subegit,
2445 5210 2720 5268 daemones
2763 5213 2951 5283 utique
2997 5213 3358 5283 perniciosos,
3415 5231 3481 5271 ac

1903 5302 2194 5372 spirituum
2226 5302 2520 5372 agrestium
2559 5311 2722 5374 atque
2777 5306 3069 5358 immitium
3103 5321 3324 5375 genera,
3370 5322 3481 5361 una

1898 5410 2024 5451 cum
2063 5410 2129 5449 eo
2159 5396 2253 5465 qui
2276 5397 2420 5451 inter
2451 5395 2550 5451 hos
2572 5396 2791 5450 malitiae
2848 5396 3211 5466 principatum
3243 5396 3475 5457 obtinet.

1899 5486 2255 5544 callidissimo
2298 5489 2549 5545 videlicet
2580 5488 2693 5550 illo.
2749 5497 2912 5558 atque
2964 5487 3338 5559 impurissimo
3369 5489 3479 5543 daa-

1900 5595 2082 5646 mone,
2117 5580 2261 5636 sicut
2293 5597 2482 5636 eorum
2541 5581 2788 5635 nonnulli
2844 5583 3141 5637 sentientes
3174 5581 3429 5637 dixerunt
3457 5600 3471 5635 :

1909 5691 1925 5723 ι
1952 5670 2091 5737 Quid
2122 5672 2279 5728 nobis
2303 5682 2357 5728 et
2390 5674 2510 5739 tibi,
2544 5671 2646 5726 Fili
2688 5673 2819 5728 Dei?
2853 5674 3048 5729 venisti
3107 5681 3233 5730 ante
3258 5684 3472 5747 tempus

2035 5828 2053 5856 ‘
2086 5828 2279 5883 Matth.
2317 5845 2388 5893 Iv,
2415 5829 2495 5883 ll.
2578 5838 2596 5869 τ
2626 5829 2968 5899 Luc.tt,15.
3029 5832 3108 5884 Η.
