3880 6256
405 320 511 376 279

1070 321 1340 378 EUSEBII
1379 320 1863 378 ClESAﬂIENSlS
1899 315 2050 375 OPP.
2088 317 2286 375 PARS.
2329 321 2370 377 Ι.
2411 352 2480 362 -
2515 320 3017 377 APOLOGETICA.

3534 320 3636 374 380

403 443 662 503 torquere
690 437 867 492 nos“?
896 456 913 490 ι
943 445 998 491 οι
1030 436 1129 491 hos
1157 436 1376 506 quidem
1403 450 1499 508 per
1527 451 1591 492 ea
1645 451 1766 507 quae
1792 444 1848 490 et
1890 433 1961 488 fe-

2073 432 2250 498 ϐειαν,
2305 436 2394 490 καὶ
2445 434 2503 501 ἐξ
2549 434 2758 499 ἀδικίας
2815 434 2908 491 ἐπὶ
2966 433 3340 506 δικαιοσύνην,
3391 433 3480 487 ναὶ
3532 437 3635 509 μὴν

402 526 478 581 cit
503 535 556 580 ct
585 527 771 581 docuit
797 527 1132 582 validissime
1169 528 1367 583 cecidit
1399 542 1414 580 :
1444 542 1605 584 omne
1647 537 1826 584 autem
1859 527 1962 580 bu-

400 630 626 670 manum
657 633 829 687 genus
854 617 1244 673 allocutionum
1296 618 1598 674 mansuetis
1625 634 1688 673 ac
1717 616 1967 689 placidis,

400 711 556 779 quasi
588 709 1024 774 medicamentis,
1061 713 1286 780 suisque
1316 711 1492 780 ipsius
1522 711 1738 766 blandis
1766 711 1971 787 exhor:

400 800 702 855 tationibus
734 816 799 855 ac
827 800 1174 856 documentis
1200 804 1436 866 sanavit,
1481 812 1535 858 et
1581 803 1650 858 ab
1671 804 1851 858 omnis
1880 818 1972 873 ge-

398 894 547 950 neris
595 896 803 950 morbis
835 910 897 949 ac
947 896 1470 965 perturbationibus,
1498 912 1605 951 non
1627 897 1807 951 minus
1842 912 1968 950 cer—

398 1000 590 1055 porum
618 1002 779 1055 quam
822 988 1129 1042 animorum
1182 988 1472 1042 liberavit:
1508 1002 1744 1058 cumque
1771 988 1839 1041 ab
1872 1003 1970 1042 an-

396 1079 548 1147 tiqua
581 1079 987 1148 superstitione,
1011 1094 1075 1133 ac
1105 1079 1405 1135 terroribus
1438 1095 1576 1151 quos
1616 1090 1774 1135 c‘rror
1828 1080 1969 1133 mul-

396 1168 649 1223 titudinis
693 1168 918 1224 deorum
951 1168 1227 1233 aﬂerebat,
1271 1177 1435 1239 atque
1461 1185 1497 1223 ο
1528 1169 1675 1239 turpi
1716 1170 1971 1239 petulan-

394 1261 552 1330 tique.
577 1261 744 1323 victu,
789 1276 978 1316 omnes
1010 1277 1070 1316 se
1113 1261 1378 1317 adeuntes
1409 1263 1620 1317 solutos
1649 1262 1964 1324 dimitteret,

393 1353 816 1423 traduceretque
849 1368 913 1408 ac
942 1361 1178 1408 mutaret
1225 1369 1343 1419 eos,
1383 1355 1477 1425 qui
1511 1356 1748 1424 seipsum
1779 1355 1967 1408 obser-

391 1452 604 1509 varent,
641 1460 669 1499 a
703 1446 831 1499 luxu
861 1444 928 1499 ad
959 1446 1303 1510 modestiam,
1337 1446 1405 1500 ab
1447 1446 1724 1517 impietate
1754 1429 1969 1515 ad'pie-

393 1543 581 1601 tatem,
607 1536 674 1590 ab
704 1536 967 1605 injustitia
1007 1536 1166 1608 164
1185 1537 1252 1591 ad
1283 1537 1583 1607 justitiam,
1616 1553 1678 1592 ac
1709 1547 1966 1609 praeterea

390 1641 423 1679 a
445 1626 749 1682 crudelium
777 1628 1084 1682 daemonum
1116 1636 1405 1699 potestate,
1459 1629 1526 1683 ad
1561 1631 1798 1685 divinam
1828 1646 1967 1686 vera:

388 1720 607 1788 pietatis
638 1721 1202 1789 comprehensionem,
1237 1731 1513 1792 postremo
1560 1724 1800 1778 cmlestis
1821 1724 1962 1785 vitae,

2080 525 2174 579 καὶ
2208 528 2272 579 ἐκ
2307 527 2408 596 τῆς
2457 526 2566 580 τῶν
2614 527 2829 599 πικρῶν
2874 527 3141 599 δαιμόνων
3188 526 3502 590 δυναστείας
3547 529 3634 581 ἐπὶ

2077 617 2179 686 τὴν
2214 617 2393 670 ἔνθεον
2437 619 2735 689 κατάληψιν
2771 620 2869 690 τῆς
2906 619 3138 690 ἀληθοῦς
3185 618 3462 682 εὐσεϐείας
3484 636 3497 648 ’
3546 620 3633 673 καὶ

2078 709 2298 780 προσέτι
2329 709 2534 774 τούτοις
2570 711 2741 775 πύλας
2771 712 3018 783 οὐρανίου
3056 711 3197 784 ζωῆς
3217 753 3233 778 ,
3267 712 3360 766 καὶ
3387 712 3489 783 τῆς
3518 715 3634 767 κατ’
3692 722 3695 725 ’

2076 802 2353 855 εὐσέϐειαν
2383 803 2725 867 διδασκαλίας
2750 808 2864 868 τοῖς
2895 804 3013 859 καθ’
3045 805 3171 877 ὅλης
3196 806 3294 877 τῆς
3319 807 3634 878 οἰκουμένης

2077 891 2252 946 ἔθνεσι
2292 894 2674 967 προϊσχόμενος
2693 913 2708 926 ·
2757 898 2849 950 καὶ
2873 900 2950 961 είς
2987 897 3235 950 τοσοῦτόν
3271 914 3337 966 γε
3372 897 3631 963 κάτεισιν,

2075 985 2150 1047 ώς
2185 985 2258 1056 μὴ
2294 988 2451 1056 μόνον
2487 987 2753 1058 κάμνουσι
2790 989 2880 1041 καὶ
2914 987 3164 1059 χαλεπῶς
3199 989 3637 1060 νοσηλευομένοις

2075 1075 2172 1141 τὰς
2213 1076 2388 1146 ψυχὰς
2446 1079 2546 1149 τὴν
2605 1081 2871 1151 σωτήριον
2933 1079 3117 1150 ὀρέξαι
3177 1080 3395 1147 δεξιὰν,
3441 1081 3542 1152 ἠδη
3578 1081 3634 1135 δὲ

2076 1168 2169 1220 καὶ
2206 1167 2265 1231 ἐξ
2311 1168 2487 1221 αὐτῶν
2526 1168 2633 1223 τῶν
2679 1169 2861 1223 πυλῶν
2911 1170 3005 1223 τοῦ
3052 1169 3281 1224 Θανάτου
3329 1171 3456 1233 τοὺς
3503 1173 3633 1242 ἡμι-

2075 1258 2302 1329 θνῆτας,
2344 1260 2378 1330 ἢ
2420 1261 2513 1314 καὶ
2557 1261 2787 1331 πάμπαν
2828 1261 3172 1326 ἀπολωλότας
3216 1262 3281 1316 ἐκ
3321 1261 3533 1333 μακροῦ
3575 1278 3633 1315 τε

2074 1350 2592 1422 κατορωρυγμένους
2616 1351 2723 1405 τῶν
2751 1352 2979 1406 θανάτου
3013 1350 3170 1406 λῦσαι
3204 1352 3442 1422 δεσμῶν·
3470 1351 3535 1405 δι’
3566 1352 3631 1425 ἣν

2077 1441 2309 1513 μάλιστα
2350 1444 2528 1497 αἰτίαν
2559 1445 2653 1497 καὶ
2687 1443 2847 1516 μέχρι
2884 1444 2993 1499 τῶν
3024 1443 3208 1498 αὐτόθι
3241 1445 3457 1517 χωρίων
3490 1444 3628 1515 ἐδέη·

2075 1550 2164 1587 σεν
2198 1532 2346 1604 αὐτῷ
2386 1535 2684 1606 ἐνεργείας,
2722 1536 2797 1599 ὡς
2829 1534 2894 1589 ἂν
2929 1534 3001 1607 μὴ
3037 1536 3192 1606 μόνον
3230 1535 3469 1601 ζώντων,
3504 1534 3633 1589 ἀλλά

2072 1627 2165 1679 καὶ
2216 1628 2423 1700 νεκρῶν
2476 1628 2832 1700 κυριεύσειεν.
2881 1628 3011 1682 Ὅτε
3064 1628 3160 1698 μὲν
3198 1624 3292 1681 οὖν
3334 1628 3416 1699 τῷ
3465 1629 3631 1701 Πατρὶ

2075 1717 2310 1781 σύνεστι,
2353 1719 2448 1771 καὶ
2480 1718 2578 1790 τὴν
2623 1719 2730 1773 τῶν
2762 1718 2896 1772 ὅλων
2927 1720 3178 1791 πρόνοιαν
3216 1718 3385 1791 ἐνθέῳ
3412 1720 3631 1791 δυνάμει

389 1811 764 1884 doctrinaeque
795 1816 1015 1887 pietatis
1045 1824 1254 1886 portas,
1281 1817 1535 1888 gentibus
1557 1832 1652 1887 per
1677 1824 1849 1871 totum
1877 1832 1961 1872 or-

2066 1809 2423 1882 διακυϐερνᾷ,
2467 1810 2695 1882 οὐρανοῦ
2736 1810 2899 1864 αὐτοῦ
2950 1811 3043 1864 καὶ
3084 1812 3187 1883 γῆς
3229 1810 3365 1882 ὁμοῦ
3401 1812 3496 1864 καὶ
3530 1811 3632 1863 τῶν

389 1903 511 1959 bem
539 1913 758 1974 apertas
786 1908 1120 1974 ostenderet,
1151 1922 1325 1976 usque
1347 1908 1483 1962 adeo
1501 1909 1740 1979 seipsum
1773 1909 1968 1964 demit-

389 1994 559 2063 tebat,
592 2004 649 2049 ut
670 2011 777 2050 non
796 1999 972 2052 solum
994 1999 1391 2063 laborantibus,
1418 2000 1763 2071 graviterque
1785 2002 1967 2057 animo

389 2086 784 2154 aegrotantibus
812 2089 1108 2143 salutarem
1144 2089 1392 2145 dextram
1424 2090 1750 2161 porrigeret,
1778 2107 1966 2147 verum

387 2177 551 2232 etiam
590 2178 658 2235 de
688 2181 823 2251 ipsis
848 2181 961 2251 jam
996 2184 1173 2254 portis
1203 2184 1399 2239 mortis
1449 2187 1854 2250 semimortuus,
1882 2189 1967 2243 vel

385 2280 482 2322 eos
503 2284 722 2340 quoque
779 2272 873 2342 qui
937 2273 1156 2342 penitus
1190 2273 1562 2339 interiissent,
1610 2275 1833 2346 jamque
1872 2277 1966 2331 diu

385 2359 585 2428 sepulti
615 2371 820 2427 essent,
855 2377 885 2416 a
917 2366 1112 2421 mortis
1141 2365 1380 2421 vinculis
1426 2366 1691 2422 solveret:
1745 2376 1967 2439 propter

382 2464 548 2520 quam
579 2454 815 2508 maxime
838 2470 1084 2520 causam,
1138 2456 1346 2511 illifuit
1383 2473 1522 2528 opus
1558 2459 1625 2513 ad
1651 2458 1741 2513 illa
1792 2476 1967 2530 usque

384 2544 504 2598 loca
542 2543 837 2600 ellicaciam
869 2547 1065 2619 agendi
1114 2564 1436 2620 propagare,
1489 2559 1550 2604 ut
1571 2551 1823 2607 videlicet
1854 2569 1966 2608 non

384 2638 559 2692 solum
580 2639 635 2692 in
662 2639 820 2706 vivis,
848 2656 1035 2696 verum
1057 2642 1220 2697 etiam
1244 2645 1296 2697 in
1318 2645 1551 2700 mortuis
1568 2644 1962 2705 dominaretur.

381 2727 521 2782 Dum
553 2730 716 2799 igitur
743 2745 867 2785 cum
898 2730 1057 2787 Patre
1083 2742 1186 2799 est,
1218 2742 1381 2804 atque
1411 2735 1648 2791 universi
1674 2737 1966 2805 providen-

382 2818 517 2873 tiam
544 2819 727 2875 divina
772 2822 974 2878 virtute
1005 2824 1389 2890 administrat,
1420 2826 1619 2881 coelum
1650 2827 1828 2897 ipsum
1857 2844 1965 2884 una

383 2926 516 2968 cum.
546 2920 711 2979 terra,
747 2922 801 2970 et
830 2924 1056 2972 naturas
1086 2934 1206 2988 quae
1233 2919 1290 2973 in
1334 2916 1447 2975 illis
1482 2920 1850 2986 continentur,
1883 2931 1964 2977 at-

380 3018 492 3076 que
523 3019 615 3060 eas
642 3022 763 3076 quae
788 3022 955 3077 supra
983 3009 1181 3063 cmlum
1217 3009 1616 3080 intelliguntur,
1652 3010 1867 3067 divinas
1908 3019 1963 3066 et

384 3095 739 3167 incorporeas
793 3107 977 3154 tuetur
1023 3106 1076 3155 et
1129 3107 1310 3165 curat,
1340 3100 1436 3156 Dei
1469 3100 1728 3168 Verbum,
1784 3113 1838 3159 et
1865 3102 1960 3159 Dei
1988 3127 2035 3189 ο

352 3188 677 3258 ιοερίειιιίο,
721 3199 776 3246 et
824 3190 918 3247 Dei
957 3193 1151 3256 virtus,
1213 3201 1267 3248 et
1322 3194 1599 3265 princeps,
1638 3206 1692 3252 et
1741 3196 1872 3261 dux,
1906 3204 1960 3251 et

382 3293 502 3333 rex.
523 3280 665 3344 Quin
692 3281 853 3335 etiam
878 3288 932 3338 et
963 3281 1107 3338 Deus
1127 3291 1181 3338 et
1211 3280 1476 3340 Dominus
1506 3286 1563 3340 in
1608 3284 1806 3340 divinis
1836 3301 1962 3340 ora-

382 3369 524 3425 culis
552 3384 677 3426 cum
708 3371 868 3427 laude
892 3381 946 3429 et
972 3374 1143 3444 gloria
1174 3377 1511 3441 nominatur,
1544 3385 1598 3433 et
1628 3378 1962 3435 illuminator

381 3460 603 3531 quidem
660 3462 1109 3534 incorporearum
1167 3467 1691 3538 intelligentiumque
1735 3478 1999 3524 natura-'

382 3568 524 3608 rum.
563 3552 657 3608 Sol
687 3557 1062 3627 verojustitiae
1091 3573 1154 3611 ac
1177 3558 1357 3614 lumen
1380 3561 1626 3615 veritatis
1648 3568 1732 3616 est
1753 3561 1955 3625 dictus,

381 3645 476 3715 qui
526 3646 801 3702 subservit
869 3657 1032 3718 atque
1083 3665 1301 3719 operam
1337 3665 1494 3706 suam
1548 3652 1817 3708 immiscet
1867 3669 1959 3725 pa-

378 3738 553 3793 ternis
581 3738 1052 3809 dispositionibus.
1085 3757 1151 3796 ex
1176 3757 1287 3812 quo
1322 3752 1376 3798 et
1406 3741 1586 3799 Patris
1617 3743 1867 3800 minister
1905 3755 1959 3801 et

381 3827 561 3898 opifex
595 3840 959 3900 nuncupatur.
1010 3830 1173 3887 Solus
1203 3847 1336 3889 vero
1388 3840 1542 3890 certo
1583 3834 1776 3890 ordine
1807 3836 1958 3890 novit

382 3916 495 3975 Deo
523 3919 920 3989 obtemperare,
978 3921 1072 3991 qui
1126 3922 1293 3977 etiam
1350 3923 1596 3978 medicus
1644 3924 1952 3990 intercedit,

381 4012 527 4067 inter
553 4011 721 4067 Deum
742 4013 831 4082 qui
847 4014 1062 4083 genitus
1084 4029 1194 4068 non
1223 4020 1328 4078 est,
1357 4023 1412 4069 et
1443 4030 1537 4071 eas
1563 4031 1652 4072 res
1679 4031 1803 4087 quae
1834 4027 1956 4087 post

304 4088 311 4091 ⁷
382 4104 565 4174 ipsum
586 4103 780 4173 genitae
803 4114 952 4170 sunt,
996 4106 1089 4176 qui
1118 4106 1357 4162 universi
1371 4109 1707 4164 curationem
1741 4124 1956 4165 assum-

380 4195 515 4265 psit,
546 4205 599 4250 et
631 4196 783 4250 Patri
813 4212 912 4266 pro
937 4198 1193 4254 omnibus
1241 4199 1335 4269 qui
1373 4199 1450 4254 illi
1483 4208 1674 4271 parent
1695 4207 1781 4257 est
1821 4216 1955 4256 con-

382 4291 635 4341 secratus
649 4285 907 4356 solusque
937 4287 1088 4342 illum
1117 4288 1372 4343 omnibus
1396 4291 1582 4345 mitem
1634 4289 1956 4360 propitium-

378 4393 490 4448 que
536 4377 738 4445 reddit,
791 4379 885 4450 qui
948 4378 1199 4437 Pontifex
1258 4389 1517 4446 teternus,
1574 4396 1640 4437 ac
1689 4387 1953 4452 praeterea

2068 1905 2125 1955 ἐν
2165 1901 2374 1965 τούτοις
2415 1902 2817 1974 περιεχομένων
2862 1902 3076 1971 φύσεων
3106 1901 3235 1955 ’τῶν
3273 1918 3332 1953 τε
3381 1901 3631 1954 ἐπέκεινα

2065 1994 2292 2066 οὐρανοῦ
2337 1995 2494 2049 θείων
2527 1996 2620 2050 καὶ
2651 1995 2954 2065 ἀσωμάτων
2989 1994 3184 2048 οὐσιῶν
3227 1996 3520 2048 ἐπισκοπεῖ
3544 1995 3631 2049 καὶ

2067 2086 2385 2161 ἐπιμέλεται
2421 2086 2557 2139 Θεοῦ
2591 2087 2796 2155 Λόγος,
2841 2087 2937 2140 καὶ
2963 2086 3097 2141 Θεοῦ
3136 2088 3330 2157 σοφία,
3378 2090 3476 2142 καὶ
3503 2087 3629 2142 Θεοῦ

2064 2176 2292 2246 δύναμις
2344 2176 2524 2247 ἄρχων
2584 2193 2644 2230 τε
2696 2176 2788 2230 καὶ
2840 2177 3140 2248 ἡγούμενος
3208 2179 3302 2232 καὶ
3359 2178 3626 2248 βασιλεύς.

2071 2266 2207 2337 Ἤδη
2239 2265 2295 2318 δὲ
2321 2267 2415 2321 καὶ
2443 2267 2573 2330 Θεὸς
2604 2268 2698 2321 καὶ
2720 2267 2921 2339 Κύριος
2948 2270 3006 2321 ἐν
3035 2270 3149 2333 τοῖς
3177 2268 3342 2333 θείοις
3370 2273 3631 2342 χρησμοῖς

2066 2359 2457 2431 ἀνευφημεῖται
2484 2400 2499 2424 ,
2551 2360 2646 2415 καὶ
2699 2360 2946 2429 φωτίζων
3002 2362 3101 2433 μὲν
3157 2362 3257 2426 τὰς
3310 2364 3629 2435 ἀσωμάτους

2066 2449 2159 2501 καὶ
2196 2448 2387 2519 νοερὰς
2424 2449 2633 2518 φύσεις.
2680 2449 2866 2513 Ἥλιος
2915 2449 2971 2503 δὲ
3008 2450 3350 2523 δικαιοσύνης
3392 2454 3487 2507 καὶ
3522 2453 3630 2522 φῶς

2064 2533 2319 2605 ἀληθινὸν
2385 2536 2667 2608 ἀνείρηται
2686 2575 2702 2599 ,
2756 2538 3044 2608 ὑπουργῶν
3099 2539 3155 2593 δὲ
3204 2541 3299 2595 καὶ
3358 2541 3629 2613 συνεργῶν

2065 2628 2183 2690 ταῖς
2211 2624 2307 2679 τοῦ
2334 2628 2546 2700 Πατρὸς
2599 2628 2923 2695 διατάξεσιν,
2980 2632 3270 2702 ὑπουργὸς
3293 2632 3390 2686 τοῦ
3425 2634 3628 2706 Πατρὸς

2065 2719 2159 2776 καὶ
2202 2719 2531 2791 δημιουργὸς
2574 2721 2918 2793 χρηματίζει.
2978 2723 3137 2777 Ἀλλά
3177 2725 3269 2778 καὶ
3304 2726 3467 2795 μόνος
3496 2725 3625 2780 κατὰ

2063 2811 2214 2878 τάξιν
2257 2811 2412 2876 εἰδὼς
2442 2812 2761 2885 θεραπεύειν
2792 2814 2945 2880 Θεὸν,
2982 2815 3144 2886 μέσος
3183 2835 3243 2870 τε
3283 2818 3457 2881 ἑστὼς
3500 2818 3623 2871 Θεοῦ

2063 2902 2155 2956 τοῦ
2201 2904 2493 2976 ἀγεννήτου
2531 2906 2626 2959 καὶ
2660 2905 2768 2958 τῶν
2797 2907 2915 2978 μετ’
2945 2907 3105 2961 αὐτὸν
3148 2908 3412 2978 γενητῶν,
3441 2911 3538 2980 τήν
3568 2925 3624 2961 τε

2063 2994 2170 3049 τῶν
2217 2994 2354 3050 ὅλων
2396 2994 2819 3068 ἀναδεδεγμένος
2865 2999 3153 3071 φροντίδα,
3196 3001 3292 3053 καὶ
3342 3000 3484 3071 ὑπὲρ
3521 2999 3624 3053 τῶν

2064 3088 2318 3161 ὑπηκόων
2360 3090 2612 3144 ἁπάντων
2655 3090 2946 3164 ἱερώμενος
2985 3091 3062 3163 τῷ
3097 3094 3300 3164 Πατρὶ,
3337 3094 3432 3147 καὶ
3477 3093 3624 3164 μόνος

2064 3182 2224 3235 αὐτὸν
2251 3185 2366 3246 τοῖς
2397 3184 2562 3237 πᾶσιν
2594 3184 2796 3254 εὐμενῆ
2834 3184 2928 3238 καὶ
2957 3183 3111 3237 ἵλεων
3145 3185 3424 3256 παρέχων,
3450 3185 3625 3256 ἀρχιε-

2064 3276 2191 3348 ρεὺς
2221 3273 2458 3341 αἰώνιος,
2502 3278 2595 3330 καὶ
2630 3277 2694 3350 δὴ
2723 3278 2956 3348 Χριστὸς
2989 3277 3084 3330 τοῦ
3115 3278 3330 3351 Πατρὸς
3367 3295 3623 3350 προσαγο-

2065 3367 2298 3438 ρεύεται,
2328 3367 2469 3421 οὕτω
2497 3370 2591 3423 καὶ
2619 3369 2888 3441 Ἑϐραίοις
2912 3368 3160 3440 Χριστῶν
3188 3369 3622 3441 ἐπικαλουμένων

2061 3463 2227 3516 πάλαι
2269 3461 2378 3516 τῶν
2423 3461 2519 3534 τὴν
2558 3463 2743 3516 εἰκόνα
2797 3461 2892 3515 τοῦ
2949 3462 3165 3535 πρώτου
3212 3462 3302 3516 διὰ
3348 3462 3621 3533 συμϐόλων

2061 3556 2469 3610 ἐπιτελούντων.
2520 3557 2631 3609 Καὶ
2685 3556 2775 3610 ὅτε
2830 3557 2929 3627 μὲν
3001 3555 3253 3625 ἀγγέλοις
3321 3554 3624 3627 ταξιαρχῶν

2060 3648 2355 3712 ἐπιστατεῖ,
2413 3647 2656 3719 μεγάλης
2712 3645 2908 3718 βουλῆς
2946 3646 3175 3716 ἄγγελος
3212 3646 3619 3718 ἀναγορεύεται,

2060 3739 2154 3792 καὶ
2173 3737 2280 3791 τῶν
2308 3740 2428 3793 κατ’
2451 3739 2677 3811 οὐρανὸν
2700 3735 2965 3809 στρατιῶν
2987 3737 3310 3808 ἡγούμενος,
3334 3735 3622 3808 ἀρχιστρά-

2057 3846 2220 3900 τηγος
2249 3830 2527 3900 δυνάμεως
2569 3829 2771 3900 Κυρίου
2801 3824 2981 3883 εἶναιδ
3014 3827 3114 3899 ήδη
3137 3829 3195 3881 δὲ
3222 3828 3424 3882 κατιὼν
3445 3828 3533 3880 ἐπὶ
3559 3826 3619 3878 τὰ

2058 3923 2203 3994 τῇδε,
2244 3922 2401 3995 ἡμῶν
2426 3939 2487 3976 τε
2511 3922 2689 3976 αὐτῶν
2719 3922 2820 3993 τῆς
2853 3921 3078 3992 λογικῆς
3127 3920 3370 3990 φύσεως,
3427 3921 3521 3990 τῆς
3564 3933 3617 3970 τε

2062 4015 2195 4079 ἰδίας
2225 4014 2411 4079 αὐτοῦ,
2440 4015 2600 4088 χάριν
2629 4016 2856 4082 εἰκόνος,
2889 4013 3268 4086 φιλανθρωπίᾳ
3293 4012 3387 4066 τοῦ
3417 4010 3617 4083 Πατρὸς

2058 4106 2606 4178 ἀντιλαμϐανόμενος,
2660 4105 2794 4161 καθὸ
2837 4106 2939 4177 μὲν
2977 4104 3121 4159 ἔοικε
3163 4106 3373 4176 νηπίων
3417 4103 3613 4175 ἄρχειν,

2057 4198 2151 4252 καὶ
2208 4200 2370 4252 οἱονεὶ
2421 4198 2784 4271 βοσκημάτων
2805 4238 2820 4263 ,
2872 4199 3075 4270 ποιμὴν
3128 4198 3437 4269 ὠνόμασται
3492 4209 3618 4267 προ-

2058 4291 2264 4345 ϐάτων·
2322 4291 2457 4346 καθὸ
2510 4291 2568 4346 δὲ
2624 4292 2812 4364 ψυχῶν
2873 4291 3130 4363 ὲμπαθῶν
3184 4291 3282 4363 τὴν
3332 4286 3616 4360 θεραπείαν
3662 4360 3665 4363 η

2060 4384 2471 4453 ἐπαγγέλλεται,
2494 4383 2681 4456 Σωτὴρ
2707 4384 2800 4437 καὶ
2831 4383 3013 4456 ἰατρὸς
3048 4382 3272 4445 εἰκότως
3310 4381 3375 4435 ἂν
3397 4380 3611 4449 λέγοιτο.

379 4468 633 4527 Christus
672 4468 853 4526 Patris
904 4479 1154 4527 vocatur.
1214 4471 1305 4528 Sic
1356 4473 1501 4527 enim
1523 4472 1667 4544 apud
1697 4470 1952 4530 Hebraeos

2064 4474 2229 4529 Τοῦτο
2270 4474 2464 4547 γοῦνή
2506 4477 2637 4546 παρ’
2687 4473 2957 4546 Ἑϐραίοις
3002 4472 3095 4527 τοῦ
3152 4473 3324 4543 Ἰησοῦ
3372 4470 3613 4544 σημαίνει

378 4561 511 4616 olim
551 4562 984 4633 appellabantur,
1016 4561 1113 4632 qui
1142 4562 1437 4632 imaginem
1473 4563 1635 4633 primi
1681 4579 1778 4635 per
1806 4579 1957 4634 qure-

379 4655 504 4709 dam
538 4657 693 4726 signa
725 4655 1054 4722 referebant,
1096 4671 1160 4711 ac
1207 4657 1337 4711 dum
1392 4658 1707 4728 angelorum
1737 4657 1954 4728 quidem

380 4747 669 4804 ordinibus
709 4750 961 4819 imperat,
988 4760 1149 4819 atque
1189 4750 1256 4805 iis
1303 4758 1520 4820 prmest,
1556 4751 1735 4821 magni
1775 4751 1958 4807 consi-

378 4837 439 4891 lii
496 4839 726 4907 angelus
749 4855 872 4895 esse
899 4839 1123 4901 dicitur,
1185 4847 1240 4894 et
1302 4840 1509 4894 militiae
1544 4840 1786 4895 caelestis
1819 4840 1952 4904 dux,

380 4942 447 4982 ac
505 4930 777 4987 maximus
828 4930 1109 5000 cupiarum
1167 4930 1379 4986 Domini
1439 4933 1755 5002 imperator.
1817 4931 1955 4987 Dum

392 5035 528 5075 vero
553 5023 620 5076 ad
661 5023 777 5081 haec
809 5030 998 5078 nostra
1059 5023 1363 5088 descendit,
1406 5032 1758 5096 nostramque
1806 5027 1956 5096 ipso-

380 5128 504 5167 rum
529 5114 851 5168 rationalem
885 5122 1155 5179 naturam,
1216 5125 1269 5170 et
1312 5132 1426 5171 suae
1479 5118 1733 5190 imaginis
1763 5133 1950 5183 causa,

379 5211 435 5257 et
467 5204 707 5260 bonitate
745 5204 931 5261 Patris
949 5206 1201 5272 assumit,
1261 5222 1328 5262 ex
1362 5224 1471 5279 quo
1524 5225 1656 5266 sane
1712 5211 1957 5281 parvulis

381 5301 546 5362 atque
620 5296 1051 5365 insipientibus,
1136 5312 1200 5351 ac
1278 5302 1669 5370 propemodum
1742 5304 1954 5371 pecori-

380 5383 487 5437 bus
534 5385 804 5454 imperare
826 5388 1060 5452 videtur,
1119 5398 1306 5457 pastor
1361 5392 1544 5446 ovium
1604 5393 1784 5450 dictus
1844 5404 1947 5452 est.

381 5474 665 5541 Qiiatenus
716 5493 847 5533 vero
911 5480 1218 5534 animarum
1259 5485 1635 5551 aegrotantium
1686 5487 1950 5543 medelam

378 5565 693 5634 pollicetur,
747 5570 945 5624 merito
1008 5570 1259 5625 Salvator
1313 5588 1376 5627 ae
1445 5575 1688 5632 medicus
1727 5576 1948 5633 dicitur.

452 5735 684 5794 ‘Matth.
724 5758 841 5808 vnt,
878 5744 969 5798 9.9.

2062 4566 2419 4639 προσηγορία.
2475 4566 2626 4620 Ἐπεὶ
2670 4566 2728 4620 δὲ
2766 4565 2874 4619 ἔδει
2909 4565 3037 4619 ποτὲ
3086 4566 3180 4620 καὶ
3211 4564 3361 4635 αὐτῷ
3392 4564 3611 4634 ὀργάνου

2057 4657 2417 4729 ἀνθρωπίνου,
2466 4655 2540 4719 ὼς
2582 4655 2648 4709 ἂν
2688 4655 2782 4710 καὶ
2828 4655 3133 4727 ἀνθρώποις
3177 4657 3367 4710 ἐαυτὸν
3416 4658 3609 4726 φήνειε,

2056 4750 2152 4804 καὶ
2187 4751 2285 4822 τῆς
2324 4750 2419 4804 τοῦ
2451 4748 2666 4820 Πατρὸς
2697 4746 3041 4815 ἐπιγνώσεως
3080 4749 3175 4801 καὶ
3206 4748 3485 4810 εὐσεϐείας
3526 4744 3611 4799 τὸν

2055 4844 2228 4915 ἀληθῆ
2257 4843 2413 4914 λόγον
2435 4843 2684 4908 διδάξειε,
2715 4846 2810 4899 καὶ
2843 4842 3029 4896 τοῦτον
3057 4843 3157 4895 οὐκ
3184 4842 3501 4913 ἀπαρνεῖται
3526 4838 3609 4891 τὸν

2054 4936 2252 5008 τρόπον
2270 4953 2283 4967 ·
2324 4936 2516 5000 ἐπιϐὰς
2546 4935 2603 4990 δέ
2634 4931 2693 4988 εὖ
2728 4936 2871 5008 μάλα
2899 4940 2962 5007 τῇ
2992 4937 3234 5007 ἡμετέρᾳ
3256 4934 3434 5003 φύσει,
3479 4929 3608 5001 πάρο

2056 5043 2193 5079 εισιν
2216 5027 2297 5091 είς
2331 5027 2671 5097 ἀνθρώπους,
2718 5026 2850 5080 Θεὸν
2872 5027 2937 5080 δι’
2962 5026 3247 5097 ἀνθρώπου
3271 5026 3411 5096 μέγα
3431 5023 3608 5092 θαῦμα

2053 5121 2165 5181 τοῖς
2194 5119 2358 5171 πᾶσιν
2387 5116 2852 5188 ἐπιδεικνύμενος·
2886 5118 2961 5181 ὡς
2998 5117 3064 5172 ἂν
3101 5118 3361 5188 μὴ.μόνον
3391 5115 3450 5180 ἐξ
3487 5116 3609 5182 ἀφα-

2053 5207 2177 5271 νοῦς
2208 5208 2302 5260 καὶ
2333 5207 2528 5277 ἀδήλου
2574 5206 2811 5278 ἄσαρκος
2840 5209 2916 5271 ὡς
2953 5207 3046 5261 xui.
3085 5206 3372 5277 ἀσώματος
3399 5195 3608 5257 ἐπιστά-

2053 5298 2191 5369 τοίη,
2221 5300 2402 5362 αὐτοῖς
2424 5298 2479 5351 δὲ
2505 5298 2708 5370 σαρκὸς
2732 5298 2973 5368 ὄμμασιν
2995 5295 3289 5369 ὁρώμενος,
3317 5293 3606 5367 ἀνθρώπων

2051 5408 2111 5445 τε
2165 5390 2461 5460 ὀφθαλμοῖς
2510 5391 2602 5444 καὶ
2655 5392 2796 5460 ὑπὲρ
2845 5391 3132 5461 ἄνθρωπον
3176 5387 3605 5460 θαυματουργίας

2054 5483 2308 5554 παρέχων
2340 5485 2490 5554 όρᾷν,
2524 5484 2619 5537 καὶ
2646 5484 2869 5555 προσέτι
2911 5482 3160 5554 σώματος
3187 5484 3375 5546 ἀκοαῖς
3401 5480 3497 5543 τὰς
3521 5475 3604 5531 διὰ

2052 5573 2295 5645 γλώττης
2327 5575 2425 5629 καὶ
2460 5576 2642 5647 φωνῆς
2688 5574 2950 5646 ἐνάρθρου
2991 5574 3315 5646 παραδιδοὺς
3359 5571 3600 5627 διδασκαο
