3880 6256
239 328 331 389 εει
1142 332 1798 392 DEMONSTRATIONIS
1835 336 2295 395 EVANGELICIE
2326 340 2454 397 LIB.
2489 339 2579 399 IV.

3350 337 3459 390 233

233 449 365 539 λξας,
602 466 660 503 τε
700 445 777 514 ὡς
817 448 1029 521 ἀληθῶς
1081 453 1175 505 καὶ
1228 452 1529 525 παράδοξον
1581 454 1784 539 χρῆμα,

1901 453 2056 527 135
2094 454 2208 512 Hoc
2245 458 2391 512 enim
2432 457 2572 527 apud
2597 455 2851 511 Hebraeos
2891 452 3021 509 Jesu
3056 453 3346 524 appellatio
3377 457 3457 510 si-

234 532 333 589 οἷον
359 536 469 589 οὐδ’
497 538 634 593 ἄλλο
666 558 753 594 πω
780 542 942 610 φανὲν
975 544 1405 614 μνημονεύεται,
1437 532 1702 616 σωτήριόν
1732 563 1792 600 τε

232 627 353 697 ὁμοῦ
394 628 491 683 καὶ
539 630 886 703 εὐεργετικὸν
926 637 1035 697 τοῖς
1080 636 1245 689 πᾶσιν
1280 638 1443 701 αὐτὸς
1481 639 1671 693 ἑαυτὸν
1702 641 1790 692 ἐν·

193 747 198 750 -
231 722 590 792 δεικνύμενος.
623 724 778 780 Οὕτω
805 727 937 797 δῆτα
971 730 1000 781 ό
1031 728 1162 792 Θεὸς
1189 731 1217 783 ό
1242 730 1412 799 Λόγος
1445 731 1559 796 υἱὸς
1585 731 1793 803 ἀνθρώ-

229 824 319 861 που
356 809 603 878 ἐλέγετο,
635 814 728 866 καὶ⁵
774 815 978 887 Ἰησοῦς
1012 817 1341 888 ὠνομάζετο,
1372 823 1503 892 παρ’
1531 822 1654 876 ὅσον
1692 823 1791 893 τῆς

225 898 323 951 τῶν
362 898 723 971 ἀνθρωπίνων
769 903 952 974 ψυχῶν
1006 905 1199 971 ἰάσεώς
1248 924 1307 961 τε
1357 909 1450 963 καὶ
1497 910 1789 982 θεραπείας

224 988 371 1059 χάριν
397 989 499 1060 τὴν
536 991 768 1061 πάροδον
797 997 876 1057 εἰς
905 995 1049 1064 ἡμᾶς
1083 997 1338 1051 ἐποιεῖτο.
1386 1000 1575 1071 Σωτὴρ
1623 1002 1667 1054 δ’
1698 998 1788 1056 οὖν

224 1078 307 1132 καὶ
336 1079 466 1149 παρ’
510 1079 789 1151 Ἑϐραίοις
829 1084 1244 1158 ἑρμηνεύεταιὴ
1283 1087 1376 1141 τοῦ
1414 1088 1586 1158 Ἰησοῦ
1622 1107 1790 1162 προσ-

220 1168 425 1239 ηγορὶα.
501 1171 617 1235 Τάς
662 1190 721 1226 τε
775 1175 959 1239 κοινάς
1005 1178 1131 1247 ἡμῖν
1184 1179 1442 1248 ὑπέμεινε
1489 1180 1785 1252 διατριϐὰς.

218 1260 453 1331 οὐδαμῶς
493 1265 596 1334 μὲν
633 1265 727 1320 τοῦ
770 1261 910 1321 εἶναι
952 1269 1012 1333 ὃς
1046 1265 1113 1341 ἦν
1149 1270 1518 1342 ἐξιστάμενος,
1548 1273 1683 1343 ὁμοῦ
1728 1275 1786 1328 δὲ

216 1355 267 1407 ἐν
295 1353 370 1425 τῷ
403 1356 684 1428 ἀνθρώπῳ
720 1360 998 1428 φυλάττων
1035 1363 1124 1415 τὸν
1161 1363 1312 1418 Θεόν.
1356 1365 1532 1429 Εὐθὺς
1564 1382 1787 1436 τοιγαρ-

216 1440 298 1493 οὖν
339 1444 432 1496 ἐπὶ
470 1446 578 1516 τῆς
621 1447 846 1521 πρώτης
878 1451 956 1514 εἰς
993 1450 1310 1522 ἀνθρώπους
1364 1454 1667 1526 καταϐολῆς
1707 1455 1784 1526 τῷ

216 1531 322 1603 Θεῷ
346 1535 448 1606 τῆς
472 1538 755 1610 ἡμετέρας
778 1543 1040 1610 γενέσεως
1075 1546 1173 1616 τὴν
1200 1545 1377 1599 ἔνθεον
1404 1547 1669 1617 ἀνακιρνᾷ
1695 1564 1785 1616 με·

211 1624 555 1698 γαλουργίαν,
584 1632 899 1702 τικτόμενος
929 1634 1025 1705 μὲν
1056 1638 1185 1707 ἡμῖν
1211 1636 1432 1707 ὁμοίως,
1462 1638 1555 1689 καὶ
1586 1636 1781 1709 θνητοῦ

209 1713 348 1787 δίκην
377 1716 675 1790 ἄνθρωπον
700 1724 1151 1797 ἀμφιεννύμενος,
1178 1727 1254 1792 ὡς
1287 1727 1342 1780 δ’
1364 1728 1546 1781 οὐκέτι
1571 1728 1781 1800 ἀνθρω-

210 1822 315 1869 πος,
342 1808 481 1863 ἀλλὰ
510 1810 664 1877 Θεὸς,
688 1814 746 1880 ἐξ
770 1817 1038 1887 ἀχράντου
1067 1820 1161 1872 καὶ
1186 1820 1560 1891 ἀπειρογάμου
1586 1821 1776 1892 κόρης,

208 1898 315 1966 οὐχ).
355 1898 414 1952 δὲ
455 1901 530 1954 ἐκ
575 1903 773 1974 μίξεως
801 1909 894 1962 καὶ
936 1908 1142 1981 φθορᾶς
1183 1909 1280 1982 τὴν
1313 1910 1406 1965 τοῦ
1453 1914 1777 1983 φαινομένου

1893 550 2132 620 gniﬁcat.
2157 548 2444 613 (ἴδιοι-οη),
2471 564 2597 607 cum
2618 550 2719 620 ipsi
2743 549 2983 604 humano
3010 562 3227 619 quoque
3248 548 3455 604 instru-

1892 648 2075 695 mento
2106 655 2245 712 opus
2281 652 2447 704 esset,
2480 656 2592 711 quo
2658 642 2823 698 etiam
2857 641 3166 699 hominibus
3214 642 3454 710 seipsum

1892 729 2223 794 ostenderet,
2254 728 2544 801 Patrisque
2571 732 2655 788 sui
2679 732 3005 803 agnoscendi
3037 740 3091 787 et
3121 732 3333 788 colendi
3357 747 3454 787 ve-

1892 834 2007 872 ram
2036 821 2299 875 rationem
2335 818 2581 885 doceret,
2616 836 2684 875 ne
2727 821 2873 877 hunc
2919 820 3136 893 quidem
3181 818 3454 875 recusavit

1890 910 2133 974 modum,
2162 910 2254 967 sed
2289 911 2667 967 strenuissime
2698 920 2946 967 naturam
2969 922 3209 967 nostram
3239 911 3451 981 ingres-

1891 1016 2006 1064 sus,
2037 1000 2105 1055 ad
2134 1001 2382 1059 homines
2407 1003 2658 1069 accessit,
2690 1017 2754 1056 ac
2780 1000 2947 1057 Deum
2990 1001 3223 1056 hominis
3246 1000 3449 1069 specie,

1890 1091 2080 1161 ingens
2124 1092 2445 1147 miraculum
2486 1093 2744 1156 ostendit,
2781 1100 2841 1147 ut
2870 1107 2977 1146 non
3013 1092 3188 1148 solum
3219 1091 3453 1146 obscure

1889 1196 1951 1236 ac
1974 1183 2222 1247 latenter,
2252 1182 2370 1238 sine
2401 1198 2564 1238 carne
2583 1193 2636 1239 et
2666 1183 2784 1239 sine
2807 1196 3033 1252 corpore
3056 1186 3330 1250 prmcsset,
3358 1195 3454 1236 νεα·

1887 1290 2006 1329 rum
2038 1274 2171 1343 ipsis
2202 1290 2416 1345 quoque
2453 1276 2731 1346 corporeis
2780 1274 3057 1329 obtutibus
3094 1282 3301 1343 patens,
3353 1270 3453 1325 ho-

1886 1366 2204 1435 minumque
2244 1368 2421 1423 oculis
2474 1368 2736 1422 miracula
2781 1381 2903 1438 qua:
2954 1362 3452 1435 supra,hominem

1886 1463 2015 1512 sunt
2065 1458 2329 1513 exhibens
2373 1457 2663 1522 intuenda,
2708 1459 2790 1513 sic
2832 1456 3050 1528 quidem
3092 1454 3160 1509 ad
3201 1452 3451 1524 corporis

1885 1548 2052 1603 etiam
2083 1564 2265 1613 aures,
2320 1549 2539 1619 linguae,
2579 1549 2837 1619 vocisque
2882 1547 3184 1602 articulatm
3220 1545 3450 1616 fungens

1885 1639 2081 1705 ofﬁcio,
2127 1641 2451 1696 documenta
2496 1641 2806 1695 hominibus
2851 1640 3134 1710 praeberet,
3178 1639 3453 1694 divinum-

1882 1745 1988 1798 que
2033 1744 2223 1784 revera
2260 1737 2423 1799 atque
2475 1729 2793 1784 admirabile
2842 1729 3244 1800 spectaculum,
3289 1726 3453 1796 quale

1884 1821 2094 1875 nullum
2118 1822 2261 1875 aliud
2293 1820 2470 1875 adhuc
2504 1820 2677 1876 visum
2706 1834 2830 1875 esse
2870 1827 3220 1881 memoratur,
3251 1817 3453 1887 quippe

1885 1914 2028 1985 quod
2062 1922 2117 1970 et
2150 1914 2406 1977 salutare,
2436 1920 2490 1968 et
2526 1913 2667 1968 idem
2696 1911 3016 1966 beneﬁcium
3039 1910 3295 1966 omnibus
3325 1925 3455 1965 sen-

208 1987 404 2053 γὲνεσιν
441 1993 835 2067 ὑφιστάμενος.

1885 2007 2101 2071 tiretur,
2136 2006 2252 2075 ipse
2281 2005 2521 2076 seipsum
2549 2004 2876 2059 ostenderet.
2905 2000 3101 2072 Sicque
3116 2001 3280 2056 etiam
3306 1998 3452 2055 Deus

210 2077 460 2149 Verbum,
541 2089 688 2145 ﬁlius
731 2091 977 2148 hominis
1010 2094 1314 2164 dicebatur,
1380 2104 1435 2153 et
1480 2105 1752 2168 quatenus
1787 2098 1854 2153 ad
1888 2100 2135 2154 homines
2179 2107 2423 2162 venerat,
2469 2107 2530 2153 ut
2573 2099 2772 2153 animis
2812 2097 3067 2151 humanis
3102 2094 3450 2157 medicinam,

209 2175 605 2252 sanitatemque
653 2184 899 2254 aﬁ‘erret,
956 2186 1116 2245 Jesus
1175 2192 1582 2246 nominabatur.
1641 2191 1777 2247 Nam
1815 2195 1988 2264 ipsius
2034 2192 2163 2249 Jesu
2230 2194 2372 2260 apud
2424 2192 2681 2248 Hebraeos
2725 2192 3053 2262 appellatio,
3114 2186 3453 2242 Salvatorem

209 2267 362 2335 piane
406 2273 710 2344 signiﬁcat.
776 2276 960 2352 Itaque
997 2284 1274 2338 communi
1323 2299 1474 2340 more
1509 2299 1577 2339 ne
1614 2286 1821 2342 versari
1856 2286 2072 2356 quidem
2121 2285 2427 2349 nobiscum,
2467 2286 2613 2341 haud
2662 2286 2943 2354 indignum
3014 2297 3114 2340 sua
3165 2280 3454 2345 maiestate

203 2359 483 2429 judicavit,
532 2368 753 2424 interim
800 2381 982 2428 tamen
1055 2390 1326 2445 nusquam
1376 2375 1636 2433 desinens
1664 2392 1788 2433 esse
1822 2376 1968 2447 quod
2021 2384 2160 2441 erat,
2189 2377 2283 2432 sed
2334 2377 2387 2430 in
2417 2376 2636 2431 homine
2665 2377 2868 2446 pariter
2888 2374 3056 2428 Deum
3091 2385 3445 2427 conservans.

212 2448 383 2524 Itaque
415 2458 701 2513 statim‘in
742 2463 917 2530 primo
947 2462 1013 2518 ad
1046 2463 1296 2520 homines
1322 2464 1615 2535 descensu,
1679 2481 1803 2520 cum
1839 2464 1950 2522 Deo
1981 2464 2227 2521 divinam
2295 2465 2617 2520 commiscet
2661 2466 2836 2519 nostri
2871 2472 3026 2518 ortus
3056 2462 3452 2517 admirabilita-

213 2558 305 2603 tem
345 2568 360 2603 :
401 2555 632 2624 quippe,
689 2557 784 2626 qui
833 2573 982 2614 more
1019 2568 1208 2615 nostro
1262 2561 1337 2616 sit
1408 2560 1611 2626 editus,
1678 2568 1733 2617 et
1773 2561 2019 2616 mortalis
2066 2561 2262 2627 instar,
2301 2560 2576 2615 hominem
2615 2559 2860 2621 indutus,
2908 2557 3001 2613 sed
3038 2570 3147 2611 non
3189 2565 3448 2624 tanquam

209 2639 376 2708 homo,
408 2663 605 2702 verum
641 2656 699 2703 ut
738 2648 880 2706 Deus
911 2650 977 2705 de
1008 2652 1326 2721 purissima,
1375 2653 1667 2724 nullasque
1718 2663 1954 2724 experta
2012 2654 2235 2723 nuptias
2281 2651 2525 2723 Virgine,
2566 2665 2909 2721 nequaquam
2947 2663 3077 2704 vero
3115 2662 3181 2703 ex
3240 2660 3447 2702 concu‘

210 2735 311 2792 bitu
362 2749 466 2794 aut
507 2741 859 2810 corruptione
887 2749 1067 2797 ortum
1100 2744 1244 2814 ejus,
1274 2744 1365 2814 qui
1392 2744 1508 2815 ipse
1537 2744 1852 2816 apparebat,
1879 2743 2170 2814 acceperit.

932 2906 1033 2961 IA'.
2156 2962 2159 2969 ,
2616 2901 2703 2959 XI.

334 3040 537 3106 Ὅπως
574 3040 682 3095 τὸν
716 3042 788 3096 ἐν
813 3042 1142 3112 ἀνθρώποις
1171 3044 1451 3114 διεξῆλθε
1465 3046 1642 3111 βίον.

269 3152 377 3206 Καὶ
408 3152 498 3205 τὸν
531 3154 659 3225 ἑξῆς
694 3155 751 3208 δὲ
790 3154 1078 3226 σύμπαντα
1110 3156 1245 3227 βίον,
1279 3157 1452 3231 ταύτῃ
1484 3176 1558 3229 πη
1600 3157 1769 3213 διετέ-

1943 3156 2209 3227 Deinceps
2230 3173 2358 3212 vero
2388 3157 2653 3227 reliquam
2685 3155 2851 3208 vitam
2882 3169 3098 3209 omnem
3131 3154 3319 3209 eadem
3357 3168 3449 3207 ra-

208 3238 295 3305 λει,
319 3243 445 3296 τοτὲ
472 3243 571 3313 μὲν
586 3245 686 3313 τὴν
702 3245 836 3316 πρὸς
857 3246 1003 3316 ἡμᾶς
1021 3246 1429 3316 ὁμοιοπάθειαν,
1452 3247 1572 3299 τοτὲ
1598 3247 1655 3299 δὲ
1678 3246 1769 3299 τὸν

1885 3249 2019 3305 .ione
2049 3249 2276 3319 peregit,
2307 3263 2453 3302 nunc
2481 3247 2700 3317 quidem
2741 3244 2973 3300 similem
3009 3253 3218 3299 naturae
3241 3253 3443 3299 nostra

209 3329 325 3384 Θεοῦ
378 3334 552 3400 Λόγον
586 3329 931 3403 ὑποφαίνων,
973 3336 1362 3408 μεγαλουργῶν
1403 3339 1499 3391 καὶ
1535 3337 1770 3408 παραδο-

1890 3338 2263 3403 nﬁrmitatem,
2297 3355 2443 3393 nunc
2477 3354 2606 3391 vero
2638 3339 2815 3406 ipsum
2848 3335 2942 3392 Dei
2975 3336 3211 3392 Verbum
3247 3353 3358 3408 pra:
3386 3353 3446 3393 se

140 3468 146 3472 .
212 3421 425 3486 ξοποιῶν
455 3427 531 3488 ὡς
562 3425 714 3489 Θεὸς,
766 3427 992 3481 καὶτῶν
1027 3426 1325 3497 μελλόντων
1361 3427 1578 3483 ἔσεσθαι
1608 3445 1770 3499 προα-

1885 3431 2072 3499 7erens,
2117 3431 2246 3486 dum
2296 3431 2538 3501 ingentia
2586 3430 2834 3500 quaedam
2888 3439 3051 3500 atque
3101 3430 3445 3485 admirabilia

210 3513 453 3583 ναφωνῶν
488 3515 590 3579 τὰς
625 3518 979 3589 προρρήσεις,
1028 3518 1124 3570 καὶ
1161 3517 1253 3571 τὸν
1292 3518 1364 3589 μὴ
1400 3520 1514 3582 τοῖς
1555 3517 1767 3582 πολλοῖς

1885 3537 2130 3591 .anquam
2172 3522 2316 3577 Deus
2343 3521 2523 3589 efﬁcit,
2556 3536 2619 3574 ac
2669 3536 2790 3591 qua:
2831 3519 3011 3573 futura
3063 3528 3248 3576 essent
3291 3529 3445 3574 tanto

208 3604 467 3676 ὁρώμενον
505 3606 639 3660 Θεὸν
677 3609 849 3677 Λόγον
900 3612 1013 3673 τοῖς
1042 3609 1220 3682 ἔργοις
1267 3609 1523 3682 ἄντικρυς
1570 3610 1763 3664 ἐπιδει-

1885 3621 1994 3666 inte
2029 3612 2301 3680 praedicit,
2343 3619 2398 3665 et
2428 3612 2520 3681 qui
2560 3627 2590 3665 a
2620 3611 2780 3681 166
2814 3612 3000 3665 multis
3037 3627 3146 3665 non
3197 3613 3444 3667 cernitur

210 3695 454 3767 κνύμενος
480 3696 706 3772 [εἰκότα
741 3700 799 3753 δὲ
829 3700 923 3753 καὶ
957 3701 1117 3772 ὅμοια
1145 3703 1265 3764 ταῖς
1292 3701 1538 3774 ἀρχαῖς].

1885 3698 2011 3756 )eus
2044 3699 2308 3765 Verbum,
2333 3716 2456 3755 eum
2484 3701 2661 3769 ipsum
2693 3700 2848 3754 factis
2874 3701 3189 3771 planissime
3218 3699 3446 3756 demon-

1866 3801 2003 3849 strat
2032 3791 2207 3865 [paria
2231 3802 2282 3847 et
2310 3792 2511 3846 similia
2542 3791 2767 3865 initiis].

1792 3069 1838 3131 ρ
2009 3042 2462 3110 Quemadmodum
2494 3043 2632 3096 inter
2672 3041 2905 3096 homines
2933 3041 3091 3095 vitam
3125 3042 3305 3109 egerit.

923 3898 1022 3951 ἰδ’.

2594 3907 2707 3963 ΧΠ.

238 3987 331 4054 Ὠς
356 3991 450 4043 καὶ
464 3990 643 4069 μέχρι
670 3989 809 4069 τῶν.
824 3991 1008 4069 πάλαι
1043 3993 1479 4069 κατοιχομένων
1505 3993 1766 4050 ἐκάλουν

1885 3999 2021 4069 Ξαοά
2052 4016 2215 4068 usque
2245 3999 2313 4053 ad
2334 4016 2420 4053 eos
2448 3998 2539 4068 qui
2569 3999 2860 4068 antiquitus
2883 3997 3080 4050 mortui
3104 4005 3275 4062 erant,
3306 3996 3439 4068 leges

437 4064 625 4115 αὑτὸν
653 4064 705 4114 οὶ
737 4060 849 4130 τῆς
880 4060 1324 4133 φιλανθρωπίας
1360 4064 1549 4134 νόμοι.

266 4172 371 4227 Καὶ
409 4177 479 4231 τὰ
528 4175 653 4247 τέλη
689 4177 838 4248 αὐτῷ
879 4178 978 4248 τῆς
1021 4178 1079 4243 ἐξ
1111 4178 1411 4252 ἀνθρώπων
1449 4179 1765 4251 ἀπαλλαγῆς

2225 4070 2570 4125 humanitatis
2606 4069 2753 4121 illum
2791 4070 3061 4121 vocabant.

1933 4185 2073 4242 Vitae
2103 4187 2266 4243 etiam
2298 4184 2459 4239 ﬁnem
2493 4192 2819 4245 extremum,
2853 4197 2976 4237 cum
3023 4182 3091 4236 ab
3125 4181 3439 4237 hominibus

207 4264 530 4337 ἐνεχειρεῖτο.
564 4269 674 4322 Καὶ
706 4269 813 4342 γάρ
857 4271 1015 4343 μέχρι
1058 4271 1311 4337 θανάτου,
1341 4273 1436 4327 κεν.)¹
1465 4272 1645 4326 αὐτῶν
1683 4290 1763 4326 νε-

1885 4275 2140 4339 liscessit,
2168 4274 2326 4329 initio
2371 4272 2617 4343 ejusdem
2652 4287 2837 4342 parem
2871 4286 2935 4325 ac
2958 4270 3188 4326 similem
3219 4271 3438 4342 praesti-

207 4358 339 4428 κρῶν
366 4361 414 4413 οἱ
444 4360 545 4430 τῆς
580 4361 987 4434 φιλανθρωπίας
1013 4363 1174 4417 αὐτὸν
1207 4365 1436 4419 ἐκάλουν
1473 4366 1648 4436 νόμοι,
1686 4364 1763 4429 ὡς

1885 4367 1950 4421 ,ἰι.
1970 4365 2179 4421 Etenim
2211 4380 2385 4434 usque
2420 4362 2488 4417 ad
2517 4371 2769 4427 mortem,
2790 4373 2950 4434 atque
2982 4378 3156 4432 usque
3188 4362 3255 4415 ad
3289 4364 3437 4432 ipsos

208 4446 266 4501 ἂν
303 4452 392 4503 καὶ
432 4452 542 4507 τῶν
593 4453 758 4508 πάλαι
792 4455 1098 4509 τεθνεώτων
1138 4456 1236 4521 τὰς
1273 4456 1451 4529 ψυχὰς
1494 4458 1761 4512 ἀνακαλέ-

1885 4464 2132 4522 nortuos,
2175 4458 2322 4528 leges
2365 4469 2492 4524 erga
2546 4454 2795 4509 homines
2827 4454 3112 4509 charitatis
3136 4453 3313 4522 ipsum
3343 4469 3438 4507 vo—

208 4554 355 4594 σοιτοο
396 4543 478 4596 ὅτι
510 4544 573 4614 δὴ
601 4544 707 4597 τῶν
748 4544 806 4609 ἐξ
833 4546 1027 4610 αἰῶνος
1063 4547 1315 4601 ἁπάντων
1347 4546 1495 4618 αὐτῷ
1524 4549 1624 4620 τῆς
1658 4566 1762 4602 σω-

1885 4549 2077 4613 :abant,
2119 4554 2178 4601 ut
2206 4561 2394 4602 eorum
2432 4559 2671 4615 quoque,
2699 4544 2791 4613 qui
2833 4553 2989 4598 antea
3023 4543 3219 4597 mortui
3255 4550 3432 4607 erant,

205 4634 382 4704 τηρίας
406 4634 588 4705 ἔμελε,
630 4638 725 4689 καὶ
751 4638 896 4702 ὅπως
930 4639 1019 4693 διὰ
1046 4639 1140 4694 τοῦ
1172 4639 1404 4693 θανάτου
1436 4642 1763 4715 καταργήσῃ

1885 4638 2073 4692 mimas
2103 4643 2423 4691 revocaret:
2450 4633 2889 4704 quandoquidem
2923 4632 3168 4686 omnium
3203 4631 3436 4701 quicun-

206 4724 284 4778 τὸν
303 4726 358 4778 τὸ
386 4729 586 4799 κράτος
609 4727 799 4798 ἔχοντα
824 4731 917 4782 τοῦ
944 4730 1195 4795 θανάτου,
1277 4730 1344 4784 τὰ
1372 4732 1489 4785 θεῖα
1516 4733 1757 4786 παιδεύει

1885 4745 1964 4799 [ue
1986 4744 2017 4782 a
2046 4728 2265 4783 condito
2297 4741 2412 4781 arvo
2447 4725 2705 4790 fuissent,
2735 4725 2964 4778 salutem
3000 4725 3117 4793 ipse
3155 4723 3380 4776 curabat
3414 4737 3432 4776 :

207 4812 363 4883 λόγια.
407 4817 519 4870 Καὶ
555 4816 728 4871 ταῦτα
772 4817 931 4871 πάλιν
962 4819 1166 4890 ἀναμὶξ
1209 4818 1371 4889 ὑπῄει
1417 4819 1515 4889 τὴν
1560 4820 1759 4872 οἰκονο-

1885 4835 2092 4884 iecnon,
2124 4828 2183 4873 ut
2228 4832 2329 4874 sua
2362 4826 2536 4872 morte
2574 4815 2780 4872 deleret
2813 4831 2959 4879 eum,
2999 4815 3093 4885 qui
3142 4813 3434 4883 imperium

209 4907 316 4977 μίαν
344 4909 416 4972 ώς
458 4910 557 4980 μὲν
600 4909 904 4981 ἄνθρωπος,
949 4912 1009 4963 τὸ
1038 4911 1197 4982 σῶμα
1230 4914 1295 4982 τῇ
1333 4910 1549 4982 συνήθει
1580 4925 1759 4983 παρα-

1885 4913 2050 4966 nortis
2081 4911 2335 4976 habebat,
2394 4907 2847 4979 quemadmodum
2878 4906 3060 4961 divina
3083 4905 3280 4959 docent
3309 4918 3435 4957 ora-

206 5000 376 5071 χωρῶν
410 5005 577 5073 ταφῇ,
609 5003 906 5074 ἀναχωρῶν
940 5003 996 5056 δὲ
1027 5001 1189 5055 αὐτοῦ
1216 5003 1290 5066 ὡς
1319 5001 1470 5065 Θεός.
1496 5002 1756 5072 Φωνήσας

1885 5003 2002 5057 :ula.
2033 5000 2211 5073 Atque
2255 5002 2308 5056 in
2342 5000 2447 5055 hoc
2481 5015 2701 5070 quoque
2738 4998 3050 5070 promiscue
3089 5011 3284 5050 rursus
3316 4995 3433 5050 dis-

206 5092 317 5158 γοῦν
386 5095 550 5166 μέγα,
611 5095 707 5148 καὶ
773 5094 851 5164 τῷ
915 5095 1110 5166 Πατρὶ,
1173 5114 1192 5145 ‹
1265 5092 1642 5164 Παρατίθεμαι
1694 5093 1757 5146 τὸ

1885 5095 2230 5149 »οιιςοιὶοηοιη
2270 5093 2483 5147 obivit:
2518 5093 2741 5161 quippe,
2787 5091 2877 5160 qui
2962 5098 3219 5159 tanquam
3270 5086 3437 5141 homo
3536 5086 3545 5095 ⁸

205 5183 419 5254 πνεῦμα,
477 5204 497 5237 ›
538 5184 738 5248 εἰπὼν,
774 5185 972 5256 ἄφετος
1020 5185 1283 5258 ἀνεχώρει
1332 5185 1425 5238 τοῦ
1465 5184 1713 5255 σώματος
1737 5204 1750 5215 ·

1888 5202 2056 5256 orpus
2090 5186 2157 5240 de
2198 5192 2373 5240 morte
2407 5183 2776 5251 sepeliendum
2814 5181 3115 5251 reliquerit,
3140 5180 3209 5234 ab
3238 5177 3432 5233 eodem

203 5275 432 5346 οὐδαμῶς
480 5278 804 5349 περιμείνας
849 5280 1128 5350 προσεῖναι
1166 5277 1316 5349 αὐτῷ
1366 5278 1456 5330 τὸν
1501 5277 1751 5341 θάνατον,

1890 5292 1984 5332 ero
2013 5292 2242 5347 corpore
2280 5284 2538 5346 tanquam
2576 5274 2721 5330 Deus
2751 5274 3085 5329 discesserit.
3120 5271 3254 5327 Cum
3279 5269 3430 5326 enim

206 5363 443 5431 μέλλοντα
473 5365 532 5418 δὲ
566 5366 662 5419 καὶ
690 5365 878 5436 ὥσπερ
911 5365 1284 5432 ἀποκνοῦντα,
1318 5366 1514 5437 μᾶλλον
1551 5365 1610 5418 δὲ
1650 5366 1753 5419 ὑπὸ

1892 5367 2019 5421 Itius
2065 5382 2255 5421 vocem
2302 5367 2596 5428 emisisset,
2632 5372 2687 5418 et
2736 5362 2880 5416 Patri
2926 5362 3177 5424 dixisset,
3221 5379 3241 5412 ι
3274 5374 3430 5413 com-

203 5454 323 5510 πόδα
345 5457 626 5528 χωροῦντα
658 5458 753 5511 καὶ
780 5459 1178 5528 ἀποφεύγοντα,
1206 5457 1413 5512 διώκων
1453 5459 1613 5522 αὐτὸς
1640 5459 1754 5512 ὄπι-

1885 5456 2051 5510 oendo
2085 5456 2394 5525 spiritum',
2426 5473 2445 5506 ι
2472 5455 2685 5509 solutus
2714 5468 2743 5507 a
2776 5466 3005 5521 corpore
3032 5451 3166 5504 ahiit
3194 5465 3207 5502 :
3244 5448 3427 5503 neuti.

204 5547 313 5600 σθεν
342 5551 431 5603 καὶ
461 5550 728 5613 ἐλαύνων,
761 5550 859 5615 τάς
898 5568 957 5604 τε
984 5550 1042 5619 ἐξ
1069 5551 1262 5614 αἰῶνος
1293 5550 1467 5616 πύλας
1500 5550 1609 5606 τῶν
1635 5567 1754 5604 σκο-

1891 5561 2013 5600 nam
2035 5556 2358 5617 exspectans
2379 5546 2506 5602 dum
2536 5561 2684 5601 mors
2710 5544 2775 5599 ad
2802 5544 2979 5617 ipsum
3010 5542 3310 5608 accederet,
3331 5540 3429 5597 sed

258 5696 283 5729 ν
305 5698 433 5758 Luc.
472 5718 639 5769 mn,
667 5700 756 5757 ιθ.
