  <div class='ocr_page' id='page_1' title='image "/cluster/home/n/w/nwhite01/storage/ocr_20150623/22/mdp.39015078384388/149.png"; bbox 0 0 3880 6256; ppageno 0'>
   <div class='ocr_carea' id='block_1_1' title="bbox 421 334 529 392">
    <p class='ocr_par' dir='ltr' id='par_1_1' title="bbox 421 334 529 392">
     <span class='ocr_line' id='line_1_1' title="bbox 421 334 529 392; baseline 0.019 -2"><span class='ocrx_word' id='word_1_1' title='bbox 421 334 529 392; x_wconf 76' lang='grc'><strong>285</strong></span> 
     </span>
    </p>
   </div>
   <div class='ocr_carea' id='block_1_2' title="bbox 1093 336 3019 398">
    <p class='ocr_par' dir='ltr' id='par_1_2' title="bbox 1093 336 3019 398">
     <span class='ocr_line' id='line_1_2' title="bbox 1093 336 3019 398; baseline 0.003 -7"><span class='ocrx_word' id='word_1_2' title='bbox 1093 336 1361 392; x_wconf 80' lang='lat' dir='ltr'><strong>EUSEBII</strong></span> <span class='ocrx_word' id='word_1_3' title='bbox 1392 337 1874 395; x_wconf 72' lang='lat' dir='ltr'><strong>CAESARIENSIS</strong></span> <span class='ocrx_word' id='word_1_4' title='bbox 1908 339 2059 396; x_wconf 83' lang='lat' dir='ltr'><strong>OPP.</strong></span> <span class='ocrx_word' id='word_1_5' title='bbox 2096 339 2294 396; x_wconf 75' lang='lat' dir='ltr'><strong>PARS.</strong></span> <span class='ocrx_word' id='word_1_6' title='bbox 2339 339 2379 395; x_wconf 86' lang='lat' dir='ltr'>I.</span> <span class='ocrx_word' id='word_1_7' title='bbox 2420 370 2490 382; x_wconf 94' lang='lat'><strong>--</strong></span> <span class='ocrx_word' id='word_1_8' title='bbox 2522 340 3019 398; x_wconf 76' lang='lat' dir='ltr'><strong>APOLOGETICA.</strong></span> 
     </span>
    </p>
   </div>
   <div class='ocr_carea' id='block_1_3' title="bbox 3543 346 3642 402">
    <p class='ocr_par' dir='ltr' id='par_1_3' title="bbox 3543 346 3642 402">
     <span class='ocr_line' id='line_1_3' title="bbox 3543 346 3642 402; baseline 0 0"><span class='ocrx_word' id='word_1_9' title='bbox 3543 346 3642 402; x_wconf 64' lang='grc'><strong>284</strong></span> 
     </span>
    </p>
   </div>
   <div class='ocr_carea' id='block_1_4' title="bbox 425 450 1995 531">
    <p class='ocr_par' dir='ltr' id='par_1_4' title="bbox 425 450 1988 527">
     <span class='ocr_line' id='line_1_4' title="bbox 425 450 1988 527; baseline 0.006 -24"><span class='ocrx_word' id='word_1_10' title='bbox 425 450 572 504; x_wconf 85' lang='lat' dir='ltr'><strong>illam</strong></span> <span class='ocrx_word' id='word_1_11' title='bbox 617 458 959 506; x_wconf 85' lang='lat' dir='ltr'><strong>cunctantem</strong></span> <span class='ocrx_word' id='word_1_12' title='bbox 1009 466 1071 505; x_wconf 90' lang='lat' dir='ltr'><strong>ac</strong></span> <span class='ocrx_word' id='word_1_13' title='bbox 1121 453 1286 507; x_wconf 89' lang='lat' dir='ltr'><strong>veluti</strong></span> <span class='ocrx_word' id='word_1_14' title='bbox 1335 463 1662 518; x_wconf 77' lang='lat' dir='ltr'><strong>cessantem,</strong></span> <span class='ocrx_word' id='word_1_15' title='bbox 1699 470 1762 510; x_wconf 92' lang='lat' dir='ltr'><strong>ac</strong></span> <span class='ocrx_word' id='word_1_16' title='bbox 1806 457 1988 527; x_wconf 89' lang='lat' dir='ltr'><strong>potius</strong></span> 
     </span>
    </p>
   </div>
   <div class='ocr_carea' id='block_1_5' title="bbox 2097 450 3641 531">
    <p class='ocr_par' dir='ltr' id='par_1_5' title="bbox 2097 456 3641 531">
     <span class='ocr_line' id='line_1_5' title="bbox 2097 456 3641 531; baseline 0.005 -22"><span class='ocrx_word' id='word_1_17' title='bbox 2097 456 2217 510; x_wconf 80' lang='grc' dir='ltr'>τίων</span> <span class='ocrx_word' id='word_1_18' title='bbox 2247 456 2430 527; x_wconf 84' lang='grc' dir='ltr'>μυχῶν</span> <span class='ocrx_word' id='word_1_19' title='bbox 2458 456 2808 529; x_wconf 72' lang='grc' dir='ltr'>διαρρηγνὺς,</span> <span class='ocrx_word' id='word_1_20' title='bbox 2831 459 2924 511; x_wconf 77' lang='grc' dir='ltr'><strong>καὶ</strong></span> <span class='ocrx_word' id='word_1_21' title='bbox 2949 462 3062 522; x_wconf 88' lang='grc' dir='ltr'>τοῖς</span> <span class='ocrx_word' id='word_1_22' title='bbox 3083 458 3269 512; x_wconf 84' lang='grc' dir='ltr'><strong>αὐτόθι</strong></span> <span class='ocrx_word' id='word_1_23' title='bbox 3297 462 3507 531; x_wconf 80' lang='grc' dir='ltr'><strong>νεκροῖς</strong></span> <span class='ocrx_word' id='word_1_24' title='bbox 3537 479 3641 516; x_wconf 81' lang='grc' dir='ltr'>σει-</span> 
     </span>
    </p>
   </div>
   <div class='ocr_carea' id='block_1_6' title="bbox 424 541 1986 617">
    <p class='ocr_par' dir='ltr' id='par_1_6' title="bbox 424 541 1986 617">
     <span class='ocr_line' id='line_1_6' title="bbox 424 541 1986 617; baseline 0.005 -23"><span class='ocrx_word' id='word_1_25' title='bbox 424 541 804 611; x_wconf 87' lang='lat' dir='ltr'><strong>conjicientem</strong></span> <span class='ocrx_word' id='word_1_26' title='bbox 837 556 895 595; x_wconf 91' lang='lat' dir='ltr'><strong>se</strong></span> <span class='ocrx_word' id='word_1_27' title='bbox 914 542 967 595; x_wconf 91' lang='lat' dir='ltr'><strong>in</strong></span> <span class='ocrx_word' id='word_1_28' title='bbox 996 542 1161 612; x_wconf 81' lang='lat' dir='ltr'><strong>pedes</strong></span> <span class='ocrx_word' id='word_1_29' title='bbox 1182 550 1235 597; x_wconf 93' lang='lat' dir='ltr'><strong>et</strong></span> <span class='ocrx_word' id='word_1_30' title='bbox 1264 542 1603 613; x_wconf 79' lang='lat' dir='ltr'><strong>Iugitantem,</strong></span> <span class='ocrx_word' id='word_1_31' title='bbox 1633 546 1749 616; x_wconf 88' lang='lat' dir='ltr'><strong>ipse</strong></span> <span class='ocrx_word' id='word_1_32' title='bbox 1776 562 1805 600; x_wconf 91' lang='lat' dir='ltr'><strong>a</strong></span> <span class='ocrx_word' id='word_1_33' title='bbox 1836 555 1986 617; x_wconf 77' lang='lat' dir='ltr'><strong>tergo</strong></span> 
     </span>
    </p>
   </div>
   <div class='ocr_carea' id='block_1_7' title="bbox 423 629 1987 706">
    <p class='ocr_par' dir='ltr' id='par_1_7' title="bbox 423 629 1987 706">
     <span class='ocr_line' id='line_1_7' title="bbox 423 629 1987 706; baseline 0.005 -22"><span class='ocrx_word' id='word_1_34' title='bbox 423 629 716 699; x_wconf 84' lang='lat' dir='ltr'><strong>insequens</strong></span> <span class='ocrx_word' id='word_1_35' title='bbox 746 639 907 701; x_wconf 91' lang='lat' dir='ltr'><strong>atque</strong></span> <span class='ocrx_word' id='word_1_36' title='bbox 945 633 1246 702; x_wconf 83' lang='lat' dir='ltr'><strong>impellens,</strong></span> <span class='ocrx_word' id='word_1_37' title='bbox 1279 642 1617 706; x_wconf 62' lang='lat' dir='ltr'><strong>aeternasque</strong></span> <span class='ocrx_word' id='word_1_38' title='bbox 1661 637 1987 692; x_wconf 84' lang='lat' dir='ltr'><strong>abditiorum</strong></span> 
     </span>
    </p>
   </div>
   <div class='ocr_carea' id='block_1_8' title="bbox 423 722 1990 799">
    <p class='ocr_par' dir='ltr' id='par_1_8' title="bbox 423 722 1990 799">
     <span class='ocr_line' id='line_1_8' title="bbox 423 722 1990 799; baseline 0.008 -26"><span class='ocrx_word' id='word_1_39' title='bbox 423 722 790 776; x_wconf 70' lang='lat' dir='ltr'><strong>tenebrarum.</strong></span> <span class='ocrx_word' id='word_1_40' title='bbox 814 733 998 791; x_wconf 87' lang='lat' dir='ltr'><strong>portas</strong></span> <span class='ocrx_word' id='word_1_41' title='bbox 1023 725 1350 795; x_wconf 83' lang='lat' dir='ltr'><strong>refringens,</strong></span> <span class='ocrx_word' id='word_1_42' title='bbox 1384 740 1439 781; x_wconf 91' lang='lat' dir='ltr'><strong>et</strong></span> <span class='ocrx_word' id='word_1_43' title='bbox 1479 728 1709 785; x_wconf 80' lang='lat' dir='ltr'><strong>mortuis</strong></span> <span class='ocrx_word' id='word_1_44' title='bbox 1742 729 1834 799; x_wconf 87' lang='lat' dir='ltr'><strong>qui</strong></span> <span class='ocrx_word' id='word_1_45' title='bbox 1879 731 1990 786; x_wconf 89' lang='lat' dir='ltr'><strong>illic</strong></span> 
     </span>
    </p>
   </div>
   <div class='ocr_carea' id='block_1_9' title="bbox 425 813 1988 886">
    <p class='ocr_par' dir='ltr' id='par_1_9' title="bbox 425 813 1988 886">
     <span class='ocr_line' id='line_1_9' title="bbox 425 813 1988 886; baseline 0.008 -21"><span class='ocrx_word' id='word_1_46' title='bbox 425 813 633 867; x_wconf 78' lang='lat' dir='ltr'><strong>catenis</strong></span> <span class='ocrx_word' id='word_1_47' title='bbox 664 818 858 868; x_wconf 85' lang='lat' dir='ltr'><strong>mortis</strong></span> <span class='ocrx_word' id='word_1_48' title='bbox 904 816 1151 886; x_wconf 92' lang='lat' dir='ltr'><strong>impliciti</strong></span> <span class='ocrx_word' id='word_1_49' title='bbox 1182 827 1361 883; x_wconf 91' lang='lat' dir='ltr'><strong>erant,</strong></span> <span class='ocrx_word' id='word_1_50' title='bbox 1396 822 1670 876; x_wconf 83' lang='lat' dir='ltr'><strong>remeandi</strong></span> <span class='ocrx_word' id='word_1_51' title='bbox 1722 823 1789 876; x_wconf 88' lang='lat' dir='ltr'><strong>ad</strong></span> <span class='ocrx_word' id='word_1_52' title='bbox 1823 825 1988 877; x_wconf 90' lang='lat' dir='ltr'><strong>vitam</strong></span> 
     </span>
    </p>
   </div>
   <div class='ocr_carea' id='block_1_10' title="bbox 424 901 1990 985">
    <p class='ocr_par' dir='ltr' id='par_1_10' title="bbox 424 901 1990 985">
     <span class='ocr_line' id='line_1_10' title="bbox 424 901 1990 985; baseline 0.01 -30"><span class='ocrx_word' id='word_1_53' title='bbox 424 901 528 957; x_wconf 91' lang='lat' dir='ltr'><strong>iter</strong></span> <span class='ocrx_word' id='word_1_54' title='bbox 578 912 878 959; x_wconf 86' lang='lat' dir='ltr'><strong>retrorsum</strong></span> <span class='ocrx_word' id='word_1_55' title='bbox 922 908 1196 977; x_wconf 75' lang='lat' dir='ltr'><strong>aperiens.</strong></span> <span class='ocrx_word' id='word_1_56' title='bbox 1249 909 1361 965; x_wconf 83' lang='lat' dir='ltr'><strong>Hac</strong></span> <span class='ocrx_word' id='word_1_57' title='bbox 1403 927 1534 967; x_wconf 83' lang='lat' dir='ltr'><strong>sane</strong></span> <span class='ocrx_word' id='word_1_58' title='bbox 1560 914 1774 968; x_wconf 85' lang='lat' dir='ltr'><strong>ratione</strong></span> <span class='ocrx_word' id='word_1_59' title='bbox 1818 915 1990 985; x_wconf 89' lang='lat' dir='ltr'><strong>ipsius</strong></span> 
     </span>
    </p>
   </div>
   <div class='ocr_carea' id='block_1_11' title="bbox 420 995 1992 1069">
    <p class='ocr_par' dir='ltr' id='par_1_11' title="bbox 420 995 1992 1069">
     <span class='ocr_line' id='line_1_11' title="bbox 420 995 1992 1069; baseline 0.01 -22"><span class='ocrx_word' id='word_1_60' title='bbox 420 995 586 1050; x_wconf 63' lang='lat' dir='ltr'><strong>etiam</strong></span> <span class='ocrx_word' id='word_1_61' title='bbox 616 1012 817 1068; x_wconf 90' lang='lat' dir='ltr'><strong>corpus</strong></span> <span class='ocrx_word' id='word_1_62' title='bbox 846 1010 1119 1055; x_wconf 90' lang='lat' dir='ltr'><strong>mortuum</strong></span> <span class='ocrx_word' id='word_1_63' title='bbox 1145 1004 1439 1057; x_wconf 82' lang='lat' dir='ltr'><strong>excitatum</strong></span> <span class='ocrx_word' id='word_1_64' title='bbox 1463 1013 1566 1069; x_wconf 89' lang='lat' dir='ltr'><strong>est,</strong></span> <span class='ocrx_word' id='word_1_65' title='bbox 1593 1015 1646 1061; x_wconf 91' lang='lat' dir='ltr'><strong>et</strong></span> <span class='ocrx_word' id='word_1_66' title='bbox 1669 1008 1835 1060; x_wconf 92' lang='lat' dir='ltr'><strong>multa</strong></span> <span class='ocrx_word' id='word_1_67' title='bbox 1868 1023 1992 1062; x_wconf 88' lang='lat' dir='ltr'><strong>cor-</strong></span> 
     </span>
    </p>
   </div>
   <div class='ocr_carea' id='block_1_12' title="bbox 425 1094 1993 1164">
    <p class='ocr_par' dir='ltr' id='par_1_12' title="bbox 425 1094 1993 1164">
     <span class='ocr_line' id='line_1_12' title="bbox 425 1094 1993 1164; baseline 0.01 -23"><span class='ocrx_word' id='word_1_68' title='bbox 425 1103 557 1157; x_wconf 86' lang='lat' dir='ltr'><strong>pora</strong></span> <span class='ocrx_word' id='word_1_69' title='bbox 603 1106 815 1154; x_wconf 87' lang='lat' dir='ltr'><strong>eorum,</strong></span> <span class='ocrx_word' id='word_1_70' title='bbox 847 1095 938 1163; x_wconf 89' lang='lat' dir='ltr'><strong>qui</strong></span> <span class='ocrx_word' id='word_1_71' title='bbox 978 1094 1311 1150; x_wconf 89' lang='lat' dir='ltr'><strong>dormierant</strong></span> <span class='ocrx_word' id='word_1_72' title='bbox 1354 1107 1691 1164; x_wconf 88' lang='lat' dir='ltr'><strong>sanctorum,</strong></span> <span class='ocrx_word' id='word_1_73' title='bbox 1741 1115 1993 1156; x_wconf 54' lang='lat' dir='ltr'><strong>surrexe-</strong></span> 
     </span>
    </p>
   </div>
   <div class='ocr_carea' id='block_1_13' title="bbox 422 1189 1991 1258">
    <p class='ocr_par' dir='ltr' id='par_1_13' title="bbox 422 1189 1991 1258">
     <span class='ocr_line' id='line_1_13' title="bbox 422 1189 1991 1258; baseline 0.01 -25"><span class='ocrx_word' id='word_1_74' title='bbox 422 1192 550 1234; x_wconf 92' lang='lat' dir='ltr'><strong>runt</strong></span> <span class='ocrx_word' id='word_1_75' title='bbox 583 1201 596 1237; x_wconf 89' lang='lat'>:</span> <span class='ocrx_word' id='word_1_76' title='bbox 639 1199 855 1255; x_wconf 87' lang='lat' dir='ltr'><strong>unaque</strong></span> <span class='ocrx_word' id='word_1_77' title='bbox 887 1203 1011 1240; x_wconf 89' lang='lat' dir='ltr'><strong>cum</strong></span> <span class='ocrx_word' id='word_1_78' title='bbox 1041 1189 1160 1258; x_wconf 87' lang='lat' dir='ltr'><strong>ipso</strong></span> <span class='ocrx_word' id='word_1_79' title='bbox 1184 1191 1238 1244; x_wconf 91' lang='lat' dir='ltr'><strong>in</strong></span> <span class='ocrx_word' id='word_1_80' title='bbox 1284 1199 1529 1246; x_wconf 76' lang='lat' dir='ltr'><strong>sanctam</strong></span> <span class='ocrx_word' id='word_1_81' title='bbox 1563 1209 1627 1247; x_wconf 90' lang='lat' dir='ltr'><strong>ac</strong></span> <span class='ocrx_word' id='word_1_82' title='bbox 1666 1209 1791 1248; x_wconf 90' lang='lat' dir='ltr'><strong>vere</strong></span> <span class='ocrx_word' id='word_1_83' title='bbox 1823 1195 1991 1249; x_wconf 81' lang='lat' dir='ltr'><strong>cocle—</strong></span> 
     </span>
    </p>
   </div>
   <div class='ocr_carea' id='block_1_14' title="bbox 425 1277 1992 1351">
    <p class='ocr_par' dir='ltr' id='par_1_14' title="bbox 425 1277 1992 1351">
     <span class='ocr_line' id='line_1_14' title="bbox 425 1277 1992 1351; baseline 0.012 -26"><span class='ocrx_word' id='word_1_84' title='bbox 425 1282 563 1327; x_wconf 88' lang='lat' dir='ltr'><strong>stem</strong></span> <span class='ocrx_word' id='word_1_85' title='bbox 605 1277 880 1333; x_wconf 83' lang='lat' dir='ltr'><strong>civitatem</strong></span> <span class='ocrx_word' id='word_1_86' title='bbox 911 1280 1159 1351; x_wconf 86' lang='lat' dir='ltr'><strong>ingressa</strong></span> <span class='ocrx_word' id='word_1_87' title='bbox 1195 1292 1344 1345; x_wconf 84' lang='lat' dir='ltr'><strong>sunt.</strong></span> <span class='ocrx_word' id='word_1_88' title='bbox 1376 1296 1435 1341; x_wconf 91' lang='lat' dir='ltr'><strong>ut</strong></span> <span class='ocrx_word' id='word_1_89' title='bbox 1475 1288 1669 1341; x_wconf 89' lang='lat' dir='ltr'><strong>merito</strong></span> <span class='ocrx_word' id='word_1_90' title='bbox 1698 1303 1761 1343; x_wconf 83' lang='lat' dir='ltr'><strong>ex</strong></span> <span class='ocrx_word' id='word_1_91' title='bbox 1805 1289 1907 1342; x_wconf 70' lang='lat' dir='ltr'><strong>hac</strong></span> <span class='ocrx_word' id='word_1_92' title='bbox 1937 1289 1992 1344; x_wconf 90' lang='lat' dir='ltr'><strong>in</strong></span> 
     </span>
    </p>
   </div>
   <div class='ocr_carea' id='block_1_15' title="bbox 424 1363 1995 1448">
    <p class='ocr_par' dir='ltr' id='par_1_15' title="bbox 424 1363 1995 1448">
     <span class='ocr_line' id='line_1_15' title="bbox 424 1363 1995 1448; baseline 0.013 -34"><span class='ocrx_word' id='word_1_93' title='bbox 424 1364 601 1418; x_wconf 90' lang='lat' dir='ltr'><strong>sacris</strong></span> <span class='ocrx_word' id='word_1_94' title='bbox 637 1363 861 1422; x_wconf 83' lang='lat' dir='ltr'><strong>Litteris</strong></span> <span class='ocrx_word' id='word_1_95' title='bbox 903 1368 1110 1424; x_wconf 85' lang='lat' dir='ltr'><strong>dictum</strong></span> <span class='ocrx_word' id='word_1_96' title='bbox 1143 1374 1255 1428; x_wconf 87' lang='lat' dir='ltr'><strong>sit:</strong></span> <span class='ocrx_word' id='word_1_97' title='bbox 1294 1393 1312 1425; x_wconf 84' lang='lat' dir='ltr'><strong>i</strong></span> <span class='ocrx_word' id='word_1_98' title='bbox 1348 1375 1640 1446; x_wconf 85' lang='lat' dir='ltr'><strong>Absorpsit</strong></span> <span class='ocrx_word' id='word_1_99' title='bbox 1683 1393 1830 1434; x_wconf 87' lang='lat' dir='ltr'><strong>mors</strong></span> <span class='ocrx_word' id='word_1_100' title='bbox 1874 1395 1995 1448; x_wconf 68' lang='lat' dir='ltr'><strong>quae</strong></span> 
     </span>
    </p>
   </div>
   <div class='ocr_carea' id='block_1_16' title="bbox 425 1452 1991 1525">
    <p class='ocr_par' dir='ltr' id='par_1_16' title="bbox 425 1452 1991 1525">
     <span class='ocr_line' id='line_1_16' title="bbox 425 1452 1991 1525; baseline 0.013 -22"><span class='ocrx_word' id='word_1_101' title='bbox 425 1452 731 1510; x_wconf 86' lang='lat' dir='ltr'><strong>invaluerat</strong></span> <span class='ocrx_word' id='word_1_102' title='bbox 755 1458 818 1511; x_wconf 80' lang='lat'><strong>‘°.</strong></span> <span class='ocrx_word' id='word_1_103' title='bbox 858 1480 876 1512; x_wconf 74' lang='grc' dir='ltr'><strong>ι</strong></span> <span class='ocrx_word' id='word_1_104' title='bbox 908 1460 971 1514; x_wconf 87' lang='grc' dir='ltr'>Ει</span> <span class='ocrx_word' id='word_1_105' title='bbox 1002 1478 1196 1519; x_wconf 89' lang='lat' dir='ltr'><strong>rursus</strong></span> <span class='ocrx_word' id='word_1_106' title='bbox 1225 1484 1238 1518; x_wconf 90' lang='lat'><strong>:</strong></span> <span class='ocrx_word' id='word_1_107' title='bbox 1281 1484 1299 1516; x_wconf 86' lang='lat' dir='ltr'><strong>i</strong></span> <span class='ocrx_word' id='word_1_108' title='bbox 1331 1468 1571 1522; x_wconf 81' lang='lat' dir='ltr'><strong>Abstulit</strong></span> <span class='ocrx_word' id='word_1_109' title='bbox 1605 1467 1747 1523; x_wconf 89' lang='lat' dir='ltr'><strong>Deus</strong></span> <span class='ocrx_word' id='word_1_110' title='bbox 1780 1485 1991 1525; x_wconf 89' lang='lat' dir='ltr'><strong>omnem</strong></span> 
     </span>
    </p>
   </div>
   <div class='ocr_carea' id='block_1_17' title="bbox 423 1542 1997 1625">
    <p class='ocr_par' dir='ltr' id='par_1_17' title="bbox 423 1542 1997 1625">
     <span class='ocr_line' id='line_1_17' title="bbox 423 1542 1997 1625; baseline 0.014 -32"><span class='ocrx_word' id='word_1_111' title='bbox 423 1542 717 1614; x_wconf 80' lang='lat' dir='ltr'><strong>lacrymain</strong></span> <span class='ocrx_word' id='word_1_112' title='bbox 736 1548 805 1602; x_wconf 92' lang='lat' dir='ltr'><strong>ab</strong></span> <span class='ocrx_word' id='word_1_113' title='bbox 835 1552 982 1605; x_wconf 92' lang='lat' dir='ltr'><strong>omni</strong></span> <span class='ocrx_word' id='word_1_114' title='bbox 1011 1550 1147 1607; x_wconf 90' lang='lat' dir='ltr'><strong>facie</strong></span> <span class='ocrx_word' id='word_1_115' title='bbox 1166 1555 1229 1606; x_wconf 81' lang='lat'><strong>“.</strong></span> <span class='ocrx_word' id='word_1_116' title='bbox 1263 1573 1280 1606; x_wconf 75' lang='grc' dir='ltr'><strong>ι</strong></span> <span class='ocrx_word' id='word_1_117' title='bbox 1309 1554 1426 1625; x_wconf 91' lang='lat' dir='ltr'><strong>Ipse</strong></span> <span class='ocrx_word' id='word_1_118' title='bbox 1455 1574 1583 1613; x_wconf 90' lang='lat' dir='ltr'><strong>vero</strong></span> <span class='ocrx_word' id='word_1_119' title='bbox 1611 1560 1849 1615; x_wconf 79' lang='lat' dir='ltr'><strong>universi</strong></span> <span class='ocrx_word' id='word_1_120' title='bbox 1878 1561 1997 1615; x_wconf 90' lang='lat' dir='ltr'><strong>Sal-</strong></span> 
     </span>
    </p>
   </div>
   <div class='ocr_carea' id='block_1_18' title="bbox 422 1637 1996 1719">
    <p class='ocr_par' dir='ltr' id='par_1_18' title="bbox 422 1637 1996 1719">
     <span class='ocr_line' id='line_1_18' title="bbox 422 1637 1996 1719; baseline 0.015 -34"><span class='ocrx_word' id='word_1_121' title='bbox 422 1642 580 1688; x_wconf 91' lang='lat' dir='ltr'><strong>vator</strong></span> <span class='ocrx_word' id='word_1_122' title='bbox 605 1651 669 1690; x_wconf 91' lang='lat' dir='ltr'><strong>ac</strong></span> <span class='ocrx_word' id='word_1_123' title='bbox 703 1637 963 1697; x_wconf 92' lang='lat' dir='ltr'><strong>Dominus</strong></span> <span class='ocrx_word' id='word_1_124' title='bbox 992 1654 1182 1699; x_wconf 87' lang='lat' dir='ltr'><strong>noster</strong></span> <span class='ocrx_word' id='word_1_125' title='bbox 1202 1687 1215 1710; x_wconf 94' lang='lat'><strong>,</strong></span> <span class='ocrx_word' id='word_1_126' title='bbox 1250 1650 1343 1718; x_wconf 86' lang='lat' dir='ltr'><strong>qui</strong></span> <span class='ocrx_word' id='word_1_127' title='bbox 1373 1649 1625 1706; x_wconf 84' lang='lat' dir='ltr'><strong>Christus</strong></span> <span class='ocrx_word' id='word_1_128' title='bbox 1650 1661 1732 1707; x_wconf 91' lang='lat' dir='ltr'><strong>est</strong></span> <span class='ocrx_word' id='word_1_129' title='bbox 1766 1652 1880 1719; x_wconf 86' lang='lat' dir='ltr'><strong>Dei,</strong></span> <span class='ocrx_word' id='word_1_130' title='bbox 1915 1655 1996 1707; x_wconf 84' lang='lat' dir='ltr'><strong>vi-</strong></span> 
     </span>
    </p>
   </div>
   <div class='ocr_carea' id='block_1_19' title="bbox 424 1726 1995 1812">
    <p class='ocr_par' dir='ltr' id='par_1_19' title="bbox 424 1726 1995 1812">
     <span class='ocr_line' id='line_1_19' title="bbox 424 1726 1995 1812; baseline 0.017 -37"><span class='ocrx_word' id='word_1_131' title='bbox 424 1726 718 1797; x_wconf 66' lang='lat' dir='ltr'><strong>ctoriaeque</strong></span> <span class='ocrx_word' id='word_1_132' title='bbox 739 1741 1044 1800; x_wconf 88' lang='lat' dir='ltr'><strong>reportator</strong></span> <span class='ocrx_word' id='word_1_133' title='bbox 1063 1737 1282 1803; x_wconf 88' lang='lat' dir='ltr'><strong>dicitur,</strong></span> <span class='ocrx_word' id='word_1_134' title='bbox 1299 1740 1353 1795; x_wconf 91' lang='lat' dir='ltr'><strong>in</strong></span> <span class='ocrx_word' id='word_1_135' title='bbox 1372 1743 1704 1812; x_wconf 76' lang='lat' dir='ltr'><strong>prepheticis</strong></span> <span class='ocrx_word' id='word_1_136' title='bbox 1722 1747 1995 1801; x_wconf 83' lang='lat' dir='ltr'><strong>vaticiniis</strong></span> 
     </span>
    </p>
   </div>
   <div class='ocr_carea' id='block_1_20' title="bbox 426 1819 2071 1907">
    <p class='ocr_par' dir='ltr' id='par_1_20' title="bbox 426 1819 2071 1907">
     <span class='ocr_line' id='line_1_20' title="bbox 426 1819 2071 1907; baseline 0.018 -42"><span class='ocrx_word' id='word_1_137' title='bbox 426 1824 654 1871; x_wconf 86' lang='lat' dir='ltr'><strong>mortem</strong></span> <span class='ocrx_word' id='word_1_138' title='bbox 676 1821 973 1893; x_wconf 76' lang='lat' dir='ltr'><strong>objurgans</strong></span> <span class='ocrx_word' id='word_1_139' title='bbox 996 1827 1293 1894; x_wconf 88' lang='lat' dir='ltr'><strong>inducitur,</strong></span> <span class='ocrx_word' id='word_1_140' title='bbox 1317 1834 1597 1891; x_wconf 89' lang='lat' dir='ltr'><strong>etanimas</strong></span> <span class='ocrx_word' id='word_1_141' title='bbox 1617 1838 1853 1899; x_wconf 86' lang='lat' dir='ltr'><strong>solvens,</strong></span> <span class='ocrx_word' id='word_1_142' title='bbox 1878 1854 1999 1907; x_wconf 67' lang='lat' dir='ltr'><strong>qua:</strong></span> <span class='ocrx_word' id='word_1_143' title='bbox 2031 1819 2071 1873; x_wconf 78' lang='grc' dir='ltr'>Β</span> 
     </span>
    </p>
   </div>
   <div class='ocr_carea' id='block_1_21' title="bbox 425 1908 1997 2000">
    <p class='ocr_par' dir='ltr' id='par_1_21' title="bbox 425 1908 1997 2000">
     <span class='ocr_line' id='line_1_21' title="bbox 425 1908 1997 2000; baseline 0.017 -40"><span class='ocrx_word' id='word_1_144' title='bbox 425 1908 536 1963; x_wconf 90' lang='lat' dir='ltr'><strong>illic</strong></span> <span class='ocrx_word' id='word_1_145' title='bbox 559 1913 752 1967; x_wconf 79' lang='lat' dir='ltr'><strong>vinctae</strong></span> <span class='ocrx_word' id='word_1_146' title='bbox 781 1916 1184 1984; x_wconf 75' lang='lat' dir='ltr'><strong>detinebantur,</strong></span> <span class='ocrx_word' id='word_1_147' title='bbox 1207 1925 1296 1977; x_wconf 89' lang='lat' dir='ltr'><strong>ubi</strong></span> <span class='ocrx_word' id='word_1_148' title='bbox 1328 1926 1570 1982; x_wconf 70' lang='lat' dir='ltr'><strong>victoriae</strong></span> <span class='ocrx_word' id='word_1_149' title='bbox 1590 1928 1848 2000; x_wconf 81' lang='lat' dir='ltr'><strong>hymnum</strong></span> <span class='ocrx_word' id='word_1_150' title='bbox 1870 1946 1997 1999; x_wconf 81' lang='lat' dir='ltr'><strong>pro-</strong></span> 
     </span>
    </p>
   </div>
   <div class='ocr_carea' id='block_1_22' title="bbox 424 2005 1998 2082">
    <p class='ocr_par' dir='ltr' id='par_1_22' title="bbox 424 2005 1998 2082">
     <span class='ocr_line' id='line_1_22' title="bbox 424 2005 1998 2082; baseline 0.013 -27"><span class='ocrx_word' id='word_1_151' title='bbox 424 2005 660 2070; x_wconf 82' lang='lat' dir='ltr'><strong>nuntiat,</strong></span> <span class='ocrx_word' id='word_1_152' title='bbox 702 2009 816 2077; x_wconf 89' lang='lat' dir='ltr'><strong>ipsa</strong></span> <span class='ocrx_word' id='word_1_153' title='bbox 844 2010 959 2065; x_wconf 68' lang='lat' dir='ltr'><strong>haec</strong></span> <span class='ocrx_word' id='word_1_154' title='bbox 995 2014 1154 2082; x_wconf 88' lang='lat' dir='ltr'><strong>plane</strong></span> <span class='ocrx_word' id='word_1_155' title='bbox 1186 2017 1372 2073; x_wconf 88' lang='lat' dir='ltr'><strong>dicens</strong></span> <span class='ocrx_word' id='word_1_156' title='bbox 1400 2035 1412 2070; x_wconf 92' lang='lat'>:</span> <span class='ocrx_word' id='word_1_157' title='bbox 1443 2038 1459 2070; x_wconf 87' lang='lat' dir='ltr'><strong>i</strong></span> <span class='ocrx_word' id='word_1_158' title='bbox 1494 2018 1568 2074; x_wconf 92' lang='lat' dir='ltr'><strong>De</strong></span> <span class='ocrx_word' id='word_1_159' title='bbox 1605 2037 1767 2075; x_wconf 88' lang='lat' dir='ltr'><strong>manu</strong></span> <span class='ocrx_word' id='word_1_160' title='bbox 1801 2021 1998 2078; x_wconf 88' lang='lat' dir='ltr'><strong>inferni</strong></span> 
     </span>
    </p>
   </div>
   <div class='ocr_carea' id='block_1_23' title="bbox 424 2097 1995 2171">
    <p class='ocr_par' dir='ltr' id='par_1_23' title="bbox 424 2097 1995 2171">
     <span class='ocr_line' id='line_1_23' title="bbox 424 2097 1995 2171; baseline 0.013 -21"><span class='ocrx_word' id='word_1_161' title='bbox 424 2097 651 2166; x_wconf 85' lang='lat' dir='ltr'><strong>eripiam</strong></span> <span class='ocrx_word' id='word_1_162' title='bbox 670 2115 785 2164; x_wconf 91' lang='lat' dir='ltr'><strong>eos,</strong></span> <span class='ocrx_word' id='word_1_163' title='bbox 811 2112 865 2156; x_wconf 90' lang='lat' dir='ltr'><strong>et</strong></span> <span class='ocrx_word' id='word_1_164' title='bbox 895 2121 924 2156; x_wconf 86' lang='lat' dir='ltr'><strong>a</strong></span> <span class='ocrx_word' id='word_1_165' title='bbox 959 2116 1133 2161; x_wconf 90' lang='lat' dir='ltr'><strong>morte</strong></span> <span class='ocrx_word' id='word_1_166' title='bbox 1153 2108 1394 2166; x_wconf 87' lang='lat' dir='ltr'><strong>liberabo</strong></span> <span class='ocrx_word' id='word_1_167' title='bbox 1419 2127 1606 2167; x_wconf 89' lang='lat' dir='ltr'><strong>eorum</strong></span> <span class='ocrx_word' id='word_1_168' title='bbox 1633 2114 1865 2171; x_wconf 88' lang='lat' dir='ltr'><strong>animas.</strong></span> <span class='ocrx_word' id='word_1_169' title='bbox 1895 2113 1995 2171; x_wconf 90' lang='lat' dir='ltr'><strong>Ubi</strong></span> 
     </span>
    </p>
   </div>
   <div class='ocr_carea' id='block_1_24' title="bbox 434 2199 1999 2273">
    <p class='ocr_par' dir='ltr' id='par_1_24' title="bbox 434 2199 1999 2273">
     <span class='ocr_line' id='line_1_24' title="bbox 434 2199 1999 2273; baseline 0.011 -23"><span class='ocrx_word' id='word_1_170' title='bbox 434 2205 551 2256; x_wconf 88' lang='lat' dir='ltr'><strong>tua,</strong></span> <span class='ocrx_word' id='word_1_171' title='bbox 589 2211 757 2262; x_wconf 87' lang='lat' dir='ltr'><strong>mors,</strong></span> <span class='ocrx_word' id='word_1_172' title='bbox 792 2199 1055 2254; x_wconf 79' lang='lat' dir='ltr'><strong>victoria?</strong></span> <span class='ocrx_word' id='word_1_173' title='bbox 1083 2204 1172 2257; x_wconf 91' lang='lat' dir='ltr'><strong>ubi</strong></span> <span class='ocrx_word' id='word_1_174' title='bbox 1202 2214 1347 2267; x_wconf 88' lang='lat' dir='ltr'><strong>tuus,</strong></span> <span class='ocrx_word' id='word_1_175' title='bbox 1375 2222 1540 2273; x_wconf 84' lang='lat' dir='ltr'><strong>mors,</strong></span> <span class='ocrx_word' id='word_1_176' title='bbox 1580 2210 1831 2266; x_wconf 88' lang='lat' dir='ltr'><strong>stimulus</strong></span> <span class='ocrx_word' id='word_1_177' title='bbox 1869 2212 1946 2266; x_wconf 73' lang='grc' dir='ltr'><strong>ιιι</strong></span> <span class='ocrx_word' id='word_1_178' title='bbox 1978 2232 1999 2266; x_wconf 76' lang='grc' dir='ltr'><strong>ι</strong></span> 
     </span>
    </p>
   </div>
   <div class='ocr_carea' id='block_1_25' title="bbox 434 2281 2001 2367">
    <p class='ocr_par' dir='ltr' id='par_1_25' title="bbox 434 2281 2001 2367">
     <span class='ocr_line' id='line_1_25' title="bbox 434 2281 2001 2367; baseline 0.014 -32"><span class='ocrx_word' id='word_1_179' title='bbox 434 2281 698 2340; x_wconf 87' lang='lat' dir='ltr'><strong>Stimulus</strong></span> <span class='ocrx_word' id='word_1_180' title='bbox 721 2298 899 2343; x_wconf 89' lang='lat' dir='ltr'><strong>autem</strong></span> <span class='ocrx_word' id='word_1_181' title='bbox 927 2293 1117 2347; x_wconf 91' lang='lat' dir='ltr'><strong>mortis</strong></span> <span class='ocrx_word' id='word_1_182' title='bbox 1140 2302 1222 2348; x_wconf 89' lang='lat' dir='ltr'><strong>est</strong></span> <span class='ocrx_word' id='word_1_183' title='bbox 1243 2304 1540 2363; x_wconf 79' lang='lat' dir='ltr'><strong>pecc:.tum,</strong></span> <span class='ocrx_word' id='word_1_184' title='bbox 1568 2309 1803 2367; x_wconf 85' lang='lat' dir='ltr'><strong>potestas</strong></span> <span class='ocrx_word' id='word_1_185' title='bbox 1819 2311 2001 2357; x_wconf 88' lang='lat' dir='ltr'><strong>autem</strong></span> 
     </span>
    </p>
   </div>
   <div class='ocr_carea' id='block_1_26' title="bbox 344 2370 2005 2459">
    <p class='ocr_par' dir='ltr' id='par_1_26' title="bbox 344 2370 2005 2459">
     <span class='ocr_line' id='line_1_26' title="bbox 344 2370 2005 2459; baseline 0.013 -34"><span class='ocrx_word' id='word_1_186' title='bbox 344 2370 355 2375; x_wconf 66' lang='grc'><strong>”</strong></span> <span class='ocrx_word' id='word_1_187' title='bbox 432 2378 656 2439; x_wconf 80' lang='lat' dir='ltr'><strong>peccati,</strong></span> <span class='ocrx_word' id='word_1_188' title='bbox 675 2380 775 2431; x_wconf 77' lang='lat' dir='ltr'><strong>lex.</strong></span> <span class='ocrx_word' id='word_1_189' title='bbox 807 2380 962 2450; x_wconf 77' lang='lat'><strong>167</strong></span> <span class='ocrx_word' id='word_1_190' title='bbox 983 2380 1127 2437; x_wconf 88' lang='lat' dir='ltr'><strong>Talis</strong></span> <span class='ocrx_word' id='word_1_191' title='bbox 1148 2400 1276 2440; x_wconf 87' lang='lat' dir='ltr'><strong>sane</strong></span> <span class='ocrx_word' id='word_1_192' title='bbox 1299 2386 1443 2441; x_wconf 89' lang='lat' dir='ltr'><strong>illius</strong></span> <span class='ocrx_word' id='word_1_193' title='bbox 1466 2388 1544 2441; x_wconf 86' lang='lat' dir='ltr'><strong>vel</strong></span> <span class='ocrx_word' id='word_1_194' title='bbox 1567 2405 1737 2459; x_wconf 91' lang='lat' dir='ltr'><strong>usque</strong></span> <span class='ocrx_word' id='word_1_195' title='bbox 1765 2392 1829 2445; x_wconf 91' lang='lat' dir='ltr'><strong>ad</strong></span> <span class='ocrx_word' id='word_1_196' title='bbox 1857 2407 2005 2446; x_wconf 92' lang='lat' dir='ltr'><strong>mor-</strong></span> 
     </span>
    </p>
   </div>
   <div class='ocr_carea' id='block_1_27' title="bbox 439 2464 2004 2550">
    <p class='ocr_par' dir='ltr' id='par_1_27' title="bbox 439 2464 2004 2550">
     <span class='ocr_line' id='line_1_27' title="bbox 439 2464 2004 2550; baseline 0.013 -36"><span class='ocrx_word' id='word_1_197' title='bbox 439 2474 542 2515; x_wconf 85' lang='lat' dir='ltr'><strong>tem</strong></span> <span class='ocrx_word' id='word_1_198' title='bbox 589 2464 691 2519; x_wconf 88' lang='lat' dir='ltr'><strong>fuit</strong></span> <span class='ocrx_word' id='word_1_199' title='bbox 732 2467 1086 2537; x_wconf 85' lang='lat' dir='ltr'><strong>dispensatio,</strong></span> <span class='ocrx_word' id='word_1_200' title='bbox 1119 2473 1277 2542; x_wconf 88' lang='lat' dir='ltr'><strong>cujus</strong></span> <span class='ocrx_word' id='word_1_201' title='bbox 1317 2491 1422 2530; x_wconf 90' lang='lat' dir='ltr'><strong>non</strong></span> <span class='ocrx_word' id='word_1_202' title='bbox 1452 2491 1612 2531; x_wconf 86' lang='lat' dir='ltr'><strong>unam</strong></span> <span class='ocrx_word' id='word_1_203' title='bbox 1654 2493 1872 2533; x_wconf 85' lang='lat' dir='ltr'><strong>causam</strong></span> <span class='ocrx_word' id='word_1_204' title='bbox 1909 2480 2004 2550; x_wconf 91' lang='lat' dir='ltr'><strong>qui</strong></span> 
     </span>
    </p>
   </div>
   <div class='ocr_carea' id='block_1_28' title="bbox 440 2554 2003 2637">
    <p class='ocr_par' dir='ltr' id='par_1_28' title="bbox 440 2554 2003 2637">
     <span class='ocr_line' id='line_1_28' title="bbox 440 2554 2003 2637; baseline 0.012 -30"><span class='ocrx_word' id='word_1_205' title='bbox 440 2554 665 2609; x_wconf 86' lang='lat' dir='ltr'><strong>voluerit</strong></span> <span class='ocrx_word' id='word_1_206' title='bbox 691 2573 952 2626; x_wconf 66' lang='lat' dir='ltr'><strong>quaerere,</strong></span> <span class='ocrx_word' id='word_1_207' title='bbox 978 2563 1068 2616; x_wconf 62' lang='lat' dir='ltr'><strong>sed</strong></span> <span class='ocrx_word' id='word_1_208' title='bbox 1094 2565 1275 2632; x_wconf 89' lang='lat' dir='ltr'><strong>plures</strong></span> <span class='ocrx_word' id='word_1_209' title='bbox 1297 2566 1533 2621; x_wconf 88' lang='lat' dir='ltr'><strong>inveniet</strong></span> <span class='ocrx_word' id='word_1_210' title='bbox 1559 2585 1572 2621; x_wconf 93' lang='lat'>:</span> <span class='ocrx_word' id='word_1_211' title='bbox 1600 2571 1827 2637; x_wconf 88' lang='lat' dir='ltr'><strong>primam</strong></span> <span class='ocrx_word' id='word_1_212' title='bbox 1855 2586 2003 2624; x_wconf 81' lang='lat' dir='ltr'><strong>nam-</strong></span> 
     </span>
    </p>
   </div>
   <div class='ocr_carea' id='block_1_29' title="bbox 433 2647 2002 2723">
    <p class='ocr_par' dir='ltr' id='par_1_29' title="bbox 433 2647 2002 2723">
     <span class='ocr_line' id='line_1_29' title="bbox 433 2647 2002 2723; baseline 0.013 -26"><span class='ocrx_word' id='word_1_213' title='bbox 433 2660 540 2714; x_wconf 87' lang='lat' dir='ltr'><strong>que</strong></span> <span class='ocrx_word' id='word_1_214' title='bbox 569 2647 713 2701; x_wconf 87' lang='lat' dir='ltr'><strong>illam</strong></span> <span class='ocrx_word' id='word_1_215' title='bbox 751 2650 926 2719; x_wconf 87' lang='lat' dir='ltr'><strong>ipsum</strong></span> <span class='ocrx_word' id='word_1_216' title='bbox 963 2651 1198 2708; x_wconf 85' lang='lat' dir='ltr'><strong>Verbum</strong></span> <span class='ocrx_word' id='word_1_217' title='bbox 1229 2657 1409 2723; x_wconf 88' lang='lat' dir='ltr'><strong>docet,</strong></span> <span class='ocrx_word' id='word_1_218' title='bbox 1456 2669 1514 2713; x_wconf 95' lang='lat' dir='ltr'><strong>ut</strong></span> <span class='ocrx_word' id='word_1_219' title='bbox 1541 2673 1650 2714; x_wconf 90' lang='lat' dir='ltr'><strong>tam</strong></span> <span class='ocrx_word' id='word_1_220' title='bbox 1685 2661 1736 2713; x_wconf 92' lang='lat' dir='ltr'><strong>in</strong></span> <span class='ocrx_word' id='word_1_221' title='bbox 1772 2664 2002 2718; x_wconf 90' lang='lat' dir='ltr'><strong>mortuis</strong></span> 
     </span>
    </p>
   </div>
   <div class='ocr_carea' id='block_1_30' title="bbox 432 2737 2004 2809">
    <p class='ocr_par' dir='ltr' id='par_1_30' title="bbox 432 2737 2004 2809">
     <span class='ocr_line' id='line_1_30' title="bbox 432 2737 2004 2809; baseline 0.014 -23"><span class='ocrx_word' id='word_1_222' title='bbox 432 2750 594 2802; x_wconf 82' lang='lat' dir='ltr'><strong>quam</strong></span> <span class='ocrx_word' id='word_1_223' title='bbox 620 2737 673 2790; x_wconf 92' lang='lat' dir='ltr'><strong>in</strong></span> <span class='ocrx_word' id='word_1_224' title='bbox 700 2740 835 2793; x_wconf 86' lang='lat' dir='ltr'><strong>vivis</strong></span> <span class='ocrx_word' id='word_1_225' title='bbox 860 2741 1231 2798; x_wconf 82' lang='lat' dir='ltr'><strong>dominaretur</strong></span> <span class='ocrx_word' id='word_1_226' title='bbox 1259 2762 1271 2796; x_wconf 90' lang='lat'><strong>:</strong></span> <span class='ocrx_word' id='word_1_227' title='bbox 1305 2748 1528 2802; x_wconf 89' lang='lat' dir='ltr'><strong>alteram</strong></span> <span class='ocrx_word' id='word_1_228' title='bbox 1559 2759 1618 2802; x_wconf 88' lang='lat' dir='ltr'><strong>ut</strong></span> <span class='ocrx_word' id='word_1_229' title='bbox 1643 2761 1854 2806; x_wconf 87' lang='lat' dir='ltr'><strong>nostras</strong></span> <span class='ocrx_word' id='word_1_230' title='bbox 1879 2753 2004 2809; x_wconf 85' lang='lat' dir='ltr'><strong>abs-</strong></span> 
     </span>
    </p>
   </div>
   <div class='ocr_carea' id='block_1_31' title="bbox 432 2832 2001 2907">
    <p class='ocr_par' dir='ltr' id='par_1_31' title="bbox 432 2832 2001 2907">
     <span class='ocr_line' id='line_1_31' title="bbox 432 2832 2001 2907; baseline 0.014 -30"><span class='ocrx_word' id='word_1_231' title='bbox 432 2835 666 2894; x_wconf 78' lang='lat' dir='ltr'><strong>tergeret</strong></span> <span class='ocrx_word' id='word_1_232' title='bbox 696 2832 933 2887; x_wconf 83' lang='lat' dir='ltr'><strong>maculas</strong></span> <span class='ocrx_word' id='word_1_233' title='bbox 962 2845 1333 2902; x_wconf 84' lang='lat' dir='ltr'><strong>peccatorum,</strong></span> <span class='ocrx_word' id='word_1_234' title='bbox 1356 2840 1446 2907; x_wconf 93' lang='lat' dir='ltr'><strong>qui</strong></span> <span class='ocrx_word' id='word_1_235' title='bbox 1473 2854 1571 2907; x_wconf 89' lang='lat' dir='ltr'><strong>pro</strong></span> <span class='ocrx_word' id='word_1_236' title='bbox 1614 2841 1771 2897; x_wconf 92' lang='lat' dir='ltr'><strong>nobis</strong></span> <span class='ocrx_word' id='word_1_237' title='bbox 1793 2845 2001 2899; x_wconf 68' lang='lat' dir='ltr'><strong>sacriﬁ-</strong></span> 
     </span>
    </p>
   </div>
   <div class='ocr_carea' id='block_1_32' title="bbox 433 2922 2000 2989">
    <p class='ocr_par' dir='ltr' id='par_1_32' title="bbox 433 2922 2000 2989">
     <span class='ocr_line' id='line_1_32' title="bbox 433 2922 2000 2989; baseline 0.013 -22"><span class='ocrx_word' id='word_1_238' title='bbox 433 2926 606 2978; x_wconf 90' lang='lat' dir='ltr'><strong>catus,</strong></span> <span class='ocrx_word' id='word_1_239' title='bbox 630 2927 682 2971; x_wconf 94' lang='lat' dir='ltr'><strong>et</strong></span> <span class='ocrx_word' id='word_1_240' title='bbox 713 2934 807 2984; x_wconf 88' lang='lat' dir='ltr'><strong>pro</strong></span> <span class='ocrx_word' id='word_1_241' title='bbox 845 2922 1000 2975; x_wconf 86' lang='lat' dir='ltr'><strong>nobis</strong></span> <span class='ocrx_word' id='word_1_242' title='bbox 1025 2927 1328 2980; x_wconf 74' lang='lat' dir='ltr'><strong>exsecratio</strong></span> <span class='ocrx_word' id='word_1_243' title='bbox 1354 2926 1530 2985; x_wconf 84' lang='lat' dir='ltr'><strong>factus</strong></span> <span class='ocrx_word' id='word_1_244' title='bbox 1559 2931 1629 2986; x_wconf 90' lang='lat' dir='ltr'><strong>sit</strong></span> <span class='ocrx_word' id='word_1_245' title='bbox 1654 2947 1667 2983; x_wconf 92' lang='lat'><strong>:</strong></span> <span class='ocrx_word' id='word_1_246' title='bbox 1697 2934 1909 2987; x_wconf 82' lang='lat' dir='ltr'><strong>tertiam</strong></span> <span class='ocrx_word' id='word_1_247' title='bbox 1940 2946 2000 2989; x_wconf 89' lang='lat' dir='ltr'><strong>ut</strong></span> 
     </span>
    </p>
   </div>
   <div class='ocr_carea' id='block_1_33' title="bbox 434 3012 1994 3103">
    <p class='ocr_par' dir='ltr' id='par_1_33' title="bbox 434 3012 1994 3103">
     <span class='ocr_line' id='line_1_33' title="bbox 434 3012 1994 3103; baseline 0.016 -43"><span class='ocrx_word' id='word_1_248' title='bbox 434 3014 692 3079; x_wconf 86' lang='lat' dir='ltr'><strong>tanquam</strong></span> <span class='ocrx_word' id='word_1_249' title='bbox 720 3012 814 3070; x_wconf 90' lang='lat' dir='ltr'><strong>Dei</strong></span> <span class='ocrx_word' id='word_1_250' title='bbox 841 3019 1059 3074; x_wconf 84' lang='lat' dir='ltr'><strong>victima</strong></span> <span class='ocrx_word' id='word_1_251' title='bbox 1088 3030 1249 3092; x_wconf 88' lang='lat' dir='ltr'><strong>atque</strong></span> <span class='ocrx_word' id='word_1_252' title='bbox 1277 3025 1468 3095; x_wconf 79' lang='lat' dir='ltr'><strong>ingens</strong></span> <span class='ocrx_word' id='word_1_253' title='bbox 1494 3028 1849 3096; x_wconf 80' lang='lat' dir='ltr'><strong>sacriﬁcium,</strong></span> <span class='ocrx_word' id='word_1_254' title='bbox 1891 3033 1994 3103; x_wconf 89' lang='lat' dir='ltr'><strong>ipsi</strong></span> 
     </span>
    </p>
   </div>
   <div class='ocr_carea' id='block_1_34' title="bbox 2092 547 3643 625">
    <p class='ocr_par' dir='ltr' id='par_1_34' title="bbox 2092 547 3643 625">
     <span class='ocr_line' id='line_1_34' title="bbox 2092 547 3643 625; baseline 0.006 -26"><span class='ocrx_word' id='word_1_255' title='bbox 2092 551 2212 617; x_wconf 86' lang='grc' dir='ltr'>ραῖς</span> <span class='ocrx_word' id='word_1_256' title='bbox 2242 547 2468 602; x_wconf 83' lang='grc' dir='ltr'>θανάτου</span> <span class='ocrx_word' id='word_1_257' title='bbox 2501 549 2893 620; x_wconf 81' lang='grc' dir='ltr'>πεπεδημένοις</span> <span class='ocrx_word' id='word_1_258' title='bbox 2925 549 3282 622; x_wconf 79' lang='grc' dir='ltr'>παλίντροπον</span> <span class='ocrx_word' id='word_1_259' title='bbox 3308 551 3406 622; x_wconf 92' lang='grc' dir='ltr'><strong>τῆς</strong></span> <span class='ocrx_word' id='word_1_260' title='bbox 3432 551 3523 605; x_wconf 70' lang='grc' dir='ltr'><strong>ἐπὶ</strong></span> <span class='ocrx_word' id='word_1_261' title='bbox 3551 555 3643 625; x_wconf 76' lang='grc' dir='ltr'>τὴν</span> 
     </span>
    </p>
   </div>
   <div class='ocr_carea' id='block_1_35' title="bbox 2090 636 3643 715">
    <p class='ocr_par' dir='ltr' id='par_1_35' title="bbox 2090 636 3643 715">
     <span class='ocr_line' id='line_1_35' title="bbox 2090 636 3643 715; baseline 0.006 -25"><span class='ocrx_word' id='word_1_262' title='bbox 2090 636 2234 709; x_wconf 79' lang='grc' dir='ltr'>ζωὴν</span> <span class='ocrx_word' id='word_1_263' title='bbox 2281 640 2471 693; x_wconf 82' lang='grc' dir='ltr'><strong>ἀνόδου</strong></span> <span class='ocrx_word' id='word_1_264' title='bbox 2525 641 2624 712; x_wconf 85' lang='grc' dir='ltr'>τὴν</span> <span class='ocrx_word' id='word_1_265' title='bbox 2669 641 2892 711; x_wconf 82' lang='grc' dir='ltr'>πορείαν</span> <span class='ocrx_word' id='word_1_266' title='bbox 2937 641 3275 712; x_wconf 85' lang='grc' dir='ltr'>ποιούμενος.</span> <span class='ocrx_word' id='word_1_267' title='bbox 3334 642 3518 715; x_wconf 81' lang='grc' dir='ltr'>Ταύτῃ</span> <span class='ocrx_word' id='word_1_268' title='bbox 3561 661 3643 699; x_wconf 89' lang='grc' dir='ltr'><strong>τοι</strong></span> 
     </span>
    </p>
   </div>
   <div class='ocr_carea' id='block_1_36' title="bbox 2091 731 3644 805">
    <p class='ocr_par' dir='ltr' id='par_1_36' title="bbox 2091 731 3644 805">
     <span class='ocr_line' id='line_1_36' title="bbox 2091 731 3644 805; baseline 0.005 -24"><span class='ocrx_word' id='word_1_269' title='bbox 2091 731 2238 802; x_wconf 81' lang='grc' dir='ltr'>αὐτῷ</span> <span class='ocrx_word' id='word_1_270' title='bbox 2275 733 2368 784; x_wconf 81' lang='grc' dir='ltr'>καὶ</span> <span class='ocrx_word' id='word_1_271' title='bbox 2400 734 2428 784; x_wconf 95' lang='lat'><strong>6</strong></span> <span class='ocrx_word' id='word_1_272' title='bbox 2461 731 2690 795; x_wconf 85' lang='grc' dir='ltr'>τεθνεὼς</span> <span class='ocrx_word' id='word_1_273' title='bbox 2723 734 3063 805; x_wconf 84' lang='grc' dir='ltr'>άνηγείρετο,</span> <span class='ocrx_word' id='word_1_274' title='bbox 3091 733 3183 786; x_wconf 69' lang='grc' dir='ltr'><strong>καὶ</strong></span> <span class='ocrx_word' id='word_1_275' title='bbox 3220 733 3390 787; x_wconf 80' lang='grc' dir='ltr'>πολλά</span> <span class='ocrx_word' id='word_1_276' title='bbox 3424 734 3644 805; x_wconf 76' lang='grc' dir='ltr'>σώματα</span> 
     </span>
    </p>
   </div>
   <div class='ocr_carea' id='block_1_37' title="bbox 2088 822 3644 896">
    <p class='ocr_par' dir='ltr' id='par_1_37' title="bbox 2088 822 3644 896">
     <span class='ocr_line' id='line_1_37' title="bbox 2088 822 3644 896; baseline 0.003 -22"><span class='ocrx_word' id='word_1_277' title='bbox 2088 822 2196 875; x_wconf 79' lang='grc' dir='ltr'><strong>τῶν</strong></span> <span class='ocrx_word' id='word_1_278' title='bbox 2227 825 2637 896; x_wconf 84' lang='grc' dir='ltr'>κεκοιμημένων</span> <span class='ocrx_word' id='word_1_279' title='bbox 2661 825 2829 893; x_wconf 81' lang='grc' dir='ltr'>ἁγίων</span> <span class='ocrx_word' id='word_1_280' title='bbox 2852 825 3156 890; x_wconf 91' lang='grc' dir='ltr'>ἀνίσταντο,</span> <span class='ocrx_word' id='word_1_281' title='bbox 3184 825 3644 879; x_wconf 66' lang='grc' dir='ltr'>συνεισελαύνοντα</span> 
     </span>
    </p>
   </div>
   <div class='ocr_carea' id='block_1_38' title="bbox 2092 913 3646 986">
    <p class='ocr_par' dir='ltr' id='par_1_38' title="bbox 2092 913 3646 986">
     <span class='ocr_line' id='line_1_38' title="bbox 2092 913 3646 986; baseline -0.001 -18"><span class='ocrx_word' id='word_1_282' title='bbox 2092 913 2238 983; x_wconf 84' lang='grc' dir='ltr'><strong>αὑτῷ</strong></span> <span class='ocrx_word' id='word_1_283' title='bbox 2266 915 2344 977; x_wconf 85' lang='grc' dir='ltr'><strong>είς</strong></span> <span class='ocrx_word' id='word_1_284' title='bbox 2379 916 2476 983; x_wconf 71' lang='grc' dir='ltr'><strong>τὴν</strong></span> <span class='ocrx_word' id='word_1_285' title='bbox 2507 915 2668 982; x_wconf 84' lang='grc' dir='ltr'>ἁγίαν</span> <span class='ocrx_word' id='word_1_286' title='bbox 2707 915 2799 967; x_wconf 85' lang='grc' dir='ltr'><strong>καί</strong></span> <span class='ocrx_word' id='word_1_287' title='bbox 2828 914 2903 977; x_wconf 85' lang='grc' dir='ltr'>ὼς</span> <span class='ocrx_word' id='word_1_288' title='bbox 2940 914 3151 986; x_wconf 82' lang='grc' dir='ltr'>ἀληθῶς</span> <span class='ocrx_word' id='word_1_289' title='bbox 3179 914 3545 986; x_wconf 77' lang='grc' dir='ltr'>ούρανὸπολιν,</span> <span class='ocrx_word' id='word_1_290' title='bbox 3575 915 3646 978; x_wconf 84' lang='lat' dir='ltr'><strong>ib;</strong></span> 
     </span>
    </p>
   </div>
   <div class='ocr_carea' id='block_1_39' title="bbox 2091 1006 3646 1078">
    <p class='ocr_par' dir='ltr' id='par_1_39' title="bbox 2091 1006 3646 1078">
     <span class='ocr_line' id='line_1_39' title="bbox 2091 1006 3646 1078; baseline 0.002 -20"><span class='ocrx_word' id='word_1_291' title='bbox 2091 1007 2315 1071; x_wconf 84' lang='grc' dir='ltr'><strong>εἰκότως</strong></span> <span class='ocrx_word' id='word_1_292' title='bbox 2363 1009 2420 1059; x_wconf 77' lang='grc' dir='ltr'>ὲν</span> <span class='ocrx_word' id='word_1_293' title='bbox 2460 1011 2577 1070; x_wconf 85' lang='grc' dir='ltr'>ταῖς</span> <span class='ocrx_word' id='word_1_294' title='bbox 2632 1006 2801 1069; x_wconf 84' lang='grc' dir='ltr'>θείαις</span> <span class='ocrx_word' id='word_1_295' title='bbox 2849 1007 3163 1078; x_wconf 89' lang='grc' dir='ltr'>ἀνειρῆσθαι</span> <span class='ocrx_word' id='word_1_296' title='bbox 3209 1010 3429 1076; x_wconf 73' lang='grc' dir='ltr'>φωναῖς·</span> <span class='ocrx_word' id='word_1_297' title='bbox 3464 1025 3483 1057; x_wconf 89' lang='lat' dir='ltr'><strong>i</strong></span> <span class='ocrx_word' id='word_1_298' title='bbox 3510 1008 3646 1061; x_wconf 87' lang='grc' dir='ltr'>Κατ-</span> 
     </span>
    </p>
   </div>
   <div class='ocr_carea' id='block_1_40' title="bbox 2091 1098 3645 1168">
    <p class='ocr_par' dir='ltr' id='par_1_40' title="bbox 2091 1098 3645 1168">
     <span class='ocr_line' id='line_1_40' title="bbox 2091 1098 3645 1168; baseline 0.001 -17"><span class='ocrx_word' id='word_1_299' title='bbox 2091 1100 2243 1151; x_wconf 86' lang='grc' dir='ltr'>ἑπιεν</span> <span class='ocrx_word' id='word_1_300' title='bbox 2286 1102 2314 1151; x_wconf 98' lang='lat'><strong>6</strong></span> <span class='ocrx_word' id='word_1_301' title='bbox 2354 1098 2583 1161; x_wconf 75' lang='grc' dir='ltr'>θάνατος</span> <span class='ocrx_word' id='word_1_302' title='bbox 2662 1098 2905 1168; x_wconf 81' lang='grc' dir='ltr'>ἰσχύσας.</span> <span class='ocrx_word' id='word_1_303' title='bbox 2959 1118 2978 1149; x_wconf 73' lang='grc' dir='ltr'><strong>ι</strong></span> <span class='ocrx_word' id='word_1_304' title='bbox 3032 1100 3139 1152; x_wconf 77' lang='grc' dir='ltr'>Καὶ</span> <span class='ocrx_word' id='word_1_305' title='bbox 3175 1099 3357 1152; x_wconf 74' lang='grc' dir='ltr'>πάλινο</span> <span class='ocrx_word' id='word_1_306' title='bbox 3402 1118 3420 1149; x_wconf 83' lang='lat' dir='ltr'><strong>i</strong></span> <span class='ocrx_word' id='word_1_307' title='bbox 3478 1099 3645 1167; x_wconf 84' lang='grc' dir='ltr'><strong>Ἀφεί-</strong></span> 
     </span>
    </p>
   </div>
   <div class='ocr_carea' id='block_1_41' title="bbox 2092 1190 3639 1262">
    <p class='ocr_par' dir='ltr' id='par_1_41' title="bbox 2092 1190 3639 1262">
     <span class='ocr_line' id='line_1_41' title="bbox 2092 1190 3639 1262; baseline 0.001 -20"><span class='ocrx_word' id='word_1_308' title='bbox 2092 1190 2181 1243; x_wconf 81' lang='grc' dir='ltr'><strong>λεν</strong></span> <span class='ocrx_word' id='word_1_309' title='bbox 2228 1193 2256 1245; x_wconf 92' lang='lat'><strong>6</strong></span> <span class='ocrx_word' id='word_1_310' title='bbox 2293 1190 2425 1254; x_wconf 82' lang='grc' dir='ltr'>Θεὸς</span> <span class='ocrx_word' id='word_1_311' title='bbox 2464 1193 2574 1243; x_wconf 84' lang='grc' dir='ltr'><strong>πᾶν</strong></span> <span class='ocrx_word' id='word_1_312' title='bbox 2606 1191 2838 1262; x_wconf 84' lang='grc' dir='ltr'>δάκρυον</span> <span class='ocrx_word' id='word_1_313' title='bbox 2884 1191 2991 1244; x_wconf 82' lang='grc' dir='ltr'><strong>ἀπὸ</strong></span> <span class='ocrx_word' id='word_1_314' title='bbox 3032 1191 3231 1255; x_wconf 86' lang='grc' dir='ltr'>παντὸς</span> <span class='ocrx_word' id='word_1_315' title='bbox 3265 1190 3572 1255; x_wconf 82' lang='grc' dir='ltr'><strong>προσώπου.</strong></span> <span class='ocrx_word' id='word_1_316' title='bbox 3622 1211 3639 1243; x_wconf 73' lang='grc' dir='ltr'><strong>ι</strong></span> 
     </span>
    </p>
   </div>
   <div class='ocr_carea' id='block_1_42' title="bbox 2094 1280 3643 1352">
    <p class='ocr_par' dir='ltr' id='par_1_42' title="bbox 2094 1280 3643 1352">
     <span class='ocr_line' id='line_1_42' title="bbox 2094 1280 3643 1352; baseline 0 -19"><span class='ocrx_word' id='word_1_317' title='bbox 2094 1282 2205 1334; x_wconf 73' lang='grc' dir='ltr'>Καὶ</span> <span class='ocrx_word' id='word_1_318' title='bbox 2245 1282 2406 1344; x_wconf 77' lang='grc' dir='ltr'>αὐτὸς</span> <span class='ocrx_word' id='word_1_319' title='bbox 2430 1280 2487 1333; x_wconf 78' lang='grc' dir='ltr'>δὲ</span> <span class='ocrx_word' id='word_1_320' title='bbox 2521 1282 2549 1332; x_wconf 90' lang='grc' dir='ltr'>ὁ</span> <span class='ocrx_word' id='word_1_321' title='bbox 2592 1281 2697 1333; x_wconf 80' lang='grc' dir='ltr'><strong>τῶν</strong></span> <span class='ocrx_word' id='word_1_322' title='bbox 2728 1280 2862 1333; x_wconf 83' lang='grc' dir='ltr'>ὅλων</span> <span class='ocrx_word' id='word_1_323' title='bbox 2895 1282 3084 1352; x_wconf 78' lang='grc' dir='ltr'>Σωτὴρ</span> <span class='ocrx_word' id='word_1_324' title='bbox 3123 1281 3219 1336; x_wconf 72' lang='grc' dir='ltr'><strong>καὶ</strong></span> <span class='ocrx_word' id='word_1_325' title='bbox 3245 1280 3450 1352; x_wconf 84' lang='grc' dir='ltr'>Κύριος</span> <span class='ocrx_word' id='word_1_326' title='bbox 3477 1280 3643 1350; x_wconf 82' lang='grc' dir='ltr'>ἡμῶν,</span> 
     </span>
    </p>
   </div>
   <div class='ocr_carea' id='block_1_43' title="bbox 2093 1371 3645 1445">
    <p class='ocr_par' dir='ltr' id='par_1_43' title="bbox 2093 1371 3645 1445">
     <span class='ocr_line' id='line_1_43' title="bbox 2093 1371 3645 1445; baseline -0.001 -20"><span class='ocrx_word' id='word_1_327' title='bbox 2093 1375 2123 1425; x_wconf 92' lang='lat'><strong>6</strong></span> <span class='ocrx_word' id='word_1_328' title='bbox 2181 1372 2415 1445; x_wconf 82' lang='grc' dir='ltr'>Χριστὸς</span> <span class='ocrx_word' id='word_1_329' title='bbox 2476 1371 2570 1425; x_wconf 80' lang='grc' dir='ltr'>τοῦ</span> <span class='ocrx_word' id='word_1_330' title='bbox 2623 1372 2793 1436; x_wconf 77' lang='grc' dir='ltr'>Θεοῦ,</span> <span class='ocrx_word' id='word_1_331' title='bbox 2861 1373 3152 1444; x_wconf 65' lang='grc' dir='ltr'>νικηφόρος</span> <span class='ocrx_word' id='word_1_332' title='bbox 3220 1372 3541 1442; x_wconf 82' lang='grc' dir='ltr'>λεγόμενος,</span> <span class='ocrx_word' id='word_1_333' title='bbox 3594 1374 3645 1424; x_wconf 80' lang='grc' dir='ltr'><strong>ὲν</strong></span> 
     </span>
    </p>
   </div>
   <div class='ocr_carea' id='block_1_44' title="bbox 2094 1462 3649 1535">
    <p class='ocr_par' dir='ltr' id='par_1_44' title="bbox 2094 1462 3649 1535">
     <span class='ocr_line' id='line_1_44' title="bbox 2094 1462 3649 1535; baseline 0 -17"><span class='ocrx_word' id='word_1_334' title='bbox 2094 1467 2214 1528; x_wconf 88' lang='grc' dir='ltr'>ταῖς</span> <span class='ocrx_word' id='word_1_335' title='bbox 2259 1467 2617 1535; x_wconf 80' lang='grc' dir='ltr'>προφητικαῖς</span> <span class='ocrx_word' id='word_1_336' title='bbox 2654 1466 3018 1535; x_wconf 73' lang='grc' dir='ltr'>προρρήσεσιν</span> <span class='ocrx_word' id='word_1_337' title='bbox 3042 1462 3417 1535; x_wconf 82' lang='grc' dir='ltr'>ὲπικερτομῶν</span> <span class='ocrx_word' id='word_1_338' title='bbox 3454 1465 3649 1533; x_wconf 83' lang='grc' dir='ltr'>εἰσάγε-</span> 
     </span>
    </p>
   </div>
   <div class='ocr_carea' id='block_1_45' title="bbox 2094 1555 3650 1628">
    <p class='ocr_par' dir='ltr' id='par_1_45' title="bbox 2094 1555 3650 1628">
     <span class='ocr_line' id='line_1_45' title="bbox 2094 1555 3650 1628; baseline -0.001 -18"><span class='ocrx_word' id='word_1_339' title='bbox 2094 1574 2185 1610; x_wconf 86' lang='grc' dir='ltr'>ται</span> <span class='ocrx_word' id='word_1_340' title='bbox 2241 1555 2319 1627; x_wconf 81' lang='grc' dir='ltr'><strong>τῷ</strong></span> <span class='ocrx_word' id='word_1_341' title='bbox 2367 1555 2600 1626; x_wconf 85' lang='grc' dir='ltr'>Θανάτῳ,</span> <span class='ocrx_word' id='word_1_342' title='bbox 2645 1557 2739 1610; x_wconf 56' lang='grc' dir='ltr'><strong>καί¹</strong></span> <span class='ocrx_word' id='word_1_343' title='bbox 2789 1556 2886 1620; x_wconf 83' lang='grc' dir='ltr'>τὰς</span> <span class='ocrx_word' id='word_1_344' title='bbox 2931 1556 3114 1610; x_wconf 84' lang='grc' dir='ltr'>αύτόθι</span> <span class='ocrx_word' id='word_1_345' title='bbox 3167 1556 3308 1609; x_wconf 86' lang='grc' dir='ltr'><strong>λύων</strong></span> <span class='ocrx_word' id='word_1_346' title='bbox 3354 1555 3650 1628; x_wconf 81' lang='grc' dir='ltr'>πεπεδημέ-</span> 
     </span>
    </p>
   </div>
   <div class='ocr_carea' id='block_1_46' title="bbox 2095 1643 3650 1720">
    <p class='ocr_par' dir='ltr' id='par_1_46' title="bbox 2095 1643 3650 1720">
     <span class='ocr_line' id='line_1_46' title="bbox 2095 1643 3650 1720; baseline -0.004 -16"><span class='ocrx_word' id='word_1_347' title='bbox 2095 1667 2195 1714; x_wconf 90' lang='grc' dir='ltr'><strong>νας</strong></span> <span class='ocrx_word' id='word_1_348' title='bbox 2233 1648 2442 1720; x_wconf 75' lang='grc' dir='ltr'>ψυχὰς,</span> <span class='ocrx_word' id='word_1_349' title='bbox 2503 1651 2572 1702; x_wconf 86' lang='grc' dir='ltr'>δι’</span> <span class='ocrx_word' id='word_1_350' title='bbox 2616 1643 2689 1702; x_wconf 82' lang='grc' dir='ltr'>ὧν</span> <span class='ocrx_word' id='word_1_351' title='bbox 2731 1650 2823 1702; x_wconf 81' lang='grc' dir='ltr'><strong>τὸν</strong></span> <span class='ocrx_word' id='word_1_352' title='bbox 2865 1648 3127 1702; x_wconf 78' lang='grc' dir='ltr'>ἐπινίκιον</span> <span class='ocrx_word' id='word_1_353' title='bbox 3181 1647 3347 1717; x_wconf 75' lang='grc' dir='ltr'>ὕμνον</span> <span class='ocrx_word' id='word_1_354' title='bbox 3397 1647 3650 1718; x_wconf 78' lang='grc' dir='ltr'>προφὲρε-</span> 
     </span>
    </p>
   </div>
   <div class='ocr_carea' id='block_1_47' title="bbox 2098 1737 3652 1813">
    <p class='ocr_par' dir='ltr' id='par_1_47' title="bbox 2098 1737 3652 1813">
     <span class='ocr_line' id='line_1_47' title="bbox 2098 1737 3652 1813; baseline -0.005 -17"><span class='ocrx_word' id='word_1_355' title='bbox 2098 1760 2207 1806; x_wconf 89' lang='grc' dir='ltr'>ται,</span> <span class='ocrx_word' id='word_1_356' title='bbox 2251 1741 2391 1797; x_wconf 81' lang='grc' dir='ltr'><strong>αύτά</strong></span> <span class='ocrx_word' id='word_1_357' title='bbox 2433 1741 2497 1813; x_wconf 79' lang='grc' dir='ltr'>δὴ</span> <span class='ocrx_word' id='word_1_358' title='bbox 2540 1741 2710 1795; x_wconf 76' lang='grc' dir='ltr'>ταῦτα</span> <span class='ocrx_word' id='word_1_359' title='bbox 2745 1740 2950 1808; x_wconf 78' lang='grc' dir='ltr'>λέγων·</span> <span class='ocrx_word' id='word_1_360' title='bbox 2997 1758 3015 1791; x_wconf 83' lang='grc' dir='ltr'><strong>ι</strong></span> <span class='ocrx_word' id='word_1_361' title='bbox 3067 1739 3162 1792; x_wconf 90' lang='grc' dir='ltr'>Ἐκ</span> <span class='ocrx_word' id='word_1_362' title='bbox 3199 1739 3378 1809; x_wconf 80' lang='grc' dir='ltr'>χειρὸς</span> <span class='ocrx_word' id='word_1_363' title='bbox 3413 1737 3534 1809; x_wconf 81' lang='grc' dir='ltr'>ᾇδου</span> <span class='ocrx_word' id='word_1_364' title='bbox 3573 1737 3652 1810; x_wconf 83' lang='grc' dir='ltr'>ρύ-</span> 
     </span>
    </p>
   </div>
   <div class='ocr_carea' id='block_1_48' title="bbox 2100 1827 3650 1905">
    <p class='ocr_par' dir='ltr' id='par_1_48' title="bbox 2100 1827 3650 1905">
     <span class='ocr_line' id='line_1_48' title="bbox 2100 1827 3650 1905; baseline -0.003 -18"><span class='ocrx_word' id='word_1_365' title='bbox 2100 1851 2262 1905; x_wconf 88' lang='grc' dir='ltr'>σομαι</span> <span class='ocrx_word' id='word_1_366' title='bbox 2307 1833 2524 1898; x_wconf 72' lang='grc' dir='ltr'>αὐτοὺς,</span> <span class='ocrx_word' id='word_1_367' title='bbox 2574 1833 2667 1885; x_wconf 76' lang='grc' dir='ltr'>καὶ</span> <span class='ocrx_word' id='word_1_368' title='bbox 2711 1833 2775 1884; x_wconf 81' lang='grc' dir='ltr'>ἐκ</span> <span class='ocrx_word' id='word_1_369' title='bbox 2822 1830 3050 1884; x_wconf 88' lang='grc' dir='ltr'>θανάτου</span> <span class='ocrx_word' id='word_1_370' title='bbox 3095 1828 3441 1901; x_wconf 84' lang='grc' dir='ltr'>λυτρώσομαι</span> <span class='ocrx_word' id='word_1_371' title='bbox 3486 1827 3650 1882; x_wconf 81' lang='grc' dir='ltr'>αὐτῶν</span> 
     </span>
    </p>
   </div>
   <div class='ocr_carea' id='block_1_49' title="bbox 2099 1918 3649 1996">
    <p class='ocr_par' dir='ltr' id='par_1_49' title="bbox 2099 1918 3649 1996">
     <span class='ocr_line' id='line_1_49' title="bbox 2099 1918 3649 1996; baseline -0.006 -16"><span class='ocrx_word' id='word_1_372' title='bbox 2099 1926 2197 1990; x_wconf 88' lang='grc' dir='ltr'><strong>τάς</strong></span> <span class='ocrx_word' id='word_1_373' title='bbox 2233 1926 2426 1996; x_wconf 75' lang='grc' dir='ltr'>ψυχάς.</span> <span class='ocrx_word' id='word_1_374' title='bbox 2461 1923 2570 1978; x_wconf 82' lang='grc' dir='ltr'>Ποῦ</span> <span class='ocrx_word' id='word_1_375' title='bbox 2618 1941 2731 1988; x_wconf 87' lang='grc' dir='ltr'>σου,</span> <span class='ocrx_word' id='word_1_376' title='bbox 2777 1922 2970 1977; x_wconf 82' lang='grc' dir='ltr'>θάνατε</span> <span class='ocrx_word' id='word_1_377' title='bbox 2993 1962 3007 1987; x_wconf 94' lang='grc'><strong>,</strong></span> <span class='ocrx_word' id='word_1_378' title='bbox 3053 1922 3113 1974; x_wconf 85' lang='grc' dir='ltr'><strong>τὸ</strong></span> <span class='ocrx_word' id='word_1_379' title='bbox 3164 1924 3343 1985; x_wconf 87' lang='grc' dir='ltr'>νῖκος;</span> <span class='ocrx_word' id='word_1_380' title='bbox 3397 1918 3500 1973; x_wconf 81' lang='grc' dir='ltr'><strong>ποῦ</strong></span> <span class='ocrx_word' id='word_1_381' title='bbox 3545 1936 3649 1983; x_wconf 89' lang='grc' dir='ltr'>σου,</span> 
     </span>
    </p>
   </div>
   <div class='ocr_carea' id='block_1_50' title="bbox 2101 2011 3654 2087">
    <p class='ocr_par' dir='ltr' id='par_1_50' title="bbox 2101 2011 3654 2087">
     <span class='ocr_line' id='line_1_50' title="bbox 2101 2011 3654 2087; baseline -0.004 -17"><span class='ocrx_word' id='word_1_382' title='bbox 2101 2018 2319 2081; x_wconf 82' lang='grc' dir='ltr'>θάνατε,</span> <span class='ocrx_word' id='word_1_383' title='bbox 2350 2018 2412 2070; x_wconf 87' lang='grc' dir='ltr'><strong>τὸ</strong></span> <span class='ocrx_word' id='word_1_384' title='bbox 2439 2016 2691 2087; x_wconf 74' lang='grc' dir='ltr'>κέντρον;</span> <span class='ocrx_word' id='word_1_385' title='bbox 2712 2016 2774 2068; x_wconf 85' lang='grc' dir='ltr'><strong>τὸ</strong></span> <span class='ocrx_word' id='word_1_386' title='bbox 2810 2015 2866 2067; x_wconf 82' lang='grc' dir='ltr'>δὲ</span> <span class='ocrx_word' id='word_1_387' title='bbox 2899 2013 3120 2086; x_wconf 80' lang='grc' dir='ltr'>κέντρον</span> <span class='ocrx_word' id='word_1_388' title='bbox 3144 2012 3237 2065; x_wconf 80' lang='grc' dir='ltr'><strong>τοῦ</strong></span> <span class='ocrx_word' id='word_1_389' title='bbox 3262 2011 3494 2065; x_wconf 86' lang='grc' dir='ltr'>θανάτου</span> <span class='ocrx_word' id='word_1_390' title='bbox 3519 2011 3654 2064; x_wconf 75' lang='grc' dir='ltr'>ἐστὶν</span> 
     </span>
    </p>
   </div>
   <div class='ocr_carea' id='block_1_51' title="bbox 2099 2104 3646 2184">
    <p class='ocr_par' dir='ltr' id='par_1_51' title="bbox 2099 2104 3646 2184">
     <span class='ocr_line' id='line_1_51' title="bbox 2099 2104 3646 2184; baseline -0.008 -17"><span class='ocrx_word' id='word_1_391' title='bbox 2099 2114 2131 2184; x_wconf 85' lang='grc' dir='ltr'>ἠ</span> <span class='ocrx_word' id='word_1_392' title='bbox 2168 2111 2430 2184; x_wconf 83' lang='grc' dir='ltr'>ἁμαρτία,</span> <span class='ocrx_word' id='word_1_393' title='bbox 2466 2112 2498 2181; x_wconf 87' lang='grc' dir='ltr'><strong>ἡ</strong></span> <span class='ocrx_word' id='word_1_394' title='bbox 2532 2111 2588 2164; x_wconf 85' lang='grc' dir='ltr'><strong>δὲ</strong></span> <span class='ocrx_word' id='word_1_395' title='bbox 2632 2108 2860 2181; x_wconf 89' lang='grc' dir='ltr'>δύναμις</span> <span class='ocrx_word' id='word_1_396' title='bbox 2900 2109 2998 2180; x_wconf 89' lang='grc' dir='ltr'><strong>τῆς</strong></span> <span class='ocrx_word' id='word_1_397' title='bbox 3048 2107 3339 2178; x_wconf 80' lang='grc' dir='ltr'>ἁμαρτίας,</span> <span class='ocrx_word' id='word_1_398' title='bbox 3372 2108 3404 2158; x_wconf 91' lang='lat'><strong>6</strong></span> <span class='ocrx_word' id='word_1_399' title='bbox 3431 2104 3603 2175; x_wconf 83' lang='grc' dir='ltr'>νόμος.</span> <span class='ocrx_word' id='word_1_400' title='bbox 3631 2122 3646 2152; x_wconf 80' lang='grc' dir='ltr'><strong>ι</strong></span> 
     </span>
    </p>
   </div>
   <div class='ocr_carea' id='block_1_52' title="bbox 2102 2196 3651 2275">
    <p class='ocr_par' dir='ltr' id='par_1_52' title="bbox 2102 2196 3651 2275">
     <span class='ocr_line' id='line_1_52' title="bbox 2102 2196 3651 2275; baseline -0.006 -18"><span class='ocrx_word' id='word_1_401' title='bbox 2102 2203 2333 2275; x_wconf 80' lang='grc' dir='ltr'>Τοιαύτη</span> <span class='ocrx_word' id='word_1_402' title='bbox 2364 2220 2447 2266; x_wconf 90' lang='grc' dir='ltr'><strong>τις</strong></span> <span class='ocrx_word' id='word_1_403' title='bbox 2484 2201 2631 2273; x_wconf 78' lang='grc' dir='ltr'>αὐτῷ</span> <span class='ocrx_word' id='word_1_404' title='bbox 2655 2201 2933 2272; x_wconf 67' lang='grc' dir='ltr'>καὶμέχρι</span> <span class='ocrx_word' id='word_1_405' title='bbox 2974 2198 3066 2253; x_wconf 76' lang='grc' dir='ltr'>τοῦ</span> <span class='ocrx_word' id='word_1_406' title='bbox 3101 2199 3327 2253; x_wconf 85' lang='grc' dir='ltr'>Θανάτου</span> <span class='ocrx_word' id='word_1_407' title='bbox 3375 2197 3586 2265; x_wconf 79' lang='grc' dir='ltr'>ἐγένετο</span> <span class='ocrx_word' id='word_1_408' title='bbox 3622 2196 3651 2264; x_wconf 85' lang='grc' dir='ltr'><strong>ἡ</strong></span> 
     </span>
    </p>
   </div>
   <div class='ocr_carea' id='block_1_53' title="bbox 2099 2289 3653 2366">
    <p class='ocr_par' dir='ltr' id='par_1_53' title="bbox 2099 2289 3653 2366">
     <span class='ocr_line' id='line_1_53' title="bbox 2099 2289 3653 2366; baseline -0.005 -15"><span class='ocrx_word' id='word_1_409' title='bbox 2099 2294 2395 2366; x_wconf 72' lang='grc' dir='ltr'>οἰκονομία,</span> <span class='ocrx_word' id='word_1_410' title='bbox 2429 2290 2496 2366; x_wconf 77' lang='grc' dir='ltr'><strong>ῆς</strong></span> <span class='ocrx_word' id='word_1_411' title='bbox 2521 2295 2582 2346; x_wconf 82' lang='grc' dir='ltr'><strong>οὐ</strong></span> <span class='ocrx_word' id='word_1_412' title='bbox 2614 2294 2741 2365; x_wconf 87' lang='grc' dir='ltr'>μίαν</span> <span class='ocrx_word' id='word_1_413' title='bbox 2768 2293 2966 2356; x_wconf 84' lang='grc' dir='ltr'>αἰτίαν,</span> <span class='ocrx_word' id='word_1_414' title='bbox 2996 2291 3130 2346; x_wconf 86' lang='grc' dir='ltr'><strong>ἀλλά</strong></span> <span class='ocrx_word' id='word_1_415' title='bbox 3157 2291 3249 2345; x_wconf 71' lang='grc' dir='ltr'>καὶ</span> <span class='ocrx_word' id='word_1_416' title='bbox 3273 2291 3490 2355; x_wconf 87' lang='grc' dir='ltr'>πλείους</span> <span class='ocrx_word' id='word_1_417' title='bbox 3518 2289 3653 2363; x_wconf 77' lang='grc' dir='ltr'>εὖροι</span> 
     </span>
    </p>
   </div>
   <div class='ocr_carea' id='block_1_54' title="bbox 2100 2385 3652 2458">
    <p class='ocr_par' dir='ltr' id='par_1_54' title="bbox 2100 2385 3652 2458">
     <span class='ocr_line' id='line_1_54' title="bbox 2100 2385 3652 2458; baseline -0.006 -12"><span class='ocrx_word' id='word_1_418' title='bbox 2100 2392 2163 2446; x_wconf 82' lang='grc' dir='ltr'>ἄν</span> <span class='ocrx_word' id='word_1_419' title='bbox 2201 2407 2286 2454; x_wconf 84' lang='grc' dir='ltr'><strong>τις</strong></span> <span class='ocrx_word' id='word_1_420' title='bbox 2310 2388 2572 2458; x_wconf 81' lang='grc' dir='ltr'>ἐθελήσας</span> <span class='ocrx_word' id='word_1_421' title='bbox 2608 2385 2809 2457; x_wconf 81' lang='grc' dir='ltr'>ζητεῖν.</span> <span class='ocrx_word' id='word_1_422' title='bbox 2850 2385 3077 2457; x_wconf 86' lang='grc' dir='ltr'>Πρώτην</span> <span class='ocrx_word' id='word_1_423' title='bbox 3130 2386 3227 2456; x_wconf 78' lang='grc' dir='ltr'>μὲν</span> <span class='ocrx_word' id='word_1_424' title='bbox 3263 2385 3372 2456; x_wconf 82' lang='grc' dir='ltr'><strong>γάρ</strong></span> <span class='ocrx_word' id='word_1_425' title='bbox 3426 2387 3454 2438; x_wconf 89' lang='lat'><strong>6</strong></span> <span class='ocrx_word' id='word_1_426' title='bbox 3497 2385 3652 2452; x_wconf 83' lang='grc' dir='ltr'><strong>Λόγος</strong></span> 
     </span>
    </p>
   </div>
   <div class='ocr_carea' id='block_1_55' title="bbox 2100 2473 3654 2548">
    <p class='ocr_par' dir='ltr' id='par_1_55' title="bbox 2100 2473 3654 2548">
     <span class='ocr_line' id='line_1_55' title="bbox 2100 2473 3654 2548; baseline -0.006 -13"><span class='ocrx_word' id='word_1_427' title='bbox 2100 2481 2361 2541; x_wconf 79' lang='grc' dir='ltr'>διδάσκει,</span> <span class='ocrx_word' id='word_1_428' title='bbox 2398 2479 2484 2531; x_wconf 84' lang='grc' dir='ltr'><strong>ἵνα</strong></span> <span class='ocrx_word' id='word_1_429' title='bbox 2513 2478 2607 2531; x_wconf 73' lang='grc' dir='ltr'><strong>καὶ</strong></span> <span class='ocrx_word' id='word_1_430' title='bbox 2630 2476 2838 2548; x_wconf 80' lang='grc' dir='ltr'>νεκρῶν</span> <span class='ocrx_word' id='word_1_431' title='bbox 2860 2476 2952 2530; x_wconf 77' lang='grc' dir='ltr'><strong>καὶ</strong></span> <span class='ocrx_word' id='word_1_432' title='bbox 2980 2474 3194 2539; x_wconf 79' lang='grc' dir='ltr'>ζώντων</span> <span class='ocrx_word' id='word_1_433' title='bbox 3222 2475 3502 2546; x_wconf 80' lang='grc' dir='ltr'>κυριεύσῃ·</span> <span class='ocrx_word' id='word_1_434' title='bbox 3548 2473 3654 2526; x_wconf 86' lang='grc' dir='ltr'>δευ-</span> 
     </span>
    </p>
   </div>
   <div class='ocr_carea' id='block_1_56' title="bbox 2097 2563 3650 2643">
    <p class='ocr_par' dir='ltr' id='par_1_56' title="bbox 2097 2563 3650 2643">
     <span class='ocr_line' id='line_1_56' title="bbox 2097 2563 3650 2643; baseline -0.005 -19"><span class='ocrx_word' id='word_1_435' title='bbox 2097 2571 2263 2643; x_wconf 85' lang='grc' dir='ltr'>τέραν</span> <span class='ocrx_word' id='word_1_436' title='bbox 2287 2569 2363 2634; x_wconf 82' lang='grc' dir='ltr'><strong>δὲ,</strong></span> <span class='ocrx_word' id='word_1_437' title='bbox 2397 2570 2545 2631; x_wconf 83' lang='grc' dir='ltr'>ὅπως</span> <span class='ocrx_word' id='word_1_438' title='bbox 2572 2567 2671 2631; x_wconf 85' lang='grc' dir='ltr'>τὰς</span> <span class='ocrx_word' id='word_1_439' title='bbox 2705 2566 2978 2638; x_wconf 77' lang='grc' dir='ltr'>ἡμετερας</span> <span class='ocrx_word' id='word_1_440' title='bbox 3001 2564 3335 2637; x_wconf 83' lang='grc' dir='ltr'>ἀπομάξοιτο</span> <span class='ocrx_word' id='word_1_441' title='bbox 3371 2563 3650 2636; x_wconf 81' lang='grc' dir='ltr'>ἁμαρτίας,</span> 
     </span>
    </p>
   </div>
   <div class='ocr_carea' id='block_1_57' title="bbox 2100 2656 3653 2733">
    <p class='ocr_par' dir='ltr' id='par_1_57' title="bbox 2100 2656 3653 2733">
     <span class='ocr_line' id='line_1_57' title="bbox 2100 2656 3653 2733; baseline -0.005 -18"><span class='ocrx_word' id='word_1_442' title='bbox 2100 2662 2238 2733; x_wconf 81' lang='grc' dir='ltr'>ὑπὲρ</span> <span class='ocrx_word' id='word_1_443' title='bbox 2263 2659 2417 2732; x_wconf 84' lang='grc' dir='ltr'>ἡμῶν</span> <span class='ocrx_word' id='word_1_444' title='bbox 2450 2658 2696 2730; x_wconf 69' lang='grc' dir='ltr'>τρωθεὶς,</span> <span class='ocrx_word' id='word_1_445' title='bbox 2733 2659 2826 2711; x_wconf 73' lang='grc' dir='ltr'><strong>καὶ</strong></span> <span class='ocrx_word' id='word_1_446' title='bbox 2854 2658 3141 2728; x_wconf 86' lang='grc' dir='ltr'>γενόμενος</span> <span class='ocrx_word' id='word_1_447' title='bbox 3184 2658 3323 2728; x_wconf 74' lang='grc' dir='ltr'>ὑπὲρ</span> <span class='ocrx_word' id='word_1_448' title='bbox 3360 2656 3514 2728; x_wconf 84' lang='grc' dir='ltr'>ἡμῶν</span> <span class='ocrx_word' id='word_1_449' title='bbox 3534 2672 3653 2711; x_wconf 78' lang='grc' dir='ltr'>κατ-</span> 
     </span>
    </p>
   </div>
   <div class='ocr_carea' id='block_1_58' title="bbox 2100 2746 3653 2823">
    <p class='ocr_par' dir='ltr' id='par_1_58' title="bbox 2100 2746 3653 2823">
     <span class='ocr_line' id='line_1_58' title="bbox 2100 2746 3653 2823; baseline -0.003 -18"><span class='ocrx_word' id='word_1_450' title='bbox 2100 2752 2225 2823; x_wconf 80' lang='grc' dir='ltr'>άρα·</span> <span class='ocrx_word' id='word_1_451' title='bbox 2272 2751 2482 2822; x_wconf 87' lang='grc' dir='ltr'>τρίτην,</span> <span class='ocrx_word' id='word_1_452' title='bbox 2511 2750 2585 2814; x_wconf 87' lang='lat' dir='ltr'><strong>ib;</strong></span> <span class='ocrx_word' id='word_1_453' title='bbox 2627 2749 2692 2803; x_wconf 84' lang='grc' dir='ltr'><strong>ἂν</strong></span> <span class='ocrx_word' id='word_1_454' title='bbox 2722 2751 2913 2821; x_wconf 84' lang='grc' dir='ltr'>ἱερεῖον</span> <span class='ocrx_word' id='word_1_455' title='bbox 2945 2749 3078 2803; x_wconf 84' lang='grc' dir='ltr'>Θεοῦ</span> <span class='ocrx_word' id='word_1_456' title='bbox 3116 2749 3210 2802; x_wconf 73' lang='grc' dir='ltr'>καὶ</span> <span class='ocrx_word' id='word_1_457' title='bbox 3253 2748 3463 2819; x_wconf 86' lang='grc' dir='ltr'>μεγάλη</span> <span class='ocrx_word' id='word_1_458' title='bbox 3510 2746 3653 2801; x_wconf 84' lang='grc' dir='ltr'>θυσία</span> 
     </span>
    </p>
   </div>
   <div class='ocr_carea' id='block_1_59' title="bbox 2099 2837 3654 2912">
    <p class='ocr_par' dir='ltr' id='par_1_59' title="bbox 2099 2837 3654 2912">
     <span class='ocr_line' id='line_1_59' title="bbox 2099 2837 3654 2912; baseline -0.004 -17"><span class='ocrx_word' id='word_1_459' title='bbox 2099 2842 2238 2912; x_wconf 85' lang='grc' dir='ltr'>ὑπὲρ</span> <span class='ocrx_word' id='word_1_460' title='bbox 2263 2840 2355 2894; x_wconf 75' lang='grc' dir='ltr'>τοῦ</span> <span class='ocrx_word' id='word_1_461' title='bbox 2392 2840 2702 2911; x_wconf 79' lang='grc' dir='ltr'>σύμπαντος</span> <span class='ocrx_word' id='word_1_462' title='bbox 2732 2840 2936 2909; x_wconf 85' lang='grc' dir='ltr'>κόσμου</span> <span class='ocrx_word' id='word_1_463' title='bbox 2967 2838 3296 2910; x_wconf 86' lang='grc' dir='ltr'>προσαχθείη</span> <span class='ocrx_word' id='word_1_464' title='bbox 3326 2838 3406 2908; x_wconf 79' lang='grc' dir='ltr'>τῷ</span> <span class='ocrx_word' id='word_1_465' title='bbox 3431 2838 3520 2891; x_wconf 76' lang='grc' dir='ltr'>ἐπὶ</span> <span class='ocrx_word' id='word_1_466' title='bbox 3541 2837 3654 2892; x_wconf 72' lang='grc' dir='ltr'>πάνυ</span> 
     </span>
    </p>
   </div>
   <div class='ocr_carea' id='block_1_60' title="bbox 2098 2922 3653 3001">
    <p class='ocr_par' dir='ltr' id='par_1_60' title="bbox 2098 2922 3653 3001">
     <span class='ocr_line' id='line_1_60' title="bbox 2098 2922 3653 3001; baseline -0.006 -17"><span class='ocrx_word' id='word_1_467' title='bbox 2098 2948 2205 2984; x_wconf 88' lang='grc' dir='ltr'><strong>των</strong></span> <span class='ocrx_word' id='word_1_468' title='bbox 2233 2930 2371 3001; x_wconf 82' lang='grc' dir='ltr'>Θεῷ·</span> <span class='ocrx_word' id='word_1_469' title='bbox 2394 2930 2681 3001; x_wconf 86' lang='grc' dir='ltr'>τετάρτην,</span> <span class='ocrx_word' id='word_1_470' title='bbox 2729 2928 2805 2991; x_wconf 87' lang='lat' dir='ltr'><strong>ib;</strong></span> <span class='ocrx_word' id='word_1_471' title='bbox 2843 2928 2908 2981; x_wconf 84' lang='grc' dir='ltr'><strong>ἂν</strong></span> <span class='ocrx_word' id='word_1_472' title='bbox 2950 2926 3111 2989; x_wconf 80' lang='grc' dir='ltr'>αὐτὸς</span> <span class='ocrx_word' id='word_1_473' title='bbox 3158 2926 3257 2996; x_wconf 87' lang='grc' dir='ltr'><strong>τῆς</strong></span> <span class='ocrx_word' id='word_1_474' title='bbox 3298 2922 3653 2985; x_wconf 86' lang='grc' dir='ltr'>πολυπλανοῦς</span> 
     </span>
    </p>
   </div>
   <div class='ocr_carea' id='block_1_61' title="bbox 2098 3013 3653 3092">
    <p class='ocr_par' dir='ltr' id='par_1_61' title="bbox 2098 3013 3653 3092">
     <span class='ocr_line' id='line_1_61' title="bbox 2098 3013 3653 3092; baseline -0.006 -17"><span class='ocrx_word' id='word_1_475' title='bbox 2098 3023 2193 3077; x_wconf 74' lang='grc' dir='ltr'>καὶ</span> <span class='ocrx_word' id='word_1_476' title='bbox 2217 3020 2537 3092; x_wconf 81' lang='grc' dir='ltr'>δαιμονικῆς</span> <span class='ocrx_word' id='word_1_477' title='bbox 2574 3020 2855 3091; x_wconf 78' lang='grc' dir='ltr'>ἐνεργείας</span> <span class='ocrx_word' id='word_1_478' title='bbox 2888 3019 3221 3091; x_wconf 75' lang='grc' dir='ltr'>ἀπορρήτοις</span> <span class='ocrx_word' id='word_1_479' title='bbox 3275 3015 3453 3086; x_wconf 87' lang='grc' dir='ltr'>λόγοις</span> <span class='ocrx_word' id='word_1_480' title='bbox 3487 3013 3653 3068; x_wconf 86' lang='grc' dir='ltr'>καθαί-</span> 
     </span>
    </p>
   </div>
   <div class='ocr_carea' id='block_1_62' title="bbox 433 3105 1995 3206">
    <p class='ocr_par' dir='ltr' id='par_1_62' title="bbox 433 3105 1995 3194">
     <span class='ocr_line' id='line_1_62' title="bbox 433 3105 1995 3194; baseline 0.015 -40"><span class='ocrx_word' id='word_1_481' title='bbox 433 3115 689 3169; x_wconf 90' lang='lat' dir='ltr'><strong>supremo</strong></span> <span class='ocrx_word' id='word_1_482' title='bbox 718 3105 828 3161; x_wconf 89' lang='lat' dir='ltr'><strong>Deo</strong></span> <span class='ocrx_word' id='word_1_483' title='bbox 860 3109 1145 3167; x_wconf 79' lang='lat' dir='ltr'><strong>offerretur</strong></span> <span class='ocrx_word' id='word_1_484' title='bbox 1174 3132 1273 3185; x_wconf 88' lang='lat' dir='ltr'><strong>pro</strong></span> <span class='ocrx_word' id='word_1_485' title='bbox 1301 3118 1555 3176; x_wconf 89' lang='lat' dir='ltr'><strong>universo</strong></span> <span class='ocrx_word' id='word_1_486' title='bbox 1573 3122 1772 3176; x_wconf 91' lang='lat' dir='ltr'><strong>mundo</strong></span> <span class='ocrx_word' id='word_1_487' title='bbox 1799 3140 1995 3194; x_wconf 88' lang='lat' dir='ltr'><strong>:quar-</strong></span> 
     </span>
    </p>
   </div>
   <div class='ocr_carea' id='block_1_63' title="bbox 2097 3105 3654 3206">
    <p class='ocr_par' dir='ltr' id='par_1_63' title="bbox 2101 3105 3654 3206">
     <span class='ocr_line' id='line_1_63' title="bbox 2101 3105 3654 3206; baseline -0.006 -41"><span class='ocrx_word' id='word_1_488' title='bbox 2101 3129 2249 3184; x_wconf 89' lang='grc' dir='ltr'>ρεσιν</span> <span class='ocrx_word' id='word_1_489' title='bbox 2277 3111 2667 3184; x_wconf 83' lang='grc' dir='ltr'>ἀπεργάσαιτο·</span> <span class='ocrx_word' id='word_1_490' title='bbox 2699 3111 2955 3182; x_wconf 78' lang='grc' dir='ltr'>πέμπτην</span> <span class='ocrx_word' id='word_1_491' title='bbox 2982 3109 3074 3162; x_wconf 74' lang='grc' dir='ltr'><strong>ἐπὶ</strong></span> <span class='ocrx_word' id='word_1_492' title='bbox 3109 3107 3301 3206; x_wconf 69' lang='grc' dir='ltr'>ταύτη,</span> <span class='ocrx_word' id='word_1_493' title='bbox 3341 3108 3420 3206; x_wconf 66' lang='lat' dir='ltr'><strong>ib;</strong></span> <span class='ocrx_word' id='word_1_494' title='bbox 3554 3107 3654 3166; x_wconf 86' lang='grc' dir='ltr'>τοῖς</span> 
     </span>
    </p>
   </div>
   <div class='ocr_carea' id='block_1_64' title="bbox 432 3195 1995 3270">
    <p class='ocr_par' dir='ltr' id='par_1_64' title="bbox 432 3195 1995 3270">
     <span class='ocr_line' id='line_1_64' title="bbox 432 3195 1995 3270; baseline 0.017 -28"><span class='ocrx_word' id='word_1_495' title='bbox 432 3197 539 3243; x_wconf 89' lang='lat' dir='ltr'><strong>tam</strong></span> <span class='ocrx_word' id='word_1_496' title='bbox 576 3201 634 3245; x_wconf 91' lang='lat' dir='ltr'><strong>ut</strong></span> <span class='ocrx_word' id='word_1_497' title='bbox 663 3195 742 3249; x_wconf 91' lang='lat' dir='ltr'><strong>sic</strong></span> <span class='ocrx_word' id='word_1_498' title='bbox 777 3196 1072 3256; x_wconf 71' lang='lat' dir='ltr'><strong>fallaciosa:</strong></span> <span class='ocrx_word' id='word_1_499' title='bbox 1094 3219 1157 3258; x_wconf 90' lang='lat' dir='ltr'><strong>ac</strong></span> <span class='ocrx_word' id='word_1_500' title='bbox 1197 3205 1504 3263; x_wconf 69' lang='lat' dir='ltr'><strong>daemonica!</strong></span> <span class='ocrx_word' id='word_1_501' title='bbox 1561 3211 1812 3267; x_wconf 63' lang='lat' dir='ltr'><strong>efﬁcacia:</strong></span> <span class='ocrx_word' id='word_1_502' title='bbox 1840 3229 1995 3270; x_wconf 86' lang='lat' dir='ltr'><strong>ever-</strong></span> 
     </span>
    </p>
   </div>
   <div class='ocr_carea' id='block_1_65' title="bbox 430 3281 1997 3363">
    <p class='ocr_par' dir='ltr' id='par_1_65' title="bbox 430 3281 1997 3363">
     <span class='ocr_line' id='line_1_65' title="bbox 430 3281 1997 3363; baseline 0.016 -29"><span class='ocrx_word' id='word_1_503' title='bbox 430 3281 638 3336; x_wconf 88' lang='lat' dir='ltr'><strong>sionem</strong></span> <span class='ocrx_word' id='word_1_504' title='bbox 662 3286 981 3343; x_wconf 88' lang='lat' dir='ltr'><strong>moliretur:</strong></span> <span class='ocrx_word' id='word_1_505' title='bbox 1025 3294 1272 3361; x_wconf 82' lang='lat' dir='ltr'><strong>quintaxn</strong></span> <span class='ocrx_word' id='word_1_506' title='bbox 1308 3297 1373 3351; x_wconf 87' lang='lat' dir='ltr'><strong>ad</strong></span> <span class='ocrx_word' id='word_1_507' title='bbox 1431 3298 1567 3363; x_wconf 60' lang='lat' dir='ltr'><strong>hinc,</strong></span> <span class='ocrx_word' id='word_1_508' title='bbox 1594 3311 1652 3356; x_wconf 91' lang='lat' dir='ltr'><strong>ut</strong></span> <span class='ocrx_word' id='word_1_509' title='bbox 1697 3304 1813 3358; x_wconf 90' lang='lat' dir='ltr'><strong>suis</strong></span> <span class='ocrx_word' id='word_1_510' title='bbox 1838 3305 1997 3359; x_wconf 88' lang='lat' dir='ltr'><strong>fami-</strong></span> 
     </span>
    </p>
   </div>
   <div class='ocr_carea' id='block_1_66' title="bbox 427 3371 1994 3466">
    <p class='ocr_par' dir='ltr' id='par_1_66' title="bbox 427 3371 1994 3466">
     <span class='ocr_line' id='line_1_66' title="bbox 427 3371 1994 3466; baseline 0.018 -42"><span class='ocrx_word' id='word_1_511' title='bbox 427 3371 656 3430; x_wconf 88' lang='lat' dir='ltr'><strong>liaribus</strong></span> <span class='ocrx_word' id='word_1_512' title='bbox 707 3393 772 3433; x_wconf 87' lang='lat' dir='ltr'><strong>ac</strong></span> <span class='ocrx_word' id='word_1_513' title='bbox 800 3380 1084 3452; x_wconf 79' lang='lat' dir='ltr'><strong>discipulis</strong></span> <span class='ocrx_word' id='word_1_514' title='bbox 1106 3388 1248 3449; x_wconf 82' lang='lat' dir='ltr'><strong>vitae,</strong></span> <span class='ocrx_word' id='word_1_515' title='bbox 1281 3405 1401 3459; x_wconf 75' lang='lat' dir='ltr'><strong>quae</strong></span> <span class='ocrx_word' id='word_1_516' title='bbox 1447 3402 1568 3461; x_wconf 87' lang='lat' dir='ltr'><strong>post</strong></span> <span class='ocrx_word' id='word_1_517' title='bbox 1594 3403 1820 3449; x_wconf 90' lang='lat' dir='ltr'><strong>mortem</strong></span> <span class='ocrx_word' id='word_1_518' title='bbox 1850 3396 1994 3466; x_wconf 83' lang='lat' dir='ltr'><strong>apud</strong></span> 
     </span>
    </p>
   </div>
   <div class='ocr_carea' id='block_1_67' title="bbox 426 3464 1996 3558">
    <p class='ocr_par' dir='ltr' id='par_1_67' title="bbox 426 3464 1996 3558">
     <span class='ocr_line' id='line_1_67' title="bbox 426 3464 1996 3558; baseline 0.019 -42"><span class='ocrx_word' id='word_1_519' title='bbox 426 3464 597 3521; x_wconf 85' lang='lat' dir='ltr'><strong>Deum</strong></span> <span class='ocrx_word' id='word_1_520' title='bbox 642 3469 822 3525; x_wconf 85' lang='lat' dir='ltr'><strong>futura</strong></span> <span class='ocrx_word' id='word_1_521' title='bbox 854 3485 938 3529; x_wconf 91' lang='lat' dir='ltr'><strong>est</strong></span> <span class='ocrx_word' id='word_1_522' title='bbox 972 3492 1147 3546; x_wconf 89' lang='lat' dir='ltr'><strong>spem,</strong></span> <span class='ocrx_word' id='word_1_523' title='bbox 1191 3497 1299 3535; x_wconf 90' lang='lat' dir='ltr'><strong>non</strong></span> <span class='ocrx_word' id='word_1_524' title='bbox 1331 3484 1580 3540; x_wconf 87' lang='lat' dir='ltr'><strong>oratione</strong></span> <span class='ocrx_word' id='word_1_525' title='bbox 1610 3503 1788 3558; x_wconf 81' lang='lat' dir='ltr'><strong>neque</strong></span> <span class='ocrx_word' id='word_1_526' title='bbox 1815 3491 1996 3547; x_wconf 84' lang='lat' dir='ltr'><strong>verbis</strong></span> 
     </span>
    </p>
   </div>
   <div class='ocr_carea' id='block_1_68' title="bbox 429 3563 1997 3648">
    <p class='ocr_par' dir='ltr' id='par_1_68' title="bbox 429 3563 1997 3648">
     <span class='ocr_line' id='line_1_68' title="bbox 429 3563 1997 3648; baseline 0.018 -39"><span class='ocrx_word' id='word_1_527' title='bbox 429 3568 523 3612; x_wconf 91' lang='lat' dir='ltr'><strong>aut</strong></span> <span class='ocrx_word' id='word_1_528' title='bbox 558 3563 803 3629; x_wconf 85' lang='lat' dir='ltr'><strong>vocibus,</strong></span> <span class='ocrx_word' id='word_1_529' title='bbox 838 3569 931 3622; x_wconf 90' lang='lat' dir='ltr'><strong>sed</strong></span> <span class='ocrx_word' id='word_1_530' title='bbox 970 3569 1129 3626; x_wconf 85' lang='lat' dir='ltr'><strong>factis</strong></span> <span class='ocrx_word' id='word_1_531' title='bbox 1162 3588 1224 3627; x_wconf 90' lang='lat' dir='ltr'><strong>ac</strong></span> <span class='ocrx_word' id='word_1_532' title='bbox 1256 3590 1315 3629; x_wconf 90' lang='lat' dir='ltr'><strong>re</strong></span> <span class='ocrx_word' id='word_1_533' title='bbox 1348 3575 1465 3645; x_wconf 90' lang='lat' dir='ltr'><strong>ipsa</strong></span> <span class='ocrx_word' id='word_1_534' title='bbox 1497 3586 1915 3648; x_wconf 64' lang='lat' dir='ltr'><strong>repraesentans,</strong></span> <span class='ocrx_word' id='word_1_535' title='bbox 1941 3589 1997 3637; x_wconf 86' lang='lat' dir='ltr'><strong>ct</strong></span> 
     </span>
    </p>
   </div>
   <div class='ocr_carea' id='block_1_69' title="bbox 428 3649 1993 3739">
    <p class='ocr_par' dir='ltr' id='par_1_69' title="bbox 428 3649 1993 3739">
     <span class='ocr_line' id='line_1_69' title="bbox 428 3649 1993 3739; baseline 0.018 -38"><span class='ocrx_word' id='word_1_536' title='bbox 428 3649 572 3719; x_wconf 86' lang='lat' dir='ltr'><strong>quod</strong></span> <span class='ocrx_word' id='word_1_537' title='bbox 594 3656 770 3709; x_wconf 79' lang='lat' dir='ltr'><strong>verbis</strong></span> <span class='ocrx_word' id='word_1_538' title='bbox 795 3660 1070 3726; x_wconf 84' lang='lat' dir='ltr'><strong>pollicitus</strong></span> <span class='ocrx_word' id='word_1_539' title='bbox 1099 3664 1485 3729; x_wconf 83' lang='lat' dir='ltr'><strong>fucrat,oculis</strong></span> <span class='ocrx_word' id='word_1_540' title='bbox 1512 3670 1647 3739; x_wconf 89' lang='lat' dir='ltr'><strong>ipsis</strong></span> <span class='ocrx_word' id='word_1_541' title='bbox 1676 3672 1993 3729; x_wconf 89' lang='lat' dir='ltr'><strong>intuendum</strong></span> 
     </span>
    </p>
   </div>
   <div class='ocr_carea' id='block_1_70' title="bbox 427 3744 1998 3837">
    <p class='ocr_par' dir='ltr' id='par_1_70' title="bbox 427 3744 1998 3837">
     <span class='ocr_line' id='line_1_70' title="bbox 427 3744 1998 3837; baseline 0.017 -40"><span class='ocrx_word' id='word_1_542' title='bbox 427 3744 749 3814; x_wconf 78' lang='lat' dir='ltr'><strong>subjiciens,</strong></span> <span class='ocrx_word' id='word_1_543' title='bbox 778 3752 1197 3812; x_wconf 80' lang='lat' dir='ltr'><strong>confidentiores</strong></span> <span class='ocrx_word' id='word_1_544' title='bbox 1224 3773 1319 3814; x_wconf 88' lang='lat' dir='ltr'><strong>eos</strong></span> <span class='ocrx_word' id='word_1_545' title='bbox 1349 3768 1512 3831; x_wconf 90' lang='lat' dir='ltr'><strong>atque</strong></span> <span class='ocrx_word' id='word_1_546' title='bbox 1547 3764 1842 3821; x_wconf 86' lang='lat' dir='ltr'><strong>alacriores</strong></span> <span class='ocrx_word' id='word_1_547' title='bbox 1858 3782 1998 3837; x_wconf 59' lang='lat' dir='ltr'><strong>prat-</strong></span> 
     </span>
    </p>
   </div>
   <div class='ocr_carea' id='block_1_71' title="bbox 429 3841 1997 3931">
    <p class='ocr_par' dir='ltr' id='par_1_71' title="bbox 429 3841 1997 3931">
     <span class='ocr_line' id='line_1_71' title="bbox 429 3841 1997 3931; baseline 0.017 -41"><span class='ocrx_word' id='word_1_548' title='bbox 429 3846 620 3903; x_wconf 90' lang='lat' dir='ltr'><strong>staret,</strong></span> <span class='ocrx_word' id='word_1_549' title='bbox 654 3841 722 3894; x_wconf 90' lang='lat' dir='ltr'><strong>ad</strong></span> <span class='ocrx_word' id='word_1_550' title='bbox 741 3858 858 3897; x_wconf 90' lang='lat' dir='ltr'><strong>eam</strong></span> <span class='ocrx_word' id='word_1_551' title='bbox 887 3862 1007 3915; x_wconf 69' lang='lat' dir='ltr'><strong>qua:</strong></span> <span class='ocrx_word' id='word_1_552' title='bbox 1035 3850 1100 3901; x_wconf 85' lang='lat' dir='ltr'><strong>ab</strong></span> <span class='ocrx_word' id='word_1_553' title='bbox 1135 3849 1253 3919; x_wconf 81' lang='lat' dir='ltr'><strong>ipso</strong></span> <span class='ocrx_word' id='word_1_554' title='bbox 1279 3851 1525 3908; x_wconf 88' lang='lat' dir='ltr'><strong>instituta</strong></span> <span class='ocrx_word' id='word_1_555' title='bbox 1550 3855 1744 3921; x_wconf 83' lang='lat' dir='ltr'><strong>fuerat,</strong></span> <span class='ocrx_word' id='word_1_556' title='bbox 1779 3860 1997 3931; x_wconf 78' lang='lat' dir='ltr'><strong>religio-</strong></span> 
     </span>
    </p>
   </div>
   <div class='ocr_carea' id='block_1_72' title="bbox 429 3934 1997 4018">
    <p class='ocr_par' dir='ltr' id='par_1_72' title="bbox 429 3934 1997 4018">
     <span class='ocr_line' id='line_1_72' title="bbox 429 3934 1997 4018; baseline 0.016 -36"><span class='ocrx_word' id='word_1_557' title='bbox 429 3944 505 3984; x_wconf 66' lang='lat' dir='ltr'><strong>sa:</strong></span> <span class='ocrx_word' id='word_1_558' title='bbox 550 3934 675 3987; x_wconf 82' lang='lat' dir='ltr'><strong>vitae</strong></span> <span class='ocrx_word' id='word_1_559' title='bbox 718 3936 1009 4002; x_wconf 87' lang='lat' dir='ltr'><strong>rationem,</strong></span> <span class='ocrx_word' id='word_1_560' title='bbox 1051 3942 1306 3998; x_wconf 83' lang='lat' dir='ltr'><strong>omnibus</strong></span> <span class='ocrx_word' id='word_1_561' title='bbox 1361 3946 1524 3999; x_wconf 89' lang='lat' dir='ltr'><strong>simul</strong></span> <span class='ocrx_word' id='word_1_562' title='bbox 1567 3956 1622 4002; x_wconf 91' lang='lat' dir='ltr'><strong>et</strong></span> <span class='ocrx_word' id='word_1_563' title='bbox 1665 3945 1890 4018; x_wconf 85' lang='lat' dir='ltr'><strong>Graecis,</strong></span> <span class='ocrx_word' id='word_1_564' title='bbox 1943 3960 1997 4007; x_wconf 91' lang='lat' dir='ltr'><strong>et</strong></span> 
     </span>
    </p>
   </div>
   <div class='ocr_carea' id='block_1_73' title="bbox 428 4022 1996 4113">
    <p class='ocr_par' dir='ltr' id='par_1_73' title="bbox 428 4022 1996 4113">
     <span class='ocr_line' id='line_1_73' title="bbox 428 4022 1996 4113; baseline 0.017 -39"><span class='ocrx_word' id='word_1_565' title='bbox 428 4022 678 4079; x_wconf 86' lang='lat' dir='ltr'><strong>barbaris</strong></span> <span class='ocrx_word' id='word_1_566' title='bbox 721 4029 1078 4084; x_wconf 85' lang='lat' dir='ltr'><strong>nuntianilam</strong></span> <span class='ocrx_word' id='word_1_567' title='bbox 1115 4047 1127 4083; x_wconf 93' lang='lat'>:</span> <span class='ocrx_word' id='word_1_568' title='bbox 1191 4038 1442 4103; x_wconf 89' lang='lat' dir='ltr'><strong>protinus</strong></span> <span class='ocrx_word' id='word_1_569' title='bbox 1492 4039 1674 4111; x_wconf 90' lang='lat' dir='ltr'><strong>itaque</strong></span> <span class='ocrx_word' id='word_1_570' title='bbox 1719 4043 1817 4098; x_wconf 90' lang='lat' dir='ltr'><strong>hos</strong></span> <span class='ocrx_word' id='word_1_571' title='bbox 1847 4044 1996 4113; x_wconf 88' lang='lat' dir='ltr'><strong>ipsos</strong></span> 
     </span>
    </p>
   </div>
   <div class='ocr_carea' id='block_1_74' title="bbox 430 4110 1997 4204">
    <p class='ocr_par' dir='ltr' id='par_1_74' title="bbox 430 4110 1997 4204">
     <span class='ocr_line' id='line_1_74' title="bbox 430 4110 1997 4204; baseline 0.017 -40"><span class='ocrx_word' id='word_1_572' title='bbox 430 4110 728 4170; x_wconf 79' lang='lat' dir='ltr'><strong>familiares</strong></span> <span class='ocrx_word' id='word_1_573' title='bbox 787 4133 851 4172; x_wconf 91' lang='lat' dir='ltr'><strong>ac</strong></span> <span class='ocrx_word' id='word_1_574' title='bbox 902 4121 1135 4185; x_wconf 84' lang='lat' dir='ltr'><strong>sodales,</strong></span> <span class='ocrx_word' id='word_1_575' title='bbox 1189 4141 1326 4195; x_wconf 84' lang='lat' dir='ltr'><strong>quos</strong></span> <span class='ocrx_word' id='word_1_576' title='bbox 1375 4128 1490 4198; x_wconf 88' lang='lat' dir='ltr'><strong>ipse</strong></span> <span class='ocrx_word' id='word_1_577' title='bbox 1544 4110 1648 4187; x_wconf 84' lang='lat' dir='ltr'><strong>sibi</strong></span> <span class='ocrx_word' id='word_1_578' title='bbox 1677 4133 1745 4187; x_wconf 93' lang='lat' dir='ltr'><strong>de</strong></span> <span class='ocrx_word' id='word_1_579' title='bbox 1776 4110 1997 4204; x_wconf 81' lang='lat' dir='ltr'><strong>optimis</strong></span> 
     </span>
    </p>
   </div>
   <div class='ocr_carea' id='block_1_75' title="bbox 430 4207 1996 4294">
    <p class='ocr_par' dir='ltr' id='par_1_75' title="bbox 430 4207 1996 4294">
     <span class='ocr_line' id='line_1_75' title="bbox 430 4207 1996 4294; baseline 0.012 -33"><span class='ocrx_word' id='word_1_580' title='bbox 430 4207 603 4261; x_wconf 88' lang='lat' dir='ltr'><strong>lectos</strong></span> <span class='ocrx_word' id='word_1_581' title='bbox 625 4208 910 4274; x_wconf 80' lang='lat' dir='ltr'><strong>asciverat,</strong></span> <span class='ocrx_word' id='word_1_582' title='bbox 960 4216 1345 4287; x_wconf 88' lang='lat' dir='ltr'><strong>apostolosque</strong></span> <span class='ocrx_word' id='word_1_583' title='bbox 1395 4235 1526 4276; x_wconf 90' lang='lat' dir='ltr'><strong>suos</strong></span> <span class='ocrx_word' id='word_1_584' title='bbox 1579 4237 1644 4277; x_wconf 90' lang='lat' dir='ltr'><strong>ac</strong></span> <span class='ocrx_word' id='word_1_585' title='bbox 1694 4224 1996 4294; x_wconf 89' lang='lat' dir='ltr'><strong>discipulos</strong></span> 
     </span>
    </p>
   </div>
   <div class='ocr_carea' id='block_1_76' title="bbox 432 4300 1995 4388">
    <p class='ocr_par' dir='ltr' id='par_1_76' title="bbox 432 4300 1995 4388">
     <span class='ocr_line' id='line_1_76' title="bbox 432 4300 1995 4388; baseline 0.012 -33"><span class='ocrx_word' id='word_1_586' title='bbox 432 4300 827 4369; x_wconf 80' lang='lat' dir='ltr'><strong>declararerat,</strong></span> <span class='ocrx_word' id='word_1_587' title='bbox 860 4320 958 4359; x_wconf 88' lang='lat' dir='ltr'><strong>sua</strong></span> <span class='ocrx_word' id='word_1_588' title='bbox 989 4307 1160 4376; x_wconf 90' lang='lat' dir='ltr'><strong>ipsius</strong></span> <span class='ocrx_word' id='word_1_589' title='bbox 1205 4309 1388 4366; x_wconf 90' lang='lat' dir='ltr'><strong>divina</strong></span> <span class='ocrx_word' id='word_1_590' title='bbox 1437 4315 1638 4370; x_wconf 85' lang='lat' dir='ltr'><strong>virtute</strong></span> <span class='ocrx_word' id='word_1_591' title='bbox 1683 4319 1995 4388; x_wconf 89' lang='lat' dir='ltr'><strong>complevit,</strong></span> 
     </span>
    </p>
   </div>
   <div class='ocr_carea' id='block_1_77' title="bbox 431 4394 1999 4474">
    <p class='ocr_par' dir='ltr' id='par_1_77' title="bbox 431 4394 1999 4474">
     <span class='ocr_line' id='line_1_77' title="bbox 431 4394 1999 4474; baseline 0.012 -28"><span class='ocrx_word' id='word_1_592' title='bbox 431 4401 489 4447; x_wconf 90' lang='lat' dir='ltr'><strong>ut</strong></span> <span class='ocrx_word' id='word_1_593' title='bbox 513 4408 671 4462; x_wconf 87' lang='lat' dir='ltr'><strong>quam</strong></span> <span class='ocrx_word' id='word_1_594' title='bbox 701 4394 815 4465; x_wconf 91' lang='lat' dir='ltr'><strong>ipse</strong></span> <span class='ocrx_word' id='word_1_595' title='bbox 839 4399 1185 4455; x_wconf 83' lang='lat' dir='ltr'><strong>nuntiaverat</strong></span> <span class='ocrx_word' id='word_1_596' title='bbox 1218 4401 1308 4457; x_wconf 91' lang='lat' dir='ltr'><strong>Dei</strong></span> <span class='ocrx_word' id='word_1_597' title='bbox 1326 4405 1713 4474; x_wconf 80' lang='lat' dir='ltr'><strong>cognitionem,</strong></span> <span class='ocrx_word' id='word_1_598' title='bbox 1735 4408 1811 4461; x_wconf 89' lang='lat' dir='ltr'><strong>illi</strong></span> <span class='ocrx_word' id='word_1_599' title='bbox 1838 4424 1999 4465; x_wconf 88' lang='lat' dir='ltr'><strong>omne</strong></span> 
     </span>
    </p>
   </div>
   <div class='ocr_carea' id='block_1_78' title="bbox 2097 3196 3652 3274">
    <p class='ocr_par' dir='ltr' id='par_1_78' title="bbox 2097 3196 3652 3274">
     <span class='ocr_line' id='line_1_78' title="bbox 2097 3196 3652 3274; baseline -0.005 -19"><span class='ocrx_word' id='word_1_600' title='bbox 2097 3203 2259 3257; x_wconf 79' lang='grc' dir='ltr'>αὑτοῦ</span> <span class='ocrx_word' id='word_1_601' title='bbox 2291 3204 2586 3274; x_wconf 84' lang='grc' dir='ltr'>γνωρίμοις</span> <span class='ocrx_word' id='word_1_602' title='bbox 2613 3205 2705 3256; x_wconf 74' lang='grc' dir='ltr'><strong>καὶ</strong></span> <span class='ocrx_word' id='word_1_603' title='bbox 2736 3200 3000 3273; x_wconf 88' lang='grc' dir='ltr'>μαθηταῖς</span> <span class='ocrx_word' id='word_1_604' title='bbox 3031 3200 3129 3270; x_wconf 88' lang='grc' dir='ltr'><strong>τῆς</strong></span> <span class='ocrx_word' id='word_1_605' title='bbox 3155 3198 3291 3270; x_wconf 84' lang='grc' dir='ltr'>μετὰ</span> <span class='ocrx_word' id='word_1_606' title='bbox 3311 3198 3406 3251; x_wconf 84' lang='grc' dir='ltr'><strong>τὸν</strong></span> <span class='ocrx_word' id='word_1_607' title='bbox 3445 3196 3652 3250; x_wconf 83' lang='grc' dir='ltr'>θάνατον</span> 
     </span>
    </p>
   </div>
   <div class='ocr_carea' id='block_1_79' title="bbox 2096 3290 3652 3366">
    <p class='ocr_par' dir='ltr' id='par_1_79' title="bbox 2096 3290 3652 3366">
     <span class='ocr_line' id='line_1_79' title="bbox 2096 3290 3652 3366; baseline -0.006 -18"><span class='ocrx_word' id='word_1_608' title='bbox 2096 3295 2246 3366; x_wconf 87' lang='grc' dir='ltr'><strong>παρά</strong></span> <span class='ocrx_word' id='word_1_609' title='bbox 2275 3294 2392 3366; x_wconf 82' lang='grc' dir='ltr'><strong>Θεῷ</strong></span> <span class='ocrx_word' id='word_1_610' title='bbox 2419 3294 2564 3365; x_wconf 77' lang='grc' dir='ltr'>ζωῆς</span> <span class='ocrx_word' id='word_1_611' title='bbox 2586 3295 2683 3366; x_wconf 82' lang='grc' dir='ltr'>τὴν</span> <span class='ocrx_word' id='word_1_612' title='bbox 2721 3293 2909 3347; x_wconf 73' lang='grc' dir='ltr'>ἐλπίδα</span> <span class='ocrx_word' id='word_1_613' title='bbox 2952 3293 3026 3364; x_wconf 86' lang='grc' dir='ltr'>μὴ</span> <span class='ocrx_word' id='word_1_614' title='bbox 3070 3292 3247 3360; x_wconf 89' lang='grc' dir='ltr'>λόγοις</span> <span class='ocrx_word' id='word_1_615' title='bbox 3296 3290 3432 3361; x_wconf 83' lang='grc' dir='ltr'>μηδὲ</span> <span class='ocrx_word' id='word_1_616' title='bbox 3465 3290 3652 3360; x_wconf 82' lang='grc' dir='ltr'>ρήμασι</span> 
     </span>
    </p>
   </div>
   <div class='ocr_carea' id='block_1_80' title="bbox 2095 3378 3653 3459">
    <p class='ocr_par' dir='ltr' id='par_1_80' title="bbox 2095 3378 3653 3459">
     <span class='ocr_line' id='line_1_80' title="bbox 2095 3378 3653 3459; baseline -0.008 -16"><span class='ocrx_word' id='word_1_617' title='bbox 2095 3390 2189 3443; x_wconf 79' lang='grc' dir='ltr'><strong>καὶ</strong></span> <span class='ocrx_word' id='word_1_618' title='bbox 2217 3393 2438 3459; x_wconf 69' lang='grc' dir='ltr'>φωναῖς,</span> <span class='ocrx_word' id='word_1_619' title='bbox 2475 3387 2610 3442; x_wconf 88' lang='grc' dir='ltr'><strong>ἀλλά</strong></span> <span class='ocrx_word' id='word_1_620' title='bbox 2647 3388 2827 3449; x_wconf 76' lang='grc' dir='ltr'>αὐτοῖς</span> <span class='ocrx_word' id='word_1_621' title='bbox 2860 3386 3038 3456; x_wconf 78' lang='grc' dir='ltr'>ἔργοις</span> <span class='ocrx_word' id='word_1_622' title='bbox 3065 3385 3442 3455; x_wconf 79' lang='grc' dir='ltr'>παραστήσας,</span> <span class='ocrx_word' id='word_1_623' title='bbox 3473 3378 3653 3449; x_wconf 81' lang='grc' dir='ltr'>ὀφθαλ-</span> 
     </span>
    </p>
   </div>
   <div class='ocr_carea' id='block_1_81' title="bbox 2100 3471 3653 3552">
    <p class='ocr_par' dir='ltr' id='par_1_81' title="bbox 2100 3471 3653 3552">
     <span class='ocr_line' id='line_1_81' title="bbox 2100 3471 3653 3552; baseline -0.007 -17"><span class='ocrx_word' id='word_1_624' title='bbox 2100 3484 2220 3552; x_wconf 86' lang='grc' dir='ltr'>μοῖς</span> <span class='ocrx_word' id='word_1_625' title='bbox 2252 3497 2311 3534; x_wconf 87' lang='grc' dir='ltr'><strong>τε</strong></span> <span class='ocrx_word' id='word_1_626' title='bbox 2336 3480 2612 3551; x_wconf 84' lang='grc' dir='ltr'>παραδοὺς</span> <span class='ocrx_word' id='word_1_627' title='bbox 2627 3478 2725 3550; x_wconf 80' lang='grc' dir='ltr'>τὴν</span> <span class='ocrx_word' id='word_1_628' title='bbox 2758 3478 2847 3531; x_wconf 82' lang='grc' dir='ltr'>διὰ</span> <span class='ocrx_word' id='word_1_629' title='bbox 2878 3479 2982 3531; x_wconf 80' lang='grc' dir='ltr'><strong>τῶν</strong></span> <span class='ocrx_word' id='word_1_630' title='bbox 3006 3476 3177 3546; x_wconf 88' lang='grc' dir='ltr'>λόγων</span> <span class='ocrx_word' id='word_1_631' title='bbox 3211 3475 3558 3544; x_wconf 78' lang='grc' dir='ltr'>ἐπαγγελίαν,</span> <span class='ocrx_word' id='word_1_632' title='bbox 3582 3471 3653 3524; x_wconf 74' lang='grc' dir='ltr'><strong>εὖ·</strong></span> 
     </span>
    </p>
   </div>
   <div class='ocr_carea' id='block_1_82' title="bbox 2097 3561 3654 3660">
    <p class='ocr_par' dir='ltr' id='par_1_82' title="bbox 2097 3561 3654 3660">
     <span class='ocr_line' id='line_1_82' title="bbox 2097 3561 3654 3660; baseline -0.006 -34"><span class='ocrx_word' id='word_1_633' title='bbox 2097 3573 2317 3645; x_wconf 88' lang='grc' dir='ltr'>θαρσεῖς</span> <span class='ocrx_word' id='word_1_634' title='bbox 2343 3572 2537 3635; x_wconf 81' lang='grc' dir='ltr'>αὐτοὺς</span> <span class='ocrx_word' id='word_1_635' title='bbox 2557 3573 2651 3625; x_wconf 74' lang='grc' dir='ltr'><strong>καὶ</strong></span> <span class='ocrx_word' id='word_1_636' title='bbox 2679 3569 3118 3641; x_wconf 81' lang='grc' dir='ltr'>προθυμοτέρους</span> <span class='ocrx_word' id='word_1_637' title='bbox 3145 3561 3654 3660; x_wconf 27' lang='grc' dir='ltr'>ἀπεργάσαιτοηκα)</span> 
     </span>
    </p>
   </div>
   <div class='ocr_carea' id='block_1_83' title="bbox 2097 3654 3650 3733">
    <p class='ocr_par' dir='ltr' id='par_1_83' title="bbox 2097 3654 3650 3733">
     <span class='ocr_line' id='line_1_83' title="bbox 2097 3654 3650 3733; baseline -0.008 -17"><span class='ocrx_word' id='word_1_638' title='bbox 2097 3665 2261 3716; x_wconf 82' lang='grc' dir='ltr'>πᾶσιν</span> <span class='ocrx_word' id='word_1_639' title='bbox 2293 3661 2549 3733; x_wconf 84' lang='grc' dir='ltr'>Ἕλλησιν</span> <span class='ocrx_word' id='word_1_640' title='bbox 2578 3660 2712 3732; x_wconf 79' lang='grc' dir='ltr'>ὁμοῦ</span> <span class='ocrx_word' id='word_1_641' title='bbox 2741 3661 2835 3715; x_wconf 76' lang='grc' dir='ltr'><strong>καὶ</strong></span> <span class='ocrx_word' id='word_1_642' title='bbox 2873 3659 3166 3733; x_wconf 75' lang='grc' dir='ltr'>βαρὸάροις</span> <span class='ocrx_word' id='word_1_643' title='bbox 3201 3657 3298 3728; x_wconf 85' lang='grc' dir='ltr'>τὴν</span> <span class='ocrx_word' id='word_1_644' title='bbox 3337 3657 3474 3730; x_wconf 75' lang='grc' dir='ltr'>πρὸς</span> <span class='ocrx_word' id='word_1_645' title='bbox 3502 3654 3650 3708; x_wconf 76' lang='grc' dir='ltr'>αὑτοῦ</span> 
     </span>
    </p>
   </div>
   <div class='ocr_carea' id='block_1_84' title="bbox 2096 3742 3652 3824">
    <p class='ocr_par' dir='ltr' id='par_1_84' title="bbox 2096 3742 3652 3824">
     <span class='ocr_line' id='line_1_84' title="bbox 2096 3742 3652 3824; baseline -0.006 -17"><span class='ocrx_word' id='word_1_646' title='bbox 2096 3753 2525 3824; x_wconf 78' lang='grc' dir='ltr'>καταδληθεῖσαν</span> <span class='ocrx_word' id='word_1_647' title='bbox 2571 3753 2767 3824; x_wconf 73' lang='grc' dir='ltr'>εὐσεϐῆ</span> <span class='ocrx_word' id='word_1_648' title='bbox 2807 3750 3075 3805; x_wconf 84' lang='grc' dir='ltr'>πολιτείαν</span> <span class='ocrx_word' id='word_1_649' title='bbox 3108 3749 3367 3820; x_wconf 80' lang='grc' dir='ltr'>κηρύξαι·</span> <span class='ocrx_word' id='word_1_650' title='bbox 3404 3746 3590 3801; x_wconf 80' lang='grc' dir='ltr'>αὐτίκα</span> <span class='ocrx_word' id='word_1_651' title='bbox 3613 3742 3652 3796; x_wconf 75' lang='grc' dir='ltr'>δ’</span> 
     </span>
    </p>
   </div>
   <div class='ocr_carea' id='block_1_85' title="bbox 2096 3836 3650 3917">
    <p class='ocr_par' dir='ltr' id='par_1_85' title="bbox 2096 3836 3650 3917">
     <span class='ocr_line' id='line_1_85' title="bbox 2096 3836 3650 3917; baseline -0.007 -18"><span class='ocrx_word' id='word_1_652' title='bbox 2096 3842 2188 3900; x_wconf 78' lang='grc' dir='ltr'><strong>οὖν</strong></span> <span class='ocrx_word' id='word_1_653' title='bbox 2217 3847 2413 3909; x_wconf 76' lang='grc' dir='ltr'>αὐτοὺς</span> <span class='ocrx_word' id='word_1_654' title='bbox 2431 3845 2494 3917; x_wconf 85' lang='grc' dir='ltr'>δὴ</span> <span class='ocrx_word' id='word_1_655' title='bbox 2524 3844 2744 3908; x_wconf 85' lang='grc' dir='ltr'>τούτους</span> <span class='ocrx_word' id='word_1_656' title='bbox 2774 3844 2900 3906; x_wconf 74' lang='grc' dir='ltr'>τοὺς</span> <span class='ocrx_word' id='word_1_657' title='bbox 2922 3842 3229 3914; x_wconf 86' lang='grc' dir='ltr'>γνωρίμους</span> <span class='ocrx_word' id='word_1_658' title='bbox 3258 3841 3352 3893; x_wconf 74' lang='grc' dir='ltr'>καὶ</span> <span class='ocrx_word' id='word_1_659' title='bbox 3382 3836 3650 3898; x_wconf 83' lang='grc' dir='ltr'>θιασώτας,</span> 
     </span>
    </p>
   </div>
   <div class='ocr_carea' id='block_1_86' title="bbox 2096 3930 3651 4009">
    <p class='ocr_par' dir='ltr' id='par_1_86' title="bbox 2096 3930 3651 4009">
     <span class='ocr_line' id='line_1_86' title="bbox 2096 3930 3651 4009; baseline -0.009 -17"><span class='ocrx_word' id='word_1_660' title='bbox 2096 3937 2188 4004; x_wconf 84' lang='grc' dir='ltr'><strong>οὒς</strong></span> <span class='ocrx_word' id='word_1_661' title='bbox 2212 3939 2371 4001; x_wconf 76' lang='grc' dir='ltr'>αὐτὸς</span> <span class='ocrx_word' id='word_1_662' title='bbox 2404 3937 2552 4009; x_wconf 77' lang='grc' dir='ltr'>αὐτῷ</span> <span class='ocrx_word' id='word_1_663' title='bbox 2597 3935 2905 4009; x_wconf 81' lang='grc' dir='ltr'>ἀριστίνδην</span> <span class='ocrx_word' id='word_1_664' title='bbox 2945 3936 3230 4006; x_wconf 80' lang='grc' dir='ltr'>ἐπικρίνας</span> <span class='ocrx_word' id='word_1_665' title='bbox 3257 3930 3576 3992; x_wconf 78' lang='grc' dir='ltr'>ἀποστόλους</span> <span class='ocrx_word' id='word_1_666' title='bbox 3600 3942 3651 3978; x_wconf 84' lang='grc' dir='ltr'><strong>τε</strong></span> 
     </span>
    </p>
   </div>
   <div class='ocr_carea' id='block_1_87' title="bbox 2096 4018 3652 4103">
    <p class='ocr_par' dir='ltr' id='par_1_87' title="bbox 2096 4018 3652 4103">
     <span class='ocr_line' id='line_1_87' title="bbox 2096 4018 3652 4103; baseline -0.008 -17"><span class='ocrx_word' id='word_1_667' title='bbox 2096 4031 2258 4087; x_wconf 81' lang='grc' dir='ltr'>αὑτοῦ</span> <span class='ocrx_word' id='word_1_668' title='bbox 2289 4031 2384 4084; x_wconf 75' lang='grc' dir='ltr'><strong>καὶ</strong></span> <span class='ocrx_word' id='word_1_669' title='bbox 2438 4029 2685 4103; x_wconf 79' lang='grc' dir='ltr'>μαθητὰς</span> <span class='ocrx_word' id='word_1_670' title='bbox 2730 4028 3034 4095; x_wconf 79' lang='grc' dir='ltr'>ἀνελέξατο,</span> <span class='ocrx_word' id='word_1_671' title='bbox 3080 4027 3179 4095; x_wconf 88' lang='grc' dir='ltr'><strong>τῆς</strong></span> <span class='ocrx_word' id='word_1_672' title='bbox 3219 4024 3278 4090; x_wconf 79' lang='grc' dir='ltr'>ἐξ</span> <span class='ocrx_word' id='word_1_673' title='bbox 3319 4023 3480 4079; x_wconf 77' lang='grc' dir='ltr'>αὑτοῦ</span> <span class='ocrx_word' id='word_1_674' title='bbox 3523 4018 3652 4085; x_wconf 75' lang='grc' dir='ltr'>θείας</span> 
     </span>
    </p>
   </div>
   <div class='ocr_carea' id='block_1_88' title="bbox 2096 4107 3653 4194">
    <p class='ocr_par' dir='ltr' id='par_1_88' title="bbox 2096 4107 3653 4194">
     <span class='ocr_line' id='line_1_88' title="bbox 2096 4107 3653 4194; baseline -0.007 -17"><span class='ocrx_word' id='word_1_675' title='bbox 2096 4125 2376 4194; x_wconf 85' lang='grc' dir='ltr'>δυνάμεως</span> <span class='ocrx_word' id='word_1_676' title='bbox 2412 4122 2707 4193; x_wconf 79' lang='grc' dir='ltr'>ἐμπλῆσαι,</span> <span class='ocrx_word' id='word_1_677' title='bbox 2742 4123 2847 4174; x_wconf 84' lang='grc' dir='ltr'>πᾶν</span> <span class='ocrx_word' id='word_1_678' title='bbox 2874 4120 3027 4189; x_wconf 81' lang='grc' dir='ltr'>γένος</span> <span class='ocrx_word' id='word_1_679' title='bbox 3068 4116 3369 4189; x_wconf 82' lang='grc' dir='ltr'>ἀνθρώπων</span> <span class='ocrx_word' id='word_1_680' title='bbox 3402 4107 3653 4180; x_wconf 77' lang='grc' dir='ltr'>ἐκδιδάξαι</span> 
     </span>
    </p>
   </div>
   <div class='ocr_carea' id='block_1_89' title="bbox 2095 4208 3653 4287">
    <p class='ocr_par' dir='ltr' id='par_1_89' title="bbox 2095 4208 3653 4287">
     <span class='ocr_line' id='line_1_89' title="bbox 2095 4208 3653 4287; baseline -0.006 -18"><span class='ocrx_word' id='word_1_681' title='bbox 2095 4217 2195 4287; x_wconf 79' lang='grc' dir='ltr'><strong>τὴν</strong></span> <span class='ocrx_word' id='word_1_682' title='bbox 2252 4214 2389 4287; x_wconf 81' lang='grc' dir='ltr'>πρὸς</span> <span class='ocrx_word' id='word_1_683' title='bbox 2430 4214 2593 4268; x_wconf 80' lang='grc' dir='ltr'>αὐτοῦ</span> <span class='ocrx_word' id='word_1_684' title='bbox 2640 4212 3098 4282; x_wconf 71' lang='grc' dir='ltr'>καταγγελθεῖσαν</span> <span class='ocrx_word' id='word_1_685' title='bbox 3143 4208 3507 4278; x_wconf 78' lang='grc' dir='ltr'>θεογνωσίαν,</span> <span class='ocrx_word' id='word_1_686' title='bbox 3569 4209 3653 4260; x_wconf 71' lang='grc' dir='ltr'><strong>ἕνα</strong></span> 
     </span>
    </p>
   </div>
   <div class='ocr_carea' id='block_1_90' title="bbox 2095 4304 3645 4378">
    <p class='ocr_par' dir='ltr' id='par_1_90' title="bbox 2095 4304 3645 4378">
     <span class='ocr_line' id='line_1_90' title="bbox 2095 4304 3645 4378; baseline -0.005 -16"><span class='ocrx_word' id='word_1_687' title='bbox 2095 4311 2208 4372; x_wconf 88' lang='grc' dir='ltr'>τοῖς</span> <span class='ocrx_word' id='word_1_688' title='bbox 2240 4310 2404 4362; x_wconf 83' lang='grc' dir='ltr'>πᾶσιν</span> <span class='ocrx_word' id='word_1_689' title='bbox 2439 4307 2663 4378; x_wconf 80' lang='grc' dir='ltr'>Ἕλλησί</span> <span class='ocrx_word' id='word_1_690' title='bbox 2700 4325 2759 4360; x_wconf 91' lang='grc' dir='ltr'><strong>τε</strong></span> <span class='ocrx_word' id='word_1_691' title='bbox 2789 4306 2882 4360; x_wconf 74' lang='grc' dir='ltr'><strong>καὶ</strong></span> <span class='ocrx_word' id='word_1_692' title='bbox 2915 4305 3208 4377; x_wconf 76' lang='grc' dir='ltr'>βαρϐάροις</span> <span class='ocrx_word' id='word_1_693' title='bbox 3238 4306 3515 4367; x_wconf 78' lang='grc' dir='ltr'>εὐσεϐείας</span> <span class='ocrx_word' id='word_1_694' title='bbox 3534 4304 3645 4355; x_wconf 81' lang='grc' dir='ltr'>ὑπο·</span> 
     </span>
    </p>
   </div>
   <div class='ocr_carea' id='block_1_91' title="bbox 2099 4394 3650 4472">
    <p class='ocr_par' dir='ltr' id='par_1_91' title="bbox 2099 4394 3650 4472">
     <span class='ocr_line' id='line_1_91' title="bbox 2099 4394 3650 4472; baseline -0.005 -20"><span class='ocrx_word' id='word_1_695' title='bbox 2099 4400 2322 4471; x_wconf 81' lang='grc' dir='ltr'>θέμενος</span> <span class='ocrx_word' id='word_1_696' title='bbox 2348 4399 2567 4472; x_wconf 89' lang='grc' dir='ltr'>τρόπον,</span> <span class='ocrx_word' id='word_1_697' title='bbox 2598 4398 2862 4469; x_wconf 84' lang='grc' dir='ltr'>δαιμόνων</span> <span class='ocrx_word' id='word_1_698' title='bbox 2888 4396 3230 4470; x_wconf 83' lang='grc' dir='ltr'>ἀναχώρησίν</span> <span class='ocrx_word' id='word_1_699' title='bbox 3267 4415 3324 4451; x_wconf 86' lang='grc' dir='ltr'><strong>τε</strong></span> <span class='ocrx_word' id='word_1_700' title='bbox 3354 4398 3446 4451; x_wconf 78' lang='grc' dir='ltr'>καὶ</span> <span class='ocrx_word' id='word_1_701' title='bbox 3474 4394 3650 4465; x_wconf 73' lang='grc' dir='ltr'>φυγὴν,</span> 
     </span>
    </p>
   </div>
   <div class='ocr_carea' id='block_1_92' title="bbox 431 4484 1995 4572">
    <p class='ocr_par' dir='ltr' id='par_1_92' title="bbox 431 4484 1994 4572">
     <span class='ocr_line' id='line_1_92' title="bbox 431 4484 1994 4572; baseline 0.012 -34"><span class='ocrx_word' id='word_1_702' title='bbox 431 4484 711 4540; x_wconf 85' lang='lat' dir='ltr'><strong>hominum</strong></span> <span class='ocrx_word' id='word_1_703' title='bbox 732 4505 902 4559; x_wconf 81' lang='lat' dir='ltr'><strong>genus</strong></span> <span class='ocrx_word' id='word_1_704' title='bbox 929 4492 1207 4558; x_wconf 89' lang='lat' dir='ltr'><strong>docerent,</strong></span> <span class='ocrx_word' id='word_1_705' title='bbox 1247 4512 1410 4572; x_wconf 80' lang='lat' dir='ltr'><strong>unam</strong></span> <span class='ocrx_word' id='word_1_706' title='bbox 1449 4498 1665 4553; x_wconf 87' lang='lat' dir='ltr'><strong>interim</strong></span> <span class='ocrx_word' id='word_1_707' title='bbox 1717 4502 1994 4569; x_wconf 87' lang='lat' dir='ltr'><strong>omnibus,</strong></span> 
     </span>
    </p>
   </div>
   <div class='ocr_carea' id='block_1_93' title="bbox 2097 4484 3650 4572">
    <p class='ocr_par' dir='ltr' id='par_1_93' title="bbox 2101 4486 3650 4562">
     <span class='ocr_line' id='line_1_93' title="bbox 2101 4486 3650 4562; baseline -0.002 -17"><span class='ocrx_word' id='word_1_708' title='bbox 2101 4493 2196 4545; x_wconf 80' lang='grc' dir='ltr'><strong>καὶ</strong></span> <span class='ocrx_word' id='word_1_709' title='bbox 2232 4492 2331 4562; x_wconf 85' lang='grc' dir='ltr'><strong>τῆς</strong></span> <span class='ocrx_word' id='word_1_710' title='bbox 2373 4490 2635 4545; x_wconf 84' lang='grc' dir='ltr'>πολυθὲου</span> <span class='ocrx_word' id='word_1_711' title='bbox 2685 4491 2893 4562; x_wconf 87' lang='grc' dir='ltr'>πλάνης</span> <span class='ocrx_word' id='word_1_712' title='bbox 2927 4491 3230 4554; x_wconf 89' lang='grc' dir='ltr'>ἀνάνευσιν,</span> <span class='ocrx_word' id='word_1_713' title='bbox 3269 4491 3385 4554; x_wconf 80' lang='grc' dir='ltr'>ἑνὸς</span> <span class='ocrx_word' id='word_1_714' title='bbox 3422 4490 3477 4543; x_wconf 83' lang='grc' dir='ltr'>δὲ</span> <span class='ocrx_word' id='word_1_715' title='bbox 3508 4486 3650 4558; x_wconf 79' lang='grc' dir='ltr'>μόνου</span> 
     </span>
    </p>
   </div>
   <div class='ocr_carea' id='block_1_94' title="bbox 429 4578 2002 4661">
    <p class='ocr_par' dir='ltr' id='par_1_94' title="bbox 429 4578 2002 4661">
     <span class='ocr_line' id='line_1_94' title="bbox 429 4578 2002 4661; baseline 0.013 -31"><span class='ocrx_word' id='word_1_716' title='bbox 429 4587 539 4632; x_wconf 91' lang='lat' dir='ltr'><strong>tam</strong></span> <span class='ocrx_word' id='word_1_717' title='bbox 570 4578 776 4638; x_wconf 68' lang='lat' dir='ltr'><strong>Graecis</strong></span> <span class='ocrx_word' id='word_1_718' title='bbox 799 4600 960 4655; x_wconf 87' lang='lat' dir='ltr'><strong>quam</strong></span> <span class='ocrx_word' id='word_1_719' title='bbox 993 4586 1262 4653; x_wconf 87' lang='lat' dir='ltr'><strong>barbaris,</strong></span> <span class='ocrx_word' id='word_1_720' title='bbox 1293 4590 1575 4661; x_wconf 81' lang='lat' dir='ltr'><strong>religionis</strong></span> <span class='ocrx_word' id='word_1_721' title='bbox 1596 4591 1891 4649; x_wconf 90' lang='lat' dir='ltr'><strong>instituens</strong></span> <span class='ocrx_word' id='word_1_722' title='bbox 1915 4610 2002 4649; x_wconf 76' lang='lat' dir='ltr'><strong>ra-</strong></span> 
     </span>
    </p>
   </div>
   <div class='ocr_carea' id='block_1_95' title="bbox 428 4675 1995 4757">
    <p class='ocr_par' dir='ltr' id='par_1_95' title="bbox 428 4675 1995 4757">
     <span class='ocr_line' id='line_1_95' title="bbox 428 4675 1995 4757; baseline 0.011 -31"><span class='ocrx_word' id='word_1_723' title='bbox 428 4675 630 4730; x_wconf 87' lang='lat' dir='ltr'><strong>tionem</strong></span> <span class='ocrx_word' id='word_1_724' title='bbox 658 4696 670 4732; x_wconf 95' lang='lat'>:</span> <span class='ocrx_word' id='word_1_725' title='bbox 700 4693 761 4733; x_wconf 89' lang='lat' dir='ltr'><strong>ea</strong></span> <span class='ocrx_word' id='word_1_726' title='bbox 783 4696 945 4749; x_wconf 91' lang='lat' dir='ltr'><strong>porro</strong></span> <span class='ocrx_word' id='word_1_727' title='bbox 968 4690 1103 4749; x_wconf 87' lang='lat' dir='ltr'><strong>erat,</strong></span> <span class='ocrx_word' id='word_1_728' title='bbox 1124 4693 1181 4737; x_wconf 92' lang='lat' dir='ltr'><strong>ut</strong></span> <span class='ocrx_word' id='word_1_729' title='bbox 1211 4700 1240 4737; x_wconf 91' lang='lat' dir='ltr'><strong>a</strong></span> <span class='ocrx_word' id='word_1_730' title='bbox 1267 4686 1603 4741; x_wconf 70' lang='lat' dir='ltr'><strong>dmmonibus</strong></span> <span class='ocrx_word' id='word_1_731' title='bbox 1628 4689 1817 4757; x_wconf 89' lang='lat' dir='ltr'><strong>procul</strong></span> <span class='ocrx_word' id='word_1_732' title='bbox 1844 4704 1995 4744; x_wconf 88' lang='lat' dir='ltr'><strong>rece-</strong></span> 
     </span>
    </p>
   </div>
   <div class='ocr_carea' id='block_1_96' title="bbox 430 4766 1994 4848">
    <p class='ocr_par' dir='ltr' id='par_1_96' title="bbox 430 4766 1994 4848">
     <span class='ocr_line' id='line_1_96' title="bbox 430 4766 1994 4848; baseline 0.01 -28"><span class='ocrx_word' id='word_1_733' title='bbox 430 4766 639 4830; x_wconf 87' lang='lat' dir='ltr'><strong>derent,</strong></span> <span class='ocrx_word' id='word_1_734' title='bbox 674 4785 879 4840; x_wconf 87' lang='lat' dir='ltr'><strong>eosque</strong></span> <span class='ocrx_word' id='word_1_735' title='bbox 927 4774 1196 4844; x_wconf 80' lang='lat' dir='ltr'><strong>fugerent,</strong></span> <span class='ocrx_word' id='word_1_736' title='bbox 1257 4776 1591 4848; x_wconf 89' lang='lat' dir='ltr'><strong>deorumque</strong></span> <span class='ocrx_word' id='word_1_737' title='bbox 1625 4780 1994 4836; x_wconf 87' lang='lat' dir='ltr'><strong>multitudinis</strong></span> 
     </span>
    </p>
   </div>
   <div class='ocr_carea' id='block_1_97' title="bbox 433 4856 1993 4939">
    <p class='ocr_par' dir='ltr' id='par_1_97' title="bbox 433 4856 1993 4939">
     <span class='ocr_line' id='line_1_97' title="bbox 433 4856 1993 4939; baseline 0.01 -31"><span class='ocrx_word' id='word_1_738' title='bbox 433 4856 699 4913; x_wconf 84' lang='lat' dir='ltr'><strong>fallaciam</strong></span> <span class='ocrx_word' id='word_1_739' title='bbox 727 4861 1081 4929; x_wconf 90' lang='lat' dir='ltr'><strong>declinarent,</strong></span> <span class='ocrx_word' id='word_1_740' title='bbox 1112 4874 1275 4935; x_wconf 89' lang='lat' dir='ltr'><strong>atque</strong></span> <span class='ocrx_word' id='word_1_741' title='bbox 1290 4882 1454 4921; x_wconf 89' lang='lat' dir='ltr'><strong>unum</strong></span> <span class='ocrx_word' id='word_1_742' title='bbox 1484 4870 1658 4923; x_wconf 92' lang='lat' dir='ltr'><strong>solum</strong></span> <span class='ocrx_word' id='word_1_743' title='bbox 1681 4885 1993 4939; x_wconf 91' lang='lat' dir='ltr'><strong>supremum</strong></span> 
     </span>
    </p>
   </div>
   <div class='ocr_carea' id='block_1_98' title="bbox 432 4947 2000 5024">
    <p class='ocr_par' dir='ltr' id='par_1_98' title="bbox 432 4947 2000 5024">
     <span class='ocr_line' id='line_1_98' title="bbox 432 4947 2000 5024; baseline 0.007 -24"><span class='ocrx_word' id='word_1_744' title='bbox 432 4947 598 5006; x_wconf 89' lang='lat' dir='ltr'><strong>Deum</strong></span> <span class='ocrx_word' id='word_1_745' title='bbox 617 4966 741 5005; x_wconf 89' lang='lat' dir='ltr'><strong>vere</strong></span> <span class='ocrx_word' id='word_1_746' title='bbox 769 4964 1162 5022; x_wconf 77' lang='lat' dir='ltr'><strong>cognoscerent</strong></span> <span class='ocrx_word' id='word_1_747' title='bbox 1192 4972 1204 5007; x_wconf 90' lang='lat'>:</span> <span class='ocrx_word' id='word_1_748' title='bbox 1240 4963 1500 5024; x_wconf 74' lang='lat' dir='ltr'><strong>praeterea</strong></span> <span class='ocrx_word' id='word_1_749' title='bbox 1533 4957 1905 5013; x_wconf 84' lang='lat' dir='ltr'><strong>liberationem</strong></span> <span class='ocrx_word' id='word_1_750' title='bbox 1931 4957 2000 5011; x_wconf 90' lang='lat' dir='ltr'><strong>ab</strong></span> 
     </span>
    </p>
   </div>
   <div class='ocr_carea' id='block_1_99' title="bbox 2098 4578 3650 4652">
    <p class='ocr_par' dir='ltr' id='par_1_99' title="bbox 2098 4578 3650 4652">
     <span class='ocr_line' id='line_1_99' title="bbox 2098 4578 3650 4652; baseline -0.004 -18"><span class='ocrx_word' id='word_1_751' title='bbox 2098 4580 2233 4635; x_wconf 83' lang='grc' dir='ltr'>Θεοῦ</span> <span class='ocrx_word' id='word_1_752' title='bbox 2265 4580 2358 4634; x_wconf 79' lang='grc' dir='ltr'>τοῦ</span> <span class='ocrx_word' id='word_1_753' title='bbox 2388 4582 2480 4635; x_wconf 76' lang='grc' dir='ltr'><strong>ἐπὶ</strong></span> <span class='ocrx_word' id='word_1_754' title='bbox 2504 4581 2718 4635; x_wconf 83' lang='grc' dir='ltr'>πάντων</span> <span class='ocrx_word' id='word_1_755' title='bbox 2758 4581 2959 4651; x_wconf 86' lang='grc' dir='ltr'>γνῶσιν</span> <span class='ocrx_word' id='word_1_756' title='bbox 2999 4580 3170 4652; x_wconf 80' lang='grc' dir='ltr'>ἀληθῆ</span> <span class='ocrx_word' id='word_1_757' title='bbox 3207 4578 3650 4652; x_wconf 82' lang='grc' dir='ltr'>προκηρύττοντα,</span> 
     </span>
    </p>
   </div>
   <div class='ocr_carea' id='block_1_100' title="bbox 2096 4670 3653 4746">
    <p class='ocr_par' dir='ltr' id='par_1_100' title="bbox 2096 4670 3653 4746">
     <span class='ocr_line' id='line_1_100' title="bbox 2096 4670 3653 4746; baseline -0.005 -19"><span class='ocrx_word' id='word_1_758' title='bbox 2096 4675 2191 4727; x_wconf 71' lang='lat' dir='ltr'><strong>mi.</strong></span> <span class='ocrx_word' id='word_1_759' title='bbox 2213 4673 2365 4728; x_wconf 89' lang='grc' dir='ltr'>λύσιν</span> <span class='ocrx_word' id='word_1_760' title='bbox 2404 4674 2501 4745; x_wconf 78' lang='grc' dir='ltr'>μὲν</span> <span class='ocrx_word' id='word_1_761' title='bbox 2527 4673 2635 4727; x_wconf 86' lang='grc' dir='ltr'>τῶν</span> <span class='ocrx_word' id='word_1_762' title='bbox 2666 4674 3145 4746; x_wconf 86' lang='grc' dir='ltr'>προηγνοημένων,</span> <span class='ocrx_word' id='word_1_763' title='bbox 3190 4675 3238 4725; x_wconf 86' lang='grc' dir='ltr'><strong>εί</strong></span> <span class='ocrx_word' id='word_1_764' title='bbox 3271 4672 3345 4745; x_wconf 85' lang='grc' dir='ltr'>μὴ</span> <span class='ocrx_word' id='word_1_765' title='bbox 3384 4672 3458 4725; x_wconf 81' lang='grc' dir='ltr'><strong>ἔτ’</strong></span> <span class='ocrx_word' id='word_1_766' title='bbox 3489 4670 3653 4729; x_wconf 77' lang='grc' dir='ltr'>αὐτοῖς</span> 
     </span>
    </p>
   </div>
   <div class='ocr_carea' id='block_1_101' title="bbox 2099 4752 3651 4838">
    <p class='ocr_par' dir='ltr' id='par_1_101' title="bbox 2099 4752 3651 4838">
     <span class='ocr_line' id='line_1_101' title="bbox 2099 4752 3651 4838; baseline -0.005 -19"><span class='ocrx_word' id='word_1_767' title='bbox 2099 4767 2427 4838; x_wconf 80' lang='grc' dir='ltr'>ὲπιμένοιεν,</span> <span class='ocrx_word' id='word_1_768' title='bbox 2477 4767 2604 4837; x_wconf 85' lang='grc' dir='ltr'>μίαν</span> <span class='ocrx_word' id='word_1_769' title='bbox 2640 4766 2697 4819; x_wconf 82' lang='grc' dir='ltr'>δὲ</span> <span class='ocrx_word' id='word_1_770' title='bbox 2747 4768 2860 4828; x_wconf 86' lang='grc' dir='ltr'>τοῖς</span> <span class='ocrx_word' id='word_1_771' title='bbox 2904 4766 3034 4820; x_wconf 81' lang='grc' dir='ltr'>πᾶσι</span> <span class='ocrx_word' id='word_1_772' title='bbox 3072 4764 3345 4836; x_wconf 88' lang='grc' dir='ltr'>σωτηρίας</span> <span class='ocrx_word' id='word_1_773' title='bbox 3385 4760 3566 4815; x_wconf 80' lang='grc' dir='ltr'>ἐλπίδα</span> <span class='ocrx_word' id='word_1_774' title='bbox 3591 4752 3651 4811; x_wconf 76' lang='grc' dir='ltr'><strong>δι’</strong></span> 
     </span>
    </p>
   </div>
   <div class='ocr_carea' id='block_1_102' title="bbox 2096 4851 3649 4931">
    <p class='ocr_par' dir='ltr' id='par_1_102' title="bbox 2096 4851 3649 4931">
     <span class='ocr_line' id='line_1_102' title="bbox 2096 4851 3649 4931; baseline -0.006 -20"><span class='ocrx_word' id='word_1_775' title='bbox 2096 4856 2165 4931; x_wconf 81' lang='grc' dir='ltr'>ἦς</span> <span class='ocrx_word' id='word_1_776' title='bbox 2215 4858 2552 4912; x_wconf 83' lang='grc' dir='ltr'>ὑποτέθειται</span> <span class='ocrx_word' id='word_1_777' title='bbox 2611 4858 2886 4927; x_wconf 79' lang='grc' dir='ltr'>πανσόφου</span> <span class='ocrx_word' id='word_1_778' title='bbox 2927 4859 3022 4911; x_wconf 68' lang='grc' dir='ltr'>καὶ</span> <span class='ocrx_word' id='word_1_779' title='bbox 3058 4856 3357 4928; x_wconf 82' lang='grc' dir='ltr'>παναρέτου</span> <span class='ocrx_word' id='word_1_780' title='bbox 3399 4851 3649 4910; x_wconf 84' lang='grc' dir='ltr'>πολιτείας</span> 
     </span>
    </p>
   </div>
   <div class='ocr_carea' id='block_1_103' title="bbox 2103 4951 2552 5025">
    <p class='ocr_par' dir='ltr' id='par_1_103' title="bbox 2103 4951 2552 5025">
     <span class='ocr_line' id='line_1_103' title="bbox 2103 4951 2552 5025; baseline -0.004 -17"><span class='ocrx_word' id='word_1_781' title='bbox 2103 4951 2361 5025; x_wconf 87' lang='grc' dir='ltr'>ὑπισχνού</span> <span class='ocrx_word' id='word_1_782' title='bbox 2370 4970 2552 5025; x_wconf 89' lang='grc' dir='ltr'>μενον.</span> 
     </span>
    </p>
   </div>
   <div class='ocr_carea' id='block_1_104' title="bbox 431 5035 3651 5140">
    <p class='ocr_par' dir='ltr' id='par_1_104' title="bbox 431 5035 3651 5140">
     <span class='ocr_line' id='line_1_104' title="bbox 431 5035 3651 5140; baseline -0.001 -41"><span class='ocrx_word' id='word_1_783' title='bbox 431 5047 520 5109; x_wconf 91' lang='lat' dir='ltr'><strong>iis,</strong></span> <span class='ocrx_word' id='word_1_784' title='bbox 544 5063 664 5118; x_wconf 66' lang='lat' dir='ltr'><strong>quae</strong></span> <span class='ocrx_word' id='word_1_785' title='bbox 696 5049 848 5118; x_wconf 91' lang='lat' dir='ltr'><strong>prius</strong></span> <span class='ocrx_word' id='word_1_786' title='bbox 882 5049 1196 5119; x_wconf 77' lang='lat' dir='ltr'><strong>ignoranter</strong></span> <span class='ocrx_word' id='word_1_787' title='bbox 1241 5053 1650 5115; x_wconf 88' lang='lat' dir='ltr'><strong>commiserant,</strong></span> <span class='ocrx_word' id='word_1_788' title='bbox 1701 5053 1996 5108; x_wconf 89' lang='lat' dir='ltr'><strong>dummodo</strong></span> <span class='ocrx_word' id='word_1_789' title='bbox 2029 5067 2096 5107; x_wconf 91' lang='lat' dir='ltr'><strong>ne</strong></span> <span class='ocrx_word' id='word_1_790' title='bbox 2126 5052 2182 5105; x_wconf 92' lang='lat' dir='ltr'><strong>in</strong></span> <span class='ocrx_word' id='word_1_791' title='bbox 2204 5051 2394 5107; x_wconf 88' lang='lat' dir='ltr'><strong>iisdem</strong></span> <span class='ocrx_word' id='word_1_792' title='bbox 2448 5057 2899 5117; x_wconf 86' lang='lat' dir='ltr'><strong>perseverarent,</strong></span> <span class='ocrx_word' id='word_1_793' title='bbox 2929 5053 2984 5102; x_wconf 91' lang='lat' dir='ltr'><strong>et</strong></span> <span class='ocrx_word' id='word_1_794' title='bbox 3016 5060 3176 5100; x_wconf 89' lang='lat' dir='ltr'><strong>unam</strong></span> <span class='ocrx_word' id='word_1_795' title='bbox 3208 5043 3461 5097; x_wconf 90' lang='lat' dir='ltr'><strong>omnibus</strong></span> <span class='ocrx_word' id='word_1_796' title='bbox 3518 5035 3651 5140; x_wconf 54' lang='grc' dir='ltr'><strong>ξέξιιι·</strong></span> 
     </span>
    </p>
   </div>
   <div class='ocr_carea' id='block_1_105' title="bbox 430 5130 3651 5218">
    <p class='ocr_par' dir='ltr' id='par_1_105' title="bbox 430 5130 3651 5218">
     <span class='ocr_line' id='line_1_105' title="bbox 430 5130 3651 5218; baseline -0.001 -22"><span class='ocrx_word' id='word_1_797' title='bbox 430 5143 502 5198; x_wconf 91' lang='lat' dir='ltr'><strong>tis</strong></span> <span class='ocrx_word' id='word_1_798' title='bbox 524 5159 693 5213; x_wconf 88' lang='lat' dir='ltr'><strong>spem,</strong></span> <span class='ocrx_word' id='word_1_799' title='bbox 725 5160 820 5215; x_wconf 89' lang='lat' dir='ltr'><strong>per</strong></span> <span class='ocrx_word' id='word_1_800' title='bbox 848 5145 981 5200; x_wconf 90' lang='lat' dir='ltr'><strong>illud</strong></span> <span class='ocrx_word' id='word_1_801' title='bbox 1028 5147 1174 5216; x_wconf 85' lang='lat' dir='ltr'><strong>quod</strong></span> <span class='ocrx_word' id='word_1_802' title='bbox 1193 5147 1309 5217; x_wconf 89' lang='lat' dir='ltr'><strong>ipse</strong></span> <span class='ocrx_word' id='word_1_803' title='bbox 1334 5156 1591 5218; x_wconf 86' lang='lat' dir='ltr'><strong>posuerat</strong></span> <span class='ocrx_word' id='word_1_804' title='bbox 1631 5148 2053 5218; x_wconf 86' lang='lat' dir='ltr'><strong>sapientissime,</strong></span> <span class='ocrx_word' id='word_1_805' title='bbox 2095 5161 2159 5201; x_wconf 91' lang='lat' dir='ltr'><strong>ac</strong></span> <span class='ocrx_word' id='word_1_806' title='bbox 2205 5161 2328 5200; x_wconf 87' lang='lat' dir='ltr'><strong>cum</strong></span> <span class='ocrx_word' id='word_1_807' title='bbox 2373 5143 2520 5198; x_wconf 88' lang='lat' dir='ltr'><strong>omni</strong></span> <span class='ocrx_word' id='word_1_808' title='bbox 2561 5142 2760 5197; x_wconf 82' lang='lat' dir='ltr'><strong>virtute</strong></span> <span class='ocrx_word' id='word_1_809' title='bbox 2801 5141 3011 5196; x_wconf 88' lang='lat' dir='ltr'><strong>vivendi</strong></span> <span class='ocrx_word' id='word_1_810' title='bbox 3072 5140 3399 5201; x_wconf 82' lang='lat' dir='ltr'><strong>institutum,</strong></span> <span class='ocrx_word' id='word_1_811' title='bbox 3451 5130 3651 5204; x_wconf 74' lang='grc' dir='ltr'>ρθιιίεε·</span> 
     </span>
    </p>
   </div>
   <div class='ocr_carea' id='block_1_106' title="bbox 432 5241 610 5295">
    <p class='ocr_par' dir='ltr' id='par_1_106' title="bbox 432 5241 610 5295">
     <span class='ocr_line' id='line_1_106' title="bbox 432 5241 610 5295; baseline -0.011 0"><span class='ocrx_word' id='word_1_812' title='bbox 432 5241 610 5295; x_wconf 88' lang='lat' dir='ltr'><strong>batur.</strong></span> 
     </span>
    </p>
   </div>
   <div class='ocr_carea' id='block_1_107' title="bbox 1147 5336 1288 5393">
    <p class='ocr_par' dir='ltr' id='par_1_107' title="bbox 1147 5336 1288 5393">
     <span class='ocr_line' id='line_1_107' title="bbox 1147 5336 1288 5393; baseline 0.021 -3"><span class='ocrx_word' id='word_1_813' title='bbox 1147 5336 1288 5393; x_wconf 69' lang='lat' dir='ltr'>XIII.</span> 
     </span>
    </p>
   </div>
   <div class='ocr_carea' id='block_1_108' title="bbox 435 5420 1994 5503">
    <p class='ocr_par' dir='ltr' id='par_1_108' title="bbox 435 5420 1994 5503">
     <span class='ocr_line' id='line_1_108' title="bbox 435 5420 1994 5503; baseline 0.008 -30"><span class='ocrx_word' id='word_1_814' title='bbox 435 5420 588 5487; x_wconf 81' lang='lat' dir='ltr'><strong>Quod</strong></span> <span class='ocrx_word' id='word_1_815' title='bbox 612 5424 666 5476; x_wconf 82' lang='lat' dir='ltr'><strong>in</strong></span> <span class='ocrx_word' id='word_1_816' title='bbox 706 5440 769 5503; x_wconf 59' lang='lat' dir='ltr'><strong>ei}</strong></span> <span class='ocrx_word' id='word_1_817' title='bbox 797 5434 1013 5492; x_wconf 83' lang='lat' dir='ltr'><strong>natura,</strong></span> <span class='ocrx_word' id='word_1_818' title='bbox 1038 5445 1155 5497; x_wconf 72' lang='lat' dir='ltr'><strong>qua:</strong></span> <span class='ocrx_word' id='word_1_819' title='bbox 1188 5446 1281 5483; x_wconf 87' lang='lat' dir='ltr'><strong>nec</strong></span> <span class='ocrx_word' id='word_1_820' title='bbox 1309 5433 1423 5498; x_wconf 78' lang='lat' dir='ltr'><strong>pati</strong></span> <span class='ocrx_word' id='word_1_821' title='bbox 1453 5472 1468 5493; x_wconf 89' lang='lat'><strong>,</strong></span> <span class='ocrx_word' id='word_1_822' title='bbox 1505 5449 1595 5486; x_wconf 82' lang='lat' dir='ltr'><strong>nec</strong></span> <span class='ocrx_word' id='word_1_823' title='bbox 1626 5433 1750 5487; x_wconf 79' lang='lat' dir='ltr'><strong>la&#39;di</strong></span> <span class='ocrx_word' id='word_1_824' title='bbox 1801 5442 1994 5503; x_wconf 79' lang='lat' dir='ltr'><strong>potest,</strong></span> 
     </span>
    </p>
   </div>
   <div class='ocr_carea' id='block_1_109' title="bbox 503 5496 1999 5575">
    <p class='ocr_par' dir='ltr' id='par_1_109' title="bbox 503 5496 1999 5575">
     <span class='ocr_line' id='line_1_109' title="bbox 503 5496 1999 5575; baseline 0.008 -31"><span class='ocrx_word' id='word_1_825' title='bbox 503 5509 719 5575; x_wconf 55' lang='lat' dir='ltr'><strong>qua’qqe</strong></span> <span class='ocrx_word' id='word_1_826' title='bbox 740 5496 1057 5575; x_wconf 60' lang='lat' dir='ltr'><strong>incorporea</strong></span> <span class='ocrx_word' id='word_1_827' title='bbox 1072 5510 1146 5552; x_wconf 80' lang='lat' dir='ltr'><strong>est</strong></span> <span class='ocrx_word' id='word_1_828' title='bbox 1169 5496 1534 5569; x_wconf 66' lang='lat' dir='ltr'><strong>permanserit,</strong></span> <span class='ocrx_word' id='word_1_829' title='bbox 1562 5505 1719 5557; x_wconf 77' lang='lat' dir='ltr'><strong>etiam</strong></span> <span class='ocrx_word' id='word_1_830' title='bbox 1748 5496 1848 5575; x_wconf 74' lang='lat' dir='ltr'><strong>quo</strong></span> <span class='ocrx_word' id='word_1_831' title='bbox 1872 5515 1999 5557; x_wconf 78' lang='lat' dir='ltr'><strong>tem-</strong></span> 
     </span>
    </p>
   </div>
   <div class='ocr_carea' id='block_1_110' title="bbox 504 5564 1142 5631">
    <p class='ocr_par' dir='ltr' id='par_1_110' title="bbox 504 5564 1142 5631">
     <span class='ocr_line' id='line_1_110' title="bbox 504 5564 1142 5631; baseline 0.014 -17"><span class='ocrx_word' id='word_1_832' title='bbox 504 5578 634 5631; x_wconf 71' lang='lat' dir='ltr'><strong>pore</strong></span> <span class='ocrx_word' id='word_1_833' title='bbox 662 5564 834 5631; x_wconf 76' lang='lat' dir='ltr'><strong>factus</strong></span> <span class='ocrx_word' id='word_1_834' title='bbox 864 5577 939 5619; x_wconf 74' lang='lat' dir='ltr'><strong>est</strong></span> <span class='ocrx_word' id='word_1_835' title='bbox 969 5568 1142 5623; x_wconf 81' lang='lat' dir='ltr'><strong>homo.</strong></span> 
     </span>
    </p>
   </div>
   <div class='ocr_carea' id='block_1_111' title="bbox 509 5655 2002 5734">
    <p class='ocr_par' dir='ltr' id='par_1_111' title="bbox 509 5655 2002 5734">
     <span class='ocr_line' id='line_1_111' title="bbox 509 5655 2002 5734; baseline 0.008 -28"><span class='ocrx_word' id='word_1_836' title='bbox 509 5655 644 5707; x_wconf 76' lang='lat' dir='ltr'><strong>(lum</strong></span> <span class='ocrx_word' id='word_1_837' title='bbox 678 5655 847 5722; x_wconf 74' lang='lat' dir='ltr'><strong>igitur</strong></span> <span class='ocrx_word' id='word_1_838' title='bbox 893 5656 1008 5711; x_wconf 72' lang='lat' dir='ltr'><strong>haec</strong></span> <span class='ocrx_word' id='word_1_839' title='bbox 1039 5660 1112 5712; x_wconf 88' lang='lat' dir='ltr'><strong>ita</strong></span> <span class='ocrx_word' id='word_1_840' title='bbox 1150 5676 1207 5714; x_wconf 88' lang='lat' dir='ltr'><strong>se</strong></span> <span class='ocrx_word' id='word_1_841' title='bbox 1236 5660 1506 5729; x_wconf 82' lang='lat' dir='ltr'><strong>habeant,</strong></span> <span class='ocrx_word' id='word_1_842' title='bbox 1551 5678 1660 5718; x_wconf 90' lang='lat' dir='ltr'><strong>non</strong></span> <span class='ocrx_word' id='word_1_843' title='bbox 1707 5673 1921 5734; x_wconf 80' lang='lat' dir='ltr'><strong>Oportet</strong></span> <span class='ocrx_word' id='word_1_844' title='bbox 1951 5670 2002 5718; x_wconf 92' lang='lat' dir='ltr'><strong>te</strong></span> 
     </span>
    </p>
   </div>
   <div class='ocr_carea' id='block_1_112' title="bbox 516 5766 1881 5843">
    <p class='ocr_par' dir='ltr' id='par_1_112' title="bbox 516 5766 1881 5843">
     <span class='ocr_line' id='line_1_112' title="bbox 516 5766 1881 5843; baseline 0.009 -22"><span class='ocrx_word' id='word_1_845' title='bbox 516 5766 558 5798; x_wconf 78' lang='lat'><strong>“</strong></span> <span class='ocrx_word' id='word_1_846' title='bbox 594 5767 693 5823; x_wconf 79' lang='lat' dir='ltr'><strong>Isa.</strong></span> <span class='ocrx_word' id='word_1_847' title='bbox 728 5787 851 5836; x_wconf 76' lang='lat' dir='ltr'><strong>xxv,</strong></span> <span class='ocrx_word' id='word_1_848' title='bbox 887 5772 950 5836; x_wconf 84' lang='lat'><strong>8;</strong></span> <span class='ocrx_word' id='word_1_849' title='bbox 984 5772 1105 5827; x_wconf 81' lang='lat' dir='ltr'><strong>Osc.</strong></span> <span class='ocrx_word' id='word_1_850' title='bbox 1145 5791 1262 5841; x_wconf 75' lang='lat' dir='ltr'><strong>xm,</strong></span> <span class='ocrx_word' id='word_1_851' title='bbox 1302 5776 1381 5832; x_wconf 70' lang='grc' dir='ltr'><strong>Μ.</strong></span> <span class='ocrx_word' id='word_1_852' title='bbox 1462 5777 1500 5809; x_wconf 84' lang='grc'>¹¹</span> <span class='ocrx_word' id='word_1_853' title='bbox 1532 5777 1637 5833; x_wconf 88' lang='lat' dir='ltr'><strong>lsa.</strong></span> <span class='ocrx_word' id='word_1_854' title='bbox 1673 5795 1793 5843; x_wconf 79' lang='lat' dir='ltr'><strong>xxv,</strong></span> <span class='ocrx_word' id='word_1_855' title='bbox 1830 5781 1881 5835; x_wconf 88' lang='lat'><strong>8.</strong></span> 
     </span>
    </p>
   </div>
   <div class='ocr_carea' id='block_1_113' title="bbox 2840 5327 2938 5380">
    <p class='ocr_par' dir='ltr' id='par_1_113' title="bbox 2840 5327 2938 5380">
     <span class='ocr_line' id='line_1_113' title="bbox 2840 5327 2938 5380; baseline 0.01 -2"><span class='ocrx_word' id='word_1_856' title='bbox 2840 5327 2938 5380; x_wconf 70' lang='lat' dir='ltr'>II&quot;.</span> 
     </span>
    </p>
   </div>
   <div class='ocr_carea' id='block_1_114' title="bbox 2096 5405 3649 5483">
    <p class='ocr_par' dir='ltr' id='par_1_114' title="bbox 2096 5405 3649 5483">
     <span class='ocr_line' id='line_1_114' title="bbox 2096 5405 3649 5483; baseline -0.009 -9"><span class='ocrx_word' id='word_1_857' title='bbox 2096 5421 2192 5474; x_wconf 80' lang='lat' dir='ltr'>II&quot;.</span> <span class='ocrx_word' id='word_1_858' title='bbox 2246 5418 2341 5483; x_wconf 81' lang='grc' dir='ltr'>Ὠς</span> <span class='ocrx_word' id='word_1_859' title='bbox 2372 5416 2628 5483; x_wconf 77' lang='grc' dir='ltr'>ἀπαθὴς,</span> <span class='ocrx_word' id='word_1_860' title='bbox 2662 5419 2759 5470; x_wconf 77' lang='grc' dir='ltr'>καὶ</span> <span class='ocrx_word' id='word_1_861' title='bbox 2783 5417 3068 5483; x_wconf 75' lang='grc' dir='ltr'>ἀϐλαϐὴς,</span> <span class='ocrx_word' id='word_1_862' title='bbox 3094 5417 3190 5470; x_wconf 79' lang='grc' dir='ltr'>καὶ</span> <span class='ocrx_word' id='word_1_863' title='bbox 3218 5413 3519 5482; x_wconf 82' lang='grc' dir='ltr'>ἀσώματος</span> <span class='ocrx_word' id='word_1_864' title='bbox 3548 5405 3649 5461; x_wconf 67' lang='grc' dir='ltr'>διέ-</span> 
     </span>
    </p>
   </div>
   <div class='ocr_carea' id='block_1_115' title="bbox 2284 5484 3470 5558">
    <p class='ocr_par' dir='ltr' id='par_1_115' title="bbox 2284 5484 3470 5558">
     <span class='ocr_line' id='line_1_115' title="bbox 2284 5484 3470 5558; baseline -0.005 -17"><span class='ocrx_word' id='word_1_865' title='bbox 2284 5505 2450 5558; x_wconf 84' lang='grc' dir='ltr'>μεινε</span> <span class='ocrx_word' id='word_1_866' title='bbox 2478 5488 2576 5541; x_wconf 78' lang='grc' dir='ltr'>καὶ</span> <span class='ocrx_word' id='word_1_867' title='bbox 2605 5489 2730 5542; x_wconf 85' lang='grc' dir='ltr'>καθ’</span> <span class='ocrx_word' id='word_1_868' title='bbox 2760 5487 2830 5541; x_wconf 83' lang='grc' dir='ltr'><strong>ὃν</strong></span> <span class='ocrx_word' id='word_1_869' title='bbox 2858 5485 3218 5556; x_wconf 77' lang='grc' dir='ltr'>ἐνηνθρὼπει</span> <span class='ocrx_word' id='word_1_870' title='bbox 3253 5484 3470 5552; x_wconf 75' lang='grc' dir='ltr'>καιρόν.</span> 
     </span>
    </p>
   </div>
   <div class='ocr_carea' id='block_1_116' title="bbox 2174 5647 3646 5735">
    <p class='ocr_par' dir='ltr' id='par_1_116' title="bbox 2174 5647 3646 5735">
     <span class='ocr_line' id='line_1_116' title="bbox 2174 5647 3646 5735; baseline -0.011 -17"><span class='ocrx_word' id='word_1_871' title='bbox 2174 5663 2330 5718; x_wconf 77' lang='grc' dir='ltr'>Οὕτω</span> <span class='ocrx_word' id='word_1_872' title='bbox 2361 5663 2425 5733; x_wconf 66' lang='grc' dir='ltr'>δὴ</span> <span class='ocrx_word' id='word_1_873' title='bbox 2461 5663 2666 5717; x_wconf 85' lang='grc' dir='ltr'>τούτων</span> <span class='ocrx_word' id='word_1_874' title='bbox 2705 5661 2955 5735; x_wconf 79' lang='grc' dir='ltr'>ἐχόντων,</span> <span class='ocrx_word' id='word_1_875' title='bbox 2995 5665 3053 5715; x_wconf 82' lang='grc' dir='ltr'><strong>ού</strong></span> <span class='ocrx_word' id='word_1_876' title='bbox 3094 5662 3174 5716; x_wconf 89' lang='grc' dir='ltr'><strong>δεῖ</strong></span> <span class='ocrx_word' id='word_1_877' title='bbox 3204 5647 3646 5733; x_wconf 68' lang='grc' dir='ltr'>ταράττεσθαιτδν</span> 
     </span>
    </p>
   </div>
   <div class='ocr_carea' id='block_1_117' title="bbox 1966 5779 2446 5845">
    <p class='ocr_par' dir='ltr' id='par_1_117' title="bbox 1966 5779 2446 5845">
     <span class='ocr_line' id='line_1_117' title="bbox 1966 5779 2446 5845; baseline -0.008 -10"><span class='ocrx_word' id='word_1_878' title='bbox 1966 5781 2003 5810; x_wconf 77' lang='grc'><strong>³³</strong></span> <span class='ocrx_word' id='word_1_879' title='bbox 2037 5779 2140 5835; x_wconf 89' lang='lat' dir='ltr'><strong>Osc</strong></span> <span class='ocrx_word' id='word_1_880' title='bbox 2200 5795 2317 5845; x_wconf 73' lang='lat' dir='ltr'><strong>xm,</strong></span> <span class='ocrx_word' id='word_1_881' title='bbox 2364 5779 2446 5832; x_wconf 69' lang='lat' dir='ltr'><strong>l4.</strong></span> 
     </span>
    </p>
   </div>
  </div>
