3880 6256
221 338 320 396 285

1155 346 1811 403 DEMONSTRATIONIS
1851 344 2309 403 EVANCELICE
2349 347 2480 405 LIB.
2523 347 2611 406 IV.

3375 349 3481 403 285

231 460 369 523 νοῦν,
400 460 625 530 γένεσιν
653 464 753 519 καὶ
778 464 953 536 σῶμα,
980 464 1074 518 καὶ
1099 464 1267 535 πάθη,
1299 465 1394 520 καὶ
1424 464 1653 519 θάνατον
1681 466 1801 539 περὶ

1906 466 2088 522 animo
2100 467 2427 537 perturbari,
2449 468 2664 523 tametsi
2676 477 2729 523 et
2741 480 2943 531 ortum,
2960 474 3016 525 et
3030 482 3250 538 corpus,
3266 474 3317 521 et
3333 465 3480 520 dolo-

236 555 319 611 τὺν
341 552 499 607 άῦλον
539 556 641 608 καὶ
682 555 974 626 ἀσώματον
1000 554 1093 609 τοῦ
1124 555 1258 609 Θεοῦ
1305 557 1474 625 Λόγον
1524 557 1806 611 ἀκούοντα.

252 646 334 710 Ὠς
355 645 462 717 γὰρ
506 646 623 700 οὐδ’
668 647 892 719 ἡλιακοῦ
934 648 1110 719 φωτὸς
1151 648 1368 702 πάθοιέν
1411 666 1466 702 τι
1505 650 1718 714 ἀκτῖνες
1741 649 1810 703 τὰ

247 739 411 792 πάντα
442 738 775 809 πληροῦσαι,
803 741 897 795 καὶ
929 741 1194 812 σωμάτων
1226 741 1455 812 νεκρῶν,
1493 743 1587 795 καί
1617 744 1676 796 οὐ
1711 761 1810 797 κα-

253 829 421 901 θαρῶν
470 831 881 903 ὲεραπτόμεναι·
914 833 1046 887 πολὺ
1096 832 1257 887 πλέον
1295 837 1327 903 ἡ
1372 833 1660 904 ἀσώματος
1711 834 1806 888 τοῦ

247 920 372 974 θεοῦ
400 920 630 992 δύναμις
658 923 769 975 οὔτ’
792 924 857 977 ἂν
881 923 1041 977 πάθοι
1066 922 1163 994 τὴν
1184 923 1390 989 οὐσίαν,
1431 922 1542 977 οὔτ’
1577 926 1644 979 ἂν
1682 925 1807 996 βλα-

248 1013 379 1082 Εείη,
417 1011 529 1065 οὔτ’
574 1014 641 1067 ἂν
683 1015 878 1085 χείρων
912 1015 1041 1070 ποτὲ
1076 1015 1272 1086 ἑαυτῆς
1293 1015 1518 1085 γένοιτο,
1557 1016 1804 1087 σώματος

248 1104 539 1175 ἀσωμάτως
574 1106 929 1178 ἐπαρωμένη.
979 1108 1044 1160 Τί
1100 1107 1242 1178 γάρ;
1282 1108 1402 1179 οὐχὶ
1443 1109 1535 1162 καὶ
1568 1109 1690 1180 δίχα
1710 1109 1803 1162 τοῦ

248 1196 362 1250 καθ’
386 1196 412 1248 ὅ
437 1196 771 1269 ὲνηνθρώπει
798 1197 1068 1269 σώματος,
1095 1200 1180 1253 ἀεὶ
1204 1201 1298 1253 καὶ
1324 1199 1410 1253 διά
1432 1202 1629 1263 παντὸς
1656 1202 1803 1271 ἥκων

245 1287 450 1360 δι’ὃλης
485 1288 588 1358 τῆς
621 1289 731 1342 τῶν
763 1291 1058 1361 στοιχείων,
1103 1292 1198 1345 καὶ
1235 1291 1412 1345 αὐτῶν
1453 1292 1516 1364 δὴ
1561 1292 1669 1346 τῶν
1700 1309 1803 1346 σω-

249 1378 421 1448 μάτων
443 1377 592 1450 ῦλης,
622 1373 710 1433 οἷά
745 1397 825 1443 τις
867 1380 1001 1434 Θεοῦ
1034 1381 1191 1451 λόγος
1220 1382 1294 1437 ῶν
1331 1383 1676 1454 δημιουργὸς,
1700 1385 1800 1455 τῆς

242 1469 301 1536 ἐξ
332 1469 485 1522 αὑτοῦ
521 1471 711 1539 σοφίας
750 1472 808 1524 ὲν
845 1471 983 1543 αὐτῇ
1016 1472 1144 1535 τοὺς
1187 1472 1374 1542 λόγους
1401 1473 1803 1544 ἀποσφραγίζε-

241 1577 347 1625 ται,
386 1560 461 1631 τῷ
497 1562 597 1632 μὲν
635 1561 826 1634 ἀψύχῳ
879 1562 1043 1633 ζωὴν,
1090 1562 1169 1634 τῷ
1211 1565 1268 1617 δὲ
1298 1565 1531 1637 ἀμόρφῳ
1564 1565 1677 1618 ὄντι
1707 1566 1801 1620 καὶ

241 1657 399 1714 ἀειδεῖ
416 1655 512 1727 τὴν
541 1656 724 1726 φύσιν,
759 1659 971 1730 μορφὴν
1003 1659 1528 1730 ἑναποτυπούμενος,
1558 1659 1626 1712 τά
1654 1676 1711 1711 τε
1742 1659 1800 1712 ἐν

239 1749 376 1821 αύτῷ
396 1750 564 1821 κάλλη
604 1751 699 1804 καί⁵
725 1750 825 1815 τὰς
868 1752 1194 1823 ἀσωμάτους
1235 1752 1376 1816 ἰδέας
1408 1754 1525 1817 ταῖς
1547 1752 1657 1805 τῶν
1690 1769 1796 1805 σω-

1910 572 2019 617 res,
2043 565 2099 612 et
2117 566 2367 622 mortem,
2399 557 2467 614 de
2488 559 2727 614 materiai
2742 560 2949 627 experti
2966 568 3126 631 atque
3155 558 3478 627 incorporeo

1913 647 2072 718 168
2089 645 2182 702 Dei
2203 645 2378 703 Verbo
2390 648 2566 703 audis.
2593 646 2661 701 Ut
2692 649 2836 703 enim
2859 650 3056 705 solaris
3075 647 3293 703 luminis
3314 646 3474 711 radii,

1909 742 2036 795 licet
2058 741 2241 795 omnia
2262 741 2592 812 compleant,
2618 751 2669 796 et
2691 757 2918 813 corpora
2936 750 3147 797 mortua
3175 739 3479 797 sordentia-

1906 848 2012 901 que
2040 833 2329 903 attingant,
2364 833 2465 903 ipsi
2495 840 2675 887 tamen
2709 833 2844 887 nihil
2879 834 3177 903 patiuntur,
3207 832 3287 886 sic
3310 832 3476 885 etiam

1907 924 2188 992 multoque
2238 923 2412 993 magis
2466 921 2558 977 Dei
2610 924 2696 978 vis
2734 924 3057 993 incorporea
3108 932 3317 977 natura:
3359 936 3475 975 sua:

1906 1012 2113 1066 nullum
2174 1028 2351 1083 neque
2402 1013 2810 1068 incommodum
2860 1030 3035 1083 neque
3084 1022 3471 1068 nocumentum

1906 1105 2154 1175 accipiet,
2184 1121 2360 1177 neque
2391 1121 2629 1177 unquam
2662 1107 2841 1177 seipsa
2874 1104 3114 1160 deterior
3146 1105 3256 1167 ﬁet,
3277 1119 3469 1173 quam-

1904 1196 1988 1251 vis
2023 1196 2347 1267 incorporea
2401 1198 2637 1267 quadam
2687 1199 2899 1253 ratione
2962 1212 3165 1266 corpus
3213 1199 3471 1266 attingat.

1904 1286 2045 1353 Quid
2074 1288 2220 1343 enim
2245 1289 2370 1343 ?An
2401 1304 2513 1344 non
2543 1290 2748 1359 absque
2787 1304 2853 1344 eo
2880 1289 2934 1344 in
2964 1305 3074 1359 quo
3097 1289 3259 1343 homo
3291 1287 3472 1344 factus

1902 1387 1987 1433 est
2014 1392 2265 1449 corpore,
2300 1394 2514 1451 semper
2546 1389 2710 1452 atque
2737 1396 3127 1453 usquequaque
3169 1396 3267 1451 per
3299 1388 3473 1435 totam

1900 1470 2294 1525 elementorum
2320 1470 2670 1544 ipsorumque
2684 1474 2843 1545 plane
2862 1488 3153 1544 corporum
3186 1472 3470 1527 materiam

1899 1570 2212 1632 penetrans,
2235 1574 2491 1634 tanquam
2508 1565 2571 1621 .is
2598 1567 2690 1635 qui
2708 1564 2800 1620 Dei
2824 1567 2895 1620 sit
2918 1565 3056 1619 ratio
3087 1563 3330 1634 quaedam
3353 1562 3474 1633 epi-

1900 1652 1986 1708 l‘ex
2017 1654 2299 1724 sapientia:
2329 1669 2451 1724 qua:
2481 1655 2552 1710 ab
2594 1655 2717 1726 ipso
2746 1655 3138 1725 proﬁciscitur,
3168 1654 3224 1707 in
3257 1667 3322 1708 ea
3350 1651 3469 1722 ipsa

1899 1744 2138 1800 rationes
2168 1752 2222 1800 et
2244 1744 2449 1800 claudit
2496 1753 2550 1801 et
2593 1747 2808 1817 signat?
2838 1747 2966 1801 dum
3004 1747 3257 1803 videlicet
3285 1744 3471 1798 inani-

242 1843 413 1913 μάτων
446 1842 724 1913 ποιότησιν
769 1845 1294 1916 ὲναποματτόμενος,
1338 1845 1501 1899 κινῶν
1536 1845 1591 1898 δὲ
1615 1845 1683 1898 τά
1717 1844 1794 1916 τῷ

1898 1838 2003 1892 mis
2025 1838 2214 1905 vitam,
2245 1838 2572 1894 informibus
2603 1856 2730 1896 vero
2760 1848 2816 1896 et
2839 1841 3045 1894 nullam
3100 1847 3313 1893 natura:
3343 1853 3469 1909 spe-

236 1933 408 2004 οξκείῳ
434 1933 576 2004 λόγῳ
622 1935 804 2005 ἄψυχα
841 1937 935 1989 καὶ
973 1936 1223 2006 ἀκίνητα,
1259 1936 1384 2006 γῆν,
1428 1935 1592 2007 ὕδωρ,
1633 1936 1789 2008 ἀέρα,

239 2020 360 2091 πῦρ,
402 2021 671 2091 πάνσοφόν
705 2039 823 2075 τινα
877 2023 969 2077 καὶ
1014 2025 1380 2096 παναρμόνιον
1423 2025 1656 2096 κίνησιν,
1699 2028 1793 2081 καὶ

234 2113 302 2165 τά
330 2113 493 2167 πάντα
524 2112 584 2177 ἐξ
620 2114 890 2185 ἀκοσμίας
924 2115 1163 2185 κοσμῶν,
1197 2113 1374 2182 αὔξων
1416 2132 1476 2169 τε
1513 2117 1608 2170 καὶ
1644 2115 1793 2170 τελε-

234 2205 502 2275 σιωργῶν,
530 2206 667 2277 αὐτῇ
703 2222 763 2258 τε
801 2206 966 2276 ἐνθέῳ
990 2207 1084 2260 καὶ
1116 2206 1306 2277 λογικῇ
1337 2207 1563 2279 δυνάμει
1603 2225 1792 2279 μονον-

232 2296 345 2365 ουχί
382 2294 548 2348 ἐπιὼν
591 2296 660 2348 τά
690 2296 887 2358 πάντα,
925 2295 1020 2349 καὶ
1047 2296 1134 2349 διὰ
1164 2297 1378 2350 πάντων
1413 2296 1606 2368 χωρῶν
1658 2297 1792 2350 πάν-

228 2403 331 2439 των
358 2403 412 2439 τε
444 2387 841 2458 ἐφαπτόμενος,
886 2387 999 2441 ἀλλ’
1030 2386 1148 2441 οὔτι
1189 2404 1253 2457 γε
1302 2387 1505 2459 βλάϐην
1547 2392 1611 2443 ὲκ
1645 2389 1790 2455 τινὸς

228 2478 568 2549 ἑπαγόμενος,
621 2478 741 2532 οὐδὲ
789 2478 885 2550 τὴν
928 2479 1089 2549 φύσιν
1151 2480 1321 2551 αὐτὴν
1387 2480 1784 2551 μολυνόμενος;

227 2570 359 2625 οῦτω
383 2571 443 2644 δὴ
475 2572 544 2625 τά
577 2572 719 2626 κατὰ
747 2571 917 2625 ταῦτα
940 2573 1035 2625 καὶ
1056 2575 1115 2625 ὲν
1148 2571 1454 2643 ἀνθρώποις
1478 2574 1784 2645 γενόμενος,

228 2659 381 2713 πάλαι
423 2661 520 2732 μὲν
561 2658 788 2733 βραχέσι
828 2663 923 2715 καὶ
957 2660 1173 2734 ἀριθμῷ
1209 2662 1455 2733 ληπτοῖς,
1511 2662 1693 2727 μόνοις
1730 2664 1786 2718 δὲ

225 2752 329 2812 τοῖς
355 2750 720 2823 ἀναγράπτοις
757 2752 1063 2822 προφήταις
1098 2767 1157 2803 τε
1198 2751 1290 2803 καὶ
1316 2751 1540 2815 δικαίοις
1591 2752 1790 2823 ἀνδρά-

228 2857 327 2906 σιν,
352 2841 535 2896 ἄλλοτε
561 2843 736 2907 ἄλλως
760 2843 1028 2913 ἐφαίνετο,
1069 2844 1161 2898 ἐπὶ
1192 2824 1334 2897 τέλει
1377 2844 1433 2897 δὲ
1464 2847 1576 2910 τοῖς
1621 2847 1786 2899 πᾶσιν

225 2935 338 3003 ήδη,
362 2934 582 3004 φαύλοις
608 2953 668 2989 τε
691 2937 786 2989 καὶ
812 2936 1082 3002 ἀσεϐέσιν,
1124 2937 1394 3007 Ἑϐραίοις
1422 2954 1480 2990 τε
1517 2935 1650 3008 ὁμοῦ
1690 2930 1785 2991 καὶ

226 3024 435 3097 Ἕλλησι
475 3027 542 3080 δι’
592 3027 1036 3099 ὑπερϐάλλουσαν
1077 3028 1171 3082 τοῦ
1214 3028 1528 3097 παναγάθου
1570 3026 1784 3100 Πατρὸς

222 3120 547 3191 χρηστότητα
593 3123 688 3175 καὶ¹
730 3121 1134 3194 φιλανθρωπίαν
1193 3122 1539 3195 εὐεργετικὸν
1592 3122 1784 3178 ἑαυτὸν

222 3212 307 3263 καί
334 3215 595 3284 σωτήριον
619 3212 929 3285 παρείχετο,
958 3213 1252 3285 διαρρήδην
1281 3213 1440 3268 τοῦτο
1471 3215 1785 3287 προκηρύτ-

218 3317 351 3360 των.
389 3324 406 3355 ι
439 3305 516 3358 Οὐ
552 3304 735 3375 χρείαν
772 3304 985 3374 ἔχουσιν
1016 3306 1064 3357 οἰ
1113 3304 1385 3374 ἰσχύοντες
1413 3305 1618 3375 ἰατροῦ,
1648 3304 1786 3358 ἀλλά

218 3394 265 3447 οἰ
290 3413 465 3460 κακως
495 3395 731 3466 ἔχοντες
760 3397 863 3449 οὐκ
906 3393 1069 3467 ἦλθον
1112 3395 1336 3449 καλέσαι
1367 3395 1627 3460 δικαίους,
1668 3395 1783 3450 ἀλλ’

216 3485 558 3557 ἁμαρτωλοὺς
590 3488 671 3551 εἰς
700 3488 1005 3557 μετάνοιαν.
1039 3505 1057 3537 ι
1096 3486 1310 3540 Ἐκάλει
1337 3486 1473 3557 δῆτα
1511 3490 1540 3541 ὁ
1566 3488 1783 3541 πάντων

217 3575 412 3649 Σωτὴρ,
451 3597 470 3629 ‹
502 3578 690 3645 Δεῦτε,
716 3578 908 3646 λέγων,
939 3578 1074 3648 πρὸς
1104 3578 1171 3648 μὲ
1194 3577 1392 3641 πάντες
1415 3578 1464 3631 οἱ
1488 3576 1783 3643 κοπιῶντες

215 3668 305 3721 καὶ
339 3669 782 3741 πφορτισμένοι,
821 3667 977 3737 κάγὼ
1017 3668 1317 3722 ἀναπαύσω
1341 3671 1503 3740 ὑμᾶς·
1547 3690 1565 3722 ι
1598 3671 1781 3725 ἐκάλει

213 3759 301 3812 καὶ
339 3761 452 3813 ἰᾶτο
494 3759 845 3829 ἀφθόνως’δι⁹
888 3761 1141 3833 ὀργάνου,
1186 3755 1246 3815 οὗ
1281 3760 1652 3833 προύϐέϐλητο
1684 3764 1782 3815 ἀν-

214 3852 492 3923 θρωπίνου,
527 3849 618 3906 οἷά
658 3870 740 3916 τις
782 3854 1040 3924 μουσικὸς
1074 3854 1213 3926 ἀνὴρ
1236 3854 1325 3907 διά
1354 3853 1454 3925 τῆς
1482 3853 1652 3924 λύρας
1681 3855 1780 3926 τὴν

214 3945 392 4014 σοφίαν
446 3944 926 4014 ἐπιδεικνύμενος,
991 3945 1086 4000 καὶ
1137 3944 1420 4008 νοσούσαις
1462 3962 1525 4014 γε
1580 3945 1781 4015 ψυχαῖς

209 4039 320 4101 ταῖς
338 4038 393 4089 ὲν
416 4037 684 4109 σώμασιν,
705 4031 795 4091 οἷά
818 4056 899 4102 τις
930 4022 1129 4110 ἰατρῶν
1155 4039 1394 4109 ἄριστος,
1417 4040 1669 4105 συγγενεῖ
1687 4039 1779 4090 καὶ

210 4130 514 4201 καταλλήλῳ
589 4128 894 4201 βοηθήματι
966 4130 1059 4184 τὸν
1136 4129 1423 4201 ἄνθρωπον
1490 4129 1653 4192 αὐτός
1718 4146 1777 4181 τε

212 4219 386 4274 ἑαυτὸν
411 4221 717 4291 ὑπόδειγμα
751 4220 915 4291 σοφοῦ
942 4222 1035 4275 καί
1068 4221 1369 4293 παναρέτου
1405 4221 1499 4275 καὶ
1522 4221 1777 4286 εὐσεϐοῦς

213 4314 488 4385 παρείχετο
534 4314 648 4383 βίου
673 4354 687 4377 ,
743 4313 1007 4367 διδάσκων
1061 4314 1160 4385 μὲν
1208 4314 1275 4367 τά
1313 4314 1486 4385 ἀληθῆ
1536 4315 1595 4368 ού
1646 4314 1775 4385 παρ’

212 4403 399 4475 ἑτέρων
456 4390 837 4478 ὴρανισμέναξ
893 4406 952 4473 ἐξ
1010 4406 1180 4460 αὑτοῦ
1223 4407 1280 4460 δὲ
1321 4409 1415 4461 καὶ
1469 4407 1620 4479 παρά
1679 4406 1773 4460 τοῦ

1896 1930 2035 1986 ciem
2091 1931 2420 1988 habentibus
2444 1973 2460 1999 ,
2497 1933 2731 1987 formam
2772 1933 3109 2003 ﬁguramque
3165 1931 3465 2000 imprimit;

1894 2043 2144 2099 quasque
2170 2028 2225 2082 in
2257 2043 2316 2084 se
2341 2028 2504 2084 habet
2535 2029 2981 2099 pulchritudines
3005 2029 3469 2097 incorporeasque

1892 2120 2124 2188 species,
2154 2134 2443 2190 corporum
2466 2120 2822 2191 qualitatibus
2856 2120 3146 2183 immiscet,
3176 2127 3469 2189 movetque

1891 2225 1956 2264 ea
1985 2225 2107 2281 quae
2158 2226 2259 2266 sua
2289 2211 2533 2281 ipsorum
2572 2211 2786 2266 ratione
2838 2211 3079 2265 inanima
3134 2208 3470 2279 immotaque

1892 2311 2040 2368 sunt,
2081 2309 2304 2366 terram,
2340 2318 2558 2374 aquam,
2588 2319 2792 2372 aerem,
2825 2303 3027 2373 ignem,
3061 2302 3468 2372 sapientissimo

1890 2395 2125 2464 quodam
2153 2396 2410 2465 omnique
2441 2397 2809 2450 concinnitate
2840 2393 3043 2449 referto
3075 2404 3224 2448 motu
3256 2412 3270 2459 ;
3300 2402 3466 2463 atque

1890 2485 2107 2539 ordinat
2135 2487 2319 2541 omnia
2350 2501 2689 2558 quaecunque
2736 2487 3044 2541 inordinata
3069 2494 3218 2549 sunt,
3244 2485 3464 2540 eadem-

1890 2593 1993 2646 que
2016 2585 2175 2649 auget
2205 2593 2268 2631 ac
2300 2578 2513 2649 perlicit
2548 2595 2563 2644 ;
2602 2593 2667 2634 ac
2698 2592 2798 2633 sua
2821 2577 2995 2648 ipsius
3018 2576 3200 2631 divina
3229 2576 3466 2630 rationa-

1890 2670 2035 2739 lique
2071 2671 2269 2725 virtute
2299 2671 2509 2725 accedit
2542 2671 2609 2725 ad
2641 2669 2824 2724 omnia
2861 2683 2924 2723 ac
2955 2684 3050 2739 per
3082 2668 3266 2723 omnia
3298 2682 3464 2736 pene-

1888 2769 2018 2823 trat,
2080 2761 2375 2830 omniaque
2425 2761 2863 2831 attingit,neque
2914 2766 3094 2813 tamen
3148 2757 3464 2813 nocumenti

1888 2853 2185 2924 quidquam
2215 2868 2281 2907 ex
2315 2850 2503 2907 earum
2553 2867 2736 2906 rerum
2784 2851 2966 2921 aliqua
3015 2850 3226 2911 trahit,
3286 2864 3464 2918 neque

1886 2959 2041 2999 suam
2069 2944 2242 3013 ipsius
2274 2951 2526 2997 naturam
2560 2941 2914 3011 coinquinat?
2947 2940 3146 2996 Eadem
3172 2943 3352 3009 itaque
3378 2948 3464 2992 est

1886 3034 2048 3098 ratio,
2081 3034 2211 3087 dum
2242 3033 2408 3087 etiam
2436 3033 2579 3087 inter
2609 3032 2860 3086 homines
2894 3031 3062 3102 degit.
3090 3030 3214 3084 illos
3237 3027 3460 3098 quidem

1885 3130 2044 3176 antea
2080 3137 2286 3193 paucos
2317 3131 2370 3177 et
2403 3122 2794 3183 numerabiles,
2843 3121 2991 3176 solos
3027 3121 3216 3191 utique
3248 3135 3364 3182 eos,
3392 3118 3464 3174 de

1887 3215 2086 3285 quibus
2114 3214 2380 3284 scriptum
2413 3224 2516 3277 est,
2538 3214 2830 3283 prophetas
2854 3214 3144 3283 justosque
3170 3214 3341 3276 viros,
3365 3212 3460 3268 iis-

1884 3323 1992 3377 que
2021 3307 2158 3363 alias
2209 3307 2369 3361 aliter
2397 3321 2457 3362 se
2489 3306 2729 3361 ostendit
2760 3326 2773 3359 :
2832 3296 3130 3361 novissime
3165 3321 3296 3360 vero
3342 3305 3459 3375 jam
3534 3376 3545 3385 _

1883 3399 2140 3454 omnibus
2170 3399 2329 3453 malis
2357 3399 2650 3468 impiisque
2681 3405 2735 3452 et
2767 3396 3006 3452 Hebraeis
3034 3397 3194 3451 simul
3226 3404 3279 3449 et
3310 3396 3463 3452 (ἔτει

1883 3490 1985 3553 eis,
2010 3507 2076 3545 ex
2111 3491 2411 3544 abundanti
2440 3490 2632 3559 Optimi
2674 3489 2853 3560 Patris
2888 3489 3132 3544 bonitate
3164 3503 3462 3559 altioreque

1882 3597 2011 3652 erga
2053 3582 2325 3645 homines,
2376 3581 2703 3637 beneﬁcium
2750 3581 2992 3649 seipsum
3050 3581 3460 3649 salutaremque

1887 3672 2146 3737 exhibet,
2195 3673 2358 3742 plane
2388 3673 2495 3727 hoc
2530 3672 2708 3741 ipsum
2737 3687 2802 3726 ac
2836 3672 3053 3742 publice
3099 3672 3454 3727 denuntians.

1887 3780 1907 3813 ι
1949 3760 2067 3816 Non
2096 3762 2360 3832 indigent,
2392 3762 2598 3831 inquit,
2649 3762 2786 3817 bene
2814 3762 3059 3816 valentes
3090 3760 3324 3823 medico,
3359 3762 3455 3814 sed

1880 3856 2022 3910 male
2051 3855 2314 3911 habentes
2349 3872 2364 3910 :
2402 3871 2511 3910 non
2543 3856 2668 3910 veni
2700 3863 2757 3910 ut
2803 3869 3055 3909 vocarem
3106 3854 3289 3924 justos
3312 3894 3327 3919 ,
3359 3853 3457 3909 sed

1882 3954 2198 4016 peccatores
2228 3947 2295 4001 ad
2327 3946 2707 4016 pmnitentiam
2741 3948 2807 4003 ¹³.
2840 3966 2858 3999 ι
2888 3944 3130 4000 Vocabat
3157 3961 3289 4016 ergo
3332 3944 3456 4001 Sal-

1880 4045 2033 4090 vator
2063 4036 2304 4092 omnium
2331 4036 2521 4091 dicens
2560 4050 2574 4088 :
2609 4052 2626 4085 ι
2658 4032 2851 4090 Venite
2890 4038 2956 4087 ad
2998 4050 3105 4098 me,
3137 4048 3329 4088 omnes
3361 4032 3454 4103 qui

1880 4129 2141 4184 laboratis
2170 4138 2224 4183 et
2262 4129 2473 4183 onerati
2513 4128 2670 4196 estis,
2710 4136 2764 4181 et
2791 4142 2891 4198 ego
2916 4125 3154 4181 reﬁciam
3192 4140 3287 4180 vos
3322 4123 3386 4179 “.
3430 4143 3451 4175 ι

1882 4219 2126 4274 Vocahat
2152 4234 2214 4273 ac
2246 4218 2474 4273 sanabat
2517 4218 2843 4280 liberaliter,
2869 4232 2966 4286 per
2994 4216 3126 4270 illud
3155 4215 3454 4269 humanum

1880 4313 2305 4367 instrumentum
2340 4311 2485 4380 quod
2517 4327 2629 4380 prae
2665 4327 2724 4365 se
2744 4309 2971 4373 ferebat,
3005 4308 3174 4363 veluti
3221 4307 3448 4378 quidam

1878 4405 2125 4460 musicus
2154 4405 2257 4467 vir,
2290 4404 2383 4474 qui
2415 4420 2512 4474 per
2534 4405 2705 4475 lyram
2724 4415 2886 4473 quam
2923 4402 2994 4456 sit
3019 4402 3214 4457 doctus
3260 4411 3454 4457 osten~

212 4494 407 4566 Πατρδς
464 4496 535 4550 τά
596 4497 764 4551 πάλαι
816 4498 910 4550 καὶ
967 4499 1033 4552 ὲκ
1078 4497 1289 4569 μακροῦ
1316 4498 1407 4552 τοῦ
1443 4498 1634 4563 αἰῶνος
1663 4501 1775 4562 τοῖς

1888 4497 1976 4560 dit,
2012 4513 2114 4552 nec
2141 4514 2250 4552 non
2272 4497 2664 4569 aegrotantibus
2677 4498 2876 4551 animis
2897 4496 2986 4555 iis,
3021 4509 3142 4564 qua:
3171 4494 3226 4547 in
3257 4508 3455 4562 corpo-

214 4585 458 4640 ἀνέκαθεν
485 4585 755 4654 θεοφιλέσι
782 4587 875 4639 καὶ
914 4590 1025 4651 τοῖς
1055 4588 1161 4659 πρὸ
1195 4587 1473 4651 Μωῦσέως
1506 4587 1774 4659 Ἑϐραίοις

214 4675 682 4746 νενομοθετημένα.
728 4676 1005 4747 Σωμάτων
1051 4677 1107 4730 δὲ
1150 4677 1246 4747 οὐχ
1295 4674 1457 4748 ἦττον
1504 4676 1537 4748 ἢ
1584 4677 1773 4748 ψυχῶν

215 4769 588 4839 ἐπιμελόμενος
607 4808 622 4831 ,
661 4769 756 4823 καὶ
794 4772 1075 4841 σαρκικοῖς
1112 4771 1208 4841 μὲν
1238 4769 1541 4841 ἀνθρώπων
1571 4768 1772 4839 ὀφθαλ-

222 4863 324 4927 μοῖς
342 4859 407 4914 τά
428 4860 516 4914 διὰ
539 4860 641 4930 τῆς
663 4859 863 4931 σαρκὸς
886 4861 1037 4932 αὐτῷ
1059 4859 1311 4932 δρώμενα
1337 4859 1768 4931 παρασκευάζων

218 4950 349 5021 όρᾷν.
376 4952 564 5014 ἀκοαῖς
602 4950 658 5003 δὲ
700 4949 860 5004 πάλιν
904 4952 1106 5021 σαρκὸς
1139 4951 1239 5015 τὰς
1277 4950 1364 5005 διὰ
1393 4949 1640 5021 γλώττης
1675 4952 1770 5004 καὶ

221 5043 395 5113 σαρκὸς
425 5040 651 5114 ὑπηχῶν
681 5041 1049 5107 διδασκαλίας,
1083 5044 1179 5097 καὶ
1211 5043 1388 5096 πάντα
1413 5059 1476 5111 γε
1510 5042 1771 5097 ἐπιτελῶν

220 5132 275 5184 δι’
304 5126 359 5186 οὗ
385 5135 672 5205 ἀνείληφεν
702 5133 990 5206 ἀνθρώπου
1011 5174 1027 5197 ,
1063 5138 1176 5199 τοῖς
1206 5137 1306 5190 οὐκ
1335 5135 1508 5198 ἄλλως
1531 5135 1564 5207 ἢ
1598 5137 1774 5206 μόνως

219 5222 366 5289 οὕτως
387 5228 483 5298 τῆς
506 5225 676 5281 αὑτοῦ
708 5226 981 5298 θειότητος
1015 5227 1394 5281 συναισθέσθαι
1427 5228 1765 5299 δυναμένοις.

219 5317 377 5374 Ταῦτα
416 5322 479 5391 δὴ
516 5316 613 5375 οὖν
657 5321 874 5374 ἅπαντα
919 5324 999 5382 εἰς
1030 5320 1091 5373 τὸ
1123 5322 1423 5391 χρήσιμον,
1464 5326 1558 5375 καὶ
1603 5323 1769 5375 πᾶσιν

216 5413 325 5481 ἡμῖν
346 5413 618 5485 ὠφέλιμον
640 5414 671 5465 ὁ
699 5413 877 5466 πάντα
902 5412 1280 5485 φιλάνθρωπος
1307 5414 1400 5469 τοῦ
1431 5413 1563 5468 Θεοῦ
1597 5415 1769 5483 Λόγος

214 5509 311 5572 ταῖς
340 5509 635 5580 πατρικαῖς
666 5504 881 5575 βουλαῖς
908 5505 1206 5577 διηκονεῖτο
1224 5547 1238 5571 ,
1272 5507 1450 5578 μένων
1480 5507 1642 5562 πάλιν
1671 5508 1769 5560 αύ-

211 5596 282 5663 τὸς
307 5599 463 5665 ἆῦλος
506 5597 607 5652 καὶ
641 5592 934 5665 ἀσώματος
952 5636 968 5661 ,
1011 5592 1121 5660 οἶος
1163 5597 1259 5650 καί
1286 5596 1485 5670 προτοῦ
1515 5596 1666 5670 παρά
1692 5597 1770 5669 τῷ

263 5782 298 5814 ⁸³
327 5781 458 5837 Luc.
500 5799 555 5847 ν,
587 5779 683 5847 5i,
716 5778 805 5833 52.
889 5778 929 5811 “
962 5777 1149 5835 Matth.
1182 5795 1258 5842 Kl.
1288 5778 1378 5834 28.

1875 4589 2029 4645 ribus
2044 4590 2311 4660 degebant
2340 4589 2508 4644 veluti
2533 4588 2774 4659 optimus
2802 4586 3022 4657 quidam
3038 4584 3451 4649 medicus,dum

1871 4690 2099 4750 cognata
2112 4683 2543 4751 congruentique
2558 4696 2658 4750 ope
2676 4682 2852 4750 ipsum
2867 4678 3139 4733 hominem
3154 4677 3349 4742 curat,i
3357 4690 3455 4746 pse

1874 4775 2117 4844 seipsum
2157 4776 2435 4843 exemplar
2457 4756 2619 4827 omni'
2662 4770 2930 4840 sapientia
2958 4769 3215 4837 omnique
3248 4767 3452 4821 virtute

1872 4866 2089 4921 referta:
2104 4867 2225 4921 vita:
2242 4863 2881 4936 praabehat,docebatque
2903 4860 3120 4916 interim
3138 4859 3447 4922 veritatem,

1881 4956 2041 5027 169
2058 4972 2166 5011 non
2201 4970 2364 5026 quam
2396 4956 2464 5010 ab
2507 4954 2630 5009 aliis
2654 4953 3025 5022 compilasset,
3060 4951 3153 5005 sed
3180 4964 3300 5005 eam
3329 4962 3453 5018 qua

1876 5059 1931 5103 et
1962 5065 1990 5103 a
2024 5048 2208 5119 seipso
2253 5055 2308 5102 et
2337 5063 2368 5102 a
2400 5048 2579 5111 Patre,
2627 5045 2824 5117 priscis
2868 5046 2999 5110 illis,
3034 5048 3128 5114 qui
3163 5053 3269 5096 tam
3306 5042 3452 5096 mul-

1880 5143 1951 5199 tis
2008 5151 2136 5199 ante
2179 5144 2396 5199 sazculis
2451 5157 2482 5196 a
2521 5149 2712 5197 nostra
2754 5147 2913 5195 aetate
2943 5138 3135 5209 procul
3177 5136 3447 5200 vixerant,

1876 5232 1969 5289 Dei
1993 5235 2206 5296 amicis,
2234 5235 2328 5304 qui
2356 5243 2479 5288 ante
2509 5232 2713 5287 Mosem
2741 5230 3044 5285 ﬂoruerunt
3068 5226 3330 5290 Hebraeis,
3357 5241 3450 5280 ve-

1876 5321 1975 5374 luti
2021 5324 2105 5376 lex
2152 5321 2399 5391 quaedam
2437 5320 2685 5392 exposita
2733 5330 2919 5375 esset:
2964 5325 3017 5374 et
3055 5331 3285 5387 corpora
3328 5316 3448 5385 ipsa

1874 5431 1984 5469 non
2019 5416 2203 5469 minus
2240 5415 2467 5469 curabat
2512 5429 2673 5485 quam
2721 5413 2933 5467 animas
2964 5432 2977 5466 :
3008 5425 3132 5465 nam
3166 5408 3448 5478 corporeis

1875 5506 2095 5576 quidem
2135 5507 2420 5561 hominum
2466 5507 2665 5571 oculis,
2705 5520 2825 5576 qua:
2850 5520 2946 5575 per
2985 5518 3186 5572 corpus
3229 5501 3299 5555 ab
3329 5500 3448 5569 ipso

1875 5598 2099 5663 ﬁebant,
2135 5597 2395 5653 intuenda
2426 5596 2800 5669 comparabat,
2828 5608 3129 5664 rursusque
3169 5595 3448 5662 corporeis
