3880 6256
438 337 549 393 287

1110 336 1382 394 susse"
1421 336 1905 396 CIESARIENSIS
1939 337 2091 395 opp.
2130 336 2333 394 PARS.
2375 335 2415 391 ι.
2455 368 2526 378 -
2560 310 3062 395 APOLOGETICA.

3558 339 3661 394 2&8

446 454 670 510 auribus
697 454 1021 521 doctrinam,
1046 470 1142 525 per
1172 471 1491 527 corpoream
1540 459 1726 514 itidem
1765 458 2001 529 linguam

2108 455 2284 527 Πατρὶ
2308 450 2399 527 ἦν,
2421 452 2548 508 οὔτε
2592 451 2910 527 μεταϐαλὼν
2946 454 3045 526 τὴν
3078 451 3294 516 οὐσίαν,
3331 451 3437 505 οὐδ’
3468 454 3663 523 ἀφανι-

444 544 754 608 insonabat,
815 559 917 599 nec
972 560 1083 600 non
1132 547 1313 601 omnia
1377 547 1694 618 perﬁciebat
1740 563 1838 619 per
1882 563 2008 603 eum

440 650 605 704 quem
649 644 1022 704 assumpserat
1081 636 1395 705 hominem,
1448 638 1518 694 iis
1546 639 1641 708 qui
1695 653 1803 692 non
1853 637 2008 692 aliter

443 739 605 793 quam
643 723 724 778 sic
752 724 1017 779 duntaxat
1044 727 1219 796 ipsius
1247 726 1586 783 divinitatem
1615 728 1821 784 sentire
1857 736 2009 799 pote-

442 822 585 868 rant.
631 813 754 870 Haec
788 831 1025 888 namque
1052 819 1235 873 omnia
1284 818 1350 873 ad
1397 835 1557 874 usum
1604 826 1770 891 atque
1800 820 2009 874 utilita-

441 922 550 962 tem
571 909 816 963 omnium
842 920 1111 974 nostrum,
1139 911 1432 967 humanum
1454 928 1627 983 genus
1648 913 1796 967 omni
1819 928 2009 983 prose-

440 1015 615 1068 quens
642 1016 827 1056 amore
858 1001 952 1056 Dei
990 1000 1251 1066 Verbum,
1297 1005 1536 1074 paternis
1565 1005 1812 1061 consiliis
1835 1003 2007 1058 admi-

441 1091 732 1159 nistrabat,
775 1091 890 1162 ipse
923 1093 1138 1146 interim
1184 1110 1377 1149 rursus
1425 1104 1479 1150 et
1517 1095 1758 1150 materia:
1787 1110 2004 1164 expers,

443 1189 498 1236 et
544 1182 898 1250 incorporeus
943 1198 1190 1249 manens,
1236 1184 1543 1253 cuiusmodi
1585 1185 1750 1240 etiam
1798 1186 2005 1256 pridem

448 1272 591 1341 apud
624 1269 840 1324 Patrem
867 1278 1004 1335 erat,
1030 1288 1205 1341 neque
1236 1281 1455 1329 mutans
1481 1276 1795 1343 essentiam,
1829 1291 2007 1345 neque

446 1363 702 1434 perdens,
745 1361 890 1433 quod
929 1378 1043 1417 suae
1086 1363 1260 1433 ipsius
1295 1371 1507 1418 naturae
1539 1366 1820 1435 proprium
1864 1375 2003 1432 erat,

445 1470 621 1525 neque
654 1470 783 1509 vero
831 1462 924 1508 aut
966 1456 1214 1525 corporis
1258 1456 1491 1511 vinculis
1543 1454 1871 1527 impeditus,
1914 1468 2009 1514 aut

441 1562 471 1600 a
512 1561 611 1601 sua
644 1546 926 1601 divinitate
968 1545 1234 1616 dejectus,
1275 1562 1339 1602 ac
1376 1564 1446 1604 ne
1485 1548 1841 1605 domesticam
1879 1552 2005 1622 qui-

438 1640 561 1697 dem
593 1640 754 1696 Verbi
787 1649 1108 1712 potestatem
1143 1644 1420 1707 amittens,
1452 1642 1548 1700 sed
1584 1661 1762 1716 neque
1793 1646 1882 1709 iis,
1911 1646 2006 1717 qui

436 1733 553 1786 illic
577 1733 795 1803 quidem
822 1732 912 1787 ubi
941 1733 1043 1803 ipsi
1081 1733 1378 1788 humanum
1415 1749 1510 1789 vas
1547 1736 1756 1800 aderat,
1788 1735 2007 1806 degeret

2106 545 2254 611 σθεὶς
2289 547 2389 617 τῆς
2421 545 2613 600 ἐαυτοῦ
2664 545 2826 610 αὐτὸς
2865 544 3111 614 φύσεως,
3156 543 3276 597 οὐδέ
3320 559 3385 613 γε
3427 544 3542 607 τοῖς
3571 544 3663 614 τῆς

2106 638 2307 709 σαρκὸς
2332 637 2548 708 δεσμοῖς
2580 637 2834 709 πεδηθεὶς
2852 676 2868 699 ,
2894 635 3015 690 οὐδὲ
3044 633 3334 688 ἀποπεσὼν
3358 635 3456 706 τῆς
3482 633 3665 705 θεότη-

2102 745 2227 792 τος,
2263 729 2377 781 ἀλλ’
2406 728 2527 781 οὐδὲ
2563 727 2662 799 τὴν
2705 727 2912 781 οἰκείαν
2959 724 3054 779 τοῦ
3085 725 3257 793 Λόγου
3292 723 3666 796 παραπολέσας

2102 817 2331 889 δύναμιν
2350 858 2365 882 ,
2410 818 2520 872 οὐδ’
2551 812 2653 873 ὧδε
2705 819 2802 890 μὲν
2834 817 2961 871 ἔνθα
2987 813 3055 889 ἦν
3089 815 3235 888 αὐτῷ
3275 815 3337 870 τὸ
3367 814 3665 889 ἀνθρώπιον

2108 910 2300 974 σκεῦος
2326 910 2424 973 τὰς
2455 908 2736 981 διατριϐὰς
2769 908 3105 978 ποιούμενος,
3132 909 3190 960 ἐν
3218 905 3423 978 ἐτέροις
3452 905 3510 958 δὲ
3532 901 3664 960 εἶναι

2103 1001 2197 1054 τοῦ
2230 1001 2430 1064 παντὸς
2461 998 2854 1071 κεκωλυμένος.
2904 999 3062 1052 Ἀλλά
3089 998 3196 1068 γὰρ
3222 996 3316 1051 καὶ
3351 998 3409 1050 ἐν
3447 996 3528 1068 τῷ
3550 997 3666 1053 τότε

2106 1090 2208 1145 καθ
2227 1092 2240 1113 ’
2261 1091 2289 1145 ὃ
2310 1095 2367 1145 ἐν
2396 1090 2698 1165 ἀνθρώποις
2728 1091 3082 1156 ἐπολιτεύετο,
3105 1090 3176 1144 τά
3205 1090 3379 1145 πάντα
3410 1089 3664 1161 ἐπλήρου,

2105 1183 2198 1237 καὶ
2236 1181 2315 1253 τῷ
2345 1182 2523 1254 Πατρὶ
2566 1182 2764 1253 συνῆν,
2802 1183 2897 1236 καὶ
2940 1185 2996 1235 ἐν
3028 1181 3174 1253 αὐτῷ
3210 1198 3274 1251 γε
3303 1176 3400 1253 ἦν,
3435 1181 3533 1235 καὶ
3562 1182 3665 1235 τῶν

2105 1275 2321 1329 πάντων
2351 1274 2559 1347 ἀθρόως
2596 1276 2688 1328 καὶ
2722 1277 2781 1329 ἐν
2811 1274 2887 1346 τῷ
2912 1276 3030 1328 τότε
3061 1275 3170 1329 τῶν
3193 1291 3254 1328 τε
3289 1275 3407 1328 κατ’
3444 1273 3667 1346 οὐρανὸν

2104 1367 2198 1421 καὶ
2224 1367 2317 1420 ἐπὶ
2348 1366 2450 1437 γῆς
2478 1366 2789 1437 ἐπεμέλετο.
2808 1366 3055 1437 οὐδαμῶς
3076 1368 3173 1438 τῆς
3199 1366 3506 1437 πανταχόσε
3533 1382 3668 1438 παρ-

2106 1459 2292 1524 ουσίας
2346 1459 2545 1530 ὁμοίως
2582 1462 2714 1531 ἡμῖν
2748 1460 3266 1530 ἀποκεκλεισμένος,
3310 1458 3429 1513 οὺδέ
3462 1457 3532 1512 τὰ
3560 1457 3670 1512 θεῖα

2104 1552 2361 1623 πράττειν
2414 1550 2658 1622 συνήθως
2701 1550 3229 1623 παραποδιζόμενος·
3271 1551 3408 1606 ἀλλά
3454 1550 3527 1604 τὰ
3577 1550 3669 1623 μὲν

2104 1642 2165 1708 ἐξ
2191 1641 2355 1696 αὑτοῦ
2392 1642 2705 1713 μεταδιδοὺς
2731 1641 2808 1713 τῷ
2831 1640 3136 1713 ἀνθρώπῳ,
3164 1641 3233 1695 τά
3260 1641 3306 1694 δ’
3336 1643 3401 1694 ἐκ
3430 1640 3523 1693 τοῦ
3550 1640 3670 1712 θνη-

2107 1730 2201 1784 τοῦ
2231 1731 2305 1802 μὴ
2343 1730 2755 1802 ἀντιλαμϐάνων
2773 1748 2786 1761 ⁸
2815 1731 2906 1784 καὶ
2933 1732 3030 1802 τῆς
3063 1731 3161 1802 μὲν
3186 1730 3370 1785 ἐνθέου
3399 1730 3670 1800 δυνάμεως

436 1831 674 1890 tantum,
716 1825 769 1878 in
811 1824 934 1879 aliis
968 1841 1097 1880 vero
1132 1826 1373 1882 universi
1419 1829 1668 1897 partibus
1710 1843 1832 1885 esse
1871 1843 2001 1896 pro-

2103 1820 2181 1893 τῷ
2209 1820 2387 1893 θνητῷ
2421 1821 2671 1893 χορηγῶν
2691 1862 2706 1889 ,
2741 1823 2839 1894 τῆς
2864 1822 2921 1875 δὲ
2952 1823 3017 1875 ἐκ
3044 1823 3137 1876 τοῦ
3167 1821 3361 1894 θνητοῦ
3391 1822 3668 1893 μετουσίας

436 1914 732 1970 biberetur.
772 1914 984 1973 Etenim
1010 1926 1139 1974 tunc
1176 1936 1396 1991 quoque
1433 1935 1557 1974 cum
1583 1921 1727 1976 inter
1754 1921 2004 1976 homines

435 2007 776 2071 versabatur,
812 2009 1169 2067 nihilominus
1219 2012 1403 2066 omnia
1428 2012 1756 2081 complebat,
1786 2013 2004 2068 interim

434 2105 638 2151 et.cum
666 2098 826 2155 Patre
847 2110 902 2156 et
931 2101 986 2156 in
1019 2101 1179 2158 Patre
1201 2103 1342 2159 idem
1375 2113 1515 2169 erat,
1551 2113 1605 2159 et
1633 2104 1877 2158 omnium
1916 2120 2007 2161 re-

436 2204 557 2242 rum
608 2192 811 2260 pariter
860 2193 916 2248 in
962 2194 1154 2250 eodem
1216 2204 1478 2266 tempore,
1539 2205 1650 2251 tam
1695 2197 2000 2253 cwlestium

432 2296 596 2351 quam
623 2284 966 2339 terrestrium
1004 2300 1194 2340 curam
1220 2288 1477 2357 gerebat;
1508 2303 1782 2357 nusquam
1815 2287 1883 2342 ab
1907 2288 2002 2342 illa

435 2374 746 2442 praesentia,
798 2390 906 2444 qua
957 2378 1173 2432 cunctis
1208 2378 1372 2433 rebus
1414 2378 1568 2434 adest
1615 2386 1807 2433 nostro
1850 2394 2003 2435 more

429 2463 708 2525 exclusus,
738 2479 915 2534 neque
945 2464 1152 2529 divina,
1189 2482 1257 2522 ne
1287 2477 1471 2539 ageret
1499 2483 1649 2524 more
1671 2484 1794 2533 suo,
1830 2469 2004 2540 impe—

430 2552 601 2616 ditus,
651 2553 747 2608 sed
785 2555 877 2609 illa
913 2556 1133 2626 quidem
1165 2572 1197 2612 a
1236 2558 1418 2628 seipse
1449 2560 1866 2617 communicatis
1901 2562 2003 2616 ho-

429 2644 585 2708 mini,
622 2644 736 2700 haec
756 2661 887 2701 vero
916 2661 946 2700 a
985 2650 1203 2704 mortali
1236 2650 1353 2720 ipse
1390 2666 1498 2705 non
1536 2652 1829 2723 accipiens.
1865 2652 1999 2712 ltem

429 2735 646 2789 mortali
669 2736 890 2806 quidem
916 2738 1024 2791 vim
1049 2740 1289 2794 divinam
1316 2742 1694 2812 suppeditans,
1727 2759 1757 2798 a
1782 2746 2000 2800 mortali

430 2838 560 2877 vero
592 2824 708 2895 ipse
740 2841 849 2881 non
879 2830 1070 2882 cuntra
1102 2829 1156 2882 in
1182 2838 1390 2899 partem
1424 2839 1519 2886 aut
1547 2835 1998 2891 communitatem

431 2915 721 2972 adductus.
750 2917 935 2989 Neque
963 2920 1131 2989 igitur
1161 2922 1212 2975 in
1240 2933 1397 2992 partu
1429 2939 1461 2978 a
1504 2940 1733 2996 corpore
1761 2927 1879 2997 ipse
1918 2928 2001 2983 in-

429 3023 730 3079 corporeus
773 3012 1184 3082 inquinabatur,
1227 3030 1404 3086 neque
1447 3017 1576 3071 item
1619 3019 1710 3089 qui
1759 3019 1999 3089 paﬁbilis

428 3109 639 3155 natura:
675 3117 871 3172 expers
908 3110 1048 3168 erat,
1092 3106 1297 3175 aliquid
1347 3122 1379 3161 a
1434 3111 1649 3164 mortali
1694 3112 1996 3166 secundum

427 3194 721 3248 essentiam
772 3195 1099 3264 patiebatur.
1149 3197 1284 3252 Nam
1340 3214 1552 3269 neque,
1600 3203 1749 3257 verbi
1800 3203 1997 3275 gratia,

358 3358 371 3369 ³
427 3285 562 3341 dum
593 3285 704 3357 lyra
758 3290 1028 3358 pulsatur,
1088 3304 1181 3346 aut
1228 3293 1381 3347 nervi
1433 3296 1834 3360 convelluntur,
1886 3299 1996 3369 pati

426 3377 723 3435 verisimile
771 3390 856 3437 est
893 3398 1015 3437 eum
1059 3385 1154 3454 qui
1203 3385 1277 3439 ita
1319 3387 1602 3456 praeludit;
1648 3404 1826 3459 neque
1870 3391 1998 3445 dum

406 3464 733 3542 'cujuspiam
764 3475 865 3529 viri
889 3477 1152 3547 sapientis
1184 3493 1383 3549 corpus
1412 3489 1716 3552 torquetur,
1740 3484 1888 3540 illius
1911 3500 2001 3539 sa-

427 3562 709 3632 pientiam,
734 3578 829 3622 aut
857 3585 1019 3638 quam
1048 3570 1100 3624 in
1133 3586 1364 3641 corpore
1386 3575 1526 3644 gerit
1560 3577 1821 3641 animam,
1860 3576 1998 3631 caedi

426 3662 522 3710 aut
552 3659 731 3726 puniri
769 3663 964 3715 merito
993 3661 1175 3717 dicere
1208 3679 1502 3733 possumus
1528 3686 1544 3721 :
1569 3670 1758 3722 eadem
1788 3668 2000 3724 ratione

426 3750 763 3821 neutiquam,
794 3756 1072 3825 multoque
1105 3757 1269 3810 etiam
1306 3757 1510 3823 minus,
1542 3759 1688 3830 quod
1716 3759 1875 3816 Verbi
1906 3769 2001 3816 aut

427 3848 644 3907 natura,
681 3852 775 3897 aut
800 3845 907 3908 vis,
947 3847 1256 3903 detrimenti
1286 3850 1562 3920 quidpiam
1596 3867 1663 3907 ex
1694 3853 1852 3923 170
1875 3868 1999 3909 cor-

426 3937 578 4003 poris
618 3935 997 3994 all‘ectionibus
1042 3940 1246 4004 trahat,
1276 3940 1545 3997 allirmare
1584 3958 1682 4013 par
1729 3955 1832 4001 est.
1861 3943 1997 4001 Nam

427 4042 591 4095 supra
633 4043 702 4082 ne
738 4029 960 4085 luminis
1008 4032 1228 4102 quidem
1278 4035 1410 4090 illud
1452 4036 1763 4105 appositum
1808 4053 1996 4094 exem-

426 4116 598 4185 plum,
626 4119 794 4187 pollui
824 4122 1034 4177 solares
1074 4124 1275 4189 radios,
1309 4129 1439 4179 (σιω
1463 4126 1681 4183 coalitus
1714 4127 1769 4181 in
1794 4136 1993 4183 terram

424 4207 807 4275 demittuntur,
837 4220 891 4266 et
927 4214 1100 4269 lutum
1136 4231 1201 4271 ac
1231 4232 1471 4282 omnum,
1499 4226 1664 4289 atque
1692 4219 1875 4275 omnis
1898 4236 1992 4290 ge-

423 4299 575 4354 neris
606 4303 796 4358 sordes
827 4305 1119 4376 attingunt,
1145 4310 1500 4366 concedebat.
1534 4312 1835 4366 llluminari
1872 4312 1995 4382 quii-

421 4390 544 4445 dem
573 4393 735 4447 etiam
768 4394 881 4450 haec
915 4397 984 4449 ab
1016 4398 1187 4467 ipsius
1219 4401 1441 4458 luminis
1470 4403 1660 4467 radiis,
1696 4403 1832 4457 nihil
1861 4418 1993 4460 sane

2108 1914 2209 1967 οὐκ
2246 1914 2701 1985 ἀντεπαγόμενος.
2734 1913 2859 1968 οῦτ⁴
2898 1909 2991 1969 οὖν
3036 1915 3323 1987 ἐμολύνετο
3360 1914 3669 1984 τικτόμενος

2107 2005 2213 2058 ὑπὸ
2242 2004 2337 2058 τοῦ
2372 2005 2622 2076 σώματος
2650 2008 2679 2060 ό
2707 2007 2995 2077 ἀσώματος
3012 2049 3029 2072 ,
3060 2008 3181 2061 οὐδὲ
3204 2008 3302 2080 τὴν
3331 2008 3522 2063 οὐσίαν
3548 2007 3669 2061 ἐπα-

2107 2114 2233 2169 σχεν
2257 2100 2286 2152 ό
2313 2097 2528 2171 ἀπαθὴς
2569 2098 2673 2152 ὑπὸ
2707 2098 2799 2152 τοῦ
2845 2099 3036 2171 θνητοῦ
3061 2116 3076 2131 °
3110 2101 3232 2154 ἐπεὶ
3288 2100 3424 2172 μηδὲ
3455 2100 3554 2171 τῆς
3583 2097 3667 2151 λύο

2109 2202 2228 2258 ρας,
2253 2188 2303 2240 εί
2332 2186 2505 2251 οὕτως
2530 2186 2702 2258 τύχοι,
2733 2190 3095 2261 κοπτομένης,
3121 2190 3153 2261 ἢ
3185 2189 3291 2245 τῶν
3320 2189 3526 2261 χορδῶν
3564 2189 3668 2242 δια-

2108 2277 2440 2349 σπωμένων,
2482 2278 2714 2351 πάσχειν
2742 2281 2889 2345 εἰκὸς
2915 2281 3005 2335 τὸν
3050 2282 3492 2354 ἀνακρουόμενον
3513 2299 3526 2312 ·
3557 2282 3667 2336 οὐδὲ

2104 2387 2169 2439 γε
2218 2371 2383 2441 σοφοῦ
2420 2388 2566 2436 τινος
2614 2371 2804 2445 ἀνδρὸς
2830 2375 3239 2445 τιμωρουμένου
3270 2373 3364 2428 τοῦ
3394 2376 3665 2445 σώματος,

2102 2463 2204 2534 τὴν
2235 2462 2294 2516 ἐν
2329 2463 2479 2535 αὐτῷ
2508 2463 2735 2534 σοφίαν,
2765 2464 2797 2535 ἢ
2825 2467 2923 2538 τήν
2956 2482 3021 2534 γε
3060 2468 3118 2519 ἐν
3149 2465 3227 2537 τῷ
3256 2465 3471 2537 σώματι
3503 2465 3668 2537 ψυχὴν

2104 2554 2434 2620 κόπτεσθαι,
2476 2554 2510 2626 ἢ
2557 2555 2806 2610 καίεσθαι
2836 2556 3074 2628 φαίημεν
3106 2557 3172 2612 ἂν
3215 2559 3464 2623 εἰκότως.
3496 2558 3669 2632 Ταύτῃ

2103 2661 2185 2698 τοι
2241 2645 2376 2700 πολὺ
2448 2646 2610 2700 πλέον
2666 2647 2788 2700 οὐδὲ
2843 2648 2944 2719 τὴν
2997 2648 3094 2703 τοῦ
3149 2648 3324 2719 Λόγου
3422 2649 3579 2719 φύσιν
3636 2650 3667 2720 ἢ

2103 2737 2328 2811 δύναμιν
2389 2738 2585 2811 βλάϐος
2634 2758 2689 2793 τι
2747 2741 2812 2795 ἐκ
2860 2742 2967 2796 τῶν
3025 2744 3117 2796 τοῦ
3174 2742 3428 2814 σώματος
3494 2742 3666 2797 παθῶν

2103 2831 2498 2904 ἀποφέρεσθαι,
2529 2833 2693 2902 φάναι
2722 2831 2942 2902 εὔλογον
2963 2850 2975 2863 ·
3009 2833 3092 2887 ὅτι
3123 2833 3258 2905 μηδὲ
3283 2835 3342 2886 τὸ
3374 2834 3473 2888 τοῦ
3505 2833 3667 2903 φωτὸς

2104 2927 2235 2998 ἡμῖν
2265 2925 2569 2997 ὑπόδειγμα
2615 2925 2929 2999 χραίνεσθαί
2967 2943 3020 2980 τι
3060 2926 3160 2990 τὰς
3193 2926 3429 2997 ἡλιακὰς
3460 2927 3667 2988 ἀκτῖνας

2103 3017 2196 3070 ἐπὶ
2224 3018 2327 3089 γῆς
2351 3017 2640 3089 οὐρανόθεν
2670 3017 3116 3088 ἐκπεμπομένας,
3149 3017 3318 3089 πηλοῦ
3350 3034 3414 3070 τε
3446 3017 3535 3070 καὶ
3561 3015 3668 3087 βορ-

2105 3106 2265 3180 ϐόρου
2302 3109 2396 3162 καὶ
2426 3107 2667 3180 μιασμοῦ
2697 3108 2895 3172 παντὸς
2937 3110 3318 3180 ἐφαπτομένας
3358 3107 3663 3178 συνεχώρει.

2101 3200 2436 3265 Φωτίζεσθαι
2472 3200 2571 3272 μὲν
2597 3202 2690 3254 καὶ
2724 3200 2897 3253 ταῦτα
2939 3202 3004 3254 ἐκ
3033 3201 3140 3254 τῶν
3165 3199 3257 3254 τοῦ
3297 3199 3477 3270 φωτὸς
3499 3198 3664 3267 αὐγῶν

2100 3292 2251 3347 οὐδὲν
2283 3292 2349 3347 ἂν
2383 3293 2583 3347 κωλύοι
2620 3293 2828 3364 λέγειν’
2863 3295 2926 3347 τὸ
2966 3294 3024 3347 δέ
3053 3311 3115 3364 γε
3144 3293 3233 3347 τὸν
3262 3293 3418 3364 ἥλιον
3455 3292 3661 3364 μολύνε-

2104 3385 2226 3439 σθαι
2260 3387 2324 3440 ἐκ
2352 3387 2451 3458 τῆς
2489 3385 2598 3440 τῶν
2634 3387 2900 3457 σωμάτων
2926 3386 3205 3458 ἐπιμιξίας
3226 3429 3240 3454 ,
3276 3386 3308 3455 ἢ
3341 3384 3661 3458 πηλοῦσθαι,

2099 3478 2303 3531 οὐκέτι.
2325 3479 2436 3530 Καὶ
2469 3478 2574 3549 μὴν
2603 3477 2774 3533 ταῦτά
2799 3495 2860 3547 ys
2888 3479 2986 3550 τῆς
3014 3479 3227 3548 φύσεως
3250 3478 3351 3531 οὐκ
3375 3477 3441 3531 ἂν
3463 3476 3547 3546 εἴη
3564 3475 3661 3528 τῶν

2103 3568 2370 3638 σωμάτων
2399 3568 2670 3641 ἀλλότρια.
2710 3570 2767 3623 '0
2792 3569 2850 3623 δέ
2885 3587 2948 3638 γε
2974 3570 3132 3632 ἄῡλος
3156 3569 3250 3623 καὶ
3273 3567 3558 3640 ἀσώματος
3576 3566 3659 3620 τοῦ

2099 3658 2233 3712 Θεοῦ
2268 3660 2442 3728 Λόγος
2465 3700 2478 3724 ,
2510 3660 2759 3733 αὑτοςωὴ
2783 3662 3065 3732 τυγχάνων
3096 3662 3188 3714 καὶ
3211 3661 3460 3730 αὐτοφῶς
3492 3660 3661 3729 νοερὸν

2100 3750 2194 3803 καὶ
2216 3751 2317 3804 ὅσα
2346 3750 2480 3805 ἄλλα
2509 3752 2982 3825 προκατείλεκται,
3005 3753 3208 3818 παντὸς
3230 3747 3289 3808 οῦ
3322 3752 3389 3807 ἂν
3418 3751 3661 3822 ἐφάψοιτο

2098 3842 2270 3915 ἐνθέῳ
2301 3844 2397 3897 καὶ
2424 3845 2698 3916 ἀσωμάτῳ
2725 3844 2983 3916 δυνάμει,
3016 3845 3113 3917 ζῇν
3143 3846 3303 3899 τοῦτο
3335 3846 3547 3916 ἀνάγκη
3576 3842 3660 3897 καὶ

2100 3934 2195 3988 σὺν
2221 3935 2427 4007 λογικῷ
2458 3936 2666 4005 διάγειν
2693 3938 2853 4006 φωτί.
2885 3937 3070 4007 Ταύτῃ
3102 3955 3185 3991 τοι
3219 3938 3312 3991 καὶ
3339 3937 3583 4009 σώματος
3604 3925 3657 3987 οὗ

2098 4026 2164 4079 ἂν
2192 4027 2473 4097 ἐφάψοιτο,
2498 4030 2754 4100 ἡγίασται
2785 4030 2943 4084 τοῦτο
2971 4030 3068 4084 καὶ
3091 4028 3427 4099 πεφώτισται
3456 4028 3657 4092 αὐτίκα,

2097 4119 2245 4173 πᾶσά
2292 4137 2351 4173 τε
2398 4121 2553 4185 νόσος
2594 4122 2744 4193 αὐτῷ
2787 4123 2883 4175 καὶ
2926 4122 3209 4194 ἀρρωστία
3249 4123 3341 4176 καὶ
3378 4122 3532 4176 πάνθ’
3569 4120 3657 4172 ὅσα

2096 4208 2447 4273 ὑπεξίσταται
2470 4227 2484 4241 ο
2517 4211 2906 4283 ἀντιλαμϐάνει
2937 4211 2992 4264 δὲ
3022 4212 3122 4281 τῆς
3168 4211 3226 4278 ἐξ
3265 4212 3430 4265 αὑτοῦ
3464 4206 3658 4280 πληρώ-

2096 4314 2234 4362 σεως
2274 4298 2549 4371 στέρησις.
2601 4300 2758 4355 Οὕτω
2806 4301 2942 4371 δῆτα
2988 4301 3083 4354 καὶ
3118 4300 3180 4354 τὸ
3220 4300 3411 4371 νεκρὸν
3439 4299 3536 4368 τῆς
3570 4293 3653 4348 τοῦ

2094 4389 2270 4458 Λόγου
2297 4390 2579 4461 δυνάμεως
2596 4432 2610 4457 ,
2645 4393 2839 4465 μικρόν
2864 4409 2917 4445 τι
2939 4391 3106 4446 αὐτοῦ
3129 4391 3477 4462 ἐφαψάμενον
3497 4429 3513 4453 ,
3536 4387 3654 4455 ἀνη-

420 4499 524 4540 nos
576 4486 842 4545 allirmare
890 4491 1211 4561 prohibeat;
1259 4495 1430 4551 solem
1489 4512 1619 4553 vero
1665 4498 1842 4567 ipsum
1887 4498 1987 4553 fos-

2102 4481 2305 4553 γείρετο
2336 4483 2663 4555 ζωούμενον,
2709 4484 2804 4538 καὶ
2836 4484 2864 4536 ὁ
2900 4483 3127 4546 θάνατος
3154 4484 3252 4553 τὴν
3278 4480 3422 4551 ζωὴν
3451 4477 3650 4548 ἔφευγεν

418 4574 559 4638 dari,
595 4587 690 4632 aut
718 4580 955 4638 lutosum
980 4584 1117 4649 ﬁeri,
1141 4586 1269 4642 dum
1298 4587 1419 4658 ejus
1450 4588 1633 4644 lumen
1658 4591 1984 4660 corporibus

419 4664 800 4726 immiscetur:
835 4688 1198 4744 nequaquam.
1241 4677 1312 4730 At
1341 4678 1447 4732 ista
1482 4688 1662 4733 tamen
1704 4695 1815 4734 non
1855 4689 1983 4736 sunt

2090 4574 2279 4645 καὶτῷ
2297 4592 2362 4644 γε
2386 4577 2524 4646 φωτὶ
2548 4577 2610 4630 τὺ
2636 4576 2824 4638 σκότος
2843 4574 3109 4639 ἐξελύετο,
3127 4574 3185 4626 τό
3211 4588 3271 4624 τε
3304 4567 3540 4642 φθαρτὸν
3564 4567 3652 4638 τὴν

2089 4666 2395 4739 ἀφθαρσίαν
2411 4668 2793 4732 ἐνεδιδύσκετο,
2809 4668 2902 4721 καὶ
2927 4667 2989 4720 τὸ
3011 4664 3204 4736 θνητὸν
3224 4664 3320 4736 τὴν
3346 4660 3651 4718 ἀθανασίανς

418 4774 450 4812 a
493 4771 687 4817 natura
720 4780 1011 4837 corporum
1034 4771 1233 4827 aliena.
1265 4770 1401 4827 lllud
1436 4788 1565 4827 vero
1591 4776 1773 4830 omnis
1793 4791 1987 4847 expers
2026 4782 2268 4838 materiae
2313 4784 2806 4856 incorporeumque
2862 4783 2953 4838 Dei
2984 4781 3247 4846 Verbum,
3291 4779 3438 4850 quod
3482 4778 3593 4848 ipsa

414 4850 527 4905 vita
565 4862 671 4919 est,
707 4865 761 4913 et
804 4860 980 4931 ipsum
1013 4863 1195 4919 lumen
1228 4865 1590 4938 intelligibile,
1619 4876 1673 4922 et
1704 4869 1810 4923 alia
1837 4886 2176 4943 quaecunque
2243 4877 2398 4947 prius
2455 4850 2776 4934 enumerata
2816 4887 2967 4943 sunt,
3003 4874 3270 4947 quidquid
3303 4873 3485 4929 divina
3513 4878 3594 4924 at-

417 4961 523 5016 que
555 4948 881 5022 incorporea
944 4972 1044 5011 sua
1075 4962 1127 5012 vi
1163 4961 1424 5031 attigerit,
1469 4962 1657 5018 vivere
1696 4963 1750 5017 id
1813 4965 2119 5038 degereque
2155 4984 2280 5026 cum
2325 4973 2531 5029 lumine
2584 4973 2861 5040 rationali,
2911 4987 3136 5028 necesse
3171 4978 3277 5026 est.
3318 4968 3431 5023 Hac
3462 4978 3588 5022 sane

416 5044 537 5112 ipsa
566 5047 802 5111 ratione.
855 5051 1221 5125 quodcunque
1264 5057 1429 5112 etiam
1473 5072 1676 5128 corpus
1716 5059 1978 5129 attigerit,
2020 5067 2421 5122 sanctiﬁcatum
2467 5069 2722 5139 protinus
2769 5068 2825 5124 id
2862 5068 3339 5137 illuminatumque
3382 5070 3488 5126 est,
3524 5060 3590 5115 ab

415 5137 713 5209 eodemque
768 5144 1034 5214 aegritudo
1086 5149 1266 5202 omnis
1315 5151 1604 5220 omnisque
1664 5149 1986 5216 infirmitas,
2023 5155 2237 5227 aliaque
2257 5137 2503 5227 ejusdem
2542 5161 2760 5231 generis
2790 5160 3045 5215 universa
3079 5157 3378 5229 refugiunt.
3410 5154 3586 5209 Priva-

413 5232 494 5285 tio
518 5241 697 5289 autem
728 5237 880 5295 illius
906 5239 1300 5309 plenitudinem
1333 5244 1679 5314 adipiscitur.
1719 5244 1811 5300 Sic
1843 5262 1976 5303 sane
2013 5250 2180 5305 etiam
2225 5262 2503 5309 mortuum
2548 5255 2681 5310 illud
2713 5254 2879 5311 Verbi
2918 5270 3143 5326 corpus,
3191 5254 3283 5309 ubi
3341 5252 3587 5322 exiguum

415 5324 695 5419 quiddam,
722 5331 977 5388 virtutem
1007 5335 1155 5390 illam
1185 5335 1348 5392 Verbi
1387 5340 1587 5410 attigit,
1624 5349 1739 5394 tum
1802 5343 2102 5398 excitatum
2163 5356 2253 5402 est
2297 5349 2443 5405 illico
2476 5365 2541 5405 ac
2576 5351 2795 5419 revixit,
2824 5359 2878 5407 et
2912 5324 3062 5407 mors
3094 5352 3263 5406 vitam
3290 5346 3493 5418 effugit,
3530 5347 3582 5397 et

416 5415 538 5519 ipso
566 5419 773 5519 lumine
808 5426 1125 5486 obscuritas
1153 5431 1421 5489 dissoluta
1450 5443 1568 5504 est;
1630 5444 1684 5492 et
1733 5437 1879 5508 quod
1905 5443 2277 5513 _corruptibile
2317 5454 2456 5514 erat,
2497 5447 2677 5504 induit
2714 5415 3216 5518 incorruptionem;
3266 5415 3424 5519 quod
3451 5451 3582 5497 mov-

416 5511 544 5579 tale,
580 5513 1061 5578 immortalitatem.
