3880 6256
190 292 274 346 εει
1065 285 1724 342 DEMONSTRATIONIS

1832 285 1990 379 MNC
2000 286 2221 342 ELICE
2262 287 2388 342 LIB.
2424 288 2514 344 IV.

1759 413 1806 468 A

904 408 996 460 ΙΝ.

3289 293 3394 347 290

2545 403 2684 460 XIV.

189 526 266 576 ιΔ.
315 520 398 584 Ὠς
423 559 436 579 ,
479 519 591 571 τὸν
636 505 951 585 ἄνθρωπον
982 517 1496 587 ἀνανεωσάμενος,
1539 517 1725 573 πᾶσιν

1832 518 1967 574 XIV.
2014 518 2490 585 Quemadmodum,
2522 531 2767 574 renovato
2792 520 3016 577 homine.
3039 522 3284 578 omnibus
3303 539 3402 577 tto-

237 589 368 712 ήιίἐν
399 587 516 656 τὴν
565 587 686 642 τῶν
712 590 957 642 αἰωνίων
985 587 1224 657 ἀγαθῶν
1256 589 1592 658 παρέσχετο
1622 591 1726 644 ἐλ-

242 678 295 712 πι
335 675 390 712 α.

242 675 390 714 αισα.

239 770 334 824 Καὶ
373 769 424 823 τί
456 769 568 841 γὰρ
609 771 765 835 ἄλλο,
806 771 942 842 πλὴν
973 773 1002 825 6
1034 773 1140 836 πᾶς
1178 773 1461 845 ἄνθρωπος
1494 773 1598 827 ὐπὸ
1626 774 1727 844 τῆς

187 861 405 930 θεότητος
449 862 772 914 κατεπίνετο
790 902 804 924 ,
844 862 936 915 καὶ
965 862 1125 916 πάλιν
1155 864 1285 926 Θεὸς
1311 861 1378 935 ἦν
1405 866 1432 917 ὁ
1466 864 1597 928 Θεὸς
1627 866 1728 918 Λό-

187 971 288 1022 γος,
328 946 433 1015 οἷος
459 955 558 1005 καὶ
591 956 717 1024 πρὶν
749 954 998 1022 γενέσθαι
1027 955 1330 1027 ἄνθρωπος,
1367 957 1461 1010 καὶ
1494 974 1725 1011 συναπε-

182 1045 283 1098 θέου
319 1061 378 1111 γε
410 1043 502 1096 τὸν
548 1045 829 1115 ἄνθρωπον
869 1047 1118 1118 ἀπαρχὴν
1149 1047 1247 1118 τῆς
1283 1049 1440 1118 ἡμῶν
1477 1049 1722 1113 ἐλπίδος·

182 1135 340 1190 τοῦτον
366 1136 531 1189 αὐτὸν
560 1139 675 1189 ἐκεῖ
702 1137 800 1207 τῆς
831 1155 890 1191 τε
919 1141 1047 1210 παρ’
1077 1140 1226 1210 αὐτῷ
1251 1141 1393 1211 ζωῆς
1416 1142 1610 1204 ἀϊδίου,
1635 1143 1727 1195 καὶ

181 1229 262 1297 τῆς
290 1229 342 1280 ἐν
368 1231 433 1297 τῇ
468 1227 680 1300 Θεὸτητι
711 1231 804 1282 καὶ
836 1233 1196 1304 μακαριότητι
1219 1233 1500 1297 κοινωνίας
1527 1234 1722 1299 ἀξιῶν,

184 1321 291 1388 ἡμῖν
315 1335 369 1371 τε
395 1320 597 1390 ὁμοίως
643 1320 813 1375 ἅπασι
843 1322 942 1392 τῆς
975 1324 1103 1394 παρ’
1132 1324 1281 1395 αὐτῷ
1318 1327 1411 1378 καί⁸
1445 1326 1540 1378 σὺν
1578 1325 1726 1396 αὐτῷ

181 1411 447 1475 ἀθανασίας
491 1431 554 1466 τε
587 1415 680 1466 καὶ
723 1415 999 1485 βασιλείας
1028 1416 1187 1470 τοῦτο
1228 1419 1482 1488 μέγιστον
1527 1419 1726 1490 δεῖγμα

180 1504 420 1576 παρέχων.

888 1711 988 1764 ιΕν.

178 1821 230 1875 Τί
261 1821 544 1892 βούλεται
587 1822 817 1890 δηλοῦν
863 1825 902 1892 ἡ
947 1823 1053 1877 τοῦ
1104 1822 1360 1890 Χριστοῦ
1402 1825 1720 1892 παρουσία,

235 1891 318 1962 καὶ
344 1893 423 1957 ὡς
450 1892 602 1958 Θεὸς
627 1895 724 1947 καὶ
751 1891 984 1962 Κύριος,
1016 1895 1112 1946 καί
1140 1894 1448 1960 ἀρχιερεὺς
1470 1895 1576 1947 τοῦ
1608 1895 1725 1948 τῶν

230 1961 372 2014 ὅλων
411 1963 565 2034 Θεοῦ
602 1963 700 2016 διὰ
737 1963 855 2016 τῶν
900 1967 1034 2030 παρ’
1081 1965 1361 2032 Ἑϐραίοις
1407 1965 1726 2034 προφητῶν

233 2035 261 2085 ὁ
288 2033 544 2100 Χριστὸς
573 2034 986 2102 ἀνηγορεύετο.

230 2140 383 2194 Τοῦτο
421 2142 526 2212 τῆς
566 2143 645 2205 εἰς
676 2142 992 2214 ἀνθρώπους
1039 2141 1273 2211 ἀφίξεως
1321 2142 1472 2207 τέλος
1501 2137 1589 2215 ἦν,
1632 2143 1724 2197 τὸν

175 2230 311 2284 πάλαι
331 2231 429 2301 τῆς
450 2232 554 2285 τοῦ
584 2232 792 2303 [ἰατρὸς
814 2233 1067 2302 γνώσεως
1092 2231 1449 2304 ἀποπεπλανη
1459 2234 1616 2304 μένον
1644 2237 1722 2299 εἰς

173 2321 248 2393 τὴν
279 2323 451 2377 οἰκίαν
481 2327 870 2393 ἐπαναγαγεῖν,
909 2325 1004 2378 καὶ
1033 2325 1123 2379 τὸν
1157 2326 1391 2396 συγγενῆ
1423 2327 1515 2378 καὶ
1549 2326 1720 2395 φίλον,

171 2415 252 2485 τῆς
274 2433 326 2469 τε
353 2417 525 2470 αὐτοῦ
553 2418 958 2489 κατηξιωμένον
987 2418 1214 2483 εἰκόνος,
1242 2419 1342 2488 τῆς
1370 2419 1573 2484 οἰκείας
1595 2423 1725 2474 ἀπο-

172 2506 334 2562 λαῦσαι
369 2508 518 2580 ζωῆς
537 2526 552 2540 ·
598 2509 750 2578 φίλον
777 2528 834 2564 τε
869 2512 963 2564 καὶ
1001 2513 1196 2564 οἰκεῖον
1226 2511 1319 2564 τοῦ
1347 2511 1560 2583 Πατρὸς
1584 2513 1722 2588 ἀποτ

170 2598 311 2666 φῆναι
339 2600 552 2667 τοῦτον,
582 2601 649 2654 δι’
675 2602 734 2656 ὃν
765 2602 927 2667 αὐτὸς
960 2604 988 2655 ὁ
1014 2602 1106 2656 τοῦ
1140 2602 1276 2656 Θεοῦ
1309 2603 1480 2671 Λόγος
1514 2603 1723 2676 ὑπέστη

170 2690 388 2757 γενέσθαι
423 2691 732 2765 ἄνθρωπος.
765 2693 920 2746 Οὐτω
944 2693 1100 2764 δῆτα,
1133 2694 1209 2758 ὠς
1234 2697 1292 2747 ὲν
1324 2694 1515 2767 βραχεῖ
1538 2696 1722 2765 φάναι,

171 2781 347 2850 ἡκατά
376 2783 477 2836 τὸν
533 2785 759 2856 Σωτῆρα
800 2786 894 2838 καὶ
938 2785 1142 2857 Κύριον
1189 2785 1346 2857 ἡμῶν
1395 2787 1600 2858 Ἰησοῦν
1633 2787 1723 2841 τὸν

171 2874 369 2945 Χριστὸν
403 2876 684 2942 ὑπόθεσις,
715 2878 968 2951 διάφορον
1013 2880 1208 2951 ἔχουσα
1253 2882 1352 2954 τὴν
1391 2881 1722 2953 οἰκονομίαν,

171 2967 222 3019 ἐκ
259 2967 358 3022 τῶν
409 2969 546 3040 παρ’
597 2969 868 3042 Ἑϐραίοις
914 2973 1325 3042 παραστήσεται
1371 2973 1724 3045 προφητικῶν

2004 591 2080 644 bis
2116 600 2429 644 ceternorum
2460 591 2714 644 bonorum
2744 607 2884 660 spent
2906 592 3211 660 prwbuerit.

1896 767 2188 834 Caeterum,
2225 767 2484 838 quidnam
2549 770 2693 824 aliud
2750 770 2992 836 tandem,
3041 787 3203 840 quam
3252 772 3396 842 quod

1829 868 1973 915 totus
2007 860 2167 912 homo
2200 859 2270 912 ab
2300 859 2472 928 ipsius
2505 858 2596 913 Dei
2643 869 2838 914 natura
2872 864 3164 932 absorptus
3207 871 3312 924 est,
3345 871 3402 916 et

1827 967 2022 1005 rursus
2058 949 2200 1004 Deus
2231 949 2352 1014 fuit,
2398 949 2540 1005 Deus
2578 949 2838 1015 Verbum,
2871 953 3177 1020 cujusmodi
3225 954 3401 1009 fuerat

1826 1042 1990 1095 etiam
2035 1053 2325 1111 antequam
2371 1042 2532 1097 homo
2569 1042 2738 1110 fieret,
2783 1054 2837 1098 et
2879 1060 3063 1098 secum
3096 1043 3263 1100 Deum
3307 1047 3402 1100 ho-

1828 1134 2028 1188 minem
2075 1134 2223 1200 fecit,
2265 1134 2381 1204 spei
2431 1144 2632 1189 nostra:
2679 1136 2980 1204 primitias;
3032 1138 3176 1193 hunc
3221 1142 3398 1208 ipsum

1827 1225 2045 1279 interim
2088 1225 2155 1279 ad
2192 1225 2338 1280 illius
2366 1226 2491 1280 vitae
2522 1235 2760 1292 :eternae,
2798 1244 2962 1298 quam
2997 1245 3166 1298 penes
3207 1246 3264 1284 se
3300 1231 3400 1285 ha-

1827 1316 1938 1377 bet,
1975 1325 2135 1385 atque
2159 1317 2209 1370 id
2241 1317 2521 1387 dignitatis
2549 1319 2602 1372 in
2634 1319 2943 1384 divinitate,
2969 1336 3031 1374 ac
3065 1320 3401 1376 beatitudine

1827 1409 2271 1462 communitatem
2323 1423 2642 1474 assumens,
2689 1410 2954 1479 nobisque
2997 1411 3182 1464 itidem
3224 1412 3402 1465 omni-

1827 1497 1950 1561 bus,
1983 1497 2178 1552 futurze
2200 1499 2340 1568 apud
2378 1500 2553 1568 ipsum
2586 1510 2638 1554 et
2668 1516 2791 1554 cum
2822 1501 2942 1570 ipso
2970 1502 3400 1556 immortalitatis

1827 1605 1891 1644 ac
1919 1591 2093 1661 regni,
2128 1592 2428 1646 maximum
2469 1594 2572 1647 hoc
2601 1595 2849 1664 praebens
2875 1595 3162 1651 indicium.

2467 1707 2620 1776 171
2658 1707 2761 1762 XV-

1827 1818 1968 1885 Quid
1999 1819 2099 1872 sibi
2139 1819 2280 1881 velit,
2312 1820 2498 1890 quidve
2526 1822 2782 1890 signiﬁcet
2829 1823 2938 1890 ipse
2971 1821 3168 1878 Christi
3208 1820 3400 1876 adven—

1898 1899 2002 1950 tus,
2036 1900 2084 1944 et
2118 1891 2256 1960 quod
2310 1891 2469 1952 Deus,
2506 1901 2554 1944 et
2603 1891 2881 1950 Dominus,
2909 1903 2958 1946 et
3007 1893 3253 1961 Pontifex
3302 1891 3400 1946 Dei

1894 1962 2141 2032 universi.
2170 1977 2261 2028 per
2278 1962 2558 2032 prophetas
2586 1961 2930 2016 llebrworum
2953 1962 3194 2017 Christus
3223 1963 3402 2030 appel-

1897 2030 2038 2085 latus
2065 2041 2165 2086 est.

1895 2141 2010 2198 Hoc
2040 2160 2172 2200 sane
2202 2145 2303 2200 fuit
2336 2145 2483 2202 illius
2513 2145 2578 2199 ad
2626 2145 2877 2200 homines
2929 2144 3262 2200 accessionis
3305 2159 3405 2199 ex-

1823 2241 2079 2298 tremum,
2116 2243 2175 2289 ut
2207 2239 2285 2290 sic
2313 2251 2437 2290 eum
2471 2237 2562 2305 qui
2595 2236 2663 2289 ab
2699 2236 2872 2306 ipsius
2894 2233 3074 2288 Patris
3093 2235 3404 2304 cognitione

1826 2324 2197 2390 aberraverat,
2229 2326 2296 2380 ad
2333 2342 2453 2381 eam
2495 2327 2667 2396 ipsam
2701 2328 3005 2390 reduceret,
3030 2335 3083 2381 et
3106 2335 3400 2395 cognatum

1825 2422 1989 2485 atque
2015 2417 2250 2471 amicum
2301 2433 2508 2487 suaque
2530 2418 2704 2488 ipsius
2735 2417 2997 2472 donatum
3033 2427 3398 2487 ornatumque

1826 2509 2079 2582 imagine,
2100 2511 2334 2581 propria:
2372 2511 2496 2568 vitae
2519 2511 2734 2581 gaudiis
2763 2527 2826 2565 ac
2851 2512 3198 2580 possessione
3226 2511 3397 2565 dona~

1824 2613 1929 2666 ret,
1960 2603 2306 2672 amicumque
2356 2604 2507 2658 illum
2558 2603 2736 2674 ipsum
2769 2601 2949 2656 Patris
2980 2619 3043 2658 ac
3075 2602 3400 2658 familiarem

1824 2694 2079 2762 elliceret,
2112 2697 2272 2766 cujus
2300 2712 2467 2751 causa
2499 2697 2640 2753 idem
2680 2696 2772 2752 Dei
2801 2695 3035 2751 Verbum
3067 2713 3126 2751 se
3158 2695 3273 2750 fieri
3304 2696 3404 2750 ho-

1825 2789 2027 2843 minem
2057 2804 2280 2858 passum
2310 2797 2414 2844 est.
2451 2787 2543 2843 Sic
2581 2803 2748 2850 sane,
2775 2797 2834 2840 ut
2865 2787 3055 2858 paucis
3095 2787 3396 2851 absolvam,

1827 2882 1941 2936 haec
1972 2880 2273 2936 Salvatoris
2300 2896 2364 2936 ac
2401 2880 2613 2936 Domini
2651 2881 2827 2934 nostri
2857 2878 2986 2934 Jesu
3026 2879 3229 2934 Christi
3267 2894 3405 2933 con-

1827 2971 2090 3028 sideratio
2119 2978 2172 3026 et
2195 2972 2444 3036 materia,
2475 2973 2682 3025 variam
2718 2971 2926 3026 habens
2957 2969 3400 3040 dispositionem,

169 3057 344 3126 λόγων·
385 3061 676 3133 ὠσπεροῦν
721 3064 916 3135 μικρὸν
948 3064 1172 3136 ὓστερον
1214 3067 1270 3118 αἰ
1305 3065 1362 3132 ἐξ
1402 3065 1581 3120 αὐτῶν
1618 3065 1724 3120 δεί-

1832 3078 1890 3118 ex
1922 3063 2257 3134 propheticis
2291 3061 2642 3117 Hebraeorum
2680 3063 2920 3118 oraculis
2962 3061 3401 3123 continuabitur,

171 3148 292 3212 ξουσι
336 3153 662 3226 μαρτυρίαι,
706 3157 1083 3227 πιστουμένων
1120 3157 1188 3212 τά
1216 3157 1418 3212 παλαιά
1446 3158 1555 3211 τῶν
1588 3158 1722 3212 νέων

169 3244 506 3314 γραμμάτων,
550 3247 645 3299 καὶ
679 3246 789 3302 τῶν
832 3248 1202 3318 εὐαγγελικῶν
1249 3247 1348 3312 τὰς
1379 3249 1487 3304 τῶν
1516 3266 1727 3321 προφη-

167 3336 306 3388 τικῶν
347 3339 658 3410 μαρτυρίας
690 3337 1253 3412 ἐπισφραγιζομένων.
1293 3342 1451 3397 Ἀλλά
1475 3343 1582 3415 γὰρ
1604 3343 1728 3397 τού-

168 3441 253 3479 των
277 3422 379 3482 ὦδε
405 3431 661 3502 ἐχόντων,
690 3432 809 3504 ὥρα
834 3434 1018 3488 λοιπὸν
1049 3437 1140 3488 καὶ
1171 3433 1300 3505 περὶ
1332 3436 1428 3506 τῆς
1455 3453 1728 3508 προσηγο-

172 3515 268 3584 ρίας
290 3519 454 3572 αὐτοῦ
481 3520 729 3587 διελθεῖν,
758 3522 881 3576 καθ’
907 3523 936 3576 ὂ
970 3525 1174 3594 Ἰησοῦς
1205 3523 1300 3576 καὶ
1329 3526 1564 3597 Χριστὸς
1591 3527 1726 3599 ἀνη-

169 3613 420 3680 γορεύετο,
443 3613 513 3667 δι’
546 3615 686 3669 ὅσων
723 3633 785 3669 τε
829 3618 1174 3689 προφητειῶν
1204 3620 1463 3691 ὀνομαστὶ
1492 3636 1727 3690 προεκη-

171 3701 388 3770 ρὺττετο.
423 3706 626 3777 Πρῶτα
651 3707 706 3760 δὲ
743 3710 1068 3782 σκεψώμεθα
1092 3712 1143 3764 τί
1179 3712 1426 3782 βούλεται
1466 3712 1658 3784 δηλοῦν
1691 3713 1725 3782 ὴ

168 3795 243 3848 τοῦ
275 3798 509 3869 Χριστοῦ
553 3803 913 3874 προσηγορία,
966 3804 1096 3875 πρὶν
1141 3803 1408 3876 ἄρξασθαι
1446 3806 1545 3876 τῆς
1587 3806 1728 3859 κατά

173 3885 317 3956 μέρος
351 3891 669 3960 συναγωγῆς
695 3891 804 3946 τῶν
843 3894 1196 3966 προφητικῶν
1227 3896 1352 3968 περ)⁸
1377 3897 1470 3950 τοῦ
1502 3915 1726 3969 προκει-

171 3979 316 4042 μένου
338 3982 653 4053 σκέμματος
676 3984 890 4052 λογίων.
919 3988 1225 4058 Προσήκειν
1247 3988 1302 4041 δὲ
1337 3988 1574 4060 ἡγοῦμαι
1601 3992 1727 4062 περὶ

170 4070 318 4142 αὐτῆς
358 4073 572 4143 πρῶτον
613 4075 712 4146 τῆς
751 4077 982 4149 Χριστοῦ
1023 4078 1290 4132 διαλαϐεῖν
1336 4082 1725 4154 προσηγορίας,

169 4161 481 4236 ὁιαρθρῶσαί
506 4185 566 4221 τε
598 4170 696 4240 τὴν
726 4170 852 4242 περὶ
885 4171 1052 4241 αὐτῆς
1083 4172 1312 4237 ἔννοιαν,
1342 4173 1418 4237 ὡς
1457 4174 1522 4228 ἂν
1562 4175 1727 4246 μηδὲν

173 4254 297 4323 ἡμᾶς
319 4260 467 4314 λάθοι
497 4259 607 4315 τῶν
633 4264 759 4316 κατ’
792 4262 960 4334 αὐτὴν
988 4263 1356 4336 ζητουμένων.
1391 4266 1583 4332 Ἀλλος
1627 4268 1726 4338 μὲν

171 4340 270 4411 ὦν,
310 4351 538 4418 ἐγγύθεν
573 4355 666 4407 καὶ
703 4357 768 4408 ὲκ
795 4355 902 4408 τῶν
942 4355 1065 4409 καθ’
1101 4359 1246 4428 ἡμᾶς
1289 4357 1613 4428 ἀρξάμενος,
1652 4361 1726 4412 εῖ-

1828 3171 1962 3210 sane
2011 3155 2469 3227 quemadmodum
2527 3156 2690 3226 paulo
2723 3164 2848 3225 post
2902 3162 3125 3224 accepta
3184 3153 3252 3206 ab
3294 3152 3406 3206 illis

1825 3250 2139 3304 testimonia
2199 3250 2687 3311 demonstrabunt,
2747 3247 3146 3302 recentioribus
3202 3245 3403 3300 litteris

1826 3349 2011 3397 vetera
2059 3342 2589 3412 comprobantibus,
2642 3348 2696 3396 et
2755 3339 3016 3410 angelicis
3073 3337 3404 3394 testimoniis

1827 3433 2144 3503 prophetica
2170 3435 2327 3503 quasi
2357 3441 2505 3488 certa
2542 3433 2808 3502 impressa
2850 3439 2977 3486 nota
3014 3429 3404 3485 commendan-

1826 3524 1992 3579 tibus.
2017 3524 2310 3587 Cancrum,
2343 3523 2561 3594 quando
2593 3523 2708 3577 haec
2743 3523 2815 3576 ita
2839 3538 2898 3577 se
2930 3521 3150 3583 habent,
3188 3529 3405 3591 tempus

1826 3624 1911 3672 est
1950 3615 2206 3686 deinceps
2267 3615 2334 3670 de
2385 3615 2749 3685 appellatione
2796 3613 3043 3681 ejusdem
3104 3611 3400 3674 disserere,

1826 3716 2098 3779 quatenus
2133 3718 2188 3763 et
2235 3707 2396 3763 Iesus
2451 3716 2506 3762 et
2550 3707 2805 3762 Christus
2834 3707 3014 3761 dictus
3048 3715 3155 3769 est,
3189 3720 3403 3761 necnon

1829 3816 1923 3871 per
1955 3813 2092 3869 quas
2124 3797 2439 3868 praphetias
2489 3795 2812 3851 nominatim
2850 3804 2976 3850 ante
3005 3795 3074 3850 sit
3113 3795 3406 3850 denuntia-

1827 3899 1938 3946 tus.
1995 3888 2350 3958 Primumque
2417 3887 2550 3942 illud
2611 3886 3086 3956 contemplemur,
3139 3885 3404 3956 quidnam

1827 3985 2006 4055 ipsum
2037 3982 2243 4037 Christi
2274 3996 2470 4035 nomen
2513 3979 2804 4050 signiﬁcet,
2845 3987 3136 4048 antequam
3173 3977 3406 4048 pruplm-

1825 4078 1934 4130 tica
1959 4077 2027 4131 de
2058 4073 2336 4146 proposita
2374 4072 2714 4142 inspectione
2740 4073 2964 4126 oracula
2992 4071 3246 4141 colligere
3275 4069 3408 4125 inci-

1825 4170 2062 4240 piamus.
2092 4165 2198 4220 Par
2227 4174 2408 4220 autem
2456 4179 2582 4220 esse
2630 4164 2869 4217 arbitror
2897 4163 2965 4219 de
3018 4164 3133 4233 ipsa
3168 4163 3405 4232 primum

1826 4261 2034 4316 Christi
2085 4258 2451 4328 appellatione
2480 4264 2740 4319 tractare,
2778 4257 3037 4326 illiusque
3068 4256 3402 4310 intellectum

1827 4353 2186 4422 distinguere,
2223 4359 2280 4403 ιιι
2308 4349 2443 4403 nihil
2481 4363 2710 4418 prorsus
2741 4364 2840 4402 nos
2870 4348 3034 4401 lateat
3061 4363 3251 4402 eorum
3284 4362 3408 4416 qua:

173 4437 335 4492 πιᾶν
380 4441 617 4497 Μωῦσέα
656 4445 1009 4518 νομοθετῆσαι
1059 4448 1272 4519 πρῶτον
1316 4449 1570 4502 ἁπάντων
1599 4449 1724 4513 τοὺς

1832 4445 1934 4499 hoc
1969 4444 2090 4498 loco
2113 4440 2283 4512 quaeri
2315 4441 2512 4495 solent.
2548 4440 2704 4495 Alius
2732 4441 2898 4510 igitur
2926 4441 2995 4494 ab
3029 4440 3098 4496 iis
3129 4457 3249 4511 qua:
3279 4457 3408 4510 pro-

173 4525 239 4596 τῷ
266 4527 376 4599 Θεῷ
410 4529 734 4601 ίερωμένους
770 4536 924 4608 μύρῳ
952 4537 1236 4608 σκευαστῷ
1283 4539 1553 4610 χρίεσθαι,
1589 4540 1725 4593 εὐω-

175 4617 274 4683 δίας
293 4621 398 4676 δεῖν
427 4622 498 4676 τὰ
524 4621 753 4694 σώματα
782 4630 874 4679 καὶ⁵
894 4629 1098 4696 ἀγαθοῦ
1125 4649 1265 4693 τινος
1296 4634 1560 4687 ἀποπνεῖν
1587 4635 1725 4706 ἡγη-

179 4712 382 4782 σάμενον
400 4732 414 4745 ·
454 4717 581 4769 ἐπεὶ
623 4718 730 4769 πᾶν
757 4717 817 4770 τὸ
844 4717 1076 4784 δυσῶδες
1111 4726 1331 4792 μιαροῖς
1366 4727 1456 4778 καὶ
1483 4726 1726 4799 ἀκαθάρ-

176 4817 270 4865 τοις
287 4802 576 4875 δυνάμεσιν
601 4800 737 4858 εἶναι
775 4805 945 4875 φίλον,
971 4807 1046 4871 ὡς
1077 4809 1310 4880 ἔμπαλιν
1342 4815 1461 4876 ταῖς
1496 4813 1728 4882 φιλαγά-

178 4890 292 4958 θοις,
335 4895 393 4948 τὸ
413 4896 613 4961 εὐῶδες
633 4913 648 4926 ·
675 4896 796 4950 ὅθεν
824 4900 916 4952 καὶ
946 4898 1245 4971 Θυμιὰματι
1273 4905 1613 4977 συγκειμένῳ
1647 4908 1727 4970 εἰς

178 4982 456 5056 ὑπερϐολὴν
480 4987 710 5052 εὐωδίας
735 4989 855 5043 καθ’
885 4991 1120 5062 ἑκάστην
1148 4995 1360 5068 ἡμέραν
1387 4999 1499 5060 τοῖς
1522 4997 1726 5070 ἰερεῦσι

177 5077 386 5146 χρῆσθαι
419 5082 480 5132 ὲν
511 5078 590 5149 τῷ
628 5079 757 5150 ἱερῷ
782 5080 1159 5153 νομοθετῆσαι,
1193 5084 1361 5150 ὅπως,
1391 5103 1724 5159 κατακιρνα-

182 5167 320 5234 μένου
350 5169 442 5224 τοῦ
480 5171 662 5242 ἀέρος,
705 5171 798 5224 καὶ
827 5172 888 5225 τὺ
931 5172 1163 5237 δυσῶδες
1206 5175 1574 5244 ἀφανίζοντος,
1608 5177 1726 5230 θεία

177 5275 248 5325 τις
290 5263 532 5334 ἀπορροὴ
577 5266 690 5326 τοῖς
739 5264 1052 5335 εὐχομένοις
1113 5268 1582 5340 ωταμιγνύηται·
1638 5271 1728 5325 διά

178 5349 273 5422 γὰρ
301 5351 456 5407 τοῦτο
475 5353 610 5409 αὐτὸ
633 5353 730 5406 καὶ
753 5355 962 5425 χρίσμα
993 5353 1304 5409 ἀλειπτικον
1363 5357 1725 5413 εὐωδέστατον

177 5441 252 5494 διὰ
283 5443 580 5516 μυρεψικῆς
603 5444 794 5516 τέχνης
821 5447 1086 5503 συνθεῖναι
1111 5450 1186 5514 ὼς
1213 5451 1278 5505 ἂν
1299 5453 1534 5524 χρίοιντο
1554 5456 1725 5526 τούτῳ

178 5534 220 5584 οἰ
239 5534 336 5589 τῶν
367 5536 560 5592 κοινῶν
591 5536 826 5610 δημοσίᾳ
857 5541 1253 5611 προστήσεσθαι
1297 5544 1598 5614 μέλλοντες,
1633 5549 1726 5601 καὶ

179 5626 230 5677 τὺ
251 5629 336 5682 τοῦ
366 5629 603 5702 Χριστοῦ
641 5629 811 5700 ὄνομα
845 5629 1058 5700 πρῶτον
1085 5632 1318 5686 Μωῡσέα
1365 5637 1476 5697 τοῖς
1507 5635 1725 5707 χριομέ-

179 5734 274 5783 νοις
303 5720 580 5776 ὲπιθεῖναι.
618 5719 787 5774 Τοῦτο
829 5720 884 5773 δὲ
917 5718 977 5773 τὸ
1001 5720 1203 5793 χρίσμα
1239 5724 1314 5794 μὴ
1343 5725 1498 5794 μόνον
1542 5727 1724 5799 ἀρχιε-

1831 4537 1986 4608 piora
2017 4544 2166 4599 sunt,
2199 4543 2252 4589 et
2285 4549 2405 4604 quae
2455 4534 2525 4588 ad
2572 4549 2674 4588 nos
2724 4533 2898 4603 magis
2941 4542 3215 4602 spectant,
3247 4535 3405 4590 initio

1829 4633 2068 4695 sumpto,
2090 4623 2319 4679 dixisset
2339 4623 2576 4694 Moysem
2600 4624 2832 4694 primum
2853 4623 3094 4676 omnium
3117 4623 3170 4676 in
3195 4624 3405 4693 legibus

1828 4721 2102 4792 posuisse,
2144 4734 2240 4774 eos
2277 4720 2373 4789 qui
2417 4719 2526 4774 Deo
2555 4719 2862 4773 consecrati
2907 4726 3096 4774 essent
3125 4730 3407 4788 unguento

1828 4818 2149 4882 comparato
2192 4811 2321 4881 ungi
2355 4812 2568 4874 solitos,
2595 4811 2891 4880 fragrantia
2920 4810 3128 4865 scilicet
3166 4811 3403 4881 quadam

1828 4919 1967 4974 opus
2001 4919 2124 4959 esse
2157 4903 2502 4973 corporibus,
2541 4919 2713 4972 eaque
2770 4903 2908 4957 bene
2957 4903 3106 4957 olere
3149 4913 3405 4973 oportere

1828 5004 1983 5052 ratus
2039 5014 2052 5050 :
2111 4996 2555 5066 quandoquidem
2632 5011 2792 5050 omne
2843 4995 3208 5064 quodcunque
3263 4995 3405 5048 male

1828 5089 1991 5152 oleat,
2026 5088 2310 5143 sceleratis
2350 5096 2514 5157 atque
2571 5087 2869 5141 immundis
2923 5079 3285 5156 potestatibus
3317 5094 3404 5141 est

1830 5182 2090 5245 amicum,
2134 5181 2279 5234 sicut
2329 5191 2521 5235 contra
2581 5179 2844 5235 studiosis
2890 5180 3185 5239 bonitatis.
3228 5179 3405 5249 quod-

1828 5290 2045 5343 cunque
2073 5273 2424 5344 fragrantiam
2457 5281 2600 5328 amet
2629 5293 2642 5327 :
2679 5290 2744 5329 ex
2775 5288 2884 5342 quo
2906 5275 3092 5336 etiam,
3130 5283 3190 5327 ut
3213 5275 3372 5328 incen
3395 5301 3407 5310 -

1829 5367 1906 5422 sis
1933 5375 1986 5422 et
2015 5365 2464 5438 lumigationibus
2488 5367 2788 5437 composite
2808 5367 2873 5420 ad
2898 5365 3267 5420 abundantem
3293 5365 3396 5419 fra~

1827 5459 2120 5527 grantiam,
2141 5459 2372 5528 singulis
2393 5459 2550 5527 172
2571 5457 2763 5513 diebus
2786 5464 3069 5512 uterentur
3089 5458 3403 5513 sacerdotes

1830 5547 1885 5600 in
1908 5536 2354 5617 templo'legibus
2387 5549 2658 5612 sanxisse,
2692 5556 2751 5601 ut
2781 5547 2908 5602 dum
2951 5547 3032 5600 sic
3081 5561 3174 5601 aer
3205 5547 3405 5602 misce-

1829 5645 1940 5698 tur,
1965 5645 2018 5690 et
2042 5637 2304 5707 quidquid
2337 5639 2477 5693 male
2505 5639 2635 5701 olet,
2663 5639 2894 5709 repellit,
2916 5636 3208 5694 deﬂuentia
3248 5654 3400 5708 quae-

1827 5725 1952 5782 dam
1985 5727 2168 5785 divina
2209 5730 2563 5798 precantibus
2585 5730 2960 5787 immisceatur
2986 5749 2997 5785 :
3025 5746 3151 5784 nam
3179 5741 3398 5801 propter
