3880 6256
502 273 599 330 ἳθΙ
1168 281 1437 338 EUSEBII
1475 284 1957 343 CZESARIENSIS
1995 287 2147 345 OPP.
2179 287 2380 344 PARS.
2422 287 2463 346 1.
2503 322 2574 332 -
2610 288 3108 347 APOLOGETICA.
3621 298 3715 353 292

504 388 643 443 hanc
667 388 839 459 ipsam
880 406 1100 447 causam
1146 395 1310 449 etiam
1341 406 1679 467 unguentum
1737 400 2027 458 odoratissi

2161 402 2311 475 ρεῦσι
2343 403 2731 476 παραδοθῆναι,
2762 405 2898 459 ἀλλᾶ
2938 406 3032 459 καὶ
3063 406 3174 470 τοῖς
3208 406 3346 477 μετά
3384 407 3552 461 ταῦτα
3596 427 3707 482 προ-

500 480 757 544 mum,ad
787 483 1046 551 unguenti
1082 499 1241 539 usum
1276 488 1632 557 unguentaria
1672 496 1790 543 arte
1813 504 2042 558 eompon

2165 496 2359 566 φήταις
2383 494 2481 549 καὶ
2510 496 2837 566 βασιλεῦσιν,
2859 492 2939 562 οἷς
2969 499 3061 552 καί¹
3083 499 3265 562 αὐτοῖς
3287 497 3457 569 τούτῳ
3484 480 3714 572 χρίεσθαι

502 573 743 638 solitum,
780 582 838 628 ut
865 590 931 628 eo
969 587 1301 646 ungerentur
1332 582 1426 650 qui
1470 580 1853 637 communibus
1900 583 2064 638 rebus

503 664 717 732 publice
748 666 1074 734 prmficiendi
1102 670 1367 727 fuissent:
1410 683 1464 727 et
1491 673 1697 730 Christi
1727 692 1924 730 nomen
1958 677 2065 746 pri-

473 768 648 819 ;mum
675 753 911 826 Moysem
941 758 1006 815 iis
1029 761 1208 831 quiita
1234 773 1584 835 iungerentur,
1608 767 1933 837 imposuisse
1964 788 1977 824 ε
2012 769 2065 822 id

499 852 680 899 autem
730 853 1003 905 unctionis
1052 868 1223 922 genus
1253 893 1268 918 ,
1320 872 1429 911 non
1488 860 1662 913 solum
1714 860 2063 929 pontificibus

499 933 668 991 fuisse
702 941 979 1010 traditum,
1029 945 1124 998 sed
1175 953 1230 1001 et
1275 950 1555 1018 prophetis
1608 963 1662 1006 et
1710 952 1926 1022 regibus
1969 954 2061 1023 qui

495 1041 683 1097 postea
727 1031 945 1098 fuerint,
980 1038 1183 1106 quibus
1235 1042 1399 1095 etiam
1436 1043 1572 1113 ipsis
1621 1046 1755 1101 solis
1806 1047 1909 1102 hoc
1960 1064 2064 1101 un-

495 1129 696 1190 guento
724 1126 855 1194 ungi
907 1125 989 1182 fas
1034 1139 1197 1185 esset.
1249 1131 1374 1188 Haec
1422 1136 1586 1206 igitur
1642 1138 1791 1193 dictu
1843 1138 2061 1209 quidem

496 1211 742 1268 faciliora
783 1216 1034 1283 fuissent,
1070 1222 1229 1294 longe
1257 1233 1439 1281 tamen
1480 1238 1687 1283 remota
1721 1246 1750 1284 a
1786 1231 1969 1284 divina
2009 1239 2063 1285 et

496 1303 715 1359 sublimi
756 1310 1030 1379 propheta}
1059 1314 1233 1385 ipsius
1263 1318 1639 1389 intelligentia.
1674 1321 1950 1392 Siquidem
1976 1323 2066 1376 ad-

495 1394 760 1453 mirabilis
792 1400 901 1464 ille,
931 1410 1093 1473 atque
1129 1405 1319 1476 ingens
1359 1425 1547 1465 revera
1580 1425 1858 1467 sacrorum
1887 1415 2061 1471 admi-

494 1484 778 1552 nistrator,
812 1492 903 1559 qui
925 1508 1137 1550 onmem
1181 1507 1447 1553 terrenam
1478 1509 1535 1555 et
1564 1516 1880 1572 corpoream
1904 1517 2061 1561 natu-

494 1590 633 1639 ram,
670 1579 723 1632 in
757 1583 888 1637 solis
926 1594 1151 1640 noverat
1181 1590 1536 1658 qualitatibus
1559 1594 1874 1660 discretam,
1909 1599 2060 1655 nullo

493 1667 656 1722 modo
688 1670 846 1725 aliam
876 1675 982 1728 alia
1015 1677 1223 1733 honore
1249 1690 1343 1735 aut
1371 1685 1545 1752 pretio
1576 1684 1877 1755 digniorem
1910 1688 2058 1758 judi-

494 1759 660 1829 cavit,
697 1771 882 1832 utpote
913 1781 1036 1821 cum
1066 1772 1249 1825 omnia
1278 1784 1464 1830 nosset
1488 1792 1554 1830 ex
1583 1777 1771 1832 eadem
1802 1787 1920 1834 orta
1941 1798 2058 1835 ma-
2092 1764 2132 1822 Β

2166 586 2348 656 μόνοις
2389 586 2507 651 ὲξδν
2534 583 2603 659 ἦν
2651 586 2728 658 τῷ
2754 590 2928 660 μύρῳ.
2961 589 3144 643 Ταῦτα
3179 591 3276 660 μὲν
3304 586 3398 644 οὖν
3444 594 3715 664 προχειρό-

2161 694 2295 749 τερα
2334 677 2399 733 ἂν
2443 679 2550 751 εἴη,
2586 679 2773 751 πόρρω
2808 697 2873 748 γε
2909 679 3013 751 μὴν
3047 680 3360 734 καθεστῶτα
3408 683 3506 753 τῆς
3549 684 3714 739 ἐνθέου

2163 772 2257 824 καὶ
2288 771 2658 842 μεγαλοφυοῦς
2685 771 2776 824 τοῦ
2807 775 3087 844 προφήτου
3127 773 3381 838 διανοίας.
3425 776 3479 828 ’0
3512 775 3617 846 γάρ
3642 794 3714 830 τοι

2163 862 2463 934 Θαυμάσιος
2489 866 2713 928 ἐκεῖνος,
2742 864 2836 916 καὶ
2863 864 3035 934 μέγας
3056 864 3130 929 ὡς
3153 866 3365 936 ἀληθῶς
3390 867 3712 939 ἱεροφάντης,

2164 956 2342 1008 πᾶσαν
2366 953 2541 1025 γεώδη
2577 954 2670 1006 καὶ
2695 955 3010 1024 σωματικὴν
3042 954 3227 1008 οὐσίαν
3262 958 3319 1010 ἐν
3356 955 3542 1025 μόναις
3576 957 3715 1023 εἰδὼς

2160 1050 2281 1110 ταῖς
2304 1046 2547 1117 ποιότησι
2575 1045 3010 1116 διακεκριμένην,
3046 1049 3164 1099 κατ’
3189 1046 3376 1099 οὐδένα
3400 1046 3594 1116 τρόπον
3618 1048 3714 1101 ἐτέ-

2164 1156 2261 1209 ραν
2313 1141 2410 1209 τῆς
2456 1138 2647 1209 ἐτέρας
2695 1137 3063 1210 προύτίμησεν
3114 1138 3200 1203 ἂν,
3250 1140 3320 1193 τὰ
3364 1139 3521 1192 πάντ’
3572 1140 3711 1205 εἰδὼς

2164 1231 2292 1300 μιᾶς
2326 1229 2455 1283 ὄντα
2481 1228 2676 1297 ἔγγονα
2710 1228 2839 1298 ὕλης
2863 1227 2922 1280 οῦ
2952 1246 3081 1281 ποτε
3112 1228 3372 1299 ἑστώσης,
3407 1230 3528 1282 οὐδὲ
3558 1248 3608 1283 τι
3634 1230 3712 1300 βέ-

2161 1321 2311 1376 ϐαιον
2337 1323 2393 1374 ἐν
2434 1325 2500 1393 τῇ
2542 1322 2701 1390 φύσει
2732 1322 2979 1393 ἐχούσης,
3025 1322 3111 1374 ἀεὶ
3142 1319 3197 1372 δὲ
3234 1320 3483 1391 ῥεούσης,
3513 1323 3601 1374 καὶ
3631 1321 3713 1374 ἐπὶ

2160 1412 2258 1482 τὴν
2284 1412 2489 1466 οἰκείαν
2519 1411 2723 1483 φθορὰν
2747 1412 3128 1483 ἐπειγομένης.
3158 1410 3366 1466 Οὔκουν
3407 1413 3469 1465 τὸ
3493 1412 3587 1483 ἡδὺ
3617 1412 3712 1466 τῶν

2162 1505 2427 1576 σωμάτων
2459 1505 2650 1570 εἵλετο,
2693 1506 2797 1560 οὐδ’
2839 1505 2969 1558 αὐτὸ
3007 1505 3126 1558 καθ’
3151 1506 3282 1558 αὐτὸ
3312 1504 3633 1578 προύκρινεν
3656 1505 3712 1559 ἂν

2158 1598 2219 1650 τὸ
2241 1599 2349 1651 ἀπὸ
2371 1598 2480 1653 τῶν
2504 1597 2808 1669 αἰσθήσεων
2840 1597 3109 1669 προσηνές
3129 1614 3142 1628 ο
3174 1600 3348 1669 χαμαὶ
3375 1599 3485 1671 γὰρ
3517 1600 3607 1652 καὶ
3633 1600 3712 1653 ἐπὶ

2161 1691 2424 1760 σωμάτων
2455 1690 2645 1763 ἡδονὴν
2679 1691 2947 1763 πεσούσης
2975 1690 3118 1745 τοῦτ’
3143 1692 3210 1746 ἂν
3234 1693 3318 1763 εἴη
3345 1693 3404 1746 τὸ
3434 1692 3602 1756 πάθος
3623 1693 3711 1763 ψυ-

2162 1783 2279 1853 χῆς.
2315 1783 2512 1852 Μυρίοι
2546 1783 2675 1851 γοῦν
2706 1783 2812 1836 τῶν
2843 1783 2912 1836 τὰ
2948 1782 3174 1854 σώματα
3204 1784 3601 1856 τεθηλυμένων,
3623 1788 3710 1857 ὲμο

492 1848 651 1913 teria,
705 1868 826 1922 quae
864 1872 1042 1927 neque
1095 1877 1335 1932 unquam
1399 1867 1582 1931 sistit,
1630 1884 1806 1938 neque
1862 1872 2043 1926 stabili

2160 1848 2349 1940 παθεῖς
2394 1848 2568 1941 άλλως
2610 1877 2702 1930 καὶ
2750 1848 3056 1942 ἀκόλαστοι,
3104 1877 3289 1949 μύρων
3321 1848 3428 1932 ’καί
3472 1848 3710 1932 ποικίλων

488 1942 783 2014 quidquam
827 1949 880 2003 in
925 1960 1121 2007 natura
1153 1955 1334 2020 habet,
1372 1974 1588 2030 semper
1619 1971 1799 2017 autem
1839 1962 1978 2029 fluit,
2005 1976 2043 2021 e1

2158 1968 2498 2040 περιεργίαις
2544 1969 2834 2041 χρώμενοι,
2868 1970 3050 2040 πάσης
3078 1972 3305 2040 αἰσχρᾶς
3342 1971 3434 2024 καὶ
3472 1970 3711 2043 ρυπὼσης

488 2033 557 2087 ad
618 2040 891 2107 propriam
941 2045 1342 2115 corruptionem
1396 2048 1639 2106 festinat.
1701 2052 1820 2109 Non
1893 2056 2043 2126 igitun

2155 2033 2414 2123 δυσωδίας
2439 2033 2734 2131 rigida-taxat;
2760 2033 3105 2132 ἐπιφέρονται
3129 2079 3142 2092 ο
3272 2033 3508 2134 ἔμπαλιν
3537 2064 3583 2116 oi
3612 2033 3713 2116 θεοὲ

488 2127 633 2195 quod
658 2144 823 2186 suave
848 2144 993 2189 esset
1022 2136 1077 2190 in
1105 2141 1426 2209 corporibus
1455 2143 1637 2214 elegit,
1673 2160 1848 2215 neque
1877 2147 2055 2217 ipsum

487 2231 587 2286 per
613 2234 671 2273 se
699 2223 843 2290 quod
880 2239 1073 2281 sensus
1107 2228 1253 2297 ipsos
1282 2231 1634 2298 demulceret,
1661 2238 1928 2305 praetulit;
1954 2239 2055 2294 hoc

487 2323 721 2380 namque
750 2314 944 2370 animae
968 2318 1156 2372 vitium
1186 2320 1379 2377 fuisset
1406 2340 1528 2394 qua:
1565 2326 1618 2379 in
1649 2327 1873 2383 humum
1907 2336 1960 2384 et
1985 2330 2055 2385 ad

483 2414 776 2471 corporum
812 2407 1144 2478 voluptatem
1188 2412 1510 2471 declinaret.
1544 2418 1755 2474 Etenim
1804 2422 2054 2477 innume-

485 2490 688 2548 rabiles
712 2493 1024 2553 effeminata
1066 2514 1296 2573 corpora
1344 2507 1628 2575 habentes,
1651 2518 1706 2564 et
1738 2513 1941 2583 alioqui
1971 2514 2053 2568 vi-

479 2581 573 2637 tiis
602 2583 844 2653 obnoxii,
901 2599 956 2645 et
1003 2590 1448 2665 intemperantes,
1506 2603 1599 2670 qui
1653 2581 2051 2674 unguentorum

479 2691 711 2746 operosa
752 2681 1012 2737 varietate
1047 2684 1127 2738 uti
1172 2688 1368 2753 solent,
1393 2692 1602 2748 animas
1648 2694 1866 2751 interim
1902 2700 2051 2753 omni

479 2765 725 2824 fmditate
744 2773 1108 2844 omnibusque
1130 2780 1390 2836 sordibus
1420 2783 1560 2838 male
1588 2785 1797 2842 olentes
1816 2788 2052 2845 circum-

479 2855 698 2914 ferunt:
738 2861 880 2916 sicut
911 2879 943 2918 e
970 2869 1248 2923 contrario
1276 2873 1369 2940 qui
1401 2872 1495 2927 Dei
1526 2876 1685 2930 amici
1708 2886 1856 2945 sunt,
1877 2880 2049 2950 ipsam

477 2947 737 3005 virtutem
790 2954 1022 3018 olentes,
1065 2964 1119 3013 et
1153 2962 1325 3017 multo
1364 2967 1801 3033 praestantiorem
1847 2985 1878 3024 a
1928 2988 2050 3029 mo-

476 3038 650 3094 destia
679 3055 844 3113 atque
883 3062 911 3101 a
932 3048 1147 3117 justitia
1182 3061 1235 3108 et
1268 3054 1336 3108 ab
1356 3056 1502 3110 omni
1531 3059 1733 3128 pietate
1771 3062 2046 3122 balantem

476 3130 851 3204 fragrantiam,
872 3156 1036 3209 quam
1067 3143 1134 3199 de
1165 3153 1324 3201 terra;
1347 3148 1714 3208 odoramentis
1745 3146 2045 3224 trahentes,

473 3225 699 3282 odorem
761 3244 1055 3301 corporum
1116 3252 1238 3306 qua:
1285 3242 1516 3296 materia
1566 3253 1841 3314 constant,
1892 3250 2048 3306 nihili

474 3330 701 3384 prorsus
727 3319 952 3377 faciunt.
985 3323 1112 3381 Haec
1141 3328 1304 3400 igitur
1337 3347 1462 3387 cum
1490 3337 1709 3408 egregie
1748 3340 2046 3399 admodum

472 3419 728 3481 percepta
756 3420 811 3468 et
837 3417 1052 3487 cognita
1076 3419 1312 3478 haberet
1343 3426 1623 3496 propheta,
1647 3442 2045 3500 unguentorum

469 3507 635 3571 atque
673 3504 1026 3561 incensurum
1080 3512 1286 3567 nullam
1325 3517 1655 3588 praecipuam
1689 3523 1909 3592 gerebat
1947 3540 2045 3579 cu-

467 3607 585 3647 ram
607 3612 622 3648 :
641 3597 928 3654 meliorum
959 3616 1089 3658 vero
1118 3618 1181 3658 ac
1207 3605 1515 3663 divinarum
1547 3626 1730 3667 rerum
1752 3614 2038 3686 imagines,

466 3695 729 3756 quantum
760 3699 973 3761 poterat
1010 3711 1109 3764 per
1137 3712 1367 3769 corpora
1405 3701 1474 3759 iis
1514 3704 1710 3773 quisic
1751 3709 2037 3777 duntaxat,

464 3794 641 3849 neque
665 3797 900 3854 usquam
934 3787 1091 3842 aliter
1124 3788 1338 3848 divinas
1391 3810 1480 3850 res
1533 3797 1719 3855 doceri
1767 3808 2036 3870 poterant,

463 3870 774 3927 exhibebat.
803 3872 937 3930 Nam
973 3878 1119 3947 quod
1158 3880 1337 3950 ipsum
1382 3884 1489 3940 hoc
1535 3888 1780 3945 divinum
1822 3909 2039 3965 quoque

462 3965 744 4018 oraculum
761 3969 1122 4037 responderit,
1140 3974 1314 4042 palam
1334 3974 1667 4050 descriptum
1687 3983 1937 4053 habetur,
1951 3987 2037 4044 his

461 4053 673 4109 verbis:
703 4073 721 4106 ι
746 4054 881 4113 Vide
905 4066 963 4111 ut
985 4057 1155 4117 facias
1173 4064 1356 4119 omnia
1378 4067 1445 4122 ad
1463 4073 1739 4143 exemplar
1765 4079 1907 4146 quod
1937 4079 2034 4135 tibi

462 4151 829 4201 monstratum
852 4158 936 4205 est
956 4151 1013 4205 in
1044 4156 1309 4209 monte“.
1335 4176 1354 4208 ι
1395 4159 1567 4228 Igitur
1595 4165 1824 4220 aliarum
1850 4184 2033 4225 rerum

460 4250 583 4288 cum
602 4237 887 4306 perliceret
901 4242 1016 4298 haec
1027 4260 1147 4314 quae
1159 4249 1489 4318 exemplaria
1509 4255 1791 4313 nominare
1808 4274 2034 4317 consue-

458 4330 709 4392 vit,illum
727 4336 984 4405 unguenti
1002 4352 1160 4393 usum
1178 4340 1432 4412 illamque
1445 4346 1755 4403 unctionem
1776 4354 2026 4410 sancivit.

2158 2151 2349 2219 φιλεῖς,
2378 2152 2578 2224 ἀρετῆς
2610 2152 2953 2223 ἐμπνέοντες,
2989 2154 3086 2224 τὴν
3121 2154 3253 2208 πολὺ
3296 2154 3595 2239 κρείττονα
3617 2155 3710 2207 τῶν

2156 2242 2263 2296 ἀπὸ
2300 2244 2402 2313 γῆς
2432 2244 2734 2316 ἀρωμάτων
2762 2244 2860 2316 τὴν
2882 2244 2990 2298 ἀπὸ
3015 2245 3383 2316 σωφροσύνης,
3416 2247 3513 2301 καὶ
3534 2247 3711 2300 δικαιο-

2157 2337 2340 2409 σύνης,
2392 2337 2484 2389 καὶ
2529 2337 2708 2407 πάσης
2749 2337 3025 2403 εὐσεϐείας
3066 2339 3452 2410 ἀναδιδομένην
3501 2340 3709 2394 εὐωδίαν

2153 2429 2500 2500 ἐπαγόμενοι,
2535 2429 2633 2501 τὴν
2661 2428 2768 2482 τῶν
2796 2428 2994 2483 ὑλικῶν
3037 2431 3302 2501 σωμάτων
3338 2430 3508 2501 ὀδμὴν
3542 2432 3596 2483 ὲν
3631 2432 3710 2484 ού-

2151 2518 2263 2572 δενλ⁸
2290 2518 2552 2572 τέθεινται
2585 2517 2745 2591 λόγῳ.
2790 2519 2971 2574 Ταῦτα
2995 2516 3170 2575 οὖντεῦ
3211 2521 3354 2592 μάλα
3382 2521 3663 2592 διειληφὼς
3683 2524 3708 2575 ὁ

2153 2613 2457 2684 προφήτης,
2504 2612 2687 2684 μύρων
2733 2614 2830 2684 μὲν
2866 2613 2897 2684 ἦ
2939 2614 3031 2667 καὶ
3068 2614 3427 2685 θυμιαμάτων
3471 2615 3708 2685 οὐδεμίαν

2153 2704 2567 2776 προηγουμένην
2601 2707 2834 2758 ἐποιεῖτο
2862 2706 3115 2777 φροντίδα
3142 2723 3155 2736 °
3186 2707 3511 2780 κρειττόνων
3545 2706 3598 2760 δὲ
3628 2705 3708 2758 καὶ

2151 2795 2314 2850 θείων
2357 2797 2587 2862 εἰκόνας,
2634 2797 2708 2860 ὡς
2736 2798 2862 2868 ἐνῆν
2907 2798 3150 2863 δυνατὸν,
3184 2799 3272 2852 διὰ
3315 2798 3583 2870 σωμάτων
3610 2799 3708 2859 τοῖς

2155 2889 2331 2962 μόνως
2358 2888 2549 2954 οὕτως,
2586 2891 2680 2943 καὶ
2715 2890 2825 2944 οὐδ’
2857 2890 3033 2956 ἄλλως
3066 2893 3137 2945 τὰ
3182 2891 3300 2944 θεῖα
3328 2891 3463 2954 οἵοις
3496 2908 3554 2943 τε
3583 2906 3706 2961 μαν-

2152 2982 2332 3038 θάνειν
2360 2981 2663 3054 παρεδίδου.
2693 2983 2814 3037 ’Ότι
2837 2981 2900 3054 δὴ
2921 2982 3067 3035 τοῦτ’
3092 2983 3223 3037 αὐτὸ
3260 2983 3352 3036 καὶ
3375 2983 3405 3034 ὁ
3434 2981 3572 3043 θεῖος
3600 2980 3709 3032 ἀνα-

2151 3073 2456 3146 γέγραπται
2489 3071 2727 3146 εἰρηκὼς
2759 3075 3006 3146 χρησμὸς
3029 3076 3226 3146 φήσας,
3255 3093 3274 3125 ι
3305 3075 3449 3145 Ὅρα
3494 3073 3708 3143 ποιήσῃς

2151 3166 2328 3220 πάντα
2353 3164 2495 3221 κατά
2516 3166 2606 3221 τὸν
2625 3166 2793 3221 τύπον
2818 3169 2908 3222 τὸν
2933 3168 3215 3240 δειχθέντα
3246 3184 3327 3220 σοι
3359 3168 3418 3220 ὲν
3448 3164 3523 3235 τῷ
3551 3164 3701 3235 ὄρει.»

2146 3259 2216 3312 Σύ
2226 3260 2394 3330 μϐολα
2422 3259 2709 3332 τοιγαροῦν
2736 3261 2956 3333 ἐτέρων,
2984 3260 3128 3332 άπερ
3151 3259 3354 3322 τύπους
3389 3257 3578 3311 εἴωθεν
3600 3258 3704 3309 ὀνο-

2147 3350 2359 3422 μάζειν,
2376 3348 2766 3421 ὲπιτελῶν,τὴν
2780 3349 2866 3403 διὰ
2886 3349 2981 3403 τοῦ
3003 3348 3175 3420 μύρου
3194 3348 3371 3449 χρίσιν
3389 3345 3702 3449 mpelisca.

2146 3444 2214 3497 ’⁸0
2233 3459 2295 3511 γε
2315 3442 2421 3515 μὴν
2439 3441 2639 3514 ὑψηλὸς
2660 3442 2755 3496 καὶ
2770 3445 2828 3496 ἐν
2843 3443 3175 3513 ἀπορρήτοις
3195 3438 3353 3508 δηλού
3362 3456 3525 3509 μενος
3543 3438 3705 3491 αὐτῶν

2141 3532 2317 3603 λόγος,
2348 3534 2422 3597 ὡς
2453 3533 2672 3587 δυνατὸν
2696 3535 2895 3596 εἰπεῖν,
2934 3532 3190 3603 τοιαύτην
3230 3532 3343 3602 εἶχε
3368 3531 3622 3595 διάνοιαν,
3651 3528 3704 3582 τὸ

2145 3627 2303 3698 μόνον
2353 3625 2554 3695 ἀγαθὸν
2599 3627 2692 3680 καὶ
2728 3626 2886 3696 μόνον
2921 3625 2997 3689 ὡς
3025 3624 3240 3696 ἀληθῶς
3289 3623 3491 3726 egeas;
3520 3623 3608 3726 xui.
3635 3620 3705 3726 1f-

2144 3736 2283 3790 μιον,
2311 3719 2403 3772 καὶ
2432 3720 2613 3790 πάσης
2647 3718 2745 3788 μὲν
2772 3717 2915 3788 ζωῆς
2942 3716 3133 3782 αἴτιον,
3166 3717 3298 3770 πᾶσι
3332 3716 3388 3768 δὲ
3412 3715 3512 3769 σὺν
3539 3714 3612 3783 τῷ
3635 3714 3703 3765 εἷ-

2138 3826 2225 3863 ναι
2266 3808 2358 3861 καὶ
2382 3807 2442 3860 τὸ
2467 3802 2525 3861 εὖ
2555 3802 2692 3860 εἶναι
2726 3806 3119 3878 δεδωρημένον,
3147 3805 3204 3858 ἓν
3230 3804 3374 3859 τοῦθ’
3408 3807 3442 3859 ὁ
3471 3806 3596 3877 παρ’
3625 3803 3703 3855 Ἐ-

2138 3899 2346 3971 σραίοις
2379 3897 2535 3966 λόγος
2559 3898 2826 3967 ἠπίστατο
2865 3897 3079 3970 πρῶτον
3111 3897 3219 3950 τῶν
3250 3897 3384 3950 ὅλων
3403 3898 3595 3959 αἴτιον,
3620 3894 3703 3948 αύ-

2135 3993 2224 4047 τδν
2269 3992 2333 4063 δὴ
2376 3992 2467 4045 τὸν
2511 3990 2771 4060 Ὕψιστον
2812 3991 2906 4044 καὶ
2946 3989 3293 4061 παμϐασιλέα
3328 3990 3438 4043 τῶν
3467 3989 3701 4042 ἁπάντων

2133 4083 2462 4156 δημιουργὸν
2512 4082 2663 4136 Θεόν.
2712 4081 2913 4135 Τούτου
2971 4081 3035 4153 δὴ
3083 4078 3177 4135 οὖν
3212 4080 3310 4153 τὴν
3343 4079 3589 4150 παναλκῆ
3620 4076 3702 4130 καὶ

2134 4175 2446 4245 πανάγαθον
2502 4174 2597 4228 καὶ
2630 4174 2827 4238 παντὸς
2859 4172 3023 4227 καλοῦ
3049 4172 3280 4244 χορηγὸν
3316 4171 3418 4242 τῆς
3460 4169 3701 4271 ἀνωτάτω

2133 4269 2227 4323 καὶ
2272 4269 2563 4340 ἀγεννήτου
2619 4267 2868 4337 θεότητος
2922 4266 3147 4337 δύναμιν
3190 4265 3259 4319 τὸ
3298 4264 3441 4318 θεῖον
3493 4264 3699 4328 Πνεῦμα

2133 4359 2543 4432 προσαγορεύει.
2595 4359 2794 4430 Διόπερ
2836 4358 3071 4431 Χριστὸν
3118 4359 3209 4411 καὶ
3249 4357 3575 4428 ἡλειμμένον
3617 4351 3697 4403 τὸν

460 4424 617 4496 173
648 4425 944 4483 Sublimior
993 4436 1178 4486 tamen
1229 4448 1418 4488 earum
1461 4453 1665 4505 rerum,
1718 4450 1772 4496 et
1815 4460 1935 4515 quae
1961 4447 2029 4504 de

2144 4424 2298 4521 ιύτῆς
2323 4424 2333 4430 ⁷
2355 4424 2578 4523 μέτοχον
2634 4448 2918 4504 ἀποκαλεῖ.
2968 4448 3186 4502 Ἐλαιον
3219 4449 3277 4502 δὲ
3307 4448 3397 4500 τὸν
3437 4440 3611 4497 οἶκτον
3645 4442 3695 4493 ὲν

454 4518 672 4573 arcanis
708 4517 938 4588 proferri
971 4523 1110 4579 solet
1133 4527 1294 4590 ratio,
1328 4543 1427 4597 pro
1458 4545 1576 4586 mea
1602 4533 1819 4591 dicendi
1858 4538 2028 4596 facul-

452 4616 584 4675 tate,
609 4611 769 4664 talem
802 4611 1034 4669 habebat
1060 4630 1304 4682 sensum,
1335 4621 1478 4691 quod
1502 4625 1679 4679 solum
1714 4640 1801 4685 est
1824 4630 2026 4688 bonum

451 4701 740 4771 solumque
810 4719 1000 4760 revera
1055 4707 1306 4779 fragrans
1366 4723 1420 4768 et
1477 4717 1808 4788 pretiosum,
1864 4732 2027 4795 atque

449 4794 629 4848 omnis
682 4794 903 4864 quidem
943 4797 1069 4852 vita:
1099 4801 1427 4872 principium
1467 4814 1523 4859 et
1578 4805 1720 4871 fons,
1768 4794 2024 4873 omnibus

448 4890 628 4938 autem
659 4901 765 4940 una
794 4902 919 4942 cum
950 4902 1013 4943 eo
1049 4899 1107 4944 ut
1141 4892 1271 4954 sint,
1301 4895 1465 4948 etiam
1503 4896 1555 4950 id
1587 4938 1601 4959 ,
1631 4909 1689 4953 ut
1723 4902 1860 4958 liene
1887 4908 2016 4970 sint,

445 4972 704 5045 largiens,
737 4993 904 5032 unum
930 4994 1060 5035 sane
1086 4980 1218 5037 illud
1256 4982 1606 5042 Hebraeorum
1630 4991 1768 5046 ratio
1794 5006 2020 5053 noverat

445 5065 535 5130 qui
562 5067 780 5136 quidem
813 5071 1051 5124 universi
1083 5073 1291 5140 primus
1329 5086 1413 5132 est
1456 5092 1670 5149 auctor,
1702 5087 1879 5157 ipsum
1912 5089 2021 5142 uti-

443 5172 551 5223 que
575 5158 900 5213 altissimum
934 5175 997 5215 ac
1021 5163 1192 5219 totius
1221 5179 1435 5237 regem,
1456 5176 1812 5248 omniumque
1835 5195 2017 5236 rerum

444 5247 691 5317 opificem
720 5249 909 5306 Deum.
965 5252 1141 5324 Hujus
1191 5257 1374 5329 itaque
1432 5280 1701 5336 supremae
1726 5247 1899 5341 atque
1934 5273 2020 5328 in-

445 5340 638 5409 genita:
671 5342 869 5399 divinae
894 5347 1148 5401 essentia:
1177 5351 1433 5409 virtutem
1457 5357 1629 5423 illam,
1660 5376 1782 5431 quae
1810 5340 2012 5419 omnia

442 5432 608 5497 valet,
638 5448 798 5490 omne
821 5436 1023 5492 bonum
1047 5448 1287 5509 praestat,
1305 5459 1522 5502 omnem
1554 5452 2015 5520 pulchritudinem

443 5522 842 5592 subministrat,
884 5527 1108 5585 divinus
1160 5530 1420 5605 Spiritus,
1477 5545 1700 5614 proprio
1728 5554 1783 5600 et
1818 5561 2017 5604 convc-

356 5639 364 5648 -
444 5618 613 5672 nienti
642 5623 890 5692 exemplo
927 5623 1215 5687 conferens
1243 5639 1406 5705 atque
1440 5641 1887 5712 accommodans,
1919 5642 2012 5700 Dei

517 5736 559 5767 "
595 5736 764 5795 Exod.
803 5757 949 5803 xm.
993 5743 1080 5799 30.

2126 4543 2334 4606 τούτοις
2362 4542 2546 4606 ἄκουε,
2575 4541 2709 4613 μηδὲ
2730 4542 2829 4614 τὴν
2855 4542 2946 4595 ἐπὶ
2974 4543 3084 4604 τοῖς
3118 4536 3490 4608 δυσπραγοῦσι
3514 4539 3692 4609 λύπην,

2126 4638 2239 4690 ἀλλ’
2272 4638 2300 4690 ὃ
2333 4638 2545 4708 καρπὸς
2590 4636 2685 4690 τοῦ
2711 4636 2878 4705 φυτοῦ
2915 4634 3228 4704 παρίστησι,
3269 4633 3330 4686 τὸ
3359 4634 3540 4706 πάσης
3574 4635 3693 4705 ἀμι-

2125 4730 2218 4797 γὲς
2247 4731 2420 4801 ὑγρᾶς
2454 4728 2607 4798 ὕλης,
2643 4728 2819 4798 φωτὸς
2850 4723 3160 4796 αὐξητικὸν,
3187 4725 3365 4779 πόνων
3398 4725 3455 4778 θε
3467 4742 3694 4799 ραπευτι-

2126 4823 2240 4885 κὸν,
2271 4822 2531 4892 καμάτων
2559 4818 2983 4882 ἀπαλλακτικὺν,
3021 4817 3082 4870 τὸ
3118 4816 3225 4871 τῶν
3259 4819 3692 4890 ἐπαλειψαμένων

2127 4911 2491 4983 φαιδροποιδν,
2523 4910 2698 4981 φωτὸς
2734 4909 2890 4980 δίκην
2921 4908 3243 4963 ἀποστίλϐον
3266 4912 3385 4974 ταῖς
3417 4927 3692 4982 μαρμαρυ-

2126 5005 2269 5070 γαῖς,
2314 5001 2508 5072 διαυγῆ
2558 5017 2618 5053 τε
2671 4999 2766 5052 καλ⁸
2797 4997 3056 5071 λαμπρὰν
3089 4998 3198 5052 τῶν
3234 4998 3383 5070 αὐτῷ
3409 5000 3692 5099 χρωμιῗωὲ

2125 5092 2419 5148 ἀποτελοῦν
2448 5093 2548 5164 τὴν
2576 5090 2718 5161 ὄψιν,
2753 5092 2782 5144 ὅ
2828 5107 2991 5161 φησιν
3045 5091 3078 5162 ἡ
3116 5089 3237 5144 θεία
3277 5091 3492 5163 Γραφή·
3537 5109 3557 5141 ι
3594 5089 3689 5141 Τοῦ

2127 5183 2371 5255 ἱλαρῦναι
2403 5183 2694 5255 πρόσωπον
2739 5183 2797 5234 ἐν
2844 5180 3025 5252 ἐλαίῳ.
3069 5199 3089 5231 ι
3130 5180 3318 5253 Τούτῳ
3356 5180 3638 5252 τοιγαροῦν
3664 5180 3690 5231 ὁ

2125 5276 2299 5345 λόγος,
2330 5275 2433 5346 τὴν
2458 5275 2720 5328 ἀνωτάτω
2756 5272 2853 5327 τοῦ
2884 5273 3260 5345 πανηγεμόνος
3302 5276 3398 5373 καὶ
3427 5274 3691 5373 παμϐασι-

2120 5368 2257 5430 λέως
2289 5365 2425 5423 Θεοῦ
2467 5365 2693 5438 δύναμιν
2732 5364 3024 5437 συμϐαλὼν
3043 5364 3121 5436 τῷ
3150 5365 3565 5438 παραδείγματι,
3605 5364 3689 5418 τὸν

2121 5458 2337 5531 πρῶτον
2366 5458 2459 5512 καὶ
2490 5458 2648 5529 μόνον
2668 5458 2776 5528 ὅλῳ
2798 5457 2972 5528 τούτῳ
3001 5456 3313 5529 χρισθέντα,
3338 5458 3431 5512 καὶ
3460 5456 3559 5530 τῆς
3589 5454 3689 5507 θεῖ·

2119 5553 2220 5623 κῆς
2258 5554 2354 5606 καὶ
2380 5553 2545 5606 πᾶσιν
2564 5550 2929 5621 ἀκοινωνήτου
2963 5550 3239 5621 πατρικῆς
3266 5549 3489 5615 εὐωδίας
3516 5564 3686 5622 μετειο

2119 5644 2347 5717 ληφότα,
2380 5645 2474 5703 καὶ
2506 5644 2665 5721 μόνον
2695 5642 2756 5708 ἐξ
2786 5640 2948 5697 αὐτοῦ
2987 5643 3313 5714 γενννθέντα
3340 5641 3474 5697 Θεὸν
3503 5642 3684 5710 Λόγον,
