  <div class='ocr_page' id='page_1' title='image "/cluster/home/n/w/nwhite01/storage/ocr_20150623/22/mdp.39015078384388/154.png"; bbox 0 0 3880 6256; ppageno 0'>
   <div class='ocr_carea' id='block_1_1' title="bbox 186 278 2534 348">
    <p class='ocr_par' dir='ltr' id='par_1_1' title="bbox 186 278 2534 348">
     <span class='ocr_line' id='line_1_1' title="bbox 186 278 2534 348; baseline -0.006 -2"><span class='ocrx_word' id='word_1_1' title='bbox 186 292 277 348; x_wconf 70' lang='lat'><strong>235</strong></span> <span class='ocrx_word' id='word_1_2' title='bbox 1096 283 1756 341; x_wconf 74' lang='lat' dir='ltr'><strong>DEMONSTRATIONIS</strong></span> <span class='ocrx_word' id='word_1_3' title='bbox 1795 279 2257 337; x_wconf 69' lang='lat' dir='ltr'><strong>EVANGELICA‘J</strong></span> <span class='ocrx_word' id='word_1_4' title='bbox 2299 280 2406 335; x_wconf 86' lang='lat' dir='ltr'><strong>LIB</strong></span> <span class='ocrx_word' id='word_1_5' title='bbox 2445 278 2534 334; x_wconf 77' lang='lat' dir='ltr'><strong>IV.</strong></span> 
     </span>
    </p>
   </div>
   <div class='ocr_carea' id='block_1_2' title="bbox 3311 274 3423 330">
    <p class='ocr_par' dir='ltr' id='par_1_2' title="bbox 3311 274 3423 330">
     <span class='ocr_line' id='line_1_2' title="bbox 3311 274 3423 330; baseline 0 -2"><span class='ocrx_word' id='word_1_6' title='bbox 3311 274 3423 330; x_wconf 72' lang='grc'><strong>994</strong></span> 
     </span>
    </p>
   </div>
   <div class='ocr_carea' id='block_1_3' title="bbox 188 392 1759 477">
    <p class='ocr_par' dir='ltr' id='par_1_3' title="bbox 188 396 1749 477">
     <span class='ocr_line' id='line_1_3' title="bbox 188 396 1749 477; baseline -0.004 -20"><span class='ocrx_word' id='word_1_7' title='bbox 188 406 375 477; x_wconf 77' lang='grc' dir='ltr'><strong>μετοχῇ</strong></span> <span class='ocrx_word' id='word_1_8' title='bbox 423 420 485 457; x_wconf 81' lang='grc' dir='ltr'><strong>τε</strong></span> <span class='ocrx_word' id='word_1_9' title='bbox 527 402 621 456; x_wconf 75' lang='grc' dir='ltr'><strong>τοῦ</strong></span> <span class='ocrx_word' id='word_1_10' title='bbox 659 402 1018 473; x_wconf 74' lang='grc' dir='ltr'><strong>γεννήσαντος</strong></span> <span class='ocrx_word' id='word_1_11' title='bbox 1065 400 1361 470; x_wconf 86' lang='grc' dir='ltr'>ἀγεννήτου</span> <span class='ocrx_word' id='word_1_12' title='bbox 1400 400 1494 454; x_wconf 77' lang='grc' dir='ltr'>καὶ</span> <span class='ocrx_word' id='word_1_13' title='bbox 1533 396 1749 470; x_wconf 78' lang='grc' dir='ltr'>πρώτου</span> 
     </span>
    </p>
   </div>
   <div class='ocr_carea' id='block_1_4' title="bbox 1864 392 3418 477">
    <p class='ocr_par' dir='ltr' id='par_1_4' title="bbox 1864 392 3418 464">
     <span class='ocr_line' id='line_1_4' title="bbox 1864 392 3418 464; baseline -0.005 -16"><span class='ocrx_word' id='word_1_14' title='bbox 1864 393 2030 448; x_wconf 73' lang='lat' dir='ltr'><strong>oleum</strong></span> <span class='ocrx_word' id='word_1_15' title='bbox 2060 394 2313 464; x_wconf 75' lang='lat' dir='ltr'><strong>appellat.</strong></span> <span class='ocrx_word' id='word_1_16' title='bbox 2346 393 2524 460; x_wconf 85' lang='lat' dir='ltr'><strong>Quare</strong></span> <span class='ocrx_word' id='word_1_17' title='bbox 2554 402 2608 448; x_wconf 90' lang='lat' dir='ltr'><strong>et</strong></span> <span class='ocrx_word' id='word_1_18' title='bbox 2636 392 2914 448; x_wconf 75' lang='lat' dir='ltr'><strong>Christum</strong></span> <span class='ocrx_word' id='word_1_19' title='bbox 2938 399 2993 445; x_wconf 90' lang='lat' dir='ltr'><strong>et</strong></span> <span class='ocrx_word' id='word_1_20' title='bbox 3019 397 3240 445; x_wconf 89' lang='lat' dir='ltr'><strong>unctum</strong></span> <span class='ocrx_word' id='word_1_21' title='bbox 3272 404 3418 453; x_wconf 86' lang='lat' dir='ltr'><strong>eum,</strong></span> 
     </span>
    </p>
   </div>
   <div class='ocr_carea' id='block_1_5' title="bbox 188 490 1753 568">
    <p class='ocr_par' dir='ltr' id='par_1_5' title="bbox 188 490 1753 568">
     <span class='ocr_line' id='line_1_5' title="bbox 188 490 1753 568; baseline -0.005 -17"><span class='ocrx_word' id='word_1_22' title='bbox 188 499 270 553; x_wconf 80' lang='grc' dir='ltr'>καὶ</span> <span class='ocrx_word' id='word_1_23' title='bbox 295 496 545 568; x_wconf 76' lang='grc' dir='ltr'><strong>μείζονος</strong></span> <span class='ocrx_word' id='word_1_24' title='bbox 577 494 709 548; x_wconf 77' lang='grc' dir='ltr'>Θεὸν</span> <span class='ocrx_word' id='word_1_25' title='bbox 738 495 802 547; x_wconf 68' lang='grc' dir='ltr'>ὲκ</span> <span class='ocrx_word' id='word_1_26' title='bbox 828 492 961 546; x_wconf 90' lang='grc' dir='ltr'>Θεοῦ</span> <span class='ocrx_word' id='word_1_27' title='bbox 987 491 1384 560; x_wconf 80' lang='grc' dir='ltr'>ἀποφανθέντα,</span> <span class='ocrx_word' id='word_1_28' title='bbox 1407 490 1640 562; x_wconf 81' lang='grc' dir='ltr'>Χριστὸν</span> <span class='ocrx_word' id='word_1_29' title='bbox 1659 491 1753 543; x_wconf 78' lang='grc' dir='ltr'>καὶ</span> 
     </span>
    </p>
   </div>
   <div class='ocr_carea' id='block_1_6' title="bbox 188 583 1752 659">
    <p class='ocr_par' dir='ltr' id='par_1_6' title="bbox 188 583 1752 659">
     <span class='ocr_line' id='line_1_6' title="bbox 188 583 1752 659; baseline -0.003 -19"><span class='ocrx_word' id='word_1_30' title='bbox 188 588 505 659; x_wconf 69' lang='grc' dir='ltr'>ἠλειμμένον</span> <span class='ocrx_word' id='word_1_31' title='bbox 536 584 861 639; x_wconf 82' lang='grc' dir='ltr'>ἀπεκάλεσε.</span> <span class='ocrx_word' id='word_1_32' title='bbox 896 585 985 637; x_wconf 79' lang='grc' dir='ltr'><strong>Διὸ</strong></span> <span class='ocrx_word' id='word_1_33' title='bbox 1010 585 1103 637; x_wconf 68' lang='grc' dir='ltr'>καὶ</span> <span class='ocrx_word' id='word_1_34' title='bbox 1130 586 1187 636; x_wconf 82' lang='grc' dir='ltr'>ὲν</span> <span class='ocrx_word' id='word_1_35' title='bbox 1209 583 1459 654; x_wconf 80' lang='grc' dir='ltr'><strong>Ψαλμοῖς</strong></span> <span class='ocrx_word' id='word_1_36' title='bbox 1485 583 1622 654; x_wconf 84' lang='grc' dir='ltr'>πρὸς</span> <span class='ocrx_word' id='word_1_37' title='bbox 1652 583 1752 635; x_wconf 77' lang='grc' dir='ltr'>αύ-</span> 
     </span>
    </p>
   </div>
   <div class='ocr_carea' id='block_1_7' title="bbox 189 676 1751 751">
    <p class='ocr_par' dir='ltr' id='par_1_7' title="bbox 189 676 1751 751">
     <span class='ocr_line' id='line_1_7' title="bbox 189 676 1751 751; baseline -0.004 -16"><span class='ocrx_word' id='word_1_38' title='bbox 189 683 267 735; x_wconf 84' lang='grc' dir='ltr'>τὸν</span> <span class='ocrx_word' id='word_1_39' title='bbox 294 679 358 751; x_wconf 82' lang='grc' dir='ltr'>δὴ</span> <span class='ocrx_word' id='word_1_40' title='bbox 391 678 582 732; x_wconf 77' lang='grc' dir='ltr'>τοῦτον</span> <span class='ocrx_word' id='word_1_41' title='bbox 625 678 717 733; x_wconf 82' lang='grc' dir='ltr'>τὸν</span> <span class='ocrx_word' id='word_1_42' title='bbox 750 677 854 731; x_wconf 76' lang='grc' dir='ltr'><strong>ὑπὸ</strong></span> <span class='ocrx_word' id='word_1_43' title='bbox 878 677 971 730; x_wconf 80' lang='grc' dir='ltr'><strong>τοῦ</strong></span> <span class='ocrx_word' id='word_1_44' title='bbox 1001 676 1212 749; x_wconf 79' lang='grc' dir='ltr'>Πατρὺς</span> <span class='ocrx_word' id='word_1_45' title='bbox 1254 676 1576 746; x_wconf 78' lang='grc' dir='ltr'>ὴλειμμένον</span> <span class='ocrx_word' id='word_1_46' title='bbox 1618 677 1751 729; x_wconf 85' lang='grc' dir='ltr'>ἀνα-</span> 
     </span>
    </p>
   </div>
   <div class='ocr_carea' id='block_1_8' title="bbox 191 761 1753 840">
    <p class='ocr_par' dir='ltr' id='par_1_8' title="bbox 191 761 1753 840">
     <span class='ocr_line' id='line_1_8' title="bbox 191 761 1753 840; baseline -0.004 -16"><span class='ocrx_word' id='word_1_47' title='bbox 191 774 342 840; x_wconf 71' lang='grc' dir='ltr'>φωνεῖ</span> <span class='ocrx_word' id='word_1_48' title='bbox 398 771 462 823; x_wconf 74' lang='grc' dir='ltr'>τὸ</span> <span class='ocrx_word' id='word_1_49' title='bbox 508 770 716 839; x_wconf 79' lang='grc' dir='ltr'><strong>φάσκον</strong></span> <span class='ocrx_word' id='word_1_50' title='bbox 758 761 860 822; x_wconf 81' lang='grc' dir='ltr'>ὦδε</span> <span class='ocrx_word' id='word_1_51' title='bbox 898 767 1106 837; x_wconf 86' lang='grc' dir='ltr'>λόγιον·</span> <span class='ocrx_word' id='word_1_52' title='bbox 1163 787 1181 819; x_wconf 81' lang='grc' dir='ltr'><strong>ι</strong></span> <span class='ocrx_word' id='word_1_53' title='bbox 1232 769 1289 820; x_wconf 87' lang='grc' dir='ltr'>Ὁ</span> <span class='ocrx_word' id='word_1_54' title='bbox 1329 767 1516 840; x_wconf 84' lang='grc' dir='ltr'>θρόνος</span> <span class='ocrx_word' id='word_1_55' title='bbox 1561 783 1674 829; x_wconf 88' lang='grc' dir='ltr'>σου,</span> <span class='ocrx_word' id='word_1_56' title='bbox 1725 767 1753 818; x_wconf 86' lang='grc' dir='ltr'><strong>ὀ</strong></span> 
     </span>
    </p>
   </div>
   <div class='ocr_carea' id='block_1_9' title="bbox 190 860 1749 933">
    <p class='ocr_par' dir='ltr' id='par_1_9' title="bbox 190 860 1749 933">
     <span class='ocr_line' id='line_1_9' title="bbox 190 860 1749 933; baseline -0.004 -14"><span class='ocrx_word' id='word_1_57' title='bbox 190 866 326 930; x_wconf 73' lang='grc' dir='ltr'>θεὸς,</span> <span class='ocrx_word' id='word_1_58' title='bbox 352 866 438 929; x_wconf 84' lang='grc' dir='ltr'><strong>εἰς</strong></span> <span class='ocrx_word' id='word_1_59' title='bbox 468 865 561 918; x_wconf 83' lang='grc' dir='ltr'>τὸν</span> <span class='ocrx_word' id='word_1_60' title='bbox 593 863 764 919; x_wconf 80' lang='grc' dir='ltr'><strong>αἰῶνα</strong></span> <span class='ocrx_word' id='word_1_61' title='bbox 795 863 889 917; x_wconf 84' lang='grc' dir='ltr'>τοῦ</span> <span class='ocrx_word' id='word_1_62' title='bbox 915 862 1133 926; x_wconf 74' lang='grc' dir='ltr'>αἰῶνοςο</span> <span class='ocrx_word' id='word_1_63' title='bbox 1165 860 1356 933; x_wconf 80' lang='grc' dir='ltr'>ῥάϐδος</span> <span class='ocrx_word' id='word_1_64' title='bbox 1393 860 1684 931; x_wconf 75' lang='grc' dir='ltr'><strong>εὐθύτητος</strong></span> <span class='ocrx_word' id='word_1_65' title='bbox 1716 862 1749 931; x_wconf 86' lang='grc' dir='ltr'><strong>ή</strong></span> 
     </span>
    </p>
   </div>
   <div class='ocr_carea' id='block_1_10' title="bbox 194 951 1749 1031">
    <p class='ocr_par' dir='ltr' id='par_1_10' title="bbox 194 951 1749 1031">
     <span class='ocr_line' id='line_1_10' title="bbox 194 951 1749 1031; baseline -0.004 -21"><span class='ocrx_word' id='word_1_66' title='bbox 194 957 373 1031; x_wconf 75' lang='grc' dir='ltr'>ῥάϐδος</span> <span class='ocrx_word' id='word_1_67' title='bbox 414 956 515 1027; x_wconf 80' lang='grc' dir='ltr'>τῆς</span> <span class='ocrx_word' id='word_1_68' title='bbox 550 955 824 1026; x_wconf 76' lang='grc' dir='ltr'><strong>βασιλείας</strong></span> <span class='ocrx_word' id='word_1_69' title='bbox 854 970 969 1006; x_wconf 87' lang='grc' dir='ltr'>σου.</span> <span class='ocrx_word' id='word_1_70' title='bbox 1020 953 1337 1024; x_wconf 83' lang='grc' dir='ltr'>Ἡγάπησας</span> <span class='ocrx_word' id='word_1_71' title='bbox 1384 951 1749 1021; x_wconf 86' lang='grc' dir='ltr'>δικαιοσύνην,</span> 
     </span>
    </p>
   </div>
   <div class='ocr_carea' id='block_1_11' title="bbox 195 1043 1753 1120">
    <p class='ocr_par' dir='ltr' id='par_1_11' title="bbox 195 1043 1753 1120">
     <span class='ocr_line' id='line_1_11' title="bbox 195 1043 1753 1120; baseline -0.004 -17"><span class='ocrx_word' id='word_1_72' title='bbox 195 1052 274 1104; x_wconf 72' lang='grc' dir='ltr'>καὶ</span> <span class='ocrx_word' id='word_1_73' title='bbox 317 1048 591 1120; x_wconf 74' lang='grc' dir='ltr'>ἐμίσησας</span> <span class='ocrx_word' id='word_1_74' title='bbox 628 1044 873 1100; x_wconf 77' lang='grc' dir='ltr'><strong>ἀδικίαν·</strong></span> <span class='ocrx_word' id='word_1_75' title='bbox 924 1044 1012 1098; x_wconf 76' lang='grc' dir='ltr'>διὰ</span> <span class='ocrx_word' id='word_1_76' title='bbox 1049 1043 1202 1097; x_wconf 82' lang='grc' dir='ltr'>τοῦτο</span> <span class='ocrx_word' id='word_1_77' title='bbox 1248 1043 1431 1115; x_wconf 71' lang='grc' dir='ltr'>ἔχρισε</span> <span class='ocrx_word' id='word_1_78' title='bbox 1462 1060 1521 1096; x_wconf 82' lang='grc' dir='ltr'><strong>σε</strong></span> <span class='ocrx_word' id='word_1_79' title='bbox 1564 1044 1696 1105; x_wconf 82' lang='grc' dir='ltr'>Θεὸς</span> <span class='ocrx_word' id='word_1_80' title='bbox 1724 1044 1753 1097; x_wconf 82' lang='grc' dir='ltr'><strong>ό</strong></span> 
     </span>
    </p>
   </div>
   <div class='ocr_carea' id='block_1_12' title="bbox 194 1136 1751 1208">
    <p class='ocr_par' dir='ltr' id='par_1_12' title="bbox 194 1136 1751 1208">
     <span class='ocr_line' id='line_1_12' title="bbox 194 1136 1751 1208; baseline -0.006 -12"><span class='ocrx_word' id='word_1_81' title='bbox 194 1142 310 1206; x_wconf 79' lang='grc' dir='ltr'>Θεός</span> <span class='ocrx_word' id='word_1_82' title='bbox 366 1159 464 1194; x_wconf 84' lang='grc' dir='ltr'><strong>σου</strong></span> <span class='ocrx_word' id='word_1_83' title='bbox 513 1140 690 1194; x_wconf 75' lang='grc' dir='ltr'>ἔλαιον</span> <span class='ocrx_word' id='word_1_84' title='bbox 730 1137 1102 1206; x_wconf 79' lang='grc' dir='ltr'>ἀγαλλιάσεως</span> <span class='ocrx_word' id='word_1_85' title='bbox 1154 1136 1304 1208; x_wconf 86' lang='grc' dir='ltr'><strong>παρά</strong></span> <span class='ocrx_word' id='word_1_86' title='bbox 1341 1137 1465 1199; x_wconf 87' lang='grc' dir='ltr'>τοὺς</span> <span class='ocrx_word' id='word_1_87' title='bbox 1497 1136 1751 1207; x_wconf 83' lang='grc' dir='ltr'><strong>μετόχους</strong></span> 
     </span>
    </p>
   </div>
   <div class='ocr_carea' id='block_1_13' title="bbox 198 1228 1752 1304">
    <p class='ocr_par' dir='ltr' id='par_1_13' title="bbox 198 1228 1752 1304">
     <span class='ocr_line' id='line_1_13' title="bbox 198 1228 1752 1304; baseline -0.006 -13"><span class='ocrx_word' id='word_1_88' title='bbox 198 1254 297 1291; x_wconf 81' lang='grc' dir='ltr'>σου.</span> <span class='ocrx_word' id='word_1_89' title='bbox 336 1255 354 1287; x_wconf 76' lang='grc' dir='ltr'><strong>ι</strong></span> <span class='ocrx_word' id='word_1_90' title='bbox 397 1234 558 1288; x_wconf 80' lang='grc' dir='ltr'>’Δλλά</span> <span class='ocrx_word' id='word_1_91' title='bbox 585 1233 695 1304; x_wconf 80' lang='grc' dir='ltr'>γὰρ</span> <span class='ocrx_word' id='word_1_92' title='bbox 727 1233 827 1304; x_wconf 90' lang='grc' dir='ltr'><strong>μία</strong></span> <span class='ocrx_word' id='word_1_93' title='bbox 861 1231 958 1303; x_wconf 87' lang='grc' dir='ltr'>μὲν</span> <span class='ocrx_word' id='word_1_94' title='bbox 991 1232 1024 1302; x_wconf 86' lang='grc' dir='ltr'>ή</span> <span class='ocrx_word' id='word_1_95' title='bbox 1057 1230 1151 1283; x_wconf 77' lang='grc' dir='ltr'>τοῦ</span> <span class='ocrx_word' id='word_1_96' title='bbox 1187 1229 1365 1283; x_wconf 82' lang='grc' dir='ltr'>ἐλαίου</span> <span class='ocrx_word' id='word_1_97' title='bbox 1407 1229 1597 1299; x_wconf 75' lang='grc' dir='ltr'>φύσιςο</span> <span class='ocrx_word' id='word_1_98' title='bbox 1631 1230 1664 1299; x_wconf 82' lang='grc' dir='ltr'>ἡ</span> <span class='ocrx_word' id='word_1_99' title='bbox 1695 1228 1752 1281; x_wconf 86' lang='grc' dir='ltr'>δὲ</span> 
     </span>
    </p>
   </div>
   <div class='ocr_carea' id='block_1_14' title="bbox 196 1320 1754 1401">
    <p class='ocr_par' dir='ltr' id='par_1_14' title="bbox 196 1320 1754 1401">
     <span class='ocr_line' id='line_1_14' title="bbox 196 1320 1754 1401; baseline -0.006 -18"><span class='ocrx_word' id='word_1_100' title='bbox 196 1330 275 1384; x_wconf 77' lang='grc' dir='ltr'>τοῦ</span> <span class='ocrx_word' id='word_1_101' title='bbox 297 1328 466 1401; x_wconf 91' lang='grc' dir='ltr'>μύρου</span> <span class='ocrx_word' id='word_1_102' title='bbox 489 1326 698 1381; x_wconf 82' lang='grc' dir='ltr'>πολλῶν</span> <span class='ocrx_word' id='word_1_103' title='bbox 720 1326 817 1378; x_wconf 78' lang='grc' dir='ltr'><strong>ἐπὶ</strong></span> <span class='ocrx_word' id='word_1_104' title='bbox 836 1324 899 1378; x_wconf 82' lang='grc' dir='ltr'>τὸ</span> <span class='ocrx_word' id='word_1_105' title='bbox 914 1324 1046 1378; x_wconf 79' lang='grc' dir='ltr'>αὐτὸ</span> <span class='ocrx_word' id='word_1_106' title='bbox 1070 1322 1286 1377; x_wconf 83' lang='grc' dir='ltr'>σύνοδον</span> <span class='ocrx_word' id='word_1_107' title='bbox 1310 1322 1580 1394; x_wconf 81' lang='grc' dir='ltr'>σημαίνει.</span> <span class='ocrx_word' id='word_1_108' title='bbox 1617 1320 1754 1375; x_wconf 85' lang='grc' dir='ltr'>Ταύ-</span> 
     </span>
    </p>
   </div>
   <div class='ocr_carea' id='block_1_15' title="bbox 200 1416 1753 1496">
    <p class='ocr_par' dir='ltr' id='par_1_15' title="bbox 200 1416 1753 1496">
     <span class='ocr_line' id='line_1_15' title="bbox 200 1416 1753 1496; baseline -0.006 -18"><span class='ocrx_word' id='word_1_109' title='bbox 200 1440 256 1496; x_wconf 78' lang='grc' dir='ltr'>τῃ</span> <span class='ocrx_word' id='word_1_110' title='bbox 277 1441 353 1477; x_wconf 85' lang='grc' dir='ltr'><strong>τοι</strong></span> <span class='ocrx_word' id='word_1_111' title='bbox 380 1424 476 1477; x_wconf 69' lang='grc' dir='ltr'>καὶ</span> <span class='ocrx_word' id='word_1_112' title='bbox 513 1425 547 1495; x_wconf 75' lang='grc' dir='ltr'><strong>ἡ</strong></span> <span class='ocrx_word' id='word_1_113' title='bbox 583 1421 774 1494; x_wconf 81' lang='grc' dir='ltr'>πρώτη</span> <span class='ocrx_word' id='word_1_114' title='bbox 806 1422 899 1475; x_wconf 78' lang='grc' dir='ltr'>καὶ</span> <span class='ocrx_word' id='word_1_115' title='bbox 927 1421 1218 1490; x_wconf 82' lang='grc' dir='ltr'>ἀγέννητος</span> <span class='ocrx_word' id='word_1_116' title='bbox 1247 1416 1339 1471; x_wconf 77' lang='grc' dir='ltr'>τοῦ</span> <span class='ocrx_word' id='word_1_117' title='bbox 1367 1416 1753 1487; x_wconf 69' lang='grc' dir='ltr'>παμϐασιλέως</span> 
     </span>
    </p>
   </div>
   <div class='ocr_carea' id='block_1_16' title="bbox 200 1508 1754 1586">
    <p class='ocr_par' dir='ltr' id='par_1_16' title="bbox 200 1508 1754 1586">
     <span class='ocr_line' id='line_1_16' title="bbox 200 1508 1754 1586; baseline -0.006 -17"><span class='ocrx_word' id='word_1_118' title='bbox 200 1515 315 1569; x_wconf 79' lang='grc' dir='ltr'>θεοῦ</span> <span class='ocrx_word' id='word_1_119' title='bbox 334 1514 581 1586; x_wconf 86' lang='grc' dir='ltr'>δύναμις,</span> <span class='ocrx_word' id='word_1_120' title='bbox 610 1513 729 1568; x_wconf 84' lang='grc' dir='ltr'>καθ’</span> <span class='ocrx_word' id='word_1_121' title='bbox 752 1513 781 1567; x_wconf 83' lang='grc' dir='ltr'><strong>δ</strong></span> <span class='ocrx_word' id='word_1_122' title='bbox 809 1514 905 1585; x_wconf 80' lang='grc' dir='ltr'>μὲν</span> <span class='ocrx_word' id='word_1_123' title='bbox 929 1512 1074 1583; x_wconf 85' lang='grc' dir='ltr'>ἀπλῆ</span> <span class='ocrx_word' id='word_1_124' title='bbox 1108 1528 1190 1575; x_wconf 88' lang='grc' dir='ltr'><strong>τις</strong></span> <span class='ocrx_word' id='word_1_125' title='bbox 1223 1511 1317 1564; x_wconf 76' lang='grc' dir='ltr'>καὶ</span> <span class='ocrx_word' id='word_1_126' title='bbox 1340 1508 1629 1569; x_wconf 86' lang='grc' dir='ltr'>ἀσύνθετος</span> <span class='ocrx_word' id='word_1_127' title='bbox 1661 1508 1754 1561; x_wconf 74' lang='grc' dir='ltr'>καὶ</span> 
     </span>
    </p>
   </div>
   <div class='ocr_carea' id='block_1_17' title="bbox 202 1599 1751 1681">
    <p class='ocr_par' dir='ltr' id='par_1_17' title="bbox 202 1599 1751 1681">
     <span class='ocr_line' id='line_1_17' title="bbox 202 1599 1751 1681; baseline -0.006 -17"><span class='ocrx_word' id='word_1_128' title='bbox 202 1608 345 1681; x_wconf 71' lang='grc' dir='ltr'>ἄλλης</span> <span class='ocrx_word' id='word_1_129' title='bbox 371 1609 553 1680; x_wconf 80' lang='grc' dir='ltr'>πάσης</span> <span class='ocrx_word' id='word_1_130' title='bbox 584 1609 770 1671; x_wconf 79' lang='grc' dir='ltr'>οὐσίας</span> <span class='ocrx_word' id='word_1_131' title='bbox 791 1606 995 1678; x_wconf 81' lang='grc' dir='ltr'>ἀμιγὴς</span> <span class='ocrx_word' id='word_1_132' title='bbox 1023 1606 1338 1671; x_wconf 70' lang='grc' dir='ltr'>ἐπινοεῖται,</span> <span class='ocrx_word' id='word_1_133' title='bbox 1367 1603 1521 1674; x_wconf 84' lang='grc' dir='ltr'>ἀπλῷ</span> <span class='ocrx_word' id='word_1_134' title='bbox 1558 1600 1635 1672; x_wconf 82' lang='grc' dir='ltr'>τῷ</span> <span class='ocrx_word' id='word_1_135' title='bbox 1658 1599 1751 1655; x_wconf 81' lang='grc' dir='ltr'>τοῦ</span> 
     </span>
    </p>
   </div>
   <div class='ocr_carea' id='block_1_18' title="bbox 202 1695 1751 1771">
    <p class='ocr_par' dir='ltr' id='par_1_18' title="bbox 202 1695 1751 1771">
     <span class='ocr_line' id='line_1_18' title="bbox 202 1695 1751 1771; baseline -0.005 -14"><span class='ocrx_word' id='word_1_136' title='bbox 202 1700 358 1757; x_wconf 69' lang='grc' dir='ltr'>ἐλαίου</span> <span class='ocrx_word' id='word_1_137' title='bbox 392 1700 744 1771; x_wconf 73' lang='grc' dir='ltr'>προρῤήματι</span> <span class='ocrx_word' id='word_1_138' title='bbox 778 1696 1216 1769; x_wconf 68' lang='grc' dir='ltr'>παραϐέϐληταιθ</span> <span class='ocrx_word' id='word_1_139' title='bbox 1246 1695 1381 1749; x_wconf 83' lang='grc' dir='ltr'>καθὸ</span> <span class='ocrx_word' id='word_1_140' title='bbox 1410 1695 1464 1748; x_wconf 85' lang='grc' dir='ltr'>δὲ</span> <span class='ocrx_word' id='word_1_141' title='bbox 1486 1695 1751 1749; x_wconf 76' lang='grc' dir='ltr'>πλείστων</span> 
     </span>
    </p>
   </div>
   <div class='ocr_carea' id='block_1_19' title="bbox 203 1784 1826 1893">
    <p class='ocr_par' dir='ltr' id='par_1_19' title="bbox 203 1784 1826 1893">
     <span class='ocr_line' id='line_1_19' title="bbox 203 1784 1826 1893; baseline -0.005 -43"><span class='ocrx_word' id='word_1_142' title='bbox 203 1796 433 1851; x_wconf 74' lang='grc' dir='ltr'>ἐπινοιῶν</span> <span class='ocrx_word' id='word_1_143' title='bbox 466 1799 525 1851; x_wconf 80' lang='grc' dir='ltr'>ὲν</span> <span class='ocrx_word' id='word_1_144' title='bbox 556 1795 740 1867; x_wconf 83' lang='grc' dir='ltr'>ταυτῷ</span> <span class='ocrx_word' id='word_1_145' title='bbox 772 1793 1135 1868; x_wconf 82' lang='grc' dir='ltr'>περιληπτικὴ</span> <span class='ocrx_word' id='word_1_146' title='bbox 1158 1793 1434 1863; x_wconf 83' lang='grc' dir='ltr'>τυγχάνει,</span> <span class='ocrx_word' id='word_1_147' title='bbox 1457 1784 1566 1844; x_wconf 78' lang='grc' dir='ltr'>οἷον</span> <span class='ocrx_word' id='word_1_148' title='bbox 1601 1806 1757 1861; x_wconf 81' lang='grc' dir='ltr'>ποιη-</span> <span class='ocrx_word' id='word_1_149' title='bbox 1784 1839 1826 1893; x_wconf 69' lang='grc' dir='ltr'><strong>Β</strong></span> 
     </span>
    </p>
   </div>
   <div class='ocr_carea' id='block_1_20' title="bbox 203 1883 1753 1961">
    <p class='ocr_par' dir='ltr' id='par_1_20' title="bbox 203 1883 1753 1961">
     <span class='ocr_line' id='line_1_20' title="bbox 203 1883 1753 1961; baseline -0.005 -17"><span class='ocrx_word' id='word_1_150' title='bbox 203 1891 337 1960; x_wconf 80' lang='grc' dir='ltr'>τικῆς</span> <span class='ocrx_word' id='word_1_151' title='bbox 359 1890 390 1960; x_wconf 78' lang='grc' dir='ltr'>ἢ</span> <span class='ocrx_word' id='word_1_152' title='bbox 413 1890 720 1961; x_wconf 80' lang='grc' dir='ltr'>βασιλικῆς,</span> <span class='ocrx_word' id='word_1_153' title='bbox 745 1887 1098 1961; x_wconf 89' lang='grc' dir='ltr'>προνοητικόν</span> <span class='ocrx_word' id='word_1_154' title='bbox 1122 1904 1180 1940; x_wconf 90' lang='grc' dir='ltr'><strong>τε</strong></span> <span class='ocrx_word' id='word_1_155' title='bbox 1214 1888 1307 1942; x_wconf 74' lang='grc' dir='ltr'>καὶ</span> <span class='ocrx_word' id='word_1_156' title='bbox 1331 1884 1596 1958; x_wconf 85' lang='grc' dir='ltr'>κριτικὸν,</span> <span class='ocrx_word' id='word_1_157' title='bbox 1632 1883 1753 1952; x_wconf 84' lang='grc' dir='ltr'>φιλ-</span> 
     </span>
    </p>
   </div>
   <div class='ocr_carea' id='block_1_21' title="bbox 209 1975 1755 2055">
    <p class='ocr_par' dir='ltr' id='par_1_21' title="bbox 209 1975 1755 2055">
     <span class='ocr_line' id='line_1_21' title="bbox 209 1975 1755 2055; baseline -0.006 -18"><span class='ocrx_word' id='word_1_158' title='bbox 209 1982 475 2055; x_wconf 80' lang='grc' dir='ltr'>άνθρωπόν</span> <span class='ocrx_word' id='word_1_159' title='bbox 513 1999 576 2036; x_wconf 84' lang='grc' dir='ltr'><strong>τε</strong></span> <span class='ocrx_word' id='word_1_160' title='bbox 615 1982 709 2035; x_wconf 77' lang='grc' dir='ltr'>καὶ</span> <span class='ocrx_word' id='word_1_161' title='bbox 737 1982 1024 2052; x_wconf 87' lang='grc' dir='ltr'>σωτήριον,</span> <span class='ocrx_word' id='word_1_162' title='bbox 1069 1979 1244 2034; x_wconf 80' lang='grc' dir='ltr'>ἄλλων</span> <span class='ocrx_word' id='word_1_163' title='bbox 1271 1996 1331 2031; x_wconf 90' lang='grc' dir='ltr'><strong>τε</strong></span> <span class='ocrx_word' id='word_1_164' title='bbox 1367 1979 1507 2031; x_wconf 83' lang='grc' dir='ltr'>ὅσων</span> <span class='ocrx_word' id='word_1_165' title='bbox 1542 1975 1755 2048; x_wconf 90' lang='grc' dir='ltr'>μυρίων</span> 
     </span>
    </p>
   </div>
   <div class='ocr_carea' id='block_1_22' title="bbox 199 2062 1756 2149">
    <p class='ocr_par' dir='ltr' id='par_1_22' title="bbox 199 2062 1756 2149">
     <span class='ocr_line' id='line_1_22' title="bbox 199 2062 1756 2149; baseline -0.005 -19"><span class='ocrx_word' id='word_1_166' title='bbox 199 2076 391 2149; x_wconf 63' lang='grc' dir='ltr'>ἐπινοίᾳ</span> <span class='ocrx_word' id='word_1_167' title='bbox 429 2062 838 2147; x_wconf 81' lang='grc' dir='ltr'>θεωρουμένων,</span> <span class='ocrx_word' id='word_1_168' title='bbox 895 2073 1121 2135; x_wconf 89' lang='grc' dir='ltr'>είκότως</span> <span class='ocrx_word' id='word_1_169' title='bbox 1175 2071 1330 2143; x_wconf 87' lang='grc' dir='ltr'>μύρῳ</span> <span class='ocrx_word' id='word_1_170' title='bbox 1379 2071 1540 2125; x_wconf 86' lang='grc' dir='ltr'>πάλιν</span> <span class='ocrx_word' id='word_1_171' title='bbox 1581 2071 1615 2139; x_wconf 81' lang='grc' dir='ltr'>ἡ</span> <span class='ocrx_word' id='word_1_172' title='bbox 1648 2068 1756 2122; x_wconf 89' lang='grc' dir='ltr'><strong>τῶν</strong></span> 
     </span>
    </p>
   </div>
   <div class='ocr_carea' id='block_1_23' title="bbox 201 2164 1753 2240">
    <p class='ocr_par' dir='ltr' id='par_1_23' title="bbox 201 2164 1753 2240">
     <span class='ocr_line' id='line_1_23' title="bbox 201 2164 1753 2240; baseline -0.006 -16"><span class='ocrx_word' id='word_1_173' title='bbox 201 2169 389 2224; x_wconf 79' lang='grc' dir='ltr'>πολλῶν</span> <span class='ocrx_word' id='word_1_174' title='bbox 404 2169 500 2224; x_wconf 73' lang='grc' dir='ltr'><strong>καὶ</strong></span> <span class='ocrx_word' id='word_1_175' title='bbox 519 2168 741 2238; x_wconf 77' lang='grc' dir='ltr'>ἀγαθῶν</span> <span class='ocrx_word' id='word_1_176' title='bbox 762 2164 1129 2240; x_wconf 82' lang='grc' dir='ltr'>περιληπτικὴ</span> <span class='ocrx_word' id='word_1_177' title='bbox 1153 2165 1380 2236; x_wconf 88' lang='grc' dir='ltr'>δύναμις</span> <span class='ocrx_word' id='word_1_178' title='bbox 1404 2164 1753 2225; x_wconf 87' lang='grc' dir='ltr'>ἀπείκασται,</span> 
     </span>
    </p>
   </div>
   <div class='ocr_carea' id='block_1_24' title="bbox 199 2254 1755 2335">
    <p class='ocr_par' dir='ltr' id='par_1_24' title="bbox 199 2254 1755 2335">
     <span class='ocr_line' id='line_1_24' title="bbox 199 2254 1755 2335; baseline -0.006 -18"><span class='ocrx_word' id='word_1_179' title='bbox 199 2255 240 2329; x_wconf 82' lang='grc' dir='ltr'><em>ᾧ</em></span> <span class='ocrx_word' id='word_1_180' title='bbox 260 2262 536 2335; x_wconf 81' lang='grc' dir='ltr'>κεχρϊσθαι</span> <span class='ocrx_word' id='word_1_181' title='bbox 577 2262 669 2316; x_wconf 83' lang='grc' dir='ltr'>τὸν</span> <span class='ocrx_word' id='word_1_182' title='bbox 700 2259 877 2332; x_wconf 83' lang='grc' dir='ltr'>ἀληθῆ</span> <span class='ocrx_word' id='word_1_183' title='bbox 907 2260 999 2314; x_wconf 75' lang='grc' dir='ltr'><strong>καὶ</strong></span> <span class='ocrx_word' id='word_1_184' title='bbox 1028 2258 1186 2331; x_wconf 82' lang='grc' dir='ltr'>μόνον</span> <span class='ocrx_word' id='word_1_185' title='bbox 1210 2257 1471 2331; x_wconf 79' lang='grc' dir='ltr'>ἀρχιερέα</span> <span class='ocrx_word' id='word_1_186' title='bbox 1501 2256 1597 2309; x_wconf 82' lang='grc' dir='ltr'>τοῦ</span> <span class='ocrx_word' id='word_1_187' title='bbox 1621 2254 1755 2309; x_wconf 83' lang='grc' dir='ltr'>Θεοῦ</span> 
     </span>
    </p>
   </div>
   <div class='ocr_carea' id='block_1_25' title="bbox 199 2350 1759 2427">
    <p class='ocr_par' dir='ltr' id='par_1_25' title="bbox 199 2350 1759 2427">
     <span class='ocr_line' id='line_1_25' title="bbox 199 2350 1759 2427; baseline -0.006 -15"><span class='ocrx_word' id='word_1_188' title='bbox 199 2357 317 2411; x_wconf 84' lang='grc' dir='ltr'>θεῖοι</span> <span class='ocrx_word' id='word_1_189' title='bbox 344 2357 491 2427; x_wconf 83' lang='grc' dir='ltr'>λόγοι</span> <span class='ocrx_word' id='word_1_190' title='bbox 532 2354 864 2410; x_wconf 79' lang='grc' dir='ltr'>παιδεύουσι.</span> <span class='ocrx_word' id='word_1_191' title='bbox 895 2352 1118 2425; x_wconf 81' lang='grc' dir='ltr'>Πρῶτος</span> <span class='ocrx_word' id='word_1_192' title='bbox 1139 2351 1205 2421; x_wconf 89' lang='grc' dir='ltr'><strong>γέ</strong></span> <span class='ocrx_word' id='word_1_193' title='bbox 1233 2369 1313 2405; x_wconf 87' lang='grc' dir='ltr'><strong>τοι</strong></span> <span class='ocrx_word' id='word_1_194' title='bbox 1347 2351 1508 2414; x_wconf 80' lang='grc' dir='ltr'>αὐτὸς</span> <span class='ocrx_word' id='word_1_195' title='bbox 1536 2352 1565 2403; x_wconf 91' lang='grc' dir='ltr'><strong>ό</strong></span> <span class='ocrx_word' id='word_1_196' title='bbox 1594 2350 1759 2404; x_wconf 68' lang='lat' dir='ltr'><strong>Matii-</strong></span> 
     </span>
    </p>
   </div>
   <div class='ocr_carea' id='block_1_26' title="bbox 198 2442 1755 2524">
    <p class='ocr_par' dir='ltr' id='par_1_26' title="bbox 198 2442 1755 2524">
     <span class='ocr_line' id='line_1_26' title="bbox 198 2442 1755 2524; baseline -0.004 -20"><span class='ocrx_word' id='word_1_197' title='bbox 198 2451 304 2520; x_wconf 78' lang='grc' dir='ltr'>σῆς,</span> <span class='ocrx_word' id='word_1_198' title='bbox 349 2452 408 2504; x_wconf 80' lang='grc' dir='ltr'>ὲν</span> <span class='ocrx_word' id='word_1_199' title='bbox 432 2450 784 2524; x_wconf 61' lang='grc' dir='ltr'>,ἀπορρήτοις</span> <span class='ocrx_word' id='word_1_200' title='bbox 821 2447 890 2502; x_wconf 86' lang='grc' dir='ltr'><strong>τά</strong></span> <span class='ocrx_word' id='word_1_201' title='bbox 922 2446 1041 2500; x_wconf 85' lang='grc' dir='ltr'>θεῖα</span> <span class='ocrx_word' id='word_1_202' title='bbox 1073 2444 1405 2500; x_wconf 77' lang='grc' dir='ltr'>ἐποπτεῦσαι</span> <span class='ocrx_word' id='word_1_203' title='bbox 1433 2442 1755 2514; x_wconf 60' lang='grc' dir='ltr'><strong>⁴ἠξιωμένος,</strong></span> 
     </span>
    </p>
   </div>
   <div class='ocr_carea' id='block_1_27' title="bbox 195 2533 1759 2615">
    <p class='ocr_par' dir='ltr' id='par_1_27' title="bbox 195 2533 1759 2615">
     <span class='ocr_line' id='line_1_27' title="bbox 195 2533 1759 2615; baseline -0.008 -17"><span class='ocrx_word' id='word_1_204' title='bbox 195 2546 280 2598; x_wconf 73' lang='grc' dir='ltr'>καὶ</span> <span class='ocrx_word' id='word_1_205' title='bbox 319 2545 416 2608; x_wconf 75' lang='grc' dir='ltr'><strong>τὰς</strong></span> <span class='ocrx_word' id='word_1_206' title='bbox 463 2562 531 2597; x_wconf 87' lang='grc' dir='ltr'><strong>πε</strong></span> <span class='ocrx_word' id='word_1_207' title='bbox 540 2543 594 2615; x_wconf 72' lang='lat' dir='ltr'><strong>pi.</strong></span> <span class='ocrx_word' id='word_1_208' title='bbox 630 2541 725 2597; x_wconf 80' lang='grc' dir='ltr'><strong>τοῦ</strong></span> <span class='ocrx_word' id='word_1_209' title='bbox 752 2540 966 2613; x_wconf 82' lang='grc' dir='ltr'>πρώτου</span> <span class='ocrx_word' id='word_1_210' title='bbox 992 2541 1086 2595; x_wconf 77' lang='grc' dir='ltr'><strong>καὶ</strong></span> <span class='ocrx_word' id='word_1_211' title='bbox 1114 2539 1272 2611; x_wconf 79' lang='grc' dir='ltr'>μόνου</span> <span class='ocrx_word' id='word_1_212' title='bbox 1306 2535 1635 2608; x_wconf 84' lang='grc' dir='ltr'>ἠλειμμένου</span> <span class='ocrx_word' id='word_1_213' title='bbox 1665 2533 1759 2589; x_wconf 75' lang='grc' dir='ltr'>καὶ</span> 
     </span>
    </p>
   </div>
   <div class='ocr_carea' id='block_1_28' title="bbox 196 2625 1759 2711">
    <p class='ocr_par' dir='ltr' id='par_1_28' title="bbox 196 2625 1759 2711">
     <span class='ocr_line' id='line_1_28' title="bbox 196 2625 1759 2711; baseline -0.008 -19"><span class='ocrx_word' id='word_1_214' title='bbox 196 2639 482 2711; x_wconf 77' lang='grc' dir='ltr'>ἀρχιερέως</span> <span class='ocrx_word' id='word_1_215' title='bbox 505 2635 600 2690; x_wconf 81' lang='grc' dir='ltr'><strong>τοῦ</strong></span> <span class='ocrx_word' id='word_1_216' title='bbox 622 2635 757 2690; x_wconf 88' lang='grc' dir='ltr'>Θεοῦ</span> <span class='ocrx_word' id='word_1_217' title='bbox 772 2633 992 2698; x_wconf 80' lang='grc' dir='ltr'>τελετὰς</span> <span class='ocrx_word' id='word_1_218' title='bbox 1016 2635 1073 2687; x_wconf 82' lang='grc' dir='ltr'>ὲν</span> <span class='ocrx_word' id='word_1_219' title='bbox 1089 2634 1210 2696; x_wconf 80' lang='grc' dir='ltr'>ταῖς</span> <span class='ocrx_word' id='word_1_220' title='bbox 1233 2630 1395 2685; x_wconf 78' lang='grc' dir='ltr'>αὐτοῦ</span> <span class='ocrx_word' id='word_1_221' title='bbox 1420 2625 1759 2697; x_wconf 81' lang='grc' dir='ltr'>θεοφανείαις</span> 
     </span>
    </p>
   </div>
   <div class='ocr_carea' id='block_1_29' title="bbox 197 2720 1760 2801">
    <p class='ocr_par' dir='ltr' id='par_1_29' title="bbox 197 2720 1760 2801">
     <span class='ocr_line' id='line_1_29' title="bbox 197 2720 1760 2801; baseline -0.005 -20"><span class='ocrx_word' id='word_1_222' title='bbox 197 2731 322 2801; x_wconf 76' lang='grc' dir='ltr'>πρὸς</span> <span class='ocrx_word' id='word_1_223' title='bbox 344 2729 507 2785; x_wconf 77' lang='grc' dir='ltr'>αὐτοῦ</span> <span class='ocrx_word' id='word_1_224' title='bbox 536 2728 947 2800; x_wconf 86' lang='grc' dir='ltr'>τετελεσμένας,</span> <span class='ocrx_word' id='word_1_225' title='bbox 987 2725 1201 2789; x_wconf 76' lang='grc' dir='ltr'>εἰκόνας</span> <span class='ocrx_word' id='word_1_226' title='bbox 1243 2722 1637 2796; x_wconf 85' lang='grc' dir='ltr'>προστάττεται</span> <span class='ocrx_word' id='word_1_227' title='bbox 1666 2720 1760 2774; x_wconf 75' lang='grc' dir='ltr'><strong>ἐπὶ</strong></span> 
     </span>
    </p>
   </div>
   <div class='ocr_carea' id='block_1_30' title="bbox 197 2815 1761 2894">
    <p class='ocr_par' dir='ltr' id='par_1_30' title="bbox 197 2815 1761 2894">
     <span class='ocr_line' id='line_1_30' title="bbox 197 2815 1761 2894; baseline -0.008 -14"><span class='ocrx_word' id='word_1_228' title='bbox 197 2824 290 2894; x_wconf 78' lang='grc' dir='ltr'>γῆς</span> <span class='ocrx_word' id='word_1_229' title='bbox 316 2825 408 2877; x_wconf 77' lang='grc' dir='ltr'>καὶ</span> <span class='ocrx_word' id='word_1_230' title='bbox 440 2822 687 2894; x_wconf 76' lang='grc' dir='ltr'>σύμΰολα</span> <span class='ocrx_word' id='word_1_231' title='bbox 734 2818 1177 2891; x_wconf 83' lang='grc' dir='ltr'>καταστήσασθαι</span> <span class='ocrx_word' id='word_1_232' title='bbox 1230 2818 1339 2871; x_wconf 84' lang='grc' dir='ltr'><strong>τῶν</strong></span> <span class='ocrx_word' id='word_1_233' title='bbox 1380 2818 1439 2871; x_wconf 85' lang='grc' dir='ltr'>ὲν</span> <span class='ocrx_word' id='word_1_234' title='bbox 1478 2819 1600 2880; x_wconf 84' lang='grc' dir='ltr'>ταῖς</span> <span class='ocrx_word' id='word_1_235' title='bbox 1643 2815 1761 2869; x_wconf 89' lang='grc' dir='ltr'>θεο-</span> 
     </span>
    </p>
   </div>
   <div class='ocr_carea' id='block_1_31' title="bbox 195 2908 1761 2987">
    <p class='ocr_par' dir='ltr' id='par_1_31' title="bbox 195 2908 1761 2987">
     <span class='ocr_line' id='line_1_31' title="bbox 195 2908 1761 2987; baseline -0.004 -19"><span class='ocrx_word' id='word_1_236' title='bbox 195 2915 395 2978; x_wconf 80' lang='grc' dir='ltr'>πτείαις</span> <span class='ocrx_word' id='word_1_237' title='bbox 421 2914 784 2987; x_wconf 83' lang='grc' dir='ltr'>νενοημένων,</span> <span class='ocrx_word' id='word_1_238' title='bbox 814 2914 890 2978; x_wconf 84' lang='grc' dir='ltr'><strong>ὡς</strong></span> <span class='ocrx_word' id='word_1_239' title='bbox 922 2913 989 2968; x_wconf 83' lang='grc' dir='ltr'>ἂν</span> <span class='ocrx_word' id='word_1_240' title='bbox 1012 2912 1184 2984; x_wconf 78' lang='grc' dir='ltr'>ἔχοιεν</span> <span class='ocrx_word' id='word_1_241' title='bbox 1208 2908 1621 2983; x_wconf 81' lang='grc' dir='ltr'>προεμμελετᾷν</span> <span class='ocrx_word' id='word_1_242' title='bbox 1646 2911 1761 2972; x_wconf 85' lang='grc' dir='ltr'>τοῖς</span> 
     </span>
    </p>
   </div>
   <div class='ocr_carea' id='block_1_32' title="bbox 196 2999 1760 3078">
    <p class='ocr_par' dir='ltr' id='par_1_32' title="bbox 196 2999 1760 3078">
     <span class='ocr_line' id='line_1_32' title="bbox 196 2999 1760 3078; baseline -0.004 -18"><span class='ocrx_word' id='word_1_243' title='bbox 196 3006 472 3078; x_wconf 76' lang='grc' dir='ltr'>συμϐόλοις</span> <span class='ocrx_word' id='word_1_244' title='bbox 508 3006 560 3060; x_wconf 80' lang='grc' dir='ltr'><strong>οἱ</strong></span> <span class='ocrx_word' id='word_1_245' title='bbox 593 3005 747 3060; x_wconf 87' lang='grc' dir='ltr'>τῶνδ’</span> <span class='ocrx_word' id='word_1_246' title='bbox 768 3005 1058 3077; x_wconf 70' lang='grc' dir='ltr'>ἠξιωμένοι</span> <span class='ocrx_word' id='word_1_247' title='bbox 1095 3003 1254 3076; x_wconf 84' lang='grc' dir='ltr'>μέχρι</span> <span class='ocrx_word' id='word_1_248' title='bbox 1282 3002 1380 3073; x_wconf 83' lang='grc' dir='ltr'>τῆς</span> <span class='ocrx_word' id='word_1_249' title='bbox 1406 3001 1516 3055; x_wconf 89' lang='grc' dir='ltr'><strong>τῶν</strong></span> <span class='ocrx_word' id='word_1_250' title='bbox 1546 2999 1760 3072; x_wconf 87' lang='grc' dir='ltr'>ἀληθῶν</span> 
     </span>
    </p>
   </div>
   <div class='ocr_carea' id='block_1_33' title="bbox 196 3093 1760 3172">
    <p class='ocr_par' dir='ltr' id='par_1_33' title="bbox 196 3093 1760 3172">
     <span class='ocr_line' id='line_1_33' title="bbox 196 3093 1760 3172; baseline -0.004 -19"><span class='ocrx_word' id='word_1_251' title='bbox 196 3102 496 3166; x_wconf 77' lang='grc' dir='ltr'>ἐποπτείας.</span> <span class='ocrx_word' id='word_1_252' title='bbox 523 3101 696 3164; x_wconf 78' lang='grc' dir='ltr'>Δύτδς</span> <span class='ocrx_word' id='word_1_253' title='bbox 717 3099 852 3172; x_wconf 82' lang='grc' dir='ltr'>δῆτα</span> <span class='ocrx_word' id='word_1_254' title='bbox 878 3098 1279 3172; x_wconf 84' lang='grc' dir='ltr'>ἀφορισάμενος</span> <span class='ocrx_word' id='word_1_255' title='bbox 1299 3096 1437 3160; x_wconf 88' lang='grc' dir='ltr'>τέως</span> <span class='ocrx_word' id='word_1_256' title='bbox 1461 3093 1554 3148; x_wconf 84' lang='grc' dir='ltr'>τοῦ</span> <span class='ocrx_word' id='word_1_257' title='bbox 1586 3093 1645 3160; x_wconf 73' lang='grc' dir='ltr'>ἐξ</span> <span class='ocrx_word' id='word_1_258' title='bbox 1663 3096 1760 3148; x_wconf 84' lang='grc' dir='ltr'>ἀν-</span> 
     </span>
    </p>
   </div>
   <div class='ocr_carea' id='block_1_34' title="bbox 196 3183 1763 3264">
    <p class='ocr_par' dir='ltr' id='par_1_34' title="bbox 196 3183 1763 3264">
     <span class='ocr_line' id='line_1_34' title="bbox 196 3183 1763 3264; baseline -0.004 -20"><span class='ocrx_word' id='word_1_259' title='bbox 196 3191 415 3264; x_wconf 82' lang='grc' dir='ltr'>θρώπων</span> <span class='ocrx_word' id='word_1_260' title='bbox 450 3193 543 3246; x_wconf 74' lang='grc' dir='ltr'><strong>ἐπὶ</strong></span> <span class='ocrx_word' id='word_1_261' title='bbox 574 3192 676 3263; x_wconf 83' lang='grc' dir='ltr'>γῆς</span> <span class='ocrx_word' id='word_1_262' title='bbox 694 3190 773 3263; x_wconf 80' lang='grc' dir='ltr'>τῷ</span> <span class='ocrx_word' id='word_1_263' title='bbox 804 3190 923 3262; x_wconf 86' lang='grc' dir='ltr'>Θεῷ</span> <span class='ocrx_word' id='word_1_264' title='bbox 952 3187 1323 3262; x_wconf 83' lang='grc' dir='ltr'>ἱερατεύεσθαι</span> <span class='ocrx_word' id='word_1_265' title='bbox 1351 3185 1654 3258; x_wconf 75' lang='grc' dir='ltr'>ἐπιτήδειον</span> <span class='ocrx_word' id='word_1_266' title='bbox 1669 3183 1763 3239; x_wconf 80' lang='grc' dir='ltr'>ἀν-</span> 
     </span>
    </p>
   </div>
   <div class='ocr_carea' id='block_1_35' title="bbox 196 3276 1758 3358">
    <p class='ocr_par' dir='ltr' id='par_1_35' title="bbox 196 3276 1758 3358">
     <span class='ocr_line' id='line_1_35' title="bbox 196 3276 1758 3358; baseline -0.007 -18"><span class='ocrx_word' id='word_1_267' title='bbox 196 3285 307 3358; x_wconf 79' lang='grc' dir='ltr'>δρα,</span> <span class='ocrx_word' id='word_1_268' title='bbox 340 3285 559 3358; x_wconf 87' lang='grc' dir='ltr'>πρῶτος</span> <span class='ocrx_word' id='word_1_269' title='bbox 599 3283 787 3338; x_wconf 78' lang='grc' dir='ltr'>τοῦτον</span> <span class='ocrx_word' id='word_1_270' title='bbox 820 3281 1053 3354; x_wconf 84' lang='grc' dir='ltr'>Χριστὸν</span> <span class='ocrx_word' id='word_1_271' title='bbox 1084 3278 1426 3350; x_wconf 75' lang='grc' dir='ltr'>ἐπωνόμασε,</span> <span class='ocrx_word' id='word_1_272' title='bbox 1472 3276 1591 3330; x_wconf 81' lang='grc' dir='ltr'>κατ’</span> <span class='ocrx_word' id='word_1_273' title='bbox 1625 3278 1758 3330; x_wconf 89' lang='grc' dir='ltr'>ἀνα-</span> 
     </span>
    </p>
   </div>
   <div class='ocr_carea' id='block_1_36' title="bbox 195 3366 1759 3452">
    <p class='ocr_par' dir='ltr' id='par_1_36' title="bbox 195 3366 1759 3452">
     <span class='ocr_line' id='line_1_36' title="bbox 195 3366 1759 3452; baseline -0.01 -15"><span class='ocrx_word' id='word_1_274' title='bbox 195 3381 355 3452; x_wconf 76' lang='grc' dir='ltr'>φορὰν</span> <span class='ocrx_word' id='word_1_275' title='bbox 401 3379 504 3450; x_wconf 76' lang='grc' dir='ltr'>τῆς</span> <span class='ocrx_word' id='word_1_276' title='bbox 544 3381 604 3433; x_wconf 82' lang='grc' dir='ltr'><strong>έν</strong></span> <span class='ocrx_word' id='word_1_277' title='bbox 632 3380 747 3440; x_wconf 79' lang='grc' dir='ltr'>τοῖς</span> <span class='ocrx_word' id='word_1_278' title='bbox 768 3377 975 3447; x_wconf 80' lang='grc' dir='ltr'>νοητοῖς</span> <span class='ocrx_word' id='word_1_279' title='bbox 1012 3372 1261 3443; x_wconf 85' lang='grc' dir='ltr'>θεωρίας,</span> <span class='ocrx_word' id='word_1_280' title='bbox 1304 3370 1398 3424; x_wconf 77' lang='grc' dir='ltr'>καὶ</span> <span class='ocrx_word' id='word_1_281' title='bbox 1429 3367 1640 3433; x_wconf 81' lang='grc' dir='ltr'>τοῦτον,</span> <span class='ocrx_word' id='word_1_282' title='bbox 1670 3366 1759 3421; x_wconf 80' lang='grc' dir='ltr'>διά</span> 
     </span>
    </p>
   </div>
   <div class='ocr_carea' id='block_1_37' title="bbox 196 3459 1761 3544">
    <p class='ocr_par' dir='ltr' id='par_1_37' title="bbox 196 3459 1761 3544">
     <span class='ocr_line' id='line_1_37' title="bbox 196 3459 1761 3544; baseline -0.008 -19"><span class='ocrx_word' id='word_1_283' title='bbox 196 3489 328 3536; x_wconf 83' lang='grc' dir='ltr'>τινος</span> <span class='ocrx_word' id='word_1_284' title='bbox 358 3472 588 3544; x_wconf 81' lang='grc' dir='ltr'>ἀλοιφῆς</span> <span class='ocrx_word' id='word_1_285' title='bbox 612 3470 845 3534; x_wconf 76' lang='grc' dir='ltr'>εὐώδους</span> <span class='ocrx_word' id='word_1_286' title='bbox 868 3468 1151 3540; x_wconf 86' lang='grc' dir='ltr'>κρείττονα</span> <span class='ocrx_word' id='word_1_287' title='bbox 1181 3465 1292 3518; x_wconf 86' lang='grc' dir='ltr'><strong>τῶν</strong></span> <span class='ocrx_word' id='word_1_288' title='bbox 1322 3462 1525 3517; x_wconf 91' lang='grc' dir='ltr'>λοιπῶν</span> <span class='ocrx_word' id='word_1_289' title='bbox 1552 3459 1761 3533; x_wconf 88' lang='grc' dir='ltr'>ἀνθρώ-</span> 
     </span>
    </p>
   </div>
   <div class='ocr_carea' id='block_1_38' title="bbox 200 3555 1756 3637">
    <p class='ocr_par' dir='ltr' id='par_1_38' title="bbox 200 3555 1756 3637">
     <span class='ocr_line' id='line_1_38' title="bbox 200 3555 1756 3637; baseline -0.008 -17"><span class='ocrx_word' id='word_1_290' title='bbox 200 3585 305 3620; x_wconf 87' lang='grc' dir='ltr'><strong>πων</strong></span> <span class='ocrx_word' id='word_1_291' title='bbox 325 3567 630 3637; x_wconf 72' lang='grc' dir='ltr'>ἀποφήνας,</span> <span class='ocrx_word' id='word_1_292' title='bbox 664 3565 920 3634; x_wconf 80' lang='grc' dir='ltr'>ἄντικρυς</span> <span class='ocrx_word' id='word_1_293' title='bbox 955 3561 1050 3615; x_wconf 71' lang='grc' dir='ltr'>καὶ</span> <span class='ocrx_word' id='word_1_294' title='bbox 1078 3558 1371 3632; x_wconf 77' lang='grc' dir='ltr'>διαρρήδην</span> <span class='ocrx_word' id='word_1_295' title='bbox 1405 3555 1756 3628; x_wconf 78' lang='grc' dir='ltr'>ἀνεκήρυξεν,</span> 
     </span>
    </p>
   </div>
   <div class='ocr_carea' id='block_1_39' title="bbox 198 3645 1761 3728">
    <p class='ocr_par' dir='ltr' id='par_1_39' title="bbox 198 3645 1761 3728">
     <span class='ocr_line' id='line_1_39' title="bbox 198 3645 1761 3728; baseline -0.008 -19"><span class='ocrx_word' id='word_1_296' title='bbox 198 3656 275 3709; x_wconf 78' lang='grc' dir='ltr'>ὅτι</span> <span class='ocrx_word' id='word_1_297' title='bbox 301 3656 361 3728; x_wconf 81' lang='grc' dir='ltr'>δὴ</span> <span class='ocrx_word' id='word_1_298' title='bbox 392 3658 512 3709; x_wconf 84' lang='grc' dir='ltr'>κατ’</span> <span class='ocrx_word' id='word_1_299' title='bbox 541 3656 712 3727; x_wconf 79' lang='grc' dir='ltr'>αὐτὴν</span> <span class='ocrx_word' id='word_1_300' title='bbox 743 3656 776 3725; x_wconf 81' lang='grc' dir='ltr'>ἠ</span> <span class='ocrx_word' id='word_1_301' title='bbox 804 3651 897 3706; x_wconf 76' lang='grc' dir='ltr'>τοῦ</span> <span class='ocrx_word' id='word_1_302' title='bbox 938 3648 1194 3722; x_wconf 86' lang='grc' dir='ltr'>γεννητοῦ</span> <span class='ocrx_word' id='word_1_303' title='bbox 1235 3648 1396 3717; x_wconf 86' lang='grc' dir='ltr'>φύσις</span> <span class='ocrx_word' id='word_1_304' title='bbox 1428 3647 1635 3709; x_wconf 78' lang='grc' dir='ltr'>ἅπασα,</span> <span class='ocrx_word' id='word_1_305' title='bbox 1667 3645 1761 3698; x_wconf 74' lang='grc' dir='ltr'>καὶ</span> 
     </span>
    </p>
   </div>
   <div class='ocr_carea' id='block_1_40' title="bbox 201 3738 1762 3819">
    <p class='ocr_par' dir='ltr' id='par_1_40' title="bbox 201 3738 1762 3819">
     <span class='ocr_line' id='line_1_40' title="bbox 201 3738 1762 3819; baseline -0.008 -17"><span class='ocrx_word' id='word_1_306' title='bbox 201 3749 325 3802; x_wconf 73' lang='grc' dir='ltr'>πολὺ</span> <span class='ocrx_word' id='word_1_307' title='bbox 360 3748 522 3803; x_wconf 78' lang='grc' dir='ltr'>πλέον</span> <span class='ocrx_word' id='word_1_308' title='bbox 563 3750 597 3819; x_wconf 75' lang='grc' dir='ltr'><strong>ἡ</strong></span> <span class='ocrx_word' id='word_1_309' title='bbox 642 3745 958 3818; x_wconf 84' lang='grc' dir='ltr'>ἀνθρωπεία</span> <span class='ocrx_word' id='word_1_310' title='bbox 1004 3744 1102 3815; x_wconf 81' lang='grc' dir='ltr'>τῆς</span> <span class='ocrx_word' id='word_1_311' title='bbox 1136 3742 1431 3812; x_wconf 83' lang='grc' dir='ltr'>ἁγεννήτου</span> <span class='ocrx_word' id='word_1_312' title='bbox 1479 3738 1762 3809; x_wconf 85' lang='grc' dir='ltr'>δυνάμεως</span> 
     </span>
    </p>
   </div>
   <div class='ocr_carea' id='block_1_41' title="bbox 201 3832 1763 3913">
    <p class='ocr_par' dir='ltr' id='par_1_41' title="bbox 201 3832 1763 3913">
     <span class='ocr_line' id='line_1_41' title="bbox 201 3832 1763 3913; baseline -0.008 -17"><span class='ocrx_word' id='word_1_313' title='bbox 201 3842 612 3913; x_wconf 80' lang='grc' dir='ltr'>ἀπολειπομένη,</span> <span class='ocrx_word' id='word_1_314' title='bbox 646 3842 814 3895; x_wconf 83' lang='grc' dir='ltr'>δεῖται</span> <span class='ocrx_word' id='word_1_315' title='bbox 863 3840 962 3911; x_wconf 80' lang='grc' dir='ltr'>τῆς</span> <span class='ocrx_word' id='word_1_316' title='bbox 1013 3836 1122 3891; x_wconf 75' lang='grc' dir='ltr'><strong>ἀπὸ</strong></span> <span class='ocrx_word' id='word_1_317' title='bbox 1165 3834 1260 3888; x_wconf 78' lang='grc' dir='ltr'><strong>τοῦ</strong></span> <span class='ocrx_word' id='word_1_318' title='bbox 1293 3834 1599 3905; x_wconf 88' lang='grc' dir='ltr'>κρείττονος</span> <span class='ocrx_word' id='word_1_319' title='bbox 1628 3832 1763 3884; x_wconf 85' lang='grc' dir='ltr'>εὐω-</span> 
     </span>
    </p>
   </div>
   <div class='ocr_carea' id='block_1_42' title="bbox 199 3922 1764 4004">
    <p class='ocr_par' dir='ltr' id='par_1_42' title="bbox 199 3922 1764 4004">
     <span class='ocr_line' id='line_1_42' title="bbox 199 3922 1764 4004; baseline -0.008 -17"><span class='ocrx_word' id='word_1_320' title='bbox 199 3934 323 3999; x_wconf 86' lang='grc' dir='ltr'>δίας.</span> <span class='ocrx_word' id='word_1_321' title='bbox 360 3933 521 3988; x_wconf 80' lang='grc' dir='ltr'>Ἀλλά</span> <span class='ocrx_word' id='word_1_322' title='bbox 548 3931 643 3986; x_wconf 81' lang='grc' dir='ltr'><strong>τοῦ</strong></span> <span class='ocrx_word' id='word_1_323' title='bbox 673 3932 772 4004; x_wconf 82' lang='grc' dir='ltr'>μὲν</span> <span class='ocrx_word' id='word_1_324' title='bbox 793 3929 1066 3984; x_wconf 88' lang='grc' dir='ltr'>ἀνωτάτου</span> <span class='ocrx_word' id='word_1_325' title='bbox 1093 3928 1186 3981; x_wconf 80' lang='grc' dir='ltr'>καὶ</span> <span class='ocrx_word' id='word_1_326' title='bbox 1216 3925 1432 3998; x_wconf 85' lang='grc' dir='ltr'>πρώτου</span> <span class='ocrx_word' id='word_1_327' title='bbox 1458 3922 1516 3977; x_wconf 76' lang='grc' dir='ltr'><strong>ού</strong></span> <span class='ocrx_word' id='word_1_328' title='bbox 1551 3940 1656 3976; x_wconf 89' lang='grc' dir='ltr'>τινι</span> <span class='ocrx_word' id='word_1_329' title='bbox 1685 3922 1764 3976; x_wconf 90' lang='grc' dir='ltr'>θε-</span> 
     </span>
    </p>
   </div>
   <div class='ocr_carea' id='block_1_43' title="bbox 206 4014 1761 4097">
    <p class='ocr_par' dir='ltr' id='par_1_43' title="bbox 206 4014 1761 4097">
     <span class='ocr_line' id='line_1_43' title="bbox 206 4014 1761 4097; baseline -0.009 -16"><span class='ocrx_word' id='word_1_330' title='bbox 206 4028 342 4097; x_wconf 82' lang='grc' dir='ltr'>μιτὸν</span> <span class='ocrx_word' id='word_1_331' title='bbox 393 4025 705 4097; x_wconf 65' lang='grc' dir='ltr'>ἐφικέσθαι.</span> <span class='ocrx_word' id='word_1_332' title='bbox 750 4024 862 4078; x_wconf 66' lang='grc' dir='ltr'>Ἐν).</span> <span class='ocrx_word' id='word_1_333' title='bbox 897 4021 1007 4094; x_wconf 77' lang='grc' dir='ltr'>γὰρ</span> <span class='ocrx_word' id='word_1_334' title='bbox 1049 4021 1194 4093; x_wconf 85' lang='grc' dir='ltr'>μόνῳ</span> <span class='ocrx_word' id='word_1_335' title='bbox 1236 4016 1313 4088; x_wconf 84' lang='grc' dir='ltr'>τῷ</span> <span class='ocrx_word' id='word_1_336' title='bbox 1336 4018 1632 4086; x_wconf 81' lang='grc' dir='ltr'>Μονογενεῖ</span> <span class='ocrx_word' id='word_1_337' title='bbox 1666 4014 1761 4069; x_wconf 75' lang='grc' dir='ltr'>καὶ</span> 
     </span>
    </p>
   </div>
   <div class='ocr_carea' id='block_1_44' title="bbox 202 4110 1764 4192">
    <p class='ocr_par' dir='ltr' id='par_1_44' title="bbox 202 4110 1764 4192">
     <span class='ocr_line' id='line_1_44' title="bbox 202 4110 1764 4192; baseline -0.006 -19"><span class='ocrx_word' id='word_1_338' title='bbox 202 4121 524 4192; x_wconf 74' lang='grc' dir='ltr'>Πρωτοτόκῳ</span> <span class='ocrx_word' id='word_1_339' title='bbox 548 4118 694 4172; x_wconf 81' lang='grc' dir='ltr'>τοῦτ’</span> <span class='ocrx_word' id='word_1_340' title='bbox 718 4116 967 4171; x_wconf 84' lang='grc' dir='ltr'>ἀνέκειτο</span> <span class='ocrx_word' id='word_1_341' title='bbox 993 4115 1052 4169; x_wconf 86' lang='grc' dir='ltr'>τὸ</span> <span class='ocrx_word' id='word_1_342' title='bbox 1079 4113 1248 4185; x_wconf 87' lang='grc' dir='ltr'>γέρας</span> <span class='ocrx_word' id='word_1_343' title='bbox 1265 4130 1278 4143; x_wconf 70' lang='grc' dir='ltr'><strong><em>ο</em></strong></span> <span class='ocrx_word' id='word_1_344' title='bbox 1301 4114 1415 4175; x_wconf 86' lang='grc' dir='ltr'>τοῖς</span> <span class='ocrx_word' id='word_1_345' title='bbox 1440 4110 1496 4164; x_wconf 80' lang='grc' dir='ltr'>δὲ</span> <span class='ocrx_word' id='word_1_346' title='bbox 1522 4111 1638 4182; x_wconf 82' lang='grc' dir='ltr'>μετ’</span> <span class='ocrx_word' id='word_1_347' title='bbox 1667 4110 1764 4164; x_wconf 84' lang='grc' dir='ltr'>αύ-</span> 
     </span>
    </p>
   </div>
   <div class='ocr_carea' id='block_1_45' title="bbox 200 4204 1765 4283">
    <p class='ocr_par' dir='ltr' id='par_1_45' title="bbox 200 4204 1765 4283">
     <span class='ocr_line' id='line_1_45' title="bbox 200 4204 1765 4283; baseline -0.008 -17"><span class='ocrx_word' id='word_1_348' title='bbox 200 4214 282 4267; x_wconf 75' lang='grc' dir='ltr'>τὸν</span> <span class='ocrx_word' id='word_1_349' title='bbox 304 4216 401 4268; x_wconf 80' lang='grc' dir='ltr'>οὐκ</span> <span class='ocrx_word' id='word_1_350' title='bbox 428 4212 604 4277; x_wconf 77' lang='grc' dir='ltr'>ἄλλως</span> <span class='ocrx_word' id='word_1_351' title='bbox 644 4212 678 4283; x_wconf 78' lang='grc' dir='ltr'>ἢ</span> <span class='ocrx_word' id='word_1_352' title='bbox 716 4210 805 4264; x_wconf 79' lang='grc' dir='ltr'>διὰ</span> <span class='ocrx_word' id='word_1_353' title='bbox 838 4210 1004 4282; x_wconf 88' lang='grc' dir='ltr'>μόνης</span> <span class='ocrx_word' id='word_1_354' title='bbox 1031 4207 1130 4279; x_wconf 86' lang='grc' dir='ltr'>τῆς</span> <span class='ocrx_word' id='word_1_355' title='bbox 1164 4204 1255 4259; x_wconf 78' lang='grc' dir='ltr'>τοῦ</span> <span class='ocrx_word' id='word_1_356' title='bbox 1288 4204 1540 4276; x_wconf 89' lang='grc' dir='ltr'>δευτέρου</span> <span class='ocrx_word' id='word_1_357' title='bbox 1574 4219 1765 4274; x_wconf 88' lang='grc' dir='ltr'>μετου-</span> 
     </span>
    </p>
   </div>
   <div class='ocr_carea' id='block_1_46' title="bbox 206 4296 1765 4375">
    <p class='ocr_par' dir='ltr' id='par_1_46' title="bbox 206 4296 1765 4375">
     <span class='ocr_line' id='line_1_46' title="bbox 206 4296 1765 4375; baseline -0.004 -19"><span class='ocrx_word' id='word_1_358' title='bbox 206 4305 313 4370; x_wconf 84' lang='grc' dir='ltr'>σίας</span> <span class='ocrx_word' id='word_1_359' title='bbox 338 4308 446 4361; x_wconf 88' lang='grc' dir='ltr'><strong>τῶν</strong></span> <span class='ocrx_word' id='word_1_360' title='bbox 472 4296 693 4375; x_wconf 74' lang='grc' dir='ltr'>ἀγαθῶν</span> <span class='ocrx_word' id='word_1_361' title='bbox 725 4298 835 4358; x_wconf 78' lang='grc' dir='ltr'>οἷόν</span> <span class='ocrx_word' id='word_1_362' title='bbox 864 4320 924 4356; x_wconf 88' lang='grc' dir='ltr'><strong>τε</strong></span> <span class='ocrx_word' id='word_1_363' title='bbox 963 4298 1031 4374; x_wconf 82' lang='grc' dir='ltr'>ἦν</span> <span class='ocrx_word' id='word_1_364' title='bbox 1057 4298 1418 4372; x_wconf 80' lang='grc' dir='ltr'>ἐπαύρασθαι.</span> <span class='ocrx_word' id='word_1_365' title='bbox 1450 4296 1765 4367; x_wconf 88' lang='grc' dir='ltr'>Πνεύματος</span> 
     </span>
    </p>
   </div>
   <div class='ocr_carea' id='block_1_47' title="bbox 204 4387 1766 4469">
    <p class='ocr_par' dir='ltr' id='par_1_47' title="bbox 204 4387 1766 4469">
     <span class='ocr_line' id='line_1_47' title="bbox 204 4387 1766 4469; baseline -0.004 -21"><span class='ocrx_word' id='word_1_366' title='bbox 204 4397 300 4468; x_wconf 83' lang='grc' dir='ltr'><strong>ἀρα</strong></span> <span class='ocrx_word' id='word_1_367' title='bbox 315 4399 493 4454; x_wconf 66' lang='grc' dir='ltr'>ἐνθέου</span> <span class='ocrx_word' id='word_1_368' title='bbox 509 4399 571 4453; x_wconf 88' lang='grc' dir='ltr'><strong>τὺ</strong></span> <span class='ocrx_word' id='word_1_369' title='bbox 592 4398 743 4469; x_wconf 85' lang='grc' dir='ltr'><strong>παρά</strong></span> <span class='ocrx_word' id='word_1_370' title='bbox 764 4397 987 4451; x_wconf 79' lang='grc' dir='ltr'>Μωῦσεῖ</span> <span class='ocrx_word' id='word_1_371' title='bbox 1008 4393 1072 4448; x_wconf 85' lang='grc' dir='ltr'><strong>σύ</strong></span> <span class='ocrx_word' id='word_1_372' title='bbox 1080 4393 1273 4465; x_wconf 80' lang='grc' dir='ltr'>μϐολον</span> <span class='ocrx_word' id='word_1_373' title='bbox 1289 4387 1376 4463; x_wconf 79' lang='grc' dir='ltr'>ἦν.</span> <span class='ocrx_word' id='word_1_374' title='bbox 1394 4390 1695 4462; x_wconf 84' lang='grc' dir='ltr'>Διαιρέσεις</span> <span class='ocrx_word' id='word_1_375' title='bbox 1710 4388 1766 4441; x_wconf 81' lang='grc' dir='ltr'>δὲ</span> 
     </span>
    </p>
   </div>
   <div class='ocr_carea' id='block_1_48' title="bbox 202 4480 1765 4562">
    <p class='ocr_par' dir='ltr' id='par_1_48' title="bbox 202 4480 1765 4562">
     <span class='ocr_line' id='line_1_48' title="bbox 202 4480 1765 4562; baseline -0.004 -19"><span class='ocrx_word' id='word_1_376' title='bbox 202 4490 547 4562; x_wconf 81' lang='grc' dir='ltr'>χαρισμάτων</span> <span class='ocrx_word' id='word_1_377' title='bbox 560 4492 687 4557; x_wconf 76' lang='grc' dir='ltr'>εἰσὶ,</span> <span class='ocrx_word' id='word_1_378' title='bbox 706 4490 768 4544; x_wconf 82' lang='grc' dir='ltr'>τὸ</span> <span class='ocrx_word' id='word_1_379' title='bbox 790 4491 833 4544; x_wconf 87' lang='grc' dir='ltr'>δ’</span> <span class='ocrx_word' id='word_1_380' title='bbox 857 4488 987 4543; x_wconf 78' lang='grc' dir='ltr'>αὐτὸ</span> <span class='ocrx_word' id='word_1_381' title='bbox 1014 4485 1250 4558; x_wconf 77' lang='grc' dir='ltr'>πνεῦμα,</span> <span class='ocrx_word' id='word_1_382' title='bbox 1275 4480 1336 4540; x_wconf 71' lang='grc' dir='ltr'>οὗ</span> <span class='ocrx_word' id='word_1_383' title='bbox 1367 4485 1600 4557; x_wconf 86' lang='grc' dir='ltr'>μάλιστα</span> <span class='ocrx_word' id='word_1_384' title='bbox 1636 4500 1765 4555; x_wconf 87' lang='grc' dir='ltr'>μετ-</span> 
     </span>
    </p>
   </div>
   <div class='ocr_carea' id='block_1_49' title="bbox 1853 480 3422 555">
    <p class='ocr_par' dir='ltr' id='par_1_49' title="bbox 1853 480 3422 555">
     <span class='ocr_line' id='line_1_49' title="bbox 1853 480 3422 555; baseline -0.002 -19"><span class='ocrx_word' id='word_1_385' title='bbox 1853 484 1947 555; x_wconf 85' lang='lat' dir='ltr'><strong>qui</strong></span> <span class='ocrx_word' id='word_1_386' title='bbox 1977 486 2123 540; x_wconf 89' lang='lat' dir='ltr'><strong>illius</strong></span> <span class='ocrx_word' id='word_1_387' title='bbox 2156 486 2425 555; x_wconf 78' lang='lat' dir='ltr'><strong>particeps</strong></span> <span class='ocrx_word' id='word_1_388' title='bbox 2477 486 2566 548; x_wconf 88' lang='lat' dir='ltr'><strong>sit,</strong></span> <span class='ocrx_word' id='word_1_389' title='bbox 2627 491 2803 539; x_wconf 88' lang='lat' dir='ltr'><strong>vocat.</strong></span> <span class='ocrx_word' id='word_1_390' title='bbox 2839 481 3029 538; x_wconf 87' lang='lat' dir='ltr'><strong>Oleum</strong></span> <span class='ocrx_word' id='word_1_391' title='bbox 3068 496 3199 535; x_wconf 85' lang='lat' dir='ltr'><strong>vero</strong></span> <span class='ocrx_word' id='word_1_392' title='bbox 3232 482 3288 534; x_wconf 90' lang='lat' dir='ltr'><strong>in</strong></span> <span class='ocrx_word' id='word_1_393' title='bbox 3337 480 3422 533; x_wconf 83' lang='lat' dir='ltr'><strong>bis</strong></span> 
     </span>
    </p>
   </div>
   <div class='ocr_carea' id='block_1_50' title="bbox 1854 574 3414 649">
    <p class='ocr_par' dir='ltr' id='par_1_50' title="bbox 1854 574 3414 649">
     <span class='ocr_line' id='line_1_50' title="bbox 1854 574 3414 649; baseline -0.003 -18"><span class='ocrx_word' id='word_1_394' title='bbox 1854 579 1965 632; x_wconf 89' lang='lat' dir='ltr'><strong>noli</strong></span> <span class='ocrx_word' id='word_1_395' title='bbox 1996 578 2402 633; x_wconf 72' lang='lat' dir='ltr'><strong>miserationem</strong></span> <span class='ocrx_word' id='word_1_396' title='bbox 2446 579 2713 649; x_wconf 88' lang='lat' dir='ltr'><strong>accipere,</strong></span> <span class='ocrx_word' id='word_1_397' title='bbox 2742 592 2919 647; x_wconf 88' lang='lat' dir='ltr'><strong>neque</strong></span> <span class='ocrx_word' id='word_1_398' title='bbox 2965 577 3018 630; x_wconf 91' lang='lat' dir='ltr'><strong>in</strong></span> <span class='ocrx_word' id='word_1_399' title='bbox 3046 576 3208 630; x_wconf 85' lang='lat' dir='ltr'><strong>rebus</strong></span> <span class='ocrx_word' id='word_1_400' title='bbox 3230 574 3414 628; x_wconf 88' lang='lat' dir='ltr'><strong>adver-</strong></span> 
     </span>
    </p>
   </div>
   <div class='ocr_carea' id='block_1_51' title="bbox 1854 665 3424 740">
    <p class='ocr_par' dir='ltr' id='par_1_51' title="bbox 1854 665 3424 740">
     <span class='ocr_line' id='line_1_51' title="bbox 1854 665 3424 740; baseline -0.003 -16"><span class='ocrx_word' id='word_1_401' title='bbox 1854 669 1932 724; x_wconf 85' lang='lat' dir='ltr'><strong>sis</strong></span> <span class='ocrx_word' id='word_1_402' title='bbox 1999 685 2311 734; x_wconf 76' lang='lat' dir='ltr'><strong>mmrorem,</strong></span> <span class='ocrx_word' id='word_1_403' title='bbox 2369 670 2462 725; x_wconf 86' lang='lat' dir='ltr'><strong>sed</strong></span> <span class='ocrx_word' id='word_1_404' title='bbox 2496 671 2548 724; x_wconf 89' lang='lat' dir='ltr'>id</span> <span class='ocrx_word' id='word_1_405' title='bbox 2578 669 2725 740; x_wconf 88' lang='lat' dir='ltr'><strong>quod</strong></span> <span class='ocrx_word' id='word_1_406' title='bbox 2768 678 2932 723; x_wconf 72' lang='lat' dir='ltr'><strong>certae</strong></span> <span class='ocrx_word' id='word_1_407' title='bbox 2965 669 3164 739; x_wconf 72' lang='lat' dir='ltr'><strong>planta:</strong></span> <span class='ocrx_word' id='word_1_408' title='bbox 3212 665 3424 721; x_wconf 80' lang='lat' dir='ltr'><strong>fructus</strong></span> 
     </span>
    </p>
   </div>
   <div class='ocr_carea' id='block_1_52' title="bbox 1853 758 3426 831">
    <p class='ocr_par' dir='ltr' id='par_1_52' title="bbox 1853 758 3426 831">
     <span class='ocr_line' id='line_1_52' title="bbox 1853 758 3426 831; baseline -0.003 -16"><span class='ocrx_word' id='word_1_409' title='bbox 1853 760 2320 831; x_wconf 79' lang='lat' dir='ltr'><strong>emittit,quodcx</strong></span> <span class='ocrx_word' id='word_1_410' title='bbox 2342 761 2566 816; x_wconf 88' lang='lat' dir='ltr'><strong>humida</strong></span> <span class='ocrx_word' id='word_1_411' title='bbox 2607 762 2833 817; x_wconf 85' lang='lat' dir='ltr'><strong>materia</strong></span> <span class='ocrx_word' id='word_1_412' title='bbox 2870 760 3006 815; x_wconf 87' lang='lat' dir='ltr'><strong>nihil</strong></span> <span class='ocrx_word' id='word_1_413' title='bbox 3037 759 3199 814; x_wconf 83' lang='lat' dir='ltr'><strong>habet</strong></span> <span class='ocrx_word' id='word_1_414' title='bbox 3251 758 3426 812; x_wconf 84' lang='lat' dir='ltr'><strong>admi-</strong></span> 
     </span>
    </p>
   </div>
   <div class='ocr_carea' id='block_1_53' title="bbox 1854 850 3422 924">
    <p class='ocr_par' dir='ltr' id='par_1_53' title="bbox 1854 850 3422 924">
     <span class='ocr_line' id='line_1_53' title="bbox 1854 850 3422 924; baseline -0.002 -17"><span class='ocrx_word' id='word_1_415' title='bbox 1854 863 2021 918; x_wconf 90' lang='lat' dir='ltr'><strong>stum,</strong></span> <span class='ocrx_word' id='word_1_416' title='bbox 2059 855 2205 924; x_wconf 88' lang='lat' dir='ltr'><strong>quod</strong></span> <span class='ocrx_word' id='word_1_417' title='bbox 2258 854 2438 908; x_wconf 84' lang='lat' dir='ltr'><strong>lumen</strong></span> <span class='ocrx_word' id='word_1_418' title='bbox 2492 860 2671 924; x_wconf 82' lang='lat' dir='ltr'><strong>auget,</strong></span> <span class='ocrx_word' id='word_1_419' title='bbox 2719 852 2864 923; x_wconf 92' lang='lat' dir='ltr'><strong>quod</strong></span> <span class='ocrx_word' id='word_1_420' title='bbox 2926 851 3099 907; x_wconf 86' lang='lat' dir='ltr'><strong>fessos</strong></span> <span class='ocrx_word' id='word_1_421' title='bbox 3152 850 3422 914; x_wconf 77' lang='lat' dir='ltr'><strong>sublevat,</strong></span> 
     </span>
    </p>
   </div>
   <div class='ocr_carea' id='block_1_54' title="bbox 1854 945 3424 1016">
    <p class='ocr_par' dir='ltr' id='par_1_54' title="bbox 1854 945 3424 1016">
     <span class='ocr_line' id='line_1_54' title="bbox 1854 945 3424 1016; baseline -0.002 -17"><span class='ocrx_word' id='word_1_422' title='bbox 1854 947 1999 1016; x_wconf 89' lang='lat' dir='ltr'><strong>quod</strong></span> <span class='ocrx_word' id='word_1_423' title='bbox 2033 947 2246 1001; x_wconf 85' lang='lat' dir='ltr'><strong>labores</strong></span> <span class='ocrx_word' id='word_1_424' title='bbox 2305 945 2503 1011; x_wconf 90' lang='lat' dir='ltr'><strong>aufert,</strong></span> <span class='ocrx_word' id='word_1_425' title='bbox 2557 946 2701 1016; x_wconf 88' lang='lat' dir='ltr'><strong>quod</strong></span> <span class='ocrx_word' id='word_1_426' title='bbox 2732 961 2827 1001; x_wconf 91' lang='lat' dir='ltr'><strong>eos</strong></span> <span class='ocrx_word' id='word_1_427' title='bbox 2863 945 2956 1014; x_wconf 89' lang='lat' dir='ltr'><strong>qui</strong></span> <span class='ocrx_word' id='word_1_428' title='bbox 2992 946 3110 1014; x_wconf 87' lang='lat' dir='ltr'><strong>ipso</strong></span> <span class='ocrx_word' id='word_1_429' title='bbox 3147 950 3424 1013; x_wconf 85' lang='lat' dir='ltr'><strong>unguntur</strong></span> 
     </span>
    </p>
   </div>
   <div class='ocr_carea' id='block_1_55' title="bbox 1854 1034 3426 1108">
    <p class='ocr_par' dir='ltr' id='par_1_55' title="bbox 1854 1034 3426 1108">
     <span class='ocr_line' id='line_1_55' title="bbox 1854 1034 3426 1108; baseline -0.004 -17"><span class='ocrx_word' id='word_1_430' title='bbox 1854 1038 2054 1093; x_wconf 88' lang='lat' dir='ltr'><strong>hilares</strong></span> <span class='ocrx_word' id='word_1_431' title='bbox 2085 1036 2235 1101; x_wconf 87' lang='lat' dir='ltr'><strong>facit,</strong></span> <span class='ocrx_word' id='word_1_432' title='bbox 2287 1037 2432 1108; x_wconf 91' lang='lat' dir='ltr'><strong>quod</strong></span> <span class='ocrx_word' id='word_1_433' title='bbox 2481 1038 2655 1093; x_wconf 88' lang='lat' dir='ltr'><strong>instar</strong></span> <span class='ocrx_word' id='word_1_434' title='bbox 2685 1037 2906 1092; x_wconf 88' lang='lat' dir='ltr'><strong>luminis</strong></span> <span class='ocrx_word' id='word_1_435' title='bbox 2929 1035 2994 1090; x_wconf 89' lang='lat' dir='ltr'><strong>de</strong></span> <span class='ocrx_word' id='word_1_436' title='bbox 3032 1037 3212 1104; x_wconf 88' lang='lat' dir='ltr'><strong>scipso</strong></span> <span class='ocrx_word' id='word_1_437' title='bbox 3246 1034 3426 1088; x_wconf 78' lang='lat' dir='ltr'><strong>vibrat</strong></span> 
     </span>
    </p>
   </div>
   <div class='ocr_carea' id='block_1_56' title="bbox 1854 1125 3422 1203">
    <p class='ocr_par' dir='ltr' id='par_1_56' title="bbox 1854 1125 3422 1203">
     <span class='ocr_line' id='line_1_56' title="bbox 1854 1125 3422 1203; baseline -0.004 -18"><span class='ocrx_word' id='word_1_438' title='bbox 1854 1130 2191 1203; x_wconf 87' lang='lat' dir='ltr'><strong>splendores,</strong></span> <span class='ocrx_word' id='word_1_439' title='bbox 2248 1132 2588 1201; x_wconf 88' lang='lat' dir='ltr'><strong>nitidumque</strong></span> <span class='ocrx_word' id='word_1_440' title='bbox 2637 1146 2702 1185; x_wconf 90' lang='lat' dir='ltr'><strong>ac</strong></span> <span class='ocrx_word' id='word_1_441' title='bbox 2757 1129 3045 1183; x_wconf 86' lang='lat' dir='ltr'><strong>micantem</strong></span> <span class='ocrx_word' id='word_1_442' title='bbox 3106 1143 3294 1182; x_wconf 88' lang='lat' dir='ltr'><strong>eorum</strong></span> <span class='ocrx_word' id='word_1_443' title='bbox 3330 1125 3422 1197; x_wconf 88' lang='lat' dir='ltr'><strong>qui</strong></span> 
     </span>
    </p>
   </div>
   <div class='ocr_carea' id='block_1_57' title="bbox 1854 1221 3424 1296">
    <p class='ocr_par' dir='ltr' id='par_1_57' title="bbox 1854 1221 3424 1296">
     <span class='ocr_line' id='line_1_57' title="bbox 1854 1221 3424 1296; baseline -0.003 -15"><span class='ocrx_word' id='word_1_444' title='bbox 1854 1228 1972 1296; x_wconf 87' lang='lat' dir='ltr'><strong>ipso</strong></span> <span class='ocrx_word' id='word_1_445' title='bbox 2001 1233 2227 1280; x_wconf 90' lang='lat' dir='ltr'><strong>utuntur</strong></span> <span class='ocrx_word' id='word_1_446' title='bbox 2264 1231 2542 1294; x_wconf 89' lang='lat' dir='ltr'><strong>comparat</strong></span> <span class='ocrx_word' id='word_1_447' title='bbox 2585 1223 2829 1291; x_wconf 85' lang='lat' dir='ltr'><strong>vultum;</strong></span> <span class='ocrx_word' id='word_1_448' title='bbox 2858 1221 3004 1293; x_wconf 88' lang='lat' dir='ltr'><strong>quod</strong></span> <span class='ocrx_word' id='word_1_449' title='bbox 3035 1221 3220 1291; x_wconf 86' lang='lat' dir='ltr'><strong>utique</strong></span> <span class='ocrx_word' id='word_1_450' title='bbox 3246 1222 3424 1291; x_wconf 87' lang='lat' dir='ltr'><strong>ipsum</strong></span> 
     </span>
    </p>
   </div>
   <div class='ocr_carea' id='block_1_58' title="bbox 1853 1313 3429 1386">
    <p class='ocr_par' dir='ltr' id='par_1_58' title="bbox 1853 1313 3429 1386">
     <span class='ocr_line' id='line_1_58' title="bbox 1853 1313 3429 1386; baseline -0.004 -13"><span class='ocrx_word' id='word_1_451' title='bbox 1853 1320 2024 1373; x_wconf 87' lang='lat' dir='ltr'><strong>etiam</strong></span> <span class='ocrx_word' id='word_1_452' title='bbox 2057 1319 2254 1373; x_wconf 76' lang='lat' dir='ltr'><strong>divinte</strong></span> <span class='ocrx_word' id='word_1_453' title='bbox 2281 1317 2473 1372; x_wconf 76' lang='lat' dir='ltr'><strong>littera:</strong></span> <span class='ocrx_word' id='word_1_454' title='bbox 2513 1318 2747 1386; x_wconf 92' lang='lat' dir='ltr'><strong>produnt</strong></span> <span class='ocrx_word' id='word_1_455' title='bbox 2782 1317 2888 1371; x_wconf 86' lang='lat' dir='ltr'><strong>illis</strong></span> <span class='ocrx_word' id='word_1_456' title='bbox 2919 1315 3103 1371; x_wconf 85' lang='lat' dir='ltr'><strong>verbis</strong></span> <span class='ocrx_word' id='word_1_457' title='bbox 3132 1333 3143 1368; x_wconf 91' lang='lat'><strong>:</strong></span> <span class='ocrx_word' id='word_1_458' title='bbox 3181 1333 3199 1365; x_wconf 77' lang='grc' dir='ltr'><strong>ι</strong></span> <span class='ocrx_word' id='word_1_459' title='bbox 3229 1313 3297 1368; x_wconf 88' lang='lat' dir='ltr'><strong>Ut</strong></span> <span class='ocrx_word' id='word_1_460' title='bbox 3330 1330 3429 1369; x_wconf 80' lang='lat' dir='ltr'><strong>ex-</strong></span> 
     </span>
    </p>
   </div>
   <div class='ocr_carea' id='block_1_59' title="bbox 1854 1408 3427 1479">
    <p class='ocr_par' dir='ltr' id='par_1_59' title="bbox 1854 1408 3427 1479">
     <span class='ocr_line' id='line_1_59' title="bbox 1854 1408 3427 1479; baseline -0.004 -13"><span class='ocrx_word' id='word_1_461' title='bbox 1854 1412 2051 1467; x_wconf 84' lang='lat' dir='ltr'><strong>hilaret</strong></span> <span class='ocrx_word' id='word_1_462' title='bbox 2106 1411 2303 1467; x_wconf 89' lang='lat' dir='ltr'><strong>faciem</strong></span> <span class='ocrx_word' id='word_1_463' title='bbox 2363 1411 2421 1466; x_wconf 90' lang='lat' dir='ltr'><strong>in</strong></span> <span class='ocrx_word' id='word_1_464' title='bbox 2479 1412 2599 1466; x_wconf 90' lang='lat' dir='ltr'><strong>oleo</strong></span> <span class='ocrx_word' id='word_1_465' title='bbox 2633 1412 2741 1464; x_wconf 80' lang='grc'><strong>¹⁶.»</strong></span> <span class='ocrx_word' id='word_1_466' title='bbox 2781 1408 2920 1463; x_wconf 83' lang='lat' dir='ltr'><strong>lluic</strong></span> <span class='ocrx_word' id='word_1_467' title='bbox 2947 1410 3112 1479; x_wconf 87' lang='lat' dir='ltr'><strong>igitur</strong></span> <span class='ocrx_word' id='word_1_468' title='bbox 3177 1408 3427 1478; x_wconf 82' lang='lat' dir='ltr'><strong>exemplo</strong></span> 
     </span>
    </p>
   </div>
   <div class='ocr_carea' id='block_1_60' title="bbox 1854 1503 3426 1575">
    <p class='ocr_par' dir='ltr' id='par_1_60' title="bbox 1854 1503 3426 1575">
     <span class='ocr_line' id='line_1_60' title="bbox 1854 1503 3426 1575; baseline -0.004 -15"><span class='ocrx_word' id='word_1_469' title='bbox 1854 1520 2168 1575; x_wconf 83' lang='lat' dir='ltr'><strong>supremam</strong></span> <span class='ocrx_word' id='word_1_470' title='bbox 2201 1505 2322 1574; x_wconf 89' lang='lat' dir='ltr'><strong>ejus</strong></span> <span class='ocrx_word' id='word_1_471' title='bbox 2352 1503 2469 1566; x_wconf 88' lang='lat' dir='ltr'><strong>Dei,</strong></span> <span class='ocrx_word' id='word_1_472' title='bbox 2502 1504 2593 1574; x_wconf 89' lang='lat' dir='ltr'><strong>qui</strong></span> <span class='ocrx_word' id='word_1_473' title='bbox 2622 1504 2864 1558; x_wconf 88' lang='lat' dir='ltr'><strong>omnium</strong></span> <span class='ocrx_word' id='word_1_474' title='bbox 2889 1511 2973 1559; x_wconf 74' lang='lat' dir='ltr'><strong>cst</strong></span> <span class='ocrx_word' id='word_1_475' title='bbox 3030 1503 3280 1572; x_wconf 88' lang='lat' dir='ltr'><strong>princeps</strong></span> <span class='ocrx_word' id='word_1_476' title='bbox 3304 1514 3426 1553; x_wconf 83' lang='lat' dir='ltr'><strong>om-</strong></span> 
     </span>
    </p>
   </div>
   <div class='ocr_carea' id='block_1_61' title="bbox 1854 1590 3428 1665">
    <p class='ocr_par' dir='ltr' id='par_1_61' title="bbox 1854 1590 3428 1665">
     <span class='ocr_line' id='line_1_61' title="bbox 1854 1590 3428 1665; baseline -0.003 -17"><span class='ocrx_word' id='word_1_477' title='bbox 1854 1595 2115 1665; x_wconf 89' lang='lat' dir='ltr'><strong>niumque</strong></span> <span class='ocrx_word' id='word_1_478' title='bbox 2143 1609 2258 1660; x_wconf 79' lang='lat' dir='ltr'><strong>rex,</strong></span> <span class='ocrx_word' id='word_1_479' title='bbox 2290 1594 2544 1649; x_wconf 79' lang='lat' dir='ltr'><strong>virtutem</strong></span> <span class='ocrx_word' id='word_1_480' title='bbox 2571 1609 2896 1663; x_wconf 85' lang='lat' dir='ltr'><strong>comparans</strong></span> <span class='ocrx_word' id='word_1_481' title='bbox 2932 1593 3127 1653; x_wconf 83' lang='lat' dir='ltr'><strong>oratio,</strong></span> <span class='ocrx_word' id='word_1_482' title='bbox 3156 1606 3280 1645; x_wconf 89' lang='lat' dir='ltr'><strong>eum</strong></span> <span class='ocrx_word' id='word_1_483' title='bbox 3332 1590 3428 1661; x_wconf 89' lang='lat' dir='ltr'><strong>qui</strong></span> 
     </span>
    </p>
   </div>
   <div class='ocr_carea' id='block_1_62' title="bbox 1855 1685 3426 1756">
    <p class='ocr_par' dir='ltr' id='par_1_62' title="bbox 1855 1685 3426 1756">
     <span class='ocr_line' id='line_1_62' title="bbox 1855 1685 3426 1756; baseline -0.001 -15"><span class='ocrx_word' id='word_1_484' title='bbox 1855 1688 2007 1742; x_wconf 88' lang='lat' dir='ltr'><strong>solus</strong></span> <span class='ocrx_word' id='word_1_485' title='bbox 2029 1687 2131 1743; x_wconf 91' lang='lat' dir='ltr'><strong>hoc</strong></span> <span class='ocrx_word' id='word_1_486' title='bbox 2161 1694 2277 1742; x_wconf 91' lang='lat' dir='ltr'><strong>toto</strong></span> <span class='ocrx_word' id='word_1_487' title='bbox 2298 1693 2498 1741; x_wconf 87' lang='lat' dir='ltr'><strong>unctus</strong></span> <span class='ocrx_word' id='word_1_488' title='bbox 2525 1693 2630 1747; x_wconf 89' lang='lat' dir='ltr'><strong>est,</strong></span> <span class='ocrx_word' id='word_1_489' title='bbox 2649 1686 2851 1756; x_wconf 91' lang='lat' dir='ltr'><strong>quique</strong></span> <span class='ocrx_word' id='word_1_490' title='bbox 2879 1686 3076 1740; x_wconf 83' lang='lat' dir='ltr'><strong>divinae</strong></span> <span class='ocrx_word' id='word_1_491' title='bbox 3114 1694 3278 1754; x_wconf 79' lang='lat' dir='ltr'><strong>atque</strong></span> <span class='ocrx_word' id='word_1_492' title='bbox 3306 1685 3426 1754; x_wconf 90' lang='lat' dir='ltr'><strong>ejus</strong></span> 
     </span>
    </p>
   </div>
   <div class='ocr_carea' id='block_1_63' title="bbox 1856 1778 3431 1852">
    <p class='ocr_par' dir='ltr' id='par_1_63' title="bbox 1856 1778 3431 1852">
     <span class='ocr_line' id='line_1_63' title="bbox 1856 1778 3431 1852; baseline -0.004 -15"><span class='ocrx_word' id='word_1_493' title='bbox 1856 1798 1978 1852; x_wconf 74' lang='lat' dir='ltr'><strong>quae</strong></span> <span class='ocrx_word' id='word_1_494' title='bbox 2020 1797 2145 1836; x_wconf 90' lang='lat' dir='ltr'><strong>cum</strong></span> <span class='ocrx_word' id='word_1_495' title='bbox 2195 1780 2361 1835; x_wconf 89' lang='lat' dir='ltr'><strong>nullis</strong></span> <span class='ocrx_word' id='word_1_496' title='bbox 2391 1779 2514 1835; x_wconf 89' lang='lat' dir='ltr'><strong>aliis</strong></span> <span class='ocrx_word' id='word_1_497' title='bbox 2564 1780 3001 1834; x_wconf 88' lang='lat' dir='ltr'><strong>communicatur</strong></span> <span class='ocrx_word' id='word_1_498' title='bbox 3047 1785 3288 1848; x_wconf 65' lang='lat' dir='ltr'><strong>paternae</strong></span> <span class='ocrx_word' id='word_1_499' title='bbox 3320 1778 3431 1831; x_wconf 81' lang='lat' dir='ltr'><strong>fra-</strong></span> 
     </span>
    </p>
   </div>
   <div class='ocr_carea' id='block_1_64' title="bbox 1855 1871 3431 1947">
    <p class='ocr_par' dir='ltr' id='par_1_64' title="bbox 1855 1871 3431 1947">
     <span class='ocr_line' id='line_1_64' title="bbox 1855 1871 3431 1947; baseline -0.003 -17"><span class='ocrx_word' id='word_1_500' title='bbox 1855 1876 2085 1947; x_wconf 70' lang='lat' dir='ltr'><strong>grantiaa</strong></span> <span class='ocrx_word' id='word_1_501' title='bbox 2115 1875 2386 1945; x_wconf 85' lang='lat' dir='ltr'><strong>particeps</strong></span> <span class='ocrx_word' id='word_1_502' title='bbox 2437 1871 2637 1935; x_wconf 88' lang='lat' dir='ltr'><strong>factus,</strong></span> <span class='ocrx_word' id='word_1_503' title='bbox 2670 1879 2724 1927; x_wconf 89' lang='lat' dir='ltr'><strong>et</strong></span> <span class='ocrx_word' id='word_1_504' title='bbox 2753 1871 2846 1941; x_wconf 89' lang='lat' dir='ltr'><strong>qui</strong></span> <span class='ocrx_word' id='word_1_505' title='bbox 2887 1872 3039 1925; x_wconf 90' lang='lat' dir='ltr'><strong>solus</strong></span> <span class='ocrx_word' id='word_1_506' title='bbox 3092 1886 3157 1925; x_wconf 78' lang='lat' dir='ltr'><strong>ex</strong></span> <span class='ocrx_word' id='word_1_507' title='bbox 3211 1871 3304 1925; x_wconf 90' lang='lat' dir='ltr'><strong>illo</strong></span> <span class='ocrx_word' id='word_1_508' title='bbox 3337 1884 3431 1941; x_wconf 85' lang='lat' dir='ltr'><strong>ge-</strong></span> 
     </span>
    </p>
   </div>
   <div class='ocr_carea' id='block_1_65' title="bbox 1857 1960 3431 2032">
    <p class='ocr_par' dir='ltr' id='par_1_65' title="bbox 1857 1960 3431 2032">
     <span class='ocr_line' id='line_1_65' title="bbox 1857 1960 3431 2032; baseline -0.006 -9"><span class='ocrx_word' id='word_1_509' title='bbox 1857 1970 2006 2023; x_wconf 90' lang='lat' dir='ltr'><strong>nitus</strong></span> <span class='ocrx_word' id='word_1_510' title='bbox 2045 1967 2188 2022; x_wconf 88' lang='lat' dir='ltr'><strong>Deus</strong></span> <span class='ocrx_word' id='word_1_511' title='bbox 2219 1965 2477 2028; x_wconf 85' lang='lat' dir='ltr'><strong>Verbum,</strong></span> <span class='ocrx_word' id='word_1_512' title='bbox 2509 1963 3004 2019; x_wconf 86' lang='lat' dir='ltr'><strong>communicatione</strong></span> <span class='ocrx_word' id='word_1_513' title='bbox 3047 1960 3319 2032; x_wconf 86' lang='lat' dir='ltr'><strong>gignentis</strong></span> <span class='ocrx_word' id='word_1_514' title='bbox 3346 1960 3431 2014; x_wconf 86' lang='lat' dir='ltr'><strong>itt-</strong></span> 
     </span>
    </p>
   </div>
   <div class='ocr_carea' id='block_1_66' title="bbox 1855 2053 3433 2134">
    <p class='ocr_par' dir='ltr' id='par_1_66' title="bbox 1855 2053 3433 2134">
     <span class='ocr_line' id='line_1_66' title="bbox 1855 2053 3433 2134; baseline -0.008 -15"><span class='ocrx_word' id='word_1_515' title='bbox 1855 2063 2044 2134; x_wconf 85' lang='lat' dir='ltr'><strong>geniti,</strong></span> <span class='ocrx_word' id='word_1_516' title='bbox 2075 2060 2214 2117; x_wconf 89' lang='lat' dir='ltr'><strong>Deus</strong></span> <span class='ocrx_word' id='word_1_517' title='bbox 2246 2059 2313 2113; x_wconf 88' lang='lat' dir='ltr'><strong>dc</strong></span> <span class='ocrx_word' id='word_1_518' title='bbox 2334 2056 2451 2112; x_wconf 89' lang='lat' dir='ltr'><strong>Deo</strong></span> <span class='ocrx_word' id='word_1_519' title='bbox 2476 2064 2561 2111; x_wconf 89' lang='lat' dir='ltr'><strong>est</strong></span> <span class='ocrx_word' id='word_1_520' title='bbox 2587 2055 2919 2119; x_wconf 88' lang='lat' dir='ltr'><strong>declaratus,</strong></span> <span class='ocrx_word' id='word_1_521' title='bbox 2947 2053 3225 2109; x_wconf 79' lang='lat' dir='ltr'><strong>Christum</strong></span> <span class='ocrx_word' id='word_1_522' title='bbox 3270 2060 3433 2122; x_wconf 87' lang='lat' dir='ltr'><strong>atque</strong></span> 
     </span>
    </p>
   </div>
   <div class='ocr_carea' id='block_1_67' title="bbox 1858 2145 3433 2214">
    <p class='ocr_par' dir='ltr' id='par_1_67' title="bbox 1858 2145 3433 2214">
     <span class='ocr_line' id='line_1_67' title="bbox 1858 2145 3433 2214; baseline -0.006 -6"><span class='ocrx_word' id='word_1_523' title='bbox 1858 2163 2084 2209; x_wconf 89' lang='lat' dir='ltr'><strong>unctum</strong></span> <span class='ocrx_word' id='word_1_524' title='bbox 2139 2151 2374 2206; x_wconf 86' lang='lat' dir='ltr'><strong>vocavit.</strong></span> <span class='ocrx_word' id='word_1_525' title='bbox 2441 2147 2709 2214; x_wconf 87' lang='lat' dir='ltr'><strong>Quocirca</strong></span> <span class='ocrx_word' id='word_1_526' title='bbox 2766 2147 2823 2201; x_wconf 90' lang='lat' dir='ltr'><strong>in</strong></span> <span class='ocrx_word' id='word_1_527' title='bbox 2888 2145 3123 2203; x_wconf 86' lang='lat' dir='ltr'><strong>Psalmis</strong></span> <span class='ocrx_word' id='word_1_528' title='bbox 3175 2145 3241 2200; x_wconf 88' lang='lat' dir='ltr'><strong>ad</strong></span> <span class='ocrx_word' id='word_1_529' title='bbox 3285 2145 3433 2200; x_wconf 89' lang='lat' dir='ltr'><strong>hunc</strong></span> 
     </span>
    </p>
   </div>
   <div class='ocr_carea' id='block_1_68' title="bbox 1857 2238 3436 2316">
    <p class='ocr_par' dir='ltr' id='par_1_68' title="bbox 1857 2238 3436 2316">
     <span class='ocr_line' id='line_1_68' title="bbox 1857 2238 3436 2316; baseline -0.004 -17"><span class='ocrx_word' id='word_1_530' title='bbox 1857 2246 2060 2316; x_wconf 88' lang='lat' dir='ltr'><strong>ipsum,</strong></span> <span class='ocrx_word' id='word_1_531' title='bbox 2099 2246 2191 2314; x_wconf 90' lang='lat' dir='ltr'><strong>qui</strong></span> <span class='ocrx_word' id='word_1_532' title='bbox 2231 2260 2261 2297; x_wconf 87' lang='lat' dir='ltr'><strong>a</strong></span> <span class='ocrx_word' id='word_1_533' title='bbox 2295 2242 2456 2297; x_wconf 83' lang='lat' dir='ltr'><strong>Patre</strong></span> <span class='ocrx_word' id='word_1_534' title='bbox 2487 2250 2686 2297; x_wconf 89' lang='lat' dir='ltr'><strong>unctus</strong></span> <span class='ocrx_word' id='word_1_535' title='bbox 2723 2246 2828 2306; x_wconf 89' lang='lat' dir='ltr'><strong>est,</strong></span> <span class='ocrx_word' id='word_1_536' title='bbox 2882 2240 2963 2296; x_wconf 90' lang='lat' dir='ltr'><strong>sic</strong></span> <span class='ocrx_word' id='word_1_537' title='bbox 2984 2238 3259 2311; x_wconf 86' lang='lat' dir='ltr'><strong>quoddam</strong></span> <span class='ocrx_word' id='word_1_538' title='bbox 3309 2252 3436 2293; x_wconf 76' lang='lat' dir='ltr'><strong>ora-</strong></span> 
     </span>
    </p>
   </div>
   <div class='ocr_carea' id='block_1_69' title="bbox 1858 2332 3430 2400">
    <p class='ocr_par' dir='ltr' id='par_1_69' title="bbox 1858 2332 3430 2400">
     <span class='ocr_line' id='line_1_69' title="bbox 1858 2332 3430 2400; baseline -0.006 -5"><span class='ocrx_word' id='word_1_539' title='bbox 1858 2340 2041 2395; x_wconf 89' lang='lat' dir='ltr'><strong>culum</strong></span> <span class='ocrx_word' id='word_1_540' title='bbox 2082 2338 2217 2392; x_wconf 86' lang='lat' dir='ltr'><strong>dicit</strong></span> <span class='ocrx_word' id='word_1_541' title='bbox 2242 2356 2254 2392; x_wconf 91' lang='lat'><strong>:</strong></span> <span class='ocrx_word' id='word_1_542' title='bbox 2286 2356 2304 2387; x_wconf 75' lang='grc' dir='ltr'><strong>ι</strong></span> <span class='ocrx_word' id='word_1_543' title='bbox 2332 2335 2500 2392; x_wconf 78' lang='lat' dir='ltr'><strong>Sedes</strong></span> <span class='ocrx_word' id='word_1_544' title='bbox 2522 2345 2636 2400; x_wconf 88' lang='lat' dir='ltr'><strong>tua,</strong></span> <span class='ocrx_word' id='word_1_545' title='bbox 2667 2334 2833 2399; x_wconf 88' lang='lat' dir='ltr'><strong>Deus,</strong></span> <span class='ocrx_word' id='word_1_546' title='bbox 2861 2335 2916 2389; x_wconf 89' lang='lat' dir='ltr'><strong>in</strong></span> <span class='ocrx_word' id='word_1_547' title='bbox 2942 2334 3201 2390; x_wconf 64' lang='lat' dir='ltr'><strong>saeculum</strong></span> <span class='ocrx_word' id='word_1_548' title='bbox 3223 2332 3430 2396; x_wconf 71' lang='lat' dir='ltr'><strong>saeculi,</strong></span> 
     </span>
    </p>
   </div>
   <div class='ocr_carea' id='block_1_70' title="bbox 1858 2423 3435 2501">
    <p class='ocr_par' dir='ltr' id='par_1_70' title="bbox 1858 2423 3435 2501">
     <span class='ocr_line' id='line_1_70' title="bbox 1858 2423 3435 2501; baseline -0.006 -15"><span class='ocrx_word' id='word_1_549' title='bbox 1858 2431 2010 2501; x_wconf 86' lang='lat' dir='ltr'><strong>virga</strong></span> <span class='ocrx_word' id='word_1_550' title='bbox 2051 2428 2391 2494; x_wconf 89' lang='lat' dir='ltr'><strong>directionis,</strong></span> <span class='ocrx_word' id='word_1_551' title='bbox 2443 2428 2594 2498; x_wconf 86' lang='lat' dir='ltr'><strong>virga</strong></span> <span class='ocrx_word' id='word_1_552' title='bbox 2630 2426 2784 2496; x_wconf 87' lang='lat' dir='ltr'><strong>regni</strong></span> <span class='ocrx_word' id='word_1_553' title='bbox 2816 2425 2918 2479; x_wconf 92' lang='lat' dir='ltr'><strong>tui.</strong></span> <span class='ocrx_word' id='word_1_554' title='bbox 2975 2423 3224 2480; x_wconf 73' lang='lat' dir='ltr'><strong>Dilexisti</strong></span> <span class='ocrx_word' id='word_1_555' title='bbox 3269 2423 3435 2493; x_wconf 86' lang='lat' dir='ltr'><strong>justi-</strong></span> 
     </span>
    </p>
   </div>
   <div class='ocr_carea' id='block_1_71' title="bbox 1858 2515 3436 2589">
    <p class='ocr_par' dir='ltr' id='par_1_71' title="bbox 1858 2515 3436 2589">
     <span class='ocr_line' id='line_1_71' title="bbox 1858 2515 3436 2589; baseline -0.006 -12"><span class='ocrx_word' id='word_1_556' title='bbox 1858 2525 2013 2589; x_wconf 89' lang='lat' dir='ltr'><strong>tiam,</strong></span> <span class='ocrx_word' id='word_1_557' title='bbox 2065 2528 2120 2577; x_wconf 92' lang='lat' dir='ltr'><strong>et</strong></span> <span class='ocrx_word' id='word_1_558' title='bbox 2178 2519 2344 2575; x_wconf 90' lang='lat' dir='ltr'><strong>odisti</strong></span> <span class='ocrx_word' id='word_1_559' title='bbox 2403 2519 2770 2589; x_wconf 88' lang='lat' dir='ltr'><strong>iniquitatem,</strong></span> <span class='ocrx_word' id='word_1_560' title='bbox 2837 2524 3128 2587; x_wconf 86' lang='lat' dir='ltr'><strong>propterea</strong></span> <span class='ocrx_word' id='word_1_561' title='bbox 3180 2515 3338 2569; x_wconf 80' lang='lat' dir='ltr'><strong>unxit</strong></span> <span class='ocrx_word' id='word_1_562' title='bbox 3380 2521 3436 2569; x_wconf 88' lang='lat' dir='ltr'><strong>te</strong></span> 
     </span>
    </p>
   </div>
   <div class='ocr_carea' id='block_1_72' title="bbox 1860 2604 3430 2677">
    <p class='ocr_par' dir='ltr' id='par_1_72' title="bbox 1860 2604 3430 2677">
     <span class='ocr_line' id='line_1_72' title="bbox 1860 2604 3430 2677; baseline -0.006 -11"><span class='ocrx_word' id='word_1_563' title='bbox 1860 2612 2005 2669; x_wconf 82' lang='lat' dir='ltr'><strong>Deus</strong></span> <span class='ocrx_word' id='word_1_564' title='bbox 2024 2610 2306 2666; x_wconf 90' lang='lat' dir='ltr'><strong>Deustuus</strong></span> <span class='ocrx_word' id='word_1_565' title='bbox 2328 2610 2448 2665; x_wconf 92' lang='lat' dir='ltr'><strong>oleo</strong></span> <span class='ocrx_word' id='word_1_566' title='bbox 2476 2608 2674 2663; x_wconf 71' lang='lat' dir='ltr'><strong>laetitia:</strong></span> <span class='ocrx_word' id='word_1_567' title='bbox 2698 2621 2810 2677; x_wconf 61' lang='lat' dir='ltr'><strong>prae</strong></span> <span class='ocrx_word' id='word_1_568' title='bbox 2832 2605 3183 2662; x_wconf 90' lang='lat' dir='ltr'><strong>consortibus</strong></span> <span class='ocrx_word' id='word_1_569' title='bbox 3208 2606 3318 2659; x_wconf 90' lang='lat' dir='ltr'><strong>tuis</strong></span> <span class='ocrx_word' id='word_1_570' title='bbox 3333 2604 3395 2658; x_wconf 75' lang='grc' dir='ltr'>ιτ.</span> <span class='ocrx_word' id='word_1_571' title='bbox 3410 2623 3430 2656; x_wconf 74' lang='grc' dir='ltr'><strong>ι</strong></span> 
     </span>
    </p>
   </div>
   <div class='ocr_carea' id='block_1_73' title="bbox 1860 2696 3437 2769">
    <p class='ocr_par' dir='ltr' id='par_1_73' title="bbox 1860 2696 3437 2769">
     <span class='ocr_line' id='line_1_73' title="bbox 1860 2696 3437 2769; baseline -0.008 -7"><span class='ocrx_word' id='word_1_572' title='bbox 1860 2707 1931 2762; x_wconf 84' lang='lat' dir='ltr'><strong>At</strong></span> <span class='ocrx_word' id='word_1_573' title='bbox 1962 2721 2090 2761; x_wconf 89' lang='lat' dir='ltr'><strong>vero</strong></span> <span class='ocrx_word' id='word_1_574' title='bbox 2118 2720 2226 2758; x_wconf 91' lang='lat' dir='ltr'><strong>una</strong></span> <span class='ocrx_word' id='word_1_575' title='bbox 2258 2703 2474 2769; x_wconf 85' lang='lat' dir='ltr'><strong>quidem</strong></span> <span class='ocrx_word' id='word_1_576' title='bbox 2505 2710 2590 2757; x_wconf 90' lang='lat' dir='ltr'><strong>est</strong></span> <span class='ocrx_word' id='word_1_577' title='bbox 2615 2703 2724 2757; x_wconf 87' lang='lat' dir='ltr'><strong>olei</strong></span> <span class='ocrx_word' id='word_1_578' title='bbox 2780 2709 2998 2765; x_wconf 85' lang='lat' dir='ltr'><strong>natura,</strong></span> <span class='ocrx_word' id='word_1_579' title='bbox 3036 2699 3130 2754; x_wconf 87' lang='lat' dir='ltr'><strong>sed</strong></span> <span class='ocrx_word' id='word_1_580' title='bbox 3172 2696 3437 2768; x_wconf 75' lang='lat' dir='ltr'><strong>unguenti</strong></span> 
     </span>
    </p>
   </div>
   <div class='ocr_carea' id='block_1_74' title="bbox 1862 2787 3438 2870">
    <p class='ocr_par' dir='ltr' id='par_1_74' title="bbox 1862 2787 3438 2870">
     <span class='ocr_line' id='line_1_74' title="bbox 1862 2787 3438 2870; baseline -0.008 -16"><span class='ocrx_word' id='word_1_581' title='bbox 1862 2813 1983 2870; x_wconf 65' lang='lat' dir='ltr'><strong>quae</strong></span> <span class='ocrx_word' id='word_1_582' title='bbox 2036 2804 2140 2858; x_wconf 90' lang='lat' dir='ltr'><strong>est,</strong></span> <span class='ocrx_word' id='word_1_583' title='bbox 2172 2811 2235 2850; x_wconf 89' lang='lat' dir='ltr'><strong>ea</strong></span> <span class='ocrx_word' id='word_1_584' title='bbox 2268 2794 2562 2847; x_wconf 89' lang='lat' dir='ltr'><strong>multarum</strong></span> <span class='ocrx_word' id='word_1_585' title='bbox 2594 2793 2649 2847; x_wconf 92' lang='lat' dir='ltr'><strong>in</strong></span> <span class='ocrx_word' id='word_1_586' title='bbox 2677 2791 2818 2848; x_wconf 90' lang='lat' dir='ltr'><strong>idem</strong></span> <span class='ocrx_word' id='word_1_587' title='bbox 2850 2805 3182 2847; x_wconf 87' lang='lat' dir='ltr'><strong>concursum</strong></span> <span class='ocrx_word' id='word_1_588' title='bbox 3227 2787 3438 2859; x_wconf 81' lang='lat' dir='ltr'><strong>signiﬁ-</strong></span> 
     </span>
    </p>
   </div>
   <div class='ocr_carea' id='block_1_75' title="bbox 1862 2881 3437 2957">
    <p class='ocr_par' dir='ltr' id='par_1_75' title="bbox 1862 2881 3437 2957">
     <span class='ocr_line' id='line_1_75' title="bbox 1862 2881 3437 2957; baseline -0.008 -11"><span class='ocrx_word' id='word_1_589' title='bbox 1862 2898 1971 2947; x_wconf 84' lang='lat' dir='ltr'><strong>cat.</strong></span> <span class='ocrx_word' id='word_1_590' title='bbox 2000 2888 2238 2945; x_wconf 88' lang='lat' dir='ltr'><strong>Proinde</strong></span> <span class='ocrx_word' id='word_1_591' title='bbox 2267 2888 2428 2942; x_wconf 89' lang='lat' dir='ltr'><strong>etiam</strong></span> <span class='ocrx_word' id='word_1_592' title='bbox 2477 2888 2653 2957; x_wconf 89' lang='lat' dir='ltr'><strong>prima</strong></span> <span class='ocrx_word' id='word_1_593' title='bbox 2709 2885 2799 2940; x_wconf 87' lang='lat' dir='ltr'><strong>illa</strong></span> <span class='ocrx_word' id='word_1_594' title='bbox 2829 2892 2884 2939; x_wconf 92' lang='lat' dir='ltr'><strong>et</strong></span> <span class='ocrx_word' id='word_1_595' title='bbox 2914 2884 3152 2955; x_wconf 73' lang='lat' dir='ltr'><strong>ingenita</strong></span> <span class='ocrx_word' id='word_1_596' title='bbox 3190 2881 3437 2936; x_wconf 84' lang='lat' dir='ltr'><strong>omnium</strong></span> 
     </span>
    </p>
   </div>
   <div class='ocr_carea' id='block_1_76' title="bbox 1861 2975 3440 3056">
    <p class='ocr_par' dir='ltr' id='par_1_76' title="bbox 1861 2975 3440 3056">
     <span class='ocr_line' id='line_1_76' title="bbox 1861 2975 3440 3056; baseline -0.009 -15"><span class='ocrx_word' id='word_1_597' title='bbox 1861 2986 2008 3056; x_wconf 84' lang='lat' dir='ltr'><strong>regis</strong></span> <span class='ocrx_word' id='word_1_598' title='bbox 2041 2982 2131 3038; x_wconf 91' lang='lat' dir='ltr'><strong>Dei</strong></span> <span class='ocrx_word' id='word_1_599' title='bbox 2187 2982 2381 3048; x_wconf 90' lang='lat' dir='ltr'><strong>virtus,</strong></span> <span class='ocrx_word' id='word_1_600' title='bbox 2420 2987 2692 3050; x_wconf 87' lang='lat' dir='ltr'><strong>quatenus</strong></span> <span class='ocrx_word' id='word_1_601' title='bbox 2741 2977 2961 3049; x_wconf 90' lang='lat' dir='ltr'><strong>quidem</strong></span> <span class='ocrx_word' id='word_1_602' title='bbox 3006 2975 3232 3044; x_wconf 78' lang='lat' dir='ltr'><strong>simplex</strong></span> <span class='ocrx_word' id='word_1_603' title='bbox 3275 2980 3440 3042; x_wconf 88' lang='lat' dir='ltr'><strong>atque</strong></span> 
     </span>
    </p>
   </div>
   <div class='ocr_carea' id='block_1_77' title="bbox 1865 3064 3440 3146">
    <p class='ocr_par' dir='ltr' id='par_1_77' title="bbox 1865 3064 3440 3146">
     <span class='ocr_line' id='line_1_77' title="bbox 1865 3064 3440 3146; baseline -0.01 -14"><span class='ocrx_word' id='word_1_604' title='bbox 1865 3076 2226 3146; x_wconf 87' lang='lat' dir='ltr'><strong>incomposita</strong></span> <span class='ocrx_word' id='word_1_605' title='bbox 2248 3114 2264 3138; x_wconf 91' lang='lat'><strong>,</strong></span> <span class='ocrx_word' id='word_1_606' title='bbox 2308 3073 2551 3143; x_wconf 83' lang='lat' dir='ltr'><strong>nullique</strong></span> <span class='ocrx_word' id='word_1_607' title='bbox 2598 3072 2689 3126; x_wconf 89' lang='lat' dir='ltr'><strong>alii</strong></span> <span class='ocrx_word' id='word_1_608' title='bbox 2720 3080 2928 3124; x_wconf 66' lang='lat' dir='ltr'><strong>naturae</strong></span> <span class='ocrx_word' id='word_1_609' title='bbox 2962 3070 3250 3124; x_wconf 85' lang='lat' dir='ltr'><strong>commista</strong></span> <span class='ocrx_word' id='word_1_610' title='bbox 3281 3064 3440 3119; x_wconf 86' lang='lat' dir='ltr'><strong>intel-</strong></span> 
     </span>
    </p>
   </div>
   <div class='ocr_carea' id='block_1_78' title="bbox 1789 3164 3439 3242">
    <p class='ocr_par' dir='ltr' id='par_1_78' title="bbox 1789 3164 3439 3242">
     <span class='ocr_line' id='line_1_78' title="bbox 1789 3164 3439 3242; baseline -0.008 -18"><span class='ocrx_word' id='word_1_611' title='bbox 1789 3183 1833 3242; x_wconf 64' lang='grc' dir='ltr'>(ς</span> <span class='ocrx_word' id='word_1_612' title='bbox 1864 3169 2070 3240; x_wconf 89' lang='lat' dir='ltr'><strong>ligitur,</strong></span> <span class='ocrx_word' id='word_1_613' title='bbox 2099 3165 2332 3236; x_wconf 85' lang='lat' dir='ltr'><strong>simplici</strong></span> <span class='ocrx_word' id='word_1_614' title='bbox 2363 3165 2469 3219; x_wconf 90' lang='lat' dir='ltr'><strong>olei</strong></span> <span class='ocrx_word' id='word_1_615' title='bbox 2495 3164 2756 3219; x_wconf 88' lang='lat' dir='ltr'><strong>locutioni</strong></span> <span class='ocrx_word' id='word_1_616' title='bbox 2782 3164 2978 3218; x_wconf 89' lang='lat' dir='ltr'><strong>collata</strong></span> <span class='ocrx_word' id='word_1_617' title='bbox 3012 3168 3131 3226; x_wconf 86' lang='lat' dir='ltr'><strong>est;</strong></span> <span class='ocrx_word' id='word_1_618' title='bbox 3166 3165 3439 3229; x_wconf 86' lang='lat' dir='ltr'><strong>quatenus</strong></span> 
     </span>
    </p>
   </div>
   <div class='ocr_carea' id='block_1_79' title="bbox 1868 3254 3443 3331">
    <p class='ocr_par' dir='ltr' id='par_1_79' title="bbox 1868 3254 3443 3331">
     <span class='ocr_line' id='line_1_79' title="bbox 1868 3254 3443 3331; baseline -0.008 -15"><span class='ocrx_word' id='word_1_619' title='bbox 1868 3270 2048 3317; x_wconf 89' lang='lat' dir='ltr'><strong>autem</strong></span> <span class='ocrx_word' id='word_1_620' title='bbox 2081 3260 2344 3331; x_wconf 91' lang='lat' dir='ltr'><strong>plurimas</strong></span> <span class='ocrx_word' id='word_1_621' title='bbox 2376 3258 2430 3312; x_wconf 91' lang='lat' dir='ltr'><strong>in</strong></span> <span class='ocrx_word' id='word_1_622' title='bbox 2451 3255 2641 3312; x_wconf 90' lang='lat' dir='ltr'><strong>eodem</strong></span> <span class='ocrx_word' id='word_1_623' title='bbox 2680 3254 3155 3310; x_wconf 87' lang='lat' dir='ltr'><strong>considerationes</strong></span> <span class='ocrx_word' id='word_1_624' title='bbox 3190 3264 3443 3320; x_wconf 89' lang='lat' dir='ltr'><strong>compre-</strong></span> 
     </span>
    </p>
   </div>
   <div class='ocr_carea' id='block_1_80' title="bbox 1868 3341 3437 3418">
    <p class='ocr_par' dir='ltr' id='par_1_80' title="bbox 1868 3341 3437 3418">
     <span class='ocr_line' id='line_1_80' title="bbox 1868 3341 3437 3418; baseline -0.008 -11"><span class='ocrx_word' id='word_1_625' title='bbox 1868 3352 2139 3409; x_wconf 88' lang='lat' dir='ltr'><strong>hendendi</strong></span> <span class='ocrx_word' id='word_1_626' title='bbox 2172 3351 2281 3406; x_wconf 87' lang='lat' dir='ltr'><strong>vim</strong></span> <span class='ocrx_word' id='word_1_627' title='bbox 2310 3350 2492 3416; x_wconf 85' lang='lat' dir='ltr'><strong>habet,</strong></span> <span class='ocrx_word' id='word_1_628' title='bbox 2535 3357 2595 3404; x_wconf 90' lang='lat' dir='ltr'><strong>ut</strong></span> <span class='ocrx_word' id='word_1_629' title='bbox 2637 3348 2783 3418; x_wconf 88' lang='lat' dir='ltr'><strong>quod</strong></span> <span class='ocrx_word' id='word_1_630' title='bbox 2837 3348 3014 3402; x_wconf 84' lang='lat' dir='ltr'><strong>facere</strong></span> <span class='ocrx_word' id='word_1_631' title='bbox 3060 3353 3260 3416; x_wconf 87' lang='lat' dir='ltr'><strong>potest,</strong></span> <span class='ocrx_word' id='word_1_632' title='bbox 3292 3341 3437 3413; x_wconf 90' lang='lat' dir='ltr'><strong>quod</strong></span> 
     </span>
    </p>
   </div>
   <div class='ocr_carea' id='block_1_81' title="bbox 1866 3431 3442 3516">
    <p class='ocr_par' dir='ltr' id='par_1_81' title="bbox 1866 3431 3442 3516">
     <span class='ocr_line' id='line_1_81' title="bbox 1866 3431 3442 3516; baseline -0.009 -16"><span class='ocrx_word' id='word_1_633' title='bbox 1866 3459 2116 3516; x_wconf 85' lang='lat' dir='ltr'><strong>regnare,</strong></span> <span class='ocrx_word' id='word_1_634' title='bbox 2147 3441 2292 3513; x_wconf 86' lang='lat' dir='ltr'><strong>quod</strong></span> <span class='ocrx_word' id='word_1_635' title='bbox 2317 3440 2618 3511; x_wconf 82' lang='lat' dir='ltr'><strong>providere,</strong></span> <span class='ocrx_word' id='word_1_636' title='bbox 2641 3437 3071 3510; x_wconf 88' lang='lat' dir='ltr'><strong>quodjudicare,</strong></span> <span class='ocrx_word' id='word_1_637' title='bbox 3106 3432 3266 3506; x_wconf 67' lang='grc'><strong>174</strong></span> <span class='ocrx_word' id='word_1_638' title='bbox 3297 3431 3442 3503; x_wconf 88' lang='lat' dir='ltr'><strong>quod</strong></span> 
     </span>
    </p>
   </div>
   <div class='ocr_carea' id='block_1_82' title="bbox 1867 3527 3441 3606">
    <p class='ocr_par' dir='ltr' id='par_1_82' title="bbox 1867 3527 3441 3606">
     <span class='ocr_line' id='line_1_82' title="bbox 1867 3527 3441 3606; baseline -0.01 -13"><span class='ocrx_word' id='word_1_639' title='bbox 1867 3553 2055 3593; x_wconf 87' lang='lat' dir='ltr'><strong>amore</strong></span> <span class='ocrx_word' id='word_1_640' title='bbox 2098 3534 2356 3606; x_wconf 89' lang='lat' dir='ltr'><strong>prosequi</strong></span> <span class='ocrx_word' id='word_1_641' title='bbox 2414 3533 2700 3595; x_wconf 88' lang='lat' dir='ltr'><strong>homines,</strong></span> <span class='ocrx_word' id='word_1_642' title='bbox 2737 3531 2881 3601; x_wconf 88' lang='lat' dir='ltr'><strong>quod</strong></span> <span class='ocrx_word' id='word_1_643' title='bbox 2937 3529 3167 3584; x_wconf 83' lang='lat' dir='ltr'><strong>salutem</strong></span> <span class='ocrx_word' id='word_1_644' title='bbox 3226 3527 3441 3591; x_wconf 75' lang='lat' dir='ltr'><strong>afferre,</strong></span> 
     </span>
    </p>
   </div>
   <div class='ocr_carea' id='block_1_83' title="bbox 1870 3615 3445 3700">
    <p class='ocr_par' dir='ltr' id='par_1_83' title="bbox 1870 3615 3445 3700">
     <span class='ocr_line' id='line_1_83' title="bbox 1870 3615 3445 3700; baseline -0.009 -16"><span class='ocrx_word' id='word_1_645' title='bbox 1870 3630 2083 3700; x_wconf 88' lang='lat' dir='ltr'><strong>aliaque</strong></span> <span class='ocrx_word' id='word_1_646' title='bbox 2135 3624 2550 3682; x_wconf 88' lang='lat' dir='ltr'><strong>innumerabilia</strong></span> <span class='ocrx_word' id='word_1_647' title='bbox 2620 3638 2741 3693; x_wconf 74' lang='lat' dir='ltr'><strong>qua:</strong></span> <span class='ocrx_word' id='word_1_648' title='bbox 2791 3619 3144 3691; x_wconf 82' lang='lat' dir='ltr'><strong>intelligentia</strong></span> <span class='ocrx_word' id='word_1_649' title='bbox 3189 3615 3445 3671; x_wconf 88' lang='lat' dir='ltr'><strong>conside-</strong></span> 
     </span>
    </p>
   </div>
   <div class='ocr_carea' id='block_1_84' title="bbox 1869 3708 3444 3789">
    <p class='ocr_par' dir='ltr' id='par_1_84' title="bbox 1869 3708 3444 3789">
     <span class='ocr_line' id='line_1_84' title="bbox 1869 3708 3444 3789; baseline -0.012 -13"><span class='ocrx_word' id='word_1_650' title='bbox 1869 3730 2064 3776; x_wconf 89' lang='lat' dir='ltr'><strong>rantur</strong></span> <span class='ocrx_word' id='word_1_651' title='bbox 2092 3734 2105 3771; x_wconf 90' lang='lat'><strong>:</strong></span> <span class='ocrx_word' id='word_1_652' title='bbox 2137 3725 2415 3789; x_wconf 90' lang='lat' dir='ltr'><strong>unguento</strong></span> <span class='ocrx_word' id='word_1_653' title='bbox 2445 3730 2639 3770; x_wconf 87' lang='lat' dir='ltr'><strong>rursus</strong></span> <span class='ocrx_word' id='word_1_654' title='bbox 2664 3715 2777 3767; x_wconf 62' lang='lat' dir='ltr'><strong>haec</strong></span> <span class='ocrx_word' id='word_1_655' title='bbox 2808 3712 2926 3781; x_wconf 89' lang='lat' dir='ltr'><strong>ipsa</strong></span> <span class='ocrx_word' id='word_1_656' title='bbox 2952 3723 3075 3780; x_wconf 63' lang='lat' dir='ltr'><strong>quae</strong></span> <span class='ocrx_word' id='word_1_657' title='bbox 3103 3714 3157 3763; x_wconf 91' lang='lat' dir='ltr'><strong>et</strong></span> <span class='ocrx_word' id='word_1_658' title='bbox 3187 3708 3358 3761; x_wconf 89' lang='lat' dir='ltr'><strong>multa</strong></span> <span class='ocrx_word' id='word_1_659' title='bbox 3388 3712 3444 3759; x_wconf 90' lang='lat' dir='ltr'><strong>et</strong></span> 
     </span>
    </p>
   </div>
   <div class='ocr_carea' id='block_1_85' title="bbox 1871 3803 3445 3885">
    <p class='ocr_par' dir='ltr' id='par_1_85' title="bbox 1871 3803 3445 3885">
     <span class='ocr_line' id='line_1_85' title="bbox 1871 3803 3445 3885; baseline -0.013 -13"><span class='ocrx_word' id='word_1_660' title='bbox 1871 3817 2013 3873; x_wconf 92' lang='lat' dir='ltr'><strong>bona</strong></span> <span class='ocrx_word' id='word_1_661' title='bbox 2043 3812 2504 3885; x_wconf 84' lang='lat' dir='ltr'><strong>comprehendere</strong></span> <span class='ocrx_word' id='word_1_662' title='bbox 2552 3815 2729 3878; x_wconf 85' lang='lat' dir='ltr'><strong>potest</strong></span> <span class='ocrx_word' id='word_1_663' title='bbox 2758 3806 2867 3870; x_wconf 86' lang='lat' dir='ltr'><strong>vis,</strong></span> <span class='ocrx_word' id='word_1_664' title='bbox 2900 3803 3097 3858; x_wconf 88' lang='lat' dir='ltr'><strong>merito</strong></span> <span class='ocrx_word' id='word_1_665' title='bbox 3128 3809 3445 3871; x_wconf 85' lang='lat' dir='ltr'><strong>comparata</strong></span> 
     </span>
    </p>
   </div>
   <div class='ocr_carea' id='block_1_86' title="bbox 1870 3893 3447 3977">
    <p class='ocr_par' dir='ltr' id='par_1_86' title="bbox 1870 3893 3447 3977">
     <span class='ocr_line' id='line_1_86' title="bbox 1870 3893 3447 3977; baseline -0.012 -13"><span class='ocrx_word' id='word_1_666' title='bbox 1870 3916 1974 3972; x_wconf 89' lang='lat' dir='ltr'><strong>est,</strong></span> <span class='ocrx_word' id='word_1_667' title='bbox 2006 3924 2115 3977; x_wconf 92' lang='lat' dir='ltr'><strong>quo</strong></span> <span class='ocrx_word' id='word_1_668' title='bbox 2146 3910 2423 3977; x_wconf 90' lang='lat' dir='ltr'><strong>unguento</strong></span> <span class='ocrx_word' id='word_1_669' title='bbox 2452 3918 2574 3957; x_wconf 90' lang='lat' dir='ltr'><strong>eum</strong></span> <span class='ocrx_word' id='word_1_670' title='bbox 2595 3901 2687 3970; x_wconf 89' lang='lat' dir='ltr'><strong>qui</strong></span> <span class='ocrx_word' id='word_1_671' title='bbox 2716 3899 2809 3953; x_wconf 87' lang='lat' dir='ltr'><strong>Dei</strong></span> <span class='ocrx_word' id='word_1_672' title='bbox 2828 3905 2882 3952; x_wconf 90' lang='lat' dir='ltr'><strong>et</strong></span> <span class='ocrx_word' id='word_1_673' title='bbox 2913 3910 3076 3950; x_wconf 85' lang='lat' dir='ltr'><strong>verus</strong></span> <span class='ocrx_word' id='word_1_674' title='bbox 3109 3902 3161 3948; x_wconf 92' lang='lat' dir='ltr'><strong>et</strong></span> <span class='ocrx_word' id='word_1_675' title='bbox 3183 3893 3336 3948; x_wconf 89' lang='lat' dir='ltr'><strong>solus</strong></span> <span class='ocrx_word' id='word_1_676' title='bbox 3360 3899 3447 3947; x_wconf 87' lang='lat' dir='ltr'><strong>est</strong></span> 
     </span>
    </p>
   </div>
   <div class='ocr_carea' id='block_1_87' title="bbox 1869 3985 3445 4074">
    <p class='ocr_par' dir='ltr' id='par_1_87' title="bbox 1869 3985 3445 4074">
     <span class='ocr_line' id='line_1_87' title="bbox 1869 3985 3445 4074; baseline -0.013 -17"><span class='ocrx_word' id='word_1_677' title='bbox 1869 4001 2134 4074; x_wconf 83' lang='lat' dir='ltr'><strong>pontifex,</strong></span> <span class='ocrx_word' id='word_1_678' title='bbox 2173 4006 2396 4055; x_wconf 89' lang='lat' dir='ltr'><strong>unctum</strong></span> <span class='ocrx_word' id='word_1_679' title='bbox 2423 4011 2546 4051; x_wconf 90' lang='lat' dir='ltr'><strong>esse</strong></span> <span class='ocrx_word' id='word_1_680' title='bbox 2565 3994 2748 4047; x_wconf 86' lang='lat' dir='ltr'><strong>divina</strong></span> <span class='ocrx_word' id='word_1_681' title='bbox 2795 4005 2896 4045; x_wconf 90' lang='lat' dir='ltr'><strong>nos</strong></span> <span class='ocrx_word' id='word_1_682' title='bbox 2942 3989 3141 4043; x_wconf 87' lang='lat' dir='ltr'><strong>docent</strong></span> <span class='ocrx_word' id='word_1_683' title='bbox 3198 3985 3445 4041; x_wconf 90' lang='lat' dir='ltr'><strong>oracula.</strong></span> 
     </span>
    </p>
   </div>
   <div class='ocr_carea' id='block_1_88' title="bbox 1871 4077 3449 4166">
    <p class='ocr_par' dir='ltr' id='par_1_88' title="bbox 1871 4077 3449 4166">
     <span class='ocr_line' id='line_1_88' title="bbox 1871 4077 3449 4166; baseline -0.013 -15"><span class='ocrx_word' id='word_1_684' title='bbox 1871 4100 1937 4152; x_wconf 78' lang='lat' dir='ltr'><strong>Et</strong></span> <span class='ocrx_word' id='word_1_685' title='bbox 1967 4096 2177 4166; x_wconf 90' lang='lat' dir='ltr'><strong>primus</strong></span> <span class='ocrx_word' id='word_1_686' title='bbox 2211 4091 2429 4163; x_wconf 89' lang='lat' dir='ltr'><strong>quidem</strong></span> <span class='ocrx_word' id='word_1_687' title='bbox 2468 4091 2585 4159; x_wconf 90' lang='lat' dir='ltr'><strong>ipse</strong></span> <span class='ocrx_word' id='word_1_688' title='bbox 2624 4085 2859 4158; x_wconf 86' lang='lat' dir='ltr'><strong>Moyses,</strong></span> <span class='ocrx_word' id='word_1_689' title='bbox 2889 4099 2982 4153; x_wconf 84' lang='lat' dir='ltr'><strong>qut</strong></span> <span class='ocrx_word' id='word_1_690' title='bbox 3031 4081 3085 4134; x_wconf 89' lang='lat' dir='ltr'><strong>in</strong></span> <span class='ocrx_word' id='word_1_691' title='bbox 3119 4080 3335 4135; x_wconf 89' lang='lat' dir='ltr'><strong>arcanis</strong></span> <span class='ocrx_word' id='word_1_692' title='bbox 3365 4077 3449 4132; x_wconf 85' lang='lat' dir='ltr'><strong>di-</strong></span> 
     </span>
    </p>
   </div>
   <div class='ocr_carea' id='block_1_89' title="bbox 1872 4175 3449 4251">
    <p class='ocr_par' dir='ltr' id='par_1_89' title="bbox 1872 4175 3449 4251">
     <span class='ocr_line' id='line_1_89' title="bbox 1872 4175 3449 4251; baseline -0.011 -9"><span class='ocrx_word' id='word_1_693' title='bbox 1872 4192 2121 4244; x_wconf 86' lang='lat' dir='ltr'><strong>vinarum</strong></span> <span class='ocrx_word' id='word_1_694' title='bbox 2160 4198 2342 4240; x_wconf 88' lang='lat' dir='ltr'><strong>rerum</strong></span> <span class='ocrx_word' id='word_1_695' title='bbox 2377 4180 2719 4251; x_wconf 88' lang='lat' dir='ltr'><strong>inspectione</strong></span> <span class='ocrx_word' id='word_1_696' title='bbox 2768 4193 2832 4232; x_wconf 90' lang='lat' dir='ltr'><strong>ac</strong></span> <span class='ocrx_word' id='word_1_697' title='bbox 2875 4175 3282 4248; x_wconf 82' lang='lat' dir='ltr'><strong>mysteriorum,</strong></span> <span class='ocrx_word' id='word_1_698' title='bbox 3326 4186 3449 4240; x_wconf 61' lang='lat' dir='ltr'><strong>quae</strong></span> 
     </span>
    </p>
   </div>
   <div class='ocr_carea' id='block_1_90' title="bbox 1873 4268 3448 4352">
    <p class='ocr_par' dir='ltr' id='par_1_90' title="bbox 1873 4268 3448 4352">
     <span class='ocr_line' id='line_1_90' title="bbox 1873 4268 3448 4352; baseline -0.015 -14"><span class='ocrx_word' id='word_1_699' title='bbox 1873 4283 1942 4337; x_wconf 90' lang='lat' dir='ltr'><strong>ab</strong></span> <span class='ocrx_word' id='word_1_700' title='bbox 1975 4282 2093 4352; x_wconf 91' lang='lat' dir='ltr'><strong>ipso</strong></span> <span class='ocrx_word' id='word_1_701' title='bbox 2140 4279 2195 4332; x_wconf 89' lang='lat' dir='ltr'><strong>in</strong></span> <span class='ocrx_word' id='word_1_702' title='bbox 2236 4277 2304 4331; x_wconf 91' lang='lat' dir='ltr'><strong>iis</strong></span> <span class='ocrx_word' id='word_1_703' title='bbox 2349 4273 2656 4330; x_wconf 90' lang='lat' dir='ltr'><strong>visionibus</strong></span> <span class='ocrx_word' id='word_1_704' title='bbox 2678 4271 2879 4342; x_wconf 91' lang='lat' dir='ltr'><strong>quibus</strong></span> <span class='ocrx_word' id='word_1_705' title='bbox 2906 4268 3073 4323; x_wconf 89' lang='lat' dir='ltr'><strong>Deum</strong></span> <span class='ocrx_word' id='word_1_706' title='bbox 3124 4270 3448 4336; x_wconf 68' lang='lat' dir='ltr'><strong>praesentem</strong></span> 
     </span>
    </p>
   </div>
   <div class='ocr_carea' id='block_1_91' title="bbox 1875 4352 3450 4445">
    <p class='ocr_par' dir='ltr' id='par_1_91' title="bbox 1875 4352 3450 4445">
     <span class='ocr_line' id='line_1_91' title="bbox 1875 4352 3450 4445; baseline -0.017 -15"><span class='ocrx_word' id='word_1_707' title='bbox 1875 4372 2248 4445; x_wconf 80' lang='lat' dir='ltr'><strong>agnoscebat,</strong></span> <span class='ocrx_word' id='word_1_708' title='bbox 2284 4369 2353 4424; x_wconf 90' lang='lat' dir='ltr'><strong>de</strong></span> <span class='ocrx_word' id='word_1_709' title='bbox 2381 4367 2559 4438; x_wconf 89' lang='lat' dir='ltr'><strong>primo</strong></span> <span class='ocrx_word' id='word_1_710' title='bbox 2588 4372 2641 4420; x_wconf 91' lang='lat' dir='ltr'><strong>et</strong></span> <span class='ocrx_word' id='word_1_711' title='bbox 2690 4364 2809 4420; x_wconf 89' lang='lat' dir='ltr'><strong>solo</strong></span> <span class='ocrx_word' id='word_1_712' title='bbox 2872 4367 3059 4423; x_wconf 90' lang='lat' dir='ltr'><strong>uncto,</strong></span> <span class='ocrx_word' id='word_1_713' title='bbox 3107 4365 3161 4411; x_wconf 92' lang='lat' dir='ltr'><strong>et</strong></span> <span class='ocrx_word' id='word_1_714' title='bbox 3194 4352 3450 4425; x_wconf 82' lang='lat' dir='ltr'><strong>pontiﬁce</strong></span> 
     </span>
    </p>
   </div>
   <div class='ocr_carea' id='block_1_92' title="bbox 1877 4447 3449 4536">
    <p class='ocr_par' dir='ltr' id='par_1_92' title="bbox 1877 4447 3449 4536">
     <span class='ocr_line' id='line_1_92' title="bbox 1877 4447 3449 4536; baseline -0.015 -15"><span class='ocrx_word' id='word_1_715' title='bbox 1877 4467 1969 4523; x_wconf 89' lang='lat' dir='ltr'><strong>Dei</strong></span> <span class='ocrx_word' id='word_1_716' title='bbox 1997 4468 2236 4536; x_wconf 66' lang='lat' dir='ltr'><strong>perfecta</strong></span> <span class='ocrx_word' id='word_1_717' title='bbox 2277 4471 2428 4525; x_wconf 89' lang='lat' dir='ltr'><strong>sunt,</strong></span> <span class='ocrx_word' id='word_1_718' title='bbox 2488 4460 2688 4530; x_wconf 87' lang='lat' dir='ltr'><strong>dignus</strong></span> <span class='ocrx_word' id='word_1_719' title='bbox 2741 4455 2962 4511; x_wconf 91' lang='lat' dir='ltr'><strong>habitus</strong></span> <span class='ocrx_word' id='word_1_720' title='bbox 3021 4459 3124 4517; x_wconf 90' lang='lat' dir='ltr'><strong>est,</strong></span> <span class='ocrx_word' id='word_1_721' title='bbox 3184 4447 3449 4515; x_wconf 75' lang='lat' dir='ltr'><strong>imagines</strong></span> 
     </span>
    </p>
   </div>
   <div class='ocr_carea' id='block_1_93' title="bbox 202 4542 1759 4655">
    <p class='ocr_par' dir='ltr' id='par_1_93' title="bbox 202 4542 1759 4655">
     <span class='ocr_line' id='line_1_93' title="bbox 202 4542 1759 4655; baseline -0.004 -18"><span class='ocrx_word' id='word_1_722' title='bbox 202 4542 337 4655; x_wconf 58' lang='grc' dir='ltr'>ἔχειν</span> <span class='ocrx_word' id='word_1_723' title='bbox 358 4542 372 4560; x_wconf 45' lang='grc'><strong>⁸</strong></span> <span class='ocrx_word' id='word_1_724' title='bbox 394 4542 810 4654; x_wconf 14' lang='grc' dir='ltr'>φιλοτιμείσθαιή</span> <span class='ocrx_word' id='word_1_725' title='bbox 828 4586 1010 4655; x_wconf 84' lang='grc' dir='ltr'>ἱερέας</span> <span class='ocrx_word' id='word_1_726' title='bbox 1043 4542 1451 4650; x_wconf 48' lang='grc' dir='ltr'>καὶ“προφήτας</span> <span class='ocrx_word' id='word_1_727' title='bbox 1485 4579 1580 4632; x_wconf 76' lang='grc' dir='ltr'>καὶ</span> <span class='ocrx_word' id='word_1_728' title='bbox 1613 4542 1759 4649; x_wconf 51' lang='grc' dir='ltr'>βασι-</span> 
     </span>
    </p>
   </div>
   <div class='ocr_carea' id='block_1_94' title="bbox 1864 4542 3449 4655">
    <p class='ocr_par' dir='ltr' id='par_1_94' title="bbox 1864 4542 3449 4632">
     <span class='ocr_line' id='line_1_94' title="bbox 1864 4542 3449 4632; baseline -0.015 -15"><span class='ocrx_word' id='word_1_729' title='bbox 1864 4561 2088 4632; x_wconf 87' lang='lat' dir='ltr'><strong>jubetur</strong></span> <span class='ocrx_word' id='word_1_730' title='bbox 2118 4559 2173 4612; x_wconf 92' lang='lat' dir='ltr'><strong>in</strong></span> <span class='ocrx_word' id='word_1_731' title='bbox 2201 4567 2346 4612; x_wconf 89' lang='lat' dir='ltr'><strong>terra</strong></span> <span class='ocrx_word' id='word_1_732' title='bbox 2378 4562 2431 4607; x_wconf 81' lang='lat' dir='ltr'><strong>et</strong></span> <span class='ocrx_word' id='word_1_733' title='bbox 2483 4562 2641 4609; x_wconf 89' lang='lat' dir='ltr'><strong>notas</strong></span> <span class='ocrx_word' id='word_1_734' title='bbox 2692 4551 2961 4606; x_wconf 87' lang='lat' dir='ltr'><strong>conficere</strong></span> <span class='ocrx_word' id='word_1_735' title='bbox 3013 4557 3201 4599; x_wconf 84' lang='lat' dir='ltr'><strong>eorum</strong></span> <span class='ocrx_word' id='word_1_736' title='bbox 3242 4555 3363 4610; x_wconf 63' lang='lat' dir='ltr'><strong>quas</strong></span> <span class='ocrx_word' id='word_1_737' title='bbox 3390 4542 3449 4594; x_wconf 89' lang='lat' dir='ltr'><strong>in</strong></span> 
     </span>
    </p>
   </div>
   <div class='ocr_carea' id='block_1_95' title="bbox 203 4667 1765 4745">
    <p class='ocr_par' dir='ltr' id='par_1_95' title="bbox 203 4667 1765 4745">
     <span class='ocr_line' id='line_1_95' title="bbox 203 4667 1765 4745; baseline -0.004 -17"><span class='ocrx_word' id='word_1_738' title='bbox 203 4674 318 4740; x_wconf 76' lang='grc' dir='ltr'>λέας</span> <span class='ocrx_word' id='word_1_739' title='bbox 336 4675 476 4745; x_wconf 83' lang='grc' dir='ltr'>ᾣετο</span> <span class='ocrx_word' id='word_1_740' title='bbox 507 4674 639 4738; x_wconf 81' lang='grc' dir='ltr'>δεῖν,</span> <span class='ocrx_word' id='word_1_741' title='bbox 666 4672 741 4736; x_wconf 84' lang='grc' dir='ltr'>ὡς</span> <span class='ocrx_word' id='word_1_742' title='bbox 768 4669 834 4724; x_wconf 79' lang='grc' dir='ltr'>ἂν</span> <span class='ocrx_word' id='word_1_743' title='bbox 865 4674 964 4741; x_wconf 82' lang='grc' dir='ltr'>οὐχ</span> <span class='ocrx_word' id='word_1_744' title='bbox 983 4673 1125 4741; x_wconf 69' lang='grc' dir='ltr'>ὑπὲρ</span> <span class='ocrx_word' id='word_1_745' title='bbox 1164 4670 1369 4726; x_wconf 77' lang='grc' dir='ltr'>ἑαυτῶν</span> <span class='ocrx_word' id='word_1_746' title='bbox 1396 4671 1576 4742; x_wconf 86' lang='grc' dir='ltr'>μόνον,</span> <span class='ocrx_word' id='word_1_747' title='bbox 1608 4667 1765 4735; x_wconf 11' lang='grc' dir='ltr'>,ἀλλά</span> 
     </span>
    </p>
   </div>
   <div class='ocr_carea' id='block_1_96' title="bbox 203 4761 1767 4835">
    <p class='ocr_par' dir='ltr' id='par_1_96' title="bbox 203 4761 1767 4835">
     <span class='ocr_line' id='line_1_96' title="bbox 203 4761 1767 4835; baseline -0.006 -10"><span class='ocrx_word' id='word_1_748' title='bbox 203 4771 394 4833; x_wconf 79' lang='grc' dir='ltr'>παντὸς</span> <span class='ocrx_word' id='word_1_749' title='bbox 438 4766 536 4821; x_wconf 83' lang='grc' dir='ltr'><strong>τοῦ</strong></span> <span class='ocrx_word' id='word_1_750' title='bbox 577 4766 762 4829; x_wconf 77' lang='grc' dir='ltr'>ἔθνους</span> <span class='ocrx_word' id='word_1_751' title='bbox 798 4762 877 4835; x_wconf 77' lang='grc' dir='ltr'>τῷ</span> <span class='ocrx_word' id='word_1_752' title='bbox 909 4762 1027 4834; x_wconf 80' lang='grc' dir='ltr'><strong>Θεῷ</strong></span> <span class='ocrx_word' id='word_1_753' title='bbox 1064 4762 1535 4834; x_wconf 87' lang='grc' dir='ltr'>καθωσιωμένους.</span> <span class='ocrx_word' id='word_1_754' title='bbox 1563 4763 1683 4816; x_wconf 89' lang='grc' dir='ltr'>Ὅτι</span> <span class='ocrx_word' id='word_1_755' title='bbox 1711 4761 1767 4815; x_wconf 82' lang='grc' dir='ltr'>δὲ</span> 
     </span>
    </p>
   </div>
   <div class='ocr_carea' id='block_1_97' title="bbox 204 4855 1767 4937">
    <p class='ocr_par' dir='ltr' id='par_1_97' title="bbox 204 4855 1767 4937">
     <span class='ocr_line' id='line_1_97' title="bbox 204 4855 1767 4937; baseline -0.006 -19"><span class='ocrx_word' id='word_1_756' title='bbox 204 4865 258 4937; x_wconf 72' lang='grc' dir='ltr'>δὴ</span> <span class='ocrx_word' id='word_1_757' title='bbox 280 4862 569 4935; x_wconf 83' lang='grc' dir='ltr'>θειοτέρων</span> <span class='ocrx_word' id='word_1_758' title='bbox 583 4856 651 4932; x_wconf 78' lang='grc' dir='ltr'>ἦν</span> <span class='ocrx_word' id='word_1_759' title='bbox 671 4858 741 4912; x_wconf 77' lang='grc' dir='ltr'>τὰ</span> <span class='ocrx_word' id='word_1_760' title='bbox 767 4857 917 4930; x_wconf 88' lang='grc' dir='ltr'>παρὰ</span> <span class='ocrx_word' id='word_1_761' title='bbox 936 4858 1159 4911; x_wconf 82' lang='grc' dir='ltr'>Μωῡσεῖ</span> <span class='ocrx_word' id='word_1_762' title='bbox 1180 4856 1243 4909; x_wconf 91' lang='grc' dir='ltr'><strong>σύ</strong></span> <span class='ocrx_word' id='word_1_763' title='bbox 1252 4855 1443 4927; x_wconf 80' lang='grc' dir='ltr'>μϐολα,</span> <span class='ocrx_word' id='word_1_764' title='bbox 1462 4857 1555 4910; x_wconf 77' lang='grc' dir='ltr'>καὶ</span> <span class='ocrx_word' id='word_1_765' title='bbox 1581 4856 1656 4919; x_wconf 82' lang='grc' dir='ltr'>ὡς</span> <span class='ocrx_word' id='word_1_766' title='bbox 1675 4855 1767 4909; x_wconf 82' lang='grc' dir='ltr'>δυ·-</span> 
     </span>
    </p>
   </div>
   <div class='ocr_carea' id='block_1_98' title="bbox 206 4947 1768 5029">
    <p class='ocr_par' dir='ltr' id='par_1_98' title="bbox 206 4947 1768 5029">
     <span class='ocr_line' id='line_1_98' title="bbox 206 4947 1768 5029; baseline -0.008 -17"><span class='ocrx_word' id='word_1_767' title='bbox 206 4958 347 5012; x_wconf 80' lang='grc' dir='ltr'>νατὺν</span> <span class='ocrx_word' id='word_1_768' title='bbox 400 4953 472 5029; x_wconf 80' lang='grc' dir='ltr'>ἦν</span> <span class='ocrx_word' id='word_1_769' title='bbox 526 4954 621 5007; x_wconf 83' lang='grc' dir='ltr'>καὶ</span> <span class='ocrx_word' id='word_1_770' title='bbox 666 4952 794 5007; x_wconf 78' lang='grc' dir='ltr'>ἄνευ</span> <span class='ocrx_word' id='word_1_771' title='bbox 843 4947 1075 5020; x_wconf 86' lang='grc' dir='ltr'>γεώδους</span> <span class='ocrx_word' id='word_1_772' title='bbox 1123 4947 1295 5021; x_wconf 89' lang='grc' dir='ltr'>μύρου</span> <span class='ocrx_word' id='word_1_773' title='bbox 1349 4949 1475 5012; x_wconf 82' lang='grc' dir='ltr'>τοὺς</span> <span class='ocrx_word' id='word_1_774' title='bbox 1517 4949 1595 5019; x_wconf 83' lang='grc' dir='ltr'>τῷ</span> <span class='ocrx_word' id='word_1_775' title='bbox 1639 4947 1768 5019; x_wconf 89' lang='grc' dir='ltr'>θείῳ</span> 
     </span>
    </p>
   </div>
   <div class='ocr_carea' id='block_1_99' title="bbox 208 5040 1768 5121">
    <p class='ocr_par' dir='ltr' id='par_1_99' title="bbox 208 5040 1768 5121">
     <span class='ocr_line' id='line_1_99' title="bbox 208 5040 1768 5121; baseline -0.007 -18"><span class='ocrx_word' id='word_1_776' title='bbox 208 5050 474 5121; x_wconf 79' lang='grc' dir='ltr'>Πνεύματι</span> <span class='ocrx_word' id='word_1_777' title='bbox 520 5045 779 5114; x_wconf 87' lang='grc' dir='ltr'>κατόχους</span> <span class='ocrx_word' id='word_1_778' title='bbox 815 5043 1067 5114; x_wconf 65' lang='grc' dir='ltr'>χριστοὺς</span> <span class='ocrx_word' id='word_1_779' title='bbox 1112 5040 1494 5111; x_wconf 72' lang='grc' dir='ltr'>ὀνομάζεσθαι,</span> <span class='ocrx_word' id='word_1_780' title='bbox 1541 5041 1674 5113; x_wconf 84' lang='grc' dir='ltr'>φέρε</span> <span class='ocrx_word' id='word_1_781' title='bbox 1718 5057 1768 5092; x_wconf 89' lang='grc' dir='ltr'><strong>τι</strong></span> 
     </span>
    </p>
   </div>
   <div class='ocr_carea' id='block_1_100' title="bbox 211 5131 1769 5212">
    <p class='ocr_par' dir='ltr' id='par_1_100' title="bbox 211 5131 1769 5212">
     <span class='ocr_line' id='line_1_100' title="bbox 211 5131 1769 5212; baseline -0.008 -16"><span class='ocrx_word' id='word_1_782' title='bbox 211 5142 397 5212; x_wconf 82' lang='grc' dir='ltr'>μᾶλλον</span> <span class='ocrx_word' id='word_1_783' title='bbox 444 5138 838 5210; x_wconf 79' lang='grc' dir='ltr'>ἀκριὸέστερον</span> <span class='ocrx_word' id='word_1_784' title='bbox 888 5133 1327 5206; x_wconf 82' lang='grc' dir='ltr'>διασκεψώμεθα.</span> <span class='ocrx_word' id='word_1_785' title='bbox 1384 5133 1548 5187; x_wconf 72' lang='grc' dir='ltr'>Δαϐιδ</span> <span class='ocrx_word' id='word_1_786' title='bbox 1584 5135 1644 5186; x_wconf 83' lang='grc' dir='ltr'>ὲν</span> <span class='ocrx_word' id='word_1_787' title='bbox 1697 5131 1769 5203; x_wconf 84' lang='grc' dir='ltr'>ρδ¹</span> 
     </span>
    </p>
   </div>
   <div class='ocr_carea' id='block_1_101' title="bbox 208 5223 1776 5305">
    <p class='ocr_par' dir='ltr' id='par_1_101' title="bbox 208 5223 1776 5305">
     <span class='ocr_line' id='line_1_101' title="bbox 208 5223 1776 5305; baseline -0.008 -17"><span class='ocrx_word' id='word_1_788' title='bbox 208 5233 414 5305; x_wconf 78' lang='grc' dir='ltr'>ψαλμῷ,</span> <span class='ocrx_word' id='word_1_789' title='bbox 454 5231 556 5294; x_wconf 80' lang='grc' dir='ltr'>τὰς</span> <span class='ocrx_word' id='word_1_790' title='bbox 590 5229 717 5300; x_wconf 78' lang='grc' dir='ltr'>περὶ</span> <span class='ocrx_word' id='word_1_791' title='bbox 745 5227 837 5281; x_wconf 78' lang='grc' dir='ltr'><strong>τὸν</strong></span> <span class='ocrx_word' id='word_1_792' title='bbox 881 5225 1150 5298; x_wconf 80' lang='grc' dir='ltr'>Ἀϐραὰμ,</span> <span class='ocrx_word' id='word_1_793' title='bbox 1194 5225 1404 5279; x_wconf 72' lang='grc' dir='ltr'>καὶτὸν</span> <span class='ocrx_word' id='word_1_794' title='bbox 1449 5223 1654 5288; x_wconf 79' lang='grc' dir='ltr'>Ἰσαὰκ,</span> <span class='ocrx_word' id='word_1_795' title='bbox 1682 5224 1776 5277; x_wconf 66' lang='grc' dir='ltr'>καὶ</span> 
     </span>
    </p>
   </div>
   <div class='ocr_carea' id='block_1_102' title="bbox 210 5307 1770 5391">
    <p class='ocr_par' dir='ltr' id='par_1_102' title="bbox 210 5307 1770 5391">
     <span class='ocr_line' id='line_1_102' title="bbox 210 5307 1770 5391; baseline -0.008 -11"><span class='ocrx_word' id='word_1_796' title='bbox 210 5326 289 5380; x_wconf 76' lang='grc' dir='ltr'>τὸν</span> <span class='ocrx_word' id='word_1_797' title='bbox 323 5307 519 5379; x_wconf 63' lang='grc' dir='ltr'>’ἰακὼὸ</span> <span class='ocrx_word' id='word_1_798' title='bbox 539 5319 823 5379; x_wconf 72' lang='grc' dir='ltr'>ἀναλαϐὼν</span> <span class='ocrx_word' id='word_1_799' title='bbox 853 5319 1116 5391; x_wconf 82' lang='grc' dir='ltr'>ἱστορίας,</span> <span class='ocrx_word' id='word_1_800' title='bbox 1147 5317 1342 5381; x_wconf 79' lang='grc' dir='ltr'>αὐτοὺς</span> <span class='ocrx_word' id='word_1_801' title='bbox 1372 5318 1615 5378; x_wconf 76' lang='grc' dir='ltr'>ἐκείνους</span> <span class='ocrx_word' id='word_1_802' title='bbox 1644 5316 1770 5378; x_wconf 82' lang='grc' dir='ltr'>τοὺς</span> 
     </span>
    </p>
   </div>
   <div class='ocr_carea' id='block_1_103' title="bbox 210 5405 1773 5487">
    <p class='ocr_par' dir='ltr' id='par_1_103' title="bbox 210 5405 1773 5487">
     <span class='ocr_line' id='line_1_103' title="bbox 210 5405 1773 5487; baseline -0.008 -18"><span class='ocrx_word' id='word_1_803' title='bbox 210 5416 461 5487; x_wconf 75' lang='grc' dir='ltr'>θεοφιλεῖς</span> <span class='ocrx_word' id='word_1_804' title='bbox 479 5412 855 5487; x_wconf 83' lang='grc' dir='ltr'>προπάτορας,</span> <span class='ocrx_word' id='word_1_805' title='bbox 878 5409 972 5464; x_wconf 77' lang='grc' dir='ltr'>καὶ</span> <span class='ocrx_word' id='word_1_806' title='bbox 995 5409 1103 5481; x_wconf 87' lang='grc' dir='ltr'>πρὸ</span> <span class='ocrx_word' id='word_1_807' title='bbox 1119 5407 1230 5462; x_wconf 87' lang='grc' dir='ltr'><strong>τῶν</strong></span> <span class='ocrx_word' id='word_1_808' title='bbox 1251 5407 1529 5470; x_wconf 87' lang='grc' dir='ltr'>Μωῦσέως</span> <span class='ocrx_word' id='word_1_809' title='bbox 1564 5405 1773 5477; x_wconf 88' lang='grc' dir='ltr'>χρόνων</span> 
     </span>
    </p>
   </div>
   <div class='ocr_carea' id='block_1_104' title="bbox 209 5491 1772 5579">
    <p class='ocr_par' dir='ltr' id='par_1_104' title="bbox 209 5491 1772 5579">
     <span class='ocr_line' id='line_1_104' title="bbox 209 5491 1772 5579; baseline -0.01 -17"><span class='ocrx_word' id='word_1_810' title='bbox 209 5507 539 5579; x_wconf 75' lang='grc' dir='ltr'>γενομένους,</span> <span class='ocrx_word' id='word_1_811' title='bbox 595 5502 852 5576; x_wconf 78' lang='grc' dir='ltr'>χριστοὺς</span> <span class='ocrx_word' id='word_1_812' title='bbox 893 5498 1179 5563; x_wconf 84' lang='grc' dir='ltr'>ἀποκαλεῖ,</span> <span class='ocrx_word' id='word_1_813' title='bbox 1232 5497 1293 5550; x_wconf 82' lang='grc' dir='ltr'><strong>οὐ</strong></span> <span class='ocrx_word' id='word_1_814' title='bbox 1340 5495 1409 5549; x_wconf 88' lang='grc' dir='ltr'><strong>δι’</strong></span> <span class='ocrx_word' id='word_1_815' title='bbox 1434 5494 1562 5549; x_wconf 79' lang='grc' dir='ltr'>ἄλλο</span> <span class='ocrx_word' id='word_1_816' title='bbox 1606 5494 1640 5564; x_wconf 73' lang='grc' dir='ltr'>ἢ</span> <span class='ocrx_word' id='word_1_817' title='bbox 1683 5491 1772 5547; x_wconf 84' lang='grc' dir='ltr'><strong>διὰ</strong></span> 
     </span>
    </p>
   </div>
   <div class='ocr_carea' id='block_1_105' title="bbox 210 5583 1768 5670">
    <p class='ocr_par' dir='ltr' id='par_1_105' title="bbox 210 5583 1768 5670">
     <span class='ocr_line' id='line_1_105' title="bbox 210 5583 1768 5670; baseline -0.013 -15"><span class='ocrx_word' id='word_1_818' title='bbox 210 5599 295 5670; x_wconf 77' lang='grc' dir='ltr'>τὴν</span> <span class='ocrx_word' id='word_1_819' title='bbox 341 5599 434 5655; x_wconf 83' lang='grc' dir='ltr'><strong>τοῦ</strong></span> <span class='ocrx_word' id='word_1_820' title='bbox 486 5596 635 5652; x_wconf 86' lang='grc' dir='ltr'>θείου</span> <span class='ocrx_word' id='word_1_821' title='bbox 687 5592 1024 5663; x_wconf 86' lang='grc' dir='ltr'>Πνεύματος.</span> <span class='ocrx_word' id='word_1_822' title='bbox 1063 5583 1126 5643; x_wconf 74' lang='grc' dir='ltr'><strong>οὗ</strong></span> <span class='ocrx_word' id='word_1_823' title='bbox 1172 5589 1437 5658; x_wconf 70' lang='grc' dir='ltr'>μετεῖχον,</span> <span class='ocrx_word' id='word_1_824' title='bbox 1488 5584 1768 5655; x_wconf 75' lang='grc' dir='ltr'>έπιρῤοην.</span> 
     </span>
    </p>
   </div>
   <div class='ocr_carea' id='block_1_106' title="bbox 219 5672 1770 5765">
    <p class='ocr_par' dir='ltr' id='par_1_106' title="bbox 219 5672 1770 5765">
     <span class='ocr_line' id='line_1_106' title="bbox 219 5672 1770 5765; baseline -0.013 -20"><span class='ocrx_word' id='word_1_825' title='bbox 219 5690 514 5765; x_wconf 73' lang='grc' dir='ltr'>Ίστορήσας</span> <span class='ocrx_word' id='word_1_826' title='bbox 534 5688 670 5761; x_wconf 76' lang='grc' dir='ltr'>γοῦν</span> <span class='ocrx_word' id='word_1_827' title='bbox 692 5688 842 5749; x_wconf 79' lang='grc' dir='ltr'>ὅπως</span> <span class='ocrx_word' id='word_1_828' title='bbox 865 5680 1274 5750; x_wconf 79' lang='grc' dir='ltr'>ὲπεξενώθησαν</span> <span class='ocrx_word' id='word_1_829' title='bbox 1294 5681 1406 5742; x_wconf 79' lang='grc' dir='ltr'>τοῖς</span> <span class='ocrx_word' id='word_1_830' title='bbox 1434 5672 1770 5745; x_wconf 77' lang='grc' dir='ltr'>ἀλλοφύλοις,</span> 
     </span>
    </p>
   </div>
   <div class='ocr_carea' id='block_1_107' title="bbox 268 5798 1389 5874">
    <p class='ocr_par' dir='ltr' id='par_1_107' title="bbox 268 5798 1389 5874">
     <span class='ocr_line' id='line_1_107' title="bbox 268 5798 1389 5874; baseline -0.012 -5"><span class='ocrx_word' id='word_1_831' title='bbox 268 5816 307 5847; x_wconf 80' lang='grc'><strong>⁸⁸</strong></span> <span class='ocrx_word' id='word_1_832' title='bbox 338 5812 479 5871; x_wconf 76' lang='lat' dir='ltr'><strong>Psal.</strong></span> <span class='ocrx_word' id='word_1_833' title='bbox 517 5825 642 5874; x_wconf 82' lang='lat' dir='ltr'><strong>cui,</strong></span> <span class='ocrx_word' id='word_1_834' title='bbox 676 5804 763 5863; x_wconf 73' lang='grc'><strong>15.</strong></span> <span class='ocrx_word' id='word_1_835' title='bbox 844 5805 885 5837; x_wconf 86' lang='lat'><strong>&quot;</strong></span> <span class='ocrx_word' id='word_1_836' title='bbox 914 5802 1059 5861; x_wconf 88' lang='lat' dir='ltr'><strong>Psal.</strong></span> <span class='ocrx_word' id='word_1_837' title='bbox 1102 5815 1247 5863; x_wconf 76' lang='grc' dir='ltr'>ιιιν,</span> <span class='ocrx_word' id='word_1_838' title='bbox 1277 5798 1389 5855; x_wconf 82' lang='grc'>7-8.</span> 
     </span>
    </p>
   </div>
   <div class='ocr_carea' id='block_1_108' title="bbox 1872 4632 3452 4709">
    <p class='ocr_par' dir='ltr' id='par_1_108' title="bbox 1872 4632 3452 4709">
     <span class='ocr_line' id='line_1_108' title="bbox 1872 4632 3452 4709; baseline -0.016 0"><span class='ocrx_word' id='word_1_839' title='bbox 1872 4653 1982 4709; x_wconf 86' lang='lat' dir='ltr'><strong>illis</strong></span> <span class='ocrx_word' id='word_1_840' title='bbox 2013 4652 2107 4707; x_wconf 81' lang='lat' dir='ltr'><strong>Dei</strong></span> <span class='ocrx_word' id='word_1_841' title='bbox 2139 4649 2443 4707; x_wconf 88' lang='lat' dir='ltr'><strong>visionibus</strong></span> <span class='ocrx_word' id='word_1_842' title='bbox 2466 4647 2827 4704; x_wconf 73' lang='lat' dir='ltr'><strong>intellexerat,</strong></span> <span class='ocrx_word' id='word_1_843' title='bbox 2853 4648 2913 4695; x_wconf 90' lang='lat' dir='ltr'><strong>ut</strong></span> <span class='ocrx_word' id='word_1_844' title='bbox 2955 4644 3047 4709; x_wconf 86' lang='lat' dir='ltr'><strong>qui</strong></span> <span class='ocrx_word' id='word_1_845' title='bbox 3083 4637 3284 4690; x_wconf 82' lang='lat' dir='ltr'><strong>talibus</strong></span> <span class='ocrx_word' id='word_1_846' title='bbox 3307 4632 3452 4687; x_wconf 84' lang='lat' dir='ltr'><strong>nolis</strong></span> 
     </span>
    </p>
   </div>
   <div class='ocr_carea' id='block_1_109' title="bbox 1875 4726 3454 4816">
    <p class='ocr_par' dir='ltr' id='par_1_109' title="bbox 1875 4726 3454 4816">
     <span class='ocr_line' id='line_1_109' title="bbox 1875 4726 3454 4816; baseline -0.016 -13"><span class='ocrx_word' id='word_1_847' title='bbox 1875 4764 1940 4805; x_wconf 92' lang='lat' dir='ltr'><strong>ac</strong></span> <span class='ocrx_word' id='word_1_848' title='bbox 1979 4743 2152 4816; x_wconf 77' lang='lat' dir='ltr'><strong>signis</strong></span> <span class='ocrx_word' id='word_1_849' title='bbox 2192 4740 2342 4811; x_wconf 89' lang='lat' dir='ltr'><strong>digni</strong></span> <span class='ocrx_word' id='word_1_850' title='bbox 2391 4738 2562 4794; x_wconf 90' lang='lat' dir='ltr'><strong>habiti</strong></span> <span class='ocrx_word' id='word_1_851' title='bbox 2592 4744 2766 4801; x_wconf 88' lang='lat' dir='ltr'><strong>erant,</strong></span> <span class='ocrx_word' id='word_1_852' title='bbox 2793 4748 2857 4788; x_wconf 90' lang='lat' dir='ltr'><strong>ea</strong></span> <span class='ocrx_word' id='word_1_853' title='bbox 2911 4735 3136 4800; x_wconf 85' lang='lat' dir='ltr'><strong>possent</strong></span> <span class='ocrx_word' id='word_1_854' title='bbox 3188 4726 3454 4793; x_wconf 88' lang='lat' dir='ltr'><strong>tantisper</strong></span> 
     </span>
    </p>
   </div>
   <div class='ocr_carea' id='block_1_110' title="bbox 1876 4823 3455 4904">
    <p class='ocr_par' dir='ltr' id='par_1_110' title="bbox 1876 4823 3455 4904">
     <span class='ocr_line' id='line_1_110' title="bbox 1876 4823 3455 4904; baseline -0.018 -8"><span class='ocrx_word' id='word_1_855' title='bbox 1876 4838 2127 4896; x_wconf 89' lang='lat' dir='ltr'><strong>meditari</strong></span> <span class='ocrx_word' id='word_1_856' title='bbox 2159 4836 2336 4904; x_wconf 88' lang='lat' dir='ltr'><strong>iisque</strong></span> <span class='ocrx_word' id='word_1_857' title='bbox 2359 4847 2418 4887; x_wconf 90' lang='lat' dir='ltr'><strong>se</strong></span> <span class='ocrx_word' id='word_1_858' title='bbox 2450 4844 2728 4889; x_wconf 83' lang='lat' dir='ltr'><strong>exercere,</strong></span> <span class='ocrx_word' id='word_1_859' title='bbox 2787 4826 2914 4880; x_wconf 91' lang='lat' dir='ltr'><strong>dum</strong></span> <span class='ocrx_word' id='word_1_860' title='bbox 2941 4837 3062 4893; x_wconf 76' lang='lat' dir='ltr'><strong>qua:</strong></span> <span class='ocrx_word' id='word_1_861' title='bbox 3094 4835 3221 4874; x_wconf 88' lang='lat' dir='ltr'><strong>vera</strong></span> <span class='ocrx_word' id='word_1_862' title='bbox 3268 4823 3455 4872; x_wconf 89' lang='lat' dir='ltr'><strong>essent</strong></span> 
     </span>
    </p>
   </div>
   <div class='ocr_carea' id='block_1_111' title="bbox 1876 4910 3452 5003">
    <p class='ocr_par' dir='ltr' id='par_1_111' title="bbox 1876 4910 3452 5003">
     <span class='ocr_line' id='line_1_111' title="bbox 1876 4910 3452 5003; baseline -0.017 -15"><span class='ocrx_word' id='word_1_863' title='bbox 1876 4933 2147 5003; x_wconf 89' lang='lat' dir='ltr'><strong>inspicere</strong></span> <span class='ocrx_word' id='word_1_864' title='bbox 2177 4945 2287 4983; x_wconf 91' lang='lat' dir='ltr'><strong>non</strong></span> <span class='ocrx_word' id='word_1_865' title='bbox 2319 4927 2573 4982; x_wconf 89' lang='lat' dir='ltr'><strong>dabatur.</strong></span> <span class='ocrx_word' id='word_1_866' title='bbox 2620 4921 2671 4976; x_wconf 84' lang='lat' dir='ltr'><strong>ls</strong></span> <span class='ocrx_word' id='word_1_867' title='bbox 2701 4921 2866 4991; x_wconf 82' lang='lat' dir='ltr'><strong>igitur</strong></span> <span class='ocrx_word' id='word_1_868' title='bbox 2916 4918 3177 4971; x_wconf 88' lang='lat' dir='ltr'><strong>selectum</strong></span> <span class='ocrx_word' id='word_1_869' title='bbox 3233 4910 3452 4965; x_wconf 90' lang='lat' dir='ltr'><strong>interim</strong></span> 
     </span>
    </p>
   </div>
   <div class='ocr_carea' id='block_1_112' title="bbox 1875 5000 3454 5088">
    <p class='ocr_par' dir='ltr' id='par_1_112' title="bbox 1875 5000 3454 5088">
     <span class='ocr_line' id='line_1_112' title="bbox 1875 5000 3454 5088; baseline -0.02 -5"><span class='ocrx_word' id='word_1_870' title='bbox 1875 5042 1943 5083; x_wconf 74' lang='lat' dir='ltr'><strong>ex</strong></span> <span class='ocrx_word' id='word_1_871' title='bbox 1965 5027 2050 5081; x_wconf 88' lang='lat' dir='ltr'><strong>his</strong></span> <span class='ocrx_word' id='word_1_872' title='bbox 2084 5022 2418 5084; x_wconf 89' lang='lat' dir='ltr'><strong>hominibus,</strong></span> <span class='ocrx_word' id='word_1_873' title='bbox 2452 5018 2546 5088; x_wconf 88' lang='lat' dir='ltr'><strong>qui</strong></span> <span class='ocrx_word' id='word_1_874' title='bbox 2590 5017 2644 5070; x_wconf 91' lang='lat' dir='ltr'><strong>in</strong></span> <span class='ocrx_word' id='word_1_875' title='bbox 2675 5025 2820 5069; x_wconf 89' lang='lat' dir='ltr'><strong>terra</strong></span> <span class='ocrx_word' id='word_1_876' title='bbox 2845 5017 3153 5074; x_wconf 90' lang='lat' dir='ltr'><strong>versantur,</strong></span> <span class='ocrx_word' id='word_1_877' title='bbox 3178 5006 3353 5058; x_wconf 89' lang='lat' dir='ltr'><strong>virum</strong></span> <span class='ocrx_word' id='word_1_878' title='bbox 3385 5000 3454 5054; x_wconf 86' lang='lat' dir='ltr'><strong>ad</strong></span> 
     </span>
    </p>
   </div>
   <div class='ocr_carea' id='block_1_113' title="bbox 1877 5095 3456 5174">
    <p class='ocr_par' dir='ltr' id='par_1_113' title="bbox 1877 5095 3456 5174">
     <span class='ocr_line' id='line_1_113' title="bbox 1877 5095 3456 5174; baseline -0.017 -1"><span class='ocrx_word' id='word_1_879' title='bbox 1877 5132 2033 5174; x_wconf 86' lang='lat' dir='ltr'><strong>sacra</strong></span> <span class='ocrx_word' id='word_1_880' title='bbox 2084 5114 2194 5170; x_wconf 87' lang='lat' dir='ltr'><strong>Deo</strong></span> <span class='ocrx_word' id='word_1_881' title='bbox 2254 5111 2505 5167; x_wconf 79' lang='lat' dir='ltr'><strong>facienda</strong></span> <span class='ocrx_word' id='word_1_882' title='bbox 2554 5107 2834 5165; x_wconf 90' lang='lat' dir='ltr'><strong>idoneum,</strong></span> <span class='ocrx_word' id='word_1_883' title='bbox 2893 5100 3107 5173; x_wconf 87' lang='lat' dir='ltr'><strong>primus</strong></span> <span class='ocrx_word' id='word_1_884' title='bbox 3174 5095 3456 5152; x_wconf 83' lang='lat' dir='ltr'><strong>Christum</strong></span> 
     </span>
    </p>
   </div>
   <div class='ocr_carea' id='block_1_114' title="bbox 1879 5185 3527 5276">
    <p class='ocr_par' dir='ltr' id='par_1_114' title="bbox 1879 5185 3527 5276">
     <span class='ocr_line' id='line_1_114' title="bbox 1879 5185 3527 5276; baseline -0.017 -11"><span class='ocrx_word' id='word_1_885' title='bbox 1879 5210 2201 5271; x_wconf 89' lang='lat' dir='ltr'><strong>nominavit,</strong></span> <span class='ocrx_word' id='word_1_886' title='bbox 2240 5200 2659 5276; x_wconf 81' lang='lat' dir='ltr'><strong>appellationem</strong></span> <span class='ocrx_word' id='word_1_887' title='bbox 2691 5197 2756 5252; x_wconf 92' lang='lat' dir='ltr'><strong>ad</strong></span> <span class='ocrx_word' id='word_1_888' title='bbox 2795 5211 2858 5251; x_wconf 89' lang='lat' dir='ltr'><strong>ea</strong></span> <span class='ocrx_word' id='word_1_889' title='bbox 2907 5193 3153 5249; x_wconf 88' lang='lat' dir='ltr'><strong>referens</strong></span> <span class='ocrx_word' id='word_1_890' title='bbox 3186 5202 3304 5259; x_wconf 73' lang='lat' dir='ltr'><strong>qua:</strong></span> <span class='ocrx_word' id='word_1_891' title='bbox 3341 5185 3456 5239; x_wconf 82' lang='lat' dir='ltr'><strong>sola</strong></span> <span class='ocrx_word' id='word_1_892' title='bbox 3517 5255 3527 5260; x_wconf 92' lang='lat'><em>_</em></span> 
     </span>
    </p>
   </div>
   <div class='ocr_carea' id='block_1_115' title="bbox 1874 5279 3459 5370">
    <p class='ocr_par' dir='ltr' id='par_1_115' title="bbox 1874 5279 3459 5370">
     <span class='ocr_line' id='line_1_115' title="bbox 1874 5279 3459 5370; baseline -0.017 -16"><span class='ocrx_word' id='word_1_893' title='bbox 1874 5299 2229 5370; x_wconf 78' lang='lat' dir='ltr'><strong>intelligentia</strong></span> <span class='ocrx_word' id='word_1_894' title='bbox 2254 5293 2708 5355; x_wconf 88' lang='lat' dir='ltr'><strong>considerantur;</strong></span> <span class='ocrx_word' id='word_1_895' title='bbox 2736 5287 2830 5358; x_wconf 88' lang='lat' dir='ltr'><strong>qui</strong></span> <span class='ocrx_word' id='word_1_896' title='bbox 2854 5300 2985 5342; x_wconf 91' lang='lat' dir='ltr'><strong>sane</strong></span> <span class='ocrx_word' id='word_1_897' title='bbox 3003 5297 3125 5336; x_wconf 91' lang='lat' dir='ltr'><strong>cum</strong></span> <span class='ocrx_word' id='word_1_898' title='bbox 3151 5279 3298 5333; x_wconf 90' lang='lat' dir='ltr'><strong>hunc</strong></span> <span class='ocrx_word' id='word_1_899' title='bbox 3323 5290 3459 5346; x_wconf 83' lang='lat' dir='ltr'><strong>qua-</strong></span> 
     </span>
    </p>
   </div>
   <div class='ocr_carea' id='block_1_116' title="bbox 1877 5366 3458 5462">
    <p class='ocr_par' dir='ltr' id='par_1_116' title="bbox 1877 5366 3458 5462">
     <span class='ocr_line' id='line_1_116' title="bbox 1877 5366 3458 5462; baseline -0.016 -14"><span class='ocrx_word' id='word_1_900' title='bbox 1877 5393 2002 5448; x_wconf 90' lang='lat' dir='ltr'><strong>dam</strong></span> <span class='ocrx_word' id='word_1_901' title='bbox 2022 5366 2289 5462; x_wconf 68' lang='lat' dir='ltr'><strong>fragranti</strong></span> <span class='ocrx_word' id='word_1_902' title='bbox 2315 5386 2573 5441; x_wconf 89' lang='lat' dir='ltr'><strong>unctione</strong></span> <span class='ocrx_word' id='word_1_903' title='bbox 2624 5377 3058 5453; x_wconf 66' lang='lat' dir='ltr'><strong>prmstantiorem</strong></span> <span class='ocrx_word' id='word_1_904' title='bbox 3092 5369 3306 5428; x_wconf 66' lang='lat' dir='ltr'><strong>caeteris</strong></span> <span class='ocrx_word' id='word_1_905' title='bbox 3358 5366 3458 5422; x_wconf 79' lang='lat' dir='ltr'><strong>ho-</strong></span> 
     </span>
    </p>
   </div>
   <div class='ocr_carea' id='block_1_117' title="bbox 1878 5459 3451 5543">
    <p class='ocr_par' dir='ltr' id='par_1_117' title="bbox 1878 5459 3451 5543">
     <span class='ocr_line' id='line_1_117' title="bbox 1878 5459 3451 5543; baseline -0.017 -4"><span class='ocrx_word' id='word_1_906' title='bbox 1878 5459 2131 5539; x_wconf 75' lang='lat' dir='ltr'><strong>minibus</strong></span> <span class='ocrx_word' id='word_1_907' title='bbox 2168 5482 2525 5543; x_wconf 86' lang='lat' dir='ltr'><strong>declarasset,</strong></span> <span class='ocrx_word' id='word_1_908' title='bbox 2556 5473 2843 5530; x_wconf 82' lang='lat' dir='ltr'><strong>verissime</strong></span> <span class='ocrx_word' id='word_1_909' title='bbox 2888 5480 2942 5525; x_wconf 88' lang='lat' dir='ltr'><strong>et</strong></span> <span class='ocrx_word' id='word_1_910' title='bbox 2984 5465 3304 5540; x_wconf 89' lang='lat' dir='ltr'><strong>planissime</strong></span> <span class='ocrx_word' id='word_1_911' title='bbox 3357 5459 3451 5515; x_wconf 87' lang='lat' dir='ltr'><strong>de-</strong></span> 
     </span>
    </p>
   </div>
   <div class='ocr_carea' id='block_1_118' title="bbox 1879 5544 3460 5637">
    <p class='ocr_par' dir='ltr' id='par_1_118' title="bbox 1879 5544 3460 5637">
     <span class='ocr_line' id='line_1_118' title="bbox 1879 5544 3460 5637; baseline -0.018 -6"><span class='ocrx_word' id='word_1_912' title='bbox 1879 5576 2173 5637; x_wconf 88' lang='lat' dir='ltr'><strong>nuntiavit,</strong></span> <span class='ocrx_word' id='word_1_913' title='bbox 2230 5584 2447 5627; x_wconf 89' lang='lat' dir='ltr'><strong>omnem</strong></span> <span class='ocrx_word' id='word_1_914' title='bbox 2501 5575 2754 5623; x_wconf 82' lang='lat' dir='ltr'><strong>naturam</strong></span> <span class='ocrx_word' id='word_1_915' title='bbox 2791 5576 2913 5635; x_wconf 75' lang='lat' dir='ltr'><strong>quze</strong></span> <span class='ocrx_word' id='word_1_916' title='bbox 2975 5564 3160 5614; x_wconf 85' lang='lat' dir='ltr'><strong>creata</strong></span> <span class='ocrx_word' id='word_1_917' title='bbox 3188 5561 3292 5617; x_wconf 88' lang='lat' dir='ltr'><strong>est,</strong></span> <span class='ocrx_word' id='word_1_918' title='bbox 3324 5544 3460 5604; x_wconf 85' lang='lat' dir='ltr'><strong>muf-</strong></span> 
     </span>
    </p>
   </div>
   <div class='ocr_carea' id='block_1_119' title="bbox 1883 5646 3457 5741">
    <p class='ocr_par' dir='ltr' id='par_1_119' title="bbox 1883 5646 3457 5741">
     <span class='ocr_line' id='line_1_119' title="bbox 1883 5646 3457 5741; baseline -0.018 -16"><span class='ocrx_word' id='word_1_919' title='bbox 1883 5679 2046 5741; x_wconf 87' lang='lat' dir='ltr'><strong>toque</strong></span> <span class='ocrx_word' id='word_1_920' title='bbox 2063 5668 2226 5722; x_wconf 87' lang='lat' dir='ltr'><strong>etiam</strong></span> <span class='ocrx_word' id='word_1_921' title='bbox 2257 5663 2432 5737; x_wconf 87' lang='lat' dir='ltr'><strong>magis</strong></span> <span class='ocrx_word' id='word_1_922' title='bbox 2460 5661 2755 5716; x_wconf 85' lang='lat' dir='ltr'><strong>humanam</strong></span> <span class='ocrx_word' id='word_1_923' title='bbox 2800 5671 2896 5729; x_wconf 87' lang='lat' dir='ltr'><strong>per</strong></span> <span class='ocrx_word' id='word_1_924' title='bbox 2925 5669 3005 5720; x_wconf 87' lang='lat' dir='ltr'><strong>se,</strong></span> <span class='ocrx_word' id='word_1_925' title='bbox 3046 5652 3174 5707; x_wconf 85' lang='lat' dir='ltr'><strong>dum</strong></span> <span class='ocrx_word' id='word_1_926' title='bbox 3202 5663 3231 5702; x_wconf 88' lang='lat' dir='ltr'><strong>a</strong></span> <span class='ocrx_word' id='word_1_927' title='bbox 3256 5646 3457 5704; x_wconf 76' lang='lat' dir='ltr'><strong>virtute</strong></span> 
     </span>
    </p>
   </div>
  </div>
