3880 6256
475 263 583 318 295

1145 262 1411 319 EUSEBII
1445 261 1927 317 CA‘ZSARIENSIS
1965 261 2114 317 CPP.
2159 261 2358 318 PARS.
2401 262 2441 317 1.
2485 290 2554 306 —-
2591 265 3090 325 APOLOGETICA.

3586 274 3682 334 296

476 379 718 432 increata
776 378 1116 447 relinquitur,
1144 379 1535 449 prmstantioris
1589 377 1893 447 cujuspiam
1930 377 2018 431 i‘ra-

2138 379 2336 442 xal-‘dx;
2369 380 2837 445 ἐπιϐουλευθέντες
2887 382 3126 454 σωτῆρος
3172 383 3357 453 ἔτυχον
3398 385 3488 439 τοῦ
3536 386 3681 454 Θεοῦ,

473 469 702 538 grantia:
730 469 993 540 indigere,
1025 469 1121 523 sed
1174 486 1294 540 quae
1320 468 1498 526 Patris
1539 471 1756 541 quidem
1805 470 1949 524 illius
1980 478 2033 525 et

475 559 700 627 ingeniti
729 567 833 626 est,
865 574 981 613 eam
1006 560 1271 629 attingere
1299 561 1500 614 nemini
1522 559 1604 615 fas
1625 569 1728 617 est.
1764 559 1865 616 Uni
1889 562 2031 617 enim

472 649 737 703 duntaxat
771 650 933 703 unico
966 649 1247 720 primoque
1304 651 1505 721 genito,
1558 652 1661 705 hoc
1696 662 2030 707 reservatum

471 752 557 797 est
586 742 810 797 donum.
843 741 943 807 Qui
975 750 1151 797 autem
1194 750 1316 813 post
1360 743 1508 797 illum
1539 742 1830 806 exsistunt,
1864 743 1899 797 ii
1923 759 2030 798 non

472 835 630 888 aliter
652 849 812 903 quam
864 850 960 905 per
997 833 1238 903 ejusdem
1281 833 1551 905 Unigeniti
1582 836 2032 891 communicatio-

471 941 616 992 nem,
672 927 936 982 honorum
976 934 1252 996 compotes
1306 926 1421 981 ﬁeri
1466 936 1757 997 poterant:
1794 928 2030 998 Spiritus

469 1033 598 1088 ergo
625 1018 793 1072 divini
828 1019 880 1074 id
912 1018 1054 1088 quod
1085 1018 1226 1088 apud
1251 1016 1485 1089 Moysem
1510 1019 1700 1082 fertur,
1727 1029 1854 1075 nota
1884 1035 2030 1091 qure-

470 1109 596 1162 dam
644 1118 788 1165 erat.
845 1108 1151 1165 Divisiones
1203 1125 1366 1180 porro
1428 1111 1695 1166 donorum
1728 1117 1877 1175 sunt,
1934 1110 2030 1167 sed

471 1203 611 1257 idem
641 1209 725 1257 est
750 1200 1007 1271 Spiritus,
1056 1204 1214 1273 cujus
1248 1192 1479 1258 maxime
1512 1211 1571 1257 ut
1596 1202 1709 1258 ﬁeri
1738 1204 2029 1273 participes

470 1299 769 1355 studerent,
802 1304 855 1349 et
881 1296 1191 1350 sacerdotes
1210 1303 1263 1349 et
1291 1295 1565 1365 propheta:
1592 1301 1647 1348 et
1685 1309 1836 1365 reges
1854 1336 1869 1361 ,
1890 1311 2029 1359 opus

468 1401 589 1440 esse
611 1387 994 1450 arbitrabatur,
1028 1397 1210 1456 utpote
1238 1388 1328 1457 qui
1354 1403 1462 1441 non
1493 1402 1589 1456 pro
1605 1386 1800 1455 seipsis
1828 1386 2026 1450 solum,

466 1494 655 1532 verum
715 1480 878 1533 etiam
939 1495 1037 1549 pro
1087 1488 1197 1534 tota
1233 1486 1390 1549 ﬂente
1434 1478 1540 1533 Deo
1595 1478 1794 1532 sacrati
1823 1489 2025 1536 essent.

467 1570 621 1636 Quod
652 1578 831 1624 autem
878 1584 1060 1623 rerum
1105 1571 1277 1639 magis
1302 1569 1606 1624 divinarum
1658 1567 1892 1623 Mosaica
1936 1570 2027 1624 illa

465 1670 606 1715 noue
627 1661 869 1730 quaedam
903 1670 1104 1723 essent,
1131 1669 1187 1714 et
1212 1660 1356 1729 quod
1391 1659 1505 1712 ﬁeri
1550 1666 1733 1728 posset
1773 1668 1832 1712 ut
1861 1659 2025 1713 etiam

465 1754 582 1807 sine
611 1752 855 1807 terrestri
877 1760 1150 1822 unguento
1177 1751 1362 1805 divino
1396 1748 1602 1819 Spiritu
1627 1749 1786 1803 alllati
1816 1758 2021 1815 essent,

462 1843 652 1898 christi
681 1844 1111 1907 nominarentur,
1141 1842 1367 1913 agedum
1403 1843 1682 1911 aliquanto
1713 1840 2024 1911 diligentius

461 1935 871 1991 consideremus
907 1934 1017 2002 jam
1052 1949 1218 1989 nunc.
1270 1932 1434 1987 David
1488 1933 1652 2003 igitur
1696 1933 1752 1987 in
1815 1933 2025 2001 psalmo

459 2040 549 2081 CW
581 2027 642 2090 ¹⁸,
670 2026 799 2080 dum
826 2040 944 2094 quae
972 2024 1039 2079 ad
1067 2023 1360 2088 Abraham,
1379 2032 1433 2078 ct
1452 2024 1620 2087 Isaac,
1643 2032 1696 2078 et
1718 2022 1888 2078 Jacob
1914 2039 2027 2093 per-

461 2120 654 2183 tinent,
705 2119 963 2175 historias
1009 2119 1220 2187 repetit,
1281 2118 1428 2187 ipsos
1468 2117 1623 2185 plane
1647 2116 1766 2171 illos
1814 2125 2024 2170 veteres

459 2208 671 2275 Pat-res,
699 2218 753 2265 et
777 2210 870 2281 qui
902 2219 1024 2265 ante
1059 2209 1257 2278 Moysis
1287 2215 1497 2262 attatem
1520 2207 1757 2271 fuerunt,
1788 2207 2023 2262 christos

461 2311 638 2366 vocat,
676 2303 879 2356 nullam
919 2303 990 2358 ob
1021 2302 1179 2354 aliam
1212 2314 1432 2354 causam
1474 2315 1634 2368 quam
1679 2306 1900 2369 propter
1940 2298 2025 2353 di-

457 2395 568 2449 vini
605 2392 865 2465 Spiritus,
914 2394 1072 2463 cujus
1116 2393 1408 2463 participes
1451 2400 1630 2452 erant,
1663 2389 2018 2445 inﬂuentiam.

460 2484 617 2556 175
649 2484 704 2540 In
741 2485 1078 2555 expositione
1124 2484 1287 2555 igitur
1334 2484 1705 2548 historiarum,
1753 2480 2023 2553 quemad-

456 2579 676 2632 modum
708 2576 945 2648 hospitio
974 2577 1043 2630 ab
1093 2577 1337 2631 externis
1360 2574 1619 2643 suscepti,
1667 2581 1723 2629 et
1760 2573 2020 2644 quemad-

455 2670 679 2724 modum
704 2669 918 2724 insidiis
939 2669 1319 2731 circumventi,
1353 2667 1582 2722 salutem
1613 2681 1645 2719 a
1677 2665 1785 2721 Deo
1823 2679 2021 2720 conse-

454 2760 565 2815 cuti
598 2768 748 2824 sunt,
779 2761 925 2816 sicut
964 2759 1200 2815 Mosaica
1248 2758 1562 2813 narratione
1607 2756 1881 2827 proditum
1910 2762 2016 2818 est.

455 2853 748 2923 prophetas
787 2854 911 2909 illos
941 2853 1104 2909 simul
1136 2862 1191 2907 et
1222 2850 1461 2906 christos
1505 2848 1769 2913 nominat,
1803 2847 2019 2903 tametsi

454 2946 698 2999 nondum
735 2944 952 3018 Moyses
978 2946 1032 2999 in
1076 2943 1387 2998 hominibus
1410 2940 1660 3012 degebat,
1697 2954 1873 3010 neque
1915 2955 2019 2994 un-

451 3047 709 3108 guentum
734 3053 799 3094 ex
837 3040 951 3108 lege
983 3035 1228 3107 ejusdem
1270 3040 1643 3105 comparatum
1679 3031 1857 3088 adhuc
1896 3031 2016 3085 fue-
2043 3058 2084 3116 ο

454 3137 558 3184 rat.
607 3130 748 3187 Audi
792 3130 959 3201 igitur
1002 3129 1133 3199 quid
1175 3128 1321 3183 dicat
1358 3127 1604 3197 psalmus
1638 3143 1651 3179 :
1687 3141 1705 3175 ι
1742 3125 2016 3179 Memento

453 3220 782 3274 mirabilium
817 3220 937 3289 ejus
968 3235 1090 3291 quae
1113 3218 1273 3274 fecit:
1303 3217 1550 3288 prodigia
1582 3214 2018 3287 ejus,etjudicia

449 3310 565 3366 oris
596 3311 735 3381 ejus.
771 3311 966 3367 Semen
1000 3312 1297 3372 Abraham,
1330 3309 1473 3364 servi
1523 3308 1662 3377 ejus,
1724 3307 1820 3360 ﬁlii
1847 3305 2017 3361 Jacob

449 3398 607 3453 electi
638 3398 786 3467 ejus,
808 3398 927 3469 Ipse
972 3398 1236 3455 Dominus
1264 3398 1404 3453 Deus
1435 3407 1641 3464 noster,
1676 3397 1731 3450 in
1762 3397 2017 3451 universa

450 3497 596 3545 terra
634 3489 838 3561 judicia
887 3490 1028 3561 ejus.
1073 3491 1279 3546 Memor
1322 3489 1426 3544 fuit
1472 3488 1527 3542 in
1563 3490 1821 3544 saeculum
1850 3497 2012 3544 testa-

449 3582 617 3636 menti
647 3582 755 3645 sui,
788 3584 937 3639 verbi
977 3583 1122 3654 quod
1165 3582 1441 3638 mandavit
1464 3583 1519 3638 in
1543 3583 1690 3638 mille
1713 3582 2017 3653 generatio-

447 3686 567 3740 nes,
600 3674 746 3743 qued
771 3675 1043 3745 disposuit
1072 3675 1141 3730 ad
1171 3675 1444 3729 Abraham
1482 3695 1495 3729 :
1528 3683 1583 3730 et
1608 3674 1907 3746 juramcnti
1930 3672 2016 3730 sui

447 3764 516 3818 ad
548 3764 716 3834 Isaac,
748 3774 803 3821 et
829 3769 1018 3822 statuit
1044 3766 1178 3822 illud
1205 3766 1271 3821 ad
1296 3766 1469 3821 Iacob
1502 3767 1558 3820 in
1589 3778 1939 3837 praeceptum,
1964 3774 2018 3821 et

448 3857 515 3911 ad
544 3856 710 3913 Israel
755 3858 811 3912 in
851 3866 1238 3915 testamentum
1281 3867 1578 3921 attentum,
1626 3857 1814 3913 dicens
1846 3875 1858 3910 :
1893 3857 2015 3913 Tibi

447 3947 588 4003 dabo
625 3956 827 4003 terram
865 3950 1147 4015 Chanaan,
1215 3948 1518 4003 funiculum
1554 3949 1890 4004 haareditatis
1922 3965 2016 4004 ve—

448 4049 575 4093 stra:
599 4056 613 4090 :
643 4049 698 4094 et
719 4042 1058 4096 transierunt
1074 4041 1143 4096 de
1168 4049 1328 4112 gente
1346 4042 1398 4095 in
1418 4051 1655 4111 gentem,
1675 4050 1728 4096 et
1752 4041 1820 4097 de
1848 4058 2015 4113 regno

447 4130 515 4183 ad
550 4131 804 4199 populum
852 4132 1124 4187 alterum:
1158 4147 1268 4186 non
1319 4132 1568 4202 permisit
1613 4132 1885 4188 hominem
1915 4150 2016 4191 no-

447 4233 573 4274 cere
603 4219 704 4283 eis,
735 4226 789 4274 et
825 4220 1091 4291 corripuit
1120 4236 1221 4290 pro
1259 4223 1339 4277 eis
1370 4237 1525 4292 reges
1550 4238 1563 4273 :
1593 4222 1759 4276 nolite
1793 4229 2012 4292 tangere

446 4312 683 4370 christos
724 4329 907 4380 meos,
956 4322 1011 4369 et
1060 4317 1115 4369 in
1156 4315 1437 4386 pr0pbetis
1474 4317 1610 4372 meis
1648 4317 1813 4371 nolite
1857 4317 2013 4371 mali-

2134 468 2274 523 κατὰ
2298 469 2366 523 τὰ
2407 470 2557 540 παρὰ
2583 472 2806 525 Μωῡσεῖ
2836 472 3155 544 δηλούμενα,
3190 476 3467 545 προφήτας
3499 478 3682 544 αὐτοὺς

2131 560 2263 632 ὁμοῦ
2292 563 2385 615 καὶ
2427 564 2678 634 χριστοὺς
2709 564 2982 635 ὀνομάζει,
3013 564 3161 618 οὔπω
3188 566 3307 619 τότε
3335 569 3605 634 Μωῦσέως
3632 573 3683 625 ὲν

2130 651 2454 724 ἀνθρώποις,
2489 653 2609 706 οὐδὲ
2653 654 2745 707 τοῦ
2792 656 2912 708 κατ’
2957 655 3119 708 αὐτὸν
3170 657 3466 711 σκευαστοῦ
3519 660 3678 730 μύρου

2132 744 2639 816 νενομοθετημένου.
2693 747 2888 799 Ἀκουε
2931 746 2988 799 δὲ
3032 741 3122 799 οἷά
3173 763 3333 818 φησιν
3376 750 3405 801 6
3447 749 3677 821 ψαλμός·

2137 855 2156 887 ι
2194 837 2476 908 Μνήσθητι
2519 837 2627 891 τῶν
2674 837 2991 909 θαυμασίων
3022 838 3207 901 αὐτοῦ,
3230 834 3305 894 ὧν
3347 840 3588 913 ἐποίησε·
3618 843 3679 899 τὰ

2130 928 2330 999 τέρατα
2375 929 2537 987 αὐτοῦ
2578 930 2670 984 καὶ
2701 930 2769 984 τά
2803 930 3044 1001 κρίματα
3072 930 3164 984 τοῦ
3212 931 3475 1001 στόματος
3502 934 3675 989 αὐτοῦ.

2131 1020 2359 1091 Σπέρμα
2424 1019 2701 1092 Ἀϐραὰμ,
2750 1018 2925 1073 δοῦλοι
2973 1020 3174 1074 αὐτοῦ·
3230 1022 3278 1073 oi
3334 1022 3439 1074 υἱοὶ
3497 1021 3678 1078 Ἰακὼϐ

2130 1112 2374 1165 ἐκλεκτοὶ
2403 1112 2587 1165 αὐτοῦ.
2615 1111 2785 1175 Αὐτὸς
2814 1112 3015 1183 Κύριος
3045 1113 3073 1165 6
3105 1111 3233 1175 Θεὸς
3258 1112 3434 1182 ἡμῶν,
3462 1115 3520 1167 ἐν
3543 1115 3676 1188 πάσῃ

2127 1203 2193 1272 τῇ
2224 1205 2293 1271 γῇ
2332 1201 2398 1255 τά
2438 1202 2678 1274 κρίματα
2709 1202 2892 1255 αὐτοῦ.
2952 1202 3222 1274 Ἐμνήσθη
3267 1203 3347 1266 είς
3390 1203 3483 1256 τὸν
3521 1205 3679 1261 αἰῶνα

2129 1292 2401 1364 Διαθήκης
2439 1292 2622 1357 αὐτοῦ,
2653 1292 2809 1362 λόγου
2843 1287 2904 1347 οὗ
2938 1292 3235 1346 ἐνετείλατο
3262 1295 3341 1356 είς
3383 1293 3558 1363 χιλίας
3592 1312 3677 1363 γε·

2129 1384 2274 1447 νεάς,
2304 1385 2362 1439 ὃν
2394 1384 2599 1438 διέθετο
2626 1385 2703 1454 τῷ
2754 1383 3019 1455 Ἀϐραὰμ,
3063 1384 3158 1438 καὶ
3195 1384 3291 1442 τοῦ
3318 1386 3484 1455 ὅρκου
3524 1386 3676 1440 αὑτοῦ

2126 1476 2204 1548 τῷ
2241 1477 2453 1531 Ἰσαάκ·
2490 1477 2583 1530 καὶ
2603 1475 2826 1546 ἔστησεν
2860 1476 3027 1547 αὐτὴν
3056 1476 3134 1545 τῷ
3177 1476 3367 1531 Ἰακώϐ
3402 1480 3489 1540 εἰς
3515 1480 3675 1549 πρόσ-

2127 1586 2332 1639 ταγμα,
2376 1566 2579 1637 καὶτῷ
2638 1567 2852 1637 Ἰσραὴλ
2890 1570 2969 1631 είς
3009 1566 3282 1639 Διαθήκην
3325 1568 3563 1631 αἰώνιον,
3599 1571 3677 1624 λέ-

2127 1679 2269 1732 γων’
2307 1663 2396 1715 Σοὶ
2421 1660 2575 1715 δώσω
2596 1660 2694 1732 τὴν
2726 1661 2829 1731 γῆν
2861 1661 3092 1731 Χαναάμ
3125 1661 3405 1733 σχοίνισμα
3434 1667 3676 1735 κληρονο-

2129 1754 2255 1825 μίας
2284 1752 2455 1823 ὑμῶν.
2491 1753 2600 1805 Kal.
2638 1752 2847 1822 διῆλθον
2877 1752 2936 1818 ἐξ
2967 1752 3149 1816 ἔθνους
3190 1756 3270 1818 είς
3298 1755 3469 1820 ἔθνος,
3500 1758 3588 1813 καὶ
3616 1761 3674 1813 ἐκ

2127 1845 2398 1915 βασιλείας
2444 1845 2523 1908 εἰς
2568 1843 2693 1897 λαὸν
2746 1844 2947 1916 ἕτερον.
2982 1847 3094 1900 Ούκ
3144 1849 3350 1918 ἀφῆκεν
3400 1849 3671 1921 ἄνθρωπον

2122 1937 2373 2007 ἀδικῆσαι
2396 1936 2609 2001 αὐτοὺς,
2645 1936 2738 1991 καὶ
2777 1935 2999 2007 ἤλεγξεν
3031 1938 3167 2009 ὑπὲρ
3199 1939 3375 1992 αὐτῶν
3408 1940 3669 2010 βασιλεῖς⁹

2126 2030 2202 2101 μὴ
2244 2030 2478 2083 ἅπτεσθε
2507 2029 2613 2083 τῶν
2636 2028 2869 2100 χριστῶν
2895 2047 3017 2099 μου,
3058 2032 3149 2084 καὶ
3170 2032 3227 2084 ἐν
3250 2036 3359 2096 τοῖς
3380 2035 3672 2104 προφήταις

2126 2140 2226 2193 μου
2278 2122 2351 2192 μὴ
2397 2120 2778 2192 πονηρεύεσθε.
2820 2139 2839 2172 ι
2890 2120 3075 2175 Ταῦτα
3126 2122 3222 2193 μὲν
3260 2124 3288 2175 6
3329 2123 3517 2176 Δαϐίδ·
3564 2126 3590 2176 6
3622 2124 3674 2177 δὲ

2121 2215 2324 2284 Μωσῆς
2367 2214 2461 2267 καὶ
2506 2213 2650 2276 οἴους
2703 2211 2935 2282 βασιλεῖς
2964 2213 3185 2283 ήλεγξεν
3226 2214 3427 2285 ἱστορεῖ
3475 2214 3669 2282 λέγων’

2127 2326 2148 2359 ι
2173 2306 2280 2360 Καὶ
2296 2307 2460 2377 ῆτασε
2478 2304 2680 2376 Κύριος
2690 2303 2778 2357 τὸν
2799 2303 2994 2376 Φαραὼ
3016 2306 3267 2377 ὲτασμοῖς
3294 2305 3568 2377 μεγάλοις.
3591 2306 3673 2359 καὶ

2120 2398 2210 2452 τδν
2230 2394 2375 2452 οἷκον
2404 2397 2564 2452 αὑτοῦ
2582 2399 2708 2467 περὶ
2730 2397 2943 2469 Σάρρας
2966 2396 3064 2465 τῆς
3084 2396 3339 2465 γυναικὸς
3367 2396 3631 2469 Ἀϐραάμ.
3652 2415 3669 2448 ι

2120 2489 2230 2543 Καὶ
2281 2488 2440 2541 πάλιν
2495 2487 2623 2557 περὶ
2673 2486 2765 2540 τοῦ
2824 2486 3086 2557 βασιλέως
3139 2485 3392 2558 Γεράρων
3440 2488 3668 2559 γράφει·

2127 2594 2146 2628 ι
2185 2576 2293 2629 Καὶ
2332 2571 2494 2647 ἦλθεν
2522 2576 2549 2628 6
2578 2573 2707 2637 Θεὸς
2754 2575 2890 2647 πρὸς
2948 2575 3232 2647 Ἀϐιμέλεχ
3280 2578 3336 2629 ὲν
3386 2575 3541 2647 ῦπνῳ
3584 2576 3671 2647 τὴν

2119 2665 2309 2728 νύκτα,
2354 2667 2445 2718 καὶ
2484 2662 2633 2720 εἶπεν
2659 2682 2675 2699 ’
2721 2665 2849 2719 Ἰδοὺ
2896 2667 2958 2720 σὺ
3006 2666 3364 2739 ἀποθνήσκεις
3413 2668 3542 2738 περὶ
3581 2669 3671 2738 τῆς

2120 2759 2392 2827 γυναικὸς,
2420 2752 2486 2829 ἧς
2516 2757 2733 2821 ἐλαϐεςο
2779 2778 2798 2810 ι
2834 2757 2988 2830 (αῦτη
3037 2757 3093 2811 δὲ
3133 2753 3200 2829 ἦν
3230 2757 3324 2812 τοῦ
3371 2757 3667 2830 Ἀϐραάμ

2119 2848 2254 2919 Περὶ
2294 2842 2353 2902 οὗ
2399 2847 2523 2918 ἑξῆς
2570 2846 2772 2915 προϊών
2821 2865 2952 2919 φησι
2977 2863 2992 2879 ο
3046 2865 3065 2899 ι
3103 2847 3217 2901 Νῦν
3261 2846 3319 2900 δὲ
3359 2848 3553 2912 ἀπόδος
3580 2848 3671 2917 τὴν

2117 2941 2349 3006 γυναῖκα
2369 2936 2445 3008 τῷ
2474 2936 2761 3010 ἀνθρώπῳ,
2795 2939 2875 2992 ὅτι
2906 2940 3188 3010 προφήτης
3212 2939 3348 3002 ἐστὶ,
3384 2940 3479 2993 καὶ
3508 2956 3668 3011 προσ-

2119 3030 2330 3095 εύξεται
2379 3029 2507 3100 περὶ
2548 3028 2660 3083 σοῦ.
2723 3030 2883 3101 Ὁρᾷς
2908 3030 3052 3095 ὅπως
3081 3029 3169 3084 διὰ
3202 3030 3402 3084 τούτων
3427 3033 3548 3096 τοὺς
3577 3032 3669 3085 πά.-

2116 3120 2202 3175 λαι
2235 3119 2500 3191 θεοφιλεῖς
2531 3121 2623 3174 καὶ
2658 3123 2938 3194 προφήτας
2988 3123 3238 3193 χριστοὺς
3269 3122 3297 3175 6
3325 3121 3509 3187 Δαϐὶδ,
3544 3120 3668 3193 μᾶλ-

2116 3212 2205 3266 λον
2254 3213 2310 3265 δὲ
2343 3212 2403 3265 τὸ
2454 3211 2592 3266 θεῖον
2633 3212 2699 3264 δι’
2746 3212 2910 3267 αὑτοῦ
2941 3214 3203 3285 προσεῖπε
3233 3211 3477 3283 Πνεῦμα,
3508 3213 3565 3266 οὐ
3598 3211 3668 3282 τῷ

2114 3299 2304 3372 γεώδει
2364 3303 2520 3375 μύρῳ
2578 3303 3003 3375 κεχρισμένουςς
3056 3301 3169 3366 πῶς
3224 3302 3351 3374 γὰρ,
3404 3301 3668 3365 Μωῦσέως

2117 3396 2359 3467 ὑστέροις
2389 3395 2598 3467 χρόνοις
2631 3393 2772 3449 οὕτω
2811 3393 3230 3466 διαταξαμένους
3266 3395 3463 3448 Ἀκουε
3501 3394 3558 3449 δὲ
3584 3395 3668 3448 καὶ

2125 3488 2345 3542 Ἡσαΐου
2378 3486 2518 3541 οὕτω
2565 3488 2872 3556 σαφέστατα
2916 3488 3044 3559 περ).
3082 3485 3175 3539 τοῦ
3222 3486 3460 3559 Χριστοῦ
3496 3486 3669 3540 θεσπίο

2116 3580 2317 3646 ζοντος,
2358 3580 2433 3644 ὡς
2463 3579 2967 3650 ἀποσταλησομένου
3003 3578 3107 3631 ὑπὸ
3148 3577 3243 3630 τοῦ
3276 3577 3409 3631 Θεοῦ
3444 3580 3556 3641 τοῖς
3585 3577 3668 3629 ἁν-

2116 3674 2352 3746 θρώποις
2395 3672 2664 3746 λυτρωτοῦ
2700 3673 2794 3725 καὶ
2820 3671 3083 3742 σωτῆρος,
3113 3668 3331 3741 ἧξοντός
3349 3685 3410 3720 τε
3444 3667 3666 3739 κηρύξαι

2112 3765 2225 3825 τοῖς
2267 3761 2365 3826 τάς
2408 3761 2585 3832 ψυχὰς
2627 3757 2990 3831 αἰχμαλώτοις
3036 3758 3248 3827 ἄφεσιν,
3284 3758 3376 3811 καὶ
3415 3762 3531 3822 τοῖς
3577 3757 3666 3820 τὰς

2114 3854 2352 3917 διανοίας
2374 3852 2591 3922 τυφλοῖς
2614 3850 2921 3920 ἀνάϐλεψιν.
2942 3851 3140 3903 Τοῦτον
3164 3849 3272 3921 γὰρ
3306 3839 3468 3902 πάλιν
3497 3839 3525 3903 6
3551 3864 3668 3920 ⁴προ-

2114 3946 2286 4018 φήτης
2332 3945 2393 3998 ού
2438 3941 2718 4012 σκευαστῷ
2762 3941 2936 4014 μύρῳ,
2970 3939 3105 3995 ἀλλά
3147 3941 3224 4010 τῷ
3266 3940 3366 4010 τῆς
3395 3939 3665 4011 Πατρικῆς

2114 4034 2363 4106 θεότητος
2405 4031 2579 4103 νοητῷ
2626 4037 2719 4086 καὶ
2767 4030 3057 4103 θεοπρεπεῖ
3088 4030 3319 4100 Χριστὸν
3350 4029 3664 4099 γεγενῆσθαι

2111 4127 2370 4189 διδάσκει,
2402 4126 2498 4196 οὐχ
2548 4125 2641 4177 ὑπ’
2687 4122 3006 4195 ἀνθρώπων,
3043 4120 3175 4175 ἀλλά
3220 4123 3282 4175 ἐκ
3318 4119 3411 4174 τοῦ
3463 4120 3662 4189 Πατρὸς

2113 4221 2486 4292 κεχρισμένον.
2545 4218 2708 4287 Λέγει
2762 4217 2807 4270 δ’
2860 4211 2951 4270 οῦν
3009 4214 3067 4281 ἐξ
3126 4213 3288 4268 αὑτοῦ
3340 4213 3658 4283 προσώπου·

2119 4330 2137 4365 ι
2196 4311 2419 4382 Πνεῦμα
2457 4309 2663 4383 Κυρίου
2710 4311 2794 4363 ἐπ’
2845 4308 2965 4378 ἐμὲ,
3010 4299 3070 4359 οῦ
3122 4306 3328 4358 εἵνεκεν
3362 4305 3543 4377 ἔχρισέ
3577 4316 3655 4369 με.

445 4405 680 4473 gnari".
719 4425 738 4458 ι
776 4405 1052 4462 Hactenus
1092 4408 1309 4477 quidem
1340 4406 1530 4462 David.
1596 4405 1812 4478 Moyses
1858 4423 2007 4471 vero,

2120 4401 2580 4473 Εὐαγτίελίσασθαι
2636 4404 2869 4471 πτωχοῖς
2918 4398 3222 4453 ἀπέσταλκέ
3288 4415 3392 4467 με,
3438 4391 3657 4465 κηρύξαι

444 4497 606 4550 etiam
637 4513 775 4568 quos
806 4514 961 4569 reges
989 4501 1337 4569 corripuerit,
1378 4506 1585 4564 narrat,
1623 4498 1811 4554 dicens
1844 4518 1857 4553 :
1890 4516 1907 4549 ι
1946 4499 2012 4551 Et

444 4590 729 4659 castigavit
765 4589 1030 4647 Dominus
1069 4589 1410 4645 Pharaonem
1443 4590 1616 4661 plagis
1655 4589 1928 4652 maximis,
1956 4598 2011 4644 et

443 4680 663 4736 domum
690 4683 857 4749 illius,
880 4694 1102 4756 propter
1126 4684 1316 4738 Saram
1348 4698 1571 4738 uxorem
1610 4683 1884 4737 Abraham
1899 4683 2000 4736 ⁸⁸.»

444 4772 511 4829 Et
532 4790 724 4830 rursus
750 4777 817 4831 de
840 4792 907 4831 eo
932 4793 1056 4847 rege
1089 4778 1179 4847 qui
1211 4776 1473 4847 regnabat
1501 4776 1556 4830 in
1590 4773 1833 4840 Geraris,
1868 4778 2007 4832 scri-

444 4866 567 4920 bit:
606 4884 627 4919 ι
662 4866 726 4920 Et
751 4869 898 4922 venit
930 4868 1070 4924 Deus
1116 4869 1180 4924 ad
1217 4869 1529 4925 Abimelech
1580 4868 1638 4924 in
1674 4870 1881 4925 somnis
1911 4885 2012 4924 no-

443 4966 558 5023 ctu,
594 4969 648 5014 et
678 4960 815 5013 dixit
848 4976 861 5011 :
901 4961 978 5014 En
1029 4961 1282 5016 morieris
1329 4970 1411 5025 tu,
1457 4967 1679 5031 propter
1721 4961 2001 5016 mulierem

443 5065 602 5119 quam
638 5052 867 5106 tulisti"
907 5071 924 5104 ι
966 5052 1102 5121 (haec
1145 5060 1327 5107 autem
1368 5061 1487 5106 erat
1511 5067 1647 5106 uxor
1677 5051 1999 5122 Abraham).

443 5140 615 5197 Porro
654 5144 941 5213 deinceps,
984 5159 1235 5199 sermone
1296 5158 1648 5215 progressus,
1698 5142 1766 5196 de
1815 5142 2003 5197 eodem

444 5236 520 5289 ait
545 5253 558 5289 :
587 5254 605 5287 ι
635 5235 791 5292 Nunc
807 5247 985 5293 autem
1012 5237 1176 5292 redde
1199 5236 1318 5292 viro
1344 5252 1444 5293 suo
1471 5251 1719 5309 uxorem,
1743 5234 2002 5305 quoniam

445 5329 705 5397 prOphcta
733 5338 838 5392 est,
871 5335 923 5384 et
952 5329 1127 5384 orabit
1156 5345 1254 5401 pro
1275 5337 1328 5384 te
1343 5330 1408 5384 ”.
1440 5347 1459 5381 ι
1490 5326 1655 5383 Vides
1680 5336 1737 5381 ut
1761 5326 1863 5380 hoc
1884 5325 2004 5378 loco

445 5426 653 5475 veteres
681 5420 775 5475 Dei
807 5422 1014 5477 amicos
1045 5430 1099 5477 et
1151 5422 1446 5493 pr0pbetas
1484 5419 1677 5485 David,
1711 5433 1775 5473 ac
1819 5416 2000 5489 potius

442 5528 540 5585 per
588 5514 742 5568 illum
788 5513 1006 5570 divinus
1056 5513 1316 5585 Spiritus,
1372 5513 1607 5569 christos
1651 5508 2000 5582 appellaverit

518 5674 559 5706 “
590 5671 744 5735 Vere.
783 5674 869 5728 15.
913 5672 957 5706 ¹⁹
990 5669 1132 5726 Psal.
1167 5684 1273 5740 ειν,
1308 5668 1455 5725 5-15.
1531 5669 1577 5701 "
1609 5666 1745 5722 Gen.
1781 5680 1879 5731 xu,
1909 5663 1995 5718 17.

2141 5656 2278 5715 ὕει.
2308 5670 2401 5723 rx,
2431 5655 2485 5710 5.
2527 5718 2554 5731 λ

2111 4494 2472 4567 αἰχμαλώτοις
2498 4494 2707 4563 ἄφεσιν,
2742 4493 2834 4546 καὶ
2860 4490 3074 4559 τυφλοῖς
3097 4488 3403 4553 ἀνάϐλεψιν.
3444 4502 3464 4535 ι
3500 4483 3658 4537 Τοῦτο

2113 4587 2210 4658 μὲν
2261 4579 2352 4638 οῦν
2405 4582 2619 4654 πρῶτον
2675 4578 3006 4652 τετηρήσθω,
3057 4579 3133 4636 ὡς
3180 4573 3271 4625 καὶ
3329 4571 3552 4635 Ἡσαΐας
3586 4569 3659 4641 τῷ

2113 4677 2276 4731 Δαϐὶδ
2306 4674 2699 4747 παραπλησίως
2730 4672 2787 4722 ὃν
2819 4669 2967 4735 ἥξειν
2999 4664 3195 4734 ἔφησεν
3227 4666 3304 4728 είς
3329 4663 3654 4735 ἀνθρώπους,

2114 4772 2206 4824 καὶ
2247 4768 2478 4841 κηρύξαι
2524 4758 2885 4835 αίχμαλώτοις
2928 4756 3119 4825 ἄφεσιν
3166 4758 3257 4810 καὶ
3288 4757 3503 4825 τυφλοῖς
3533 4753 3656 4807 ἀνά-

2110 4864 2314 4935 6).εψιν,
2346 4863 2406 4915 οὐ
2437 4852 2715 4924 σκευαστῷ
2762 4851 2936 4923 μύρῳ,
2971 4847 3106 4903 ἀλλά
3134 4848 3208 4920 τῷ
3235 4848 3332 4920 τῆς
3372 4846 3655 4917 ἀγεννήτου

2108 4955 2388 5028 Πατρικῆς
2416 4968 2474 5006 τε
2507 4949 2601 5002 καὶ
2648 4941 2955 5011 παναγάθου
2999 4941 3274 5028 δυνάμεως
3319 4936 3547 5008 Χριστὸν
3571 4949 3657 5002 γε-

2108 5022 2318 5120 γονέναι
2348 5022 2620 5102 θεσπίζει.
2661 5033 2819 5088 Κατά
2856 5048 2978 5084 τινα
3007 5030 3063 5084 δὲ
3090 5022 3371 5099 συνήθειαν
3390 5040 3657 5120 προφητι-

2110 5116 2229 5212 κὴν,
2251 5136 2313 5190 τὸ
2346 5132 2533 5206 μέλλον
2560 5130 2588 5182 6
2618 5126 2900 5199 προφήτης
2926 5122 3001 5187 ὡς
3030 5119 3352 5212 παρῳχηκδς
3376 5116 3653 5212 ἀναφωνεῖ,

2109 5206 2204 5287 καὶ
2233 5228 2309 5289 ὡς
2339 5224 2466 5296 mp‘t
2498 5217 2690 5275 ἑαυτοῦ
2730 5215 2824 5270 τοῦ
2853 5211 3278 5286 προφητεύοντος
3322 5208 3484 5281 δηλοῖ.
3515 5206 3656 5296 Τέως

2113 5320 2211 5393 μὲν
2239 5313 2331 5371 οῦν
2358 5293 2462 5369 ὑπὸ
2484 5310 2640 5374 Θεοῦ,
2664 5308 2779 5363 ἀλλ’
2803 5307 2900 5377 οὐχ
2925 5305 3015 5358 ὑπ’
3036 5302 3354 5377 ἀνθρώπων,
3384 5298 3476 5352 καὶ
3502 5293 3653 5393 Ilvati-

2111 5389 2236 5484 ματι
2258 5407 2407 5479 θείῳ,
2438 5405 2551 5460 ἀλλ’
2583 5403 2642 5457 οὐ
2678 5398 2959 5470 σκευαστῷ
2991 5396 3153 5467 ἐλαίῳ
3175 5389 3655 5484 χριομένουςητοὺς

2106 5480 2249 5559 κατά
2307 5499 2396 5554 τὸν
2464 5496 2637 5575 ἀληθῆ
2694 5494 2851 5564 λόγον
2930 5488 3181 5561 χριστοὺς
3240 5480 3653 5556 ὀνομαζομένους

2563 5653 2609 5685 ⁸⁸
2642 5650 2771 5706 i‘bid.
2798 5649 2856 5702 7.
