3880 6256
186 419 280 476 297

1091 420 1744 480 DEMONSTRATIONIS
1783 419 2240 478 EVANGEUCIE
2276 419 2402 474 LIB.
2435 418 2523 474 IV.

3308 422 3412 477 298

185 535 430 603 ἔγνωμεν.
467 534 682 607 Καιρὸς
716 534 774 589 δὲ
814 534 1063 600 συνιδεῖν,
1092 536 1173 591 ὅτι
1205 537 1299 590 καὶ
1325 536 1471 591 θείαν
1499 537 1620 591 τινὰ
1650 536 1720 589 δύη

1849 536 1999 590 nullo
2042 533 2289 589 terrestri
2348 537 2627 604 unguento
2666 530 2896 587 unctos?
2930 529 3035 598 Qui
3071 532 3240 599 enim,
3287 548 3413 588 cum

183 641 328 696 ναμιν
348 625 643 696 κρείττονα
669 626 700 698 ἢ
725 628 844 679 κατ’
869 625 1154 698 ἄνθρωπον
1176 626 1252 698 (i)
1280 628 1441 698 φύσιν
1461 629 1550 683 τὸν
1566 628 1740 701 άληθῆ

182 715 394 789 Χριστὸν
438 715 537 769 τοῦ
585 716 726 770 Θεοῦ
757 717 1044 789 τυγχάνειν
1082 720 1111 772 6
1149 720 1279 791 παρ’
1324 719 1593 793 Ἐὃραίοις
1622 721 1743 775 ἐπί-

182 823 352 861 σταται
379 806 565 876 λόγος.
602 809 794 862 ¹’Διιουε
827 810 870 862 δ’
898 806 992 864 οῦν
1023 806 1180 875 αὖθις
1205 808 1298 864 τοῦ
1332 812 1494 866 Δαόὶδ
1525 812 1741 867 αἰώνιόν

179 916 285 954 τινα
329 900 483 969 ἱερέα
525 900 624 954 τοῦ
668 900 804 954 Θεοῦ
851 902 1151 971 φάσκοντος
1199 903 1416 971 είδέναι,
1446 903 1648 975 Κύριόν
1678 923 1737 959 τε

179 991 324 1045 αὑτοῦ
342 990 537 1045 τοῦτον
569 994 1009 1065 ἀναγορεύοντος,
1040 996 1133 1050 καὶ
1163 996 1449 1069 σύνθρονον
1479 992 1621 1053 εἶναι
1642 998 1738 1052 τοῦ

177 1084 430 1138 mem
446 1083 590 1138 Θεοῦ
612 1086 996 1156 ὁμολογοῦντος
1025 1091 1082 1143 ἐν
1112 1089 1388 1161 ἑκατοστῷ
1418 1091 1512 1145 καὶ
1534 1090 1738 1162 ὲννάτῳ

175 1177 374 1249 ψαλμῷ,
404 1177 533 1232 καθ’
557 1179 619 1233 δν
650 1175 752 1234 ὦδὲ
785 1180 902 1245 πῶς
948 1199 1142 1254 φησιν·
1178 1203 1197 1235 ι
1245 1183 1412 1238 Εἶπεν
1458 1186 1487 1238 6
1536 1184 1738 1257 Κύριος

175 1269 240 1340 τῷ
272 1271 457 1342 Κυρίῳ
506 1288 645 1343 μουο
689 1271 873 1326 Κάθου
919 1274 985 1327 ὲκ
1029 1272 1219 1339 δεξιῶν
1252 1293 1354 1346 μου
1402 1275 1505 1339 ἓως
1546 1275 1613 1329 ἂν
1658 1276 1736 1329 θῶ

175 1361 282 1424 τοὺς
303 1359 541 1433 ἐχθρούς
574 1379 668 1416 σου
699 1363 987 1418 ὑποπόδιον
1013 1364 1122 1417 τῶν
1156 1364 1331 1419 ποδῶν
1364 1383 1474 1418 σου.
1516 1365 1734 1420 Ῥάϐδον

172 1453 430 1524 δυνάμεως
453 1454 808 1521 ἑξαποστελεῖ
833 1474 915 1510 σοι
938 1457 1142 1529 Κύριος
1166 1459 1232 1511 ὲκ
1256 1456 1414 1519 Σιὼν,
1450 1457 1543 1512 καὶ
1570 1474 1736 1513 κατα·

171 1545 455 1617 κυριεύσεις
497 1549 561 1601 ὲν
609 1549 759 1620 μέσῳ
804 1548 912 1603 τῶν
957 1549 1170 1621 ἐχθρῶν
1217 1566 1340 1603 σου’
1386 1549 1526 1620 μετὰ
1570 1550 1732 1622 σοῦή

169 1637 290 1708 ἀρχὴ
320 1641 376 1692 ὲν
404 1639 597 1711 ἡμέρᾳ
621 1640 724 1709 τῆς
754 1632 1035 1711 δυνάμεώς
1064 1658 1178 1704 σου,
1210 1644 1268 1695 ὲν
1296 1644 1361 1712 τῇ
1393 1642 1732 1713 λαμπρότητι

168 1731 258 1783 τῶν
285 1730 453 1800 ἁγίων
483 1749 583 1786 σου
603 1749 617 1764 ο
638 1736 701 1786 ἐκ
729 1734 967 1805 γαστρὸς
992 1733 1100 1806 πρὸ
1131 1734 1441 1804 Ἑωσφόρου
1467 1734 1733 1805 ὲγέννησὰ

169 1839 235 1876 σε.
282 1824 481 1893 Ὅμοσε
537 1824 777 1897 Κύριος,
817 1826 912 1880 καὶ
957 1825 1020 1879 οὑ
1069 1824 1607 1897 μεταμεληθήσεται,
1656 1827 1728 1880 Σὺ

1852 626 2030 684 Moses
2072 623 2471 697 posterioribus
2498 623 2834 694 temporibus
2860 624 2913 678 id
2946 623 3418 680 instituerit‘ICa-

1849 729 2044 783 terum,
2095 717 2224 774 audi
2264 730 2413 771 nunc
2465 713 2663 771 lsaiam
2704 731 2923 787 quoque
2968 717 3043 772 ita
3087 717 3156 773 de
3195 717 3419 772 Christe

1844 811 2294 868 manifestissime
2334 817 2641 873 canentem,
2689 816 2948 880 tanquam
2996 809 3066 866 de
3116 824 3183 866 eo
3223 811 3318 883 qui
3359 819 3417 867 et

1845 903 2174 974 Redemptor
2205 913 2261 959 et
2305 902 2558 959 Salvator
2588 918 2618 957 a
2644 901 2756 958 Deo
2792 902 2866 957 sit
2893 903 3191 960 mittendus
3222 903 3289 959 ad
3317 904 3417 960 ho-

1842 998 2042 1061 mines,
2076 995 2281 1068 quique
2302 1003 2571 1051 venturus
2599 1003 2661 1051 ut
2680 994 2923 1065 captivas
2945 996 3156 1051 animas
3179 1003 3417 1068 gerent;-

1842 1089 1966 1152 bus,
2018 1089 2431 1151 liberationem,
2476 1094 2688 1143 mentes
2734 1100 2866 1141 vero
2893 1086 3218 1153 obcaecatas,
3259 1089 3413 1145 visus

1839 1180 2309 1251 recuperationem
2327 1178 2558 1233 nuntiet.
2578 1175 2735 1232 Hune
2764 1176 2908 1232 enim
2932 1191 3125 1232 rursus
3152 1178 3415 1249 propheta

1838 1287 1947 1327 non
1981 1278 2299 1341 comparato
2328 1276 2631 1341 unguento,
2662 1267 2759 1325 sed
2787 1282 2852 1323 eo
2886 1268 3036 1338 quod
3059 1275 3301 1338 paterna:
3328 1271 3413 1326 di—

1837 1365 2079 1421 vinitatis
2108 1364 2181 1420 sit
2202 1363 2503 1435 proprium,
2528 1368 2583 1417 et
2608 1362 2726 1418 sola
2759 1361 3115 1432 intelligentia
3141 1362 3413 1433 capiatur.

1837 1455 2115 1527 Deumque
2142 1458 2320 1526 ipsum
2348 1455 2582 1509 maxime
2599 1452 2812 1518 deceat,
2836 1452 3114 1509 Christum
3138 1454 3413 1512 exstitisse

1834 1550 2017 1609 docet.
2056 1546 2151 1619 qui
2197 1563 2306 1603 non
2347 1546 2416 1601 ab
2460 1545 2795 1609 hominibus,
2841 1544 2936 1600 sed
2982 1544 3051 1599 ab
3091 1544 3211 1617 ipso
3253 1544 3410 1602 Patre

1836 1650 2036 1698 unctus
2064 1642 2156 1698 sit.
2187 1640 2348 1712 176
2378 1639 2517 1694 Dicit
2542 1654 2673 1710 ergo
2704 1655 2768 1694 ex
2797 1638 2945 1695 illius
2971 1654 3235 1710 persona:
3256 1654 3273 1687 ι
3294 1638 3408 1711 8ρὶ-

1834 1738 1977 1790 ritus
2020 1735 2237 1789 Domini
2290 1749 2454 1803 super
2494 1747 2604 1797 me,
2650 1739 2873 1803 propter
2912 1732 3058 1803 quod
3104 1734 3262 1789 unxit
3304 1751 3409 1802 me,

1832 1831 2208 1903 evangelizare
2239 1827 2573 1898 pauperibus
2600 1826 2751 1881 misit
2764 1842 2890 1892 ,me,
2927 1840 3122 1882 sanare
3144 1827 3409 1885 contritas

167 1913 322 1987 ἱερεὺς
361 1917 444 1979 είς
476 1916 574 1970 τὸν
621 1917 791 1971 αίῶνα
824 1916 962 1971 κατὰ
985 1916 1084 1990 τὴν
1125 1917 1278 1983 τάξιν
1314 1917 1667 1988 Μελχισεδέκ.
1704 1937 1720 1969 ι

1829 1922 2016 1988 corde,
2049 1921 2351 1993 praedicare
2371 1919 2605 1990 captivis
2641 1920 3044 1985 remissionem,
3065 1928 3120 1976 et
3149 1922 3309 1977 caecis
3332 1922 3411 1977 vi-

166 2004 257 2057 Καὶ
290 2003 383 2057 θέα
420 2023 512 2074 γε,
547 2008 624 2071 ὡς
654 2008 715 2060 ὲν
761 2009 971 2071 τούτοις
1010 2007 1196 2072 Δαὸὶδ,
1236 2007 1482 2077 βασιλεὺς
1524 2006 1599 2060 ὣν
1626 2008 1720 2061 τοῦ

166 2097 339 2161 παντὸς
375 2097 656 2170 Ἑϐραίων
689 2098 896 2164 ἔθνους,
935 2099 1029 2152 καὶ
1062 2098 1200 2169 πρὸς
1229 2100 1295 2169 τῇ
1335 2096 1583 2169 βασιλείᾳ
1606 2097 1736 2167 θείῳ

1838 2031 1961 2071 sum
1982 2016 2045 2069 ⁸³.
2073 2034 2093 2066 ι
2113 2013 2356 2070 Primum
2387 2013 2550 2084 igitur
2574 2011 2678 2067 hoc
2700 2019 2979 2067 teneatur;
3011 2012 3228 2080 Isaiam,
3261 2014 3407 2072 sicut

1837 2104 2033 2169 David,
2065 2120 2228 2177 quem
2262 2111 2552 2159 venturum
2578 2103 2779 2159 dixerit
2803 2103 2872 2158 ad
2900 2104 3169 2173 homines,
3191 2113 3247 2161 et
3272 2122 3401 2177 prae.

166 2190 387 2261 Πνεύματ
397 2210 414 2244 ι
441 2208 695 2262 κεκοσμη
704 2192 883 2262 μένος.
903 2189 1136 2244 τοιοῦτόν
1149 2206 1267 2243 τινα
1279 2188 1452 2259 μέγαν
1467 2188 1561 2242 καὶ
1575 2189 1676 2241 ύπε
1683 2206 1720 2260 ρ

1845 2197 2156 2253 dicaturum
2194 2199 2427 2269 captivis
2466 2196 2869 2260 remissionem,
2910 2211 2974 2252 ac
3008 2197 3168 2253 cazcis
3206 2198 3409 2265 visum,

164 2286 291 2352 ουῶς
315 2284 629 2356 θαυμάσιον
657 2286 751 2338 τὸν
780 2283 916 2356 πρὸς
946 2283 1111 2338 αὑτοῦ
1141 2282 1494 2353 δηλούμενον,
1538 2282 1632 2335 καὶ
1656 2282 1734 2352 τῷ

163 2372 400 2444 πνεύματι
467 2373 842 2445 θεωρούμενον
898 2372 1157 2438 συνεῖδεν,
1191 2372 1267 2437 ὡς
1318 2372 1523 2443 Κύριον
1569 2372 1730 2426 αὐτὸν

161 2464 327 2518 ἑαυτοῦ
347 2469 698 2537 προσειπεῖν.
715 2485 734 2517 ι
759 2462 892 2523 Eine
932 2485 951 2517 ι
969 2465 1102 2537 γὰρ,
1120 2464 1276 2535 φησι,
1305 2483 1324 2516 ι
1350 2464 1540 2536 Κυρίῳ
1556 2482 1680 2535 μου.
1705 2483 1724 2516 ι

171 2556 308 2611 Ἀλλὰ
326 2559 422 2611 καὶ
458 2556 677 2612 αἰώνιον
700 2558 861 2612 αὐτὸν
899 2557 1161 2630 ἀρχιερέα
1181 2554 1310 2619 οἶδε,
1341 2557 1437 2609 καὶ
1462 2555 1613 2628 ἱερέα
1632 2555 1728 2609 τοῦ

161 2649 274 2702 θεοῦ
295 2651 384 2703 τοῦ
407 2652 665 2720 ὑψίστου,
683 2651 777 2704 καὶ
795 2650 1082 2721 σύνθρονον
1103 2649 1197 2703 τοῦ
1218 2650 1312 2703 ἐπὶ
1326 2649 1543 2704 πάντων
1568 2647 1725 2708 Θεοῦ,

161 2741 237 2794 καὶ
252 2742 407 2815 γέννη
418 2760 501 2814 μα
523 2742 712 2797 αὐτοῦ.
738 2741 871 2813 Λίχα
889 2742 947 2795 δὲ
964 2741 1196 2813 χρίσεως
1222 2741 1482 2796 ἀδύνατον
1506 2736 1575 2811 ἦν
1595 2740 1725 2811 παρ’

170 2833 419 2906 Ἑϐραίοις
462 2834 711 2907 ἱερᾶσθαι
759 2834 839 2906 τῷ
885 2835 1038 2905 Θεῷ·
1096 2835 1286 2906 διόπερ
1331 2836 1428 2890 καὶ
1472 2837 1726 2908 χριστοὺς

160 2925 415 2996 ὀνομάζειν
452 2928 654 2991 αὐτοὺς
703 2926 912 2991 πάντας
948 2922 1017 2998 ἦν
1063 2927 1246 2991 αὐτοῖς
1285 2928 1459 2997 φίλον.
1490 2926 1724 2997 Χριστὸς

159 3017 247 3087 ἄρα
274 3018 362 3072 καὶ
402 3021 434 3073 ὁ
475 3020 535 3072 ὲν
572 3019 651 3091 τῷ
694 3018 895 3090 ψαλμῷ
933 3018 1262 3090 δηλούμενος
1295 3020 1473 3089 ἱερεὺς
1506 3018 1589 3089 είη
1632 3017 1717 3073 ἄν.

160 3106 261 3171 Πῶς
284 3107 390 3181 γὰρ
422 3108 781 3181 ἐμαρτυρήθη
813 3109 991 3181 ἱερεὺς
1007 3106 1167 3174 εἶναι,
1202 3108 1276 3181 μὴ
1304 3109 1424 3179 ούχὶ
1456 3108 1721 3181 πρότερον

159 3198 365 3268 Χριστὸς
392 3201 667 3269 γεγονώς;
720 3202 880 3256 Ἀλλὰ
928 3204 1021 3257 καὶ¹
1050 3204 1129 3267 είς
1163 3204 1254 3257 τὸν
1296 3204 1466 3258 αἰῶνα
1506 3204 1721 3273 λέγεται

162 3290 406 3388 ἱερᾶσθαι.
460 3293 645 3388 Τοῦτο-
672 3294 929 3383 δἰούκὲτ’
981 3295 1295 3368 ἀνθρωπεία
1341 3297 1500 3366 φύσει
1544 3299 1718 3370 ἐφαρ-
1748 3331 1789 3388 C

162 3383 315 3452 μόττοι
354 3384 440 3438 ἄν.
479 3386 554 3438 Οὐ
586 3384 696 3458 γὰρ
720 3378 1008 3459 ἀνθρώπου
1044 3387 1105 3441 τὸ
1135 3388 1456 3455 διαιωνίζειν
1479 3430 1493 3452 ,
1534 3392 1720 3463 ἐπειδὴ

158 3476 321 3548 θνητὸν
349 3479 447 3533 καὶ
489 3480 751 3551 ἐπίκηρον
794 3481 856 3535 τὸ
887 3482 1006 3536 καθ’
1048 3485 1199 3554 ἡμᾶς
1237 3483 1411 3552 γένος.
1445 3486 1719 3557 Κρείττων

159 3570 245 3641 ἄρα
268 3589 351 3636 τις
377 3572 408 3641 ἢ
440 3574 565 3625 κατ’
588 3573 873 3645 ἄνθρωπον
905 3575 936 3627 6
969 3574 1297 3646 δηλούμενος
1322 3572 1390 3647 ἦν
1417 3579 1473 3630 ὲν
1509 3578 1719 3641 τούτοις

160 3661 311 3730 ἱερεὺς
344 3662 441 3717 τοῦ
482 3662 618 3717 Θεοῦ
664 3664 800 3735 μετὰ
844 3666 1008 3736 ὅρκου
1050 3666 1484 3732 διαϐεϐαιὼσεως
1517 3669 1716 3742 διαρκῆ

158 3755 236 3806 καὶ
257 3755 484 3827 ἄπειρον
519 3756 619 3828 τὴν
661 3757 958 3830 ἱερωσύνην
988 3759 1141 3831 παρὰ
1164 3759 1260 3812 τοῦ
1298 3760 1433 3813 Θεοῦ
1466 3762 1718 3833 δεδεγμέ-

159 3863 253 3911 νος·
279 3868 296 3899 ι
322 3850 529 3919 Ὧμοσε
551 3868 570 3901 ι
587 3850 719 3920 γὰρ,
744 3850 898 3921 φησὶ,
923 3869 942 3901 ι
971 3852 1194 3923 Κύριος,
1214 3852 1306 3905 καὶ
1325 3853 1385 3905 οὐ
1406 3853 1716 3924 μεταμελη-

159 3938 391 4008 θήσεται,
422 3944 496 3995 Σὺ
553 3944 732 4014 ἱερεὺς
778 3948 860 4007 είς
901 3947 993 3997 τὸν
1028 3944 1201 3998 αίῶνα
1237 3945 1379 3999 κατὰ
1419 3945 1517 4017 τὴν
1563 3946 1715 4011 τάξιν

161 4031 493 4103 Μελχισεδέκ.
522 4053 543 4085 ι
580 4034 796 4106 Ἐπειδὴ
820 4034 928 4107 γάρ
955 4035 1048 4090 τὸν
1094 4037 1431 4107 Μελχισεδὲκ
1452 4038 1481 4088 6
1508 4038 1713 4108 Μωσῆς

160 4123 292 4195 ἱερέα
319 4126 412 4179 τοῦ
442 4125 580 4180 Θεοῦ
644 4126 868 4195 ὑψίστου
898 4128 1173 4196 γεγονέναι
1202 4130 1426 4200 ἱστορεῖ,
1462 4130 1523 4184 ού
1557 4130 1713 4200 μύρῳ

160 4219 415 4291 σκευαπῷ
452 4220 846 4292 κεχρισμένον,
881 4219 1016 4275 πολὺ
1052 4220 1315 4293 πρότερόν
1346 4238 1406 4274 τε
1442 4222 1541 4293 τῆς
1591 4225 1710 4275 κατ’

160 4309 302 4362 αὐτὸν
327 4313 644 4383 νομοθεσίας
690 4313 979 4385 γενόμενον
1003 4313 1153 4386 ίερέα
1171 4314 1265 4367 τοῦ
1294 4313 1431 4368 Θεοῦ
1459 4314 1707 4384 ὑψίστου,

160 4403 236 4452 καὶ
258 4404 391 4457 κατὰ
426 4404 561 4458 πολὺ
595 4405 880 4475 κρείττονα
905 4405 1004 4476 τὴν
1031 4405 1231 4477 ἀρετὴν
1253 4406 1347 4459 τοῦ
1377 4406 1538 4477 βεϐοη
1546 4406 1707 4477 μένου

168 4486 425 4564 ’Δύραάμο
466 4493 613 4562 λέγει
642 4495 686 4547 δ’
721 4491 848 4548 οὖν·
892 4515 911 4547 ι
939 4495 1048 4548 Καὶ
1087 4496 1419 4566 Μελχισεδὲκ
1458 4495 1709 4567 βασιλεὺς

159 4578 358 4653 Σαλήμ,
406 4587 588 4657 ἱερεὺς
643 4586 738 4640 τοῦ
784 4586 919 4640 Θεοῦ
987 4587 1247 4657 ὑψίστου,
1303 4588 1563 4659 εὐλόγησε
1616 4590 1706 4644 τὸν

1835 2288 1983 2343 hunc
2017 2302 2127 2342 non
2165 2294 2485 2358 comparato
2523 2295 2824 2355 unguento,
2853 2286 2949 2341 sed
2978 2301 3045 2341 eo
3073 2288 3220 2358 quod
3253 2289 3409 2359 inge-

1833 2379 1962 2435 nita:
1983 2364 2333 2449 paternasque
2359 2385 2526 2447 atque
2551 2377 2700 2432 omni
2715 2375 2971 2459 bonitate
3001 2374 3216 2451 refertae
3234 2377 3409 2432 virtu-

1832 2471 1902 2527 tis
1924 2471 1997 2527 sit
2023 2471 2326 2541 proprium,
2350 2470 2626 2526 Christum
2657 2467 2954 2531 exstitisse,
2979 2468 3292 2523 vaticinari.
3326 2467 3408 2527 Ex

1830 2562 2070 2632 quadam
2102 2577 2233 2617 vero
2258 2560 2579 2632 prophetica
2622 2559 3042 2624 consuetudine,
3083 2559 3228 2630 quod
3259 2560 3406 2614 futu-

1830 2670 1951 2708 rum
1981 2661 2088 2718 est,
2138 2653 2405 2723 propheta
2446 2650 2606 2722 quasi
2647 2650 2982 2720 praeteritum
3028 2652 3303 2716 enuntiat,
3350 2661 3405 2707 et

1828 2756 2089 2817 tanquam
2120 2746 2188 2802 de
2213 2746 2395 2815 seipso
2421 2746 2754 2800 vaticinante
2785 2744 3079 2816 signiﬁcat.
3126 2743 3405 2803 Hactenus

1826 2839 2014 2908 igitur,
2041 2853 2138 2892 eos
2176 2837 2272 2907 qui
2309 2835 2381 2891 ab
2417 2836 2538 2906 ipso
2579 2835 2690 2891 Deo
2721 2844 2776 2892 et
2808 2851 2918 2890 non
2950 2835 3019 2891 ab
3061 2835 3400 2900 hominibus.

1827 2938 1879 2983 et
1918 2930 2112 3000 spiritu
2145 2928 2353 2993 divino,
2386 2944 2496 2983 non
2518 2927 2771 2984 confecto
2811 2930 2932 2983 oleo
2962 2936 3322 3000 ungerentur,
3345 2944 3406 2986 re

1825 3038 1954 3079 vera
1987 3024 2226 3079 christos
2254 3021 2525 3077 nominari
2556 3021 2875 3082 didicimus.
2908 3020 3015 3076 Sed
3041 3021 3154 3090 jam
3189 3029 3405 3094 tempus
3458 3092 3463 3101 '

1823 3124 1905 3173 est
1957 3124 2018 3170 ut
2058 3115 2380 3179 videamus,
2425 3112 2888 3184 quemadmodum
2943 3113 3128 3169 divina
3169 3115 3404 3183 quadam

1823 3210 2046 3273 virtute,
2080 3216 2134 3264 et
2173 3207 2554 3277 praestantiore
2584 3222 2747 3277 quam
2776 3215 2973 3261 natura
3001 3205 3242 3260 hominis
3276 3206 3403 3270 fert,

1822 3316 2011 3357 verum
2042 3299 2135 3355 Dei
2171 3299 2453 3355 Christum
2495 3299 2783 3365 exsistere,
2817 3296 3090 3353 llebraiea
3125 3296 3267 3351 ratio
3304 3296 3403 3352 do-

1821 3400 1963 3448 ceat.
1996 3391 2140 3447 Audi
2168 3406 2301 3461 ergo
2324 3404 2521 3445 rursus
2551 3388 2747 3452 David,
2772 3388 2867 3458 qui
2905 3398 3171 3443 arternum
3206 3403 3402 3461 quem-

1821 3484 1946 3538 dam
1982 3483 2327 3540 sacerdotem
2375 3483 2581 3538 vidisse
2622 3497 2683 3537 se
2722 3481 2825 3548 ait,
2866 3490 3031 3553 atque
3047 3482 3193 3538 hunc
3217 3482 3402 3537 Domi—

1821 3592 1951 3631 num
2005 3592 2163 3634 suum
2212 3575 2470 3646 appellat,
2505 3582 2560 3629 et
2590 3573 2786 3629 sedere
2833 3575 3084 3630 eumdem
3129 3590 3253 3628 cum
3290 3573 3402 3628 Deo

1819 3665 1981 3722 Patre
2005 3666 2318 3729 conﬁtetur,
2343 3665 2398 3719 in
2436 3666 2649 3735 psalmo
2672 3679 2784 3730 (ιιι,
2818 3664 2910 3718 ubi
2953 3664 3034 3719 sic
3065 3664 3202 3718 ait"
3228 3683 3242 3719 :
3264 3684 3284 3717 ι
3309 3662 3399 3716 Di-

1820 3760 1901 3813 xit
1946 3757 2210 3813 Dominus
2256 3756 2489 3812 Domino
2518 3771 2642 3811 meo
2676 3775 2689 3809 :
2732 3755 2871 3811 Sede
2916 3769 2947 3809 a
2990 3755 3198 3811 dextris
3237 3758 3398 3818 meis.

1817 3851 1993 3905 donec
2034 3866 2231 3920 ponam
2264 3850 2521 3907 inimicos
2556 3856 2682 3905 tuos
2725 3848 3024 3903 scabellum
3045 3847 3245 3919 pedum
3275 3856 3398 3903 tuo-

1818 3957 1959 3997 rum.
1996 3940 2216 4012 Virgam
2251 3940 2470 3996 virtutis
2498 3939 2712 3996 emittet
2736 3938 2834 3994 tibi
2862 3937 3126 3994 Dominus
3144 3954 3208 3994 ex
3239 3938 3394 4004 Sion,

1813 4045 1869 4091 et
1887 4035 2255 4091 dominaberis
2277 4036 2331 4089 in
2350 4035 2529 4090 medio
2560 4033 2909 4088 inimicorum
2933 4042 3182 4100 tuorum;
3214 4041 3395 4088 tecum

1816 4127 2145 4197 principium
2175 4128 2230 4181 in
2265 4127 2354 4182 die
2373 4127 2591 4182 virtutis
2623 4134 2751 4189 tute,
2778 4125 2830 4178 in
2857 4124 3244 4195 splendoribus
3266 4141 3391 4181 san-

1813 4226 2027 4272 ctorum
2049 4226 2291 4282 tuorum,
2328 4234 2395 4272 ex
2432 4228 2588 4272 utero
2612 4225 2739 4272 ante
2770 4215 3083 4273 Luciferum
3110 4218 3270 4289 genui
3300 4227 3351 4275 te
3377 4236 3395 4275 :

1807 4311 2015 4378 juravit
2040 4309 2325 4373 Dominus,
2350 4318 2404 4364 et
2435 4324 2545 4364 non
2580 4309 2866 4378 pmnitebit
2897 4328 2911 4363 :
2950 4314 3008 4363 tu
3037 4324 3099 4365 es
3134 4310 3396 4367 sacerdos

1812 4405 1867 4458 in
1910 4414 2175 4458 aeternum
2216 4404 2520 4458 secundum
2555 4401 2804 4457 ordinem
2846 4400 3227 4465 Melchisedec.
3276 4422 3295 4455 ι
3329 4402 3394 4458 Et

1811 4511 1944 4551 sane
1987 4497 2196 4565 inspice
2242 4493 2703 4565 quemadmodum
2745 4493 2798 4547 in
2842 4493 2927 4549 bis
2961 4494 3147 4551 verbis
3189 4493 3389 4556 David,

1810 4588 1905 4657 qui
1950 4587 2120 4643 totius
2158 4586 2444 4642 Hebraicze
2474 4586 2653 4656 gentis
2683 4597 2778 4640 rex
2814 4591 2956 4649 erat,
2989 4592 3045 4639 et
3073 4594 3271 4655 praeter
3301 4600 3390 4640 re-

170 4671 394 4747 Ἀϐραάμ
414 4695 429 4708 ο
462 4697 481 4729 ι
532 4678 702 4749 χωρὶς
746 4678 803 4731 δὲ
856 4680 1038 4751 πάσης
1093 4680 1430 4750 ἀντιλογίας,
1477 4684 1641 4753 φησιν
1683 4686 1713 4738 6

1824 4679 1990 4749 galem
2040 4677 2362 4749 dignitatem
2425 4678 2591 4732 etiam
2649 4677 2833 4732 divino
2880 4675 3387 4748 Spirituornatus,

169 4761 479 4833 ’Δπόστολος,
513 4770 576 4823 τὸ
598 4769 817 4822 ἔλαττον
842 4769 948 4823 ὑπὸ
986 4769 1080 4824 τοῦ
1121 4770 1427 4842 κρείττονος
1466 4772 1705 4841 εὐλογεῖ-

158 4869 259 4906 ται·
286 4858 403 4911 ἐπεὶ
440 4860 617 4912 τοίνυν
663 4861 757 4912 καί
795 4861 825 4912 6
869 4860 1236 4932 Μελχισεδὲκ,
1284 4862 1436 4926 ὅστις
1477 4863 1607 4916 ποτε
1637 4859 1705 4933 ἦν

160 4948 353 5016 ἑκείνος,
373 4952 616 5015 τοιοῦτος
637 4954 906 5025 εἰσῆκται,
928 4956 990 5009 ού
1021 4958 1303 5029 σκευαστῷ
1335 4958 1492 5029 μύρῳ
1521 4977 1706 5031 κεχρι-

163 5043 344 5111 σμένος,
378 5046 671 5117 ἱερωμένος
697 5046 755 5100 δὲ
775 5048 855 5118 τῷ
890 5048 1100 5120 ὑψίστῳ
1128 5049 1265 5121 Θεῷ,
1297 5051 1522 5114 εἰκότως
1551 5053 1644 5104 καὶ
1675 5054 1705 5105 ὁ

159 5130 232 5185 διὰ
249 5133 334 5187 τοῦ
363 5135 526 5189 Δασὶδ
546 5136 1024 5208 προφητευόμενος
1046 5138 1187 5192 κατὰ
1210 5139 1308 5211 τὴν
1326 5140 1478 5207 τάξιν
1506 5141 1704 5211 Μελχικ

162 5226 293 5281 σεδὲκ
313 5228 589 5302 ἁνείρηται
618 5231 791 5300 μέγας
819 5247 905 5294 τις
926 5229 1003 5285 ὢν
1034 5231 1129 5283 καὶ
1154 5232 1362 5297 πάντας
1392 5233 1701 5305 ὑπερὸεϐη-

162 5316 252 5383 κὼς
278 5323 368 5394 τὴν
412 5325 608 5393 φύσιν,
639 5325 717 5387 ὡς
759 5325 825 5378 ἂν
875 5324 1055 5395 ἱερεὺς
1098 5322 1173 5377 ὢν
1204 5325 1297 5378 τοῦ
1343 5327 1436 5380 ἐπὶ
1485 5328 1703 5382 πάντων

160 5408 291 5476 θεοῦ,
315 5418 403 5470 καὶ
432 5417 533 5488 τῆς
560 5418 857 5489 ἀγεννήτου
882 5416 1165 5489 δυνάμεως
1199 5417 1504 5490 σύνθρονος,
1525 5419 1618 5473 τοῦ
1641 5437 1699 5473 τε

162 5508 399 5579 προφήτου
458 5511 553 5563 καὶ
616 5509 880 5580 βασιλέως
921 5510 1123 5581 Κύριος
1147 5525 1161 5540 ⁸
1213 5510 1307 5563 καὶ
1368 5513 1546 5581 ἱερεὺς
1602 5512 1701 5581 ούχ

162 5594 339 5663 ἁπλῶς,
373 5602 488 5656 ἀλλ’
531 5602 763 5665 αίωνίως
808 5604 901 5657 τοῦ
956 5602 1188 5675 Πατρός.
1224 5602 1388 5670 Λέγει
1429 5603 1487 5656 δὲ
1532 5606 1627 5659 καὶ
1674 5609 1703 5658 ὁ

160 5683 274 5753 θεῖος
294 5693 603 5760 ἀπόστολος,
617 5694 887 5759 ἐξετάζων
913 5694 980 5748 τὰ
1006 5695 1144 5749 κατὰ
1159 5695 1283 5760 τοὺς
1308 5696 1505 5761 τόπους
1523 5714 1536 5726 ·
1569 5718 1586 5747 ι
1612 5699 1702 5750 Ἐν

212 5786 251 5817 ’³
290 5789 387 5845 lsa.
418 5806 531 5854 ut,
562 5792 615 5846 i.
692 5792 740 5824 “
770 5790 906 5845 Vers
952 5793 1057 5846 Η.

1813 4773 2094 4843 agnoverit
2138 4769 2427 4841 quemdam
2479 4770 2553 4824 ita
2600 4784 2880 4840 magnum,
2923 4776 3086 4840 atque
3123 4770 3199 4823 ita
3223 4785 3391 4841 supra

1812 4865 2036 4920 modum
2068 4862 2466 4930 admirabilem,
2482 4877 2605 4916 eum
2628 4861 2814 4932 utique
2833 4859 2899 4916 de
2927 4874 3038 4930 quo
3065 4859 3183 4930 ipse
3210 4859 3390 4932 loqui-

1814 4962 1926 5021 tur,
1958 4966 2011 5011 et
2034 4970 2194 5027 quem
2233 4955 2287 5008 in
2318 4954 2514 5024 spiritu
2544 4951 2776 5017 viderat,
2808 4959 2869 5007 ut
2904 4950 3193 5006 Dominum
3236 4952 3387 5006 illum

1810 5063 1970 5104 suum
2013 5047 2267 5117 appellet.
2298 5064 2316 5095 ι
2365 5044 2512 5099 Dixit
2561 5063 2581 5095 ι
2630 5044 2811 5110 enim,
2854 5043 3068 5115 inquit,
3099 5061 3119 5095 ι
3155 5044 3391 5098 Domino

1809 5155 1949 5195 meo.
1979 5159 2000 5192 ι
2025 5139 2167 5206 Quin
2187 5140 2349 5194 etiam
2371 5137 2684 5208 pontiﬁcem
2723 5146 2983 5192 atternum
3019 5135 3268 5191 eumdem
3303 5136 3390 5190 in-

1808 5234 2021 5304 telligit,
2052 5241 2106 5287 et
2134 5232 2473 5287 sacerdotem
2503 5230 2597 5286 Dei
2632 5229 2906 5293 altissimi,
2930 5235 2984 5284 et
3004 5243 3391 5285 consessorem

1810 5324 1906 5380 Dei
1938 5324 2117 5379 Patris
2148 5334 2203 5380 et
2231 5325 2439 5394 prolem
2476 5322 2744 5394 ejusdem.
2777 5320 2945 5392 Atqui
2976 5320 3096 5376 sine
3127 5320 3387 5376 unctione

1810 5416 1928 5472 ﬁeri
1958 5418 2218 5474 sacerdos
2258 5417 2353 5483 Dei
2385 5416 2530 5487 apud
2560 5415 2822 5471 Hebraeos
2845 5428 3008 5469 nemo
3033 5428 3263 5484 prorsus
3289 5428 3387 5483 pn-

1806 5516 1982 5574 terat;
2013 5508 2272 5577 quocirca
2300 5508 2425 5563 illos
2444 5523 2634 5563 omnes
2649 5506 2933 5561 nominare
2955 5503 3194 5560 christos
3222 5502 3374 5558 iiden:

1810 5604 2043 5659 libenter
2102 5609 2512 5657 consueverunt
2560 5617 2573 5653 :
2619 5598 2874 5655 Christus
2935 5611 3065 5667 ergo
3124 5595 3287 5650 etiam
3338 5593 3387 5648 is

1809 5695 1996 5764 utique
2062 5693 2132 5748 de
2183 5709 2294 5764 quo
2340 5694 2583 5765 loquitur
2639 5692 2885 5764 psalmus
2950 5686 3209 5745 sacerdos
3254 5685 3381 5738 erit.

211 5877 306 5949 (η’
330 5886 668 5950 Ανυρωπον.
698 5878 860 5934 Forte
893 5881 1307 5953 ἀνθρώπων,γοῐ
1331 5854 1687 5952 ἀνθρώπειον,
1714 5893 1720 5927 ι

1824 5879 1964 5930 ιιιυιο
1992 5876 2158 5931 inira.
2195 5873 2352 5930 Eon.

434 5979 713 6038 Parnm.
758 5974 875 6036 Gn.
922 5976 1124 6035 XXll.

2990 5965 3067 6024 10
