3880 6256
475 350 582 405 299

1150 345 1420 402 EUSEBII
1457 344 1939 401 CESARlENSZS
1983 345 2131 400 OPP.
2165 345 2368 402 PARS.
2400 345 2551 400 Ιι·.-
2590 347 3091 406 APOLOGETICA.

3611 356 3702 412 300

486 464 644 538 177
672 464 956 532 Quomodo
991 465 1135 518 enim
1175 463 1493 519 testimonio
1535 463 1817 533 prophetae
1867 477 2044 518 sacer-

2151 456 2195 532 ᾧ
2244 464 2626 538 περισσότερον
2686 465 3007 537 βουλόμενος
3037 467 3068 519 ὁ
3107 465 3238 530 Θεὸς
3295 465 3557 531 ἐπιδεῖξαι
3605 474 3702 536 τοῖς

480 554 583 613 dos
615 572 734 612 esse
769 556 1063 618 diceretur,
1096 554 1203 609 nisi
1236 555 1378 609 idem
1419 555 1575 626 prius
1608 553 1863 610 Christus
1885 555 2051 610 exsti-

481 648 679 705 tisset?
713 646 819 702 Sed
847 647 1010 702 etiam
1038 647 1092 701 in
1121 654 1385 700 aeternum
1436 646 1692 702 sacerdos
1741 660 1865 701 esse
1912 645 2050 701 dici-

481 750 593 798 tur.
621 741 792 797 Porro
823 740 927 795 hoc
955 739 1191 811 amplius
1215 748 1426 794 naturae
1457 739 1711 793 humanae
1743 753 2051 794 accommo-

478 833 597 890 dari
643 846 752 887 non
793 836 974 902 potest
1023 849 1037 885 :
1097 845 1276 899 neque
1317 829 1462 884 enim
1507 828 1746 885 hominis
1786 835 2048 884 azternum

478 924 701 989 durare,
733 923 993 993 quoniam
1025 921 1258 978 mortale
1285 930 1340 977 et
1383 919 1576 991 fragile
1611 921 1772 991 plane
1800 926 2048 976 nostrum

476 1025 561 1073 est
592 1032 784 1088 genus.
822 1014 1189 1070 Excellentior
1221 1029 1353 1084 ergo
1379 1013 1649 1084 quispiam
1683 1027 1847 1083 quam
1879 1019 1939 1067 ut
1974 1013 2052 1067 in-

476 1117 563 1163 tra
597 1106 836 1162 hominis
868 1088 1119 1159 naturam
1152 1105 1423 1160 consistat
1451 1105 1520 1169 is,
1547 1104 1639 1173 qui
1666 1104 1721 1157 in
1750 1103 1836 1159 his
1864 1103 2050 1158 verbis

476 1199 842 1272 signiﬁcatur,
895 1197 991 1253 Dei
1042 1197 1303 1255 sacerdos
1349 1198 1474 1262 erit,
1516 1198 1768 1267 quicum
1820 1196 2051 1266 jurisju-

475 1293 634 1348 randi
664 1291 1046 1354 aﬁirmatione,
1078 1298 1354 1363 perpetuo
1382 1276 1708 1345 duraturum
1739 1297 1900 1359 atque
1926 1289 2051 1343 iuti-

474 1384 649 1437 nitum
669 1380 1029 1436 sacerdotium
1049 1394 1080 1433 a
1104 1378 1212 1434 Deo
1235 1380 1522 1449 acceperit.
1548 1398 1566 1431 ι
1595 1378 1807 1435 Juravit
1836 1398 1852 1432 ο
1879 1378 2045 1443 enim,

475 1475 676 1546 inquit,
701 1493 719 1525 ι
748 1473 1033 1537 Dominus,
1066 1481 1123 1527 et
1157 1487 1263 1526 non
1296 1472 1579 1542 pmnitebit
1603 1488 1725 1529 eum
1746 1489 1761 1526 ε
1785 1480 1840 1526 tu
1873 1487 1933 1527 es
1961 1487 2050 1528 sa-

473 1568 757 1624 cerdosin
809 1574 1071 1622 aeternum
1117 1565 1416 1621 secundum
1472 1565 1718 1620 ordinem
1764 1566 2050 1621 Melchise-

472 1659 683 1716 dee.”
719 1659 980 1731 quoniam
1014 1658 1158 1713 enim
1193 1655 1554 1714 Melchisedec
1581 1658 1762 1726 Moses
1788 1658 2048 1715 sacerdo-

470 1762 579 1807 tem
620 1750 717 1807 Dei
758 1751 1011 1806 altissimi
1061 1749 1231 1808 t‘uisse
1264 1750 1567 1809 conscribit
1590 1751 1659 1817 ’⁸,
1696 1752 1845 1806 nullo
1877 1750 2050 1807 artiﬁ-

2152 558 2506 630 κληρονόμοις
2536 559 2599 612 τὸ
2621 560 2953 630 ἀμετάθετον
2985 561 3084 630 τῆς
3115 558 3304 631 βουλῆς
3324 559 3511 625 αὑτοῦ,
3541 562 3704 633 ἐμεσί-

2152 665 2341 702 τευσεν
2365 651 2531 721 ὅρκῳ,
2554 650 2641 704 ἵνα
2672 651 2759 704 διὰ
2778 651 2870 705 δύο
2901 652 3242 723 πραγμάτων
3269 650 3628 722 ἀμεταθέτων,
3652 655 3701 707 ὲν

2150 736 2231 807 οἷς
2268 742 2522 797 ἀδύνατον
2573 742 2875 812 ψεύσασθαι
2911 744 3074 808 Θεὸν,
3126 742 3346 814 ἰσχυρὰν
3382 742 3702 815 παράκλησιν

2151 837 2394 908 ἔχωμενθ
2441 858 2459 891 ι
2493 838 2588 892 καὶ
2626 838 2784 892 πάλιν
2808 856 2822 870 ’
2854 858 2872 890 ι
2897 840 2958 893 Oi
3010 838 3108 909 μὲν
3157 838 3326 909 χωρὶς
3382 837 3703 908 ὁρκωμοσίας

2151 930 2288 984 εἰσὶν
2326 932 2490 1002 ἱερεῖς
2530 931 2847 1000 γεγονότες,
2879 932 2908 984 ὁ
2951 931 3008 983 δὲ
3043 931 3135 983 καὶ
3171 929 3309 1001 μετά
3341 929 3699 1001 ὁρκωμοσίας,

2151 1023 2240 1077 διὰ
2301 1023 2395 1077 τοῦ
2437 1023 2686 1092 λέγοντος
2724 1024 2860 1095 πρὸς
2902 1022 3096 1076 αὑτὸνο
3128 1023 3329 1093 Ὤμοσε
3377 1021 3597 1092 Κύριος,
3623 1021 3704 1075 καὶ

2150 1114 2210 1166 οὑ
2248 1112 2776 1185 μεταμεληθήσεται,
2817 1115 2889 1168 Σὺ
2931 1114 3107 1183 ἱερεὺς
3138 1114 3218 1177 εἰς
3250 1112 3341 1165 τὸν
3382 1111 3550 1165 αἰῶνα
3581 1110 3704 1165 κατά

2149 1205 2246 1277 τὴν
2271 1206 2422 1272 τάξιν
2455 1208 2810 1279 Μελχισεδέκ.
2839 1208 2951 1261 Kal.
2990 1208 3038 1261 οἱ
3073 1205 3171 1278 μὲν
3202 1204 3444 1269 πλείονές
3488 1205 3592 1257 εἰσι
3620 1221 3705 1272 γε-

2151 1298 2365 1366 γονότες
2414 1302 2576 1371 ἱερεῖς
2613 1299 2701 1354 διά
2753 1300 2816 1353 τὸ
2864 1299 3076 1370 θανάτῳ
3124 1295 3426 1352 κωλύεσθαι
3471 1295 3705 1366 παραμέ-

2152 1406 2289 1444 νειν·
2317 1392 2345 1444 ὁ
2375 1391 2453 1454 δὲ,
2489 1391 2578 1444 διά
2608 1391 2670 1445 τὸ
2711 1391 2890 1462 μένειν
2924 1390 3085 1445 αὑτὸν
3128 1391 3206 1454 εἰς
3245 1388 3336 1442 τὸν
3368 1387 3559 1451 αἰῶνα,
3584 1387 3708 1440 ἀπα-

2152 1481 2383 1553 ράϐατον
2409 1482 2521 1554 ἔχει
2553 1484 2651 1556 τὴν
2691 1483 2986 1556 ἱερωσύνην
3005 1499 3019 1511 ·
3052 1481 3174 1536 ὅθεν
3203 1482 3296 1535 καὶ
3327 1479 3520 1543 σώζειν
3560 1479 3632 1541 εἰς
3655 1477 3706 1532 τὸ

2151 1573 2410 1637 παντελὲς
2442 1574 2662 1628 δύναται
2689 1576 2815 1639 τοὺς
2862 1575 3331 1649 προσερχομένους
3362 1573 3427 1628 δι’
3457 1571 3616 1627 αὑτοῦ
3640 1571 3707 1642 τῷ

2148 1662 2287 1734 Θεῷ,
2320 1665 2548 1719 πάντοτε
2588 1663 2695 1731 ζῶν
2728 1669 2807 1731 εἰς
2844 1667 2904 1720 τὸ
2933 1667 3277 1737 ἐντυγχάνειν
3311 1667 3450 1739 ὑπὲρ
3477 1664 3704 1720 αὐτῶν.»

2150 1755 2248 1808 Διά
2279 1755 2481 1811 τούτων
2514 1759 2741 1831 συνέστη
2780 1759 2877 1830 μὲν
2904 1754 3040 1813 οὖσά
3084 1776 3167 1823 τις
3206 1761 3265 1812 ἐν
3308 1762 3417 1822 τοῖς
3441 1754 3583 1822 οὖσι,
3627 1756 3711 1812 καὶ

468 1845 624 1900 cioso
665 1854 944 1915 unguento
986 1844 1294 1907 inunctum,
1339 1853 1394 1901 et
1422 1844 1591 1900 multo
1628 1850 1755 1898 ante
1796 1844 1944 1915 leges
1977 1842 2044 1897 ab

2149 1848 2437 1917 ὑφεστῶσα
2466 1851 2523 1904 ὲν
2575 1854 2786 1922 νοητοῖς
2831 1850 2949 1904 θεία
2986 1852 3244 1922 δύναμις,
3281 1854 3314 1923 ἡ
3361 1850 3439 1922 τῷ
3466 1850 3585 1922 Θεῷ
3613 1849 3708 1905 τῶν

469 1936 592 2007 ipso
631 1937 868 2007 scriptas
891 1951 956 1992 eo
989 1951 1216 1992 munere
1250 1935 1523 2000 functum,
1560 1951 1626 1990 ac
1651 1936 1854 2015 virtute
1886 1936 2045 2007 longe

468 2030 908 2100 praestantiorem
966 2029 1063 2083 illo
1115 2037 1226 2083 tam
1279 2029 1572 2085 decantato
1618 2028 1893 2083 Abraham
1942 2029 2046 2097 (sic

468 2123 613 2177 enim
645 2121 790 2184 ait”
827 2130 881 2177 et
906 2120 1267 2177 Melcltisedec
1298 2138 1392 2177 rex
1426 2120 1628 2185 Salem,
1661 2123 1919 2177 sacerdos
1951 2121 2045 2178 Dei

468 2214 725 2269 altissimi
773 2213 1055 2270 benedixit
1084 2212 1360 2267 Abraham
1406 2212 1502 2270 “:
1559 2233 1578 2265 ›
1626 2213 1894 2285 planeque
1927 2214 2046 2270 sine

467 2306 617 2361 omni
650 2308 1050 2371 controversia,
1081 2307 1382 2378 Apostolus
1411 2306 1488 2360 ait
1519 2307 1584 2373 ’⁷,
1628 2307 1772 2377 quod
1814 2305 2045 2363 inferius

468 2399 541 2456 sit
570 2414 600 2453 a
629 2399 915 2471 superiore
946 2397 1219 2471 benedici)
1254 2418 1265 2453 :
1305 2399 1561 2470 quoniam
1594 2398 1762 2470 igitur
1789 2398 1881 2455 hic
1922 2399 2048 2455 Mel-

467 2491 742 2554 chisedec.
774 2491 1090 2562 quicunque
1122 2490 1213 2546 ille
1249 2488 1434 2556 fuerit,
1460 2491 1533 2546 ita
1570 2491 1830 2546 inductus
1850 2498 1953 2554 est,
1986 2499 2045 2545 ut

466 2585 621 2640 nullo
661 2584 962 2640 artiﬁcioso
990 2591 1270 2655 unguento
1312 2591 1512 2639 unctus
1552 2583 1913 2655 intelligatur,
1946 2583 2042 2640 sed

467 2678 740 2734 altissimo
766 2676 878 2733 Deo
904 2684 1286 2741 consecratus,
1313 2678 1511 2732 merito
1538 2677 1703 2730 etiam
1737 2677 1783 2730 is
1830 2675 1897 2730 de
1936 2690 2045 2744 quo

463 2771 801 2827 vaticinatur
828 2768 1021 2831 David,
1059 2786 1077 2818 ι
1114 2767 1417 2823 secundum
1461 2767 1711 2822 ordinem
1758 2766 2044 2822 Melchise-

465 2862 587 2923 dec,
626 2880 645 2913 ι
683 2876 915 2932 magnus
944 2860 1168 2931 quidam
1195 2875 1340 2924 esse,
1369 2866 1425 2914 et
1454 2868 1649 2912 natura
1675 2858 1933 2913 omnibus
1958 2874 2046 2913 su-

406 2998 413 3003 .
465 2956 652 3027 perior
680 2955 903 3017 dicitur,
929 2960 1115 3025 utpote
1159 2954 1252 3023 qui
1292 2961 1346 3009 et
1394 2953 1636 3023 supremi
1668 2951 1764 3007 Dei
1787 2951 2044 3008 sacerdos

464 3047 725 3102 increatae
761 3045 1054 3117 potestatis
1079 3060 1396 3109 consessor,
1448 3052 1504 3101 et
1548 3045 1726 3116 ipsius
1768 3045 2046 3116 propheta:

464 3153 532 3195 ac
566 3141 712 3210 regis
739 3137 1007 3194 Dominus
1039 3144 1095 3194 et
1132 3137 1412 3200 sacerdos,
1438 3151 1546 3191 non
1576 3137 1920 3207 simpliciter,
1946 3138 2040 3194 sed

466 3233 528 3290 in
557 3240 824 3287 mternnm
858 3231 931 3287 sit
952 3229 1154 3285 Patris.
1182 3228 1324 3284 Dicit
1354 3236 1536 3284 autem
1582 3227 1802 3285 divinus
1825 3245 2042 3302 quoque

467 3327 774 3397 apostolus,
825 3324 1118 3394 explorans
1152 3338 1213 3379 ea
1261 3339 1381 3393 qua:
1427 3323 1496 3379 ad
1539 3322 1640 3379 hos
1682 3323 1834 3380 locos
1874 3325 2042 3395 perti-

470 3423 623 3472 nent.
648 3435 666 3467 t
689 3416 747 3470 in
778 3430 909 3485 quo,
932 3414 1133 3485 inquit,
1163 3414 1534 3471 abundantius
1569 3414 1759 3470 volens
1782 3414 1925 3471 Deus
1947 3431 2041 3471 os-

462 3509 687 3565 tendere
712 3507 1025 3564 hazredibus
1065 3507 1499 3563 immobilitatem
1550 3508 1769 3563 consilii
1812 3508 1919 3573 sui,
1957 3508 2041 3562 iu-

460 3603 731 3674 terposuit
756 3601 1164 3672 jusjurandum,
1201 3612 1263 3656 ut
1295 3617 1391 3671 per
1416 3601 1554 3657 duas
1587 3617 1674 3657 res
1709 3601 2038 3666 immobiles,

463 3697 666 3766 quibus
701 3695 1043 3766 impossibile
1074 3706 1158 3751 est
1190 3694 1414 3751 mentiri
1444 3694 1636 3761 Deum,
1678 3694 2040 3750 fortissimum

461 3786 717 3840 solatium
748 3785 1048 3841 habeamus
1072 3785 1117 3818 ’⁸
1136 3802 1151 3851 ;
1170 3793 1223 3841 et
1247 3800 1438 3842 rursus
1462 3804 1475 3842 :
1502 3805 1521 3837 ι
1552 3786 1657 3839 Alii
1681 3786 1899 3856 quidem
1922 3785 2040 3843 sine

457 3876 820 3947 jurejurando
854 3876 1169 3931 sacerdotes
1218 3876 1345 3933 iacti
1375 3885 1524 3941 sunt,
1564 3878 1654 3932 hic
1701 3886 1883 3934 autem
1912 3894 2036 3933 cum

456 3968 840 4038 jurejurando,
873 3983 970 4037 per
1018 3984 1144 4023 eum
1176 3970 1270 4039 qui
1300 3968 1437 4023 dixit
1478 3968 1544 4024 ad
1598 3969 1752 4024 illum
1785 3988 1797 4024 :
1825 3968 2039 4024 Juravit

460 4061 725 4116 Dominus
754 4068 808 4116 et
842 4076 951 4115 non
993 4062 1282 4131 paenitebit
1314 4078 1459 4124 eum.
1493 4070 1552 4116 tu
1597 4078 1657 4118 es
1691 4063 1951 4119 sacerdos
1982 4064 2037 4118 in

457 4165 745 4217 aeternum,
777 4153 1079 4210 secundum
1109 4153 1356 4208 ordinem
1409 4152 1803 4219 Melchisedec;
1857 4165 1912 4208 et
1945 4155 2036 4209 alii

457 4247 679 4317 quidem
711 4247 896 4317 plures
929 4244 1058 4301 facti
1092 4252 1221 4300 sunt
1250 4245 1583 4310 sacerdotes,
1635 4244 1841 4301 idcirco
1885 4245 2035 4315 quod

456 4346 632 4392 morte
687 4337 1111 4407 prohiberentur
1167 4348 1489 4405 permanere
1535 4351 1547 4386 :
1595 4332 1685 4387 hic
1746 4344 1929 4387 autem
1971 4347 2036 4388 eo

455 4428 602 4499 quod
646 4435 864 4483 maneat
894 4428 952 4482 in
1005 4435 1292 4490 aeternum,
1325 4425 1718 4494 sempiternum
1750 4423 1915 4479 habet
1946 4440 2036 4480 sa-

2145 1938 2279 1992 ὅλων
2331 1941 2623 2013 ἱερωμένη,
2657 1942 2798 1996 κατά
2826 1943 2895 1997 τά
2934 1943 3196 2016 Ἐϐραίων
3234 1944 3407 2014 λόγια,
3440 1945 3503 1997 οὑ
3537 1944 3710 2013 γεώδει

2146 2033 2240 2086 καὶ
2269 2032 2596 2106 ἀνθρωπίνῳ
2637 2034 2823 2107 μύρῳ,
2858 2034 3153 2106 θεοπρεπεῖ
3184 2036 3241 2089 δέ
3288 2054 3394 2090 τινι
3433 2035 3532 2090 καὶ
3560 2034 3709 2105 ὲνθέῳ

2147 2125 2316 2197 ἀρετῇ
2346 2143 2403 2179 τε
2449 2127 2543 2180 καὶ
2573 2127 2800 2199 δυνάμει
2837 2126 3086 2200 ἱερᾶσθαι
3115 2128 3492 2201 καθεσταμένη
3527 2127 3603 2199 τῷ
3629 2127 3710 2179 ἐπὶ

2147 2218 2361 2273 πάντων
2394 2217 2529 2290 Θεῷ.
2586 2220 2643 2273 'O
2686 2218 2817 2289 γοῦν
2849 2219 2938 2273 διὰ
2983 2220 3078 2274 τοῦ
3126 2219 3340 2292 ψαλμοῦ
3389 2218 3711 2292 προφητευό-

2150 2326 2310 2379 μενος
2339 2311 2585 2384 παρέστη
2634 2311 2892 2385 ἄντικρυς
2930 2312 3107 2384 ἱερεύς
3130 2330 3216 2377 τις
3254 2312 3329 2366 ῶν
3369 2311 3587 2376 αἰώνιος
3629 2309 3712 2364 καὶ

2146 2403 2260 2466 υίὸς
2294 2403 2516 2473 ὑψίστου
2559 2403 2730 2470 Θεοῦ,
2766 2405 2842 2469 ὡς
2888 2405 2954 2458 ἂν
3000 2405 3091 2458 ὑπ’
3137 2403 3302 2458 αὑτοῦ
3350 2404 3443 2458 τοῦ
3503 2404 3711 2473 ὑψίστου

2146 2493 2280 2548 Θεοῦ
2315 2496 2699 2568 γεγενημένος,
2733 2498 2828 2550 καὶ
2864 2496 3149 2572 σύνθρονος
3182 2497 3281 2567 τῆς
3324 2495 3601 2567 βασιλείας
3626 2495 3713 2549 αὑ-

2144 2582 2261 2636 τοῦ.
2287 2585 2563 2640 Δέδεικται
2593 2586 2650 2639 δὲ
2678 2587 2773 2640 καὶ
2805 2588 2833 2639 ὁ
2864 2586 2953 2641 διά
2985 2586 3078 2640 τοῦ
3110 2586 3333 2640 Ἡσαΐου
3364 2586 3599 2658 Χριστὸς
3626 2584 3712 2656 οὐχ

2145 2676 2237 2728 ὑπ’
2270 2676 2571 2747 ἀνθρώπων
2613 2676 2873 2746 γεγονὼς,
2898 2677 3013 2732 ἀλλ’
3057 2679 3149 2732 ὑπ’
3179 2677 3342 2732 αὑτοῦ
3380 2677 3597 2751 Πατρὸς
3630 2675 3715 2731 καὶ

2145 2767 2235 2823 διὰ
2265 2768 2358 2821 τοῦ
2389 2768 2572 2822 ἐνθέου
2607 2769 2928 2841 Πνεύματος
2950 2771 3329 2842 κεχρισμένος,
3360 2769 3638 2842 λυτρωτής
3660 2783 3714 2821 τε

2145 2860 2554 2932 ἀπεσταλμένος
2580 2862 2680 2931 τῆς
2705 2861 2815 2917 τῶν
2835 2862 3138 2935 ἀνθρώπων
3167 2863 3561 2934 αἰχμαλωσίας.
3594 2860 3715 2916 Τοῦ-

2143 2971 2235 3008 τον
2283 2954 2346 3026 δὴ
2394 2949 2486 3008 οὖν
2525 2954 2798 3025 πνεύματι
2868 2953 2999 3026 θείῳ
3048 2955 3376 3026 τεθεαμένος
3422 2956 3450 3008 ὁ
3501 2955 3712 3026 Μωσῆς.

2146 3047 2358 3109 εἰκόνας
2402 3047 2497 3100 καὶ
2537 3045 2779 3118 σύμϐολα
2825 3046 2900 3110 ὡς
2942 3047 3000 3099 ὲν
3047 3045 3353 3118 ἀνθρώποις
3386 3045 3557 3100 αὑτοῦ
3590 3044 3712 3101 καθ-

2150 3139 2292 3211 ίστη,
2326 3138 2609 3210 σκευαστῷ
2638 3138 2793 3210 μύρῳ
2824 3137 2964 3202 τέως
2986 3138 3107 3192 ἀντὶ
3126 3136 3220 3192 τοῦ
3242 3136 3386 3191 θείου
3410 3136 3716 3208 Πνεύματος

2071 3196 2116 3257 c
2144 3232 2235 3285 τὸν
2258 3196 2321 3285 έν
2354 3196 2660 3303 ἀνθρώποις
2705 3196 3053 3303 προηγμένον
3109 3230 3259 3302 ἱερέα
3304 3229 3473 3302 χρίων
3522 3196 3582 3283 τὲ
3630 3196 3716 3282 καί

2143 3323 2401 3392 ἀλείφων,
2436 3322 2670 3395 Χριστόν
2695 3339 2754 3375 τε
2784 3323 2946 3376 αὑτὸν
2985 3322 3081 3377 καὶ
3114 3323 3441 3395 ἠλειμμένον
3474 3326 3558 3387 εἰς
3594 3323 3714 3376 ἀνα-

2145 3415 2314 3487 φορὰν
2343 3415 2436 3468 τοῦ
2477 3415 2714 3487 ἀληθοῦς
2744 3415 3054 3471 ἀποκαλῶν.
3092 3418 3214 3471 ’Ότι
3253 3417 3311 3471 δὲ
3340 3416 3518 3471 ταῦτα
3555 3414 3717 3477 οὑτως

2143 3507 2287 3579 ἔχει,
2329 3507 2412 3573 τίς
2449 3508 2514 3562 ἂν
2543 3508 2754 3576 γένοιτο
2789 3509 2997 3581 μάρτυς
3025 3508 3191 3562 αὑτοῦ
3249 3510 3496 3573 Μωσέως
3529 3506 3716 3581 μᾶλλον

2143 3597 2471 3670 ἀξιόχρεως;
2518 3600 2605 3652 Ἐν
2635 3599 2744 3672 γάρ
2771 3603 2838 3672 τῇ
2890 3599 3056 3654 αὑτοῦ
3103 3603 3286 3672 γραφῇ
3317 3601 3407 3655 τὸν
3456 3598 3717 3674 χρηματί·

2143 3689 2302 3755 ζοντα
2331 3690 2479 3762 αὑτῷ
2510 3690 2643 3744 Θεὸν
2682 3693 2777 3745 καὶ
2808 3691 3010 3763 Κύριον
3051 3692 3347 3764 διαρρήδην
3376 3690 3715 3764 παρακελεύ-

2144 3780 2338 3834 σασθαι
2369 3781 2516 3853 αὑτῷ
2538 3781 2799 3847 διδάσκει,
2832 3781 2972 3836 κατὰ
3004 3783 3103 3854 τὴν
3135 3782 3546 3854 ὑποδειχθεῖσαν
3575 3779 3715 3851 αὑτῷ

2140 3874 2338 3945 νοητὴν
2391 3875 2486 3928 καὶ
2540 3874 2790 3946 οὐράνιον
2837 3873 3004 3929 αὑτοῦ
3057 3874 3213 3940 θέαν,
3259 3876 3717 3947 σωματικωτέραν

2141 3965 2238 4020 ἐπὶ
2274 3966 2380 4036 γῆς
2424 3965 2796 4037 συστήσασθαι
2838 3965 3114 4038 λατρείαν,
3149 3966 3333 4020 εἰκόνα
3374 3966 3485 4020 τῶν
3517 3965 3714 4039 νοητῶν

2141 4060 2237 4114 καὶ
2270 4058 2575 4130 ἀσωμάτων
2607 4058 2984 4131 περιέχουσαν.
3004 4057 3236 4125 Λέγεται
3262 4056 3391 4125 γοῦν
3420 4056 3532 4110 τῶν
3562 4058 3619 4110 ἐν
3644 4053 3716 4126 τῷ

2141 4146 2356 4217 οὐρανῷ
2386 4145 2631 4215 ἀγγέλων
2656 4147 2752 4200 καὶ
2783 4146 2941 4201 θείων
2960 4146 3241 4217 δυνάμεων
3260 4146 3524 4213 διάταξιν,
3554 4147 3713 4200 τύπον

2138 4239 2261 4292 τινὰ
2298 4237 2697 4310 σκιογραφῆσαι
2718 4276 2732 4300 ,
2789 4238 3057 4309 φήσαντος
3105 4237 3253 4308 αὑτῷ
3295 4237 3389 4291 τοῦ
3430 4237 3711 4311 χρησμοῦ⁸

2146 4351 2164 4384 ι
2188 4333 2441 4404 Ποιήσεις
2474 4331 2651 4385 πάντα
2684 4329 2826 4383 κατά
2857 4329 2947 4383 τὸν
2984 4329 3154 4385 τύπον
3185 4332 3277 4383 τὸν
3307 4330 3590 4401 δειχθέντα
3637 4346 3714 4383 σοι

2139 4428 2197 4480 ὲν
2228 4424 2305 4494 τῷ
2342 4424 2476 4495 ὄρει.
2509 4441 2529 4474 ι
2564 4422 2708 4493 Ἄρα
2737 4417 2830 4475 οὖν
2873 4421 2949 4485 ὡς
2978 4420 3048 4475 τὰ
3078 4420 3214 4475 ἀλλα
3237 4461 3252 4487 ,
3296 4422 3440 4476 οὑτω
3491 4424 3587 4477 καὶ
3629 4422 3715 4475 τὸν

454 4520 760 4578 eerdotium
794 4540 806 4574 :
840 4521 988 4576 unde
1031 4526 1085 4573 et
1135 4518 1350 4574 salvare
1384 4521 1440 4572 in
1474 4527 1797 4589 perpetuum
1852 4524 2033 4588 potest

2146 4515 2400 4589 ἀρχιερέα
2451 4515 2703 4586 παρῆγε,
2740 4513 2896 4585 μύρῳ
2928 4511 3118 4582 γεώδει
3163 4513 3331 4584 χρίων
3378 4513 3578 4577 αὐτὸν,
3627 4510 3713 4566 καί

452 4614 778 4669 accedentes
807 4628 905 4683 per
936 4612 1114 4682 ipsum
1162 4611 1230 4665 ad
1272 4609 1465 4672 Deum,
1497 4625 1713 4674 semper
1741 4609 1931 4665 vivens
1963 4609 2032 4664 ad

2146 4626 2255 4664 τινα
2287 4606 2499 4677 σκιώδη
2531 4606 2626 4659 καὶ
2656 4604 2942 4668 εἰκονικὸν,
2983 4603 3097 4658 ἀλλ’
3128 4605 3229 4659 οὐκ
3266 4604 3440 4675 ἀληθῆ
3484 4602 3715 4676 Χριστὸν

452 4704 907 4773 interpellandum
937 4718 1034 4773 pro
1057 4703 1217 4758 nobis
1245 4702 1328 4767 ’νς
1372 4721 1390 4753 ι
1430 4715 1563 4755 sane
1600 4715 1696 4770 per
1736 4700 1851 4755 haec
1879 4715 2034 4754 com-

2146 4697 2416 4772 Ξιρχιερέα,
2464 4695 2559 4749 τοῦ
2594 4696 2715 4748 κατ’
2750 4695 2978 4766 οὐρανὸν
3017 4692 3253 4777 Χριστοῦ
3288 4710 3346 4747 τε
3389 4695 3487 4747 καὶ
3531 4695 3705 4764 ἀρχιε-

451 4794 743 4850 mendatur
770 4796 1016 4865 quzedam
1044 4810 1165 4865 quae
1188 4793 1350 4848 estin
1376 4793 1463 4856 iis,
1489 4808 1610 4863 quae
1648 4799 1795 4856 sunt,
1828 4800 1883 4847 et
1913 4806 2034 4862 quae

2146 4791 2272 4864 ρέως
2299 4789 2589 4859 ἀντίμιμον
2614 4786 3076 4857 ἀπεργαζόμενος.

451 4892 709 4946 consistit
758 4893 812 4945 in
860 4893 928 4946 iis
974 4906 1095 4961 quae
1143 4891 1259 4946 sola
1307 4889 1662 4959 intelligentia
1703 4888 2017 4959 capiuntur,
2065 4888 2228 4958 178
2253 4886 2437 4942 divina
2491 4884 2695 4948 virtus,
2727 4897 2850 4953 quae
2892 4880 3004 4937 Deo
3029 4881 3294 4947 universi,
3344 4881 3492 4936 utin
3525 4893 3712 4934 oracw

451 4984 520 5039 lis
546 4983 899 5038 Hebraeorum
947 4983 1203 5053 legimus,
1238 4988 1560 5036 consecrata
1586 4988 1709 5035 est:
1742 4994 1918 5048 neque
1958 4993 2090 5032 Vero
2124 4986 2343 5032 terreno
2375 4983 2541 5045 atque
2581 4973 2824 5029 humano
2875 4980 3172 5044 unguento,
3216 4973 3313 5030 sed
3360 4972 3593 5027 alterius
3625 4984 3714 5040 ger

449 5079 600 5133 neris
658 5075 804 5147 quod
858 5074 1028 5129 Deum
1066 5073 1278 5137 deceat,
1336 5073 1632 5141 divinaque
1684 5071 1888 5126 virtute
1942 5085 2006 5124 ac
2072 5075 2340 5140 potestate
2392 5064 2462 5121 ad
2516 5081 2716 5121 munus
2767 5065 3067 5120 sacerdotis
3112 5065 3444 5129 obeundum,
3496 5062 3715 5132 Deoque

444 5168 596 5225 Patri
616 5166 1008 5238 praestandum,
1030 5167 1351 5220 conﬁrmata
1382 5165 1656 5220 consistit.
1688 5161 1824 5216 Eum
1869 5161 2038 5231 igitur
2076 5161 2144 5215 de
2176 5174 2288 5230 quo
2340 5157 2592 5213 Psalmus
2660 5157 3011 5218 vaticinatur,
3056 5162 3283 5225 apparet
3335 5167 3569 5225 prorsus
3627 5165 3716 5206 sa-

445 5264 726 5319 cerdotem
759 5262 1049 5332 quemdam
1080 5275 1203 5316 esse
1232 5259 1623 5329 sempiternum
1662 5258 2027 5327 altissimique
2064 5255 2158 5311 Dei
2216 5253 2437 5314 Filium,
2503 5261 2761 5324 tanquam
2818 5252 2887 5307 ab
2920 5252 3040 5321 ipso
3070 5250 3340 5306 altissimo
3393 5248 3509 5303 Deo
3564 5245 3713 5319 geni-

445 5364 585 5420 tum,
613 5363 668 5409 et
696 5354 844 5408 illius
894 5353 1047 5424 regni
1108 5366 1486 5406 consessorem
1522 5368 1536 5404 :
1571 5356 1655 5405 est
1698 5349 1863 5403 etiam
1921 5354 2226 5410 ostensum,
2279 5352 2340 5399 ut
2387 5345 2481 5415 qui
2523 5359 2621 5415 per
2672 5342 2866 5400 Isaiam
2913 5339 3255 5411 signiﬁcatur
3291 5340 3577 5403 Christus,
3603 5351 3713 5392 non

447 5449 520 5503 ab
570 5447 886 5501 hominibus
940 5446 1116 5499 factus
1172 5444 1264 5509 sit,
1316 5443 1411 5498 sed
1460 5442 1531 5498 ab
1576 5441 1695 5512 ipso
1728 5439 1889 5496 Patre
1947 5454 2044 5509 per
2114 5437 2378 5509 Spiritum
2440 5437 2684 5492 divinum
2722 5435 2794 5490 sit
2829 5442 3048 5499 unctus,
3099 5441 3152 5488 et
3198 5432 3267 5487 ad
3319 5430 3577 5486 homines
3620 5427 3712 5499 qui

447 5542 649 5615 captivi
679 5549 991 5597 tenerentur
1014 5537 1378 5607 redimendos,
1412 5539 1634 5594 missus.
1665 5537 1819 5593 Hunc
1861 5537 2025 5608 igitur
2058 5535 2246 5591 divino
2278 5534 2487 5605 Spiritu
2531 5534 2763 5589 intuitus
2793 5532 2993 5596 Moses,
3055 5530 3184 5585 dum
3231 5530 3502 5601 imagines
3527 5543 3595 5583 ac
3614 5539 3717 5582 no-

517 5785 563 5817 ³⁵
594 5780 729 5838 Gen.
798 5795 912 5847 xw,
950 5779 1070 5839 18.;
1145 5780 1201 5853 ’f
1237 5778 1369 5834 ibid.
1406 5779 1490 5836 l9.
1588 5778 1631 5810 ⁸⁷
1668 5775 1833 5832 Hebr.
1865 5792 1963 5843 vn,
1997 5775 2047 5828 7.
2158 5776 2204 5807 ’⁸
2236 5774 2399 5831 llcbr.
2437 5788 2510 5840 vt,
2547 5773 2634 5840 l7,
2676 5771 2761 5826 18.
2859 5772 2902 5803 ¹⁹
2933 5768 3101 5829 llcbr.
3128 5784 3223 5835 vn,
3261 5766 3447 5823 90-25.
