3880 6256
259 344 347 401 501

1146 334 1808 395 DEMONST-RATIONIS
1834 335 2293 395 EVANGELICA'}
2321 335 2452 393 LIB.
2477 332 2566 389 IV.

3375 332 3490 385 502

262 466 341 514 tas
398 456 596 528 ipsius,
622 462 685 509 ut
714 453 771 509 in
797 452 1137 515 hominibus.
1206 451 1528 509 constituit:
1563 456 1877 521 comparato
1935 455 2213 519 unguento
2257 447 2477 503 interim
2513 444 2684 502 divini
2742 444 2980 517 Spiritus
3029 444 3172 509 loco,
3226 460 3387 516 quem
3437 455 3495 501 in

244 548 559 619 hominibus
615 548 924 620 praetulerat
968 545 1307 603 sacerdotem
1360 546 1595 608 inunxit,
1662 543 2051 614 Christumque
2118 557 2244 597 eum
2302 548 2357 597 et
2412 548 2656 604 unctum,
2707 539 2972 595 relatione
3004 540 3073 595 ad
3102 555 3228 596 eum
3264 541 3355 611 qui
3403 558 3493 595 ve-

259 657 346 699 rus
388 651 492 708 est,
542 642 850 714 appellavit.
901 639 1059 708 Quod
1109 649 1289 696 autem
1355 639 1472 694 haec
1526 639 1602 694 ita
1657 653 1717 693 se
1777 637 2047 702 habeant,
2098 635 2244 707 quis,
2287 634 2375 690 cui
2430 633 2563 691 ﬁdes
2609 634 2898 699 habeatur,
2948 634 3105 691 testis
3162 634 3282 708 ipso
3344 634 3495 691 Moss

258 739 496 811 dignior?
552 738 614 792 In
647 738 716 794 iis
752 737 899 795 enim
928 751 1050 808 quae
1079 737 1149 792 ab
1198 736 1320 807 ipso
1350 735 1558 803 scripta
1623 741 1752 790 sunt
1814 732 2235 803 respondentem
2295 730 2401 786 sibi
2456 728 2627 785 Deum
2678 744 2744 785 ac
2788 728 3103 797 Dominum,
3155 731 3336 803 palam
3389 731 3497 789 sibi

263 831 547 902 imperasse
598 831 775 896 docet,
806 838 890 886 .ut
941 830 1244 887 secundum
1296 829 1597 885 exhibitam
1668 825 1775 882 sibi
1839 824 2237 895 intelligibilem
2268 838 2333 879 ac
2385 822 2665 878 caelestem
2708 820 2858 877 illius
2913 822 3202 889 visionem,
3238 839 3500 894 corporea

263 923 431 994 specie
486 921 862 978 adorationem
927 922 984 977 in
1026 928 1178 976 terra
1221 921 1602 981 constitueret,
1667 931 1790 989 quas
1831 931 2015 971 rerum
2047 915 2474 987 intelligibilium
2525 921 2691 986 atque
2734 914 3181 987 incorporearum
3209 918 3501 990 imaginem

262 1018 719 1088 complecteretur.
789 1017 979 1088 Itaque
1040 1016 1348 1072 caelestium
1424 1013 1742 1084 angelorum
1812 1009 2237 1081 divinarumque
2284 1016 2617 1080 potestatum
2666 1006 2912 1072 ordines,
2966 1008 3383 1068 adumbratione
3432 1027 3502 1068 ac

258 1109 418 1182 ﬁgura
472 1107 710 1179 quadam
770 1108 973 1164 dicitur
1025 1108 1414 1179 descripsisse,
1471 1121 1596 1162 cum
1656 1103 1766 1176 ipsi
1813 1103 2007 1173 utique
2065 1102 2348 1157 oraculum
2389 1102 2669 1157 dixisset:
2712 1118 2732 1152 ι
2772 1098 2964 1158 Facies
2989 1104 3175 1158 omnia
3218 1104 3287 1159 ad
3316 1120 3502 1162 exemo

258 1205 371 1275 plur
410 1201 557 1274 quod
604 1202 705 1257 tibi
750 1201 1188 1259 demonstratum
1246 1211 1332 1260 est
1380 1202 1437 1257 in
1474 1208 1659 1256 monte
1691 1199 1738 1230 '°
1773 1219 1788 1254 :
1831 1217 1850 1250 ι
1894 1196 2041 1267 Ergo
2092 1196 2551 1268 quemadmodum
2602 1194 2835 1266 reliqua,
2864 1195 2939 1249 ita
2972 1203 3027 1251 et
3067 1195 3382 1253 Pontiﬁcem
3417 1199 3499 1253 in.

260 1298 422 1362 duxit,
475 1313 639 1369 quem
688 1298 929 1353 terrestri
984 1308 1265 1370 unguento
1333 1302 1563 1368 ungeret
1603 1314 1616 1349 :
1664 1294 1852 1365 itaque
1922 1292 2268 1347 umbratilem
2313 1290 2606 1363 quemdam
2655 1304 2722 1345 ac
2769 1290 3113 1360 simulatum,
3159 1309 3270 1349 non
3321 1303 3505 1353 autem

256 1409 431 1451 verum
456 1393 737 1451 Christum
760 1403 816 1452 et
838 1383 1175 1468 pontificem,
1200 1397 1350 1453 illius
1371 1407 1554 1453 tamen
1578 1394 1821 1451 cmlestis
1855 1392 2061 1449 Christi
2095 1401 2149 1450 et
2173 1394 2449 1465 pontiﬁcis
2477 1394 2652 1450 instar
2682 1390 2975 1464 expressit.

330 1485 461 1538 Ἀλλ’
485 1487 567 1540 ὅτι
599 1487 700 1558 μὲν
730 1490 759 1542 6
783 1488 990 1562 κυρίως
1022 1490 1258 1563 Χριστὸς
1288 1492 1389 1545 οὐκ
1425 1490 1710 1563 ἄνθρωπος
1730 1485 1820 1561 ἦν,

1996 1487 2290 1553 Caeterum,
2318 1495 2378 1542 ut
2412 1478 2633 1558 proprie
2655 1486 2877 1560 quidem
2911 1486 3168 1543 Christus
3200 1500 3313 1542 non
3333 1486 3507 1542 homo

256 1578 358 1644 υἱὸς
386 1579 439 1631 δέ
470 1597 556 1644 τις
585 1580 743 1646 Θεοῦ,
768 1580 963 1647 δεξιοῖς
989 1583 1090 1654 τῆς
1110 1585 1383 1656 πατρικῆς
1410 1583 1661 1655 Θεότητος
1688 1601 1829 1638 τετι-

261 1670 486 1741 μημένος
510 1709 528 1736 ,
574 1673 669 1726 καὶ
716 1673 850 1728 πολὺ
897 1674 1159 1746 κρείττων
1190 1677 1252 1731 οὺ
1298 1678 1455 1749 μόνον
1499 1677 1600 1748 τῆς
1629 1676 1829 1748 Θνητῆς

255 1764 342 1815 καὶ
380 1763 732 1835 ἀνθρωπείας
765 1764 1016 1835 φύσεως,
1070 1766 1207 1821 ἀλλὰ
1256 1768 1355 1823 καὶ
1397 1768 1579 1839 πάσης
1622 1768 1720 1838 τῆς
1772 1769 1830 1822 ὲν

258 1858 483 1927 γενητοῖς
512 1858 713 1928 νοερᾶς
741 1857 952 1923 οὐσίας,
985 1857 1174 1929 σαφῶς
1204 1857 1354 1932 οἶμαι
1389 1860 1793 1932 ἀποδεδωκέναι
1812 1878 1825 1890 ο

256 1948 382 2019 πλὴν
412 1948 528 2002 ἀλλ’
573 1950 657 2003 δτι
691 1949 833 2004 κατὰ
869 1949 939 2003 τὰ
977 1950 1240 2022 πρότερον
1272 1953 1538 2025 εἰρημένα
1586 1955 1616 2008 ὁ
1669 1952 1832 2015 αὐτὸς

258 2040 405 2093 Δαϐὶδ
449 2042 509 2094 ὲν
569 2041 656 2112 μδ¹
725 2042 927 2114 ψαλμῷ
995 2048 1289 2117 προγραφῇ
1366 2045 1713 2118 χρησάμενος
1762 2048 1831 2118 τῇ

262 2148 279 2182 t
306 2131 467 2204 ’Υπὲρ
508 2132 611 2186 τοῦ
643 2135 930 2206 ἀγαπητοῦ
963 2138 1058 2191 καὶ
1101 2136 1209 2190 τῶν
1242 2137 1777 2211 ἀλλοιωθησομένων,
1809 2159 1828 2190 ι

257 2222 375 2293 ὁμοῦ
410 2224 551 2279 Θεὸν
584 2227 680 2280 καὶ
728 2226 952 2298 βασιλέα
1008 2229 1103 2283 κα“ι
1149 2230 1386 2300 Χριστὸν
1431 2230 1527 2285 ἕνα
1567 2230 1688 2285 τινὰ
1739 2232 1834 2285 καὶ

252 2314 336 2368 τὸν
376 2316 547 2370 αὑτὸν
571 2317 916 2390 ἀναγορεύει,
958 2320 1187 2391 γράφων
1252 2319 1457 2385 οὕτως·
1506 2340 1525 2372 ι
1574 2320 1832 2394 Ἐξηρεύ-

258 2404 368 2470 ξατο
410 2410 445 2480 ἡ
499 2409 710 2483 καρδία
763 2428 862 2481 μου
911 2411 1070 2481 λόγον
1121 2413 1346 2481 ἀγαθὸν,
1385 2413 1529 2483 λέγω
1598 2413 1709 2483 ἐγὼ
1764 2415 1835 2468 τὰ

256 2498 378 2569 ἔργα
425 2519 532 2572 μου
593 2500 671 2572 τῷ
731 2502 957 2573 βασιλεῖ.
1004 2505 1068 2558 Ἠ
1131 2504 1353 2574 γλῶσσά
1423 2523 1525 2577 μου
1588 2506 1835 2578 κάλαμος

268 2595 622 2666 γραμματέως
666 2593 995 2667 ὀξυγράφου·
1021 2597 1222 2669 ὡραῖος
1274 2598 1460 2652 κάλλει
1512 2598 1664 2670 παρά
1709 2599 1837 2663 τοὺς

259 2687 390 2749 υἱοὺς
420 2684 534 2739 τῶν
565 2684 896 2759 ἀνθρώπων·
939 2705 958 2738 ι
993 2682 1075 2751 οἷς
1109 2687 1236 2758 ἑξῆς
1270 2687 1535 2756 ἐπιλέγει·
1568 2706 1586 2739 σ
1629 2688 1687 2741 '0
1714 2686 1837 2759 θρό-

260 2795 336 2842 νος
381 2796 491 2846 σου,
536 2781 570 2833 6
605 2778 759 2843 Θεὸς,
794 2781 875 2845 είς
906 2781 997 2834 τὸν
1030 2780 1205 2836 αἰῶνα
1241 2780 1338 2834 τοῦ
1372 2780 1566 2844 αἰῶνος
1588 2797 1601 2811 ο
1641 2778 1835 2852 ῥάϐδος

1932 1578 2117 1643 fuerit,
2145 1596 2334 1636 verum
2369 1580 2464 1636 Dei
2496 1580 2689 1644 Filius,
2739 1581 2833 1651 qui
2879 1579 3072 1636 dextra
3100 1586 3343 1651 paternae
3375 1580 3511 1635 divi-

1931 1670 2125 1726 nitatis
2147 1671 2221 1727 sit
2255 1671 2574 1738 decoratus,
2607 1680 2663 1727 et
2689 1673 2862 1727 multo
2886 1672 3261 1744 praestantior,
3293 1687 3405 1728 non
3424 1688 3512 1728 se-

1932 1765 2044 1819 lum
2075 1765 2293 1820 mortali
2341 1764 2690 1836 humanaque
2735 1774 2953 1831 natura,
3003 1765 3100 1821 sed
3140 1765 3307 1821 etiam
3351 1765 3505 1820 omni

1931 1857 2261 1929 intelligibili
2314 1858 2372 1913 in
2424 1858 2591 1915 rebus
2626 1861 2824 1915 creatis
2871 1859 3113 1914 essentia
3151 1858 3508 1929 intelligatur,

1933 1950 2092 2018 plane
2121 1964 2208 2006 me
2237 1950 2480 2006 arbitror
2511 1951 2945 2015 demonstrasse,
2988 1958 3184 2021 praeter
3232 1966 3404 2005 unum
3443 1951 3510 2004 il-

1934 2040 2049 2106 lud,
2072 2040 2222 2111 quod
2253 2040 2322 2097 ad
2348 2056 2414 2097 ea
2435 2056 2558 2112 quae
2583 2042 2818 2098 antehac
2842 2042 2987 2098 dicta
3019 2049 3173 2107 sunt,
3192 2042 3514 2097 addendum

1931 2149 2058 2190 esse
2102 2134 2367 2201 arbitror,
2424 2137 2495 2193 ab
2548 2135 2740 2191 eodem
2791 2137 2980 2207 utique
3032 2135 3205 2190 David
3262 2136 3319 2190 in
3368 2151 3517 2206 .qua-

1934 2226 2247 2298 dragesimo
2295 2234 2494 2298 quarto
2543 2229 2756 2297 psalmo
2804 2228 3161 2299 inscriptione
3196 2228 3513 2299 praeposita,

1934 2316 2028 2371 illa
2045 2333 2165 2389 quae
2180 2325 2286 2382 est,
2318 2337 2338 2369 ι
2370 2320 2470 2389 pro
2491 2319 2691 2375 dilecto
2706 2328 2761 2376 et
2784 2320 2853 2375 iis
2875 2321 2967 2391 qui
2992 2321 3453 2385 immutabuntur,
3486 2341 3505 2373 ι

1934 2407 2106 2464 Deum
2133 2410 2296 2465 simul
2321 2417 2376 2465 et
2402 2424 2582 2481 regem
2603 2421 2657 2465 ct
2673 2410 2950 2467 Christum
2981 2428 3149 2467 unum
3173 2421 3223 2466 et
3263 2412 3514 2469 eumdem

1935 2501 2225 2571 quemdam
2243 2502 2523 2573 appellari,
2542 2501 2628 2558 bis
2658 2503 2878 2572 quidem
2897 2504 3074 2561 verbis
3102 2523 3116 2559 :
3147 2504 3308 2576 179
3327 2523 3344 2555 ‹
3370 2503 3518 2561 Eru-

1936 2592 2215 2649 ctavitcor
2231 2609 2412 2649 meum
2429 2594 2655 2650 verbum
2680 2594 2907 2663 bonum,
2924 2596 3049 2651 dico
3071 2612 3172 2668 ego
3204 2611 3370 2667 opera
3399 2612 3519 2652 mea

1937 2684 2051 2756 regi
2088 2703 2103 2740 :
2137 2685 2319 2757 lingua
2340 2700 2461 2741 mea
2483 2686 2729 2743 calamus
2773 2688 2968 2744 scriba:
2997 2689 3257 2744 velociter
3284 2688 3523 2743 scribente

1937 2779 2010 2835 tis
2042 2798 2055 2834 :
2093 2780 2376 2849 speciosus
2402 2778 2575 2836 forma
2606 2798 2717 2853 prze
2753 2780 2878 2838 [iliis
2910 2782 3190 2837 hominum
3230 2782 3294 2836 ³⁸.
3336 2801 3355 2834 ι
3389 2781 3524 2848 Qui-

263 2839 541 2942 εὒδύτητος
578 2873 611 2943 ἡ
664 2839 870 2943 ῥάϐδος.
892 2874 993 2945 τῆς
1037 2872 1312 2943 βασιλείας
1359 2890 1451 2926 σου
1477 2890 1492 2904 ο
1537 2839 1832 2944 ἧγάπησας

1946 2874 2045 2929 bus
2071 2839 2327 2946 deinceps
2358 2839 2627 2945 adjungitl.
2662 2893 2683 2926 ε
2712 2873 2879 2932 Sedes
2906 2881 3021 2937 tua,
3046 2873 3190 2929 Deus
3208 2913 3222 2938 ,
3255 2874 3311 2929 in
3345 2839 3526 2929 saecu-

260 2959 617 3032 δικαιοσύνην,
647 2964 741 3016 καὶ
768 2963 1037 3035 ἐμίσησας
1068 2964 1284 3018 ἀδικίαν
1305 2980 1318 2993 ·
1354 2964 1442 3018 διὰ
1473 2963 1632 3018 τοῦτο
1650 2964 1836 3037 ἐχρισέ

1946 2965 2055 3021 lum
2099 2966 2285 3022 saeculi
2317 2986 2329 3022 :
2363 2967 2517 3039 virga
2554 2966 2878 3023 directionis
2912 2967 3069 3038 virga
3102 2967 3262 3037 regni
3294 2966 3372 3021 tui
3398 2986 3413 3022 :
3438 2966 3524 3020 di-

260 3066 315 3106 σε
340 3053 369 3106 6
396 3052 535 3118 Θεὸς
571 3056 600 3107 6
630 3054 762 3120 Θεός
796 3073 890 3110 σου
922 3056 1099 3111 ἔλαιον
1129 3056 1505 3138 ἀγαλλιάσεως
1534 3056 1688 3129 παρὰ
1709 3058 1836 3121 τοὺς

1946 3059 2124 3116 lexisti
2152 3060 2445 3131 justitiam,
2499 3067 2555 3116 et
2599 3060 2760 3116 odisti
2798 3060 3137 3132 iniquitatem
3186 3080 3199 3115 :
3236 3067 3524 3131 propterea

265 3144 511 3216 μετόχους
545 3162 665 3200 σου.
706 3165 726 3199 ι
760 3148 960 3202 Σκόπει
991 3149 1035 3202 δ’
1078 3146 1173 3204 οῦν
1211 3149 1653 3223 ἐπιμελέστερον,
1689 3152 1838 3215 ὅπως

259 3238 389 3291 κατὰ
422 3237 525 3310 τὴν
562 3237 655 3291 τοῦ
688 3238 905 3312 ψαλμοῦ
940 3243 1268 3314 προγραφὴν
1308 3228 1583 3313 ὑπὲρ⁸τοῦ
1616 3242 1836 3312 ἀγαπη-

263 3332 346 3386 τοῦ
377 3334 466 3387 τὸν
491 3334 657 3403 λόγον
690 3330 829 3389 εἶναι
860 3337 1301 3409 προοιμιάζεται,
1336 3338 1474 3409 μετά
1506 3338 1602 3393 τοῦ
1633 3338 1728 3393 καὶ
1758 3339 1838 3401 εἰς

263 3423 467 3480 σύνεσιν
494 3426 612 3480 τῶν
637 3426 1053 3500 λεχθησομένων
1084 3429 1176 3483 τὸν
1207 3429 1483 3502 ἀκροατὴν
1524 3435 1835 3506 παρορμᾷν·

262 3518 683 3589 ἐπισημαίνεται
721 3520 779 3573 δὲ
827 3521 922 3574 καὶ
952 3521 1014 3574 τὸ
1052 3521 1225 3576 αἴτιον
1254 3523 1357 3594 τῆς
1398 3524 1712 3596 οἰκονομίας
1743 3527 1839 3581 τοῦ

256 3608 429 3678 λόγου,
462 3611 719 3680 quiawa
766 3631 785 3663 ι
834 3613 927 3677 El;
946 3613 1012 3667 τὸ
1041 3614 1194 3678 τέλος
1234 3615 1375 3687 ὑπὲρ
1406 3617 1514 3670 τῶν
1548 3617 1843 3689 ἀλλοιωθη-

266 3704 503 3773 σομένων
531 3703 614 3766 είς
641 3702 856 3758 σύνεσιν
882 3704 1025 3776 ὑπὲρ
1044 3704 1146 3759 τοῦ
1190 3705 1502 3779 ἀγαπητοῦ.
1538 3726 1556 3760 ι
1587 3708 1752 3773 Τίνας
1784 3709 1841 3762 δὲ

265 3792 445 3859 ελους
476 3794 657 3860 είποις
692 3792 832 3851 εἶναι
859 3799 985 3863 τοὺς
1024 3798 1561 3872 ἀλλοιωθησομένους
1594 3803 1735 3873 ὑπὲρ
1768 3796 1843 3856 ὧν

266 3886 294 3938 6
327 3887 546 3961 ψαλμδς
589 3888 824 3961 εἴρηται,
860 3890 894 3963 ἢ
923 3893 1050 3956 τοὺς
1088 3891 1385 3963 μέλλοντας
1420 3894 1843 3964 μεταϐαλεῖσθαι

269 3980 326 4032 ὲκ
353 3980 625 4053 προτέρου
663 3980 780 4052 βίου
800 3982 895 4037 καὶ
915 3984 1141 4056 τρόπου,
1169 3985 1632 4059 μετατεθήσεσθαί
1661 4004 1720 4041 τε
1751 3988 1847 4041 καὶ

268 4069 726 4143 ἀλλοιωθήσεσθαι
769 4072 859 4126 διὰ
898 4073 992 4128 τοῦ
1044 4078 1556 4149 προφητευομένου·;
1588 4073 1756 4144 Οὗτος
1787 4080 1845 4133 δὲ

1953 3154 2112 3209 unxit
2173 3164 2225 3209 te
2257 3153 2403 3210 Deus
2451 3153 2598 3211 Deus
2630 3162 2758 3211 tuus
2794 3155 2915 3211 oleo
2958 3155 3362 3219 exsultationis,
3410 3170 3526 3226 prae

1948 3251 2305 3322 participibus
2364 3253 2475 3307 tuis
2516 3253 2585 3306 ³¹.
2636 3271 2655 3305 ι
2689 3251 2999 3308 Considera
3047 3265 3179 3321 ergo
3212 3250 3528 3322 diligentius

1946 3343 2407 3415 quemadmodum
2467 3344 2766 3405 secundum
2820 3343 3016 3415 psalmi
3076 3343 3525 3414 inscriptionem.

1947 3440 2062 3486 tum
2099 3447 2198 3503 pro
2224 3432 2424 3488 dilecto
2454 3448 2515 3489 se
2536 3433 2702 3488 verba
2738 3433 2919 3488 facere
2948 3433 3106 3487 initio
3132 3433 3533 3488 statim-osten-

1948 3524 2063 3590 dat,
2101 3532 2215 3579 tum
2249 3526 2413 3580 etiam
2455 3534 2518 3580 ut
2540 3526 2606 3581 ad
2636 3526 3047 3596 intelligentiam
3073 3540 3263 3580 eorum
3288 3539 3410 3595 quae
3444 3525 3531 3578 diu

1950 3616 2122 3671 cenda
2150 3616 2280 3679 sint,
2304 3616 2609 3673 auditorem
2649 3627 3021 3681 commoveat,
3076 3616 3348 3687 signiﬁcat
3392 3632 3533 3687 pm-

1950 3716 2097 3762 terea
2136 3723 2384 3778 quzenam
2419 3709 2489 3763 sit
2538 3709 2705 3777 hujus
2748 3707 3014 3763 orationis
3060 3708 3135 3762 ita
3178 3707 3531 3779 disponendae

1951 3815 2138 3865 causa,
2172 3817 2295 3855 cum
2329 3802 2404 3854 ait
2439 3820 2453 3855 :
2495 3819 2515 3851 σ
2556 3801 2609 3855 in
2646 3800 2802 3855 finem
2856 3815 2955 3869 pro
3004 3799 3074 3855 iis
3128 3800 3220 3869 qui
3274 3800 3534 3855 immuta-

1950 3896 2178 3961 buntur,
2203 3893 2272 3949 ad
2321 3893 2756 3964 intelligentiam,
2785 3908 2884 3964 pro
2917 3891 3121 3948 dilecto
3163 3892 3248 3946 ³³ε
3289 3912 3314 3945 ι»
3365 3907 3532 3962 porro

1952 4000 2219 4059 quosnam
2250 3986 2387 4042 alios
2412 3984 2618 4042 dixeris
2667 3984 3057 4052 immutandos,
3088 4000 3188 4055 pro
3215 3986 3415 4056 quibus
3440 3986 3531 4041 hic

1953 4081 2197 4151 psalmus
2223 4079 2297 4135 sit
2316 4078 2643 4143 dictus,nisi
2658 4092 2753 4133 eos
2774 4077 2867 4147 qui
2898 4078 3144 4131 mutandi
3168 4076 3278 4133 sint
3298 4092 3328 4131 a
3349 4078 3534 4145 priore

267 4156 329 4214 ἦν
366 4165 401 4231 6_
433 4164 727 4235 ἀγαπητὸς
766 4164 860 4218 τοῦ
891 4164 1050 4231 Θεοῦ,
1096 4168 1238 4240 ὑπὲρ
1276 4164 1337 4224 οῦ
1370 4170 1462 4223 ἐπὶ
1496 4171 1595 4241 τῆς
1630 4189 1842 4243 προφη-

1952 4175 2067 4230 vita
2085 4188 2149 4228 ac
2175 4172 2422 4229 moribus
2442 4170 2940 4241 transferendique,
2961 4178 3093 4227 etex
3105 4171 3229 4226 aliis
3252 4171 3343 4225 alii
3364 4170 3535 4226 futuri

269 4254 411 4320 τείας
440 4257 716 4322 συνέσεως
745 4258 855 4312 δεῖν
874 4261 904 4313 6
929 4259 1291 4334 ψαλμὸςήμίν
1317 4264 1757 4335 προοιμιάζεται.
1784 4268 1847 4321 Εἰ

268 4346 312 4400 δ’
340 4345 431 4404 οὖν
477 4352 860 4423 ὲπαπορήσας,
895 4352 979 4417 τίς
1019 4355 1126 4425 ἄρα
1163 4350 1231 4431 ἦν
1273 4358 1301 4410 6
1342 4358 1627 4428 ἀγαπητὸς
1673 4355 1848 4424 οὗτος,

273 4442 393 4512 περὶ
441 4435 509 4496 οῦ
556 4443 616 4496 ὲν
654 4442 732 4514 τῷ
762 4444 963 4517 ψαλμῷ
995 4446 1416 4518 προεφητεύετο,
1450 4448 1602 4520 παρά
1629 4449 1792 4512 πόδας
1823 4453 1851 4504 6

272 4531 420 4602 λόγος
435 4536 780 4607 παραστήσει
797 4537 1094 4609 ἀρχόμενος
1116 4538 1278 4602 εὐθὺς
1299 4540 1395 4593 καὶ
1415 4540 1610 4610 λέγων·
1645 4561 1663 4592 ι
1706 4542 1854 4612 Ἐξη-

278 4625 500 4696 ρεύξατο
526 4629 560 4700 ἡ
588 4629 787 4701 καρδία
845 4646 948 4701 μου
982 4629 1140 4699 λόγον
1177 4631 1402 4700 ἀγαθόν.
1442 4653 1460 4685 ι
1494 4633 1656 4688 Εἴποι
1700 4634 1758 4687 δὲ
1786 4636 1851 4689 ἄν

275 4731 353 4779 τις
377 4717 541 4771 αὑτὸν
572 4719 781 4773 ἐκεῖνον
815 4720 1194 4792 σημαίνεσθαι,
1236 4722 1328 4776 τὸν
1349 4725 1406 4777 ὲν
1426 4723 1566 4797 ἀρχῇ
1590 4725 1728 4796 πρὸς
1762 4726 1852 4780 τὸν

276 4805 400 4860 Θεὸν
425 4810 619 4878 Λόγον,
640 4812 699 4864 ὃν
735 4812 999 4884 Θεολογῶν
1020 4816 1049 4868 6
1067 4814 1239 4886 μέγας
1256 4815 1646 4888 εὐαγγελιστὴς
1679 4817 1855 4872 Ἰωάν-

277 4910 368 4967 νης
397 4900 637 4971 παρίστη
664 4903 857 4971 λέγων·
895 4924 914 4956 ι
961 4908 1051 4960 Ἐν
1082 4908 1224 4980 ἀρχῇ
1244 4904 1311 4980 ἦν
1333 4909 1569 4977 ὁΛόγος,
1587 4912 1682 4964 καὶ
1699 4912 1728 4964 ό
1749 4912 1852 4965 Λό-

279 5003 367 5056 γος
389 4985 457 5062 ἦν
485 4992 625 5064 πρὸς
653 4994 746 5047 τὸν
772 4996 925 5062 Θεὸν,
958 5002 1050 5053 καὶ
1082 5000 1214 5066 Θεὸς
1243 4998 1312 5073 ἦν
1337 5004 1366 5056 ὁ
1395 5003 1589 5071 Λόγοςο
1637 5023 1654 5053 ι
1689 5003 1762 5056 Τδ
1786 5004 1851 5069 δ”

285 5102 304 5135 ι
349 5088 711 5163 Ἐξηρεύξατο
740 5094 774 5163 ἡ
807 5094 1005 5163 καρδία
1052 5114 1153 5166 μου
1176 5096 1334 5167 λόγον
1368 5098 1592 5167 ἀγαθὸν,
1639 5119 1657 5150 ι
1695 5098 1855 5171 εἴπερ

280 5182 341 5235 ἐκ
369 5181 660 5257 προσώπου
691 5185 785 5238 τοῦ
809 5187 1019 5258 Πατρὸς
1039 5188 1134 5241 καὶ
1152 5188 1287 5242 Θεοῦ
1319 5188 1428 5243 τῶν
1456 5189 1591 5243 ὅλων
1620 5190 1853 5261 λέγοιτο,

275 5272 367 5327 τὸν
405 5278 669 5349 μονογενῆ
713 5277 807 5331 τοῦ
855 5278 993 5333 Θεοῦ
1024 5279 1193 5349 Λόγον
1226 5281 1513 5351 ὑποφαίνοι
1555 5282 1641 5348 ἂν,
1685 5283 1760 5347 ὼς
1790 5282 1857 5338 ἂν

284 5364 403 5418 Υίὸν
436 5373 503 5425 ὲκ
543 5370 638 5425 τοῦ
684 5371 897 5443 Πατρός
943 5372 1260 5441 ὑφεστῶτω
1307 5373 1420 5426 ἀλλ’
1454 5376 1515 5429 οὐ
1546 5375 1689 5429 κατὰ
1722 5393 1858 5448 προ-

282 5456 454 5531 ϐολὴν,
474 5462 509 5533 ἦ
543 5465 685 5519 κατὰ
714 5465 999 5536 διαίρεσιν,
1024 5465 1057 5536 ἢ
1086 5465 1279 5537 τομὴν,
1309 5465 1343 5536 ἣ
1380 5467 1624 5537 μείωσιν,
1651 5467 1684 5539 ἢ
1719 5470 1859 5523 κατά

1953 4284 2051 4339 per
2070 4281 2199 4322 eum
2231 4265 2300 4320 de
2325 4281 2435 4336 quo
2466 4265 2607 4320 idem
2638 4264 2889 4320 Psalmus
2910 4264 3282 4319 vaticinatur?
3315 4262 3413 4319 Hic
3435 4278 3529 4318 auo

1950 4367 2061 4415 tem
2085 4357 2438 4414 est'dilectus
2462 4356 2576 4420 Dei,
2606 4372 2705 4427 pro
2739 4372 2850 4427 quo
2879 4357 2935 4411 in
2985 4356 3102 4426 ipsa
3131 4355 3419 4425 prophetia
3447 4355 3533 4410 in—

1952 4451 2251 4524 telligentia
2276 4466 2402 4506 esse
2428 4464 2569 4520 opus
2591 4450 2836 4520 psalmus
2867 4448 2984 4518 ipse
3014 4448 3170 4502 initio
3200 4447 3362 4503 nobis
3391 4464 3533 4518 prae.

1955 4545 2165 4601 scribit.
2194 4543 2349 4610 Quod
2373 4543 2419 4599 si
2448 4542 2665 4598 dubites
2685 4542 2809 4612 quis
2834 4543 2921 4596 hic
2944 4539 3160 4595 tandem
3196 4541 3266 4595 sit
3296 4539 3534 4597 dilectus

1955 4638 2023 4693 de
2048 4652 2156 4706 quo
2200 4637 2257 4691 in
2291 4636 2397 4691 hoc
2427 4635 2638 4706 psalmo
2678 4634 2787 4688 tale
2814 4632 3082 4688 habeatur
3121 4632 3469 4694 vaticinium,
3504 4648 3537 4687 e

1954 4726 2184 4797 vestigio
2208 4725 2306 4781 tibi
2329 4724 2449 4794 ipsa
2478 4723 2654 4779 oratio
2683 4723 3004 4787 declarabit,
3029 4736 3151 4793 qua:
3167 4721 3326 4776 initio
3349 4722 3536 4776 statim

1957 4819 2032 4874 ita
2063 4819 2138 4873 ait
2163 4838 2176 4873 :
2212 4839 2236 4870 ‹
2264 4817 2544 4872 Eructavit
2568 4830 2664 4870 cor
2687 4831 2867 4870 meum
2888 4815 3119 4871 verbum
3140 4814 3368 4869 bonum.
3393 4833 3411 4866 ›
3442 4811 3537 4866 Di-

1957 4913 2103 4969 xerit
2123 4920 2304 4967 autem
2326 4913 2599 4982 quispiam
2619 4910 2799 4980 ipsum
2822 4908 2955 4964 illud
2975 4908 3272 4980 signiﬁcari
3297 4911 3352 4963 in
3382 4911 3537 4979 prin-

1958 5006 2103 5077 cipio
2136 5004 2280 5076 apud
2314 5003 2484 5059 Deum
2516 5002 2776 5067 Verbum,
2809 5003 2877 5057 de
2914 5017 3024 5072 quo
3063 5001 3365 5072 theologice
3400 5004 3538 5057 seri-

1958 5099 2093 5154 hens
2137 5112 2369 5167 magnus
2414 5095 2746 5164 evangelista
2783 5094 3059 5159 Joannes,
3110 5095 3192 5149 sic
3249 5094 3533 5163 loquitur:

1963 5209 1983 5241 ι
2014 5188 2072 5244 ἰῇ
2103 5188 2375 5261 principio
2407 5195 2526 5241 erat
2557 5185 2828 5247 Verbum.
2878 5193 2932 5241 et
2968 5184 3204 5241 Verbum
3236 5192 3357 5241 erat
3394 5186 3539 5254 apud
3606 5196 3611 5201 ’

1958 5282 2163 5349 Deum,
2222 5290 2277 5338 et
2335 5281 2480 5338 Deus
2522 5290 2640 5337 erat
2672 5279 2913 5337 Verbum
2964 5279 3041 5347 “;
3091 5299 3111 5333 ι
3168 5280 3301 5334 illud
3355 5294 3535 5334 vero:

1965 5396 1985 5429 ‹
2028 5375 2310 5430 Eructavit
2360 5389 2459 5429 cor
2503 5390 2683 5430 meum
2713 5374 2941 5429 verbum
2985 5373 3211 5436 bonum,
3258 5392 3276 5424 ι
3321 5373 3368 5429 si
3417 5372 3542 5443 qui—

1960 5469 2082 5523 dem
2112 5485 2178 5524 ex
2210 5483 2448 5538 persona
2486 5467 2667 5523 Patris
2690 5476 2745 5522 et
2776 5466 2870 5521 Dei
2901 5467 3142 5522 universi
3168 5465 3544 5531 dicatur.uni--

280 5564 335 5601 τι
359 5553 456 5607 τῶν
482 5557 540 5609 ὲν
566 5555 814 5628 σώμασιν
848 5558 1283 5630 ὑπονοουμένων·
1322 5559 1492 5630 ἀσεϐῆ
1519 5560 1628 5630 γὰρ
1657 5560 1842 5614 ταῦτα.

1964 5577 2088 5616 cum
2120 5562 2359 5632 genitum
2386 5560 2482 5616 Dei
2521 5559 2758 5615 Verbum
2800 5560 3186 5632 signiﬁcaverit
3210 5601 3226 5625 ,
3280 5567 3542 5628 tanquam

284 5643 378 5696 καὶ
402 5647 630 5720 πάμπαν
655 5650 1020 5723 ἀπῳκισμένα
1040 5652 1141 5722 τῆς
1160 5652 1400 5725 ἀρρήτου
1425 5654 1852 5726 γενεσιουργίας.

1963 5652 2160 5707 Filium
2209 5654 2301 5723 qui
2356 5654 2424 5708 de
2478 5652 2640 5708 Patre
2695 5654 2998 5718 exstiterit,
3057 5669 3164 5708 non
3207 5650 3544 5724 projectionc

391 5822 429 5885 ’θ’
463 5823 635 5885 Exod.
668 5842 796 5893 xxv,
826 5827 917 5883 40.
964 5828 1004 5860 ³¹
1038 5827 1183 5885 Psal.
1229 5846 1374 5896 xLIv,
1409 5829 1466 5898 2,
1500 5830 1552 5883 5.
1632 5831 1673 5861 ³³
1704 5829 1841 5884 ibid.

1965 5829 2017 5884 8.
2082 5830 2141 5913 f3
2168 5827 2307 5885 ibid.
2342 5827 2392 5881 1.
2475 5828 2520 5861 ³³
2555 5827 2711 5884 Joan.
2744 5846 2783 5893 ι,
2818 5832 2869 5888 l.
