3880 6256
254 347 358 403 505

1176 342 1832 402 DEMONSTRATIONIS
1866 344 2321 401 EVANGELICJE
2361 340 2497 399 LIB.
2539 343 2627 398 IV.
3405 350 3511 404 1'06

253 463 368 525 μτὲ,
405 462 487 524 εἰς
538 461 713 515 αἰῶνα
748 461 841 515 καὶ
887 460 995 514 ἔτι’
1036 463 1310 533 σκῆπτρον
1362 462 1650 532 εὐθύτητος
1698 464 1805 534 σκῆ

1935 465 2086 529 tiam,
2121 471 2176 518 et
2206 461 2377 519 odisti
2412 461 2785 532 iniquitatem:
2812 468 3099 533 propterea
3117 463 3273 516 unxit
3292 471 3344 516 te
3366 463 3510 521 Deus

254 572 418 627 πτρον
452 553 733 625 βασιλείας
761 572 875 610 σου.
916 556 1233 627 Ἠγάπησας
1263 555 1488 611 δίκαιον.
1519 556 1614 609 καὶ
1640 557 1832 629 ἐμίση-

251 666 347 711 σας
399 648 682 720 ἀσέϐημα·
726 647 818 700 ἐπὶ
873 647 1046 719 τούτῳ
1098 648 1287 720 ἠλειφὲ
1348 666 1407 702 σε
1440 649 1468 702 ὀ
1501 648 1576 721 (1)
1615 649 1744 715 Θεὸς
1800 652 1829 703 6

248 741 377 805 Θεός
418 758 514 794 σου
570 741 749 795 ἔλαιον
792 742 968 813 χαρᾶς
1017 742 1125 794 ἀπὸ
1167 742 1397 812 ἑταίρων
1449 758 1561 796 σου.
1611 761 1631 794 ι
1686 742 1829 796 Ἀντὶ

248 833 378 901 γοῦν
405 834 503 887 τοῦ
539 853 559 886 ι
593 834 622 885 6
647 832 777 897 Θεὸς
806 835 835 887 6
865 833 999 897 Θεός
1031 850 1145 898 σου,
1174 853 1191 884 ι
1223 833 1360 905 αὑτὴ
1394 834 1710 906 ήἙδραῖκὴ
1738 833 1826 887 λέ-

248 926 346 991 ξις,
386 944 406 978 ι
449 925 575 989 Θεὲ,
619 928 648 979 6
679 925 811 988 Θεός
840 942 957 988 σου,
1013 946 1032 976 ι
1072 926 1337 998 περιέχει,
1374 927 1463 980 ἵνα
1573 928 1632 982 τὸ
1674 926 1822 982 ὅλον·

258 1017 601 1090 Ἠγάπησας,
629 1012 674 1072 ὦ
701 1017 820 1081 Θεὲ,
844 1016 905 1070 τὸ
928 1016 1155 1081 δίκαιον,
1184 1018 1279 1071 καὶ
1307 1017 1579 1091 ἐμίσησας
1604 1018 1664 1072 τὸ
1698 1019 1826 1073 ἀσέ-

244 1108 429 1181 ϐημα·
461 1112 651 1183 διόπερ
682 1113 774 1164 ἐπὶ
814 1110 988 1181 τούτῳ
1038 1108 1223 1182 ἐχρισέ
1263 1127 1345 1173 σε,
1381 1105 1426 1164 ὦ
1468 1111 1589 1174 Θεὲ,
1624 1113 1652 1165 6
1682 1111 1822 1164 ἀνω-

242 1201 388 1257 τάτω
416 1203 514 1256 καὶ
546 1202 745 1274 μείζων
774 1203 936 1266 αὐτὸς
962 1203 990 1256 6
1024 1202 1120 1255 καὶ
1155 1200 1248 1255 σοῦ
1279 1202 1429 1267 Θεὸς,
1454 1202 1530 1267 ὼς
1558 1198 1696 1255 εἶναι
1731 1205 1824 1256 καὶ

244 1290 329 1346 τὸν
357 1292 647 1364 χριόμενον
678 1293 770 1347 καὶ
802 1292 890 1347 τὸν
923 1292 1144 1364 χρίοντα
1178 1293 1311 1346 πολὺ
1356 1293 1617 1365 πρότερον
1638 1331 1653 1356 ,
1690 1293 1823 1346 πάν-

243 1402 346 1438 των
380 1384 480 1455 μὲν
523 1385 654 1439 ὄντα
692 1385 855 1451 Θεὸν,
896 1386 991 1439 καὶ
1031 1384 1195 1438 αὑτοῦ
1228 1384 1283 1438 δὲ
1328 1384 1689 1456 διαφερόντως
1726 1383 1819 1438 τοῦ

244 1474 553 1545 χριομένου.
574 1474 743 1529 Τοῦτο
760 1475 815 1529 δὲ
835 1476 930 1529 καὶ
954 1476 1090 1547 αὐτῇ
1113 1475 1469 1546 ἑπιστήσαντι
1488 1478 1555 1547 τῇ
1591 1476 1819 1548 Ἐϐραίξι

243 1562 453 1636 γλώττῃ
483 1566 715 1638 φανερὸν
749 1565 815 1620 ἂν
852 1566 1086 1635 γένοιτο.
1137 1564 1261 1619 ’Errl.
1304 1566 1412 1638 γὰρ
1451 1566 1552 1638 τῆς
1595 1565 1819 1638 πρώτης

245 1657 571 1728 ἐπωνυμίας,
605 1658 726 1711 καθ’
755 1660 822 1730 ἢν
849 1661 878 1711 6
918 1658 1169 1723 Ἀκύλας,
1209 1678 1227 1710 ι
1265 1657 1452 1729 θρόνος
1481 1674 1597 1723 σου,
1630 1657 1749 1722 Θεὲ,
1794 1677 1811 1709 ι

1935 556 2076 613 Deus
2098 565 2227 611 tuus
2261 554 2385 611 oleo
2407 555 2790 610 exsultationis
2811 569 2921 626 prae
2942 555 3299 625 participibus
3321 557 3451 612 tuis.
3482 576 3505 610 ι

1936 648 2091 720 181
2157 646 2378 719 inspice
2425 646 2594 717 igitur
2638 646 2882 702 Deumne
2953 648 3009 702 in
3061 648 3145 704 his
3200 649 3509 720 alloquatur

1932 739 2266 811 planissime,
2294 754 2365 793 an
2394 755 2503 793 non
2531 758 2542 793 :
2575 755 2768 810 nempe
2795 758 2812 790 ι
2845 748 2923 807 tu,
2951 759 2970 793 ι
2999 740 3208 810 inquit,
3236 759 3256 792 ι
3287 738 3453 801 Deus,
3480 760 3501 794 ι

1929 846 2029 902 pro
2058 846 2125 886 eo
2155 830 2300 903 quod
2332 839 2417 885 est
2440 869 2455 894 ,
2487 849 2506 882 ‹
2536 845 2569 884 ο
2592 828 2736 885 Deus
2755 871 2770 895 ,
2800 834 2959 889 sedes
3003 840 3097 886 tua
3142 833 3196 886 in
3239 832 3502 887 szeculum

1929 923 2115 979 saaculi
2159 931 2377 987 exstat,
2429 929 2484 977 et
2539 922 2689 994 virga
2742 923 3094 990 directionis,
3149 925 3305 995 virga
3347 923 3501 996 regni

1926 1016 2049 1072 tui:
2086 1023 2141 1072 et
2173 1018 2428 1087 quoniam
2460 1024 2518 1069 tu
2541 1016 2679 1086 ipse,
2725 1013 2896 1085 Deus,
2937 1016 3173 1073 dilexisti
3194 1017 3496 1088 justitiam,

1924 1118 1981 1165 et
2034 1109 2201 1165 odisti
2257 1110 2636 1183 iniquitatem,
2692 1116 2981 1181 propterea
3034 1110 3193 1164 unxit
3248 1117 3300 1164 te
3353 1108 3500 1164 Deus

1924 1203 2068 1259 Deus
2114 1210 2279 1268 tuus,
2321 1210 2375 1259 et
2423 1202 2707 1259 Christum
2751 1212 2805 1260 te
2846 1217 2960 1274 prm
3001 1202 3258 1257 omnibus
3287 1201 3498 1257 consti-

1924 1296 2046 1349 tuit.
2083 1315 2101 1346 ι
2134 1293 2238 1350 Sed
2282 1296 2441 1367 longe
2472 1296 2559 1352 his
2593 1296 2797 1353 clarius
2830 1293 3115 1366 Scriptura
3145 1290 3495 1349 Hebraeorum

1924 1386 2065 1442 idem
2096 1388 2470 1452 demonstrat,
2516 1402 2680 1458 quam
2712 1386 2906 1457 Aquila
2953 1385 3363 1441 accuratissime
3409 1385 3493 1439 in—

1923 1485 2264 1548 terpretans,
2296 1477 2379 1532 bis
2409 1478 2589 1533 verbis
2616 1477 2787 1534 edidit
2813 1496 2825 1531 :
2856 1495 2875 1527 ι
2903 1475 3072 1531 Sedes
3103 1485 3194 1529 tua
3216 1516 3229 1540 ,
3261 1491 3294 1530 θ
3326 1474 3489 1538 Deus,

1920 1569 1975 1622 in
2011 1570 2272 1624 saeculum
2346 1577 2402 1625 et
2436 1571 2616 1625 ultra:
2654 1581 2930 1640 sceptrum
2973 1568 3325 1631 dircctionis,
3371 1581 3491 1624 sce-

1920 1668 2106 1729 ptrum
2143 1659 2294 1730 regni
2331 1660 2411 1714 tui
2441 1680 2455 1715 :
2490 1660 2727 1716 dilexisti
2745 1660 2888 1732 quod
2915 1661 3122 1731 justum
3155 1668 3259 1722 est,
3290 1667 3344 1715 et
3370 1658 3492 1714 odio

243 1747 550 1818 ἡρμήνευσε
592 1748 779 1817 σαφῶς
826 1751 947 1805 ἀντὶ
981 1750 1074 1806 τοῦ
1110 1753 1143 1804 ό
1179 1749 1323 1816 Θεὸς
1367 1748 1475 1803 Θεέ
1527 1748 1717 1814 εἰπὼν,
1754 1748 1806 1801 τὸ

1920 1752 1987 1807 sti
2040 1753 2417 1822 impietatem;
2467 1769 2633 1823 super
2685 1753 2824 1818 hoc,
2880 1754 3034 1809 unxit
3085 1762 3171 1817 te,
3216 1769 3253 1810 o
3300 1752 3486 1819 Deus,

253 1816 535 1912 Ἐὁραῖκὸν
591 1842 801 1913 Ἐλωῒμ
854 1845 1120 1915 περιέχει.
1174 1841 1465 1897 Κάνταῦθα
1508 1842 1565 1895 δὲ
1611 1842 1806 1913 ὁμοίως

1918 1842 2061 1899 Deus
2090 1816 2219 1901 tuus
2249 1845 2370 1900 oleo
2401 1816 2601 1901 laetitiae
2631 1846 2700 1900 ab
2735 1816 2926 1901 amicis
2955 1851 3085 1901 tuis.
3115 1867 3133 1899 ι
3159 1816 3269 1900 Pro
3297 1860 3360 1900 eo
3384 1816 3489 1917 igi-

240 1933 324 1986 ἐπὶ
344 1932 462 1999 τοῦ,
494 1951 514 1986 ι
545 1934 646 1989 Διά
670 1935 829 1989 τοῦτο
853 1936 1039 2008 ἔχρισε
1068 1954 1151 2001 σε,
1183 1936 1303 1999 Θεὲ,
1342 1955 1359 1987 ι
1390 1934 1452 1988 τὸ
1482 1933 1683 2006 Ἐλωῖμ
1709 1952 1814 1987 πα-

241 2024 539 2096 ρείληπται.
567 2027 704 2099 ὅπερ
726 2026 844 2099 τὴν,
864 2024 910 2083 ὦ
933 2028 1058 2094 Θεέ,
1084 2027 1344 2100 κλητικὴν
1371 2028 1558 2099 ἐδήλου
1586 2026 1807 2080 πτῶσιν·

236 2113 347 2166 ἀντὶ
373 2113 432 2167 δὲ
466 2114 567 2186 τῆς
593 2116 761 2187 ὀρθῆς
792 2118 886 2171 καὶ
919 2117 1133 2181 εὐθείας
1169 2116 1264 2170 τοῦ
1307 2116 1586 2187 ὀνόματος,
1620 2116 1742 2170 καθ’
1783 2116 1813 2168 ὃ

232 2205 472 2276 εἴρηταιο
505 2226 524 2259 ‹
561 2208 660 2262 Διὰ
690 2207 846 2263 τοῦτο
883 2208 1066 2281 ἐχρισὲ
1101 2226 1182 2275 σε,
1210 2209 1239 2260 6
1265 2208 1399 2272 Θεὸς
1434 2210 1463 2262 6
1503 2207 1653 2272 Θεὸς,
1699 2227 1717 2260 ι
1750 2208 1811 2262 τὸ

240 2293 523 2366 Ἑϐραῖκὸν
570 2298 791 2365 Ἐλωὰχ
845 2298 1113 2369 περιέχει,
1163 2297 1368 2369 σφόδρα
1410 2297 1807 2369 ἀπηκριϐωμέ-

227 2402 361 2450 νως·
405 2388 472 2440 ἶν’
586 2389 647 2442 τὸ
688 2390 789 2460 μὲν
841 2388 1064 2461 Ἐλωῖμ,
1106 2388 1246 2443 κατὰ
1290 2389 1551 2460 κλητικὴν
1604 2389 1808 2444 πτῶσιν

225 2481 662 2554 ὀξενηνεγμένον,
696 2483 894 2556 δηλοῦν
936 2486 1019 2550 τὸ,
1058 2480 1105 2539 ὦ
1146 2484 1273 2549 Θεὲ,
1302 2484 1365 2537 τὸ
1408 2485 1466 2538 δὲ
1514 2486 1740 2557 Ἐλωάχ,
1774 2490 1808 2540 ό

227 2573 366 2638 Θεός
411 2588 552 2638 σου,
597 2573 739 2629 κατὰ
771 2573 868 2644 τὴν
905 2574 1156 2628 εὐθεῖαν’
1206 2574 1346 2628 ὥστε
1375 2575 1617 2647 ἀκριϐῶς
1662 2576 1806 2647 ἔχειν

225 2662 317 2735 τὴν
355 2664 612 2733 φήσασαν
654 2666 984 2737 ἑρμηνείαν*
1017 2685 1036 2718 ι
1092 2664 1193 2720 Διὰ
1227 2665 1383 2720 τοῦτο
1428 2666 1611 2739 ἐχρισέ
1649 2686 1727 2733 σε,
1778 2671 1807 2723 ό

224 2753 346 2819 Θεὸς
370 2757 399 2809 6
425 2755 561 2820 Θεός
592 2774 707 2812 σου.
751 2776 771 2809 ι
808 2757 1125 2812 Λευκότατα
1155 2757 1287 2828 γοῦν
1322 2760 1350 2813 6
1375 2759 1532 2828 λόγος
1558 2759 1646 2813 διὰ
1683 2761 1806 2813 τοῦ·

224 2866 323 2903 των
365 2848 490 2922 Θεῷ
538 2852 899 2923 προσφωνῶν,
954 2854 1120 2925 φησὶν
1169 2855 1332 2908 αὐτὸν
1373 2854 1658 2927 κεχρίσθαι
1700 2857 1805 2910 ὑπὸ

225 2940 309 2994 τοῦ
335 2941 474 2996 Θεοῦ
508 2942 673 3014 ἐλαίῳ
704 2945 1079 3014 ἀγαλλιάσεως
1112 2947 1264 3019 παρὰ
1295 2946 1501 3012 πάντας
1532 2948 1659 3011 τοὺς
1688 2948 1802 3002 πὼ-

225 3049 344 3087 ποτε
392 3035 495 3106 τῆς
550 3037 720 3108 αὐτῆς
767 3037 917 3109 αὐτῷ
968 3039 1374 3111 μετεσχηκότας
1410 3041 1797 3112 προσηγορίας.

1917 1945 2006 1991 tur
2057 1938 2203 2008 quod
2250 1945 2379 2002 est,
2436 1938 2581 1995 Deus
2636 1937 2779 1995 Deus
2808 1947 2968 2004 tuus,
3021 1939 3323 1995 Hebraicus
3369 1939 3487 2010 ipse

1915 2036 2204 2083 contextus
2238 2028 2429 2093 habet,
2463 2047 2481 2079 ι
2520 2044 2552 2082 o
2582 2026 2758 2094 Deus,
2798 2027 2941 2085 Deus
2977 2036 3106 2084 tuus
3129 2072 3142 2093 ,
3174 2048 3193 2080 ι
3222 2035 3280 2081 ιιι
3308 2033 3481 2082 totum

1914 2120 2026 2176 sit:
2062 2119 2314 2176 Dilexisti
2336 2160 2350 2185 ,
2387 2136 2420 2175 ο
2451 2119 2628 2184 Deus,
2661 2120 2803 2190 quod
2835 2119 3046 2190 justum
3076 2128 3192 2186 est,
3227 2125 3282 2173 et
3316 2117 3483 2173 odisti

1912 2213 2288 2283 impietatem:
2339 2222 2626 2283 propterea
2670 2214 2740 2269 ob
2798 2215 2937 2267 hanc
2994 2215 3166 2283 ipsam
3215 2224 3478 2273 causam,

1911 2306 2069 2359 unx-it
2098 2315 2184 2370 te,
2217 2321 2250 2360 o
2280 2305 2423 2364 Dens
2443 2347 2458 2371 ,
2498 2307 2622 2370 ille,
2656 2307 2751 2377 qui
2782 2313 2909 2362 tuus
2940 2320 3158 2376 quoque
3187 2312 3270 2360 est
3304 2302 3475 2364 Deus,

1912 2405 1971 2451 ut
2002 2396 2074 2453 sit
2102 2405 2156 2453 et
2192 2396 2285 2467 qui
2318 2390 2541 2470 ungitur
2572 2396 2748 2461 Deus,
2783 2404 2837 2452 et
2866 2397 2959 2467 qui
2994 2395 3180 2465 ungit,
3217 2393 3313 2465 qui
3358 2393 3480 2463 qui-

1908 2488 2031 2543 dem
2075 2488 2148 2544 sit
2177 2490 2419 2544 omnium
2452 2486 2616 2542 Deus.
2665 2485 2782 2541 Hoc
2826 2494 3009 2540 autem
3041 2484 3092 2540 ei
3123 2483 3215 2554 qui
3248 2482 3478 2537 Hebrai-

1908 2596 2027 2635 cam
2074 2581 2314 2653 linguam
2360 2579 2677 2651 diligentius
2716 2576 3046 2640 attenderit,
3090 2575 3250 2645 plane
3289 2572 3479 2628 admo—

1908 2672 2037 2727 dum
2069 2674 2368 2728 constabit.
2405 2673 2539 2727 Nam
2570 2672 2626 2725 in
2658 2671 2835 2741 prima
2868 2667 3312 2724 denominatione
3332 2705 3347 2730 ,
3379 2663 3476 2719 ubi

1906 2766 2137 2837 Aquila,
2168 2785 2186 2817 ι
2220 2765 2380 2823 sedes
2411 2773 2503 2819 tua
2525 2805 2540 2829 ,
2582 2780 2615 2819 ο
2657 2763 2834 2826 Deus,
2870 2781 2889 2814 ι
2919 2761 3309 2830 interpretatus
3348 2764 3474 2826 est;

1906 2858 2002 2931 qui
2035 2859 2196 2929 plane
2225 2873 2324 2928 pro
2353 2871 2419 2910 eo
2444 2854 2589 2926 quod
2623 2861 2708 2909 est
2743 2852 2881 2908 Deus
2903 2892 2918 2916 ,
2954 2872 2983 2905 ο
3016 2850 3192 2913 Deus,
3223 2847 3477 2903 enuntia-

1906 2953 2013 3016 vit,
2050 2951 2228 3021 ipsum
2262 2947 2586 3004 llehraicum
2618 2945 2781 3000 habet
2812 2943 3009 2998 Eloim.
3052 2940 3226 2995 Porro
3258 2940 3349 2995 hic
3381 2939 3474 2992 iti-

1906 3047 2028 3103 dem
2061 3047 2115 3100 in
2150 3044 2275 3108 illo,
2305 3061 2324 3093 ι
2358 3050 2643 3113 propterea
2673 3038 2829 3094 unxit
2856 3045 2938 3102 te,
2967 3052 3001 3092 ο
3029 3036 3171 3091 Deus
3193 3074 3208 3101 ,
3242 3053 3261 3087 ι
3295 3034 3472 3104 ipsum

226 3128 401 3200 Ἔχεις
441 3130 736 3202 τοιγαροῦν
777 3133 836 3185 ὲν
869 3130 1083 3195 τούτοις
1124 3130 1310 3200 σαφῶς
1354 3131 1487 3184 Θεὸν
1516 3133 1801 3205 χριόμενον

1914 3137 2083 3192 Eloim
2113 3136 2461 3207 intelligitur,
2493 3134 2635 3204 quod
2668 3131 2976 3186 vocativum
3003 3143 3191 3184 casum
3211 3168 3224 3193 ,
3252 3143 3282 3180 ο
3305 3125 3469 3187 Deus,

224 3222 308 3274 καὶ
335 3223 575 3293 Χριστὸν
603 3224 909 3294 γινόμενον,
949 3224 1010 3276 οὐ
1043 3224 1112 3295 μύ
1124 3242 1199 3295 ρῳ
1227 3223 1532 3295 σκευαστῷ,
1574 3225 1683 3277 οὐδ’
1706 3225 1799 3277 ὑπ’

222 3312 517 3385 ἀνθρώπων
545 3316 626 3379 είς
649 3314 808 3369 τοῦτο
835 3317 1120 3389 παριόντα,
1150 3316 1266 3371 ἀλλ’
1306 3317 1429 3371 οὐδὲ
1462 3319 1574 3381 τοῖς
1598 3316 1803 3381 λοιποῖς

222 3404 524 3477 ἀνθρώποις
559 3406 959 3478 παραπλήσιον.
1014 3408 1073 3460 '0
1114 3408 1171 3461 δὲ
1211 3407 1374 3471 αὐτὸς
1420 3402 1573 3471 οὗτος
1609 3402 1677 3478 ἦν
1710 3410 1803 3462 καὶ

223 3498 498 3569 ἀγαπητὸς
529 3498 622 3552 τοῦ
659 3498 816 3563 Θεοῦ,
851 3500 945 3553 καὶ
974 3499 1219 3570 γέννημα
1266 3499 1430 3553 αὑτοῦ
1476 3499 1571 3553 καὶ
1623 3500 1802 3571 ἱερεὺς

229 3589 437 3655 αἰώνιος
472 3593 568 3645 καὶ
619 3590 906 3663 σύνθρονος
951 3593 1388 3665 ἀνηγορευμένος
1430 3592 1523 3646 τοῦ
1566 3592 1797 3666 Πατρός.

221 3682 308 3746 Τίς
334 3683 377 3736 δ’
410 3683 479 3737 ἂν
506 3679 661 3748 οὗτος
693 3685 778 3755 εἴη
808 3684 840 3756 ἦ
877 3684 905 3736 6
934 3685 1279 3756 πρωτότοκος
1306 3683 1402 3737 τοῦ
1443 3682 1578 3737 Θεοῦ
1607 3684 1798 3752 Λόγος,

217 3776 244 3828 6
272 3777 325 3828 ἐν
359 3777 505 3848 ἀρχῇ
539 3776 677 3849 πρὸς
707 3777 799 3830 τὸν
832 3777 963 3830 Θεὸν
999 3777 1133 3841 Θεὸς
1165 3777 1262 3841 ῶν,
1304 3779 1332 3830 6
1363 3775 1452 3830 διὰ
1493 3775 1675 3847 πάσης
1702 3778 1801 3846 τῆς

220 3867 389 3921 ὲνθέου
440 3869 664 3940 Γραφῆς
710 3868 1161 3940 θεολογούμενος;
1200 3870 1276 3932 ὡς
1309 3869 1402 3921 καὶ
1432 3871 1489 3923 ὲν
1532 3871 1643 3931 τοῖς
1674 3868 1799 3940 ἑξῆς

218 3959 294 4015 διὰ
314 3962 579 4016 πλειόνων
607 3963 636 4015 6
668 3961 822 4032 λόγος
857 3962 1061 4035 προῖὼν
1093 3960 1368 4027 ἐπιδείξει.
1406 3960 1625 4015 Τούτων
1662 3961 1799 4032 δῆτα

218 4055 559 4127 προτεθεωρη
569 4055 747 4125 μένων
776 4058 906 4127 ἡμῖν
944 4056 1070 4127 περὶ
1096 4056 1195 4127 τῆς
1219 4052 1314 4107 τοῦ
1343 4052 1579 4125 Χριστοῦ
1605 4052 1798 4107 οὐσιῶ-

218 4143 343 4209 σεώς
372 4163 433 4199 τε
466 4147 563 4200 καὶ
592 4146 981 4217 προσηγορίας,
1021 4145 1152 4219 φέρε
1193 4145 1398 4211 λοιπὸν,
1434 4144 1796 4210 ἀναλαϐόντες

213 4235 302 4308 τὴν
354 4238 724 4310 προταθεῖσαν
782 4237 1060 4302 ὑπόθεσιν,
1123 4237 1191 4290 δι’
1248 4237 1388 4290 ὅσων
1442 4236 1797 4309 προφητικῶν

213 4333 567 4403 προρρήσεων
628 4333 658 4386 6
710 4332 945 4402 Χριστὸς
1002 4332 1266 4401 ὀνομαστὶ
1319 4331 1792 4402 ποοεκηρύττετο,

210 4417 553 4493 θεασώμεθα.

1904 3230 2199 3303 significat.
2240 3227 2347 3283 Pro
2393 3236 2542 3283 recto
2581 3242 2708 3281 vero
2754 3222 2992 3278 nominis
3036 3236 3200 3283 casu,
3245 3218 3339 3274 ubi
3388 3216 3472 3271 di-

1903 3332 2051 3379 ctum
2083 3330 2165 3377 cst
2197 3340 2212 3377 :
2243 3340 2261 3373 ι
2294 3328 2581 3391 propterea
2634 3319 2789 3372 unxit
2823 3324 2874 3370 te
2912 3314 3053 3369 Deus
3081 3312 3224 3369 Deus
3252 3318 3412 3375 tuus,
3444 3329 3467 3363 ι

1903 3416 2081 3485 ipsum
2116 3411 2443 3467 Hebraicutn
2484 3409 2649 3464 habet
2688 3406 2886 3461 Eloach
2910 3445 2924 3469 ,
2968 3403 3257 3459 admodum
3306 3416 3471 3457 accu-

1903 3519 2017 3562 rate
2045 3517 2205 3575 atque
2232 3503 2503 3574 exquisite
2528 3521 2542 3557 :
2573 3507 2633 3555 ut
2660 3501 2764 3565 sit,
2797 3501 2974 3569 ipsum
3004 3496 3223 3567 quidem
3254 3493 3427 3550 Eloim
3448 3532 3465 3558 ,

1902 3596 2152 3649 vocativo
2200 3609 2331 3649 casu
2358 3633 2374 3655 ,
2423 3590 2776 3662 signiﬁcans,
2818 3607 2847 3643 ο
2891 3588 3072 3651 Deus;
3114 3587 3291 3656 ipsum
3338 3598 3469 3639 vero

1902 3686 2102 3741 Eloach
2123 3726 2138 3751 ,
2172 3686 2311 3739 Deus
2345 3692 2501 3745 tuus,
2539 3690 2689 3737 recto
2718 3697 2850 3736 casu
2882 3699 2893 3735 :
2938 3687 2997 3733 ut
3032 3679 3147 3733 haec
3175 3679 3245 3733 sit
3274 3677 3469 3746 exqui-

1902 3775 2166 3847 sitissima
2220 3773 2637 3844 interpretatio,
2694 3786 2815 3841 qua:
2870 3770 3079 3824 habet:
3120 3786 3139 3819 ι
3174 3775 3465 3837 propterea

1904 3868 2057 3922 unxit
2086 3875 2176 3931 te,
2235 3882 2269 3920 o
2316 3863 2491 3927 Deus,
2540 3861 2683 3919 Deus
2718 3869 2867 3918 tuus.
2903 3880 2921 3910 ι
2950 3860 3267 3915 Clarissime
3300 3859 3467 3930 igitur

1901 3963 1957 4016 in
1998 3961 2084 4015 bis
2122 3958 2294 4015 Deum
2335 3959 2620 4029 alloquens
2645 3996 2662 4021 ,
2700 3954 2987 4010 oraculum
3029 3954 3104 4008 ait
3142 3954 3320 4024 ipsum
3359 3968 3463 4006 un-

1898 4060 2046 4107 ctum
2078 4068 2201 4108 esse
2233 4067 2263 4105 a
2298 4049 2438 4115 Deo,
2471 4050 2592 4105 oleo
2634 4046 3017 4104 exsultationis
3062 4060 3172 4116 prae
3209 4043 3465 4099 omnibus

1898 4146 1991 4217 qui
2030 4160 2272 4215 unquam
2311 4143 2557 4212 ejusdem
2591 4155 2716 4195 cum
2756 4140 2877 4210 ipso
2916 4138 3212 4210 participes
3252 4137 3461 4192 fuerint

1897 4236 2300 4307 appellationis.
2328 4233 2504 4289 Habes
2532 4233 2696 4304 igitur
2720 4232 2774 4286 in
2803 4231 2887 4285 bis
2918 4230 3256 4301 planissime,
3288 4228 3460 4284 Deum

1897 4330 1988 4397 qui
2039 4329 2284 4397 ungitur,
2336 4332 2391 4380 et
2433 4324 2690 4380 Christus
2734 4323 2985 4387 ellicitur,
3028 4338 3139 4377 non
3189 4330 3464 4393 unguento

1896 4420 2235 4491 composito,
2279 4432 2457 4487 neque
2495 4417 2563 4469 ab
2599 4415 2913 4469 hominibus
2962 4414 3027 4468 ad
3078 4413 3134 4468 id
3181 4412 3463 4480 dignitatis

207 4528 522 4586 provectum
543 4560 558 4583 ,
591 4533 656 4573 ac
685 4535 754 4574 ne
786 4519 972 4574 eadem
1005 4518 1224 4590 quidem
1258 4533 1381 4574 cum
1418 4518 1632 4575 caneris
1663 4516 1973 4571 hominibus
2006 4515 2236 4568 ratione.
2270 4511 2440 4565 Porro
2474 4510 2561 4563 hic
2594 4508 2733 4562 idem
2771 4518 2854 4562 est
2886 4515 2940 4561 et
2976 4505 3211 4560 dilectus
3249 4502 3375 4569 Dei,
3408 4505 3461 4551 et

204 4608 445 4679 ejusdem
476 4610 686 4678 proles,
717 4619 771 4665 et
803 4610 1057 4666 sacerdos
1089 4622 1358 4676 aeternus,
1389 4622 1443 4666 ct
1468 4626 1759 4667 consessor
1793 4607 1960 4679 patris
1988 4606 2190 4661 dictus.
2242 4604 2349 4659 Sed
2380 4605 2505 4675 quis
2532 4604 2621 4657 hic
2648 4603 2865 4656 tandem
2901 4599 3041 4662 erit,
3079 4597 3184 4651 nisi
3218 4595 3459 4664 primum

203 4706 442 4775 genitum
487 4705 582 4760 Dei
619 4704 890 4771 Verbum,
934 4706 1027 4777 qui
1062 4707 1119 4761 in
1148 4707 1417 4776 principio
1449 4708 1590 4777 apud
1622 4706 1822 4766 Deum,
1858 4703 2000 4757 Deus
2028 4701 2189 4756 erat?
2220 4700 2379 4769 182
2409 4699 2499 4769 qui
2534 4713 2630 4768 per
2661 4704 2830 4751 totam
2850 4693 3090 4748 divinam
3124 4688 3460 4758 Scripturam

205 4798 534 4866 pradicatur
562 4804 623 4851 ut
672 4796 851 4863 Deus,
898 4797 1356 4868 quemadmodum
1389 4798 1646 4868 deinceps
1679 4797 1926 4851 oratione
1955 4793 2173 4864 longius
2221 4806 2579 4862 progressus,
2626 4790 2874 4860 pluribus
2925 4785 3103 4842 verbis
3154 4779 3460 4840 ostendam.

205 4885 336 4943 Cum
370 4890 491 4944 haec
523 4889 689 4959 igitur
720 4905 750 4941 a
782 4888 942 4943 nobis
972 4888 1236 4944 hactenus
1265 4886 1610 4942 considerata
1652 4886 1762 4940 sint
1800 4885 1869 4940 de
1894 4883 2098 4939 Christi
2129 4880 2550 4953 propagatione,
2581 4879 2756 4948 deque
2784 4876 3029 4947 ejusdem
3062 4871 3446 4944 appellatione.

205 4986 453 5057 agedum,
487 4984 831 5055 propositum
858 4991 1237 5053 argumentum
1271 4989 1603 5052 repetamus,
1638 4987 1692 5037 et
1721 4996 1883 5052 quam
1914 4978 2100 5036 multis
2127 4977 2460 5049 propheticis
2497 4973 2939 5046 praedictionibus
2978 4969 3228 5026 Christus
3266 4969 3450 5023 nomi~

206 5078 367 5132 natim
395 5077 473 5134 sit
506 5084 668 5132 antea
707 5074 991 5131 nuntiatus
1011 5115 1025 5139 ,
1052 5073 1507 5145 contemplemur.

940 5196 1057 5261 ις’.
1818 5193 1867 5250 D

221 5307 347 5362 Ἀπὸ
401 5307 514 5363 τοῦ
565 5308 813 5377 ψαλμοῦ
866 5307 945 5360 ιγ.
979 5337 1049 5348 --
1084 5306 1164 5361 Δι’
1232 5307 1395 5362 ὅσων
1449 5311 1483 5362 ὁ
1530 5307 1781 5376 Χριστός

276 5376 583 5447 ὀνομαστὶ
620 5376 739 5433 ὑπὸ
797 5376 1107 5442 βασιλέων
1162 5377 1261 5430 καὶ
1311 5379 1621 5446 ἀρχόντων
1681 5379 1778 5432 καὶ

274 5447 461 5503 ἐθνῶν
485 5449 585 5502 καὶ
617 5447 787 5504 λαῶν
812 5448 1345 5515 ἐπιϐουλευόμενος
1365 5487 1378 5511 ,
1404 5448 1473 5512 ἐξ
1502 5451 1687 5501 αὑτοῦ
1722 5465 1785 5500 τε

275 5519 379 5574 τοῦ
445 5518 597 5574 Θεοῦ
662 5517 1063 5589 γεννώμενος,
1126 5518 1225 5572 καὶ
1272 5519 1403 5584 Υἱὸς
1467 5518 1782 5586 ἀνθρώπου

2610 5181 2752 5238 XVI.

1888 5307 1931 5360 A
1974 5304 2180 5375 psalmo
2214 5318 2298 5375 fu.
2338 5331 2408 5375 -έ
2446 5299 2620 5375 Quam
2675 5297 2872 5375 multis.
2896 5295 3174 5375 scripturis
3211 5292 3458 5375 Clarisfus

1961 5363 2299 5436 nominatim,
2321 5374 2410 5442 qui
2429 5363 2683 5444 gregibus
2712 5379 2759 5422 et
2790 5366 3110 5444 principibus
3145 5376 3194 5444 et
3218 5363 3459 5444 gentibus

1961 5454 2009 5500 et
2074 5434 2295 5514 populis
2333 5434 2758 5514 rirrum'uenilur.
2790 5434 2850 5514 et
2884 5437 2948 5489 ab
2990 5437 3101 5504 ipso
3144 5434 3250 5514 Deo
3288 5434 3460 5505 gigni-

1964 5509 2083 5578 tur,
2109 5509 2160 5569 et
2199 5512 2374 5567 Filius
2413 5512 2640 5567 hominis
2679 5509 2997 5579 appellatur,
3040 5509 3374 5576 gentiumque
3407 5515 3458 5556 et

1885 5718 2298 5785 interpretatur,
2328 5724 2376 5771 et
2407 5714 2487 5770 sic
2520 5710 2782 5782 majorem
2813 5718 2866 5767 et
2895 5706 3159 5764 minorem
3191 5701 3457 5758 Deitatem

280 5714 350 5786 (l)
387 5715 486 5773 llic
522 5725 584 5771 ut
629 5733 776 5786 saepe
811 5717 1399 5775 Eusebiusarianizat.
1445 5716 1579 5772 Nam
1625 5720 1772 5773 hunc
1885 5718 2045 5785 intcrl

280 5801 380 5843 :um
411 5804 522 5843 non
554 5787 623 5843 de
657 5788 877 5843 homine
907 5796 1186 5843 assumnto
1213 5790 1306 5843 sed
1339 5788 1448 5843 Deo
1476 5790 1773 5843 exsistentc
1883 5791 2045 5843 statui

1883 5797 2095 5844 statuit.

215 5784 380 5843 locum
411 5804 522 5844 non
554 5787 623 5845 de
657 5784 877 5846 homine
907 5796 1186 5860 assumpto
1213 5790 1306 5846 sed
1339 5788 1448 5845 Deo
1476 5790 1773 5846 exsistentc
