3880 6256
367 321 473 382 507
556 340 575 353 '
1007 319 1279 378 EUSEDH
1313 317 1797 376 (ΞᾹΞΞΑΒΙΕΝΒΙΞ
1835 318 1974 376 ΟΡΡι

2078 314 2237 372 ARS.
2279 312 2345 368 I1.
2387 341 2457 351 ——
2483 305 2983 366 APOLOGETICA.

437 455 624 534 ﬁniunt
675 461 830 504 terra:
875 456 1067 501 sortem
1117 445 1304 513 accipit
1353 461 1385 498 a

440 532 772 578 summulas.

446 694 464 725 ε
491 677 672 740 Quare
716 671 1057 726 fremuerunt
1100 676 1329 740 gentes,
1377 673 1431 722 et
1483 667 1669 738 populi
1702 662 1947 719 meditati
1995 704 1997 707 .

369 773 498 820 sunt
527 759 757 819 inania?
787 763 1095 819 Astiterunt
1133 776 1290 833 reges
1331 769 1494 815 terrae
1516 799 1531 824 ,
1576 765 1632 813 et
1670 755 1949 828 principes

369 862 748 912 convenerunt
768 853 824 909 in
846 870 1016 909 unum
1045 853 1311 909 adversus
1334 851 1619 905 Dominum
1637 887 1652 913 ,
1681 855 1735 902 et
1757 846 1950 901 adver-

369 963 466 1003 sus
493 945 776 1001 Christum
808 944 928 1015 ejus
960 944 1002 975 ³⁷
1033 962 1046 998 :
1082 963 1101 996 ι
1129 943 1330 1014 quibus
1359 940 1618 1008 deinceps
1660 935 1947 1009 adjungit:

378 1060 403 1091 «η
432 1036 547 1111 Ego
574 1047 759 1094 autem
791 1037 1128 1092 constitutus
1153 1050 1275 1091 sum
1308 1049 1403 1089 rex
1432 1034 1501 1088 ab
1527 1047 1592 1087 eo
1621 1044 1787 1100 super
1819 1027 1953 1082 Sion

373 1140 561 1188 monte
602 1138 795 1187 sancto
822 1129 973 1198 ejus,
1014 1127 1279 1182 nuntians
1319 1130 1654 1196 praeceptum
1686 1117 1905 1174 Domini
1938 1137 1950 1172 :

375 1220 647 1281 Dominus
700 1223 838 1278 dixit
883 1222 950 1276 ad
1003 1235 1091 1276 me
1134 1217 1357 1275 :Filius
1402 1230 1560 1270 meus
1605 1229 1667 1269 es
1711 1220 1805 1277 tu,
1852 1223 1954 1280 ego

376 1312 541 1373 hodie
572 1315 733 1387 genui
767 1322 856 1369 te:
891 1313 1107 1384 postula
1147 1325 1179 1364 a
1223 1324 1340 1373 me,
1372 1314 1426 1362 et
1455 1306 1597 1361 dabo
1632 1303 1731 1358 tibi
1767 1310 1955 1373 gentes

374 1410 748 1467 hereditatem
782 1414 962 1472 tuam,
991 1412 1044 1461 et
1075 1402 1480 1474 possessionem
1510 1408 1660 1453 tuam
1692 1395 1956 1450 terminos

376 1504 544 1560 terra!r
567 1499 612 1534 ⁸⁵
642 1521 656 1556 ι
690 1521 711 1553 ›
742 1497 1066 1571 planissime
1097 1495 1262 1551 etiam
1308 1494 1367 1548 in
1414 1490 1500 1547 his
1533 1490 1754 1544 divinus
1784 1484 1959 1557 Spiri-

380 1606 469 1651 tus
519 1594 801 1650 Christum
861 1589 1129 1662 appellat,
1185 1580 1391 1656 Deique
1448 1582 1701 1639 eumdem
1759 1578 1956 1633 Filium

376 1693 575 1750 vocat,
607 1684 753 1740 sicut
783 1696 885 1737 nos
916 1679 1224 1735 docuerunt
1258 1690 1322 1731 ea
1358 1689 1480 1745 qua!
1512 1672 1767 1743 superius
1811 1669 1958 1724 dicta

380 1787 549 1842 sunt,
587 1776 864 1846 simulque
895 1782 948 1829 et
976 1762 1835 1836 circumventionem.quamdam
1874 1760 1958 1814 fu-

378 1879 564 1927 turam
622 1875 817 1923 contra
872 1866 1026 1920 illum
1083 1862 1394 1934 significat,
1451 1869 1506 1914 et
1557 1832 1805 1928 gentium
1861 1867 1959 1923 per
1993 1832 2032 1886 Β

380 1961 633 2019 eumdem
666 1958 908 2014 futuram
941 1955 1291 2012 vocationem
1321 1960 1448 2006 ante
1477 1947 1802 2011 denuntiat,
1837 1960 1959 2015 quae

381 2052 605 2125 quidem
655 2066 715 2107 re
761 2050 880 2122 ipsa
932 2049 1112 2121 palam
1161 2047 1218 2102 in
1267 2044 1550 2099 Salvatore
1590 2048 1782 2097 nostro
1827 2037 1959 2093 Jesu

385 2142 613 2198 Christo
647 2140 765 2212 ipse
811 2155 998 2195 rerum
1043 2145 1272 2193 eventus
1313 2132 1629 2192 declaravit.
1674 2128 1785 2185 Nec
1830 2129 1959 2184 dum

381 2233 551 2308 igitur
579 2242 770 2306 gentes
791 2273 807 2299 ,
833 2239 887 2288 et
915 2231 1137 2303 populi,
1168 2238 1223 2286 et
1251 2244 1408 2300 reges
1450 2234 1505 2283 et
1559 2223 1836 2295 principes
1863 2221 1961 2277 dc-

384 2334 620 2394 sistunt,
651 2338 763 2383 tum
795 2327 1059 2382 adversus
1094 2324 1245 2378 illum
1278 2331 1391 2378 tum
1425 2321 1686 2377 adversus
1715 2319 1962 2390 ejusdem

383 2422 687 2477 doctrinam
714 2418 1027 2476 convenire.
1049 2412 1204 2484 Quod
1227 2416 1273 2472 si
1296 2415 1411 2470 haec
1430 2412 1601 2470 Judaei
1624 2413 1693 2468 ad
1717 2413 1962 2467 futurum

385 2513 630 2571 referant
661 2521 915 2582 tempus,
967 2510 1080 2581 jam
1136 2510 1260 2565 illos
1308 2507 1467 2563 fateri
1508 2512 1786 2577 oporteat,
1839 2520 1963 2560 eum

383 2621 546 2678 quem
594 2605 698 2676 ipsi
728 2610 1048 2675 exspectant
1080 2600 1384 2665 Christum,
1442 2614 1635 2656 rursus
1664 2597 1968 2652 circumve-

399 2696 664 2754 niendum
686 2738 701 2760 ,
726 2697 867 2752 sicut
889 2709 1130 2766 praesens
1157 2693 1319 2748 habet
1341 2692 1622 2747 oraculum
1641 2729 1656 2754 ,
1685 2688 1830 2760 quod
1854 2688 1962 2742 ait:

396 2786 557 2860 133
587 2808 605 2838 ι
646 2787 950 2842 Astiterunt
978 2800 1133 2856 reges
1162 2791 1341 2848 terrae,
1372 2791 1425 2837 et
1453 2780 1727 2853 principes
1767 2794 1968 2833 conve-

391 2887 594 2937 nerunt
632 2881 691 2935 in
740 2896 907 2935 unum
969 2879 1232 2933 adversus
1289 2875 1599 2939 Dominum,
1623 2880 1678 2928 et
1706 2873 1969 2927 adversus
2030 2939 2033 2941 ἓ

392 2971 671 3027 Christum
703 2972 831 3041 ejus
860 2990 872 3025 :
917 2991 935 3022 ι
978 2969 1123 3040 quod
1163 2983 1295 3024 sane
1323 2966 1503 3021 daturi
1531 2979 1802 3036 nusquam
1836 2964 1968 3029 sint,

393 3065 595 3137 quippe
627 3063 723 3134 qui
766 3078 1022 3133 magnum
1059 3058 1351 3132 quemdam
1396 3059 1721 3129 principem,
1758 3072 1971 3128 regem-

3519 295 3620 351 508

1438 424 1602 496 Patre
1623 482 1640 508 ,
1685 449 1843 493 antea
1877 439 1946 492 sit

2119 431 2660 508 ἀναγορευόμειςος.
2697 425 2906 508 ἐθνῶν.
2937 439 3001 477 τε
3027 418 3156 508 *καὶ
3201 416 3468 508 περάτων
3514 412 3626 484 τῆς

2397 489 2720 572 λὶιμϐάᾷλων
2761 494 2920 565 παρὰ
2949 492 3056 548 τοῦ
3106 489 3335 557 Πατρός
3370 496 3623 554 προεκτι-

2111 592 2382 646 portato.

2068 696 2071 697 ν
2126 690 2145 721 ι
2188 670 2306 721 Ἵνα
2350 666 2405 718 τί
2457 660 2730 734 ἐφρύαξαν
2781 658 2930 729 ἔθνη,
2973 655 3069 708 καὶ
3119 652 3239 706 λαοὶ
3291 648 3631 721 ἐμελέτησαν

2050 762 2215 827 κενά;
2245 757 2609 830 Παρέστησαν
2639 753 2689 805 οἱ
2735 749 2974 822 βασιλεῖς
3013 745 3111 818 τῆς
3151 744 3276 815 γῆς,
3317 741 3413 796 καὶ
3445 741 3497 794 οἱ
3537 739 3630 809 ἆρ-

2051 870 2237 926 χοντες
2294 846 2640 920 συνήχθησαν
2687 844 2779 897 ἐπὶ
2822 843 2883 895 τὸ
2914 839 3042 894 αὐτὸ
3085 837 3227 891 κατὰ
3265 833 3360 888 τοῦ
3395 830 3630 903 Κυρίου,

2052 923 2312 1002 καὶκατὰ
2351 943 2446 997 τοῦ
2491 936 2728 1013 Χριστοῦ
2765 933 2962 990 αὐτοῦ’
3004 951 3022 984 ι
3058 925 3139 995 οἷς
3178 928 3303 999 ἑξῆς
3348 923 3625 992 ἐπιλέγει·

2059 1061 2077 1092 ι
2147 1038 2289 1108 Ἐγὼ
2359 1036 2418 1089 δέ
2485 1028 2827 1098 κατεστάθην
2888 1024 3139 1097 βασιλεὺς
3193 1020 3284 1074 ὑπ’
3335 1015 3499 1072 αὑτοῦ
3536 1015 3631 1068 ἐπὶ

2054 1131 2191 1186 Σιὼν
2237 1130 2363 1202 ὅρος
2415 1127 2477 1180 τὸ
2529 1126 2683 1195 ἆγιον
2741 1118 2939 1175 αὐτοῦ.
2999 1113 3330 1185 διαγγέλλων
3376 1110 3437 1163 τὸ
3472 1109 3636 1181 πρόσ-

2053 1242 2240 1297 ταγμα
2271 1196 2505 1293 Κυρίου.
2539 1217 2742 1288 Κύριος
2789 1211 2906 1267 εἷπε
2948 1226 3088 1283 προς
3128 1206 3232 1279 μέ·
3264 1204 3392 1268 Υἱός
3441 1219 3543 1274 μου
3585 1196 3636 1254 εἰ

2057 1319 2145 1383 σὺ,
2180 1314 2290 1386 ἐγὼ
2327 1314 2564 1385 σήμερον
2604 1304 2910 1377 γεγέννηκά
2940 1320 3020 1357 σε.
3053 1299 3283 1371 Αἵτησαι
3312 1296 3439 1367 παρ’
3476 1293 3634 1366 ἐμοῦ,

2057 1408 2152 1463 καὶ
2188 1384 2344 1460 δῶσῶ
2378 1384 2459 1456 σοι
2507 1400 2634 1471 ἔθνη
2676 1395 2773 1468 τὴν
2818 1390 3178 1465 κληρονομίαν
3214 1405 3343 1451 σου,
3392 1385 3487 1440 καὶ
3534 1384 3645 1454 τὴν-

2058 1495 2384 1568 κατάσχεσίν
2415 1510 2506 1547 σου
2534 1490 2603 1546 τὰ
2628 1490 2838 1562 πέρατα
2868 1486 2966 1557 τῆς
2985 1485 3107 1554 γῆς.
3144 1499 3169 1532 ι·
3194 1478 3511 1547 Σαφέστατα
3542 1474 3639 1528 καὶ

2057 1591 2148 1645 διὰ
2181 1589 2388 1643 τούτων
2427 1585 2489 1639 τὸ
2531 1584 2671 1638 θεῖον
2699 1578 2926 1649 Πνεῦμα
2954 1576 3043 1630 τὸν
3075 1571 3310 1644 Χριστὸν
3343 1568 3635 1638 ἀναφωνεῖ,

2060 1681 2189 1737 Υἰόν
2227 1698 2288 1734 τε
2324 1679 2483 1732 αὐτὸν
2503 1673 2768 1730 ἀποκαλεῖ
2805 1668 2900 1722 τοῦ
2938 1666 3072 1721 Θεοῦ
3112 1662 3255 1719 κατὰ
3292 1661 3362 1715 τὰ
3407 1674 3645 1730 προηγο-

2063 1773 2323 1848 ρευμένα,
2358 1767 2491 1841 ὁμοῦ
2522 1767 2617 1820 καὶ
2651 1760 2942 1831 ἐπιϐουλήν
2985 1774 3108 1811 τινα
3142 1751 3359 1808 ἔσεσθαι
3393 1748 3514 1803 κατ’
3544 1749 3642 1801 αὒ-

2060 1867 2152 1923 τοῦ
2199 1864 2475 1938 σημαίνει,
2519 1858 2614 1913 καὶ
2639 1854 2748 1909 τῶν
2788 1850 2957 1907 ἐθνῶν
2996 1849 3094 1921 τὴν
3125 1847 3192 1901 δι’
3226 1842 3389 1898 αὐτοῦ
3422 1838 3643 1912 γενομὺ

2062 1976 2159 2031 νην
2200 1932 2391 2028 κλῆσιν
2450 1948 2854 2024 προκηρύττει·
2909 1943 3053 2013 ἅπερ
3105 1932 3431 2031 διαρρήδην-
3461 1932 3644 2031 αὐτοῖς

2063 2021 2244 2124 ἔργοις
2278 2021 2370 2101 ἐπὶ
2396 2021 2772 2112 τοῦνΣωτῆρος
2803 2036 2960 2109 ἡμῶν
3003 2029 3178 2103 ἰησοῦ
3201 2024 3444 2124 Χριστοῦ
3464 2026 3499 2094 ἡ
3516 2021 3643 2124 τῶν

2065 2113 2406 2217 τέραγμάτων
2438 2132 2711 2198 ἐπέδειξεν
2744 2128 2988 2190 ἔκϐασις.
3024 2121 3205 2178 Εὶσέτι
3238 2119 3347 2188 γὰρ
3386 2116 3479 2170 νῦν
3515 2113 3645 2217 ἔθνη

2065 2204 2159 2288 καὶ
2177 2228 2560 2301 λαοὶ,βασιλεῖς
2570 2241 2631 2278 τε
2648 2223 2741 2277 καὶ
2756 2215 3096 2291 ἄρχοντες,οὑ
3112 2210 3372 2266 παύονται
3390 2207 3488 2278 τῆς
3503 2204 3649 2260 κατά

2066 2344 2124 2379 τε
2142 2322 2306 2378 αὑτοῦ
2325 2319 2531 2389 καὶτῆς
2545 2310 2896 2374 διδασκαλίας
2914 2305 3077 2363 αὑτοῦ
3096 2301 3385 2370 ωσκευῆς.
3406 2299 3469 2351 Et
3486 2298 3529 2351 δ’
3554 2297 3651 2350 sui.

2070 2414 2331 2487 μέλλοντα
2358 2409 2546 2481 χρόνον
2581 2402 2904 2473 ἀναφέροιεν
2934 2396 3106 2451 ταῦτα
3133 2395 3181 2446 οἱ
3220 2395 3284 2446 ἐκ
3316 2388 3645 2461 περιτομῆς,

2066 2480 2183 2581 ῶρα
2208 2505 2297 2559 τὸν
2323 2480 2770 2573 ’κροσδοκώμενον
2796 2492 2979 2556 αὐτοῖς
3000 2485 3234 2561 Χριστὸν
3260 2480 3650 2551 ἐπιϐουλευθή-

2070 2572 2258 2651 σεσθαι
2275 2572 2429 2657 αὖθις
2444 2590 2747 2663 ὁμολογεῖν,
2769 2584 2909 2640 κατὰ
2924 2581 2984 2637 τὸ
2999 2578 3171 2651 παρὸν
3186 2575 3387 2644 λόγιον,
3414 2572 3646 2640 φάσκον·

2076 2711 2093 2744 ι
2123 2690 2477 2762 Παρέστησαν
2507 2685 2556 2737 οἱ
2590 2680 2830 2754 βασιλεῖς
2871 2675 2973 2747 τῆς
3020 2672 3146 2743 γῆς,
3173 2670 3268 2724 καὶ
3299 2668 3347 2721 οἱ
3389 2666 3652 2737 ἄρχοντες

2073 2755 2415 2857 συνήχθησαν
2448 2778 2540 2832 ἐπὶ
2572 2776 2635 2829 τὸ
2679 2773 2809 2828 αὐτὸ
2840 2768 2982 2825 κατὰ
3014 2766 3108 2820 τοῦ
3137 2761 3342 2835 Κυρίου
3386 2760 3481 2813 καὶ
3510 2755 3655 2811 κατὰ

2081 2876 2177 2931 τοῦ
2215 2870 2452 2946 Χριστοῦ
2484 2866 2647 2924 αὐτοῦ
2684 2885 2697 2897 ι
2736 2886 2754 2917 ι
2788 2866 2923 2936 ὅπερ
2955 2861 3056 2916 οὐκ
3098 2858 3165 2913 ἂν
3197 2858 3357 2923 δοῖεν,
3384 2850 3659 2923 δυνάστην

2073 2970 2196 3025 τινὰ
2232 2968 2406 3041 μέγαν
2448 2964 2544 3017 καὶ
2575 2959 2798 3033 βασιλέα
2830 2955 3046 3012 αἰώνιον
3079 2952 3175 3006 καὶ
3208 2947 3489 3021 λυτρωτὴν
3523 2947 3654 2999 ἐαυ-

2074 3061 2183 3117 τῶν
2232 3058 2452 3115 ἔσεσθαι
2497 3056 2586 3109 τὸν
2640 3052 2837 3123 ἥξοντα
2872 3044 3105 3119 Χριστὸν
3137 3037 3562 3113 προσδοκῶντες.
3594 3036 3655 3087 Εἰ

394 3172 503 3227 que
549 3163 837 3220 aitet-num,
889 3150 1416 3225 Redemptoremque
1476 3167 1637 3207 suum
1678 3150 1795 3206 fore
1822 3164 1968 3216 eum,

2078 3155 2184 3228 γὰρ
2212 3153 2283 3226 δὴ
2306 3153 2556 3210 κάκεῖνος
2589 3143 2754 3200 ἐλθὼν
2783 3142 2852 3196 τὰ
2879 3141 3039 3211 ὅμοια
3071 3131 3330 3203 πάθοιτῷ
3356 3128 3657 3200 ἐληλυθότι,

395 3249 491 3320 qui
536 3256 804 3306 venturus
834 3249 926 3314 sit,
957 3247 1236 3303 Christum
1264 3252 1579 3316 exspectent
1612 3264 1628 3299 :
1662 3258 1787 3298 nam
1836 3242 1884 3297 si
1922 3249 1977 3298 et

397 3343 491 3398 ille
529 3357 655 3397 eum
684 3341 894 3397 venerit
937 3339 1127 3396 eadem
1171 3339 1413 3411 patiatur
1455 3354 1578 3410 quae
1619 3338 1732 3409 jam
1779 3351 1978 3408 passus

395 3443 483 3491 est
517 3436 612 3507 qui
654 3435 822 3501 venit,
852 3433 982 3504 quid
1032 3448 1215 3488 causae
1247 3433 1319 3487 sit
1350 3448 1451 3487 cur
1491 3432 1570 3486 illi
1607 3429 1788 3501 potius
1813 3444 1976 3501 quam

396 3530 527 3584 huic
564 3527 896 3583 credendum
923 3536 1017 3581 aut
1045 3541 1157 3580 non
1187 3524 1553 3581 credendum?
1581 3522 1737 3590 Quod
1767 3522 1815 3578 si
1854 3521 1981 3576 inde

397 3622 628 3689 exclusi,
660 3620 729 3675 ad
754 3619 946 3685 David,
971 3618 1086 3675 sive
1107 3619 1175 3673 ad
1206 3619 1514 3690 quempiam
1546 3632 1613 3673 ex
1642 3615 1789 3672 illius
1810 3630 1985 3686 nepo-

398 3708 812 3768 tibuS'Judaicue
840 3710 1016 3782 gentis
1041 3724 1248 3780 regem,
1266 3706 1552 3763 oraculum
1584 3705 1846 3769 referant,
1866 3705 1980 3775 jam

399 3806 507 3862 erit
530 3804 1016 3860 demonstrandum
1038 3802 1184 3874 quod
1209 3817 1388 3872 neque
1410 3800 1603 3865 David,
1636 3816 1814 3871 neque
1840 3798 1983 3854 alius

401 3898 673 3970 quispiam
725 3911 915 3953 eorum
971 3895 1064 3966 qui
1114 3908 1357 3965 unquam
1391 3892 1535 3963 apud
1566 3890 1827 3947 Hebraeos
1857 3890 1983 3945 illu-

404 3998 548 4045 stres
600 3987 822 4053 fuerint,
871 3992 1225 4050 memoratur,
1255 3984 1351 4054 qui
1401 3991 1495 4038 aut
1550 3982 1723 4039 Filius
1767 3981 1862 4038 Dei
1912 3981 1984 4036 sit

406 4081 590 4152 aliquo
625 4079 847 4135 oraculo
870 4078 1073 4143 dictus,
1100 4087 1192 4130 aut
1218 4078 1288 4132 ab
1310 4077 1427 4147 ipso
1452 4075 1562 4132 Deo
1584 4076 1821 4147 genitus,
1840 4074 1984 4129 sicut

406 4172 499 4228 ille
543 4173 611 4228 de
644 4185 754 4243 quo
794 4170 1046 4226 Psalmus
1096 4170 1424 4225 vaticinatur
1474 4185 1653 4240 neque
1707 4170 1981 4240 imperans

407 4261 623 4319 cunctis
653 4262 927 4335 gentibus,
959 4269 1014 4316 et
1058 4260 1281 4333 regibus
1319 4267 1374 4316 et
1408 4260 1773 4332 principibus,
1804 4267 1860 4315 et
1892 4274 1987 4330 po-

408 4357 575 4429 pulis,
597 4356 691 4427 qui
724 4355 796 4411 sit
821 4354 1037 4411 insidiis
1064 4354 1493 4410 circumventus.
1527 4354 1622 4409 Sin
1654 4361 1836 4408 autem
1861 4352 1983 4407 illo-

410 4465 532 4503 rum
567 4450 750 4506 nullus
779 4450 903 4505 talis
931 4448 1263 4512 ostenditur,
1292 4455 1347 4502 et
1392 4462 1453 4502 re
1487 4447 1605 4516 ipsa
1637 4453 1836 4500 cuncta
1868 4445 1985 4500 haec

2081 3220 2177 3303 καλ.
2202 3220 2366 3317 τίμὴ
2401 3241 2599 3314 μᾶλλον
2628 3236 2822 3306 ἐκείνῳ
2851 3235 2885 3305 ἢ
2920 3231 3095 3301 τούτῳ
3128 3223 3441 3282 πιστευτέον
3469 3221 3505 3291 ἢ
3535 3220 3661 3273 ἁπι-

2082 3310 2437 3409 στητέον;Ἐξ
2488 3331 2566 3396 δέ,
2612 3326 2860 3382 ἐντεῦθεν
2911 3318 3379 3379 ἀποκλεισθέντες,
3429 3314 3521 3366 ἐπὶ
3568 3310 3661 3363 τὸν

2079 3429 2242 3486 Δαϐιδ
2272 3429 2308 3500 ἧ
2347 3443 2466 3480 τινα
2493 3422 2600 3476 τῶν
2633 3420 2692 3485 ἐξ
2718 3415 2880 3472 αὑτοῦ
2908 3412 3214 3485 γενομένων
3258 3404 3520 3474 βασιλέων
3561 3399 3659 3453 τοῦ

2092 3493 2361 3578 Ἰουδαίων
2405 3516 2591 3578 ἔθνους
2629 3512 2951 3583 ἀναφέροιεν
2984 3506 3076 3560 τὸν
3096 3500 3341 3576 χρησμὸν
3366 3538 3380 3562 ,
3403 3496 3498 3552 καὶ
3519 3493 3663 3547 οῦτω

2079 3613 2336 3676 δεικτέον,
2364 3609 2439 3673 ὼς
2466 3606 2589 3661 οὔτε
2623 3602 2807 3666 Δαὸὶδ,
2841 3598 2951 3654 οῦθ⁵
2984 3596 3169 3669 ἕτερός
3191 3611 3276 3656 τις
3306 3589 3412 3645 τῶν
3440 3585 3661 3641 πώποτε

2081 3709 2211 3778 παρ’
2245 3701 2513 3776 Ἑϐραίοις
2542 3693 2816 3767 διαφανῶν
2852 3692 3128 3762 ἱστόρηται
3154 3685 3266 3740 οὗθ’
3288 3684 3416 3746 Υἱὸς
3448 3696 3665 3752 χρημα-

2082 3799 2239 3862 τίσας
2276 3774 2370 3849 τοῦ
2392 3791 2551 3857 Θεοῦ,
2580 3788 2692 3844 οὔθ’
2729 3785 2834 3840 ὑπὸ
2864 3783 2956 3838 τοῦ
2987 3780 3121 3836 Θεοῦ
3155 3774 3539 3849 γεγενημένος,
3564 3789 3666 3824 κα-

2081 3891 2150 3945 τὰ
2180 3890 2272 3943 τὸν
2297 3890 2355 3941 ὲν
2376 3885 2454 3956 τῷ
2474 3880 2673 3954 ψαλμῷ
2701 3875 3112 3948 θεσπιζόμενον,
3135 3871 3243 3926 οὐδ’
3270 3869 3379 3941 ἄρα
3398 3865 3501 3919 ὑπὸ
3527 3863 3667 3916 πάν-

2082 4002 2190 4037 των
2218 3980 2327 4035 τῶν
2361 3955 2530 4031 ἐθνῶν
2562 3975 2656 4029 καὶ
2687 3972 2972 4044 βασιλέων,
3001 3965 3278 4039 ἀρχόντων
3301 3970 3362 4014 τε
3397 3958 3490 4013 καὶ
3520 3955 3670 4011 λαῶν

2084 4069 2623 4141 ἐπιϐεϐουλευμένος.
2673 4067 2736 4120 Εἰ
2788 4066 2832 4119 δ’
2872 4060 3045 4122 οὐδεὶς
3097 4055 3319 4110 ἐκείνων
3367 4050 3664 4116 δείκνυται,

2085 4167 2268 4228 αὐτοῖς
2312 4162 2359 4216 δ’
2386 4161 2568 4234 ἔργοις
2598 4157 2914 4212 συνίσταται
2940 4149 3112 4206 ταῦτα
3140 4146 3334 4208 πάντα,
3369 4140 3464 4194 καὶ
3490 4138 3664 4194 πάλαι

2066 4241 2189 4330 ’μὲν
2237 4231 2556 4326 ὑπομεῖνας,
2591 4251 2685 4305 καὶ
2715 4246 2811 4304 νῦν
2841 4247 2898 4300 δὲ
2931 4243 3012 4298 ἔτι
3049 4239 3142 4295 καὶ
3176 4239 3411 4309 σήμερον
3463 4231 3567 4330 uno
3607 4245 3672 4330 τε

2088 4318 2463 4423 βασιλέων-καὶ
2495 4318 2792 4417 ἀρχόντων,
2820 4337 2989 4394 ἐθνῶν
3011 4351 3071 4388 τε
3097 4331 3192 4386 καὶ
3212 4327 3380 4423 λαῶν,
3406 4318 3676 4423 toi-tapeti:

2091 4410 2251 4514 μενος
2295 4440 2324 4492 ὁ
2366 4410 2602 4510 Χριστὸς
2641 4434 2735 4487 τοῦ
2775 4428 2933 4493 Θεοῦ,
2973 4427 3026 4479 τι
3062 4425 3122 4478 τὸ
3150 4415 3399 4514 ἐμτιοδῶν
3442 4412 3517 4486 μὴ
3550 4410 3676 4514 οῦχὶ

408 4541 825 4606 conﬁrmantur,
844 4549 958 4597 tum
980 4541 1199 4612 quidem
1231 4538 1378 4610 quod
1395 4501 1525 4593 oliui
1540 4539 1631 4593 illa
1647 4538 1971 4595 sustinuerit

2091 4501 2261 4587 Ictu-rbi:
2290 4501 2435 4585 εἶναι
2457 4528 2549 4582 τὸν
2576 4522 3046 4599 προφητευόμενον
3070 4514 3164 4569 διὰ
3181 4510 3274 4566 τοῦ
3299 4509 3569 4578 φήσαντος
3581 4501 3678 4612 ’λο-

407 4640 528 4690 tum
574 4651 705 4691 vero
749 4635 894 4705 quod
941 4633 1120 4689 adhuc
1150 4640 1313 4704 atque
1341 4632 1504 4687 hodie
1531 4646 1770 4701 quoque,
1794 4646 1825 4685 a
1850 4630 1994 4702 regi-

410 4728 536 4792 bus,
581 4736 635 4783 et
675 4728 1035 4799 principibus,
1078 4736 1132 4782 et
1168 4726 1443 4798 gentibus,
1475 4734 1530 4780 et
1580 4723 1799 4796 populis
1830 4722 1991 4778 Chri-

412 4828 537 4874 stus
558 4818 651 4873 Dei
687 4826 1052 4891 Oppugnetur,
1084 4817 1214 4887 quid
1240 4817 1352 4886 jam
1390 4815 1650 4886 impediat
1677 4831 1747 4871 ne
1774 4816 1891 4885 ipse
1921 4814 1993 4869 sit

410 4913 479 4969 de
507 4927 616 4982 quo
654 4913 936 4967 oraculum
960 4912 1094 4965 illud
1116 4910 1447 4966 vaticinatur
1479 4909 1625 4980 quod
1659 4909 1734 4963 ait
1763 4928 1775 4962 :
1799 4928 1816 4958 ι
1840 4908 1992 4964 Asti-

409 5013 595 5059 terunt
646 5020 803 5075 reges
863 5012 1024 5060 terra:
1079 5013 1134 5060 et
1181 5002 1459 5074 principes
1514 5008 1890 5057 convenerunt
1938 5000 1994 5054 in

411 5113 615 5166 unum,
645 5098 910 5155 adversus
947 5097 1260 5163 Dominum,
1305 5105 1360 5153 et
1406 5095 1671 5152 adversus
1713 5093 1993 5149 Christum

412 5187 579 5257 ejus?
616 5208 635 5240 ι
669 5189 764 5243 uni
797 5188 962 5245 etiam
995 5188 1171 5245 eidem
1199 5203 1320 5259 qua:
1347 5188 1402 5242 in
1433 5187 1627 5243 eodem
1659 5186 1872 5258 psalmo
1903 5200 1993 5239 se-

412 5289 658 5350 quuntur
706 5282 1056 5347 conveniant,
1089 5281 1145 5335 in
1180 5280 1385 5350 quibus
1415 5280 1624 5335 dictum
1664 5287 1751 5334 est
1782 5296 1798 5332 :
1834 5296 1852 5328 ‹
1885 5274 1996 5330 Do-

416 5372 599 5427 minus
627 5372 763 5427 dixit
811 5374 876 5428 ad
904 5389 990 5429 me
1022 5390 1035 5428 :
1072 5371 1247 5428 Filius
1294 5387 1451 5428 meus
1481 5387 1541 5428 es
1570 5379 1651 5436 tu,
1686 5384 1789 5441 ego
1836 5367 1998 5423 hodie

416 5461 578 5532 genui
625 5469 680 5517 te
705 5480 720 5518 :
739 5465 954 5534 postula
992 5478 1025 5519 a
1059 5478 1146 5518 me
1169 5471 1223 5519 et
1245 5462 1388 5519 dabo
1417 5463 1519 5519 tibi
1542 5469 1733 5534 gentes
1769 5459 2001 5517 mercdi-

416 5558 582 5607 tatem
614 5561 855 5622 tuam,et
877 5555 1283 5629 possessionem
1305 5562 1458 5610 tuam
1473 5554 1741 5611 terminos
1766 5561 1954 5620 terrae;
1977 5572 1995 5604 ι

415 5642 619 5700 etenim
654 5642 771 5699 haac
811 5662 1031 5718 quoque
1084 5647 1453 5705 indubitatum
1502 5650 1557 5705 in
1579 5665 1688 5706 uno
1719 5648 1812 5704 illo
1842 5662 2005 5704 even-

495 5795 539 5832 ⁸⁷
562 5797 709 5857 Psal.
754 5817 815 5870 ιι,
866 5802 887 5857 1
925 5801 980 5855 2.
1057 5803 1105 5837 “l
1126 5802 1261 5859 ibid.
1303 5803 1418 5861 6-3.

2096 4626 2217 4697 γίου
2236 4643 2254 4659 ο
2286 4644 2305 4676 ι
2336 4594 2696 4694 Παρέστησαν
2726 4594 2777 4671 οἱ
2817 4612 3057 4686 βασιλεῖς
3083 4607 3181 4678 τῆς
3213 4603 3338 4697 γῆς,
3371 4597 3541 4697 καὶιοὶ
3574 4594 3678 4697 ap:

2098 4684 2285 4794 χοντες
2311 4684 2655 4789 συνηχθησαν
2686 4710 2777 4764 ἐπὶ
2799 4684 2858 4761 τὸ
2889 4703 3021 4760 αὐτὸ
3043 4700 3181 4756 κατὰ
3215 4695 3308 4752 τοῦ
3340 4690 3545 4763 Κυρίου
3585 4684 3681 4740 καὶ

2101 4812 2243 4868 κατὰ
2263 4811 2357 4866 τοῦ
2378 4804 2613 4880 Χριστοῦ
2638 4801 2835 4867 αὐτοῦς
2866 4818 2884 4850 ι
2918 4796 3082 4864 Μόνῳ
3103 4792 3157 4845 δὲ
3174 4784 3441 4880 αὐτιῖαυκαλ⁹
3466 4780 3538 4834 τὰ
3561 4780 3681 4831 ἐπι-

2101 4904 2380 4977 φερόμενα
2427 4869 2686 4970 ἆρμόττοι
2720 4892 2785 4946 ἂν
2816 4888 2911 4943 τοῦ
2951 4880 3166 4977 ψαλμοῦ
3208 4880 3278 4933 δι’
3304 4869 3394 4977 ὧν.
3417 4872 3636 4977 εἴρηται
3661 4885 3678 4899 ·

2108 4965 2126 5049 ἆ
2155 4965 2359 5066 ἰξύριος
2382 4965 2664 5060 εἶπεπρδς
2696 4985 2791 5057 μέ·
2823 4980 2952 5045 Υἱός
2976 4996 3085 5066 ,μου
3115 4971 3165 5028 εἷ
3185 4972 3286 5066 σὺ,
3304 4966 3415 5066 ἐγὼ
3442 4965 3683 5066 σήμερον

2102 5056 2407 5160 γεγέννηκά
2434 5101 2515 5139 σε.
2550 5056 2780 5152 Ᾰῖτησαι
2810 5076 2938 5147 παρ’
2967 5060 3121 5144 ἐμοῦ,
3146 5066 3239 5121 καλ⁸
3267 5063 3423 5160 δώσω
3446 5075 3531 5112 σοι
3551 5056 3681 5160 ἔθνη

2104 5145 2202 5252 τὴν
2251 5145 2615 5249 κληρονομίαν
2664 5186 2781 5232 σου,
2816 5165 2913 5220 καὶ
2953 5161 3051 5233 τὴν
3099 5152 3426 5225 κατάσχεσιν
3472 5165 3567 5202 σου
3613 5145 3686 5198 τὰ

2105 5240 2322 5343 πέρατα
2343 5240 2455 5338 ’τῆς
2482 5240 2606 5336 γῆς.
2636 5284 2654 5316 ι
2691 5260 2802 5316 Καὶ
2826 5257 2934 5329 γὰρ
2960 5254 3055 5308 καὶ
3083 5249 3252 5306 ταῦτα
3282 5240 3687 5343 ἁναμῳςλεκτον

2107 5331 2201 5417 ἐιιτλ⁵
2231 5361 2395 5434 μόνον
2411 5331 2587 5412 ἀὑτοῦ
2616 5356 2716 5427 τὴν
2748 5351 2970 5406 ἔκϐασιν
2992 5346 3090 5417 τῆς
3119 5331 3688 5434 πῳφητείαςῌάνξξλῃη

2107 5474 2228 5526 φεν,
2250 5456 2339 5508 ὅτε
2362 5452 2469 5507 τῶν
2496 5448 2661 5506 αὐτοῦ
2688 5442 2945 5519 μαθητῶν
2964 5442 3044 5502 εἰς
3070 5438 3248 5490 πᾶσαν
3275 5430 3371 5501 τὴν
3400 5428 3504 5498 γῆν
3530 5422 3687 5493 ἐξῆλ-

2110 5513 2200 5606 θεν
2216 5513 2261 5602 ’ὁ
2294 5547 2549 5618 φθόγγος,
2574 5544 2667 5599 καὶ
2688 5513 2770 5604 εἰς
2798 5513 2867 5592 τὰ
2892 5534 3102 5605 πέρατα
3134 5528 3233 5598 τῆς
3256 5518 3584 5618 οἰκον-μένης
3629 5513 3690 5618 τὰ

2114 5605 2335 5717 ῥήματα
2601 5657 2618 5690 ›
2656 5629 2958 5705 Διαρρήδην
3004 5625 3059 5679 δὲ
3104 5621 3195 5675 τὸν
3224 5613 3460 5690 Χριστὸν
3494 5605 3693 5683 ὀνομά-
