3880 6256
212 305 309 365 309

1122 303 1774 365 DEMONSTRATIONIS
1811 308 2268 366 EVANGELICE
2300 308 2428 366 LIB.
2464 308 2555 366 IV.

3340 312 3446 367 510

211 426 287 490 ζει
314 417 729 495 προαγορεύσεις
756 419 785 472 ό
811 417 988 489 λόγος,
1015 420 1090 486 ὡς
1114 421 1178 477 ἀν
1206 422 1266 489 ἐξ
1291 422 1455 477 αὑτοῦ
1483 423 1770 496 προσώπου

1877 433 1992 480 tum
2021 426 2317 497 prophetia:
2345 434 2506 481 nacta
2547 432 2693 489 sunt,
2725 424 2943 496 quando
2977 425 3122 480 illius
3151 426 3447 499 discipulo-

206 513 467 567 διδάσκων
521 510 676 565 αὐτὸν
724 504 864 563 εῖναι
914 509 1005 563 τὸν
1039 510 1165 566 Υίδν
1203 511 1297 565 τοῦ
1334 511 1490 579 Θεοῦ,
1530 512 1617 566 διά
1657 512 1773 579 τοῦ,

210 624 230 658 ί
257 602 459 674 Κύριος
498 600 617 655 εἶπε
651 600 787 672 πρὸς
820 599 888 672 μέ
910 617 923 631 ·
959 600 1086 665 Υἱός
1120 619 1220 673 μου
1252 598 1303 655 εἷ
1331 604 1417 666 σὺ,
1453 601 1562 671 ἐγὼ
1607 604 1779 674 σήμεο

209 712 291 768 ρον
321 691 632 763 γεγέννηκά
669 709 730 745 σε
768 709 781 724 ο
823 711 843 744 ι
891 685 936 760 ᾧ
980 693 1317 765 παραθήσεις
1355 693 1538 747 καὶτὸ
1567 695 1624 747 ὲν
1658 695 1774 748 Πα-

205 785 439 862 ροιμίαις
472 783 636 839 πάλιν
667 783 728 849 ἐξ
750 782 914 838 αὑτοῦ
951 783 1243 855 προσώπου
1266 778 1368 839 ὧδέ
1405 804 1519 849 πως
1548 787 1772 858 είρημέ-
1818 846 1827 853 ,

206 895 316 933 νον*
358 895 380 929 ‹
410 875 531 949 Πρδ
553 874 646 946 τοῦ
679 874 780 947 ὅρη
814 864 1301 948 ἑδρασθῆναι;’πρὸ
1329 875 1385 929 δὲ
1406 876 1621 930 πάντων
1650 877 1772 947 βου-

202 969 300 1024 νῶν
325 969 498 1040 γεννᾷ
529 983 619 1037 με,
647 985 667 1020 ι
697 965 760 1019 τό
786 983 846 1019 τε
878 967 935 1019 έν
966 965 1044 1038 ρθ¹
1063 965 1261 1039 ψαλμῷ
1283 968 1418 1039 πρὸς
1448 968 1538 1021 τοῦ
1561 968 1774 1040 Πατρὺς

204 1062 337 1133 αὐτῷ
370 1059 906 1132 προσπεφωνημένον
937 1058 1079 1114 κατὰ
1108 1059 1189 1128 τὸ,
1214 1079 1232 1112 ι
1278 1060 1369 1114 Ἐκ
1401 1062 1633 1133 γαστρὸς
1665 1061 1772 1133 πρὸ

207 1154 515 1226 Ἑωσφόρου
537 1153 840 1224 γεγέννηκά
864 1168 943 1205 σε.
971 1171 989 1203 ι
1011 1152 1333 1223 Ἐπίστησον
1359 1153 1434 1217 δὲ,
1462 1154 1536 1218 ὡς
1559 1155 1654 1208 ἕνα
1676 1154 1770 1208 καὶ

201 1249 284 1302 τὸν
307 1247 471 1302 αὑτὸν
497 1246 755 1318 ὀνομαστὶ
787 1244 1019 1316 Χριστὸν
1050 1242 1187 1314 ὁμοῦ
1232 1244 1327 1297 καὶ
1352 1245 1479 1299 Υίὸν
1512 1245 1646 1299 Θεοῦ
1678 1247 1768 1299 ὑπ’

198 1337 492 1413 ἀνθρώπων
524 1336 1023 1408 ἐπιϐουλευόμενον,
1057 1334 1150 1387 καὶ
1184 1335 1384 1408 κλῆρον
1411 1336 1479 1389 τά
1518 1336 1645 1408 ἔθνη
1672 1337 1770 1407 λη-

194 1432 441 1502 ψόμενον,
474 1432 729 1503 περάτων
757 1446 816 1483 τε
839 1428 944 1500 γῆς
972 1429 1316 1501 κρατήσοντα
1347 1428 1688 1495 θεσπίζουσιν
1712 1432 1768 1484 αί

194 1523 330 1597 ἱεραὶ
382 1523 625 1595 Γραφαὶ,
662 1522 783 1575 δυτὴ⁸
814 1519 1133 1592 τεκμηρίοις
1179 1520 1277 1590 τὴν
1325 1522 1403 1583 είς
1451 1519 1768 1591 ἀνθρώπους

193 1617 499 1688 οἰκονομίαν
545 1615 711 1670 αὑτοῦ
746 1615 1130 1686 σημαίνουσαι,
1163 1612 1252 1666 διά
1287 1629 1347 1665 τε
1374 1612 1474 1683 τῆς
1506 1611 1625 1665 κατ’
1664 1611 1764 1664 αὐ-

194 1707 277 1760 τοῦ
314 1707 595 1777 συσκευῆς
627 1706 724 1761 καὶ
755 1704 844 1760 διά
870 1706 970 1778 τῆς
998 1706 1089 1759 ὑπ’
1115 1704 1274 1761 αὐτὸν
1306 1702 1412 1757 τῶν
1437 1701 1603 1757 ἐθνῶν
1631 1703 1767 1756 ὐπο-

193 1815 371 1868 τλγης.

1882 530 2003 569 rum
2041 534 2059 566 ι
2097 515 2153 570 in
2186 529 2398 569 onmem
2446 522 2648 570 terram
2695 513 2861 570 exivit
2907 528 3099 578 sonus,
3131 522 3185 569 et
3217 516 3274 570 in
3313 515 3447 573 ﬁnes

1879 603 2030 659 orbis
2053 611 2212 658 terra:
2239 603 2399 658 verba
2429 618 2619 659 eorum
2635 603 2702 657 ³⁹.
2730 622 2748 655 ι
2782 601 2944 659 Plane
2962 612 3140 660 autem
3166 603 3445 660 Christum

1879 694 2123 749 nominat
2168 708 2287 764 quas
2326 694 2599 748 antecedit
2650 695 2843 757 oratio,
2878 702 3138 765 tanquam
3172 710 3240 749 ex
3273 696 3446 766 ipsius

1879 800 2111 855 persona
2165 784 2389 850 docens,
2425 786 2575 840 illum
2629 801 2749 841 esse
2796 785 2993 840 Filium
3034 784 3152 850 Dei,
3188 786 3281 841 ubi
3319 788 3441 843 ait:

1842 878 1847 883 ’
1884 896 1902 929 ι
1940 875 2202 932 Dominus
2233 876 2371 931 dixit
2397 876 2464 931 ad
2500 891 2619 930 me:
2651 875 2821 932 Filius
2849 891 3001 932 meus
3022 892 3082 931 es
3111 885 3191 941 tu,
3219 892 3318 948 ego
3346 877 3445 932 ho-

1878 968 1964 1024 die
2009 969 2168 1038 genui
2200 976 2284 1034 te;
2330 987 2350 1021 ι
2401 969 2490 1024 cui
2533 969 2796 1039 adjunges
2841 969 3004 1023 etiam
3040 968 3173 1023 illud
3211 968 3357 1040 quod
3387 970 3443 1024 in

1834 1060 1849 1071 '
1875 1060 2244 1117 Proverbiis“
2273 1076 2340 1116 ex
2387 1075 2619 1133 persona
2653 1059 2899 1130 ejusdem
2952 1060 3217 1130 prolatum
3248 1069 3333 1115 est
3374 1061 3443 1115 ad

1874 1154 2024 1209 hunc
2067 1154 2288 1209 modum
2322 1167 2381 1209 se
2419 1153 2669 1209 habens:
2709 1171 2728 1205 ι
2766 1152 3069 1222 Antequam
3098 1160 3310 1208 montes
3351 1157 3443 1206 ltr-

1874 1256 2173 1310 marentur,
2188 1256 2242 1303 et
2275 1253 2399 1302 ante
2430 1261 2623 1302 omnes
2650 1246 2820 1302 colles
2849 1246 3019 1318 gignit
3047 1261 3153 1313 me,
3179 1265 3199 1297 »
3224 1257 3278 1301 et
3296 1245 3443 1317 quod

1874 1336 1929 1392 in
1950 1352 2037 1392 (ιιι
2054 1336 2099 1369 ⁸⁸
2144 1337 2354 1407 psalmo
2384 1350 2415 1390 a
2454 1334 2613 1391 Patre
2641 1336 2710 1391 ad
2743 1336 2894 1391 illum
2926 1338 3130 1393 dictum
3189 1343 3295 1399 est,
3341 1336 3446 1393 hoc

1874 1427 2040 1482 modo
2064 1443 2077 1478 :
2107 1446 2126 1479 ι
2154 1426 2230 1481 Ex
2264 1436 2421 1481 utero
2448 1434 2573 1481 ante
2594 1424 2905 1482 Luciferum
2933 1426 3091 1498 genui
3118 1434 3188 1481 te.
3227 1445 3246 1477 ι
3284 1422 3446 1497 184

1876 1518 1984 1575 Sed
2024 1518 2265 1584 attende,
2298 1516 2754 1589 quemadmodum
2787 1534 2953 1573 unum
2986 1528 3040 1573 et
3066 1516 3315 1573 eumdem
3346 1532 3445 1569 no-

1871 1611 2119 1665 minatim
2155 1610 2433 1666 Christum
2464 1607 2626 1663 simul
2655 1617 2708 1664 et
2738 1608 2935 1664 Filium
2970 1608 3085 1673 Dei,
3113 1609 3204 1678 qui
3243 1607 3312 1663 ab
3346 1606 3444 1661 ho-

1871 1702 2112 1758 minibus
2141 1703 2212 1758 sit
2232 1701 2763 1767 circumveniendus,
2779 1707 2832 1756 et
2854 1708 3055 1758 sortem
3078 1706 3266 1771 gentes
3289 1713 3442 1752 acce-

1872 1798 2087 1863 pturus,
2116 1800 2169 1847 et
2219 1791 2354 1846 ﬁnes
2405 1799 2567 1846 terrae
2610 1803 2990 1860 possessurus,
3042 1803 3212 1844 sacrae
3251 1789 3442 1842 littera:

195 1891 430 1948 futurum
469 1898 691 1955 canant,
720 1890 930 1947 duobus
963 1889 1134 1961 signis
1162 1890 1309 1947 illius
1369 1890 1512 1945 inter
1543 1887 1790 1943 homines
1854 1884 2320 1956 dispensationem
2362 1883 2751 1956 signiﬁcantes,
2810 1892 2866 1937 et
2906 1880 3308 1953 conspiratione
3345 1878 3442 1934 ad-

192 1999 370 2041 versus
437 1984 595 2040 illum
645 1983 828 2037 futura
852 1988 906 2038 et
931 1982 1171 2053 gentium
1209 1984 1313 2039 sub
1343 1982 1592 2039 eumdem
1627 1980 1988 2052 subjectione.

199 2100 443 2170 Ψαλμοῦ
477 2103 568 2155 ιθν.
592 2130 663 2172 -τ
689 2101 940 2172 Χριστὸς
965 2102 1251 2171 ὀνομαστὶ
1276 2101 1396 2155 τῶν
1426 2102 1760 2172 αἰτημάτων

1873 2100 1903 2153 Α
1941 2099 2146 2169 psalmo
2177 2113 2289 2152 nx.
2338 2130 2406 2172 ——_
2453 2097 2693 2172 Christus
2746 2096 3058 2172 nominatim
3115 2106 3437 2165 quacunque

519 2170 679 2240 παρὰ
712 2171 817 2225 τοῦ
844 2170 1077 2240 Πατρός
1098 2172 1428 2242 τυγχάνων.

259 2281 276 2313 ι
303 2260 603 2334 Πληρώσαι
638 2261 843 2334 Κύριος
874 2262 1051 2317 πάντα
1088 2263 1155 2317 τὰ
1183 2263 1460 2334 αἰτήματά
1489 2280 1581 2316 σου
1618 2279 1632 2293 ο
1668 2261 1760 2317 νῦν

195 2352 369 2421 ἔγνων,
403 2354 494 2406 ὅτι
545 2352 717 2406 ἔσωσε
752 2353 954 2425 Κύριος
994 2354 1086 2409 τὸν
1132 2355 1367 2427 Χριστὸν
1399 2352 1584 2420 αὐτοῦ,
1625 2356 1762 2408 ἐπα-

194 2444 441 2499 κούσεται
479 2442 646 2499 αὑτοῦ
678 2443 737 2511 ἐξ
769 2444 996 2517 οὐρανοῦ
1021 2446 1175 2515 ἀγίου
1207 2444 1430 2501 αὐτοῦ.»
1451 2445 1603 2498 Ἐπεὶ
1636 2444 1768 2515 πρό-

194 2555 355 2593 κειται
398 2538 502 2592 νῦν
532 2538 885 2610 παραστῆσαι
910 2538 977 2592 δι’
1001 2538 1142 2593 ὅσων
1175 2539 1432 2610 ὀνομαστὶ
1463 2539 1493 2591 ὁ
1533 2537 1766 2610 Χριστὸς

190 2633 242 2686 ὲν
270 2635 395 2696 ταῖς
422 2631 782 2705 προφητείαις
817 2632 1197 2706 ἀνηγόρευται,
1232 2634 1456 2697 εἰκότως
1486 2632 1769 2687 καὶταῦτα

190 2724 557 2797 παρατίθεμαι
581 2722 826 2796 ἐναργῶς
853 2725 1192 2797 κηρύττοντα
1230 2725 1321 2779 τὸν
1346 2724 1769 2797 Χριστόν.⁹’ολος

190 2818 239 2872 δὲ
268 2822 295 2873 ό
320 2819 551 2890 ψαλμὺς
590 2822 655 2873 ὲκ
703 2819 994 2893 προσώπου
1036 2819 1145 2873 τῶν
1172 2819 1342 2889 ἁγίων
1372 2818 1582 2891 ἀνδρῶν
1606 2820 1771 2891 εὐχὴν

192 2913 505 2984 ἀναπέμπει
528 2914 611 2976 είς
630 2913 691 2966 τὸ
708 2911 801 2967 τοῦ
825 2913 1062 2985 Χριστοῦ
1090 2912 1399 2986 πρόσωπον.
1418 2912 1636 2984 Ἐπειδὴ
1660 2914 1769 2986 γὰρ

192 3002 250 3056 δι’
270 3005 424 3075 ἡμᾶς
443 3003 542 3057 καὶ
572 3003 712 3074 ὑπὲρ
738 3002 899 3074 ἡμῶν
919 3005 1101 3058 πᾶσαν
1120 3003 1405 3069 ἀνεδέξατο
1435 3003 1593 3077 ὕϐριν
1617 3006 1773 3058 ἐναν-

191 3090 506 3164 θρωπήσας,
537 3092 816 3164 εὐχομένω
859 3092 1007 3164 αὐτῷ
1035 3094 1130 3148 καὶ
1170 3093 1409 3166 δεομένῳ
1429 3094 1529 3149 τοῦ
1560 3096 1773 3167 Πατρὸς

193 3182 326 3257 ὒπὲρ
343 3188 379 3257 ἠ
388 3185 506 3256 μῶν
528 3184 889 3258 διδασκόμεθα
916 3187 1287 3259 συνεύχεσθαι,
1310 3182 1398 3243 οἷα
1418 3188 1482 3259 δὴ
1502 3189 1630 3253 τοὺς
1650 3178 1772 3243 καθ’

196 3278 343 3350 ⁴ἡμῶν
397 3278 689 3350 πολέμους,
725 3278 836 3332 εἴτε
890 3280 1122 3351 ὁρατοὺς
1175 3279 1286 3333 εἴτε
1331 3281 1427 3334 καὶ
1483 3280 1771 3353 ἀοράτους,

196 3369 537 3442 ἀμυνομένῳ.
584 3370 675 3424 Διὸ
727 3370 831 3424 καί
867 3387 1046 3442 φαμεν
1090 3373 1250 3443 ἡμεῖς
1285 3372 1422 3444 πρὸς
1465 3371 1626 3425 αὐτὸν
1667 3370 1776 3426 ἀπὸ

2223 2169 2451 2234 postulet
2481 2186 2514 2223 a
2555 2169 2719 2223 Patre
2755 2169 3060 2236 impetrem.

1940 2277 1958 2310 ι
1990 2258 2217 2330 Impleat
2251 2257 2516 2315 Dominus
2541 2274 2732 2314 omnes
2763 2258 3055 2329 petitiones
3084 2263 3210 2312 tuas
3244 2274 3259 2312 :
3292 2269 3442 2311 nunc

1864 2351 2095 2421 cognovi
2121 2350 2267 2421 quod
2288 2351 2498 2407 salvum
2522 2349 2649 2406 fecit
2671 2348 2933 2405 Dominus
2954 2348 3233 2404 Christum
3254 2362 3438 2411 suum.

1864 2441 2115 2497 exaudiet
2155 2442 2307 2496 illum
2360 2442 2428 2497 de
2474 2444 2616 2497 cmlo
2656 2448 2849 2496 sancto
2908 2441 3084 2495 suo“.
3118 2458 3137 2492 ι
3172 2438 3443 2505 Quoniam

1867 2549 2014 2589 nunc
2058 2533 2400 2604 propositum
2431 2541 2516 2589 est
2557 2534 2936 2589 demonstrare
2961 2531 3016 2585 in
3061 2545 3224 2602 quam
3254 2528 3441 2587 multis

1867 2625 2005 2681 locis
2027 2626 2347 2681 nominatim
2371 2623 2622 2681 Christus
2644 2624 2789 2695 apud
2825 2623 3117 2696 prophetas
3144 2623 3215 2678 sit
3234 2622 3438 2688 dictus,

1869 2717 2068 2773 merito
2107 2717 2396 2789 adjungam
2418 2716 2535 2772 haec
2567 2731 2785 2788 quoque
2815 2717 2872 2771 in
2896 2716 3094 2787 quibus
3123 2713 3443 2786 planissimo

1869 2805 2122 2862 Christus
2163 2806 2468 2866 nuntiatur.
2487 2804 2755 2861 (ἔπιθι-μω
2779 2812 2929 2862 totus
2961 2805 3203 2876 psalmus
3226 2819 3290 2860 ex
3321 2816 3444 2874 per-

1874 2914 2010 2955 sona
2051 2905 2368 2955 sanctorum
2412 2899 2658 2954 virorum
2688 2913 2879 2969 preces
2909 2898 3108 2954 emittit
3164 2898 3218 2952 in
3268 2896 3442 2968 ipsius

1872 2992 2079 3049 Christi
2138 3006 2448 3064 personam.
2503 2991 2641 3045 Cum
2684 2990 2829 3046 enim
2868 3000 3085 3061 propter
3116 3004 3214 3046 nos
3252 2996 3305 3044 et
3345 3002 3443 3058 pro

1874 3085 2033 3141 nobis
2078 3082 2256 3139 factus
2313 3083 2496 3144 homo,
2526 3096 2716 3137 omnes
2749 3080 3021 3152 acceperit
3060 3078 3442 3146 contumelias,

1876 3193 1985 3233 una
2015 3192 2141 3232 cum
2163 3176 2256 3231 illo
2276 3175 2617 3247 supplicante
2635 3182 2688 3229 et
2703 3172 2917 3229 Patrem
2941 3187 3041 3243 pro
3069 3171 3229 3228 nobis
3251 3171 3446 3241 depre-

1876 3276 2056 3335 cante,
2094 3268 2200 3340 ipsi
2249 3282 2469 3339 quoque
2500 3266 2762 3322 docemur
2800 3279 2981 3329 orare,
3024 3272 3283 3334 tanquam
3319 3277 3444 3317 eum

1877 3377 1944 3418 eo
1990 3362 2086 3432 qui
2138 3360 2278 3416 bella
2322 3359 2614 3414 adversum
2647 3372 2771 3422 nos.
2803 3358 2918 3413 sive
2947 3355 3181 3410 visibilia
3212 3353 3303 3408 illa
3334 3352 3446 3408 sint

200 3463 283 3516 τοῦ
301 3462 524 3533 ψαλμοῦ
552 3461 724 3526 οὕτως
736 3462 947 3533 ἔχοντα’
972 3483 989 3515 ι
1024 3462 1352 3517 Ἐπακούσαι
1380 3481 1471 3517 σου
1498 3463 1697 3535 Κύριος
1718 3463 1770 3516 έν

1880 3455 1995 3510 sive
2041 3453 2207 3509 etiam
2249 3452 2569 3520 invisibilia,
2606 3451 2906 3523 propulset.
2943 3448 3123 3517 Quare
3155 3464 3187 3503 a
3233 3448 3445 3520 psalmo

196 3556 376 3627 ἡμέρᾳ
407 3554 667 3623 θλίψεως·
702 3554 1076 3627 ὑπερασπίσαι
1100 3572 1194 3608 σου
1218 3555 1278 3608 τὸ
1306 3554 1475 3627 ὄνομα
1505 3555 1598 3609 τοῦ
1630 3552 1767 3609 Θεοῦ

206 3646 423 3701 Ἰακὼϐ·
462 3644 843 3714 ἐξαποστείλαι
876 3665 959 3702 σοι
993 3647 1243 3719 βοήθειαν
1272 3645 1332 3713 ἐξ
1376 3646 1554 3715 ἁγίου,
1583 3646 1677 3700 καὶ
1705 3647 1770 3699 ὲκ

197 3737 331 3792 Σιὼν
350 3738 689 3794 ἀντιλάϐοιτό
721 3740 881 3793 aeu.)
930 3735 1043 3793 Εἶτ’
1071 3738 1369 3811 ἐπειδήπερ
1403 3738 1550 3791 ἐστὶν
1573 3739 1770 3790 οἰκεῖον

196 3831 360 3904 αὐτῷ,
394 3832 491 3887 ᾶτε
526 3832 748 3904 μεγάλῳ
779 3831 891 3887 ὄντι
917 3833 1182 3904 ἀρχιερεῖ,
1213 3832 1316 3895 τὰς
1350 3834 1408 3885 ὲν
1445 3830 1769 3900 δοξολογίαις

198 3925 290 3977 καὶ
329 3923 628 3994 θεολογίαις
660 3926 1032 3996 πνευματικὰς
1067 3924 1378 3997 ίερουργίας
1427 3923 1566 3996 ὑπὲρ
1613 3923 1770 3995 ἡμῶν

194 4020 449 4084 ἐκτελεῖν,
481 4021 579 4073 καὶ
612 4020 911 4092 ἐπειδήπερ
942 4013 1032 4074 οἶά
1056 4036 1118 4073 τε
1153 4020 1330 4090 ἱερεὺς
1358 4017 1518 4082 αὐτός
1546 4035 1605 4070 τε
1636 4019 1767 4070 ἑαυ-

199 4108 287 4162 τδν
311 4111 400 4162 καὶ
428 4110 489 4163 ὃν
517 4109 806 4180 ἀνείληφεν
832 4108 939 4163 ἀπὸ
966 4111 1070 4181 γῆς
1101 4109 1405 4182 ἄνθρωπον,
1443 4109 1580 4180 ὑπὲρ
1611 4111 1643 4179 ὴ
1653 4107 1769 4179 μῶν

194 4197 550 4271 δὶοκαὺτωμα
584 4200 996 4272 προσανήνεγκε
1041 4199 1121 4270 τῷ
1165 4198 1284 4270 Θεῷ
1317 4201 1412 4253 καὶ
1444 4198 1617 4270 Πατρί
1637 4217 1648 4228 ·
1680 4197 1770 4252 διά

200 4289 347 4346 τοῦτό
377 4307 561 4361 φαμεν
598 4289 777 4362 αὐτῷ·
810 4311 828 4343 ι
864 4292 1143 4365 Μνησθείη
1194 4294 1371 4363 πάσης
1417 4292 1607 4356 θυσίας
1651 4309 1766 4358 σου,

202 4381 290 4434 καὶ
313 4382 372 4435 τὸ
401 4382 768 4455 ὁλοκαύτωμά
809 4401 903 4437 σου
946 4385 1211 4439 πιανάτω.
1246 4405 1265 4437 ι
1300 4386 1409 4440 Καὶ
1437 4386 1558 4440 ἐπεὶ
1591 4385 1769 4439 πάντα

202 4474 293 4527 ὅσα
325 4474 660 4544 βουλεύεται,
698 4476 940 4548 σωτήριά
991 4479 1106 4530 ἐστι
1158 4479 1254 4531 καὶ
1304 4478 1557 4550 ὠφέλιμα
1602 4480 1659 4531 ὲν
1692 4477 1771 4548 τῷ

206 4562 401 4633 κόσμῳ,
437 4564 665 4627 εἰκότως
696 4563 1075 4637 ὲπιφωνοῦμεν
1121 4566 1289 4637 αὐτῷ,
1323 4586 1341 4618 ι
1368 4567 1490 4638 Δῴη
1536 4585 1616 4621 σοι
1657 4567 1771 4621 Κύ-

208 4670 307 4724 ριος
336 4654 484 4710 κατὰ
506 4655 607 4727 τὴν
638 4656 866 4727 καρδίαν
898 4674 1013 4723 σου,
1049 4678 1067 4710 ι
1105 4659 1372 4727 λέγοντες,
1415 4679 1432 4711 ι
1465 4662 1557 4714 καὶ
1591 4663 1770 4716 πᾶσαν

206 4745 292 4816 τὴν
325 4745 521 4818 βουλήν
554 4764 648 4800 σου
682 4745 989 4820 πληρώσαι.
1017 4769 1035 4800 ι
1070 4745 1163 4813 Οἷς
1188 4750 1316 4821 ἑξῆς
1342 4751 1442 4821 τὴν
1474 4754 1539 4806 ὲκ
1563 4751 1771 4824 νεκρῶν

1868 3547 2034 3603 verba
2063 3546 2159 3601 illa
2187 3544 2515 3616 accipientes
2543 3544 2608 3599 ad
2641 3543 2793 3598 illum
2837 3542 3019 3597 dicere
3048 3542 3306 3604 solemus,
3326 3555 3447 3610 qua:

1869 3640 1951 3696 sic
1986 3639 2188 3694 habent
2222 3655 2237 3693 :
2275 3655 2295 3689 ι
2339 3633 2608 3691 Exaudiat
2643 3641 2696 3689 te
2742 3631 3003 3688 Dominus
3026 3631 3080 3685 in
3108 3629 3196 3685 die
3218 3628 3447 3683 tribula-

1868 3732 2037 3787 tionis
2071 3740 2197 3786 ωδε.
2228 3729 2488 3800 Protegat
2545 3736 2600 3781 te
2641 3739 2841 3780 nomen
2892 3722 2988 3779 Dei
3029 3721 3201 3777 Jacoh
3225 3739 3239 3775 :
3267 3719 3447 3775 mittat

1869 3825 1969 3880 tibi
2001 3823 2264 3878 auxilium
2297 3821 2367 3876 de
2395 3827 2607 3884 sancto,
2634 3827 2690 3873 et
2721 3818 2787 3873 de
2805 3816 2938 3872 Sion
2965 3813 3228 3885 suscipiat
3254 3820 3308 3868 te
3323 3811 3391 3864 ⁸³.
3420 3830 3449 3864 »ι

1868 3915 2073 3973 Deinde
2113 3913 2371 3986 quoniam
2405 3912 2483 3968 illi
2513 3911 2796 3983 proprium
2839 3917 2946 3975 est,
2976 3916 3234 3979 tanquam
3263 3906 3331 3963 ei-
3349 3907 3444 3978 qui

1868 4022 2100 4080 magnus
2126 4008 2197 4064 sit
2224 4005 2489 4079 pontifex,
2527 4004 2835 4076 spiritualia
2874 4003 2929 4058 in
2961 4000 3447 4073 gloriﬁcationibus

1870 4116 1935 4157 ac
1955 4098 2437 4172 praedicationibus
2459 4097 2527 4154 de
2555 4096 2688 4163 Deo,
2707 4095 2977 4153 sacriﬁcia
3005 4110 3106 4167 pro
3136 4094 3295 4150 nobis
3312 4107 3449 4149 con-

1871 4193 2053 4261 ﬁcere,
2081 4191 2450 4264 quoniamque
2482 4200 2540 4247 ut
2568 4188 2827 4247 sacerdos
2848 4195 2903 4244 et
2928 4188 3281 4257 semetipsum
3305 4185 3446 4256 ipse,

1869 4292 1924 4341 et
1953 4300 2116 4356 quem
2176 4283 2478 4355 assumpsit
2527 4282 2596 4338 de
2648 4289 2796 4337 terra
2827 4281 3125 4344 hominem,
3158 4294 3258 4351 pro
3287 4279 3451 4335 nobis

1870 4376 2170 4449 perfectum
2198 4383 2362 4448 atque
2395 4377 2665 4447 integrum
2709 4372 3037 4431 sacriﬁcium
3066 4371 3177 4428 Deo
3209 4378 3264 4426 et
3299 4369 3448 4426 Patri

1870 4471 2088 4539 obtulit,
2145 4470 2354 4525 ideirco
2413 4469 2481 4524 ad
2536 4469 2687 4523 illum
2732 4467 2983 4522 dicimus
3025 4484 3039 4521 :
3087 4464 3349 4520 «Memor
3377 4465 3450 4520 sit

1871 4562 2051 4619 omnis
2086 4561 2341 4619 sacriﬁcii
2392 4561 2495 4625 tui,
2524 4569 2577 4616 et
2622 4560 3001 4614 holocaustum
3040 4565 3194 4610 tuum
3248 4556 3448 4626 pingue

1872 4653 2118 4710 faciat“.
2169 4673 2187 4707 ι
2235 4653 2301 4708 Et
2359 4653 2489 4724 quia
2536 4652 2720 4707 omnia
2767 4664 3105 4721 quaecunque
3160 4648 3447 4709 deliberat,

1875 4746 2137 4803 salutaria
2178 4752 2304 4801 sunt
2337 4752 2501 4815 atque
2536 4743 2692 4797 utilia
2737 4740 2961 4804 mundo,
2993 4740 3117 4809 jure
3160 4745 3214 4794 et
3254 4738 3451 4793 merito

208 4833 491 4890 ἀνάστασιν
520 4834 686 4890 αὐτοῦ
710 4819 1116 4909 ὁμολογοῦντες,
1151 4819 1329 4911 φαμέν
1348 4857 1360 4869 ·
1381 4819 1408 4892 ι.
1425 4819 1766 4910 Ἀγαλλιάσό-

1876 4840 1957 4897 sic
1986 4838 2137 4892 illum
2186 4837 2515 4907 alloquimur
2549 4854 2562 4889 :
2598 4852 2617 4885 ι
2664 4833 2896 4888 Tribuat
2918 4833 3035 4888 tibi
3071 4831 3335 4887 Dominus
3365 4846 3451 4885 se-

211 4926 336 4996 μεθα
366 4929 427 4981 ὲν
462 4927 540 4999 τῷ
588 4931 840 5002 σωτηρίῳ
871 4947 985 4985 σου.
1022 4951 1038 4983 ›
1070 4931 1340 5004 Σωτήριον
1369 4932 1475 5004 γὰρ
1507 4932 1599 4986 τοῦ
1632 4935 1767 5006 Χρι-

209 5017 323 5071 στοῦ
346 5019 399 5072 τί
434 5018 504 5072 ἂν
530 5018 718 5091 ἓτερον
746 5022 917 5074 νοοῖτο
944 5023 992 5075 εἰ
1029 5023 1102 5093 μὴ
1129 5025 1161 5092 ἡ
1197 5025 1262 5075 ὲκ
1298 5022 1506 5093 νεκρῶν
1537 5022 1772 5078 ἀνάστα-

208 5124 283 5179 σις
312 5110 503 5179 αὑτοῦ,
532 5110 601 5164 δι’
627 5107 696 5183 ἦς
741 5113 836 5167 καὶ
880 5113 1089 5178 πάντας
1114 5114 1240 5178 τοὺς
1265 5116 1393 5186 πρὶν
1421 5117 1771 5171 ἐκπεπτωκό-

206 5213 296 5263 τας
319 5199 637 5270 ἀνίστησιν;
662 5199 826 5257 Ὅθεν
854 5202 1031 5274 φαμέν
1051 5221 1063 5234 ·
1108 5224 1127 5255 ι
1153 5205 1264 5258 Καὶ
1308 5206 1365 5258 ὲν
1387 5206 1610 5277 ὀνόματι
1636 5206 1771 5260 Θεοῦ

208 5290 352 5361 ἡμῶν
381 5292 938 5366 μεγαλυνθησόμεθα’
972 5297 1066 5351 καὶ
1095 5296 1375 5369 πληρώσαι
1404 5297 1607 5370 Κύριος
1636 5299 1772 5353 πάν-

207 5398 271 5437 τα
294 5384 360 5438 τὰ
387 5385 670 5455 αἰτήματα
702 5403 817 5443 σου.
851 5408 868 5440 ι
889 5388 1012 5442 ’Ertl
1031 5390 1162 5443 πᾶσι
1182 5390 1390 5454 τούτοις
1416 5391 1775 5463 διδασκόμεθα

210 5475 376 5546 λέγειν
423 5477 509 5543 τὸ,
551 5497 571 5532 ι
601 5478 718 5533 Νῦν
761 5479 950 5551 ἔγνων,
979 5484 1060 5537 ὅτι
1090 5483 1261 5538 ἔσωσε
1293 5484 1496 5556 Κύριος
1521 5484 1611 5538 τὸν
1641 5486 1775 5556 Χρι-

1875 4930 2116 4986 cundum
2177 4944 2274 4984 cor
2325 4937 2501 4995 tuum,
2540 4934 2596 4982 et
2649 4942 2811 4982 omne
2831 4925 3122 4982 consilium
3166 4932 3319 4979 tuum
3348 4923 3452 4977 im-

1877 5023 2102 5095 pleat“.
2147 5042 2166 5076 ι
2210 5021 2291 5076 Ad
2328 5022 2443 5076 haec
2488 5021 2754 5091 deinceps
2775 5020 2896 5090 ejus
2926 5034 2957 5073 a
2992 5024 3167 5072 morte
3216 5014 3452 5071 reditum

1879 5113 1946 5168 ad
1989 5115 2158 5169 vitam
2188 5113 2533 5177 conﬁtentes,
2566 5111 2803 5167 dicimus
2837 5129 2848 5165 :
2887 5129 2906 5161 ι
2943 5107 3352 5165 Exsultabimus
3396 5106 3453 5161 in

1880 5212 2108 5267 salutari
2136 5221 2229 5266 tuo
2248 5210 2312 5265 “'.
2349 5229 2367 5262 ι
2398 5208 2609 5264 Etenim
2655 5205 2861 5262 Christi
2892 5204 3132 5260 salutare
3172 5199 3451 5271 quodnam

1881 5301 2028 5357 aliud
2078 5300 2412 5371 intelligatur
2469 5299 2708 5363 tandem,
2746 5295 2852 5353 nisi
2886 5295 3034 5350 illius
3061 5309 3092 5349 a
3127 5291 3359 5348 mortuis
3386 5290 3453 5346 ad

1879 5393 2034 5448 vivos
2080 5392 2297 5458 reditio,
2327 5392 2487 5464 185
2516 5407 2613 5463 per
2645 5404 2809 5461 quam
2857 5402 3049 5444 omnes
3091 5385 3186 5457 qui
3247 5382 3454 5440 cecide-

1883 5492 2008 5539 rant
2036 5484 2089 5538 in
2131 5484 2424 5555 pristinum
2475 5489 2678 5539 statum
2718 5477 2992 5536 restituit?
3018 5490 3085 5533 ex
3133 5490 3245 5548 quo
3289 5474 3453 5530 etiam

274 5658 479 5734 {Psal-
535 5680 694 5732 xvm,
739 5664 790 5720 5.
869 5662 1232 5734 δῬτον.νιιι,
1287 5664 1374 5720 25.
1454 5665 1496 5696 “
1523 5680 1665 5723 vers.
1711 5665 1764 5721 '5.
1842 5661 2272 5731 “Psal.xtx,7.
2346 5661 2390 5694 ’⁵³
2414 5659 2546 5717 ibid.
2582 5659 2715 5727 2,3.
2792 5656 2990 5713 “ibid.
3028 5654 3080 5713 ι.
3160 5650 3361 5709 “Ibid.
3397 5649 3452 5706 Β.

212 5725 253 5758 ⁵⁸
277 5728 402 5785 ibid.
441 5731 495 5786 ὑ.
