3880 6256
438 268 541 326 SH
1078 265 1345 323 EUSEBII
1378 263 1861 321 (ΞᾸΞΞΑΗΙΕΝΞΙΞ
1897 264 1983 320 0P

2100 264 2282 320 PARS.
2325 263 2386 320 ll.
2432 264 3023 325 -—APOLOGETICA.
3595 268 3697 322 512

440 389 576 447 illud
621 387 877 454 dicimus,
917 404 939 438 ι
974 392 1029 441 et
1078 385 1132 439 in
1184 384 1405 440 nomine
1432 381 1527 439 Dei
1563 384 1736 439 nostri
1765 382 1983 453 magniﬁ

2122 381 2245 434 στὸν
2277 381 2444 436 αὑτοῦ
2464 421 2478 446 ,
2508 401 2527 432 ι
2555 382 2629 452 μὴ
2653 381 2821 435 πάλαι
2843 382 2997 436 τοῦτο
3024 382 3243 446 εἰδότες,
3278 382 3325 434 εί
3356 380 3430 452 μὴ
3458 380 3547 434 ὅτε
3575 383 3701 454 πρό⁹

436 482 731 539 cahimur:
769 487 824 534 et
881 478 1103 547 impleat
1160 475 1427 532 Dominus
1480 490 1671 532 omnes
1724 476 1988 546 petitione

2118 492 2275 546 τερον
2303 473 2363 527 τὸ
2392 474 2656 545 σωτήριον
2676 473 2841 528 αὑτοῦ
2863 474 3197 545 συνήκαμεν,
3223 475 3322 545 τῆς
3348 473 3698 539 ἀναστάσεως

436 578 562 628 tuas
579 570 644 628 ".
676 589 696 623 ι
741 569 869 625 Post
928 568 1045 623 haec
1098 567 1304 634 omnia,
1331 566 1594 623 docemur
1631 566 1763 620 illud
1797 580 1988 637 quoqul

2122 565 2285 620 αὐτοῦ
2317 564 2416 636 τὴν
2451 563 2677 636 δύναμιν
2705 567 3151 637 κατανοήσαντες.

435 668 663 722 dicere:
701 681 722 715 ‹
757 662 915 718 Nunc
959 662 1191 735 cognovi
1223 662 1372 733 quod
1400 663 1611 719 salvum
1653 660 1783 718 fecit
1833 659 2094 716 Dominus
2160 662 2441 717 Christum
2481 676 2639 717 suum
2694 660 2767 726 ⁴⁸;
2812 680 2829 712 ι
2863 661 3063 730 quippe
3127 660 3218 731 qui
3256 675 3364 715 non
3395 658 3552 730 prius
3589 658 3695 713 hoc

436 755 884 822 intellexerimus,
938 768 1103 824 quam
1150 753 1246 809 ubi
1300 753 1543 810 salutare
1609 752 1728 823 ejus
1774 752 2181 822 agnoverimus,
2248 763 2303 811 et
2358 754 2777 811 resurrectionis
2827 753 2976 809 illius
3025 753 3279 808 virtutem
3349 753 3697 824 perspexeri-

434 863 579 902 mus.

432 961 478 1017 Α
518 962 726 1033 psalmo
754 976 941 1033 _xxvu.
971 991 1041 1000 —
1072 959 1317 1016 Christus
1369 962 1677 1033 nominatim
1728 959 2009 1014 Dominum

744 1031 962 1086 Patrem
999 1041 1050 1085 et
1089 1040 1429 1101 protectorem
1461 1031 1699 1100 adeptus.

510 1142 529 1176 ι
555 1122 825 1181 Dominus
867 1124 1215 1180 continuatio
1254 1123 1441 1194 populi
1486 1124 1595 1188 sui,
1643 1133 1698 1179 et
1736 1130 2010 1193 protector

433 1216 798 1272 salvationum
828 1214 1034 1271 Christi
1082 1215 1169 1271 sui
1212 1222 1298 1270 est
1321 1216 1387 1270 ".
1421 1233 1441 1267 ι
1480 1214 1581 1268 Hic
1606 1228 1825 1285 quoque
1864 1214 2011 1283 psal-

431 1322 582 1373 mus,
608 1308 702 1378 qui
726 1322 875 1362 nunc
900 1315 985 1362 est
1015 1306 1073 1361 in
1097 1306 1372 1371 manibus,
1411 1306 1480 1362 ad
1509 1305 1788 1363 Christum
1810 1306 2004 1361 referri

432 1398 595 1465 solet,
624 1399 825 1469 quippe
853 1398 947 1469 qui
968 1411 1087 1453 eam
1119 1412 1336 1467 precem
1363 1382 1640 1453 contineat
1662 1411 1825 1467 quam
1845 1395 2004 1451 Chri-

433 1498 575 1556 stus,
629 1505 740 1562 quo
789 1499 1034 1560 tempore
1081 1504 1349 1560 passurus
1400 1496 1541 1555 erat,
1591 1498 1847 1560 precatus
1898 1499 2000 1544 est.

431 1579 669 1636 Proinde
718 1581 878 1636 initio
927 1580 1172 1651 psalmus
1211 1580 1327 1636 haec
1364 1579 1569 1635 habet:
1602 1598 1622 1631 ι
1650 1578 1731 1634 Ad
1774 1586 1848 1642 te,
1898 1578 2006 1632 Do-

430 1675 596 1738 mine,
636 1673 866 1728 clamavi
899 1691 913 1728 :
946 1673 1087 1729 Deus
1107 1688 1285 1737 meus,
1330 1687 1399 1728 ne
1444 1671 1610 1728 sileas
1652 1684 1682 1723 a
1709 1685 1818 1734 me,
1846 1677 1899 1724 et
1930 1668 2005 1723 si-

2127 956 2376 1026 Ψαλμοῦ
2428 956 2527 1020 κζ’.
2556 987 2624 996 -—
2658 955 2909 1023 Χριστὸς
2948 955 3234 1026 ὀνομαστὶ
3276 956 3373 1009 καί
3415 959 3524 1013 τὸν
3567 963 3693 1018 Πα-

2322 1026 2461 1096 τέρα
2483 1029 2580 1081 καὶ
2603 1024 3060 1094 ύπερασπιστὴν
3105 1026 3483 1096 κεκτημένος.

2194 1139 2211 1170 ο
2254 1119 2457 1192 Κύριος
2480 1119 2805 1191 κραταίωμα
2831 1116 2923 1171 τοῦ
2953 1115 3083 1171 λαοῦ
3117 1119 3253 1182 ἐστι,
3277 1120 3370 1173 καὶ
3388 1121 3699 1193 ὑπερασπιι

2118 1212 2247 1284 στὴς
2274 1210 2382 1265 τῶν
2412 1210 2692 1282 σωτηρίων
2724 1208 2815 1263 τοῦ
2843 1208 3078 1282 Χριστοῦ
3108 1208 3270 1262 αὐτοῦ
3292 1211 3426 1265 ἐστι.
3469 1232 3489 1264 ι
3521 1214 3639 1269 Καὶ
3665 1218 3694 1268 ὁ

2116 1303 2253 1375 μετὰ
2304 1306 2491 1375 χεῖρας
2522 1302 2731 1373 ψαλμὸς
2791 1304 2871 1365 εἰς
2914 1301 3006 1355 τὸν
3055 1303 3286 1376 Χριστὸν
3330 1304 3689 1378 ἀναφέρεται,

2110 1395 2275 1451 αὑτοῦ
2333 1396 2397 1468 δὴ
2447 1394 2538 1449 τοῦ
2595 1394 2830 1467 Χριστοῦ
2887 1394 3153 1466 περιέχων
3182 1395 3366 1467 εὐχὴν,
3401 1398 3467 1468 ἣν
3531 1398 3688 1470 παρᾶ

2108 1488 2199 1540 τὸν
2230 1485 2324 1539 τοῦ
2358 1484 2565 1549 πάθους
2611 1483 2957 1557 προσηύξατο
3007 1485 3217 1557 καιρόν.
3259 1486 3349 1539 Διὸ
3394 1489 3450 1540 ἐν
3481 1489 3584 1558 μὲν
3620 1494 3689 1561 τῇ

2109 1581 2351 1650 καταρχῇ
2386 1577 2478 1631 τοῦ
2502 1577 2715 1649 ψαλμοῦ
2762 1594 2927 1649 φησι·
2960 1595 2978 1629 ι
3014 1578 3159 1650 Πρὸς
3200 1579 3281 1643 σὲ,
3334 1580 3525 1652 Κύριε,
3560 1583 3690 1635 ἐκέ-

2110 1670 2316 1742 κραξα·
2371 1670 2400 1721 ὁ
2443 1668 2573 1732 Θεός
2622 1686 2746 1740 μου,
2780 1668 2854 1739 μὴ
2910 1671 3342 1741 παρασιωπήσῃς
3387 1672 3480 1724 ἀπ’
3524 1671 3689 1744 ἐμοῦ,

429 1764 579 1821 milis
609 1763 731 1818 [iam
761 1762 1223 1820 descendentibus
1253 1762 1311 1817 in
1335 1763 1539 1817 lacum.
1570 1781 1589 1814 ι
1631 1760 1691 1816 In
1720 1760 1826 1814 line
1847 1773 1988 1824 vero,

2109 1762 2202 1815 ml
2231 1761 2640 1833 ὁμοιωθήσομαι
2685 1763 2797 1825 τοῖς
2831 1760 3247 1816 καταϐαίνουσιν
3291 1765 3368 1827 είς
3393 1763 3617 1819 λάκκον.
3659 1785 3682 1820 ι

426 1852 576 1909 illius
604 1854 1063 1911 resurrectionem
1094 1870 1124 1909 a
1145 1853 1379 1910 mortuis
1406 1853 1576 1920 canit,
1600 1852 1790 1907 dicens
1816 1869 1828 1905 :
1858 1869 1878 1903 ι
1901 1849 2003 1906 Be-

425 1944 678 2002 nedictus
720 1944 1006 2009 Dominus,
1058 1947 1317 2018 quoniam
1359 1946 1641 2002 exaudivit
1673 1960 1863 2000 vocem
1906 1942 2001 1999 de.

425 2035 759 2105 precationis
785 2051 936 2092 meae.
969 2036 1234 2093 Dominus
1275 2035 1495 2106 adjutor
1532 2050 1687 2091 meus
1726 2042 1782 2090 et
1817 2041 1999 2104 prote-

424 2134 547 2182 ctor
575 2143 760 2195 meus;
802 2128 859 2184 in
890 2129 984 2183 illo
1014 2130 1249 2200 speravit
1304 2143 1401 2183 cor
1444 2142 1647 2195 meum,
1691 2134 1746 2182 et
1778 2127 1999 2196 adjutus

423 2233 571 2284 sum.
609 2227 664 2275 et
707 2220 956 2276 reﬂoruit
996 2236 1127 2276 caro
1158 2237 1276 2277 mea
1306 2239 1319 2275 :
1351 2228 1406 2276 et
1446 2236 1512 2276 ex
1561 2219 1841 2275 voluntate
1877 2231 1998 2272 mea

421 2309 726 2366 conﬁtebor
756 2311 805 2367 ei
831 2312 899 2365 ⁸ο.
930 2332 948 2365 ι
1004 2311 1217 2380 Quibus
1269 2312 1488 2369 divinus
1544 2318 1600 2367 et
1643 2308 1996 2382 propheticus

422 2397 661 2470 Spiritus
699 2400 950 2474 adiungit
981 2421 993 2458 ;
1034 2420 1053 2454 ι
1090 2402 1355 2460 Dominus
1408 2400 1756 2459 conﬁrmatio
1809 2401 1995 2473 populi

419 2494 530 2560 sui,
572 2503 852 2566 protector
903 2496 1270 2553 salvationum
1319 2495 1525 2552 Christi
1570 2496 1657 2551 sui
1689 2501 1796 2560 est,
1828 2514 1847 2548 ι
1900 2496 1995 2566 qui

418 2600 522 2641 nos
557 2586 781 2642 instruit
822 2588 1289 2659 quemadmodum
1321 2588 1505 2644 omnia
1541 2603 1665 2660 quae
1708 2588 1765 2644 in
1795 2586 1995 2643 divinis

417 2678 615 2736 litteris
642 2679 844 2736 habent
873 2681 1308 2745 admirationem,
1343 2688 1397 2736 et
1423 2681 1627 2736 Christi
1656 2680 1877 2736 nomine
1909 2679 1995 2735 in-

415 2772 624 2842 scripta
672 2779 823 2837 sunt,
856 2779 912 2829 et
949 2774 1017 2830 ad
1066 2774 1300 2831 salutem
1335 2774 1618 2830 hominum
1653 2780 1827 2845 gesta,
1878 2773 1996 2830 sive

416 2872 710 2934 praecepta,
753 2864 870 2921 sive
915 2866 1155 2938 negotia,
1189 2868 1305 2922 sive
1339 2866 1406 2921 ad
1450 2866 1908 2922 resurrectionem
1937 2865 1997 2920 il-

415 2956 526 3012 lius
557 2970 589 3010 a
627 2957 861 3013 mortuis
896 2958 1227 3028 pertinentia
1270 2958 1552 3030 mysteria,
1584 2958 1896 3029 cuiusmodi
1928 2973 1994 3015 ea

416 3055 567 3114 sunt,
596 3049 665 3105 de
692 3051 893 3120 quibus
912 3066 1063 3107 nunc
1089 3051 1296 3123 agitur.
1322 3060 1459 3107 nutu
1491 3067 1554 3107 ac
1577 3052 1782 3109 virtute
1810 3050 1991 3109 Patris

2103 1854 2247 1926 Πρὸς
2276 1854 2331 1907 δὲ
2358 1851 2436 1924 τῷ
2490 1852 2657 1918 τέλει,
2682 1852 2780 1924 τὴν
2827 1855 2891 1907 ἐκ
2936 1854 3145 1927 νεκρῶν
3189 1856 3481 1911 ἀνάστασιν
3516 1858 3686 1912 αὑτοῦ

2104 1943 2348 2009 θεσπίζει
2376 1944 2549 2013 λέγων
2573 1961 2586 1974 ·
2618 1963 2637 1995 ε
2678 1943 2986 2015 Εὐλογητὸς
3013 1945 3238 2019 Κύριος,
3272 1948 3353 2001 ὅτι
3391 1950 3686 2021 είσήκουσε

2101 2039 2197 2110 τῆς
2229 2038 2411 2109 φωνῆς
2439 2038 2538 2108 τῆς
2579 2036 2814 2110 δεήσεως
2844 2056 2968 2110 μου.
2999 2038 3205 2110 Κύριος
3232 2040 3423 2113 βοηθός
3455 2060 3557 2113 μου
3584 2044 3687 2098 καὶ

2101 2131 2516 2202 ὑπερασπιστὴς
2552 2146 2682 2201 μου⁸
2714 2132 2802 2184 ἐπ’
2826 2128 2975 2201 αὐτῷ
3009 2130 3287 2204 ἧλπισενή
3325 2132 3519 2204 καρδία
3552 2150 3684 2205 μου,

2100 2223 2192 2276 ml
2217 2221 2542 2293 ἐϐοηθήθην,
2587 2222 2682 2276 ml
2737 2223 2996 2283 ἀνέθαλεν
3031 2227 3065 2296 ὴ
3118 2223 3253 2297 σάρξ
3293 2242 3428 2296 μου·
3478 2228 3575 2280 καὶ
3615 2229 3689 2281 ὲκ

2099 2313 2402 2384 θελήματός
2439 2331 2541 2384 μου
2588 2313 3055 2387 ὲξομολογήσομαι
3089 2314 3256 2386 αὐτῷ.
3293 2334 3312 2368 ι
3358 2317 3472 2387 Ἐφ’
3507 2311 3588 2380 οἷς
3620 2318 3686 2372 τὸ

2098 2404 2238 2458 θεῖον
2295 2404 2388 2458 ml
2443 2406 2778 2478 προφητικὸν
2824 2406 3051 2480 Πνεῦμα
3089 2406 3366 2476 ἐπιλέγει*
3414 2427 3435 2460 ‹
3473 2408 3686 2481 Κύριος

2097 2496 2423 2569 κραταίωμα
2464 2496 2557 2551 τοῦ
2596 2497 2728 2553 λαοῦ
2758 2498 2945 2564 αὑτοῦ,
2979 2500 3074 2555 ml.
3119 2500 3530 2572 ὑπερασπιστὴς
3571 2502 3686 2554 τῶν

2099 2590 2379 2661 σωτηρίων
2407 2589 2501 2642 τοῦ
2523 2589 2759 2663 Χριστοῦ
2788 2591 2953 2646 αὑτοῦ
2984 2594 3099 2646 ἐστι
3120 2610 3134 2623 ο
3176 2611 3194 2645 ι
3230 2592 3482 2647 παιδεῦον
3508 2594 3684 2663 ἡμᾶς,

2094 2685 2177 2738 ὅτι
2199 2682 2264 2755 δὴ
2291 2682 2468 2737 πάντα
2488 2684 2547 2736 ὲν
2584 2686 2705 2747 ταῖς
2740 2684 2911 2748 θείαις
2953 2686 3197 2758 Γραφαῖς
3228 2685 3555 2758 ἀνάγραπτα
3582 2684 3684 2738 τοῦ

2093 2773 2331 2845 Χριστοῦ
2373 2771 2672 2845 θαυμάσια,
2701 2776 2793 2829 ἐπὶ
2811 2777 3052 2849 σωτηρίᾳ
3075 2776 3180 2830 τῶν
3202 2775 3504 2848 ἀνθρώπων
3523 2777 3686 2845 γενό-

2098 2881 2257 2934 μενα,
2286 2864 2401 2918 εἴτε
2440 2860 2532 2919 οῦν
2569 2864 2887 2937 μαθήματα,
2914 2865 3023 2920 εἴτε
3052 2867 3374 2937 γράμματα,
3399 2864 3508 2919 εἴτε
3535 2865 3684 2921 κατά

2093 2955 2191 3028 τὴν
2222 2957 2287 3010 ἐκ
2317 2956 2528 3028 νεκρῶν
2588 2957 2886 3011 ἀνάστασιν
2929 2956 3094 3011 αὐτοῦ
3130 2958 3402 3029 μυστήρια
3429 2957 3525 3011 νῦν
3554 2959 3681 3012 ὀνο-

2096 3047 2395 3120 μαζόμενα,
2416 3047 2644 3120 νεύματι
2667 3050 2762 3102 ml.
2789 3048 3317 3122 δυνάμειγεγένηται
3341 3050 3432 3103 τοῦ
3459 3049 3681 3120 Πατρὸς

414 3150 567 3213 gesta
593 3153 740 3207 sunt,
765 3144 859 3215 qui
887 3145 945 3199 in
988 3144 1204 3201 cunctis
1242 3145 1656 3203 admirabilihus
1687 3161 1753 3202 ac
1782 3147 1988 3203 saluta-

2100 3138 2152 3190 ὲν
2186 3137 2356 3193 ἅπασι
2401 3141 2514 3201 τοῖς
2550 3136 2875 3209 παραδόξοις
2919 3138 3013 3190 ml
3065 3138 3352 3210 σωτηρίοις
3396 3138 3576 3209 λόγοις
3611 3158 3685 3195 τε

413 3235 569 3292 ribus
599 3243 655 3293 et
685 3238 873 3294 verbis
894 3246 949 3295 et
977 3238 1136 3296 tactis
1161 3255 1324 3296 suum
1358 3238 1637 3297 Christum
1662 3241 1919 3313 protegit.

412 3346 456 3402 Α
483 3348 690 3417 psalmo
740 3366 966 3406 LXXXIII.
1003 3382 1076 3392 —-
1102 3350 1345 3407 Christus
1400 3354 1715 3408 nominatim
1767 3362 1990 3409 tutorem

484 3418 586 3493 sibi
623 3419 789 3475 Deum
815 3421 1102 3477 ascribens.
1134 3421 1380 3493 Unusque
1410 3426 1813 3481 resurrectionis
1842 3426 1990 3480 illius

483 3488 596 3546 dies
622 3506 641 3545 :
669 3500 718 3546 et
741 3508 849 3546 una
870 3492 1060 3548 domus
1091 3493 1216 3559 Dei,
1252 3488 1487 3550 Ecclesia
1517 3496 1706 3564 ipsius.

487 3684 509 3720 ο
532 3664 816 3725 Protector
844 3678 1033 3727 noster
1066 3672 1273 3743 aspice,
1306 3672 1471 3737 Deus,
1503 3681 1558 3731 et
1586 3676 1799 3747 respice
1821 3679 1874 3732 in
1908 3677 1990 3731 fa-

409 3757 551 3814 ciem
583 3759 789 3817 Christi
842 3762 941 3818 tui.
988 3762 1126 3830 Quia
1175 3766 1371 3821 melior
1408 3776 1492 3822 est
1529 3769 1691 3841 186
1722 3770 1840 3827 dies
1879 3786 1986 3825 una

408 3847 468 3905 in
501 3852 656 3908 atriis
686 3854 795 3909 tuis
836 3870 1003 3926 super
1025 3859 1195 3912 millia
1225 3877 1239 3913 :
1285 3860 1423 3929 elegi
1453 3861 1725 3930 abjectum
1771 3878 1896 3919 esse
1927 3863 1983 3917 in

410 3942 575 3998 domo
593 3942 688 3998 Dei
713 3946 818 4001 mei
846 3948 1041 4018 magis,
1063 3964 1226 4020 quam
1252 3950 1500 4008 habitare
1529 3969 1614 4009 me
1642 3955 1697 4008 in
1729 3955 1983 4010 taberna-

408 4037 550 4092 culis
593 4043 1022 4107 peccatorum“.
1051 4062 1070 4096 ›
1134 4043 1235 4109 Qui
1284 4057 1488 4101 norunt
1545 4046 1823 4104 Christum
1886 4050 1980 4105 Dei

408 4143 534 4184 esse
567 4128 829 4193 Verbum.
863 4141 918 4188 et
967 4135 1316 4205 sapientiam.
1374 4145 1429 4194 et
1456 4138 1631 4195 lucem
1675 4156 1880 4206 veram,
1926 4149 1982 4198 et

408 4219 599 4287 vitam,
644 4221 841 4279 deinde
872 4226 1122 4282 eumdem
1159 4227 1361 4284 factum
1410 4246 1534 4287 esse
1574 4232 1851 4289 hominem
1895 4234 1981 4288 in-

408 4310 683 4381 telligunt,
722 4313 1062 4372 admirantur
1118 4319 1222 4375 hoc
1275 4321 1421 4393 quod
1451 4338 1668 4380 omnem
1700 4323 1859 4381 ﬁdem
1887 4343 1981 4382 su-

407 4411 564 4474 perat
604 4407 966 4476 propositum,
1013 4410 1150 4466 adeo
1182 4414 1425 4483 quidem,
1474 4423 1534 4470 ut
1567 4415 1620 4469 in
1667 4417 1831 4472 verba
1884 4419 1977 4473 illa

2095 3229 2189 3283 καὶ
2221 3229 2402 3302 ἔργοις
2430 3228 2895 3303 ύπερασπίζοντος
2927 3229 3021 3283 τοῦ
3062 3230 3194 3284 ἰδίου
3224 3231 3484 3305 Χριστοῦ.

2100 3340 2355 3411 Ψαλμοῦ
2380 3348 2492 3410 πγ’.
2517 3373 2587 3383 --
2604 3339 2861 3409 Χριστός
2888 3341 3175 3411 ὀνομαστὶ
3216 3343 3324 3395 τὸν
3356 3342 3506 3396 Θεὸν
3564 3344 3676 3397 ἐπ’·

2162 3413 2353 3494 daren:-
2364 3413 2852 3494 ἐςτιῃςαφόμιξνος,
2864 3412 2974 3494 μίρ
2995 3429 3059 3465 τε
3081 3413 3122 3494 11
3149 3412 3259 3494 τῇς
3279 3412 3675 3494 ᾀιςεστᾴσεως

2159 3478 2347 3569 αἰετοῦ
2376 3478 2589 3553 ἡμέρα,
2627 3478 2726 3537 καί
2767 3478 3055 3550 εἷςόἷκος
3082 3478 3298 3551 Θεοῧίή
3341 3478 3678 3552 Ἐκκλησία

2163 3570 2369 3606 αυτου.

2164 3685 2183 3717 ι
2231 3666 2640 3738 ’Υπερασπιστά
2662 3664 2839 3737 ἡμῶν,
2876 3666 2971 3735 ίδὲ,
3000 3668 3029 3721 ὁ
3059 3666 3210 3731 Θεὸς,
3242 3668 3334 3721 καὶ
3378 3668 3675 3738 ὲπίὸλεψον

2088 3757 2181 3811 ἐπὶ
2225 3759 2286 3809 τὸ
2306 3756 2594 3829 πρόσωπον
2651 3756 2746 3810 τοῦ
2790 3757 3029 3829 Χριστοῦ
3078 3774 3193 3814 σου.
3235 3758 3354 3812 Ὀτι
3397 3758 3704 3830 κρείσσων,

2087 3848 2266 3921 ἡμέρα
2303 3848 2402 3919 μία
2431 3849 2489 3900 ἐν
2517 3851 2636 3913 ταῖς
2662 3849 2853 3913 αὐλαῖς
2884 3866 2976 3903 σου
2999 3850 3138 3922 ὑπὲρ
3157 3849 3420 3920 χιλιάδας.
3453 3850 3671 3917 Ἐξελε-

2087 3938 2263 4010 ξάμην
2319 3940 2818 4011 παραρριπτείσθαι
2864 3940 2921 3993 ὲν
2962 3939 3041 4012 τῷ
3082 3938 3217 4011 οἴκῳ
3253 3939 3348 3992 τοῦ
3393 3939 3530 3993 Θεοῦ
3564 3956 3669 4011 μου

2087 4031 2305 4102 μᾶλλον,
2341 4031 2375 4103 ἢ
2415 4033 2581 4085 οἰκεῖν
2615 4047 2681 4102 με
2717 4032 2776 4085 ἐν
2818 4031 3171 4103 σκηνώμασιν
3215 4033 3583 4105 ἁμαρτωλῶν.
3643 4053 3663 4085 ι

2084 4124 2147 4176 Oi
2186 4124 2538 4196 ἐπιστάμενοι
2591 4124 2684 4178 τὸν
2726 4124 2959 4197 Χριστὸν
2990 4125 3085 4179 τοῦ
3134 4126 3268 4180 Θεοῦ
3297 4127 3427 4180 ὄντα
3465 4126 3667 4197 Λόγον,

2083 4213 2176 4265 καὶ
2215 4213 2438 4283 σοφίαν,
2494 4215 2589 4266 καὶ
2623 4213 2739 4284 φῶς
2789 4214 3060 4285 ἀληθινὸν,
3100 4217 3195 4270 καὶ
3238 4216 3415 4288 ζωὴν,
3472 4217 3667 4273 ἔπειτα

2079 4304 2178 4376 τὴν
2204 4303 2616 4377 ἑνανθρώπησιν
2652 4307 2817 4360 αὐτοῦ
2863 4309 3271 4379 συννοήσαντες,
3310 4309 3667 4380 κατεπλάγη-

2083 4415 2181 4452 σαν
2208 4398 2269 4452 τὸ
2291 4398 2588 4472 παράδοξον
2609 4398 2702 4453 τοῦ
2720 4397 3046 4473 θελήματοςι
3068 4399 3207 4454 ὥστε
3223 4401 3481 4454 ἀνειπεῖν.
3507 4422 3525 4454 ι
3550 4403 3679 4461 Καὶ.

406 4505 784 4569 prorumpam.
843 4519 863 4551 ι
894 4500 962 4555 Et
1006 4504 1242 4561 vidimus
1295 4503 1480 4571 illum,
1533 4515 1587 4563 et
1632 4524 1742 4564 non
1789 4508 1981 4566 habuit

2100 4489 2299 4562 εἴδομεν
2330 4492 2511 4554 αὐτὸν,
2548 4492 2642 4546 ml
2669 4491 2771 4546 οὐκ
2799 4487 2947 4563 εἶχεν
2968 4488 3106 4556 εἶδος
3139 4493 3261 4546 οὐδὲ
3288 4493 3482 4558 κάλλος
3503 4512 3518 4526 ο
3542 4494 3663 4549 ἀλλ’

405 4589 664 4658 speciem,
707 4607 883 4664 neque
932 4595 1432 4665 pulchritudinem;
1484 4599 1578 4653 sed
1629 4598 1736 4653 fuit"
1770 4601 1982 4670 species

403 4679 527 4745 ejus
557 4682 677 4739 sine
702 4683 935 4753 honore,
975 4696 1031 4743 et
1063 4689 1328 4745 deﬁciens
1355 4705 1468 4760 prae
1498 4689 1624 4747 ﬁliis
1654 4692 1935 4748 hominum
1960 4712 1976 4749 :

403 4772 570 4829 homo
594 4791 718 4832 cum
753 4777 807 4832 in
833 4780 988 4850 plaga
1022 4789 1169 4837 esset
1197 4791 1253 4837 et
1275 4783 1443 4839 sciret
1470 4782 1612 4841 ferre
1638 4785 1977 4857 languorem,

401 4866 664 4935 quoniam
698 4870 894 4924 avertit
924 4868 1118 4927 faciem
1152 4888 1329 4938 suam,
1365 4883 1713 4948 contemptus
1740 4885 1823 4934 est
1846 4878 1922 4934 “z
1952 4897 1971 4931 ι

400 4959 586 5027 itaque
619 4960 814 5015 merito
853 4960 1023 5018 Deum
1066 4974 1382 5035 precantur,
1419 4975 1479 5023 ut
1509 4970 1771 5040 respiciat
1802 4971 1859 5026 in
1895 4970 1978 5027 fa-

400 5047 537 5102 ciem
588 5047 819 5117 Christi,
867 5068 987 5123 qure
1035 5064 1256 5127 propter
1309 5072 1409 5114 nos
1465 5067 1520 5115 et
1545 5060 1873 5132 ignominias
1916 5070 1973 5119 et

399 5140 767 5196 contumelias
804 5158 966 5213 passa
1006 5154 1109 5212 est,
1153 5155 1209 5203 et
1240 5159 1463 5221 propter
1492 5151 1643 5207 illum
1687 5154 1845 5211 nobis
1879 5154 1975 5210 ﬁat

400 5230 690 5319 propitius,
723 5237 943 5305 quando
992 5238 1037 5294 is
1086 5252 1307 5310 peccata
1355 5252 1544 5300 nostra
1595 5248 1737 5313 tulit,
1777 5256 1832 5303 et
1874 5264 1975 5319 pro

397 5318 559 5377 nobis
601 5323 655 5378 in
706 5324 893 5386 dolore
943 5339 1029 5387 est
1055 5351 1067 5386 :
1095 5332 1209 5389 haec
1253 5344 1435 5394 autem
1482 5339 1756 5410 supplices
1786 5318 1977 5413 petunt

399 5415 792 5479 propemodum
839 5421 1145 5490 cupientes,
1187 5432 1352 5496 atque
1401 5429 1455 5482 in
1504 5429 1645 5484 votis
1687 5430 1969 5494 habentes,

400 5499 592 5555 taciem
640 5505 830 5574 gloriae
875 5509 1082 5567 Christi
1111 5513 1324 5579 videre,
1373 5525 1426 5571 et
1464 5518 1607 5573 diem
1642 5520 1781 5574 lucis
1823 5519 1968 5577 illius

396 5676 450 5745 2,
486 5681 539 5738 ’5.

2078 4579 2146 4655 ἦν
2180 4585 2240 4639 τὸ
2298 4581 2437 4648 εἶδος
2486 4584 2652 4638 αὑτοῦ
2681 4584 2897 4657 ἄτιμον,
2929 4584 3022 4639 ml
3058 4584 3306 4639 ἐκλεῖπον
3351 4586 3508 4658 παρά
3532 4592 3661 4653 τοὺς

2080 4678 2227 4741 υἱοὺς
2253 4675 2361 4729 τῶν
2402 4675 2722 4749 ἀνθρώπων.
2757 4677 3081 4749 ΙἌνθρωπος
3119 4678 3185 4731 ἐν.
3218 4677 3397 4750 πληγῇ
3433 4677 3533 4743 ὢν,
3565 4682 3663 4736 καὶ

2078 4767 2233 4831 εἰδὼς
2263 4769 2453 4840 φέρειν
2493 4770 2787 4841 μαλακίαν,
2824 4770 2905 4823 ὅτι
2938 4769 3249 4841 ἀπέστρεψε
3275 4769 3336 4824 τὸ
3363 4771 3663 4843 πρόσωπον

2078 4862 2263 4930 αὐτοῦ,
2301 4863 2576 4936 ἡτιμάσθη
2598 4882 2611 4895 ο
2655 4882 2674 4916 ι
2711 4866 2937 4929 είκότως
2971 4866 3343 4939 παρακαλοῦσι
3388 4868 3479 4924 τὸν
3525 4869 3661 4924 Θεὸν

2080 4955 2366 5027 ἐπιϐλέψαι
2398 4957 2478 5020 είς
2505 4956 2565 5009 τὸ
2600 4956 2889 5029 πρόσωπον
2920 4956 3013 5011 τοῦ
3063 4959 3299 5029 Χριστοῦ
3326 4958 3386 5013 τὸ
3415 4959 3481 5014 δι’
3508 4962 3659 5033 ἡμᾶς

2079 5052 2423 5125 ἠτιμωμένον
2470 5054 2564 5106 καί
2596 5053 3046 5126 καθυϐρισμένον,
3085 5053 3215 5108 ἵλεώ
3246 5073 3305 5108 τε
3347 5057 3478 5127 ἡμῖν
3502 5058 3660 5126 γενέ-

2081 5149 2202 5202 σθαι
2260 5148 2325 5202 δι’
2371 5147 2565 5200 αὐτόν’
2608 5149 2728 5201 ἐπεὶ
2756 5147 2854 5212 τὰς
2886 5147 3156 5219 ἁμαρτίας
3194 5148 3350 5220 ἡμῶν
3373 5149 3652 5223 ἀνείληφε,
3681 5144 3690 5154 ³

2081 5242 2171 5294 καὶ
2204 5240 2343 5311 ὑπὲρ
2377 5238 2533 5310 ἡμῶν
2572 5239 2844 5293 ὀδυνᾶται.
2898 5240 3082 5293 Ταῦτα
3113 5239 3157 5293 δ’
3193 5240 3512 5307 ἱκετεύουσι,
3564 5261 3657 5314 μο-

2080 5334 2290 5404 νονουχὶ
2316 5332 2607 5398 ποθοῦντες
2636 5333 2731 5386 ml
2757 5333 2814 5385 ἐν
2841 5332 2972 5404 εύχῇ
2989 5332 3260 5404 τιθέμενοι
3286 5335 3347 5388 τὸ
3362 5334 3653 5406 πρόσωπον

2078 5427 2174 5496 τῆς
2217 5423 2394 5495 δόξης.
2432 5425 2559 5478 ἰδεῖν
2590 5422 2684 5478 τοῦ
2718 5423 2978 5496 Χριστοῦ,
3025 5424 3120 5478 καὶ
3157 5425 3256 5496 τὴν
3307 5425 3521 5498 ἡμέραν
3555 5425 3651 5480 τοῦ

2077 5517 2251 5587 φωτὸς
2295 5517 2458 5585 αὑτοῦ
2499 5515 2814 5570 θεάσασθαι.
2861 5514 3009 5587 Αῦτη
3058 5517 3113 5570 δὲ
3146 5514 3213 5590 ἦν
3239 5519 3273 5590 ἠ
3302 5518 3403 5589 τῆς
3444 5520 3510 5572 ἐκ
3563 5534 3649 5572 νε-

486 5609 546 5702 :
565 5614 708 5674 Psal.
742 5636 854 5691 xxx,
890 5623 947 5691 6,
983 5626 1034 5682 7.
1108 5626 1152 5660 ³⁸
1177 5628 1309 5685 ibid.
1342 5630 1391 5686 7.
1470 5632 1514 5665 ἰθ
1539 5630 1682 5691 Psal.
1707 5651 1875 5702 xxvu,
1913 5635 1964 5691 8.
2047 5636 2091 5666 ⁵⁸
2114 5629 2244 5687 ibid.
2278 5632 2330 5697 6,
2368 5632 2420 5687 7.
2492 5634 2532 5665 ⁸¹
2562 5633 2708 5690 Psal.
2745 5648 2974 5700 uuln,
3018 5631 3105 5696 l0,
3144 5632 3224 5686 ll.
3302 5635 3348 5667 ⁵³
3384 5635 3480 5690 lsa.
3520 5647 3647 5702 un,
