3880 6256
163 5665 173 5709 r'

264 271 364 326 515

1174 265 1826 324 DEMONSTRATIONIS
1866 267 2322 324 EVANGEIJCAS
2360 265 2487 321 LIB.
2519 265 2606 321 IV.

3386 267 3498 323 3H

263 381 403 454 κρῶν
445 379 800 443 ἀναστάσεως
852 377 1037 441 αὐτοῦ,
1096 378 1307 448 ἥντινα,
1370 379 1498 450 μίαν
1549 373 1714 434 οὖσαν
1739 383 1814 434 κα¹

1932 380 2286 451 contemplari
2316 399 2328 433 :
2358 393 2526 450 porro
2552 377 2642 432 hic
2676 375 2778 431 fuit
2815 391 2940 432 cum
2971 391 3002 432 a
3034 385 3208 434 morte
3235 378 3302 432 ad
3330 381 3495 436 vitam

264 474 425 548 μόνην
454 473 533 536 ὼς
559 472 774 544 ἀληθῶς
802 471 992 543 κυρίαν
1014 466 1177 525 οὖσαν
1201 472 1291 524 καὶ
1317 473 1618 544 Κυριακὴν,
1649 475 1829 544 κρείτ-

259 587 382 623 τονα
407 564 549 620 εἷναί
572 584 704 638 φασι
735 567 943 638 μυρίων
962 567 1101 619 ὅσων
1137 565 1243 618 τῶν
1265 566 1584 636 κοινοτέρως
1606 566 1828 637 νοουμέ-

261 677 361 713 νων
390 657 640 728 ἡμερῶν,
674 656 708 728 ἦ
748 655 856 709 τῶν
897 655 1049 727 παρά
1106 657 1294 709 Μωσεῖ
1326 655 1827 726 νενομοθετημένων

263 752 315 801 ἐν
347 749 568 818 ἑορταῖς
612 747 704 800 καὶ
756 746 1072 816 νουμηνίαις
1107 746 1202 799 καὶ
1236 745 1543 810 σαϐϐάτοις,
1575 744 1640 808 ἃς
1671 745 1827 798 σκιάν

258 835 391 894 εἶναι
419 839 664 911 ἡμερῶν,
697 837 810 892 ἀλλ’
835 840 934 909 οὐχ
983 839 1193 910 ἡμέρας
1213 839 1241 892 ὁ
1264 836 1406 901 θεῖος
1432 837 1726 901 ἀπόστολος
1747 839 1826 890 δι-

257 927 462 982 δάσκει.
509 928 661 998 Μόνη
695 927 750 980 δὲ
768 926 903 997 αὕτη
936 929 970 999 ἡ
1013 928 1110 999 μία
1161 929 1414 999 Κυριακὴ
1454 927 1548 980 τοῦ
1578 928 1827 998 Σωτῆρος

257 1019 407 1090 ήμῶν
449 1019 634 1091 ἡμέρα
667 1021 764 1073 οὐκ
793 1021 854 1074 ἐν
901 1021 1061 1073 παντὶ
1103 1021 1254 1092 τόπῳ
1299 1017 1570 1091 φωτίζειν,
1614 1019 1726 1072 ἀλλ’
1768 1021 1826 1071 ἐν

258 1113 446 1182 μόναις
480 1113 601 1174 ταῖς
648 1112 838 1174 αὐλαῖς
878 1106 970 1164 τοῦ
1005 1112 1210 1183 Κυρίου
1247 1112 1514 1164 λέλεκται.
1542 1107 1662 1164 Εἶεν
1686 1111 1730 1164 δ’
1760 1111 1827 1164 ἂν

253 1196 410 1258 αὗται
454 1204 514 1257 αί
563 1203 706 1256 κατά
736 1205 914 1257 πᾶσαν
945 1203 1042 1275 τὴν
1087 1205 1412 1276 οἰκουμένην
1454 1204 1546 1258 τοῦ
1591 1203 1824 1276 Χριστοῦ

263 1295 603 1368 Ἕκκλησίαι,
630 1296 746 1360 ἑνὸς
773 1295 864 1350 τοῦ
893 1297 1026 1350 Θεοῦ
1047 1297 1407 1367 τυγχάνουσαι
1439 1298 1620 1360 αὐλαὶ,
1652 1298 1709 1349 ἐν
1739 1291 1827 1358 αἷς

251 1387 440 1457 ἀγαπᾷ
486 1387 581 1439 καὶ
630 1388 862 1458 αἱρεῖται
912 1389 1408 1461 παραρριπτεῖσθαι
1446 1392 1474 1442 ὀ
1506 1388 1574 1441 τὰ
1604 1387 1825 1442 τοιαῦτα

245 1476 424 1542 εἰδὼς,
448 1479 601 1550 παρά
630 1478 761 1533 πολὺ
786 1480 1068 1550 κρείττονα
1094 1481 1192 1553 τὴν
1221 1483 1279 1535 ἐν
1293 1482 1514 1544 ταύταις
1541 1481 1824 1552 διατριϐὴν

251 1569 671 1642 ἀποφηνάμενος
713 1571 812 1641 τῆς
847 1572 904 1624 ὲν
934 1573 1046 1636 τοῖς
1081 1571 1398 1643 σκηνώμασι
1425 1572 1532 1624 τῶν
1561 1573 1823 1642 ἀμαρτω-

248 1662 390 1715 λῶν·
424 1663 708 1733 σημαίνων
758 1662 857 1724 τὰς
910 1662 1018 1716 τῶν
1081 1663 1346 1716 Ἰουδαίων
1387 1664 1708 1731 συναγωγὰς
1732 1665 1823 1717 τὸν

249 1753 481 1825 Χριστὸν
506 1754 601 1808 τοῦ
635 1754 768 1808 Θεοῦ
797 1754 1154 1825 ἀρνουμένας,
1181 1755 1213 1824 ἢ
1259 1757 1354 1810 καὶ
1386 1755 1483 1818 τὰς
1515 1756 1622 1807 τῶν
1646 1756 1820 1811 ἀθέων
1850 1783 1895 1842 Β

248 1844 589 1916 ἑτεροδόξων,
617 1846 712 1899 καὶ
747 1844 852 1897 τῶν
878 1845 1053 1898 ἄλλων
1092 1845 1332 1899 ἀπίστων
1358 1846 1547 1909 ἐθνῶν,
1577 1840 1650 1900 ὧν
1687 1847 1819 1901 πολὺ

250 1935 488 2004 βελτίους
505 1932 643 1988 εἶναι
665 1936 763 1999 τὰς
797 1935 990 2006 Ἑκκλη
1001 1935 1115 2000 σίας
1136 1935 1228 1990 τοῦ
1249 1937 1483 2006 Χριστοῦ
1506 1940 1612 2002 πᾶς
1641 1939 1669 1992 ὁ
1693 1938 1822 1992 ταύ-

246 2043 344 2089 τας
367 2025 694 2097 αἱρούμενος
722 2025 1097 2095 ἀποφαίνεται.

256 2217 515 2292 ιιῐθςιιίμνοῦΔ
533 2225 720 2292 πηἈ.-
741 2221 996 2288 Χριστὸς
1019 2221 1308 2289 ὀνομαστί
1327 2223 1817 2292 ἐξουθενημένος,

315 2290 409 2362 καὶ
458 2289 530 2362 τὰ
570 2290 860 2362 αἴσχιστα
900 2294 1274 2362 πεισόμενος,
1323 2289 1712 2362 ἀντάλλαγμά
1758 2311 1820 2346 τε

317 2359 503 2412 αὑτοῦ
544 2360 695 2427 λαὸς
741 2361 926 2414 αὐτοῦ
956 2361 1071 2414 ὑπὸ
1110 2362 1228 2414 τῶν
1263 2361 1493 2431 ἐχθρῶν
1541 2359 1812 2423 ὀνειδιζο-

309 2445 516 2498 μενος.

319 2560 338 2593 ι
378 2543 452 2596 Σὺ
502 2541 561 2595 δὲ
614 2541 818 2596 ἀπώσω
859 2543 952 2596 καὶ
1001 2542 1376 2607 ἐξουδένωσας,
1428 2543 1687 2598 ἀνεϐάλου
1730 2545 1818 2598 τὸν

252 2635 477 2706 Χριστόν
509 2652 626 2696 σου,
673 2637 1048 2708 κατέστρεψας
1082 2636 1179 2707 τὴν
1208 2637 1482 2708 Διαθήκην
1510 2637 1599 2690 τοῦ
1632 2637 1816 2690 δούλου

252 2747 359 2783 σου.
401 2731 778 2802 Ἐὁεόήλωσας
810 2734 888 2796 εἰς
909 2734 1006 2804 τὴν
1035 2733 1138 2804 γῆν
1163 2734 1225 2786 τὸ
1266 2733 1510 2804 ἀγίασμα
1549 2734 1713 2787 αὑτοῦ
1734 2775 1748 2799 ,
1793 2754 1810 2786 ι

251 2822 337 2874 καὶ
389 2820 462 2874 τά
514 2821 661 2890 ἐξῆς·
692 2817 772 2885 οἷς
805 2822 1064 2889 ἐπιλέγει·
1098 2841 1115 2872 ι
1145 2821 1446 2892 Μνήσθητι,
1493 2821 1686 2892 Κύριε,
1722 2820 1815 2874 τοῦ

249 2910 546 2983 ὀνειδισμοῦ
569 2913 677 2964 τῶν
705 2911 904 2965 δούλων
941 2929 1057 2976 σου,
1091 2908 1150 2966 οὗ
1179 2912 1412 2983 ὑπέσχον
1444 2915 1500 2966 ἐν
1532 2912 1609 2984 τῷ
1633 2913 1817 2984 κόλπῳ

253 3021 346 3075 μου
379 3003 593 3058 πολλῶν
620 3003 807 3066 ἐθνῶν,
840 3001 902 3059 οὗ
935 3005 1214 3058 ὡνείδισαν
1247 3007 1296 3058 οἱ
1333 3005 1513 3076 ἐχθροί
1549 3023 1662 3071 σου,
1699 3007 1814 3059 Κύ-

1933 486 2184 528 reversus
2220 481 2324 536 est,
2356 484 2518 540 quem
2561 483 2711 535 sane,
2741 484 2866 524 cum
2898 469 2946 524 is
2979 485 3122 525 unus
3154 471 3228 524 sit
3259 478 3314 525 et
3347 473 3498 527 solus

1930 579 2115 621 revera
2143 563 2394 634 proprius
2436 575 2501 614 ac
2523 559 2859 624 Dominicus,
2879 561 3156 615 meliorem
3178 577 3299 616 esse
3321 562 3496 625 aiunt,

1929 658 2051 711 aliis
2080 651 2576 709 innumerabilibus
2617 651 2835 716 diebus,
2872 651 2988 707 sive
3012 652 3104 721 qui
3134 653 3500 706 communiter

1927 738 2320 817 intelligzﬁttur,
2355 744 2471 798 sive
2499 741 2592 812 qui
2620 757 2650 795 a
2685 742 2832 797 Mose
2862 742 2916 795 in
2953 742 3290 796 solemnibus
3315 751 3368 795 et
3400 757 3498 796 no-

1927 839 2150 895 viluniis
2191 846 2245 893 et
2283 837 2528 893 sabbatis
2569 827 2931 905 lege'sanciti
2978 835 3110 898 sint,
3143 850 3280 904 quos
3311 835 3499 903 utique

1928 946 2037 986 non
2067 929 2204 994 dies,
2241 929 2337 984 sed
2371 928 2582 982 dierum
2616 926 2842 980 umbras
2881 942 3004 980 esse
3029 927 3250 982 divinus
3275 935 3499 996 aposto-

1927 1023 2014 1076 lus
2065 1021 2245 1076 docet.
2287 1019 2386 1074 Hic
2436 1027 2619 1073 autem
2669 1017 2931 1080 solusqet
2976 1034 3119 1072 unus
3179 1017 3498 1072 Dominicus

1930 1112 2228 1168 Salvatoris
2256 1111 2429 1167 nostri
2462 1112 2600 1173 dies,
2627 1125 2737 1164 non
2763 1110 2817 1163 in
2846 1110 2994 1163 omni
3027 1111 3146 1163 loco
3172 1110 3372 1173 lucere,
3401 1109 3496 1162 sed

1928 1207 1983 1261 in
2023 1206 2156 1261 solis
2203 1205 2360 1261 atriis
2397 1203 2610 1258 Domini
2649 1203 2831 1258 dictus
2873 1211 2976 1258 est.
3033 1201 3155 1256 llaec
3199 1217 3326 1255 vero
3359 1203 3494 1254 atria

1926 1305 2088 1353 erunt
2117 1313 2212 1368 per
2239 1304 2414 1351 totum
2458 1296 2644 1350 orbem
2675 1303 2941 1350 terrarum
2983 1293 3186 1350 Christi
3218 1295 3494 1355 Ecclesiaa.

1925 1405 2046 1460 qua:
2075 1391 2240 1446 unius
2282 1390 2480 1445 domus
2529 1389 2625 1444 Dei
2674 1391 2853 1443 locum
2902 1389 3172 1443 obtinent.
3207 1389 3266 1441 In
3300 1386 3500 1456 quibus

1923 1488 2076 1551 optat
2103 1489 2265 1550 atque
2311 1481 2465 1550 eligit
2509 1495 2569 1536 se
2600 1481 2782 1550 potius
2813 1479 3084 1548 ahjectum
3113 1493 3256 1540 esse,
3290 1477 3384 1546 qui
3416 1486 3500 1530 ta-

1924 1572 1996 1626 lia
2043 1573 2214 1636 novit,
2250 1571 2517 1641 longeque
2572 1570 2851 1624 meliorem
2893 1570 2947 1622 in
2977 1569 3046 1622 iis
3102 1567 3492 1621 habitationem

1923 1665 2194 1727 enuntiat,
2239 1679 2403 1733 quam
2435 1665 2489 1717 in
2537 1674 2887 1733 peccatorum
2936 1661 3307 1715 tabernaculis
3341 1677 3353 1714 :
3393 1657 3498 1712 nisi

1924 1753 2063 1810 forte
2107 1754 2455 1821 Judzeorum,
2506 1757 2600 1826 qui
2647 1756 2926 1811 Christum
2974 1754 3069 1810 Dei
3122 1759 3352 1822 negant,
3406 1759 3503 1804 aut

1923 1851 2154 1904 aliorum
2189 1849 2404 1905 diversa
2437 1851 2799 1921 opinantium,
2841 1850 3165 1919 nullumque
3201 1846 3368 1900 Deum
3403 1859 3498 1898 co-

1924 1943 2170 2007 lentium,
2202 1942 2646 2012 reliquarumque
2679 1957 2710 1995 a
2743 1941 2845 1996 [ide
2873 1941 3286 1996 abhorrentium
3314 1938 3497 1991 natio-

1921 2051 2050 2090 num
2077 2044 2400 2100 conventus,
2433 2036 2605 2090 multo
2648 2035 2903 2089 meliores
2934 2048 3057 2087 esse
3088 2046 3256 2101 quam
3291 2029 3497 2083 Christi

1921 2127 2212 2192 Ecclesias,
2250 2129 2559 2198 quicunque
2587 2128 2750 2182 hasce
2791 2126 2959 2195 eligit,
2996 2125 3296 2195 proﬁtetur.

1922 2239 1962 2290 Α
2016 2237 2224 2304 psalmo
2264 2254 2529 2293 Lxxxvnt.
2574 2268 2642 2278 —
2673 2237 2915 2292 Christus
2960 2237 3274 2291 nominatim
3315 2232 3499 2298 despe-

1993 2318 2130 2371 ctus,
2162 2322 2316 2378 atque
2344 2310 2522 2362 omnia
2557 2307 2749 2377 probra
2795 2323 3050 2376 passurus
3079 2306 3498 2378 {commulatio-

1990 2394 2086 2500 que
2110 2376 2245 2446 ejus,
2281 2380 2502 2448 populus
2538 2376 2794 2448 ejusdem,
2830 2379 2918 2445 qui
2957 2378 3020 2430 ab
3052 2376 3277 2429 inimicis
3309 2389 3496 2440 expro-

2029 2459 2199 2500 ratur.

2029 2459 2199 2501 ratur.
2561 2516 2568 2524 Ι

1925 2563 2084 2632 187
2120 2581 2137 2613 ι
2177 2561 2258 2616 Tu
2295 2577 2425 2616 vero
2474 2560 2726 2632 repulisti
2767 2568 2822 2616 et
2849 2558 3169 2630 despexisti,
3231 2555 3498 2612 distulisti

1919 2655 2199 2709 Christum
2241 2662 2440 2708 tuum:
2480 2653 2726 2709 evertisti
2771 2660 3160 2709 testamentum
3208 2648 3350 2704 servi
3387 2647 3494 2702 sui.

1919 2743 2228 2800 Profanasti
2274 2745 2329 2799 in
2377 2753 2524 2799 terra
2568 2745 2944 2799 sanctuarium
2977 2743 3176 2812 ejus”,
3220 2759 3238 2791 ι
3281 2747 3336 2794 et
3375 2751 3500 2809 qua:

1917 2839 2462 2910 sequuntur,quibus
2479 2838 2726 2909 adjungit
2752 2857 2765 2892 :
2795 2856 2814 2889 ι
2853 2836 3058 2892 Memor
3080 2843 3220 2899 esto,
3250 2834 3494 2896 Domine,

1919 2935 2203 3006 opprobrii
2243 2952 2529 2992 servorum
2569 2944 2812 3000 tuorum,
2840 2934 2987 3006 quod
3019 2933 3268 2988 continui
3292 2933 3348 2986 in
3371 2933 3498 2987 sinu

1920 3043 2040 3084 meo
2073 3029 2371 3083 multarum
2403 3028 2673 3098 gentium,
2709 3028 2854 3098 quod
2887 3027 3358 3096 exprobraverunt
3390 3024 3498 3076 ini-

252 3110 349 3164 ριε,
377 3087 440 3147 οὗ
469 3095 771 3159 ὠνείδισαν,
801 3095 862 3148 τὸ
890 3095 1242 3166 ἀντάλλαγμα
1268 3095 1360 3149 τοῦ
1384 3095 1621 3167 Χριστοῦ
1642 3114 1757 3150 σου.
1791 3117 1808 3148 ι

1924 3121 2047 3174 mici
2074 3120 2177 3184 tui,
2217 3119 2466 3184 Domine,
2498 3121 2645 3191 quod
2676 3120 3166 3190 exprobraverunt,
3197 3125 3489 3172 commuta-

246 3186 435 3256 Σαφῶς
459 3186 515 3240 δέ
547 3188 645 3242 καὶ
675 3190 730 3241 ἐν
757 3187 965 3252 τούτοις
993 3189 1021 3240 ὁ
1048 3187 1280 3260 Χριστὸς
1310 3189 1568 3258 ὀνομαστὶ
1602 3205 1810 3260 μνημο-

244 3279 472 3344 νεύεται,
510 3281 606 3334 καὶ
635 3281 666 3352 ἡ
708 3279 850 3333 κατὰ
884 3280 944 3332 τὸ
981 3279 1152 3343 πάθος
1174 3279 1336 3333 αὑτοῦ
1365 3281 1811 3352 προφητευομένη

245 3369 577 3440 περίστασις.
620 3369 741 3421 Ἐπὶ
772 3368 963 3440 σχολῆς
991 3369 1049 3422 δὲ
1079 3369 1170 3422 τὸν
1201 3369 1320 3423 ὅλον
1348 3370 1560 3442 ψαλμὸν
1595 3371 1814 3442 βασανί-

242 3457 418 3524 ζοντες
450 3461 892 3531 παραστήσομεν,
922 3461 1003 3513 ὃτι
1031 3459 1121 3512 ἐπὶ
1151 3460 1462 3534 μηδέτερον,
1513 3463 1546 3532 ἢ
1596 3463 1686 3516 ἐπὶ
1717 3463 1815 3534 μό-

242 3567 324 3606 νον
347 3551 439 3604 τὸν
471 3552 700 3624 Σωτῆρα
733 3553 827 3604 καὶ
870 3551 1073 3623 Κύριον
1101 3553 1258 3624 ἡμῶν
1289 3555 1596 3626 ἐφαρμόσαι
1635 3555 1700 3608 ἂν
1744 3555 1812 3608 τά

242 3640 592 3712 προκείμενα.
636 3642 791 3696 uim
822 3643 915 3696 καὶ
938 3642 1188 3716 δεύτερον
1210 3645 1442 3716 Χριστὸς
1478 3644 1811 3716 ὀνομαζόμε-

240 3749 344 3796 νος,
373 3734 499 3787 τίνα
529 3733 687 3788 ἄλλον
709 3736 740 3806 ἢ
760 3735 849 3788 τὸν
876 3736 1038 3789 αὐτὸν
1062 3736 1232 3807 δηλοῖ,
1257 3730 1318 3789 οὗ
1345 3736 1406 3789 τὸ
1431 3737 1806 3810 ἀντάλλαγμα,

239 3824 473 3895 δηλονότι
495 3825 596 3896 τὴν
630 3825 972 3897 Ἐκκλησίαν,
998 3827 1276 3882 ὠνείδισάν
1301 3845 1359 3880 τε
1393 3830 1487 3882 καὶ
1519 3829 1686 3882 εἰσέτι
1714 3829 1809 3885 νῦν

237 3915 551 3980 ὀνειδίζουσι
596 3918 646 3970 oi
690 3916 968 3988 λεγόμενοι
1025 3917 1118 3970 τοῦ
1165 3918 1402 3989 Χριστοῦ
1455 3919 1671 3990 exemi;
1727 3919 1808 3972 Τά

240 4006 363 4073 γοῦν
409 4007 507 4059 τοῦ
539 4008 792 4080 Σωτῆρος
840 4006 996 4079 ἡμῶν
1041 4007 1186 4079 πάθη
1232 4007 1268 4061 ἀ
1315 4009 1456 4080 ὑπὲρ
1516 4009 1670 4081 ⁴ἡμῶν
1710 4012 1806 4064 ἀν-

240 4100 472 4165 εδέξατο,
515 4101 611 4152 καὶ
661 4101 894 4170 μάλιστα
930 4099 1020 4154 τὸν
1053 4100 1280 4154 θάνατον
1313 4103 1514 4155 καὶτὸν
1555 4104 1804 4175 σταυρὸν,

239 4193 339 4254 πᾶς
361 4195 391 4245 ὁ
414 4192 518 4262 τῆς
544 4192 778 4264 Χριστοῦ
805 4191 1150 4255 διδασκαλίας
1173 4192 1430 4263 πολέμιος
1460 4194 1805 4260 ἐπονειδίξειν

238 4285 362 4354 ἡμῖν
394 4284 607 4338 εἴωθεν.

1926 3217 2130 3272 tionem
2156 3215 2363 3271 Christi
2393 3217 2471 3269 tui
2487 3215 2552 3270 ⁵⁸.
2585 3236 2602 3269 ι
2636 3212 2930 3284 Perspicue
2954 3229 3085 3268 vero
3115 3213 3278 3267 etiam
3312 3212 3366 3264 i-n
3408 3211 3498 3266 his

1913 3307 2119 3364 Christi
2157 3307 2484 3362 nominatim
2507 3307 2710 3362 mentio
2745 3307 2823 3371 lit,
2849 3315 2902 3361 ct
2936 3306 3118 3360 futura
3153 3305 3207 3359 in
3241 3303 3496 3374 passione

1913 3397 2158 3467 ejusdem
2203 3397 2427 3452 aﬂlictio
2471 3406 2829 3453 memoratur.
2880 3397 2986 3452 Ubi
3041 3412 3172 3452 vero
3224 3397 3350 3466 plus
3397 3395 3494 3449 otii

1911 3491 2058 3545 nacti
2099 3491 2327 3555 erimus,
2375 3497 2550 3544 totum
2582 3492 2853 3561 psalmum
2893 3491 3243 3560 explorantes
3270 3487 3486 3542 demon-

1913 3582 2230 3644 strabimus,
2267 3581 2402 3635 nulli
2435 3596 2665 3652 prorsus
2711 3580 2805 3634 alii
2836 3580 2946 3636 nisi
2993 3577 3263 3634 Salvatori
3296 3593 3360 3631 ac
3387 3575 3496 3630 Do-

1911 3674 2060 3727 mino
2081 3683 2272 3728 nostro
2303 3670 2706 3726 accommodari
2737 3685 2901 3740 posse
2931 3683 3053 3737 quae
3096 3668 3152 3721 in
3187 3683 3252 3720 eo
3291 3680 3497 3736 propoo

1911 3764 2014 3819 sita
2037 3773 2183 3818 sunt.
2211 3760 2318 3816 Sed
2339 3761 2484 3816 enim
2506 3760 2597 3814 ubi
2636 3759 2894 3815 Christus
2929 3759 3127 3812 iterum
3155 3755 3491 3818 nominatur,

1907 3854 2033 3924 quis
2063 3852 2283 3907 tandem
2315 3851 2456 3906 alius
2491 3848 2829 3921 signiﬁcetur
2862 3848 2970 3904 nisi
3015 3848 3106 3902 ille
3155 3847 3291 3917 ipse,
3333 3843 3494 3913 cujus

1908 3945 2414 4007 commutationem,
2468 3943 2572 3996 hoc
2617 3951 2703 3997 est
2739 3941 3063 4004 Ecclesiam,
3112 3946 3168 3994 et
3195 3937 3468 4008 exprobra

1909 4044 2105 4092 verunt
2152 4043 2206 4091 et
2239 4035 2419 4090 adhuc
2447 4033 2804 4106 exprobrant,
2849 4034 2942 4103 qui
2993 4032 3255 4086 dicuntur
3284 4029 3494 4086 Chrisii

1909 4128 2154 4184 inimici?
2179 4127 2449 4198 siquidem
2479 4125 2781 4181 Salvatoris
2815 4125 2993 4180 nostri
3025 4124 3327 4186 cruciatus,
3352 4139 3494 4193 quos

1909 4223 2026 4291 ipse
2062 4233 2160 4290 pro
2209 4217 2366 4272 nobis
2411 4217 2687 4286 suscepit,
2737 4231 2801 4270 ac
2843 4213 3120 4284 praecipue
3161 4221 3392 4268 mortem
3437 4219 3493 4267 et

1907 4325 2151 4374 crucem,
2205 4309 2522 4379 quicunque
2565 4305 2774 4362 Christi
2828 4305 3137 4360 doctrinam
3187 4307 3489 4372 oppugnat,

1908 4403 2244 4474 exprobrare
2273 4400 2434 4456 nobis
2467 4398 2776 4454 consuevit.

245 4485 489 4566 Ψαλμοᾷ
515 4488 679 4566 ἐφ’..
713 4517 780 4525 -
821 4483 1077 4566 ξριστὸς
1109 4485 1498 4566 ὀνομαστὶῄξίι
1539 4487 1806 4566 σπέρμμᾳ-

1924 4496 1957 4550 Α
1983 4495 2186 4566 psalmo
2217 4507 2401 4547 cxxxt.
2437 4522 2507 4533 —
2543 4491 2789 4566 Christus
2819 4487 3171 4566 _norninatim_
3189 4485 3252 4539 de
3280 4485 3494 4566 'semine

299 4553 400 4621 ξος
437 4555 617 4609 Δαὸὶδ
629 4555 1066 4626 ἀνιστάμενος,
1109 4553 1286 4625 κέρας
1315 4557 1492 4610 Acr-6’26
1525 4553 1804 4626 ὀνομάζο-

295 4644 501 4696 μενος,
546 4625 689 4691 τοὺς
730 4626 1051 4692 Ἰουδαίους
1076 4628 1328 4696 ἐχθροὺς
1362 4625 1802 4697 καταισχύνων,

299 4697 361 4750 τὸ
388 4697 655 4767 ἀγίασμα
682 4697 788 4750 τοῦ
818 4697 1047 4765 Πατρὸς
1071 4697 1357 4752 ἀννίινεῶν.

305 4829 322 4859 ι
360 4810 566 4879 Ὠμοσε
606 4808 812 4880 Κύριος
849 4808 927 4879 τῷ
965 4809 1129 4863 Δαϐὶδ
1169 4810 1446 4882 ἀλήθειαν,
1484 4812 1577 4864 καὶ
1619 4812 1681 4864 οὐ
1729 4812 1803 4882 μὴ

236 4902 482 4974 ἁθετήσει
524 4903 715 4957 αὐτόν·
753 4906 820 4956 ὲκ
863 4903 1078 4975 καρποῦ
1111 4905 1209 4974 τῆς
1257 4903 1465 4966 κοιλίας
1505 4920 1597 4956 σου
1645 4903 1806 4974 θήσο-

240 5013 328 5062 μαι
383 4995 478 5050 ἐπὶ
528 4994 622 5048 τοῦ
681 4995 872 5066 θρόνου
937 5013 1052 5050 σου.
1091 5018 1107 5048 ›
1178 4993 1289 5051 Εἴθ’
1347 4997 1552 5060 ὑποϐάς
1604 5013 1799 5066 φησιν·

241 5104 260 5137 ε
293 5088 436 5141 Ἐκεῖ
457 5087 763 5152 ἐξανατελῶ
791 5088 958 5162 κέρας
985 5089 1063 5161 τῷ
1089 5092 1274 5154 Δαὸὶδ,
1306 5091 1579 5162 ήτοίμασα
1614 5089 1804 5160 λύχνον

233 5179 305 5251 τῷ
328 5181 550 5253 Χριστῷ
587 5199 689 5252 μου
711 5199 725 5213 ·
753 5184 879 5246 τοὺς
911 5183 1138 5255 ἐχθροὺς
1180 5185 1344 5238 αὐτοῦ
1378 5185 1580 5238 ἐνδύσω
1612 5187 1802 5256 αἰσχύ-

233 5290 323 5340 νην
340 5291 353 5303 ·
388 5274 482 5330 ἐπὶ
513 5274 574 5327 δὲ
597 5275 758 5328 αὑτὸν
785 5276 1070 5347 ἐξανθήσει
1097 5278 1157 5330 τὸ
1185 5277 1432 5349 ἀγίασμά
1459 5297 1580 5349 μου.
1615 5300 1632 5331 ι
1659 5282 1802 5334 Κάν-

231 5365 393 5419 ταῦθα
423 5367 555 5438 περὶ
590 5367 684 5420 τοῦ
715 5369 778 5420 ἐκ
821 5369 1132 5440 σπέρματος
1157 5371 1321 5424 Δαδὶδ
1361 5371 1584 5442 ὄμνυσιν
1616 5377 1644 5427 ὁ
1693 5375 1802 5428 Κύ-

237 5475 360 5525 ριος,
394 5461 533 5531 ὅπερ
576 5459 799 5531 σπέρμα
841 5463 937 5515 καὶ
972 5462 1139 5533 κέρας
1175 5463 1430 5534 ὀνομάζει
1470 5467 1634 5520 αὑτοῦ
1656 5485 1669 5498 ο
1709 5469 1800 5522 καὶ

234 5549 382 5602 πάλιν
430 5551 696 5623 ὀνομαστὶ
745 5551 835 5605 τὸν
886 5555 1119 5625 Χριστὸν
1171 5555 1519 5627 ἀναγορεύων
1540 5599 1555 5618 '
1609 5559 1799 5631 λύχνον

297 5703 340 5732 ³³
367 5703 507 5762 Paul.
542 5724 806 5776 unum,
841 5709 927 5774 5‘),
968 5711 1041 5764 ’tO.
1127 5712 1166 5743 δ”
1193 5712 1323 5767 ibid.
1364 5714 1556 5776 H.352.

1635 5717 1678 5746 ³⁵
1706 5714 1849 5771 Psal.
1876 5731 2060 5780 cxxxr,
2101 5720 2185 5773 li.

1984 4556 2156 4618 David
2191 4579 2430 4634 surgens,
2469 4564 2559 4626 qui
2605 4559 2980 4634 cornuﬂavid
3027 4558 3354 4634 nominatur,
3399 4556 3490 4624 qui

1981 4634 2202 4688 Iudaeos
2247 4627 2490 4686 inimicos
2548 4631 2830 4701 confudit,
2873 4631 2964 4700 qui
3014 4627 3490 4697 sancti/irationem

1983 4706 2167 4760 Patris
2192 4713 2426 4759 renovat.

1974 4841 1993 4874 ι
2035 4820 2248 4876 Iuravit
2280 4819 2546 4874 Dominus
2581 4816 2687 4886 ipsi
2736 4814 2909 4869 David
2943 4814 3230 4869 veritatem
3273 4817 3327 4866 et
3367 4809 3488 4864 irri-

1900 4924 2012 4970 tam
2051 4932 2160 4971 non
2194 4912 2355 4968 faciet
2392 4926 2534 4974 eam,
2573 4910 2641 4963 de
2684 4907 2872 4962 fructu
2907 4906 3116 4962 ventris
3169 4905 3245 4958 tui
3279 4916 3482 4973 ponam

1903 5023 2069 5078 super
2093 5009 2276 5063 sedem
2300 5017 2448 5061 tuam
2465 5005 2534 5058 ⁸⁸.
2569 5024 2588 5056 ι
2617 5001 2755 5056 Tum
2788 5015 3114 5071 progressus
3139 4997 3370 5052 inferius
3404 4995 3486 5050 sic

1906 5103 1983 5157 ait
2009 5119 2022 5154 :
2051 5122 2071 5155 ι
2092 5101 2205 5156 Illic
2233 5102 2528 5172 producam
2556 5114 2731 5153 cornu
2761 5097 2864 5169 ipsi
2891 5095 3078 5159 David,
3101 5094 3286 5165 paravi
3316 5093 3487 5146 lucer-

1908 5211 2033 5248 nam
2081 5194 2305 5249 Christo
2349 5208 2504 5256 meo,
2554 5191 2810 5246 inimicos
2854 5190 2973 5259 ejus
3022 5188 3245 5242 induam
3299 5183 3486 5239 confu-

1909 5286 2063 5342 sione
2091 5302 2102 5338 :
2130 5302 2296 5357 super
2333 5287 2516 5355 ipsum
2570 5291 2751 5339 autem
2805 5281 3072 5338 elllorebit
3117 5277 3486 5335 sanctiﬁcatio

1907 5379 2110 5433 mea“.
2149 5397 2169 5430 ι
2209 5377 2311 5432 Hic
2349 5392 2569 5447 quoque
2613 5376 2680 5430 de
2722 5389 2788 5430 eo
2825 5374 2918 5444 qui
2959 5388 3025 5427 ex
3065 5371 3274 5428 semine
3311 5366 3484 5422 David

1906 5471 2115 5525 oriatur
2151 5470 2304 5540 jurat
2348 5468 2632 5534 Dominus,
2677 5468 2824 5538 quod
2855 5466 3076 5538 quidem
3115 5479 3304 5521 semen
3342 5462 3484 5532 ejus-

1905 5563 2049 5628 dem,
2097 5577 2270 5618 cornu
2298 5562 2609 5618 nominat:
2652 5569 2706 5616 et
2746 5576 2870 5616 cum
2913 5561 3109 5616 iterum
3157 5553 3486 5614 nominatim

2267 5720 2311 5752 "‘
2335 5720 2467 5774 ibid.
2499 5720 2584 5784 17,
2623 5720 2707 5774 18.
