3880 6256
334 243 446 298 315
980 236 1255 297 EUSEBI!
1294 237 1782 299 CAESARIENSIS
1810 237 1961 297 OPP.
2004 236 2206 296 PARS.
2251 238 2317 294 11.
2347 266 2419 280 --
2450 233 2956 295 APOLOGETICA.
3496 232 3601 294 3l6

338 356 621 413 Christum
657 355 892 426 appellet
928 355 1211 410 lucernam
1244 355 1380 412 dicit
1409 372 1470 414 se
1499 359 1577 414 illi
1610 359 1911 432 paravisse,
1942 411 1948 422 .

2058 356 2181 428 ησὶν
2219 355 2575 428 ήτοιμακέναι
2609 355 2778 427 αὐτῷ,
2806 356 2898 410 τὸν
2928 352 3287 428 προφητικὸν,
3319 353 3396 419 ώς
3430 354 3599 420 εἰκὸς,

338 449 721 522 prOphetieum
750 449 961 519 utique,
978 457 1040 503 ut
1058 448 1356 507 verisimile
1371 458 1477 520 est,
1504 453 1755 518 verbum,
1776 454 1922 524 quod

2060 449 2205 518 όγον,
2233 448 2325 502 τὸν
2355 448 2738 520 προωδευκότα
2766 445 2860 502 τοῦ
2886 445 3145 518 Χριστοῦ,
3172 446 3232 509 ὃς
3261 444 3420 517 μόνος
3448 444 3608 516 ἡλια-

339 542 522 614 ipsum
551 540 829 597 Christum
857 541 1177 608 antecessit,
1210 541 1305 613 qui
1330 544 1481 601 solus
1514 546 1690 601 instar
1725 546 1923 603 solaris

340 633 589 700 luminis,
620 632 876 689 omnibus
901 633 998 704 qui
1036 640 1215 690 totum
1250 635 1441 691 orbem
1471 642 1749 733 terrasum
1782 638 1926 694 inco-

343 724 464 778 lunt
487 723 823 788 hominibus,
846 730 1070 779 exortus
1089 731 1194 780 est.
1234 721 1327 779 Sic
1349 724 1465 796 ipse
1493 721 1713 798 quoque
1730 725 1923 792 David,

344 826 406 871 ut
443 815 647 872 Christi
699 816 926 870 lucerna
965 823 1193 887 paratus
1229 824 1359 873 ante
1393 819 1547 873 illum
1581 819 1709 885 fuit,
1739 826 1929 891 utpote

345 908 437 977 qui
471 906 575 963 soli
621 905 974 978 perfectoque
1022 907 1217 963 lumini
1260 917 1648 980 comparatus,
1692 910 1929 967 lucernae

345 997 527 1052 locum
585 997 852 1053 obtineat.
900 1016 918 1050 ι
970 996 1089 1054 lllic
1148 1015 1312 1068 vero,
1368 1002 1581 1073 inquit,
1627 1003 1930 1074 producam

348 1104 545 1151 cornu,
593 1108 612 1141 ι
658 1091 840 1145 locum
888 1088 1143 1147 videlicet
1189 1091 1462 1155 indicans,
1520 1093 1611 1149 ubi
1660 1095 1932 1167 signiﬁcat

346 1178 631 1236 Christum
653 1181 948 1237 oriturum.
981 1180 1120 1237 Cum
1151 1183 1296 1238 enim
1333 1192 1592 1253 precatus
1635 1192 1783 1241 esset
1828 1184 1931 1239 Da-

349 1272 464 1336 vid,
497 1279 557 1327 ut
595 1273 699 1328 sibi
738 1273 934 1344 spiritu
972 1275 1135 1345 188
1167 1275 1359 1332 liceret
1400 1285 1528 1333 ante
1571 1278 1933 1349 contemplari

353 1364 506 1420 illius
545 1365 783 1421 natalem
820 1365 1026 1431 locum,
1068 1365 1416 1440 dixissetque
1448 1369 1618 1426 verba
1650 1368 1785 1425 illa:
1817 1389 1835 1421 ι
1874 1369 1935 1425 Si

356 1456 625 1513 introiero
676 1459 732 1512 in
773 1459 1191 1513 tabernaculum
1234 1460 1434 1517 domus
1474 1476 1629 1527 meae,
1665 1461 1712 1518 si
1742 1476 1925 1517 ascen-

354 1550 488 1605 dero
514 1550 571 1604 in
606 1550 808 1606 lectum
836 1551 995 1605 strati
1027 1551 1156 1617 mei,
1185 1551 1234 1608 si
1272 1552 1477 1609 dedero
1510 1569 1767 1610 somnum
1802 1569 1938 1610 ocu-

352 1643 424 1697 lis
458 1642 613 1706 meis,
647 1649 701 1697 et
736 1642 1013 1713 palpebris
1062 1643 1202 1700 meis
1235 1642 1719 1711 dormitationem,
1758 1655 1812 1701 et
1848 1662 1937 1701 re-

2030 540 2127 595 κοῦ
2159 540 2335 611 φωτὸς
2362 538 2518 611 δίκην
2547 541 2658 604 τοῖς
2682 540 2815 593 πᾶσι
2839 538 2961 592 καθ’
2993 537 3119 607 ὅλης
3148 538 3247 609 τῆς
3278 536 3611 608 οἰκουμένης

2031 630 2343 705 ἀνθρώποις
2369 629 2719 685 ἀνατέταλκε.
2754 628 2865 683 Καὶ
2895 626 3056 692 αὐτὸς
3083 628 3140 681 δὲ
3169 629 3198 681 6
3225 625 3388 680 Δαϐὶδ
3418 624 3616 696 λύχνος

2031 725 2109 797 τῷ
2146 723 2366 798 Χριστῷ
2408 722 2831 795 προητοίμαστο,
2865 720 2940 785 ώς
2974 718 3273 790 παραθέσει
3305 716 3479 789 ἡλίου,
3516 717 3617 770 καὶ

2032 820 2239 881 τελείου
2285 816 2483 887 φωτὸς,
2550 815 2742 886 λύχνου
2789 813 2944 881 τάξιν
2989 813 3219 883 ἐπέχων.
3261 831 3279 864 ι
3325 811 3472 865 Ἐκεῖ
3531 810 3614 875 δὲ,

2037 912 2221 985 φησὶν,
2287 908 2591 975 ὲξανατελῶ
2630 909 2819 981 κέρας,
2851 924 2871 958 ι
2907 906 2999 960 τὸν
3041 905 3203 960 τόπον
3245 903 3442 975 δηλῶν,
3483 901 3620 956 ἔνθα

2039 1005 2293 1076 σημαίνει
2321 1004 2411 1057 τὸν
2443 1001 2678 1075 Χριστὸν
2710 998 3158 1073 γεννηθήσεσθαι.
3187 997 3482 1069 Εὑξαμένῳ
3505 995 3622 1067 γὰρ

2037 1096 2115 1168 τῷ
2148 1095 2313 1151 Δαϐὶδ
2344 1095 2437 1149 τὸν
2476 1095 2640 1148 τόπον
2666 1092 2746 1165 τῷ
2783 1090 3059 1163 πνεύματι
3104 1089 3484 1163 προθεωρῆσαι
3515 1089 3624 1161 τῆς

2038 1191 2304 1263 γενέσεως
2334 1189 2429 1243 τοῦ
2466 1185 2728 1261 Χριστοῦ,
2764 1185 3000 1257 φήσαντί
3041 1202 3124 1247 τε,
3161 1204 3179 1236 ε
3216 1185 3281 1238 Εἰ
3317 1182 3625 1237 είσελεύσο-

2044 1302 2141 1357 μαι
2174 1285 2267 1337 ἐπὶ
2310 1282 2497 1353 κλίνης
2532 1278 2821 1353 στρωμνῆς
2865 1296 2987 1350 μου,
3022 1279 3071 1332 εἰ
3115 1276 3271 1331 δώσω
3294 1275 3462 1330 ὕπνον
3502 1276 3628 1340 τοῖς

2040 1379 2336 1450 ὀφθαλμοῖς
2370 1392 2494 1447 μου,
2540 1374 2774 1438 καὶτοῖς
2821 1372 3109 1445 βλεφάροις
3145 1388 3247 1442 μου
3287 1367 3625 1441 νυσταγμδν,

2042 1471 2136 1526 καὶ
2172 1468 2479 1524 ἀνάπαυσιν
2504 1468 2618 1529 τοῖς
2650 1465 2941 1537 κροτάφοις
2970 1482 3093 1538 μου,
3131 1463 3237 1528 ἕως
3264 1455 3325 1516 οὗ
3355 1461 3502 1534 εὕρω
3532 1462 3629 1516 τό-

2043 1579 2142 1616 πον
2176 1559 2250 1631 τῷ
2289 1558 2499 1631 Κυρίῳ,
2539 1557 2804 1628 σκήνωμα
2830 1554 2907 1626 τῷ
2932 1554 3051 1626 Θεῷ
3087 1552 3277 1608 Ἰακὼϐ
3302 1593 3318 1619 ,
3354 1572 3373 1604 ι
3404 1555 3627 1606 arceat:-

2042 1653 2234 1708 λύπτει
2276 1652 2337 1706 τὸ
2374 1651 2516 1705 θεῖον
2566 1649 2792 1719 Πνεῦμα
2820 1648 2910 1702 τὸν
2939 1649 2996 1701 ἐν
3037 1646 3283 1719 Βηθλεὲμ
3309 1647 3493 1700 τόπον.
3530 1646 3628 1699 Διὸ

354 1736 539 1805 quiem
590 1735 937 1805 temporibus
988 1735 1164 1799 meis,
1215 1736 1393 1791 donec
1441 1736 1715 1792 inveniam
1761 1738 1942 1793 locum

2058 1746 2290 1819 επιῳέρει
2350 1745 2524 1813 λέγων
2551 1761 2565 1775 ·
2640 1759 2662 1795 ι
2730 1741 2864 1795 Ἰδοὺ
2937 1740 3252 1811 ἠκούσαμεν
3324 1738 3492 1810 αὐτὴν
3569 1739 3628 1792 ὲν

354 1828 607 1893 Domino,
634 1830 1059 1884 tabernaculum
1087 1828 1201 1886 Deo
1225 1827 1397 1900 Iacob
1418 1830 1486 1895 ⁸⁷,
1527 1849 1546 1881 ι
1583 1828 1806 1886 divinus
1830 1830 1943 1902 spi-

355 1921 497 1977 ritus
531 1922 581 1977 ei
617 1922 820 1985 locum,
846 1922 939 1992 qui
968 1929 1055 1978 est
1087 1922 1144 1978 in
1181 1922 1495 1979 Bethlehem
1530 1924 1807 1978 occultum
1847 1923 1942 1979 dc-

356 2016 514 2087 tegit.
556 2016 745 2085 Itaque
776 2016 1080 2087 subiungit,
1128 2016 1320 2073 dicens
1355 2035 1368 2071 :
1399 2033 1418 2067 ι
1454 2014 1596 2071 Ecce
1635 2015 1944 2071 audivimus

358 2124 479 2163 eam
518 2108 572 2162 in
595 2108 867 2178 Ephrata;
896 2127 913 2159 ο
943 2107 1131 2180 (porro
1152 2108 1266 2163 haec
1319 2115 1404 2164 est
1447 2108 1568 2179 ipsa
1604 2105 1943 2175 Bethlehem)

365 2219 385 2251 ι
419 2199 727 2255 invenimus
780 2215 899 2255 eam
943 2200 997 2254 in
1040 2200 1251 2270 campis
1287 2200 1459 2265 silvae,
1501 2198 1850 2254 introibimus
1886 2197 1942 2251 in

359 2291 778 2347 tabernaculum
817 2289 959 2360 ejus,
1012 2291 1367 2348 adorabimus
1403 2293 1458 2346 in
1490 2291 1614 2346 loco
1655 2290 1749 2346 ubi
1777 2295 1943 2346 stete-

359 2396 489 2441 runt
513 2386 678 2457 pedes
719 2388 841 2458 ejus
872 2387 938 2441 ‘3.
975 2406 993 2439 ι
1035 2386 1217 2454 Quare
1256 2388 1454 2443 merito
1496 2396 1787 2458 postquam
1827 2385 1944 2441 haec

361 2479 575 2548 aperuit
600 2486 764 2550 atque
795 2479 1077 2543 indicavit,
1103 2478 1354 2550 adjungit
1389 2495 1402 2531 :
1437 2498 1456 2531 (
1493 2478 1611 2536 lllic
1641 2480 1941 2550 producam

360 2586 534 2625 cornu
571 2572 675 2642 ipsi
720 2571 910 2638 David,
943 2574 1133 2643 paravi
1172 2574 1456 2629 lucernam
1487 2571 1708 2628 Christo
1735 2587 1878 2629 meo.
1916 2591 1935 2625 ι

359 2659 619 2718 Fortasse
665 2665 830 2719 etiam
872 2664 1051 2736 ipsum
1100 2665 1158 2719 in
1198 2664 1514 2720 Bethlehem
1545 2679 1575 2718 a
1602 2664 1824 2719 Christo
1853 2680 1943 2721 as-

362 2761 645 2822 sumptum
690 2768 914 2825 corpus,
947 2755 1053 2809 alio
1075 2755 1311 2825 quodam
1348 2754 1625 2809 intellectu
1646 2753 1732 2809 his
1761 2754 1944 2809 verbis

366 2846 680 2916 signiﬁcans
706 2864 719 2900 :
749 2846 970 2916 quando
1002 2862 1101 2917 per
1132 2861 1333 2916 corpus
1365 2853 1624 2916 tanquam
1659 2862 1755 2916 per
1776 2852 1946 2902 testa-

2049 1837 2314 1909 Ἐφραθά·
2350 1856 2370 1889 ι
2405 1835 2565 1909 (αὕτη
2588 1835 2647 1889 δέ
2677 1836 2823 1888 ἐστιν
2852 1834 2886 1904 ἡ
2920 1831 3189 1905 Βηθλεέμ)
3224 1850 3242 1883 ι
3268 1830 3504 1903 εὕρομεν
3528 1832 3631 1884 αῦ-

2038 1933 2135 2005 τὴν
2170 1934 2226 1985 ὲν
2270 1934 2383 1994 τοῖς
2414 1929 2619 1993 πεδίοις
2664 1925 2759 1981 τοῦ
2803 1926 3030 1999 δρυμοῦ.
3070 1922 3504 1993 Εἱσελευσόμεθα
3547 1926 3633 1987 εἰς

2038 2026 2108 2079 τὰ
2142 2023 2476 2096 σκηνώματα
2506 2019 2695 2084 αὐτοῦ,
2726 2020 3175 2092 προσκυνήσομεν
3208 2018 3287 2081 είς
3322 2016 3413 2070 τὸν
3439 2018 3629 2079 τόπον,

2042 2112 2103 2172 οὗ
2131 2116 2368 2188 ἔστησαν
2397 2116 2448 2168 οι
2478 2114 2636 2179 πόδες
2678 2112 2865 2167 αὐτοῦ.
2901 2111 3196 2187 »Εἰκότως
3225 2105 3317 2164 οῦν
3352 2108 3491 2181 μετὰ
3532 2108 3634 2178 τὴν

2041 2208 2244 2263 τούτων
2278 2207 2586 2280 φανέρωσιν
2631 2205 2909 2274 ἐπιλέγει·
2949 2224 2966 2255 ι
3020 2205 3167 2257 Ἐκεῖ
3206 2199 3509 2267 ἐξανατελῶ
3534 2199 3633 2252 κέ-

2044 2319 2144 2372 ρας
2178 2300 2253 2371 τῷ
2286 2300 2481 2354 Δαὸίδ·
2522 2300 2792 2372 ὴτοίμασα
2834 2298 3025 2369 λύχνον
3069 2295 3147 2367 τῷ
3192 2293 3413 2367 Χριστῷ
3443 2310 3566 2364 μου.
3608 2311 3629 2344 ι

2041 2394 2194 2464 Τάχα
2230 2392 2359 2456 ἴσως
2405 2393 2500 2447 καὶ
2541 2393 2602 2445 τὸ
2651 2391 2745 2445 ἐπὶ
2786 2391 2886 2463 τῆς
2927 2388 3173 2461 Βηθλεὲμ
3219 2385 3528 2459 ἀναληφθὲν
3555 2384 3637 2456 τῷ

2042 2486 2264 2557 Χριστῷ
2288 2485 2447 2557 σῶμα
2471 2485 2591 2540 καθ’
2614 2484 2806 2556 ἑτέραν
2827 2482 3083 2537 ὑπόνοιαν
3106 2480 3383 2553 σημαίνων
3408 2497 3421 2510 ·
3446 2476 3637 2550 ἐπειδὴ

2049 2576 2136 2630 διὰ
2166 2574 2261 2629 τοῦ
2307 2574 2561 2647 σώματος
2593 2573 2670 2638 ώς
2710 2574 2780 2627 δι’
2804 2571 3124 2645 ὀστρακίνου
3160 2568 3389 2633 σκεύους
3415 2570 3639 2640 ἐνοικήε

2054 2684 2192 2719 σασα
2222 2668 2278 2719 ἐν
2311 2665 2459 2737 αὐτῷ
2486 2668 2518 2738 ή
2552 2664 2672 2720 θεία
2698 2663 2948 2734 δύναμις,
2978 2662 3054 2727 ὡς
3080 2661 3169 2716 διὰ
3194 2661 3388 2733 λύχνου
3410 2659 3509 2722 τὰς
3536 2659 3638 2713 τοῦ

2050 2757 2196 2811 θείου
2226 2760 2322 2812 καὶ
2351 2756 2569 2826 λογικοῦ
2595 2755 2771 2827 φωτὸς
2799 2754 3167 2828 μαρμαρυγὰς
3189 2755 3267 2817 εἰς
3290 2753 3497 2815 πάντας
3549 2752 3638 2817 ἐξ-

2053 2849 2294 2921 έλαμψεν
2334 2850 2431 2906 ἀνθ
2439 2849 2675 2922 ρώπους.

367 2951 525 2991 ceum
568 2952 688 2999 vas,
728 2936 1047 2993 inhabitans
1078 2939 1132 2992 in
1168 2938 1263 2992 illo
1305 2938 1492 2993 divina
1536 2939 1733 3005 virtus,
1775 2940 1936 3009 quasi
1968 2956 2067 3013 per
2096 2944 2397 3010 lucernam,
2431 2943 2601 3001 divini
2632 2943 2778 2999 illius
2806 2950 2860 2999 ct
2913 2942 3199 2998 rationalis
3266 2940 3486 2994 luminis
3544 2952 3639 2990 ra-

368 3028 514 3096 dios,
549 3029 604 3083 in
638 3044 831 3086 omnes
865 3031 1050 3086 emisit
1079 3032 1351 3087 homines.

368 3148 449 3202 Ab
469 3149 662 3232 .Amos.
709 3182 789 3234 --Ι
832 3150 1077 3234 Christus
1147 3154 1539 3234 nomin_atim_a
1570 3154 1705 3234 _Deo
1755 3156 1948 3211 denun-

2072 3157 2204 3234 Ἀπὸ
2245 3157 2354 3234 τοῦ
2398 3156 2611 3234 Ἀμώς.Δ
2636 3186 2707 3234 ξτ-
2746 3132 3337 3234 Χριάτόςιόνοέιαστὶ·
3359 3154 3480 3234 ὑπὸ
3511 3154 3643 3234 Atei}

442 3221 626 3282 tiatur,
654 3229 704 3275 et
737 3223 800 3274 ab
826 3224 1067 3295 omnibus
1112 3226 1436 3295 agnoscitur,
1469 3223 1785 3281 Judworum
1833 3244 1951 3282 vero

439 3300 642 3360 gentem
673 3292 939 3363 repudiat.

454 3504 476 3539 ι
503 3485 706 3543 Parare
746 3487 814 3542 ad
846 3486 1212 3544 invocandum
1262 3488 1433 3545 Deum
1468 3490 1656 3557 Israel,
1693 3492 1954 3565 quoniam

292 3612 299 3619 -
372 3594 503 3636 ecce
530 3579 879 3636 consolidans
905 3583 1135 3646 tonitru,
1157 3590 1212 3638 et
1237 3597 1433 3638 creans
1462 3584 1737 3651 spiritum,
1771 3593 1825 3640 et
1859 3585 1951 3641 de-

375 3672 640 3727 nuntians
679 3672 996 3727 hominibus
1029 3671 1309 3729 Christum
1347 3690 1532 3740 suum,
1566 3672 1777 3731 faciens
1800 3690 1960 3731 mane

372 3768 429 3815 et
479 3762 758 3828 nebulam,
804 3770 858 3817 et
905 3764 1210 3820 ascendens
1243 3780 1410 3835 supra
1454 3765 1602 3821 celsa
1640 3774 1818 3821 terrae.
1856 3766 1961 3821 Do-

373 3854 556 3910 minus
593 3854 736 3910 Deus
776 3854 1126 3925 omnipotens
1155 3858 1367 3927 inomen
1400 3857 1450 3913 ei
1476 3874 1490 3911 :
1519 3859 1703 3914 audite
1732 3860 1959 3915 verbum

376 3945 612 4011 Domini,
641 3945 787 4015 quod
815 3961 914 4016 ego
939 3947 1097 4016 capio
1120 3962 1285 4018 super
1324 3963 1444 4015 vos,
1492 3948 1957 4006 lamentationem.

377 4033 584 4090 Domus
614 4033 784 4090 Israel
815 4035 1014 4091 cecidit
1050 4056 1062 4089 :
1098 4053 1208 4092 non
1243 4039 1384 4094 ultra
1428 4041 1649 4110 adjiciet
1683 4049 1743 4096 ut
1770 4057 1961 4098 resur-

378 4135 491 4200 gat.
518 4127 685 4199 Virgo
723 4127 891 4183 Israel
924 4130 1077 4200 lapsa
1117 4137 1201 4185 est
1247 4129 1304 4184 in
1352 4139 1497 4186 terra
1543 4147 1642 4187 sua
1674 4148 1688 4185 :
1723 4147 1835 4187 non
1879 4142 1964 4189 est

378 4219 473 4291 qui
495 4221 667 4291 erigat
689 4220 888 4275 eam”.
923 4241 942 4273 ι
986 4218 1107 4275 Jam
1139 4222 1373 4293 septimo
1401 4224 1522 4279 loco
1551 4222 1829 4280 Christum
1860 4240 1963 4280 no-

376 4312 627 4368 minatim
665 4311 999 4369 denuntians
1051 4314 1368 4372 hominibus
1406 4315 1573 4383 Deus,
1615 4317 1962 4373 consolidare

376 4404 608 4469 tonitru,
643 4412 697 4460 et
727 4420 916 4460 creare
948 4406 1200 4476 spiritum
1253 4408 1579 4479 evangelicae
1620 4408 1963 4479 praedicatio-

2129 3229 2277 3284 Θεοῦ
2318 3223 2892 3296 κατὰγγελλόμενῖος,
2938 3226 3037 3279 καὶ.
3075 3223 3227 3296 πᾶσι
3266 3223 3383 3294 μὲν
3417 3226 3644 3294 ἀνθρώ-

2127 3314 2263 3366 ποις
2285 3295 2729 3370 γνωριζόμενος,
2769 3296 3062 3353 Ἰουδαίων
3088 3295 3140 3348 δ’
3167 3295 3342 3362 ἔθνος
3358 3296 3646 3366 ἀφοσιού-

2123 3388 2327 3442 μενος.

2140 3481 2460 3556 Ἑτοιμάζου
2503 3482 2599 3536 τοῦ
2648 3479 3023 3536 ἐπικαλεῖσθαι
3066 3480 3159 3534 τὸν
3210 3479 3341 3534 θεὸν
3399 3477 3640 3551 Ἰσραὴλ,

2057 3578 2189 3632 διότι
2219 3578 2325 3632 ίδοὺ
2356 3574 2592 3650 στερεῶν
2637 3574 2867 3648 βροντὴν
2901 3573 2997 3627 καὶ
3028 3573 3227 3638 κτίζων
3268 3571 3509 3643 πνεῦμα,
3543 3572 3643 3626 καὶ

2059 3669 2409 3740 ἐπαγγέλλων
2430 3669 2511 3731 είς
2538 3665 2858 3738 ἀνθρώπους
2878 3664 2969 3718 τὸν
2997 3662 3230 3736 Χριστὸν
3254 3662 3439 3727 αὐτοῦ,
3470 3661 3644 3715 ποιῶν

2059 3763 2255 3837 ὸρθρον
2283 3762 2376 3815 καὶ
2406 3758 2654 3832 ὁμίχλην,
2686 3758 2777 3811 καὶ
2801 3755 3094 3810 ἐπιϐαίνων
3119 3755 3214 3809 ἐπὶ
3237 3752 3307 3808 τὰ
3337 3753 3518 3825 ὑψηλά
3540 3753 3643 3823 τῆς

2061 3857 2185 3927 γῆς.
2245 3854 2451 3927 Κύριος
2503 3855 2532 3906 6
2590 3851 2745 3916 Θεὸς,
2808 3840 3202 3918 παντοκράτωρ
3238 3845 3410 3917 ὄνομα
3470 3843 3641 3915 αύτῷ.

2074 3942 2368 3997 Ἀκούσατε
2421 3940 2582 4009 λόγου
2632 3937 2835 4010 Κυρίου
2853 3976 2868 4001 ,
2921 3936 2979 3991 ὃν
3039 3935 3150 4006 ἐγὼ
3204 3933 3499 4007 λαμϐάνων
3555 3935 3643 4003 ἐφ’

2064 4036 2227 4108 ὑμᾶς,
2267 4035 2482 4107 θρῆνον.
2530 4026 2691 4095 Οἶκος
2733 4028 2946 4103 Ἰσραὴλ
2982 4028 3175 4081 ἔπεσεν
3202 4044 3214 4057 ·
3272 4027 3645 4097 οὐκέτιπροσ-

2064 4128 2219 4201 θήσει
2292 4126 2386 4180 τοῦ
2453 4124 2775 4195 ἀναστῆναι.
2826 4120 3103 4193 Παρθένος
3152 4119 3369 4192 Ἰσραὴλ
3413 4119 3646 4189 ἔσφαλεν

2063 4221 2156 4274 ἐπὶ
2200 4220 2301 4291 τῆς
2329 4219 2436 4290 γῆς
2478 4217 2679 4288 αὐτῆς·
2715 4217 2816 4270 οὐκ
2856 4215 3003 4269 ἔστιν
3043 4214 3073 4266 6
3119 4213 3353 4269 άνιστῶν
3392 4213 3587 4286 αὑτήν.
3621 4232 3641 4266 ι

2067 4312 2334 4382 ’Ἐὸδομον
2383 4310 2486 4382 ἤδη
2529 4310 2621 4363 τὸν
2670 4307 2904 4380 Χριστὸν
2952 4307 3213 4377 ὀνομαστὶ
3262 4305 3649 4376 καταγγέλλων

2065 4408 2144 4470 εἰς
2190 4403 2511 4477 ἀνθρώπους
2555 4406 2583 4456 ὁ
2628 4402 2780 4467 Θεὸς,
2828 4399 3080 4473 στερεοῦν
3130 4399 3358 4472 βροντὴν
3405 4401 3501 4454 καὶ
3535 4400 3651 4454 κτίο

376 4495 467 4552 nis
502 4495 723 4562 dicitur,
772 4513 893 4569 qua
923 4497 1132 4553 tonitru
1178 4499 1423 4564 nomine,
1471 4508 1762 4572 propterea
1813 4504 1948 4573 quod

2067 4498 2179 4563 ζειν
2214 4498 2431 4570 πνεῦμα
2474 4497 2690 4565 λέγεται
2723 4494 2816 4548 τοῦ
2859 4492 3214 4562 εὐαγγελικοῦ
3269 4492 3646 4563 κηρύγματος,

376 4587 716 4643 exaudientia
746 4589 819 4644 sit
857 4589 927 4644 ab
964 4590 1221 4646 omnibus
1260 4591 1600 4658 hominibus,
1635 4594 1959 4664 appellatur.

377 4678 518 4734 Nam
547 4680 714 4735 simili
745 4680 911 4735 modo
954 4682 1121 4737 etiam
1153 4682 1381 4753 spiritus
1410 4699 1520 4755 quo
1551 4683 1807 4742 Christus
1832 4701 1963 4757 apo-

388 4773 561 4829 stolos
593 4788 724 4829 suos
757 4772 979 4840 alllavit,
1007 4774 1381 4845 signiﬁcatur;
1416 4775 1562 4847 quod
1587 4777 1806 4847 quidem
1837 4793 1962 4849 per-

381 4865 569 4935 spicue
589 4866 646 4920 in
675 4864 977 4922 Salvatoris
1011 4868 1185 4922 nostri
1225 4867 1460 4924 adventu
1494 4870 1825 4940 completum
1852 4878 1960 4937 est,

381 4958 439 5013 in
460 4974 569 5030 quo
587 4957 838 5013 facturus
855 4957 998 5014 Deus
1015 4974 1176 5016 mane
1190 4960 1354 5016 simul
1373 4968 1429 5016 et
1449 4962 1704 5017 nebulam
1723 4962 1961 5028 canitur,

381 5049 451 5107 iis
479 5048 812 5121 quidemqui
843 5051 1086 5106 salutare
1113 5052 1296 5107 lumen
1327 5054 1672 5124 susceperint
1699 5069 1877 5121 mane,
1900 5056 1968 5111 iis

379 5157 513 5200 vero
538 5141 769 5208 Iudaeis,
808 5143 903 5214 qui
932 5144 990 5198 in
1019 5144 1201 5215 ipsum
1236 5161 1347 5200 non
1379 5145 1712 5202 crediderint
1753 5156 1966 5204 contra.

386 5232 552 5306 189
577 5233 710 5289 Nam
746 5234 815 5288 ad
849 5236 973 5292 illos
998 5245 1299 5306 extremam
1331 5254 1549 5310 quoque
1601 5239 1971 5295 denuntiatio.

384 5340 510 5380 nem
537 5326 823 5381 oraculum
880 5337 1153 5398 apportat,
1209 5331 1339 5385 dum
1394 5331 1839 5387 lamentationem
1872 5330 1969 5387 Ju-

386 5416 559 5473 daicae
584 5419 764 5490 gentis
795 5419 1063 5492 adjungit,
1090 5435 1212 5491 quae
1242 5422 1310 5476 ad
1352 5422 1503 5493 ipsos
1543 5424 1727 5479 statim
1773 5440 1965 5492 perve-

388 5509 492 5574 nit,
519 5517 645 5580 post
674 5509 945 5566 nefarium
1003 5513 1267 5569 adversus
1321 5511 1655 5569 Salvatorem
1714 5523 1965 5570 nostrum

2072 4591 2319 4665 βροντῆς,
2347 4589 2436 4643 διὰ
2466 4589 2527 4642 τὸ
2567 4590 2647 4652 εἱς
2679 4587 2889 4650 πάντας
2935 4584 3255 4658 ἀνθρώπους
3297 4585 3647 4650 ἐξάκουστον,

2068 4683 2505 4756 ὀνομαζομένου·
2554 4681 2755 4753 ὁμοίως
2799 4679 2856 4732 δὲ
2904 4677 3000 4732 καὶ
3043 4679 3139 4730 τοῦ
3171 4678 3284 4741 τοῖς
3326 4676 3652 4739 ἀποστόλοις

2069 4776 2474 4849 ὲμπνεύσαντος
2530 4770 2769 4846 Χριστοῦ
2830 4769 3140 4841 πνεύματος
3191 4769 3519 4841 δηλουμένου
3557 4787 3569 4799 ·
3625 4770 3653 4819 ὃ

2068 4872 2164 4925 καὶ
2224 4870 2408 4941 σαφῶς
2458 4868 2550 4923 ἐπὶ
2601 4869 2666 4939 τῇ
2723 4864 2817 4919 τοῦ
2871 4865 3124 4936 Σωτῆρος
3179 4862 3335 4934 ἡμῶν
3391 4861 3655 4934 ἐπιδημίᾳ

2072 4964 2446 5037 πεπλήρωται;
2501 4961 2586 5030 ἐφ’
2716 4958 2962 5027 ποιήσειν
3010 4958 3040 5010 6
3092 4954 3223 5018 Θεὸς
3268 4954 3463 5026 ὄρθρον
3516 4954 3651 5024 ὁμοῦ

2072 5056 2172 5109 καὶ
2224 5053 2455 5125 ὁμίχλην
2514 5049 2864 5114 θεσπίζεται·
2934 5048 3048 5112 τοῖς
3103 5046 3200 5119 μὲν
3265 5045 3328 5098 τὸ
3387 5044 3655 5115 σωτήριον

2075 5146 2191 5216 φῶς
2241 5140 2727 5215 παραδεξαμένοις,
2771 5138 2864 5192 τὸν
2911 5135 3141 5209 ὄρθρον·
3182 5136 3295 5198 τοῖς
3339 5133 3396 5187 δὲ
3428 5133 3657 5206 ἀπειθή-

2075 5257 2231 5294 σασιν
2270 5240 2350 5301 εἰς
2379 5235 2541 5290 αὐτὸν
2590 5233 2699 5287 τῶν
2742 5236 2807 5286 ὲκ
2832 5229 3154 5303 περιτομῆς,
3191 5226 3522 5282 τούναντίον.
3562 5221 3657 5289 Οἷς

2072 5333 2166 5387 καὶ
2223 5330 2321 5402 τὴν
2379 5327 2612 5400 ἐσχάτην
2655 5326 2928 5395 ἀπόφασιν
2981 5324 3011 5376 ὁ
3052 5321 3206 5390 λόγος
3259 5318 3654 5393 προκηρύττει,

2074 5425 2268 5496 θρῆνον
2301 5421 2565 5490 ἐπιλέγων
2581 5416 2674 5472 τοῦ
2707 5415 2975 5471 Ἰουδαίων
2991 5416 3198 5479 ἔθνους,
3226 5413 3318 5467 τὸν
3339 5413 3432 5466 καὶ
3463 5409 3657 5484 μετελ-

2075 5513 2233 5566 θόντα
2277 5511 2473 5575 αὐτοὺς
2537 5508 2848 5582 παραυτίκα
2915 5505 3051 5578 μετὰ
3076 5505 3174 5577 τὴν
3237 5501 3380 5559 κατὰ
3408 5501 3503 5557 τοῦ
3537 5500 3655 5558 Σω-

463 5665 508 5698 ⁵⁷
537 5664 681 5722 Psal.
706 5680 888 5735 exul,
922 5667 1036 5723 5-5.
1116 5669 1160 5701 ⁵⁸
1191 5669 1322 5727 ibid.
1356 5670 1408 5732 6.
1448 5671 1498 5725 7.
1570 5671 1615 5704 "
1640 5671 1804 5728 Amos
1841 5687 1914 5740 tv,

2078 5670 2166 5733 l5;
2202 5685 2252 5733 ν,
2289 5667 2409 5730 ι,ε.
