3880 6256
205 250 313 328 5:1

1108 266 1769 327 DEMONSTRATIONIS
1805 268 2269 330 EVANGEEIGE
2309 271 2439 329 LIB.
2473 270 2564 327 IV.

3345 274 3449 330 518

207 383 359 454 τῆρσς
404 384 561 456 ἡμῶν
622 384 798 456 Ἰησοῦ
840 385 933 440 τοῦ
988 386 1224 458 Χριστοῦ
1285 386 1624 441 δυσσέϐειαν.
1682 385 1806 451 Ἐξ,

1900 386 2061 444 esum
2092 387 2377 443 Christum
2426 388 2628 443 scelus.
2663 384 2741 441 Ex
2774 386 2870 443 illo
2902 385 3047 442 enim
3078 386 3162 442 vel
3200 386 3270 442 ad
3304 386 3452 444 hunc

208 480 401 536 ἐκείνου
429 478 540 551 γὰρ
582 477 799 550 ἀληθῶς
838 478 933 533 καὶ
970 482 1051 545 είς
1096 480 1256 552 δεῦρο
1292 481 1321 533 ό
1368 475 1514 544 οἶκος
1558 479 1773 552 Ἰσραὴλ

208 571 502 634 πέπτωκεν,
525 571 646 644 ὅρος
674 587 735 623 τε
758 569 904 637 ἅπαξ
950 571 1055 625 ὑπὸ
1088 572 1182 625 τοῦ
1207 570 1343 626 Θεοῦ
1375 572 1468 626 καὶ
1499 571 1774 642 ἀπόφασις

209 663 538 732 ἐξενήνεκται
580 662 709 736 περὶ
749 662 846 717 τοῦ
892 664 1150 729 πεσόντος
1185 664 1364 719 αὐτῶν
1396 664 1547 718 οἴκου
1587 663 1682 717 τοῦ
1713 666 1772 718 ὲν

219 750 577 825 Ἰερουσαλὴμ,
608 753 703 806 καὶ
731 753 872 808 κατὰ
914 754 1116 818 παντὸς
1153 754 1334 809 αὐτῶν
1368 755 1462 809 τοῦ
1497 755 1773 828 συστήμα-

207 861 306 909 τος,
333 844 407 909 ὡς
444 845 636 916 μηκέτ’
669 844 734 899 ἂν
784 846 1256 917 ἀναστησομένων,
1289 845 1367 918 τῷ
1403 847 1536 919 μηδὲ
1582 849 1775 920 παρεῖ-

207 957 284 997 ναι
312 939 401 993 τὸν
429 939 733 994 ἀνιστῶντα
761 941 978 1005 αὐτούς.
1006 960 1025 993 ι
1063 942 1177 994 Οὐκ
1207 940 1322 995 ἔστι
1358 960 1378 993 ι
1405 940 1555 1011 γοῦν,
1587 941 1772 1013 φησὶν,

212 1049 232 1084 ι
251 1031 278 1084 ὁ
308 1030 540 1084 ἁνιστῶν
556 1030 747 1102 αὐτήν.
783 1050 802 1082 ι
840 1030 994 1085 Ἐπεὶ
1026 1030 1136 1103 γὰρ
1162 1030 1383 1086 ἐλθόντα
1414 1031 1505 1086 τὸν
1539 1031 1775 1103 Χριστὸν

207 1120 289 1177 τοῦ
311 1120 442 1174 Θεοῦ
467 1121 532 1174 οὐ
563 1122 928 1192 προσήκαντο,
958 1121 1182 1186 είκότως
1213 1122 1409 1185 αὐτοὺς
1440 1120 1772 1188 καταλιπὼν,

207 1217 288 1272 siti
330 1214 509 1268 πάντα
558 1216 788 1286 μετέστη
834 1213 902 1267 τὰ
955 1212 1104 1286 ἔθνη,
1134 1213 1197 1267 τὸ
1240 1214 1412 1270 αῐτιον
1453 1216 1553 1287 τῆς
1606 1231 1773 1286 μετα-

208 1306 449 1371 πτώσεως
484 1306 726 1373 διδάξας,
760 1306 824 1360 δι’
855 1297 929 1360 ὧν
955 1307 1455 1378 ἁποκλαυσάμενος,
1497 1306 1777 1379 μονονουχὶ

207 1400 576 1471 ἀπελογήσατο
626 1397 826 1453 είταῦν·
864 1418 882 1450 ι
933 1399 1305 1471 Ἰερουσαλὴμ,
1353 1399 1705 1473 Ἰερουσαλὴμ
1740 1404 1775 1473 ὴ

209 1491 590 1548 ἀποκτείνουσα
630 1492 755 1556 τοὺς
797 1494 1079 1565 προφήτας
1130 1493 1223 1546 καὶ
1263 1492 1610 1547 λιθοϐολοῦσα
1654 1495 1778 1558 τοὺς

209 1584 639 1655 ἀπεσταλμένους
668 1584 806 1657 πρὸς
840 1585 1073 1656 σαυτήν·
1107 1585 1369 1650 πολλάκις
1395 1585 1504 1658 γὰρ
1537 1585 1779 1657 ἠθέλησα

1875 497 2050 552 usque
2077 480 2221 538 diem
2249 480 2447 539 domus
2475 480 2643 538 Israel
2665 480 2883 546 cecidit,
2910 488 2966 537 et
2986 479 3251 536 visionem
3285 482 3455 538 semel

1876 572 2115 649 Deusac
2143 573 2615 630 denuntiationem
2645 573 2895 644 protulit,
2925 571 2995 628 de
3015 586 3214 627 casura
3235 570 3457 626 illorum

1875 665 2039 721 domo
2098 668 2156 722 in
2189 661 2518 730 Jerusalem,
2545 665 2813 722 adversus
2833 680 3051 721 omnem
3069 664 3288 719 illorum
3313 663 3458 717 mul-

1875 759 2187 823 titudinem,
2220 756 2387 814 veluti
2418 771 2608 812 eorum
2642 757 2735 827 qui
2764 771 2872 811 non
2927 756 3163 826 amplius
3210 752 3459 827 erigendi

1878 853 2012 917 sint,
2045 866 2112 907 eo
2139 849 2288 923 quod
2316 864 2428 906 non
2460 848 2625 915 adsit,
2658 849 2753 919 qui
2785 848 2853 903 ad
2882 848 3004 903 illos
3036 849 3250 918 erigat:
3289 864 3308 898 ι
3345 860 3459 900 non

1875 954 1983 1013 est,
2007 946 2208 1019 inquit,
2237 944 2333 1016 qui
2362 944 2536 1014 erigat
2562 956 2705 998 eam.
2739 959 2758 993 ι
2805 938 3102 1011 Postquam
3132 939 3280 996 enim
3300 937 3460 993 Chri-

1879 1048 2049 1103 stum,
2081 1040 2174 1109 qui
2205 1038 2271 1093 ad
2304 1037 2427 1093 illos
2452 1042 2696 1100 venerat,
2721 1048 2830 1089 non
2853 1039 3234 1102 susceperunt,
3263 1030 3460 1087 merito

1880 1131 2006 1186 illos
2028 1140 2084 1185 et
2108 1128 2372 1193 deseruit,
2412 1133 2466 1181 et
2511 1125 2567 1181 in
2600 1138 2792 1180 omnes
2846 1122 3131 1183 transtulit
3183 1120 3456 1184 nationes,

1880 1222 2154 1294 quietiam
2186 1230 2300 1276 tum
2350 1219 2506 1291 prius
2541 1218 2716 1273 ruinae
2756 1230 2981 1272 causam
3037 1214 3161 1269 illos
3218 1213 3457 1277 edocuit,

1881 1316 1972 1372 ubi
2009 1330 2179 1387 prope
2209 1329 2333 1370 cum
2368 1310 2760 1368 lamentatione
2790 1325 2850 1366 se
2892 1306 3197 1373 excusavit,
3225 1305 3415 1361 dicens
3443 1322 3458 1360 :

1888 1427 1907 1461 ι
1944 1406 2276 1470 Jerusalem,
2307 1403 2636 1468 Jerusalem,
2689 1416 2813 1470 qua:
2872 1398 3082 1455 occidis
3138 1396 3460 1469 prophetas,

1882 1509 1936 1557 et
1957 1497 2169 1570 lapidas
2200 1510 2298 1551 eos
2327 1495 2421 1566 qui
2443 1494 2511 1549 ad
2539 1500 2594 1549 te
2628 1492 2784 1548 missi
2809 1500 2962 1555 sunt,
2988 1505 3131 1559 saepe
3160 1488 3306 1543 volui
3332 1501 3468 1542 con-

1885 1608 2114 1667 gregare
2140 1591 2283 1646 iilios
2313 1596 2440 1644 tuos
2468 1585 2743 1657 quomodo
2764 1584 2967 1657 gallina
2998 1583 3177 1654 pullos
3206 1594 3339 1635 suos
3362 1579 3468 1634 sub

209 1678 517 1744 ἐπισυνάξαι
541 1676 612 1731 τὰ
640 1677 804 1733 τέκνα
834 1695 951 1742 σου,
978 1678 1038 1732 ὃν
1075 1678 1275 1750 τρόπον
1307 1678 1455 1751 ὅρνις
1498 1678 1567 1732 τὰ
1592 1680 1781 1734 νοσσία

1900 1688 2030 1749 alas,
2061 1692 2115 1741 et
2144 1682 2405 1739 noluistis
2441 1697 2456 1733 :
2486 1694 2617 1737 ecce
2660 1676 2989 1748 relinquitur
3045 1674 3242 1729 domus
3284 1677 3468 1727 vestra

209 1770 359 1840 αὐτῆς
386 1769 499 1824 ὑπὸ
549 1769 648 1835 τὰς
688 1770 983 1845 πτέρυγας,
1024 1747 1122 1825 καί
1164 1771 1264 1825 οὐκ
1302 1747 1633 1843 ἡθελήσατε’
1673 1771 1785 1826 ἰδοὺ
1816 1747 1857 1802 Β
1886 1747 2104 1835 deserta
2130 1778 2195 1832 θ’.

208 1860 405 1930 ἀφίεται
438 1863 578 1934 ὑμῖν
610 1863 640 1916 ό
674 1858 823 1926 οἶκος
854 1861 1008 1933 ὑμῶν
1038 1861 1266 1934 ἔρημος.
1306 1880 1327 1913 ι

218 1994 335 2076 Ἀπί)
376 1994 490 2076 τοῦ
540 1995 887 2076 Ἀμὸ-ακούμ.
922 2024 994 2035 -
1016 1996 1287 2076 ,Χριστὸς
1334 1996 1621 2076 ὀγομᾳςτὶ
1663 1998 1784 2076 ὑπὸ

263 2067 483 2134 Κυρίου
511 2062 623 2119 τοῦ
652 2062 880 2133 Πατρός
917 2062 1247 2135 σωζόμενος
1279 2067 1379 2121 καὶ
1416 2062 1616 2128 ἁώζων
1644 2068 1787 2135 τοὺς

266 2136 482 2191 ἑαυτοῦ
516 2137 820 2206 γριστούς.

271 2265 288 2299 ι
334 2246 601 2319 Ἑξῆλθες
624 2248 705 2312 εἰς
730 2246 1003 2319 σωτηρίαν
1030 2246 1163 2301 λαοῦ
1193 2264 1310 2314 σου,
1335 2249 1428 2303 τοῦ
1461 2248 1631 2305 σῶσαι
1659 2251 1786 2315 τοὺς

208 2340 456 2411 χριστοῦς
477 2355 602 2393 σοῦ’
635 2337 826 2401 ἔϐαλες
854 2340 932 2401 είς
960 2337 1203 2407 κεφαλὰς
1229 2338 1446 2411 ἀνόμων
1474 2339 1719 2394 θάνατον.
1760 2358 1781 2391 ι

218 2432 440 2497 Ἀκύλας
489 2451 510 2485 ι
562 2431 815 2503 Ἐξῆλθες
844 2432 923 2495 είς
970 2430 1243 2504 σωτηρίαν
1278 2429 1407 2484 λαοῦ
1444 2448 1557 2495 σου,
1584 2433 1788 2495 είςσω-

209 2525 383 2597 τηρίαν
412 2523 559 2579 λαοῦ
594 2542 687 2579 σου
724 2526 820 2579 σὺν
848 2524 1069 2597 Χριστῷ
1102 2541 1217 2579 σου.
1253 2545 1272 2576 ι
1319 2525 1536 2596 Ἐπειδὴ
1570 2527 1598 2575 ὁ
1629 2526 1787 2579 Ἀκύ-

208 2615 293 2681 λας
321 2618 456 2672 ἀντὶ
482 2615 578 2669 τοῦ
608 2614 968 2688 πληθυντικοῦ
1004 2615 1198 2679 ἑνικῶς
1240 2615 1490 2681 ἐξέδωκε,
1524 2619 1620 2671 σὺν
1650 2618 1786 2689 Χρι-

210 2708 306 2781 ne.
362 2710 575 2781 φήσας,
611 2708 711 2779 τὴν
746 2707 1020 2781 σωτηρίαν
1049 2706 1127 2778 τῷ
1173 2706 1287 2777 λαῷ
1321 2708 1649 2779 πεποιῆσθαι
1697 2709 1789 2763 τὸν

211 2800 302 2854 τῶν
322 2801 468 2855 ὅλων
494 2799 627 2855 Θεόν
646 2818 660 2830 ·
693 2801 916 2866 εἰκότως
963 2799 1315 2872 παρεθέμεθα
1359 2800 1458 2873 τὴν
1504 2800 1671 2869 λέξιν,
1697 2819 1792 2857 σα-

211 2894 313 2963 d"
336 2894 419 2966 τῷ
458 2892 803 2965 προϐλήματι
848 2894 1280 2966 παρισταμένην.
1317 2888 1442 2948 Εἶεν
1466 2893 1524 2947 δὲ
1554 2893 1619 2948 ἂν
1651 2894 1792 2949 κατὰ

213 2988 295 3061 τὴν
313 2988 426 3043 τῶν
457 2988 859 3060 Ἐὗδομήκοντα
886 2989 1180 3061 ἑρμηνείαν
1213 2988 1430 3052 πλείους
1457 2989 1506 3041 oi
1537 2986 1595 3055 ἐξ
1627 2987 1790 3042 αὑτοῦ

1886 2010 1965 2065 Ab
1998 2009 2310 2064 Ambacum.
2332 2034 2403 2045 ι·-
2425 2004 2666 2061 Christus
2686 2000 2997 2057 nominatim
3018 2015 3049 2052 a
3065 1996 3289 2053 Domino
3313 1993 3470 2048 Patre

2188 2086 2452 2143 servatur,
2484 2085 2534 2131 et
2563 2075 2788 2130 christos
2818 2088 2942 2128 suos
2975 2078 3169 2124 servat.

1966 2275 1985 2309 ι
2023 2254 2293 2327 Egressus
2325 2270 2386 2310 es
2416 2252 2472 2308 in
2496 2253 2729 2310 salutem
2757 2247 2945 2321 populi
2984 2246 3085 2313 tui,
3118 2251 3177 2299 ut
3204 2256 3456 2299 servares

1887 2350 2128 2407 christos
2141 2356 2266 2403 tuos
2286 2366 2300 2401 :
2315 2345 2498 2417 jecisti
2516 2348 2571 2399 in
2584 2344 2764 2415 capita
2777 2342 3090 2411 iniquorum
3114 2343 3345 2391 mortem
3363 2334 3406 2364 “
3416 2369 3431 2384 .
3446 2352 3466 2384 ο

1887 2443 2083 2516 Aquila
2102 2460 2147 2496 ει
2168 2439 2432 2511 Egressus
2448 2453 2509 2494 es
2522 2437 2578 2491 in
2601 2436 2830 2493 salutem
2849 2431 3033 2504 populi
3047 2428 3150 2495 tui,
3171 2429 3226 2481 in
3241 2424 3473 2481 salutem

1888 2514 2037 2591 tuam
2055 2549 2177 2589 cum
2196 2532 2412 2588 Christo
2428 2538 2544 2589 tuo.
2559 2527 2855 2595 :Quoniam
2876 2523 3069 2594 Aquila
3088 2523 3140 2577 in
3155 2518 3349 2592 plurali
3364 2514 3477 2578 edi-

1889 2630 1969 2686 dit
1989 2627 2265 2697 singulare
2280 2624 2500 2694 quippe,
2517 2622 2611 2692 qui
2638 2634 2763 2674 cum
2784 2617 3002 2673 Christo
3018 2612 3215 2669 dixerit
3241 2610 3473 2666 salutem

1890 2721 2092 2793 populo
2116 2716 2311 2774 fecisse
2335 2716 2504 2770 Deum
2538 2711 2804 2775 universi,
2841 2711 2966 2780 jure
3000 2708 3119 2777 ipsa
3148 2704 3314 2760 verba
3371 2715 3472 2770 apo

1893 2814 2203 2887 posuimus,
2231 2826 2352 2881 quae
2369 2807 2679 2879 perspicue,
2710 2803 2855 2875 quod
2878 2803 2967 2856 hic
2998 2798 3340 2871 propositum
3368 2807 3474 2856 est.

1894 2914 2137 2962 tuentur.
2169 2902 2347 2957 Erunt
2379 2907 2563 2955 autem
2634 2913 2700 2953 ex
2734 2892 3183 2965 interpretatione
3230 2891 3477 2960 ipsorum

1895 2993 2039 3050 LXX
2073 2995 2261 3065 plures
2284 2991 2355 3046 ab
2383 2990 2478 3045 illo
2510 2996 2565 3044 et
2593 3002 2692 3059 per
2723 2986 2902 3051 illum,
2926 2983 3023 3055 qui
3053 2982 3247 3036 christl
3289 2978 3477 3050 appel-

213 3083 293 3135 καὶ
319 3084 386 3136 δι’
417 3082 587 3137 αὑτὸν
630 3083 843 3154 χριστοὶ⁹
884 3081 1333 3154 χρηματίζοντες,
1369 3082 1498 3153 περὶ
1538 3074 1614 3136 ὧν
1643 3080 1795 3153 εἴρη-

1900 3090 2102 3151 lentur,
2163 3084 2231 3140 de
2265 3083 2469 3154 quibus
2519 3081 2725 3136 dictum
2782 3084 2913 3133 est:
2969 3092 2988 3126 ι
3029 3071 3206 3127 Nolite
3256 3077 3480 3140 tangere

212 3188 312 3226 ται·
349 3193 367 3226 ι
399 3174 499 3244 Μὴ
522 3172 731 3244 ᾶψησοε
757 3171 867 3226 τῶν
890 3171 1126 3244 χριστῶν
1160 3190 1282 3244 μου,
1312 3172 1406 3227 καὶ
1431 3174 1488 3225 ὲν
1516 3174 1627 3237 τοῖς
1662 3188 1795 3244 προ-

214 3268 396 3337 φήταις
431 3282 536 3336 μου
572 3264 647 3336 μὴ
677 3264 1061 3337 πονηρεύεσθε,
1104 3282 1124 3315 ι
1155 3263 1290 3317 οἵτε
1325 3263 1404 3326 είς
1446 3262 1613 3316 αὑτὸν
1635 3279 1795 3316 πεπι-

216 3360 511 3421 στευκότες,
540 3356 635 3411 καὶ
660 3355 753 3410 τοῦ
788 3356 943 3425 ἁγίου
970 3354 1070 3426 τῆς
1096 3356 1155 3409 ὲν
1179 3355 1256 3426 τῷ
1286 3353 1506 3426 Χριστῷ
1543 3354 1798 3423 παλιγγε-

214 3451 381 3515 νεσίας
412 3451 720 3523 χρίσματος
750 3448 1167 3521 κατηξιωμένοι,
1192 3449 1287 3503 καὶ
1307 3447 1595 3518 δυνάμενοι
1616 3446 1797 3515 λέγειν

214 3545 401 3616 ὁμοίως
438 3542 521 3614 τῷ
560 3542 693 3614 ἱερῷ
724 3541 1041 3612 ἀποστόλῳθ
1080 3558 1101 3593 ι
1139 3540 1372 3611 Μέτοχοι
1412 3539 1506 3593 τοῦ
1558 3537 1797 3611 Χριστοῦ

214 3638 535 3708 γεγόναμεν.
580 3655 602 3688 ι

985 3785 1129 3824 νων.
1176 3799 1248 3809 -
1287 3764 1544 3835 Χριστὸς
1581 3766 1800 3835 ὀνομα-

226 3774 370 3846 tuo
397 3772 530 3846 τῶνΔ
555 3772 828 3846 Ἱερεμίου
863 3772 1129 3846 Θρήνων.
1148 3772 1544 3846 --ιΧριστὸς
1581 3772 1773 3846 erogat

1676 3853 1801 3903 τοις

756 3772 907 3825 ove

274 3775 349 3827 πὸ
397 3772 518 3826 τῶν
555 3772 828 3841 Ἰερεμίου
863 3768 1129 3839 Θρήνων.
1176 3799 1248 3809 -
1287 3768 1544 3835 Χριστὸς
1581 3768 1626 3819 όι

274 3844 376 3898 στὶ
416 3842 539 3897 ὑπὸ
582 3841 879 3897 Ἰουδαίων
917 3840 1478 3910 ἐπιϐουλευόμενος,
1526 3836 1626 3890 καὶ

275 3917 482 3971 ἔθνεσι
513 3911 1081 3983 ἐπιγινωσκόμενος.

281 4045 298 4075 ι
340 4020 573 4092 Πνεῦμα
605 4017 897 4094 προσώπου
944 4018 1101 4092 ἡμῶν
1146 4016 1381 4090 Χριστὸς
1429 4014 1633 4089 Κύριος
1680 4032 1807 4070 συν-

220 4114 417 4187 ελήφθη
452 4116 511 4168 ἐν
543 4116 665 4177 ταῖς
720 4112 1038 4184 διαφθοραῖς
1082 4110 1261 4182 ἡμῶν,
1292 4100 1353 4163 οὗ
1407 4109 1673 4179 εἴπαμεν·
1715 4108 1804 4162 Ἐν

221 4209 277 4277 τῇ
305 4207 437 4279 σκιᾷ
472 4203 640 4259 αὐτοῦ
674 4201 953 4276 ζησόμεθα
986 4203 1044 4256 ἐν
1065 4204 1181 4265 τοῖς
1207 4199 1435 4254 ἔθνεσιν.
1466 4219 1485 4251 ι
1512 4200 1576 4254 Οἱ
1612 4199 1806 4253 θεσπέ-

223 4315 317 4353 σιοι
363 4299 461 4352 τοῦ
506 4296 645 4351 θεοῦ
698 4295 996 4368 προφῆται,
1036 4293 1099 4347 τὸ
1143 4293 1333 4365 μέλλον
1366 4292 1496 4365 θείῳ
1526 4292 1805 4364 Πνεύματι

1898 3178 2141 3236 christos
2191 3192 2374 3239 meos,
2404 3181 2460 3229 et
2489 3174 2548 3228 in
2583 3168 2868 3243 prophetis
2919 3166 3057 3221 meis
3092 3163 3261 3219 nolite
3315 3159 3477 3215 mali-

1895 3269 2055 3343 gnari
2078 3270 2124 3301 ⁶¹
2161 3287 2175 3324 :
2215 3286 2235 3320 ι
2264 3266 2356 3338 qui
2400 3264 2618 3335 quidem
2642 3269 2697 3318 et
2738 3261 2797 3315 in
2833 3259 2987 3312 illum
3019 3253 3393 3315 crediderunt,
3423 3256 3480 3305 et

1899 3342 2093 3418 sancta
2122 3356 2558 3431 regenerationis
2588 3355 2644 3409 in
2660 3352 2884 3408 Christo
2912 3349 3175 3405 unctione
3206 3344 3358 3417 digni
3388 3342 3484 3396 ha-

1897 3450 1998 3506 biti
2028 3457 2181 3514 sunt,
2214 3455 2268 3502 et
2294 3460 2404 3501 una
2425 3460 2550 3500 cum
2597 3450 2793 3498 sancto
2821 3438 3088 3510 Apostolo
3128 3437 3316 3492 dicere
3352 3445 3484 3504 pos-

1898 3549 2067 3599 sunt:
2098 3558 2118 3592 ι
2146 3537 2447 3609 Participes
2475 3533 2679 3591 Christi
2706 3531 2834 3586 facti
2859 3543 3050 3584 sumus
3080 3526 3144 3581 ⁸⁸.
3176 3544 3196 3577 ι

1906 3766 2067 3848 190
2096 3751 3082 3848 μετειιίαεἑςιιειξρὲἔιέιξξξξξς..ῑ-
3102 3746 3483 3848 Ε”ζίξὶίετεπεῖ

1972 3817 2219 3892 ῗηῗηαιὶηι
2264 3830 2330 3887 ab
2382 3828 2591 3884 Judwis
2634 3823 3063 3886 circumvenitur,
3099 3829 3148 3873 et
3181 3835 3212 3872 a
3240 3817 3482 3889 gentibus

1974 3905 2300 3979 agnoscitur.

1980 4038 1999 4071 ι
2039 4016 2280 4089 Spiritus
2311 4013 2498 4069 vultus
2520 4009 2696 4067 nostri
2720 4005 2978 4063 Christus
3011 4002 3298 4066 Dominus,
3331 4014 3486 4054 com-

1904 4113 2211 4186 prehensus
2269 4114 2355 4163 est
2402 4105 2461 4161 in
2509 4098 2960 4172 corruptionihus
3013 4109 3244 4157 eorum,
3277 4091 3346 4147 de
3377 4106 3487 4161 quo

1905 4178 2168 4266 diximus,
2199 4199 2256 4254 in
2285 4198 2480 4253 umbra
2503 4194 2677 4265 ipsius
2708 4189 2956 4245 vivemus
2984 4186 3041 4240 in
3078 4181 3332 4255 gentibus
3352 4178 3417 4233 “.
3463 4197 3482 4230 ι

1905 4290 2273 4349 Admirabiles
2304 4287 2383 4342 illi
2414 4284 2511 4340 Dei
2545 4282 2848 4355 propheta,
2884 4292 3010 4333 cum
3052 4274 3241 4331 divino
3287 4269 3487 4341 spiritu

224 4390 574 4462 συνορῶντες,
610 4361 880 4459 ζήσεσθαι-
901 4386 1001 4458 μὲν
1043 4361 1268 4449 ἑαυτοὺς
1304 4387 1399 4440 καὶ
1429 4361 1555 4449 τοὺς
1592 4361 1801 4439 έαυτῶν

1907 4385 2255 4439 intuerentur
2316 4375 2464 4450 quod
2495 4374 2742 4429 futurum
2771 4383 2911 4436 erat,
2965 4367 3212 4421 victuros
3264 4361 3485 4432 quidem

221 4452 422 4552 λόγους,
473 4452 915 4546 ossi/gown;
949 4479 1265 4550 ὲνεργήσειν
1309 4478 1366 4531 ὲν
1404 4479 1517 4541 τοῖς
1561 4476 1801 4542 ἔθνεσιν,

1909 4480 2143 4547 seipsos,
2174 4473 2344 4529 verba
2373 4477 2557 4525 autem
2581 4461 3135 4534 sua,quasiipsorum
3161 4452 3485 4515 viventium,

225 4576 327 4629 ἀλλ’
358 4577 462 4630 οὐκ
488 4578 548 4630 ὲν
574 4572 655 4645 τῷ
667 4571 909 4644 Ἰσραὴλ,
933 4570 1239 4635 ἐθέσπιζον.
1264 4571 1368 4625 Τὸν
1387 4571 1623 4644 Χριστὸν
1640 4570 1803 4645 πάλιν

224 4669 495 4742 ὀνομαστὶ,
526 4668 604 4731 ὡς
624 4642 706 4720 γᾶν
746 4642 911 4720 αὐτὸν
940 4663 1034 4717 τὸν
1070 4664 1327 4736 Χριστὸν,
1357 4642 1488 4737 παρ’
1530 4658 1590 4718 οὗ
1622 4665 1716 4718 καὶ
1743 4642 1805 4718 re"

226 4760 553 4835 προφητικὸν
586 4759 772 4823 αὐτοῖς
804 4759 1141 4832 κεχορήγητο
1168 4758 1405 4827 πνεῦμα,
1437 4755 1808 4829 συλληφθήσε-

229 4854 337 4909 σθαι
365 4855 611 4925 ἔφασκον
656 4853 714 4905 έν
750 4854 871 4915 ταῖς
921 4849 1238 4921 διαφθοραῖς
1280 4848 1482 4903 αὐτῶν.
1524 4847 1732 4914 Τίνων;
1765 4842 1801 4919 ἦ

226 4946 368 5018 δῆλον
410 4948 496 5001 ὅτι
541 4943 652 4998 τῶν
686 4946 751 4997 ἐκ
796 4943 1097 5016 περιτομῆς
1137 4941 1592 4996 ἐπιϐουλευόντων
1631 4940 1796 5011 αὐτῷ.

229 5040 380 5112 Τήρει
412 5039 476 5094 δὲ
510 5037 811 5104 κάνταῦθα,
844 5038 993 5102 ὅπως
1032 5039 1061 5086 ὁ
1083 5038 1239 5108 λόγος
1265 5034 1359 5089 τὸν
1388 5033 1625 5106 Χριστὸν
1667 5049 1804 5105 προ-

231 5128 471 5202 αγορεύει
508 5126 1001 5200 συλληφθήσεσθαι,
1032 5128 1170 5200 ὅπερ
1188 5128 1289 5181 οὐκ
1312 5125 1380 5181 ἂν
1404 5122 1704 5197 έφαρμόζοι
1735 5126 1803 5196 τῇ

231 5222 448 5297 δευτέρᾳ
488 5220 585 5275 τοῦ
625 5219 865 5293 Χριστοῦ
918 5221 1210 5294 παρουσίᾳ,
1237 5221 1304 5292 ῆν
1339 5219 1549 5285 ἔνδοξον
1589 5217 1805 5272 ἔσεσθαι

233 5316 316 5370 καὶ
356 5315 495 5389 μετὰ
537 5314 813 5387 βασιλείας
852 5313 1036 5368 ὲνθέου
1078 5312 1546 5386 προκηρύττουσιν
1591 5313 1640 5365 οί
1674 5327 1808 5383 προ-

235 5410 438 5481 φητικοὶ
465 5410 638 5478 λόγοι.
673 5409 873 5481 Διόπερ
906 5407 1053 5466 εἰκὸς
1079 5406 1207 5469 τοὺς
1236 5408 1301 5459 ὲκ
1329 5404 1632 5476 περιτομῆς
1674 5404 1809 5458 ἁπο-

239 5499 571 5566 σφάλλεσθαι,
599 5497 669 5552 τὰ
701 5498 830 5569 περὶ
866 5497 968 5567 τῆς
990 5496 1246 5567 δευτέρας
1275 5493 1593 5562 ἐπιφανείας
1620 5491 1804 5571 αυτοῦ,

238 5586 302 5653 ὡς
348 5591 438 5645 ἐπὶ
491 5589 721 5663 πρώτης
780 5588 1015 5658 ἀφίξεως
1074 5586 1534 5658 ὲ··ὶ.αμ6άνοντας,
1559 5582 1807 5654 οὐδαμῶς

1910 4543 2022 4621 non
2053 4566 2238 4619 futura
2274 4561 2474 4623 otiosa,
2506 4573 2619 4613 non
2649 4554 2794 4626 apud
2832 4550 3024 4614 lsrael,
3059 4545 3155 4602 sed
3177 4543 3323 4615 apud
3355 4558 3490 4613 gen-

1910 4666 2015 4722 tes,
2050 4655 2352 4711 cauebant:
2383 4650 2665 4706 Christum
2695 4652 2873 4700 autem
2901 4655 3094 4696 rursus
3140 4634 3487 4696 nominatim,

1911 4748 2071 4822 quasi
2107 4747 2259 4801 illum
2293 4743 2571 4800 Christum
2607 4755 2639 4793 a
2672 4752 2781 4809 quo
2810 4727 3327 4822 propheticusipsis
3360 4740 3492 4822 sup-

1912 4816 2249 4913 peditaretur
2276 4835 2527 4907 spiritus,
2560 4822 3132 4900 comprehendendum
3156 4818 3409 4873 dicebant
3436 4816 3491 4869 in

1912 4909 2361 5004 corruptionibus
2408 4927 2675 4998 ipsorum.
2705 4916 2992 4988 Quorum?
3020 4913 3225 4983 Nempe
3269 4909 3493 4964 Judazo-

1910 5041 2054 5092 rum,
2081 4999 2179 5096 qui
2236 5023 2389 5077 illum
2445 5015 2663 5074 insidiis
2702 5014 3205 5071 circumvenerunt.
3257 4999 3492 5058 Attende

1911 5133 2043 5173 vero
2089 5093 2179 5170 hic
2220 5127 2459 5185 quoque,
2499 5119 2559 5164 ut
2597 5106 2881 5163 oraculum
2925 5101 3212 5157 Christum
3243 5093 3491 5167 praedicit

1915 5204 2516 5280 comprehendendum,
2551 5199 2696 5272 quod
2722 5212 2856 5253 sane
2882 5192 3091 5252 Christi
3115 5187 3358 5247 secundo
3389 5187 3489 5241 ad-

1915 5301 2103 5360 ventui
2125 5294 2532 5355 accommodari
2559 5309 2669 5348 non
2700 5290 2894 5363 possit,
2924 5302 3086 5359 quem
3120 5284 3419 5357 gloriosum
3440 5286 3496 5333 et

1915 5409 2042 5450 cum
2097 5406 2268 5462 regno
2313 5389 2505 5444 divino
2557 5384 2843 5445 futurum,
2900 5377 3219 5451 prophetica
3272 5371 3495 5430 oracula

1915 5485 2223 5543 enuntiarit.
2287 5483 2635 5552 Quapropter
2680 5489 2906 5532 necesse
2950 5479 3035 5528 est
3076 5468 3296 5526 Juda:os
3344 5467 3507 5522 aber-

1920 5596 2066 5645 rare,
2098 5580 2193 5651 qui
2220 5594 2284 5635 ea
2306 5592 2428 5648 quae
2451 5575 2518 5630 ad
2542 5570 2843 5629 secundum
2872 5568 3019 5623 illius
3051 5565 3344 5621 adventum
3371 5573 3494 5632 pero

330 5750 374 5780 "
396 5747 528 5803 Luc.
576 5746 908 5814 xm,5'.-5-5.
987 5745 1025 5778 ⁵³
1053 5743 1258 5800 llabac.
1293 5758 1378 5810 ιιι,
1419 5741 1499 5798 15.
1582 5742 1625 5774 ⁶¹
1651 5739 1797 5797 Psal.

1900 5755 1936 5804 π,
1967 5738 2048 5793 13.
2129 5736 2173 5769 ⁸³
2195 5733 2358 5791 Hebr.
2394 5748 2477 5800 ιιι,
2516 5730 2600 5787 ii.
2680 5727 2724 5762 ⁸³
2741 5725 2947 5783 Thrcn.
2992 5739 3064 5792 tv,
3095 5721 3185 5778 20.
