3880 6256
437 296 542 351 519

1069 293 1340 351 EUSEBll
1373 289 1857 348 CESARIENSIS
1896 287 1988 346 ΟΡ

2098 286 2282 343 PARS.
2324 288 2390 344 ll.
2412 317 2483 327 ——
2504 283 3006 343 APOLOGETICA.

3590 283 3693 339 320

436 416 614 468 tinent
639 414 798 484 quasi
833 413 900 469 de
934 412 1114 483 primo
1145 412 1322 467 solent
1352 410 1619 481 accipere,
1651 424 1776 463 cum
1802 408 1856 463 id
1875 424 1988 465 nus

2106 404 2262 461 τοῦτο
2291 404 2697 477 συγχωροῦντος
2724 402 2816 457 τοῦ
2854 402 3033 472 λόγου,
3072 402 3193 455 ἐπεὶ
3226 401 3300 473 μὴ
3326 395 3438 457 οἷόν
3461 401 3525 455 τέ
3555 403 3696 458 ἐστιν

433 520 595 577 quam
623 507 761 560 ratio
792 502 1056 560 concedat
1086 522 1098 558 :
1138 504 1340 575 quippe
1366 517 1492 557 cum
1520 502 1636 556 ﬁeri
1660 501 1813 555 nullo
1842 499 2005 555 modo

433 597 631 669 possit,
664 604 723 651 ut
752 605 806 652 et
836 596 1041 666 pariter
1088 603 1142 650 et
1188 595 1489 651 secundum
1536 593 1702 659 idem,
1746 593 1899 647 illum
1952 600 2009 647 et

433 689 732 760 gloriosum
767 694 821 742 et
856 687 1132 759 abjectum
1173 688 1443 761 ﬁngamus
1491 705 1505 742 :
1563 694 1827 758 praeterea
1881 700 2007 741 cum

433 781 641 836 honore
674 786 728 834 et
756 794 945 851 regno,
979 789 1032 836 et
1061 788 1255 835 contra
1309 795 1421 834 non
1476 778 1771 834 habentem
1827 793 2008 848 neque

432 871 669 941 speciem
703 886 880 941 neque
926 870 1115 938 decus,
1166 871 1261 927 sed
1296 878 1671 941 contemptum
1720 885 1833 941 pra:
1878 868 2006 924 ﬁliis

432 965 715 1019 hominum
754 984 767 1018 :
795 981 988 1022 rursus
1021 964 1362 1021 Salvatorem
1385 973 1441 1020 et
1471 963 1891 1036 Redemptorem
1925 961 2008 1018 ls-

430 1055 564 1118 rael,
594 1061 648 1109 et
679 1066 869 1109 contra
897 1055 1327 1111 circumventum
1355 1055 1426 1109 ab
1452 1055 1582 1119 illis,
1604 1062 1658 1110 et
1674 1054 1831 1126 quasi
1849 1069 2004 1109 ovem

429 1147 656 1203 ductum
703 1148 771 1201 ad
811 1148 1166 1213 occisionem,
1218 1155 1271 1204 et
1300 1149 1370 1204 ab
1402 1146 1678 1219 antiquis,
1735 1149 1825 1219 qui
1862 1149 2006 1205 inter

427 1239 650 1295 eosdem
682 1240 814 1304 sint,
844 1239 1103 1295 traditum
1125 1240 1193 1295 ad
1222 1239 1627 1297 mortem.Cum
1655 1248 1835 1296 autem
1869 1241 2002 1297 satis

428 1332 714 1387 commode
765 1346 833 1385 ex
883 1332 1089 1387 nostris
1138 1332 1487 1397 rationibus,
1541 1330 2001 1404 quemadmodum

426 1421 546 1491 ipsa
578 1437 757 1477 rerum
790 1423 1058 1492 inspectio
1087 1422 1350 1489 declarat,
1401 1424 1659 1480 vaticinia
1692 1424 1759 1480 de
1780 1424 2002 1479 Christo

425 1513 482 1568 in
510 1513 620 1569 duo
650 1530 849 1585 genera
874 1516 1232 1573 dividantur:
1289 1534 1351 1574 ea
1394 1518 1616 1589 quidem
1654 1533 1774 1589 quae
1799 1518 1866 1572 ad
1898 1518 2002 1571 hu—

423 1619 643 1660 manam
691 1607 840 1663 illius
895 1615 1148 1665 naturam
1181 1618 1430 1682 spectant
1461 1611 1818 1680 tristioraque
1846 1620 1997 1673 sunt,

424 1694 480 1749 in
506 1695 687 1765 priore
717 1697 866 1753 illius
898 1698 1135 1755 adventu
1167 1701 1436 1771 completa
1463 1716 1587 1757 esse
1622 1701 1950 1756 confitemur
1981 1717 1996 1768 ;

2108 497 2242 571 ὁμοῦ
2291 498 2385 552 καὶ
2432 497 2575 551 κατὰ
2624 497 2686 550 τὸ
2730 496 2863 550 αὐτὸ
2918 495 3129 561 ἔνδοξον
3172 495 3333 549 αὑτὸν
3373 495 3471 549 καὶ
3514 495 3694 563 ἄδοξον

2107 592 2493 647 ὑποτίθεσθαγ
2541 592 2635 645 καὶ
2681 591 2895 661 ἔντιμον
2946 591 3041 644 καὶ
3093 589 3337 660 βασιλέα,
3377 589 3476 643 καὶ
3534 589 3694 642 πάλιν

2105 687 2204 739 οὐκ
2226 684 2418 756 ἔχοντα
2449 679 2587 750 εῖδος
2615 684 2739 738 οὐδὲ
2767 683 2982 748 κάλλος,
3009 682 3122 737 ἀλλ’
3162 683 3353 753 ἄτιμον
3376 680 3535 752 παρὰ
3569 682 3693 747 τοὺς

2106 780 2255 843 υἱοὺς
2287 779 2396 832 τῶν
2416 777 2718 849 ἀνθρώπων
2736 793 2752 809 ·
2781 776 2876 831 καὶ
2905 773 3061 840 αὖθις
3093 775 3321 847 Σωτῆρα
3352 775 3450 828 καὶ
3476 774 3693 847 Λυτρω-

2104 869 2202 942 τὴν
2242 870 2336 924 τοῦ
2373 869 2621 942 Ἰσραὴλ,
2662 869 2759 923 καὶ¹
2809 868 2973 922 πάλιν
3024 866 3515 938 ἐπιϐουλευόμενον
3562 866 3693 938 πρὸς

2105 964 2304 1029 αὐτῶν,
2331 965 2424 1018 καὶ
2456 963 2533 1027 ὡς
2572 961 2843 1034 πρόϐατον
2883 961 2975 1015 ἐπὶ
3003 961 3217 1030 σφαγὴν
3260 960 3559 1030 ἀγόμενον,
3591 960 3692 1015 arui

2103 1074 2162 1111 τε
2188 1056 2294 1111 τῶν
2315 1056 2533 1128 ἀνόμων
2573 1055 2734 1108 αὐτὸν
2766 1055 2847 1118 είς
2878 1053 3106 1108 θάνατον
3139 1052 3592 1124 παραδιδόμενον.
3619 1048 3689 1108 Εὖ

2103 1149 2160 1203 δὲ
2192 1147 2313 1203 καθ’
2344 1148 2513 1219 ἡμᾶς,
2546 1147 2622 1210 ὡς
2658 1148 2692 1217 ἡ
2725 1144 2834 1198 τῶν
2862 1144 3201 1217 πραγμάτων
3233 1145 3354 1215 ὄψις
3398 1145 3692 1201 ἐπιδείκνυ-

2106 1256 2210 1303 σιν,
2241 1239 2321 1301 εἰς
2357 1237 2450 1290 δύο
2477 1237 2713 1309 τρόπους
2748 1234 2856 1288 τῶν
2901 1233 3147 1307 περὶτοῦ
3180 1233 3419 1305 Χριστοῦ
3453 1238 3679 1309 προρρή-

2106 1348 2240 1384 σεων
2262 1328 2676 1401 διαιρουμένων,
2710 1326 2779 1380 τὰ
2812 1326 2913 1398 μὲν
2952 1324 3412 1397 ἀνθρωπινώτερα
3439 1327 3539 1379 καὶ
3570 1344 3689 1381 σκυ-

2104 1422 2298 1495 θρωπὰ
2344 1419 2486 1476 κατὰ
2525 1421 2624 1493 τὴν
2663 1419 2936 1492 προτέραν
2975 1417 3156 1488 ἄφιξιν
3198 1417 3362 1471 αὐτοῦ
3401 1419 3689 1490 πεπληρῶ-

2104 1514 2228 1586 σθαι
2256 1513 2618 1586 ὁμολογεῖται,
2651 1512 2721 1566 τὰ
2753 1512 2799 1565 δ’
2836 1511 3150 1583 ἐνδοξότερα
3176 1510 3270 1564 καὶ
3304 1509 3557 1582 θειότερα
3582 1512 3689 1568 εἰσ-

2103 1581 2303 1660 ἐτίνῦν
2340 1605 2700 1678 προσδοκᾶται
2755 1602 2895 1659 κατὰ
2941 1602 3040 1674 τὴν
3080 1602 3338 1674 δευτέραν
3380 1602 3552 1656 αὐτοῦ
3588 1620 3685 1656 πα-

2108 1699 2345 1771 ρουσίαν.
2383 1697 2679 1764 Ἀπόδειξις
2714 1696 2770 1749 δὲ
2821 1697 2919 1768 τῆς
2967 1693 3237 1768 προτέρας
3260 1695 3527 1767 ἐναργὴς,
3562 1695 3596 1767 ή
3627 1693 3681 1761 ἐξ

427 1802 546 1857 quae
574 1803 704 1843 vero
757 1791 1020 1860 majorem
1070 1792 1299 1863 gloriam
1339 1793 1563 1859 habent,
1623 1808 1688 1848 ac
1731 1793 1988 1848 diviniora

2102 1792 2358 1846 ἁπάντων
2402 1790 2508 1844 τῶν
2553 1789 2723 1843 ἐθνῶν
2757 1790 2837 1853 εἰς
2880 1788 3038 1861 ἔργον
3087 1788 3391 1860 χωρήσασα
3425 1786 3494 1840 δι’
3525 1786 3682 1841 αὐτοῦ

426 1886 573 1943 sunt,
606 1879 785 1934 adhuc
826 1897 999 1951 usque
1059 1883 1128 1937 ad
1182 1884 1484 1939 secundum
1530 1883 1676 1939 illius
1706 1884 1996 1938 adventum

425 1978 833 2041 exspectantur.
865 1971 1072 2029 Prioris
1121 1981 1305 2028 autem
1345 1974 1742 2031 demonstratio
1767 1974 1991 2031 eviden-

425 2065 635 2120 tissima
662 2065 755 2121 Dei
784 2066 973 2136 utique
1002 2081 1100 2136 per
1133 2067 1285 2121 illum
1320 2068 1374 2123 in
1422 2083 1615 2124 omnes
1645 2077 1832 2139 gentes
1865 2082 1993 2138 pro-

423 2172 630 2228 gressa,
681 2166 735 2213 et
780 2158 960 2228 reipsa
1012 2159 1285 2214 declarata
1315 2160 1577 2230 cognitio,
1628 2175 1793 2230 quam
1826 2160 1994 2216 variis

2103 1883 2419 1952 θεογνωσία,
2456 1882 2523 1954 ἣν
2552 1883 2820 1954 διαφόρως
2857 1880 3043 1952 μυρίαι
3075 1878 3390 1943 θεσπίζουσι
3424 1896 3685 1952 προφητι-

2101 1975 2193 2028 καὶ
2214 1975 2408 2044 φωναὶ,
2439 1972 2743 2044 ὼσπεροῦν,
2772 1972 2867 2025 καὶ
2894 1973 2927 2042 ή
2960 1969 3231 2043 παροῦσα,
3266 1971 3333 2025 δι’
3357 1966 3428 2043 ἦς
3451 1970 3679 2044 εἴρηται,

2097 2061 2158 2119 οῦ
2191 2068 2455 2137 εἴπαμεν·
2505 2084 2523 2117 ι
2570 2066 2657 2119 Ἐν
2695 2067 2761 2136 τῇ
2797 2065 2924 2135 σκιᾷ
2951 2062 3115 2116 αὐτοῦ
3177 2062 3459 2136 ζησόμεθα
3490 2066 3548 2117 ὲν
3579 2067 3682 2128 τοῖς

2101 2160 2299 2213 ἔθνεσι.
2341 2178 2361 2212 ι

423 2250 762 2321 diversisque
785 2251 962 2308 modis
985 2252 1414 2310 innumerabiles
1437 2262 1643 2310 canunt
1669 2255 2002 2326 propheticae
2037 2271 2225 2320 voces,
2263 2255 2408 2311 sicut
2433 2255 2514 2310 vel
2550 2269 2611 2309 ea
2643 2253 3056 2325 quamproxime
3099 2252 3415 2318 citavimus,
3472 2253 3529 2307 in
3576 2268 3674 2322 qua

421 2345 583 2401 verba
616 2347 709 2401 illa
744 2349 1202 2414 continebantur,
1256 2349 1324 2406 de
1384 2366 1494 2420 quo
1547 2351 1824 2407 diximus:
1859 2371 1878 2404 ι
1921 2351 1978 2407 lu
2018 2353 2211 2407 umbra
2244 2351 2419 2421 ipsius
2442 2351 2691 2406 vivemus
2725 2349 2781 2403 in
2812 2349 3088 2421 gentibus.
3129 2367 3149 2400 ι

420 2460 575 2533 191
612 2462 655 2517 A
683 2464 854 2531 primo
882 2465 1097 2534 Regum.
1116 2497 1187 2506 —
1218 2466 1460 2523 Christus
1485 2473 1799 2525 nominatim
1823 2488 1855 2525 a
1889 2470 1997 2526 Do-

859 2537 930 2589 mi
938 2553 1002 2591 no
1037 2536 1199 2591 Patre
1243 2540 1535 2594 excitatur.

490 2663 510 2696 ι
558 2643 819 2703 Dominus
853 2651 1099 2705 ascendit
1126 2651 1183 2705 in
1228 2652 1397 2708 caelos
1428 2662 1483 2709 et
1509 2656 1685 2710 tonuit
1715 2676 1727 2711 :
1757 2656 1871 2726 ipse
1899 2657 1992 2727 ju-

416 2737 620 2795 dicahit
645 2749 887 2796 extrema
912 2750 1090 2806 terrae,
1116 2744 1208 2815 qui
1239 2746 1331 2799 dat
1364 2745 1738 2803 fortitudinem
1769 2751 1991 2821 regibus

417 2837 641 2897 nostris,
674 2842 728 2889 et
753 2835 1016 2889 exaltabit
1047 2851 1218 2891 cornu
1250 2838 1453 2895 Christi
1482 2841 1568 2895 sui
1595 2842 1661 2896 ⁸³⁵.
1696 2861 1714 2894 ι
1751 2841 1994 2898 Restitu-

415 2923 620 2977 tionem
678 2925 735 2979 in
790 2927 987 2980 caelum
1040 2943 1236 2985 rursus
1288 2931 1610 2986 nominatim
1646 2933 1849 2989 Christi
1897 2942 1993 2990 aut

413 3014 578 3069 etiam
619 3014 714 3071 Dei
771 3019 1052 3073 oraculum
1085 3021 1353 3092 intelligit,
1387 3023 1743 3096 ejusdemque
1777 3028 1984 3082 doctri-

2116 2470 2249 2526 Ἀπὸ
2270 2469 2378 2537 τῆς
2408 2469 2642 2539 πρώτης
2660 2467 2779 2523 τῶν
2817 2468 3169 2534 βασιλειῶν.
3189 2499 3256 2509 -
3271 2468 3528 2537 Χριστὸς
3556 2469 3678 2521 ὀνο-

2238 2542 2424 2611 μαστὶ
2448 2538 2569 2595 ὑπὸ
2599 2541 2822 2608 Κυρίου
2850 2539 2955 2593 τοῦ
2987 2538 3219 2607 Πατρύς
3252 2540 3619 2609 ὺψούμενος.

2175 2673 2194 2706 ‹
2222 2654 2426 2726 Κύριος
2444 2653 2608 2726 ἀνέϐη
2633 2654 2713 2716 είς
2727 2653 3005 2725 οὐρανοὺς,
3032 2652 3125 2705 καὶ
3144 2651 3496 2723 ἐϐρόντησεν·
3526 2652 3674 2715 αὐτὸς

2099 2748 2277 2817 κρινεῖ
2319 2746 2465 2816 ἄκρα
2514 2744 2636 2815 γῆς,
2682 2745 2776 2797 καὶ
2819 2742 2978 2797 δώσει
3028 2744 3179 2813 ἰσχὺν
3216 2745 3329 2806 τοῖς
3371 2741 3674 2813 βασιλεῦσιν

2100 2834 2275 2908 ἡμῶν,
2326 2835 2422 2888 καὶ
2460 2834 2663 2904 ὑψώσει
2703 2835 2869 2906 κέρας
2905 2833 3142 2906 Χριστοῦ
3176 2832 3360 2887 αὐτοῦ.
3399 2853 3422 2885 ι
3464 2833 3573 2904 Τὴν
3604 2832 3671 2897 εἰς

2097 2928 2361 3000 οὐρανοὺς
2384 2928 2826 2980 ἀποκατάστασιν
2856 2923 3008 2990 αὖθις
3034 2927 3292 2995 ὀνομαστὶ
3319 2926 3414 2980 τοῦ
3447 2925 3671 2999 Χριστοῦ

2093 3019 2126 3091 ἦ
2154 3022 2250 3074 καὶ
2280 3020 2416 3074 Θεοῦ
2446 3020 2602 3088 λόγος
2630 3021 2944 3083 ἐπινοεῖται,
2973 3020 3069 3092 τήν
3088 3036 3147 3072 τε
3169 3019 3497 3084 ἐξάκουστον
3523 3019 3669 3091 βρον-

413 3121 560 3170 nam,
597 3123 717 3177 quae
768 3109 945 3165 instar
991 3113 1197 3167 tonitru
1234 3115 1302 3169 ab
1357 3116 1612 3171 omnibus
1650 3119 1988 3174 exaudienda

2098 3109 2195 3180 τῆς
2252 3109 2406 3179 δίκην
2452 3111 2530 3172 είς
2565 3111 2810 3173 ἅπαντας
2848 3109 3191 3164 διδασκαλίαν
3231 3109 3417 3174 αὑτοῦ,
3455 3109 3546 3162 καί
3580 3108 3670 3179 τὴν

413 3199 505 3264 sit,
540 3198 668 3254 item
699 3202 846 3270 quod
887 3210 1073 3272 postea
1106 3202 1347 3261 futurum
1394 3215 1478 3263 est
1510 3208 1753 3279 ejusdem
1799 3219 1989 3267 contra

413 3306 606 3348 omnes
627 3292 918 3363 judicium.
950 3293 1080 3353 Post
1106 3298 1219 3353 haec
1248 3306 1429 3354 autem
1462 3302 1579 3371 ipse
1603 3302 1864 3360 Dominus
1892 3305 1989 3360 da-

414 3388 573 3438 turus
605 3384 775 3439 robur
808 3384 1013 3440 dicitur
1038 3388 1259 3459 regibus
1296 3393 1521 3449 nostris.
1555 3392 1619 3448 Hi
1661 3408 1791 3451 vero
1825 3404 1988 3452 erunt

411 3474 644 3544 apostoli
687 3475 912 3542 Christi,
942 3478 1009 3533 de
1036 3481 1235 3550 quibus
1268 3483 1434 3540 habes
1477 3484 1532 3539 in
1584 3500 1730 3541 mn
1778 3488 1986 3558 psalmo

410 3563 548 3619 illud
579 3565 624 3597 ⁸⁸
657 3583 672 3622 :
706 3586 726 3619 ι
769 3564 1032 3628 Dominus
1050 3571 1208 3627 .dahit
1232 3575 1455 3629 verbum
1483 3578 1986 3648 evangelizantihus

410 3655 612 3712 virtute
635 3658 825 3714 multa.
860 3679 880 3712 ›
918 3659 973 3714 In
1001 3660 1106 3717 hoc
1137 3680 1355 3735 quoque
1379 3667 1703 3723 nominatim
1729 3668 1796 3725 de
1821 3669 1985 3725 Chri-

409 3754 497 3803 sto
529 3752 862 3806 mentionem
892 3754 1044 3819 l‘acit,
1075 3756 1170 3826 qui
1206 3764 1263 3811 ut
1298 3758 1484 3825 homo,
1514 3758 1768 3816 Salvator
1798 3771 1985 3819 noster

406 3839 765 3911 intelligatur,
796 3843 955 3913 cujus
987 3847 1065 3900 ait
1093 3861 1263 3903 cornu
1286 3850 1654 3906 extollendum
1682 3868 1824 3918 esse,
1853 3853 1984 3910 dum

405 3931 664 3987 virtutem
704 3935 763 3989 in
787 3935 880 3990 illo
907 3936 1232 3995 invisibilem
1253 3951 1305 3996 et
1335 3957 1563 4014 regnum
1597 3945 1743 4001 illius
1772 3946 1983 4017 signiﬁ-

402 4030 512 4078 cat.
536 4022 950 4082 Consueverunt
968 4043 1098 4100 ergo
1117 4029 1312 4087 divinae
1332 4034 1525 4090 litterae
1545 4036 1723 4107 ipsum
1752 4055 1981 4111 regnum

403 4126 581 4167 cornu
624 4115 914 4185 appellare.
967 4116 1112 4174 Idem
1156 4136 1290 4177 vero
1322 4124 1560 4194 positum
1596 4136 1680 4183 est
1728 4128 1893 4185 etiam
1924 4130 1984 4185 in

406 4217 650 4259 Lxxxvm
701 4206 914 4278 psalmo
940 4210 984 4243 ⁸⁷
1023 4230 1036 4266 :
1072 4229 1092 4264 ι
1136 4206 1219 4273 Et
1251 4215 1308 4270 in
1334 4218 1575 4285 nomine,
1620 4219 1820 4292 inquit,
1858 4237 1982 4279 meo

399 4295 732 4352 exaltabitur
757 4314 929 4355 cornu
962 4303 1101 4374 ejus.
1137 4325 1157 4359 ι

402 4405 447 4464 Α
484 4412 656 4480 primo
686 4412 758 4469 Re
795 4433 901 4472 um.
931 4448 1003 4458 -—
1029 4418 1270 4475 Christus
1311 4424 1623 4478 nominatim
1665 4423 1880 4480 domum
1911 4426 1979 4495 ﬁ-

471 4481 640 4538 delem
671 4501 704 4537 a
736 4433 902 4540 ἔπινε
929 4490 1117 4540 accivit
1148 4489 1444 4540 Ecclesium
1483 4510 1660 4540 suam-
1707 4504 1758 4540 et
1795 4513 1976 4540 sacer.
2010 4469 2057 4530 ι)

471 4481 640 4560 (talem
671 4481 902 4560 a‘Patre
929 4490 1117 4560 accipit
1148 4489 1444 4547 Ecclesium
1483 4510 1661 4557 suam,
1707 4504 1758 4550 et
1794 4481 1976 4551 sace'r-

466 4553 971 4634 dotemnﬁaelemjn
1002 4553 1153 4615 omne
1183 4571 1405 4634 tempus,
1442 4565 1533 4634 qui
1561 4553 1815 4622 Ecclesia:
1860 4584 1971 4624 sure

470 4640 591 4678 cum
627 4623 727 4680 Dei
754 4630 1047 4699 cognitione
1074 4633 1277 4697 pra'sit.

472 4819 491 4852 ι
530 4801 670 4859 Ecce
699 4804 820 4862 dies
855 4810 1100 4874 veniunt,
1133 4819 1188 4866 et
1219 4812 1444 4882 perdam
1486 4830 1672 4872 semen
1705 4822 1882 4883 tuum,
1916 4827 1972 4875 et

392 4907 583 4949 semen
612 4895 808 4953 domus
830 4902 1004 4969 patris
1032 4902 1111 4956 tui
1145 4922 1158 4959 :
1191 4913 1246 4959 et
1275 4921 1381 4961 non
1416 4908 1522 4963 erit
1543 4924 1708 4965 senex
1728 4912 1782 4965 in
1806 4910 1971 4968 domo

392 4993 483 5038 tua
509 4986 574 5040 ⁸³.
611 5006 631 5041 ι
670 4986 797 5044 Haec
825 4999 1115 5063 postquam
1174 4996 1245 5051 ad
1292 4996 1410 5053 Heli
1462 5000 1599 5055 dixit
1656 5001 1966 5070 oraculum,

390 5086 589 5148 praeter
616 5081 725 5136 alia
757 5086 1039 5151 nonnulla,
1073 5089 1192 5145 haec
1217 5091 1379 5146 etiam
1416 5093 1688 5167 adjungit,
1722 5097 1913 5153 dicens
1948 5112 1966 5154 :

393 5186 418 5221 ‹
464 5168 531 5224 Ει
559 5173 839 5230 suscitabo
893 5177 1028 5233 mihi
1069 5181 1176 5251 ipsi
1221 5185 1563 5242 sacerdotem
1602 5188 1835 5254 ﬁdelem,
1871 5191 1966 5261 qui

388 5263 575 5316 omnia
598 5263 755 5333 juxta
784 5282 881 5322 cor
914 5283 1094 5325 meum
1128 5278 1183 5327 et
1210 5274 1447 5328 animam
1477 5292 1654 5335 meam
1691 5277 1878 5344 faciet,
1912 5285 1968 5335 et

387 5353 669 5410 aediﬁcabo
696 5357 774 5412 illi
799 5359 1020 5415 domum
1059 5362 1293 5431 ﬁdelem,
1327 5375 1382 5422 et
1406 5368 1745 5440 ingredietur
1778 5386 1966 5426 coram

385 5442 610 5499 Christo
636 5461 759 5502 meo
788 5464 978 5508 omnes
1006 5453 1124 5511 dies
1168 5455 1235 5511 ".
1278 5476 1298 5510 ι
1338 5457 1474 5513 Cum
1514 5463 1872 5521 mutationem
1902 5475 1968 5518 ac

391 5537 745 5608 rejectionem
772 5541 842 5599 iis
866 5545 961 5615 qui
989 5561 1099 5602 non
1125 5557 1274 5604 recta
1299 5551 1512 5608 ratione
1536 5562 1850 5624 Operentur,
1881 5554 1938 5609 di
1954 5583 1969 5596 -

2094 3202 2233 3273 μετὰ
2269 3203 2440 3257 ταῦτα
2472 3203 2842 3276 γενησομένην
2872 3202 3037 3258 αὐτοῦ
3063 3202 3206 3257 κατὰ
3242 3203 3467 3257 πάντων
3499 3203 3666 3276 κρίσιν

2087 3299 2121 3370 ὴ
2158 3296 2275 3351 θεία
2292 3298 2483 3370 Γραφὴ
2518 3296 2780 3362 θεσπίζει.
2816 3294 2971 3367 Ἑξῆς
2997 3296 3054 3350 δὲ
3081 3295 3290 3357 τούτοις
3320 3296 3487 3359 αὐτὸς
3510 3296 3537 3347 ὀ
3567 3292 3668 3346 Κύ-

2091 3408 2207 3464 ριος
2227 3389 2418 3446 δώσειν
2454 3390 2605 3462 ἰσχὺν
2637 3390 2852 3459 λέγεται
2879 3392 2992 3454 τοῖς
3027 3387 3335 3459 βασιλεῦσιν
3368 3388 3545 3459 ἡμῶν.
3572 3380 3665 3440 Οὗ-

2085 3501 2169 3537 τοι
2200 3483 2244 3536 δ’
2273 3482 2338 3537 ἂν
2359 3478 2467 3536 εἷεν
2490 3483 2539 3535 οἱ
2560 3480 2845 3536 ἀπόστολοι
2877 3480 2970 3534 τοῦ
2990 3476 3249 3550 Χριστοῦ,
3283 3479 3414 3550 περὶ⁸
3438 3471 3512 3532 ὧν
3533 3476 3663 3547 ἔχεις

2087 3575 2146 3627 ὲν
2187 3571 2262 3639 ξζ⁷
2289 3572 2487 3645 ψαλμῷ
2512 3572 2594 3637 τὸ,
2626 3592 2645 3625 ‹
2679 3572 2884 3644 Κύριος
2912 3570 3072 3625 δώσει
3109 3570 3261 3644 ῥῆμα
3299 3571 3415 3632 τοῖς
3448 3570 3663 3637 εὐαγγε-

2086 3667 2387 3740 λιζομένοις
2424 3667 2651 3738 δυνάμει
2696 3665 2887 3738 πολλῇ.
2921 3685 2939 3717 ι
2978 3666 3097 3720 Κάν
3131 3665 3308 3736 τούτῳ
3345 3663 3404 3717 δὲ
3435 3660 3659 3736 Χριστοῦ

2084 3761 2346 3833 ὀνομαστὶ
2390 3758 2735 3831 μνημονεύει,
2786 3757 2882 3812 τοῦ
2913 3757 3057 3812 κατὰ
3082 3757 3173 3811 τὸν
3205 3756 3493 3828 ἄνθρωπον
3525 3772 3660 3811 νοου-

2088 3850 2251 3923 μένου
2286 3851 2537 3922 Σωτῆρος
2561 3849 2740 3922 ὴμῶν,
2801 3841 2862 3902 οὗ
2925 3848 2987 3902 τὸ
3020 3848 3188 3920 κέρας
3241 3846 3408 3918 φησὶν
3449 3844 3657 3916 ὑψωθή-

2086 3942 2294 4008 σεσθαι,
2328 3942 2426 4013 τὴν
2452 3942 2510 3995 ὲν
2541 3940 2689 4013 αὐτῷ
2718 3940 2950 4012 ἀόρατον
2981 3938 3230 4010 δύναμιν,
3264 3938 3358 3991 καὶ
3386 3938 3488 4010 τὴν
3513 3936 3656 4008 βασι-

2083 4032 2234 4087 λείαν
2289 4032 2455 4086 αὑτοῦ
2502 4031 2697 4105 δηλῶν.
2724 4032 2887 4096 Ἐθος
2914 4031 3047 4101 γοῦν
3073 4033 3138 4103 τῇ
3169 4031 3360 4102 Γραφῇ
3388 4032 3490 4103 τὴν
3512 4030 3654 4101 βασι-

2080 4125 2233 4180 λείαν
2253 4126 2423 4199 κέρας
2441 4125 2745 4198 ὀνομάζειν.
2768 4127 2961 4179 Κετται
2988 4125 3045 4178 δὲ
3068 4125 3163 4179 καὶ
3177 4125 3235 4180 ἐν
3258 4125 3335 4196 τῷ
3359 4133 3453 4198 πηθ
3470 4123 3681 4196 ψαλμῷ.

2081 4219 2164 4287 τὸ,
2200 4240 2220 4273 ι
2256 4221 2368 4274 Καὶ
2414 4222 2472 4276 ὲν
2515 4219 2597 4294 τῷ
2621 4219 2843 4290 ὀνόματί
2883 4235 2986 4292 μου
3033 4217 3377 4281 ὑψωθήσεται
3408 4219 3471 4274 τὸ
3501 4218 3654 4288 κέρας

2082 4309 2269 4365 αὐτοῦ.

2095 4425 2227 4481 Ἁπό
2254 4425 2366 4494 τῆς
2386 4425 2622 4496 πρώτης
2640 4424 2759 4481 τῶν
2776 4422 3126 4496 Βασιλειῷν.
3142 4456 3212 4466 -
3243 4427 3498 4495 Χριστὸς
3527 4426 3648 4479 ὀνο-

2143 4498 2333 4567 μαστὶ
2353 4494 2522 4552 οἷκον
2536 4494 2755 4551 πιστὸν
2767 4496 2930 4578 παρέξ
2955 4494 3061 4551 τοῦ
3085 4494 3314 4564 Πατρός
3342 4496 3650 4567 λαμϐάνων

2147 4567 2264 4634 τὴν
2318 4569 2687 4634 Ἐκκλησίαν
2743 4570 2932 4621 αὐτου
2960 4607 2975 4632 ,
3031 4567 3132 4620 καὶ
3193 4568 3385 4634 ἱερεὺς
3447 4565 3648 4629 πιστὸς

2149 4585 2264 4634 την
2330 4585 2687 4637 ιςκκνιησιαν
2743 4585 2932 4621 αυτου
2960 4607 2975 4632 ,
3031 4585 3132 4620 και
3193 4585 3385 4635 ιερευς
3447 4585 3648 4629 morae

2149 4638 2345 4692 πάντα
2392 4638 2508 4711 Δτὸν·
2558 4641 2785 4709 χρόνον
2829 4636 2939 4706 τῆς
2984 4639 3352 4706 Ἐκκλησίας
3399 4637 3648 4711 γνησίως

2149 4707 2609 4779 προϊστάμενοξέ

2152 4840 2173 4873 ί
2213 4819 2342 4875 Ἰδοὺ
2375 4821 2579 4894 ἡμέραι
2601 4820 2869 4893 ἔρχονται,
2894 4840 2914 4874 ι
2942 4821 3110 4891 λέγει,
3140 4839 3158 4872 ι
3183 4823 3278 4875 καὶ
3292 4818 3645 4893 ὲξολοθρεύσω

2075 4912 2138 4965 τὸ
2161 4912 2381 4984 σπέρμα
2406 4929 2520 4976 σου,
2544 4914 2639 4966 καὶ
2668 4912 2887 4984 σπέρμα
2909 4911 3059 4966 οἴκου
3074 4912 3279 4984 πατρός
3305 4930 3419 4967 σου’
3450 4911 3542 4966 καὶ
3555 4912 3644 4963 οὐκ

2079 5003 2227 5057 ἔσται
2263 5003 2575 5076 πρεσϐύτης
2607 5005 2665 5057 ἐν
2690 5002 2769 5074 τῷ
2789 5004 2924 5076 οἴκῳ
2957 5021 3078 5076 μου.
3115 5024 3135 5058 ι
3181 5002 3367 5058 Ταῦτα
3399 5003 3532 5077 πρὸς
3561 5000 3644 5054 τὸν

2089 5092 2238 5146 Ἠλεὶ
2267 5094 2446 5164 φήσας
2475 5094 2504 5146 ό
2536 5094 2936 5165 χρηματισμὸς,
2971 5094 3221 5167 ἐπιφέρει
3246 5094 3367 5166 μεθ’
3394 5094 3550 5166 ἕτερα
3571 5089 3643 5143 λέ-

2076 5202 2189 5254 γων
2210 5201 2223 5215 ο
2259 5205 2278 5236 ‹
2315 5186 2426 5238 Καὶ
2446 5186 2735 5257 ἀναστήσω
2769 5185 2989 5258 ἐμαυτῴ
3015 5185 3166 5258 ἱερέα
3194 5186 3404 5251 πιστὸν,
3433 5185 3491 5249 ὃς
3517 5183 3641 5237 πᾶν·

2074 5295 2143 5331 τα
2197 5276 2266 5331 τὰ
2317 5279 2375 5330 ὲν
2428 5279 2495 5349 τῇ
2547 5277 2745 5350 καρδίᾳ
2780 5295 2901 5349 μου,
2940 5277 3134 5331 καὶτὰ
3167 5279 3226 5331 ὲν
3271 5280 3335 5348 τῇ
3364 5277 3505 5348 ψυχῇ
3545 5289 3638 5346 μου

2076 5372 2311 5441 ποιήσει,
2362 5371 2455 5424 καὶ
2508 5371 2848 5443 οἰκοδομήσω
2909 5371 3058 5444 αὐτῷ
3104 5367 3250 5424 οἷκον
3312 5370 3516 5433 πιστὸν,
3553 5365 3637 5419 καὶ

2074 5460 2405 5515 διελεύσεται
2440 5460 2669 5515 ἐνώπιον
2709 5460 2946 5533 Χριστοῦ
3000 5478 3101 5532 μου
3154 5461 3333 5524 πάσας
3375 5459 3473 5523 τὰς
3510 5453 3637 5526 ἡμέ-

2078 5571 2195 5626 ρας.
2238 5573 2256 5605 i
2297 5555 2642 5609 Μετάστασιν
2683 5555 2775 5609 καὶ
2815 5553 3085 5627 ἀποϐολὴν
3117 5552 3417 5624 ἀπειλήσας
3453 5553 3480 5605 ὁ
3505 5548 3635 5606 θεῖος

466 5696 510 5727 ⁸⁵
540 5694 557 5749 Ι
592 5695 726 5771 Reg.
752 5716 809 5768 ιι,
848 5700 930 5756 10.
1010 5704 1054 5735 ⁵⁸
1083 5718 1226 5763 vers.
1261 5706 1343 5764 12.
1424 5709 1464 5740 ⁸⁷
1493 5724 1634 5765 vers.
1661 5710 1750 5767 ‘25.
1830 5709 1915 5765 Cl'l
1944 5708 1987 5765 Il

2116 5726 2175 5779 ιι,
2227 5710 2315 5766 si.
2390 5711 2431 5744 σε
2457 5709 2590 5767 ibid.
2627 5710 2714 5766 55.
