  <div class='ocr_page' id='page_1' title='image "/cluster/home/n/w/nwhite01/storage/ocr_20150623/22/mdp.39015078384388/168.png"; bbox 0 0 3880 6256; ppageno 0'>
   <div class='ocr_carea' id='block_1_1' title="bbox 166 364 2498 465">
    <p class='ocr_par' dir='ltr' id='par_1_1' title="bbox 166 364 2498 465">
     <span class='ocr_line' id='line_1_1' title="bbox 166 364 2498 465; baseline -0.018 -1"><span class='ocrx_word' id='word_1_1' title='bbox 166 410 244 465; x_wconf 72' lang='lat'><strong>52!</strong></span> <span class='ocrx_word' id='word_1_2' title='bbox 1039 379 1701 442; x_wconf 59' lang='lat' dir='ltr'><strong>DI‘IMONSTRATIONIS</strong></span> <span class='ocrx_word' id='word_1_3' title='bbox 1738 371 2197 432; x_wconf 72' lang='lat' dir='ltr'><strong>EVANGELICAS</strong></span> <span class='ocrx_word' id='word_1_4' title='bbox 2238 364 2369 426; x_wconf 78' lang='lat' dir='ltr'><strong>LIB.</strong></span> <span class='ocrx_word' id='word_1_5' title='bbox 2410 368 2498 425; x_wconf 83' lang='lat' dir='ltr'><strong>IV.</strong></span> 
     </span>
    </p>
   </div>
   <div class='ocr_carea' id='block_1_2' title="bbox 3281 364 3388 421">
    <p class='ocr_par' dir='ltr' id='par_1_2' title="bbox 3281 364 3388 421">
     <span class='ocr_line' id='line_1_2' title="bbox 3281 364 3388 421; baseline 0.019 -3"><span class='ocrx_word' id='word_1_6' title='bbox 3281 364 3388 421; x_wconf 61' lang='lat'><strong>5‘32</strong></span> 
     </span>
    </p>
   </div>
   <div class='ocr_carea' id='block_1_3' title="bbox 163 475 1718 591">
    <p class='ocr_par' dir='ltr' id='par_1_3' title="bbox 163 493 1701 591">
     <span class='ocr_line' id='line_1_3' title="bbox 163 493 1701 591; baseline -0.021 -15"><span class='ocrx_word' id='word_1_7' title='bbox 163 528 293 591; x_wconf 73' lang='grc' dir='ltr'>λόγος</span> <span class='ocrx_word' id='word_1_8' title='bbox 312 518 420 579; x_wconf 85' lang='grc' dir='ltr'>τοῖς</span> <span class='ocrx_word' id='word_1_9' title='bbox 450 512 513 567; x_wconf 81' lang='grc' dir='ltr'>οὺ</span> <span class='ocrx_word' id='word_1_10' title='bbox 546 507 689 565; x_wconf 84' lang='grc' dir='ltr'><strong>κατά</strong></span> <span class='ocrx_word' id='word_1_11' title='bbox 729 507 821 561; x_wconf 77' lang='grc' dir='ltr'>τὸν</span> <span class='ocrx_word' id='word_1_12' title='bbox 851 502 1009 573; x_wconf 79' lang='grc' dir='ltr'>ὀρθὸν</span> <span class='ocrx_word' id='word_1_13' title='bbox 1040 499 1239 572; x_wconf 78' lang='grc' dir='ltr'><strong>τρόπον</strong></span> <span class='ocrx_word' id='word_1_14' title='bbox 1277 493 1701 566; x_wconf 76' lang='grc' dir='ltr'><strong>λειτουργοῦσιν,</strong></span> 
     </span>
    </p>
   </div>
   <div class='ocr_carea' id='block_1_4' title="bbox 1821 475 3390 591">
    <p class='ocr_par' dir='ltr' id='par_1_4' title="bbox 1821 475 3390 591">
     <span class='ocr_line' id='line_1_4' title="bbox 1821 475 3390 548; baseline -0.006 -5"><span class='ocrx_word' id='word_1_15' title='bbox 1821 488 1994 543; x_wconf 81' lang='lat' dir='ltr'><strong>vinum</strong></span> <span class='ocrx_word' id='word_1_16' title='bbox 2049 486 2288 541; x_wconf 90' lang='lat' dir='ltr'><strong>minetur</strong></span> <span class='ocrx_word' id='word_1_17' title='bbox 2346 481 2650 541; x_wconf 82' lang='lat' dir='ltr'><strong>oraculum,</strong></span> <span class='ocrx_word' id='word_1_18' title='bbox 2704 478 2870 533; x_wconf 90' lang='lat' dir='ltr'><strong>alium</strong></span> <span class='ocrx_word' id='word_1_19' title='bbox 2916 492 2985 531; x_wconf 75' lang='lat' dir='ltr'><strong>ex</strong></span> <span class='ocrx_word' id='word_1_20' title='bbox 3035 475 3144 533; x_wconf 87' lang='lat' dir='ltr'><strong>alio</strong></span> <span class='ocrx_word' id='word_1_21' title='bbox 3190 490 3390 548; x_wconf 71' lang='lat' dir='ltr'><strong>genere</strong></span> 
     </span>
     <span class='ocr_line' id='line_1_5' title="bbox 1949 569 3383 591; baseline 0 0"><span class='ocrx_word' id='word_1_22' title='bbox 1949 578 2004 591; x_wconf 72' lang='lat' dir='ltr'><strong>_o_</strong></span> <span class='ocrx_word' id='word_1_23' title='bbox 2055 584 2067 591; x_wconf 61' lang='grc' dir='ltr'><strong>ι</strong></span> <span class='ocrx_word' id='word_1_24' title='bbox 2294 589 2305 591; x_wconf 66' lang='lat'><strong><em>_</em></strong></span> <span class='ocrx_word' id='word_1_25' title='bbox 2344 571 2672 591; x_wconf 27' lang='lat' dir='ltr'><strong>__A_-s.ln.___</strong></span> <span class='ocrx_word' id='word_1_26' title='bbox 2705 571 2989 591; x_wconf 72' lang='grc' dir='ltr'><strong>--ιιε--ι--..</strong></span> <span class='ocrx_word' id='word_1_27' title='bbox 3038 584 3192 591; x_wconf 67' lang='grc'><strong>-..-...</strong></span> <span class='ocrx_word' id='word_1_28' title='bbox 3225 569 3383 591; x_wconf 54' lang='lat' dir='ltr'><strong>Aul-..</strong></span> 
     </span>
    </p>
   </div>
   <div class='ocr_carea' id='block_1_5' title="bbox 164 585 1704 685">
    <p class='ocr_par' dir='ltr' id='par_1_5' title="bbox 164 585 1704 685">
     <span class='ocr_line' id='line_1_6' title="bbox 164 585 1704 685; baseline -0.021 -16"><span class='ocrx_word' id='word_1_29' title='bbox 164 585 317 685; x_wconf 66' lang='grc' dir='ltr'>ἕτερον</span> <span class='ocrx_word' id='word_1_30' title='bbox 340 606 398 671; x_wconf 75' lang='grc' dir='ltr'>ἐξ</span> <span class='ocrx_word' id='word_1_31' title='bbox 422 604 615 674; x_wconf 85' lang='grc' dir='ltr'>ἐτέρου</span> <span class='ocrx_word' id='word_1_32' title='bbox 641 600 829 669; x_wconf 84' lang='grc' dir='ltr'>γένους</span> <span class='ocrx_word' id='word_1_33' title='bbox 856 594 1218 664; x_wconf 80' lang='grc' dir='ltr'><strong>καταστήσειν</strong></span> <span class='ocrx_word' id='word_1_34' title='bbox 1255 588 1405 661; x_wconf 84' lang='grc' dir='ltr'>ίερέα</span> <span class='ocrx_word' id='word_1_35' title='bbox 1433 585 1704 655; x_wconf 77' lang='grc' dir='ltr'>ἐπαγγέλ-</span> 
     </span>
    </p>
   </div>
   <div class='ocr_carea' id='block_1_6' title="bbox 164 676 1705 766">
    <p class='ocr_par' dir='ltr' id='par_1_6' title="bbox 164 676 1705 766">
     <span class='ocr_line' id='line_1_7' title="bbox 164 676 1705 766; baseline -0.017 -7"><span class='ocrx_word' id='word_1_36' title='bbox 164 676 306 765; x_wconf 67' lang='grc' dir='ltr'>λεται,</span> <span class='ocrx_word' id='word_1_37' title='bbox 343 701 398 753; x_wconf 82' lang='grc' dir='ltr'>ὃν</span> <span class='ocrx_word' id='word_1_38' title='bbox 436 697 533 752; x_wconf 89' lang='grc' dir='ltr'><strong>καί</strong></span> <span class='ocrx_word' id='word_1_39' title='bbox 575 711 705 766; x_wconf 86' lang='grc' dir='ltr'>φησι</span> <span class='ocrx_word' id='word_1_40' title='bbox 740 711 759 744; x_wconf 80' lang='grc' dir='ltr'><strong>ι</strong></span> <span class='ocrx_word' id='word_1_41' title='bbox 791 686 1155 744; x_wconf 80' lang='grc' dir='ltr'><strong>διελεύσεσθαι</strong></span> <span class='ocrx_word' id='word_1_42' title='bbox 1193 682 1423 737; x_wconf 83' lang='grc' dir='ltr'>ἐνώπιον</span> <span class='ocrx_word' id='word_1_43' title='bbox 1468 676 1705 749; x_wconf 80' lang='grc' dir='ltr'>Χριστοῦ</span> 
     </span>
    </p>
   </div>
   <div class='ocr_carea' id='block_1_7' title="bbox 162 770 1708 861">
    <p class='ocr_par' dir='ltr' id='par_1_7' title="bbox 162 770 1708 861">
     <span class='ocr_line' id='line_1_8' title="bbox 162 770 1708 861; baseline -0.02 -10"><span class='ocrx_word' id='word_1_44' title='bbox 162 793 316 858; x_wconf 82' lang='grc' dir='ltr'>αὐτοῦ,</span> <span class='ocrx_word' id='word_1_45' title='bbox 359 811 377 843; x_wconf 73' lang='grc' dir='ltr'><strong>ι</strong></span> <span class='ocrx_word' id='word_1_46' title='bbox 413 790 446 861; x_wconf 76' lang='grc' dir='ltr'>ἢ</span> <span class='ocrx_word' id='word_1_47' title='bbox 491 808 511 841; x_wconf 75' lang='grc' dir='ltr'><strong>ι</strong></span> <span class='ocrx_word' id='word_1_48' title='bbox 553 783 1020 858; x_wconf 82' lang='grc' dir='ltr'>ἐμπεριπατήσειν</span> <span class='ocrx_word' id='word_1_49' title='bbox 1071 779 1150 841; x_wconf 86' lang='grc' dir='ltr'><strong>είς</strong></span> <span class='ocrx_word' id='word_1_50' title='bbox 1191 774 1478 846; x_wconf 89' lang='grc' dir='ltr'>πρόσωπον</span> <span class='ocrx_word' id='word_1_51' title='bbox 1517 770 1708 840; x_wconf 85' lang='grc' dir='ltr'>είλημ-</span> 
     </span>
    </p>
   </div>
   <div class='ocr_carea' id='block_1_8' title="bbox 165 861 1709 963">
    <p class='ocr_par' dir='ltr' id='par_1_8' title="bbox 165 861 1709 963">
     <span class='ocr_line' id='line_1_9' title="bbox 165 861 1709 963; baseline -0.019 -22"><span class='ocrx_word' id='word_1_52' title='bbox 165 886 385 963; x_wconf 67' lang='grc' dir='ltr'>μένουμ)</span> <span class='ocrx_word' id='word_1_53' title='bbox 402 880 593 937; x_wconf 77' lang='grc' dir='ltr'>αὐτοῦ’</span> <span class='ocrx_word' id='word_1_54' title='bbox 618 899 635 931; x_wconf 77' lang='grc' dir='ltr'><strong>ι</strong></span> <span class='ocrx_word' id='word_1_55' title='bbox 657 878 733 942; x_wconf 84' lang='grc' dir='ltr'><strong>ὡς</strong></span> <span class='ocrx_word' id='word_1_56' title='bbox 752 879 780 931; x_wconf 87' lang='grc' dir='ltr'><strong>ὁ</strong></span> <span class='ocrx_word' id='word_1_57' title='bbox 794 873 1021 936; x_wconf 81' lang='grc' dir='ltr'><strong>Ἀκύλας</strong></span> <span class='ocrx_word' id='word_1_58' title='bbox 1037 869 1397 942; x_wconf 80' lang='grc' dir='ltr'>ἡρμήνευσεν,</span> <span class='ocrx_word' id='word_1_59' title='bbox 1419 863 1453 934; x_wconf 80' lang='grc' dir='ltr'>ἢ</span> <span class='ocrx_word' id='word_1_60' title='bbox 1472 863 1546 926; x_wconf 81' lang='grc' dir='ltr'>ὡς</span> <span class='ocrx_word' id='word_1_61' title='bbox 1570 861 1641 914; x_wconf 89' lang='grc' dir='ltr'>Σύ</span> <span class='ocrx_word' id='word_1_62' title='bbox 1650 878 1709 962; x_wconf 49' lang='grc' dir='ltr'>μς</span> 
     </span>
    </p>
   </div>
   <div class='ocr_carea' id='block_1_9' title="bbox 166 951 1704 1051">
    <p class='ocr_par' dir='ltr' id='par_1_9' title="bbox 166 951 1704 1051">
     <span class='ocr_line' id='line_1_10' title="bbox 166 951 1704 1051; baseline -0.018 -18"><span class='ocrx_word' id='word_1_63' title='bbox 166 951 330 1051; x_wconf 59' lang='grc' dir='ltr'>μαχος,</span> <span class='ocrx_word' id='word_1_64' title='bbox 411 968 929 1043; x_wconf 82' lang='grc' dir='ltr'>ἁναστραφήσεσθαι</span> <span class='ocrx_word' id='word_1_65' title='bbox 969 960 1277 1035; x_wconf 71' lang='grc' dir='ltr'>ἔμπροσθεν</span> <span class='ocrx_word' id='word_1_66' title='bbox 1325 956 1421 1011; x_wconf 90' lang='grc' dir='ltr'><strong>τοῦ</strong></span> <span class='ocrx_word' id='word_1_67' title='bbox 1471 951 1704 1027; x_wconf 76' lang='grc' dir='ltr'>Χριστοῦ</span> 
     </span>
    </p>
   </div>
   <div class='ocr_carea' id='block_1_10' title="bbox 161 1050 1708 1134">
    <p class='ocr_par' dir='ltr' id='par_1_10' title="bbox 161 1050 1708 1134">
     <span class='ocr_line' id='line_1_11' title="bbox 161 1050 1708 1134; baseline -0.02 -5"><span class='ocrx_word' id='word_1_68' title='bbox 161 1050 314 1131; x_wconf 66' lang='grc' dir='ltr'>αὐτοῦ.</span> <span class='ocrx_word' id='word_1_69' title='bbox 355 1092 374 1124; x_wconf 86' lang='grc'>›</span> <span class='ocrx_word' id='word_1_70' title='bbox 404 1071 500 1134; x_wconf 86' lang='grc' dir='ltr'>Τίς</span> <span class='ocrx_word' id='word_1_71' title='bbox 535 1069 581 1123; x_wconf 76' lang='grc' dir='ltr'><strong>δ’</strong></span> <span class='ocrx_word' id='word_1_72' title='bbox 608 1068 673 1122; x_wconf 82' lang='grc' dir='ltr'><strong>ἂν</strong></span> <span class='ocrx_word' id='word_1_73' title='bbox 705 1060 858 1129; x_wconf 71' lang='grc' dir='ltr'>οὗτος</span> <span class='ocrx_word' id='word_1_74' title='bbox 899 1061 1019 1132; x_wconf 83' lang='grc' dir='ltr'>είη;</span> <span class='ocrx_word' id='word_1_75' title='bbox 1049 1058 1156 1119; x_wconf 81' lang='grc' dir='ltr'>πᾶς</span> <span class='ocrx_word' id='word_1_76' title='bbox 1183 1058 1213 1109; x_wconf 72' lang='grc' dir='ltr'><strong>ο</strong></span> <span class='ocrx_word' id='word_1_77' title='bbox 1256 1050 1492 1115; x_wconf 78' lang='grc' dir='ltr'>εὐσεϐῶς</span> <span class='ocrx_word' id='word_1_78' title='bbox 1536 1064 1708 1120; x_wconf 81' lang='grc' dir='ltr'>προσ-</span> 
     </span>
    </p>
   </div>
   <div class='ocr_carea' id='block_1_11' title="bbox 166 1138 1706 1240">
    <p class='ocr_par' dir='ltr' id='par_1_11' title="bbox 166 1138 1706 1240">
     <span class='ocr_line' id='line_1_12' title="bbox 166 1138 1706 1240; baseline -0.019 -17"><span class='ocrx_word' id='word_1_79' title='bbox 166 1168 243 1224; x_wconf 85' lang='grc' dir='ltr'><strong>ιὼν</strong></span> <span class='ocrx_word' id='word_1_80' title='bbox 269 1168 329 1240; x_wconf 76' lang='grc' dir='ltr'>τῇ</span> <span class='ocrx_word' id='word_1_81' title='bbox 390 1160 675 1235; x_wconf 78' lang='grc' dir='ltr'>ἱερουργίᾳ</span> <span class='ocrx_word' id='word_1_82' title='bbox 707 1156 803 1212; x_wconf 88' lang='grc' dir='ltr'><strong>τοῦ</strong></span> <span class='ocrx_word' id='word_1_83' title='bbox 831 1151 1068 1228; x_wconf 78' lang='grc' dir='ltr'>Χριστοῦ</span> <span class='ocrx_word' id='word_1_84' title='bbox 1102 1147 1195 1203; x_wconf 90' lang='grc' dir='ltr'><strong>τοῦ</strong></span> <span class='ocrx_word' id='word_1_85' title='bbox 1223 1145 1379 1209; x_wconf 89' lang='grc' dir='ltr'>Θεοῦ,</span> <span class='ocrx_word' id='word_1_86' title='bbox 1414 1138 1458 1212; x_wconf 77' lang='grc' dir='ltr'>ᾧ</span> <span class='ocrx_word' id='word_1_87' title='bbox 1488 1142 1578 1196; x_wconf 75' lang='grc' dir='ltr'>τὸν</span> <span class='ocrx_word' id='word_1_88' title='bbox 1606 1142 1706 1211; x_wconf 80' lang='grc' dir='ltr'>τῆς</span> 
     </span>
    </p>
   </div>
   <div class='ocr_carea' id='block_1_12' title="bbox 171 1230 1705 1328">
    <p class='ocr_par' dir='ltr' id='par_1_12' title="bbox 171 1230 1705 1328">
     <span class='ocr_line' id='line_1_13' title="bbox 171 1230 1705 1328; baseline -0.021 -14"><span class='ocrx_word' id='word_1_89' title='bbox 171 1230 463 1328; x_wconf 66' lang='grc' dir='ltr'>Ἐκκλησίας</span> <span class='ocrx_word' id='word_1_90' title='bbox 495 1230 666 1313; x_wconf 72' lang='grc' dir='ltr'>οἷκον,</span> <span class='ocrx_word' id='word_1_91' title='bbox 696 1245 783 1303; x_wconf 76' lang='grc' dir='ltr'>οἶα</span> <span class='ocrx_word' id='word_1_92' title='bbox 819 1245 979 1315; x_wconf 83' lang='grc' dir='ltr'>σοφὸς</span> <span class='ocrx_word' id='word_1_93' title='bbox 1010 1241 1346 1315; x_wconf 88' lang='grc' dir='ltr'>ἀρχιτέκτων</span> <span class='ocrx_word' id='word_1_94' title='bbox 1380 1235 1473 1289; x_wconf 70' lang='grc' dir='ltr'><strong>καὶ</strong></span> <span class='ocrx_word' id='word_1_95' title='bbox 1500 1230 1705 1286; x_wconf 86' lang='grc' dir='ltr'>οἰκοδό-</span> 
     </span>
    </p>
   </div>
   <div class='ocr_carea' id='block_1_13' title="bbox 164 1325 1708 1426">
    <p class='ocr_par' dir='ltr' id='par_1_13' title="bbox 164 1325 1708 1426">
     <span class='ocr_line' id='line_1_14' title="bbox 164 1325 1708 1426; baseline -0.02 -20"><span class='ocrx_word' id='word_1_96' title='bbox 164 1371 261 1426; x_wconf 75' lang='grc' dir='ltr'>μος,</span> <span class='ocrx_word' id='word_1_97' title='bbox 287 1325 440 1412; x_wconf 75' lang='grc' dir='ltr'>αύτδς</span> <span class='ocrx_word' id='word_1_98' title='bbox 486 1347 516 1398; x_wconf 89' lang='grc' dir='ltr'><strong>ό</strong></span> <span class='ocrx_word' id='word_1_99' title='bbox 562 1344 672 1397; x_wconf 82' lang='grc' dir='ltr'><strong>τῶν</strong></span> <span class='ocrx_word' id='word_1_100' title='bbox 694 1342 830 1395; x_wconf 81' lang='grc' dir='ltr'>ὅλων</span> <span class='ocrx_word' id='word_1_101' title='bbox 860 1338 991 1400; x_wconf 78' lang='grc' dir='ltr'>Θεὸς</span> <span class='ocrx_word' id='word_1_102' title='bbox 1024 1333 1399 1403; x_wconf 73' lang='grc' dir='ltr'>οἰκοδομήσειν</span> <span class='ocrx_word' id='word_1_103' title='bbox 1435 1325 1708 1395; x_wconf 83' lang='grc' dir='ltr'>ὑπισχνεῖ-</span> 
     </span>
    </p>
   </div>
   <div class='ocr_carea' id='block_1_14' title="bbox 161 1416 1707 1507">
    <p class='ocr_par' dir='ltr' id='par_1_14' title="bbox 161 1416 1707 1507">
     <span class='ocr_line' id='line_1_15' title="bbox 161 1416 1707 1507; baseline -0.019 -9"><span class='ocrx_word' id='word_1_104' title='bbox 281 1441 381 1496; x_wconf 78' lang='grc' dir='ltr'>ούδ⁴</span> <span class='ocrx_word' id='word_1_105' title='bbox 418 1438 581 1492; x_wconf 82' lang='grc' dir='ltr'>ἄλλον</span> <span class='ocrx_word' id='word_1_106' title='bbox 616 1431 762 1489; x_wconf 73' lang='grc' dir='ltr'>οἷκον</span> <span class='ocrx_word' id='word_1_107' title='bbox 796 1429 1076 1502; x_wconf 75' lang='grc' dir='ltr'>σημαίνων</span> <span class='ocrx_word' id='word_1_108' title='bbox 1111 1424 1268 1498; x_wconf 84' lang='grc' dir='ltr'>ἢτὴν</span> <span class='ocrx_word' id='word_1_109' title='bbox 1298 1420 1420 1476; x_wconf 87' lang='grc' dir='ltr'>καθ’</span> <span class='ocrx_word' id='word_1_110' title='bbox 1456 1419 1583 1489; x_wconf 82' lang='grc' dir='ltr'><strong>ὅλης</strong></span> <span class='ocrx_word' id='word_1_111' title='bbox 1606 1416 1707 1485; x_wconf 75' lang='grc' dir='ltr'>τῆς</span> 
     </span>
    </p>
   </div>
   <div class='ocr_carea' id='block_1_15' title="bbox 160 1509 1707 1605">
    <p class='ocr_par' dir='ltr' id='par_1_15' title="bbox 160 1509 1707 1605">
     <span class='ocr_line' id='line_1_16' title="bbox 160 1509 1707 1605; baseline -0.02 -14"><span class='ocrx_word' id='word_1_112' title='bbox 160 1533 446 1605; x_wconf 70' lang='grc' dir='ltr'>οἰκουμένης</span> <span class='ocrx_word' id='word_1_113' title='bbox 499 1527 581 1599; x_wconf 81' lang='grc' dir='ltr'>τῷ</span> <span class='ocrx_word' id='word_1_114' title='bbox 622 1522 843 1598; x_wconf 79' lang='grc' dir='ltr'>Χριστῷ</span> <span class='ocrx_word' id='word_1_115' title='bbox 876 1518 1131 1591; x_wconf 78' lang='grc' dir='ltr'>ὀνομαστὶ</span> <span class='ocrx_word' id='word_1_116' title='bbox 1169 1516 1437 1570; x_wconf 75' lang='grc' dir='ltr'>συστᾶσαν</span> <span class='ocrx_word' id='word_1_117' title='bbox 1477 1509 1707 1579; x_wconf 86' lang='grc' dir='ltr'>Ἐκκλη-</span> 
     </span>
    </p>
   </div>
   <div class='ocr_carea' id='block_1_16' title="bbox 165 1604 1708 1685">
    <p class='ocr_par' dir='ltr' id='par_1_16' title="bbox 165 1604 1708 1685">
     <span class='ocr_line' id='line_1_17' title="bbox 165 1604 1708 1685; baseline -0.018 -5"><span class='ocrx_word' id='word_1_118' title='bbox 165 1604 297 1680; x_wconf 57' lang='grc' dir='ltr'>σίαν(</span> <span class='ocrx_word' id='word_1_119' title='bbox 314 1622 437 1677; x_wconf 73' lang='grc' dir='ltr'>ἔνθα</span> <span class='ocrx_word' id='word_1_120' title='bbox 471 1622 586 1683; x_wconf 75' lang='grc' dir='ltr'>πᾶς</span> <span class='ocrx_word' id='word_1_121' title='bbox 602 1619 630 1671; x_wconf 86' lang='grc' dir='ltr'><strong>ό</strong></span> <span class='ocrx_word' id='word_1_122' title='bbox 649 1615 739 1670; x_wconf 82' lang='grc' dir='ltr'><strong>διὰ</strong></span> <span class='ocrx_word' id='word_1_123' title='bbox 759 1610 992 1685; x_wconf 84' lang='grc' dir='ltr'>Χριστοῦ</span> <span class='ocrx_word' id='word_1_124' title='bbox 1018 1609 1110 1664; x_wconf 88' lang='grc' dir='ltr'><strong>τοῦ</strong></span> <span class='ocrx_word' id='word_1_125' title='bbox 1133 1606 1266 1661; x_wconf 87' lang='grc' dir='ltr'>Θεοῦ</span> <span class='ocrx_word' id='word_1_126' title='bbox 1287 1604 1578 1676; x_wconf 83' lang='grc' dir='ltr'>ίερωμένος</span> <span class='ocrx_word' id='word_1_127' title='bbox 1603 1618 1708 1655; x_wconf 89' lang='grc' dir='ltr'>κα-</span> 
     </span>
    </p>
   </div>
   <div class='ocr_carea' id='block_1_17' title="bbox 158 1692 1711 1787">
    <p class='ocr_par' dir='ltr' id='par_1_17' title="bbox 158 1692 1711 1787">
     <span class='ocr_line' id='line_1_18' title="bbox 158 1692 1711 1787; baseline -0.019 -11"><span class='ocrx_word' id='word_1_128' title='bbox 158 1723 211 1775; x_wconf 69' lang='grc' dir='ltr'>τὰ</span> <span class='ocrx_word' id='word_1_129' title='bbox 223 1719 305 1784; x_wconf 75' lang='grc' dir='ltr'>τὰς</span> <span class='ocrx_word' id='word_1_130' title='bbox 323 1710 706 1787; x_wconf 73' lang='grc' dir='ltr'>πνευματικὰς</span> <span class='ocrx_word' id='word_1_131' title='bbox 733 1704 1071 1778; x_wconf 82' lang='grc' dir='ltr'>λειτουργίας</span> <span class='ocrx_word' id='word_1_132' title='bbox 1093 1702 1163 1755; x_wconf 90' lang='grc' dir='ltr'><strong>τά</strong></span> <span class='ocrx_word' id='word_1_133' title='bbox 1185 1699 1494 1770; x_wconf 84' lang='grc' dir='ltr'>καταθύμια</span> <span class='ocrx_word' id='word_1_134' title='bbox 1519 1697 1613 1749; x_wconf 72' lang='grc' dir='ltr'>καὶ</span> <span class='ocrx_word' id='word_1_135' title='bbox 1640 1692 1711 1747; x_wconf 79' lang='grc' dir='ltr'>τὰ</span> 
     </span>
    </p>
   </div>
   <div class='ocr_carea' id='block_1_18' title="bbox 160 1788 1709 1881">
    <p class='ocr_par' dir='ltr' id='par_1_18' title="bbox 160 1788 1709 1881">
     <span class='ocr_line' id='line_1_19' title="bbox 160 1788 1709 1881; baseline -0.018 -15"><span class='ocrx_word' id='word_1_136' title='bbox 160 1812 275 1867; x_wconf 74' lang='grc' dir='ltr'>κειτά</span> <span class='ocrx_word' id='word_1_137' title='bbox 291 1808 462 1881; x_wconf 73' lang='grc' dir='ltr'>ψυχὴν</span> <span class='ocrx_word' id='word_1_138' title='bbox 486 1805 588 1859; x_wconf 82' lang='grc' dir='ltr'><strong>τοῦ</strong></span> <span class='ocrx_word' id='word_1_139' title='bbox 612 1800 746 1856; x_wconf 88' lang='grc' dir='ltr'>Θεοῦ</span> <span class='ocrx_word' id='word_1_140' title='bbox 784 1798 999 1867; x_wconf 82' lang='grc' dir='ltr'>λέγεται</span> <span class='ocrx_word' id='word_1_141' title='bbox 1020 1795 1145 1866; x_wconf 85' lang='grc' dir='ltr'>ποιή</span> <span class='ocrx_word' id='word_1_142' title='bbox 1154 1811 1285 1858; x_wconf 87' lang='grc' dir='ltr'>σειν,</span> <span class='ocrx_word' id='word_1_143' title='bbox 1319 1791 1427 1845; x_wconf 85' lang='grc' dir='ltr'><strong>τῶν</strong></span> <span class='ocrx_word' id='word_1_144' title='bbox 1450 1789 1517 1842; x_wconf 79' lang='grc' dir='ltr'>δι’</span> <span class='ocrx_word' id='word_1_145' title='bbox 1540 1788 1709 1858; x_wconf 81' lang='grc' dir='ltr'>αἵμα-</span> 
     </span>
    </p>
   </div>
   <div class='ocr_carea' id='block_1_19' title="bbox 158 1880 1708 1972">
    <p class='ocr_par' dir='ltr' id='par_1_19' title="bbox 158 1880 1708 1972">
     <span class='ocr_line' id='line_1_20' title="bbox 158 1880 1708 1972; baseline -0.018 -14"><span class='ocrx_word' id='word_1_146' title='bbox 158 1922 247 1969; x_wconf 82' lang='grc' dir='ltr'>τος,</span> <span class='ocrx_word' id='word_1_147' title='bbox 282 1880 495 1972; x_wconf 83' lang='grc' dir='ltr'>ταύρων</span> <span class='ocrx_word' id='word_1_148' title='bbox 546 1897 643 1950; x_wconf 63' lang='grc' dir='ltr'><strong>καλ⁸</strong></span> <span class='ocrx_word' id='word_1_149' title='bbox 674 1895 912 1966; x_wconf 85' lang='grc' dir='ltr'>τράγων,</span> <span class='ocrx_word' id='word_1_150' title='bbox 966 1887 1108 1944; x_wconf 88' lang='grc' dir='ltr'><strong>κατά</strong></span> <span class='ocrx_word' id='word_1_151' title='bbox 1147 1885 1245 1957; x_wconf 85' lang='grc' dir='ltr'>τὴν</span> <span class='ocrx_word' id='word_1_152' title='bbox 1279 1883 1447 1938; x_wconf 86' lang='grc' dir='ltr'>πάλαι</span> <span class='ocrx_word' id='word_1_153' title='bbox 1473 1880 1708 1950; x_wconf 84' lang='grc' dir='ltr'>τυπικὴν</span> 
     </span>
    </p>
   </div>
   <div class='ocr_carea' id='block_1_20' title="bbox 159 1970 1709 2064">
    <p class='ocr_par' dir='ltr' id='par_1_20' title="bbox 159 1970 1709 2064">
     <span class='ocr_line' id='line_1_21' title="bbox 159 1970 1709 2064; baseline -0.017 -15"><span class='ocrx_word' id='word_1_154' title='bbox 159 1994 347 2064; x_wconf 84' lang='grc' dir='ltr'>ἀγωγὴν</span> <span class='ocrx_word' id='word_1_155' title='bbox 377 1970 840 2059; x_wconf 62' lang='grc' dir='ltr'>ἐπιτελουμένων,</span> <span class='ocrx_word' id='word_1_156' title='bbox 876 1977 1282 2055; x_wconf 80' lang='grc' dir='ltr'>μετατεθεῖσθαι</span> <span class='ocrx_word' id='word_1_157' title='bbox 1313 1973 1419 2028; x_wconf 85' lang='grc' dir='ltr'>ὑπὸ</span> <span class='ocrx_word' id='word_1_158' title='bbox 1448 1972 1540 2027; x_wconf 87' lang='grc' dir='ltr'><strong>τοῦ</strong></span> <span class='ocrx_word' id='word_1_159' title='bbox 1574 1970 1709 2025; x_wconf 88' lang='grc' dir='ltr'>Θεοῦ</span> 
     </span>
    </p>
   </div>
   <div class='ocr_carea' id='block_1_21' title="bbox 161 2062 1712 2156">
    <p class='ocr_par' dir='ltr' id='par_1_21' title="bbox 161 2062 1712 2156">
     <span class='ocr_line' id='line_1_22' title="bbox 161 2062 1712 2156; baseline -0.017 -15"><span class='ocrx_word' id='word_1_160' title='bbox 161 2062 229 2141; x_wconf 72' lang='grc' dir='ltr'><strong>(ἶιά</strong></span> <span class='ocrx_word' id='word_1_161' title='bbox 262 2062 350 2156; x_wconf 67' lang='grc' dir='ltr'>τῆς</span> <span class='ocrx_word' id='word_1_162' title='bbox 392 2082 627 2137; x_wconf 77' lang='grc' dir='ltr'>Ἡσαΐου</span> <span class='ocrx_word' id='word_1_163' title='bbox 650 2076 988 2150; x_wconf 74' lang='grc' dir='ltr'>προφητείας</span> <span class='ocrx_word' id='word_1_164' title='bbox 1016 2068 1480 2144; x_wconf 82' lang='grc' dir='ltr'>ὁμολογουμένων.</span> <span class='ocrx_word' id='word_1_165' title='bbox 1508 2062 1712 2117; x_wconf 86' lang='grc' dir='ltr'>Τοσαῦ-</span> 
     </span>
    </p>
   </div>
   <div class='ocr_carea' id='block_1_22' title="bbox 161 2153 1712 2242">
    <p class='ocr_par' dir='ltr' id='par_1_22' title="bbox 161 2153 1712 2242">
     <span class='ocr_line' id='line_1_23' title="bbox 161 2153 1712 2242; baseline -0.017 -11"><span class='ocrx_word' id='word_1_166' title='bbox 161 2196 215 2231; x_wconf 72' lang='grc' dir='ltr'><strong>τα</strong></span> <span class='ocrx_word' id='word_1_167' title='bbox 258 2153 318 2231; x_wconf 45' lang='grc' dir='ltr'>διέ</span> <span class='ocrx_word' id='word_1_168' title='bbox 351 2168 424 2227; x_wconf 81' lang='grc' dir='ltr'><strong>ὧν</strong></span> <span class='ocrx_word' id='word_1_169' title='bbox 468 2176 503 2226; x_wconf 89' lang='grc' dir='ltr'>ὁ</span> <span class='ocrx_word' id='word_1_170' title='bbox 542 2170 777 2242; x_wconf 85' lang='grc' dir='ltr'>Χριστὸς</span> <span class='ocrx_word' id='word_1_171' title='bbox 804 2166 1060 2237; x_wconf 76' lang='grc' dir='ltr'>ὀνομαστὶ</span> <span class='ocrx_word' id='word_1_172' title='bbox 1103 2160 1544 2233; x_wconf 81' lang='grc' dir='ltr'>προκεκήρυκτο·</span> <span class='ocrx_word' id='word_1_173' title='bbox 1574 2153 1712 2224; x_wconf 83' lang='grc' dir='ltr'>πλὴν</span> 
     </span>
    </p>
   </div>
   <div class='ocr_carea' id='block_1_23' title="bbox 163 2242 1712 2325">
    <p class='ocr_par' dir='ltr' id='par_1_23' title="bbox 163 2242 1712 2325">
     <span class='ocr_line' id='line_1_24' title="bbox 163 2242 1712 2325; baseline -0.018 -1"><span class='ocrx_word' id='word_1_174' title='bbox 163 2269 251 2325; x_wconf 70' lang='grc' dir='ltr'>ἀλλ’</span> <span class='ocrx_word' id='word_1_175' title='bbox 280 2269 391 2321; x_wconf 79' lang='grc' dir='ltr'>ἐπεὶ</span> <span class='ocrx_word' id='word_1_176' title='bbox 445 2264 546 2319; x_wconf 85' lang='grc' dir='ltr'><strong>διά</strong></span> <span class='ocrx_word' id='word_1_177' title='bbox 588 2261 699 2316; x_wconf 88' lang='grc' dir='ltr'>τῶν</span> <span class='ocrx_word' id='word_1_178' title='bbox 746 2259 1012 2312; x_wconf 78' lang='grc' dir='ltr'>πλείστων</span> <span class='ocrx_word' id='word_1_179' title='bbox 1055 2253 1126 2307; x_wconf 82' lang='grc' dir='ltr'>τὰ</span> <span class='ocrx_word' id='word_1_180' title='bbox 1167 2251 1312 2321; x_wconf 85' lang='grc' dir='ltr'>πάθη</span> <span class='ocrx_word' id='word_1_181' title='bbox 1351 2247 1445 2302; x_wconf 91' lang='grc' dir='ltr'><strong>τοῦ</strong></span> <span class='ocrx_word' id='word_1_182' title='bbox 1477 2242 1712 2317; x_wconf 87' lang='grc' dir='ltr'>Χριστοῦ</span> 
     </span>
    </p>
   </div>
   <div class='ocr_carea' id='block_1_24' title="bbox 162 2336 1707 2431">
    <p class='ocr_par' dir='ltr' id='par_1_24' title="bbox 162 2336 1707 2431">
     <span class='ocr_line' id='line_1_25' title="bbox 162 2336 1707 2431; baseline -0.017 -18"><span class='ocrx_word' id='word_1_183' title='bbox 162 2361 393 2431; x_wconf 66' lang='grc' dir='ltr'>συνῆπται</span> <span class='ocrx_word' id='word_1_184' title='bbox 416 2359 495 2427; x_wconf 76' lang='grc' dir='ltr'>τῇ</span> <span class='ocrx_word' id='word_1_185' title='bbox 530 2352 693 2408; x_wconf 85' lang='grc' dir='ltr'>αὐτοῦ</span> <span class='ocrx_word' id='word_1_186' title='bbox 725 2347 1088 2423; x_wconf 79' lang='grc' dir='ltr'>προσηγορίᾳ,</span> <span class='ocrx_word' id='word_1_187' title='bbox 1116 2343 1407 2412; x_wconf 88' lang='grc' dir='ltr'>ἀναγκαῖον</span> <span class='ocrx_word' id='word_1_188' title='bbox 1440 2336 1707 2391; x_wconf 86' lang='grc' dir='ltr'>ἐπαναλα-</span> 
     </span>
    </p>
   </div>
   <div class='ocr_carea' id='block_1_25' title="bbox 160 2428 1712 2518">
    <p class='ocr_par' dir='ltr' id='par_1_25' title="bbox 160 2428 1712 2518">
     <span class='ocr_line' id='line_1_26' title="bbox 160 2428 1712 2518; baseline -0.015 -16"><span class='ocrx_word' id='word_1_189' title='bbox 160 2428 266 2504; x_wconf 25' lang='grc' dir='ltr'>δεῖν*</span> <span class='ocrx_word' id='word_1_190' title='bbox 295 2448 361 2502; x_wconf 83' lang='grc' dir='ltr'><strong>τά</strong></span> <span class='ocrx_word' id='word_1_191' title='bbox 384 2444 773 2518; x_wconf 77' lang='grc' dir='ltr'>προειρημένα</span> <span class='ocrx_word' id='word_1_192' title='bbox 808 2441 937 2512; x_wconf 75' lang='grc' dir='ltr'>περὶ</span> <span class='ocrx_word' id='word_1_193' title='bbox 964 2439 1065 2508; x_wconf 77' lang='grc' dir='ltr'><strong>τῆς</strong></span> <span class='ocrx_word' id='word_1_194' title='bbox 1096 2436 1215 2489; x_wconf 84' lang='grc' dir='ltr'>κατ’</span> <span class='ocrx_word' id='word_1_195' title='bbox 1249 2430 1412 2486; x_wconf 75' lang='grc' dir='ltr'>αὑτὸν</span> <span class='ocrx_word' id='word_1_196' title='bbox 1441 2428 1712 2518; x_wconf 67' lang='grc' dir='ltr'>θεότητος,</span> 
     </span>
    </p>
   </div>
   <div class='ocr_carea' id='block_1_26' title="bbox 161 2516 1715 2612">
    <p class='ocr_par' dir='ltr' id='par_1_26' title="bbox 161 2516 1715 2612">
     <span class='ocr_line' id='line_1_27' title="bbox 161 2516 1715 2612; baseline -0.017 -17"><span class='ocrx_word' id='word_1_197' title='bbox 161 2546 212 2612; x_wconf 72' lang='grc' dir='ltr'><strong>ἣν</strong></span> <span class='ocrx_word' id='word_1_198' title='bbox 248 2544 297 2594; x_wconf 83' lang='grc' dir='ltr'><strong>ἐν</strong></span> <span class='ocrx_word' id='word_1_199' title='bbox 336 2516 791 2611; x_wconf 15' lang='grc' dir='ltr'>τῷῖμδίψαλμῷ</span> <span class='ocrx_word' id='word_1_200' title='bbox 842 2526 1307 2602; x_wconf 77' lang='grc' dir='ltr'>ἐπιγεγραμμένῳ</span> <span class='ocrx_word' id='word_1_201' title='bbox 1344 2543 1362 2575; x_wconf 82' lang='grc' dir='ltr'><strong>ι</strong></span> <span class='ocrx_word' id='word_1_202' title='bbox 1409 2520 1579 2612; x_wconf 81' lang='grc' dir='ltr'>’Υπὲρ</span> <span class='ocrx_word' id='word_1_203' title='bbox 1620 2516 1715 2612; x_wconf 81' lang='grc' dir='ltr'><strong>τοῦ</strong></span> 
     </span>
    </p>
   </div>
   <div class='ocr_carea' id='block_1_27' title="bbox 164 2608 1716 2704">
    <p class='ocr_par' dir='ltr' id='par_1_27' title="bbox 164 2608 1716 2704">
     <span class='ocr_line' id='line_1_28' title="bbox 164 2608 1716 2704; baseline -0.018 -16"><span class='ocrx_word' id='word_1_204' title='bbox 164 2608 424 2704; x_wconf 64' lang='grc' dir='ltr'>ἀγαπητοῦ</span> <span class='ocrx_word' id='word_1_205' title='bbox 528 2627 791 2701; x_wconf 85' lang='grc' dir='ltr'>φέρεσθαι</span> <span class='ocrx_word' id='word_1_206' title='bbox 823 2621 1378 2697; x_wconf 85' lang='grc' dir='ltr'>προπαρεστήσαμεν,</span> <span class='ocrx_word' id='word_1_207' title='bbox 1413 2611 1541 2667; x_wconf 73' lang='grc' dir='ltr'>ἔνθα</span> <span class='ocrx_word' id='word_1_208' title='bbox 1572 2613 1600 2664; x_wconf 89' lang='grc' dir='ltr'><strong>ό</strong></span> <span class='ocrx_word' id='word_1_209' title='bbox 1627 2608 1716 2662; x_wconf 88' lang='grc' dir='ltr'>λό-</span> 
     </span>
    </p>
   </div>
   <div class='ocr_carea' id='block_1_28' title="bbox 163 2700 1716 2797">
    <p class='ocr_par' dir='ltr' id='par_1_28' title="bbox 163 2700 1716 2797">
     <span class='ocr_line' id='line_1_29' title="bbox 163 2700 1716 2797; baseline -0.02 -13"><span class='ocrx_word' id='word_1_210' title='bbox 163 2700 237 2795; x_wconf 77' lang='grc' dir='ltr'><strong>γος</strong></span> <span class='ocrx_word' id='word_1_211' title='bbox 283 2700 334 2781; x_wconf 80' lang='grc' dir='ltr'><strong>ἐν</strong></span> <span class='ocrx_word' id='word_1_212' title='bbox 379 2725 630 2797; x_wconf 82' lang='grc' dir='ltr'>πρώτοις</span> <span class='ocrx_word' id='word_1_213' title='bbox 672 2721 835 2783; x_wconf 80' lang='grc' dir='ltr'>αὐτὸς</span> <span class='ocrx_word' id='word_1_214' title='bbox 863 2716 1182 2788; x_wconf 82' lang='grc' dir='ltr'>ὑπομνήσας</span> <span class='ocrx_word' id='word_1_215' title='bbox 1218 2711 1293 2773; x_wconf 85' lang='grc' dir='ltr'><strong>ὡς</strong></span> <span class='ocrx_word' id='word_1_216' title='bbox 1329 2706 1571 2778; x_wconf 83' lang='grc' dir='ltr'>βασιλέα,</span> <span class='ocrx_word' id='word_1_217' title='bbox 1599 2700 1716 2775; x_wconf 84' lang='grc' dir='ltr'>μεθ’</span> 
     </span>
    </p>
   </div>
   <div class='ocr_carea' id='block_1_29' title="bbox 162 2796 1719 2891">
    <p class='ocr_par' dir='ltr' id='par_1_29' title="bbox 162 2796 1719 2891">
     <span class='ocr_line' id='line_1_30' title="bbox 162 2796 1719 2891; baseline -0.017 -17"><span class='ocrx_word' id='word_1_218' title='bbox 162 2820 294 2891; x_wconf 70' lang='grc' dir='ltr'>ἕτερα</span> <span class='ocrx_word' id='word_1_219' title='bbox 321 2796 523 2887; x_wconf 80' lang='grc' dir='ltr'>ἐπάγει</span> <span class='ocrx_word' id='word_1_220' title='bbox 555 2816 684 2887; x_wconf 81' lang='grc' dir='ltr'>περὶ</span> <span class='ocrx_word' id='word_1_221' title='bbox 711 2812 961 2883; x_wconf 81' lang='grc' dir='ltr'>θεότητος</span> <span class='ocrx_word' id='word_1_222' title='bbox 977 2806 1070 2861; x_wconf 88' lang='grc' dir='ltr'><strong>τοῦ</strong></span> <span class='ocrx_word' id='word_1_223' title='bbox 1092 2800 1347 2877; x_wconf 88' lang='grc' dir='ltr'>Χριστοῦ·</span> <span class='ocrx_word' id='word_1_224' title='bbox 1384 2819 1401 2849; x_wconf 78' lang='grc' dir='ltr'><strong>ι</strong></span> <span class='ocrx_word' id='word_1_225' title='bbox 1443 2799 1501 2851; x_wconf 86' lang='lat'><strong>&#39;0</strong></span> <span class='ocrx_word' id='word_1_226' title='bbox 1532 2796 1719 2869; x_wconf 85' lang='grc' dir='ltr'>θρόνος</span> 
     </span>
    </p>
   </div>
   <div class='ocr_carea' id='block_1_30' title="bbox 166 2885 1719 2974">
    <p class='ocr_par' dir='ltr' id='par_1_30' title="bbox 166 2885 1719 2974">
     <span class='ocr_line' id='line_1_31' title="bbox 166 2885 1719 2974; baseline -0.018 -8"><span class='ocrx_word' id='word_1_227' title='bbox 166 2885 290 2965; x_wconf 34' lang='grc' dir='ltr'>σου-ό</span> <span class='ocrx_word' id='word_1_228' title='bbox 317 2885 458 2974; x_wconf 79' lang='grc' dir='ltr'>Θεὸς</span> <span class='ocrx_word' id='word_1_229' title='bbox 487 2910 568 2972; x_wconf 85' lang='grc' dir='ltr'><strong>είς</strong></span> <span class='ocrx_word' id='word_1_230' title='bbox 603 2885 694 2960; x_wconf 68' lang='grc' dir='ltr'><strong>τον</strong></span> <span class='ocrx_word' id='word_1_231' title='bbox 732 2904 900 2959; x_wconf 82' lang='grc' dir='ltr'>αίῶνα</span> <span class='ocrx_word' id='word_1_232' title='bbox 937 2900 1034 2955; x_wconf 91' lang='grc' dir='ltr'><strong>τοῦ</strong></span> <span class='ocrx_word' id='word_1_233' title='bbox 1068 2896 1290 2959; x_wconf 81' lang='grc' dir='ltr'>αἰῶνος·</span> <span class='ocrx_word' id='word_1_234' title='bbox 1326 2891 1517 2965; x_wconf 73' lang='grc' dir='ltr'>ῥάϐδος</span> <span class='ocrx_word' id='word_1_235' title='bbox 1561 2885 1719 2941; x_wconf 80' lang='grc' dir='ltr'>εὐθύ-</span> 
     </span>
    </p>
   </div>
   <div class='ocr_carea' id='block_1_31' title="bbox 164 2980 1721 3075">
    <p class='ocr_par' dir='ltr' id='par_1_31' title="bbox 164 2980 1721 3075">
     <span class='ocr_line' id='line_1_32' title="bbox 164 2980 1721 3075; baseline -0.015 -17"><span class='ocrx_word' id='word_1_236' title='bbox 164 3021 294 3074; x_wconf 60' lang='grc' dir='ltr'>τητος</span> <span class='ocrx_word' id='word_1_237' title='bbox 338 3007 375 3075; x_wconf 80' lang='grc' dir='ltr'>ὴ</span> <span class='ocrx_word' id='word_1_238' title='bbox 431 3001 625 3074; x_wconf 76' lang='grc' dir='ltr'>ράϐδος</span> <span class='ocrx_word' id='word_1_239' title='bbox 670 3000 768 3071; x_wconf 80' lang='grc' dir='ltr'>τῆς</span> <span class='ocrx_word' id='word_1_240' title='bbox 816 2994 1088 3068; x_wconf 81' lang='grc' dir='ltr'>βασιλείας</span> <span class='ocrx_word' id='word_1_241' title='bbox 1123 3007 1235 3044; x_wconf 92' lang='grc' dir='ltr'>σου.</span> <span class='ocrx_word' id='word_1_242' title='bbox 1284 2984 1606 3054; x_wconf 77' lang='grc' dir='ltr'>Ἠγάπησας</span> <span class='ocrx_word' id='word_1_243' title='bbox 1642 2980 1721 3034; x_wconf 85' lang='grc' dir='ltr'>δι-</span> 
     </span>
    </p>
   </div>
   <div class='ocr_carea' id='block_1_32' title="bbox 164 3072 1721 3167">
    <p class='ocr_par' dir='ltr' id='par_1_32' title="bbox 164 3072 1721 3167">
     <span class='ocr_line' id='line_1_33' title="bbox 164 3072 1721 3167; baseline -0.017 -17"><span class='ocrx_word' id='word_1_244' title='bbox 164 3072 449 3167; x_wconf 72' lang='grc' dir='ltr'>καιοσύνην,</span> <span class='ocrx_word' id='word_1_245' title='bbox 477 3094 572 3146; x_wconf 69' lang='grc' dir='ltr'><strong>καὶ</strong></span> <span class='ocrx_word' id='word_1_246' title='bbox 596 3092 863 3163; x_wconf 80' lang='grc' dir='ltr'>ἐμίσησας</span> <span class='ocrx_word' id='word_1_247' title='bbox 885 3085 1098 3142; x_wconf 81' lang='grc' dir='ltr'>ἀδικίαν</span> <span class='ocrx_word' id='word_1_248' title='bbox 1115 3100 1129 3112; x_wconf 89' lang='grc'><strong>·</strong></span> <span class='ocrx_word' id='word_1_249' title='bbox 1157 3081 1244 3135; x_wconf 76' lang='grc' dir='ltr'>διὰ</span> <span class='ocrx_word' id='word_1_250' title='bbox 1267 3077 1424 3131; x_wconf 89' lang='grc' dir='ltr'>τοῦτο</span> <span class='ocrx_word' id='word_1_251' title='bbox 1452 3072 1636 3146; x_wconf 75' lang='grc' dir='ltr'>ἑχρισέ</span> <span class='ocrx_word' id='word_1_252' title='bbox 1660 3088 1721 3125; x_wconf 88' lang='grc' dir='ltr'><strong>σε</strong></span> 
     </span>
    </p>
   </div>
   <div class='ocr_carea' id='block_1_33' title="bbox 165 3169 1720 3253">
    <p class='ocr_par' dir='ltr' id='par_1_33' title="bbox 165 3169 1720 3253">
     <span class='ocr_line' id='line_1_34' title="bbox 165 3169 1720 3253; baseline -0.016 -12"><span class='ocrx_word' id='word_1_253' title='bbox 165 3189 317 3253; x_wconf 76' lang='grc' dir='ltr'>ὀΘεὺς</span> <span class='ocrx_word' id='word_1_254' title='bbox 343 3192 374 3243; x_wconf 88' lang='grc' dir='ltr'>ὁ</span> <span class='ocrx_word' id='word_1_255' title='bbox 393 3186 531 3250; x_wconf 84' lang='grc' dir='ltr'>Θεός</span> <span class='ocrx_word' id='word_1_256' title='bbox 562 3202 656 3238; x_wconf 88' lang='grc' dir='ltr'><strong>σου</strong></span> <span class='ocrx_word' id='word_1_257' title='bbox 687 3182 863 3236; x_wconf 69' lang='grc' dir='ltr'>ἔλαιον</span> <span class='ocrx_word' id='word_1_258' title='bbox 884 3176 1257 3248; x_wconf 79' lang='grc' dir='ltr'>ἀγαλλιάσεως</span> <span class='ocrx_word' id='word_1_259' title='bbox 1284 3169 1435 3243; x_wconf 86' lang='grc' dir='ltr'>παρὰ</span> <span class='ocrx_word' id='word_1_260' title='bbox 1467 3170 1593 3229; x_wconf 83' lang='grc' dir='ltr'>τοὺς</span> <span class='ocrx_word' id='word_1_261' title='bbox 1622 3182 1720 3237; x_wconf 86' lang='grc' dir='ltr'>με-</span> 
     </span>
    </p>
   </div>
   <div class='ocr_carea' id='block_1_34' title="bbox 165 3258 1725 3351">
    <p class='ocr_par' dir='ltr' id='par_1_34' title="bbox 165 3258 1725 3351">
     <span class='ocr_line' id='line_1_35' title="bbox 165 3258 1725 3351; baseline -0.015 -18"><span class='ocrx_word' id='word_1_262' title='bbox 165 3281 322 3351; x_wconf 76' lang='grc' dir='ltr'>τόχους</span> <span class='ocrx_word' id='word_1_263' title='bbox 375 3296 494 3334; x_wconf 90' lang='grc' dir='ltr'>σου.</span> <span class='ocrx_word' id='word_1_264' title='bbox 533 3296 552 3327; x_wconf 72' lang='grc' dir='ltr'><strong>ι</strong></span> <span class='ocrx_word' id='word_1_265' title='bbox 598 3274 795 3344; x_wconf 82' lang='grc' dir='ltr'>Σαφῶς</span> <span class='ocrx_word' id='word_1_266' title='bbox 838 3271 946 3344; x_wconf 83' lang='grc' dir='ltr'>γὰρ</span> <span class='ocrx_word' id='word_1_267' title='bbox 991 3273 1049 3324; x_wconf 94' lang='grc' dir='ltr'><strong>ἐν</strong></span> <span class='ocrx_word' id='word_1_268' title='bbox 1094 3266 1323 3328; x_wconf 88' lang='grc' dir='ltr'>τούτοις,</span> <span class='ocrx_word' id='word_1_269' title='bbox 1375 3262 1450 3326; x_wconf 85' lang='grc' dir='ltr'>ὡς</span> <span class='ocrx_word' id='word_1_270' title='bbox 1484 3259 1587 3333; x_wconf 73' lang='grc' dir='ltr'>ἥδη</span> <span class='ocrx_word' id='word_1_271' title='bbox 1629 3258 1725 3311; x_wconf 73' lang='grc' dir='ltr'><strong>καὶ</strong></span> 
     </span>
    </p>
   </div>
   <div class='ocr_carea' id='block_1_35' title="bbox 168 3350 1720 3446">
    <p class='ocr_par' dir='ltr' id='par_1_35' title="bbox 168 3350 1720 3446">
     <span class='ocr_line' id='line_1_36' title="bbox 168 3350 1720 3446; baseline -0.015 -21"><span class='ocrx_word' id='word_1_272' title='bbox 168 3376 405 3446; x_wconf 77' lang='grc' dir='ltr'>πρότερον</span> <span class='ocrx_word' id='word_1_273' title='bbox 435 3368 989 3442; x_wconf 77' lang='grc' dir='ltr'>προπαρεστήσαμεν,</span> <span class='ocrx_word' id='word_1_274' title='bbox 1023 3355 1105 3425; x_wconf 73' lang='grc' dir='ltr'><strong>εἷς</strong></span> <span class='ocrx_word' id='word_1_275' title='bbox 1145 3359 1221 3412; x_wconf 86' lang='grc' dir='ltr'>ὣν</span> <span class='ocrx_word' id='word_1_276' title='bbox 1256 3357 1351 3411; x_wconf 73' lang='grc' dir='ltr'><strong>καὶ</strong></span> <span class='ocrx_word' id='word_1_277' title='bbox 1374 3352 1535 3416; x_wconf 81' lang='grc' dir='ltr'>αὐτὸς</span> <span class='ocrx_word' id='word_1_278' title='bbox 1568 3353 1598 3404; x_wconf 88' lang='grc' dir='ltr'><strong>ό</strong></span> <span class='ocrx_word' id='word_1_279' title='bbox 1625 3350 1720 3421; x_wconf 90' lang='grc' dir='ltr'>δη-</span> 
     </span>
    </p>
   </div>
   <div class='ocr_carea' id='block_1_36' title="bbox 165 3443 1721 3538">
    <p class='ocr_par' dir='ltr' id='par_1_36' title="bbox 165 3443 1721 3538">
     <span class='ocr_line' id='line_1_37' title="bbox 165 3443 1721 3538; baseline -0.015 -19"><span class='ocrx_word' id='word_1_280' title='bbox 165 3443 400 3538; x_wconf 70' lang='grc' dir='ltr'>λούμενος</span> <span class='ocrx_word' id='word_1_281' title='bbox 437 3465 570 3528; x_wconf 82' lang='grc' dir='ltr'>Θεὸς</span> <span class='ocrx_word' id='word_1_282' title='bbox 597 3458 734 3516; x_wconf 74' lang='grc' dir='ltr'>εἶναι</span> <span class='ocrx_word' id='word_1_283' title='bbox 755 3459 993 3528; x_wconf 86' lang='grc' dir='ltr'>λέγεται,</span> <span class='ocrx_word' id='word_1_284' title='bbox 1039 3449 1349 3526; x_wconf 75' lang='grc' dir='ltr'>ἠγαπηκὼς</span> <span class='ocrx_word' id='word_1_285' title='bbox 1374 3443 1721 3513; x_wconf 83' lang='grc' dir='ltr'>δικαιοσύνην</span> 
     </span>
    </p>
   </div>
   <div class='ocr_carea' id='block_1_37' title="bbox 166 3535 1721 3631">
    <p class='ocr_par' dir='ltr' id='par_1_37' title="bbox 166 3535 1721 3631">
     <span class='ocr_line' id='line_1_38' title="bbox 166 3535 1721 3631; baseline -0.017 -17"><span class='ocrx_word' id='word_1_286' title='bbox 166 3535 586 3631; x_wconf 30' lang='grc' dir='ltr'>καὶ-μεμισηκὼς</span> <span class='ocrx_word' id='word_1_287' title='bbox 619 3553 851 3608; x_wconf 87' lang='grc' dir='ltr'>ἀδικίαν.</span> <span class='ocrx_word' id='word_1_288' title='bbox 895 3549 1009 3605; x_wconf 76' lang='grc' dir='ltr'><strong>Καὶ</strong></span> <span class='ocrx_word' id='word_1_289' title='bbox 1052 3546 1243 3600; x_wconf 85' lang='grc' dir='ltr'>τούτου</span> <span class='ocrx_word' id='word_1_290' title='bbox 1284 3542 1444 3613; x_wconf 80' lang='grc' dir='ltr'>χάριν</span> <span class='ocrx_word' id='word_1_291' title='bbox 1485 3537 1575 3607; x_wconf 80' lang='grc' dir='ltr'><strong>ὑφ’</strong></span> <span class='ocrx_word' id='word_1_292' title='bbox 1603 3535 1721 3631; x_wconf 74' lang='grc' dir='ltr'>ἐτέ-</span> 
     </span>
    </p>
   </div>
   <div class='ocr_carea' id='block_1_38' title="bbox 170 3626 1723 3723">
    <p class='ocr_par' dir='ltr' id='par_1_38' title="bbox 170 3626 1723 3723">
     <span class='ocr_line' id='line_1_39' title="bbox 170 3626 1723 3723; baseline -0.019 -18"><span class='ocrx_word' id='word_1_293' title='bbox 170 3669 244 3721; x_wconf 86' lang='grc' dir='ltr'><strong>ρου</strong></span> <span class='ocrx_word' id='word_1_294' title='bbox 269 3626 521 3723; x_wconf 67' lang='grc' dir='ltr'><strong>⁷μείζονος</strong></span> <span class='ocrx_word' id='word_1_295' title='bbox 553 3644 689 3700; x_wconf 86' lang='grc' dir='ltr'>Θεοῦ</span> <span class='ocrx_word' id='word_1_296' title='bbox 735 3643 831 3698; x_wconf 76' lang='grc' dir='ltr'><strong>καὶ</strong></span> <span class='ocrx_word' id='word_1_297' title='bbox 876 3638 1082 3711; x_wconf 86' lang='grc' dir='ltr'>πατρὸς</span> <span class='ocrx_word' id='word_1_298' title='bbox 1115 3633 1302 3697; x_wconf 81' lang='grc' dir='ltr'>αὐτοῦ,</span> <span class='ocrx_word' id='word_1_299' title='bbox 1365 3626 1723 3700; x_wconf 82' lang='grc' dir='ltr'>κεχρισμένος</span> 
     </span>
    </p>
   </div>
   <div class='ocr_carea' id='block_1_39' title="bbox 170 3720 1718 3814">
    <p class='ocr_par' dir='ltr' id='par_1_39' title="bbox 170 3720 1718 3814">
     <span class='ocr_line' id='line_1_40' title="bbox 170 3720 1718 3814; baseline -0.017 -20"><span class='ocrx_word' id='word_1_300' title='bbox 342 3740 613 3814; x_wconf 86' lang='grc' dir='ltr'>κρείττονι</span> <span class='ocrx_word' id='word_1_301' title='bbox 648 3739 741 3791; x_wconf 76' lang='grc' dir='ltr'>καὶ</span> <span class='ocrx_word' id='word_1_302' title='bbox 768 3729 1134 3806; x_wconf 83' lang='grc' dir='ltr'>διαφέροντιῆ</span> <span class='ocrx_word' id='word_1_303' title='bbox 1162 3726 1305 3781; x_wconf 90' lang='grc' dir='ltr'><strong>κατά</strong></span> <span class='ocrx_word' id='word_1_304' title='bbox 1324 3723 1450 3785; x_wconf 86' lang='grc' dir='ltr'>τοὺς</span> <span class='ocrx_word' id='word_1_305' title='bbox 1494 3720 1718 3781; x_wconf 86' lang='grc' dir='ltr'>τύπους,</span> 
     </span>
    </p>
   </div>
   <div class='ocr_carea' id='block_1_40' title="bbox 170 3808 1725 3905">
    <p class='ocr_par' dir='ltr' id='par_1_40' title="bbox 170 3808 1725 3905">
     <span class='ocr_line' id='line_1_41' title="bbox 170 3808 1725 3905; baseline -0.021 -13"><span class='ocrx_word' id='word_1_306' title='bbox 170 3835 231 3905; x_wconf 74' lang='grc' dir='ltr'><strong>τῷ</strong></span> <span class='ocrx_word' id='word_1_307' title='bbox 256 3808 571 3904; x_wconf 72' lang='grc' dir='ltr'>καλουμένῳ</span> <span class='ocrx_word' id='word_1_308' title='bbox 612 3829 714 3900; x_wconf 82' lang='grc' dir='ltr'>τῆς</span> <span class='ocrx_word' id='word_1_309' title='bbox 758 3824 1148 3895; x_wconf 81' lang='grc' dir='ltr'>ἀγαλλιάσεως.</span> <span class='ocrx_word' id='word_1_310' title='bbox 1190 3820 1249 3871; x_wconf 86' lang='lat'><strong>&#39;0</strong></span> <span class='ocrx_word' id='word_1_311' title='bbox 1288 3815 1345 3869; x_wconf 82' lang='grc' dir='ltr'>δὲ</span> <span class='ocrx_word' id='word_1_312' title='bbox 1391 3811 1469 3905; x_wconf 75' lang='grc' dir='ltr'>τῷ</span> <span class='ocrx_word' id='word_1_313' title='bbox 1499 3808 1725 3905; x_wconf 69' lang='grc' dir='ltr'>τοιούτω</span> 
     </span>
    </p>
   </div>
   <div class='ocr_carea' id='block_1_41' title="bbox 171 3897 1726 3997">
    <p class='ocr_par' dir='ltr' id='par_1_41' title="bbox 171 3897 1726 3997">
     <span class='ocr_line' id='line_1_42' title="bbox 171 3897 1726 3997; baseline -0.021 -16"><span class='ocrx_word' id='word_1_314' title='bbox 171 3897 385 3997; x_wconf 72' lang='grc' dir='ltr'>χρισθεὶς</span> <span class='ocrx_word' id='word_1_315' title='bbox 420 3897 608 3992; x_wconf 55' lang='grc' dir='ltr'>ἐλαίη),</span> <span class='ocrx_word' id='word_1_316' title='bbox 640 3897 701 3973; x_wconf 75' lang='grc' dir='ltr'><strong>ού</strong></span> <span class='ocrx_word' id='word_1_317' title='bbox 736 3917 872 3990; x_wconf 78' lang='grc' dir='ltr'>πρὸς</span> <span class='ocrx_word' id='word_1_318' title='bbox 904 3911 1225 3985; x_wconf 80' lang='grc' dir='ltr'>ἀνθρώπων,</span> <span class='ocrx_word' id='word_1_319' title='bbox 1260 3905 1381 3961; x_wconf 78' lang='grc' dir='ltr'>οὐδὲ</span> <span class='ocrx_word' id='word_1_320' title='bbox 1413 3904 1490 3997; x_wconf 36' lang='grc' dir='ltr'>διξ</span> <span class='ocrx_word' id='word_1_321' title='bbox 1518 3897 1726 3997; x_wconf 50' lang='grc' dir='ltr'>ἀνθρώῖ</span> 
     </span>
    </p>
   </div>
   <div class='ocr_carea' id='block_1_42' title="bbox 171 3990 1722 4081">
    <p class='ocr_par' dir='ltr' id='par_1_42' title="bbox 171 3990 1722 4081">
     <span class='ocr_line' id='line_1_43' title="bbox 171 3990 1722 4081; baseline -0.02 -8"><span class='ocrx_word' id='word_1_322' title='bbox 171 4032 286 4081; x_wconf 81' lang='grc' dir='ltr'>πων,</span> <span class='ocrx_word' id='word_1_323' title='bbox 312 4017 424 4071; x_wconf 84' lang='grc' dir='ltr'>ἀλλ’</span> <span class='ocrx_word' id='word_1_324' title='bbox 458 4014 551 4068; x_wconf 82' lang='grc' dir='ltr'>ὑπ’</span> <span class='ocrx_word' id='word_1_325' title='bbox 572 4011 735 4067; x_wconf 81' lang='grc' dir='ltr'>αὑτοῦ</span> <span class='ocrx_word' id='word_1_326' title='bbox 768 4008 862 4063; x_wconf 89' lang='grc' dir='ltr'><strong>τοῦ</strong></span> <span class='ocrx_word' id='word_1_327' title='bbox 896 4005 1174 4062; x_wconf 85' lang='grc' dir='ltr'>ἀνωτάτου</span> <span class='ocrx_word' id='word_1_328' title='bbox 1203 3999 1359 4061; x_wconf 88' lang='grc' dir='ltr'>Θεοῦ,</span> <span class='ocrx_word' id='word_1_329' title='bbox 1394 3997 1447 4049; x_wconf 90' lang='grc' dir='ltr'><strong>τί</strong></span> <span class='ocrx_word' id='word_1_330' title='bbox 1479 3990 1722 4064; x_wconf 71' lang='grc' dir='ltr'>ἕτερονῆ</span> 
     </span>
    </p>
   </div>
   <div class='ocr_carea' id='block_1_43' title="bbox 170 4082 1723 4181">
    <p class='ocr_par' dir='ltr' id='par_1_43' title="bbox 170 4082 1723 4181">
     <span class='ocr_line' id='line_1_44' title="bbox 170 4082 1723 4181; baseline -0.019 -16"><span class='ocrx_word' id='word_1_331' title='bbox 170 4109 377 4181; x_wconf 78' lang='grc' dir='ltr'>Χριστὸς</span> <span class='ocrx_word' id='word_1_332' title='bbox 406 4107 631 4170; x_wconf 83' lang='grc' dir='ltr'>εἰκότως</span> <span class='ocrx_word' id='word_1_333' title='bbox 662 4100 1023 4173; x_wconf 88' lang='grc' dir='ltr'>όνομασθείη;</span> <span class='ocrx_word' id='word_1_334' title='bbox 1056 4093 1250 4150; x_wconf 80' lang='grc' dir='ltr'>οὐκοῦν</span> <span class='ocrx_word' id='word_1_335' title='bbox 1299 4092 1353 4144; x_wconf 76' lang='grc' dir='ltr'><strong>ὁ·</strong></span> <span class='ocrx_word' id='word_1_336' title='bbox 1383 4087 1545 4151; x_wconf 78' lang='grc' dir='ltr'>αὐτὸς</span> <span class='ocrx_word' id='word_1_337' title='bbox 1589 4082 1723 4156; x_wconf 82' lang='grc' dir='ltr'>ὁμοῦ</span> 
     </span>
    </p>
   </div>
   <div class='ocr_carea' id='block_1_44' title="bbox 172 4177 1722 4266">
    <p class='ocr_par' dir='ltr' id='par_1_44' title="bbox 172 4177 1722 4266">
     <span class='ocr_line' id='line_1_45' title="bbox 172 4177 1722 4266; baseline -0.019 -9"><span class='ocrx_word' id='word_1_338' title='bbox 172 4177 249 4257; x_wconf 71' lang='grc' dir='ltr'>καὶ</span> <span class='ocrx_word' id='word_1_339' title='bbox 293 4202 425 4266; x_wconf 73' lang='grc' dir='ltr'>Θεὸς</span> <span class='ocrx_word' id='word_1_340' title='bbox 467 4198 741 4253; x_wconf 87' lang='grc' dir='ltr'>δείκνυται</span> <span class='ocrx_word' id='word_1_341' title='bbox 785 4189 1192 4264; x_wconf 79' lang='grc' dir='ltr'>ὠνομασμένος,</span> <span class='ocrx_word' id='word_1_342' title='bbox 1236 4183 1426 4252; x_wconf 82' lang='grc' dir='ltr'>ὥσπερ</span> <span class='ocrx_word' id='word_1_343' title='bbox 1478 4179 1572 4232; x_wconf 76' lang='grc' dir='ltr'>καὶ</span> <span class='ocrx_word' id='word_1_344' title='bbox 1622 4177 1722 4247; x_wconf 78' lang='grc' dir='ltr'>ἥδη</span> 
     </span>
    </p>
   </div>
   <div class='ocr_carea' id='block_1_45' title="bbox 174 4269 1726 4367">
    <p class='ocr_par' dir='ltr' id='par_1_45' title="bbox 174 4269 1726 4367">
     <span class='ocr_line' id='line_1_46' title="bbox 174 4269 1726 4367; baseline -0.018 -17"><span class='ocrx_word' id='word_1_345' title='bbox 174 4296 412 4367; x_wconf 81' lang='grc' dir='ltr'>πρότερον</span> <span class='ocrx_word' id='word_1_346' title='bbox 453 4290 597 4347; x_wconf 84' lang='grc' dir='ltr'>κατὰ</span> <span class='ocrx_word' id='word_1_347' title='bbox 646 4289 776 4352; x_wconf 83' lang='grc' dir='ltr'>τοὺς</span> <span class='ocrx_word' id='word_1_348' title='bbox 811 4285 1045 4347; x_wconf 84' lang='grc' dir='ltr'>οἰκείους</span> <span class='ocrx_word' id='word_1_349' title='bbox 1074 4280 1271 4342; x_wconf 85' lang='grc' dir='ltr'>τόπους</span> <span class='ocrx_word' id='word_1_350' title='bbox 1304 4274 1571 4346; x_wconf 81' lang='grc' dir='ltr'>παρέστη.</span> <span class='ocrx_word' id='word_1_351' title='bbox 1615 4269 1726 4367; x_wconf 72' lang='grc' dir='ltr'><strong>καὶ</strong></span> 
     </span>
    </p>
   </div>
   <div class='ocr_carea' id='block_1_46' title="bbox 172 4361 1724 4441">
    <p class='ocr_par' dir='ltr' id='par_1_46' title="bbox 172 4361 1724 4441">
     <span class='ocr_line' id='line_1_47' title="bbox 172 4361 1724 4441; baseline -0.019 1"><span class='ocrx_word' id='word_1_352' title='bbox 172 4361 251 4440; x_wconf 79' lang='grc' dir='ltr'><strong>τοῦ</strong></span> <span class='ocrx_word' id='word_1_353' title='bbox 290 4361 509 4441; x_wconf 67' lang='grc' dir='ltr'>Ἡσαΐου</span> <span class='ocrx_word' id='word_1_354' title='bbox 561 4382 619 4437; x_wconf 87' lang='grc' dir='ltr'>δὲ</span> <span class='ocrx_word' id='word_1_355' title='bbox 660 4381 755 4435; x_wconf 72' lang='grc' dir='ltr'><strong>καὶ</strong></span> <span class='ocrx_word' id='word_1_356' title='bbox 800 4376 975 4433; x_wconf 88' lang='grc' dir='ltr'>ταῦτα</span> <span class='ocrx_word' id='word_1_357' title='bbox 1021 4373 1184 4428; x_wconf 82' lang='grc' dir='ltr'>πάλιν</span> <span class='ocrx_word' id='word_1_358' title='bbox 1216 4363 1612 4439; x_wconf 84' lang='grc' dir='ltr'>ὑπομνηστέον,</span> <span class='ocrx_word' id='word_1_359' title='bbox 1667 4361 1724 4426; x_wconf 85' lang='grc' dir='ltr'>ὃς</span> 
     </span>
    </p>
   </div>
   <div class='ocr_carea' id='block_1_47' title="bbox 173 4452 1726 4550">
    <p class='ocr_par' dir='ltr' id='par_1_47' title="bbox 173 4452 1726 4550">
     <span class='ocr_line' id='line_1_48' title="bbox 173 4452 1726 4550; baseline -0.017 -19"><span class='ocrx_word' id='word_1_360' title='bbox 173 4478 353 4550; x_wconf 74' lang='grc' dir='ltr'>ἔφησε·</span> <span class='ocrx_word' id='word_1_361' title='bbox 393 4498 412 4530; x_wconf 81' lang='grc' dir='ltr'><strong>ι</strong></span> <span class='ocrx_word' id='word_1_362' title='bbox 455 4474 684 4545; x_wconf 82' lang='grc' dir='ltr'>Πνεῦμα</span> <span class='ocrx_word' id='word_1_363' title='bbox 707 4470 916 4542; x_wconf 84' lang='grc' dir='ltr'>Κυρίου</span> <span class='ocrx_word' id='word_1_364' title='bbox 937 4468 1024 4520; x_wconf 88' lang='grc' dir='ltr'>ἐπ’</span> <span class='ocrx_word' id='word_1_365' title='bbox 1051 4464 1172 4536; x_wconf 76' lang='grc' dir='ltr'>ἐμὲ,</span> <span class='ocrx_word' id='word_1_366' title='bbox 1206 4456 1268 4517; x_wconf 80' lang='grc' dir='ltr'><strong>οῦ</strong></span> <span class='ocrx_word' id='word_1_367' title='bbox 1300 4461 1504 4514; x_wconf 76' lang='grc' dir='ltr'>εἵνεκεν</span> <span class='ocrx_word' id='word_1_368' title='bbox 1543 4452 1726 4525; x_wconf 75' lang='grc' dir='ltr'>ἑχρισέ</span> 
     </span>
    </p>
   </div>
   <div class='ocr_carea' id='block_1_48' title="bbox 176 4546 1800 4646">
    <p class='ocr_par' dir='ltr' id='par_1_48' title="bbox 176 4546 1800 4646">
     <span class='ocr_line' id='line_1_49' title="bbox 176 4546 1800 4646; baseline -0.02 -19"><span class='ocrx_word' id='word_1_369' title='bbox 176 4546 263 4642; x_wconf 52' lang='lat' dir='ltr'><strong>pe;</strong></span> <span class='ocrx_word' id='word_1_370' title='bbox 309 4564 758 4639; x_wconf 77' lang='grc' dir='ltr'>εὐαγγελίσασθαι</span> <span class='ocrx_word' id='word_1_371' title='bbox 808 4561 1042 4630; x_wconf 83' lang='grc' dir='ltr'>πτωχοῖς</span> <span class='ocrx_word' id='word_1_372' title='bbox 1092 4551 1404 4646; x_wconf 71' lang='grc' dir='ltr'>ἀπέσταλκε</span> <span class='ocrx_word' id='word_1_373' title='bbox 1448 4566 1535 4621; x_wconf 88' lang='grc' dir='ltr'><strong>με,</strong></span> <span class='ocrx_word' id='word_1_374' title='bbox 1572 4546 1728 4646; x_wconf 64' lang='grc' dir='ltr'>ίάσα-</span> <span class='ocrx_word' id='word_1_375' title='bbox 1758 4592 1800 4646; x_wconf 80' lang='lat' dir='ltr'><strong>D</strong></span> 
     </span>
    </p>
   </div>
   <div class='ocr_carea' id='block_1_49' title="bbox 173 4638 1724 4729">
    <p class='ocr_par' dir='ltr' id='par_1_49' title="bbox 173 4638 1724 4729">
     <span class='ocr_line' id='line_1_50' title="bbox 173 4638 1724 4729; baseline -0.017 -13"><span class='ocrx_word' id='word_1_376' title='bbox 173 4638 279 4715; x_wconf 72' lang='grc' dir='ltr'>σθαι</span> <span class='ocrx_word' id='word_1_377' title='bbox 307 4638 449 4727; x_wconf 74' lang='grc' dir='ltr'>,τοὺς</span> <span class='ocrx_word' id='word_1_378' title='bbox 501 4653 991 4729; x_wconf 82' lang='grc' dir='ltr'>συντετριμμένους</span> <span class='ocrx_word' id='word_1_379' title='bbox 1041 4647 1141 4720; x_wconf 82' lang='grc' dir='ltr'><strong>τὴν</strong></span> <span class='ocrx_word' id='word_1_380' title='bbox 1191 4644 1447 4718; x_wconf 86' lang='grc' dir='ltr'>καρδίαν·</span> <span class='ocrx_word' id='word_1_381' title='bbox 1490 4638 1724 4711; x_wconf 80' lang='grc' dir='ltr'>κηρύξαι</span> 
     </span>
    </p>
   </div>
   <div class='ocr_carea' id='block_1_50' title="bbox 175 4730 1726 4825">
    <p class='ocr_par' dir='ltr' id='par_1_50' title="bbox 175 4730 1726 4825">
     <span class='ocr_line' id='line_1_51' title="bbox 175 4730 1726 4825; baseline -0.017 -17"><span class='ocrx_word' id='word_1_382' title='bbox 175 4753 515 4825; x_wconf 72' lang='grc' dir='ltr'>αἰχμαλώτοις</span> <span class='ocrx_word' id='word_1_383' title='bbox 572 4750 789 4820; x_wconf 70' lang='grc' dir='ltr'>ἄφεσιν,</span> <span class='ocrx_word' id='word_1_384' title='bbox 846 4747 942 4800; x_wconf 70' lang='grc' dir='ltr'><strong>καὶ</strong></span> <span class='ocrx_word' id='word_1_385' title='bbox 970 4742 1193 4813; x_wconf 79' lang='grc' dir='ltr'>τυφλοῖς</span> <span class='ocrx_word' id='word_1_386' title='bbox 1225 4733 1533 4825; x_wconf 69' lang='grc' dir='ltr'>ἀνάϐλεψιν.</span> <span class='ocrx_word' id='word_1_387' title='bbox 1567 4750 1585 4783; x_wconf 75' lang='grc' dir='ltr'><strong>ι</strong></span> 
     </span>
    </p>
   </div>
   <div class='ocr_carea' id='block_1_51' title="bbox 175 4820 1727 4918">
    <p class='ocr_par' dir='ltr' id='par_1_51' title="bbox 175 4820 1727 4918">
     <span class='ocr_line' id='line_1_52' title="bbox 175 4820 1727 4918; baseline -0.015 -19"><span class='ocrx_word' id='word_1_388' title='bbox 175 4820 432 4918; x_wconf 70' lang='grc' dir='ltr'>δείκνυμεν</span> <span class='ocrx_word' id='word_1_389' title='bbox 489 4844 586 4900; x_wconf 86' lang='grc' dir='ltr'><strong>καί</strong></span> <span class='ocrx_word' id='word_1_390' title='bbox 644 4844 702 4895; x_wconf 83' lang='grc' dir='ltr'><strong>ἐν</strong></span> <span class='ocrx_word' id='word_1_391' title='bbox 759 4838 990 4902; x_wconf 88' lang='grc' dir='ltr'>τούτοις,</span> <span class='ocrx_word' id='word_1_392' title='bbox 1054 4834 1130 4899; x_wconf 87' lang='grc' dir='ltr'>ὼς</span> <span class='ocrx_word' id='word_1_393' title='bbox 1178 4833 1226 4887; x_wconf 86' lang='grc' dir='ltr'><strong>οί</strong></span> <span class='ocrx_word' id='word_1_394' title='bbox 1280 4829 1376 4900; x_wconf 85' lang='grc' dir='ltr'><strong>μὲν</strong></span> <span class='ocrx_word' id='word_1_395' title='bbox 1418 4824 1479 4890; x_wconf 83' lang='grc' dir='ltr'><strong>ἐξ</strong></span> <span class='ocrx_word' id='word_1_396' title='bbox 1521 4820 1727 4918; x_wconf 81' lang='grc' dir='ltr'>ἀνθρὼ-</span> 
     </span>
    </p>
   </div>
   <div class='ocr_carea' id='block_1_52' title="bbox 175 4915 1730 5008">
    <p class='ocr_par' dir='ltr' id='par_1_52' title="bbox 175 4915 1730 5008">
     <span class='ocr_line' id='line_1_53' title="bbox 175 4915 1730 5008; baseline -0.021 -12"><span class='ocrx_word' id='word_1_397' title='bbox 175 4957 276 4994; x_wconf 74' lang='grc' dir='ltr'><strong>πων</strong></span> <span class='ocrx_word' id='word_1_398' title='bbox 332 4915 496 4994; x_wconf 79' lang='grc' dir='ltr'>πάλαι</span> <span class='ocrx_word' id='word_1_399' title='bbox 554 4936 819 5008; x_wconf 85' lang='grc' dir='ltr'>πρότερον</span> <span class='ocrx_word' id='word_1_400' title='bbox 875 4931 970 4985; x_wconf 71' lang='grc' dir='ltr'><strong>ἐπὶ</strong></span> <span class='ocrx_word' id='word_1_401' title='bbox 1025 4928 1125 4999; x_wconf 84' lang='grc' dir='ltr'>τὴν</span> <span class='ocrx_word' id='word_1_402' title='bbox 1194 4922 1290 4977; x_wconf 87' lang='grc' dir='ltr'><strong>τοῦ</strong></span> <span class='ocrx_word' id='word_1_403' title='bbox 1349 4919 1507 4974; x_wconf 89' lang='grc' dir='ltr'>Θείου</span> <span class='ocrx_word' id='word_1_404' title='bbox 1569 4915 1730 5008; x_wconf 61' lang='grc' dir='ltr'>θερα-</span> 
     </span>
    </p>
   </div>
   <div class='ocr_carea' id='block_1_53' title="bbox 176 5001 1725 5101">
    <p class='ocr_par' dir='ltr' id='par_1_53' title="bbox 176 5001 1725 5101">
     <span class='ocr_line' id='line_1_54' title="bbox 176 5001 1725 5101; baseline -0.006 -18"><span class='ocrx_word' id='word_1_405' title='bbox 176 5028 311 5082; x_wconf 84' lang='grc' dir='ltr'>πείαν</span> <span class='ocrx_word' id='word_1_406' title='bbox 332 5001 644 5101; x_wconf 75' lang='grc' dir='ltr'>προσιόντες</span> <span class='ocrx_word' id='word_1_407' title='bbox 690 5001 877 5095; x_wconf 80' lang='grc' dir='ltr'>ἱερεῖς,</span> <span class='ocrx_word' id='word_1_408' title='bbox 932 5016 1095 5088; x_wconf 83' lang='grc' dir='ltr'>ἐλαίῳ</span> <span class='ocrx_word' id='word_1_409' title='bbox 1129 5011 1374 5085; x_wconf 81' lang='grc' dir='ltr'>ἐχρίοντο</span> <span class='ocrx_word' id='word_1_410' title='bbox 1412 5001 1725 5101; x_wconf 73' lang='grc' dir='ltr'>σκευαστῷ⁶</span> 
     </span>
    </p>
   </div>
   <div class='ocr_carea' id='block_1_54' title="bbox 175 5096 1733 5189">
    <p class='ocr_par' dir='ltr' id='par_1_54' title="bbox 175 5096 1733 5189">
     <span class='ocr_line' id='line_1_55' title="bbox 175 5096 1733 5189; baseline -0.018 -13"><span class='ocrx_word' id='word_1_411' title='bbox 175 5120 263 5175; x_wconf 77' lang='grc' dir='ltr'>ὁδέ</span> <span class='ocrx_word' id='word_1_412' title='bbox 290 5096 388 5175; x_wconf 36' lang='grc' dir='ltr'>διὰ-</span> <span class='ocrx_word' id='word_1_413' title='bbox 399 5119 501 5189; x_wconf 81' lang='grc' dir='ltr'>τῆς</span> <span class='ocrx_word' id='word_1_414' title='bbox 530 5112 868 5189; x_wconf 83' lang='grc' dir='ltr'>προφητείας</span> <span class='ocrx_word' id='word_1_415' title='bbox 895 5108 1222 5180; x_wconf 87' lang='grc' dir='ltr'>δηλούμενος</span> <span class='ocrx_word' id='word_1_416' title='bbox 1253 5105 1320 5174; x_wconf 82' lang='grc' dir='ltr'>τῇ</span> <span class='ocrx_word' id='word_1_417' title='bbox 1358 5099 1528 5170; x_wconf 83' lang='grc' dir='ltr'>ἐνθέῳ</span> <span class='ocrx_word' id='word_1_418' title='bbox 1571 5096 1733 5151; x_wconf 76' lang='grc' dir='ltr'>δυνάο</span> 
     </span>
    </p>
   </div>
   <div class='ocr_carea' id='block_1_55' title="bbox 180 5190 1733 5284">
    <p class='ocr_par' dir='ltr' id='par_1_55' title="bbox 180 5190 1733 5284">
     <span class='ocr_line' id='line_1_56' title="bbox 180 5190 1733 5284; baseline -0.016 -18"><span class='ocrx_word' id='word_1_419' title='bbox 180 5228 257 5283; x_wconf 86' lang='grc' dir='ltr'><strong>μει</strong></span> <span class='ocrx_word' id='word_1_420' title='bbox 281 5210 560 5284; x_wconf 86' lang='grc' dir='ltr'>κεχρίσθαι</span> <span class='ocrx_word' id='word_1_421' title='bbox 598 5208 839 5276; x_wconf 84' lang='grc' dir='ltr'>λέγεται.</span> <span class='ocrx_word' id='word_1_422' title='bbox 879 5202 1052 5256; x_wconf 90' lang='grc' dir='ltr'>Τοῦτο</span> <span class='ocrx_word' id='word_1_423' title='bbox 1075 5200 1133 5253; x_wconf 86' lang='grc' dir='ltr'><strong>δέ</strong></span> <span class='ocrx_word' id='word_1_424' title='bbox 1166 5197 1287 5251; x_wconf 85' lang='grc' dir='ltr'>ὅλον</span> <span class='ocrx_word' id='word_1_425' title='bbox 1322 5194 1422 5284; x_wconf 62' lang='grc' dir='ltr'><strong>ἐπί</strong></span> <span class='ocrx_word' id='word_1_426' title='bbox 1452 5193 1544 5245; x_wconf 88' lang='grc' dir='ltr'>τὸν</span> <span class='ocrx_word' id='word_1_427' title='bbox 1573 5190 1733 5284; x_wconf 42' lang='grc' dir='ltr'><strong>Δζημιέῖ</strong></span> 
     </span>
    </p>
   </div>
   <div class='ocr_carea' id='block_1_56' title="bbox 174 5277 1733 5372">
    <p class='ocr_par' dir='ltr' id='par_1_56' title="bbox 174 5277 1733 5372">
     <span class='ocr_line' id='line_1_57' title="bbox 174 5277 1733 5372; baseline -0.017 -15"><span class='ocrx_word' id='word_1_428' title='bbox 174 5277 311 5371; x_wconf 77' lang='grc' dir='ltr'>τερον</span> <span class='ocrx_word' id='word_1_429' title='bbox 336 5277 568 5372; x_wconf 48' lang='lat' dir='ltr'><strong>ista”</strong></span> <span class='ocrx_word' id='word_1_430' title='bbox 604 5296 899 5365; x_wconf 84' lang='grc' dir='ltr'>ἀνεφέρετο</span> <span class='ocrx_word' id='word_1_431' title='bbox 954 5287 1185 5361; x_wconf 88' lang='grc' dir='ltr'>Ἰησοῦν,</span> <span class='ocrx_word' id='word_1_432' title='bbox 1217 5286 1308 5340; x_wconf 82' lang='grc' dir='ltr'><strong>τὸν</strong></span> <span class='ocrx_word' id='word_1_433' title='bbox 1358 5282 1517 5354; x_wconf 85' lang='grc' dir='ltr'>μόνον</span> <span class='ocrx_word' id='word_1_434' title='bbox 1561 5277 1733 5348; x_wconf 82' lang='grc' dir='ltr'>ἀληθῆ</span> 
     </span>
    </p>
   </div>
   <div class='ocr_carea' id='block_1_57' title="bbox 176 5372 1737 5466">
    <p class='ocr_par' dir='ltr' id='par_1_57' title="bbox 176 5372 1737 5466">
     <span class='ocr_line' id='line_1_58' title="bbox 176 5372 1737 5466; baseline -0.017 -19"><span class='ocrx_word' id='word_1_435' title='bbox 176 5394 385 5466; x_wconf 68' lang='grc' dir='ltr'>Χριστὸν</span> <span class='ocrx_word' id='word_1_436' title='bbox 405 5393 501 5449; x_wconf 87' lang='grc' dir='ltr'><strong>τοῦ</strong></span> <span class='ocrx_word' id='word_1_437' title='bbox 548 5389 709 5453; x_wconf 89' lang='grc' dir='ltr'>Θεοῦ,</span> <span class='ocrx_word' id='word_1_438' title='bbox 753 5388 850 5450; x_wconf 80' lang='grc' dir='ltr'><strong>ὡς,</strong></span> <span class='ocrx_word' id='word_1_439' title='bbox 879 5384 974 5439; x_wconf 71' lang='grc' dir='ltr'>ἐπὶ</span> <span class='ocrx_word' id='word_1_440' title='bbox 1001 5382 1103 5453; x_wconf 83' lang='grc' dir='ltr'><strong>τῆς</strong></span> <span class='ocrx_word' id='word_1_441' title='bbox 1148 5377 1256 5432; x_wconf 82' lang='grc' dir='ltr'>τῶν</span> <span class='ocrx_word' id='word_1_442' title='bbox 1280 5372 1571 5430; x_wconf 79' lang='grc' dir='ltr'>Ἰουδαίων</span> <span class='ocrx_word' id='word_1_443' title='bbox 1591 5385 1737 5466; x_wconf 28' lang='grc' dir='ltr'>Ασυν-</span> 
     </span>
    </p>
   </div>
   <div class='ocr_carea' id='block_1_58' title="bbox 176 5459 1734 5560">
    <p class='ocr_par' dir='ltr' id='par_1_58' title="bbox 176 5459 1734 5560">
     <span class='ocr_line' id='line_1_59' title="bbox 176 5459 1734 5560; baseline -0.017 -21"><span class='ocrx_word' id='word_1_444' title='bbox 176 5459 374 5560; x_wconf 74' lang='grc' dir='ltr'>αγωγῆς</span> <span class='ocrx_word' id='word_1_445' title='bbox 414 5502 548 5541; x_wconf 87' lang='grc' dir='ltr'>ποτε</span> <span class='ocrx_word' id='word_1_446' title='bbox 597 5479 781 5536; x_wconf 76' lang='grc' dir='ltr'>λαϐὼν</span> <span class='ocrx_word' id='word_1_447' title='bbox 811 5478 912 5550; x_wconf 83' lang='grc' dir='ltr'><strong>τὴν</strong></span> <span class='ocrx_word' id='word_1_448' title='bbox 957 5471 1294 5548; x_wconf 87' lang='grc' dir='ltr'>προφητείαν</span> <span class='ocrx_word' id='word_1_449' title='bbox 1313 5508 1328 5533; x_wconf 91' lang='grc'><strong>,</strong></span> <span class='ocrx_word' id='word_1_450' title='bbox 1372 5466 1467 5521; x_wconf 72' lang='grc' dir='ltr'>καὶ</span> <span class='ocrx_word' id='word_1_451' title='bbox 1510 5459 1734 5517; x_wconf 86' lang='grc' dir='ltr'>διελθὼν</span> 
     </span>
    </p>
   </div>
   <div class='ocr_carea' id='block_1_59' title="bbox 173 5552 1732 5651">
    <p class='ocr_par' dir='ltr' id='par_1_59' title="bbox 173 5552 1732 5651">
     <span class='ocr_line' id='line_1_60' title="bbox 173 5552 1732 5651; baseline -0.018 -19"><span class='ocrx_word' id='word_1_452' title='bbox 173 5552 259 5649; x_wconf 56' lang='grc' dir='ltr'><strong>την</strong></span> <span class='ocrx_word' id='word_1_453' title='bbox 281 5552 589 5635; x_wconf 61' lang='grc' dir='ltr'>ἐκτεθεῖσαν</span> <span class='ocrx_word' id='word_1_454' title='bbox 626 5570 953 5651; x_wconf 83' lang='grc' dir='ltr'>περικοπὴν,</span> <span class='ocrx_word' id='word_1_455' title='bbox 990 5560 1382 5651; x_wconf 80' lang='grc' dir='ltr'>πεπληρῶσθαι</span> <span class='ocrx_word' id='word_1_456' title='bbox 1419 5560 1497 5651; x_wconf 65' lang='grc' dir='ltr'><strong>είς</strong></span> <span class='ocrx_word' id='word_1_457' title='bbox 1540 5552 1732 5651; x_wconf 78' lang='grc' dir='ltr'>ἑαυτὸν</span> 
     </span>
    </p>
   </div>
   <div class='ocr_carea' id='block_1_60' title="bbox 174 5645 1732 5741">
    <p class='ocr_par' dir='ltr' id='par_1_60' title="bbox 174 5645 1732 5741">
     <span class='ocr_line' id='line_1_61' title="bbox 174 5645 1732 5741; baseline -0.024 -9"><span class='ocrx_word' id='word_1_458' title='bbox 174 5645 358 5741; x_wconf 69' lang='grc' dir='ltr'>ἐδίδαξε</span> <span class='ocrx_word' id='word_1_459' title='bbox 387 5673 449 5727; x_wconf 84' lang='grc' dir='ltr'><strong>τδ</strong></span> <span class='ocrx_word' id='word_1_460' title='bbox 471 5645 828 5738; x_wconf 81' lang='grc' dir='ltr'>ἀνάγνωσμα.</span> <span class='ocrx_word' id='word_1_461' title='bbox 852 5661 1166 5731; x_wconf 86' lang='grc' dir='ltr'>Γέγραπται</span> <span class='ocrx_word' id='word_1_462' title='bbox 1189 5653 1318 5722; x_wconf 78' lang='grc' dir='ltr'>γὰρ,</span> <span class='ocrx_word' id='word_1_463' title='bbox 1343 5650 1418 5712; x_wconf 87' lang='grc' dir='ltr'>ὠς</span> <span class='ocrx_word' id='word_1_464' title='bbox 1442 5646 1568 5718; x_wconf 81' lang='grc' dir='ltr'>ἄρα,</span> <span class='ocrx_word' id='word_1_465' title='bbox 1602 5645 1732 5741; x_wconf 75' lang='grc' dir='ltr'>ἀνα-</span> 
     </span>
    </p>
   </div>
   <div class='ocr_carea' id='block_1_61' title="bbox 240 5733 1727 5820">
    <p class='ocr_par' dir='ltr' id='par_1_61' title="bbox 240 5733 1727 5820">
     <span class='ocr_line' id='line_1_62' title="bbox 240 5733 1727 5820; baseline -0.023 1"><span class='ocrx_word' id='word_1_466' title='bbox 240 5766 282 5797; x_wconf 82' lang='grc'>’⁶</span> <span class='ocrx_word' id='word_1_467' title='bbox 309 5733 466 5820; x_wconf 62' lang='lat' dir='ltr'><strong>ilers.</strong></span> <span class='ocrx_word' id='word_1_468' title='bbox 501 5763 557 5817; x_wconf 81' lang='lat' dir='ltr'><strong>l.</strong></span> <span class='ocrx_word' id='word_1_469' title='bbox 591 5733 603 5738; x_wconf 29' lang='grc' dir='ltr'><strong><em>ν</em></strong></span> <span class='ocrx_word' id='word_1_470' title='bbox 638 5760 680 5792; x_wconf 76' lang='grc' dir='ltr'><strong>τ’</strong></span> <span class='ocrx_word' id='word_1_471' title='bbox 715 5733 865 5809; x_wconf 66' lang='grc' dir='ltr'>Ρεοι.</span> <span class='ocrx_word' id='word_1_472' title='bbox 920 5766 1070 5814; x_wconf 75' lang='lat' dir='ltr'><strong>xuv,</strong></span> <span class='ocrx_word' id='word_1_473' title='bbox 1120 5746 1231 5801; x_wconf 86' lang='lat'><strong>7-8.</strong></span> <span class='ocrx_word' id='word_1_474' title='bbox 1277 5744 1323 5775; x_wconf 74' lang='grc' dir='ltr'><strong>τ’</strong></span> <span class='ocrx_word' id='word_1_475' title='bbox 1352 5741 1458 5796; x_wconf 89' lang='lat' dir='ltr'><strong>lsa.</strong></span> <span class='ocrx_word' id='word_1_476' title='bbox 1513 5752 1624 5803; x_wconf 71' lang='lat' dir='ltr'><strong>ut,</strong></span> <span class='ocrx_word' id='word_1_477' title='bbox 1674 5733 1727 5788; x_wconf 77' lang='lat' dir='ltr'><strong>l.</strong></span> 
     </span>
    </p>
   </div>
   <div class='ocr_carea' id='block_1_62' title="bbox 239 5832 1501 5928">
    <p class='ocr_par' dir='ltr' id='par_1_62' title="bbox 239 5832 1501 5928">
     <span class='ocr_line' id='line_1_63' title="bbox 239 5832 1501 5928; baseline -0.028 -12"><span class='ocrx_word' id='word_1_478' title='bbox 239 5856 308 5928; x_wconf 69' lang='lat'><strong>(1)</strong></span> <span class='ocrx_word' id='word_1_479' title='bbox 337 5853 741 5927; x_wconf 75' lang='grc' dir='ltr'><strong>Ειλημμένου.</strong></span> <span class='ocrx_word' id='word_1_480' title='bbox 778 5847 917 5918; x_wconf 77' lang='lat' dir='ltr'><strong>Lege</strong></span> <span class='ocrx_word' id='word_1_481' title='bbox 956 5839 1305 5915; x_wconf 80' lang='grc' dir='ltr'>ηλειμμένου.</span> <span class='ocrx_word' id='word_1_482' title='bbox 1345 5832 1501 5885; x_wconf 74' lang='lat' dir='ltr'><strong>Enn.</strong></span> 
     </span>
    </p>
   </div>
   <div class='ocr_carea' id='block_1_63' title="bbox 1807 569 3387 641">
    <p class='ocr_par' dir='ltr' id='par_1_63' title="bbox 1807 569 3387 641">
     <span class='ocr_line' id='line_1_64' title="bbox 1807 569 3387 641; baseline -0.006 -7"><span class='ocrx_word' id='word_1_483' title='bbox 1807 578 2237 635; x_wconf 85' lang='lat' dir='ltr'><strong>constituturum</strong></span> <span class='ocrx_word' id='word_1_484' title='bbox 2254 589 2314 630; x_wconf 88' lang='lat' dir='ltr'><strong>se</strong></span> <span class='ocrx_word' id='word_1_485' title='bbox 2339 571 2677 629; x_wconf 87' lang='lat' dir='ltr'><strong>sacerdotem</strong></span> <span class='ocrx_word' id='word_1_486' title='bbox 2703 571 3009 641; x_wconf 80' lang='lat' dir='ltr'><strong>pollicetur,</strong></span> <span class='ocrx_word' id='word_1_487' title='bbox 3034 584 3195 637; x_wconf 81' lang='lat' dir='ltr'><strong>quem</strong></span> <span class='ocrx_word' id='word_1_488' title='bbox 3220 569 3387 626; x_wconf 88' lang='lat' dir='ltr'><strong>etiam</strong></span> 
     </span>
    </p>
   </div>
   <div class='ocr_carea' id='block_1_64' title="bbox 1806 658 3389 739">
    <p class='ocr_par' dir='ltr' id='par_1_64' title="bbox 1806 658 3389 739">
     <span class='ocr_line' id='line_1_65' title="bbox 1806 658 3389 739; baseline -0.009 -13"><span class='ocrx_word' id='word_1_489' title='bbox 1806 671 1995 728; x_wconf 69' lang='lat' dir='ltr'><strong>dicit.c</strong></span> <span class='ocrx_word' id='word_1_490' title='bbox 2041 670 2420 739; x_wconf 74' lang='lat' dir='ltr'><strong>ingressurum</strong></span> <span class='ocrx_word' id='word_1_491' title='bbox 2468 663 2523 717; x_wconf 90' lang='lat' dir='ltr'><strong>in</strong></span> <span class='ocrx_word' id='word_1_492' title='bbox 2556 670 2855 731; x_wconf 66' lang='lat' dir='ltr'><strong>cormpcctu</strong></span> <span class='ocrx_word' id='word_1_493' title='bbox 2887 658 3089 716; x_wconf 90' lang='lat' dir='ltr'><strong>Christi</strong></span> <span class='ocrx_word' id='word_1_494' title='bbox 3128 661 3213 722; x_wconf 82' lang='lat' dir='ltr'><strong>sui</strong></span> <span class='ocrx_word' id='word_1_495' title='bbox 3245 679 3265 713; x_wconf 75' lang='grc' dir='ltr'><strong>ι</strong></span> <span class='ocrx_word' id='word_1_496' title='bbox 3302 660 3389 716; x_wconf 92' lang='lat' dir='ltr'><strong>vel</strong></span> 
     </span>
    </p>
   </div>
   <div class='ocr_carea' id='block_1_65' title="bbox 1814 751 3391 822">
    <p class='ocr_par' dir='ltr' id='par_1_65' title="bbox 1814 751 3391 822">
     <span class='ocr_line' id='line_1_66' title="bbox 1814 751 3391 822; baseline -0.005 -7"><span class='ocrx_word' id='word_1_497' title='bbox 1814 781 1832 815; x_wconf 82' lang='grc' dir='ltr'><strong>ι</strong></span> <span class='ocrx_word' id='word_1_498' title='bbox 1874 760 2341 816; x_wconf 83' lang='lat' dir='ltr'><strong>inambulaturum</strong></span> <span class='ocrx_word' id='word_1_499' title='bbox 2378 756 2434 809; x_wconf 93' lang='lat' dir='ltr'><strong>in</strong></span> <span class='ocrx_word' id='word_1_500' title='bbox 2479 754 2673 809; x_wconf 81' lang='lat' dir='ltr'><strong>faciem</strong></span> <span class='ocrx_word' id='word_1_501' title='bbox 2718 753 2870 809; x_wconf 90' lang='lat' dir='ltr'><strong>uncti</strong></span> <span class='ocrx_word' id='word_1_502' title='bbox 2925 751 3034 822; x_wconf 86' lang='lat' dir='ltr'><strong>sui,</strong></span> <span class='ocrx_word' id='word_1_503' title='bbox 3072 771 3091 805; x_wconf 75' lang='grc' dir='ltr'><strong>ι</strong></span> <span class='ocrx_word' id='word_1_504' title='bbox 3124 751 3391 822; x_wconf 85' lang='lat' dir='ltr'><strong>quemad-</strong></span> 
     </span>
    </p>
   </div>
   <div class='ocr_carea' id='block_1_66' title="bbox 1808 841 3389 918">
    <p class='ocr_par' dir='ltr' id='par_1_66' title="bbox 1808 841 3389 918">
     <span class='ocr_line' id='line_1_67' title="bbox 1808 841 3389 918; baseline -0.005 -12"><span class='ocrx_word' id='word_1_505' title='bbox 1808 853 2027 907; x_wconf 87' lang='lat' dir='ltr'><strong>modum</strong></span> <span class='ocrx_word' id='word_1_506' title='bbox 2049 847 2245 918; x_wconf 82' lang='lat' dir='ltr'><strong>Aquila</strong></span> <span class='ocrx_word' id='word_1_507' title='bbox 2261 847 2648 915; x_wconf 91' lang='lat' dir='ltr'><strong>interpretatus</strong></span> <span class='ocrx_word' id='word_1_508' title='bbox 2667 850 2771 906; x_wconf 89' lang='lat' dir='ltr'><strong>est,</strong></span> <span class='ocrx_word' id='word_1_509' title='bbox 2790 843 2894 906; x_wconf 90' lang='lat' dir='ltr'><strong>vel,</strong></span> <span class='ocrx_word' id='word_1_510' title='bbox 2921 850 2979 897; x_wconf 92' lang='lat' dir='ltr'><strong>ut</strong></span> <span class='ocrx_word' id='word_1_511' title='bbox 3004 841 3389 911; x_wconf 72' lang='lat' dir='ltr'><strong>Symmachus,</strong></span> 
     </span>
    </p>
   </div>
   <div class='ocr_carea' id='block_1_67' title="bbox 1814 931 3392 1002">
    <p class='ocr_par' dir='ltr' id='par_1_67' title="bbox 1814 931 3392 1002">
     <span class='ocr_line' id='line_1_68' title="bbox 1814 931 3392 1002; baseline -0.006 -8"><span class='ocrx_word' id='word_1_512' title='bbox 1814 960 1832 994; x_wconf 81' lang='grc' dir='ltr'><strong>ι</strong></span> <span class='ocrx_word' id='word_1_513' title='bbox 1873 949 2223 999; x_wconf 89' lang='lat' dir='ltr'><strong>versaturum</strong></span> <span class='ocrx_word' id='word_1_514' title='bbox 2254 944 2384 992; x_wconf 84' lang='lat' dir='ltr'><strong>ante</strong></span> <span class='ocrx_word' id='word_1_515' title='bbox 2417 936 2698 991; x_wconf 85' lang='lat' dir='ltr'><strong>Christum</strong></span> <span class='ocrx_word' id='word_1_516' title='bbox 2731 948 2914 990; x_wconf 88' lang='lat' dir='ltr'><strong>suum.</strong></span> <span class='ocrx_word' id='word_1_517' title='bbox 2946 954 2965 985; x_wconf 74' lang='grc' dir='ltr'><strong>ι</strong></span> <span class='ocrx_word' id='word_1_518' title='bbox 3000 931 3106 988; x_wconf 90' lang='lat' dir='ltr'><strong>Sed</strong></span> <span class='ocrx_word' id='word_1_519' title='bbox 3130 933 3253 1002; x_wconf 88' lang='lat' dir='ltr'><strong>quis</strong></span> <span class='ocrx_word' id='word_1_520' title='bbox 3275 939 3392 987; x_wconf 86' lang='lat' dir='ltr'><strong>tan-</strong></span> 
     </span>
    </p>
   </div>
   <div class='ocr_carea' id='block_1_68' title="bbox 1809 1020 3392 1094">
    <p class='ocr_par' dir='ltr' id='par_1_68' title="bbox 1809 1020 3392 1094">
     <span class='ocr_line' id='line_1_69' title="bbox 1809 1020 3392 1094; baseline -0.009 -5"><span class='ocrx_word' id='word_1_521' title='bbox 1809 1034 1932 1089; x_wconf 85' lang='lat' dir='ltr'><strong>dem</strong></span> <span class='ocrx_word' id='word_1_522' title='bbox 1967 1031 2056 1087; x_wconf 89' lang='lat' dir='ltr'><strong>hic</strong></span> <span class='ocrx_word' id='word_1_523' title='bbox 2081 1029 2231 1085; x_wconf 87' lang='lat' dir='ltr'><strong>erit?</strong></span> <span class='ocrx_word' id='word_1_524' title='bbox 2258 1026 2451 1083; x_wconf 82' lang='lat' dir='ltr'><strong>Omnis</strong></span> <span class='ocrx_word' id='word_1_525' title='bbox 2476 1026 2734 1081; x_wconf 80' lang='lat' dir='ltr'><strong>nimirum</strong></span> <span class='ocrx_word' id='word_1_526' title='bbox 2768 1024 3081 1094; x_wconf 89' lang='lat' dir='ltr'><strong>quicunque</strong></span> <span class='ocrx_word' id='word_1_527' title='bbox 3113 1020 3180 1076; x_wconf 92' lang='lat' dir='ltr'><strong>ad</strong></span> <span class='ocrx_word' id='word_1_528' title='bbox 3209 1037 3392 1077; x_wconf 89' lang='lat' dir='ltr'><strong>sacer-</strong></span> 
     </span>
    </p>
   </div>
   <div class='ocr_carea' id='block_1_69' title="bbox 1809 1114 3393 1187">
    <p class='ocr_par' dir='ltr' id='par_1_69' title="bbox 1809 1114 3393 1187">
     <span class='ocr_line' id='line_1_70' title="bbox 1809 1114 3393 1187; baseline -0.009 -6"><span class='ocrx_word' id='word_1_529' title='bbox 1809 1125 2018 1181; x_wconf 88' lang='lat' dir='ltr'><strong>dotium</strong></span> <span class='ocrx_word' id='word_1_530' title='bbox 2046 1121 2250 1178; x_wconf 84' lang='lat' dir='ltr'><strong>Christi</strong></span> <span class='ocrx_word' id='word_1_531' title='bbox 2282 1118 2379 1175; x_wconf 86' lang='lat' dir='ltr'><strong>Dei</strong></span> <span class='ocrx_word' id='word_1_532' title='bbox 2410 1134 2535 1174; x_wconf 88' lang='lat' dir='ltr'><strong>cum</strong></span> <span class='ocrx_word' id='word_1_533' title='bbox 2565 1117 2764 1187; x_wconf 85' lang='lat' dir='ltr'><strong>pietate</strong></span> <span class='ocrx_word' id='word_1_534' title='bbox 2793 1114 3106 1174; x_wconf 87' lang='lat' dir='ltr'><strong>accesserit.</strong></span> <span class='ocrx_word' id='word_1_535' title='bbox 3139 1114 3238 1170; x_wconf 86' lang='lat' dir='ltr'><strong>Cui</strong></span> <span class='ocrx_word' id='word_1_536' title='bbox 3273 1114 3393 1184; x_wconf 79' lang='lat' dir='ltr'><strong>qui-</strong></span> 
     </span>
    </p>
   </div>
   <div class='ocr_carea' id='block_1_70' title="bbox 1809 1207 3391 1285">
    <p class='ocr_par' dir='ltr' id='par_1_70' title="bbox 1809 1207 3391 1285">
     <span class='ocr_line' id='line_1_71' title="bbox 1809 1207 3391 1285; baseline -0.009 -13"><span class='ocrx_word' id='word_1_537' title='bbox 1809 1216 1935 1272; x_wconf 86' lang='lat' dir='ltr'><strong>dem</strong></span> <span class='ocrx_word' id='word_1_538' title='bbox 1974 1214 2131 1285; x_wconf 70' lang='lat'><strong>],92</strong></span> <span class='ocrx_word' id='word_1_539' title='bbox 2168 1211 2429 1268; x_wconf 70' lang='lat' dir='ltr'><strong>Ecclesiae</strong></span> <span class='ocrx_word' id='word_1_540' title='bbox 2456 1211 2705 1272; x_wconf 90' lang='lat' dir='ltr'><strong>domum,</strong></span> <span class='ocrx_word' id='word_1_541' title='bbox 2747 1215 3006 1278; x_wconf 85' lang='lat' dir='ltr'><strong>tanquam</strong></span> <span class='ocrx_word' id='word_1_542' title='bbox 3050 1207 3269 1276; x_wconf 83' lang='lat' dir='ltr'><strong>sapiens</strong></span> <span class='ocrx_word' id='word_1_543' title='bbox 3299 1220 3391 1259; x_wconf 90' lang='lat' dir='ltr'><strong>ar-</strong></span> 
     </span>
    </p>
   </div>
   <div class='ocr_carea' id='block_1_71' title="bbox 1810 1293 3390 1374">
    <p class='ocr_par' dir='ltr' id='par_1_71' title="bbox 1810 1293 3390 1374">
     <span class='ocr_line' id='line_1_72' title="bbox 1810 1293 3390 1374; baseline -0.006 -14"><span class='ocrx_word' id='word_1_544' title='bbox 1810 1306 2083 1360; x_wconf 89' lang='lat' dir='ltr'><strong>chitectus</strong></span> <span class='ocrx_word' id='word_1_545' title='bbox 2126 1311 2289 1374; x_wconf 90' lang='lat' dir='ltr'><strong>atque</strong></span> <span class='ocrx_word' id='word_1_546' title='bbox 2323 1299 2623 1356; x_wconf 71' lang='lat' dir='ltr'><strong>aediﬁcator</strong></span> <span class='ocrx_word' id='word_1_547' title='bbox 2675 1298 2791 1366; x_wconf 88' lang='lat' dir='ltr'><strong>ipse</strong></span> <span class='ocrx_word' id='word_1_548' title='bbox 2850 1296 3091 1351; x_wconf 83' lang='lat' dir='ltr'><strong>universi</strong></span> <span class='ocrx_word' id='word_1_549' title='bbox 3133 1293 3299 1359; x_wconf 85' lang='lat' dir='ltr'><strong>Deus,</strong></span> <span class='ocrx_word' id='word_1_550' title='bbox 3330 1311 3390 1350; x_wconf 91' lang='lat' dir='ltr'><strong>se</strong></span> 
     </span>
    </p>
   </div>
   <div class='ocr_carea' id='block_1_72' title="bbox 1809 1386 3387 1464">
    <p class='ocr_par' dir='ltr' id='par_1_72' title="bbox 1809 1386 3387 1464">
     <span class='ocr_line' id='line_1_73' title="bbox 1809 1386 3387 1464; baseline -0.008 -12"><span class='ocrx_word' id='word_1_551' title='bbox 1809 1397 2204 1452; x_wconf 67' lang='lat' dir='ltr'><strong>aadilicaturunt</strong></span> <span class='ocrx_word' id='word_1_552' title='bbox 2243 1393 2552 1464; x_wconf 88' lang='lat' dir='ltr'><strong>pollicetur,</strong></span> <span class='ocrx_word' id='word_1_553' title='bbox 2598 1405 2709 1445; x_wconf 91' lang='lat' dir='ltr'><strong>non</strong></span> <span class='ocrx_word' id='word_1_554' title='bbox 2753 1388 2915 1444; x_wconf 88' lang='lat' dir='ltr'><strong>aliam</strong></span> <span class='ocrx_word' id='word_1_555' title='bbox 2950 1388 3136 1458; x_wconf 85' lang='lat' dir='ltr'><strong>utique</strong></span> <span class='ocrx_word' id='word_1_556' title='bbox 3165 1386 3387 1441; x_wconf 85' lang='lat' dir='ltr'><strong>domum</strong></span> 
     </span>
    </p>
   </div>
   <div class='ocr_carea' id='block_1_73' title="bbox 1811 1479 3393 1560">
    <p class='ocr_par' dir='ltr' id='par_1_73' title="bbox 1811 1479 3393 1560">
     <span class='ocr_line' id='line_1_74' title="bbox 1811 1479 3393 1560; baseline -0.009 -15"><span class='ocrx_word' id='word_1_557' title='bbox 1811 1489 2128 1560; x_wconf 78' lang='lat' dir='ltr'><strong>signiﬁcans</strong></span> <span class='ocrx_word' id='word_1_558' title='bbox 2157 1500 2324 1558; x_wconf 88' lang='lat' dir='ltr'><strong>quam</strong></span> <span class='ocrx_word' id='word_1_559' title='bbox 2367 1499 2486 1540; x_wconf 88' lang='lat' dir='ltr'><strong>eam</strong></span> <span class='ocrx_word' id='word_1_560' title='bbox 2526 1497 2649 1552; x_wconf 73' lang='lat' dir='ltr'><strong>quae</strong></span> <span class='ocrx_word' id='word_1_561' title='bbox 2682 1480 3002 1536; x_wconf 86' lang='lat' dir='ltr'><strong>nominatim</strong></span> <span class='ocrx_word' id='word_1_562' title='bbox 3033 1479 3254 1534; x_wconf 88' lang='lat' dir='ltr'><strong>Christo</strong></span> <span class='ocrx_word' id='word_1_563' title='bbox 3293 1492 3393 1549; x_wconf 91' lang='lat' dir='ltr'><strong>per</strong></span> 
     </span>
    </p>
   </div>
   <div class='ocr_carea' id='block_1_74' title="bbox 1811 1568 3391 1637">
    <p class='ocr_par' dir='ltr' id='par_1_74' title="bbox 1811 1568 3391 1637">
     <span class='ocr_line' id='line_1_75' title="bbox 1811 1568 3391 1637; baseline -0.007 -2"><span class='ocrx_word' id='word_1_564' title='bbox 1811 1589 1984 1636; x_wconf 91' lang='lat' dir='ltr'><strong>totum</strong></span> <span class='ocrx_word' id='word_1_565' title='bbox 2011 1579 2199 1634; x_wconf 90' lang='lat' dir='ltr'><strong>orbem</strong></span> <span class='ocrx_word' id='word_1_566' title='bbox 2233 1584 2505 1632; x_wconf 89' lang='lat' dir='ltr'><strong>terrarum</strong></span> <span class='ocrx_word' id='word_1_567' title='bbox 2548 1584 2729 1629; x_wconf 84' lang='lat' dir='ltr'><strong>erecta</strong></span> <span class='ocrx_word' id='word_1_568' title='bbox 2761 1582 2864 1637; x_wconf 90' lang='lat' dir='ltr'><strong>est,</strong></span> <span class='ocrx_word' id='word_1_569' title='bbox 2902 1570 3205 1626; x_wconf 90' lang='lat' dir='ltr'><strong>Ecclesiam</strong></span> <span class='ocrx_word' id='word_1_570' title='bbox 3249 1589 3262 1624; x_wconf 88' lang='lat'><strong>:</strong></span> <span class='ocrx_word' id='word_1_571' title='bbox 3297 1568 3391 1624; x_wconf 88' lang='lat' dir='ltr'><strong>ubi</strong></span> 
     </span>
    </p>
   </div>
   <div class='ocr_carea' id='block_1_75' title="bbox 1810 1662 3392 1741">
    <p class='ocr_par' dir='ltr' id='par_1_75' title="bbox 1810 1662 3392 1741">
     <span class='ocr_line' id='line_1_76' title="bbox 1810 1662 3392 1741; baseline -0.009 -12"><span class='ocrx_word' id='word_1_572' title='bbox 1810 1688 1944 1729; x_wconf 85' lang='lat' dir='ltr'><strong>sane</strong></span> <span class='ocrx_word' id='word_1_573' title='bbox 1974 1671 2154 1726; x_wconf 89' lang='lat' dir='ltr'><strong>omnis</strong></span> <span class='ocrx_word' id='word_1_574' title='bbox 2177 1670 2491 1741; x_wconf 89' lang='lat' dir='ltr'><strong>quicunque</strong></span> <span class='ocrx_word' id='word_1_575' title='bbox 2518 1682 2616 1737; x_wconf 89' lang='lat' dir='ltr'><strong>per</strong></span> <span class='ocrx_word' id='word_1_576' title='bbox 2649 1664 2929 1720; x_wconf 86' lang='lat' dir='ltr'><strong>Christum</strong></span> <span class='ocrx_word' id='word_1_577' title='bbox 2971 1662 3065 1719; x_wconf 86' lang='lat' dir='ltr'><strong>Dei</strong></span> <span class='ocrx_word' id='word_1_578' title='bbox 3099 1676 3392 1717; x_wconf 88' lang='lat' dir='ltr'><strong>consecra-</strong></span> 
     </span>
    </p>
   </div>
   <div class='ocr_carea' id='block_1_76' title="bbox 1813 1755 3390 1831">
    <p class='ocr_par' dir='ltr' id='par_1_76' title="bbox 1813 1755 3390 1831">
     <span class='ocr_line' id='line_1_77' title="bbox 1813 1755 3390 1831; baseline -0.008 -12"><span class='ocrx_word' id='word_1_579' title='bbox 1813 1774 1900 1821; x_wconf 92' lang='lat' dir='ltr'><strong>tus</strong></span> <span class='ocrx_word' id='word_1_580' title='bbox 1931 1774 2037 1829; x_wconf 89' lang='lat' dir='ltr'><strong>est,</strong></span> <span class='ocrx_word' id='word_1_581' title='bbox 2074 1762 2371 1820; x_wconf 90' lang='lat' dir='ltr'><strong>secundum</strong></span> <span class='ocrx_word' id='word_1_582' title='bbox 2403 1759 2709 1831; x_wconf 91' lang='lat' dir='ltr'><strong>spiritualia</strong></span> <span class='ocrx_word' id='word_1_583' title='bbox 2754 1757 3081 1820; x_wconf 89' lang='lat' dir='ltr'><strong>ministeria,</strong></span> <span class='ocrx_word' id='word_1_584' title='bbox 3115 1771 3237 1827; x_wconf 69' lang='lat' dir='ltr'><strong>qua:</strong></span> <span class='ocrx_word' id='word_1_585' title='bbox 3272 1755 3390 1825; x_wconf 90' lang='lat' dir='ltr'><strong>pla-</strong></span> 
     </span>
    </p>
   </div>
   <div class='ocr_carea' id='block_1_77' title="bbox 1743 1848 3391 1923">
    <p class='ocr_par' dir='ltr' id='par_1_77' title="bbox 1743 1848 3391 1923">
     <span class='ocr_line' id='line_1_78' title="bbox 1743 1848 3391 1923; baseline -0.007 -10"><span class='ocrx_word' id='word_1_586' title='bbox 1743 1868 1781 1923; x_wconf 82' lang='lat' dir='ltr'><strong>B</strong></span> <span class='ocrx_word' id='word_1_587' title='bbox 1811 1861 1918 1913; x_wconf 91' lang='lat' dir='ltr'><strong>cita</strong></span> <span class='ocrx_word' id='word_1_588' title='bbox 1949 1859 2079 1923; x_wconf 88' lang='lat' dir='ltr'><strong>sint,</strong></span> <span class='ocrx_word' id='word_1_589' title='bbox 2132 1867 2187 1911; x_wconf 91' lang='lat' dir='ltr'><strong>et</strong></span> <span class='ocrx_word' id='word_1_590' title='bbox 2216 1872 2282 1910; x_wconf 78' lang='lat' dir='ltr'><strong>ex</strong></span> <span class='ocrx_word' id='word_1_591' title='bbox 2327 1856 2510 1908; x_wconf 91' lang='lat' dir='ltr'><strong>animo</strong></span> <span class='ocrx_word' id='word_1_592' title='bbox 2549 1867 2615 1908; x_wconf 87' lang='lat' dir='ltr'><strong>ac</strong></span> <span class='ocrx_word' id='word_1_593' title='bbox 2644 1853 2913 1907; x_wconf 70' lang='lat' dir='ltr'><strong>sententia</strong></span> <span class='ocrx_word' id='word_1_594' title='bbox 2946 1850 3039 1906; x_wconf 86' lang='lat' dir='ltr'><strong>Dei</strong></span> <span class='ocrx_word' id='word_1_595' title='bbox 3070 1850 3271 1905; x_wconf 90' lang='lat' dir='ltr'><strong>dicitur</strong></span> <span class='ocrx_word' id='word_1_596' title='bbox 3309 1848 3391 1902; x_wconf 86' lang='lat' dir='ltr'><strong>fa-</strong></span> 
     </span>
    </p>
   </div>
   <div class='ocr_carea' id='block_1_78' title="bbox 1813 1942 3388 2020">
    <p class='ocr_par' dir='ltr' id='par_1_78' title="bbox 1813 1942 3388 2020">
     <span class='ocr_line' id='line_1_79' title="bbox 1813 1942 3388 2020; baseline -0.007 -15"><span class='ocrx_word' id='word_1_597' title='bbox 1813 1960 2005 2005; x_wconf 89' lang='lat' dir='ltr'><strong>cturus</strong></span> <span class='ocrx_word' id='word_1_598' title='bbox 2040 1968 2053 2004; x_wconf 91' lang='lat'>:</span> <span class='ocrx_word' id='word_1_599' title='bbox 2086 1947 2309 2020; x_wconf 86' lang='lat' dir='ltr'><strong>quando</strong></span> <span class='ocrx_word' id='word_1_600' title='bbox 2365 1946 2402 2000; x_wconf 87' lang='lat' dir='ltr'><strong>ii</strong></span> <span class='ocrx_word' id='word_1_601' title='bbox 2453 1944 2546 2017; x_wconf 88' lang='lat' dir='ltr'><strong>qui</strong></span> <span class='ocrx_word' id='word_1_602' title='bbox 2597 1960 2694 2015; x_wconf 88' lang='lat' dir='ltr'><strong>per</strong></span> <span class='ocrx_word' id='word_1_603' title='bbox 2737 1942 3057 2013; x_wconf 80' lang='lat' dir='ltr'><strong>sanguinem</strong></span> <span class='ocrx_word' id='word_1_604' title='bbox 3103 1950 3388 1997; x_wconf 86' lang='lat' dir='ltr'><strong>taurorum</strong></span> 
     </span>
    </p>
   </div>
   <div class='ocr_carea' id='block_1_79' title="bbox 1813 2034 3393 2113">
    <p class='ocr_par' dir='ltr' id='par_1_79' title="bbox 1813 2034 3393 2113">
     <span class='ocr_line' id='line_1_80' title="bbox 1813 2034 3393 2113; baseline -0.006 -16"><span class='ocrx_word' id='word_1_605' title='bbox 1813 2051 1977 2113; x_wconf 87' lang='lat' dir='ltr'><strong>atque</strong></span> <span class='ocrx_word' id='word_1_606' title='bbox 2008 2041 2313 2105; x_wconf 85' lang='lat' dir='ltr'><strong>hircorum,</strong></span> <span class='ocrx_word' id='word_1_607' title='bbox 2341 2038 2499 2108; x_wconf 84' lang='lat' dir='ltr'><strong>juxta</strong></span> <span class='ocrx_word' id='word_1_608' title='bbox 2526 2045 2760 2091; x_wconf 81' lang='lat' dir='ltr'><strong>veterem</strong></span> <span class='ocrx_word' id='word_1_609' title='bbox 2794 2035 2848 2089; x_wconf 94' lang='lat' dir='ltr'><strong>in</strong></span> <span class='ocrx_word' id='word_1_610' title='bbox 2880 2034 3049 2106; x_wconf 82' lang='lat' dir='ltr'><strong>ﬁgura</strong></span> <span class='ocrx_word' id='word_1_611' title='bbox 3086 2035 3273 2101; x_wconf 83' lang='lat' dir='ltr'><strong>ritum,</strong></span> <span class='ocrx_word' id='word_1_612' title='bbox 3302 2049 3393 2091; x_wconf 86' lang='lat' dir='ltr'><strong>sa-</strong></span> 
     </span>
    </p>
   </div>
   <div class='ocr_carea' id='block_1_80' title="bbox 1814 2130 3391 2208">
    <p class='ocr_par' dir='ltr' id='par_1_80' title="bbox 1814 2130 3391 2208">
     <span class='ocr_line' id='line_1_81' title="bbox 1814 2130 3391 2208; baseline -0.006 -15"><span class='ocrx_word' id='word_1_613' title='bbox 1814 2154 1908 2193; x_wconf 88' lang='lat' dir='ltr'><strong>cra</strong></span> <span class='ocrx_word' id='word_1_614' title='bbox 1934 2137 2308 2208; x_wconf 83' lang='lat' dir='ltr'><strong>perﬁciebant,</strong></span> <span class='ocrx_word' id='word_1_615' title='bbox 2339 2135 2394 2190; x_wconf 89' lang='lat' dir='ltr'><strong>in</strong></span> <span class='ocrx_word' id='word_1_616' title='bbox 2428 2133 2617 2189; x_wconf 89' lang='lat' dir='ltr'><strong>odium</strong></span> <span class='ocrx_word' id='word_1_617' title='bbox 2640 2132 2735 2208; x_wconf 68' lang='lat' dir='ltr'><strong>Dei</strong></span> <span class='ocrx_word' id='word_1_618' title='bbox 2768 2130 3048 2193; x_wconf 89' lang='lat' dir='ltr'><strong>incidisse,</strong></span> <span class='ocrx_word' id='word_1_619' title='bbox 3080 2146 3175 2201; x_wconf 91' lang='lat' dir='ltr'><strong>per</strong></span> <span class='ocrx_word' id='word_1_620' title='bbox 3193 2130 3391 2186; x_wconf 87' lang='lat' dir='ltr'><strong>lsaiam</strong></span> 
     </span>
    </p>
   </div>
   <div class='ocr_carea' id='block_1_81' title="bbox 1814 2221 3393 2300">
    <p class='ocr_par' dir='ltr' id='par_1_81' title="bbox 1814 2221 3393 2300">
     <span class='ocr_line' id='line_1_82' title="bbox 1814 2221 3393 2300; baseline -0.006 -15"><span class='ocrx_word' id='word_1_621' title='bbox 1814 2231 2136 2300; x_wconf 86' lang='lat' dir='ltr'><strong>prophetam</strong></span> <span class='ocrx_word' id='word_1_622' title='bbox 2169 2229 2289 2283; x_wconf 90' lang='lat' dir='ltr'><strong>sine</strong></span> <span class='ocrx_word' id='word_1_623' title='bbox 2318 2225 2696 2282; x_wconf 84' lang='lat' dir='ltr'><strong>controversia</strong></span> <span class='ocrx_word' id='word_1_624' title='bbox 2723 2221 3308 2294; x_wconf 71' lang='lat' dir='ltr'><strong>dicuntur.llactenus</strong></span> <span class='ocrx_word' id='word_1_625' title='bbox 3327 2237 3393 2276; x_wconf 90' lang='lat' dir='ltr'><strong>ea</strong></span> 
     </span>
    </p>
   </div>
   <div class='ocr_carea' id='block_1_82' title="bbox 1817 2313 3391 2393">
    <p class='ocr_par' dir='ltr' id='par_1_82' title="bbox 1817 2313 3391 2393">
     <span class='ocr_line' id='line_1_83' title="bbox 1817 2313 3391 2393; baseline -0.006 -16"><span class='ocrx_word' id='word_1_626' title='bbox 1817 2325 1872 2377; x_wconf 92' lang='lat' dir='ltr'><strong>in</strong></span> <span class='ocrx_word' id='word_1_627' title='bbox 1918 2323 2120 2393; x_wconf 89' lang='lat' dir='ltr'><strong>quibus</strong></span> <span class='ocrx_word' id='word_1_628' title='bbox 2165 2320 2487 2393; x_wconf 89' lang='lat' dir='ltr'><strong>nominatim</strong></span> <span class='ocrx_word' id='word_1_629' title='bbox 2527 2317 2782 2374; x_wconf 89' lang='lat' dir='ltr'><strong>Christus</strong></span> <span class='ocrx_word' id='word_1_630' title='bbox 2834 2316 3128 2388; x_wconf 77' lang='lat' dir='ltr'><strong>przedictus</strong></span> <span class='ocrx_word' id='word_1_631' title='bbox 3190 2313 3391 2370; x_wconf 77' lang='lat' dir='ltr'><strong>fuerat.</strong></span> 
     </span>
    </p>
   </div>
   <div class='ocr_carea' id='block_1_83' title="bbox 1817 2403 3395 2482">
    <p class='ocr_par' dir='ltr' id='par_1_83' title="bbox 1817 2403 3395 2482">
     <span class='ocr_line' id='line_1_84' title="bbox 1817 2403 3395 2482; baseline -0.007 -13"><span class='ocrx_word' id='word_1_632' title='bbox 1817 2413 2202 2470; x_wconf 78' lang='lat' dir='ltr'><strong>Verumtamen</strong></span> <span class='ocrx_word' id='word_1_633' title='bbox 2253 2411 2381 2482; x_wconf 88' lang='lat' dir='ltr'><strong>quia</strong></span> <span class='ocrx_word' id='word_1_634' title='bbox 2444 2409 2694 2480; x_wconf 86' lang='lat' dir='ltr'><strong>pluribus</strong></span> <span class='ocrx_word' id='word_1_635' title='bbox 2752 2406 2935 2462; x_wconf 83' lang='lat' dir='ltr'><strong>verbis</strong></span> <span class='ocrx_word' id='word_1_636' title='bbox 2996 2420 3117 2479; x_wconf 66' lang='lat' dir='ltr'><strong>quae</strong></span> <span class='ocrx_word' id='word_1_637' title='bbox 3175 2403 3395 2459; x_wconf 87' lang='lat' dir='ltr'><strong>Christo</strong></span> 
     </span>
    </p>
   </div>
   <div class='ocr_carea' id='block_1_84' title="bbox 1817 2482 3395 2571">
    <p class='ocr_par' dir='ltr' id='par_1_84' title="bbox 1817 2482 3395 2571">
     <span class='ocr_line' id='line_1_85' title="bbox 1817 2482 3395 2571; baseline -0.008 -10"><span class='ocrx_word' id='word_1_638' title='bbox 1817 2507 2047 2561; x_wconf 88' lang='lat' dir='ltr'><strong>adversa</strong></span> <span class='ocrx_word' id='word_1_639' title='bbox 2097 2518 2161 2559; x_wconf 91' lang='lat' dir='ltr'><strong>ac</strong></span> <span class='ocrx_word' id='word_1_640' title='bbox 2202 2504 2382 2559; x_wconf 89' lang='lat' dir='ltr'><strong>tristia</strong></span> <span class='ocrx_word' id='word_1_641' title='bbox 2434 2502 2801 2571; x_wconf 80' lang='lat' dir='ltr'><strong>contigerunt,</strong></span> <span class='ocrx_word' id='word_1_642' title='bbox 2854 2482 3395 2567; x_wconf 77' lang='lat' dir='ltr'><strong>illiusappellationi</strong></span> 
     </span>
    </p>
   </div>
   <div class='ocr_carea' id='block_1_85' title="bbox 1819 2588 3397 2664">
    <p class='ocr_par' dir='ltr' id='par_1_85' title="bbox 1819 2588 3397 2664">
     <span class='ocr_line' id='line_1_86' title="bbox 1819 2588 3397 2664; baseline -0.007 -11"><span class='ocrx_word' id='word_1_643' title='bbox 1819 2599 2027 2653; x_wconf 78' lang='lat' dir='ltr'><strong>adnexa</strong></span> <span class='ocrx_word' id='word_1_644' title='bbox 2064 2603 2210 2659; x_wconf 86' lang='lat' dir='ltr'><strong>sunt,</strong></span> <span class='ocrx_word' id='word_1_645' title='bbox 2245 2609 2472 2650; x_wconf 89' lang='lat' dir='ltr'><strong>necesse</strong></span> <span class='ocrx_word' id='word_1_646' title='bbox 2494 2603 2596 2658; x_wconf 91' lang='lat' dir='ltr'><strong>est,</strong></span> <span class='ocrx_word' id='word_1_647' title='bbox 2622 2608 2742 2664; x_wconf 82' lang='lat' dir='ltr'><strong>quae</strong></span> <span class='ocrx_word' id='word_1_648' title='bbox 2769 2602 2926 2645; x_wconf 84' lang='lat' dir='ltr'><strong>antea</strong></span> <span class='ocrx_word' id='word_1_649' title='bbox 2960 2590 3103 2645; x_wconf 88' lang='lat' dir='ltr'><strong>dicta</strong></span> <span class='ocrx_word' id='word_1_650' title='bbox 3131 2597 3278 2655; x_wconf 86' lang='lat' dir='ltr'><strong>sunt,</strong></span> <span class='ocrx_word' id='word_1_651' title='bbox 3327 2588 3397 2642; x_wconf 92' lang='lat' dir='ltr'><strong>de</strong></span> 
     </span>
    </p>
   </div>
   <div class='ocr_carea' id='block_1_86' title="bbox 1819 2682 3397 2756">
    <p class='ocr_par' dir='ltr' id='par_1_86' title="bbox 1819 2682 3397 2756">
     <span class='ocr_line' id='line_1_87' title="bbox 1819 2682 3397 2756; baseline -0.006 -12"><span class='ocrx_word' id='word_1_652' title='bbox 1819 2690 1967 2745; x_wconf 87' lang='lat' dir='ltr'><strong>illius</strong></span> <span class='ocrx_word' id='word_1_653' title='bbox 1981 2689 2266 2744; x_wconf 86' lang='lat' dir='ltr'><strong>divinitate</strong></span> <span class='ocrx_word' id='word_1_654' title='bbox 2283 2697 2547 2756; x_wconf 86' lang='lat' dir='ltr'><strong>repetere,</strong></span> <span class='ocrx_word' id='word_1_655' title='bbox 2571 2686 2639 2740; x_wconf 87' lang='lat' dir='ltr'><strong>de</strong></span> <span class='ocrx_word' id='word_1_656' title='bbox 2667 2700 2773 2755; x_wconf 88' lang='lat' dir='ltr'><strong>qua</strong></span> <span class='ocrx_word' id='word_1_657' title='bbox 2804 2685 2858 2738; x_wconf 92' lang='lat' dir='ltr'><strong>in</strong></span> <span class='ocrx_word' id='word_1_658' title='bbox 2885 2699 3011 2737; x_wconf 78' lang='lat' dir='ltr'><strong>xuv</strong></span> <span class='ocrx_word' id='word_1_659' title='bbox 3040 2683 3273 2754; x_wconf 90' lang='lat' dir='ltr'><strong>psalmo,</strong></span> <span class='ocrx_word' id='word_1_660' title='bbox 3302 2682 3397 2752; x_wconf 88' lang='lat' dir='ltr'><strong>qui</strong></span> 
     </span>
    </p>
   </div>
   <div class='ocr_carea' id='block_1_87' title="bbox 1822 2774 3401 2852">
    <p class='ocr_par' dir='ltr' id='par_1_87' title="bbox 1822 2774 3401 2852">
     <span class='ocr_line' id='line_1_88' title="bbox 1822 2774 3401 2852; baseline -0.005 -17"><span class='ocrx_word' id='word_1_661' title='bbox 1822 2781 2120 2852; x_wconf 89' lang='lat' dir='ltr'><strong>inscriptus</strong></span> <span class='ocrx_word' id='word_1_662' title='bbox 2157 2798 2176 2831; x_wconf 83' lang='grc' dir='ltr'><strong>ι</strong></span> <span class='ocrx_word' id='word_1_663' title='bbox 2217 2780 2324 2834; x_wconf 88' lang='lat' dir='ltr'><strong>Pro</strong></span> <span class='ocrx_word' id='word_1_664' title='bbox 2343 2778 2547 2833; x_wconf 90' lang='lat' dir='ltr'><strong>dilecto</strong></span> <span class='ocrx_word' id='word_1_665' title='bbox 2580 2779 2646 2843; x_wconf 78' lang='grc' dir='ltr'><strong>⁷ο,</strong></span> <span class='ocrx_word' id='word_1_666' title='bbox 2685 2797 2702 2830; x_wconf 80' lang='grc' dir='ltr'><strong>ι</strong></span> <span class='ocrx_word' id='word_1_667' title='bbox 2731 2777 2954 2832; x_wconf 88' lang='lat' dir='ltr'><strong>tractari</strong></span> <span class='ocrx_word' id='word_1_668' title='bbox 2979 2790 3144 2845; x_wconf 92' lang='lat' dir='ltr'><strong>supra</strong></span> <span class='ocrx_word' id='word_1_669' title='bbox 3171 2774 3401 2830; x_wconf 90' lang='lat' dir='ltr'><strong>demon-</strong></span> 
     </span>
    </p>
   </div>
   <div class='ocr_carea' id='block_1_88' title="bbox 1820 2867 3398 2940">
    <p class='ocr_par' dir='ltr' id='par_1_88' title="bbox 1820 2867 3398 2940">
     <span class='ocr_line' id='line_1_89' title="bbox 1820 2867 3398 2940; baseline -0.009 -8"><span class='ocrx_word' id='word_1_670' title='bbox 1820 2873 2139 2940; x_wconf 88' lang='lat' dir='ltr'><strong>stravimus,</strong></span> <span class='ocrx_word' id='word_1_671' title='bbox 2171 2872 2264 2926; x_wconf 92' lang='lat' dir='ltr'><strong>ubi</strong></span> <span class='ocrx_word' id='word_1_672' title='bbox 2292 2872 2575 2926; x_wconf 87' lang='lat' dir='ltr'><strong>oraculum</strong></span> <span class='ocrx_word' id='word_1_673' title='bbox 2610 2870 2665 2924; x_wconf 88' lang='lat' dir='ltr'><strong>in</strong></span> <span class='ocrx_word' id='word_1_674' title='bbox 2698 2868 2889 2939; x_wconf 90' lang='lat' dir='ltr'><strong>primis</strong></span> <span class='ocrx_word' id='word_1_675' title='bbox 2920 2867 2988 2922; x_wconf 90' lang='lat' dir='ltr'><strong>de</strong></span> <span class='ocrx_word' id='word_1_676' title='bbox 3020 2867 3115 2921; x_wconf 90' lang='lat' dir='ltr'><strong>illo</strong></span> <span class='ocrx_word' id='word_1_677' title='bbox 3138 2874 3398 2934; x_wconf 87' lang='lat' dir='ltr'><strong>tanquam</strong></span> 
     </span>
    </p>
   </div>
   <div class='ocr_carea' id='block_1_89' title="bbox 1820 2958 3402 3037">
    <p class='ocr_par' dir='ltr' id='par_1_89' title="bbox 1820 2958 3402 3037">
     <span class='ocr_line' id='line_1_90' title="bbox 1820 2958 3402 3037; baseline -0.007 -14"><span class='ocrx_word' id='word_1_678' title='bbox 1820 2967 1888 3023; x_wconf 88' lang='lat' dir='ltr'><strong>de</strong></span> <span class='ocrx_word' id='word_1_679' title='bbox 1916 2981 2041 3037; x_wconf 77' lang='lat' dir='ltr'><strong>rege</strong></span> <span class='ocrx_word' id='word_1_680' title='bbox 2067 2974 2330 3032; x_wconf 88' lang='lat' dir='ltr'><strong>tractans,</strong></span> <span class='ocrx_word' id='word_1_681' title='bbox 2371 2972 2494 3036; x_wconf 89' lang='lat' dir='ltr'><strong>post</strong></span> <span class='ocrx_word' id='word_1_682' title='bbox 2520 2964 2624 3018; x_wconf 88' lang='lat' dir='ltr'><strong>alia</strong></span> <span class='ocrx_word' id='word_1_683' title='bbox 2654 2962 2916 3018; x_wconf 89' lang='lat' dir='ltr'><strong>nonnulla</strong></span> <span class='ocrx_word' id='word_1_684' title='bbox 2944 2959 3059 3015; x_wconf 57' lang='lat' dir='ltr'><strong>haec</strong></span> <span class='ocrx_word' id='word_1_685' title='bbox 3086 2958 3153 3013; x_wconf 87' lang='lat' dir='ltr'><strong>de</strong></span> <span class='ocrx_word' id='word_1_686' title='bbox 3193 2958 3402 3018; x_wconf 78' lang='lat' dir='ltr'><strong>Christi</strong></span> 
     </span>
    </p>
   </div>
   <div class='ocr_carea' id='block_1_90' title="bbox 1822 3050 3399 3131">
    <p class='ocr_par' dir='ltr' id='par_1_90' title="bbox 1822 3050 3399 3131">
     <span class='ocr_line' id='line_1_91' title="bbox 1822 3050 3399 3131; baseline -0.008 -15"><span class='ocrx_word' id='word_1_687' title='bbox 1822 3061 2106 3116; x_wconf 82' lang='lat' dir='ltr'><strong>divinitate</strong></span> <span class='ocrx_word' id='word_1_688' title='bbox 2128 3059 2407 3131; x_wconf 74' lang='lat' dir='ltr'><strong>adjungit:</strong></span> <span class='ocrx_word' id='word_1_689' title='bbox 2444 3077 2462 3110; x_wconf 80' lang='grc' dir='ltr'><strong>ι</strong></span> <span class='ocrx_word' id='word_1_690' title='bbox 2496 3055 2664 3112; x_wconf 89' lang='lat' dir='ltr'><strong>Sedes</strong></span> <span class='ocrx_word' id='word_1_691' title='bbox 2694 3063 2809 3119; x_wconf 89' lang='lat' dir='ltr'><strong>tua,</strong></span> <span class='ocrx_word' id='word_1_692' title='bbox 2843 3053 3007 3116; x_wconf 85' lang='lat' dir='ltr'><strong>Deus,</strong></span> <span class='ocrx_word' id='word_1_693' title='bbox 3039 3052 3096 3107; x_wconf 92' lang='lat' dir='ltr'><strong>in</strong></span> <span class='ocrx_word' id='word_1_694' title='bbox 3138 3050 3399 3106; x_wconf 82' lang='lat' dir='ltr'><strong>saeculum</strong></span> 
     </span>
    </p>
   </div>
   <div class='ocr_carea' id='block_1_91' title="bbox 1825 3144 3402 3223">
    <p class='ocr_par' dir='ltr' id='par_1_91' title="bbox 1825 3144 3402 3223">
     <span class='ocr_line' id='line_1_92' title="bbox 1825 3144 3402 3223; baseline -0.007 -14"><span class='ocrx_word' id='word_1_695' title='bbox 1825 3154 2010 3209; x_wconf 62' lang='lat' dir='ltr'><strong>seculi</strong></span> <span class='ocrx_word' id='word_1_696' title='bbox 2044 3172 2056 3208; x_wconf 91' lang='lat'><strong>:</strong></span> <span class='ocrx_word' id='word_1_697' title='bbox 2095 3153 2244 3223; x_wconf 78' lang='lat' dir='ltr'><strong>virga</strong></span> <span class='ocrx_word' id='word_1_698' title='bbox 2274 3149 2618 3215; x_wconf 89' lang='lat' dir='ltr'><strong>directionis,</strong></span> <span class='ocrx_word' id='word_1_699' title='bbox 2649 3148 2800 3218; x_wconf 78' lang='lat' dir='ltr'><strong>virga</strong></span> <span class='ocrx_word' id='word_1_700' title='bbox 2821 3149 2972 3216; x_wconf 76' lang='lat' dir='ltr'><strong>regni</strong></span> <span class='ocrx_word' id='word_1_701' title='bbox 3004 3146 3086 3216; x_wconf 75' lang='lat' dir='ltr'><strong>tui</strong></span> <span class='ocrx_word' id='word_1_702' title='bbox 3111 3163 3124 3200; x_wconf 89' lang='lat'><strong>:</strong></span> <span class='ocrx_word' id='word_1_703' title='bbox 3160 3144 3402 3200; x_wconf 79' lang='lat' dir='ltr'><strong>dilexisti</strong></span> 
     </span>
    </p>
   </div>
   <div class='ocr_carea' id='block_1_92' title="bbox 1823 3237 3406 3317">
    <p class='ocr_par' dir='ltr' id='par_1_92' title="bbox 1823 3237 3406 3317">
     <span class='ocr_line' id='line_1_93' title="bbox 1823 3237 3406 3317; baseline -0.008 -14"><span class='ocrx_word' id='word_1_704' title='bbox 1823 3247 2114 3317; x_wconf 89' lang='lat' dir='ltr'><strong>justitiam,</strong></span> <span class='ocrx_word' id='word_1_705' title='bbox 2151 3253 2204 3301; x_wconf 87' lang='lat' dir='ltr'><strong>et</strong></span> <span class='ocrx_word' id='word_1_706' title='bbox 2236 3244 2400 3300; x_wconf 86' lang='lat' dir='ltr'><strong>odisti</strong></span> <span class='ocrx_word' id='word_1_707' title='bbox 2454 3243 2817 3314; x_wconf 87' lang='lat' dir='ltr'><strong>iniquitatem,</strong></span> <span class='ocrx_word' id='word_1_708' title='bbox 2844 3246 3133 3311; x_wconf 90' lang='lat' dir='ltr'><strong>propterea</strong></span> <span class='ocrx_word' id='word_1_709' title='bbox 3163 3237 3318 3292; x_wconf 83' lang='lat' dir='ltr'><strong>unxit</strong></span> <span class='ocrx_word' id='word_1_710' title='bbox 3349 3244 3406 3292; x_wconf 88' lang='lat' dir='ltr'><strong>te</strong></span> 
     </span>
    </p>
   </div>
   <div class='ocr_carea' id='block_1_93' title="bbox 1826 3330 3405 3405">
    <p class='ocr_par' dir='ltr' id='par_1_93' title="bbox 1826 3330 3405 3405">
     <span class='ocr_line' id='line_1_94' title="bbox 1826 3330 3405 3405; baseline -0.004 -12"><span class='ocrx_word' id='word_1_711' title='bbox 1826 3339 1989 3405; x_wconf 91' lang='lat' dir='ltr'><strong>Deus,</strong></span> <span class='ocrx_word' id='word_1_712' title='bbox 2013 3338 2156 3395; x_wconf 86' lang='lat' dir='ltr'><strong>Deus</strong></span> <span class='ocrx_word' id='word_1_713' title='bbox 2172 3337 2431 3394; x_wconf 89' lang='lat' dir='ltr'><strong>tuusoleo</strong></span> <span class='ocrx_word' id='word_1_714' title='bbox 2469 3333 2873 3395; x_wconf 79' lang='lat' dir='ltr'><strong>exsultationis,</strong></span> <span class='ocrx_word' id='word_1_715' title='bbox 2898 3347 3009 3403; x_wconf 70' lang='lat' dir='ltr'><strong>pra:</strong></span> <span class='ocrx_word' id='word_1_716' title='bbox 3038 3330 3405 3401; x_wconf 84' lang='lat' dir='ltr'><strong>participibus</strong></span> 
     </span>
    </p>
   </div>
   <div class='ocr_carea' id='block_1_94' title="bbox 1825 3421 3403 3493">
    <p class='ocr_par' dir='ltr' id='par_1_94' title="bbox 1825 3421 3403 3493">
     <span class='ocr_line' id='line_1_95' title="bbox 1825 3421 3403 3493; baseline -0.007 -8"><span class='ocrx_word' id='word_1_717' title='bbox 1825 3431 1934 3486; x_wconf 87' lang='lat' dir='ltr'><strong>tuis</strong></span> <span class='ocrx_word' id='word_1_718' title='bbox 1959 3432 2029 3487; x_wconf 85' lang='lat'><strong>&#39;“.</strong></span> <span class='ocrx_word' id='word_1_719' title='bbox 2076 3449 2095 3483; x_wconf 74' lang='grc' dir='ltr'><strong>ι</strong></span> <span class='ocrx_word' id='word_1_720' title='bbox 2127 3428 2293 3484; x_wconf 87' lang='lat' dir='ltr'><strong>Plane</strong></span> <span class='ocrx_word' id='word_1_721' title='bbox 2321 3426 2468 3484; x_wconf 88' lang='lat' dir='ltr'><strong>enim</strong></span> <span class='ocrx_word' id='word_1_722' title='bbox 2509 3427 2565 3481; x_wconf 89' lang='lat' dir='ltr'><strong>iu</strong></span> <span class='ocrx_word' id='word_1_723' title='bbox 2594 3425 2702 3488; x_wconf 87' lang='lat' dir='ltr'><strong>his,</strong></span> <span class='ocrx_word' id='word_1_724' title='bbox 2734 3431 2794 3478; x_wconf 92' lang='lat' dir='ltr'><strong>ut</strong></span> <span class='ocrx_word' id='word_1_725' title='bbox 2830 3424 2944 3493; x_wconf 87' lang='lat' dir='ltr'><strong>jam</strong></span> <span class='ocrx_word' id='word_1_726' title='bbox 2979 3432 3139 3477; x_wconf 87' lang='lat' dir='ltr'><strong>antea</strong></span> <span class='ocrx_word' id='word_1_727' title='bbox 3171 3421 3403 3476; x_wconf 85' lang='lat' dir='ltr'><strong>demon-</strong></span> 
     </span>
    </p>
   </div>
   <div class='ocr_carea' id='block_1_95' title="bbox 1824 3511 3407 3589">
    <p class='ocr_par' dir='ltr' id='par_1_95' title="bbox 1824 3511 3407 3589">
     <span class='ocr_line' id='line_1_96' title="bbox 1824 3511 3407 3589; baseline -0.009 -10"><span class='ocrx_word' id='word_1_728' title='bbox 1824 3524 2145 3587; x_wconf 77' lang='lat' dir='ltr'><strong>stravimus,</strong></span> <span class='ocrx_word' id='word_1_729' title='bbox 2176 3536 2300 3577; x_wconf 90' lang='lat' dir='ltr'><strong>cum</strong></span> <span class='ocrx_word' id='word_1_730' title='bbox 2327 3534 2474 3575; x_wconf 92' lang='lat' dir='ltr'><strong>unus</strong></span> <span class='ocrx_word' id='word_1_731' title='bbox 2505 3518 2625 3589; x_wconf 89' lang='lat' dir='ltr'><strong>ipse</strong></span> <span class='ocrx_word' id='word_1_732' title='bbox 2647 3530 2866 3589; x_wconf 87' lang='lat' dir='ltr'><strong>quoque</strong></span> <span class='ocrx_word' id='word_1_733' title='bbox 2897 3516 2971 3570; x_wconf 92' lang='lat' dir='ltr'><strong>sit</strong></span> <span class='ocrx_word' id='word_1_734' title='bbox 2995 3515 3043 3569; x_wconf 90' lang='lat' dir='ltr'><strong>is</strong></span> <span class='ocrx_word' id='word_1_735' title='bbox 3067 3514 3135 3569; x_wconf 90' lang='lat' dir='ltr'><strong>de</strong></span> <span class='ocrx_word' id='word_1_736' title='bbox 3164 3528 3274 3583; x_wconf 88' lang='lat' dir='ltr'><strong>quo</strong></span> <span class='ocrx_word' id='word_1_737' title='bbox 3297 3511 3407 3582; x_wconf 76' lang='lat' dir='ltr'><strong>agi—</strong></span> 
     </span>
    </p>
   </div>
   <div class='ocr_carea' id='block_1_96' title="bbox 1826 3602 3403 3681">
    <p class='ocr_par' dir='ltr' id='par_1_96' title="bbox 1826 3602 3403 3681">
     <span class='ocr_line' id='line_1_97' title="bbox 1826 3602 3403 3681; baseline -0.01 -11"><span class='ocrx_word' id='word_1_738' title='bbox 1826 3626 1937 3679; x_wconf 89' lang='lat' dir='ltr'><strong>tur,</strong></span> <span class='ocrx_word' id='word_1_739' title='bbox 1970 3614 2115 3671; x_wconf 89' lang='lat' dir='ltr'><strong>Deus</strong></span> <span class='ocrx_word' id='word_1_740' title='bbox 2137 3628 2260 3668; x_wconf 89' lang='lat' dir='ltr'><strong>esse</strong></span> <span class='ocrx_word' id='word_1_741' title='bbox 2284 3611 2508 3673; x_wconf 88' lang='lat' dir='ltr'><strong>dicitur,</strong></span> <span class='ocrx_word' id='word_1_742' title='bbox 2535 3609 2628 3681; x_wconf 88' lang='lat' dir='ltr'><strong>qui</strong></span> <span class='ocrx_word' id='word_1_743' title='bbox 2656 3607 2926 3678; x_wconf 90' lang='lat' dir='ltr'><strong>justitiam</strong></span> <span class='ocrx_word' id='word_1_744' title='bbox 2957 3605 3228 3671; x_wconf 87' lang='lat' dir='ltr'><strong>dilexerit,</strong></span> <span class='ocrx_word' id='word_1_745' title='bbox 3268 3602 3403 3657; x_wconf 89' lang='lat' dir='ltr'><strong>ode-</strong></span> 
     </span>
    </p>
   </div>
   <div class='ocr_carea' id='block_1_97' title="bbox 1826 3693 3408 3776">
    <p class='ocr_par' dir='ltr' id='par_1_97' title="bbox 1826 3693 3408 3776">
     <span class='ocr_line' id='line_1_98' title="bbox 1826 3693 3408 3776; baseline -0.008 -15"><span class='ocrx_word' id='word_1_746' title='bbox 1826 3708 2006 3776; x_wconf 90' lang='lat' dir='ltr'><strong>ritque</strong></span> <span class='ocrx_word' id='word_1_747' title='bbox 2042 3704 2406 3774; x_wconf 88' lang='lat' dir='ltr'><strong>iniquitatem,</strong></span> <span class='ocrx_word' id='word_1_748' title='bbox 2438 3708 2603 3771; x_wconf 91' lang='lat' dir='ltr'><strong>atque</strong></span> <span class='ocrx_word' id='word_1_749' title='bbox 2642 3699 2805 3768; x_wconf 89' lang='lat' dir='ltr'><strong>hujus</strong></span> <span class='ocrx_word' id='word_1_750' title='bbox 2832 3696 2913 3752; x_wconf 88' lang='lat' dir='ltr'><strong>rei</strong></span> <span class='ocrx_word' id='word_1_751' title='bbox 2954 3694 3148 3766; x_wconf 76' lang='lat' dir='ltr'><strong>gratia,</strong></span> <span class='ocrx_word' id='word_1_752' title='bbox 3185 3695 3255 3751; x_wconf 88' lang='lat' dir='ltr'><strong>ab</strong></span> <span class='ocrx_word' id='word_1_753' title='bbox 3282 3693 3408 3763; x_wconf 89' lang='lat' dir='ltr'><strong>ipso</strong></span> 
     </span>
    </p>
   </div>
   <div class='ocr_carea' id='block_1_98' title="bbox 1824 3786 3405 3860">
    <p class='ocr_par' dir='ltr' id='par_1_98' title="bbox 1824 3786 3405 3860">
     <span class='ocr_line' id='line_1_99' title="bbox 1824 3786 3405 3860; baseline -0.01 -5"><span class='ocrx_word' id='word_1_754' title='bbox 1824 3800 1937 3855; x_wconf 90' lang='lat' dir='ltr'><strong>Deo</strong></span> <span class='ocrx_word' id='word_1_755' title='bbox 1965 3813 2029 3854; x_wconf 90' lang='lat' dir='ltr'><strong>ac</strong></span> <span class='ocrx_word' id='word_1_756' title='bbox 2051 3796 2213 3854; x_wconf 87' lang='lat' dir='ltr'><strong>Patre</strong></span> <span class='ocrx_word' id='word_1_757' title='bbox 2237 3810 2339 3852; x_wconf 92' lang='lat' dir='ltr'><strong>suo</strong></span> <span class='ocrx_word' id='word_1_758' title='bbox 2366 3801 2568 3849; x_wconf 89' lang='lat' dir='ltr'><strong>unctus</strong></span> <span class='ocrx_word' id='word_1_759' title='bbox 2600 3791 2673 3848; x_wconf 91' lang='lat' dir='ltr'><strong>sit</strong></span> <span class='ocrx_word' id='word_1_760' title='bbox 2693 3791 2814 3846; x_wconf 89' lang='lat' dir='ltr'><strong>oleo</strong></span> <span class='ocrx_word' id='word_1_761' title='bbox 2845 3786 3211 3860; x_wconf 69' lang='lat' dir='ltr'><strong>praestantiori</strong></span> <span class='ocrx_word' id='word_1_762' title='bbox 3240 3794 3405 3856; x_wconf 88' lang='lat' dir='ltr'><strong>atque</strong></span> 
     </span>
    </p>
   </div>
   <div class='ocr_carea' id='block_1_99' title="bbox 1825 3878 3402 3957">
    <p class='ocr_par' dir='ltr' id='par_1_99' title="bbox 1825 3878 3402 3957">
     <span class='ocr_line' id='line_1_100' title="bbox 1825 3878 3402 3957; baseline -0.012 -9"><span class='ocrx_word' id='word_1_763' title='bbox 1825 3887 2220 3953; x_wconf 77' lang='lat' dir='ltr'><strong>excellentiori,</strong></span> <span class='ocrx_word' id='word_1_764' title='bbox 2256 3901 2419 3957; x_wconf 90' lang='lat' dir='ltr'><strong>quam</strong></span> <span class='ocrx_word' id='word_1_765' title='bbox 2464 3891 2610 3942; x_wconf 90' lang='lat' dir='ltr'><strong>esset</strong></span> <span class='ocrx_word' id='word_1_766' title='bbox 2645 3882 2959 3954; x_wconf 76' lang='lat' dir='ltr'><strong>ﬁguratum,</strong></span> <span class='ocrx_word' id='word_1_767' title='bbox 3014 3893 3100 3945; x_wconf 90' lang='lat' dir='ltr'><strong>eo,</strong></span> <span class='ocrx_word' id='word_1_768' title='bbox 3155 3878 3402 3948; x_wconf 88' lang='lat' dir='ltr'><strong>inquam,</strong></span> 
     </span>
    </p>
   </div>
   <div class='ocr_carea' id='block_1_100' title="bbox 1825 3969 3401 4051">
    <p class='ocr_par' dir='ltr' id='par_1_100' title="bbox 1825 3969 3401 4051">
     <span class='ocr_line' id='line_1_101' title="bbox 1825 3969 3401 4051; baseline -0.01 -14"><span class='ocrx_word' id='word_1_769' title='bbox 1825 3981 1967 4045; x_wconf 86' lang='lat' dir='ltr'><strong>oleo,</strong></span> <span class='ocrx_word' id='word_1_770' title='bbox 1998 3978 2145 4051; x_wconf 91' lang='lat' dir='ltr'><strong>quod</strong></span> <span class='ocrx_word' id='word_1_771' title='bbox 2174 3976 2558 4034; x_wconf 65' lang='lat' dir='ltr'><strong>exsultationis</strong></span> <span class='ocrx_word' id='word_1_772' title='bbox 2590 3983 2839 4029; x_wconf 85' lang='lat' dir='ltr'><strong>vocatur.</strong></span> <span class='ocrx_word' id='word_1_773' title='bbox 2882 3970 2953 4026; x_wconf 84' lang='lat' dir='ltr'><strong>At</strong></span> <span class='ocrx_word' id='word_1_774' title='bbox 2982 3970 3127 4025; x_wconf 88' lang='lat' dir='ltr'><strong>enim</strong></span> <span class='ocrx_word' id='word_1_775' title='bbox 3170 3969 3401 4040; x_wconf 58' lang='lat' dir='ltr'><strong>quicuno</strong></span> 
     </span>
    </p>
   </div>
   <div class='ocr_carea' id='block_1_101' title="bbox 1825 4063 3404 4145">
    <p class='ocr_par' dir='ltr' id='par_1_101' title="bbox 1825 4063 3404 4145">
     <span class='ocr_line' id='line_1_102' title="bbox 1825 4063 3404 4145; baseline -0.01 -16"><span class='ocrx_word' id='word_1_776' title='bbox 1825 4090 1933 4145; x_wconf 88' lang='lat' dir='ltr'><strong>que</strong></span> <span class='ocrx_word' id='word_1_777' title='bbox 1958 4069 2338 4143; x_wconf 87' lang='lat' dir='ltr'><strong>hujuscemodi</strong></span> <span class='ocrx_word' id='word_1_778' title='bbox 2370 4069 2512 4134; x_wconf 89' lang='lat' dir='ltr'><strong>oleo,</strong></span> <span class='ocrx_word' id='word_1_779' title='bbox 2534 4083 2645 4123; x_wconf 91' lang='lat' dir='ltr'><strong>non</strong></span> <span class='ocrx_word' id='word_1_780' title='bbox 2675 4066 2744 4121; x_wconf 90' lang='lat' dir='ltr'><strong>ab</strong></span> <span class='ocrx_word' id='word_1_781' title='bbox 2769 4063 3086 4119; x_wconf 91' lang='lat' dir='ltr'><strong>hominibus</strong></span> <span class='ocrx_word' id='word_1_782' title='bbox 3109 4076 3286 4132; x_wconf 91' lang='lat' dir='ltr'><strong>neque</strong></span> <span class='ocrx_word' id='word_1_783' title='bbox 3304 4073 3404 4131; x_wconf 84' lang='lat' dir='ltr'><strong>per</strong></span> 
     </span>
    </p>
   </div>
   <div class='ocr_carea' id='block_1_102' title="bbox 1828 4149 3405 4230">
    <p class='ocr_par' dir='ltr' id='par_1_102' title="bbox 1828 4149 3405 4230">
     <span class='ocr_line' id='line_1_103' title="bbox 1828 4149 3405 4230; baseline -0.011 -9"><span class='ocrx_word' id='word_1_784' title='bbox 1828 4166 2097 4230; x_wconf 88' lang='lat' dir='ltr'><strong>homines,</strong></span> <span class='ocrx_word' id='word_1_785' title='bbox 2148 4161 2243 4218; x_wconf 88' lang='lat' dir='ltr'><strong>sed</strong></span> <span class='ocrx_word' id='word_1_786' title='bbox 2292 4161 2359 4216; x_wconf 89' lang='lat' dir='ltr'><strong>ab</strong></span> <span class='ocrx_word' id='word_1_787' title='bbox 2409 4161 2530 4230; x_wconf 90' lang='lat' dir='ltr'><strong>ipso</strong></span> <span class='ocrx_word' id='word_1_788' title='bbox 2575 4157 2682 4213; x_wconf 90' lang='lat' dir='ltr'><strong>Deo</strong></span> <span class='ocrx_word' id='word_1_789' title='bbox 2725 4157 2886 4212; x_wconf 85' lang='lat' dir='ltr'><strong>Patre</strong></span> <span class='ocrx_word' id='word_1_790' title='bbox 2923 4155 2994 4210; x_wconf 90' lang='lat' dir='ltr'><strong>sit</strong></span> <span class='ocrx_word' id='word_1_791' title='bbox 3022 4160 3243 4217; x_wconf 89' lang='lat' dir='ltr'><strong>unctus,</strong></span> <span class='ocrx_word' id='word_1_792' title='bbox 3272 4149 3405 4222; x_wconf 90' lang='lat' dir='ltr'><strong>quid</strong></span> 
     </span>
    </p>
   </div>
   <div class='ocr_carea' id='block_1_103' title="bbox 1827 4241 3410 4323">
    <p class='ocr_par' dir='ltr' id='par_1_103' title="bbox 1827 4241 3410 4323">
     <span class='ocr_line' id='line_1_104' title="bbox 1827 4241 3410 4323; baseline -0.009 -10"><span class='ocrx_word' id='word_1_793' title='bbox 1827 4257 1976 4313; x_wconf 91' lang='lat' dir='ltr'><strong>aliud</strong></span> <span class='ocrx_word' id='word_1_794' title='bbox 2035 4255 2231 4311; x_wconf 89' lang='lat' dir='ltr'><strong>merito</strong></span> <span class='ocrx_word' id='word_1_795' title='bbox 2287 4267 2452 4323; x_wconf 91' lang='lat' dir='ltr'><strong>quam</strong></span> <span class='ocrx_word' id='word_1_796' title='bbox 2523 4248 2777 4305; x_wconf 88' lang='lat' dir='ltr'><strong>Christus</strong></span> <span class='ocrx_word' id='word_1_797' title='bbox 2842 4247 2915 4304; x_wconf 89' lang='lat' dir='ltr'><strong>sit</strong></span> <span class='ocrx_word' id='word_1_798' title='bbox 2982 4242 3351 4300; x_wconf 88' lang='lat' dir='ltr'><strong>nominandus</strong></span> <span class='ocrx_word' id='word_1_799' title='bbox 3382 4241 3410 4298; x_wconf 79' lang='lat'><strong>?</strong></span> 
     </span>
    </p>
   </div>
   <div class='ocr_carea' id='block_1_104' title="bbox 1826 4333 3407 4420">
    <p class='ocr_par' dir='ltr' id='par_1_104' title="bbox 1826 4333 3407 4420">
     <span class='ocr_line' id='line_1_105' title="bbox 1826 4333 3407 4420; baseline -0.008 -17"><span class='ocrx_word' id='word_1_800' title='bbox 1826 4364 1957 4420; x_wconf 75' lang='lat' dir='ltr'><strong>ergo</strong></span> <span class='ocrx_word' id='word_1_801' title='bbox 2012 4344 2265 4402; x_wconf 90' lang='lat' dir='ltr'><strong>eumdem</strong></span> <span class='ocrx_word' id='word_1_802' title='bbox 2318 4342 2485 4396; x_wconf 89' lang='lat' dir='ltr'><strong>etiam</strong></span> <span class='ocrx_word' id='word_1_803' title='bbox 2546 4338 2716 4394; x_wconf 90' lang='lat' dir='ltr'><strong>Deum</strong></span> <span class='ocrx_word' id='word_1_804' title='bbox 2775 4337 2938 4394; x_wconf 85' lang='lat' dir='ltr'><strong>simul</strong></span> <span class='ocrx_word' id='word_1_805' title='bbox 2973 4335 3243 4391; x_wconf 88' lang='lat' dir='ltr'><strong>nominari</strong></span> <span class='ocrx_word' id='word_1_806' title='bbox 3290 4333 3407 4403; x_wconf 82' lang='lat' dir='ltr'><strong>jam</strong></span> 
     </span>
    </p>
   </div>
   <div class='ocr_carea' id='block_1_105' title="bbox 1828 4428 3406 4508">
    <p class='ocr_par' dir='ltr' id='par_1_105' title="bbox 1828 4428 3406 4508">
     <span class='ocr_line' id='line_1_106' title="bbox 1828 4428 3406 4508; baseline -0.013 -12"><span class='ocrx_word' id='word_1_807' title='bbox 1828 4447 2061 4505; x_wconf 85' lang='lat' dir='ltr'><strong>constat,</strong></span> <span class='ocrx_word' id='word_1_808' title='bbox 2124 4432 2583 4508; x_wconf 89' lang='lat' dir='ltr'><strong>quemadmodum</strong></span> <span class='ocrx_word' id='word_1_809' title='bbox 2639 4430 2858 4502; x_wconf 89' lang='lat' dir='ltr'><strong>quidem</strong></span> <span class='ocrx_word' id='word_1_810' title='bbox 2904 4428 3022 4484; x_wconf 90' lang='lat' dir='ltr'><strong>suis</strong></span> <span class='ocrx_word' id='word_1_811' title='bbox 3062 4428 3197 4482; x_wconf 90' lang='lat' dir='ltr'><strong>locis</strong></span> <span class='ocrx_word' id='word_1_812' title='bbox 3243 4431 3406 4478; x_wconf 87' lang='lat' dir='ltr'><strong>antea</strong></span> 
     </span>
    </p>
   </div>
   <div class='ocr_carea' id='block_1_106' title="bbox 1829 4516 3407 4596">
    <p class='ocr_par' dir='ltr' id='par_1_106' title="bbox 1829 4516 3407 4596">
     <span class='ocr_line' id='line_1_107' title="bbox 1829 4516 3407 4596; baseline -0.015 -6"><span class='ocrx_word' id='word_1_813' title='bbox 1829 4534 2261 4590; x_wconf 84' lang='lat' dir='ltr'><strong>demonstratum</strong></span> <span class='ocrx_word' id='word_1_814' title='bbox 2292 4534 2396 4583; x_wconf 93' lang='lat' dir='ltr'><strong>est.</strong></span> <span class='ocrx_word' id='word_1_815' title='bbox 2435 4525 2634 4581; x_wconf 71' lang='lat' dir='ltr'><strong>Verum</strong></span> <span class='ocrx_word' id='word_1_816' title='bbox 2664 4538 2784 4596; x_wconf 70' lang='lat' dir='ltr'><strong>quae</strong></span> <span class='ocrx_word' id='word_1_817' title='bbox 2806 4522 2947 4593; x_wconf 92' lang='lat' dir='ltr'><strong>apud</strong></span> <span class='ocrx_word' id='word_1_818' title='bbox 2978 4520 3169 4577; x_wconf 86' lang='lat' dir='ltr'><strong>Isaiam</strong></span> <span class='ocrx_word' id='word_1_819' title='bbox 3200 4516 3407 4587; x_wconf 76' lang='lat' dir='ltr'><strong>scripta</strong></span> 
     </span>
    </p>
   </div>
   <div class='ocr_carea' id='block_1_107' title="bbox 1832 4612 3407 4687">
    <p class='ocr_par' dir='ltr' id='par_1_107' title="bbox 1832 4612 3407 4687">
     <span class='ocr_line' id='line_1_108' title="bbox 1832 4612 3407 4687; baseline -0.012 -6"><span class='ocrx_word' id='word_1_820' title='bbox 1832 4628 1961 4682; x_wconf 89' lang='lat' dir='ltr'><strong>olim</strong></span> <span class='ocrx_word' id='word_1_821' title='bbox 2030 4624 2322 4679; x_wconf 89' lang='lat' dir='ltr'><strong>citavimus</strong></span> <span class='ocrx_word' id='word_1_822' title='bbox 2353 4661 2369 4686; x_wconf 89' lang='lat'><strong>,</strong></span> <span class='ocrx_word' id='word_1_823' title='bbox 2433 4619 2526 4674; x_wconf 89' lang='lat' dir='ltr'><strong>hic</strong></span> <span class='ocrx_word' id='word_1_824' title='bbox 2592 4631 2812 4687; x_wconf 87' lang='lat' dir='ltr'><strong>quoque</strong></span> <span class='ocrx_word' id='word_1_825' title='bbox 2882 4612 3176 4684; x_wconf 87' lang='lat' dir='ltr'><strong>repetenda</strong></span> <span class='ocrx_word' id='word_1_826' title='bbox 3235 4614 3407 4677; x_wconf 85' lang='lat' dir='ltr'><strong>sunt,</strong></span> 
     </span>
    </p>
   </div>
   <div class='ocr_carea' id='block_1_108' title="bbox 1835 4699 3413 4784">
    <p class='ocr_par' dir='ltr' id='par_1_108' title="bbox 1835 4699 3413 4784">
     <span class='ocr_line' id='line_1_109' title="bbox 1835 4699 3413 4784; baseline -0.015 -8"><span class='ocrx_word' id='word_1_827' title='bbox 1835 4721 1925 4776; x_wconf 90' lang='lat' dir='ltr'><strong>ubi</strong></span> <span class='ocrx_word' id='word_1_828' title='bbox 1979 4718 2070 4773; x_wconf 86' lang='lat' dir='ltr'><strong>ille</strong></span> <span class='ocrx_word' id='word_1_829' title='bbox 2103 4716 2179 4770; x_wconf 90' lang='lat' dir='ltr'><strong>ait</strong></span> <span class='ocrx_word' id='word_1_830' title='bbox 2215 4733 2230 4770; x_wconf 90' lang='lat'><strong>:</strong></span> <span class='ocrx_word' id='word_1_831' title='bbox 2275 4734 2293 4767; x_wconf 82' lang='grc' dir='ltr'><strong>ι</strong></span> <span class='ocrx_word' id='word_1_832' title='bbox 2329 4711 2567 4784; x_wconf 87' lang='lat' dir='ltr'><strong>Spiritus</strong></span> <span class='ocrx_word' id='word_1_833' title='bbox 2599 4707 2813 4764; x_wconf 88' lang='lat' dir='ltr'><strong>Domini</strong></span> <span class='ocrx_word' id='word_1_834' title='bbox 2865 4721 3029 4776; x_wconf 87' lang='lat' dir='ltr'><strong>super</strong></span> <span class='ocrx_word' id='word_1_835' title='bbox 3071 4718 3191 4768; x_wconf 92' lang='lat' dir='ltr'><strong>me,</strong></span> <span class='ocrx_word' id='word_1_836' title='bbox 3246 4699 3413 4769; x_wconf 80' lang='lat' dir='ltr'><strong>cujus</strong></span> 
     </span>
    </p>
   </div>
   <div class='ocr_carea' id='block_1_109' title="bbox 1834 4789 3410 4871">
    <p class='ocr_par' dir='ltr' id='par_1_109' title="bbox 1834 4789 3410 4871">
     <span class='ocr_line' id='line_1_110' title="bbox 1834 4789 3410 4871; baseline -0.013 -8"><span class='ocrx_word' id='word_1_837' title='bbox 1834 4822 1999 4865; x_wconf 89' lang='lat' dir='ltr'><strong>causa</strong></span> <span class='ocrx_word' id='word_1_838' title='bbox 2053 4804 2208 4860; x_wconf 81' lang='lat' dir='ltr'><strong>unxit</strong></span> <span class='ocrx_word' id='word_1_839' title='bbox 2266 4818 2387 4867; x_wconf 91' lang='lat' dir='ltr'><strong>me,</strong></span> <span class='ocrx_word' id='word_1_840' title='bbox 2447 4798 2823 4871; x_wconf 76' lang='lat' dir='ltr'><strong>evangelizare</strong></span> <span class='ocrx_word' id='word_1_841' title='bbox 2870 4793 3199 4866; x_wconf 85' lang='lat' dir='ltr'><strong>pauperibus</strong></span> <span class='ocrx_word' id='word_1_842' title='bbox 3256 4789 3410 4845; x_wconf 88' lang='lat' dir='ltr'><strong>misit</strong></span> 
     </span>
    </p>
   </div>
   <div class='ocr_carea' id='block_1_110' title="bbox 1833 4880 3414 4962">
    <p class='ocr_par' dir='ltr' id='par_1_110' title="bbox 1833 4880 3414 4962">
     <span class='ocr_line' id='line_1_111' title="bbox 1833 4880 3414 4962; baseline -0.013 -6"><span class='ocrx_word' id='word_1_843' title='bbox 1833 4916 1960 4962; x_wconf 84' lang='lat' dir='ltr'><strong>me,</strong></span> <span class='ocrx_word' id='word_1_844' title='bbox 2019 4912 2214 4955; x_wconf 85' lang='lat' dir='ltr'><strong>sanare</strong></span> <span class='ocrx_word' id='word_1_845' title='bbox 2259 4894 2530 4950; x_wconf 84' lang='lat' dir='ltr'><strong>contritos</strong></span> <span class='ocrx_word' id='word_1_846' title='bbox 2584 4889 2772 4955; x_wconf 89' lang='lat' dir='ltr'><strong>corde,</strong></span> <span class='ocrx_word' id='word_1_847' title='bbox 2828 4885 3126 4959; x_wconf 64' lang='lat' dir='ltr'><strong>praedicare</strong></span> <span class='ocrx_word' id='word_1_848' title='bbox 3178 4880 3414 4952; x_wconf 84' lang='lat' dir='ltr'><strong>captivis</strong></span> 
     </span>
    </p>
   </div>
   <div class='ocr_carea' id='block_1_111' title="bbox 1837 4976 3410 5052">
    <p class='ocr_par' dir='ltr' id='par_1_111' title="bbox 1837 4976 3410 5052">
     <span class='ocr_line' id='line_1_112' title="bbox 1837 4976 3410 5052; baseline -0.012 -7"><span class='ocrx_word' id='word_1_849' title='bbox 1837 4989 2236 5052; x_wconf 87' lang='lat' dir='ltr'><strong>remissionem,</strong></span> <span class='ocrx_word' id='word_1_850' title='bbox 2284 4996 2339 5041; x_wconf 87' lang='lat' dir='ltr'><strong>et</strong></span> <span class='ocrx_word' id='word_1_851' title='bbox 2384 4984 2545 5041; x_wconf 52' lang='lat' dir='ltr'><strong>caecis</strong></span> <span class='ocrx_word' id='word_1_852' title='bbox 2582 4985 2761 5038; x_wconf 87' lang='lat' dir='ltr'><strong>visum</strong></span> <span class='ocrx_word' id='word_1_853' title='bbox 2797 4981 2864 5032; x_wconf 74' lang='grc' dir='ltr'><strong>τ’.</strong></span> <span class='ocrx_word' id='word_1_854' title='bbox 2911 4998 2930 5030; x_wconf 74' lang='grc' dir='ltr'><strong>ι</strong></span> <span class='ocrx_word' id='word_1_855' title='bbox 2973 4978 3029 5031; x_wconf 91' lang='lat' dir='ltr'><strong>In</strong></span> <span class='ocrx_word' id='word_1_856' title='bbox 3071 4976 3156 5030; x_wconf 80' lang='lat' dir='ltr'><strong>bis</strong></span> <span class='ocrx_word' id='word_1_857' title='bbox 3192 4988 3410 5043; x_wconf 91' lang='lat' dir='ltr'><strong>quoque</strong></span> 
     </span>
    </p>
   </div>
   <div class='ocr_carea' id='block_1_112' title="bbox 1835 5064 3410 5147">
    <p class='ocr_par' dir='ltr' id='par_1_112' title="bbox 1835 5064 3410 5147">
     <span class='ocr_line' id='line_1_113' title="bbox 1835 5064 3410 5147; baseline -0.013 -9"><span class='ocrx_word' id='word_1_858' title='bbox 1835 5079 2353 5142; x_wconf 87' lang='lat' dir='ltr'><strong>demonstravimus,</strong></span> <span class='ocrx_word' id='word_1_859' title='bbox 2416 5074 2563 5147; x_wconf 89' lang='lat' dir='ltr'><strong>quod</strong></span> <span class='ocrx_word' id='word_1_860' title='bbox 2610 5075 2705 5144; x_wconf 87' lang='lat' dir='ltr'><strong>qui</strong></span> <span class='ocrx_word' id='word_1_861' title='bbox 2769 5070 3044 5143; x_wconf 86' lang='lat' dir='ltr'><strong>quondam</strong></span> <span class='ocrx_word' id='word_1_862' title='bbox 3097 5064 3410 5123; x_wconf 84' lang='lat' dir='ltr'><strong>sacerdotes</strong></span> 
     </span>
    </p>
   </div>
   <div class='ocr_carea' id='block_1_113' title="bbox 1831 5156 3410 5233">
    <p class='ocr_par' dir='ltr' id='par_1_113' title="bbox 1831 5156 3410 5233">
     <span class='ocr_line' id='line_1_114' title="bbox 1831 5156 3410 5233; baseline -0.015 -3"><span class='ocrx_word' id='word_1_863' title='bbox 1831 5191 1898 5231; x_wconf 78' lang='lat' dir='ltr'><strong>ex</strong></span> <span class='ocrx_word' id='word_1_864' title='bbox 1943 5169 2281 5233; x_wconf 87' lang='lat' dir='ltr'><strong>hominibus,</strong></span> <span class='ocrx_word' id='word_1_865' title='bbox 2325 5169 2393 5223; x_wconf 90' lang='lat' dir='ltr'><strong>ad</strong></span> <span class='ocrx_word' id='word_1_866' title='bbox 2448 5168 2526 5223; x_wconf 89' lang='lat' dir='ltr'><strong>rei</strong></span> <span class='ocrx_word' id='word_1_867' title='bbox 2556 5168 2755 5222; x_wconf 64' lang='lat' dir='ltr'><strong>divina:</strong></span> <span class='ocrx_word' id='word_1_868' title='bbox 2789 5164 2995 5219; x_wconf 88' lang='lat' dir='ltr'><strong>cultum</strong></span> <span class='ocrx_word' id='word_1_869' title='bbox 3035 5156 3410 5218; x_wconf 87' lang='lat' dir='ltr'><strong>accedebant,</strong></span> 
     </span>
    </p>
   </div>
   <div class='ocr_carea' id='block_1_114' title="bbox 1833 5245 3414 5338">
    <p class='ocr_par' dir='ltr' id='par_1_114' title="bbox 1833 5245 3414 5338">
     <span class='ocr_line' id='line_1_115' title="bbox 1833 5245 3414 5338; baseline -0.016 -15"><span class='ocrx_word' id='word_1_870' title='bbox 1833 5268 1889 5324; x_wconf 90' lang='lat' dir='ltr'><strong>bi</strong></span> <span class='ocrx_word' id='word_1_871' title='bbox 1943 5269 2225 5338; x_wconf 75' lang='lat' dir='ltr'><strong>unguento</strong></span> <span class='ocrx_word' id='word_1_872' title='bbox 2295 5260 2593 5317; x_wconf 84' lang='lat' dir='ltr'><strong>artiﬁciose</strong></span> <span class='ocrx_word' id='word_1_873' title='bbox 2653 5259 2972 5325; x_wconf 87' lang='lat' dir='ltr'><strong>comparato</strong></span> <span class='ocrx_word' id='word_1_874' title='bbox 3043 5245 3414 5318; x_wconf 79' lang='lat' dir='ltr'><strong>ungebantur.</strong></span> 
     </span>
    </p>
   </div>
   <div class='ocr_carea' id='block_1_115' title="bbox 1838 5332 3415 5432">
    <p class='ocr_par' dir='ltr' id='par_1_115' title="bbox 1838 5332 3415 5432">
     <span class='ocr_line' id='line_1_116' title="bbox 1838 5332 3415 5432; baseline -0.024 -10"><span class='ocrx_word' id='word_1_875' title='bbox 1838 5361 1996 5432; x_wconf 81' lang='lat'><strong>193</strong></span> <span class='ocrx_word' id='word_1_876' title='bbox 2025 5332 2100 5414; x_wconf 67' lang='grc' dir='ltr'><strong>λι</strong></span> <span class='ocrx_word' id='word_1_877' title='bbox 2144 5375 2306 5432; x_wconf 84' lang='lat' dir='ltr'><strong>quem</strong></span> <span class='ocrx_word' id='word_1_878' title='bbox 2353 5353 2635 5425; x_wconf 88' lang='lat' dir='ltr'><strong>prophetia</strong></span> <span class='ocrx_word' id='word_1_879' title='bbox 2672 5345 2980 5418; x_wconf 78' lang='lat' dir='ltr'><strong>signiﬁcat,</strong></span> <span class='ocrx_word' id='word_1_880' title='bbox 3017 5340 3064 5395; x_wconf 91' lang='lat' dir='ltr'><strong>is</strong></span> <span class='ocrx_word' id='word_1_881' title='bbox 3095 5339 3297 5432; x_wconf 47' lang='lat' dir='ltr'><strong>vir-tute</strong></span> <span class='ocrx_word' id='word_1_882' title='bbox 3326 5332 3415 5387; x_wconf 84' lang='lat' dir='ltr'><strong>di-</strong></span> 
     </span>
    </p>
   </div>
   <div class='ocr_carea' id='block_1_116' title="bbox 1840 5423 3413 5508">
    <p class='ocr_par' dir='ltr' id='par_1_116' title="bbox 1840 5423 3413 5508">
     <span class='ocr_line' id='line_1_117' title="bbox 1840 5423 3413 5508; baseline -0.021 0"><span class='ocrx_word' id='word_1_883' title='bbox 1840 5423 1990 5508; x_wconf 50' lang='lat' dir='ltr'><strong>BH;</strong></span> <span class='ocrx_word' id='word_1_884' title='bbox 2009 5423 2211 5506; x_wconf 76' lang='lat' dir='ltr'><strong>unctus</strong></span> <span class='ocrx_word' id='word_1_885' title='bbox 2244 5423 2368 5505; x_wconf 81' lang='lat' dir='ltr'><strong>esse</strong></span> <span class='ocrx_word' id='word_1_886' title='bbox 2404 5423 2625 5505; x_wconf 77' lang='lat' dir='ltr'><strong>dicitur,</strong></span> <span class='ocrx_word' id='word_1_887' title='bbox 2653 5446 2832 5494; x_wconf 59' lang='lat' dir='ltr'><strong>ethoc</strong></span> <span class='ocrx_word' id='word_1_888' title='bbox 2855 5443 3024 5490; x_wconf 88' lang='lat' dir='ltr'><strong>totum</strong></span> <span class='ocrx_word' id='word_1_889' title='bbox 3055 5429 3122 5485; x_wconf 90' lang='lat' dir='ltr'><strong>ad</strong></span> <span class='ocrx_word' id='word_1_890' title='bbox 3158 5423 3413 5480; x_wconf 78' lang='lat' dir='ltr'><strong>Salvato-</strong></span> 
     </span>
    </p>
   </div>
   <div class='ocr_carea' id='block_1_117' title="bbox 1841 5520 3413 5607">
    <p class='ocr_par' dir='ltr' id='par_1_117' title="bbox 1841 5520 3413 5607">
     <span class='ocr_line' id='line_1_118' title="bbox 1841 5520 3413 5607; baseline -0.022 -5"><span class='ocrx_word' id='word_1_891' title='bbox 1841 5561 1954 5602; x_wconf 88' lang='lat' dir='ltr'><strong>rem</strong></span> <span class='ocrx_word' id='word_1_892' title='bbox 1985 5552 2236 5600; x_wconf 87' lang='lat' dir='ltr'><strong>nostrum</strong></span> <span class='ocrx_word' id='word_1_893' title='bbox 2273 5539 2479 5605; x_wconf 72' lang='lat' dir='ltr'><strong>Iesum,</strong></span> <span class='ocrx_word' id='word_1_894' title='bbox 2524 5535 2618 5607; x_wconf 90' lang='lat' dir='ltr'><strong>qui</strong></span> <span class='ocrx_word' id='word_1_895' title='bbox 2650 5533 2801 5588; x_wconf 89' lang='lat' dir='ltr'><strong>solus</strong></span> <span class='ocrx_word' id='word_1_896' title='bbox 2831 5542 2997 5585; x_wconf 85' lang='lat' dir='ltr'><strong>verus</strong></span> <span class='ocrx_word' id='word_1_897' title='bbox 3042 5521 3295 5577; x_wconf 89' lang='lat' dir='ltr'><strong>Christus</strong></span> <span class='ocrx_word' id='word_1_898' title='bbox 3329 5520 3413 5569; x_wconf 88' lang='lat' dir='ltr'><strong>est</strong></span> 
     </span>
    </p>
   </div>
   <div class='ocr_carea' id='block_1_118' title="bbox 1840 5612 3414 5704">
    <p class='ocr_par' dir='ltr' id='par_1_118' title="bbox 1840 5612 3414 5704">
     <span class='ocr_line' id='line_1_119' title="bbox 1840 5612 3414 5704; baseline -0.021 -12"><span class='ocrx_word' id='word_1_899' title='bbox 1840 5638 1959 5704; x_wconf 89' lang='lat' dir='ltr'><strong>Dei,</strong></span> <span class='ocrx_word' id='word_1_900' title='bbox 1987 5635 2329 5693; x_wconf 79' lang='lat' dir='ltr'><strong>referebatur</strong></span> <span class='ocrx_word' id='word_1_901' title='bbox 2367 5651 2380 5687; x_wconf 91' lang='lat'><strong>:</strong></span> <span class='ocrx_word' id='word_1_902' title='bbox 2413 5630 2503 5703; x_wconf 89' lang='lat' dir='ltr'><strong>qui</strong></span> <span class='ocrx_word' id='word_1_903' title='bbox 2537 5626 2754 5700; x_wconf 90' lang='lat' dir='ltr'><strong>quidem</strong></span> <span class='ocrx_word' id='word_1_904' title='bbox 2779 5622 3029 5679; x_wconf 88' lang='lat' dir='ltr'><strong>Salvator</strong></span> <span class='ocrx_word' id='word_1_905' title='bbox 3058 5614 3117 5670; x_wconf 93' lang='lat' dir='ltr'><strong>in</strong></span> <span class='ocrx_word' id='word_1_906' title='bbox 3141 5612 3414 5667; x_wconf 77' lang='lat' dir='ltr'><strong>conventu</strong></span> 
     </span>
    </p>
   </div>
  </div>
