3880 6256
467 341 575 399 333

1104 336 1374 396 EUSEBll
1409 334 1896 393 cassanmnsrs
1932 335 2083 392 orp.
2105 335 2308 392 PARS.
2345 337 2413 392 ιι.
2452 367 2525 379 -
2552 335 3052 394 APOLOGETICA.
3601 345 3687 399 se;

463 458 779 516 Iudaeorum
803 454 1103 527 quondam,
1133 470 1257 509 cum
1289 453 1631 525 prophetiam
1649 453 1972 524 accepisset,
1994 461 2047 508 et

2150 453 2311 522 γνοὺς
2343 455 2439 507 καὶ
2470 453 2673 520 πτύξας
2707 453 2768 507 τὸ
2800 453 3020 525 βιϐλίον,
3060 453 3152 508 καὶ
3197 455 3429 520 ἀποδοὺς
3466 455 3541 528 τῷ
3569 460 3689 534 ὑπη-

465 552 647 608 locum
692 549 1001 621 expositum
1037 546 1264 617 legendo
1304 548 1708 617 percurrisset,
1757 547 1813 602 in
1862 547 2047 617 seipso

465 643 797 714 completum
831 655 975 704 esse,
1023 639 1169 710 quod
1199 640 1401 694 lectum
1439 647 1578 705 erat,
1607 640 1849 695 edocuit.
1885 638 2051 694 Scri-

466 743 620 808 ptum
646 741 733 790 est
769 736 937 799 enim,
971 741 1033 787 ut
1070 748 1193 787 cum
1226 734 1453 804 legisset
1481 734 1680 788 librum
1728 747 1792 788 ac
1822 732 2048 803 plicuis-

467 834 573 892 set,
610 826 975 896 ministroque
1010 824 1362 890 reddidisset,
1394 824 1594 881 deinde
1617 824 1839 889 sederit,
1879 833 2049 897 utque

465 919 712 974 omnium
746 918 891 974 oeuli
926 918 981 971 in
1030 926 1306 973 conventu
1348 919 1403 972 in
1428 916 1580 973 illum
1613 926 1801 974 essent
1829 918 2045 985 intenti,

470 1019 637 1082 atque
674 1018 736 1065 ut
764 1009 961 1067 deinde
980 1011 1209 1080 coeperit
1237 1010 1420 1065 dicere
1442 1010 1510 1065 ad
1545 1010 1692 1075 illos,
1715 1008 1861 1080 quod
1890 1028 1912 1061 ‹
1949 1009 2050 1064 ho-

470 1104 562 1159 die
611 1105 882 1175 completa
930 1114 1015 1160 est
1071 1102 1355 1174 Scriptura
1403 1104 1519 1158 hac
1571 1102 1626 1157 in
1677 1103 1901 1158 auribus
1952 1118 2048 1158 ve-

467 1197 601 1253 stris
631 1198 698 1252 ".
741 1216 760 1249 ι
794 1196 957 1253 Hisce
987 1198 1244 1253 omnibus
1287 1197 1355 1251 ad
1387 1205 1692 1253 extremum
1723 1196 1817 1251 illa
1849 1211 2047 1252 rursus

467 1303 592 1360 quae
621 1288 765 1358 apud
795 1288 1000 1346 Mosem
1031 1289 1261 1360 legimus
1311 1288 1562 1343 addenda
1594 1304 1904 1354 censemus,
1953 1288 2048 1359 qui

468 1397 616 1446 cum,
647 1381 716 1437 ad
763 1382 1041 1452 exemplar
1068 1382 1171 1438 sibi
1206 1381 1663 1447 demonstratum,
1704 1381 1889 1437 Aaron
1936 1380 2049 1436 fra-

466 1480 606 1528 trem
651 1489 811 1529 suum
857 1473 1165 1543 pontificem
1207 1473 1622 1539 constituisset,
1659 1473 1803 1528 sicut
1854 1488 2049 1528 oracu-

466 1565 583 1619 lum
622 1565 725 1635 ipsi
762 1573 1115 1635 prazceperat,
1166 1565 1314 1637 quod
1358 1565 1518 1633 dixit,
1554 1585 1574 1617 ι
1629 1564 1821 1622 Facies
1864 1565 2047 1620 omnia

469 1656 539 1711 ad
595 1658 876 1728 exemplar
930 1658 1366 1714 demonstratum
1427 1657 1529 1713 tibi
1584 1657 1640 1712 in
1696 1666 1880 1711 monte
1911 1657 1980 1724 ⁷³,
2024 1678 2042 1710 ι

472 1750 633 1820 plane
682 1749 1029 1821 signiﬁcavit,
1076 1750 1224 1821 quod
1270 1749 1472 1806 mentis
1525 1749 1723 1814 oculis,
1753 1749 2050 1820 divinoque

2152 545 2302 617 ρέτῃ,
2330 545 2553 599 ἐκάθισε
2576 561 2591 575 ⁸
2638 546 2732 598 καὶ
2763 546 2980 600 πάντων
3011 547 3061 598 οἱ
3101 544 3367 616 ὀφθαλμοὶ
3399 548 3455 601 ἐν
3484 551 3545 620 τῇ
3583 568 3689 606 συν-

2147 638 2334 708 αγωγῇ
2385 631 2527 708 ἦσαν
2580 636 2916 701 ἀτενίζοντες
2956 634 3139 708 αὐτῷ,
3187 635 3389 708 ῆρξατο
3433 636 3488 691 δὲ
3537 638 3691 708 λέγειν

2149 727 2285 800 πρὸς
2322 727 2552 793 αὐτοὺς,
2588 729 2671 781 ὅτι
2710 746 2728 779 ι
2764 728 3012 800 Σήμερον
3049 727 3404 800 πεπλήρωται
3448 730 3482 800 ἠ
3526 729 3692 807 Γραφῆ

2147 821 2286 891 αὕτη
2313 822 2372 874 ἐν
2402 822 2514 884 τοῖς
2537 820 2669 873 ώσὶν
2696 819 2869 891 ὑμῶν.
2898 839 2916 871 ι
2947 819 3070 872 Ἐπί
3093 818 3302 883 τούτοις
3331 819 3499 872 ἅπασι
3532 822 3616 874 καὶ
3636 824 3694 878 τά

2147 910 2390 975 Μωσέως
2430 907 2584 974 αὖθις
2626 909 3008 982 παραθετέονλ
3038 909 3098 973 ὃς
3132 909 3273 964 κατὰ
3306 910 3399 965 τὸν
3445 911 3694 984 δειχθέντα

2147 1004 2295 1076 αὐτῷ
2317 1005 2511 1071 τύπον,
2537 1004 2628 1058 τὸν
2673 1003 2802 1058 ἴδιον
2843 1001 3069 1073 ἀδελφὸν
3097 1004 3189 1057 τὸν
3220 1002 3430 1075 ’Δαρὼν
3463 1005 3693 1078 ἀρχιερέα

2148 1098 2650 1168 καταστησάμενος,
2683 1093 2990 1159 ἀκολούθως
3013 1094 3090 1166 τῷ
3123 1096 3356 1167 φήσαντι
3390 1096 3522 1168 πρὸς
3556 1099 3694 1153 αὑτὸν

2140 1192 2401 1266 χρησμῷ,
2435 1211 2454 1244 ι
2483 1192 2737 1257 Ποιήσεις
2768 1191 2944 1245 πάντα
2988 1188 3127 1243 κατὰ
3168 1189 3259 1243 τὸν
3297 1188 3466 1243 τύπον
3488 1191 3573 1244 τὸν
3601 1192 3695 1246 δει-

2146 1286 2347 1358 χθέντα
2380 1302 2460 1339 σοι
2503 1287 2562 1338 ὲν
2598 1282 2676 1355 τῷ
2705 1283 2822 1355 ὄρει
2843 1323 2858 1347 ,
2891 1302 2910 1334 ι
2935 1282 3094 1353 δῆλός
3132 1284 3317 1348 ἐστιν,
3353 1282 3429 1346 ὼς
3470 1286 3577 1347 τοῖς
3612 1285 3695 1356 τῆς

2147 1377 2384 1440 διανοίας
2415 1375 2627 1447 ὄμμασι
2663 1374 2862 1445 καὶτῷ
2900 1374 3030 1445 θείῳ
3064 1372 3343 1443 Πνεύματι
3383 1374 3597 1428 συνιδὼν
3619 1375 3695 1429 τὸν

2153 1470 2324 1540 μέγαν
2338 1467 2446 1521 τῶν
2464 1466 2599 1520 ὅλων
2615 1466 2892 1539 ἀρχιερέα,
2907 1466 2997 1519 τὸν
3013 1464 3185 1537 ἀληθῆ
3200 1465 3434 1536 Χριστὸν
3452 1465 3542 1518 τοῦ
3560 1465 3694 1532 Θεοῦ,

2149 1556 2210 1617 οῦ
2235 1560 2372 1633 μετά
2405 1560 2502 1631 τῆς
2560 1558 2725 1630 ἄλλης
2760 1558 3076 1629 σωματικῆς
3101 1557 3195 1610 καὶ
3214 1556 3451 1626 τυπικῆς
3472 1556 3697 1628 λατρείας

2148 1653 2245 1725 τὴν
2273 1654 2455 1707 εἰκόνα
2471 1652 2809 1724 διαγράφων,
2843 1650 2933 1704 τὸν
2954 1649 3260 1722 δηλωθέντα
3281 1652 3347 1722 τῇ
3378 1650 3473 1703 τοῦ
3493 1650 3698 1722 ἀληθοῦς

2149 1745 2386 1818 Χριστοῦ
2423 1743 2784 1817 προσωνυμίᾳ
2820 1742 3104 1814 τετίμηκε.
3135 1742 3306 1796 Τοῦτο
3342 1743 3402 1797 δέ
3431 1744 3697 1816 παρίστησι

468 1841 668 1912 spiritu
698 1857 954 1912 magnum
1000 1842 1240 1897 universi
1271 1841 1583 1912 pontificem
1611 1841 1826 1906 viderit,
1859 1856 2047 1896 verum

2153 1839 2249 1893 καί¹
2266 1839 2295 1890 ὁ
2322 1838 2464 1902 θεῖος
2492 1835 2805 1901 ἀπόστολος,
2831 1836 3004 1905 λέγων
3038 1837 3166 1908 περὶ
3190 1836 3297 1892 τῶν
3327 1837 3466 1892 κατά
3483 1838 3567 1892 τὸν
3586 1840 3697 1894 Μω-

471 1935 656 2006 utique
704 1934 983 1991 Christum
1031 1934 1149 2001 Dei,
1185 1935 1345 2005 cujus
1391 1934 1522 1989 dum
1573 1934 1864 2005 imaginem
1917 1949 2044 1989 cum

469 2028 574 2083 alia
597 2029 867 2099 corporali
893 2029 1064 2100 ﬁgura
1114 2044 1255 2100 aque
1277 2026 1597 2083 adoratione
1614 2025 1874 2083 describit
1896 2042 2041 2091 eum,

467 2119 562 2187 qui
592 2116 696 2173 sibi
735 2118 807 2172 sit
842 2118 1268 2184 demonstratu's,
1302 2117 1531 2173 alterius
1562 2118 1678 2174 veri
1709 2117 1915 2173 Christi
1946 2134 2043 2188 ap-

467 2208 761 2279 pellatione
815 2208 1120 2265 adornavit.
1165 2209 1347 2281 Ipsum
1396 2208 1501 2263 hoc
1557 2209 1777 2265 divinus
1829 2225 2047 2280 quoque

465 2299 765 2369 Apostolus
803 2302 1146 2371 comprobat,
1184 2302 1277 2357 ubi
1326 2301 1395 2358 de
1447 2301 1615 2357 Mosis
1661 2302 1874 2374 legibus
1915 2304 2047 2359 dicit

469 2391 607 2447 illud
645 2412 658 2446 :
702 2412 721 2444 ι
783 2391 1222 2464 Quiexemplari
1269 2402 1434 2464 atque
1484 2393 1692 2448 umbrae
1734 2393 2049 2450 deserviunt

466 2484 935 2554 supercoelestium
965 2486 1031 2539 ⁷⁵.
1070 2505 1089 2538 ι
1128 2484 1195 2539 Ει
1232 2500 1425 2543 rursus
1470 2505 1484 2542 :
1538 2505 1556 2537 ‹
1592 2484 1855 2541 Umbram
1901 2487 2046 2542 enim

465 2573 677 2631 habens
720 2575 805 2630 lex
857 2575 1165 2631 futurorum
1213 2576 1481 2633 bonorqu
1513 2578 1580 2632 ⁷⁸.
1634 2597 1653 2629 ι
1691 2577 1756 2632 Ει
1797 2593 1993 2634 rursus
2029 2596 2043 2633 :

472 2683 493 2716 ι
530 2663 701 2721 Nemo
733 2666 901 2737 igitur
938 2682 1036 2722 vos
1061 2666 1271 2736 judicet
1313 2668 1369 2722 in
1400 2668 1524 2723 cibo
1553 2676 1646 2723 aut
1683 2676 1837 2738 potu,
1875 2676 1969 2723 aut
1992 2669 2047 2723 in

464 2764 623 2827 parte
666 2756 774 2812 diei
829 2755 987 2822 festi,
1022 2764 1116 2811 aut
1162 2759 1479 2823 neomenite,
1513 2765 1608 2812 aut
1659 2758 2044 2822 Sabbatorum,

466 2863 589 2917 quae
631 2839 761 2903 Sunt
811 2849 1005 2904 umbra
1065 2849 1377 2904 futurorum
1406 2852 1474 2906 ’⁷.
1512 2870 1530 2903 ι
1565 2849 1701 2907 Nam
1736 2851 1784 2907 si
1827 2866 1948 2921 quae
1978 2852 2047 2907 ad

466 2940 717 2995 ciborum
752 2940 1173 2996 indiﬂ'erentiam
1203 2942 1498 3013 pertinent.
1526 2951 1580 3000 et
1612 2960 1733 3015 qua:
1759 2945 1827 3001 de
1853 2945 2047 3004 diebus

469 3029 624 3085 festis
652 3039 709 3086 et
733 3032 976 3089 sabbatis
1010 3035 1125 3104 lege
1181 3036 1390 3089 sancita
1421 3045 1569 3102 sunt,
1596 3040 1753 3107 quasi
1794 3040 2045 3094 umbram

466 3122 744 3193 habentia,
779 3127 1052 3195 picturam
1096 3127 1327 3182 aliarum
1358 3135 1412 3182 et
1441 3145 1692 3185 verarum
1723 3139 1777 3186 et
1805 3134 2048 3187 occulta-

2149 1930 2285 1995 σέως
2311 1930 2492 2001 νόμον,
2529 1930 2609 1992 τὸ,
2653 1948 2671 1981 ι
2695 1928 2901 1992 Οἷτινες
2943 1928 3302 2000 ὑποδείγματι
3339 1931 3435 1984 καὶ
3466 1932 3584 2002 σκιᾷ
3619 1931 3699 1985 λα-

2124 2021 2397 2095 ·τρεύουσι
2418 2020 2525 2074 τῶν
2555 2018 2911 2092 ἐπουρανίων.
2944 2038 2962 2069 ι
2997 2018 3108 2071 Καὶ
3143 2018 3302 2073 πάλιν
3321 2035 3335 2048 ο
3376 2038 3395 2070 ι
3426 2020 3584 2073 Σκιάν
3609 2019 3698 2091 γὰρ

2147 2116 2285 2190 ἔχων
2316 2117 2345 2169 ό
2376 2116 2539 2187 νόμος
2562 2114 2670 2168 τῶν
2724 2112 3023 2185 μελλόντων
3067 2111 3307 2180 ἀγαθῶν.
3340 2131 3358 2163 ι
3389 2113 3499 2167 Kal.
3525 2112 3695 2167 πάλιν·

2153 2231 2172 2263 ι
2195 2209 2288 2281 Μὴ
2323 2204 2417 2263 οὖν
2439 2226 2520 2272 τις
2544 2207 2688 2278 ὑμᾶς
2711 2205 2940 2277 κρινέτω
2968 2204 3001 2277 ἢ
3039 2206 3097 2258 ἐν
3146 2202 3367 2277 βρώσει,
3396 2203 3430 2276 ἢ
3456 2207 3512 2258 ἐν
3542 2205 3699 2272 πόσει,

2146 2303 2258 2375 ἢέν
2284 2301 2439 2374 μέρει
2473 2299 2686 2371 ἑορτῆς,
2715 2298 2747 2370 ἢ
2780 2296 3153 2370 νουμηνίας,ἢ
3185 2296 3492 2361 σαϐϐάτων,
3532 2297 3566 2351 ἃ
3600 2298 3696 2350 ἐστι

2150 2393 2276 2448 σκιά
2304 2392 2413 2447 τῶν
2441 2391 2757 2464 μελλόντων.
2794 2409 2812 2442 ›
2840 2391 2903 2442 Εἰ
2934 2390 3043 2462 γὰρ
3074 2390 3140 2443 τὰ
3168 2390 3295 2461 περὶ
3319 2390 3422 2461 τῆς
3447 2389 3552 2444 τῶν
3577 2389 3697 2461 βρω-

2151 2486 2337 2555 μάτων
2359 2482 2700 2555 ἀδιαφορίας,
2725 2484 2818 2536 καὶ
2840 2481 2911 2536 τά
2942 2483 3071 2553 περὶ
3099 2481 3301 2554 ἑορτῶν
3326 2483 3425 2537 καὶ
3458 2480 3701 2537 σαϐϐάτου

2147 2574 2614 2647 νενομοθετημένα
2634 2614 2649 2639 ,
2682 2573 2757 2636 ὡς
2801 2572 2866 2626 ἂν
2900 2570 3101 2643 σκιώδη
3127 2571 3313 2636 υόντα,
3366 2569 3702 2645 ὑπογραμμὸν

2149 2669 2351 2739 ἐτέρων
2384 2666 2598 2739 ἀληθῶν
2645 2666 2739 2720 καὶ
2801 2662 3075 2736 μυστικῶν
3125 2664 3467 2735 πραγμάτων
3505 2662 3702 2727 ἔσωζεν.

2147 2763 2248 2816 οὐκ
2291 2760 2595 2824 ἀπεικότως
2640 2761 2786 2832 ἐρεῖς
2830 2759 2925 2812 καὶ
2968 2758 3059 2811 τὸν
3107 2755 3371 2829 ἀρχιερέα
3413 2758 3492 2821 εἰς
3540 2756 3704 2827 ἐτέρου

2147 2855 2449 2927 ἀρχιερέως
2481 2852 2846 2926 παρειλῆφθαι
2877 2849 3165 2922 σύμϐολον,
3189 2850 3284 2905 καὶ
3302 2849 3538 2922 Χριστὸν
3565 2847 3703 2902 αὑτὸν

2149 2947 2531 3021 ἐπωνομάσθαι
2556 2949 2637 3011 εἰς
2664 2947 2853 3017 ἐτέρου
2895 2943 2990 3000 τοῦ
3020 2944 3181 3016 μόνου
3216 2942 3312 2998 καὶ
3349 2941 3565 3014 ἀληθῶς
3594 2942 3707 3011 Χριο

2151 3038 2277 3094 στοῦ
2302 3056 2316 3070 ·
2347 3037 2599 3093 τοσοῦτον
2628 3055 2692 3107 γε
2733 3037 2839 3109 μὴν
2860 3035 3179 3107 λειπόμενον
3213 3033 3307 3089 τοῦ
3340 3032 3592 3107 ἀληθοῦς,
3623 3048 3706 3086 κα·

2150 3130 2304 3184 θόσον
2354 3130 2384 3182 ὁ
2435 3127 2534 3199 μὲν
2582 3126 2789 3200 ἀληθὴς
2835 3126 3067 3199 Χριστὸς
3115 3127 3252 3198 πρὸς
3294 3124 3392 3179 τοῦ
3442 3125 3548 3180 τῶν
3590 3123 3705 3177 ὅλων

467 3230 590 3270 rum
620 3231 804 3271 rerum
835 3217 1256 3285 conservabant,
1285 3234 1396 3274 non
1427 3220 1698 3278 immerito
1737 3224 1815 3280 sis
1852 3225 2047 3280 dictu-

2149 3219 2283 3273 Θεοῦ
2317 3191 2525 3273 ἀκούει’
2557 3237 2574 3269 ι
2599 3191 2783 3273 Κάθου
2808 3219 2874 3272 ἐκ
2890 3191 3087 3285 δεξιῶν
3118 3191 3242 3289 μου,
3267 3216 3377 3281 ἓως
3404 3217 3469 3272 ἂν
3506 3214 3579 3269 θῶ
3600 3215 3706 3278 τοὺς

467 3324 602 3372 rus,
648 3308 959 3379 pontiﬁcem
1003 3326 1224 3382 quoque
1267 3311 1494 3369 alterius
1544 3315 1820 3385 pontiﬁcis
1872 3317 2050 3372 instar

467 3408 808 3471 assumptum
856 3400 1050 3467 fuisse,
1096 3403 1458 3474 eumdemque
1488 3404 1769 3463 Christum
1800 3407 2050 3464 denomi-

468 3501 681 3559 natum,
723 3495 791 3550 ad
825 3496 1049 3552 alterius
1092 3504 1148 3552 et
1198 3499 1370 3553 solius
1400 3508 1454 3554 et
1482 3501 1594 3556 veri
1625 3500 1826 3557 Christi
1858 3502 2050 3574 imagi-

469 3603 617 3643 nem.
658 3587 761 3655 Qui
798 3596 981 3644 tamen
1014 3604 1043 3642 a
1072 3606 1200 3647 vero
1242 3592 1513 3663 tantisper
1543 3594 1893 3665 relinquitur.
1918 3595 2048 3650 dum

467 3695 630 3736 verus
679 3680 897 3750 quidem
948 3680 1235 3748 Christus,
1284 3683 1353 3739 ab
1397 3684 1638 3741 universi
1693 3685 1801 3741 Deo
1851 3686 2047 3740 audit:

473 3789 493 3822 ι
531 3770 675 3827 Sede
705 3786 736 3825 a
783 3773 987 3829 dextris
1016 3775 1175 3838 meis,
1208 3775 1384 3830 donec
1414 3792 1611 3847 ponam
1647 3777 1899 3834 inimicos
1928 3786 2052 3833 tuos

466 3864 763 3920 scabellum
788 3866 984 3936 pedum
1003 3873 1221 3920 tuorum
1237 3868 1303 3922 ⁷⁸.
1319 3886 1337 3918 ι
1360 3865 1425 3921 Ει
1446 3869 1578 3923 illud
1596 3887 1640 3923 ει
1660 3868 1737 3923 Ex
1753 3877 1910 3926 utero
1929 3879 2054 3927 ante

466 3951 779 4009 Luciferum
801 3956 961 4025 genui
984 3965 1037 4011 te
1051 3956 1117 4008 "’.
1144 3976 1163 4008 ι
1188 3956 1250 4010 Et
1268 3957 1398 4011 illud
1420 3979 1431 4012 :
1452 3978 1471 4009 ι
1496 3958 1704 4015 Juravit
1723 3960 1983 4018 Dominus
1999 3969 2055 4018 et

466 4058 579 4100 non
612 4046 894 4115 paenitebit
920 4062 1062 4102 eum.
1092 4047 1252 4120 194
1299 4050 1381 4103 Τιι
1429 4065 1489 4106 es
1518 4052 1774 4108 sacerdos
1812 4053 1868 4107 in
1896 4061 2053 4108 aiter.

468 4153 601 4193 num
637 4139 939 4193 secundum
973 4139 1220 4195 ordinem
1257 4141 1618 4199 Melchisedec
1647 4144 1713 4198 ⁸ο.
1756 4165 1774 4198 ι
1804 4143 1911 4201 Per
1933 4160 2054 4217 quae

469 4230 633 4303 plane
679 4246 802 4285 cum
841 4232 1060 4289 soboles
1089 4233 1186 4289 Dei
1235 4250 1300 4290 ac
1329 4235 1500 4291 Filius
1541 4243 1668 4292 ante
1713 4236 2049 4305 Luciferum,

470 4334 633 4393 atque
662 4330 787 4379 ante
815 4340 978 4380 omne
1005 4326 1282 4396 opiﬁcium
1310 4330 1600 4391 exstiterit,
1622 4330 1862 4400 pontifex
1894 4339 2053 4387 aeter-

469 4430 575 4470 nus
616 4422 702 4471 est
734 4415 1067 4474 declaratus.
1111 4418 1278 4476 Mosis
1325 4435 1454 4476 vero
1490 4421 1763 4487 Christus,
1793 4433 2050 4495 tanquam

2150 3311 2374 3385 ἐχθρούς
2387 3328 2479 3365 σου
2496 3310 2780 3365 ὑποπόδιον
2794 3309 2901 3363 τῶν
2918 3308 3091 3365 ποδῶν
3114 3326 3227 3362 σου·
3255 3328 3271 3362 ι
3289 3310 3453 3375 Καὶ,‹
3477 3311 3708 3363 Κατακυ-

2154 3402 2298 3475 ρίευε
2334 3405 2392 3456 ἐν
2425 3402 2574 3474 μέσῳ
2604 3402 2712 3456 τῶν
2745 3402 2953 3475 ἐχθρῶν
2993 3419 3086 3455 σου
3105 3418 3119 3432 ’
3146 3421 3165 3453 ι
3183 3401 3310 3466 Καὶ,
3331 3420 3350 3453 ι
3387 3402 3482 3455 Ἐκ
3499 3397 3709 3471 γαστρὸς

2152 3494 2259 3566 πρὸ
2283 3494 2589 3566 Ἑωσφόρου
2631 3493 2896 3566 ὲγέννησά
2921 3512 2979 3547 σε
2998 3510 3012 3524 ο
3035 3513 3054 3545 ι
3088 3494 3197 3547 Καὶ
3231 3513 3249 3545 ι
3277 3494 3484 3564 Ὠμοσε
3506 3490 3708 3564 Κύριος,

2154 3588 2252 3644 καὶ
2268 3588 2327 3641 οὐ
2349 3588 2856 3661 μεταμεληθήσεται
2875 3606 2888 3620 ·
2906 3589 2978 3642 Σὺ
3006 3588 3183 3660 ἱερεὺς
3198 3589 3276 3651 εἰς
3297 3587 3393 3641 τὸν
3407 3586 3572 3642 αἰῶνα
3589 3585 3711 3643 κατά

2152 3683 2250 3753 τὴν
2280 3680 2431 3745 τάξιν
2461 3679 2817 3751 Μελχισεδέκ.
2872 3700 2891 3732 ι
2912 3682 2988 3732 Δι’
3013 3673 3087 3735 ὧν
3115 3679 3321 3749 σαφῶς,
3366 3681 3606 3752 γέννημα
3630 3680 3710 3739 καί

2154 3772 2280 3837 Υἱὸς
2295 3770 2429 3827 Θεοῦ
2448 3772 2551 3847 πρὸ
2564 3772 2897 3844 Ἑωσφόρου,
2921 3772 3014 3826 καὶ
3043 3772 3149 3843 πρὸ
3177 3772 3359 3843 πάσης
3374 3769 3710 3842 δημιουργίας

2155 3865 2417 3930 ὑποστὰς,
2449 3863 2664 3928 αἰώνιος
2697 3865 2986 3937 ἀρχιερεὺς
3008 3861 3408 3934 ἀναπέφανται.
3441 3863 3498 3916 '0
3518 3863 3574 3915 δὲ
3598 3863 3708 3916 Μω-

2157 3959 2297 4022 σέως
2314 3958 2569 4029 Χριστὸς,
2587 3952 2700 4012 οἷον
2715 3959 2771 4011 ἐν
2783 3957 3041 4029 δράματι,
3063 3956 3153 4010 τὸν
3179 3957 3347 4010 τύπον
3363 3957 3712 4029 ὲνβραχεῖκαισ

2156 4050 2631 4124 θυποκρινάμενος
2656 4050 2833 4122 χρόνῳ
2852 4091 2867 4116 ,
2900 4053 3074 4105 κεῖται
3099 4053 3156 4104 ὲν
3189 4049 3405 4120 θνητοῖς
3424 4044 3714 4117 λελογισμέ-

2157 4161 2270 4209 νος,
2288 4144 2462 4216 ἑτέρῳ
2483 4143 2578 4216 τὴν
2595 4144 2852 4215 ἀλήθειαν
2867 4143 2943 4215 τῷ
2960 4143 3104 4215 μόνῳ
3119 4144 3213 4196 καὶ
3227 4142 3421 4216 ἀληθεῖ
3439 4136 3709 4215 παραδούς·

2154 4240 2248 4293 καὶ
2270 4241 2299 4293 ὁ
2347 4241 2445 4310 μὲν
2466 4239 2672 4311 ἀληθὴς
2696 4237 2929 4311 Χριστὸς
2953 4238 3014 4291 οὐ
3044 4237 3256 4309 δεηθεὶς
3280 4238 3380 4308 τῆς
3410 4235 3549 4291 κατά
3595 4232 3715 4288 Μω-

2156 4332 2253 4386 σέα
2278 4332 2529 4404 χρίσεως,
2546 4332 2653 4385 οὐδ’
2683 4330 2862 4385 ἐλαίου
2887 4328 3184 4384 σκευαστοῦ
3206 4327 3300 4382 καὶ
3321 4327 3557 4396 γεώδους
3576 4325 3711 4394 ὕλης.

2152 4427 2304 4497 ὅμως
2346 4425 2448 4496 τῆς
2483 4425 2682 4497 ἀρετῆς
2722 4425 2816 4478 καὶ
2850 4424 2949 4494 τῆς
3000 4422 3386 4494 προσωνυμίας
3427 4422 3526 4493 τῆς
3568 4413 3714 4473 αὐτοῦ

467 4504 527 4560 in
548 4508 768 4561 scenica
792 4508 1027 4574 actione,
1051 4510 1117 4565 ad
1140 4512 1305 4567 breve
1333 4512 1632 4569 adornatus
1655 4515 2047 4587 simulatusque

2154 4516 2253 4589 τὴν
2299 4517 2622 4589 οἰκουμένην
2677 4515 2988 4587 κατέπλησε
3012 4555 3027 4581 ,
3079 4513 3412 4586 παρώνυμον
3466 4508 3624 4567 αὑτοῦ
3664 4506 3715 4561 τὺ

464 4605 684 4668 tempus
736 4599 883 4656 inter
911 4603 1172 4659 mortales
1209 4604 1420 4674 positus
1453 4615 1909 4679 computatusque
1938 4618 2042 4677 est,

466 4691 644 4754 alteri,
679 4693 772 4763 qui
815 4693 966 4751 solus
993 4704 1079 4751 est
1120 4712 1306 4762 verus,
1336 4699 1537 4753 tradita
1565 4700 1792 4757 veritate
1822 4721 1835 4757 :
1875 4710 1928 4758 et
1956 4719 2050 4759 ve-

465 4799 564 4839 rus
620 4786 838 4855 quidem
884 4786 1180 4853 Christus,
1230 4805 1409 4861 neque
1457 4790 1709 4848 Mosaicae
1746 4795 2045 4861 unctionis,

466 4892 644 4948 neque
672 4878 776 4933 olei
809 4880 1107 4938 artiﬁciose
1144 4882 1400 4949 confecti,
1441 4886 1784 4942 terrestrisve
1812 4868 2044 4959 alicujus

466 4968 709 5025 materia
756 4970 1044 5041 indigens,
1092 4981 1274 5030 tamen
1313 4977 1517 5032 virtute
1575 4980 2044 5052 appellatioueque

465 5074 566 5116 sua
606 5068 781 5116 totum
824 5071 1096 5118 terrarum
1140 5067 1327 5123 orbem
1379 5069 1670 5139 implevit:
1707 5072 1907 5142 quippe
1950 5072 2046 5143 qui

464 5152 880 5210 denominatum
914 5172 944 5211 a
979 5159 1162 5230 seipso
1211 5162 1264 5214 in
1313 5163 1570 5218 omnibus
1609 5165 1860 5234 gentibus
1885 5164 2049 5220 Chri-

465 5246 771 5302 stianorum
805 5248 1107 5305 instituerit
1132 5268 1323 5323 genus.
1347 5253 1515 5312 Mosis
1545 5273 1675 5312 vero
1698 5257 1952 5313 Christus
1978 5274 2049 5314 ne

465 5334 523 5391 in
551 5337 865 5397 hominibus
891 5342 1134 5413 quidem,
1171 5348 1315 5417 quod
1346 5364 1586 5418 unquam
1611 5364 1809 5405 nomen
1841 5350 2051 5404 habue-

465 5430 561 5495 rit,
609 5436 959 5504 perspicuum
1004 5436 1143 5503 fuit,
1201 5441 1304 5495 nisi
1340 5452 1608 5514 quatenus
1654 5443 1829 5514 ipsius
1878 5443 2046 5500 Mosis

466 5525 671 5595 scripta
726 5528 1079 5596 prodiderint.
1136 5531 1201 5586 Et
1251 5534 1337 5588 hic
1385 5537 1603 5607 quidem
1655 5552 1779 5593 sero
1824 5536 2046 5592 tandem

566 5702 781 5788 u-Lug;
804 5721 910 5788 un."
934 5708 1023 5788 2_l.
1208 5709 1513 5788 Esodmxr,
1552 5721 1641 5775 10.

466 5785 577 5839 Clx,
610 5774 658 5827 1.
736 5775 781 5806 ⁷⁸
801 5776 933 5833 ibid.
959 5779 1012 5832 5,
1085 5778 1283 5836 “ibid.
1320 5784 1373 5839 4.

1748 5723 1793 5755 ⁷⁸
1820 5721 1985 5777 Hebr.
2035 5736 2152 5789 vni,
2186 5720 2238 5776 5.

2152 4610 2494 4683 Χριστιανῶν
2514 4611 2668 4679 γένος
2699 4611 2756 4663 ἐν
2779 4611 2912 4662 πᾶσι
2943 4610 3056 4672 τοῖς
3084 4606 3259 4661 ἔθνεσι
3287 4605 3713 4678 συστησάμενος*

2149 4706 2180 4760 ό
2247 4703 2304 4756 δὲ
2343 4702 2622 4766 Μωσέως,
2669 4700 2777 4754 οὐδ’
2829 4701 2911 4753 ὅτι
2966 4699 3097 4753 ποτὲ
3146 4701 3205 4756 ἐν
3253 4696 3565 4769 ἀνθρώποις
3602 4694 3717 4747 ὠνο-

2152 4797 2357 4869 μάσθη,
2380 4796 2538 4867 δῆλος
2602 4791 2700 4867 ῆν,
2742 4795 2791 4847 εἰ
2828 4793 2901 4864 μὴ
2933 4792 3020 4848 διὰ
3062 4793 3162 4864 τῆς
3204 4792 3453 4856 Μωσέως
3493 4786 3714 4862 γραφῆς.

2149 4891 2255 4945 Καὶ
2290 4885 2443 4954 οὗτος
2491 4889 2586 4960 μὲν
2626 4887 2726 4957 ὀψέ
2774 4904 2907 4941 ποτε
2948 4885 3087 4957 μετά
3134 4885 3231 4956 τὴν
3275 4884 3457 4951 ἔξοδον
3495 4883 3593 4953 τὴν
3622 4875 3718 4933 ἀπὸ

2147 4984 2424 5053 Αἰγύπτου
2461 4982 2936 5055 περιρῤαντηρίοις
2976 4980 3088 5035 τισὶ
3117 4980 3213 5033 καὶ
3246 4981 3367 5043 ταῖς
3398 4978 3467 5031 δι’
3490 4974 3719 5046 αἱμάτων

2147 5076 2362 5140 θυσίαις
2395 5074 2711 5146 καθαρθεὶς,
2748 5074 2914 5144 ἐλαίῳ
2947 5073 3200 5145 κέχριστο
3262 5068 3568 5139 σκευαστῷ,
3605 5066 3719 5119 Μω-

2151 5170 2291 5233 σέως
2324 5168 2482 5222 αὐτὸν
2521 5167 2836 5239 κεχρικότος
2856 5184 2868 5197 ο
2901 5168 2929 5219 ὁ
2956 5166 3014 5218 δέ
3058 5163 3362 5237 ἀρχέτυπος
3401 5162 3499 5216 xai.
3530 5156 3719 5229 ἀληθὴς

2151 5260 2389 5331 ἀρχῆθεν
2436 5261 2533 5314 καὶ
2574 5262 2654 5322 εἰς
2700 5261 2925 5330 ἄπειρον
2960 5258 3164 5323 αἰῶνα,
3208 5257 3328 5322 ὅλος
3372 5256 3443 5310 δι’
3477 5254 3594 5309 ὅλου
3636 5248 3721 5305 καὶ

2152 5352 2314 5415 αὐτὸς
2365 5352 2515 5423 αὺτῴ
2561 5352 2631 5405 τὰ
2686 5351 2863 5405 πάντα
2892 5352 3110 5423 ὅμοιος,
3163 5349 3286 5421 μηδ’
3313 5346 3499 5401 ὁτιοῦν

2150 5441 2379 5507 λάττων,
2416 5443 2650 5515 Χριστὸς
2680 5439 2746 5514 ἦν
2772 5445 2879 5505 ἀεὶ,
2915 5442 3009 5496 καὶ
3044 5442 3151 5514 πρὸ
3190 5442 3290 5513 τῆς
3322 5440 3382 5493 ὲν
3428 5435 3721 5510 ἀνθρώποις

2152 5535 2464 5607 ἐπιδημίας,
2489 5537 2583 5591 καὶ
2614 5539 2728 5608 μετ’
2753 5535 2919 5607 αὐτὴν
2949 5534 3167 5606 ὁμοίως,
3192 5534 3252 5587 οὐ
3277 5532 3417 5604 πρὸς
3446 5526 3722 5601 ἀνθρώπου

2872 5717 3152 5780 77Coloss.
3204 5735 3264 5783 ιι,
3312 5717 3405 5773 16.

2348 5720 2581 5778 “llehr.
2635 5738 2689 5788 κ,
2744 5722 2794 5778 1.
2872 5717 3152 5780 77Coloss.
3204 5735 3264 5783 ιι,
3312 5717 3405 5773 16.
3510 5716 3560 5749 ’⁸
3581 5710 3756 5808 25315
