3880 6256
229 394 322 450 325

1133 387 1788 445 DEMONSTRATIONIS
1826 386 2290 443 EVANGELICJE
2331 387 2461 444 LIB.
2495 386 2583 444 IV.

3371 388 3478 443 3‘26

226 510 335 564 οὐδὲ
370 507 432 560 δι’
470 507 607 580 ῦλης
639 508 736 579 τῆς
779 511 836 562 ἐν
870 508 1194 582 ἀνθρώποις,
1236 510 1372 563 ἀλλὰ
1408 510 1542 580 πρὸς
1575 509 1668 562 τοῦ
1701 511 1792 562 ἐπὶ

1915 519 2018 563 »οει
2060 506 2266 562 exitum
2311 505 2380 561 de
2432 505 2700 579 Egypto,
2742 506 2889 562 vasis
2941 503 3271 576 quibusdam
3327 508 3480 577 puris

230 600 430 656 πάντων
478 599 621 653 Θεοῦ
671 603 734 671 τῇ
778 602 960 669 ἀγενεί
1004 600 1218 674 θεότητι
1266 602 1642 672 κεχρισμένος.
1688 601 1797 653 Καὶ

229 693 511 763 ἐπειδήπερ
559 692 626 746 τὸ
668 692 768 762 τῆς
822 695 1192 765 προσηγορίας
1242 693 1406 747 αὑτοῦ
1463 694 1591 765 παρ’
1643 691 1796 763 ἡμῶν

229 785 561 852 ἐξετάζεται,
618 784 726 836 τῶν
760 785 1065 855 εἰρημένων
1108 784 1364 838 ἁπάντων
1419 784 1505 855 εἴη
1560 784 1625 838 ἂν
1681 786 1799 836 ἐπι-

231 876 539 946 σφράγισμα
565 875 631 928 τὸ
652 877 801 946 παρὰ
842 875 919 946 τῷ
959 877 1257 948 σοφωτάτῳ
1283 876 1586 947 Σολομῶντι
1623 877 1798 946 λόγιον

231 968 420 1038 φάσκον
451 968 511 1019 ἐν
536 967 624 1037 τῷ
651 968 887 1039 ¹’ᾼσματι
914 967 1022 1022 τῶν
1049 969 1337 1040 ᾀσμάτων’
1374 989 1392 1021 ι
1422 969 1610 1040 Μῦρον
1642 972 1800 1022 ἐκκε-

228 1057 381 1111 νωθὲν
406 1058 582 1128 ὄνομά
623 1074 738 1110 σου.
776 1077 793 1110 ι
819 1053 983 1122 Οὗτος
1021 1059 1130 1130 γὰρ
1159 1059 1326 1130 ἐνθέῳ
1370 1061 1530 1131 σοφίᾳ
1570 1077 1799 1132 κεχορη-

227 1151 469 1221 γημένος,
507 1152 607 1204 καὶ
653 1149 1006 1217 καταξιωθεὶς
1047 1150 1499 1224 ἀπορῤητοτέρων
1545 1153 1672 1224 περ),
1704 1153 1798 1205 τοῦ

227 1239 448 1311 Χριστοῦ
483 1241 583 1293 καὶ
611 1241 709 1311 τῆς
742 1241 1067 1311 Ἐκκλησίας
1096 1242 1260 1296 αὑτοῦ
1291 1243 1681 1315 θεωρημάτων,
1707 1245 1801 1297 καὶ

226 1332 307 1384 τοῦ
334 1333 427 1402 μὲν
461 1332 540 1395 ὡς
573 1334 898 1404 ἐπουρανίου
944 1335 1198 1405 νυμφίου,
1238 1336 1337 1406 τῆς
1379 1335 1435 1388 δέ
1475 1336 1550 1398 ὡς
1581 1336 1801 1406 νύμφης

228 1424 375 1478 αὑτοῦ
419 1426 832 1496 μνημονεύσας,
870 1427 1296 1499 ἐπιζητουμένου
1326 1428 1378 1481 τί
1407 1427 1516 1500 ἄρα
1541 1425 1608 1498 ἦν
1631 1429 1800 1499 ὄνομα

224 1517 294 1587 τῷ
314 1519 551 1588 νυμφίῳ,
579 1521 842 1588 ἐπιφωνεῖ
862 1520 937 1582 ὡς
961 1520 1095 1590 πρὸς
1125 1520 1286 1573 αὑτὸν
1312 1519 1507 1589 λέγων.
1537 1522 1610 1574 Τὸ
1630 1521 1800 1592 ὄνομά

227 1626 327 1672 σου,
360 1611 589 1680 νυμφίε,
621 1611 790 1683 μύρον
820 1614 956 1676 ἐστὶ,
984 1614 1076 1666 καὶ
1105 1613 1274 1686 μύρον
1305 1615 1402 1686 οὐχ
1424 1615 1633 1680 ἁπλῶς,
1665 1616 1801 1669 ἀλλά

225 1701 615 1772 κεκενωμένον.
645 1704 803 1757 Ποῖον
830 1704 886 1757 δὲ
913 1704 977 1758 ἂν
1002 1706 1226 1776 γένηται
1254 1705 1423 1776 ὄνομα
1449 1707 1622 1778 μύρου
1647 1725 1802 1760 κεκε-

227 1793 453 1863 νωμένου
481 1793 785 1863 δηλωτικὸν
816 1795 848 1866 ἢ
882 1795 943 1848 τὸ
978 1795 1072 1848 τοῦ
1110 1796 1345 1866 Χριστοῦ
1373 1797 1575 1868 ὅνομας
1602 1799 1662 1850 οὺ
1693 1798 1800 1869 γὰρ

1900 601 2252 669 cruentisque
2301 598 2587 652 sacriﬁciis
2633 608 2918 668 purgatus,
2971 598 3093 651 oleo
3147 605 3347 654 unctus
3398 608 3484 654 est

1900 700 2220 762 comparato
2275 691 2453 760 ipsum
2502 689 2706 745 Mosem
2758 691 2986 747 sortitus
3028 697 3335 746 unctorem.
3385 689 3483 745 Ille

1899 800 2031 840 vero
2064 783 2247 839 omnis
2278 782 2466 838 forma:
2503 783 2796 854 archetypa
2833 790 2884 837 et
2913 798 3099 847 verus,
3133 783 3201 837 ab
3235 781 3393 836 initio
3423 782 3482 837 in

1902 876 2177 932 inﬁnitum
2229 891 2404 946 usque
2435 891 2633 940 aevum,
2683 883 2830 930 totus
2863 892 2961 945 per
3003 883 3201 942 totum,
3255 877 3486 948 ipseque

1901 970 2007 1025 sibi
2039 971 2092 1024 in
2131 971 2388 1024 omnibus
2417 969 2636 1032 similis,
2670 984 2942 1038 nusquam
2973 969 3270 1040 quidquam
3303 977 3486 1023 muta-

1899 1060 2070 1116 tionis
2099 1061 2394 1131 accipiens,
2424 1057 2680 1115 Christus
2706 1075 2920 1129 semper
2951 1059 3075 1122 fuit,
3106 1061 3269 1114 etiam
3298 1061 3489 1130 prius-

1900 1168 2064 1222 quam
2113 1151 2180 1206 ad
2228 1152 2478 1206 homines
2523 1153 2772 1217 venerit,
2812 1159 2977 1222 atque
3027 1152 3213 1208 itidem
3260 1159 3482 1222 postea,

1901 1258 2012 1296 non
2036 1243 2124 1297 ille
2144 1242 2362 1312 quidem
2388 1242 2456 1296 ab
2481 1241 2722 1303 homine,
2748 1255 2925 1311 neque
2950 1241 3059 1295 ulla
3083 1243 3330 1303 materia,
3362 1256 3488 1311 quae

1903 1335 2046 1390 inter
2073 1335 2324 1390 homines
2359 1335 2696 1405 reperiatur,
2733 1335 2828 1389 sed
2884 1351 2914 1387 a
2957 1350 3217 1404 supremo
3252 1334 3364 1389 Deo
3399 1336 3490 1390 in-

1904 1427 2084 1496 genita
2115 1425 2402 1480 divinitate
2431 1436 2648 1479 unctus.
2687 1424 2752 1479 Et
2782 1427 3042 1496 quoniam
3090 1426 3156 1481 de
3205 1427 3353 1482 illius
3388 1442 3487 1498 ap-

1902 1519 2196 1588 pellatione
2250 1521 2306 1573 in
2340 1519 2633 1590 praesentia
2682 1519 3029 1582 disserimus,
3063 1520 3320 1575 omnibus
3365 1535 3492 1591 qua?

1903 1613 2048 1666 dicta
2068 1621 2196 1666 sunt
2214 1612 2375 1682 quasi
2399 1615 2613 1683 signum
2639 1614 2982 1684 imprimatur
2999 1613 3152 1678 illud,
3175 1614 3318 1682 quod
3343 1612 3488 1683 apud

1903 1706 2367 1775 sapientissimum
2395 1706 2742 1762 Salomonem
2764 1713 2964 1772 exstat,
2992 1707 3296 1772 oraculum,
3326 1707 3406 1760 sic
3427 1720 3494 1762 se

1905 1797 2114 1853 habens
2141 1798 2196 1852 in
2225 1797 2456 1852 Cantico
2487 1799 2827 1853 canticorum
2868 1818 2881 1853 :
2924 1816 2943 1848 ι
2981 1797 3328 1868 Unguentum
3359 1813 3492 1852 eva-

225 1883 282 1936 ἂν
305 1884 496 1948 ἄλλως,
543 1885 662 1938 οὔτ’
695 1886 762 1940 ἂν
801 1887 1032 1955 γένοιτο,
1067 1886 1179 1940 οὔτ’
1207 1887 1274 1942 ἂν
1307 1889 1633 1961 ὀνομασθείη
1667 1891 1800 1962 Χρι-

1915 1899 2125 1943 :uatum
2163 1905 2362 1944 nomen
2396 1900 2548 1944 tuum
2591 1891 2656 1944 ⁸³.
2699 1911 2717 1943 ι
2746 1890 2881 1944 Nam
2924 1891 3012 1945 hic
3042 1906 3260 1960 quoque
3303 1890 3492 1945 divina

227 1976 410 2046 eam
462 1977 643 2048 μύρου
687 1978 1071 2048 προχυθέντος.
1111 1980 1322 2032 Ὁποῖον
1356 1979 1412 2033 δέ
1452 1980 1610 2034 τοῦτο
1636 1977 1703 2052 ἦν
1738 1982 1799 2034 τὸ

228 2067 400 2140 μύρον,
418 2063 462 2137 ᾧ
486 2071 738 2140 χρισθεὶς
759 2074 787 2124 ὁ
801 2070 959 2141 δηλού
969 2088 1128 2142 μενος
1142 2072 1376 2144 Χριστὸς
1395 2073 1798 2141 ἀποπέφανται,

222 2159 300 2212 διὰ
318 2159 421 2214 τῶν
447 2161 692 2233 πρόσθεν
717 2163 846 2232 ἡμῖν
872 2162 1209 2216 ἀποδέδοται.
1243 2162 1524 2216 Τοσούτων
1551 2163 1678 2233 περὶ
1701 2165 1799 2235 τῆς

221 2253 304 2305 τοῦ
331 2255 576 2325 Χριστοῦ
609 2255 980 2326 προσηγορίας
1017 2255 1477 2328 διηγορευμένων,
1515 2257 1667 2328 φέρε,
1705 2257 1798 2310 καὶ

225 2347 336 2416 περὶ
359 2347 455 2416 τῆς
479 2345 588 2399 τοῦ
627 2347 804 2417 Ἰησοῦ
843 2346 1280 2418 διασκεψώμεθα.

1907 1985 2172 2053 sapientia
2201 1983 2459 2047 donatus,
2489 1993 2544 2038 et
2575 1983 2772 2054 dignus
2795 1984 3015 2039 habitus
3041 1985 3133 2054 qui
3160 1999 3282 2054 quae
3307 1998 3492 2038 secre-

1901 2077 2045 2131 tiora
2079 2082 2207 2129 sunt
2239 2075 2307 2130 de
2339 2074 2558 2131 Christo
2587 2085 2641 2131 et
2687 2077 2754 2131 de
2796 2076 2917 2146 ejus
2954 2076 3192 2131 Ecclesia
3243 2085 3491 2129 contem-

1907 2167 2187 2237 plaretur;
2242 2167 2492 2236 idemque
2543 2184 2666 2221 cum
2727 2168 2889 2222 unius
2950 2169 3169 2239 quidem
3225 2175 3490 2237 tanquam

1908 2261 2095 2330 sponsi
2131 2262 2564 2331 supercazlestis,
2597 2263 2824 2317 alterius
2855 2273 3110 2332 tanquam
3144 2263 3289 2318 illius
3324 2277 3492 2332 spon-

1909 2367 1983 2405 sa:
2039 2353 2371 2407 mentionem
2429 2351 2672 2418 fecisset,
2720 2363 2775 2408 et
2829 2364 3166 2423 qumreretur
3213 2353 3490 2424 quodnam

226 2437 314 2506 ipsi
355 2454 572 2508 sponso
622 2454 820 2496 nomen
860 2449 1037 2508 esset,
1083 2457 1273 2498 vocem
1309 2443 1516 2497 emittit
1547 2443 1708 2513 quasi
1745 2443 1812 2497 ad
1867 2444 2020 2498 illum
2065 2445 2256 2501 dicens
2293 2465 2306 2500 :
2355 2444 2562 2501 Nomen
2628 2455 2803 2512 tuum,
2862 2462 3094 2516 sponse,
3151 2454 3488 2517 unguentum

225 2539 314 2597 est,
343 2541 396 2588 et
420 2543 772 2605 unguentum
802 2552 908 2591 non
963 2537 1308 2608 simpliciter,
1341 2553 1530 2592 verum
1562 2548 1907 2594 evacuatum.
1959 2537 2130 2593 Porro
2193 2547 2374 2594 autem
2399 2539 2673 2610 quodnam
2724 2539 2942 2593 tandem
2971 2539 3118 2593 aliud
3169 2539 3239 2594 sit
3290 2553 3491 2593 nomen

224 2636 555 2696 unguentum
588 2638 910 2684 evacuatum
946 2630 1282 2700 signiﬁcans,
1312 2619 1418 2684 nisi
1445 2630 1622 2700 ipsum
1665 2629 1872 2685 Christi
1937 2631 2172 2686 nomen?
2227 2645 2354 2685 nam
2386 2631 2589 2701 alioqui
2621 2646 2798 2701 neque
2838 2631 2955 2685 ﬁeri
2997 2646 3175 2700 neque
3222 2630 3492 2684 nominari

227 2727 379 2793 possit
413 2724 680 2780 Christus
711 2766 725 2789 ,
776 2726 820 2781 si
867 2733 1204 2796 unguentum
1256 2724 1500 2781 infusum
1553 2743 1662 2781 non
1711 2728 1800 2782 sit.
1838 2727 2010 2793 Quale
2052 2742 2182 2782 vcro
2229 2727 2332 2782 hoc
2387 2733 2536 2781 esset
2591 2732 2957 2798 unguentum,
3025 2740 3136 2794 quo
3181 2733 3379 2780 unctus
3419 2723 3493 2786 is.

226 2816 284 2871 de
330 2834 436 2887 quo
503 2820 723 2890 agitur,
774 2819 1030 2875 Christus
1087 2829 1172 2875 est
1257 2820 1605 2884 declaratus,
1660 2821 1715 2875 in
1771 2821 1838 2876 iis
1903 2837 2025 2891 quae
2107 2822 2360 2890 superius
2435 2820 2649 2883 habes,
2715 2835 2746 2873 a
2805 2819 2964 2873 nobis
3031 2826 3314 2872 ostensum
3382 2824 3490 2872 est.

230 2909 370 2979 195
397 2911 548 2965 Cum
587 2912 753 2982 igitur
783 2911 850 2967 de
894 2911 1102 2968 Christi
1159 2912 1526 2982 appellatione
1591 2912 1856 2968 hactenus
1892 2921 2002 2966 tam
2037 2912 2208 2968 multa
2248 2911 2415 2967 locuti
2448 2925 2662 2973 sumus,
2711 2909 2962 2980 agedum,
2998 2907 3065 2964 de
3120 2906 3249 2963 Jesu
3277 2921 3501 2980 quoque

226 3001 584 3063 disseramus.

964 3122 1058 3176 IZ'.

2619 3115 2784 3171 XVII.

227 3232 331 3288 Ὀτι
355 3235 464 3309 καὶ
486 3236 693 3309 τὸᾃντοῦ
722 3237 916 3303 Ἰησοῦ
942 3237 1132 3309 ὄνομα
1162 3237 1322 3305 παρὰ
1347 3237 1469 3304 τοῖς
1501 3240 1804 3307 πρόπαλαι

1915 3235 2065 3307 Quod
2101 3237 2260 3292 etiam
2283 3236 2412 3292 Iesu
2447 3253 2634 3290 nomen
2667 3235 2808 3309 apud
2831 3236 3032 3309 priscos
3069 3234 3165 3289 Dei
3199 3235 3495 3304 familiares

281 3306 382 3360 τοῦ
423 3307 578 3361 Θεοῦ
606 3309 919 3377 γνωρίμοις
945 3308 1272 3378 ἐτετίμητο.

285 3445 512 3520 Πρῶτος
553 3446 716 3500 πάλιν
759 3447 998 3517 Μωσῆς,
1041 3447 1178 3518 πρὸς
1217 3448 1308 3501 τὸν
1355 3448 1522 3502 αὑτοῦ
1566 3450 1807 3521 διάδοχον

227 3536 373 3610 ἑτέρᾳ
424 3535 712 3608 χρώμενος
749 3537 1136 3609 προσωνυμίᾳ,
1182 3536 1388 3610 Ἰησοῦν
1433 3543 1804 3611 μετωνόμασε.

226 3631 537 3704 Γέγραπται
582 3632 726 3704 γάρ’
765 3651 784 3684 ι
825 3631 1010 3686 Ταῦτα
1047 3633 1116 3686 τὰ
1155 3634 1396 3703 ὀνόματα
1429 3633 1538 3686 τῶν
1577 3633 1807 3704 ἀνδρῶν,

226 3721 308 3786 οὓς
345 3723 641 3777 ἀπέστειλε
675 3722 881 3794 Μωσῆς
926 3723 1374 3793 κατασκέψασθαι
1418 3724 1518 3794 τὴν
1559 3724 1684 3793 γῆν,
1717 3723 1810 3776 καὶ

229 3814 544 3886 ἐπωνόμασε
584 3815 791 3886 Μωσῆς
829 3816 918 3869 τὸν
954 3816 1179 3886 Ναυσῆν
1216 3815 1328 3868 υἱὸν
1366 3816 1524 3886 Ναυῆ
1571 3814 1808 3886 Ἰησοῦν,

135 3963 138 3966 ,
230 3909 312 3962 καὶ
337 3908 667 3962 ἀπέστειλεν
693 3907 908 3972 αὐτούς.
944 3927 962 3960 ι
995 3910 1138 3980 Ὅρα
1166 3907 1230 3979 δὴ
1265 3904 1358 3963 οὖν
1380 3907 1502 3962 τίνα
1530 3909 1730 3980 τρόπον
1751 3909 1811 3960 οὐ

235 4001 394 4073 μικρά
430 4002 633 4070 νοήσας
673 4001 802 4074 περὶ¹
843 3999 1057 4069 φύσεως
1097 4000 1379 4071 ὀνομάτων
1420 4003 1448 4053 ὁ
1494 4002 1811 4071 προφήτης,

231 4093 354 4146 ἀλλὰ
402 4095 501 4146 καὶ
543 4094 774 4146 πλεῖστα
810 4093 910 4147 ὅσα
954 4091 1216 4163 περὶτῶν
1247 4093 1377 4163 παρ’
1411 4091 1559 4162 αὐτῷ
1599 4109 1815 4163 μετονο-

237 4186 552 4258 μαζομένων
579 4186 736 4240 θείων
758 4185 988 4257 ἀνδρῶν,
1011 4186 1104 4238 καὶ
1130 4178 1204 4238 ὦν
1233 4184 1394 4238 ἕνεκα
1425 4185 1817 4256 μετονομάζον-

237 4296 342 4345 ται,
379 4279 754 4350 φιλοσοφήσας
776 4319 788 4343 ,
817 4279 1027 4347 εἰσάγει
1051 4277 1143 4330 τὸν
1183 4276 1434 4348 Ἀϐραὰμ
1466 4276 1698 4331 ἔπαθλον
1728 4277 1814 4329 ἐπ’
1861 4315 1867 4321 .

233 4372 392 4444 ἀρετῇ
455 4371 917 4442 ἀπολαμϐάνοντα
973 4370 1110 4442 πρὸς
1171 4369 1264 4422 τοῦ
1326 4369 1464 4422 Θεοῦ
1527 4368 1624 4439 τὴν
1681 4368 1816 4439 πρὸς

248 4466 494 4537 Ἀϐραὰμ
512 4465 703 4536 ἐντελῆ
730 4465 1100 4536 προσηγορίαν
1116 4480 1129 4490 ·
1156 4464 1293 4536 ὅπερ
1317 4463 1368 4516 τί
1397 4480 1525 4515 ποτε
1550 4461 1731 4532 δηλοῖ,
1755 4461 1815 4512 οὐ

2475 3309 2527 3361 in
2553 3309 2720 3377 pretio
2749 3307 2928 3376 fuerit.

1981 3446 2200 3502 Primus
2221 3458 2441 3500 rursum
2461 3441 2660 3507 Moses,
2687 3455 2813 3494 cum
2836 3438 2902 3492 ad
2923 3456 3082 3496 suum
3118 3454 3498 3497 successorem

1892 3525 2018 3592 alia
2052 3544 2297 3591 uteretur
2350 3533 2714 3603 appellatione
2741 3572 2756 3598 ,
2787 3529 2974 3586 Jesum
3022 3546 3146 3586 eum
3180 3531 3498 3585 denomina-

1920 3627 2338 3697 vit:Scriptum
2389 3635 2473 3680 est
2493 3625 2664 3686 enim,
2706 3641 2723 3672 ι
2766 3621 2880 3676 haec
2904 3632 3034 3676 sunt
3089 3623 3315 3677 nomina
3351 3623 3502 3675 viro-

1915 3735 2056 3786 rum,
2085 3734 2224 3788 quos
2259 3717 2410 3772 misit
2439 3715 2618 3770 Moses
2651 3715 2718 3768 ad
2747 3713 3150 3786 inspiciendam
3182 3720 3407 3777 terram,
3443 3719 3502 3768 et

1915 3812 2288 3869 denominavit
2317 3808 2518 3873 Moses,
2547 3807 2783 3863 Nausem
2812 3807 2983 3861 lilium
3016 3805 3182 3871 Nave,
3219 3803 3426 3868 Jesum,
3447 3812 3502 3858 et

1915 3908 2067 3962 misit
2126 3905 2304 3962 eos".
2347 3924 2365 3956 ι
2432 3902 2755 3965 Considera,
2805 3916 3012 3971 quaeso,
3068 3913 3382 3969 parumper,
3439 3901 3502 3950 ut

1916 4003 2179 4074 propheta
2203 4002 2294 4072 qui
2329 4015 2436 4055 non
2467 4014 2660 4069 parum
2694 3999 2888 4053 doctus
2933 4003 3186 4050 naturam
3217 3993 3499 4048 nominum

1917 4104 2054 4161 erat,
2081 4095 2176 4152 sed
2208 4095 2525 4165 plurimum,
2584 4091 2686 4144 hac
2738 4104 2956 4160 quoque
2983 4087 3037 4142 in
3068 4093 3224 4156 parte
3257 4085 3506 4156 philoso-

1918 4190 2141 4258 phatus,
2189 4196 2250 4242 ut
2293 4202 2360 4242 ex
2402 4187 2471 4241 iis
2521 4183 2730 4238 sanctis
2764 4182 2896 4236 viris
2943 4185 3180 4241 constat,
3218 4192 3358 4248 quos
3386 4177 3504 4246 ipse

1918 4277 2316 4340 denominavit,
2347 4285 2400 4331 et
2432 4291 2498 4330 ex
2535 4273 2719 4328 causis
2769 4279 2991 4340 propter
3013 4283 3153 4338 quas
3181 4266 3505 4322 denomina-

1919 4374 2018 4435 vit,
2053 4371 2254 4441 quippe
2307 4369 2400 4438 qui
2446 4366 2671 4420 inducat
2729 4361 3028 4425 Abraham,
3086 4358 3179 4428 qui
3219 4357 3504 4427 praemium

1919 4465 2142 4519 virtutis
2173 4478 2204 4516 a
2241 4461 2350 4517 Deo
2389 4459 2611 4530 accipit,
2661 4473 2817 4513 suam
2855 4455 3030 4525 ipsius
3056 4451 3330 4506 Abraham
3361 4449 3503 4502 inte-

237 4559 322 4615 r}:
348 4561 637 4629 διασαφεῖν
681 4560 889 4629 καιρός.
934 4557 1093 4610 Οῦτω
1122 4557 1177 4609 δὲ
1207 4556 1302 4610 καὶ
1336 4556 1436 4628 τὴν
1467 4553 1639 4626 Σαραῒ
1669 4555 1808 4625 Σάρα

1921 4575 2070 4630 gram
2101 4556 2517 4628 appellationem
2545 4593 2559 4617 ,
2592 4553 2738 4624 quod
2773 4567 2906 4606 sane
2941 4548 3202 4619 quidnam
3239 4545 3344 4651 sibi
3375 4543 3506 4598 velit

241 4651 328 4722 ραν
377 4651 757 4722 ἐπονομάσας,
793 4652 887 4703 καὶ
917 4650 1129 4719 γέλωτα
1163 4649 1254 4701 τὸν
1293 4649 1476 4702 Ἰσαὰκ
1513 4649 1619 4720 πρὸ
1657 4648 1812 4716 γενέ·-

241 4762 366 4810 σεως
409 4743 866 4814 ἐπικεκλημένον,
895 4745 988 4798 καὶ
1026 4743 1114 4797 τὸν
1163 4741 1357 4795 Ἰακὼϐ
1397 4743 1496 4812 τῆς
1535 4741 1710 4810 πάλης
1754 4741 1814 4792 τὸ

243 4837 482 4908 βραϐεῖον
509 4838 598 4891 διὰ
628 4838 725 4909 τῆς
745 4836 839 4890 τοῦ
869 4837 1082 4908 Ἰσραὴλ
1101 4836 1415 4906 ἐπωνυμίας
1433 4834 1814 4905 ἀναδούμενον,

246 4933 404 5004 μυρία
424 4949 484 4985 τε
505 4930 642 4986 ἄλλα
667 4947 734 4983 πε
742 4931 796 5002 pi.
815 4931 1092 5000 ὀνομάτων
1111 4927 1390 5000 δυνάμεώς
1409 4945 1469 4980 τε
1491 4927 1583 4980 καὶ
1603 4927 1818 4996 φύσεως

245 5025 481 5100 θειότερα
511 5026 545 5096 ἢ
579 5025 701 5079 κατ’
721 5024 1028 5095 ἄνθρωπον,
1045 5023 1214 5094 ἐνθὲῳ
1236 5021 1397 5094 σοφία
1423 5022 1517 5075 καὶ
1541 5021 1816 5091 ἐπιστήμῃ

246 5118 527 5182 διαλαϐὼν,
565 5117 792 5190 μηδενὸς
817 5115 926 5171 τῶν
949 5114 1056 5187 πρὸ
1083 5113 1276 5169 ἑαυτοῦ
1308 5113 1416 5167 τῶν
1436 5111 1497 5177 ἐξ
1529 5111 1723 5174 αἰῶνος
1741 5111 1819 5182 τῷ

248 5211 328 5264 τοῦ
364 5211 542 5282 Ἰησοῦ
580 5208 919 5280 κεχρημένου
957 5208 1181 5278 ὀνόματι
1204 5246 1218 5269 ,
1244 5205 1458 5278 πρῶτος
1494 5204 1656 5267 αὐτὸς
1693 5203 1821 5273 θείῳ

248 5302 515 5374 Πνεύματι
549 5300 930 5370 θεοφορηθεὶς,
961 5299 1050 5352 τὸν
1098 5297 1357 5367 μέλλοντα
1391 5294 1554 5348 αὑτοῦ
1581 5293 1822 5364 διάδοχον

245 5397 332 5466 τῆς
361 5395 542 5466 ἀρχῆς
575 5393 672 5446 τοῦ
695 5391 826 5446 λαοῦ
855 5389 1294 5460 καταστήσεσθαι
1314 5430 1328 5453 ,
1361 5389 1530 5460 ἑτέρῳ
1559 5387 1823 5459 πρότερον

243 5490 460 5560 ὀνόματι
496 5486 837 5558 κεχρημένον
874 5481 1213 5555 μεταλαϐὼν,
1249 5480 1456 5553 Ἰησοῦν
1493 5479 1647 5534 καλεῖ
1668 5495 1680 5508 θ
1723 5478 1824 5530 οὑκ

246 5583 425 5653 ἀρκεῖν
478 5581 786 5654 ἡγούμενος
839 5577 936 5649 τὴν
988 5577 1053 5630 ἐκ
1107 5574 1384 5648 προγόνων
1443 5571 1824 5641 ἐπικληθεῖσαν

248 5673 384 5747 ἀυτῷ
405 5673 687 5745 γενομένῳ
711 5669 1100 5743 προσηγορίαν.
1125 5668 1346 5739 Νιυσῆν
1373 5667 1482 5739 γὰρ
1509 5665 1668 5721 αὑτὸν
1694 5663 1827 5734 ἐφώ-

314 5875 350 5906 ⁸¹
377 5875 534 5931 Cant.
571 5890 608 5941 I,
655 5874 712 5928 2.
792 5871 834 5903 "
866 5869 1026 5924 Num.
1062 5885 1179 5934 xm,
1231 5867 1316 5921 17.

1927 4659 2146 4707 nonest
2179 4663 2324 4703 nunc
2363 4644 2774 4702 demonstrandi
2824 4643 2998 4706 locus,
3052 4647 3106 4695 et
3164 4636 3352 4693 eadem
3417 4649 3508 4689 ra-

1929 4747 2076 4800 tione
2108 4743 2300 4798 Saram
2334 4739 2651 4796 denominet
2681 4735 2903 4790 Sarram
2925 4773 2940 4798 ,
2971 4739 3026 4787 et
3056 4729 3228 4792 Isaac,
3255 4743 3380 4784 eum
3410 4727 3506 4796 qui

1927 4848 2220 4910 antequam
2262 4838 2605 4896 nasceretur,
2636 4830 2784 4885 risus
2810 4829 2990 4882 dictus
3018 4825 3216 4887 fuerat,
3249 4829 3303 4877 et
3335 4819 3511 4884 Iacob

1927 4947 2051 4986 eum
2068 4929 2158 5001 qui
2179 4925 2404 4999 praemio
2435 4925 2616 4986 luctas,
2642 4937 2712 4976 ex
2757 4918 3083 4990 cognomine
3102 4913 3266 4969 Israel
3284 4912 3510 4967 decora-

1929 5031 2040 5078 tus:
2071 5035 2306 5091 cumque
2325 5017 2467 5072 idem
2489 5015 2594 5069 alia
2625 5009 3046 5067 innumerabilia
3067 5008 3134 5063 de
3160 5006 3213 5060 vi
3241 5013 3294 5060 et
3313 5010 3509 5058 natura

1929 5113 2235 5177 nominum,
2270 5106 2540 5164 diviniore
2567 5117 2731 5174 quam
2766 5107 2826 5155 ut
2855 5116 2919 5156 ea
2960 5097 3167 5152 homini
3197 5092 3507 5156 conveniat,

1932 5205 2248 5276 Spirituque
2269 5200 2364 5256 Dei
2394 5199 2571 5254 aﬁlata
2610 5193 2880 5265 sapientia
2907 5207 2971 5246 ac
3001 5189 3229 5247 scientia
3252 5193 3507 5258 percepta

1929 5307 1984 5352 et
2009 5298 2223 5369 cognita
2251 5293 2496 5354 haberet,
2532 5302 2634 5343 nec
2652 5286 2788 5340 alius
2805 5283 3094 5354 quisquam
3113 5279 3180 5334 ab
3209 5277 3512 5369 initioante

1931 5366 2131 5459 ipsum,
2178 5385 2308 5442 Iesu
2366 5382 2586 5439 nomine
2633 5394 2766 5435 usus
2822 5381 2993 5438 esset,
3051 5372 3261 5443 primus
3323 5366 3512 5422 divino

1935 5483 2144 5554 Spiritu
2183 5479 2521 5541 moderante,
2546 5489 2707 5545 quem
2740 5471 2844 5527 sibi
2877 5470 2933 5524 in
2982 5461 3508 5559 populiprincipatu

1935 5584 2313 5626 successorem
2362 5577 2481 5623 erat
2529 5565 2929 5624 declaraturus,
2971 5557 3079 5611 alio
3110 5555 3260 5626 prius
3292 5555 3510 5606 nomine

1934 5668 2210 5727 vocatum,
2266 5660 2382 5731 ipse
2411 5659 2708 5712 immutans
2728 5693 2742 5717 ,
2773 5650 2960 5706 Jesum
2992 5641 3376 5703 nominaverit,
3423 5646 3513 5692 ut-
