3880 6256
366 370 473 426 527

998 368 1269 425 EUSEBII
1305 366 1791 425 CESARIENSIS
1830 368 1979 424 OPP.
2024 369 2224 426 PARS.
2269 369 2333 422 ll.
2371 371 2960 430 —APOLOGETICA.

3507 379 3614 432 3‘28

364 493 495 556 pote
522 485 616 555 qui
646 484 1061 555 appellationem
1085 484 1164 538 illi
1200 498 1231 537 a
1253 483 1555 553 majoribus
1588 483 1719 539 dum
1744 498 1930 539 nasce-

2043 501 2212 555 νησαν
2240 485 2290 539 oi
2325 486 2683 558 γεννήσαντες
2704 504 2717 518 ·
2747 487 2860 541 ἀλλ’
2889 489 2918 542 ὃ
2943 504 3006 557 γε
3037 488 3322 561 προφήτης
3336 489 3430 545 τοῦ
3455 490 3616 554 Θεοῦ,

363 582 517 631 retur
542 575 879 645 adjunctam,
902 590 1008 630 non
1040 574 1176 630 satis
1202 574 1451 629 idoneam
1482 573 1598 628 fore
1621 573 1930 629 censuerit:

363 665 639 736 siquidem
670 665 904 721 Nausem
957 666 1109 721 illum
1161 675 1417 738 parentes
1469 674 1843 722 vocaverant:
1881 674 1937 722 at

361 773 494 815 vero
524 759 640 829 ipse
660 758 755 813 Dei
788 760 1073 830 propheta,
1122 760 1411 815 immutate
1465 761 1632 816 natali
1692 761 1932 823 nomine,

360 849 539 904 virum
567 850 717 903 illum
747 849 933 904 divino
958 849 1165 921 Spiritu
1212 859 1505 916 annuente,
1541 850 1727 908 Jesum
1755 860 1933 914 vocat,

359 950 471 990 non
497 936 657 991 aliter
677 936 830 991 illum
861 947 985 1009 post
1043 948 1276 994 mortem
1331 956 1509 1003 suam,
1542 942 1691 996 omni
1735 943 1936 1013 populo

361 1042 599 1097 praeesse
631 1037 887 1099 oportere
939 1037 1113 1095 ratus,
1148 1048 1273 1087 cum
1302 1033 1490 1105 utique
1514 1033 1757 1089 futurum
1786 1035 1937 1092 vide-

359 1128 463 1183 ret,
501 1136 667 1196 quas.
704 1122 850 1193 leges
905 1122 1023 1193 ipse
1082 1126 1358 1194 posuisset
1413 1133 1475 1181 ut
1508 1142 1586 1183 ea:
1641 1127 1938 1198 aliquando

360 1220 729 1277 mutarentur,
758 1215 918 1287 196
941 1215 1212 1287 ﬁnemque
1261 1220 1592 1288 acciperent,
1643 1229 1699 1275 et
1745 1222 1935 1277 eadem

358 1319 485 1358 cum
516 1304 637 1374 ipso
696 1304 845 1360 Mose
894 1307 1106 1362 ratione
1150 1309 1575 1375 quodammodo,
1625 1310 1934 1375 interirent,

358 1409 538 1464 neque
566 1395 733 1449 alium
758 1396 1094 1465 quempiam,
1118 1413 1284 1467 quam
1325 1414 1496 1454 unum
1526 1398 1712 1455 Jesum
1763 1401 1937 1471 ipsius

359 1483 455 1540 Dei
477 1484 776 1550 Christum,
819 1487 977 1541 alteri
1005 1487 1339 1558 reipublicae,
1389 1505 1513 1559 quae
1559 1491 1741 1561 priore
1781 1493 1939 1564 longe

357 1578 574 1643 melior,
627 1578 893 1648 longeque
958 1581 1306 1649 praestantior
1359 1579 1521 1647 foret,
1555 1582 1932 1653 prefuturum.

354 1667 543 1740 Itaque
570 1669 748 1725 Moses
765 1671 985 1741 quidem
1008 1673 1255 1728 omnium
1285 1674 1672 1745 prophetarum
1703 1675 1937 1730 maxime

357 1763 735 1831 admirandus,
768 1779 890 1819 cum
942 1774 1233 1836 utramque
1272 1764 1576 1822 Salvatoris
1606 1769 1781 1823 nostri
1806 1765 1937 1824 Jesu

2038 576 2098 628 τὸ
2122 577 2186 628 ἐκ
2212 575 2438 647 γενετῆς
2458 578 2696 647 ἀμείψας
2719 578 2907 648 ὄνομα,
2936 577 3141 648 Ἰησοῦν
3166 578 3259 633 τὸν
3283 580 3451 653 ἄνδρα
3475 583 3618 636 κατά

2037 664 2098 718 τὸ
2130 652 2271 719 θεῖον
2292 666 2515 738 Πνεῦμα
2540 666 2716 722 καλεῖ·
2749 668 2848 721 οὑκ
2870 667 3044 732 ἄλλως
3070 669 3232 723 αὐτὸν
3253 670 3618 742 καθηγεῖσθαι

2036 757 2131 811 τοῦ
2164 757 2365 822 παντὸς
2393 758 2522 813 λαοῦ
2547 761 2685 832 μετά
2706 760 2805 831 τὴν
2831 762 3022 816 ἑαυτοῦ
3050 761 3327 833 τελευτὴν,
3351 764 3452 835 τῆς
3480 764 3618 837 πρὸς

2038 848 2202 902 αὐτοῦ
2227 848 2476 921 τεθείσης
2502 851 2821 921 νομοθεσίας
2852 854 3330 925 μεταστησομένης
3364 855 3495 910 ποτὲ
3521 855 3619 909 καὶ

2037 940 2188 1005 τέλος
2232 941 2520 1013 ίσχούσης,
2556 943 2648 997 καὶ
2684 944 2830 1013 αὐτῷ
2867 960 2932 1013 γε
2971 944 3170 1015 ὁμοίως
3201 946 3391 1000 Μωσεῖ
3417 946 3621 1018 τρόπον

2037 1033 2158 1088 τινὰ
2188 1033 2551 1105 τελευτώσης,
2586 1034 2787 1106 μηδένα
2806 1037 2990 1106 ἕτερον
3021 1037 3053 1109 ἢ
3089 1038 3248 1108 μόνον
3294 1038 3500 1109 Ἰησοῦν
3525 1037 3618 1092 τὸν

2037 1125 2269 1198 Χριστὸν
2295 1124 2386 1179 τοῦ
2416 1125 2551 1180 Θεοῦ
2582 1127 2856 1191 πολιτείας
2888 1127 3077 1198 ἐτέρας
3108 1127 3405 1199 ἡγήσεσθαι
3436 1127 3621 1199 κρείτ-

2036 1233 2187 1279 τονος
2222 1215 2254 1287 ἢ
2286 1216 2426 1270 κατά
2473 1216 2570 1287 τὴν
2610 1216 2900 1288 προτέραν.
2932 1216 3089 1270 Οῦτω
3119 1218 3217 1288 μὲν
3252 1217 3315 1288 δὴ
3350 1218 3555 1287 Μωσῆς
3587 1216 3618 1270 6

2041 1308 2260 1362 πάντων
2307 1306 2599 1379 προφητῶν
2640 1306 3119 1378 θαυμασιώτατος,
3162 1308 3477 1379 ἀμφοτέρας
3519 1306 3615 1361 τοῦ

2038 1400 2288 1470 Σωτῆρος
2319 1398 2475 1469 ἡμῶν
2519 1398 2693 1469 Ἰησοῦ
2731 1398 2968 1470 Χριστοῦ
3007 1399 3139 1470 θείῳ
3186 1399 3461 1471 Πνεῦματι
3495 1400 3616 1453 δια·

2037 1491 2196 1559 γνοὺς
2229 1490 2327 1554 τὰς
2357 1491 2671 1561 ἐπωνυμίας
2690 1531 2705 1556 ,
2730 1490 2955 1554 ταύταις
2984 1491 3060 1555 ὡς
3084 1490 3150 1545 ἂν
3184 1491 3481 1562 βασιλικοῖς
3503 1492 3620 1545 δια-

2038 1584 2101 1653 δή
2112 1599 2246 1653 μασι
2271 1584 2397 1646 τοὺς
2422 1582 2550 1654 παρ’
2575 1583 2735 1636 αὑτὸν
2763 1582 2978 1636 πάντων
2997 1583 3107 1636 τῶν
3130 1583 3403 1653 ἀρχόντων
3431 1582 3621 1655 ἐκκρί-

2036 1691 2163 1738 τους
2193 1673 2470 1744 ἐτίμησεν,
2500 1672 2650 1725 δυσὶν
2686 1673 2912 1743 ἄρχουσι
2945 1672 3039 1725 καὶ
3081 1671 3312 1742 ἡγεμόσι
3346 1669 3441 1724 τοῦ
3485 1668 3617 1723 λαοῦ

2037 1764 2114 1836 τῷ
2152 1782 2212 1817 τε
2261 1766 2510 1838 ἀρχιερεῖ
2536 1765 2628 1818 καὶ
2653 1762 2730 1834 τῷ
2769 1763 2954 1834 οἰκείῳ
2985 1764 3231 1834 διαδόχῳ,
3259 1764 3352 1818 τὸν
3373 1763 3610 1835 Χριστὸν

355 1853 562 1909 Christi
626 1857 1066 1927 appellationem,
1129 1858 1316 1913 divino
1374 1855 1581 1927 Spiritu
1634 1859 1930 1915 instruente

2043 1859 2132 1912 καὶ
2159 1857 2250 1910 τὸν
2287 1856 2491 1928 Ἰησοῦν
2520 1857 2861 1928 ἐπιφημίσας
2897 1857 3016 1911 κατ’
3038 1856 3213 1921 ἀξίαν,
3238 1854 3316 1927 τῷ
3351 1857 3448 1927 μὲν
3488 1857 3619 1911 ’Δα-

352 1945 694 2011 distinctam,
716 1947 1098 2018 cognitamque
1121 1948 1344 2003 haberet
1366 1955 1600 2019 utraque
1616 1950 1773 2018 quasi
1796 1950 1952 2004 duo-‘

353 2036 458 2091 bus
487 2037 653 2107 regiis
680 2035 1004 2092 diadematis
1032 2052 1147 2100 eos,
1182 2036 1276 2107 qui
1311 2036 1456 2107 apud
1487 2053 1547 2093 se
1574 2038 1817 2093 omnium
1845 2053 1933 2094 es-

352 2137 475 2183 sent
528 2128 838 2197 principum
899 2128 1349 2198 praestantissimi
1393 2127 1693 2184 decoravit.
1743 2129 1931 2200 Itaque

353 2233 478 2273 cum
527 2219 742 2275 duobus
782 2220 1143 2290 principibus,
1191 2218 1518 2290 duobusque
1554 2218 1790 2277 ducibus
1831 2236 1930 2290 p0-

2042 1949 2150 2021 ρὼν
2184 1949 2273 2004 τὸν
2304 1948 2556 2021 Χριστὸν,
2588 1947 2664 2019 τῷ
2683 1949 2739 2002 δὲ
2772 1950 2958 2021 Ναυσῇ
2979 1989 2993 2010 ,
3013 1948 3089 2012 ὡς
3116 1948 3181 2003 ἂν
3206 1948 3302 2021 τὴν
3333 1946 3496 2002 αὐτοῦ
3526 1965 3620 2002 τε·

2039 2040 2228 2112 λευτὴν
2258 2041 2649 2114 διαδεξομένῳ,
2685 2042 2776 2095 τὸν
2818 2041 3024 2113 Ἰησοῦν
3059 2042 3382 2112 ἀπονείμας.
3415 2040 3619 2095 Τοῦτον

2043 2132 2139 2202 μὲν
2154 2126 2246 2185 οὖν
2262 2132 2351 2185 τὸν
2362 2133 2561 2204 τρόπον
2575 2134 2607 2203 ή
2626 2131 2789 2186 αὑτοῦ
2807 2132 3048 2198 Μωσέως
3059 2134 3098 2185 Γ
3105 2132 3247 2204 ραφὴ
3262 2136 3380 2196 ταῖς
3392 2130 3487 2184 τοῦ
3501 2130 3619 2184 2w-

2035 2223 2203 2295 τῆρος
2231 2223 2386 2295 ἡμῶν
2416 2224 2591 2296 Ἰησοῦ
2614 2223 2850 2296 Χριστοῦ
2877 2224 3182 2296 κεκόσμητο
3205 2221 3617 2296 προσηγορίαις⁶

352 2311 463 2381 puli
506 2314 749 2382 pontifici
790 2313 915 2382 ipsr,
952 2329 1017 2368 ac
1066 2328 1168 2369 suo
1220 2314 1393 2383 ipsius
1442 2314 1776 2381 successori,
1811 2314 2090 2370 Christum
2145 2326 2199 2373 et
2243 2317 2429 2375 Iesum
2485 2319 2874 2389 appellationes
2901 2335 3001 2390 pro
3049 2320 3259 2374 meritis
3293 2317 3612 2375 tribuisset:

352 2404 531 2475 ipsum
580 2408 799 2479 quidem
850 2408 1055 2475 Aaron,
1105 2409 1406 2474 Christum,
1466 2408 1703 2465 Nausem
1762 2425 1911 2475 vero,
1947 2412 2104 2482 quasi
2162 2428 2311 2478 eum,
2368 2414 2464 2484 qui
2512 2424 2636 2485 post
2690 2422 2921 2471 mortem
2970 2429 3126 2468 suam
3161 2413 3266 2469 sibi
3311 2418 3459 2468 esset
3488 2425 3619 2465 suc-

351 2515 635 2565 cessurus,
664 2499 850 2556 Jesum
879 2501 1200 2557 nominavit.
1237 2500 1353 2558 Hoc
1401 2503 1567 2574 igitur
1610 2504 1774 2560 modo
1832 2504 2006 2575 ipsius
2038 2504 2206 2562 Mosis
2256 2506 2562 2577 Scriptura,
2600 2505 2897 2562 Salvatoris
2934 2504 3106 2560 nostri
3129 2504 3258 2560 Jesu
3287 2502 3488 2558 Christi
3519 2517 3621 2557 no-

351 2594 593 2651 minibus
630 2594 893 2667 insignita
924 2603 1033 2653 est.

350 2710 430 2764 Ab
450 2710 653 2766 Exodo.
688 2742 761 2752 —
787 2713 1241 2778 Quemadmodum
1264 2714 1430 2770 Hosis
1460 2734 1730 2773 successor
1754 2718 1935 2781 Iesus,

425 2784 520 2857 qui
540 2782 757 2857 angelus
795 2795 873 2837 est
903 2795 1140 2857 uocatus.
1166 2801 1210 2839 et
1232 2788 1411 2855 populi
1432 2787 1542 2840 dux
1556 2789 1769 2857 futurus
1793 2797 1931 2851 erat,

428 2851 696 2906 reddentis
727 2854 1002 2907 oraculum
1028 2851 1240 2909 Christi
1274 2851 1462 2912 nomen
1484 2851 1621 2928 ferre
1636 2858 1810 2914 dictus
1831 2868 1930 2915 est.

435 3028 616 3084 «Ecce
671 3046 770 3100 ego
809 3031 965 3087 mitto
1008 3033 1259 3104 angelum
1318 3050 1498 3090 meum
1551 3042 1678 3091 ante
1735 3035 1929 3092 faciem

2052 2713 2195 2769 ’Λπὸ
2230 2711 2342 2780 τῆς
2373 2711 2637 2775 Ἐξόδου.
2671 2709 2849 2774 -Ὠς
2872 2711 2903 2761 ὁ
2923 2706 3177 2780 Μωσέως
3204 2706 3482 2780 διάδοχος
3517 2708 3621 2775 ’1η-

2108 2777 2327 2850 σοῦςζ
2359 2782 2623 2852 ἅγγελος
2653 2777 3122 2852 summamsqu
3141 2817 3156 2840 ,
3190 2778 3289 2831 καί
3321 2778 3429 2852 τοῦ
3460 2780 3615 2832 λαοῦ

2109 2848 2491 2923 καθηγεῖσθαι
2549 2850 2811 2923 negator,
2847 2848 2940 2923 _t6
2995 2849 3180 2923 ὄνομα
3240 2848 3348 2902 τοῦ
3392 2865 3619 2920 χρημα-

2111 2917 2371 2989 τίζοτλίτος
2401 2917 2659 2991 Χριστοῦ
2686 2917 3067 2989 ἐπιφέρεσθαι
3104 2919 3355 2988 λέγεται.

2113 3061 2131 3094 ι
2166 3042 2296 3095 Ἰδοὺ
2335 3038 2645 3094 ἀποστέλλω
2675 3037 2764 3092 τὸν
2794 3036 3021 3105 ἄγγελόν
3051 3052 3151 3106 μου
3185 3035 3290 3107 πρὸ
3321 3033 3614 3105 προσώπου

351 3123 524 3181 tuam,
560 3124 617 3170 ut
643 3118 912 3173 custodiat
951 3130 1001 3175 te
1025 3121 1082 3177 in
1110 3122 1217 3189 via,
1244 3132 1302 3177 ut
1326 3123 1637 3180 introducat
1656 3134 1709 3180 te
1736 3126 1791 3180 in
1824 3136 1930 3181 ter-

2043 3150 2153 3197 σου,
2174 3134 2260 3186 ἵνα
2294 3131 2542 3201 φυλάσσῃ
2568 3146 2627 3182 σε
2656 3130 2713 3182 ἐν
2731 3129 2797 3199 τῇ
2818 3125 2941 3197 ὁδῷ,
2970 3128 3117 3190 ὅπως
3145 3126 3414 3201 εἰσαγάγῃ
3439 3143 3498 3180 σε
3521 3130 3605 3193 είς

352 3225 469 3264 ram
516 3226 678 3281 quam
721 3215 1021 3282 pmparavi
1064 3215 1159 3270 tibi
1207 3231 1220 3267 :
1268 3216 1497 3272 observa
1548 3234 1697 3285 eum,
1730 3226 1784 3275 et
1827 3234 1927 3273 au-

354 3304 536 3358 sculta
560 3304 663 3366 illi,
697 3321 767 3360 ne
803 3305 974 3363 fueris
1001 3308 1265 3365 adversus
1290 3310 1438 3364 illum
1470 3319 1785 3376 contumax,
1818 3328 1928 3368 non

349 3398 499 3455 enim
554 3401 831 3456 verebitur
882 3409 976 3468 te,
1029 3418 1231 3459 nomen
1285 3405 1432 3461 enim
1488 3422 1671 3463 meum
1733 3414 1819 3463 est
1870 3408 1928 3461 in

353 3492 474 3563 ipso
501 3493 568 3546 ⁸³.
631 3513 650 3546 ι
708 3493 851 3559 Meo,
911 3497 1088 3567 inquit
1143 3498 1260 3568 ipse
1316 3497 1603 3565 Dominus,
1672 3503 1762 3570 qui
1814 3501 1928 3556 haec

349 3584 449 3638 tibi
495 3586 819 3654 reSpondeo,
877 3590 1099 3643 nomine
1142 3588 1446 3661 inscriptus
1488 3599 1591 3659 est,
1630 3594 1721 3663 qui
1753 3609 1930 3664 popu-

352 3674 463 3729 lum
488 3676 904 3734 introducturus
926 3690 1010 3735 est
1029 3681 1085 3736 in
1104 3689 1306 3736 terram
1331 3684 1716 3753 promissionis
1747 3685 1928 3755 :quod

352 3769 398 3823 si
428 3766 586 3825 Jesus
609 3771 729 3832 fuit.
765 3788 871 3828 non
903 3774 1065 3838 alius,
1106 3782 1323 3830 constat
1345 3775 1456 3844 jam
1488 3784 1604 3832 tum
1637 3775 1926 3833 Dominum

351 3859 439 3913 hic
474 3860 676 3927 dicere,
727 3879 926 3919 nomen
960 3882 1120 3920 suum
1158 3867 1232 3920 illi
1258 3882 1380 3922 esse
1424 3869 1738 3937 impositum
1774 3886 1926 3925 :non

352 3952 517 4020 igitur
546 3954 744 4008 mirum
771 3963 875 4018 est,
911 3957 957 4011 si
1006 3958 1256 4027 angelum
1282 3973 1500 4029 quoque
1541 3958 1721 4030 ipsum
1744 3969 1923 4026 vocat,

350 4042 570 4109 quando
595 4043 755 4097 etiam
785 4044 853 4100 de
882 4044 1113 4111 Joanne,
1146 4048 1239 4117 qui
1278 4050 1442 4104 homo
1476 4049 1598 4115 fuit,
1651 4051 1814 4121 plane
1842 4052 1929 4107 di-

351 4140 498 4188 ctum
530 4145 616 4189 est
648 4136 779 4190 illud
812 4155 825 4191 :
856 4155 876 4188 ‹
913 4136 1054 4194 Ecce
1087 4139 1243 4195 mitto
1301 4142 1556 4210 angelum
1589 4157 1769 4198 meum
1801 4152 1929 4198 ante

352 4222 547 4278 faciem
581 4234 751 4291 tuam,
784 4229 876 4298 qui
899 4229 1229 4299 praeparabit
1248 4231 1391 4285 viam
1418 4240 1566 4286 tuam
1584 4240 1711 4287 ante
1742 4240 1795 4287 te
1811 4233 1878 4288 ⁸⁸.
1900 4251 1922 4286 ι

350 4338 396 4392 Α
418 4335 703 4413 lae/tario.
734 4370 806 4380 -—
829 4341 981 4408 Quod
1028 4345 1188 4396 etiam
1206 4342 1362 4397 Iesus
1401 4345 1547 4413 [ilius
1583 4343 1804 4400 Iosedec
1829 4364 1926 4400 sa-

423 4409 602 4486 cerdos
634 4427 878 4486 magnus,
916 4414 1197 4483 imaginem
1243 4431 1304 4467 ac
1338 4409 1564 4485 ﬁguram
1611 4419 1770 4486 gessit
1802 4416 1927 4471 Sul-

421 4482 616 4555 vatoris
640 4484 828 4546 nostri,
864 4486 954 4553 qui
975 4494 1214 4542 veterem.
1253 4482 1523 4555 quaevjam
1548 4482 1658 4538 tum
1697 4489 1928 4541 inualue-

2027 3224 2125 3295 τὴν
2158 3224 2259 3294 γῆν
2278 3263 2292 3287 ,
2318 3223 2387 3294 ἢν
2414 3220 2688 3294 ἠτοίμασά
2716 3236 2818 3274 σοι.
2844 3218 3084 3290 Πρόσεχε
3108 3218 3317 3289 σεαυτῷ
3336 3261 3350 3284 ,
3378 3220 3472 3274 καὶ
3495 3222 3615 3274 εἰσ-

2028 3317 2189 3370 ἀκουε
2222 3313 2385 3369 αὑτοῦ
2407 3354 2423 3380 ,
2454 3314 2528 3386 μὴ
2558 3313 2773 3367 ἀπείθει
2801 3312 2948 3383 αὐτῷ
2972 3329 2985 3342 ·
3014 3312 3074 3365 οὐ
3105 3315 3213 3383 γὰρ
3250 3308 3322 3382 μὴ
3357 3313 3615 3367 ὑποστεί-

2028 3406 2186 3479 ληταί
2215 3425 2293 3461 σε.
2322 3406 2394 3461 Τὸ
2414 3406 2523 3478 γὰρ
2541 3405 2715 3477 ὄνομά
2746 3422 2847 3476 μου
2882 3406 3031 3459 ἐστὶν
3056 3405 3143 3457 ἐπ’
3166 3404 3332 3475 αὐτῷ.
3370 3425 3388 3456 ι
3424 3405 3612 3478 Ἑμοῦ,

2029 3499 2192 3571 φησὶν
2212 3498 2371 3562 αὐτὸς
2401 3500 2429 3551 6
2456 3497 2687 3570 Κύριος,
2707 3495 2799 3551 τοῦ
2836 3496 2920 3550 σοὶ
2950 3496 3123 3552 ταῦτα
3147 3496 3576 3567 χρηματίζοντος
3595 3538 3611 3559 ,

2026 3588 2266 3662 τοῦνομα
2303 3588 2723 3661 ἐπιγέγραπται,
2753 3591 2781 3644 6
2814 3589 3022 3659 μέλλων
3064 3590 3303 3656 είσάγειν
3360 3589 3451 3642 τὸν
3483 3588 3612 3643 λαὸν

2028 3684 2108 3746 είς
2133 3682 2232 3752 τὴν
2263 3682 2366 3753 γῆν
2396 3681 2495 3751 τῆς
2522 3680 2850 3751 ἐπαγγελίας
2867 3698 2879 3711 ·
2903 3684 2952 3734 εἰ
2973 3682 3017 3735 δ’
3041 3682 3203 3744 αὐτὸς
3228 3676 3295 3753 ἦν
3323 3683 3351 3734 6
3380 3680 3611 3753 Ἰησοῦς.

2028 3774 2129 3828 οὐκ
2170 3773 2362 3837 ἄλλος,
2400 3772 2693 3844 πρόδηλον,
2723 3773 2800 3837 ὡς
2845 3772 3082 3845 τοῦνομα
3126 3773 3187 3825 τὸ
3236 3772 3402 3825 αὑτοῦ
3445 3771 3611 3844 φησὶν

2030 3864 2397 3918 ἐπιτεθεῖσθαι
2424 3862 2592 3933 αὐτῷ.
2623 3863 2697 3916 Οὐ
2724 3862 3032 3933 θαυμαστὸν
3054 3858 3166 3924 οὖν,
3190 3863 3238 3915 εί
3263 3864 3354 3915 καὶ
3382 3862 3611 3931 ἄγγελον

2028 3954 2188 4007 αὑτὸν
2213 3952 2492 4019 ἀποκαλεῖ,
2519 3953 2608 4005 ὅτε
2644 3952 2739 4005 καὶ
2770 3952 2897 4024 περὶ
2931 3952 3175 4005 Ἰωάννου
3201 3952 3487 4023 ἀνθρώπου
3515 3970 3612 4022 γε·-

2027 4046 2241 4113 γονότος
2267 4045 2511 4098 λέλεκται
2543 4044 2621 4108 τὸ,
2663 4063 2681 4096 ι
2726 4045 2855 4098 Ἰδοὺ
2885 4044 3200 4098 ἀποστέλλω
3243 4045 3333 4097 τὸν
3378 4046 3609 4115 ἄγγελόν

2030 4155 2131 4208 μου
2176 4138 2282 4209 πρὸ
2315 4136 2608 4210 προσώπου
2639 4154 2765 4202 σου,
2805 4138 2864 4202 ὃς
2907 4138 3310 4192 κατασκευάσει
3351 4138 3450 4210 τῆν
3488 4138 3610 4195 ὀδόν

2029 4247 2121 4283 σου
2155 4228 2461 4301 ἔμπροσθέν
2494 4248 2607 4284 σου.
2640 4250 2657 4283 ι

2041 4343 2660 4434 Ἀπὸβτοῦἓζαχαρίογ.
2686 4375 2757 4434 τ
2778 4345 2873 4410 Ὠς
2896 4344 3004 4434 ’καί
3039 4343 3284 4434 Ἰησοῦς,
3302 4344 3468 4434 {rei}
3499 4346 3607 4434 Ἰως

2098 4414 2278 4468 σεδὲκ
2308 4418 2339 4468 ὁ
2371 4414 2563 4482 ἱερεὺς
2593 4419 2624 4469 ό
2648 4416 2828 4484 μέγας
2860 4416 3065 4469 εἰκόνα
3092 4416 3187 4468 καὶ
3218 4414 3408 4468 τύπον
3433 4415 3608 4484 ἔφειε

2098 4484 2204 4537 τοῦ
2260 4484 2533 4553 Σωτῆρος
2574 4485 2762 4554 ἡμῶν,
2821 4484 3285 4554 ἐπιστρέφοντος
3341 4484 3441 4537 ἐπὶ
3499 4488 3609 4539 τιί·

422 4560 528 4612 rat,
553 4530 904 4607 humanarum
957 4530 1278 4608 animarum,
1307 4530 1627 4623 seruitutem,
1663 4558 1731 4610 ad
1758 4557 1924 4612 Deum

2108 4555 2257 4608 Θεὸν
2276 4554 2391 4623 τὴν
2402 4530 2586 4610 hiat
2676 4530 3099 4623 ικρατήσαέαἶ
3101 4553 3218 4609 τῶν
3228 4530 3609 4623 ἆνθρωπείιυν

420 4632 693 4675 convertit.

426 4733 583 4806 197
612 4753 631 4785 ι
654 4733 716 4788 Ει
747 4737 987 4791 ostendit
1035 4739 1168 4792 mihi
1217 4738 1480 4797 Dominus
1524 4740 1709 4798 Jesum
1742 4759 1929 4799 sacer-

349 4827 531 4880 dotem
553 4843 829 4896 magnum,
851 4838 1080 4884 stantem
1105 4839 1229 4885 ante
1251 4830 1443 4886 faciem
1477 4835 1654 4903 angeli
1680 4832 1926 4890 Domini:

351 4924 405 4972 et
437 4918 690 4973 diabolus
739 4921 917 4974 stabat
964 4936 994 4973 a
1048 4922 1258 4978 dextris
1285 4924 1427 4994 ejus,
1462 4934 1522 4980 ut
1544 4926 1931 4982 adversaretur

349 5009 425 5073 ei,
454 5019 508 5064 et
538 5010 673 5064 dixit
706 5009 970 5065 Dominus
990 5011 1056 5065 ad
1094 5013 1374 5068 diabolum
1410 5034 1421 5069 :
1452 5015 1701 5087 lncrepet
1744 5018 1930 5073 Domi—

350 5116 457 5155 nus
480 5099 534 5153 in
563 5108 636 5165 te,
670 5101 903 5165 diabole,
951 5110 1007 5156 et
1041 5103 1283 5174 increpet
1319 5104 1583 5162 Dominus
1625 5108 1679 5162 in
1702 5116 1777 5172 te,
1834 5109 1929 5179 qui

348 5193 513 5263 elegit
553 5192 851 5248 Jerusalem
910 5213 922 5249 :
971 5210 1153 5249 nonne
1208 5212 1337 5253 ecce
1380 5198 1489 5264 hic,
1538 5200 1698 5270 quasi
1759 5201 1926 5255 torris

348 5292 538 5337 erutus
565 5297 632 5337 ex
670 5283 831 5353 igne?
858 5282 921 5336 Et
947 5294 1065 5339 erat
1096 5283 1257 5341 Jesus
1283 5287 1507 5344 indutus
1539 5289 1784 5344 vestibus
1807 5305 1929 5344 sor-

349 5372 515 5436 didis,
566 5381 619 5428 et
672 5375 850 5429 stabat
906 5384 1031 5431 ante
1101 5377 1293 5433 faciem
1361 5381 1537 5451 angeli
1588 5379 1824 5446 Domini,
1871 5388 1921 5435 et

350 5465 654 5534 respondit,
700 5476 754 5520 et
790 5469 865 5522 ait
912 5469 979 5524 ad
1009 5480 1214 5527 stantes
1245 5479 1372 5529 ante
1428 5474 1624 5529 faciem
1647 5514 1661 5538 ,
1690 5474 1879 5530 dicens
1907 5493 1920 5530 :

350 5556 573 5612 Auferte
606 5558 930 5613 vestimenta
954 5561 1174 5616 sordida
1208 5563 1276 5618 ab
1295 5579 1382 5631 eo,
1414 5571 1469 5620 et
1498 5565 1634 5619 dixit
1666 5566 1733 5620 ad
1759 5582 1918 5621 eum:

349 5646 489 5704 Ecce
511 5648 711 5703 abstuli
774 5666 805 5704 a
845 5659 898 5705 te
935 5652 1250 5723 iniquitates
1281 5663 1427 5721 tuas,
1459 5668 1511 5711 et
1547 5657 1754 5713 induite
1794 5673 1917 5714 eum

415 5802 466 5835 "
489 5801 661 5857 Exod.
687 5818 842 5870 um,
886 5804 974 5861 20.
1048 5807 1092 5838 ”
1110 5805 1277 5863 Marc.
1326 5825 1365 5879 ι,
1395 5809 1447 5866 2.

2107 4629 2194 4693 ψυ
2199 4624 2325 4694 χῶν
2353 4628 2787 4695 αἰχμαλωσίαν.

2112 4757 2130 4789 ι
2165 4740 2273 4791 Kal.
2297 4737 2465 4802 ἔδειξέ
2500 4754 2592 4808 μοι
2619 4736 2825 4809 Κύριος
2863 4737 3069 4808 Ἰησοῦν
3096 4737 3186 4790 τὸν
3216 4736 3365 4811 ἱερέα
3393 4737 3485 4792 τδν
3513 4739 3608 4809 μέ-

2031 4847 2167 4900 γαν,
2202 4830 2410 4884 ἐστῶτα
2441 4830 2547 4902 πρὸ
2579 4828 2872 4901 προσώπου
2906 4830 3140 4899 ἀγγέλου
3185 4832 3413 4903 Κυρίου.
3439 4832 3551 4884 Καὶ
3577 4834 3609 4885 6

2029 4923 2273 4987 διάϐολος
2298 4924 2537 4995 εἱστήκει
2558 4925 2623 4977 ἐκ
2650 4921 2838 4987 δεξιῶν
2868 4922 3054 4987 αὐτοῦ,
3076 4923 3411 4977 ἀντικεῖσθαι
3434 4923 3602 4993 αὐτῷ.

2031 5017 2143 5071 Καὶ
2184 5013 2305 5069 εἷπε
2353 5016 2558 5087 Κύριος
2605 5015 2741 5087 πρὸς
2781 5015 2872 5069 τὸν
2919 5015 3193 5069 διάϐολον
3258 5017 3604 5087 Ἐπιτιμήσαι

2029 5108 2234 5180 Κύριος
2266 5111 2325 5161 ἐν
2359 5109 2442 5161 σοὶ
2462 5148 2477 5172 ,
2507 5106 2722 5161 διάϐολε
2741 5148 2756 5171 ,
2805 5107 2902 5162 καὶ
2947 5109 3272 5179 ἐπιτιμήσαι
3302 5108 3506 5180 Κύριος
3547 5110 3604 5160 ἐν

2033 5201 2136 5265 σοὶ,
2158 5201 2188 5252 6
2209 5197 2567 5269 ἐκλεξάμενος
2589 5199 2687 5269 τὴν
2720 5198 3093 5271 Ἰερουσαλήμ.
3121 5198 3256 5269 Οὐχὶ
3279 5192 3430 5262 οὗτος
3448 5198 3606 5262 δαλὸς

2032 5290 2434 5360 ἐξεσπασμένος
2453 5290 2517 5343 ἐκ
2545 5290 2714 5361 πυρός
2742 5290 2888 5355 ;Καὶ
2915 5285 2984 5361 ἦν
3021 5288 3227 5361 Ἰησοῦς
3259 5289 3606 5359 ἐνδεδυμένος

2034 5384 2225 5454 ἱμάτια
2257 5383 2497 5455 ῥυπαρὰ,
2528 5384 2621 5437 καὶ
2649 5385 2888 5455 εἱστήκει
2922 5383 3028 5455 πρὸ
3050 5382 3341 5453 προσώπου
3370 5382 3604 5452 ἀγγέλου

2030 5474 2256 5546 Κυρίου,
2280 5475 2375 5528 καὶ
2395 5474 2667 5547 ἀπεκρίθη
2687 5515 2702 5540 ,
2731 5476 2825 5529 καὶ
2852 5471 2974 5529 εἷπε
3003 5475 3140 5546 πρὸς
3163 5476 3286 5538 τοὺς
3308 5474 3604 5546 ἑστηκότας

2030 5567 2137 5637 πρὸ
2156 5566 2475 5637 προσώπου,
2497 5567 2691 5635 λέγων’
2724 5567 2973 5637 Ἀφέλετε
2993 5569 3061 5619 τά
3083 5567 3273 5636 ἱμάτια
3296 5567 3362 5620 τὰ
3383 5568 3621 5638 ῥυπαρὰ.

2030 5658 2124 5710 ἀπ’
2153 5657 2339 5710 αὐτοῦ’
2380 5657 2476 5712 καὶ
2507 5653 2627 5711 εἷπε
2663 5656 2799 5728 πρὸς
2828 5657 3010 5711 αὐτόν·
3048 5656 3176 5712 Ἰδοὺ
3206 5656 3467 5727 ἀφῄρηκα
3504 5655 3605 5721 τὰς
