3880 6256
237 308 347 363 329

1119 307 1775 366 υεκοΝδτιιΑτιοΝιε
1814 308 2277 367 ΕνΑΝαΕιιοιΕ
2320 308 2450 366 LIB.
2494 310 2583 366 IV.

3374 319 3481 373 550

234 426 473 499 ἀνομίας
501 444 619 495 σου,
644 429 739 483 καὶ
768 428 1019 483 ἐνδύσατε
1048 429 1210 483 αὐτὸν
1234 430 1467 504 ποδήρη,
1486 431 1581 487 καὶ
1599 431 1813 486 ἐπίθετε

1914 431 2099 486 tunica
2123 430 2302 497 talari,
2347 439 2403 485 et
2458 430 2720 502 imponite
2765 430 2994 487 cidarim
3041 432 3299 488 mundam
3321 450 3484 506 super

234 519 456 591 κίδαριν
490 519 742 592 καθαράν
767 521 860 575 ἐπὶ
888 519 987 592 τὴν
1025 521 1266 594 κεφαλὴν
1298 523 1495 589 αὑτοῦ,
1529 524 1622 577 καὶ
1652 540 1811 597 περι-

233 610 430 665 έϐαλον
460 611 631 667 αὐτὸν
663 612 871 683 ἱμάτια.
905 632 925 665 ι
962 614 1071 668 Καὶ
1102 614 1228 685 ἑξῆς
1255 614 1522 684 ἐπιλέγει·
1561 634 1580 667 ι
1616 616 1811 671 ’Ἄκουε

230 701 329 773 δὴ,
375 702 555 774 Ἰησοῦ
591 706 621 757 6
649 704 828 775 ἱερεὺς
859 706 887 756 6
918 705 1089 775 μέγας
1107 744 1123 769 ,
1151 706 1214 758 σὺ
1243 707 1338 759 καὶ
1359 708 1407 760 oi
1436 706 1661 778 πλησίον
1692 706 1807 771 σοῦ,

231 792 534 864 καθήμενοι
562 794 667 866 πρὸ
698 794 987 867 προσώπου
1018 813 1109 849 σου
1131 836 1145 861 ,
1185 796 1319 850 διότι
1356 797 1546 870 ἄνδρες
1585 816 1810 867 τερατο-

234 891 425 938 σκόποι
450 884 591 938 εἰσί·
612 886 744 940 διότι
785 886 901 955 άγω
940 887 1032 941 τὸν
1065 888 1250 942 δοῦλόν
1284 906 1385 961 μου
1432 890 1739 963 Ἀνατολήν.
1786 911 1804 943 ι

232 978 343 1031 Καὶ
374 979 524 1048 μετὰ
543 977 773 1050 βραχέα,
792 979 998 1043 τούτοις
1027 980 1279 1052 ὲπιφὲρει
1294 979 1465 1049 λέγων
1483 996 1496 1009 ·
1517 997 1536 1030 ι
1558 980 1665 1033 Καὶ
1692 980 1812 1049 ἐγέ-

230 1084 353 1120 νετο
388 1067 554 1136 λόγος
589 1070 795 1139 Κυρίου
836 1069 972 1139 πρός
1014 1087 1083 1141 με
1111 1070 1285 1138 λέγων
1308 1088 1320 1100 ·
1352 1071 1498 1126 Λάϐε
1524 1071 1592 1126 τά
1619 1074 1682 1124 ἐκ
1713 1072 1811 1143 τῆς

229 1157 617 1227 αἰχμαλωσίας
668 1160 815 1231 παρὰ
862 1159 968 1214 τῶν
1016 1161 1295 1232 ἀρχόντων
1346 1162 1440 1216 καὶ
1497 1161 1646 1233 παρά
1705 1160 1810 1215 τῶν

228 1248 498 1319 χρησμῶν
531 1248 736 1319 αὐτῆς,
760 1249 854 1303 καὶ
893 1249 1041 1321 παρά
1066 1248 1173 1302 τῶν
1206 1249 1592 1317 ὲπεγνωκότων
1619 1247 1806 1320 αὐτὴν,

226 1340 319 1393 καὶ
361 1339 654 1412 εἰσελεύσῃ
682 1342 740 1394 ὲν
779 1344 845 1413 τῇ
874 1341 1058 1413 ἡμέρᾳ
1089 1341 1274 1416 ἐκείνῃ
1302 1344 1383 1405 είς
1413 1343 1502 1397 τὸν
1528 1337 1674 1396 οἷκον
1714 1343 1812 1395 Σο·

224 1431 412 1500 φονίου
442 1431 541 1484 τοῦ
567 1433 794 1503 ῆκοντος
822 1434 887 1485 ὲκ
909 1432 1247 1497 Βαϐυλῶνος,
1268 1433 1360 1486 καὶ
1378 1432 1520 1504 λήψῃ
1548 1432 1809 1504 ἀργύριον

223 1522 314 1574 καὶ
345 1522 577 1592 χρυσίον
597 1561 612 1586 ,
641 1523 736 1576 καὶ
762 1524 1008 1595 ποιήσεις
1041 1523 1337 1592 στεφάνους
1361 1562 1375 1587 ,
1407 1524 1500 1578 καὶ
1532 1521 1811 1595 ἐπιθήσεις

222 1611 315 1664 ἐπὶ
346 1611 451 1682 τὴν
486 1612 729 1686 κεφαλὴν
765 1611 938 1682 Ἰησοῦ
968 1610 1061 1667 τοῦ
1098 1613 1340 1667 Ἰωσεδὲκ
1366 1611 1459 1666 τοῦ
1504 1612 1692 1683 ἱερέως
1713 1611 1808 1665 τοῦ

226 1704 471 1773 μεγάλου
490 1745 506 1769 ,
552 1705 651 1759 καὶ
696 1706 841 1775 ἐρεῖς
871 1704 1008 1776 πρὸς
1035 1705 1195 1759 αὐτόν
1218 1721 1234 1735 ο
1262 1704 1400 1758 Τάδε
1426 1703 1575 1772 λέγει
1608 1702 1809 1775 Κύριος

1911 533 2075 597 caput
2097 525 2237 596 ejus,
2260 533 2315 581 et
2348 525 2641 580 induerunt
2697 524 2847 581 illum
2895 527 3216 582 vestimenta
3249 526 3315 582 ⁸³.
3350 547 3369 579 ι
3406 529 3483 582 Ac

1911 616 2105 673 deinde
2132 617 2414 688 adjungit:
2445 635 2463 669 ι
2502 618 2641 672 Audi
2688 618 2798 687 jam
2852 636 3017 685 nunc,
3049 618 3177 676 Iesu
3226 621 3484 676 sacerdos

1912 723 2129 780 magno,
2166 717 2224 763 tu
2276 720 2329 764 et
2363 709 2598 780 proximi
2658 710 2738 764 tui
2794 710 3048 767 sedentes
3106 719 3232 766 ante
3287 711 3481 767 faciem

1910 809 2080 866 tuam,
2119 803 2374 871 quoniam
2408 802 2512 856 viri
2544 803 2913 873 prodigiorum
2940 805 3279 874 inspectores
3307 813 3436 861 sunt
3463 825 3477 858 :

1909 894 2167 963 quoniam
2196 910 2295 966 ego
2330 894 2543 949 adduco
2567 910 2782 950 servum
2814 911 3014 962 meum,
3046 897 3321 953 Orientem
3343 900 3422 965 ⁸⁶;
3452 916 3475 953 ›

1910 995 2112 1058 etpost
2145 988 2389 1057 paulum,
2447 987 2533 1042 his
2555 1002 2674 1059 quae
2722 987 2870 1042 dicta
2928 998 3056 1045 sunt
3085 990 3355 1062 adjungit,
3397 992 3482 1047 di-

1916 1092 2087 1133 cens:
2119 1095 2137 1129 ι
2165 1076 2230 1133 Ει
2253 1076 2455 1133 factum
2503 1086 2587 1135 est
2640 1078 2866 1135 verbum
2905 1078 3119 1136 Domini
3153 1082 3221 1137 ad
3280 1096 3366 1137 me
3392 1082 3480 1136 di-

1912 1185 2087 1227 cens:
2123 1168 2287 1225 Sume
2346 1184 2410 1225 ea
2464 1186 2589 1242 qua:
2627 1179 2755 1226 sunt
2801 1187 2865 1227 ex
2918 1173 3398 1244 transmigrationc
3448 1189 3479 1227 a

1911 1261 2253 1332 principibus
2297 1276 2352 1318 et
2392 1263 2633 1318 oraculis
2678 1263 2820 1333 ejus,
2853 1272 2909 1319 et
2957 1265 3026 1320 ab
3053 1265 3120 1319 iis
3149 1265 3243 1335 qui
3279 1280 3477 1336 cogno-

1911 1360 2107 1408 verunt
2161 1369 2304 1418 cam,
2363 1365 2417 1409 et
2456 1355 2780 1426 ingredieris
2804 1357 2858 1410 in
2892 1355 2980 1412 die
3015 1358 3105 1411 illa
3149 1358 3205 1411 in
3255 1356 3477 1412 domum

1913 1441 2202 1514 Sophonia:
2229 1446 2498 1504 venientis
2555 1448 2623 1503 de
2659 1447 2951 1519 Babylone,
3000 1457 3055 1504 et
3105 1450 3343 1520 accipies
3386 1464 3479 1503 ar—

1909 1547 2131 1607 gentum
2155 1544 2318 1609 atque
2346 1553 2563 1603 aurum,
2585 1547 2640 1594 et
2664 1539 2832 1595 facies
2861 1555 3119 1607 coronas,
3149 1549 3204 1597 et
3233 1542 3479 1612 imponcs

1910 1643 2075 1699 super
2100 1640 2262 1701 caput
2282 1628 2410 1686 Iesu
2447 1630 2541 1685 ﬁlii
2565 1628 2797 1687 Iosedec
2842 1633 3144 1689 sacerdotis
3193 1634 3399 1705 magni,
3424 1645 3478 1688 ct

1908 1719 2059 1775 dices
2101 1720 2167 1775 ad
2229 1737 2352 1776 eum
2389 1718 2555 1777 :Hzec
2606 1721 2741 1776 dicit
2794 1720 3057 1778 Dominus
3108 1724 3473 1795 omnipotens,
3533 1762 3535 1766 ι

220 1796 626 1868 παντοκράτωρ
645 1813 660 1825 θ
699 1796 829 1850 Ἰδοὺ
852 1796 1009 1868 ἀνὴρ,
1041 1795 1293 1868 Ἀνατολὴ
1319 1796 1488 1868 ὄνομα
1513 1793 1681 1866 αὐτῷ,
1708 1795 1804 1848 καὶ

1905 1826 2034 1868 ecce
2059 1812 2166 1878 vir,
2193 1811 2389 1868 Oriens
2440 1828 2635 1869 nomen
2669 1814 2722 1870 ei
2745 1855 2759 1877 ,
2789 1821 2843 1869 et
2873 1814 3059 1870 subter
3089 1830 3214 1870 eum
3247 1793 3475 1877 orietur,

223 1887 586 1943 ὑποκάτωθεν
617 1888 779 1943 αὐτοῦ
813 1889 1059 1943 ἀνατελεῖ
1077 1929 1091 1951 ,
1125 1887 1218 1941 καὶ
1242 1888 1579 1960 οἰκοδομήσει
1609 1887 1698 1940 τὸν
1720 1883 1800 1940 oi-

217 1997 314 2033 κον
349 1981 582 2053 Κυρίου,
606 1982 700 2035 καὶ
715 1981 875 2045 αὐτὸς
894 1979 1122 2052 λήψεται
1136 1978 1352 2051 ἀρετὴν,
1375 1981 1467 2033 καὶ
1490 1978 1797 2044 καθίσεται,

218 2072 315 2127 καὶ
355 2071 619 2143 κατάρξει
661 2071 755 2124 ἐπὶ
779 2070 872 2123 τοῦ
903 2070 1093 2142 θρόνου
1132 2068 1296 2123 αὐτοῦ
1316 2086 1330 2098 ·
1361 2069 1455 2122 καὶ
1490 2068 1639 2122 ἔσται
1669 2070 1698 2121 ό
1723 2070 1800 2121 ίε-

219 2164 358 2237 ρεὺς
384 2165 451 2216 ὲκ
479 2161 669 2226 δεξιῶν
701 2160 863 2216 αὑτοῦ
880 2199 895 2222 ,
930 2162 1023 2213 καὶ
1057 2159 1218 2231 βουλὴ
1243 2158 1490 2230 είρηνικὴ
1520 2158 1670 2212 ἔσται
1698 2158 1802 2213 άνά

221 2255 395 2325 μέσον
420 2250 767 2323 ἀμφοτέρων.
806 2269 825 2302 ι
868 2251 977 2303 Καὶ
1017 2252 1045 2302 6
1079 2251 1135 2302 ἐν
1157 2250 1236 2321 τῷ
1268 2250 1492 2321 παρόντι
1519 2251 1801 2321 προφήτης

220 2348 407 2416 μέγας
436 2347 616 2418 ἱερεὺς
644 2386 658 2411 ,
700 2345 1163 2416 ἀναγορευόμενος
1202 2343 1405 2414 Ἰησοῦς
1425 2384 1439 2407 ,
1472 2344 1801 2415 λευκοτάτην

219 2439 413 2492 εἰκόνα
443 2438 539 2492 καὶ⁹
569 2436 836 2508 σύμϐολον
880 2436 1111 2508 ἐναργὲς
1154 2436 1303 2489 δοκεῖ
1351 2452 1438 2505 μοι
1481 2434 1670 2498 σώζειν
1705 2433 1798 2487 τοῦ

220 2528 479 2600 ἃοτῆρος
521 2526 679 2598 ἡμῶν
736 2527 911 2597 Ἰησοῦ
958 2526 1050 2580 τοῦ
1098 2524 1367 2597 Χριστοῦ,
1420 2527 1486 2594 τῇ
1528 2542 1585 2577 τε
1634 2524 1798 2577 αὐτοῦ

216 2622 569 2694 προσηγορίᾳ
598 2620 869 2692 τιμηθεὶς,
901 2621 993 2674 καὶ
1026 2621 1123 2689 τῆς
1151 2617 1406 2671 ἐπανόδου
1435 2618 1533 2687 τῆς
1561 2618 1668 2669 άπὸ
1692 2618 1799 2671 Βα-

217 2712 466 2777 ϐυλῶνος
494 2713 868 2784 αἰχμαλωσίας
891 2711 983 2764 τοῦ
1002 2711 1131 2763 λαοῦ
1156 2708 1626 2780 καθηγησάμενος.
1647 2707 1798 2760 Ἐπεὶ

218 2807 317 2861 καὶ
354 2809 383 2860 6
410 2808 605 2879 Σωτὴρ
637 2805 794 2877 ήμῶν
826 2804 1032 2875 Ἰησοῦς
1060 2805 1088 2856 6
1117 2801 1350 2875 Χριστὸς
1375 2800 1626 2870 ἀφεῖσθαι
1656 2799 1799 2871 εἴρη-

218 2916 313 2953 ται
340 2898 430 2952 διὰ
462 2898 684 2953 Ἡσαΐου
705 2896 798 2951 τοῦ
827 2898 1103 2968 προφήτου
1123 2936 1138 2960 ,
1174 2894 1407 2967 κηρύξαι
1435 2892 1797 2965 αἰχμαλώτοις

218 2991 454 3060 ἄφεσιν,
504 2993 601 3045 καὶ
644 2989 863 3057 τυφλοῖς
921 2988 1209 3057 ἀνάϐλεψιν
1229 3028 1244 3052 ,
1300 2986 1676 3059 παρακαλέσαι
1738 3003 1798 3039 τε

220 3086 434 3149 πάντας
461 3085 586 3148 τοὺς
622 3082 976 3149 πενθοῦντας,
1017 3085 1112 3138 καὶ
1137 3083 1355 3154 δοθῆναι
1388 3085 1498 3145 τοῖς
1544 3079 1798 3135 πενθοῦσι

1908 1910 1964 1958 et
1999 1903 2289 1961 aediﬁcabit
2342 1905 2565 1960 domum
2603 1904 2853 1970 Domini,
2882 1914 2936 1962 et
2967 1906 3085 1976 ipse
3106 1907 3338 1977 accipiet
3364 1908 3480 1962 vir-

1907 2002 2100 2060 tutem,
2136 2004 2191 2050 et
2219 1996 2449 2059 sedebit,
2477 2005 2530 2050 et
2558 1996 2923 2067 principatum
2972 1996 3240 2052 obtinebit
3271 1995 3326 2052 in
3349 2000 3479 2053 sede

1907 2103 2006 2143 sua
2040 2104 2053 2140 :
2085 2098 2136 2144 et
2169 2089 2274 2144 erit
2302 2088 2557 2144 sacerdos
2605 2103 2637 2141 a
2689 2087 2895 2144 dextris
2921 2087 3060 2157 ejus,
3106 2096 3161 2143 et
3187 2088 3477 2144 consilium

1905 2180 2194 2251 paciﬁcum
2226 2182 2332 2236 erit
2392 2179 2534 2234 inter
2579 2186 2869 2250 utrumque
2889 2179 2955 2235 ⁸⁷.
2988 2199 3009 2232 ι
3036 2178 3150 2235 Hoc
3174 2194 3392 2251 quoque
3420 2182 3478 2235 in

1906 2274 2028 2327 loco
2056 2272 2321 2343 propheta
2352 2285 2584 2341 magnus
2614 2269 2892 2335 sacerdos,
2921 2268 3016 2339 qui
3046 2269 3251 2324 dicitur
3291 2268 3473 2335 Iesus,

1907 2363 2309 2433 apertissimam
2345 2363 2636 2434 imaginem
2681 2368 2735 2417 et
2769 2369 2955 2416 notam
3009 2360 3474 2416 evidentissimam

1907 2470 2125 2512 servare
2141 2454 2275 2510 mihi
2302 2454 2525 2510 videtur
2548 2453 2847 2509 Salvatoris
2881 2454 3056 2509 nostri
3086 2452 3215 2508 Iesu
3241 2451 3470 2518 Christi,

1905 2546 2125 2618 quando
2154 2554 2209 2602 et
2244 2547 2391 2603 illius
2451 2547 2671 2602 nomine
2715 2546 3028 2609 decoratur,
3076 2554 3130 2601 et
3171 2545 3357 2617 p0puli
3408 2545 3477 2601 de

1904 2636 2181 2709 Babylone
2206 2635 2506 2699 redeuntis,
2533 2636 2625 2706 qui
2657 2636 2905 2707 captivus
2935 2635 3049 2689 illic
3066 2633 3261 2699 fuerat,
3280 2635 3476 2690 ductor

1904 2728 2157 2794 exsistit;
2211 2742 2338 2781 nam
2373 2726 2623 2782 Salvator
2654 2742 2873 2798 quoque
2906 2737 3093 2783 noster
3120 2724 3281 2782 Iesus
3311 2724 3473 2781 Chri-

1906 2830 2026 2876 stus
2053 2834 2150 2890 per
2174 2819 2367 2875 lsaiam
2409 2819 2728 2890 prophetam
2770 2819 2973 2875 dicitur
3009 2818 3213 2874 missus
3246 2824 3305 2873 ut
3334 2834 3479 2872 nun-

1905 2911 2005 2965 tiet
2031 2910 2264 2981 captivis
2290 2910 2667 2966 remissionem
2697 2917 2752 2964 et
2780 2909 2939 2965 caecis
2993 2910 3194 2975 visum,
3227 2908 3478 2965 console-

1904 3011 2103 3073 turque
2130 3018 2322 3059 omnes
2346 3002 2441 3073 qui
2484 3002 2540 3056 in
2571 3003 2721 3057 luctu
2769 3002 2898 3067 sint,
2940 3002 3137 3072 detque
3165 3001 3478 3072 lugentibus

1908 3092 2062 3159 Sion,
2093 3093 2319 3164 gloriam
2349 3108 2448 3164 pro
2480 3091 2686 3158 cinere,
2719 3100 2882 3162 atque
2909 3091 3223 3148 unctionem
3255 3090 3476 3147 laetitiae.

218 3180 366 3235 Σιὼν
389 3180 510 3233 ἀντὶ
537 3178 732 3233 σποδοῦ
762 3177 1002 3249 ἄλειμμα
1033 3175 1581 3247 εύφροσύνης.Ἔχεις
1612 3188 1796 3240 τοιγα-

1908 3185 2071 3257 198
2102 3184 2282 3241 Habes
2311 3185 2475 3256 igitur
2510 3185 2625 3255 jam
2673 3185 2811 3241 duos
2855 3199 3083 3256 magnos
3146 3181 3471 3255 pontiﬁces:

224 3270 357 3345 ροῦν
382 3273 484 3342 ήδη
508 3271 601 3325 δύο
623 3270 888 3342 μεγάλους
915 3269 1207 3341 ἀρχιερεῖς.
1256 3267 1347 3319 τὸν
1372 3265 1469 3337 μὲν
1490 3262 1643 3335 παρά
1670 3263 1798 3316 Μω-

224 3367 307 3419 osi
329 3364 590 3435 Χριστὸν,
611 3363 701 3416 τὸν
733 3362 789 3415 δὲ
820 3360 955 3433 μετά
986 3362 1174 3432 χεῖρας
1203 3357 1431 3429 Ἰησοῦν,
1459 3355 1527 3409 τὰ
1557 3353 1799 3425 σύμϐολα

218 3455 327 3525 τῆς
355 3454 486 3525 περὶ
505 3454 597 3506 τὸν
624 3451 858 3524 Σωτῆρα
887 3452 980 3505 καὶ
1003 3449 1205 3520 Κύριον
1236 3447 1392 3520 ήμῶν
1430 3444 1635 3519 Ἰησοῦν
1662 3446 1798 3515 Χρι-

223 3546 352 3602 στὸν
378 3546 636 3617 ἀληθείας
662 3545 729 3598 δι’
760 3543 940 3599 αὐτῶν
968 3541 1450 3614 ὲπενηνεγμένους.
1468 3537 1606 3592 Ἀλλ’
1636 3539 1665 3590 6
1700 3536 1798 3607 μὲν

234 3638 447 3712 ’Δαρὼν
469 3642 500 3693 6
526 3637 677 3709 παρά
702 3639 890 3692 Μωσεῖ
913 3635 1164 3708 Χριστὸς,
1196 3633 1297 3704 τῆς
1314 3630 1464 3704 παρὰ
1478 3630 1797 3698 Αἰγυπτίοις

225 3731 543 3796 ἀπαλλάξας
570 3730 660 3785 τὸν
692 3729 820 3783 λαὸν
852 3727 1093 3790 δουλείας
1113 3767 1129 3792 ,
1159 3726 1245 3779 ἐπ’
1281 3723 1564 3795 ἐλευθερίᾳ
1604 3740 1664 3776 τε
1701 3723 1796 3774 καὶ

224 3824 495 3898 θεραπείὶι
522 3822 615 3877 τοῦ
643 3823 742 3893 τῆς
771 3822 863 3874 ἀπ’
894 3819 1167 3889 Αἰγύπτου
1196 3818 1418 3890 πορείας
1447 3814 1625 3870 αὐτῶν
1656 3817 1796 3885 ἡγη-

228 3918 493 3989 σάμενος,
520 3915 620 3987 τὴν
653 3913 834 3968 είκόνα
871 3911 1031 3975 σώζοι
1063 3910 1128 3964 ἂν
1157 3909 1249 3963 τοῦ
1297 3906 1525 3980 ἀληθοῦς
1552 3904 1758 3975 Κυρίου
1778 3942 1793 3968 ,

225 4007 281 4072 ὃς
301 4008 401 4078 τῆς
422 4003 802 4074 Αἰγυπτιακῆς
822 4001 1258 4073 εἰδωλολατρεῐας
1278 4000 1484 4062 πάντας
1506 3998 1653 4068 ἡμᾶς
1669 3996 1798 4057 τοὺς

227 4099 286 4164 ἐξ
310 4098 482 4153 ἐθνῶν
508 4094 848 4166 ἐλυτρώσατο
867 4112 879 4125 ·
909 4096 937 4148 ὁ
958 4094 1002 4147 δ’
1032 4096 1089 4147 ὲν
1115 4091 1193 4163 τῷ
1238 4091 1493 4164 προφήτῃ
1535 4086 1742 4160 Ἰησοῦς
1768 4089 1797 4141 6

229 4192 403 4263 ἱερεὺς
434 4192 465 4244 6
494 4189 665 4260 μέγας
690 4188 789 4259 τῆς
813 4186 919 4241 ἀπὸ
946 4183 1262 4246 Βαϐυλῶνος
1287 4182 1379 4235 ἐπὶ
1399 4180 1499 4253 τὴν
1531 4180 1798 4251 Ἰερουσα-

228 4281 335 4353 λὴμ
364 4278 629 4335 ἐπανόδου
663 4277 923 4349 προέστη,
949 4276 1145 4345 δεῖγμα
1173 4272 1352 4342 φέρων
1373 4272 1467 4325 καὶ
1499 4270 1659 4334 αὐτὸς
1692 4270 1798 4341 Ἰη-

230 4372 320 4427 σοῦ
355 4370 452 4426 τοῦ
489 4370 740 4440 Σωτῆρος
776 4366 964 4439 ἡμῶν,
1008 4365 1067 4419 δν
1112 4363 1304 4435 ἔχομεν
1338 4363 1485 4433 ἱερέα
1517 4360 1691 4433 μέγαν
1718 4359 1796 4412 δι-

227 4464 519 4538 εληλυθότα
545 4464 670 4526 τοὺς
698 4461 979 4534 οὐρανοὺς,
1003 4459 1070 4512 δι’
1092 4450 1153 4510 οὗ
1193 4458 1286 4511 καὶ
1309 4456 1480 4521 αὐτοὶ,
1510 4455 1699 4526 ὥσπερ
1729 4454 1795 4507 ὲκ

1900 3277 2177 3333 Christum
2210 3277 2427 3348 quidem
2461 3276 2605 3347 apud
2634 3273 2860 3339 Mosem,
2890 3273 3075 3331 Iesum
3130 3282 3312 3330 autem
3349 3289 3475 3331 eum

1901 3366 1969 3422 de
1998 3381 2110 3437 quo
2139 3382 2287 3421 nunc
2330 3365 2532 3437 agitur,
2569 3365 2664 3436 qui
2714 3365 2958 3420 veritatis
2989 3365 3197 3419 circum
3225 3364 3476 3419 Salvato-

1898 3473 2015 3513 rem
2050 3471 2115 3513 ac
2144 3456 2432 3512 Dominum
2480 3464 2727 3513 nostrum
2779 3453 2965 3511 Iesum
2996 3454 3273 3511 Christum
3314 3464 3476 3511 notas

1899 3558 1953 3604 et
1974 3549 2128 3620 signa
2161 3548 2218 3603 in
2242 3548 2441 3618 seipsis
2469 3546 2795 3618 pertulerint
2820 3567 2833 3600 :
2868 3547 2963 3603 sed
2996 3548 3139 3601 enim
3166 3548 3348 3603 Aaron
3378 3549 3476 3619 qui

1899 3638 2044 3708 apud
2075 3635 2277 3693 Mosem
2306 3636 2558 3691 Christus
2593 3642 2678 3690 est
2701 3674 2717 3699 ,
2767 3650 2893 3689 cum
2946 3633 3267 3705 Egyptiaca
3299 3638 3475 3691 servi-

1899 3737 2015 3784 tute
2036 3729 2293 3800 populum
2318 3726 2646 3789 liberaverit,
2670 3734 2724 3781 et
2745 3726 2813 3780 ad
2842 3726 3144 3782 libertatem
3185 3737 3240 3784 et
3282 3744 3472 3787 curam

1899 3820 2255 3892 profectionis
2282 3819 2349 3874 ab
2380 3818 2616 3890 {Egypto
2649 3817 2865 3873 illorum
2918 3819 3029 3874 dux
3063 3818 3226 3874 fuerit
3255 3837 3268 3871 :
3302 3823 3473 3892 probe

1900 3913 2141 3969 servabit
2204 3911 2495 3983 imaginem
2546 3910 2689 3980 ejus,
2745 3910 2840 3981 qui
2874 3926 3038 3966 verus
3070 3920 3154 3966 est
3181 3911 3467 3970 Dominus.

1897 4001 2033 4058 Nam
2067 4003 2157 4057 hic
2176 4003 2336 4074 plane
2355 4018 2455 4058 nos
2479 4018 2691 4064 omnes,
2719 4003 2814 4073 qui
2836 4001 2903 4057 de
2936 4003 3187 4073 gentibus
3203 4008 3469 4076 assumpti

1899 4113 2113 4162 sumus,
2144 4098 2212 4151 ab
2235 4096 2558 4169 Egyptiaco
2606 4097 3026 4153 simulacrorum
3071 4099 3219 4151 cultu
3266 4098 3468 4154 libera-

1896 4191 1975 4245 vit
1999 4207 2014 4241 :
2046 4196 2102 4242 at
2129 4205 2258 4243 vero
2288 4191 2378 4260 qui
2404 4188 2547 4259 apud
2572 4189 2891 4259 prophetam
2913 4196 2998 4245 est
3023 4188 3184 4246 Iesus
3206 4191 3466 4247 sacerdos

1896 4298 2149 4354 magnus,
2193 4282 2549 4338 redeuntibus
2606 4280 2674 4337 de
2721 4281 2994 4353 Babylone
3026 4283 3081 4336 in
3131 4282 3465 4340 Hierusalem

1895 4376 2134 4446 praefuit,
2158 4375 2371 4447 signum
2429 4374 2548 4446 ipse
2581 4390 2799 4446 quoque
2823 4374 3025 4438 ferens,
3057 4373 3186 4431 Iesu
3220 4376 3469 4430 Salvato-

1896 4467 1976 4523 ris
2009 4467 2208 4528 nostri,
2256 4482 2415 4537 quem
2477 4467 2740 4523 habemus
2789 4468 3127 4524 sacerdotem
3188 4484 3463 4538 magnum,

229 4556 541 4618 Βαϐυλῶνος
560 4554 661 4624 τῆς
686 4552 827 4607 κατὰ
851 4552 941 4605 τὸν
969 4548 1239 4604 ἐνεστῶτα
1262 4546 1375 4617 βίον
1399 4544 1711 4617 συγχύσεώς
1736 4561 1795 4597 τε

1903 4557 1992 4626 qui
2017 4557 2237 4627 quidem
2269 4557 2440 4613 caelos
2489 4558 2637 4627 ipsos
2685 4559 3068 4627 penetraverit,
3127 4573 3157 4613 a
3205 4573 3315 4629 quo
3362 4574 3466 4614 nos

229 4647 318 4699 καὶ
344 4642 722 4717 αἰχμαλωσίας
763 4639 1263 4710 άπολυτρωθὲντες,
1310 4640 1387 4702 εἰς
1432 4637 1530 4707 τὴν
1569 4636 1794 4708 οὐρανό-

233 4741 380 4796 πολιν
418 4740 522 4811 τὴν
566 4738 780 4809 άληθῶς
818 4735 1174 4809 Ἰερουσαλὴμ
1219 4733 1467 4787 σπεύδειν
1513 4733 1794 4804 ἐδιδάχθη-

234 4848 347 4903 μεν.
374 4831 619 4893 Εἰκότως
649 4829 704 4882 δὲ
736 4831 765 4882 ὁ
794 4829 892 4898 τὴν
933 4827 1117 4880 εἰκόνα
1146 4827 1244 4898 τῆς
1273 4825 1529 4896 ἀληθείας
1566 4826 1632 4878 δι’
1661 4828 1791 4879 ἐαυ-

229 4923 315 4978 ωῦ
342 4924 527 4995 φέρων
558 4921 763 4993 Ἰησοῦς
796 4921 890 4973 καὶ
920 4918 1137 4991 ῥυπαρά
1163 4918 1350 4988 ἱμάτια
1384 4917 1793 4988 περιεϐέϐλητο,

234 5015 323 5069 καὶ
345 5019 375 5070 6
400 5013 645 5076 διάϐολος
672 5015 737 5065 ὲκ
760 5011 946 5076 δεξιῶν
975 5009 1138 5063 αὑτοῦ
1172 5007 1341 5072 ἑστὼς
1364 5010 1456 5062 καὶ
1482 5009 1792 5078 ἀντικείμε-

235 5124 318 5172 νος
344 5106 491 5177 αύτῷ
511 5106 729 5175 λέγεται
749 5121 763 5134 θ
797 5102 917 5157 ἐπεὶ
945 5103 1036 5155 καὶ
1056 5104 1085 5155 ό
1110 5101 1324 5173 άληθῶς
1345 5100 1534 5172 Σωτὴρ
1564 5101 1657 5153 καὶ
1682 5100 1792 5153 Κύ-

241 5215 343 5267 ριος
361 5196 516 5268 ήμῶν
548 5194 775 5266 Ἰησοῦς,
791 5195 870 5255 εἰς
894 5194 991 5265 τὴν
1024 5195 1294 5265 ἡμετέραν
1322 5191 1565 5255 καταϐάς
1591 5194 1793 5262 αἰχμα-

237 5285 456 5354 λωσίαν,
482 5288 584 5350 τὰς
613 5286 886 5356 ἁμαρτίας
915 5285 1071 5356 ήμῶν
1110 5284 1396 5354 ἀνείληφε,
1431 5284 1524 5336 καὶ
1558 5283 1649 5334 τὸν
1695 5283 1790 5334 άν-

240 5379 487 5451 θρώπειον
523 5378 694 5453 ῥύπον
739 5377 1075 5447 ἀνεμάξατο,
1124 5375 1191 5429 τά
1236 5392 1296 5427 τε
1340 5373 1478 5427 κατὰ
1518 5372 1578 5426 τὸ
1622 5372 1790 5436 πάθος

237 5472 383 5543 αἴσχη
419 5472 508 5526 διὰ
551 5471 652 5542 τὴν
696 5469 831 5540 πρὸς
874 5470 1021 5540 ἡμᾶς
1067 5464 1471 5537 φιλανθρωπίαν
1510 5464 1788 5536 ὑπέμεινε.

235 5566 314 5620 Διό
350 5584 510 5639 φησιν
546 5568 577 5619 ό
622 5564 885 5624 Ἡσαΐας·
930 5579 948 5612 ι
985 5555 1153 5624 Οὗτος
1186 5557 1283 5621 τὰς
1333 5555 1603 5629 ἁμαρτίας
1636 5554 1791 5626 ἡμῶν

203 5734 208 5748 θ
288 5718 577 5775 “Zachar.
623 5731 712 5781 Ill,
763 5715 876 5771 1-4.
953 5715 999 5747 ⁸⁸
1022 5715 1154 5770 ibid.
1199 5715 1253 5772 8.
1327 5712 1559 5768 ⁸⁷23εῆ-
1610 5728 1684 5777 Vl,
1717 5710 1863 5766 9'55-

494 5815 774 5875 ΡΑτιιοι..
807 5813 940 5873 Gn:
970 5811 1170 5872 XXII.

1897 4648 2059 4702 etiam
2092 4647 2195 4717 ipsi
2227 4648 2384 4717 quasi
2415 4647 2483 4701 de
2511 4647 2808 4719 Babylone,
2862 4647 2967 4704 hoc
3023 4654 3109 4702 est
3155 4647 3223 4702 de
3272 4647 3466 4703 confu—

1897 4736 2054 4792 sione
2081 4753 2145 4791 ac
2175 4737 2436 4792 servitute
2488 4737 2612 4791 vitae
2645 4738 2932 4807 praesentis
2984 4735 3223 4801 liberali,
3249 4735 3315 4790 ad
3348 4749 3465 4790 co:-

1894 4828 2085 4883 lestem
2136 4842 2428 4897 veramque
2463 4825 2800 4882 Hierusalem
2846 4826 3177 4881 contendere
3209 4827 3465 4881 instructi

1897 4935 2111 4975 sumus.
2140 4919 2310 4975 Porro
2335 4928 2512 4974 autem
2537 4927 2731 4975 merito
2778 4921 2872 4990 qui
2896 4919 3146 4974 veritatis
3174 4918 3464 4988 imaginem

1898 5013 1954 5067 in
1985 5013 2166 5083 seipso
2208 5012 2410 5067 ferebat
2436 5012 2620 5075 Iesus,
2672 5011 2907 5067 sordidis
2969 5011 3193 5065 indutus
3220 5009 3456 5064 vestibus

1899 5102 2098 5165 fuerat,
2132 5101 2490 5174 diabolusque
2511 5117 2541 5155 a
2570 5101 2779 5157 dextris
2813 5101 2960 5155 illius
2985 5101 3205 5156 stetisse
3223 5140 3238 5165 ,
3261 5098 3459 5153 eidem-

1899 5209 2004 5263 que
2034 5193 2354 5249 adversatus
2392 5208 2514 5248 esse
2539 5192 2739 5247 dicitur
2765 5210 2778 5245 :
2814 5208 2937 5247 nam
2967 5207 3131 5247 verus
3163 5192 3293 5247 item
3347 5189 3459 5244 Sal-

1898 5292 2052 5338 vator
2075 5298 2139 5336 ac
2162 5280 2425 5337 Dominus
2474 5290 2661 5338 noster
2710 5282 2891 5345 JCSUS.
2920 5298 3045 5337 cum
3094 5281 3163 5336 ad
3215 5288 3463 5336 nostram

1896 5390 2072 5445 usque
2095 5375 2435 5430 descenderit
2468 5378 2804 5444 servitutem,
2834 5387 3054 5447 peccata
3095 5385 3280 5432 nostra
3340 5391 3466 5431 sus-

1898 5467 2040 5533 tulit,
2088 5474 2250 5537 atque
2282 5466 2547 5524 humanas
2590 5468 2780 5525 sordes
2804 5468 3080 5536 abstersit,
3139 5476 3194 5524 et
3243 5484 3365 5541 qua:
3384 5467 3463 5522 illi

1896 5557 1953 5610 in
2012 5557 2269 5627 passione
2324 5560 2525 5629 probra
2555 5559 2705 5615 illata
2734 5566 2885 5626 sunt,
2941 5567 2996 5616 et
3044 5559 3464 5616 mansuetudine

3068 5804 3134 5866 11
