3880 6256
421 334 518 390 351

1021 325 1293 384 EUSEBII
1331 317 1807 380 CESABIENSlS
1842 314 1991 371 OPP.

2101 312 2232 369 lRS.
2276 311 2339 367 ιι.
2376 341 2444 353 --
2481 284 3000 364 ΑΡοιοοΕΤιοΑ.’

3555 293 3658 351 552

420 450 795 519 charitateque
847 462 975 519 erga
1017 461 1118 500 nos
1165 459 1264 500 sua
1314 442 1599 499 sustinuit.
1649 440 1988 508 Quapropter

2101 434 2244 505 ,φέρει
2266 474 2280 498 ,
2313 433 2407 487 καὶ
2435 432 2562 503 περὶ
2602 432 2758 503 ἡμῶν
2793 430 3042 483 όδυνᾶται
3066 466 3080 489 ,
3109 424 3203 478 καὶ
3228 423 3387 494 ἡμεῖς
3412 419 3658 487 ἐλογισά-

422 543 591 598 Esaias
617 543 695 598 sic
732 542 837 594 ait:
863 557 881 590 1
913 536 1011 593 Hic
1034 545 1255 608 peccata
1274 545 1465 591 nostra
1495 532 1616 596 fert,
1641 541 1695 585 et
1715 547 1812 601 pro
1830 529 1987 584 nobis

421 645 503 694 est
526 638 581 692 in
610 636 819 696 dolore.
851 640 905 690 et
926 621 1030 690 nos
1054 631 1486 688 existimavimus
1523 643 1645 684 eum
1667 642 1791 682 esse
1820 624 1874 678 in
1905 625 1987 677 la-

426 732 549 785 ‘iore
563 736 615 785 et
646 729 698 783 in
727 728 879 798 plaga
904 736 957 782 et
978 727 1032 780 in
1050 724 1367 779 aﬂlictione:
1404 722 1519 792 ipse
1548 728 1726 775 autem
1746 719 1990 773 vulnera-

422 830 510 877 tus
529 828 613 876 est
644 826 862 890 prepter
893 825 1112 889 peccata
1143 823 1350 878 nostra,
1369 822 1422 869 et
1443 813 1746 868 inﬁrmatus
1772 819 1991 879 estpro-

421 923 540 983 pter
577 911 895 982 iniquitates
921 917 1140 965 nostras
1162 907 1242 963 “z
1278 927 1296 959 ι
1346 906 1479 970 quin
1537 903 1702 959 etiam
1751 900 1991 956 Joannes

422 1005 664 1075 Baptista
693 1043 709 1068 ,
768 1019 891 1058 cum
960 1000 1245 1055 Dominum
1296 998 1523 1054 vidisset
1557 1036 1572 1061 ,
1614 995 1691 1051 ait
1727 1013 1742 1049 :
1806 1013 1824 1046 1
1852 991 1993 1047 Ecce

421 1097 606 1167 Agnus
642 1092 757 1158 Dei,
817 1092 911 1163 qui
953 1092 1094 1146 tollit
1141 1096 1365 1159 peccata
1421 1085 1613 1141 mundi
1667 1085 1734 1139 ”.
1769 1103 1788 1138 ι
1844 1082 1991 1137 Pau-

422 1187 506 1243 lus
560 1200 777 1256 quoque
825 1185 911 1238 his
965 1182 1164 1239 similia
1227 1181 1477 1237 scribens
1525 1179 1593 1234 de
1638 1179 1732 1234 illo
1764 1175 1988 1247 inquit:

426 1297 444 1328 1
469 1277 605 1331 Eum
630 1277 722 1347 qui
754 1283 1036 1345 peccatum
1096 1288 1209 1327 non
1262 1271 1435 1337 novit,
1469 1285 1568 1340 pro
1597 1269 1753 1325 nobis
1801 1279 1994 1337 pecca-

422 1380 532 1424 tum
557 1369 704 1430 fecit,
730 1376 790 1421 ut
817 1364 1262 1422 noseliiceremur
1285 1365 1495 1435 iustitia
1526 1361 1620 1418 Dei
1648 1361 1705 1415 in
1746 1361 1866 1431 ipso
1888 1359 1989 1426 ⁹⁰;›

424 1466 551 1518 item
590 1477 603 1512 :
643 1480 660 1512 1
685 1459 936 1514 Christus
997 1474 1097 1512 nos
1132 1455 1361 1512 redemit
1405 1456 1472 1512 de
1521 1454 1808 1509 maledicto
1836 1453 1996 1523 legis,

423 1550 601 1606 factus
664 1565 764 1620 pro
822 1548 982 1603 nobis
1037 1547 1385 1601 maledictum
1439 1546 1506 1600 ".
1568 1563 1587 1597 ι
1649 1543 1774 1598 Haec
1833 1544 1999 1612 igitur

424 1644 673 1698 universa
705 1640 834 1696 dum
881 1640 1028 1694 canit
1061 1639 1344 1709 propheta,
1402 1637 1645 1710 apertius
1694 1651 1757 1691 ea
1785 1635 1900 1706 ipsa
1932 1637 2002 1691 si-

423 1732 644 1803 gniﬁcat
674 1730 765 1784 ubi
814 1730 931 1793 ait;
962 1748 979 1779 1
1010 1728 1076 1782 Et
1106 1728 1268 1784 Jesus
1315 1735 1433 1783 erat
1479 1728 1701 1782 indutus
1752 1726 1997 1782 vestibus

422 1822 655 1878 sordidis
679 1822 763 1889 ης
797 1839 814 1872 ι
843 1827 1219 1874 verumtamen
1253 1859 1269 1883 ,
1313 1817 1382 1872 iis
1417 1816 1682 1887 depositis
1715 1831 1824 1885 quo
1864 1824 1998 1869 tem-

422 1931 549 1985 pore
597 1915 652 1968 in
702 1915 898 1967 ccelum
965 1911 1230 1977 ascendit,
1299 1924 1364 1964 ac
1416 1910 1483 1964 de
1530 1909 1790 1964 servitute
1840 1905 1998 1976 199

423 2017 608 2063 nostra
664 2005 732 2061 ad
768 2021 831 2060 ea
862 2019 982 2075 qua:
1045 2003 1217 2073 ipsius
1270 2002 1491 2083 propria
1553 2009 1702 2065 sunt,
1745 2014 1997 2055 reversus

424 2106 531 2165 est,
594 2107 708 2154 tum
765 2114 893 2154 vero
942 2105 1178 2168 paternae
1235 2095 1535 2150 divinitatis
1581 2093 1885 2149 diademate
1913 2097 1997 2146 est

428 2200 723 2245 coronatus
742 2229 757 2253 ,
786 2196 840 2243 et
876 2186 1087 2259 paterni
1116 2185 1337 2242 luminis
1372 2184 1876 2256 splendidissimum
1903 2197 1997 2236 ve-

428 2283 741 2337 stimentum
787 2281 1031 2344 indutus,
1089 2278 1373 2349 cidarique
1408 2277 1630 2344 divina,
1660 2285 1824 2346 atque
1873 2274 1995 2329 aliis

425 2374 717 2445 pontiliciis
743 2373 1080 2428 ornamentis
1096 2371 1409 2426 decoratus.
1436 2367 1553 2424 Non
1576 2378 1659 2425 est
1683 2377 1862 2423 autem
1892 2364 1997 2422 dif-

428 2465 566 2519 licile
598 2462 760 2517 ctiam
791 2476 854 2515 ea
895 2476 1013 2532 quae
1043 2460 1110 2515 ad
1144 2459 1420 2515 diabolum
1445 2466 1692 2530 spectant
1723 2459 1994 2530 interprec

422 2557 545 2618 tari,
569 2554 661 2625 qui
695 2552 912 2624 quidem
944 2552 1107 2607 etiam
1147 2567 1294 2606 nunc
1323 2551 1450 2605 dum
1492 2550 1694 2605 Christi
1732 2550 1996 2604 doctrinae

422 2647 761 2710 adversatur,
814 2651 977 2714 atque
1016 2644 1095 2697 illi
1127 2641 1404 2709 Ecclesiae,
1439 2657 1560 2712 quae
1598 2657 1627 2695 a
1656 2641 1874 2695 Christo
1903 2656 1997 2710 per

423 2747 595 2793 totum
651 2746 916 2792 terrarum
964 2736 1150 2790 orbem
1194 2742 1380 2790 erecta
1428 2742 1533 2799 est,
1564 2735 1668 2804 ipsi
1725 2732 1992 2786 Salvatori

427 2837 618 2887 nostro
649 2829 993 2891 adversatur,
1020 2833 1208 2897 utpote
1239 2829 1332 2897 qui
1364 2837 1522 2882 antea
1552 2841 1770 2896 quoque
1800 2832 1992 2878 contra

427 2925 578 2980 illum
609 2920 839 2984 steterit,
888 2921 1017 2975 dum
1062 2920 1108 2974 is
1152 2921 1308 2975 adest
1354 2936 1457 2976 nos
1483 2935 1513 2972 a
1542 2919 1803 2974 servitute
1832 2931 1993 2987 quam

429 3015 531 3071 sub
580 3014 684 3068 hoc
714 3012 1040 3076 ferebamus,
1075 3013 1408 3068 liberaturus
1442 3031 1456 3066 :
1501 3026 1692 3080 nempe
1728 3010 1879 3063 illum
1908 3009 1996 3061 hic

427 3109 658 3163 tentavit
689 3114 743 3162 et
776 3106 942 3162 semel
975 3106 1148 3177 prius,
1182 3112 1238 3160 et
1273 3105 1468 3160 iterum
1504 3111 1713 3174 postea,
1744 3118 1865 3157 cum
1892 3101 1994 3155 sub

2094 526 2230 597 μεθα
2250 526 2409 580 αὐτὸν
2441 520 2575 578 εἶναι
2608 526 2665 579 ὲν
2693 523 2839 592 πόνῳ
2868 520 2959 574 καὶ
2994 522 3051 573 ὲν
3085 516 3287 586 πληγῇ,
3333 515 3427 568 καὶ
3464 515 3522 565 ἐν
3563 529 3660 564 κα-

2091 618 2289 672 κώσει·
2350 618 2510 680 αὐτὸς
2565 616 2621 669 δὲ
2663 610 3069 687 ὲτραυματίσθη
3111 608 3200 660 διὰ
3245 605 3341 669 τὰς
3389 602 3661 674 ἁμαρτίας

2091 709 2245 781 ἡμῶν
2272 749 2286 774 ,
2334 710 2426 762 καὶ
2458 706 2857 779 μεμαλάκισται
2901 701 2987 756 διὰ
3028 700 3128 763 τὰς
3156 696 3385 767 ἀνομίας
3413 693 3592 764 ἡμῶν.
3635 710 3655 743 ι

2104 800 2263 853 Ἀλλὰ
2295 799 2389 853 καὶ
2431 798 2680 866 Ἰωάννης
2723 797 2751 848 6
2797 789 3104 861 Βαπτιστὴς
3154 786 3276 842 ἰδὼν
3317 785 3409 837 τὸν
3456 781 3661 852 Κύριον

2093 886 2274 942 εἰπενο
2315 908 2332 939 1
2364 888 2470 941 Ἴδε
2515 889 2543 940 6
2583 885 2783 957 Ἀμνὸς
2815 882 2907 936 τοῦ
2937 879 3070 934 Θεοῦ
3098 880 3126 931 ὁ
3153 876 3324 945 αἴρων
3353 872 3451 937 τὰς
3478 873 3662 942 ἁμαρ-

2092 981 2216 1045 τίας
2246 979 2340 1033 τοῦ
2368 980 2594 1050 κόσμου.
2630 997 2649 1030 ι
2687 978 2797 1030 Καὶ
2823 974 2851 1026 ό
2888 974 3099 1036 Παῦλος
3125 969 3335 1032 τούτοις
3367 963 3663 1038 παραπλη-

2097 1075 2226 1137 σίως
2274 1074 2401 1145 περὶ
2445 1069 2609 1126 αὑτοῦ
2657 1070 2883 1143 γράφων
2932 1066 3098 1138 φησί·
3137 1084 3156 1115 1
3190 1063 3294 1115 Τὸν
3345 1058 3419 1131 μὴ
3467 1057 3666 1127 γνόντα

2095 1166 2367 1240 ἁμαρτίαν
2398 1165 2537 1237 ὑπὲρ
2563 1163 2717 1235 ἡμῶν
2760 1159 3032 1234 ἁμαρτίαν
3060 1158 3344 1228 εποίησεν,
3384 1154 3471 1208 ἴνα
3505 1154 3667 1224 ἡμεῖς

2095 1256 2407 1328 δικαιοσύνη
2480 1253 2613 1309 Θεοῦ
2681 1251 2966 1324 γινώμεθα
3030 1252 3089 1304 ὲν
3161 1246 3310 1318 αὐτῷ
3340 1264 3354 1277 ·
3413 1265 3432 1297 ι
3520 1245 3618 1298 καί¹
3651 1285 3667 1307 ,

2102 1368 2122 1400 1
2165 1346 2397 1420 Χριστὸς
2436 1348 2583 1417 ἡμᾶς
2628 1344 2961 1416 ἐξηγόρασεν
3019 1344 3083 1395 ἐκ
3122 1341 3219 1411 τῆς
3264 1338 3510 1411 κατάρας
3572 1335 3669 1390 τοῦ

2097 1443 2261 1514 νόμου
2285 1482 2299 1507 ,
2348 1440 2634 1511 γενόμενος
2694 1438 2832 1508 ὑπὲρ
2891 1434 3049 1506 ἡμῶν
3118 1432 3351 1503 κατάρα.
3405 1450 3423 1482 ι
3481 1427 3670 1481 Ταῦτα

2099 1534 2163 1605 δὴ
2211 1529 2303 1588 οῦν
2363 1534 2579 1586 ἅπαντα
2642 1526 2970 1594 θεσπίζουσα
3028 1527 3061 1597 ἡ
3109 1523 3415 1596 προφητεία
3477 1521 3669 1592 ἐδήλου

2099 1625 2166 1678 δι’
2202 1618 2275 1677 ὧν
2308 1638 2472 1694 φησι·
2512 1641 2530 1673 1
2564 1621 2676 1675 Καὶ
2721 1619 2926 1692 Ἰησοῦς
2967 1613 3036 1689 ἧν
3081 1615 3421 1685 ἐνδεδυμένος
3478 1613 3673 1682 ἱμάτια

2104 1717 2352 1787 ῥυπαρά·
2404 1734 2422 1766 ι
2460 1715 2597 1786 πλὴν
2655 1712 2788 1767 ἀλλὰ
2827 1710 2997 1764 ταῦτα
3040 1707 3368 1777 ἀποθέμενος
3401 1704 3543 1758 κατὰ
3573 1702 3672 1773 τὴν

2031 1782 2068 1835 Β
2098 1782 2178 1873 εἰς
2221 1782 2479 1880 οῦρανοὺς
2520 1782 2737 1869 ἄνοδιν,
2790 1804 2884 1858 καὶ
2926 1803 3024 1875 τὴν
3073 1801 3180 1856 άπὸ
3230 1801 3328 1871 τῆς
3362 1798 3485 1852 καθ’
3522 1798 3674 1868 ἡμᾶς

2097 1900 2471 1972 αἰχμαλωσίας
2502 1901 2579 1962 είς
2617 1897 2686 1951 τὰ
2714 1898 2888 1950 οἰκεῖα
2926 1893 3199 1957 ἐπάνοδον,
3234 1891 3311 1960 τῷ
3338 1890 3435 1960 τῆς
3471 1904 3675 1958 πατρι-

2096 1994 2200 2062 κῆς
2244 1990 2492 2061 θεότητος
2537 1990 2888 2059 στεφανοῦται
2926 1986 3232 2056 διαδήματι,
3266 1983 3360 2035 καὶ
3393 1980 3491 2051 τὴν
3530 1980 3674 2049 λαμ-

2098 2083 2372 2155 προτάτην
2408 2080 2598 2152 στολὴν
2634 2079 2738 2133 τοῦ
2775 2076 3039 2151 πατρικοῦ
3083 2074 3260 2146 φωτὸς
3305 2072 3672 2145 περιτίθεται,

2097 2176 2308 2246 κιδάρει
2346 2191 2404 2228 τε
2438 2173 2623 2245 ὲνθέῳ,
2658 2173 2751 2225 καὶ
2782 2172 2891 2234 τοῖς
2924 2170 3103 2233 ἄλλοις
3135 2169 3538 2239 ἀρχιερατικοῖς
3574 2166 3675 2220 κό-

2098 2284 2255 2337 σμοις
2285 2267 2729 2336 κατακοσμεῖται·
2762 2263 2821 2315 οὐ
2853 2259 3061 2332 χαλεπὰ
3091 2256 3151 2313 ’δὲ
3181 2261 3274 2313 καὶ
3307 2260 3374 2313 τὰ
3404 2258 3548 2311 κατὰ
3578 2256 3676 2310 τὸν

2096 2360 2339 2415 διάϐολον
2376 2356 2686 2419 ἀποδοῦναι,
2726 2357 2784 2420 ὃς
2820 2355 2899 2409 ἔτι
2930 2355 3024 2409 καὶ
3067 2352 3161 2405 νῦν
3198 2351 3572 2422 ἀντικείμενος
3604 2352 3675 2421 τῇ

2097 2453 2188 2507 τοῦ
2217 2449 2453 2523 Χριστοῦ
2482 2446 2818 2517 διδασκαλία,
2849 2447 2943 2500 καὶ
2971 2448 3034 2516 τῇ
3068 2443 3188 2497 καθ’
3213 2443 3341 2515 ὅλης
3369 2442 3467 2512 τῆς
3495 2442 3679 2494 οἰκου-

2102 2545 2265 2618 μένης
2318 2541 2409 2596 ὑπ’
2461 2539 2625 2594 αὐτοῦ
2680 2538 2982 2611 ἱδρυνθείσῃ
3034 2535 3348 2604 Ἐκκλησία,
3397 2531 3545 2602 αὐτῷ
3592 2532 3676 2601 τῷ

2099 2639 2311 2708 Σωτῆρι
2363 2634 2520 2707 ἡμῶν
2576 2632 2896 2703 ἀνθέστηκε,
2958 2631 3046 2685 κα)⁵
3100 2628 3355 2699 πρότερον
3409 2624 3557 2696 αὑτῷ
3612 2623 3677 2692 ἐξ

2099 2729 2346 2790 ἐναντίας
2379 2722 2829 2796 ἐπιστρατεύσας,
2857 2721 2944 2773 ὅτε
2979 2720 3158 2789 παρῆν
3187 2718 3331 2787 ἡμᾶς
3361 2717 3425 2768 ὲκ
3449 2714 3549 2783 τῆς
3574 2714 3673 2767 ὑπ’

2099 2818 2260 2873 αὑτοῦ
2296 2815 2670 2888 αἰχμαλωσίας
2704 2813 2982 2884 ῥυόμενος.
3032 2810 3319 2879 Ἐπείρασε
3347 2804 3475 2876 γοῦν
3508 2805 3678 2858 αὑτὸν

2099 2912 2194 2965 καὶ
2224 2910 2505 2982 πρότερον,
2542 2907 2637 2961 καὶ
2664 2906 2934 2975 δεύτερον,
2968 2904 3057 2955 ὅτε
3092 2900 3232 2954 κατά
3259 2900 3319 2952 τὸ
3363 2896 3534 2960 πάθος
3571 2896 3678 2968 τὴν

2100 3005 2387 3076 ἐπιϐουλὴν
2422 3001 2568 3072 αὐτῷ
2616 2997 3064 3052 συνεσκευάσατο.
3103 2995 3217 3062 Ἐφ’
3252 2987 3332 3053 οἷς
3370 2992 3539 3044 ἆπασι
3576 2989 3680 3043 καὶ

2098 3096 2189 3150 τὸν
2236 3094 2476 3148 διάϐολον
2524 3094 2617 3146 καὶ
2664 3092 2787 3153 τοὺς
2830 3089 2921 3142 ὑπ’
2958 3084 3105 3155 αὐτῷ
3154 3085 3362 3146 πάντας
3405 3080 3681 3153 ἀοράτους

428 3200 602 3269 ipsam
627 3197 933 3269 passionem
963 3196 1040 3250 illi
1058 3196 1302 3261 insidias
1321 3196 1679 3266 comparavit,
1709 3193 1776 3247 ad
1809 3201 1993 3247 extre—

2103 3187 2326 3260 ἐχθρούς
2357 3203 2414 3237 τε
2449 3185 2542 3239 καὶ
2575 3181 2867 3253 πολεμίους
2899 3175 3339 3250 τροπωσάμενος,
3374 3173 3501 3234 τοὺς
3553 3172 3684 3240 αἰχ-

420 3306 575 3345 anum
605 3290 696 3344 ille
736 3303 861 3343 cum
887 3296 941 3342 et
970 3288 1147 3359 ipsum
1201 3287 1507 3351 diabolum,
1549 3294 1601 3341 et
1630 3301 1724 3339 eos
1757 3283 1848 3354 qui
1895 3282 2001 3337 sub

421 3382 547 3451 ipso
568 3380 790 3451 degunt,
822 3379 1124 3441 universos,
1158 3385 1212 3432 et
1235 3377 1482 3431 inimicos
1512 3384 1565 3431 et
1586 3376 1790 3431 hostes.
1824 3373 2000 3426 visum

427 3480 678 3526 nostrum
709 3469 1063 3538 eﬂugientes,
1100 3467 1154 3521 in
1183 3464 1364 3539 fugam
1419 3465 1715 3525 vertisset,
1762 3477 1864 3515 nos
1903 3460 1996 3530 qui

427 3562 627 3632 captivi
676 3561 1014 3623 tenebamur,
1052 3575 1182 3615 suos
1232 3557 1410 3614 eﬂ‘ecit
1449 3557 1801 3620 domesticos,
1838 3563 2000 3624 atque

420 3654 496 3710 .de
524 3653 685 3708 nobis
707 3651 862 3722 ipsis,
898 3660 1153 3722 tanquam
1181 3653 1248 3704 de
1288 3650 1424 3705 vivis
1457 3650 1750 3721 lapidibus,
1777 3649 2000 3701 domum

429 3747 544 3814 Dei,
570 3747 853 3818 ipsamque
885 3746 1097 3814 pietatis
1123 3744 1514 3814 rempublicam
1543 3746 1763 3809 struxit,
1805 3742 2001 3811 utjure

416 3857 493 3896 .ac
523 3842 716 3895 merito
744 3840 820 3893 illi
859 3839 1142 3893 oraculum
1180 3839 1251 3893 sit
1281 3837 1829 3901 accommodandum,
1855 3836 1999 3905 quod

425 3935 519 3988 -ait
551 3952 564 3988 :
607 3952 626 3985 1
660 3931 801 3986 Ecce
836 3931 940 3996 vir,
971 3929 1166 3986 Oriens
1195 3946 1393 3984 nomen
1415 3931 1486 3994 ei,
1513 3939 1567 3985 et
1596 3931 1780 3984 subter
1821 3929 1997 4000 ipsum

414 4026 659 4089 orietur,
686 4033 738 4079 et
763 4023 1051 4079 aediﬁcabit
1080 4023 1301 4076 domum
1335 4022 1586 4086 Domini,
1622 4030 1676 4077 et
1707 4024 1823 4092 ipse
1856 4021 2001 4075 acci-

420 4115 541 4184 piet
564 4115 841 4178 virtutem,
866 4119 920 4167 et
952 4113 1180 4179 sedebit,
1228 4121 1281 4168 et
1305 4112 1673 4183 principatum
1706 4111 1911 4167 tenebit
1946 4112 2001 4165 in

2107 3279 2384 3350 μαλώτους
2417 3279 2562 3348 ἡμᾶς
2596 3273 2826 3336 οἰκείους
2856 3269 3019 3325 αὐτοῦ
3050 3268 3450 3338 κατηρτήσατο,
3483 3262 3580 3315 καὶ
3614 3262 3681 3326 ἐξ

2104 3368 2258 3439 ἡμῶν
2286 3367 2462 3420 αὐτῶν
2484 3405 2498 3429 ,
2529 3365 2677 3418 ὼσὰν
2707 3365 2770 3431 ἐκ
2801 3361 2963 3415 λίθων
2999 3357 3235 3423 ζώντων,
3281 3355 3371 3408 τὸν
3398 3349 3546 3407 οἷκον
3577 3352 3683 3405 τοῦ

2103 3460 2236 3514 Θεοῦ
2260 3460 2351 3512 καὶ
2371 3459 2430 3511 τὸ
2461 3458 2560 3526 τῆς
2588 3455 2867 3518 εὐσεϐείας
2896 3452 3194 3521 πολίτευμα
3223 3450 3505 3519 ἐστήσατο,
3533 3445 3684 3498 ὥστε

2104 3554 2323 3616 εἰκότως
2352 3549 2676 3623 ἐφαρμόζειν
2721 3546 2868 3618 αὐτῷ
2901 3546 2959 3600 τὸ
2993 3545 3170 3612 λόγιον
3202 3542 3428 3612 φάσκονο
3470 3559 3488 3590 1
3543 3538 3685 3591 Ἰδοὺ

2102 3647 2260 3717 ἀνὴρ,
2306 3642 2560 3714 Ἀνατολὴ
2590 3642 2758 3711 ὄνομα
2788 3638 2964 3709 αὐτῷ·
3002 3638 3095 3689 καὶ
3117 3631 3465 3688 ὑποκάτωθεν
3508 3626 3685 3683 αὐτοῦ

2103 3741 2367 3802 ἀνατελεῖ,
2403 3738 2497 3790 καί
2521 3734 2864 3804 οἰκοδομήσει
2897 3731 2987 3783 τὸν
3022 3725 3169 3781 οἷκον
3200 3724 3424 3795 Κυρίου·
3454 3723 3547 3775 καὶ
3578 3721 3686 3775 αῦ-

2100 3834 2193 3897 τδς
2219 3832 2448 3902 λήψεται
2479 3828 2699 3901 ἀρετὴν,
2730 3826 2822 3880 καὶ
2854 3822 3144 3883 καθιεῖται,
3177 3820 3270 3873 καὶ
3292 3814 3552 3886 κατάρξει
3583 3816 3687 3868 ἐπὶ

2101 3924 2197 3981 τοῦ
2233 3924 2442 3995 θρόνου.
2488 3942 2506 3973 ι
2538 3921 2779 3992 Πρόσχες
2810 3917 2852 3970 δ’
2887 3912 2978 3969 οὖν
3005 3910 3296 3984 ἐπιμελῶς,
3328 3911 3446 3962 τίνα
3474 3908 3688 3979 τρόπον

2101 4018 2196 4074 νῦν
2232 4018 2329 4089 μὲν
2358 4010 2738 4084 πνευματικῶς
2766 4008 2894 4080 περὶ
2918 4006 3009 4059 τοῦ
3044 4003 3209 4057 πάλαι
3239 4001 3524 4070 γεγονότος
3567 4000 3685 4069 ’1ης-

2104 4110 2221 4172 σοῦ,
2249 4108 2340 4162 τοῦ
2382 4108 2479 4176 τὴν
2516 4104 2700 4157 εἰκόνα
2726 4100 2820 4153 τοῦ
2862 4096 3092 4169 ἀληθοῦς
3125 4096 3400 4165 φέροντος,
3428 4091 3564 4160 φησί
3594 4089 3686 4153 τὺ,

430 4181 559 4261 sede
575 4221 673 4261 sua
699 4205 765 4259 ⁸³.
808 4223 825 4255 ι
852 4203 1081 4259 Attende
1111 4205 1277 4273 igitur
1303 4181 1613 4275 diligenter,
1649 4202 1996 4274 quemadmo-

2109 4221 2126 4251 1
2173 4200 2302 4253 Ἰδοὺ
2344 4198 2502 4268 ἀνὴρ,
2552 4192 2808 4262 Ἀνατολὴ
2850 4191 3018 4260 ὄνομα
3060 4187 3238 4257 αὐτῷ·
3282 4204 3300 4237 ι
3342 4184 3570 4254 ὕστερον
3622 4181 3689 4235 δὲ

430 4297 558 4351 dum
592 4295 680 4349 hic
715 4295 934 4365 quidem
997 4272 1264 4364 spirituali
1297 4272 1531 4365 quodam
1578 4272 1729 4347 more
1759 4293 1824 4346 de
1860 4292 1995 4344 anti-

2101 4291 2308 4354 ὑποϐὰς
2355 4289 2429 4351 ὼς
2472 4287 2600 4356 περί⁹
2634 4285 2821 4354 ἑτέρου
2863 4281 3014 4343 ὄντος
3071 4276 3378 4343 ’Λνατολῆς,
3420 4272 3570 4343 αὐτῷ
3612 4272 3687 4343 δὴ

430 4405 541 4459 quo
576 4389 819 4459 loquens
850 4385 1004 4452 Jesu,
1033 4389 1126 4458 qui
1180 4388 1469 4458 imaginem
1511 4387 1624 4441 veri
1659 4384 1886 4447 ferebat,
1920 4384 1996 4438 sic

2101 4384 2218 4436 τότε
2256 4381 2479 4454 παρόντι
2536 4375 2709 4449 Ἰησοῦ
2741 4375 3018 4428 λέλεκται·
3069 4391 3087 4422 1
3134 4372 3330 4422 Ἀκουε
3369 4367 3453 4437 δὴ,
3501 4365 3684 4436 Ἰησοῦ

432 4479 580 4536 dicat
605 4501 616 4535 :
643 4499 662 4532 1
695 4480 948 4545 Eccevir,
975 4481 1170 4537 Oriens
1196 4496 1392 4535 nomen
1428 4481 1500 4537 ei.
1529 4479 1852 4532 iPaululum
1874 4494 1996 4533 vero

2103 4481 2130 4532 6
2169 4480 2346 4550 ἱερεὺς
2375 4479 2402 4531 ὁ
2431 4476 2623 4548 μέγας,
2658 4473 2720 4526 σὺ
2747 4471 2840 4525 καὶ
2862 4471 2910 4523 οἱ
2940 4467 3163 4539 πλησίον
3186 4462 3301 4527 σοῦ,
3325 4462 3457 4514 διότι
3489 4459 3687 4530 ἄνδρες

433 4587 778 4645 progressus,
812 4574 968 4644 quasi
998 4572 1063 4627 de
1079 4574 1186 4628 alio
1205 4575 1296 4644 qui
1327 4573 1399 4626 sit
1424 4572 1640 4637 Oriens,
1678 4571 1880 4642 ipsi-illi
1907 4573 1996 4642 qui

2102 4568 2493 4642 τερατοσκόποι
2527 4566 2682 4621 εἰσίν.
2729 4564 2860 4616 Ἰδοὺ
2888 4562 3004 4629 ἄγω
3035 4559 3125 4612 τὸν
3165 4555 3346 4610 δοῦλόν
3384 4570 3487 4624 μου
3523 4552 3690 4603 Ἀναο

432 4674 566 4717 tunc
588 4664 796 4727 aderat,
832 4662 960 4718 Jesu
992 4663 1222 4718 dixerit:
1258 4683 1277 4714 1
1301 4663 1567 4734 Audijam
1598 4679 1767 4727 nunc,
1799 4660 1999 4725 oJcsu,

432 4755 693 4811 sacerdos
715 4771 924 4826 magne,
942 4765 996 4811 et
1019 4766 1097 4819 tu,
1126 4765 1178 4810 et
1203 4757 1435 4825 proximi
1472 4758 1584 4818 tui,
1617 4756 1875 4826 quoniam
1902 4755 2002 4809 viri

429 4846 802 4917 prodigiorum
863 4848 1199 4918 inspectores
1246 4858 1392 4905 sunt.
1454 4848 1593 4903 Ecce
1631 4864 1730 4919 ego
1792 4848 2003 4902 adduco

430 4953 649 4992 servum
682 4955 881 5005 meum,
916 4939 1193 4995 Orientem
1221 4940 1288 4996 9".
1327 4940 1382 4994 Si
1407 4941 1573 5011 igitur
1594 4956 1773 4996 sermo
1801 4949 1919 4996 erat
1935 4940 2002 4994 de

429 5032 539 5084 alio
569 5031 662 5102 qui
695 5042 955 5087 venturus
1012 5041 1177 5097 esset,
1222 5048 1285 5089 ac
1319 5034 1504 5088 verius
1537 5050 1699 5104 quam
1764 5033 1873 5097 ille,
1906 5033 2001 5103 qui

435 5131 565 5176 tunc
582 5124 791 5185 aderat,
812 5125 1007 5179 Oriens
1020 5125 1406 5191 nominandus,
1431 5137 1576 5180 certe
1597 5126 1773 5196 imago
1788 5126 2004 5180 venturi

438 5212 678 5270 Orientis
706 5216 798 5271 ille
820 5224 937 5270 erat
967 5234 980 5270 :
1013 5226 1200 5288 utpote
1238 5220 1332 5288 qui
1368 5219 1423 5271 in
1453 5218 1806 5288 imaginenon
1825 5218 2000 5272 solum

433 5306 616 5372 Jcsus,
647 5308 742 5364 sed
781 5311 945 5365 eliam
976 5309 1171 5367 Oriens
1204 5311 1502 5378 diceretur,
1531 5311 1576 5367 si
1609 5309 1829 5381 quidem
1883 5319 2005 5363 tan-

435 5415 599 5467 quam
636 5401 702 5454 ad
729 5401 907 5472 ipsum
940 5414 1282 5474 praesentem,
1308 5405 1471 5458 verba
1504 5404 1595 5456 illa
1631 5422 1646 5457 2
1684 5422 1702 5454 1
1738 5401 1878 5457 Ecce
1897 5403 1998 5467 vir,

434 5490 636 5544 Oriens
658 5507 855 5548 nomen
883 5496 955 5559 ei,
1001 5515 1017 5546 ι
1042 5495 1108 5549 ad
1136 5496 1285 5549 illum
1309 5496 1455 5550 dicta
1494 5503 1642 5550 sunt.
1678 5492 1870 5549 Merito
1900 5493 2002 5565 igi-

2102 4641 2285 4731 τολήν.
2328 4679 2345 4711 ι
2377 4660 2440 4711 Εἰ
2474 4656 2537 4728 δὴ
2569 4652 2660 4708 οὖν
2694 4656 2722 4707 6
2758 4652 2914 4721 λόγος
2949 4646 3016 4720 ἦν
3044 4649 3174 4719 περὶ
3220 4645 3503 4716 μέλλοντος
3530 4641 3688 4712 ἥξειν

2106 4753 2314 4823 ἑτέρου,
2351 4749 2708 4821 ἀληθέστερον
2745 4742 2899 4816 παρὰ
2941 4742 3032 4795 τὸν
3068 4741 3188 4793 τότε
3235 4739 3525 4809 Ἀνατολῆς
3563 4739 3687 4791 όνο-

2106 4844 2435 4918 μαζομένου,
2454 4840 2616 4895 εἰκὼν
2643 4840 2749 4911 ἄρα
2778 4836 2869 4891 τοῦ
2901 4835 3184 4907 μέλλοντος
3213 4832 3361 4901 ἥξειν
3392 4829 3689 4900 ’Δνατολῆς

2110 4940 2312 4999 ἐκεῖνος
2340 4931 2429 5006 ἦν,
2463 4935 2537 4996 ὼς
2570 4935 2627 4985 ὲν
2661 4931 2828 4984 εἰκόνι
2865 4929 2925 4981 οὐ
2965 4926 3122 4998 μόνον
3168 4922 3392 4992 Ἰησοῦς,
3426 4920 3564 4974 ἀλλὰ
3593 4923 3690 4974 καὶ

2121 5024 2377 5097 Ἀνατολὴ
2425 5021 2981 5096 προσαγορευόμενος,
3015 5018 3127 5085 εἴγε
3154 5016 3229 5079 ὡς
3260 5014 3396 5084 πρὸς
3438 5011 3688 5082 παρόντα

2117 5118 2278 5172 αὐτὸν
2309 5118 2389 5182 τὸ,
2413 5135 2431 5167 1
2455 5116 2585 5169 Ἰδοὺ
2620 5113 2780 5185 ἀνὴρ,
2818 5108 3073 5179 Ἀνατολὴ
3105 5107 3275 5178 ὄνομα
3301 5102 3471 5173 αὐτῷ,
3507 5121 3526 5153 ι
3560 5103 3688 5156 ἑλέ-

2109 5231 2258 5284 γετο.
2290 5210 2527 5274 Εἰκότως
2566 5203 2657 5260 οῦν
2698 5206 2796 5277 τῆς
2828 5204 3032 5264 εἰκόνος
3075 5200 3240 5253 ἓνεκα
3278 5196 3369 5251 καὶ
3401 5190 3555 5257 οὗτος
3585 5195 3689 5265 τῆς

2110 5310 2364 5381 Σωτῆρος
2413 5302 2781 5376 προσηγορίας
2840 5300 3057 5369 ἠξίωτο,
3103 5292 3386 5363 ὡσπτροῦν
3437 5292 3553 5381 καὶ,
3584 5289 3688 5381 τῆς

2121 5397 2425 5468 Ἀνατολῆς.
2470 5394 2622 5448 Ἐπεὶ
2653 5394 2716 5464 δὴ
2742 5392 3005 5460 σωτήριον
3036 5384 3170 5438 Θεοῦ
3205 5387 3285 5447 είς
3315 5382 3415 5454 τὴν
3455 5380 3687 5434 Ἐλλάδα

2109 5489 2290 5562 φωνὴν
2330 5490 2392 5542 τὸ
2430 5485 2524 5540 τοῦ
2585 5483 2754 5555 Ἰησοῦ
2800 5477 3141 5554 μεταληφθὲν
3179 5476 3347 5546 ὄνομα
3392 5471 3685 5545 σημαίνει·

512 5647 677 5699 “Slsa.
726 5662 844 5710 LIII,
896 5648 1018 5700 6-5.
1094 5649 1139 5680 ⁸⁸
1167 5647 1327 5704 Joan.
1378 5665 1418 5715 ι,
1481 5651 1572 5708 29.
1652 5653 1696 5684 9°
1721 5650 1763 5705 ll
1813 5650 1996 5705 Colat

2101 5644 2171 5702 ιι.
2249 5646 2291 5679 ’³
2316 5640 2436 5699 Gal.
2475 5658 2554 5708 tu,
2617 5640 2705 5695 i5.
2783 5635 3021 5703 "Zach,
3067 5649 3151 5702 ιιι,
3205 5635 3260 5689 3.
3338 5629 3687 5698 "Zach.vt,

444 5715 620 5770 12-13.
697 5718 741 5747 ”‘
762 5715 926 5770 Zach.
959 5732 1032 5786 ιιι,
1074 5718 1126 5772 ‘3.
