3880 6256
448 340 551 398 335

1056 342 1336 401 EUSEBII
1370 342 1847 401 CESARIENSIS
1886 344 2034 402 OPP.
2074 346 2256 402 PARS
2293 347 2359 402 11.
2400 375 2470 387 -
2501 346 2981 404 ΑΡοιοοετιρΑ

593 458 685 511 24.
731 457 803 511 Ab
834 459 871 509 .4
884 456 1023 512 bdia.

2269 460 2364 513 κδ’.
2411 460 2521 514 Τοῦ
2565 461 2837 517 Ἀσδειοῦ.

585 529 677 600 25.
715 529 760 582 Α
798 526 841 580 Ζ
845 528 1082 600 αείιανίη.

2270 537 2366 584 κε’.
2414 531 2524 584 Τοῦ
2556 534 2873 600 Ζαχαρίου.

589 598 678 653 26.
721 601 799 653 Ab
828 597 1027 651 eodem.

2267 607 2381 665 κς’.
2410 601 2518 655 Τοῦ
2551 597 2755 655 αὑτοῦ.

589 669 681 723 27.
723 667 801 721 Ab
832 668 1032 721 eodem.

2184 668 2193 683 ‘
2272 671 2375 734 κζ’.
2413 671 2524 724 Τοῦ
2558 671 2765 735 αὐτοῦ.

590 739 681 810 28.
783 807 791 810 _
804 736 1101 792 Malachia.

2266 747 2371 810 κη’.
2413 740 2522 794 Τοῦ
2559 741 2892 810 Μαλαχίου.

590 808 677 864 29.
721 807 802 861 Ab
832 813 1035 863 eodem.
2008 852 2013 857 .

2268 807 2368 863 x0".
2405 811 2514 864 Τοῦ
2548 807 2754 868 αὐτοῦ,

594 879 684 934 50.
726 879 771 931 Α
809 877 1071 933 Jeremia.
2266 879 2327 931 λ’.

911 969 1072 1040 202
1142 965 1568 1025 pnowuwu.

2700 970 3106 1027 ΠΡΟΟΙΜΙΟΝ.

518 1061 656 1118 Cum
706 1061 909 1133 quibus
968 1060 1147 1115 modis
1207 1060 1275 1116 de
1328 1059 1610 1116 Salvatore
1661 1070 1851 1116 nostro
1895 1059 2020 1117 Iesu

2206 1062 2421 1133 Ἐπειδὴ
2448 1062 2620 1127 διττὸς
2641 1064 2669 1117 ὁ
2690 1064 2888 1135 τρόπος
2926 1067 2954 1118 ὁ
2984 1067 3111 1136 περί
3134 1064 3228 1118 τοῦ
3264 1064 3517 1137 Σωτῆρος
3540 1065 3573 1136 ἡ
3582 1065 3693 1135 μῶν

448 1154 672 1209 Christo
701 1160 1024 1215 tractemus,
1060 1151 1097 1206 ii
1136 1151 1244 1206 duo
1274 1152 1432 1207 nobis
1469 1152 1524 1207 in
1560 1154 1810 1222 proximo
1847 1152 2020 1207 Evan-

2136 1153 2308 1224 Ἰησοῦ
2331 1155 2565 1225 Χριστοῦ
2591 1157 2859 1225 πέφανται
2890 1158 2947 1211 ἐν
2971 1157 3049 1229 τῷ
3071 1157 3176 1228 πρὸ
3198 1156 3385 1212 τούτου
3410 1157 3693 1228 συγγράμ-

447 1247 628 1319 9είὶοω
658 1244 1137 1301 Demonstrationis
1169 1244 1443 1300 volumine
1469 1246 1676 1302 ostensi
1715 1247 1845 1312 sint,
1879 1262 2020 1301 unus

2128 1261 2256 1315 ματι
2291 1244 2388 1314 τῆς
2429 1245 2841 1315 Εὑαγγελικῆς
2886 1248 3295 1315 Ἄποδείξεως’
3326 1251 3353 1302 ὁ
3392 1248 3490 1318 μὲν
3526 1249 3695 1318 ὑπερ-

448 1337 670 1408 quidem
696 1351 908 1401 eorum,
937 1343 1135 1390 natura
1166 1344 1355 1392 nostra
1380 1336 1634 1407 superior
1658 1344 1742 1393 est
1773 1337 2020 1408 ultraque

2128 1334 2265 1405 φυὴς
2304 1335 2397 1391 καὶ
2437 1333 2711 1388 ἐπέκειναδ
2762 1335 2884 1389 καθ’
2909 1335 2967 1389 ὂν
3007 1336 3300 1408 όριζόμεθα
3341 1336 3502 1390 αὑτὸν
3554 1330 3694 1389 εἶναι

448 1431 599 1484 illam
633 1427 897 1485 excurrit.
936 1426 1049 1482 Hoc
1100 1441 1233 1483 sane
1285 1427 1446 1483 modo
1491 1428 1822 1487 ailirmamus
1870 1430 2020 1485 illum

2128 1426 2387 1497 μονογενῆ
2415 1426 2547 1480 Θεοῦ
2583 1428 2729 1491 Υίὸν,
2759 1427 2793 1499 ἢ
2825 1428 3053 1500 οὺσιὼδη
3080 1431 3173 1482 τοῦ
3194 1429 3327 1483 Θεοῦ
3353 1429 3543 1497 Λόγον,
3573 1419 3694 1482 δεύ-

449 1536 571 1580 esse
591 1522 814 1578 unicum
844 1519 937 1575 Dei
960 1518 1179 1585 Filium,
1204 1520 1319 1576 sive
1340 1520 1437 1576 Dei
1460 1522 1753 1578 essentiam
1780 1523 2020 1579 referens

2128 1531 2274 1587 τερον
2308 1515 2413 1569 τῶν
2454 1514 2590 1569 ὅλων
2627 1516 2817 1581 αἴτιον,
2865 1517 2897 1588 ἢ
2938 1518 3125 1571 οὐσίαν
3175 1518 3384 1589 νοερὰν,
3422 1519 3519 1572 καὶ
3557 1517 3691 1570 Θεοῦ

450 1614 712 1680 Verbum,
749 1612 1105 1683 universique
1138 1612 1303 1682 hujus
1334 1621 1636 1679 auctorem,
1684 1614 1800 1670 sive
1834 1629 2020 1670 essen-

2128 1608 2464 1679 πρωτότοκον
2489 1609 2742 1681 ἐνάρετον
2787 1608 2967 1679 φύσιν,
3017 1611 3115 1681 τὴν
3159 1611 3265 1682 πρὸ
3305 1611 3412 1665 τῶν
3445 1611 3691 1682 γενητῶν

448 1708 581 1761 tiam
611 1706 1026 1774 intelligentem,
1081 1719 1145 1759 ac
1178 1704 1273 1759 Dei
1316 1705 1732 1778 primogenitam
1766 1707 2020 1762 virtutem

2128 1701 2294 1765 θείαν,
2322 1703 2415 1755 καὶ
2450 1703 2750 1774 πανάρετον
2781 1702 3087 1776 δύναμιν,ἧ
3124 1704 3224 1774 τῆς
3259 1706 3557 1776 ἀγεννήτου
3592 1705 3692 1774 φύ-

448 1805 612 1867 atque
643 1804 897 1850 naturam
920 1835 934 1859 ,
966 1796 1187 1867 vimque
1218 1796 1480 1862 divinam,
1517 1812 1639 1866 qua:
1671 1812 1889 1853 omnem
1919 1796 2020 1852 ha-

2128 1817 2262 1863 σεως
2294 1801 2484 1873 νοερὰν
2515 1801 2714 1853 είκόνα’
2758 1802 2786 1854 ό
2816 1801 2873 1855 δὲ
2904 1801 3170 1872 συγγενὴς
3198 1803 3328 1872 ἡμῖν
3364 1801 3459 1854 καὶ
3494 1800 3695 1871 μᾶλλον

3591 349 3691 405 $0

2399 881 2510 935 Τοῦ
2554 881 2599 935 '1
2602 883 2852 950 ερεμίου.

447 1890 573 1944 beat
601 1890 879 1952 virtutem,
916 1895 965 1942 et
1008 1889 1189 1944 omnia
1218 1904 1339 1958 quae
1371 1887 1515 1942 facta
1548 1888 1678 1952 sint,
1711 1888 2018 1952 antecedat,

449 1982 563 2036 sive
593 1980 843 2048 ingenitae
871 1988 1080 2035 natura:
1108 1982 1499 2051 intelligentem
1531 1979 1842 2050 imaginem.
1872 1980 2023 2034 Alter

446 2088 577 2128 vero
608 2072 806 2127 modus
836 2072 995 2127 nobis
1022 2073 1195 2143 magis
1228 2078 1514 2143 cognatus,
1548 2070 1831 2140 magisque
1864 2068 2024 2123 fami-

447 2165 603 2221 liaris
636 2164 975 2235 agnoscitur.
1012 2162 1126 2218 lloc
1172 2165 1317 2219 enim
1360 2163 1652 2218 deﬁnimus
1700 2162 1854 2216 illum
1901 2177 2022 2217 esse

446 2256 543 2312 Dei
576 2255 836 2316 Verbum,
889 2255 1033 2326 quod
1085 2256 1141 2310 in
1173 2254 1393 2309 homine
1437 2261 1719 2323 paternam
1763 2254 2019 2324 pietatem

446 2348 733 2403 denuntiet
763 2365 776 2397 :
804 2362 913 2418 quo
955 2345 1175 2416 quidem
1228 2346 1391 2400 modo
1435 2346 1708 2416 quondam
1758 2346 1848 2400 ille
1879 2346 2019 2415 apud

446 2442 632 2510 priora
666 2440 866 2496 saecula
897 2439 953 2494 in
985 2438 1225 2494 hominis
1255 2438 1466 2504 habitu,
1494 2439 1562 2493 iis
1586 2439 1678 2509 qui
1704 2455 1828 2494 cum
1856 2437 2023 2492 Abra-

446 2532 593 2598 ham,
617 2531 706 2596 iis,
731 2532 975 2602 inquam,
1001 2530 1094 2601 qui
1118 2545 1240 2584 cum
1265 2532 1383 2599 ipso
1405 2530 1497 2584 illo
1516 2530 1759 2599 principe
1780 2531 2019 2600 gentium

447 2622 591 2694 apud
618 2622 710 2678 Dei
752 2622 962 2678 amicos
998 2628 1283 2691 tantopere
1312 2621 1586 2675 celebrato
1615 2621 1818 2684 vixere,
1854 2635 2019 2690 appa-

447 2717 579 2770 ruit.
615 2713 718 2780 Qui
753 2722 867 2769 tum
902 2729 1098 2768 rursus
1146 2711 1290 2783 apud
1346 2712 1595 2766 homines
1635 2712 1896 2766 visendus
1926 2728 2021 2765 ex-

447 2805 816 2875 spectabatur,
844 2811 898 2859 et
925 2802 1151 2874 quijam
1184 2812 1311 2857 ante
1342 2817 1439 2872 per
1471 2802 1709 2856 hominis
1738 2811 1941 2866 ortum,
1966 2810 2021 2857 et

447 2901 638 2949 nostro
669 2893 917 2963 corporis
960 2892 1137 2947 simile
1170 2907 1396 2960 corpus,
1439 2891 1621 2945 omnia
1662 2892 1862 2962 probra
1892 2906 2019 2961 pas-

445 3001 614 3043 surus
657 2986 959 3041 dicebatur.
1012 2986 1202 3054 Itaque
1249 2983 1411 3038 nobis
1458 2982 1525 3038 de
1570 2983 1663 3037 illo
1704 2983 2019 3054 prophetica

2122 1892 2339 1955 οίκεῖος,
2367 1891 2487 1945 καθ’
2509 1891 2567 1944 ὃν
2602 1892 2763 1944 πάλιν
2799 1891 2958 1945 αὑτὸν
2995 1891 3287 1963 ὁριζόμεθα
3319 1891 3454 1944 Θεοῦ
3499 1890 3693 1959 Λόγον,

2123 1983 2178 2035 ἐν
2202 1980 2470 2053 ἀνθρώπῳ
2489 1982 2586 2053 τῆς
2608 1980 2701 2034 τοῦ
2729 1982 2939 2052 Πατρδς
2968 1983 3025 2034 εὐ
3035 1981 3244 2045 σεϐείας
3268 1981 3693 2051 ἁπαγγελτικὸν,

2122 2072 2242 2126 καθ’
2263 2073 2321 2126 ὃν
2352 2072 2557 2144 πέφηνε
2582 2073 2744 2126 πάλαι
2775 2074 3036 2144 πρότερον
3064 2073 3120 2126 ἐν
3141 2072 3424 2144 ἀνθρώπου
3452 2075 3695 2143 σχήματι

2120 2168 2233 2230 τοῖς
2265 2166 2406 2236 ἀμφὶ
2434 2167 2524 2220 τὸν
2569 2167 2838 2237 Ἀϐραάμ·
2881 2166 3040 2219 αὐτὸν
3071 2166 3115 2219 δ’
3141 2168 3345 2219 ἐκεῖνον
3367 2166 3457 2219 τὸν
3484 2165 3698 2237 βοώμεα

2121 2274 2209 2311 νον
2239 2256 2509 2328 ἐθνάρχην
2546 2257 2877 2326 θεοφιλέσιν,
2928 2253 3081 2321 αὖθίς
3122 2274 3181 2311 τε
3221 2258 3596 2328 φανησόμενον
3638 2259 3697 2311 ἐν

2120 2347 2427 2418 ἀνθρώποις
2458 2348 2521 2401 δι’
2547 2348 2833 2419 ἀνθρώπου
2871 2350 3153 2417 γενέσεως,
3187 2351 3280 2403 καὶ⁵
3306 2349 3698 2421 παραπλησίας

2121 2444 2249 2513 ἡμῖν
2275 2440 2495 2513 σαρκὸς,
2523 2440 2777 2511 αἴσχιστα
2805 2441 3085 2494 πείσεσθαι
3121 2442 3431 2513 προείρητο·
3459 2444 3566 2516 ὁδῷ
3600 2448 3698 2499 καὶ

2118 2532 2268 2599 τάξει
2294 2535 2648 2606 προχωρήσαι
2676 2533 2741 2587 ἂν
2766 2536 2895 2605 ἡμῖν
2923 2536 2951 2587 ὁ
2974 2534 3129 2602 λόγος
3157 2534 3407 2604 μέλλουσι
3431 2535 3533 2600 τὰς
3563 2542 3697 2610 περὶ

2119 2624 2283 2678 αὑτοῦ
2338 2625 2679 2697 προφητικὰς
2722 2627 3028 2680 ἐκτίθεσθαι
3078 2630 3399 2700 μαρτυρίας,
3443 2632 3491 2683 εί
3536 2631 3601 2703 δὴ
3636 2633 3696 2685 ἐν

2120 2714 2377 2786 πρώτοις,
2411 2716 2553 2769 κατὰ
2582 2716 2651 2769 τὰ
2669 2718 3068 2789 ἐπηγγελμένα,
3098 2721 3157 2773 τὸ
3181 2720 3393 2791 πρῶτον
3417 2720 3695 2785 ἐξετάσαι-

2123 2822 2242 2875 μεν,
2266 2807 2357 2858 καὶ
2376 2806 2472 2877 τὴν
2494 2807 2550 2859 ἐν
2572 2810 2683 2870 τοῖς
2707 2809 3056 2877 Εὑαγγελίοις
3078 2814 3205 2883 περὶ
3225 2812 3387 2865 αὐτοῦ
3415 2813 3695 2884 θεολογίαν

2118 2897 2225 2949 ἀπὸ
2257 2898 2356 2968 τῆς
2385 2898 2617 2962 παλαιᾶς
2644 2899 2737 2952 κοιλ⁸
2766 2903 3108 2973 προφητικῆς
3146 2904 3449 2975 μαρτυρίας
3488 2905 3693 2959 πιστώ-

2121 3001 2334 3057 σαιμεν.
2380 2988 2696 3056 ’Λναγκαῖον
2719 2990 2775 3043 δὲ
2802 2991 3304 3062 προεπισκέψασθαι
3339 2994 3520 3058 ὁποῖός
3555 3013 3687 3050 ποτε

447 3078 783 3148 exposituris
836 3075 1166 3140 testimonia,
1213 3082 1362 3127 recta
1396 3074 1503 3141 via,
1538 3082 1798 3145 rectoque
1824 3074 2018 3129 ordine

2128 3068 2184 3144 ἣν
2224 3076 2252 3127 ὁ
2283 3074 2482 3145 τρόπος
2507 3076 2604 3146 τῆς
2642 3077 2768 3148 παρ’
2814 3078 3079 3149 Ἑϐραίοις
3110 3080 3217 3133 τῶν
3246 3083 3536 3153 προφητῶν
3576 3083 3691 3137 θεο»

448 3169 705 3242 procedet
733 3168 931 3232 oratio,
956 3167 1003 3223 si
1032 3167 1144 3237 jam
1179 3181 1326 3220 nunc
1350 3167 1403 3221 in
1429 3166 1640 3236 primis,
1667 3166 2020 3236 quemadmo-

2128 3164 2338 3236 ληψίας,
2381 3167 2510 3238 παρ’
2540 3161 2615 3221 ὧν
2655 3168 2846 3222 καὶτὰ
2890 3172 3337 3243 προηγορευμένα
3379 3190 3659 3244 προπεπαι

447 3264 576 3320 dum
595 3276 718 3332 qua:
737 3259 1006 3332 promissa
1034 3265 1185 3325 sunt,
1215 3258 1512 3329 postulant,
1535 3256 1587 3311 id
1606 3258 1751 3327 quod
1778 3258 2017 3328 primum

2123 3256 2380 3329 δεύμεθα.

447 3364 554 3423 est,
584 3356 953 3426 exploremus,
991 3363 1046 3409 et
1069 3369 1191 3424 quae.
1215 3353 1269 3407 in
1304 3352 1613 3424 Evangeliis
1633 3352 1700 3407 de
1751 3353 1845 3408 illo
1894 3362 2071 3410 exstat
2108 3352 2399 3424 theologia,
2455 3353 2595 3408 hanc
2626 3369 2658 3409 a
2690 3363 2932 3412 veterum
2962 3356 3347 3427 prophetarum
3381 3359 3690 3413 testimonio

443 3448 884 3519 comprobemus.
937 3447 1044 3503 Sed
1073 3455 1199 3515 ante
1240 3463 1463 3505 necesse
1508 3455 1593 3503 est
1635 3447 2007 3517 considerare,
2045 3451 2301 3520 quisnam
2342 3448 2507 3504 fuerit
2558 3451 2774 3516 modus,
2808 3467 2918 3522 quo
2949 3453 3222 3522 propheta:
3271 3454 3410 3524 apud
3433 3452 3690 3510 Hebreum

446 3540 542 3596 Dei
568 3540 773 3613 Spiritu
801 3541 1176 3613 implerentur,
1207 3557 1237 3596 a
1266 3541 1466 3613 quibus
1492 3541 1681 3612 utique
1713 3541 1878 3597 etiam
1910 3557 2029 3612 quae
2063 3544 2321 3614 praedicta
2349 3551 2499 3611 sunt,
2534 3544 2766 3599 antehac
2798 3544 2974 3599 edocti
3012 3560 3225 3600 sumus.

448 3636 708 3705 Quisnam
728 3636 916 3691 modus
945 3636 1125 3709 fuerit,
1148 3653 1251 3709 quo
1274 3635 1414 3707 apud
1446 3634 1698 3709 Hebmas
1730 3636 2015 3709 prophetia,

516 3709 676 3761 simul
710 3717 762 3763 et
792 3724 908 3778 qua:
935 3708 1120 3778 futura
1155 3707 1325 3762 essent
1356 3707 1636 3774 canebant,
1664 3716 1713 3762 et
1739 3708 1908 3762 solam
1937 3725 2015 3763 ve-

516 3794 634 3832 ram
667 3778 985 3848 theologiam
1020 3778 1386 3834 illustrabant.

516 3867 664 3923 Loca
708 3870 763 3925 in
812 3870 1014 3939 quibus
1046 3879 1101 3924 et
1131 3870 1392 3923 vaticinia
1436 3876 1491 3924 et
1531 3870 1752 3924 oracula
1806 3866 2018 3939 accipe-

449 3971 594 4029 rent,
650 3962 707 4016 in
757 3963 890 4018 orbe
937 3970 1206 4017 terrarum
1267 3962 1469 4031 passim
1526 3961 1776 4016 instituta
1830 3960 2021 4024 fuisse,

456 4060 566 4105 tam
603 4050 775 4105 Graeci
811 4066 975 4121 quam
1026 4050 1248 4106 barbari
1296 4049 1642 4120 proﬁtentur.
1693 4050 1863 4105 Porro
1908 4051 2025 4104 haec

458 4147 634 4212 aiunt,
669 4146 1010 4216 providentia
1050 4146 1224 4216 ipsius
1250 4144 1494 4216 Opiﬁcis,
1542 4144 1608 4198 ad
1653 4161 1812 4200 usum
1859 4153 2023 4213 atque

455 4240 745 4294 utilitatem
784 4239 1068 4293 hominum
1110 4238 1321 4308 prodita
1355 4253 1478 4293 esse
1509 4246 1561 4291 et
1594 4251 1877 4291 concessa.
1916 4240 2025 4290 Ita-

448 4347 558 4405 que
606 4331 883 4402 prophetis
926 4330 1275 4385 llebrieorum
1301 4330 1438 4383 nihil
1479 4327 1834 4384 excellentius
1861 4327 2020 4397 203

447 4424 747 4496 contigisse
811 4436 974 4492 quam
1049 4420 1382 4491 reliquarum
1453 4418 1694 4490 gentium
1761 4421 2017 4474 oraculis.

450 4516 518 4572 Ut
552 4518 697 4572 enim
732 4513 974 4571 Hebraeis
1006 4529 1101 4585 per
1146 4512 1416 4583 ejusmodi
1458 4512 1780 4583 prophetas,
1826 4511 1905 4566 sie
1935 4526 2021 4565 re-

448 4610 614 4679 liquis
663 4607 917 4678 gentibus
964 4622 1059 4677 per
1110 4604 1450 4660 diversorum
1501 4604 1743 4658 locorum
1764 4602 2018 4665 “oracula,

451 4713 768 4771 supremum
798 4697 969 4752 Deum
1009 4696 1367 4767 respondere,
1397 4703 1452 4751 et
1488 4694 1857 4749 conducibilia
1906 4708 2024 4747 mo-

450 4807 583 4848 nere
624 4791 867 4846 solitum.
918 4788 1038 4844 Non
1080 4792 1225 4845 enim
1286 4788 1664 4843 tantummodo
1713 4784 2021 4841 Judreorum

449 4900 593 4951 esse,
652 4884 749 4939 sed
801 4884 1137 4954 reliquorum
1191 4897 1406 4952 quoque
1449 4881 1691 4936 omnium
1742 4880 2020 4935 hominum

451 4977 645 5040 Deum,
676 4991 852 5045 neque
883 4975 984 5029 hos
1012 4974 1185 5044 magis
1208 4990 1371 5044 quam
1390 4974 1512 5029 illos
1544 4988 1758 5039 curare,
1782 4970 1878 5027 sed
1907 4985 2025 5025 om-

451 5070 614 5125 nibus
647 5082 801 5138 aeque
828 5066 1135 5137 providere.
1175 5065 1266 5121 Sic
1288 5066 1432 5121 enim
1470 5081 1538 5119 ne
1588 5066 1757 5120 solem
1804 5062 2021 5134 quidem

451 5175 614 5214 suum
648 5157 892 5214 invidere
938 5157 1216 5227 cuiquam,
1257 5157 1352 5214 sed
1388 5156 1645 5211 omnibus
1674 5154 1889 5209 abunde
1918 5154 2028 5207 lar-

449 5249 580 5320 giri,
610 5263 719 5304 non
752 5246 995 5303 Hebraeis
1016 5248 1173 5310 solis,
1210 5261 1533 5317 annuosque
1560 5260 1743 5300 rerum
1772 5258 2025 5299 necessa-

452 5345 660 5394 riarum
688 5350 988 5410 proventus
1041 5339 1412 5411 suppeditare,
1446 5348 1610 5409 atque
1651 5337 1906 5392 omnibus
1947 5336 2025 5391 si-

450 5433 579 5487 mile
617 5445 816 5499 corpus
845 5439 1181 5494 construere,
1206 5446 1481 5501 unumque
1513 5427 1774 5484 nascendi
1802 5425 2021 5480 modum

452 5521 729 5587 omnibus,
779 5536 941 5575 unam
990 5522 1243 5577 omnibus
1304 5524 1498 5577 anima
1540 5519 1825 5576 rationalis
1869 5525 2025 5572 natu-

452 5629 589 5668 ram.
625 5611 815 5681 Itaque
857 5612 1044 5667 eadem
1084 5615 1294 5670 ratione
1328 5612 1649 5685 providendi
1685 5626 1901 5683 quoque
1928 5623 2024 5663 co-

451 5706 858 5778 gnoscendique
880 5704 1061 5759 futura
1084 5708 1392 5772 scientiam,
1419 5706 1672 5761 omnibus
1708 5702 2020 5760 hominibus

454 5793 667 5856 abunde
692 5797 956 5862 sumsere,
993 5799 1112 5859 aliis
1149 5800 1365 5873 quidem
1396 5814 1492 5869 per
1514 5799 1659 5854 viros
1691 5795 2005 5869 prophetas,

2130 3640 2226 3706 Τίς
2260 3643 2293 3693 ό
2324 3641 2541 3707 τρόπος
2576 3635 2658 3709 ἦν
2690 3638 2817 3693 καθ’
2850 3638 2921 3709 ὃν
2957 3640 3011 3691 οὶ
3047 3638 3183 3706 παρ’
3232 3638 3513 3709 Ἑϐραίοις
3544 3653 3687 3709 apo;

2192 3699 2373 3779 εξςῆταὶ
2407 3699 2554 3778 ὁμοῦ
2592 3699 2663 3762 τά
2700 3725 2762 3779 τε
2788 3708 3092 3776 μέλλοντα
3114 3699 3557 3779 προεθέσπιζον,
3586 3699 3691 3764 ὶαι

2194 3777 2308 3849 τὴν
2334 3777 2531 3848 μόνην
2567 3777 2763 3847 ἀληθῆ
2804 3780 3114 3848 θεολογίαν
3146 3777 3442 3848 ἐφώτιζον.

2192 3874 2432 3925 Μαντεῖα
2483 3872 2575 3924 καὶ
2621 3873 2926 3940 χρηστήρια
2972 3869 3273 3940 πανταχόσε
3299 3869 3399 3936 γῆς
3430 3867 3689 3938 Ἕλληνες

2121 3964 2215 4016 καὶ
2245 3963 2507 4035 βάρϐαροι
2548 3961 2941 4033 μνημονεύουσι
2978 3961 3256 4031 συστῆναι.
3289 3958 3471 4011 Ταῦτα
3498 3958 3556 4010 δέ
3590 3975 3689 4028 φα-

2130 4070 2213 4107 σιν
2262 4056 2325 4106 ἐκ
2373 4052 2624 4124 προνοίας
2670 4050 2766 4105 τοῦ
2817 4050 3157 4122 Δημιουργοῦ
3210 4050 3303 4102 ἐπὶ
3360 4049 3554 4120 χρῆσιν
3598 4049 3690 4102 καὶ

2127 4145 2390 4214 ὠφέλειαν
2428 4144 2536 4197 τῶν
2585 4142 2883 4215 ἀνθρώπων
2932 4142 3365 4213 καταδειχθῆναιο
3402 4140 3478 4203 ὡς
3522 4139 3690 4212 μηδὲν

2126 4234 2262 4291 εἶναι
2311 4237 2370 4290 τὸ
2420 4236 2673 4307 διαφέρον
2723 4235 2831 4289 τῶν
2886 4236 3013 4306 παρ’
3078 4233 3345 4305 Ἑϐραίοις
3398 4231 3690 4304 προφητῶν

2128 4329 2265 4402 πρὸς
2311 4329 2378 4382 τὰ
2428 4328 2535 4383 τῶν
2583 4327 2782 4381 λοιπῶν
2828 4326 2994 4381 ἐθνῶν
3047 4329 3370 4398 χρηστήρια.
3444 4326 3531 4388 Ὠς
3583 4323 3692 4393 γὰρ

2140 4421 2404 4494 Ἑϐραίοις
2436 4419 2523 4473 διὰ
2548 4419 2654 4473 τῶν
2688 4418 2902 4472 τοιῶνδε
2930 4417 3241 4490 προφητῶν,
3279 4415 3422 4469 οὕτω
3454 4415 3551 4469 καὶ
3579 4418 3693 4478 τοῖς

2128 4515 2305 4578 ἄλλοις
2336 4514 2510 4568 ἔθνεσι
2542 4512 2630 4565 διὰ
2660 4511 2768 4565 τῶν
2806 4510 2944 4565 κατὰ
2983 4511 3145 4564 τόπον
3177 4508 3442 4581 μαντειῶν
3475 4508 3567 4561 τὸν
3599 4510 3690 4561 ἐπὶ

2128 4607 2342 4661 πάντων
2379 4604 2510 4658 Θεὸν
2545 4605 2703 4675 χρᾷν,
2734 4602 2826 4655 καὶ
2851 4601 2919 4655 τὰ
2949 4599 3290 4672 συμφέροντα
3320 4599 3686 4653 ὑποτίθεσθαι.

2127 4697 2219 4769 Μὴ
2247 4696 2354 4767 γὰρ
2392 4694 2653 4749 Ἰουδαίων
2689 4693 2846 4764 μόνον
2894 4687 3032 4746 εἶναι
3071 4691 3225 4757 Θεὸν,
3267 4690 3401 4744 ἀλλὰ
3445 4691 3541 4743 καὶ
3585 4689 3689 4742 τῶν

2127 4787 2327 4841 λοιπῶν
2365 4786 2621 4840 ἁπάντων
2657 4783 2988 4856 ἀνθρώπων·
3029 4784 3122 4836 καὶ
3150 4784 3208 4836 οὺ
3242 4781 3438 4853 μᾶλλον
3466 4781 3690 4834 ἐκείνων

2124 4881 2156 4952 ἢ
2175 4880 2376 4933 τούτων
2396 4877 2667 4950 κήδεσθαι*
2696 4877 2911 4929 πάντων
2930 4875 2973 4928 δ’
2991 4875 3049 4939 ἐξ
3065 4875 3177 4927 ἴσου
3199 4877 3462 4947 προνοεῖν,
3476 4872 3691 4943 ὠσπερ-

2125 4972 2217 5026 οῦν
2241 4972 2335 5026 καὶ
2354 4971 2501 5041 ἥλιον
2528 4969 2774 5039 ἀφθόνως
2802 4970 2914 5031 τοῖς
2942 4969 3074 5021 πᾶσι
3100 4964 3451 5037 δεδωρῆσθαι,
3491 4963 3608 5017 ἀλλ’
3630 4965 3689 5016 οὐ

2131 5066 2309 5137 μόνοις
2350 5063 2638 5135 Ἑϐραίοις,
2672 5061 2770 5115 ’καὶ
2812 5060 2909 5124 τὰς
2949 5059 3193 5132 ἐτησίους
3220 5058 3330 5111 τῶν
3372 5057 3691 5127 ἐπιτηδείων

2128 5155 2408 5228 χορηγίας,
2438 5153 2701 5224 σωμάτων
2720 5169 2779 5205 τε
2805 5154 2915 5215 τοῖς
2947 5152 3080 5204 πᾶσι
3113 5149 3456 5220 κατασκευὴν
3476 5148 3688 5219 ὁμοίαν,

2128 5248 2223 5300 ἕνα
2242 5264 2301 5300 τε
2326 5246 2592 5315 γενέσεως
2618 5247 2729 5308 τοῖς
2756 5245 2886 5297 πᾶσι
2911 5243 3129 5314 τρόπον,
3163 5241 3256 5294 καὶ
3285 5240 3443 5311 φύσιν
3472 5239 3691 5309 λογικῆς

2128 5336 2305 5407 ψυχῆς
2335 5336 2478 5407 μίαν.
2511 5334 2666 5388 Οὕτω
2692 5334 2748 5387 δέ
2770 5334 2977 5404 καὶτῆς
2996 5333 3103 5385 τῶν
3128 5331 3425 5403 μελλόντων
3447 5328 3692 5401 προγνώο

2130 5445 2268 5490 σεως
2292 5426 2389 5497 τὴν
2416 5426 2719 5497 ἐπιστήμην
2750 5425 2913 5477 πᾶσιν
2954 5421 3258 5494 ἀνθρώποις
3295 5419 3542 5487 ἀφθόνως
3557 5433 3693 5487 παρ·

2130 5516 2294 5586 ἐχειν,
2326 5517 2438 5577 τοῖς
2482 5513 2580 5585 μὲν
2617 5513 2704 5566 διὰ
2747 5511 3038 5583 προφητῶν
3080 5509 3306 5582 ἀνδρῶν,
3345 5511 3459 5571 τοῖς
3496 5508 3553 5560 δὲ
3608 5504 3690 5559 διὰ

2125 5608 2490 5681 χρηστηρίων,
2527 5610 2635 5669 τοῖς
2661 5607 2715 5660 δέ
2740 5604 2828 5658 διὰ
2858 5604 3084 5677 ὀρνίθων
3118 5605 3394 5673 πτήσεως,
3430 5600 3464 5670 ἢ
3492 5600 3580 5653 διὰ
3604 5599 3666 5652 θν

2119 5700 2297 5770 τικῆς,
2327 5699 2359 5771 ἢ
2398 5699 2463 5752 δι’
2496 5698 2965 5769 ὁνειροπομπείας,
2996 5697 3028 5768 ἢ
3062 5693 3148 5748 διὰ
3178 5693 3469 5765 κλῃδόνων,
3494 5692 3529 5763 ἢ
3561 5690 3685 5743 παλ-

2124 5793 2261 5863 μῶν,
2307 5793 2340 5862 ῆ
2385 5808 2545 5844 τινων
2591 5789 2793 5862 ἐτέρων
2832 5787 3133 5860 συμϐόλων·
3178 5784 3349 5838 ταῦτα
3385 5783 3497 5854 γάρ
3527 5797 3691 5852 φασιν
