3880 6256
246 382 334 441 33'!

1130 344 1784 416 DEMONSTRATIONIS
1820 339 2279 397 EVANGELICE
2319 340 2446 396 LIB.
2480 341 2545 395 ν.

3384 345 3488 399 533

246 496 543 572 ἀνθρώπως
570 495 638 548 ὲκ
660 490 764 561 τῆς
794 487 886 541 τοῦ
915 482 1050 539 Θεοῦ
1077 478 1332 553 προνοίας
1363 466 1720 543 δεδωρῆσθαι,
1743 463 1817 526 ὡς

1921 456 2044 517 aliis
2090 475 2222 516 vero
2272 474 2368 531 per
2418 458 2768 515 oraculorum
2823 468 3110 533 responsa,
3135 473 3191 520 et
3233 463 3357 521 aliis
3394 482 3489 536 per

248 563 403 667 itqu
444 590 612 644 πλέον
658 586 804 658 ἔχειν
836 580 1011 634 δοκεῖν
1043 576 1169 638 τοὺς
1217 568 1481 642 Ἐϐραίων
1509 563 1811 667 προφήτας.

243 654 487 746 Ϋοιιοῦτος
511 678 614 752 μὲν
633 654 728 731 οῦν
746 678 775 729 δ
798 673 926 745 παρ’
948 668 1170 723 ἐκείνων
1190 665 1365 734 λόγος·
1391 664 1419 715 ὁ
1432 659 1488 715 δὲ
1510 660 1637 752 παρ’
1661 659 1693 726 ἡ
1701 654 1817 752 μῶν

240 771 335 832 ὧδέ
370 791 491 838 πως
514 747 712 833 ἀὐτοῖς
742 765 1134 836 ἀπαντήσεται.
1164 759 1228 811 Et
1252 756 1351 829 μέν
1380 770 1464 817 τις
1490 750 1711 819 συνίστη
1732 747 1819 801 λό-

238 887 326 940 γος
350 867 514 930 θεοὺς
536 861 777 935 άληθῶς,
801 861 836 932 ἢ
858 858 1009 921 θείας
1033 854 1309 923 δυνάμεις,
1342 848 1375 920 ἢ
1400 846 1658 940 δαίμονας
1683 843 1818 909 ἀγα-

237 936 357 1027 θοὺς
390 960 691 1031 ἐφεστάναι
715 959 828 1018 τοῖς
852 952 963 1006 τῶν
988 947 1292 1021 εἰρημένων
1334 936 1684 1031 μαντείοις,ἢ
1706 937 1816 1031 τοῖς

235 1027 462 1118 οἰωνῶν,
502 1053 538 1123 ἢ
574 1053 687 1113 τοῖς
721 1047 926 1108 λοιποῖς
961 1036 1492 1111 κατωνομασμένοις,
1516 1028 1584 1104 ἦν
1613 1030 1679 1086 ἃν
1711 1027 1819 1098 χὼ-

239 1165 333 1222 ραν
365 1120 665 1214 ἀπονεῖμαι
694 1142 805 1203 τοῖς
842 1134 1173 1206 λεγομένοις,
1216 1130 1293 1192 ὡς
1337 1125 1433 1181 τοῦ
1478 1123 1571 1177 ἐπὶ
1602 1120 1818 1175 πάντων

234 1212 365 1296 θεοῦ
399 1212 637 1292 κάκεῖνα
658 1235 772 1296 τοῖς
801 1228 1103 1303 χρωμένοις
1126 1225 1210 1277 ἐπ’
1243 1218 1479 1290 ὠφελείᾳ
1503 1212 1816 1287 δεδωρημέ-

232 1349 341 1399 νουέ
373 1334 425 1385 εἰ
459 1329 518 1383 δὲ
554 1326 820 1382 ὲντελὲσιν
858 1318 1164 1383 ἀποδείξεσι
1204 1314 1298 1369 καὶ
1325 1311 1503 1366 αὐτῶν
1556 1305 1818 1377 Ἑλλήνων

231 1423 553 1499 ὁμολογίαις
589 1419 691 1491 ῆδη
734 1416 997 1489 πρότερον
1029 1410 1288 1481 δαίμονας
1318 1403 1516 1465 αὐτοὺς
1539 1395 1698 1461 εἶναι,
1725 1395 1819 1449 καὶ

232 1489 337 1574 οῦδ
358 1489 625 1586 ἀγαθοὺς,
651 1489 831 1581 πάσης
851 1507 908 1560 δὲ
931 1503 1135 1577 βλάϐης
1154 1500 1248 1555 καὶ⁹
1274 1489 1815 1586 μοχθηρίας-αἰτίους,

234 1611 351 1674 πῶς
387 1580 459 1664 ἀν
491 1606 743 1675 δύναιντο
779 1580 913 1655 Θεοῦ
947 1593 1087 1653 εἶναι
1128 1593 1435 1667 προφῆται;
1477 1584 1717 1646 Φαύλους
1760 1580 1819 1633 δὲ

232 1702 432 1763 αὐτοὺς
463 1701 493 1752 ὁ
520 1674 680 1766 λόγος
708 1693 957 1766 ἐφώρασε
988 1688 1078 1742 διὰ
1099 1687 1197 1759 τῆς
1229 1674 1640 1752 Εὐαγγελικῆς
1663 1679 1816 1742 Προ-

233 1788 637 1863 καρασκευῆξ
660 1788 724 1847 ἐκ
750 1804 811 1841 τε
830 1785 936 1856 τῆς
959 1781 1127 1835 πάλαι
1155 1776 1297 1832 κατὰ
1329 1775 1506 1828 πάντα
1536 1770 1701 1824 τόπον
1726 1767 1818 1821 καὶ

235 1860 386 1942 πόλιν
428 1883 530 1936 καὶ
569 1881 753 1952 χώραν
793 1872 1216 1944 συντελουμένης
1247 1870 1431 1930 αὐτοῖς
1461 1860 1813 1935 ἀνθρωποθυ-

235 1981 373 2044 σίας,
407 1977 477 2031 ἐκ
514 1992 579 2030 τε
620 1968 695 2028 ὧν
727 1971 953 2042 ἠπάτων
982 1968 1109 2030 τοὺς
1147 1960 1465 2038 ἐρωτῶντας
1502 1954 1693 2026 ἀγνοίᾳ
1720 1953 1814 2007 τοῦ

240 2072 549 2143 μέλλοντος,
584 2067 650 2120 ἐκ
684 2081 745 2119 τε
785 2057 860 2118 ὧν
909 2060 1192 2133 ἡλίσκοντο
1254 2053 1420 2125 μυρία
1475 2048 1812 2121 ψευδόμενοι,

234 2142 352 2227 τοτὲ
375 2162 478 2234 μὲν
506 2162 573 2214 ἐκ
600 2155 693 2212 τοῦ
726 2152 1055 2228 προφανοῦς,
1075 2149 1199 2204 τοτὲ
1224 2149 1281 2202 δὲ
1309 2145 1396 2200 διὰ
1422 2144 1523 2214 τῆς
1544 2142 1653 2196 τῶν
1681 2156 1816 2211 χρη-

423 2249 776 2323 άμιριϐολίας,
821 2246 886 2299 δι’
923 2240 992 2317 ἧς
1028 2243 1154 2306 τοὺς
1193 2238 1514 2311 πρόσφυγας
1545 2232 1815 2294 πλείστοις

238 2322 554 2405 πλειστάκις
580 2337 996 2412 περιϐάλλοντες
1037 2334 1227 2394 κακοῖς
1249 2325 1689 2398 ἀπηλέγχθησαψ
1724 2322 1816 2376 καὶ

238 2438 354 2490 ἐπεὶ
375 2432 843 2507 προαπεδείκνυτο
877 2427 1069 2500 μιαρὸν
1089 2423 1268 2477 αὐτῶν
1294 2422 1388 2477 καὶ
1418 2419 1724 2502 ἀκάθαρτον
1756 2414 1817 2467 τὸ

240 2496 436 2600 ςῦλονί
460 2529 526 2581 ὲκ
556 2523 654 2578 τοῦ
691 2496 898 2595 χαίρειν
933 2496 1186 2589 αίσχραίς
1219 2515 1312 2569 καὶ
1344 2496 1660 2575 ἀκολάστοις
1687 2509 1816 2579 περὶ

240 2620 414 2675 αὐτῶν
453 2616 776 2687 λεγομέναις
820 2611 1002 2687 ᾠδαῖς,
1055 2608 1150 2663 καὶ
1175 2606 1384 2679 ὕμνοις,
1433 2604 1527 2657 καὶ
1568 2601 1817 2674 μυθικοῖς

242 2718 590 2790 διηγήμασιν,
632 2711 894 2782 ἱστορίαις
918 2724 978 2761 τε
1015 2705 1272 2776 ἀσέμνοις
1310 2702 1404 2755 καὶ
1442 2697 1811 2761 ὲπιϐλαϐέσιν,

245 2789 319 2875 ἃς
339 2810 435 2864 καὶ
481 2807 604 2862 κατ’
633 2804 813 2860 αὐτῶν
856 2801 1171 2874 κυροῦντες,
1222 2795 1315 2853 καὶ
1358 2793 1434 2858 ὡς
1478 2792 1695 2863 ἀληθεῖς
1727 2789 1816 2861 βε-

247 2903 521 2965 ϐαιοῦντες
557 2899 774 2971 ἥλωσαν
792 2914 806 2927 ’
851 2895 946 2959 καὶ
975 2892 1128 2954 τέλος
1159 2889 1412 2945 ἁπάντων
1454 2885 1675 2957 ἐλεγχος
1714 2883 1816 2953 τῆς

246 2995 503 3071 ἀδρανοῦς
531 2991 710 3048 αὐτῶν
740 2990 955 3061 φύσεως
979 2983 1047 3060 ἦν
1084 2986 1146 3039 τὸ
1179 2982 1469 3054 σϐεσθῆναι
1496 2980 1590 3034 καλ⁸
1623 2978 1813 3050 μηκέθ’

246 3090 441 3163 ὁμοίως
464 3089 624 3161 χρᾷνο
648 3081 1052 3153 καὶ.σϐεσθῆναι
1076 3077 1150 3152 μὴ
1171 3074 1406 3146 ἄλλοτεῆ
1434 3073 1541 3128 ἀπὸ
1563 3072 1670 3127 τῶν
1697 3072 1815 3143 χρό-

1918 556 2096 610 avium
2127 554 2341 609 volatus
2380 560 2475 608 aut
2514 568 2610 623 per
2630 561 2880 609 extorum
2908 555 2968 610 in
2995 557 3278 616 sacriﬁciis
3306 560 3486 631 inspe-

1917 649 2174 710 ctionem,
2212 654 2309 702 aut
2340 662 2438 719 per
2464 648 2804 709 somniorum
2854 650 3244 720 immissiones,
3268 663 3361 709 aut
3396 670 3491 724 per

1916 755 1980 833 ea
2012 753 2133 811 quae
2165 739 2445 805 dicuntur,
2476 741 2681 809 omnia,
2714 754 2807 797 aut
2848 760 2943 814 per
2987 746 3380 802 concussiones
3428 762 3491 802 ac

1918 832 2205 895 tremores,
2232 840 2327 887 aut
2355 848 2451 903 per
2470 832 2577 888 alia
2600 834 2846 904 quat-dam
2883 836 3002 906 ejus
3032 837 3250 907 generis
3289 838 3447 910 signa
3472 858 3489 895 :

1919 925 2035 981 haac
2058 927 2201 981 enim
2232 927 2387 981 aiunt
2419 925 2763 983 Providentia
2798 928 2979 983 divina
3005 932 3218 988 cunctis
3248 931 3492 987 homini-

1919 1018 2023 1074 bus
2045 1034 2167 1075 esse
2191 1018 2414 1083 donata,
2444 1019 2630 1090 itaque
2655 1020 2792 1075 nihil
2823 1021 3059 1091 amplius
3096 1023 3296 1079 habere
3317 1023 3490 1079 videri

1920 1111 2269 1167 Hebraeorum
2295 1113 2586 1183 prophetas
2615 1128 2628 1165 :
2654 1114 2771 1169 haec
2798 1129 2931 1171 sane
2952 1114 3167 1170 illorum
3200 1126 3284 1171 est
3309 1116 3451 1172 ratio
3475 1133 3488 1169 :

1918 1217 2018 1257 nos
2045 1217 2173 1258 vero
2206 1202 2352 1257 illius
2380 1202 2461 1257 sic
2493 1203 2709 1259 obviam
2744 1203 2872 1258 ituri
2896 1220 3106 1260 sumus.
3146 1205 3203 1259 Si
3231 1207 3339 1260 ulla
3373 1206 3496 1277 qui-

1918 1294 2041 1350 dem
2075 1296 2219 1350 ratio
2251 1296 2551 1364 convincit,
2583 1312 2642 1352 re
2666 1313 2795 1352 vera
2817 1299 2971 1364 deos,
3008 1314 3103 1354 seu
3144 1298 3358 1354 divinas
3392 1315 3493 1370 po-

1920 1395 2168 1453 testates,
2214 1389 2329 1444 sive
2376 1390 2551 1446 bonos
2584 1390 2798 1462 aliquos
2833 1389 3106 1446 daemones
3142 1407 3374 1462 praeesse
3402 1407 3496 1447 eo-

1920 1498 2064 1548 rum,
2096 1483 2166 1539 de
2202 1482 2404 1554 quibus
2430 1484 2634 1539 dictum
2668 1491 2774 1547 est,
2819 1484 3071 1550 oraculis,
3097 1485 3182 1540 vel
3224 1484 3492 1556 auguriis,

1921 1576 2005 1631 vel
2037 1578 2249 1633 caeteris
2268 1593 2389 1648 quae
2413 1588 2571 1633 antea
2594 1576 2834 1632 diximus
2864 1597 2877 1632 :
2906 1592 3201 1648 possumus
3231 1593 3364 1635 sane
3389 1577 3497 1632 alio

1918 1683 2081 1740 quem
2120 1669 2301 1724 locum
2333 1670 2440 1726 illis
2465 1669 2730 1735 tribuere,
2760 1676 3021 1740 tanquam
3047 1670 3141 1725 illo
3162 1684 3380 1741 quoque
3405 1684 3498 1725 su-

1920 1775 2143 1831 premus
2178 1760 2325 1818 Deus
2350 1762 2417 1816 iis
2444 1763 2537 1833 qui
2575 1761 2704 1816 talia
2734 1767 3021 1832 usurpem,
3051 1761 3281 1834 largitus
3310 1761 3414 1829 sit;
3448 1760 3497 1819 si

1921 1867 2051 1908 vero
2082 1852 2341 1925 perfectis
2370 1853 2954 1918 demonstrationibus,
2977 1859 3032 1910 et
3071 1853 3319 1926 ipsorum
3347 1853 3498 1910 Grae-

1920 1960 2111 2002 corum
2160 1945 2623 2013 confessionibus,
2655 1948 2771 2018 jam
2816 1956 2998 2011 antea,
3049 1948 3326 2005 dmmones
3375 1964 3499 2006 esse

1923 2056 2031 2095 non
2066 2040 2188 2096 illos
2212 2040 2429 2110 quidem
2454 2040 2653 2105 bonos,
2680 2038 2776 2096 sed
2803 2041 2984 2096 omnis
3018 2040 3278 2111 perniciei
3305 2041 3499 2113 nequi-

1922 2135 2119 2205 tiaeque
2155 2142 2411 2191 auctores
2433 2133 2800 2204 convicimus,
2838 2135 2931 2206 qui
2962 2133 3079 2190 ﬁeri
3105 2140 3285 2206 potest
3314 2140 3375 2189 ut
3402 2133 3498 2190 Dei

1921 2227 2202 2299 prophetae
2240 2228 2582 2284 habeantur?
2614 2226 2827 2287 Etenim
2859 2228 2982 2286 illos
3019 2242 3142 2283 esse
3180 2228 3356 2284 malos
3403 2242 3499 2298 per

1923 2320 2301 2392 Evangelicam
2328 2321 2789 2393 Prwparationent
2842 2323 2983 2377 ratio
3016 2319 3394 2392 deprehendit,
3430 2336 3496 2375 ex

1921 2429 1986 2469 eo
2015 2429 2149 2470 sane
2172 2414 2317 2484 quod
2363 2415 2561 2485 priscis
2611 2415 2954 2485 temporibus
2992 2415 3049 2469 in
3081 2415 3232 2469 omni
3270 2414 3421 2481 loco,
3446 2422 3497 2470 et

1921 2506 2143 2562 civitate
2172 2521 2237 2561 ac
2266 2508 2510 2577 regione,
2540 2506 2791 2561 humanae
2830 2506 2939 2560 illis
2969 2506 3203 2560 victimae
3224 2504 3498 2560 sacrifica-

1920 2606 2152 2666 rentur;
2191 2598 2321 2655 item
2353 2615 2419 2655 ex
2452 2614 2520 2654 eo
2545 2599 2690 2669 quod
2729 2614 2913 2654 rerum
2946 2598 3257 2653 futurarum
3286 2598 3497 2668 ignora-

1923 2692 2069 2747 tione
2104 2694 2452 2748 sciscitantes
2484 2692 2816 2762 deciperent,
2851 2699 2906 2747 et
2935 2690 3081 2762 quod
3123 2691 3179 2746 in
3210 2689 3497 2747 mendacio

1921 2783 2120 2841 millies
2165 2798 2231 2839 ac
2273 2784 2473 2841 millies
2529 2783 2857 2855 deprehensi
2889 2785 3017 2851 sint,
3068 2786 3229 2839 modo
3275 2783 3497 2855 quidem

1921 2886 2107 2950 aperte
2150 2892 2216 2933 ac
2259 2877 2459 2949 palam,
2482 2877 2651 2953 modo
2696 2892 2826 2932 vero
2856 2877 3098 2948 ipsorum
3145 2877 3495 2933 oraculorum

1922 2975 2178 3047 ambiguo
2212 2988 2484 3038 sermone,
2524 2988 2621 3044 per
2660 2987 2819 3043 quem
2858 2986 2953 3025 eos
2982 2970 3075 3041 qui
3113 2969 3179 3024 ad
3224 2985 3282 3026 se
3310 2968 3499 3025 confu-

1920 3069 2149 3139 gissent,
2190 3066 2442 3137 plurimis
2481 3065 2784 3137 saepissime
2824 3065 2981 3120 malis
3011 3073 3172 3133 atque
3204 3064 3498 3118 incommo-

249 3153 345 3249 νων
382 3153 855 3253 τῆς-’έπιφανείας
897 3174 992 3228 τοῦ
1025 3171 1277 3243 Σωτῆρος
1318 3167 1476 3241 ἡμῶν
1517 3164 1691 3238 Ἰησοῦ
1720 3163 1814 3218 τοῦ

1922 3160 2006 3216 dis
2066 3159 2381 3222 involvisse,
2434 3158 2671 3214 convicti
2714 3164 2883 3212 sunt:
2917 3169 3131 3211 necnon
3178 3153 3325 3226 quod
3381 3154 3494 3224 jam

248 3271 590 3347 Χριστοῦθ-ὲξ
619 3260 681 3324 οὗ
718 3268 824 3342 γὰρ
856 3270 936 3331 εἰς
968 3265 1146 3319 πάντα
1177 3265 1246 3316 τά
1286 3261 1412 3333 ἔθνη
1458 3258 1746 3331 διέδραμεν
1790 3259 1820 3310 ό

247 3365 338 3436 τῆς
363 3362 729 3433 εὐαγγελικῆς
753 3354 1100 3418 διδασκαλίας
1130 3351 1291 3408 αὑτοῦ
1320 3351 1496 3420 λόγος,
1528 3348 1587 3417 ἐξ
1610 3348 1817 3402 ἐκείνου

249 3458 335 3510 καὶ
356 3457 423 3510 τὰ
444 3455 754 3527 χρηστήρια
774 3449 998 3515 διέλιπε,
1022 3449 1116 3500 καὶ
1141 3443 1411 3517 δαιμόνων
1435 3442 1653 3497 θάνατοι
1681 3455 1817 3511 μνη-

254 3548 580 3619 μονεύονται.
602 3544 787 3598 Πάντα
806 3540 862 3595 δὲ
887 3535 979 3593 οὖν
1008 3534 1076 3610 ἦν
1108 3536 1304 3600 ταῦτα,
1334 3533 1429 3587 καὶ
1454 3532 1587 3587 ἄλλα
1610 3528 1820 3591 τούτοις

251 3641 600 3713 παραπλήσια
632 3636 818 3708 μυρία,
849 3633 913 3686 δι’
947 3625 1022 3685 ὧν
1052 3627 1280 3700 πονηροὶ
1310 3626 1562 3695 δαίμονες
1587 3621 1741 3686 ὄντες
1770 3622 1818 3674 οἱ

249 3733 369 3804 περὶ
395 3724 472 3785 ὧν
503 3731 533 3783 ὁ
562 3728 720 3797 λόγος
740 3728 798 3778 ὲν
824 3725 935 3786 τοῖς
960 3721 1059 3792 τῆς
1077 3713 1493 3787 Εὐαγγελικῆς
1518 3716 1822 3781 Προπαρα-

246 3823 473 3895 σκευῆς
503 3817 947 3892 ἀπηλέγχθησαν.
989 3814 1053 3866 El
1082 3811 1146 3882 δὴ
1178 3804 1271 3863 οὖν
1299 3806 1491 3861 τοιοίδε
1517 3804 1661 3867 τινὲς
1688 3819 1819 3872 τυγ-

247 3920 485 3992 χάνουσι,
516 3916 604 3980 τίς
634 3916 777 3984 αἱρεῖ
803 3911 958 3980 λόγος
989 3906 1084 3962 τοῦ
1126 3904 1218 3960 ἐπὶ
1259 3901 1486 3958 πάντων
1508 3899 1642 3955 Θεοῦ
1685 3916 1821 3971 μαν-

246 4012 388 4076 τείας
413 4007 557 4065 εῐναι
590 4006 838 4083 ἡγεῖσθαι
876 4002 947 4056 τὰ
976 4001 1085 4056 τῶν
1107 3998 1375 4070 δαιμόνων
1399 3996 1746 4071 χρηστήριας
1781 3992 1815 4063 ἦ

244 4109 350 4169 τοῖς
362 4103 461 4158 τοῦ
486 4100 621 4156 Θεοῦ
642 4100 949 4172 προφήταις
969 4095 1039 4149 τὰ
1057 4094 1179 4153 κατ’
1195 4092 1395 4154 αὐτοὺς
1418 4087 1814 4162 παραϐάλλεινς

246 4198 491 4251 Ποταπαὶ
514 4194 574 4249 δὲ
598 4192 773 4248 αὐτῶν
801 4195 857 4246 αἱ
880 4190 1231 4264 προρρήσεις,
1251 4186 1338 4252 ἅς,
1371 4187 1459 4239 ὅτε
1486 4183 1580 4237 καὶ
1603 4181 1817 4239 ἐδόκουν

247 4291 562 4361 ὑφεστάναι,
591 4288 719 4359 ’τιεερδ¹
739 4287 863 4348 τοὺς
891 4283 1210 4357 ἐρωτῶντας
1238 4277 1547 4341 ὲποιοῦντο;
1573 4271 1680 4347 ἆρα
1698 4271 1819 4342 οὐχὶ

248 4383 369 4453 περὶ
396 4381 652 4452 άσέμνων
681 4374 951 4430 ταπεινῶν
980 4391 1040 4428 τε
1071 4375 1166 4433 καὶ
1200 4370 1433 4427 εὐτελῶν
1460 4366 1690 4439 ἀνδρῶν,
1716 4380 1818 4415 πυ-

248 4472 402 4538 κτῶν,
428 4470 586 4542 φέρε,
612 4469 646 4539 ﬁ
670 4483 830 4520 τινων
859 4462 1141 4528 τοιούτων,
1160 4461 1254 4526 οὒς
1284 4460 1489 4523 θυσίαις
1517 4457 1684 4528 τιμᾷν
1706 4453 1819 4509 ὲκε-

1850 4514 1901 4570 D

1923 3263 2079 3308 antea
2108 3253 2541 3309 demonstratum
2578 3250 2670 3315 sit,
2706 3250 2921 3304 illorum
2956 3264 3127 3318 genus
3162 3246 3365 3302 fmdum
3395 3246 3500 3302 im-

1922 3346 2295 3416 mundumque
2317 3363 2460 3412 esse,
2485 3362 2553 3402 ex
2592 3361 2658 3401 eo
2686 3342 2832 3415 quod
2861 3343 3118 3399 obscenis
3158 3356 3224 3396 ac
3252 3338 3495 3403 lascivis,

1920 3437 2083 3521 20.5.
2112 3454 2233 3513 qua:
2271 3439 2340 3495 de
2372 3439 2508 3510 ipsis
2530 3438 2795 3501 ferantur,
2832 3436 3062 3493 canticis
3088 3434 3325 3508 gaudere
3366 3446 3499 3487 con-

1922 3534 2235 3601 sueverint;
2264 3534 2392 3589 item
2432 3533 2649 3605 hymnis
2696 3547 2760 3588 ac
2790 3531 3054 3586 fabulosis
3091 3528 3500 3583 narrationibus

1922 3627 2277 3698 historiisque
2315 3626 2627 3682 inhonestis
2675 3638 2740 3680 ac
2784 3623 3130 3695 perniciosis,
3180 3635 3320 3694 quas
3348 3620 3497 3691 quod

1919 3729 2110 3776 contra
2143 3702 2353 3790 seipsos
2398 3727 2548 3773 ratas
2578 3715 2888 3781 habuerint,
2933 3726 2986 3770 et
3032 3724 3289 3783 tanquam
3336 3727 3497 3767 veras

1921 3812 2419 3885 comprobaverint,
2450 3812 2565 3883 jam
2594 3812 2754 3883 plane
2773 3807 3048 3879 redarguti
3074 3816 3223 3863 sunt.
3251 3804 3498 3874 Denique

1920 3906 2139 3962 illorum
2182 3905 2378 3963 inertis
2411 3904 2806 3974 imbecillasque
2840 3908 3050 3957 natura:
3089 3898 3387 3953 maximum
3415 3912 3498 3951 ar-

1919 4010 2256 4073 gumentum,
2297 3999 2445 4071 quod
2476 3998 2743 4054 exstincta
2765 3997 2873 4052 sint
2908 3993 3150 4058 oracula,
3179 4005 3356 4063 neque
3382 4005 3500 4044 am-

1921 4095 2065 4166 plius
2091 4101 2154 4149 ut
2197 4092 2328 4149 olim
2360 4092 2757 4163 respondeant;
2792 4096 2847 4145 et
2894 4088 3167 4145 exstincta
3199 4100 3307 4140 non
3360 4083 3496 4139 alias

1920 4204 2085 4261 quam
2115 4189 2217 4245 sub
2243 4188 2538 4244 adventum
2580 4183 2881 4241 Salvatoris
2905 4181 3080 4238 nostri
3108 4179 3238 4235 Jesu
3266 4175 3495 4240 Christi;

1919 4299 1985 4339 ex
2012 4296 2122 4353 quo
2149 4281 2296 4337 enim
2333 4279 2482 4335 illius
2512 4279 2567 4333 in
2609 4291 2801 4334 omnes
2825 4281 3016 4347 gentes
3049 4269 3378 4343 evangelicae
3406 4266 3498 4323 do-

1920 4377 2112 4432 ctrinae
2140 4373 2449 4446 penetravit
2476 4372 2725 4436 verbum,
2756 4384 2824 4425 ex
2851 4368 2942 4423 illo
2975 4366 3104 4421 item
3142 4363 3364 4419 oracula
3406 4360 3497 4414 dc-

1924 4470 2192 4534 fecerunt,
2217 4476 2272 4525 et
2295 4467 2606 4522 daemonum
2631 4471 2857 4517 mortes,
2877 4465 3268 4514 memorantur.
3301 4452 3497 4508 Omnia

246 4564 427 4629 λευον;
449 4563 590 4616 Ποῖα
605 4561 662 4615 δὲ
679 4560 747 4614 τά
771 4556 1017 4630 περὶτῆς
1038 4553 1485 4627 ἀνθρωποθυσίας
1504 4550 1784 4622 νενόμιστο
1799 4564 1814 4612 ;

1922 4563 2085 4633 igitur
2112 4562 2229 4617 hac
2261 4566 2316 4616 et
2345 4554 2762 4615 innumerabilia
2784 4553 2887 4607 alia
2909 4547 3221 4605 hissimilia
3251 4545 3493 4605 fuerunt,

245 4658 535 4728 κεφάλαιον
578 4654 687 4725 γάρ
728 4652 792 4724 δὴ
836 4649 1001 4706 τοῦτο,
1037 4648 1146 4703 τῶν
1178 4645 1500 4719 εἰρημένων.
1535 4640 1817 4716 *Αράντινι

243 4750 528 4822 πράγματι
561 4743 750 4816 φαύλῳ
796 4740 1087 4799 κατέλιπον
1130 4738 1361 4801 ἀτοπίας
1397 4735 1736 4817 ὑπερϐολήν)
1767 4734 1820 4801 εί

243 4806 303 4913 δή
394 4806 659 4910 ’σωτῆρες
686 4806 988 4913 ἀνθρώπων
1015 4830 1126 4886 θεοί
1150 4847 1209 4885 τε
1233 4830 1327 4883 καὶ
1348 4806 1541 4899 ἀγαθοὶ
1566 4806 1821 4900 δαίμονες

240 4933 361 4997 τοὺς
414 4930 605 4994 ἱκέτας
646 4928 824 4992 αὐτῶν
867 4928 962 4981 καὶ
994 4926 1238 4991 εὐσεϐεῖς
1282 4924 1603 4997 πρόσφυγας
1651 4936 1821 4985 κατα-τ

245 5028 498 5097 σφάττειν
554 5023 626 5078 τά
674 5021 882 5077 ἑαυτῶν
929 5016 1455 5091 φίλταταιὼσπερεί
1510 5031 1633 5079 τινα
1682 5012 1833 5081 ἄλλα,

243 5118 553 5191 θρέμματα,
590 5113 1038 5188 παρεκελεύοντο,
1069 5112 1326 5184 ἄντικρυς
1361 5108 1713 5182 ἀνθρωπείων
1739 5108 1827 5173 at:

244 5212 423 5282 μάτων
449 5210 593 5281 ὑπὲρ
619 5209 798 5262 πᾶσαν
830 5205 1033 5278 θηρίων
1059 5204 1219 5275 φύσιν
1240 5203 1519 5274 διψῶντες,
1549 5201 1644 5270 καὶ
1663 5199 1817 5255 οὐδὲν

240 5303 363 5357 ἄλλο
398 5305 433 5376 ἢ
484 5302 791 5374 αἱμοπότας
829 5301 921 5353 καὶ
958 5296 1406 5370 ἀνθρωποϐὁρους
1444 5294 1721 5365 ἀπωλείας
1757 5310 1815 5346 τε

243 5398 423 5467 φίλους
448 5393 591 5459 εἶναι
624 5398 765 5466 σφᾶς
796 5395 993 5458 αὐτοὺς
1012 5391 1421 5461 ἁπελέγχοντες.
1459 5391 1528 5443 Ἢ
1556 5387 1759 5456 λεγέτω
1789 5387 1817 5439 ό

244 5489 586 5562 βουλόμενος,
621 5490 671 5542 εί
715 5488 828 5556 ἔχοι
872 5486 1065 5557 σεμνόν
1097 5502 1150 5537 τι
1181 5485 1275 5538 καί
1309 5484 1507 5556 ἀρετῆς
1538 5481 1686 5546 ἀξιον
1707 5481 1816 5535 τῶν

241 5581 581 5654 δηλουμένων
607 5578 948 5649 ὲπιδεῖξαι,ἢ
981 5576 1237 5649 μαντείας
1266 5577 1363 5630 καὶ
1384 5576 1716 5647 προρρήσεις
1738 5576 1818 5638 εἰς

247 5689 347 5740 πᾶν
373 5687 525 5757 γένος
554 5683 862 5755 ἀνθρώπιον
891 5687 1287 5747 συντεινούσας,
1318 5681 1569 5751 ἢνὸμους
1591 5682 1682 5737 καὶ
1716 5698 1815 5735 πο-⁹

245 5780 446 5846 λιτικάς
467 5779 767 5846 διατάξεις,
791 5778 912 5832 καθ’
938 5777 1031 5844 οὓς
1051 5780 1188 5852 χρῆν
1213 5779 1359 5850 βιοῦν
1386 5762 1590 5844 πάντας
1615 5779 1818 5852 ἀνθρώε

1919 4672 1988 4713 ex
2030 4655 2231 4728 quibus
2277 4649 2552 4717 illos,,de
2599 4647 2801 4720 quibus
2844 4659 2991 4699 nunc
3043 4642 3275 4713 agimus,
3321 4637 3496 4693 malos

1919 4763 2040 4805 esse
2069 4746 2343 4802 daemones
2363 4740 2683 4814 Evangelica
2716 4736 3047 4807 Prwparatio
3076 4729 3491 4790 demonstravit.

1919 4839 2077 4907 Quod
2111 4839 2156 4894 si
2192 4838 2337 4894 tales
2379 4836 2503 4892 illos
2531 4850 2655 4891 esse
2687 4832 2799 4904 jam
2832 4836 3068 4896 constat,
3094 4842 3216 4900 quae
3235 4825 3378 4881 ratio
3401 4840 3497 4878 un-

1919 4948 2084 5003 quam
2114 4928 2403 4997 obtinebit,
2443 4936 2513 4985 ut
2528 4927 2769 4998 supremi
2805 4924 2899 4981 Dei
2932 4923 3055 4978 illas
3084 4922 3255 4978 fuisse
3283 4919 3498 4974 divina-

1921 5028 2095 5083 tiones
2121 5039 2464 5087 censeamus,
2496 5038 2618 5094 qua:
2657 5021 2963 5076 daemonum
2995 5024 3173 5074 sortes
3200 5013 3495 5087 perhiben-

1916 5137 2028 5192 tur,
2055 5131 2150 5183 aut
2175 5138 2296 5194 quae
2323 5120 2392 5176 de
2425 5118 2533 5175 illis
2563 5117 2838 5179 feruntur,
2864 5112 2959 5168 Dei
2982 5112 3373 5184 prophetarum
3404 5124 3499 5164 va—

1916 5216 2124 5271 ticiniis
2150 5228 2274 5271 esse
2301 5206 2712 5280 comparanda?
2735 5205 3017 5261 Caeterum
3052 5199 3241 5272 quanti
3274 5197 3495 5254 tandem

1920 5310 2136 5367 illorum
2176 5303 2558 5376 praedictiones
2616 5297 2898 5362 faciendae,
2955 5309 3111 5364 quas,
3162 5306 3289 5346 cum
3350 5297 3498 5345 stare

1917 5404 2260 5463 videbantur,
2296 5394 2704 5455 sciscitantibus
2736 5389 3177 5463 respondebant?
3204 5385 3397 5440 Nonne
3429 5384 3497 5440 de

1919 5496 2222 5552 inhonestis
2260 5502 2424 5565 atque
2460 5490 2759 5546 humilibus
2799 5496 2854 5543 et
2895 5485 3099 5541 nullius
3145 5483 3307 5554 pretii
3337 5481 3492 5543 vinis,

1918 5589 2214 5661 pugilibus,
2265 5586 2499 5657 exempli
2534 5585 2743 5655 gratia,
2786 5589 2880 5635 aut
2931 5578 3054 5634 aliis
3096 5577 3299 5632 talibus
3340 5573 3494 5630 reddi

1920 5683 2111 5740 solitas
2144 5680 2417 5741 novimus,
2455 5693 2596 5749 quos
2639 5674 2857 5747 quidem
2903 5671 3155 5728 homines
3204 5665 3494 5726 sacrificiis

1919 5777 2198 5835 honestari
2229 5773 2530 5846 iubebant?
2559 5770 2752 5838 Qualia
2784 5783 2951 5840 porro
2977 5780 3100 5839 quae
3128 5764 3197 5820 de
3241 5758 3495 5818 humanis
