3880 6256
378 306 484 378 539

962 316 1233 372 EUSEBII
1272 314 1757 371 ΟΕΞΑΒΙΕΝΒΙΒ
1794 315 1946 371 ΟΡΡ.

2068 314 2183 371 RS.
2224 314 2287 369 ll.
2330 346 2399 355 -—
2434 312 2932 377 APOLOGETICA.

3536 319 3635 376 540

380 438 617 495 victimis
657 437 928 501 feruntur,
963 434 1277 491 censenda?
1297 434 1473 505 Caput
1514 436 1658 490 enim
1692 435 1795 491 hoc
1839 426 1958 490 om-

2068 452 2224 497 πους,
2267 433 2709 505 διαγορευούσας,
2750 433 2785 502 ἦ
2823 430 3139 501 φιλοσοφίας
3170 432 3416 502 δόγματά
3444 448 3506 486 τε
3546 434 3636 488 καὶ

382 532 531 586 nium
580 546 769 585 eorum
810 543 932 599 qua:
979 528 1127 583 dicta
1158 537 1323 583 sunt:
1357 544 1488 583 num
1538 528 1705 599 igitur
1745 530 1864 582 ulla.
1899 544 1960 583 re

384 636 552 692 prava
590 622 772 675 locum
818 634 972 675 nova:
1013 619 1340 694 absurdittﬁi
1386 618 1771 689 reliquerunt?
1802 616 1959 684 Quod

381 713 430 767 si
455 712 544 767 isti
571 712 849 764 hominum
876 716 1316 773 conservatores,
1344 717 1397 764 et
1420 708 1495 762 dii
1517 718 1571 762 et
1600 707 1727 761 boni
1760 706 1961 760 daemo-

381 819 503 868 nes,
543 803 634 873 qui
674 802 742 856 ad
772 817 832 856 se
860 801 1181 872 suppliciter
1208 810 1262 855 et
1291 815 1415 859 cum
1446 800 1647 869 pietate
1675 782 1972 868 confugie:

382 902 534 959 nant,
569 908 664 949 eos
713 909 1055 964 quaecunque
1102 892 1424 948 charissima
1477 891 1761 954 haberent,
1805 892 1963 961 quasi

382 987 609 1056 reliquis
646 985 848 1041 similia
881 1000 1080 1056 pecora
1124 994 1364 1040 mactare
1409 985 1769 1054 imperabant,
1800 985 1961 1053 plana

380 1078 528 1149 quod
558 1078 781 1133 humari
824 1079 1110 1148 sanguinis
1164 1093 1327 1148 supra
1360 1093 1573 1132 omnem
1605 1078 1831 1132 ferinam
1864 1092 1962 1130 na-

382 1183 563 1227 turam
598 1172 885 1237 sitibundi,
911 1186 1089 1242 neque
1120 1171 1414 1241 quidquam
1440 1170 1586 1224 aliud
1619 1185 1781 1240 quam
1806 1176 1963 1239 poto-

379 1280 471 1321 res
505 1264 790 1334 sanguinis
822 1270 878 1318 et
918 1262 1269 1319 devoratores
1300 1263 1580 1319 hominum
1613 1264 1965 1333 perditionis-

383 1369 491 1425 que
524 1353 686 1407 amici
731 1360 937 1414 essent,
979 1352 1198 1422 ipsimet
1245 1351 1602 1407 declarabant
1636 1367 1650 1403 :
1682 1360 1776 1406 aut
1817 1352 1965 1406 dicat

382 1445 516 1499 mihi
546 1459 679 1500 sane
706 1444 909 1514 quivis,
941 1459 1072 1498 num
1103 1443 1171 1498 de
1207 1443 1319 1498 illis
1350 1444 1525 1514 possit
1553 1444 1768 1500 honesti
1799 1443 1962 1514 quid-

384 1541 554 1607 piam,
579 1542 675 1591 aut
707 1534 855 1605 quod
882 1549 1008 1590 cum
1041 1535 1242 1589 virtute
1264 1537 1619 1605 conjunctum
1652 1538 1745 1602 sit,
1778 1544 1966 1593 osten-

381 1630 555 1685 dere:
596 1634 691 1682 aut
735 1625 1132 1691 divinationes,
1186 1642 1250 1683 ac
1294 1628 1696 1699 praedictiones,
1734 1646 1854 1700 quae
1894 1631 1963 1685 ad

383 1735 546 1776 omne
594 1719 877 1775 hominum
920 1734 1098 1789 genus,
1129 1721 1537 1790 spectaverint:
1569 1730 1664 1775 aut
1686 1723 1854 1792 leges,
1878 1724 1964 1777 in—

2068 525 2362 596 μαθήματα
2384 526 2519 597 πρὸς
2535 525 2643 578 τῶν
2663 525 2799 578 θεῶν
2821 522 3093 594 προϐεϐλη
3101 523 3236 593 μένα
3258 526 3369 595 τοῖς
3384 525 3636 595 ἐρασταῖς

2064 618 2398 687 φιλοσοφίας,
2418 616 2555 677 Ἀλλ’
2572 617 2671 670 οὐκ
2688 616 2752 671 ἂν
2769 616 2878 686 ἔχοι
2893 632 2976 679 τις
2993 616 3155 684 φάναι
3165 616 3402 669 τοιοῦτον
3421 615 3636 670 πώποτε

2063 707 2341 779 ὑπῆρχθαι
2365 707 2444 778 τῷ
2470 708 2569 778 βίῳ
2595 709 2658 761 ἐκ
2679 708 2785 762 τῶν
2834 707 3171 780 περιϐοήτων
3191 706 3561 778 χρηστηρίων.
3577 707 3637 760 Εἰ

2064 798 2172 871 γὰρ
2190 795 2257 870 ἦν
2276 799 2469 863 ταῦτα,
2494 801 2593 854 οὐκ
2630 799 2694 853 ἂν
2729 799 3005 869 διαφόροις
3030 799 3328 880 ἐχρήσαντο
3352 799 3447 852 καὶ
3473 814 3635 868 μαχο-

2067 892 2247 962 μένοις
2262 891 2445 961 νόμοις
2471 890 2567 955 ἄνθ
2577 907 2745 961 ρωποι
2762 890 2867 943 ὑπὸ
2888 889 3026 943 θεῶν
3044 888 3510 961 νομοθετούμενοι·
3532 889 3638 941 θεοὶ

2064 983 2173 1055 γὰρ
2188 984 2337 1047 ὄντες
2352 985 2445 1037 καὶ
2464 984 2675 1052 ἀγαθοὶ,
2694 982 2809 1047 πῶς
2824 983 2923 1036 οὐκ
2940 984 3003 1036 ἂν
3015 986 3128 1046 τοῖς
3143 983 3324 1047 αὐτοῖς
3342 983 3637 1054 ἐχρήσαντο

2063 1076 2426 1146 διατάγμασι;
2461 1076 2577 1138 πῶς
2601 1076 2645 1129 δ’
2669 1076 2788 1146 οὐχὶ
2811 1078 2932 1138 ταῖς
2961 1073 3202 1146 σώφροσι
3241 1076 3334 1129 καὶ
3369 1074 3636 1129 δικαιοτά-

2062 1186 2185 1234 ταις
2239 1168 2613 1240 νομοθεσίαις;
2662 1170 2757 1233 Τίς
2789 1165 2880 1222 οὖν
2914 1167 3007 1222 τοῦ
3042 1168 3296 1234 Σόλωνος,
3333 1167 3365 1239 ἢ
3402 1168 3635 1238 Δράκον-

2063 1280 2194 1328 τος,
2239 1264 2273 1335 ἦ
2312 1262 2421 1317 τῶν
2462 1262 2635 1317 ἄλλων
2668 1261 2971 1332 ἀνθρώπων
3010 1261 3234 1334 Ἕλλησί
3286 1280 3345 1315 τε
3381 1264 3479 1317 καί
3511 1262 3637 1335 βαρ-

2059 1353 2253 1427 ϐάροις
2296 1354 2597 1426 νομοθετῶν
2632 1355 2789 1427 χρεία
2823 1352 2921 1428 ἧν,
2962 1356 3099 1411 θεῶν
3138 1357 3304 1424 ἐγγὺς
3337 1355 3634 1427 παρόντων,

2069 1451 2164 1504 καὶ⁸
2188 1449 2274 1502 διὰ
2294 1449 2404 1502 τῶν
2431 1451 2691 1522 χρησμῶν
2722 1452 3151 1523 διαταττομένων
3165 1451 3234 1505 τὰ
3258 1451 3447 1505 δέοντα
3466 1468 3480 1517 ;
3500 1452 3561 1504 Εἰ
3583 1451 3636 1504 δὲ

2064 1543 2129 1614 δὴ
2146 1543 2278 1614 φαίη
2304 1560 2386 1606 τις
2404 1543 2600 1606 αὐτοὺς
2624 1544 2719 1598 καὶ
2740 1545 2846 1598 οὐδ’
2884 1544 2960 1616 (1)
2984 1545 3175 1609 ἀλλους
3197 1539 3337 1597 εἶναι
3368 1543 3498 1606 τοὺς
3523 1542 3635 1596 καθ’

2066 1638 2298 1691 ἕκαστον
2325 1636 2474 1700 ἔθνος
2496 1636 2798 1710 ἀνθρώπων
2829 1637 3274 1709 νομοθετοῦντας,
3298 1627 3394 1691 καὶ
3426 1637 3510 1701 τίς
3536 1633 3639 1709 ἆρα

2068 1732 2274 1795 ἐκεῖνος
2306 1734 2399 1785 καὶ
2434 1733 2697 1796 ποταπὸς,
2719 1733 2944 1797 εἰπάτω,
2973 1732 3112 1797 θεὸς,
3146 1735 3174 1786 ὁ
3197 1732 3454 1796 Σύθαις,
3490 1731 3636 1802 φέρε,

383 1813 807 1883 stitutionesque
827 1811 1036 1878 civiles,
1078 1829 1199 1883 qua:
1228 1828 1337 1882 quo
1372 1813 1536 1868 modo
1565 1828 1756 1870 omnes
1789 1814 1967 1869 homi-

2068 1821 2505 1892 ἀνθρωποϐορεῖν
2543 1821 2952 1892 διαταξάμενος,
2987 1823 3019 1894 ἢ
3055 1825 3082 1875 ό
3129 1822 3401 1895 μητράσιν
3442 1822 3637 1894 ἐτέροις

382 1921 484 1963 nes
510 1907 694 1960 vivere
726 1912 996 1976 Oporteat,
1034 1906 1436 1983 praceperint:
1473 1914 1567 1959 aut
1608 1904 1966 1975 philOSOphize

383 2000 604 2054 decreta
650 2013 714 2055 ac
746 1998 1088 2069 disciplinas,
1130 2013 1254 2068 qua:
1300 1998 1661 2068 philosophia:
1703 1999 1966 2053 amatori-

384 2092 490 2145 bus
527 2091 597 2145 ab
626 2090 761 2160 ipsis
789 2090 897 2146 diis
928 2106 1169 2161 unquam
1214 2091 1493 2160 proposita
1527 2088 1733 2145 fuerint
1767 2108 1780 2143 :
1815 2090 1967 2159 atqui

383 2199 546 2239 nemo
599 2191 684 2241 est
723 2183 817 2254 qui
862 2182 1034 2253 possit
1054 2178 1324 2237 afﬁrmare
1365 2183 1474 2239 tale
1524 2197 1765 2254 unquam
1803 2182 1966 2252 quid—

382 2291 556 2346 quam
589 2276 672 2331 vel
718 2276 1202 2333 celeberrimorum
1262 2277 1609 2333 oraculorum
1662 2275 1963 2340 beneﬁcio,

382 2367 544 2439 305
569 2368 696 2425 vita;
719 2367 1003 2423 hominum
1038 2367 1378 2438 contigisse;
1414 2383 1544 2429 nam
1578 2370 1623 2424 si
1665 2367 1797 2421 talia
1824 2365 1964 2422 fuis-

384 2470 528 2526 sent,
559 2475 840 2530 nunquam
873 2459 1142 2525 homines,
1168 2461 1368 2529 quibus
1388 2475 1418 2514 a
1446 2459 1552 2516 diis
1579 2460 1727 2531 leges
1750 2458 1969 2514 tradita:

384 2559 534 2615 sunt,
580 2550 813 2609 diversis
854 2551 938 2607 usi
969 2560 1156 2607 essent
1189 2559 1355 2622 atque
1388 2552 1531 2606 inter
1578 2566 1639 2607 se
1673 2551 1967 2621 pugnanti-

383 2644 489 2721 bus
536 2644 750 2714 legibus
781 2663 794 2698 :
829 2658 957 2721 nam,
1001 2643 1096 2713 qui
1144 2643 1220 2697 dii
1249 2651 1435 2699 essent
1467 2652 1525 2699 et
1567 2643 1644 2698 dii
1690 2643 1839 2707 boni,
1872 2643 1966 2713 qui

384 2720 499 2793 ﬁeri
533 2743 719 2808 posset
759 2744 816 2789 ut
849 2720 959 2790 nonI
990 2736 1163 2807 aequis
1192 2736 1960 2801 institutionibus,uterentur,

383 2842 555 2897 quare
597 2835 777 2881 autem
826 2841 938 2881 non
984 2827 1404 2884 modestissimis
1443 2843 1508 2882 ac
1539 2827 1864 2896 justissimis
1890 2828 1969 2883 le-

385 2918 588 2989 gibus?
637 2917 773 2993 Quis
823 2933 955 2990 ergo
1009 2928 1103 2973 aut
1144 2917 1382 2983 Solonis,
1417 2927 1513 2977 aut
1551 2918 1842 2985 Draconis,
1876 2927 1970 2975 aut

385 3009 614 3065 aliorum
655 3007 747 3078 qui
787 3008 872 3062 vel
914 3006 1119 3064 Graecis
1154 3009 1240 3063 vel
1275 3008 1527 3065 barbaris
1578 3011 1727 3081 leges
1762 2997 1973 3066 descri-

386 3102 616 3172 pserint,
647 3118 783 3158 usus
817 3101 1033 3169 fuisset,
1073 3118 1198 3158 cum
1232 3103 1288 3157 in
1326 3103 1575 3173 proximo
1604 3104 1857 3160 adessent
1888 3103 1965 3159 dii

384 3194 480 3249 qui
508 3195 750 3250 oraculis
777 3203 1002 3264 possent
1036 3211 1161 3267 quae
1202 3195 1431 3251 honesta
1460 3204 1515 3250 et
1544 3197 1856 3252 necessaria
1881 3197 1965 3252 vi-

384 3296 600 3357 derent,
645 3289 981 3361 precipere?
1020 3288 1181 3356 Quod
1217 3289 1264 3345 si
1296 3289 1422 3360 quis
1468 3288 1615 3343 dicat
1654 3289 1816 3359 plane
1842 3289 1965 3345 illos

386 3384 536 3457 ipsos
577 3396 687 3436 non
722 3381 859 3436 alios
885 3380 1076 3448 fuisse,
1106 3382 1200 3452 qui
1240 3397 1338 3452 per
1364 3382 1612 3452 singulas
1649 3389 1839 3452 gentes
1866 3382 1968 3436 ho-

385 3473 624 3535 minibus
652 3473 801 3544 leges
826 3473 1094 3541 dederint,
1118 3474 1263 3529 dicat
1305 3474 1492 3539 etiam,
1534 3488 1742 3544 quaeso,
1775 3474 1968 3544 ecquis

386 3568 477 3631 ille
506 3578 599 3631 aut
623 3568 933 3638 cuiusmodi
963 3567 1130 3623 fuerit
1147 3567 1312 3636 deus,
1332 3570 1424 3639 qui
1451 3565 1707 3640 Scythas,
1732 3566 1966 3637 exempli

384 3660 583 3731 gratia,
601 3660 864 3715 devorare
892 3659 1149 3727 homines
1183 3659 1455 3722 docuerit,
1492 3666 1585 3717 aut
1618 3660 1710 3731 qui
1740 3660 1969 3714 nonnul-

386 3754 455 3808 lis
484 3754 646 3825 leges,
662 3753 893 3819 dederit,
948 3761 1009 3806 ut
1033 3752 1304 3809 matribus
1334 3767 1398 3808 ac
1427 3752 1644 3811 ﬁliabus
1670 3752 1967 3821 misceren-

384 3856 496 3916 tur,
527 3857 622 3911 aut
657 3848 752 3918 qui
790 3863 886 3903 eos
918 3849 1009 3919 qui
1051 3849 1489 3912 consenuissent,
1537 3847 1767 3903 canibus
1798 3847 1970 3918 proji—

386 3958 531 4011 cere,
561 3942 720 4012 quasi
754 3957 869 3997 rem
904 3942 1101 3996 bonam
1142 3941 1512 4011 imperaverit,
1546 3950 1640 3995 aut
1671 3941 1763 4011 qui
1808 3956 1966 3996 soro-

388 4049 477 4089 res
529 4033 732 4088 habere
779 4032 835 4086 in
880 4032 1233 4093 matrimonio
1280 4032 1616 4103 permiserit,
1660 4038 1754 4086 aut
1786 4047 1969 4093 mares

385 4125 633 4189 maribus
661 4124 1031 4192 commisceri.
1062 4122 1128 4179 Et
1149 4124 1278 4195 quid
1307 4140 1393 4183 me
1432 4133 1669 4197 Oportet,
1698 4126 1970 4180 narratio--

387 4233 501 4276 nes.
522 4233 553 4271 a
592 4217 807 4289 legibus
843 4224 899 4273 et
938 4219 1086 4271 omni
1121 4218 1246 4288 jure
1278 4218 1497 4281 alienas.
1531 4219 1599 4274 de
1633 4218 1705 4274 iis
1729 4234 1851 4288 quae
1878 4226 1970 4281 aut

387 4307 532 4383 apud
555 4305 794 4375 Graecos,
826 4315 921 4362 aut
941 4307 1085 4379 apud
1118 4292 1385 4364 barbaros
1413 4308 1978 4381 fierentgnumerare,

386 4407 448 4453 ut
473 4406 727 4463 auctores
752 4401 877 4464 illos
901 4400 1250 4465 oraculorum
1280 4402 1583 4467 mirabiles,
1611 4402 1753 4473 apud
1784 4412 1964 4459 utros-

2069 1913 2164 1970 καὶ
2189 1913 2493 1984 θυγατράσι
2531 1914 2820 1984 μίγνυσθαι
2847 1912 3235 1984 νομοθετήσας,
3271 1913 3303 1984 ἢ
3332 1916 3361 1966 ό
3394 1915 3521 1966 κυσὶ
3542 1930 3637 1965 πα-

2072 2004 2357 2076 ραϐάλλειν
2402 2006 2529 2067 τοὺς
2567 2005 2964 2077 γεγηρακότας,
3021 2005 3096 2068 ὡς
3142 2004 3364 2072 ἀγαθὸν,
3401 2002 3636 2056 διατετα-

2066 2099 2284 2168 γμένος,
2323 2097 2357 2168 ἢ
2393 2100 2422 2151 ό
2460 2096 2753 2169 ἐπιτρέψας
2784 2096 3019 2166 ἀδελφὰς
3053 2100 3248 2167 γαμεῖν
3291 2097 3387 2149 καὶ
3412 2096 3636 2167 ἄρρενας

2066 2191 2291 2262 ἄρρεσιν
2325 2190 2741 2260 ἐπιμίγνυσθαι;
2765 2192 2877 2244 Καὶ
2908 2191 2961 2243 τί
2997 2207 3062 2261 με
3084 2190 3164 2242 δεῖ
3185 2190 3312 2253 τοὺς
3341 2189 3635 2259 ἐκθέσμους

2065 2282 2174 2336 τῶν
2213 2284 2343 2354 παρ’
2371 2282 2595 2354 Ἕλλησι
2632 2284 2725 2343 καὶ
2760 2283 3055 2356 βαρϐάροις
3088 2282 3278 2351 λόγους
3310 2283 3635 2353 ἀπαριθμεῖν

2066 2376 2147 2438 είς
2179 2374 2397 2445 ἔλεγχον
2416 2372 2511 2427 τοῦ
2549 2375 2620 2445 μὴ
2648 2374 2805 2438 θεοὺς
2828 2374 3129 2443 γεγονέναι,
3160 2376 3432 2447 πονηροὺς
3463 2373 3516 2427 δὲ
3548 2375 3638 2429 καὶ

2068 2468 2379 2538 ἀλιτηρίους
2431 2465 2713 2537 δαίμονας,
2760 2471 2886 2529 τοὺς
2929 2465 3273 2538 θαυμαστοὺς
3305 2466 3486 2521 αὐτῶν
3511 2483 3641 2538 χρηο

2071 2558 2352 2631 σμοδότας,
2389 2559 2481 2611 ἐπὶ
2531 2557 2602 2611 τὰ
2643 2558 2796 2630 παρά
2828 2558 2988 2628 φύσιν
3037 2561 3364 2631 ἀτοπήματα
3399 2560 3461 2613 τὸ
3497 2577 3639 2631 τρισ-

2067 2651 2250 2706 άθλιον
2283 2644 2412 2705 τῶν“
2438 2650 2737 2722 ἀνθρώπων
2770 2651 2923 2720 γένος
2955 2650 3465 2723 καταϐεϐληκότας;
3495 2650 3636 2706 ὁπότ’

2070 2740 2178 2794 οὐδ’
2221 2743 2269 2794 οἱ
2329 2744 2460 2813 παρ’
2502 2741 2724 2813 Ἕλλησι
2773 2741 3090 2814 βεϐοημένοι
3138 2739 3250 2794 θεολ.
3294 2743 3392 2795 καὶ
3429 2742 3637 2819 μάντεις

2067 2834 2388 2907 ὀνησιφόρον
2420 2853 2473 2889 τι
2506 2837 2601 2890 καὶ
2626 2837 2899 2900 λυσιτελὲς
2932 2839 3010 2902 εἰς
3035 2838 3213 2908 ψυχῆς
3245 2836 3512 2905 ὠφέλειαν
3535 2836 3638 2898 τοῖς

2070 2927 2371 2998 χρωμένοις
2412 2929 2822 2982 ἀποδείκνυνται
2862 2931 3284 3002 παρεσχημένοι,
3317 2930 3383 2982 Τί
3419 2928 3527 3000 γὰρ
3548 2928 3635 2999 δή-

2072 3037 2201 3073 ποτε
2257 3021 2649 3086 καταλιπόντες
2695 3023 2883 3094 ἄνδρες
2918 3023 3175 3095 Ἕλληνες
3219 3021 3315 3094 τὴν
3367 3021 3432 3088 ἐξ
3470 3020 3639 3075 αὐτῶν

2069 3112 2358 3182 ὠφέλειαν,
2398 3115 2492 3168 ἐπὶ
2532 3115 2630 3187 τὴν
2670 3115 2942 3188 βάρϐαρον
2977 3116 3284 3181 ἐστέλλοντο
3322 3116 3450 3186 γῆν,
3479 3118 3639 3186 ἐμπο-

2074 3204 2195 3274 ρίαν
2238 3204 2577 3277 μαθημάτων
2610 3204 2807 3272 ἕξωθέν
2848 3205 3010 3259 ποθεν
3045 3203 3440 3277 ἐρανιζόμενοι,
3477 3203 3638 3275 παρὸν

2067 3296 2405 3362 διδασκάλοις
2429 3301 2543 3364 τοῖς
2564 3299 2706 3363 θεοῖς
2737 3299 3001 3372 χρῆσθαι;
3031 3298 3179 3352 Θεῶν
3213 3297 3321 3370 γὰρ
3356 3298 3392 3369 ἢ
3420 3297 3513 3351 καὶ
3529 3296 3636 3349 δαι-

2071 3391 2245 3462 μόνων
2269 3391 2488 3461 ἀγαθῶν
2521 3392 2986 3465 χρηματιζόντων,
3013 3393 3108 3445 καὶ
3140 3390 3269 3445 τοτὲ
3306 3390 3407 3461 μὲν
3431 3388 3516 3442 διά
3547 3387 3636 3458 τῆς

2068 3485 2429 3560 προγνώσεως
2466 3487 2560 3539 καὶ
2597 3485 2697 3556 τῆς
2745 3484 2911 3556 ἄλλης
2947 3482 3402 3555 παραδοξοποιίας
3438 3481 3532 3554 τὴν
3562 3480 3636 3534 οι·

2066 3583 2219 3636 κείαν
2255 3581 2481 3650 δύναμιν
2521 3577 2991 3648 παραφαινὼτων,
3028 3576 3149 3628 τοτὲ
3173 3575 3229 3629 δὲ
3247 3575 3339 3628 διὰ
3370 3577 3470 3647 τῆς
3491 3576 3635 3629 ἀδια-

2068 3671 2278 3727 πτώτου
2311 3670 2419 3724 τῶν
2459 3669 2794 3741 μαθημάτων
2834 3666 3088 3740 ἀληθείας
3120 3668 3217 3738 τὴν
3242 3666 3417 3737 ἀληθῆ
3454 3666 3634 3734 σοφίαν

2067 3762 2511 3824 ἐκδιδασκόντων,
2547 3760 2600 3814 τί
2630 3761 2747 3813 ποτ’
2776 3755 2844 3831 ἦν
2876 3760 2983 3831 ἄρα
3008 3758 3069 3811 τὸ
3112 3758 3185 3830 μὴ
3216 3756 3427 3821 τούτοις
3467 3755 3633 3828 μαθη-

2065 3855 2325 3926 τευθῆναι
2361 3853 2663 3924 φιλοσόφων
2696 3852 2910 3916 παῖδας,
2946 3851 3120 3907 ἄλλων
3155 3850 3213 3903 δὲ
3252 3850 3347 3903 ἀπ’
3370 3849 3528 3904 ἄλλου
3552 3848 3632 3901 δο-

2068 3946 2292 4018 γμάτων
2324 3946 2484 3999 τινῶν
2510 3943 2748 4009 ἐπινοίας
2774 3942 3163 4016 ποριζομένων,
3198 3946 3261 3997 ἐκ
3294 3942 3397 4014 τῆς
3431 3940 3634 4012 μακρᾶς

2068 4037 2364 4109 διαφωνίας
2409 4036 2658 4101 ποικίλας
2704 4035 2944 4106 αἱρέσεις
2990 4034 3293 4104 φιλοσόφων
3343 4033 3637 4103 συστῆναι;

2082 4127 2220 4181 Ἀλλ’
2266 4129 2316 4181 εἰ
2356 4127 2433 4200 μὴ
2474 4131 2758 4199 προσεῖχον
2785 4127 2968 4190 αὐτοῖς
2998 4127 3049 4178 οἱ
3078 4126 3261 4179 πολλοὶ
3294 4126 3403 4179 τῶν
3441 4123 3637 4197 ἀνθρώ-

2070 4237 2208 4284 πων,
2236 4220 2363 4290 τοὺς
2388 4219 2632 4289 εὐσεϐεῖς
2664 4218 2709 4272 δ’
2727 4214 2818 4273 οὖν
2845 4218 2939 4272 κα)⁴
2982 4217 3122 4281 θεοῖς
3152 4218 3475 4289 προσιόντας
3509 4216 3637 4290 χρῆν

2068 4312 2242 4383 δήπου
2275 4311 2336 4364 τὸ
2367 4309 2700 4381 ἀδιάπτωτον
2738 4312 2813 4381 ἐκ⁴
2831 4310 2931 4385 τῆς
2956 4309 3062 4364 τῶν
3087 4309 3222 4363 θεῶν
3247 4308 3516 4378 ὠφελείας
3543 4323 3634 4361 πε-

2070 4402 2346 4474 πορίσθαι.
2385 4401 2542 4464 Τίνες
2578 4396 2670 4454 οὖν
2703 4394 2882 4466 abitat;
2927 4399 3020 4463 οὓς
3045 4399 3153 4471 γὰρ
3178 4399 3242 4453 ἂν
3274 4402 3400 4470 φῇς,
3425 4398 3635 4459 τούτους

388 4505 496 4559 que
541 4505 654 4545 non
693 4491 847 4557 deos,
901 4491 995 4547 sed
1027 4506 1319 4563 pravosac
1358 4492 1654 4548 sceleratos
1694 4493 1967 4562 daemones

2073 4494 2431 4565 ἀπελέγχουσι
2474 4491 2858 4563 πλανωμένους
2898 4493 2948 4544 οἱ
3000 4491 3447 4558 ἀντιδοξάζοντες.
3487 4485 3636 4541 Ἀλλά

390 4580 561 4642 fuisse
582 4582 953 4657 demonstrem
971 4584 1003 4653 ?_
1020 4585 1221 4656 quippe
1239 4585 1333 4656 qui
1356 4585 1793 4657 infelicissimum
1824 4604 1972 4642 mor-

386 4672 579 4728 talium
613 4688 808 4746 genus,
843 4673 898 4729 in
928 4675 1300 4737 absurditates
1339 4677 1408 4737 ab
1433 4678 1582 4743 omni
1622 4684 1815 4732 natura
1840 4679 1972 4734 alie-

389 4777 491 4823 nas
522 4764 857 4835 conjecerint
884 4768 1138 4838 :quando
1171 4783 1238 4822 ne
1271 4767 1347 4821 dii
1372 4769 1590 4838 quidem
1621 4770 1698 4823 illi
1723 4778 1777 4826 et
1797 4778 1983 4841 vates,

390 4856 481 4925 qui
516 4856 661 4937 apud
690 4856 913 4919 Graecos
948 4858 1085 4912 fama
1138 4861 1505 4929 celebrantur,
1537 4870 1598 4919 ut
1628 4863 1972 4918 conducibile

389 4949 684 5029 quidquam
717 4958 771 5005 et
797 4967 898 5006 suo
930 4951 1099 5021 pretio
1122 4953 1527 5021 testimandum,
1554 4956 1621 5011 ad
1643 4958 1837 5011 anima:
1865 4956 1971 5011 uti-

390 5042 598 5096 litatem
636 5042 705 5097 iis
754 5043 1102 5107 tradiderint,
1134 5044 1227 5114 qui
1258 5046 1326 5101 ad
1370 5048 1593 5103 oracula
1624 5048 1976 5121 accederent,

390 5132 757 5190 demonstrari
788 5135 1041 5215 possint?
1069 5136 1182 5192 Cur
1214 5140 1359 5203 enim
1390 5156 1626 5215 unquam
1667 5139 1842 5196 Graeci
1869 5141 1970 5195 ho-

389 5227 587 5292 mines,
616 5228 808 5284 relicto
831 5228 1050 5284 illorum
1097 5246 1224 5296 usu,
1263 5232 1550 5296 barbaram
1584 5239 1787 5290 terram
1818 5239 1969 5304 pete-

386 5337 446 5376 rc
485 5320 636 5375 soliti
681 5328 846 5387 sunt,
898 5328 959 5376 ut
1003 5331 1379 5391 mercatorum,
1408 5325 1616 5388 instar,
1651 5325 1983 5395 disciplinas,

388 5412 739 5468 extrinsecus
776 5413 997 5470 aliunde
1025 5416 1431 5485 conquirerent,
1470 5432 1592 5471 cum
1628 5417 1682 5471 in
1722 5419 1973 5487 proximo

386 5514 581 5561 1.5$Cl‘ll
634 5504 708 5560 dii
758 5507 959 5576 quibus
1001 5508 1284 5579 magistris
1338 5509 1668 5569 uterentur?
1722 5507 1779 5562 Si
1826 5510 1969 5563 enim

385 5598 455 5653 «lii
520 5606 614 5654 aut
662 5599 822 5655 etiam
896 5599 1025 5654 boni
1085 5601 1361 5657 daemones
1416 5602 1873 5672 respondissent,
1918 5610 1971 5656 et

387 5689 529 5745 alias
545 5690 763 5758 quidem
790 5691 1220 5748 divinationibus
1246 5694 1476 5763 aliisque
1498 5693 1778 5750 miraculis
1794 5702 1972 5750 osten-

463 5786 537 5857 (1)
587 5785 744 5840 Οὐδ’.
787 5785 951 5840 Forte
982 5787 1102 5838 οὐκ.
1135 5785 1296 5844 Ευιῐ..

2074 4586 2204 4659 γὰρ,
2230 4586 2305 4651 ὡς
2339 4586 2503 4653 ἔοικε,
2534 4585 2803 4656 δαιμόνων
2829 4580 2897 4656 ἦν
2936 4584 3185 4656 μαντεία,
3221 4583 3381 4654 μέχρι
3414 4582 3635 4636 κλέπτου

2077 4680 2286 4751 φωρᾶςν
2316 4678 2349 4749 ἢ
2395 4676 2623 4741 σκεύους
2647 4676 2940 4741 ἀπωλείας,
2991 4678 3195 4753 ήτινος
3219 4675 3375 4730 ἄλλου
3407 4672 3634 4727 τοιούτου

2075 4770 2364 4841 φθάνοντα,
2385 4764 2459 4823 ὧν
2491 4771 2591 4842 οὐκ
2623 4769 2847 4832 ἀπεικὸς
2876 4764 2943 4839 ἦν
2964 4768 3179 4833 αὐτοὺς,
3212 4768 3268 4823 ἐν
3299 4766 3376 4839 τῷ
3401 4766 3525 4836 περὶ
3541 4762 3636 4832 γῆν

2074 4862 2197 4934 ἀέρι
2229 4861 2328 4926 τὰς
2357 4860 2645 4937 διατριϐὰς.
2665 4859 3041 4939 ποιουμένους,
3074 4860 3171 4931 τὴν
3194 4859 3394 4933 εἴδησιν
3416 4851 3635 4926 ἐσχηκέ-

2073 4973 2193 5009 ναι’
2236 4953 2398 5009 καλοῦ
2431 4955 2489 5008 δὲ
2538 4954 2631 5007 καὶ
2677 4951 2839 5025 σοφοῦ
2886 4944 3109 5023 μηδενὸς
3161 4949 3460 5025 ἐπηϐόλους
3508 4944 3635 4999 εἶναι

2072 5049 2339 5119 δόγματος
2386 5046 2695 5117 φιλοσόφου,
2755 5045 2829 5116 μὴ
2859 5044 3148 5109 πολιτείας,
3196 5043 3269 5114 μὴ
3303 5042 3462 5115 νόμου
3502 5034 3636 5108 ὀρθῷ

2073 5140 2215 5213 λόγῳ
2234 5140 2486 5211 κειμένου
2506 5156 2518 5168 ·
2545 5136 2743 5209 μᾶλλον
2769 5136 2846 5203 δὲ,
2869 5138 2917 5189 εί
2944 5136 3048 5208 χρὴ
3076 5134 3334 5206 ἐλευθέρᾳ
3365 5133 3511 5203 φωνῇ
3541 5129 3629 5181 τά-

2072 5233 2234 5305 ληθὲς
2267 5234 2473 5307 εἰπεῖν,
2497 5231 2717 5294 τούτους
2749 5230 2992 5294 ἅπαντας
3016 5229 3356 5301 ἀρχεκάκους
3392 5221 3626 5307 ἡγεῖσθαι

2072 5327 2208 5398 χρῆν
2229 5324 2508 5394 γεγονέναι
2526 5340 2540 5353 ο
2563 5324 2617 5397 οἱ,
2645 5323 2709 5395 δὴ
2739 5322 2867 5394 περὶ
2890 5320 3038 5391 σφῶν
3066 5319 3261 5383 αὐτῶν,
3290 5318 3526 5391 μοιχείας
3545 5311 3631 5367 καὶ

2072 5413 2473 5490 ἀρῤενομιξίας,
2531 5412 2911 5485 μητρογαμίας
2962 5427 3043 5475 τε,
3086 5408 3181 5462 καὶ
3221 5405 3456 5475 ἀδελφῶν
3486 5400 3632 5456 ἐκθέ-

2075 5528 2244 5584 σμους
2275 5507 2575 5573 κοινωνίας,
2601 5506 2694 5573 καὶ
2720 5493 2918 5576 μυρίας
2936 5502 3096 5566 ἄλλας
3124 5500 3431 5572 θεομαχίας,
3448 5493 3634 5566 ἔχθρας

2072 5622 2130 5657 τε
2188 5606 2280 5657 καὶ
2334 5600 2602 5675 πολέμους
2658 5599 2795 5653 θεῶν
2844 5597 2980 5669 πρὸς
3031 5594 3205 5658 θεοὺς,
3248 5589 3539 5662 ἀνθρώπων
3576 5600 3631 5635 τε

2073 5695 2237 5769 ᾠδαῖς
2288 5697 2380 5749 καὶ
2430 5693 2619 5766 ὕμνοις
2663 5693 2755 5746 καὶ
2797 5690 3112 5772 διηγήμασι,
3151 5684 3457 5759 μυστηρίων
3489 5695 3544 5731 τε
3578 5677 3630 5727 ἐν
