3880 6256
272 335 368 394 ιιι

1193 342 1841 402 DEMONSTRATIOMS
1878 340 2329 398 EVANGELlCIE
2369 340 2495 398 LIB.
2533 342 2598 400 ν.

3438 350 3544 406 3H

284 460 625 533 ἀπορρήτοις
689 466 939 531 τελεταῖς
989 467 1247 538 λεγόντων
1302 466 1655 538 ἀκροώμενοι.
1700 466 1873 529 Οὐδεὶς

1985 466 2194 522 dissent
2234 466 2342 520 vim
2379 480 2564 532 suam,
2606 464 2741 520 alias
2773 479 2905 521 vero
2928 481 2995 522 ex
3028 466 3301 524 constanti
3351 473 3404 522 et
3449 485 3547 525 ne-

293 553 413 624 γοῦν
449 554 642 607 αὐτῶν
670 558 899 612 πώποτε
925 559 1014 611 ἐπὶ
1039 561 1151 621 τοῖς
1181 558 1506 630 εἰρημένοις,
1540 557 1615 620 ὡς
1640 557 1724 610 ἐπ’
1753 559 1879 610 ἀκο-

300 647 531 710 λάστοις,
586 651 691 702 καὶ
751 650 884 721 μηδὲ
932 649 1201 722 σώφροσιν
1249 648 1552 720 ἀνθρώποις
1583 647 1877 719 ἅρμόζουσι

306 737 513 809 φρονεῖν
546 738 585 808 ἢ
617 738 806 807 λέγειν
838 740 905 793 τὰ
929 739 1167 803 τοιαῦτα,
1202 740 1585 809 ἀγανακτήσας
1613 738 1873 807 φαίνεται.

306 832 406 884 Καὶ
436 831 489 883 τί
520 848 589 902 με
621 833 734 904 χρὴ
762 832 1135 897 διατείνεσθαι,
1170 833 1342 904 παρὸν
1367 832 1425 897 ἐξ
1451 832 1570 896 ἐνὸς
1601 832 1693 885 τοῦ
1726 833 1878 902 μεγί-

306 938 423 973 στου
454 923 904 993 παραδείγματος
945 924 1004 976 τὸ
1053 925 1197 993 ὠμὸν
1233 924 1325 977 καὶ
1361 923 1738 995 ἀπάνθρωπον,
1783 923 1876 976 καὶ

303 1011 375 1074 ὼς
394 1012 620 1083 ἀληθῶς
652 1014 973 1085 μιαρὸν-τῶν
1004 1014 1343 1086 δηλουμένων
1371 1019 1627 1087 συνορᾷν;
1654 1016 1794 1083 λέγω
1816 1015 1874 1067 δὲ

300 1104 363 1155 ἐκ
411 1103 515 1172 τῆς
559 1104 1023 1175 ἀνθρωποθυσίας.
1080 1106 1152 1158 Τὸ
1203 1105 1311 1177 γάρ
1355 1106 1427 1177 μὴ
1476 1108 1632 1177 μόνον
1669 1107 1873 1175 ἀλόγων

300 1192 454 1257 ζώων
513 1198 757 1263 σφαγαῖς
809 1196 1037 1267 χαίρειν,
1091 1196 1225 1249 ἀλλὰ
1275 1198 1368 1250 καί
1426 1197 1725 1269 ἀνθρώπων
1770 1199 1875 1251 ἁπ-

295 1285 540 1351 ωλείαις,
555 1287 711 1350 ποίας
725 1287 1000 1358 ὠμότητος
1015 1288 1315 1360 ὑπερΰολὴν
1339 1290 1435 1359 οὐχ
1450 1290 1838 1361 ὑπερηκόντισε
1855 1307 1868 1355 ;

294 1378 469 1431 ταῦτα
515 1380 629 1451 γὰρ
669 1377 757 1452 ἦν,
787 1380 861 1443 ὡς
892 1380 1047 1451 ἔφην,
1072 1382 1139 1434 τά
1172 1381 1258 1434 διά
1293 1382 1390 1453 τῆς
1417 1383 1871 1453 προπαραπευῆς

294 1468 355 1535 ἐξ
374 1468 557 1522 αὐτῶν
590 1469 699 1522 τῶν
736 1468 1058 1539 Ἑλληνικῶν
1086 1468 1383 1536 φιλοσόφων
1415 1485 1472 1520 τε
1504 1470 1598 1521 καὶ
1630 1484 1871 1538 συγγρα-

296 1556 442 1623 φέων
485 1557 985 1628 μεμαρτυρημένα·
1022 1555 1082 1621 ἐξ
1115 1550 1190 1613 ὧν
1226 1558 1318 1611 καὶ
1358 1557 1588 1628 μάλιστα
1621 1558 1871 1629 δαίμονες

293 1648 446 1713 ὅντες
474 1651 705 1721 πονηροὶ
752 1649 1102 1714 πολυπλόκοις
1145 1653 1427 1722 μηχαναῖς,
1466 1652 1584 1703 τοτὲ
1623 1651 1717 1720 μὲν
1750 1656 1870 1716 ταῖς

292 1740 384 1793 διὰ
418 1741 713 1811 μαντειῶν,
747 1742 867 1794 τοτὲ
892 1743 947 1795 δὲ
972 1746 1092 1806 ταῖς
1116 1743 1180 1796 δι’
1199 1743 1401 1796 οἰωνῶν
1432 1743 1465 1814 ἢ
1504 1743 1804 1813 συμϐόλων,
1832 1745 1865 1816 ἢ

1984 560 2217 615 cessaria
2264 558 2673 628 disciplinarum
2702 557 2949 619 veritate.
3002 574 3185 614 veram
3227 558 3544 615 docuissent

1985 650 2337 719 sapientiam,
2386 649 2518 719 quid
2565 648 2781 702 tandem
2825 649 3209 720 impedimento
3251 649 3442 704 fuisset
3476 666 3543 704 ne

1982 742 2050 814 ab
2096 742 2203 796 illis
2243 738 2690 812 philosophorum
2734 740 2827 795 ﬁlii
2872 741 3320 804 institueremur,
3367 749 3425 795 ut
3467 742 3542 796 ita

1983 833 2090 887 illis
2137 833 2434 895 institutis,
2480 847 2746 903 nusquam
2784 831 2902 887 alia:
2949 833 3016 886 ab
3054 834 3174 889 aliis
3213 833 3499 903 opiniones
3524 873 3538 896 ,

1982 923 2099 977 alia:
2147 926 2460 983 sententiae.
2507 924 2612 977 alia
2664 922 2882 977 decreta
2941 922 3321 987 traderentur,
3365 938 3543 992 neque

1981 1030 2108 1068 vero
2146 1030 2213 1069 ex
2268 1016 2427 1085 longa
2476 1013 2825 1079 diversitate,
2877 1014 3040 1067 varim
3095 1015 3540 1084 philosophorum

1980 1116 2143 1162 sectae
2189 1106 2582 1160 nascerentur?
2627 1106 2780 1172 Quod
2837 1106 2881 1159 si
2926 1105 3048 1159 illos
3097 1106 3373 1175 popularis
3426 1114 3543 1161 tur-

1978 1197 2047 1252 ba
2089 1213 2196 1251 non
2238 1197 2588 1260 attendebat,
2643 1205 2697 1251 at
2753 1197 2946 1252 saltem
3008 1196 3115 1266 piis
3171 1198 3542 1268 religiosisque

1978 1284 2309 1350 hominibus,
2343 1286 2434 1354 qui
2459 1285 2580 1338 illos
2602 1284 2970 1349 consulerent,
2995 1292 3334 1339 constantem
3357 1301 3544 1354 quam-

1978 1377 2101 1431 dam
2130 1377 2431 1431 doctrinam
2450 1418 2465 1442 ,
2498 1376 2757 1432 beneficio
2786 1376 3000 1429 illorum
3034 1376 3366 1445 suppeditari
3387 1393 3546 1447 opor-

1977 1467 2140 1522 tebat.
2172 1468 2334 1539 206
2363 1467 2464 1522 Sed
2493 1470 2583 1539 qui
2618 1476 2746 1524 sunt
2765 1467 2818 1519 hi
2842 1466 3097 1521 tandem?
3119 1481 3243 1522 nam
3270 1483 3546 1537 quoscun-

1975 1575 2080 1630 que
2108 1560 2315 1615 dixeris
2353 1561 2511 1625 tales,
2545 1575 2639 1615 eos
2676 1568 2735 1614 ut
2766 1570 3014 1616 errantes
3052 1562 3388 1631 redarguunt
3413 1563 3541 1632 qui-

1975 1665 2189 1722 cunque
2219 1652 2433 1707 diversa
2467 1661 2561 1706 aut
2590 1654 2862 1707 contraria
2893 1653 3152 1709 sentiunt.
3186 1652 3452 1710 Caeterum
3481 1661 3543 1709 ut

1974 1758 2073 1813 par
2119 1750 2224 1807 est,
2271 1742 2575 1797 «laetnonum
2618 1751 2775 1799 crant
2821 1746 3074 1811 oracula,
3107 1761 3228 1815 quae
3257 1761 3430 1816 usque
3471 1745 3540 1800 ad

294 1831 578 1902 θυμάτων,
615 1832 649 1902 ἢ
699 1834 806 1887 τῶν
859 1834 1275 1905 παραπλησίων,
1301 1834 1363 1887 τὸ
1394 1833 1726 1905 ἀνθρώπειον
1757 1835 1872 1888 δια-

1976 1834 2110 1890 furis
2170 1833 2631 1902 compilationem,
2691 1846 2784 1890 aut
2829 1837 3179 1906 supellectilis
3232 1836 3537 1901 interitum,

295 1924 626 1995 στρέφοντες
650 1926 805 1993 γένος
835 1926 1153 1980 δείκνυνται.
1188 1928 1384 1998 Διόπερ
1414 1927 1750 1997 ἀποφαντὲον
1784 1928 1871 1981 αὑ-

1973 1933 2067 1979 aut
2107 1924 2254 1978 aliud
2285 1925 2562 1994 quidpiam
2591 1927 2833 1996 ejusdem
2861 1928 3078 1998 generis
3106 1929 3215 1982 vim
3246 1943 3398 1984 suam
3421 1943 3545 1998 por-

292 2015 403 2068 τῶν
438 2014 507 2068 τά
547 2017 856 2087 χρηστήρια
914 2018 987 2087 μὴ
1032 2015 1126 2069 τοῦ
1179 2016 1269 2069 ἐπὶ
1317 2015 1532 2069 πάντων
1587 2017 1869 2085 γεγονέναι

1976 2018 2230 2087 rigerent,
2262 2032 2494 2087 quarum
2520 2033 2655 2074 sane
2691 2034 2876 2079 rerum
2910 2020 3053 2074 haud
3098 2021 3417 2076 incredibile
3458 2030 3543 2077 est

293 2105 451 2159 Θεοῦ.
519 2106 728 2160 Οὐκοῦν
787 2108 907 2160 οὐδὲ
955 2108 1261 2179 συγκρίνειν
1296 2108 1434 2161 αὑτά
1459 2110 1569 2171 τοῖς
1606 2108 1869 2180 Ἐϐραίων

1976 2109 2115 2168 illos,
2153 2116 2339 2179 utpote
2370 2110 2463 2179 qui
2516 2111 2571 2164 in
2605 2111 2708 2165 hoc
2731 2127 2856 2168 aere
2884 2112 2975 2181 qui
3008 2120 3208 2167 terram
3236 2114 3422 2179 ambit,
3446 2129 3542 2168 va-

295 2200 605 2268 προφήταις
637 2198 853 2269 θεμιτὸν
896 2199 962 2253 ἂν
997 2199 1103 2269 εἴη,
1130 2193 1203 2253 ὧν
1235 2202 1264 2252 δ
1303 2199 1514 2271 πρῶτος
1549 2199 1868 2270 ἱεροφάντης

1976 2200 2088 2269 gari
2122 2201 2524 2268 consueverint,
2553 2201 2810 2258 habuisse
2843 2205 3153 2270 scientiam;
3181 2205 3424 2261 honestae
3444 2221 3544 2260 au-

294 2290 387 2342 καὶ
416 2289 667 2358 θεολόγος
700 2291 934 2359 γεγονὼς
966 2293 1185 2362 Μωσῆς,
1228 2292 1325 2345 θέα
1366 2292 1504 2345 ὅσων
1539 2290 1758 2360 ἀγαθῶν
1786 2291 1868 2363 τῷ

1976 2298 2076 2346 tem
2108 2300 2160 2347 et
2181 2307 2304 2346 cum
2341 2294 2607 2362 sapientia
2642 2294 2948 2363 conjunctae
2969 2297 3068 2359 rei,
3098 2297 3212 2351 sive
3262 2298 3542 2352 sententia:

425 2382 715 2452 παραίτιος
739 2383 997 2452 κατέστη.

1976 2388 2131 2452 atque
2171 2384 2306 2437 artis
2356 2383 2668 2440 inventores
2702 2385 2892 2449 fuisse,
2940 2402 3218 2456 nunquam
3252 2387 3537 2454 ostendes;

294 2494 400 2535 non
435 2480 772 2547 reipublicze,
808 2494 916 2532 non
958 2479 1090 2542 legis
1124 2493 1152 2532 a
1177 2486 1323 2533 recta
1384 2479 1591 2532 ratione
1653 2476 1927 2548 profectae,
1961 2493 2070 2531 non
2129 2476 2365 2531 instituti
2419 2478 2722 2548 cujuspiam
2775 2480 3063 2536 laudabilis
3100 2523 3114 2546 ,
3174 2481 3283 2535 imo
3312 2496 3438 2536 vero
3493 2482 3537 2537 si

295 2572 578 2640 aliquanto
635 2571 862 2625 liberius
918 2571 1098 2625 dicere
1141 2576 1395 2640 Oportet,
1449 2570 1570 2623 illos
1620 2569 1862 2623 omnium
1902 2569 2168 2622 malorum
2213 2578 2464 2626 auctores
2507 2579 2561 2625 et
2621 2573 2895 2641 principes
2958 2572 3229 2627 exstitisse
3269 2572 3539 2628 attinuere

296 2680 521 2720 necesse
582 2672 664 2719 est
734 2683 747 2718 :
809 2664 903 2733 qui
937 2663 1003 2718 de
1045 2664 1241 2733 seipsis
1285 2663 1585 2727 adulteria,
1625 2670 1678 2717 ει
1716 2661 2021 2732 impudicos
2080 2664 2313 2717 marium
2367 2664 2610 2729 abusus,
2660 2651 2729 2719 εί
2764 2680 2888 2720 cum
2936 2666 3203 2721 matribus
3277 2676 3328 2721 et
3383 2682 3538 2722 soro-

296 2761 447 2815 ribus
493 2760 750 2829 nuptias,
806 2757 1238 2828 concubitusque
1277 2756 1553 2822 nefarios,
1616 2762 1670 2811 et
1734 2756 1838 2808 alia
1888 2754 2304 2811 innumerabilia
2336 2772 2457 2828 quae
2488 2757 2714 2813 deorum
2754 2766 2963 2813 natura:
3013 2760 3390 2824 adversantur,
3427 2761 3536 2816 ini-

298 2852 647 2921 micitiasque
675 2857 728 2906 et
748 2851 886 2906 bella
907 2848 1132 2904 deorum
1181 2847 1443 2903 adversus
1477 2846 1630 2911 deos,
1665 2846 1722 2899 in
1770 2845 2012 2916 ipsorum
2070 2845 2351 2902 hominum
2411 2849 2641 2905 canticis
2692 2857 2857 2920 atque
2885 2850 3100 2921 hymnis
3129 2860 3184 2906 et
3219 2852 3537 2907 narrationi'

298 2950 398 3005 bus
422 2956 478 3005 et
511 2964 795 3005 sacrorum
828 2948 1044 3003 arcanis
1071 2947 1291 3010 ritibus,
1326 2944 1457 3000 ferri
1500 2961 1611 3000 non
1637 2950 1975 3007 recusarent,
2013 2957 2079 2998 ac
2116 2946 2298 3015 potius
2329 2947 2688 3003 libentissime
2729 2940 2998 3002 audirent.
3048 2947 3210 3003 Certe
3258 2963 3536 3018 nunquam

298 3059 483 3099 eorum
525 3045 816 3116 quisquam
867 3058 927 3097 se
977 3050 1166 3097 contra
1212 3041 1460 3096 homines
1505 3039 1875 3111 indignatione
1904 3048 2213 3109 correptum
2248 3040 2510 3104 ostendit,
2542 3040 2685 3111 quod
2719 3041 2902 3110 qualia
2945 3041 3089 3095 dicta
3120 3055 3148 3093 a
3182 3041 3341 3096 nobis
3387 3048 3535 3107 sunt,

299 3139 423 3193 talia
459 3139 598 3210 ipsis
626 3146 720 3193 aut
754 3137 1061 3210 cogitando,
1122 3144 1216 3191 aut
1259 3135 1490 3192 dicendo
1520 3135 1677 3207 quasi
1735 3133 1980 3204 nequitia
2032 3134 2211 3204 plena,
2272 3152 2450 3208 neque
2513 3137 2623 3191 ulla
2659 3135 2925 3191 modestia
2967 3134 3164 3191 referta
3209 3134 3534 3192 tribuerunt.

300 3232 362 3288 Et
393 3234 526 3304 quid
561 3249 649 3289 me
676 3240 890 3303 oportet
916 3232 1164 3287 oratione
1195 3232 1446 3302 progredi
1469 3231 1722 3302 longius?
1775 3245 1900 3284 cum
1933 3228 2092 3299 plane
2141 3229 2211 3286 de
2240 3248 2353 3287 uno
2383 3231 2627 3287 omnium
2662 3231 3032 3302 exemplorum
3090 3230 3350 3296 maximo,
3378 3230 3535 3286 liceat

300 3331 351 3379 et
384 3323 764 3379 crudelitatem
802 3330 857 3379 et
881 3322 1273 3378 immanitatem
1317 3328 1372 3377 et
1411 3327 1610 3376 tetrum
1673 3334 1734 3375 re
1788 3337 1917 3376 vera
1950 3323 2259 3380 institutum
2309 3322 2525 3376 illorum
2570 3321 2801 3376 intueri?
2833 3320 2956 3377 dico
2986 3328 3167 3375 autem
3191 3320 3259 3377 de
3291 3331 3540 3375 maCtan-

302 3418 492 3471 dorum
519 3416 801 3474 hominum
860 3417 990 3472 ritu.
1038 3413 1194 3482 Quod
1250 3415 1393 3470 enim
1445 3431 1556 3469 non
1607 3414 1782 3469 solum
1837 3417 2123 3472 brutorum
2181 3416 2496 3471 animalium
2570 3414 2854 3471 sacriﬁciis
2920 3415 3258 3487 gauderent,
3343 3429 3532 3470 verum

300 3509 457 3564 etiam
493 3509 774 3566 hominum
822 3510 1064 3581 ipsorum
1116 3509 1358 3573 interitu,
1391 3508 1549 3577 cujus
1605 3508 1824 3563 tandem
1882 3511 2220 3567 crudelitatis
2279 3524 2563 3565 excessum
2623 3523 2732 3563 non
2782 3508 3172 3579 superaverit?
3224 3505 3349 3561 Haec
3393 3507 3538 3562 enim

298 3609 474 3668 erant,
512 3608 579 3657 ut.
608 3602 741 3666 dixi,
776 3617 897 3672 qua:
936 3603 991 3656 in
1038 3602 1432 3672 praeparatione
1491 3609 1546 3655 et
1587 3601 1895 3672 philosophi
1932 3610 1985 3657 et
2039 3602 2284 3656 historici
2342 3600 2483 3671 apud
2517 3598 2734 3655 Graecos
2768 3601 3042 3655 memoriae
3074 3599 3408 3671 prodiderint
3434 3618 3447 3652 :
3472 3615 3539 3655 ex

302 3697 498 3766 quibus
536 3700 771 3754 maxime
816 3713 979 3768 quam
1032 3697 1325 3768 perniciosi
1383 3697 1493 3751 sint
1551 3696 1862 3762 dzemones,
1902 3712 2173 3768 quamque
2223 3694 2614 3771 multiplicibus
2656 3694 2943 3758 machinis,
2997 3695 3157 3748 modo
3177 3695 3391 3765 quidem
3416 3709 3541 3748 ora-

302 3793 503 3857 culum,
541 3792 704 3847 modo
735 3808 863 3849 vero
887 3794 1278 3865 auspiciorum,
1311 3800 1403 3847 aut
1437 3794 1736 3864 signorum,
1772 3800 1865 3848 aut
1898 3794 2233 3856 hostiarum,
2275 3801 2369 3846 aut
2400 3792 2629 3846 aliorum
2672 3790 2949 3856 similium,
2996 3791 3275 3845 hominum
3322 3805 3542 3861 perver-

302 3892 417 3943 tant
480 3894 647 3957 atque
706 3889 984 3958 implicent
1043 3905 1256 3961 genus,
1332 3888 1865 3945 demonstrabantur.
1906 3888 2086 3956 Quare
2134 3887 2546 3951 aﬂirmandum,
2596 3886 2809 3941 illorum
2868 3887 3145 3941 oraculum
3196 3902 3539 3957 nequaquam

303 3992 612 4048 supremum
644 3980 812 4036 Deum
844 3991 1117 4037 auctorem
1147 3982 1425 4038 habuisse.
1461 3983 1645 4054 Neque
1698 3984 1863 4056 igitur
1896 3984 1986 4038 illa
2047 3984 2324 4055 prOphetis
2381 3981 2731 4038 Hebraeorum
2794 3995 3112 4052 comparare
3143 3980 3225 4036 fas
3260 3988 3364 4047 est,
3404 3997 3542 4053 quo-

303 4089 418 4129 rum
464 4077 678 4145 primus
727 4077 972 4142 initiator
1014 4092 1078 4133 ac
1115 4078 1401 4150 theologus
1456 4080 1665 4136 exstitit
1728 4079 1923 4135 Moses.
1965 4078 2067 4146 Qui
2127 4079 2345 4150 quidem
2395 4083 2725 4147 quantorum
2773 4075 3121 4147 qualiumque
3166 4075 3432 4130 bonorum
3485 4074 3541 4128 in

303 4171 407 4225 vita
433 4181 627 4227 auctor
648 4170 832 4238 fuerit,
852 4173 965 4243 jam
990 4173 1117 4227 hinc
1138 4172 1297 4229 facile
1317 4174 1672 4244 contemplari
1701 4182 1876 4245 potes.

367 4284 593 4356 Πρῶτον
610 4287 706 4356 μὲν
724 4287 1006 4357 δογμάτων
1022 4287 1391 4357 εὐαγγελικῶν
1402 4289 1495 4343 καὶ
1511 4288 1725 4360 ἀληθῶν
1743 4291 1869 4362 περὶ

2040 4290 2199 4360 207
2213 4288 2456 4346 Primum
2473 4290 2792 4357 sententias,
2806 4288 3196 4360 opinionesque
3205 4286 3543 4358 evangelicae

301 4374 391 4429 τοῦ
417 4377 644 4447 ποιητοῦ
673 4378 767 4431 καὶ
785 4378 1114 4450 δημιουργοῦ
1141 4380 1248 4432 τῶν
1277 4381 1529 4435 ἁπάντων
1559 4381 1716 4447 Θεοῦ,
1740 4382 1867 4454 περί

1976 4394 2036 4435 ac
2062 4395 2219 4435 veras
2273 4380 2519 4450 protulit,
2547 4379 2615 4434 de
2643 4379 2885 4434 omnium
2913 4393 3095 4434 rerum
3123 4385 3345 4433 auctore
3376 4385 3540 4447 atque

300 4482 357 4519 τε
380 4466 476 4519 τοῦ
501 4467 760 4538 δευτέρου
794 4469 966 4521 αἰτίου
1009 4468 1142 4525 τῶν,
1171 4471 1293 4546 μετ’,
1322 4470 1481 4525 αὐτὸν
1512 4472 1743 4540 λογικῶν
1775 4473 1871 4526 καὶ

302 4557 502 4629 νοερῶν
526 4557 745 4622 οὐσιῶν,
778 4559 903 4629 περί
935 4576 994 4612 τε
1024 4562 1382 4630 κοσμογονίας
1406 4562 1499 4616 καὶ
1524 4561 1873 4633 ἁνθρωπογο-

302 4650 416 4713 νίας
442 4648 667 4721 Γραφὴν
713 4648 863 4721 ἰεράν
908 4649 1199 4716 ἐξέδωκεν,
1241 4650 1321 4704 ἐτι
1349 4668 1409 4704 τε
1460 4651 1567 4705 τῶν
1604 4650 1871 4705 θεοσεὸῶν

302 4741 542 4814 ἱστορίας
569 4741 679 4795 τῶν
709 4741 875 4795 πάλαι
902 4742 1160 4812 θεοφιλῶν
1199 4741 1486 4813 Ἐϐραίων,
1512 4743 1699 4815 ῶσπερ
1719 4743 1871 4807 τινὰς

299 4834 509 4904 ἀρετῶν
561 4834 774 4898 εἰκόνας
838 4833 1363 4905 ὑποτυπωσάμενος,
1409 4838 1488 4898 εἰς
1548 4832 1708 4905 ζῆλον
1763 4835 1872 4888 τῶν

298 4924 522 4993 ἀγαθῶν
549 4924 758 4996 ἀνδρῶν
781 4925 908 4989 τοὺς
935 4925 1207 4996 ὑπηκόους
1241 4925 1524 4995 ἀνεκίνησε
1543 4942 1556 4955 ο
1590 4926 1683 4978 καὶ
1712 4941 1872 4996 νομο-

301 5015 486 5080 θεσίας
538 5016 872 5079 ὲνθέουκαὶί
893 5015 1226 5087 καταλλήλου
1259 5020 1368 5080 τοῖς
1422 5017 1542 5069 τότε
1573 5016 1873 5087 χρωμένοις

300 5110 476 5177 φωτὸς
524 5108 809 5180 ἀπήρξατο
834 5109 1063 5179 ,λόγωνο
1107 5113 1199 5164 καὶ
1245 5109 1537 5182 θρησκείας
1588 5107 1872 5172 θεοσεϐοῦς

300 5194 541 5266 πέφηνεν
593 5196 956 5265 εἰσαγωγεύς⁵
1001 5200 1095 5252 καί
1145 5199 1238 5251 ἐπὶ
1291 5200 1427 5251 πᾶσι
1475 5197 1581 5251 τῶν
1644 5201 1874 5270 μακροῖς

302 5284 526 5359 ὕστερον
566 5287 779 5358 χρόνοις
803 5286 1027 5354 ,ἔσεσθαι
1075 5287 1370 5359 μελλόντων
1410 5289 1510 5353 τὰς
1542 5290 1874 5361 προρρήσεις

303 5381 848 5451 ἀναπεφώνηκενςὼς
878 5383 1069 5454 μικρὸν
1097 5381 1318 5454 ὕστερον
1349 5384 1872 5455 μνημονευθήσεται.

307 5472 412 5526 Καὶ
443 5473 687 5536 τοιοῦτος
724 5473 824 5544 μὲν
870 5465 1055 5538 οὗτοςο
1090 5473 1229 5527 κατά
1272 5474 1343 5528 τὰ
1397 5475 1537 5529 αὑτά
1584 5476 1655 5531 δὲΔ
1695 5478 1788 5530 καὶ
1825 5478 1903 5529 οίρ

309 5567 419 5633 μετ’
447 5565 612 5620 αὐτὸν
654 5565 933 5635 προφῆται
991 5566 1265 5638 πάρεργον
1324 5566 1454 5637 μὲν,
1497 5568 1649 5621 εῐπου
1673 5585 1727 5621 τι
1767 5566 1875 5621 τῶν

305 5657 594 5730 ἐφημέρων
628 5657 895 5728 ἐζητεῖτο,
936 5658 1030 5710 καὶ
1051 5657 1208 5711 τοῦτο
1239 5656 1533 5729 προῦλεγον
1582 5661 1694 5723 τοίς
1734 5661 1872 5729 ἐρω-

305 5746 485 5811 τῶσιτο
507 5749 568 5803 τὸ
617 5748 687 5802 δὲι
710 5744 1005 5816 κεφάλαιον
1054 5748 1151 5819 τῆς
1196 5748 1740 5820 προφητείαςναύτοῖς
1784 5748 1873 5801 ἐπὶ

1969 4472 2163 4543 opiﬁce
2188 4469 2328 4539 Deo;
2369 4477 2489 4526 tum
2508 4470 2577 4526 de
2602 4470 2843 4541 ejusdem
2868 4466 3006 4524 Filio
3025 4511 3039 4536 ,
3079 4467 3426 4524 rationalium
3457 4466 3543 4520 in-

1972 4563 2442 4634 telligentiumque
2479 4569 2799 4617 naturarum
2827 4569 3068 4621 auctore,
3096 4573 3282 4614 earum
3310 4558 3498 4627 utique
3522 4596 3540 4623 ,

1969 4672 2090 4728 quae
2121 4665 2244 4727 post
2289 4656 2468 4727 ipsum
2528 4655 2792 4713 exsistere
2841 4654 3256 4724 intelliguntur:
3299 4650 3427 4704 item
3476 4649 3545 4706 de

1970 4749 2160 4803 mundi
2213 4757 2375 4819 atque
2419 4748 2667 4805 hominis.
2699 4747 3011 4809 creatione,
3068 4743 3403 4814 Scripturam
3455 4754 3544 4798 sa-

1972 4854 2119 4893 cram
2149 4840 2392 4901 exaravit
2436 4846 2598 4908 atque
2657 4838 2847 4893 edidit.
2880 4835 3149 4890 Praeterea
3194 4848 3320 4889 cum
3370 4831 3547 4887 histo-

1972 4930 2085 4986 rias
2110 4930 2487 5000 religiosorum
2535 4929 2816 4984 hominum
2842 4966 2858 4992 ,
2890 4935 2945 4982 et
2975 4926 3068 4997 qui
3113 4924 3241 4979 olim
3269 4921 3378 4977 Deo
3406 4921 3546 4992 grati

1974 5019 2115 5088 apud
2165 5017 2420 5080 Hebraeos
2462 5018 2733 5083 vixerint,
2772 5016 2930 5088 quasi
2982 5014 3225 5087 quaedam
3285 5011 3546 5067 virtutum

1973 5110 2302 5180 exemplaria
2337 5109 2707 5180 expresserit,
2775 5123 2871 5164 eos
2902 5108 2994 5178 qui
3039 5106 3143 5161 sibi
3191 5102 3417 5158 dictanti
3450 5116 3548 5172 pa-

1973 5210 2190 5267 rerent,
2239 5203 2307 5257 ad
2347 5202 2702 5257 imitationem
2719 5201 2975 5255 ‘virorum
3031 5199 3298 5254 bonorum
3333 5195 3546 5250 excita-

1972 5293 2073 5348 vit.
2110 5292 2237 5364 Legi
2271 5308 2399 5348 vero
2422 5293 2640 5358 divinae,
2670 5299 2833 5363 atque
2877 5290 2945 5346 iis
2973 5289 3064 5361 qui
3101 5296 3234 5343 tunc
3264 5293 3548 5342 uterentur

1976 5380 2416 5446 accommodatae,
2448 5383 2658 5452 primus
2685 5379 2950 5434 orationis
2998 5377 3343 5446 splendorem
3390 5374 3551 5431 adhi-

1975 5471 2093 5525 buit
2117 5471 2597 5542 adorationemque
2627 5472 2935 5541 religiosam
2972 5484 3036 5523 ac
3072 5483 3260 5524 veram
3293 5466 3547 5522 introdu-

1966 5560 2074 5615 ‘xit.
2102 5560 2382 5617 Postremo
2414 5563 2502 5626 iis,
2532 5564 2622 5633 qui
2654 5574 2774 5632 post
2805 5578 2865 5617 se
2898 5560 3084 5617 multis
3117 5560 3332 5620 saeculis
3377 5558 3545 5614 futuri

1982 5664 2158 5720 erant,
2203 5655 2578 5725 praedictiones
2618 5656 2951 5720 enuntiavit,
2987 5655 3131 5710 sicut
3161 5654 3324 5724 paulo
3358 5658 3479 5721 post
3515 5666 3547 5705 a

1982 5748 2141 5805 nobis
2198 5750 2753 5806 commemorabitur:
2790 5756 2844 5807 et
2892 5749 2981 5806 hic
3010 5747 3415 5815 quideAJalis.
3463 5742 3547 5798 Ad
