3880 6256
376 329 481 385 543

939 331 1211 389 EUSEBII
1242 330 1716 388 CESARIENSIS
1755 330 1903 388 OPP.
1946 333 2148 389 PARS.
2184 330 2250 387 ll.
2290 362 2361 374 —
2391 330 2895 391 APOLOGETICA.

3502 339 3604 395 5M

377 442 624 497 eumdem
650 457 781 498 vero
809 437 1026 497 modum
1049 443 1210 498 etiam
1235 442 1511 513 prophctm
1531 447 1623 515 qui
1649 452 1771 514 post
1787 445 1911 499 illuu

2045 443 2298 514 μεγάλοις
2354 444 2703 498 συνετελεῖτο.
2737 445 2812 499 Οὐ
2842 446 2951 516 γὰρ
2983 447 3074 499 ἐπὶ
3113 449 3339 520 μαντείᾳ
3375 448 3485 503 τῶν
3511 453 3608 521 ἑφε-

373 534 720 591 exstiterunt.
782 536 1049 591 Caeterum
1093 545 1252 592 extra
1298 540 1631 608 propositum
1660 538 1938 593 existime-

372 635 481 692 tur,
509 627 687 681 sicubi
715 642 903 683 eorum
934 628 1212 698 quidpiam
1251 645 1372 698 quae
1396 630 1450 683 in
1471 630 1613 685 diem
1650 632 1818 701 quaeri
1844 646 1936 685 so-

370 714 500 780 lent,
537 713 642 784 ipsi
675 715 1084 785 respondissent
1112 716 1543 775 sciscitantibus.
1585 717 1807 773 Summa
1831 736 1932 774 au-

367 813 475 860 tem
511 806 690 861 omnis
716 807 930 862 illorum
959 810 1258 880 prophetia:
1278 809 1333 864 in
1369 810 1532 867 rebus
1562 813 1774 882 magnis
1803 827 1931 868 cono

367 899 703 954 sumebatur.
735 898 851 955 Non
887 901 1032 956 enim
1065 902 1120 956 in
1147 902 1481 957 divinatione
1504 918 1685 957 rerum
1723 919 1847 973 qua:
1875 904 1933 959 in

365 989 505 1045 diem
550 1000 643 1047 aut
672 994 728 1048 in
760 1009 998 1063 praesens
1047 1002 1259 1064 tempus
1300 1003 1700 1067 quaererentur,
1757 1011 1933 1066 neque

363 1084 548 1152 parvis
577 1092 671 1139 aut
702 1085 999 1141 humilibus
1052 1087 1282 1156 negotiis
1334 1102 1528 1150 suum,
1576 1087 1719 1157 quod
1755 1102 1786 1141 a
1821 1085 1932 1147 Deo

363 1183 707 1245 acceperant,
748 1193 966 1242 munus,
997 1178 1219 1249 dignum
1269 1180 1550 1249 putabant.
1613 1179 1718 1236 Sed
1768 1197 1933 1254 super

361 1268 510 1323 omni
534 1283 732 1339 genere
754 1269 1035 1324 hominum
1082 1269 1253 1325 divini
1300 1270 1356 1325 in
1402 1271 1509 1327 illis
1542 1269 1777 1341 Spiritus
1806 1274 1932 1330 illu-

362 1364 555 1417 stratio
581 1363 772 1433 ingens
799 1363 1044 1432 amplexa
1091 1370 1210 1417 erat
1235 1371 1613 1432 argumentum
1637 1405 1652 1429 ,
1699 1381 1805 1420 non
1836 1367 1927 1421 illa

361 1454 577 1523 quidem
609 1460 668 1508 ut
715 1453 783 1509 de
814 1454 1125 1524 aegrotantis
1166 1454 1405 1510 hominis
1437 1470 1667 1526 corpore
1688 1496 1702 1521 ,
1753 1473 1929 1529 neque

359 1546 427 1600 de
456 1545 781 1615 temporaria
806 1544 908 1599 hac
936 1552 990 1600 et
1021 1546 1275 1600 omnibus
1299 1545 1506 1602 morbis
1533 1547 1767 1601 obnoxia
1795 1549 1923 1617 vita,

358 1638 748 1692 divinationem
798 1637 1183 1707 proﬁteretur:
1222 1652 1323 1691 nec
1363 1637 1568 1708 alioqui
1600 1639 1667 1694 de
1697 1639 1926 1709 quibus-

358 1728 481 1782 dam
516 1727 711 1784 mediis
744 1737 908 1798 atque
954 1728 1410 1802 indiﬂ'erentibus,
1444 1745 1565 1799 quae
1614 1747 1823 1801 neque,
1876 1733 1922 1787 si

2039 553 2071 605 η
2080 535 2257 606 μέρων
2277 536 2368 590 καὶ
2394 535 2529 608 πρὸς
2546 537 2635 590 τὸν
2668 537 2907 608 παρόντα
2929 538 3115 610 καιρὸν
3143 539 3605 613 ἐπιζητουμένων,

2036 626 2156 679 οὐδέ
2187 643 2250 701 γε
2298 627 2545 698 σμικρῶν
2600 629 2694 681 καὶ⁹
2741 629 3010 683 ταπεινῶν
3056 631 3123 684 τὰ
3171 631 3270 702 τῆς
3315 632 3608 707 θεοφορίας

2034 717 2307 787 ἠξιοῦντοσ
2338 720 2451 773 ἀλλ’
2478 721 2571 773 ἐπὶ
2624 722 2718 775 τοῦ
2765 723 2964 785 παντὸς
3014 722 3311 794 ἀνθρώπων

2034 807 2126 861 τοῦ
2154 808 2295 862 θείου
2322 810 2635 884 Πνεύματος
2680 813 2738 864 ὲν
2781 811 2965 875 αὐτοῖς
3005 811 3265 883 ἔλλαμψις
3287 854 3303 879 ,
3340 815 3607 889 μεγίστην

2034 898 2285 953 ὑπόθεσιν
2314 901 2659 973 περιέχουσα,
2692 902 2752 953 οὐ
2775 903 2900 973 περὶ
2928 901 3206 967 νοσοῦντος
3235 904 3521 977 ἀνθρώπου
3543 907 3607 959 τὺ

2035 990 2213 1071 σῶμα,
2247 992 2368 1046 οὐδὲ
2419 993 2548 1064 περὶ
2595 993 2697 1062 τῆς
2739 994 3070 1071 προσκαίρου
3116 996 3211 1048 καὶ
3258 996 3605 1061 πολυπαθοῦς

2030 1066 2230 1155 ταύτης
2277 1084 2421 1156 ζωῆς
2472 1086 2572 1159 τὴν
2617 1085 2920 1158 πρόρρησιν
2973 1066 3444 1161 ἐπαγγελλομένη,
3480 1091 3605 1144 οὐδὲ

2031 1175 2158 1246 περὶ
2181 1192 2322 1238 τινος
2352 1174 2709 1241 ἀπολωλότος,
2734 1175 2840 1228 οὐδ’
2870 1176 3043 1240 ἄλλως
3070 1179 3195 1249 περί
3230 1196 3389 1233 τινων
3421 1180 3603 1251 μέσων

2029 1268 2122 1321 καὶ
2168 1267 2475 1341 ἀδιαφόρων
2498 1310 2513 1336 ,
2549 1267 2585 1322 ἀ
2639 1268 2762 1322 οὔτε
2820 1271 3060 1345 παρόντα
3106 1271 3281 1342 ψυχῆς
3320 1271 3601 1343 βελτιώσει

2030 1361 2432 1431 συμϐάλλεται,
2484 1360 2607 1415 οὐτε
2665 1361 2740 1433 μὴ
2781 1363 3022 1434 παρόντα
3068 1363 3269 1435 ζημίαν
3317 1365 3350 1435 ἢ
3393 1364 3599 1435 βλάϐην

2028 1456 2303 1525 περιποιεῖ
2340 1450 2494 1526 (ἀλλ’
2541 1449 2610 1526 ἧν
2647 1455 2768 1525 μὲν,
2808 1455 2884 1518 ὡς
2930 1455 3088 1526 ἔφην,
3141 1457 3229 1510 ὅτε
3276 1456 3369 1511 καὶ
3423 1456 3598 1511 ταῦτα

2028 1544 2347 1617 προῦλεγον,
2370 1548 2432 1601 οὐ
2461 1548 2602 1619 κατὰ
2620 1547 2711 1601 τὸν
2738 1547 3144 1620 προηγούμενον
3170 1548 3228 1601 δὲ
3252 1548 3431 1614 λόγον·
3459 1549 3598 1603 ἀλλά

2026 1637 2167 1691 κατὰ
2197 1638 2514 1692 ἀκολουθίαν
2547 1640 2644 1710 τῆς
2668 1640 2775 1696 τῶν
2804 1641 3125 1712 κρειττόνων
3156 1639 3554 1711 καταλήψεως)
3577 1657 3592 1674 ’

2028 1727 2245 1798 μείζονα
2269 1730 2365 1803 μὲν
2387 1730 2686 1802 ὑπόθεσινῆ
2704 1731 2845 1786 κατὰ
2863 1732 2932 1786 τὰ
2948 1733 3064 1802 είρη
3075 1732 3207 1803 μένα
3221 1735 3509 1803 περιεῖχεν.
3528 1733 3595 1787 Ei.

358 1820 558 1886 adsint,
589 1821 655 1875 ad
686 1819 986 1891 profectum
1015 1822 1212 1876 animae
1245 1798 1610 1876 conducibilia
1634 1862 1651 1887 ,
1703 1798 1911 1893 neque,

2024 1818 2068 1871 δ’
2080 1816 2171 1873 οὖν
2193 1798 2284 1885 τις
2293 1822 2388 1893 τὴν
2404 1824 2581 1876 πᾶσαν
2593 1798 2852 1894 περιοχὴν
2866 1824 2963 1894 τῆς
2985 1798 3229 1887 Μωσέως
3242 1798 3479 1895 γραφῆς,
3498 1823 3594 1877 καὶ

354 1912 400 1965 si
426 1926 537 1967 non
563 1911 781 1977 adsint,
809 1912 1066 1977 damnum
1095 1912 1317 1983 aliquod
1346 1921 1440 1967 aut
1464 1913 1757 1983 perniciem
1792 1915 1925 1975 aifee

354 2013 516 2067 raut,
561 2004 776 2059 tametsi
816 2018 1206 2075 nonnunquam
1245 2004 1358 2059 haec
1407 2019 1624 2075 quoque
1660 2006 1917 2074 przedice-

354 2094 505 2157 baut,
537 2110 647 2150 non
673 2095 929 2166 primaria
959 2096 1192 2166 quadam
1219 2096 1462 2161 ratione,
1514 2093 1617 2166 sed,
1642 2095 1789 2166 quod
1833 2112 1919 2150 re-

350 2202 471 2239 rum
506 2187 816 2258 graviorum
846 2187 1248 2257 perceptionem
1281 2188 1699 2261 comitarentur,
1729 2189 1920 2259 eisque

349 2285 533 2332 essent
561 2278 835 2348 adjuncta.
887 2279 956 2332 At
996 2293 1133 2349 vero
1151 2292 1271 2350 quae
1317 2279 1372 2333 in
1407 2278 1593 2335 causis
1635 2278 1805 2334 divini
1848 2280 1918 2334 ab

348 2371 458 2426 illis
483 2370 779 2441 accipiendi
818 2370 1094 2442 Spiritus,
1136 2370 1204 2440 ad
1252 2371 1658 2428 vaticinandum
1712 2372 1916 2443 princi-

348 2477 467 2531 pem
497 2463 677 2518 locum
700 2463 1042 2529 obtinerent,
1071 2479 1135 2519 ea
1163 2464 1343 2534 majus
1369 2464 1639 2536 quoddam
1666 2466 1914 2527 contine-

347 2553 476 2605 bant
504 2560 905 2627 argumentum,
930 2568 1093 2623 quam
1126 2560 1185 2608 ut
1222 2555 1288 2609 ad
1320 2569 1383 2610 ea
1410 2571 1531 2627 qua:
1581 2555 1726 2610 dicta
1751 2562 1909 2621 sunt,

343 2646 618 2712 pertinere
646 2653 891 2716 possent.
923 2645 1080 2712 Quod
1110 2648 1155 2702 si
1179 2648 1305 2717 quis
1327 2655 1496 2702 totum
1526 2649 1681 2718 quasi
1709 2664 1910 2718 corpus

342 2751 530 2791 eorum
559 2752 679 2807 qua:
712 2752 741 2790 a
771 2737 919 2794 Moss
961 2744 1014 2792 et
1043 2739 1166 2794 aliis
1195 2748 1317 2808 post
1370 2738 1572 2794 Mosem
1627 2740 1910 2810 prophetis

343 2830 545 2899 scripta
573 2838 723 2893 Sunt,
764 2831 1181 2902 diligentissime
1207 2833 1490 2901 exploret,
1547 2831 1790 2903 profecto
1845 2850 1907 2890 ea

342 2924 476 2977 nihil
509 2922 656 2982 aliud
685 2925 929 2993 amplexa
974 2923 1232 2986 inveniat,
1257 2940 1419 2994 quam
1469 2926 1904 2982 adhortationem

342 3026 502 3086 atque
527 3017 829 3075 doctrinam
863 3016 1031 3071 divini
1062 3016 1245 3073 cultus
1266 3058 1281 3080 ,
1332 3018 1424 3086 qui
1481 3018 1588 3073 Deo
1642 3020 1901 3085 universi,

340 3109 444 3179 ipsi
475 3108 660 3178 utique
688 3108 865 3181 opiﬁci
912 3123 1095 3162 rerum
1125 3108 1364 3162 omnium
1399 3109 1471 3162 sit
1524 3110 1862 3166 exhibendus
1884 3153 1900 3177 ,

340 3183 812 3272 cognitionemque
860 3215 925 3254 ac
959 3199 1281 3271 theologiam
1314 3216 1621 3270 supremam
1655 3202 1721 3257 de
1748 3200 1905 3264 Filio.

338 3294 428 3362 qui
462 3308 567 3347 una
614 3307 738 3347 cum
779 3289 936 3347 Patre
968 3292 1086 3362 ipse
1129 3308 1348 3362 quoque
1394 3308 1573 3347 rerum
1602 3295 1671 3347 sit
1696 3302 1904 3351 auctor.

339 3386 510 3457 208
531 3383 799 3440 Praeterea
823 3383 1254 3439 dehortationem
1293 3393 1456 3455 atque
1498 3385 1834 3441 eversionem
1875 3402 1908 3442 a

338 3478 517 3545 fallaci
555 3478 848 3533 multorum
899 3478 1123 3533 deorum
1154 3478 1303 3531 cultu
1326 3517 1341 3540 ,
1400 3476 1465 3532 ad
1501 3478 1617 3533 haec
1665 3487 1905 3534 veterum

337 3574 647 3640 sanctorum
691 3567 967 3632 virorum,
1025 3568 1119 3638 qui
1168 3568 1329 3639 primi
1374 3569 1537 3624 talem
1591 3570 1905 3641 religionem

336 3659 778 3732 observaverunt,
814 3660 1132 3716 memoriam
1191 3661 1680 3734 praedictionesque
1727 3671 1781 3719 et
1814 3680 1904 3723 re.-

336 3766 537 3821 sponsa
566 3750 634 3807 de
680 3750 750 3806 iis
797 3752 893 3820 qui
944 3750 1132 3817 multis
1156 3758 1280 3821 post
1317 3753 1535 3807 saeculis
1574 3753 1642 3806 ad
1687 3751 1903 3807 illorum

336 3844 471 3906 vitae,
491 3843 757 3915 regulam,
784 3858 940 3899 suam
963 3842 1068 3914 ipsi
1099 3842 1262 3907 vitam
1299 3842 1565 3917 directuri
1600 3852 1779 3910 erant,
1809 3862 1906 3917 per

336 3930 623 3999 adventum
646 3924 741 3986 Dei
757 3931 822 3984 ad
848 3930 1097 3987 homines
1125 3939 1290 4003 atque
1320 3934 1686 4003 praesentiam,
1707 3935 1900 4006 ipsius,

335 4024 582 4093 inquam,
613 4021 759 4087 Filii,
784 4032 839 4078 et
862 4025 979 4097 ipse
1012 4024 1254 4094 ejusdem
1273 4026 1532 4081 docendae
1557 4029 1773 4096 pietatis
1794 4044 1900 4083 mn-

334 4102 464 4170 nere
516 4103 821 4189 iuncturus,
857 4124 911 4169 et
953 4115 1022 4169 ad
1045 4115 1281 4171 salutem
1314 4117 1439 4172 vitae
1467 4118 1743 4172 hominum
1772 4117 1904 4174 ail'e-

334 4206 569 4283 rendam
589 4214 871 4271 venturus,
901 4208 954 4263 in
988 4208 1274 4277 responsis
1290 4209 1594 4275 dicebatur,
1623 4210 1781 4281 cujus
1808 4211 1903 4285 be-

335 4298 541 4373 neﬁcio,
564 4300 639 4365 illi
670 4301 886 4357 cunctis
912 4300 1168 4373 gentibus
1195 4309 1255 4365 et,
1283 4300 1489 4359 Graecis
1511 4302 1672 4359 simul
1702 4314 1755 4360 et
1776 4305 1902 4359 har-

332 4391 512 4460 baris,
561 4391 811 4460 eumdem
855 4376 1024 4448 divini
1058 4394 1239 4449 cultus
1268 4410 1496 4461 morem,
1545 4412 1707 4467 quem
1758 4408 1904 4457 vete-

2024 1912 2132 1966 τῶν
2162 1914 2276 1983 μετ’
2304 1915 2464 1968 αὐτὸν
2492 1914 2733 1986 ἀκριϐῶς
2759 1915 3168 1986 διερευνήσειεν,
3191 1915 3339 1985 εὖροι
3362 1915 3427 1969 ἂν
3453 1932 3593 1986 προ-

2024 2006 2230 2077 τροπὴν
2261 2007 2355 2059 καὶ
2393 2005 2731 2062 διδασκαλίαν
2777 2006 3056 2077 εὐσεϐείας
3088 2007 3189 2077 τῆς
3233 2010 3312 2071 είς
3341 2009 3433 2061 τὸν
3481 2008 3592 2065 τῶν

2023 2094 2158 2149 ὅλων
2184 2094 2337 2159 Θεὸν,
2361 2095 2520 2149 αὐτὸν
2551 2096 2615 2168 δὴ
2662 2097 2754 2150 τὸν
2785 2097 3109 2169 δημιουργὸν
3144 2097 3400 2152 ἁπάντων
3432 2116 3589 2171 περι-

2023 2185 2279 2256 ἐχουσαν,
2305 2187 2504 2261 γνῶσίν
2535 2205 2595 2240 τε
2632 2188 2725 2249 καὶ
2760 2186 3037 2255 θεολογίαν
3058 2189 3156 2260 τὴν
3200 2190 3458 2257 ἀνωτάτω
3490 2187 3586 2242 τοῦ

2020 2277 2270 2351 δευτέρου
2303 2280 2497 2348 αἰτίου,
2531 2280 2710 2350 πάσης
2734 2280 2791 2333 δὲ
2832 2279 3090 2335 πολυθέΟυ
3122 2280 3331 2352 πλάνης
3361 2281 3589 2353 ἀποτρο-
3634 2296 3638 2300 ·

2022 2371 2149 2443 πὴν,
2177 2368 2295 2437 εἶτα
2320 2372 2429 2425 τῶν
2490 2371 2659 2425 πάλαι
2693 2371 2955 2441 θεοφιλῶν
2993 2371 3201 2443 ἀνδρῶν
3246 2371 3353 2426 τῶν
3384 2372 3450 2442 δὴ
3490 2372 3588 2440 καὶ

2019 2463 2414 2535 ἀπαρξαμένων
2484 2462 2587 2533 τῆς
2638 2463 2931 2534 εἰρημένης
2989 2462 3266 2525 εὐσεϐείας
3322 2463 3585 2533 μνήμην,

2018 2557 2349 2628 προρρήσεις
2380 2573 2439 2609 τε
2486 2555 2579 2608 καὶ
2612 2555 2985 2625 ἀναφωνήσεις
3026 2554 3166 2607 κατά
3212 2555 3302 2607 τὸν
3362 2555 3588 2623 ἐκείνων

2018 2646 2161 2717 βίον,
2207 2647 2454 2718 ὑστέροις
2502 2648 2631 2700 ποτὲ
2669 2646 2878 2718 χρόνοις
2921 2645 3218 2716 μελλόντων
3272 2642 3583 2715 βιώσεσθαι,

2014 2739 2081 2793 δι’
2118 2738 2436 2809 ἐπιφανείας
2470 2738 2561 2792 καλ⁸
2608 2738 2909 2809 παρουσίας
2962 2737 3040 2800 είς
3081 2735 3398 2807 ἀνθρώπους
3422 2733 3583 2802 Θεοῦ,

2018 2832 2186 2886 αὐτοῦ
2226 2833 2290 2903 δὴ
2323 2831 2419 2885 τοῦ
2449 2831 2700 2901 δευτέρου
2734 2830 2935 2898 Κυρίου
2960 2870 2975 2893 ,
3015 2830 3107 2882 καὶ
3137 2826 3270 2881 Θεοῦ
3320 2826 3455 2898 μετά
3490 2825 3584 2880 τὸν

2013 2925 2269 2979 ἀνωτάτω
2302 2924 2540 2995 Πατέρα,
2577 2923 2670 2976 καὶ
2692 2921 2854 2977 αὐτοῦ
2877 2921 3300 2995 χρηματίζοντος
3329 2920 3585 2974 διδασκά-

2011 3013 2100 3066 λου
2129 3013 2226 3082 τῆς
2252 3012 2423 3083 αὐτῆς
2447 3011 2748 3082 εὐσεϐείας,
2776 3011 2868 3064 καὶ
2906 3011 3153 3081 Σωτῆρος
3182 3008 3583 3081 ἐπιφανησομέ-

2009 3121 2101 3159 νου
2144 3103 2222 3175 τῷ
2254 3105 2364 3157 τῶν
2416 3102 2714 3177 ἀνθρώπων
2756 3102 2875 3173 βίῳ,
2921 3101 2986 3154 δι’
3013 3094 3072 3154 οὗ
3110 3103 3239 3155 πᾶσι
3272 3104 3381 3163 τοῖς
3429 3099 3582 3152 ἔθνεα

2010 3211 2128 3260 σιν,
2181 3195 2437 3266 Ἕλλησιν
2488 3194 2622 3266 ὁμοῦ
2674 3195 2768 3247 καὶ¹
2819 3192 3128 3265 βαρϐάροις,
3163 3190 3457 3261 προύλεγον
3488 3192 3582 3246 τὸν

2006 3287 2105 3357 τῆς
2127 3286 2434 3350 θεοσεϐείας
2459 3284 2566 3340 τῶν
2595 3285 2760 3351 πάλαι
2794 3282 3053 3354 θεοφιλῶν
3090 3282 3353 3355 Ἑϐραίων
3380 3283 3581 3353 τρόπον

2007 3374 2497 3449 παραδοθήσεσθαι.
2533 3376 2716 3428 Ταῦτα
2744 3376 2982 3446 Μωσῆς,
3035 3372 3207 3427 ταῦτα
3253 3375 3309 3428 δὲ
3352 3376 3443 3429 καὶ
3470 3374 3580 3428 τῶν

2005 3470 2204 3523 λοιπῶν
2231 3467 2525 3541 προφητῶν
2548 3467 2752 3532 παῖδες,
2783 3466 2833 3520 οἳ
2862 3468 3059 3531 πάντες
3084 3464 3144 3533 ἐξ
3171 3467 3288 3530 ένὺς
3315 3450 3582 3537 στόματος

2008 3562 2430 3634 προεκήρυττον.
2463 3561 2571 3614 Καὶ
2614 3557 2758 3613 τοῦτ’
2790 3555 2858 3631 ἦν
2889 3559 2949 3612 τὸ
2999 3559 3097 3630 τῆς
3140 3561 3220 3623 εἰς
3262 3557 3582 3631 ἀνθρώπους

2005 3653 2097 3707 τοῦ
2128 3651 2270 3706 θείου
2305 3651 2620 3723 Πνεύματος
2651 3653 2919 3723 ἐπιφορᾶς
2967 3653 3172 3717 αἴτιον,
3208 3649 3411 3717 διδάξαι
3458 3649 3580 3703 θεο-

2005 3744 2238 3814 γνωσίαν
2268 3742 2603 3814 ἀνθρώπους,
2636 3742 2730 3794 καὶ
2765 3740 2862 3811 τὴν
2906 3741 3163 3794 ἀνωτάτω
3190 3739 3321 3812 περὶ
3367 3738 3579 3810 Πατρὸς

2004 3837 2098 3889 καὶ
2131 3834 2262 3888 Υἱοῦ
2309 3832 2618 3902 θεολογίαν,
2656 3832 2942 3887 παιδεῦσαί
2996 3850 3056 3885 τε
3102 3833 3299 3901 τρόπον
3342 3830 3578 3901 ἀληθοῦς

2004 3926 2305 3990 εὐσεϐείας,
2341 3925 2436 3979 καὶ
2470 3924 2838 3995 μνημονεῦσαι
2862 3923 2969 3986 τῶν
3006 3923 3171 3978 πάλαι
3214 3922 3577 3993 κατωρθωκόο

2002 4036 2131 4082 των,
2155 4017 2247 4070 τόν
2271 4034 2329 4070 τε
2357 4015 2495 4087 μετὰ
2517 4013 2720 4068 τούτων
2742 4014 2959 4085 ἔλεγχον
2984 4012 3071 4066 διὰ
3093 4011 3320 4084 μακρῶν
3343 4013 3575 4081 ἐκφᾶναι

2003 4110 2194 4180 λόγων,
2217 4108 2470 4162 θεσπίσαι
2495 4124 2553 4160 τε
2585 4107 2683 4179 τὴν
2722 4107 3022 4177 παρουσίαν
3047 4106 3140 4160 τοῦ
3184 4105 3433 4175 Σωτῆρος
3476 4102 3573 4157 καὶ

2002 4198 2321 4255 διδασκάλου
2343 4198 2436 4252 τοῦ
2472 4198 2671 4262 παντὸς
2691 4197 2991 4269 ἀνθρώπων
3017 4197 3226 4267 γένους,
3253 4196 3345 4250 καλ⁵
3383 4195 3482 4266 τὴν
3499 4194 3574 4248 δυ’

2003 4293 2165 4348 αὐτοῦ
2192 4293 2291 4364 τῆς
2317 4292 2551 4355 παλαιᾶς
2566 4291 2625 4359 ἐξ
2658 4291 2923 4363 Ἑϐραίων
2946 4290 3252 4355 θεοσεϐείας
3277 4292 3356 4353 εἰς
3398 4290 3573 4343 πάντα

2002 4387 2070 4439 τά
2121 4385 2249 4455 ἔθνη
2291 4385 2572 4455 μετάδοσιν
2624 4381 2986 4455 προκηρύξαι.
3049 4383 3233 4449 Ταῦτα
3290 4377 3357 4452 ἦν
3399 4379 3469 4433 τά
3511 4378 3572 4447 ἐξ

330 4499 420 4539 res
451 4482 798 4540 Hebraeorum
844 4486 1127 4557 religionis
1178 4493 1450 4543 amatores
1506 4499 1897 4555 servaverant,

2012 4477 2194 4541 χίῶνος
2237 4475 2456 4548 στήλαις
2492 4476 2587 4529 καὶ
2627 4474 2826 4546 βίϐλοις
2892 4476 3064 4546 ἱεραῖς
3104 4474 3212 4527 τῶν
3278 4471 3573 4545 προφητῶν

329 4575 665 4646 prodendum
717 4590 839 4633 esse
894 4579 1182 4635 canebant.
1224 4579 1349 4635 Haec
1380 4578 1579 4646 Moses,
1621 4581 1734 4637 haec
1768 4582 1896 4637 reli-

328 4654 422 4735 qui
475 4667 603 4741 item
656 4669 950 4740 prophetae,
981 4671 1077 4742 qui
1134 4687 1324 4729 omnes
1358 4673 1412 4726 in
1447 4689 1565 4739 ιιιιο
1585 4688 1716 4739 ore,
1750 4676 1895 4745 quod

329 4766 450 4812 erat
473 4757 733 4833 futurum,
760 4760 1120 4831 nuntiabant;
1159 4771 1320 4833 atque
1338 4764 1452 4819 haec
1471 4773 1590 4819 erat
1611 4780 1776 4821 causa
1797 4780 1898 4822 cur

329 4848 545 4914 divinus
565 4850 802 4921 Spiritus
825 4852 1031 4917 amaret
1059 4854 1308 4911 homines
1357 4863 1412 4919 et
1463 4857 1800 4928 corriperet,
1834 4865 1901 4919 ut

335 4938 589 5001 videlicet
616 4941 710 4997 Dei
740 4943 1119 5013 cognitionem,
1152 4945 1323 5023 ipsos,
1383 4954 1801 5023 supremamque
1829 4949 1897 5006 de

328 5028 491 5086 Patre
518 5047 582 5087 ac
614 5031 755 5088 Filio
784 5034 1112 5105 theologiam
1146 5037 1398 5107 doceret,
1443 5039 1747 5112 iisdemque
1784 5050 1897 5113 tra-

328 5119 485 5179 deret
510 5138 650 5179 vera:
694 5124 840 5202 illius
863 5126 1090 5200 pietatis,
1114 5143 1319 5199 morem
1346 5169 1364 5191 ,
1396 5136 1451 5186 et
1470 5114 1538 5187 ad
1581 5133 1896 5190 memoriam

326 5212 599 5283 redigeret
627 5229 723 5270 eos
751 5217 847 5286 qui
875 5215 1150 5286 quondam
1172 5228 1362 5273 omnes
1386 5213 1687 5295 honestatis
1714 5226 1899 5292 partes

326 5303 781 5374 complevissent,
813 5323 1027 5389 necnon
1062 5324 1158 5383 eos
1205 5312 1301 5381 qui
1326 5296 1734 5384 posterioribus,
1762 5320 1899 5380 tem-

327 5391 553 5471 poribus
575 5408 605 5447 a
625 5395 826 5464 pietate
853 5398 1069 5469 rituque
1096 5398 1364 5468 majorum
1398 5414 1626 5455 suorum
1661 5399 1896 5454 excidis—

326 5493 482 5553 sent,
524 5500 727 5555 eosque
771 5488 933 5559 longa
964 5491 1223 5561 oratione,
1257 5491 1718 5562 reprehenderet:
1769 5492 1897 5565 item

325 5584 548 5631 caneret
590 5577 878 5634 adventum
925 5580 1224 5639 Salvatoris
1265 5600 1328 5639 ac
1360 5583 1607 5653 Doctoris
1660 5584 1899 5645 universi

307 5668 552 5741 “humani
584 5671 829 5753 generis,
855 5679 910 5729 et
941 5688 1038 5743 per
1064 5657 1299 5730 illum'in
1331 5682 1560 5758 cunctas
1593 5660 1780 5747 gentes
1804 5692 1902 5730 ano

326 5762 493 5839 tiqua:
507 5752 859 5817 Hebraeorum
876 5764 1153 5835 religionis
1173 5752 1616 5837 prOpagationem
1638 5765 1897 5835 futuram,

1998 4570 2303 4644 συμφώνως
2345 4567 2840 4640 ἀναπεφωνημένα.
2882 4566 3032 4619 Αὐτά
3075 4564 3140 4636 δὴ
3165 4562 3365 4642 ταῦτα,
3411 4562 3446 4617 ἃ
3477 4563 3570 4617 καὶ

1997 4666 2126 4735 ἡμῖν
2146 4702 2167 4733 ,θ
2213 4663 2395 4725 αὐτοῖς
2435 4660 2731 4731 ὀφθαλμοῖς
2782 4657 2919 4730 μετά
2955 4659 3047 4712 τὸν
3098 4658 3308 4729 μακρὸν
3359 4655 3528 4710 αἰῶνα
3552 4696 3567 4720 ,

1996 4759 2165 4811 είσέτι
2217 4756 2311 4810 νῦν
2371 4754 2720 4828 πληρούμενα
2768 4754 3058 4824 συνορᾶται
3085 4768 3099 4782 ⁸
3160 4752 3260 4823 μιᾷ
3316 4750 3372 4804 δὲ
3416 4751 3568 4820 φωνῇ

1997 4855 2194 4919 πάντες
2232 4849 2375 4909 οὗτοι
2407 4854 2501 4908 καὶ
2522 4853 2651 4924 θείῳ
2676 4850 2957 4922 Πνεύματι
2987 4850 3237 4921 κάτοχοι,
3272 4850 3438 4903 πᾶσιν
3474 4850 3572 4903 ἀν·-

1996 4946 2233 5018 θρώποις
2276 4947 2337 5000 τὸ
2384 4945 2498 5017 φῶς
2545 4945 2644 5015 τῆς
2687 4939 2919 5016 ἀληθοῦς
2968 4942 3369 5015 προεκήρυττον
3414 4940 3571 4993 εὐσε-

1996 5036 2179 5101 ϐείας·
2213 5038 2435 5107 ἁγνείαν
2474 5052 2533 5089 τε
2568 5035 2746 5106 ψυχῆς
2786 5035 2880 5088 καὶ
2913 5032 3185 5103 σώματος,
3228 5030 3465 5103 παντελῆ
3505 5049 3568 5086 τε

1996 5129 2258 5201 κάθαρσιν
2279 5128 2537 5191 διανοίας,
2559 5126 2626 5198 ἢν
2650 5126 2803 5181 αὐτοὶ
2826 5125 3087 5198 πρότερον
3108 5122 3428 5195 ἠσκηκότες,
3455 5124 3571 5184 τοῖς

1998 5219 2256 5292 ὑπηκόοις
2280 5217 2676 5291 προύϐάλλοντο
2697 5258 2712 5283 ,
2762 5217 2941 5288 πάσης
2972 5215 3269 5270 ἀκολάστου
3316 5213 3569 5284 πράξεως

1997 5312 2121 5376 τοὺς
2168 5296 2500 5383 προσιόντας
2535 5309 2888 5381 ἀπείργοντες
2922 5347 2937 5372 ,
2986 5306 3119 5379 μηδὲ
3148 5308 3248 5377 τῆς
3305 5303 3567 5358 πολυθέου

1998 5404 2205 5474 πλάνης
2240 5400 2632 5473 ἀπομιμεῖσθαι
2663 5400 2760 5464 τάς
2804 5399 3104 5469 ὲκθέσμους
3156 5394 3563 5465 ἐπιτηδεύσεις,

1999 5491 2377 5565 προτροπάδην
2392 5490 2449 5563 δὲ
2469 5490 2689 5561 φεύγειν
2699 5489 3037 5551 διδάσκοντες
3057 5489 3235 5540 πᾶσαν
3246 5483 3565 5556 δαιμονικὴν

1999 5585 2330 5656 ἐγχείρησιν,
2356 5582 2452 5637 καὶ
2484 5583 2583 5654 τὰς
2614 5581 2779 5635 πάλαι
2816 5578 3311 5649 περισπουδάστους
3349 5577 3565 5641 ὲκείνας

1998 5674 2480 5749 ἀνθρωποθυσίας,
2539 5671 2639 5737 τάς
2687 5664 2763 5725 τε
2792 5670 3023 5742 αίσχράς
3089 5671 3182 5723 καὶ
3236 5668 3579 5753 ὲπιῤῥήτους

2004 5769 2131 5838 περὶ
2168 5767 2304 5821 θεῶν
2340 5762 2649 5838 διηγήσεις,
2679 5759 2753 5820 ὧν
2798 5764 3182 5833 ἀπείργοντες,
3218 5759 3364 5848 μόνιρ
3395 5774 3563 5829 προσ-
