3880 6256
267 353 359 410 ’5ιὸ

1207 365 1851 422 DEMONSTRATIONIS
1889 366 2344 423 EVANGELICJE
2379 365 2507 420 ΜΒ.
2548 365 2613 422 ν.

3427 369 3531 427 348

282 478 483 549 ανέχειν
537 485 940 541 συνεϐούλευον
987 487 1064 558 τῷ
1087 489 1304 544 πάντων
1345 490 1659 560 δημιουργῷ
1716 490 1832 560 Θεῷ

1958 491 2256 545 nuntiaret.
2310 488 2434 543 Haec
2466 495 2590 545 sunt
2624 502 2743 558 quae
2783 487 2850 542 ab
2906 486 3062 541 initio
3089 493 3141 540 et
3171 486 3361 540 titulus
3391 495 3443 542 et
3464 489 3532 542 li-

287 567 364 626 οἷα
394 573 580 645 ὲφόρῳ
628 580 728 631 καὶ
778 583 933 652 κριτῇ
982 581 1298 652 τυγχάνοντι
1327 582 1433 635 τῶν
1467 585 1522 634 ὲν
1553 581 1856 653 ἀνθρώποις

289 668 674 738 πραττομένων
695 686 710 700 ·
750 671 881 740 μηδὲ
910 673 1122 740 ἀγνοεῖν
1149 673 1241 726 τὸν
1275 673 1532 743 μέλλοντα
1558 676 1636 737 εἰς
1659 673 1858 744 ἀνθρώ-

287 774 412 820 πους
462 759 756 829 ἐπιδημεῖν
786 761 1016 832 Χριστὸν
1060 763 1153 816 τοῦ
1202 763 1358 828 Θεοῦ,
1390 764 1613 834 Σωτῆρα
1660 763 1857 827 παντὸς

283 847 469 915 γένους
521 847 850 920 ἀνθρώπων,
884 853 978 905 ml
1026 854 1337 907 διδάσκαλον
1387 854 1672 925 βαρϐάρων
1721 853 1854 923 ὁμοῦ

279 937 370 990 ml.
407 938 682 1009 Ἑλλήνων
714 942 992 1006 εὐσεϐείας
1045 945 1140 1015 τῆς
1185 944 1416 1015 ἀληθοῦς
1446 944 1855 1015 καταστησόμε-

277 1045 382 1082 νον.
415 1030 689 1085 Τοσοῦτόν
715 1050 766 1086 τι
805 1029 872 1105 ἦν
900 1034 962 1087 τὸ
987 1034 1239 1107 διάφορον
1271 1037 1376 1090 τῶν
1420 1038 1524 1090 ὑπὸ
1574 1037 1664 1090 τοῦ
1711 1037 1853 1090 θείου

276 1121 600 1192 Πνεύματος
625 1124 868 1194 κατόχων
916 1127 1011 1178 καὶ
1060 1126 1166 1180 τῶν
1218 1129 1322 1181 ὑπὸ
1366 1128 1680 1199 δαιμονικῆς
1707 1131 1856 1200 ἐνερ-

276 1212 430 1281 γείας
465 1215 825 1284 μαντεύεσθαι
861 1219 1358 1289 προσποιουμένων.
1387 1216 1520 1286 Εἶτα
1549 1221 1610 1273 τὸ
1634 1221 1730 1290 μὲν
1755 1237 1854 1273 πο-

273 1305 436 1375 νηρὸν
493 1306 792 1376 δαιμόνιον,
835 1303 925 1362 οἷα
984 1310 1207 1373 σκότους
1255 1311 1472 1376 οἰκεῖον,
1521 1312 1706 1365 σκότον
1760 1311 1854 1364 καὶ

272 1393 440 1463 ἀχλὺν
473 1394 800 1464 περιϐάλλον
825 1399 891 1468 τῇ
918 1396 1061 1468 ψυχῇ
1097 1399 1182 1450 διὰ
1207 1399 1307 1468 τῆς
1340 1400 1733 1470 ὲμφοιτήσεως,
1758 1399 1852 1452 τοῦ

275 1485 561 1555 ὑποφήτου
610 1481 698 1540 οἷα
746 1489 938 1559 νεκρὸν
987 1489 1218 1561 ὲξήπλου
1265 1489 1358 1543 τοῦ
1406 1491 1547 1545 κατά
1580 1491 1738 1559 φύσιν
1763 1491 1849 1543 λο-

269 1573 471 1643 γισμοῦ
515 1579 1008 1648 παρενηνεγμένον,
1039 1581 1148 1633 οὐδ’
1180 1581 1439 1652 ἑπόμενον
1476 1585 1586 1645 τοῖς
1629 1582 1852 1653 λεγομέ-

271 1681 381 1727 νοις
407 1664 443 1735 ﬂ
481 1668 879 1738 πραττομένοις
907 1670 974 1723 δι’
999 1671 1185 1735 αὑτοῦ,
1220 1673 1494 1738 παντελῶς
1525 1675 1568 1728 δ’
1594 1675 1851 1747 ἀναίσθη-

267 1769 358 1807 τον
384 1754 478 1807 ml
511 1756 866 1827 παράφρονα·
902 1759 1029 1830 παρ’
1062 1760 1089 1812 ὃ
1117 1760 1210 1813 καὶ
1241 1763 1516 1831 μαντείαν,
1550 1762 1738 1835 ῶσπερ
1763 1782 1846 1817 τι-

1959 581 2071 636 bris
2105 581 2277 636 sacris
2305 579 2689 654 prophetarum
2714 618 2728 642 ,
2761 577 3016 632 concordi
3070 592 3203 632 voce
3252 578 3529 632 enuntiata

1958 671 2199 735 fuerunt;
2225 673 2362 742 ipsa,
2393 672 2634 741 inquam,
2665 669 2798 736 haec,
2819 685 2940 740 quae
2959 670 3123 724 etiam
3146 685 3249 724 nos
3273 678 3396 740 post
3411 671 3530 725 lon-

1956 765 2240 836 gissimum
2283 771 2519 833 tempus,
2552 761 2818 816 hodierno
2853 761 2972 831 ipso
3001 761 3088 816 die
3109 762 3370 830 compleri
3395 777 3528 816 ocu-

1956 857 2024 912 lis
2054 857 2254 912 nostris
2283 855 2576 911 intuemur.
2608 853 2672 908 ﬂi
2704 869 2832 908 vero
2857 869 3046 909 omnes
3067 869 3178 907 uno
3199 868 3314 918 ore,
3341 853 3528 909 divino

1957 947 2162 1016 Spiritu
2192 947 2376 1014 amati,
2413 946 2624 1001 cunctis
2654 944 2966 999 hominibus
3013 946 3194 998 lumen
3237 960 3378 998 verae
3421 946 3527 1014 pie-

1955 1039 2082 1092 tatis
2113 1037 2445 1107 aperiebant,
2479 1043 2639 1106 atque
2672 1036 2866 1088 animae
2909 1041 2963 1088 et
3018 1033 3264 1103 corporis
3311 1034 3526 1089 castita.

1953 1138 2060 1183 tem
2101 1129 2503 1199 perfectamque
2533 1126 2731 1182 mentis
2758 1125 3136 1195 purgationem
3171 1124 3524 1178 commenda-

1954 1219 2103 1272 bant.
2138 1219 2310 1285 Quam
2335 1233 2460 1276 cum
2482 1217 2585 1288 ipsi
2611 1218 2762 1288 prius
2784 1216 3178 1278 exercuissent,
3205 1215 3274 1268 iis
3296 1214 3390 1283 qui
3417 1214 3520 1269 sibi

1953 1310 2362 1374 auscultarent,
2410 1308 2821 1379 proponebant,
2857 1314 2912 1362 et
2944 1307 3012 1361 ab
3039 1306 3187 1362 omni
3219 1306 3400 1361 minus
3427 1307 3522 1360 ho-

1953 1409 2107 1455 nesta
2134 1403 2346 1456 actione
2372 1415 2468 1456 eos
2495 1399 2586 1470 qui
2611 1399 2678 1452 ad
2707 1413 2765 1453 se
2790 1397 3128 1462 accederent,
3161 1395 3521 1465 prohibebant

1951 1489 2422 1560 deterrebantque,
2451 1505 2519 1546 ne
2550 1488 2730 1544 studia
2773 1486 2864 1540 illa
2910 1485 3114 1541 nefaria
3173 1485 3522 1538 imitarentur

1950 1598 2080 1654 quas
2092 1583 2157 1637 ab
2181 1598 2362 1638 errore
2379 1581 2593 1637 colendi
2613 1579 2814 1634 multos
2830 1579 2962 1634 deos
2993 1576 3232 1649 profecta
3260 1576 3474 1630 fuerant
3501 1593 3514 1628 :

1951 1685 2066 1730 tum
2099 1676 2361 1746 praecipiti
2393 1675 2630 1748 quodam
2661 1691 2827 1730 cursu
2854 1673 3142 1736 docebant,
3182 1680 3242 1724 ut
3269 1668 3519 1738 fugerent

1952 1780 2169 1820 omnem
2181 1765 2539 1820 daemonicam
2557 1765 2926 1826 traditionem,
2935 1762 3252 1830 priscasque
3267 1760 3392 1814 illas.
3405 1773 3518 1812 om-

266 1845 332 1898 νὰ
368 1846 594 1916 μανίαν,
624 1847 848 1912 εἰκότως
883 1828 1092 1903 ἐοίκασι
1135 1828 1466 1922 τὴν-τοιάνδε
1497 1828 1833 1907 κατάπτωσω

1949 1856 2004 1910 ni
2022 1856 2204 1911 studio
2217 1857 2515 1911 celebratas
2529 1856 2807 1909 hominum
2825 1852 3181 1907 mactationes
3192 1889 3206 1914 ,
3220 1850 3517 1915 obscenasv

265 1937 691 2009 ὲπικεκληκέναι
709 1957 722 1970 ·
750 1939 814 1992 ea
859 1941 915 1994 δέ
956 1959 1018 2010 γε
1046 1943 1260 2012 ἀληθῶς
1282 1945 1374 1997 καὶ
1395 1944 1572 1998 ἔνθεον
1602 1946 1844 2017 Πνεῦμα,

266 2031 576 2098 φωτοειδὲς,
613 2032 812 2102 μᾶλλον
837 2034 893 2087 δὲ
923 2035 1194 2124 φῶὶαὑτδ
1229 2039 1514 2109 τυγχάνον,
1605 2038 1668 2092 ἂν
1699 2040 1849 2092 ἐπέλ-

265 2121 530 2194 θῃψυχῇ,
558 2123 748 2195 καινὴν
779 2121 1114 2198 παραχρῆμα
1144 2131 1235 2182 ml
1263 2129 1649 2202 λαμπροτάτην
1671 2132 1848 2201 φωτὸς

266 2211 480 2284 ἡμέραν
527 2214 586 2265 ὲν
633 2215 772 2286 αὐτῇ
801 2217 1209 2288 κατειργάζετο,
1243 2220 1626 2292 διαυγεστέραν
1656 2239 1715 2275 τε
1753 2223 1846 2275 ml

265 2302 751 2377 θεωρητικωτέραν
797 2308 931 2361 πολὺ
979 2308 1140 2363 πλέον
1189 2309 1286 2373 νῦν
1325 2311 1358 2382 ἢ
1393 2313 1654 2384 πρότερον
1676 2312 1844 2384 αὐτὴν

266 2393 433 2462 αὐτῆς
456 2395 777 2463 ἀποφαῖνον,
823 2396 962 2451 ὥστε
981 2401 1172 2470 νήφειν
1196 2401 1289 2458 ml
1307 2403 1687 2474 ἐγρηγορέναι,
1718 2421 1844 2457 συν-

266 2485 394 2554 ορᾷν
421 2501 482 2537 τε
503 2487 720 2541 πάντων
756 2489 988 2558 μάλιστα
1021 2494 1114 2545 ml
1147 2493 1456 2564 συγκρίνειν
1489 2495 1558 2549 τὰ
1597 2495 1844 2559 θεσπιζό-

271 2588 434 2652 μεναο
466 2578 596 2643 παρ’
622 2577 650 2628 ὅ
679 2594 770 2647 μοι
799 2578 1061 2650 δοκοῦμεν
1089 2577 1147 2635 εὖ
1179 2583 1274 2635 καὶ
1304 2583 1516 2654 ἀληθῶς
1563 2589 1842 2657 προφήτας

267 2666 554 2719 ἀποκαλεῖν
577 2669 704 2732 τοὺς
725 2671 984 2734 τοιούσδε,
1006 2673 1156 2743 παρά
1175 2675 1238 2727 τὸ
1261 2676 1576 2748 προφαίνειν
1598 2679 1691 2732 καὶ
1712 2696 1842 2750 προ-

270 2756 519 2822 φωτίζειν
548 2760 605 2811 ὲν
635 2759 818 2824 αὐτοῖς
846 2764 904 2814 τὸ
932 2763 1072 2816 θεῖον
1099 2765 1320 2836 Πνεῦμα
1350 2769 1422 2839 μὴ
1449 2769 1607 2834 μόνον
1633 2769 1699 2821 τὰ
1734 2788 1839 2822 πα-

272 2848 444 2924 ρόντα,
473 2849 611 2902 ἀλλὰ
655 2853 749 2905 καὶ
797 2853 906 2905 τῶν
960 2855 1259 2924 μελλόντων
1303 2857 1474 2929 ἀληθῆ
1508 2858 1601 2911 ml.
1639 2859 1837 2931 ἀκριϐῆ

269 2937 484 3002 γνῶσιν.
518 2939 797 3008 Σκέψασθε
826 2941 882 2994 δὲ
911 2945 958 2996 εἰ
992 2945 1065 3014 μὴ
1098 2944 1230 2997 πολὺ
1269 2947 1529 3018 κρείττων
1558 2941 1711 3012 οὗτος
1745 2949 1839 3003 καὶ

268 3031 467 3102 ἀληθὴς
497 3034 525 3086 ὁ
551 3033 728 3102 λόγος,
762 3035 984 3104 φάσκων
1035 3038 1256 3108 Πνεῦμα
1305 3038 1444 3092 θεῖον
1475 3040 1677 3110 ψυχαῖς
1721 3041 1839 3093 ὲπι-

269 3125 450 3193 φοιτᾷν
487 3123 946 3195 κεκαθαρμέναις,
975 3128 1068 3193 καὶ
1114 3128 1188 3198 νῷ
1239 3128 1440 3201 λογικῷ
1489 3132 1582 3184 ml.
1629 3132 1838 3200 διαυγεῖ
1861 3157 1907 3218 c

268 3210 394 3282 πρὸς
417 3213 682 3284 ὑποδοχὴν
707 3215 800 3267 τοῦ
834 3216 988 3269 Θείου
1021 3203 1576 3290 παρεσκευασμέναις,
1611 3223 1643 3293 ἢ
1670 3225 1697 3276 ό
1725 3222 1834 3276 τῶν

269 3301 322 3353 ἐν
348 3302 539 3374 ἀψύχῳ
568 3303 668 3376 ὕλῃ
701 3305 794 3358 ml.
820 3307 1054 3370 σκοτίοις
1083 3311 1272 3378 μυχοῖς
1295 3309 1747 3363 ὲναποκλειόντων
1775 3309 1835 3362 τὸ

265 3389 429 3457 Θεῖον,
458 3391 516 3444 ἐν
546 3409 606 3445 τε
636 3393 906 3460 γυναικῶν
939 3395 1033 3446 ml.
1065 3394 1274 3466 ἀνδρῶν
1325 3396 1384 3448 οὺ
1428 3396 1696 3466 καθαραῖς
1739 3395 1835 3465 ψυ-

269 3484 401 3550 χαῖς,
432 3481 531 3554 ἤδη
561 3483 619 3536 δὲ
647 3485 740 3536 ml
767 3485 860 3537 ἐπὶ
887 3485 1126 3557 κόρακας
1156 3487 1249 3539 xal
1279 3486 1501 3557 ἱέρακας
1527 3487 1620 3540 καὶ
1642 3487 1833 3550 ἄλλους

264 3575 497 3637 οἰωνοὺς,
529 3575 621 3627 ἐπί
651 3593 712 3628 τε
741 3572 900 3645 αἶγας
924 3577 1017 3630 ml.
1043 3577 1178 3631 ἀλλα
1205 3577 1339 3643 ζῶα,
1368 3578 1454 3638 ναὶ
1487 3578 1593 3648 μὴν
1623 3579 1718 3644 καὶ
1740 3579 1831 3650 ἐπὶ.

264 3661 459 3718 ὑδάτων
501 3667 805 3730 συστάσεις,
836 3667 892 3720 ἐν
922 3685 982 3720 τε
1013 3669 1462 3739 ήπατοσκοπίαις,
1500 3669 1592 3722 ml.
1634 3669 1829 3740 αἵμασι

262 3757 489 3828 νοσερῶν
525 3759 623 3812 καὶ
648 3758 1235 3829 εἰδεχθῶνικνωδάλων,
1267 3760 1511 3831 ἑρπετῶν
1527 3779 1586 3814 τε
1610 3760 1828 3814 ἰοϐόλων

259 3845 518 3917 σώμασιν,
547 3843 658 3902 οἷον
696 3850 1001 3921 δρακόντων
1049 3851 1144 3905 καὶ
1188 3850 1388 3921 γαλῶν,
1424 3851 1516 3908 καί
1547 3869 1706 3907 τινων
1734 3852 1828 3905 ἄλ-

256 3937 354 3990 λων
378 3940 827 4010 τοιουτοτρόπων,
858 3941 924 3998 δι’
953 3937 1027 3995 ὧν
1059 3942 1157 4013 τὴν
1206 3941 1314 3996 τῶν
1367 3943 1664 4013 μελλόντων
1692 3943 1825 4016 πρό-

256 4048 446 4101 γνωσιν
479 4035 534 4086 οἰ
559 4033 850 4105 θαυμάσιοι
877 4035 970 4088 τὸν
1008 4037 1100 4090 ἐπὶ
1134 4037 1349 4091 πάντων
1378 4038 1510 4091 Θεὸν
1548 4040 1824 4109 ἐκφαίνειν

255 4122 602 4196 ὑπειλήφασι.
634 4125 804 4180 Τοῦτο
847 4128 892 4181 δ’
921 4127 1134 4200 ἀνδρῶν
1175 4124 1243 4200 ἦν
1293 4128 1368 4200 μὴ
1401 4131 1820 4202 συνεωρακότων

253 4215 378 4269 Θεοῦ
410 4217 595 4286 φύσιν,
635 4218 768 4287 μηδέ
797 4236 861 4287 γε
891 4219 1034 4273 θείου
1057 4220 1370 4292 Πνεύματος
1396 4221 1622 4292 δύναμιν
1645 4225 1824 4276 ἐπινε-

249 4308 538 4376 νοηκότων,
573 4308 819 4379 οὐδαμῶς
872 4311 968 4380 μὲν
1023 4311 1500 4382 ὲμφιλοχωροῦσαν
1532 4313 1755 4384 ἀψύχοις
1783 4315 1817 4384 ἢ

247 4397 456 4468 ἀλόγοις
507 4397 684 4465 ζώοις,
719 4400 832 4453 ἀλλ’
860 4403 968 4454 οὐδ’
999 4404 1056 4454 ἐν
1101 4402 1337 4471 λογικοῖς
1387 4403 1608 4468 ἆπασιν,
1641 4407 1689 4458 εἰ
1743 4408 1815 4478 μή

1955 1957 2059 2011 que
2089 1943 2156 1997 de
2175 1943 2282 1997 diis
2315 1950 2369 1996 et
2402 1941 2668 1997 nefandas
2698 1941 3077 1995 narrationes:
3111 1956 3139 1992 a
3169 1939 3367 2014 quibus
3389 1953 3513 1991 cum

1947 2031 2195 2086 homines
2214 2033 2587 2102 prohiberent,
2607 2048 2778 2088 unum
2794 2031 3032 2086 universi
3054 2031 3300 2100 opificem
3318 2027 3512 2094 Deum,

1947 2123 2111 2193 209
2141 2125 2298 2194 quasi
2329 2124 2614 2194 praesidem
2649 2137 2712 2178 ac
2747 2122 2988 2192 judicem
3021 2121 3264 2176 omnium
3291 2134 3412 2189 quae
3444 2120 3513 2174 ab

1947 2212 2260 2266 hominibus
2304 2220 2557 2282 agantur,
2606 2218 2667 2265 ut
2696 2203 3057 2274 attendereut,
3099 2209 3509 2264 hortabantur:

1945 2312 2108 2374 atque
2162 2305 2380 2358 interim
2432 2320 2500 2358 ne
2538 2306 2856 2374 ignorarent
2903 2317 3050 2366 eum,
3101 2301 3196 2371 qui
3246 2307 3516 2363 venturus.

1942 2400 2058 2447 erat
2089 2393 2156 2447 ad
2181 2393 2448 2457 homines,
2484 2393 2764 2449 Christum
2801 2393 2986 2463 utique
3024 2391 3138 2455 Dei,
3171 2390 3507 2450 Salvatorem

1944 2483 2185 2538 universi
2222 2484 2445 2538 humani
2469 2485 2707 2556 generis,
2739 2499 2803 2538 ac
2829 2483 3113 2538 Doctorem
3164 2497 3273 2536 non
3322 2480 3516 2537 minus.

1942 2573 2188 2628 barbaris
2237 2589 2399 2643 quam
2451 2575 2654 2629 Graecis
2706 2591 2842 2629 vene
2891 2574 3106 2645 pietatis
3151 2574 3503 2627 destinatum.

1941 2664 2067 2719 Haec
2119 2680 2252 2720 sane
2303 2672 2421 2720 erat
2473 2665 2780 2720 differentia
2816 2667 2959 2720 inter
2986 2680 3082 2720 eos
3113 2665 3206 2734 qui
3240 2661 3510 2733 Spiritum

1942 2757 2038 2811 Dei
2065 2767 2400 2827 receperant,
2433 2767 2486 2813 et
2515 2774 2610 2813 eos
2639 2759 2731 2828 qui
2777 2758 3078 2812 daemonico
3129 2757 3391 2809 instinctu
3418 2753 3504 2808 di-

1939 2847 2268 2901 vinationem
2331 2847 2746 2917 profitebantur.
2798 2846 3000 2901 Deinde
3029 2859 3253 2915 pravum
3285 2842 3500 2912 quidem

1941 2939 2366 3009 unumquodque
2435 2940 2758 2993 daemonium
2827 2947 3086 3006 tanquam
3153 2934 3500 2988 tenebrarum

1939 3033 2192 3098 amicum,
2240 3031 2481 3085 animum
2527 3031 2765 3085 tenebris
2805 3038 2860 3083 et
2914 3029 3144 3097 caligine
3198 3025 3506 3096 involvens,

1939 3138 2164 3178 accessu
2204 3137 2305 3178 suo
2333 3137 2716 3192 quemcunque
2752 3118 2855 3174 sibi
2889 3119 3219 3187 subjecerat,
3265 3113 3510 3180 naturali

1938 3234 2039 3273 usu
2071 3218 2300 3272 rationis
2332 3217 2700 3278 deturbatum,
2733 3214 2888 3283 quasi
2917 3219 3188 3266 mortuum
3222 3207 3500 3264 distende-

1934 3310 2045 3364 bat.
2084 3308 2272 3379 Itaque
2306 3309 2396 3362 ille
2416 3315 2674 3376 tanquam
2716 3306 2862 3358 omni
2899 3319 3060 3358 sensu
3095 3301 3383 3372 spoliatus,
3415 3299 3500 3352 fa-

1933 3410 2162 3470 etusque
2191 3414 2398 3461 amens,
2429 3397 2559 3467 quid
2598 3411 2628 3449 a
2671 3411 2730 3451 se
2759 3395 2841 3448 vel
2881 3394 3154 3448 diceretur
3184 3391 3269 3446 vel
3303 3405 3493 3459 agere-

1932 3501 2040 3554 tur,
2067 3489 2380 3559 neutiquam
2408 3488 2762 3557 intelligentia
2797 3486 3250 3555 consequebatur.
3287 3482 3364 3536 Ex
3388 3497 3500 3552 qua

1930 3599 1990 3638 re
2023 3583 2218 3648 merito
2253 3579 2563 3636 istiusmodi
2611 3578 2924 3632 alienationi
2973 3591 3170 3630 nomen
3217 3575 3494 3643 imposue~

1928 3681 2079 3738 runt,
2113 3674 2257 3742 quod
2298 3687 2422 3726 cum
2453 3670 2843 3725 divinationem
2890 3666 3173 3737 significet,
3230 3680 3260 3718 a
3309 3664 3494 3718 furore

1926 3765 2142 3820 videtur
2183 3779 2309 3821 esse
2344 3762 2658 3818 deductum.
2713 3759 2890 3815 Verus
2937 3767 3116 3812 autem
3165 3757 3494 3827 divinusque

1928 3857 2168 3934 Spiritus
2201 3871 2325 3924 cum
2373 3854 2765 3915 lucidissimus,
2807 3867 2869 3905 ac
2909 3851 3090 3920 potius
3124 3850 3240 3919 ipsa
3274 3849 3366 3902 lux
3396 3849 3489 3912 sit,

1926 3945 1993 4004 ad
2021 3962 2402 4018 quamcunque
2435 3945 2672 3999 animam
2697 3949 3028 4004 accesserat,
3060 3945 3114 3995 in
3140 3957 3202 3996 ea
3229 3943 3490 3996 continuo

1923 4057 2122 4110 novum
2182 4057 2246 4097 ac
2297 4039 2800 4113 splendidissimum
2851 4037 2991 4092 lucis
3033 4037 3176 4091 diem
3207 4049 3490 4106 compara—

1923 4137 2035 4200 bat,
2066 4135 2422 4205 eamdemque
2449 4141 2503 4188 et
2536 4133 2766 4187 nitidam
2807 4138 2860 4187 et
2899 4131 2967 4184 ad
3010 4129 3485 4199 contemplandum

1922 4225 2192 4290 idoneam,
2216 4226 2388 4280 multo
2419 4223 2652 4293 amplius
2682 4238 2828 4277 nunc
2850 4237 3011 4292 quam
3038 4221 3188 4291 prius
3209 4236 3330 4276 esse
3355 4235 3488 4274 con-

1921 4318 2213 4381 sucvisset,
2248 4317 2528 4371 reddebat.
2561 4313 2750 4385 Itaque
2783 4329 2906 4368 cum
2943 4315 3176 4368 maxime
3215 4320 3270 4367 et
3312 4311 3484 4367 sobrii

1920 4418 2098 4472 erant,
2123 4417 2176 4464 et
2206 4409 2520 4480 vigilabant,
2552 4417 2606 4462 et
2636 4423 2745 4479 prae
2778 4407 2899 4460 aliis
2945 4407 3198 4460 omnibus
3232 4420 3353 4474 qua
3387 4418 3482 4457 ca-

248 4506 370 4543 ποτε
443 4491 554 4561 ἄρα
601 4491 632 4561 ἦ
686 4492 1076 4564 μόνωνψυχῶν
1119 4494 1212 4547 ml
1257 4496 1533 4567 ὲναρέτοίς
1589 4496 1816 4568 ψυχαῖς,

1933 4503 2143 4565 nebant,
2179 4502 2282 4571 ipsi
2317 4502 2670 4555 intuebantur
2718 4508 2772 4555 et
2820 4499 3228 4568 comparabant.
3265 4497 3344 4552 Ex
3371 4514 3482 4568 quo

246 4581 382 4644 οἴους
427 4582 562 4651 ἡμῖν
609 4582 810 4652 ἀρτίως
837 4585 865 4636 ὁ
888 4583 1042 4652 λόγος
1067 4585 1196 4647 τοὺς
1235 4584 1498 4656 Ἐϐραίων
1534 4587 1816 4659 ὑπέγραψε

248 4675 554 4744 προφήταςο
587 4674 681 4738 οὓς
710 4675 804 4728 τοῦ
837 4675 980 4728 θείου
1012 4677 1325 4748 Πνεύματός
1361 4696 1538 4750 φαμεν
1582 4677 1816 4750 ἀξιωθῆ-

244 4781 323 4817 ναι
360 4765 615 4834 μεγάλων
655 4767 839 4820 ἕνεκεν
871 4770 1212 4838 πραγμάτων
1239 4756 1560 4841 οἰκουμένης
1598 4771 1816 4842 ἀπάσης

246 4854 542 4928 ἀνθρώπων
584 4856 859 4926 βελτιώσει
903 4859 1371 4931 συμϐαλλομένων.
1400 4863 1464 4914 Εἰ
1487 4861 1543 4914 δέ
1577 4863 1689 4914 ποτ’
1712 4863 1810 4914 αὐ-

242 4948 348 5011 τοῖς
379 4948 538 5011 σκιᾶς
566 4947 722 5020 δίκην
751 4949 1103 5020 ἐπηκολούθει
1131 4951 1190 5006 τὸ
1214 4952 1308 5005 καὶ
1335 4952 1402 5005 τά
1437 4953 1680 5024 παρόντα
1703 4953 1812 5006 τῶν

251 5035 420 5104 μέσων
448 5036 544 5090 ml
568 5025 876 5108 ἀδιαφόρων
902 5039 1206 5111 γνωρίζειν,
1237 5042 1331 5098 καὶ
1364 5040 1646 5115 προλέγειν
1673 5043 1812 5096 κατὰ

247 5127 428 5198 καιρὸν
463 5129 534 5183 τά
561 5130 900 5201 ἀγνοούμενα
928 5134 1043 5196 τοῖς
1075 5133 1351 5205 ἐρωτῶσιν
1378 5135 1688 5204 ἀναγκαίως
1715 5137 1810 5210 ml.

249 5220 392 5275 τοῦτο
427 5225 544 5287 τοῖς
588 5224 758 5278 πάλαι
791 5225 976 5288 αὐτοῖς
1019 5225 1385 5297 πλησιάζουσι,
1427 5232 1705 5302 παρεῖχον,
1732 5230 1808 5294 ὡς

249 5310 307 5365 ἀν
339 5315 409 5386 μὴ
438 5315 646 5370 δοκοῖεν
672 5317 723 5371 οἱ
745 5317 913 5388 λίχνοι
933 5320 1060 5392 περὶ
1082 5320 1181 5383 τὰς
1209 5321 1541 5392 προγνώσεις
1571 5321 1806 5391 εὐλόγως

161 5390 178 5410 ⁸
252 5401 544 5469 ἀποκλίνειν
581 5408 675 5460 ἐπὶ
717 5407 789 5460 τὰ
818 5408 921 5473 ἔξω
967 5390 1076 5462 τῶν
1121 5390 1429 5479 ἀλλοφύλων
1458 5411 1624 5464 ἐθνῶν
1669 5390 1802 5482 μαν-

252 5499 355 5549 τεῖα
387 5500 577 5554 σπάνει
609 5500 904 5572 προφητῶν
928 5501 1161 5556 οἰκείων.
1181 5502 1339 5555 Ἀλλά
1369 5502 1540 5555 ταῦτα
1576 5503 1673 5574 μὲν
1700 5495 1810 5557 ὧδε

249 5586 382 5652 τέλος
408 5591 598 5662 ἐχέτω,
631 5592 734 5663 τῆς
769 5593 826 5644 ὲν
871 5595 980 5656 τοῖς
1021 5593 1284 5664 Ἐϐραίων
1318 5597 1622 5666 προφήταις
1653 5595 1802 5659 θείας

245 5679 504 5752 δυνάμεως
537 5684 669 5738 ὂντα
703 5685 1248 5757 παραστατικά.⁹Ὠρα
1277 5685 1340 5756 δὴ
1364 5682 1455 5740 οὖν
1481 5688 1680 5751 αὐτοῖς,
1713 5683 1800 5741 οἷα

240 5769 295 5844 δὴ
320 5774 520 5842 ἐνθέοις
546 5775 777 5848 ἀνδράσι
805 5775 901 5829 καὶ
926 5779 1126 5846 σοφοῖς,
1155 5776 1215 5829 οὐ
1247 5776 1363 5829 κατ’
1393 5776 1676 5849 ἄνθρωπον
1706 5776 1796 5845 γέ-

1919 4588 2050 4642 mihi
2083 4590 2218 4644 bene
2245 4604 2478 4658 vereque
2510 4589 2758 4642 videmur
2795 4603 2890 4642 eos
2933 4587 3027 4658 qui
3074 4589 3208 4642 tales
3256 4587 3482 4642 exstite-

1916 4681 2045 4744 rint,
2078 4695 2275 4735 vocare
2304 4681 2614 4750 prophetas,
2641 4679 2787 4748 quod
2811 4678 3027 4733 divinus
3061 4678 3116 4731 in
3139 4679 3218 4733 eis
3241 4677 3477 4748 Spiritus

1915 4778 2040 4825 ante
2065 4770 2375 4833 ostendere,
2401 4777 2455 4824 et
2487 4769 2691 4823 lumine
2724 4785 2825 4824 suo
2846 4769 3165 4838 anticipare,
3197 4783 3308 4822 non
3336 4784 3476 4839 prae-

1913 4859 2148 4911 sentium
2198 4857 2381 4927 modo,
2432 4872 2616 4911 verum
2669 4857 2830 4911 etiam
2901 4855 3208 4909 futurorum
3265 4870 3471 4921 veram,

1911 4961 2222 5019 certamque
2246 4949 2610 5019 cognitionem
2631 4947 2993 5010 consueverit.
3028 4946 3318 5010 Caeterum,
3342 4963 3476 5002 con-

1908 5041 2266 5111 templamini,
2301 5056 2505 5111 quaeso,
2542 5039 2773 5109 longene
2824 5037 3017 5092 melior
3050 5038 3165 5093 haec
3197 5045 3252 5093 et
3291 5038 3474 5093 verior

1906 5135 2101 5200 oratio,
2132 5148 2254 5204 quae
2280 5135 2356 5188 ait
2378 5133 2620 5188 divinum
2653 5132 2915 5202 Spiritum
2952 5131 3008 5186 in
3039 5131 3249 5186 animas
3272 5145 3474 5200 expur-

1907 5235 2082 5302 gatas,
2117 5235 2170 5281 et
2199 5227 2262 5281 ad
2301 5226 2705 5296 suscipiendam
2733 5225 3077 5278 Divinitatem
3109 5221 3470 5292 intelligentia

1905 5327 1960 5376 et
1993 5320 2203 5374 ratione
2244 5319 2416 5373 nitida
2467 5327 2832 5389 comparatas,
2880 5315 3088 5386 ingredi
3121 5313 3364 5374 solitum,
3398 5329 3466 5366 an

1904 5425 2093 5465 eorum
2124 5411 2217 5480 qui
2259 5411 2314 5463 in
2344 5411 2572 5466 materia
2611 5409 2852 5463 inanima
2881 5415 2936 5462 et
2975 5405 3334 5461 tenebricosis
3376 5421 3464 5458 se-

1902 5503 2168 5574 cessibus,
2220 5501 2462 5557 divinum
2512 5503 2657 5574 quod
2708 5503 2799 5565 sit,
2845 5499 3370 5566 includuntzalque
3403 5498 3459 5548 in

1901 5593 2226 5649 feminarum
2255 5594 2606 5664 virorumque
2636 5594 2866 5664 impuris
2891 5593 3110 5657 animis,
3154 5607 3365 5646 necnon
3399 5589 3455 5643 in

1900 5688 2078 5763 corvis
2133 5695 2294 5756 atque
2341 5687 2691 5759 accipitribus
2723 5687 3022 5757 avibusque.
3058 5685 3289 5748 caeteris,
3324 5698 3462 5754 pra:-

1901 5787 2044 5856 terea
2078 5777 2132 5832 in
2164 5777 2342 5850 capris
2363 5785 2414 5832 et
2447 5778 2671 5850 reliquis
2703 5779 3050 5844 animalibus,
3082 5775 3378 5848 quinetiam
3401 5771 3458 5827 in
