3880 6256
427 355 533 412 547

1041 352 1312 409 EUSEBII
1350 342 1831 409 CESARIENSIS
1867 352 2016 408 OPP.
2048 352 2246 409 PARS.
2286 352 2353 410 Ιι.
2393 383 2461 396 --
2491 347 2986 407 APOLOGETICA.

3556 348 3658 404 368

429 487 693 542 aquarum
719 472 1151 534 collectionibus,
1181 471 1237 525 in
1259 470 1584 541 extispiciis,
1617 471 1673 525 in
1702 471 1993 527 cruoribus

2097 470 2357 541 νομένοις,
2373 470 2491 524 κατ’
2509 470 2790 523 ἐπίπνοιαν
2812 466 2870 521 δὲ
2888 465 3030 520 θείου
3048 462 3187 519 Πνεύ
3196 480 3362 534 ματος
3377 462 3657 518 πείθεσθαι

428 565 741 619 odiosarum
776 581 839 619 ac
871 563 1194 618 deformium
1250 563 1576 628 belluarum,
1608 564 1664 617 in
1695 571 1993 619 venenato-

427 671 549 709 rum
581 659 914 726 serpentium
946 656 1290 725 corporibus,
1316 662 1375 709 ut
1397 653 1697 709 draconum
1719 664 1772 710 et
1794 662 1998 708 muste-

429 746 626 813 larum,
656 757 710 802 et
740 748 973 801 aliorum
1019 748 1259 817 ejusdem
1283 746 1518 817 generis,
1556 761 1651 816 per
1681 761 1803 816 quae
1851 744 1998 798 futu-

428 854 611 895 rarum
648 854 829 894 rerum
861 840 1226 910 cognitionem
1263 854 1293 892 a
1325 854 1581 909 supremo
1622 837 1733 892 Deo
1763 837 1996 892 indicari

427 934 482 981 et
512 928 688 997 prodi,
712 929 1059 986 admirabiles
1083 930 1172 984 isti
1196 936 1248 984 et
1272 928 1471 998 egregii
1497 935 1775 993 auctores,
1802 934 1993 981 contra

427 1033 565 1086 quos
594 1019 851 1083 dicimus,
898 1031 1245 1090 putaverunt.
1282 1021 1444 1090 210
1476 1018 1646 1074 Porro
1710 1019 1854 1072 istuc
1896 1018 1996 1073 ho-

428 1110 635 1163 minum
668 1109 771 1164 fuit
801 1113 1003 1165 nullam
1030 1113 1227 1167 divinae
1253 1123 1460 1166 natura:
1500 1111 1769 1165 rationem
1798 1110 1998 1164 baben-

427 1205 586 1266 tium,
630 1220 805 1273 neque
838 1221 964 1259 vero
996 1220 1241 1274 quamam
1296 1205 1365 1259 sit
1411 1203 1579 1257 divini
1627 1201 1860 1272 Spiritus
1888 1201 1992 1265 vis,

428 1296 920 1361 considerantium,
951 1313 1070 1367 quae
1101 1298 1250 1350 nullo
1276 1295 1437 1350 modo
1461 1295 1699 1348 inanima
1724 1295 1994 1363 brutaque

429 1385 686 1439 animalia
725 1387 961 1442 incolere
1005 1387 1222 1458 gaudet,
1258 1401 1321 1439 ac
1355 1401 1425 1440 ne
1458 1385 1744 1440 rationalia
1775 1383 1993 1453 quidem

428 1484 648 1538 cuncta,
674 1477 766 1531 sed
796 1492 859 1530 ea
888 1486 1095 1531 tantum
1125 1477 1179 1531 in
1210 1492 1444 1546 quorum
1476 1477 1673 1532 animis
1708 1475 1881 1529 virtus
1910 1474 1995 1527 in-

428 1567 503 1620 sit
548 1568 811 1636 perfecta,
853 1570 1041 1638 quales
1071 1569 1231 1638 paulo
1269 1581 1392 1622 ante
1420 1568 1714 1637 pr0phctas
1742 1565 1997 1620 Hebraeo-

427 1672 549 1711 rum
573 1658 749 1712 oratio
772 1666 961 1714 nostra
987 1658 1299 1729 descripsit,
1331 1674 1469 1728 quos
1500 1658 1741 1712 diximus
1773 1671 1996 1725 magna-

427 1763 550 1801 rum
584 1763 765 1804 rerum
812 1764 1000 1814 causa,
1040 1750 1223 1804 divino
1260 1748 1465 1819 Spiritu
1497 1749 1690 1817 dignos
1741 1763 1864 1802 esse
1895 1747 1993 1799 ha-

2094 563 2421 626 διδάσκουσι,
2450 558 2791 615 παιδεύεσθαί
2823 577 2882 612 τε
2911 557 2980 611 τὰ
3010 555 3139 627 παρ’
3168 556 3349 618 αὐτοῖς
3395 554 3655 624 δόγματα,

2096 654 2190 706 καὶ
2232 653 2329 716 τὰς
2359 652 2601 715 εὐσεϐεῖς
2634 652 2728 703 καὶ
2762 648 3126 710 ἀδιαπτώτως
3155 645 3453 715 θεολογίας,
3483 646 3656 700 οὐκέτ’

2096 743 2420 814 ἀμφιϐολίαν
2459 743 2667 813 ἔχοντα,
2702 743 2774 813 μή
2807 758 2881 810 πη
2909 742 3106 812 ἀρετῆς
3148 736 3242 793 καὶ
3284 738 3542 809 ἀληθείας
3567 739 3659 792 ἀλ-

2093 837 2300 907 λότριον
2326 835 2639 904 ἐπάγονται.
2668 835 2789 906 Φέρ’
2817 830 2908 887 οὖν
2939 833 3039 904 ήδη
3065 832 3270 896 λοιπὸν,
3301 831 3660 895 ἀναλαϐόντες

2092 927 2152 991 ἐξ
2181 926 2429 997 ὑπαρχῆς
2468 926 2559 978 τὸν
2602 925 2775 993 λόγον,
2804 924 2901 995 τὴν
2933 925 2991 977 ὲν
3017 927 3128 986 τοῖς
3154 922 3505 992 Εὐαγγελίοις
3534 921 3659 995 περὶ

2091 1019 2190 1090 τὴν
2219 1016 2311 1071 τοῦ
2334 1018 2581 1088 Σωτῆρος
2604 1018 2758 1088 ἡμῶν
2785 1016 2957 1086 Ἰησοῦ
2985 1017 3076 1068 τοῦ
3105 1015 3338 1086 Χριστοῦ
3363 1015 3657 1084 θεολογίαν,

2092 1108 2200 1161 ἀπὸ
2255 1109 2353 1178 τῆς
2416 1108 2752 1178 προφητικῆς
2807 1106 3106 1178 μαρτυρίας
3167 1104 3661 1175 πιπωσιῦμεθα.ᾜ

2096 1201 2194 1270 μὲν
2238 1196 2329 1253 οῦν
2371 1198 3000 1270 εὐαγγελικὴ,μαρτυρία
3034 1193 3135 1250 ὦδε
3167 1196 3256 1251 τὸν
3287 1198 3519 1269 Χριστὸν
3548 1197 3661 1251 θεο-

2092 1292 2271 1360 λογεῖ·
2306 1311 2324 1343 ι
2348 1294 2434 1346 Ἐν
2466 1294 2604 1363 ἀρχῇ
2639 1288 2705 1362 ἦν
2752 1294 2779 1344 6
2821 1290 3010 1358 Λόγος,
3036 1291 3128 1342 καὶ
3165 1291 3192 1341 6
3230 1290 3398 1356 Λόγος
3425 1285 3494 1359 ἦν
3528 1289 3662 1359 πρὸς

2091 1385 2182 1438 τὸν
2213 1384 2361 1449 Θεὸν,
2388 1386 2480 1438 καὶ
2509 1385 2640 1447 Θεὸς
2672 1380 2736 1454 ἦν
2768 1384 2795 1434 ὁ
2826 1381 3012 1450 Λόγος.
3045 1383 3230 1435 Πάντα
3255 1382 3320 1434 δι’
3351 1381 3514 1435 αὐτοῦ
3545 1382 3662 1450 ἐγέ-

2093 1492 2234 1538 νετο,
2270 1475 2361 1528 καὶ
2394 1475 2560 1546 χωρὶς
2608 1473 2772 1526 αὐτοῦ
2809 1473 3022 1540 ἐγένετο
3067 1473 3187 1524 οὐδὲ
3213 1472 3291 1525 ἓν.
3328 1492 3346 1523 ι
3394 1472 3569 1525 Καλεϊ
3615 1472 3659 1525 δ’

2093 1567 2251 1620 αὑτὸν
2283 1568 2375 1620 καὶ
2398 1567 2511 1635 φῶς
2537 1566 2739 1636 νοερὸν,
2771 1564 2925 1620 καλεῖ
2967 1565 3023 1617 δὲ
3068 1567 3162 1617 καὶ
3197 1565 3419 1636 Κύριον,
3448 1565 3663 1635 ὠσπερ-

2091 1659 2184 1711 οῦν
2230 1658 2323 1711 καὶ
2367 1657 2518 1711 Θεόν.
2550 1660 2657 1711 Καὶ
2694 1660 2721 1711 ὁ
2770 1657 3053 1720 θεσπέσιος
3104 1657 3159 1710 δὲ
3198 1657 3429 1720 Παῦλος,
3454 1653 3545 1710 οἷα
3570 1657 3661 1711 τοῦ

2091 1750 2325 1823 Χριστοῦ
2364 1750 2608 1821 μαθητὴς
2639 1748 2713 1803 ὢν
2742 1750 2834 1802 καὶ
2864 1748 3179 1811 ἀπόστολος,
3204 1747 3417 1820 συνᾴδει
3448 1750 3514 1819 τῇ
3545 1747 3662 1801 θεο-

426 1839 594 1901 bitos,
624 1848 812 1911 utpote
844 1841 936 1911 qui
970 1840 1119 1896 orbis
1154 1840 1394 1895 universi
1430 1839 1743 1893 hominibus
1772 1853 1834 1892 ea
1861 1852 1990 1908 pro-

2093 1843 2269 1913 λογίᾳ,
2302 1842 2473 1896 ταῦτα
2517 1843 2644 1913 περὶ
2681 1839 2842 1895 αὐτοῦ
2885 1837 3125 1905 διεξιών·
3164 1841 3293 1902 ιὌς
3321 1842 3471 1893 ἐστιν
3503 1839 3665 1893 εἰκὼν

427 1931 619 1986 derent
650 1947 771 2001 quae
799 1931 864 1984 ad
906 1932 1147 2001 ipsorum
1184 1932 1239 1984 in
1288 1934 1491 1985 virtute
1535 1931 1836 1999 profectum
1866 1944 1994 1983 con-

428 2022 724 2089 ducerent;
788 2022 930 2092 quod
989 2023 1034 2077 si
1085 2023 1304 2092 quando
1367 2023 1490 2076 illos
1542 2023 1716 2076 instar
1766 2021 1991 2085 umbrae,

428 2113 594 2165 etiam
649 2127 828 2167 rerum
866 2114 1212 2182 praesentium
1260 2128 1323 2167 ac
1355 2113 1657 2167 mediarum
1708 2120 1870 2182 atque
1908 2112 1995 2165 in-

428 2202 793 2257 diﬂ‘erentium
826 2206 1064 2274 cognitio
1097 2205 1354 2259 comitata
1402 2211 1506 2265 est,
1553 2220 1725 2273 usque
1773 2203 1907 2263 adeo
1937 2208 1994 2255 ut

427 2292 839 2347 sciscitantibus
892 2310 1010 2363 qum
1058 2295 1390 2363 ignorarent,
1441 2293 1505 2346 ad
1538 2300 1748 2361 tempus
1778 2307 1995 2361 quoque

427 2384 807 2454 '5.‘aedicel'ent.
855 2387 1015 2439 etiam
1051 2386 1155 2440 hoc
1189 2386 1363 2455 ipsum
1400 2385 1711 2439 necessario
1751 2385 1858 2438 illis
1901 2385 1992 2454 qui

426 2472 494 2526 ad
534 2474 680 2543 ipsos
712 2474 1066 2538 accederent,
1109 2476 1418 2544 praebebant
1448 2494 1460 2528 :
1515 2474 1772 2528 nimirum
1806 2492 1874 2530 ne
1905 2476 1991 2531 isti

427 2565 630 2618 Curiosi
670 2580 733 2618 ac
791 2581 1052 2635 perquam
1101 2567 1242 2620 avidi
1270 2565 1712 2627 divinationum,
1744 2567 1867 2634 jure
1922 2567 1990 2621 ad

427 2663 670 2709 extrema
702 2656 928 2710 aliarum
959 2658 1237 2710 nationum
1268 2656 1509 2719 oracula,
1543 2657 1769 2725 penuria
1801 2657 1990 2711 dome-

429 2748 694 2800 sticorum
743 2748 1153 2816 prophetarum,
1208 2747 1466 2802 secedere
1511 2747 1846 2801 viderentur.
1885 2746 1989 2801 Sed

427 2835 543 2888 haec
566 2835 834 2889 hactenus
861 2835 1006 2889 dicta
1038 2837 1167 2898 sint.
1203 2836 1269 2890 ad
1307 2836 1452 2889 illam
1495 2836 1605 2890 vim
1631 2836 1868 2891 divinam
1899 2837 1994 2892 de-

427 2925 839 2980 monstrandam
869 2942 988 2995 quae
1010 2927 1066 2980 in
1104 2928 1384 2996 prophetis
1414 2926 1761 2981 Hebramrum
1794 2927 1990 2982 inerat.

429 3014 670 3086 Tempus
709 3016 875 3085 igitur
915 3016 1027 3086 jam
1062 3024 1145 3072 est
1175 3025 1232 3071 ut
1264 3018 1342 3070 illi
1373 3024 1631 3087 tanquam
1670 3017 1707 3071 ii
1748 3017 1841 3087 qui
1888 3017 1993 3071 viri

428 3107 601 3161 divini
646 3108 1051 3177 sapientesque,
1098 3123 1207 3162 non
1256 3108 1496 3162 humano
1546 3123 1718 3172 more,
1764 3109 1994 3164 exstite-

2093 1936 2185 1988 τοῦ
2216 1933 2347 1991 Θεοῦ
2377 1934 2625 2005 ἀοράτου,
2658 1934 3003 2005 Πρωτότοκος
3031 1931 3466 2003 πάσηςκτίσεως,
3497 1933 3580 1986 ὅτι
3609 1934 3664 1986 ὲν

2094 2026 2243 2095 αὐτῷ
2260 2026 2478 2096 ἐκτίσθη
2510 2024 2577 2077 τὰ
2593 2027 2785 2087 πάντα,
2799 2024 2869 2077 τὰ
2885 2027 2941 2077 ὲν
2970 2026 3081 2087 τοῖς
3106 2024 3351 2095 οὐρανοῖς
3368 2024 3461 2081 καὶ
3482 2023 3553 2076 τὰ
3574 2024 3664 2076 ἐπὶ

2091 2118 2189 2186 τῆς
2223 2119 2343 2188 γῆς,
2362 2118 2471 2170 εἴτε
2499 2117 2697 2188 θρόνοι,
2716 2119 2824 2169 εἴτε
2844 2117 3181 2187 κυριότητες,
3208 2116 3315 2174 εἴτε
3341 2118 3527 2188 ἀρχαὶ,
3557 2117 3663 2170 εἴτε

2093 2208 2351 2273 ἐξουσίαι.
2379 2206 2459 2259 Τὰ
2490 2207 2666 2259 πάντα
2694 2207 2758 2258 δι’
2792 2206 2956 2259 αὐτοῦ
2985 2207 3076 2261 καὶ
3097 2208 3176 2268 είς
3206 2205 3366 2258 αὑτὸν
3398 2204 3661 2270 ἔκτισται,

2094 2302 2185 2354 καὶ
2204 2299 2363 2362 αὐτός
2379 2301 2494 2351 ἐστι
2517 2299 2621 2369 πρὸ
2641 2299 2876 2361 πάντων,
2900 2299 2990 2351 καὶ
3005 2297 3071 2349 τὰ
3093 2298 3267 2349 πάντα
3284 2298 3349 2350 δι’
3362 2296 3527 2350 αὑτοῦ
3544 2314 3666 2350 συν-

2095 2393 2309 2463 έστηκε.
2336 2412 2352 2443 ι
2371 2390 2646 2460 Κέκληται
2681 2392 2774 2443 καὶ
2798 2390 2931 2442 Θεοῦ
2953 2389 3177 2458 δύναμις
3205 2391 3293 2441 καὶ
3312 2388 3444 2442 Θεοῦ
3477 2389 3662 2456 σοφία.

2092 2483 2240 2536 Αὺτὰ
2274 2483 2336 2552 δὴ
2371 2478 2461 2533 οὖν
2493 2482 2665 2534 ταῦτα
2713 2480 2995 2551 πρόκειται
3023 2480 3115 2537 καὶ
3142 2479 3234 2531 νῦν
3264 2478 3371 2532 ἀπὸ
3395 2478 3504 2530 τῶν
3532 2479 3663 2549 παρ’

2105 2573 2371 2644 Ἑϐραίοις
2412 2570 2765 2642 προφητικῶν
2794 2571 3019 2641 γραφῶν
3053 2569 3429 2635 ὲξανθίσασθαι
3449 2608 3462 2632 ,
3488 2569 3566 2631 ὼς
3598 2568 3665 2622 ἂν

2091 2665 2178 2718 διὰ
2206 2666 2304 2733 τῆς
2337 2668 2393 2718 ὲν
2429 2663 2706 2734 ἑκατέροις
2747 2666 2857 2726 τοῖς
2910 2662 3098 2733 μέρεσι
3136 2662 3451 2731 συμφωνίας
3488 2661 3523 2731 ή
3569 2658 3664 2713 τοῦ

2091 2759 2323 2830 ἀληθοῦς
2352 2757 2622 2822 ἀπόδειξις
2659 2757 3050 2829 παρασταθείη.
3079 2757 3198 2828 Χρὴ
3228 2757 3284 2810 δὲ
3315 2756 3386 2827 μὴ
3422 2757 3663 2823 ἀγνοεῖν,

2092 2852 2172 2904 ὅτι
2199 2852 2247 2903 οἱ
2279 2850 2376 2920 μὲν
2406 2850 2537 2902 θεῖοι
2567 2850 2825 2919 χρησμοὶ,
2855 2849 2989 2901 πολὺ
3017 2850 3076 2901 τὸ
3104 2848 3196 2900 καὶ
3227 2848 3363 2918 πρὸς
3392 2846 3537 2911 λέξιν
3567 2847 3666 2901 καὶ

2092 2942 2228 3012 πρὸς
2271 2941 2512 2994 διάνοιαν
2575 2940 2848 3013 ὑπερφυὲς
2885 2943 2950 3011 τῇ
3010 2939 3270 3010 Ἐϐραίων
3315 2941 3464 3009 φωνῇ
3510 2955 3671 3010 περι-

2092 3035 2325 3105 έχοντες,
2374 3033 2627 3106 διαφόρου
2670 3035 2767 3104 τῆς
2791 3033 2883 3085 ἐπὶ
2928 3033 2986 3086 τὸ
3031 3031 3335 3102 Ἑλληνικὸν
3369 3031 3666 3102 ἑρμηνείας

2092 3129 2440 3198 τετυχήκασι,
2459 3124 2550 3207 τοῦ
2572 3124 2951 3195 δυσθεωρήτου
2981 3123 3157 3195 χάριν.
3192 3125 3254 3176 Ol
3281 3123 3324 3175 δ’
3349 3119 3439 3175 οῦν
3470 3122 3667 3192 ἄνδρες

428 3206 578 3260 runt,
607 3198 698 3253 sed
724 3198 883 3252 alIlati
907 3200 1090 3255 divino
1117 3199 1340 3271 Spiritu,
1363 3216 1482 3271 quae
1500 3200 1765 3256 credenda
1790 3206 1993 3264 essent,

2098 3219 2305 3290 ἀθρόως
2347 3198 2583 3287 Ἑϐραῖοι
2626 3215 2927 3286 συμφώνως
2968 3216 3134 3278 αὐτὰς
3171 3213 3665 3285 μεταϐεϐλήκασιν,

428 3289 737 3353 docuerint,
799 3306 898 3345 sua
948 3292 1189 3360 ipsorum
1240 3292 1480 3356 decreta,
1532 3299 1585 3347 et
1636 3306 1760 3346 cum
1795 3291 1995 3361 pietate

429 3383 755 3452 conjunctas
787 3384 1243 3453 incorruptasque
1298 3385 1623 3455 theologias,
1677 3386 1795 3439 sine
1844 3385 1992 3438 omni

426 3490 657 3545 prorsus
681 3477 1039 3546 ambiguitate
1064 3492 1165 3532 nos
1195 3477 1446 3542 doceant,
1473 3487 1531 3532 ut
1559 3478 1845 3537 videamus.
1863 3492 1988 3530 num

425 3583 660 3637 nsquam
701 3568 999 3639 quidquam
1052 3583 1082 3622 α
1138 3569 1341 3624 virtute
1385 3584 1448 3624 ac
1482 3570 1712 3625 veritate
1754 3570 1987 3624 alienum

427 3658 744 3728 importent.
810 3658 1051 3727 Agedum
1114 3658 1280 3727 igitur
1344 3658 1455 3728 jam
1513 3659 1791 3727 deinceps,
1852 3673 1992 3713 novo

425 3749 663 3821 quodam
695 3749 910 3806 dicendi
940 3750 1097 3804 initio
1117 3760 1422 3820 assumpto.
1456 3766 1577 3820 quae
1606 3751 1662 3805 in
1686 3750 1993 3819 Evangeliis

427 3842 498 3898 de
530 3841 814 3898 Salvatore
860 3857 1052 3897 nostro
1094 3841 1221 3897 Jesu
1262 3842 1480 3898 Christo
1510 3844 1780 3913 theologia
1818 3842 1994 3897 conti-

423 3943 605 3996 netur,
640 3947 758 3987 eam
808 3932 1141 4002 propheticis
1197 3947 1415 4002 quoque
1465 3935 1792 3988 testimoniis
1840 3949 1993 3988 com-

2092 3309 2172 3377 οἷς
2208 3312 2435 3384 μάλιστα
2467 3312 2557 3364 τὸν
2586 3311 2709 3364 νοῦν
2736 3308 3090 3381 προσέξομεν,
3126 3308 3207 3360 ὅτι
3245 3307 3308 3377 δὴ
3345 3307 3438 3359 καὶ
3470 3308 3536 3375 τῇ
3566 3304 3664 3358 τοῦ

2093 3405 2328 3479 Χριστοῦ
2376 3404 2669 3473 Ἐκκλησία
2703 3401 2910 3465 τούτοις
2942 3400 3240 3470 κεχρῆσθαι
3281 3397 3453 3466 φίλον.
3494 3397 3559 3449 El
3602 3394 3665 3449 δέ

2094 3516 2194 3551 που
2223 3498 2422 3565 γίνοιτο
2456 3498 2635 3567 χρεία,
2666 3495 2786 3547 οὐδὲ
2812 3493 2910 3557 τὰς
2942 3493 3049 3546 τῶν
3088 3491 3226 3563 μετὰ
3263 3489 3432 3543 ταῦτα
3463 3489 3665 3543 νεωτὲ-

2092 3608 2198 3661 ρων
2240 3590 2588 3662 ὲρμηνευτῶν
2626 3589 2886 3651 ἐκδόσεις,
2921 3582 3008 3649 αἷς
3049 3585 3217 3637 εἰσέτι
3247 3582 3341 3636 νῦν
3386 3581 3667 3644 Ἰουδαίοις

2088 3680 2321 3751 χρῆσθαι
2346 3680 2517 3748 φίλον,
2549 3677 3016 3750 παραιτησόμεθα·
3037 3677 3111 3738 ὡς
3139 3675 3202 3728 ἂν
3232 3672 3566 3743 πανταχόθεν
3593 3671 3668 3725 τὰ

2093 3771 2191 3841 τῆς
2240 3769 2564 3836 ἀποδείξεως
2609 3770 2737 3838 ἡμῖν
2789 3765 3135 3837 βεϐαιοτέρας
3179 3763 3329 3835 τύχοι
3381 3761 3667 3829 παραστά-

2102 3880 2257 3927 σεως.
2292 3862 2505 3915 Τούτων
2544 3863 2676 3932 ἡμῖν
2710 3856 3277 3928 πεπροοιμιασμένων,
3308 3854 3402 3908 καὶ
3427 3853 3534 3907 τῶν
3571 3854 3665 3905 sv-

2098 3953 2233 4011 θέων
2263 3952 2452 4023 φωνῶν
2486 3952 2586 4023 ’ήδη
2614 3951 2794 4004 λοιπὸν
2823 3946 3158 4021 ἐφαψάμεθα.

423 4023 738 4092 probemus.
788 4022 1111 4092 Evangelica
1166 4022 1332 4093 igitur
1374 4024 1684 4078 testiﬁcatio
1728 4025 1886 4082 talem
1933 4024 2001 4079 de
2278 4022 2283 4023 ί
2578 4022 2581 4023 ν
3397 4094 3406 4101 _

423 4114 644 4169 Christo
691 4114 895 4185 profert
949 4116 1274 4179 theologiam
1312 4135 1324 4170 :
1366 4134 1385 4167 (
1442 4115 1499 4170 In
1550 4117 1818 4187 principio
1863 4125 1982 4171 erat
2021 4113 2282 4178 Verbum,
2339 4120 2392 4168 et
2449 4111 2685 4168 Verbum
2724 4121 2840 4166 erat
2900 4107 3039 4180 apud
3073 4105 3244 4162 Deum
3281 4123 3295 4158 :
3336 4102 3522 4158 omnia
3550 4102 3664 4173 per

422 4203 602 4274 ipsum
634 4205 775 4260 facta
801 4214 950 4271 sunt,
997 4215 1053 4262 et
1096 4208 1214 4264 sine
1239 4208 1361 4277 ipso
1397 4207 1602 4263 factum
1627 4217 1714 4265 est
1743 4210 1879 4264 nihil
1901 4211 1969 4268 ⁸⁸.
2009 4229 2029 4263 ι
2068 4208 2239 4263 Vocat
2268 4222 2432 4278 pur-ro
2486 4207 2639 4260 illum
2667 4207 2840 4259 lucem
2866 4203 3278 4272 intelligentent,
3311 4203 3474 4252 vocat
3495 4195 3664 4249 etiam

422 4292 738 4361 Dominum,
794 4297 937 4353 sicut
986 4300 1203 4354 interim
1252 4299 1418 4355 Deum
1468 4317 1705 4371 quoque.
1758 4300 1987 4357 Divinos
2021 4308 2200 4356 autem
2245 4299 2470 4362 Paulus,
2531 4306 2789 4367 tanquam
2826 4295 3025 4350 Christi
3073 4288 3374 4359 discipulus
3436 4292 3489 4340 et
3525 4298 3662 4353 apo—

425 4392 621 4456 stolus,
652 4394 826 4449 eidem
860 4395 1150 4466 theologia:
1194 4397 1515 4461 concordat,
1562 4396 1653 4450 ubi
1707 4396 1774 4451 de
1814 4396 1910 4450 illo
1942 4396 2056 4451 haec
2095 4403 2282 4451 narrat
2311 4413 2324 4449 :
2355 4412 2374 4445 ι
2410 4392 2512 4459 Qui
2536 4401 2620 4447 est
2641 4393 2821 4460 imago
2848 4389 2943 4443 Dei
2984 4384 3298 4447 invisibilis,
3329 4378 3663 4453 primogeni-

423 4493 515 4542 tus
545 4490 722 4544 omnis
749 4499 1032 4555 creatum,
1078 4491 1339 4561 quoniam
1372 4491 1427 4545 in
1458 4492 1578 4560 ipso
1608 4491 1828 4546 condita
1886 4498 2015 4547 sunt
2047 4491 2327 4553 universa,
2389 4487 2445 4543 in
2482 4488 2621 4542 coelo
2645 4497 2698 4540 et
2725 4486 2780 4538 in
2811 4480 3243 4545 terra,visibilia
3264 4487 3317 4532 et
3338 4471 3659 4534 invisibilia,

424 4577 539 4633 sive
552 4579 757 4647 throni,
773 4582 887 4635 sive
904 4581 1325 4645 dominationes,
1364 4582 1478 4637 sive
1498 4582 1861 4653 principatus,
1886 4582 2000 4636 sive
2035 4587 2352 4650 potestates,
2370 4578 2556 4635 omnia
2570 4592 2666 4646 per
2682 4576 2860 4646 ipsum
2880 4583 2934 4628 et
2960 4573 3016 4626 in
3051 4572 3172 4640 ipso
3216 4573 3399 4621 creata
3420 4571 3571 4624 sunt,
3594 4565 3651 4615 et

425 4674 543 4738 ipse
569 4679 653 4725 est
690 4681 814 4727 ante
851 4673 1055 4737 omnia,
1103 4683 1157 4728 et
1202 4675 1385 4728 omnia
1426 4690 1520 4744 per
1558 4675 1737 4744 ipsum
1784 4675 2117 4728 constant".
2144 4693 2163 4725 ι
2198 4670 2440 4725 Vocatur
2470 4676 2651 4724 autem
2701 4675 2753 4722 et
2785 4666 2881 4720 Dei
2932 4666 3105 4716 virtus
3161 4666 3216 4713 et
3250 4657 3343 4711 Dei
3369 4655 3658 4723 sapientia.

410 4762 580 4830 211
617 4763 739 4816 Haec
770 4764 884 4831 ipsa
935 4765 1098 4832 igitur
1127 4763 1232 4818 hoc
1292 4773 1534 4834 tempore
1571 4765 1637 4819 de
1681 4764 2011 4834 praphcticis
2048 4762 2401 4818 Hebraeorum
2442 4760 2842 4824 monumentis,
2894 4756 3049 4826 quasi
3088 4755 3154 4809 de
3214 4750 3381 4806 variis
3430 4748 3658 4802 ﬂoribus

423 4854 722 4923 colligenda
751 4858 908 4911 nobis
960 4858 1237 4927 proposita
1293 4867 1510 4913 suntut
1541 4875 1635 4929 per
1677 4860 1958 4929 utriusque
2019 4860 2189 4930 partis
2247 4858 2662 4913 consensionem
2716 4851 3107 4908 demonstratio
3144 4853 3354 4903 constet
3384 4842 3654 4899 veritatis.

422 4943 711 5010 Caeterum,
767 4948 1020 5016 ignorare
1069 4951 1379 5019 neutiquam
1416 4956 1649 5020 oportet,
1697 4951 2150 5020 quemadmodum
2181 4951 2365 5005 divina
2398 4949 2641 5014 oracula,
2695 4961 2820 5000 cum
2855 4946 3083 4997 multum
3117 4940 3282 5010 quod,
3314 4946 3425 4990 tum
3450 4935 3506 4988 in
3534 4948 3659 4988 ver-

422 5036 529 5101 bis,
562 5043 674 5090 tum
709 5036 763 5089 in
811 5038 1116 5104 sententiis,
1148 5040 1375 5095 miriﬁce
1411 5041 1659 5105 excellat,
1692 5040 1954 5096 Hebraica
1988 5043 2170 5113 lingua
2203 5044 2538 5106 contineant,
2573 5040 2779 5095 variam
2816 5037 3191 5103 diversamque
3236 5032 3291 5084 in
3332 5028 3519 5083 Graeca
3550 5029 3659 5082 lin-

424 5145 530 5200 gua
561 5132 1088 5198 interpretationem,
1143 5135 1213 5189 ob
1271 5133 1638 5191 difﬁcultatem
1698 5137 2121 5206 contemplandi,
2170 5138 2360 5192 sortita
2416 5137 2545 5191 sint.
2608 5134 2714 5189 Sed
2766 5147 2889 5188 cum
2927 5131 3054 5186 olim
3097 5128 3199 5182 viri
3235 5125 3444 5180 Hebraei
3495 5124 3656 5177 multi

424 5225 589 5277 snnul
623 5227 994 5292 convenerint,
1045 5234 1100 5282 et
1132 5244 1237 5281 una
1295 5229 1592 5300 eademque
1648 5245 1777 5286 voce
1838 5232 1930 5286 illa
1971 5234 2153 5288 omnia
2191 5231 2579 5297 converterint,
2613 5245 2709 5285 eos
2774 5226 3009 5282 maxime
3058 5236 3368 5293 sequemur,
3413 5220 3656 5289 quando-

422 5313 638 5380 quidem
666 5316 868 5372 Christi
894 5334 1110 5388 quoque
1142 5320 1398 5375 Ecclesiae
1452 5322 1645 5377 iisdem
1684 5323 1763 5376 uti
1795 5323 2016 5393 placuit.
2063 5323 2248 5377 Sicubi
2280 5331 2460 5377 autem
2507 5338 2609 5376 usu
2664 5319 2894 5382 venerit,
2926 5334 2994 5372 ne
3017 5316 3293 5384 iuniorum
3322 5313 3542 5383 quidem
3570 5313 3655 5365 in-

423 5413 719 5473 terpretum
750 5422 919 5464 novas
946 5409 1232 5477 editiones,
1264 5427 1399 5481 quas
1429 5414 1592 5468 etiam
1641 5430 1785 5469 nunc
1826 5414 1994 5470 Judaai
2035 5415 2267 5470 libenter
2292 5421 2574 5483 usurpant,
2641 5411 3017 5467 recusabimus
3069 5427 3082 5461 :
3144 5414 3203 5460 ιιι
3226 5419 3290 5461 oa
3317 5420 3440 5475 quae
3462 5403 3531 5457 ad
3556 5418 3655 5457 no-

429 5504 600 5547 stram
653 5496 790 5550 hanc
821 5497 1336 5555 demonstrationem
1395 5503 1685 5573 pertinent,
1717 5519 1784 5558 ex
1829 5505 1979 5558 omni
2017 5512 2170 5575 parte
2215 5504 2467 5559 stabilius
2515 5504 2833 5572 ﬁrmiusque
2886 5499 3210 5555 consistant.
3235 5496 3372 5552 Cum
3396 5494 3657 5550 haechae-

422 5593 586 5645 tenus
610 5587 819 5653 praefati
842 5591 1035 5656 simus,
1073 5592 1343 5662 reliquum
1389 5595 1503 5665 jam
1531 5605 1636 5663 est,
1662 5604 1722 5652 ut
1755 5597 1811 5653 in
1841 5598 1991 5669 ipsas
2024 5598 2239 5656 divinas
2268 5614 2432 5654 voces
2464 5598 2804 5655 insiStamus.

496 5696 544 5731 ’⁸
564 5695 719 5755 Ioan.
750 5716 790 5768 ι,
821 5700 934 5755 1-5.
1011 5702 1058 5733 ³⁸
1080 5700 1290 5759 Coloss.
1320 5719 1359 5771 ι,
1396 5705 1586 5762 15-17.
