3880 6256
209 338 303 395 349

731 456 1127 512 ΚΕΦΑΛΔΙΟΝ
1156 460 1237 512 A'.

219 566 310 636 Ὦς
332 569 468 636 παρ’
509 568 805 637 Ἑϐραίοις
829 570 860 620 ὁ
887 568 1233 636 σοφώτατος
1260 567 1544 637 Σολομὼν
1562 568 1632 621 ὲν
1663 572 1785 622 Πα-

266 639 523 707 ροιμίαις
551 636 677 693 οἷδέ
719 654 850 690 τινα
879 641 1257 705 πρωτότοκον
1291 638 1396 691 τοῦ
1416 636 1573 693 θΘεοῦ
1606 639 1786 693 δύνα-

268 726 387 779 μιν,
419 707 502 775 ἣν
548 710 648 763 καί
682 709 904 777 σοφίαν
942 708 1110 779 Θεοῦ,
1152 710 1248 761 καί

275 778 727 850 προσαγορεύει,
762 778 1079 847 ὠσπεροῦν
1110 779 1209 832 καὶ
1241 779 1412 848 ἡμεῖς
1442 778 1782 849 δοξάζομεν.

282 976 301 1011 ι
346 955 490 1027 Ἐγὼ
518 959 555 1028 ἠ
576 957 745 1026 Σοφία
775 956 1164 1027 κατεσκηνωσα
1195 956 1410 1028 βουλὴν,
1440 958 1534 1010 καὶ
1562 957 1783 1025 γνῶσιν,

216 1053 299 1107 καὶ
322 1051 535 1105 ἔννοιαν
580 1050 690 1118 ἐγὼ
716 1048 1155 1121 ὲπεκαλεσάμην.
1192 1049 1358 1113 Φόϐος
1392 1050 1599 1121 Κυρίου
1640 1052 1788 1120 μισεῖ

214 1145 433 1207 ἀδικίαν,
461 1141 627 1214 ῦὸριν
656 1160 714 1195 τε
747 1143 841 1196 καὶ
875 1142 1275 1213 ὑπερηφανίαν,
1307 1143 1400 1195 καὶ
1431 1143 1584 1205 ὁδοὺς
1616 1157 1786 1214 πονη-

217 1236 332 1308 ρῶν.
360 1235 671 1305 Μεμίσηκα
697 1233 753 1286 δὲ
782 1231 891 1301 ἐγὼ
923 1233 1361 1304 διεστραμμένας
1390 1233 1543 1296 ὀδοὺς
1577 1232 1784 1286 κακῶν.

222 1325 347 1398 Ἐμὴ
400 1325 573 1396 βουλὴ
622 1326 716 1378 καὶ
770 1325 1057 1394 ἀσφάλεια,
1104 1325 1211 1395 ἐμὴ
1259 1325 1539 1395 φρόνησις,
1586 1324 1691 1395 ἐμὴ
1729 1322 1787 1376 δὲ

215 1419 371 1490 ἰσχύς.
403 1419 484 1469 Δι’
518 1417 657 1488 ὲμοῦ
685 1417 920 1488 βασιλεῖς
948 1416 1310 1488 βασιλεύουσι,
1339 1418 1432 1471 καὶ
1456 1418 1503 1469 οἱ
1533 1416 1788 1469 δυνάσται

212 1511 468 1584 γράφουσι
507 1510 899 1582 δικαιοσύνην·
941 1510 1010 1563 δι’
1057 1508 1190 1580 ἐμοῦ
1240 1512 1564 1581 μεγιστᾶνες
1616 1526 1787 1581 μεγα-

211 1604 465 1668 λύνονται,
512 1603 616 1656 καὶ
640 1602 892 1674 τύραννοι
922 1601 989 1655 δι’
1019 1602 1153 1673 ἐμοῦ
1198 1602 1458 1673 κρατοῦσι
1503 1602 1605 1673 γῆς
1627 1618 1641 1631 ο
1679 1601 1789 1670 ἐγὼ

210 1698 323 1760 τοὺς
347 1697 450 1767 ἐμὲ
484 1695 783 1765 φιλοῦντας
810 1694 1035 1765 ἀγαπῶ·
1068 1697 1116 1748 οἱ
1141 1696 1196 1748 δὲ
1237 1696 1339 1766 ἐμὲ
1372 1694 1661 1765 ζητοῦντες
1700 1696 1791 1748 εὑ-

214 1792 421 1863 ρήσουσι
451 1790 653 1863 χάριν’
691 1790 919 1853 πλοῦτος
946 1790 1041 1843 καὶ
1081 1789 1203 1856 δόξα
1232 1789 1359 1860 ἐμοὶ
1399 1789 1655 1860 ὑπάρχει,
1694 1790 1789 1843 καὶ

210 1883 385 1952 κτῆσις
410 1883 635 1936 πολλῶν
664 1883 759 1937 καὶ
785 1882 1118 1953 δικαιοσύνη.
1158 1881 1374 1934 Βέλτιον
1396 1882 1495 1952 ἐμὲ
1525 1882 1788 1953 καρπίζε-

212 1974 318 2027 σθαι
360 1974 516 2046 ὑπὲρ
566 1973 789 2045 χρυσίον
837 1974 932 2027 καὶ
973 1972 1117 2026 λίθον
1166 1973 1345 2044 τίμιον
1394 1973 1590 2027 πολύν
1626 1972 1694 2026 τά
1731 1973 1788 2026 δὲ

212 2062 305 2134 ὲμά
355 2064 689 2135 γεννήματα
748 2067 998 2136 κρεῖσσον
1045 2064 1304 2136 ἀργυρίου
1358 2062 1639 2119 ἓκλεκτοῦ.
1700 2065 1787 2117 Ἐν

212 2155 334 2219 ὁδοῖς
366 2155 733 2227 δικαιοσύνης
781 2154 1087 2227 περιπατῶ,
1121 2156 1213 2209 καὶ
1252 2157 1309 2209 ἐν
1345 2155 1482 2219 ὁδοῖς
1512 2155 1786 2209 δικαιοσύ-

212 2264 296 2318 νης
335 2249 798 2320 ἀναστρέφομαι,
834 2250 920 2301 ἵνα
962 2250 1169 2320 μερίσω
1211 2251 1323 2311 τοῖς
1363 2249 1463 2317 ἐμὲ
1504 2248 1788 2316 ἀγαπῶσιν

214 2338 451 2412 ὕπαρξιν,
494 2341 595 2393 καὶ
637 2342 763 2404 τοὺς
798 2338 1102 2411 θησαυροὺς
1137 2339 1314 2392 αὐτῶν
1349 2338 1616 2409 ἐμπλήσω
1654 2341 1790 2408 ἀγα-

214 2430 338 2483 θῶνο
368 2431 469 2485 ἐὰν
510 2432 817 2500 ἀναγγείλω
851 2433 977 2502 ὑμῖν
1010 2432 1077 2485 τά
1112 2431 1231 2485 καθ’
1266 2432 1479 2503 ἡμέραν
1508 2433 1785 2503 γινόμενα,

214 2523 570 2595 μνημονεύσω
606 2524 675 2577 τὰ
704 2523 762 2590 ἐξ
793 2524 985 2586 αἰῶνος
1015 2522 1339 2593 ἀριθμῆσαι.
1375 2523 1577 2595 Κύριος
1609 2524 1788 2578 ἔκτισέ

214 2630 271 2684 με
297 2616 481 2687 ἀρχὴν
502 2615 640 2669 ὁδῶν
663 2614 827 2668 αὐτοῦ
854 2618 933 2679 είς
959 2615 1095 2687 ἔργα
1124 2615 1287 2668 αὑτοῦ
1307 2633 1321 2646 ο
1351 2617 1456 2687 πρὸ
1476 2615 1569 2668 τοῦ
1597 2616 1790 2680 αἰῶνος

212 2706 540 2778 ὲθεμελίωσέ
588 2725 678 2779 με,
729 2710 785 2760 ὲν
816 2710 957 2780 ἀρχῇ
996 2707 1100 2779 πρὸ
1136 2708 1227 2760 τοῦ
1270 2707 1367 2780 τὴν
1402 2708 1506 2777 γῆν
1544 2708 1787 2778 ποιῆσαι,

212 2800 293 2853 καὶ
312 2802 428 2872 πρὸ
449 2800 546 2853 τοῦ
576 2801 675 2864 τὰς
696 2801 962 2864 ἀϐύσσους
991 2802 1234 2871 ποιῆσαι,
1259 2802 1363 2872 πρδ
1384 2801 1478 2854 τοῦ
1510 2800 1789 2873 προελθεῖν

214 2892 298 2956 τὰς
319 2894 513 2964 πηγὰς
541 2892 649 2946 τῶν
678 2892 904 2958 ὑδάτων,
936 2892 1041 2963 πρὸ
1063 2893 1155 2947 τοῦ
1187 2893 1287 2964 ὅρη
1313 2893 1656 2964 ἑδρασθῆναι,
1686 2893 1791 2964 πρὸ

213 2982 262 3037 ἒ
307 2984 536 3038 πάντων
587 2982 791 3055 βουνῶν
827 2984 991 3053 γεννᾷ
1039 2971 1367 3055 μεηδὶύριος
1415 2983 1638 3053 ἐποίησε
1682 2982 1790 3054 χώ-

216 3072 302 3150 pi;
327 3081 627 3151 ἀοικήτους
660 3079 755 3131 καὶ
795 3076 940 3149 ἄκρα
967 3076 1260 3147 οἰκούμενα
1293 3077 1391 3146 τῆς
1419 3075 1511 3128 ὑπ’
1540 3077 1786 3148 οὐρανόν.

1116 335 1772 396 DEMONSTRATIONIS
1803 339 2262 398 EVANGELICE
2303 337 2431 398 LIB.
2476 340 2542 396 Υ.

1808 467 1853 524 Α

1291 709 1553 778 γέννημα
1600 710 1786 765 αὑτοῦ
1840 764 1843 767 .

1821 1823 1862 1879 Β

3351 346 3456 401 55η

2512 458 2740 516 CAPUT
2778 460 2817 515 l.

1888 574 2342 641 Quemadmodum
2370 574 2512 644 apud
2550 574 2799 631 Hebra'os
2829 575 3258 644 sapientissimus
3294 575 3456 633 Salo-

1962 663 2101 718 mon,
2138 646 2193 698 in
2230 644 2525 699 Proverbiis
2553 649 2694 699 novit
2731 652 3027 718 quamdam
3054 649 3459 718 primogenitum

1961 715 2057 787 Dei
2080 718 2321 769 virtutem
2342 757 2356 780 ,
2388 732 2542 781 quant
2569 726 2618 769 et
2649 715 2959 784 sapientiam
2993 716 3110 782 Dei,
3147 734 3194 771 et
3225 715 3458 787 ejusdem

1956 786 2187 860 sobolem
2217 787 2462 860 appellat
2492 802 2510 839 :
2552 789 2699 839 ‘sicut
2728 789 2937 840 interim
2966 804 3060 841 nos
3087 786 3288 860 quoque
3313 806 3461 843 eam-

1956 856 2071 912 dem
2088 858 2473 927 gloriﬁcamus.

1961 986 1983 1020 ι
2019 968 2132 1039 Ego
2178 969 2453 1038 Sapientia
2486 968 2725 1023 habitavi
2757 968 3067 1031 consilium,
3106 977 3158 1023 et
3187 968 3457 1039 cognitio-

1886 1078 2031 1126 nem,
2055 1071 2109 1116 et
2135 1062 2518 1131 cogitationem
2565 1076 2664 1131 ego
2699 1062 2986 1116 invocavi:
3033 1062 3195 1116 timor
3243 1039 3456 1118 Domini

1887 1152 2001 1207 odit
2030 1153 2371 1221 injustitiam,
2408 1153 2901 1223 contumeliamque
2926 1161 2980 1208 et
3029 1157 3363 1224 superbiam,
3402 1164 3459 1212 et

1889 1247 2004 1300 vias
2036 1262 2325 1316 pravorum
2359 1262 2372 1298 :
2403 1247 2494 1300 odi
2528 1262 2656 1300 vero
2675 1262 2775 1316 ego
2822 1263 3107 1317 perversas
3136 1249 3185 1301 vi
3208 1265 3249 1302 σε
3281 1250 3454 1303 malo-

1888 1351 2009 1389 rum
2046 1356 2058 1390 :
2113 1353 2290 1391 meum
2320 1335 2718 1392 est‘cousilium
2753 1346 2805 1392 et
2840 1339 3155 1393 stabilitas:
3212 1354 3334 1394 mea
3373 1348 3458 1396 est

1889 1426 2199 1497 prudentia,
2231 1443 2351 1482 mea
2387 1438 2567 1482 autem
2600 1426 2868 1483 fortitudo
2906 1449 2917 1483 :
2953 1447 3047 1500 per
3075 1447 3160 1485 me
3194 1446 3347 1501 reges
3370 1447 3457 1486 re-

1890 1529 2076 1590 gnant,
2101 1529 2154 1576 et
2186 1532 2432 1591 potentes
2456 1521 2981 1590 scribuutjustitiam
3012 1539 3137 1594 :per
3167 1539 3251 1577 me
3281 1525 3461 1595 magni

1890 1610 1992 1664 viri
2021 1611 2434 1681 magnificantur
2454 1649 2468 1672 ,
2500 1618 2554 1663 et
2584 1610 2799 1680 tyranni
2836 1626 2933 1681 per
2962 1627 3049 1665 me
3075 1611 3327 1665 obtinent
3352 1618 3464 1665 ter-

1891 1718 2008 1757 ram
2040 1724 2052 1758 :
2082 1719 2181 1774 ego
2215 1713 2458 1758 amantes
2512 1718 2598 1757 me
2640 1702 2829 1773 diligo,
2866 1713 2920 1758 et
2948 1705 3040 1774 qui
3086 1711 3338 1773 quaerunt
3378 1720 3470 1759 me

1892 1797 2169 1850 invenient
2198 1797 2427 1866 gratiam
2458 1814 2470 1848 :
2499 1795 2701 1849 divitiae
2726 1803 2781 1850 et
2809 1795 2978 1865 gloria
2998 1795 3130 1848 mibi
3162 1795 3380 1860 adsunt,
3410 1803 3471 1852 et

1891 1889 2168 1959 possessio
2184 1887 2726 1956 multorumjustitia.
2745 1886 2937 1942 Melius
2949 1895 3033 1942 est
3049 1886 3154 1940 frui
3172 1903 3275 1949 me,
3299 1902 3468 1957 quam

1890 1998 2024 2037 auro
2057 1990 2111 2037 et
2140 1982 2318 2053 lapide
2350 1985 2590 2053 pretioso
2618 1982 2785 2035 multo
2812 2001 2824 2035 :
2863 1983 2967 2035 mei
2995 1997 3124 2036 vero
3150 1979 3313 2045 fetus,
3350 1994 3470 2035 me-

1889 2074 2054 2129 liores
2086 2081 2311 2144 argento
2340 2074 2537 2129 electo.
2572 2073 2732 2142 212
2759 2070 2818 2126 In
2845 2072 3190 2141 viisjustitiae
3223 2071 3465 2135 ambulo,

1888 2175 1942 2223 et
1976 2167 2119 2221 inter
2141 2167 2258 2222 vias
2288 2168 2536 2221 veritatis
2569 2181 2783 2229 versor,
2820 2174 2880 2219 ut
2911 2164 3150 2219 dividam
3189 2164 3469 2232 diligenti-

1890 2260 1991 2315 bus
2026 2276 2111 2313 me
2140 2260 2530 2322 substantiam,
2563 2266 2616 2314 et
2645 2260 2935 2313 thesauros
2968 2272 3156 2311 eorum
3217 2257 3468 2325 impleam

1888 2350 2084 2405 bonis:
2118 2351 2165 2406 si
2201 2351 2603 2405 annuntiavero
2663 2350 2819 2423 vobis
2865 2364 2985 2418 quae
3011 2347 3257 2417 quotidie
3307 2346 3473 2410 fiunt,

1889 2458 2262 2498 memoravero
2309 2458 2431 2513 quae
2476 2459 2505 2496 a
2562 2444 2762 2499 saeculo
2788 2451 2914 2497 sunt
2948 2440 3015 2494 ad
3046 2439 3466 2493 numerandum.

1890 2536 2155 2592 Dominus
2187 2538 2392 2599 creavit
2418 2552 2503 2590 me
2522 2536 2735 2588 initium
2759 2535 2970 2587 viarum
2999 2546 3221 2587 suarum
3254 2530 3308 2582 in
3333 2543 3468 2597 ope-

1889 2643 1953 2681 ra
1986 2643 2085 2682 sua
2123 2645 2135 2681 :
2184 2637 2307 2681 ante
2350 2627 2611 2681 saxulum
2666 2624 2914 2678 fundavit
2947 2639 3066 2685 me,
3108 2623 3163 2675 in
3196 2620 3471 2690 principio

1892 2727 2179 2788 antequam
2213 2725 2414 2770 terram
2452 2716 2676 2779 faceret,
2711 2724 2765 2769 et
2799 2722 3091 2782 antequam
3116 2712 3347 2782 abyssos
3383 2709 3465 2762 fa-

1890 2816 2058 2873 ceret,
2110 2814 2400 2877 antequam
2442 2806 2725 2875 prodirent
2758 2803 2936 2858 fontes
2984 2816 3270 2872 aquarum,
3308 2808 3464 2854 ante-

1893 2917 2055 2972 quam
2092 2908 2305 2954 montes
2334 2900 2447 2954 suis
2478 2898 2702 2951 sedibus
2732 2897 3096 2951 firmarentur.
3116 2902 3242 2947 ante
3276 2908 3471 2948 omnes

1891 2990 2058 3043 colles
2088 2986 2261 3057 gignit
2293 3002 2409 3041 me:
2437 2984 2701 3041 Dominus
2725 2985 2852 3041 fecit
2880 2986 3149 3056 regiones,
3164 2992 3219 3037 et
3240 2997 3333 3038 eas
3350 2997 3472 3051 quat

1893 3096 2001 3135 non
2062 3080 2411 3142 habitantur,
2447 3085 2501 3133 et
2548 3078 2787 3132 vertices
2821 3078 2914 3147 qui
2950 3076 3304 3141 habitantur,
3346 3074 3469 3144 ejus

223 3173 407 3226 Ἡνίκα
456 3168 721 3244 ἡτοίμαζε
763 3171 855 3223 τὸν
903 3169 1154 3241 οὐρανὸν,
1205 3170 1583 3241 συμπαρήμην
1622 3169 1788 3240 αὐτῷ,

1899 3186 2014 3242 quae
2045 3171 2148 3225 sub
2179 3171 2318 3225 cmlo
2347 3175 2431 3226 est
2462 3188 2476 3224 :
2530 3170 2746 3240 quando
2786 3170 3014 3239 parabat
3044 3169 3267 3232 caelum,
3307 3165 3472 3221 simul

215 3265 296 3317 καὶ
331 3266 433 3318 ὅτε
485 3261 730 3336 ἀφώριζε
778 3263 867 3316 τὸν
920 3263 1114 3315 ἑαυτοῦ
1168 3261 1354 3333 θρόνον
1400 3264 1488 3315 ἐπ’
1538 3262 1787 3332 ἀνέμων’

215 3356 364 3428 ὴνίκα
419 3355 619 3427 ἰσχυρά
650 3340 823 3408 ἐποίει
855 3354 925 3407 τὰ
952 3353 1064 3408 ἄνω
1107 3354 1265 3424 νέφη,
1296 3355 1391 3407 καὶ
1428 3354 1504 3417 ὡς
1534 3354 1793 3422 ἀσφαλεῖς

216 3447 369 3501 ἐτίθει
405 3446 594 3516 πηγὰς
622 3447 722 3515 τῆς
755 3447 848 3499 ὑπ’
878 3446 1125 3516 οὐρανὸν,
1161 3446 1218 3497 ὲν
1248 3443 1325 3515 τῷ
1354 3442 1563 3496 τιθέναι
1596 3447 1660 3515 τῇ
1698 3443 1794 3497 θα-

215 3537 384 3611 λάσσῃ
412 3537 756 3610 ἀκριϐασμὸν
788 3537 972 3600 αὑτοῦ,
1025 3537 1118 3590 καὶ
1151 3535 1317 3597 ὕδατα
1339 3537 1400 3590 οὐ
1430 3535 1792 3607 παρελεύσον-

214 3648 290 3684 ται
337 3632 516 3703 στόμα
568 3627 733 3683 αὐτοῦ
759 3647 773 3660 ’
809 3629 968 3701 ἡνίκα
1017 3629 1211 3701 ίσχυρά
1249 3630 1418 3691 ἐποίει
1451 3627 1520 3681 τὰ
1570 3628 1793 3698 θεμέλια

214 3723 299 3793 τῆς
340 3723 466 3792 γῆς,
500 3722 649 3792 ήμην
692 3722 822 3793 παρ’
870 3720 1020 3791 αύτῷ
1068 3720 1404 3792 ἁρμόζουσα.
1463 3719 1602 3788 Ἐγὼ
1647 3720 1794 3791 ’ήμην

216 3806 619 3884 ᾗπροσέχαιρε.
642 3809 779 3863 Καθ’
801 3809 1012 3881 ἡμέραν
1041 3809 1098 3863 δὲ
1131 3809 1503 3881 εύφραινόμην
1532 3811 1589 3862 ὲν
1624 3826 1792 3879 προσ-

219 3900 349 3972 ὡπῳ
403 3899 594 3963 αὐτοῦ,
643 3900 701 3953 ὲν
750 3900 912 3952 παντὶ
953 3898 1151 3969 καιρῷ,
1195 3899 1283 3951 ὅτε
1327 3897 1657 3968 ηὐφραίνετο
1695 3895 1793 3967 τὴν

219 3993 540 4064 οἰκουμένην
584 3991 923 4055 συντελέσας,
961 3990 1055 4044 καὶ
1085 3990 1416 4062 ηὐφραίνετο
1448 3991 1503 4042 ὲν
1535 3990 1669 4051 υἱοῖς
1703 3988 1795 4041 ἀν-

222 4084 472 4156 θρώπων.
524 4084 589 4137 Ἡ
624 4083 731 4156 πρὸ
766 4083 872 4136 τῶν
901 4083 1176 4155 γεννητῶν
1213 4081 1332 4135 θεία
1360 4081 1455 4135 καὶ
1491 4081 1795 4152 πανάρετος

222 4176 398 4247 ουσία,
443 4176 478 4247 ἡ
513 4174 677 4247 νοερά
713 4173 807 4226 καὶ
844 4160 1187 4244 πρωτότοκος
1221 4172 1321 4242 τῆς
1363 4173 1659 4241 ἀγεννήτου
1691 4171 1793 4239 φύι

224 4282 353 4330 σεως
390 4265 580 4330 εἰκὼν,
614 4267 643 4318 ὁ
667 4265 887 4336 γνήσιος
919 4265 1013 4334 καὶ
1053 4263 1346 4334 μονογενὴς
1378 4262 1469 4316 τοῦ
1504 4263 1613 4316 τῶν
1658 4263 1795 4315 ὅλων

224 4358 348 4431 Θεοῦ
398 4359 553 4424 Υἱὸς,
604 4356 954 4428 πολυώνυμός
1003 4373 1087 4421 τις
1130 4354 1225 4420 ὢν,
1275 4356 1370 4410 καὶ
1399 4355 1486 4409 διά
1528 4355 1795 4407 πλείστων

224 4454 577 4525 προσρήσεων
610 4450 1046 4521 θεολογούμενος,
1086 4448 1166 4520 τῷ
1214 4448 1315 4518 τῆς
1347 4448 1533 4518 σοφίας
1568 4447 1663 4513 ἐπὶ,
1701 4445 1793 4499 τοῦ

225 4545 483 4617 παρόντος
536 4531 805 4613 ἀξιώματί
843 4558 902 4594 τε
946 4543 1038 4594 καὶ
1088 4540 1429 4610 προσηγορίᾳ
1483 4538 1791 4608 τετίμηται.

225 4636 384 4705 Λόγον
411 4636 472 4689 δὲ
498 4634 634 4688 Θεοῦ
677 4634 858 4699 αὐτὸν,
894 4636 987 4689 καὶ
1006 4634 1151 4703 ΦῶςἸ
1187 4633 1282 4687 καὶ
1317 4633 1490 4703 Ζωὴν,
1527 4632 1619 4700 καὶ⁵
1643 4629 1797 4700 Ἀλή-

227 4724 389 4790 θειαν,
417 4727 516 4781 καὶ
550 4727 642 4780 ἐπὶ
675 4728 808 4779 πᾶσι
840 4727 1071 4798 Χριστὸν
1106 4724 1241 4796 Θεοῦ
1275 4724 1501 4794 δύναμιν
1538 4724 1631 4777 καὶ
1663 4720 1796 4789 Θεοῦ

226 4818 419 4887 Σοφίαν
465 4816 892 4889 προσαγορεύειν
940 4815 1362 4887 μεμαθήκαμεν.
1394 4816 1457 4867 Ei
1515 4813 1575 4885 δὴ
1619 4808 1799 4866 οὖντά

229 4909 359 4980 μετά
400 4912 594 4980 χεῖρας
638 4909 800 4975 αὐτὸς
829 4907 957 4978 περὶ
997 4906 1207 4971 ἑαυτοῦ,
1251 4896 1327 4969 ὡς
1368 4904 1434 4960 ἂν
1464 4904 1597 4959 Θεοῦ
1631 4904 1801 4972 Σοφία

227 4998 367 5065 ζῶσα
407 5002 505 5054 καὶ
539 5000 663 5054 καθ’
692 5000 862 5070 αὐτὴν
897 4998 1208 5068 ὑφεστῶσα,
1241 4997 1329 5051 διὰ
1359 4996 1452 5051 τοῦ
1486 4997 1799 5065 σοφωτάτου

229 5092 565 5164 Σολομῶντος
591 5089 926 5163 διεξέρχεται
952 5093 1148 5161 λέγων,
1193 5111 1211 5144 ι
1258 5092 1400 5161 Ἐγὼ
1429 5092 1462 5161 ἠ
1488 5090 1660 5158 Σοφία
1699 5106 1802 5141 κα-

230 5184 540 5252 τεσκήνωσα
597 5182 811 5254 βουλὴν,
877 5183 968 5237 καὶ
997 5183 1219 5252 γνῶσιν,
1277 5182 1377 5249 κοιί⁸
1426 5180 1633 5234 ἔννοιαν
1691 5177 1803 5246 ἐγὼ

233 5272 643 5345 ὲπεκαλεσάμην
697 5293 719 5323 ι
762 5276 856 5347 καὶ
897 5275 968 5329 τά
1020 5275 1229 5338 τούτοις
1275 5274 1624 5344 ἐπαγόμενον
1667 5270 1811 5341 ἀλλὰ⁵

238 5367 322 5419 καὶ
389 5366 465 5431 ὡς
518 5368 621 5440 τὴν
673 5368 780 5424 τῶν
850 5370 985 5425 ὅλων
1062 5369 1327 5440 διοίκησιν
1407 5367 1501 5421 καὶ
1547 5365 1802 5437 πρόνοιαν

239 5458 653 5532 ἀναδεδεγμένος
698 5462 982 5535 ἐπιφέρειο
1024 5480 1043 5522 ι
1088 5462 1165 5513 Δι’
1198 5459 1331 5530 ὲμοῦ
1369 5457 1608 5530 βασιλεῖς
1653 5455 1806 5527 βασι-

240 5550 462 5621 λεύουσι,
520 5555 618 5607 καὶ
666 5555 715 5608 oi
766 5556 1022 5618 δυνάσται
1088 5544 1357 5625 γράφουσι
1422 5542 1801 5618 δικαιοσύνην·

241 5640 298 5694 Et’
348 5645 477 5716 ἐμοῦ
536 5647 861 5717 μεγιστᾶνες
928 5633 1349 5718 μεγαλύνονται’
1431 5662 1450 5696 ι
1520 5637 1658 5706 εἶτα,
1731 5638 1807 5690 ei-

307 5799 347 5842 ”
373 5801 532 5865 Prov.
564 5818 686 5870 vm,
724 5801 910 5863 12-31.

1825 4515 1871 4570 D

1892 3279 2016 3318 cum
2048 3279 2114 3318 eo
2144 3263 2387 3328 aderam,
2424 3262 2642 3333 quando
2706 3262 3026 3332 segregabat
3077 3258 3258 3315 sedem
3316 3272 3470 3313 suam

1894 3369 2059 3423 super
2112 3360 2326 3417 ventos,
2370 3354 2592 3422 quando
2643 3352 2814 3408 fortes
2869 3351 3106 3406 faciebat
3161 3351 3473 3419 superiores

1894 3447 2088 3511 nubes,
2117 3453 2170 3498 et
2200 3454 2257 3499 ut
2286 3444 2514 3499 stabiles
2545 3444 2781 3515 ponebat
2817 3442 2999 3498 fontes
3029 3443 3171 3511 ejus,
3222 3455 3345 3511 qum
3368 3441 3473 3497 sub

1893 3538 2033 3591 ccelo
2052 3545 2157 3599 est,
2182 3535 2310 3590 dum
2335 3546 2563 3606 poneret
2586 3538 2724 3590 mari
2738 3534 3270 3597 consummationem
3290 3548 3470 3599 suam,

1893 3637 1948 3683 et
1979 3643 2136 3697 aquae
2168 3643 2278 3682 non
2312 3628 2668 3698 praeteribunt
2698 3642 2762 3681 os
2783 3626 2926 3694 ejus,
2949 3623 3169 3695 quando
3206 3623 3368 3678 fortia
3398 3623 3474 3677 fa-

1895 3721 2073 3774 ciebat
2096 3719 2452 3775 fundamenta
2477 3725 2667 3783 terrae,
2705 3732 2853 3773 eram
2880 3716 3022 3784 apud
3055 3717 3203 3769 illum
3250 3729 3474 3785 compo-

1894 3830 2033 3873 nens
2059 3837 2072 3871 :
2097 3830 2196 3884 ego
2223 3829 2371 3868 eram
2404 3811 2546 3883 apud
2568 3826 2731 3882 quam
2763 3809 3053 3879 gaudebat,
3088 3806 3328 3877 quotidie
3344 3821 3474 3860 vero

1895 3909 2117 3963 laetabar
2151 3903 2205 3959 in
2236 3904 2388 3957 vultu
2438 3902 2583 3957 illius
2633 3901 2687 3954 in
2714 3899 2862 3954 omni
2907 3908 3191 3970 tempore:
3253 3897 3473 3967 quando

1894 3999 2180 4055 laetabatur
2209 3996 2353 4067 quod
2381 3994 2568 4049 orbem
2606 4002 2875 4047 terrarum
2904 3991 3254 4061 perfecisset,
3292 3997 3346 4045 et
3379 3990 3470 4044 lte-

1894 4092 2115 4145 tabatur
2136 4090 2191 4143 in
2233 4087 2361 4141 filiis
2407 4085 2689 4141 hominum
2725 4084 2794 4137 θτ.
2832 4103 2850 4134 ι
2890 4082 3133 4136 Divinam
3168 4088 3221 4135 et
3256 4094 3470 4134 omnem

1895 4185 1951 4237 in
1981 4198 2039 4238 se
2073 4182 2279 4236 habens
2338 4179 2620 4240 virtutem,
2651 4191 2772 4247 quae
2798 4176 3013 4230 cunctis
3060 4174 3224 4228 rebus
3275 4173 3475 4240 genitis

1896 4276 2171 4347 antiquior
2201 4280 2283 4329 est
2316 4272 2581 4336 essentia,
2611 4286 2733 4340 qute
2769 4269 3078 4340 intelligens
3108 4279 3161 4323 et
3199 4268 3475 4337 primoge-

1896 4369 2010 4423 nita
2044 4366 2299 4436 ingenita:
2357 4370 2569 4417 natura:
2625 4363 2806 4431 imago
2834 4367 2917 4414 est
2943 4400 2958 4423 ,
3001 4360 3276 4429 legitimus
3310 4365 3474 4425 atque

1897 4462 2096 4516 unicus
2118 4459 2340 4515 maximi
2365 4458 2457 4512 Dei
2497 4457 2695 4523 Filius,
2733 4456 2824 4525 qui
2852 4455 3040 4509 multis
3067 4452 3377 4507 nominibus
3396 4449 3478 4505 di-

1899 4553 2042 4607 citur
2071 4592 2086 4618 ,
2119 4551 2187 4607 de
2217 4566 2328 4621 quo
2361 4557 2422 4603 ut
2452 4549 2520 4604 de
2552 4547 2662 4603 Deo
2704 4547 2954 4618 pluribus
3016 4543 3475 4614 appellationibus

1898 4645 2193 4721 loquimur,
2226 4642 2329 4697 hoc
2375 4636 2584 4695 inloco
2615 4638 2907 4708 Sapientiae
2939 4637 3257 4706 dignitatem
3315 4642 3476 4704 atque

1900 4736 2338 4807 appellationem,
2370 4733 2594 4787 honoris
2626 4738 2681 4785 et
2717 4729 3093 4800 amplitudinis
3121 4727 3296 4800 gratia
3318 4740 3479 4780 acce-

1902 4829 1998 4898 pit,
2020 4825 2251 4883 Verbum
2268 4833 2447 4880 autem
2478 4822 2568 4877 Dei
2592 4821 2862 4882 eumdem,
2881 4829 2934 4875 et
2954 4819 3177 4883 Lucem,
3200 4825 3254 4872 et
3272 4815 3474 4877 Vitam,

1901 4926 1955 4972 et
1989 4915 2306 4975 Veritatem.
2342 4921 2395 4973 et
2423 4921 2700 4983 postremo
2735 4909 3014 4964 Christum
3054 4908 3144 4961 Dei
3191 4905 3476 4969 Virtutem,

1902 5017 1956 5064 et
1988 5008 2083 5063 Dei
2136 5006 2470 5077 Sapientiam
2532 5004 2807 5074 appellare
2836 5002 2947 5070 jam
2992 4998 3287 5053 didicimus
3316 5015 3329 5050 :
3362 4995 3478 5065 jam

1904 5101 2069 5175 igitur
2096 5102 2151 5154 in
2184 5100 2269 5155 bis
2294 5113 2415 5170 quae
2442 5112 2588 5161 nunc
2613 5098 2666 5150 in
2692 5094 2946 5149 manibus
2970 5099 3115 5154 sunt,
3148 5090 3263 5159 ipse
3298 5087 3364 5142 de
3390 5101 3480 5141 se-

1905 5195 2045 5263 ipso,
2075 5202 2332 5263 tanquam
2359 5191 2452 5246 Dei
2482 5190 2669 5244 vivens
2697 5186 2998 5258 Sapientia,
3024 5194 3075 5238 et
3102 5196 3223 5251 quae
3253 5194 3348 5249 per
3383 5193 3473 5233 se-

1906 5287 2080 5356 ipsam
2140 5284 2437 5347 consistat,
2476 5297 2572 5351 per
2600 5279 3065 5351 sapientissimum
3122 5273 3473 5327 Salomoncm

1905 5378 2071 5433 verba
2103 5375 2267 5439 facit,
2336 5374 2465 5427 dum
2499 5373 2631 5427 dicit
2663 5389 2705 5424 ε(
2756 5369 2866 5440 Ego
2899 5365 3178 5436 Sapientia
3236 5362 3478 5418 babitavi

1907 5470 2221 5535 consilium,
2281 5474 2336 5523 et
2368 5466 2770 5537 cognitionem,
2827 5471 2883 5517 et
2936 5458 3325 5530 cogitationem
3376 5470 3479 5525 ego

1910 5560 2179 5633 invocavi,
2220 5580 2247 5617 ι,
2276 5571 2331 5615 et
2360 5576 2482 5630 quae
2513 5559 2601 5618 his
2649 5557 2905 5635 adjuncta
2960 5559 3109 5609 sunt.
3156 5550 3263 5607 Sed
3311 5549 3477 5604 etiam

1909 5650 2063 5732 quasi
2098 5651 2146 5708 is
2175 5651 2266 5731 qui
2310 5634 2486 5733 ipsius
2538 5634 2778 5717 universi
2835 5644 3369 5710 administrationem
3424 5643 3480 5693 et
