3880 6256
406 340 506 407 551

1040 342 1315 409 EUSEBH
1352 343 1834 408 C‘IESARJE‘NSIS
1858 351 2012 407 OPP.
2050 348 2250 406 PARS.
2289 349 2358 406 11.
2397 380 2467 391 -
2501 348 2999 407 APOLOGETICA.

3542 357 3638 413 552

406 467 809 540 providentiam
843 468 1139 538 acceperit,
1171 468 1439 541 adjungit,
1477 489 1496 522 ι
1550 469 1657 526 Per
1699 484 1789 524 me
1831 482 1975 538 reges

2089 464 2204 519 πὼν
2280 467 2674 538 μνημονεύσειν
2743 466 2810 520 τὰ
2883 465 2943 532 ἑξ
3011 466 3239 531 αἰῶνος,
3296 468 3490 538 ἐπάγει
3553 472 3636 526 λέ-

407 569 639 632 regnant
678 603 694 628 ,
735 568 789 615 et
826 568 1074 631 potentes
1111 563 1365 617 scribunt
1398 563 1670 633 justitiam
1701 602 1716 626 ,
1756 576 1854 631 per
1891 576 1981 616 me

407 655 589 724 magni
641 653 743 706 viri
796 652 1262 722 magniﬁcantur;
1310 673 1329 706 ι
1374 655 1571 711 deinde
1611 654 1704 709 ubi
1743 654 1883 708 dixit
1920 669 1980 709 se

405 755 832 804 memoraturum
864 762 986 818 quae
1004 762 1033 800 a
1053 748 1253 802 saeculo
1277 757 1425 812 sunt,
1466 747 1716 819 adiungit
1751 747 1974 803 dicens:

408 856 429 890 ι
482 838 745 893 Dominus
785 840 992 894 creavit
1031 854 1117 893 me
1157 839 1373 894 initium
1407 839 1620 895 viarum
1659 855 1882 895 suarum
1922 841 1977 894 in

404 946 568 1001 opera
608 947 731 994 sua,
791 939 915 987 ante
974 932 1233 987 saeculum
1289 931 1537 987 fundavit
1585 949 1689 989 me.
1738 953 1759 987 ι
1814 933 1977 1004 213

414 1021 624 1086 Quibus
676 1023 857 1078 verbis
912 1023 1130 1077 interim
1172 1024 1410 1094 seipsum
1472 1024 1734 1094 genitum,
1804 1038 1979 1093 neque

401 1111 652 1167 eumdem
697 1129 821 1167 eum
876 1113 1119 1184 lngenito
1160 1115 1319 1169 docet
1340 1130 1495 1179 esse,
1528 1129 1654 1177 eum
1706 1129 1837 1169 sane
1882 1113 1976 1184 qui

403 1212 531 1258 ante
583 1220 745 1259 omne
782 1220 956 1259 aevum
985 1205 1279 1261 essentiam
1325 1206 1618 1277 acceperit,
1660 1214 1714 1261 et
1758 1206 1812 1259 in
1860 1218 1980 1258 mo-

403 1296 533 1352 dum
588 1297 926 1354 fundamenti
972 1299 1183 1354 cunctis
1210 1300 1407 1370 genitis
1458 1300 1622 1354 rebus
1664 1300 1979 1369 praemissus

404 1391 496 1445 sit.
532 1389 607 1444 Ex
641 1407 752 1461 quo
781 1390 1024 1446 divinum
1059 1392 1379 1460 Apostolum
1411 1397 1788 1462 argumentum
1821 1404 1977 1445 acce-
2016 1428 2024 1441 ,

402 1479 554 1551 pisse
579 1480 840 1536 credibile
865 1489 968 1544 est,
999 1489 1059 1535 ut
1087 1481 1156 1537 de
1184 1481 1278 1534 illo
1308 1480 1538 1545 diceret,
1577 1499 1594 1532 ι
1615 1480 1718 1546 Qui
1748 1487 1833 1535 est
1854 1481 1982 1534 ima-

409 1587 479 1643 go
534 1571 625 1628 Dei
674 1572 997 1637 invisibilis,
1038 1572 1431 1643 primogenitus
1476 1573 1655 1629 omnis
1696 1579 1984 1645 creaturae,

402 1664 662 1734 quoniam
697 1665 752 1719 in
780 1664 1150 1735 ipso,condita
1200 1674 1327 1719 sunt
1352 1665 1629 1729 universa,
1662 1665 1717 1719 in
1758 1666 1898 1725 caelo
1926 1674 1981 1721 et

402 1754 459 1809 in
507 1764 650 1809 terra
683 1753 749 1807 ⁸⁸.
799 1773 818 1805 ι
866 1753 1148 1824 Siquidem
1179 1755 1575 1825 primogenitus
1612 1754 1793 1810 omnis
1825 1770 1981 1811 crea-

401 1854 539 1901 turae
567 1846 747 1901 dictus
774 1853 859 1904 est
891 1847 943 1900 in
978 1847 1070 1901 illo
1099 1866 1111 1902 :
1149 1866 1168 1899 ι
1212 1845 1473 1902 Dominus
1512 1847 1714 1902 creavit
1748 1861 1834 1901 me
1876 1846 1980 1900 ini-

404 1936 544 1991 tium
576 1938 786 1992 viarum
837 1953 1061 1993 suarum
1098 1939 1152 1995 in
1199 1953 1365 2009 Opera
1409 1953 1528 1993 sua.
1570 1958 1588 1989 ι
1623 1936 1756 1993 Jure
1801 1949 1977 1993 autem

402 2026 586 2100 imago
651 2030 743 2084 Dei
796 2030 1159 2100 intelligetur,
1217 2036 1403 2100 utpote
1455 2031 1547 2099 qui
1603 2029 1852 2099 genitura
1909 2030 1981 2084 sit

401 2119 655 2191 ingenuitas
687 2129 913 2179 naturae.
945 2121 1059 2176 Hoc
1109 2123 1275 2193 igitur
1330 2122 1385 2175 in
1439 2121 1524 2176 his
1579 2138 1698 2192 qua:
1761 2122 1814 2178 in
1863 2139 1979 2177 ma-

401 2213 567 2269 nibus
598 2221 726 2268 sunt
775 2215 1085 2277 conﬁtetur,
1107 2215 1196 2269 ubi
1221 2216 1295 2269 ait
1324 2235 1336 2271 :
1375 2234 1394 2267 ι
1423 2218 1723 2286 Antequam
1769 2225 1985 2272 montes

406 2306 523 2363 Suis
553 2307 775 2364 sedibus
809 2306 1179 2372 ﬁrmarentur,
1214 2327 1231 2359 ι
1261 2314 1334 2372 et,
1367 2328 1385 2361 ι
1411 2309 1551 2363 Ante
1572 2324 1763 2363 omnes
1787 2309 1975 2370 colles,

399 2396 574 2468 gignit
611 2412 715 2452 me.
755 2417 773 2450 ι
805 2397 938 2453 Inde
967 2397 1117 2452 illum
1158 2396 1349 2451 Filiu‘m
1381 2400 1625 2462 unicum,
1660 2407 1712 2453 et
1743 2399 1976 2469 primum

406 2491 646 2560 genitum
682 2489 776 2544 Dei
808 2488 1046 2550 Verbum
1072 2492 1432 2561 appellamus,
1461 2492 1555 2563 qui
1586 2492 1804 2562 quidem
1834 2492 1977 2547 idem

405 2581 478 2635 sit
508 2594 631 2634 cum
659 2594 723 2638 ea
758 2579 1036 2652 Sapientia
1071 2580 1138 2636 de
1166 2597 1272 2651 qua
1304 2581 1510 2637 dictum
1556 2591 1662 2639 est.
1695 2581 1978 2649 Quomodo

403 2679 583 2725 autem
610 2671 917 2740 genituram
943 2673 1096 2727 illum
1130 2689 1253 2728 esse
1285 2673 1376 2729 Dei
1408 2674 1676 2739 dicamus,
1705 2675 1845 2731 alius
1874 2675 1978 2730 erit

398 2767 455 2814 et
479 2761 736 2831 proprius
768 2763 1056 2832 indagandi
1083 2764 1253 2832 locus,
1286 2767 1544 2835 quoniam
1577 2781 1751 2836 neque
1782 2783 1978 2822 senun-

407 2851 537 2906 dum
575 2853 988 2923 projectionem,
1021 2871 1198 2926 neque
1242 2857 1539 2911 secundum
1580 2856 1974 2923 diductionem,

403 2950 498 2995 aut
527 2943 874 3008 divisionem,
918 2954 1011 2999 aut
1046 2945 1487 3012 diminutionem,
1531 2957 1625 3003 aut
1655 2950 1972 3014 sectionem,

401 3045 495 3087 aut
516 3036 740 3089 omnino
765 3036 1062 3090 secundum
1083 3038 1289 3108 aliquid
1305 3054 1491 3095 eorum
1511 3056 1632 3111 quae
1650 3040 1705 3095 in
1726 3043 1975 3113 genitura

408 3126 620 3180 mortali
670 3127 812 3197 exigi
863 3128 1060 3192 solent,
1094 3129 1420 3185 ineffabilem
1456 3132 1603 3189 illius
1638 3135 1976 3204 procreatio-
2005 3165 2046 3221 ο

407 3231 530 3270 nem
577 3218 879 3287 cegitamus
918 3239 929 3273 :
964 3235 1140 3290 neque
1174 3218 1257 3277 fas
1301 3229 1386 3277 est
1417 3223 1539 3278 ullis
1582 3225 1780 3295 genitis
1812 3226 1978 3282 rebus

407 3307 555 3362 illius
594 3315 687 3361 aut
716 3310 1041 3379 genituram,
1082 3320 1177 3367 aut
1206 3316 1674 3385 prepagationem,
1709 3333 1831 3389 quae
1855 3319 1978 3388 qui-

400 3398 524 3453 dem
561 3400 724 3456 nullis
754 3404 1150 3473 nequeverbis,
1182 3421 1358 3476 neque
1385 3408 1700 3465 nominibus
1729 3425 1979 3480 compre—

403 3491 563 3546 hendi
593 3501 790 3563 potest,
824 3496 1055 3553 similem
1081 3499 1358 3567 arbitrari,
1384 3502 1560 3571 neque
1587 3517 1714 3557 vero
1739 3503 1975 3573 aliquam

399 3583 479 3636 illi
509 3598 698 3638 eorum
735 3602 856 3656 quae
901 3590 1228 3658 temporaria
1260 3597 1313 3645 et
1359 3593 1610 3647 mortalia
1644 3602 1791 3655 sunt,
1826 3609 1977 3647 com-

403 3689 598 3744 parare
639 3677 927 3748 imaginem
966 3698 979 3735 :
1013 3682 1270 3751 quoniam
1305 3698 1483 3753 neque
1535 3685 1837 3741 secundum
1881 3700 1980 3741 eas

402 3763 718 3818 animalium
749 3768 1178 3838 procreationes,
1226 3786 1347 3842 quae
1377 3772 1518 3841 apud
1551 3789 1652 3827 nos
1695 3774 1972 3837 visuntur,

400 3854 697 3909 essentiam
738 3857 806 3911 de
833 3861 1091 3926 essentia,
1133 3876 1361 3932 eamque
1404 3862 1732 3919 divisibilem
1768 3874 1862 3919 aut
1891 3881 1977 3921 se-

401 3947 726 4016 parabilem,
750 3947 945 4004 Filium
977 3950 1045 4006 de
1073 3951 1254 4018 Patre,
1280 3954 1537 4024 patiendo
1559 3966 1653 4011 aut
1683 3956 1981 4013 dividendo

401 4037 692 4108 prodiisse,
725 4040 813 4108 pie
840 4041 1020 4097 dicere
1051 4058 1344 4113 possumus
1376 4063 1389 4099 :
1414 4054 1598 4114 partes
1624 4048 1769 4102 enim
1797 4049 1977 4104 nullas

402 4130 587 4196 habet,
621 4132 1022 4203 insecabileque
1047 4143 1152 4199 est,
1178 4136 1323 4205 quod
1352 4137 1595 4193 divinum
1620 4147 1722 4203 est,
1751 4155 1858 4194 non
1888 4156 1975 4195 se-

402 4231 580 4290 catur,
614 4238 726 4278 non
773 4224 1052 4290 dividitur,
1092 4242 1201 4281 non
1229 4229 1563 4297 extenditur,
1598 4246 1707 4284 non
1737 4233 1972 4301 corripi-

401 4322 513 4379 tur,
546 4331 655 4370 non
704 4315 1062 4381 diminuitur,
1094 4334 1203 4373 non
1246 4320 1445 4390 majus,
1476 4337 1586 4375 non
1635 4322 1814 4392 pejus,
1849 4338 1971 4377 .non

402 4407 595 4463 melius
620 4409 710 4475 lit;
735 4424 840 4463 non
860 4410 1019 4464 habet
1048 4412 1101 4465 in
1127 4411 1309 4481 seipso
1330 4412 1531 4482 aliquid
1557 4413 1702 4483 quod
1732 4428 1761 4466 a
1791 4416 1971 4484 seipso

2079 571 2212 621 γωνο
2260 573 2281 606 ι
2336 555 2540 626 Κύριος
2585 556 2767 610 ἔκτισέ
2822 574 2891 628 με
2941 557 3112 628 ἀρχὴν
3156 557 3289 613 οδῶν
3340 560 3505 614 αὐτοῦ
3567 565 3638 626 είς

2078 645 2215 716 ἔργα
2279 646 2474 700 αὐτοῦ·
2540 648 2646 720 πρὸ
2695 648 2789 700 τοῦ
2851 648 3044 712 αίῶνος
3093 650 3419 722 ὲθεμελίωσέ
3476 672 3540 725 με
3572 673 3584 685 ·
3615 675 3632 706 ι

2078 741 2147 797 δι’
2175 733 2250 794 ὧν
2278 740 2413 811 ὁμοῦ
2443 741 2535 796 καὶ
2576 743 2798 813 γενητὸν
2842 743 3052 808 ἑαυτὸν,
3089 744 3208 815 οὐχὶ
3250 744 3307 798 δὲ
3353 746 3443 798 τὸν
3487 748 3636 803 αὐτὸν

2078 830 2204 884 ὄντα
2227 830 2305 902 τῷ
2332 832 2633 903 Ἀγεννήτῳ
2671 832 2928 897 διδάσκει,
2971 832 3076 903 πρὸ
3111 833 3311 897 παντὸς
3338 834 3529 900 αἰῶνος
3553 837 3637 890 οὐ·

2081 924 2364 995 σιωμένον,
2411 924 2660 996 θεμελίου
2690 942 2747 978 τε
2790 926 2987 997 τρόπον
3017 925 3122 978 τῶν
3156 928 3428 997 γεννητῶν
3473 930 3636 984 ἁπάν-

2078 1033 2185 1068 των
2219 1014 2671 1087 προϐεϐλημένον.
2697 1015 2855 1070 Ὅθεν
2879 1016 2968 1070 τὸν
2993 1015 3133 1070 θεῖον
3157 1018 3475 1079 Ἀπόστολον
3506 1021 3638 1088 εἰκὸς

2078 1106 2397 1178 ὁρμώμενον
2429 1108 2555 1179 περὶ
2596 1107 2759 1161 αὑτοῦ
2792 1108 2954 1178 φάναι
2979 1125 2992 1139 ⁸
3021 1128 3039 1161 ι
3072 1111 3168 1173 Ὃς
3197 1113 3344 1164 ἐστιν
3373 1111 3531 1167 εἰκὼν
3553 1114 3637 1167 τοῦ

2092 1198 2368 1269 Ἀοράτου,
2398 1200 2739 1271 πρωτότοκος
2764 1200 2945 1272 πάσης
2992 1201 3220 1266 κτίσεως
3241 1220 3255 1233 ο
3300 1204 3379 1259 ὅτι
3410 1206 3467 1257 ὲν
3504 1205 3640 1276 αὐτῷ

2079 1289 2303 1360 ἐκτίσθη
2335 1289 2405 1343 τὰ
2439 1291 2634 1356 πάντα,
2672 1291 2740 1344 τὰ
2775 1293 2831 1345 ὲν
2854 1292 2932 1363 τῷ
2955 1292 3168 1365 οὐρανῷ
3212 1295 3303 1347 καὶ
3339 1294 3411 1349 τά
3437 1296 3528 1349 ἐπὶ
3550 1297 3641 1368 τῆς

2078 1383 2199 1453 γῆς.
2235 1402 2253 1434 ι
2301 1383 2649 1455 Πρωτότοκος
2692 1384 2791 1455 μὲν
2835 1384 2943 1456 γὰρ
2988 1385 3169 1458 πάσης
3216 1387 3495 1458 ἀνείρηται
3538 1389 3643 1443 κτί.

2081 1492 2237 1539 σεως,
2271 1474 2410 1529 κατὰ
2440 1475 2520 1540 τὸ,
2558 1495 2575 1527 ι
2633 1476 2836 1549 Κύριος
2868 1476 3047 1532 ἑκτισέ
3079 1495 3147 1548 με
3180 1479 3352 1551 ἀρχὴν
3392 1480 3525 1533 ὁδῶν
3554 1482 3642 1535 αὖ·

2078 1564 2171 1618 τοῦ
2198 1567 2275 1630 εἰς
2297 1564 2433 1637 ἔργα
2458 1566 2623 1629 αὑτοῦ
2646 1583 2662 1597 ·
2705 1553 2741 1619 ι’
2762 1571 2932 1623 νοοῖτο
2952 1568 2995 1620 δ’
3025 1568 3091 1623 ἂν
3124 1570 3343 1636 εἰκότως
3373 1571 3535 1627 εἰκὼν
3557 1573 3641 1628 τοῦ

2079 1658 2234 1724 Θεοῦ,
2262 1657 2336 1722 ὡς
2366 1658 2433 1712 ἂν
2468 1658 2712 1730 γέννημα
2736 1660 2836 1730 τῆς
2878 1661 3172 1732 ἀγεννήτου
3204 1662 3421 1732 φύσεως
3458 1666 3642 1737 τυγχά-

2079 1768 2206 1805 νων.
2242 1748 2412 1803 Τοῦτο
2441 1750 2497 1809 δὲ
2530 1746 2623 1803 οὖν
2662 1751 2719 1803 ἑν
2759 1754 2871 1815 τοῖς
2907 1752 3042 1823 μετὰ
3069 1756 3256 1824 χεῖρας
3291 1754 3556 1825 ὁμολογεῖ,
3580 1756 3640 1810 δι’

2081 1837 2155 1897 ὧν
2188 1862 2319 1916 φησι
2342 1862 2355 1874 ·
2399 1864 2417 1898 ι
2464 1846 2577 1918 Πρὸ
2615 1845 2709 1899 τοῦ
2745 1846 2844 1918 ὅρη
2875 1846 3217 1917 ἑδρασθῆναι,
3255 1867 3274 1900 ι
3323 1850 3438 1915 καὶ,
3477 1869 3495 1900 ι
3540 1849 3642 1920 Πρὸ

2082 1935 2139 1990 δὲ
2184 1937 2402 1990 πάντων
2444 1936 2648 2007 βουνῶν
2688 1939 2850 2009 γεννᾷ
2901 1955 2986 2010 με.
3028 1956 3047 1989 ι
3104 1937 3294 1991 Ἔνθεν
3327 1939 3490 1993 αὐτὸν
3526 1939 3642 1993 Υίὸν

2087 2029 2370 2101 μονογενῆ,
2419 2029 2517 2093 καλ,
2555 2028 2896 2100 πρωτότοκον
2940 2027 3031 2081 τοῦ
3079 2027 3215 2081 Θεοῦ
3259 2030 3432 2098 Λόγον
3463 2032 3641 2099 ἀναγο-

2083 2120 2312 2195 ρεύομεν
2339 2121 2428 2173 τὸν
2458 2120 2619 2177 αὑτὸν
2663 2119 2788 2172 ὅντα
2817 2122 2884 2200 τῇ
2922 2118 3221 2192 δηλουμένη
3248 2121 3439 2194 Σοφίᾳ.
3470 2122 3640 2184 Ὅπως

2081 2212 2136 2265 δὲ
2165 2213 2407 2283 γέννημα
2432 2212 2567 2269 Θεοῦ
2613 2213 2771 2267 αὐτὸν
2810 2208 2950 2266 εἶναί
2989 2230 3189 2284 φαμεν,
3230 2214 3369 2278 ἰδίας
3395 2213 3460 2267 ἂν
3486 2213 3639 2267 δέοιτο

2081 2302 2414 2370 ἐξετάσεως·
2454 2306 2575 2358 ἐπεὶ
2626 2306 2763 2377 μήτε
2797 2305 2939 2359 κατὰ
2968 2305 3265 2370 διάστασιν,
3297 2306 3330 2378 ἢ
3373 2306 3637 2377 διαίρεσιν,

2081 2396 2113 2465 ἢ
2149 2395 2390 2465 μείωσιν,
2417 2396 2451 2468 ἢ
2486 2395 2676 2467 τομὴν,
2702 2396 2735 2467 ἢ
2768 2396 2909 2450 κατά
2931 2414 2982 2450 τι
3004 2397 3140 2459 ὅλως
3166 2396 3272 2450 τῶν
3299 2397 3394 2450 ἐπὶ
3415 2397 3508 2468 τῆς
3532 2395 3641 2466 θνη-

2079 2484 2178 2555 τῆς
2205 2485 2472 2553 γενέσεως
2518 2484 2966 2556 ἐπιτελουμένων,
3010 2486 3107 2558 τὴν
3148 2487 3456 2558 ἀπόρρητον
3488 2486 3637 2540 αὑτοῦ

2080 2573 2488 2645 γενεσιουργίαν
2530 2573 2867 2642 ἐπινοοῦμεν.
2922 2574 3054 2631 Οὑδὲ
3093 2575 3201 2646 γὰρ
3249 2574 3411 2646 θέμις
3452 2575 3554 2629 τῶν
3586 2578 3637 2628 ἐν

2079 2667 2325 2733 γενητοῖς
2372 2681 2483 2721 τισι
2522 2665 2619 2738 τὴν
2653 2666 2889 2737 ἄρρητον
2936 2667 3031 2718 καί⁵
3074 2667 3513 2735 ἀκατονόμαστον
3549 2669 3636 2721 αὑ-

2079 2754 2172 2815 τοῦ
2208 2755 2418 2824 γένεσίν
2439 2772 2500 2808 τε
2529 2756 2621 2809 καὶ
2642 2757 2892 2810 οὑσίωσιν
2915 2756 3228 2828 ἀφομοιοῦν,
3256 2758 3381 2812 οὑδέ
3406 2777 3524 2814 τινα
3540 2760 3635 2814 τῶν

2080 2846 2380 2916 ἐπικαίρων
2431 2845 2525 2900 καὶ
2559 2844 2766 2916 θνητῶν
2817 2847 3183 2916 παραϐάλλειν
3222 2848 3385 2920 ,αὐτῷ
3427 2849 3633 2903 εἰκόναο

2080 2938 2201 2990 ἐπεὶ
2235 2936 2368 3008 μηδὲ
2418 2937 2559 2995 κατὰ
2593 2938 2866 3010 τὰς,,παρ’
2896 2941 3027 3010 ἡμῖν
3075 2940 3183 2993 τῶν
3215 2938 3372 3004 ζώων
3413 2940 3648 3010 γενέσειςε

2079 3036 2265 3089 οὐσίαν
2297 3035 2355 3103 ἐξ
2402 3036 2588 3098 οὐσίας
2617 3036 2757 3090 κατὰ
2788 3036 2957 3100 πάθος
2985 3037 3017 3107 ἢ
3063 3037 3344 3111 διαίρεσιν,
3394 3037 3647 3110 μεριστὴν,

2080 3131 2174 3182 καὶ
2203 3128 2475 3200 χωριστὴν
2513 3130 2578 3181 ὲκ
2602 3128 2694 3182 τοῦ
2730 3129 2941 3201 Πατρὸς
2970 3130 3391 3202 προεληλυθέναι
3413 3131 3501 3186 τὸν
3522 3132 3637 3187 Υἱδνη

2080 3221 2242 3290 φάναι
2292 3223 2454 3274 ὅσιον.
2510 3220 2736 3293 ’ᾼμερὲς
2784 3219 2889 3291 γὰρ
2933 3221 3028 3273 καὶ
3054 3221 3253 3292 ἄτομον
3282 3221 3342 3274 τὸ
3387 3221 3551 3285 Θεῖον,
3579 3222 3631 3273 οὐ

2078 3310 2428 3384 τεμνόμενον,
2473 3311 2532 3363 οὐ
2579 3310 2970 3385 διαιρούμενον,
3009 3311 3110 3365 οὐκ
3153 3312 3539 3384 ἐκτεινόμενον,
3578 3311 3633 3364 οὺ

2080 3402 2416 3474 μειούμενον,
2447 3404 2507 3454 οὐ
2549 3401 2983 3474 συστελλόμενον,
3018 3404 3078 3457 οὐ
3125 3403 3325 3474 μεῖζον,
3357 3405 3418 3459 οὐ
3449 3406 3643 3476 χεῖρον,Δ

2078 3495 2138 3546 οὐ
2171 3497 2413 3567 κρεῖττον
2449 3493 2612 3547 αὐτοῦ
2650 3494 2954 3566 γινόμενον,
2998 3495 3096 3549 οὐκ
3142 3494 3260 3565 ἕχον
3304 3513 3357 3549 τι
3396 3497 3451 3548 ἑν
3474 3493 3637 3565 ἑαυτῷ

2076 3582 2261 3654 ἕτερόν
2292 3600 2344 3635 τι
2383 3580 2569 3648 αὑτοῦ,
2606 3583 2690 3636 ἵνα
2718 3583 2812 3636 καὶ
2844 3584 3076 3655 πρόηται
3113 3583 3290 3637 τοῦτο.
3319 3586 3433 3640 Πᾶν
3459 3586 3558 3655 γὰρ
3578 3571 3633 3637 τό

2078 3670 2132 3724 ἕν
2155 3688 2261 3732 τινι
2291 3670 2374 3737 ὃν,
2412 3670 2445 3742 ἦ
2480 3671 2555 3736 ὡς
2583 3671 2946 3750 συμϐεϐηκὸς,
2980 3668 3090 3727 οἷον
3114 3675 3302 3728 λευκὸν
3333 3679 3391 3732 ἐν
3413 3674 3637 3746 σώματι,

2077 3765 2108 3838 ἢ
2138 3765 2211 3830 ὼς
2240 3765 2425 3839 ἓτερον
2455 3767 2513 3819 ὲν
2548 3764 2718 3836 ἑτέρῳ
2748 3765 3024 3836 τυγχάνει,
3065 3766 3140 3830 ὡς
3172 3766 3231 3820 τὸ
3260 3768 3319 3821 ἑν
3347 3770 3412 3839 τῇ
3447 3783 3629 3836 κυοφο-

2080 3857 2247 3931 ρούσῃ
2286 3857 2426 3921 κατὰ
2467 3857 2702 3930 γαστρὸς
2732 3857 3237 3930 κυοφορούμενον,ἢ
3269 3858 3346 3922 ὡς
3390 3859 3545 3930 μέρος
3578 3859 3633 3917 ἐν,

2074 3951 2151 4023 τῷ
2198 3952 2321 4025 ὅλῳ,
2351 3954 2425 4016 ὡς
2455 3951 2519 4007 ἂν
2560 3955 2618 4007 ὲν
2663 3951 2872 4023 σώματι
2901 3951 3022 4023 χεὶρ
3054 3951 3086 4022 ἢ
3114 3951 3267 4015 ποῦς,
3314 3952 3348 4022 ἢ
3391 3949 3627 4013 δάκτυλος

2075 4044 2169 4101 τοῦ
2200 4045 2395 4108 παντὸς
2418 4043 2546 4097 ὄντα
2578 4044 2743 4115 μέρη,
2766 4036 2839 4095 ὧν
2869 4042 3152 4112 ἀποκοπὴν
3181 4042 3214 4112 ἦ
3241 4060 3364 4095 τινα
3403 4040 3565 4112 τομὴν
3594 4039 3625 4108 ἢ

2073 4135 2335 4207 διαίρεσιν
2368 4135 2727 4199 πεπονθότων,
2754 4134 2939 4198 ἀτελὲς
2962 4134 3054 4187 καὶ
3076 4133 3313 4198 κολοϐὸν,
3350 4132 3425 4197 ὡς
3452 4132 3514 4186 ἂν
3542 4129 3627 4185 τοῦ

2077 4227 2274 4299 μέρους
2293 4226 2830 4299 ἠκρωτηριασμένου,
2854 4225 3234 4279 ἀπολέλειπται
3254 4227 3313 4279 τὸ
3342 4228 3465 4280 πᾶν.
3484 4221 3626 4277 Ἀλλὰ

2072 4301 2181 4390 γὰρ
2221 4320 2313 4372 καὶ
2343 4319 2403 4371 τὸ
2440 4319 2607 4372 εἰκόνι
2636 4317 2809 4389 τοιᾷδε
2845 4316 2937 4370 καὶ
2970 4315 3222 4387 ὁμοιώσει
3266 4316 3497 4387 χρῆσθαι
3541 4312 3627 4366 ἐπὶ

2072 4413 2171 4483 τῆς
2200 4412 2492 4482 ἀγεννήτου
2524 4410 2736 4479 φύσεως
2765 4410 2857 4464 τοῦ
2889 4411 2994 4463 τῶν
3040 4409 3175 4463 ὅλων
3217 4408 3371 4475 Θεοῦ,
3419 4407 3508 4462 καὶ
3534 4404 3623 4474 τῆς

397 4498 470 4555 sit
508 4500 675 4566 aliud,
724 4508 782 4555 ιιι
803 4500 934 4554 illud
971 4502 1147 4570 possit
1181 4503 1422 4571 abjicere
1454 4522 1466 4557 :
1510 4504 1775 4574 quidquid
1820 4506 1968 4560 enim

2076 4504 2164 4556 τοῦ
2224 4502 2559 4572 Μονογενοῦς
2603 4502 2769 4556 αὑτοῦ
2813 4502 2907 4556 καὶ
2948 4502 3295 4574 Πρωτοτόκου
3357 4501 3620 4570 γενέσεως,

397 4592 455 4646 in
482 4591 666 4663 aliquo
698 4600 802 4656 est,
841 4601 935 4647 aut
965 4602 1049 4648 est
1080 4603 1338 4664 tanquam
1369 4595 1649 4660 accidens,
1691 4604 1752 4651 ut
1783 4597 1970 4655 album

397 4681 455 4735 in
489 4697 736 4751 corpore,
773 4690 868 4737 aut
908 4693 1163 4754 tanquam
1194 4685 1343 4739 aliud
1391 4686 1448 4739 in
1476 4685 1603 4749 alio,
1635 4694 1695 4740 ut
1741 4687 1795 4741 in
1830 4702 1969 4757 prae-

397 4783 599 4846 gnante
639 4773 782 4830 fetus
824 4790 985 4846 quem
1027 4779 1081 4831 in
1126 4784 1281 4833 utero
1323 4785 1526 4850 gestat,
1571 4788 1666 4832 aut
1708 4786 1970 4850 tanquam

395 4880 525 4936 pars
549 4865 606 4919 in
639 4873 775 4931 toto,
812 4866 954 4921 utin
997 4881 1227 4939 corpore
1255 4882 1472 4932 manus,
1508 4868 1590 4922 vel
1620 4882 1736 4938 pes,
1769 4868 1853 4924 vel
1884 4867 1973 4923 di-.

396 4957 564 5028 gitus,
595 4972 717 5028 quae
748 4957 914 5012 totius
945 4966 1075 5015 sunt
1105 4969 1307 5030 partes,
1330 4973 1564 5030 quarum
1593 4959 1642 5015 si
1671 4959 1971 5015 ει)εοίεείορ

397 5063 543 5110 nem,
595 5056 690 5101 aut
732 5049 1030 5103 sectionem
1075 5050 1334 5119 aliquam,
1378 5058 1473 5105 aut
1514 5050 1835 5106 divisionem
1869 5065 1967 5120 pa-

398 5142 605 5194 tiantur
652 5155 903 5210 corpora,
948 5140 1323 5210 imperfectum
1373 5156 1438 5195 ae
1486 5141 1736 5195 mutilum
1787 5141 1967 5211 ipsum

398 5235 595 5290 totum,
631 5229 795 5284 veluti
847 5244 1051 5285 summa
1094 5238 1244 5302 parte
1275 5237 1574 5300 amputata,
1616 5230 1963 5300 relinquitur.

399 5318 468 5369 At
496 5317 641 5371 enim
684 5318 737 5373 in
780 5318 1021 5391 ingenita
1057 5320 1278 5374 maximi
1318 5319 1412 5375 Dei
1444 5330 1671 5385 natura,
1704 5319 1870 5394 214
1911 5329 1966 5377 et

400 5409 455 5463 in
488 5410 634 5463 unici
659 5411 900 5478 ejusdem
929 5412 1214 5482 primoque
1226 5413 1394 5483 geniti
1419 5413 1540 5467 Filii
1566 5415 1963 5483 procreatione,

398 5501 561 5554 talem
606 5516 869 5571 usurpare
909 5503 1198 5574 imaginem
1248 5512 1341 5559 aut
1368 5504 1803 5573 similitudinem,
1846 5521 1965 5561 om-

398 5592 550 5645 nium
580 5592 884 5662 quaeimpia
914 5602 1061 5662 sunt,
1086 5597 1318 5652 maxime
1349 5596 1577 5668 impium
1601 5598 1688 5655 sit.
1722 5596 1841 5654 Non
1865 5597 1965 5669 igi-

471 5774 517 5808 ⁹⁸
540 5775 722 5831 Colos.
760 5791 799 5843 ι,
842 5775 931 5831 15.

2071 4596 2287 4649 πάντων
2311 4594 2379 4649 ἂν
2411 4593 2495 4655 εἴη
2524 4592 2901 4653 ἀσεϐέστατον.
2934 4593 3008 4646 Οὐ
3048 4593 3226 4647 τοίνυν
3254 4593 3328 4656 ὡς
3365 4592 3542 4663 ἕτερον
3571 4591 3622 4641 ὲν

2070 4688 2259 4760 ἑτέρῳ,
2288 4687 2344 4753 ἐξ
2377 4685 2617 4755 ἀπείρων
2666 4686 2761 4741 καὶ
2801 4684 3052 4757 άνάρχων
3095 4684 3306 4738 αίὼνων
3342 4680 3410 4756 ῆν
3447 4685 3474 4737 ό
3509 4680 3621 4741 Υἱὸς

2069 4780 2359 4853 ἀγέννητος
2387 4781 2444 4841 ἑν
2466 4780 2543 4851 τῷ
2564 4780 2759 4852 Πατρὶ,
2795 4778 2959 4851 μέρος
2985 4777 3059 4832 ὢν
3096 4777 3282 4841 αὐτοῦ,
3313 4776 3341 4830 ὃ
3371 4772 3620 4847 μεταϐλη-

2069 4870 2159 4925 θὲν
2190 4870 2413 4942 ὕστερον
2439 4870 2533 4925 καὶ
2568 4868 2801 4924 κενωθὲν
2830 4868 2984 4934 ἐκτὸς
3015 4867 3176 4922 αὑτοῦ
3206 4866 3393 4937 γέγονε
3416 4883 3430 4897 ·
3460 4861 3623 4936 τροὶτῇ

2067 4963 2176 5036 γὰρ
2215 4965 2352 5037 αὐτῇ
2396 4965 2498 5039 ἥδη
2542 4962 2699 5017 τοῦτο
2735 4963 2931 5018 οἰκεῖον
2956 4978 2970 4991 ο
3017 4965 3110 5016 καὶ
3145 4959 3239 5013 δύο
3271 4959 3323 5029 γ’
3366 4957 3431 5012 ἂν
3460 4954 3616 5014 οὕτως

2068 5056 2335 5126 ἀγέννητα
2362 5051 2492 5119 εἶεν,
2520 5054 2580 5108 τὸ
2619 5051 2991 5124 προϐεϐληκὺς
3028 5050 3120 5105 καὶ
3152 5051 3213 5104 τὸ
3258 5042 3615 5122 προϐεϐλημέ-

2066 5165 2173 5203 νον.
2207 5149 2317 5201 Καὶ
2360 5148 2441 5211 τίς
2464 5144 2532 5218 ἦν
2570 5148 2902 5210 κατάστασις
2943 5147 3204 5219 κρείττων
3228 5162 3243 5212 ;
3270 5141 3414 5214 τΑρα
3451 5143 3483 5212 ἡ
3525 5135 3615 5208 πρὸ

2064 5239 2164 5308 τῆς
2214 5238 2425 5308 τροπῆς
2474 5237 2572 5307 τῆς
2620 5238 2760 5292 κατὰ
2808 5238 2907 5308 τὴν
2956 5235 3220 5308 προϐολὴν
3267 5234 3612 5292 διαστάσεωςς

2066 5330 2276 5386 Οὔκουν
2306 5330 2381 5393 ὡς
2414 5329 2576 5402 μέρος
2604 5330 2637 5401 ἦ
2691 5330 2850 5399 μέλος
2896 5328 3205 5400 ἀγεννήτως
3250 5324 3516 5398 ἡνωμένον
3537 5321 3615 5375 ἀεὶ

2066 5421 2345 5494 πρότερον,
2395 5420 2678 5475 ἕπειτα”δὲ
2728 5421 2949 5474 διαστὰν
2996 5421 3090 5474 καὶ
3131 5420 3298 5491 χωρὶς
3345 5416 3612 5488 γενόμενον

2063 5512 2155 5567 τοῦ
2185 5513 2327 5577 ὅλου,
2353 5512 2444 5566 τὸν
2475 5512 2603 5566 Υίδν
2647 5513 2755 5566 ἀπὸ
2791 5499 2885 5565 τοῦ
2915 5510 3126 5583 Πατρὸς
3156 5506 3267 5567 οἷόν
3292 5528 3350 5564 τε
3374 5506 3610 5563 ἐπινοεῖν.

2068 5606 2314 5676 Ἀῤῥητα
2346 5605 2452 5677 γὰρ
2494 5605 2587 5660 καὶ
2630 5605 2886 5676 ἄντικρυς
2914 5603 3087 5675 ἀσεϐῆ
3134 5601 3324 5669 ταῦτα,
3359 5600 3485 5672 ὕλης
3518 5595 3610 5670 μιν
