3880 6256
235 291 354 347 355
1216 270 1872 343 DEMONSTBATIONIS
1910 268 2367 342 nunciatum:
2414 272 2547 341 LIB.
2591 273 2658 343 ν.
3433 291 3538 347 σοι

233 409 377 463 ὅντα
425 407 725 479 σωμάτων
768 408 966 471 οἰκεία,
1008 407 1106 478 τῆς
1132 406 1188 460 δὲ
1222 406 1519 478 ἀσωμάτου
1565 407 1661 461 καὶ
1698 406 1847 461 άΰλοι

1973 412 2063 461 tur
2096 415 2356 476 tanquam
2404 403 2550 460 aliud
2582 404 2638 460 in
2671 404 2801 470 alio,
2831 406 2899 460 εἰ
2929 396 3160 462 inﬁnitis
3185 413 3242 462 et
3274 407 3541 479 principio

236 500 476 567 φύσεως
524 498 810 570 ἀλλότρια.
843 496 934 550 Διὸ
979 495 1121 549 κατὰ
1169 496 1359 567 καιρὸν
1410 497 1631 561 εἰκότως
1675 497 1737 551 ἄν
1777 513 1847 559 τις

1958 496 2278 554 carentibus
2322 496 2560 564 saeculis,
2582 504 2702 554 erat
2739 496 3224 570 Filiusingenitus
3269 501 3326 557 in
3361 499 3541 570 Patre,

238 589 504 644 ἐνταῦθα
541 591 712 645 πάλιν
735 590 817 653 τὸ,
857 609 876 641 ι
905 588 1015 661 Τὴν
1046 589 1259 657 γένεσιν
1295 588 1463 642 αὑτοῦ
1488 589 1571 651 τίς
1600 588 1847 660 διηγήσε-

1958 591 2055 661 qui
2084 594 2215 661 pars
2245 588 2392 645 illius
2418 587 2666 660 quaedam
2694 594 2861 658 esset,
2884 600 3006 662 quae
3024 592 3242 663 quidem
3264 594 3541 663 posterius

239 699 366 749 ται;
419 703 439 735 ι
487 683 900 753 ἀναφθέγξαιτο
962 683 1062 737 ἄν’
1115 683 1301 754 ἐπειδὴ
1345 682 1440 736 καὶ
1472 683 1569 754 τὴν
1613 682 1847 736 ἐναντίαι

1957 684 2292 739 commutata
2347 690 2403 738 et
2447 680 2620 751 ejecta
2666 688 2822 737 extra
2854 684 3007 740 illum
3054 686 3345 741 secesserit
3375 706 3390 741 :
3417 685 3531 757 jam

1955 773 2103 855 enim
2134 774 2280 830 istud
2311 777 2688 835 conrersionis
2716 778 2994 847 proprium
3026 774 3188 845 foret,
3215 784 3271 832 et
3303 778 3384 833 sic
3407 793 3540 833 sane

1958 865 2070 922 duo
2115 877 2301 924 essent
2353 869 2623 941 ingenita,
2662 884 2831 923 unum
2882 869 2937 923 id
2981 871 3127 940 quod
3176 871 3532 941 projecisset,

1958 958 2190 1014 alterum
2221 961 2368 1031 quod
2397 963 2697 1032 projectum
2735 963 2914 1018 esset!
2945 961 3011 1018 Et
3039 963 3282 1033 quinam,
3325 980 3533 1035 quaeso,

1960 1057 2136 1107 status
2164 1055 2394 1109 melior?
2420 1052 2561 1108 Num
2593 1054 2639 1108 is
2671 1053 2764 1123 qui
2794 1061 2922 1109 ante
2964 1058 3374 1112 conversionem
3408 1058 3531 1121 fuit,

242 777 431 831 ἐλθεῖν
459 777 578 830 οὑκ
606 776 907 841 ἀκίνδυνον,
939 776 1032 829 καὶ
1064 774 1250 837 άπλῶς
1272 772 1445 829 οὑτως
1470 773 1528 841 ἐξ
1567 773 1668 828 οὑκ
1691 773 1862 827 όντων

236 870 531 939 γεννητὸν
604 870 696 923 τὸν
738 868 863 922 Υἱδν
909 870 1023 931 τοῖς
1073 866 1277 931 λοιποῖς
1325 869 1601 937 γεννητοῖς
1660 856 1861 936 ὁμοίως

239 961 660 1031 ἀποφήνασθαι
686 976 700 992 ο
747 959 877 1031 άλλη
925 958 1034 1030 γὰρ
1083 958 1212 1011 Υίοῦ
1262 958 1493 1026 γένεσις,
1534 958 1626 1011 καὶ
1656 957 1789 1029 άλλη
1824 960 1857 1028 ὴ

238 1054 331 1108 διὰ
369 1052 479 1106 τοῦ
534 1053 669 1107 Υίοῦ
714 1052 1061 1125 δημιουργία.
1109 1051 1270 1105 Ἀλλὰ
1299 1051 1406 1125 γὰρ
1438 1050 1692 1122 ὥσπερὴ
1740 1050 1861 1105 θεία

240 1146 448 1216 Γραφὴ
474 1144 619 1198 ποτὲ
651 1144 749 1215 μὲν
777 1143 1119 1214 πρωτότοκον
1148 1142 1331 1213 πάσης
1363 1142 1590 1205 κτίσεως
1615 1142 1705 1196 τὸν
1733 1140 1859 1194 Υίὸν

241 1237 597 1308 ἀναγορεύει
632 1236 689 1303 ἐξ
718 1235 883 1290 αὑτοῦ
913 1234 1226 1305 προσώπου,
1256 1234 1338 1298 τὸ,
1397 1253 1416 1285 ι
1447 1233 1650 1306 Κύριος
1680 1234 1859 1288 ἐκτισέ

247 1347 315 1402 με
341 1330 545 1400 ἀρχὴν
572 1329 705 1383 ὁδῶν
737 1328 921 1391 αὑτοῦ,
957 1346 976 1379 ι
1016 1326 1296 1396 φάσκουσα
1324 1343 1337 1356 ⁸
1374 1327 1494 1378 τοτὲ
1527 1326 1582 1379 δὲ
1616 1326 1859 1398 γέννημα

244 1421 337 1474 τοῦ
381 1422 618 1493 Πατρός
661 1417 827 1484 εἶναι,
856 1419 1003 1488 λέγει
1045 1419 1184 1473 κατὰ
1218 1421 1297 1485 τὸ,
1344 1441 1361 1471 ι
1402 1420 1516 1491 Πρὸ
1557 1409 1612 1472 δὲ
1644 1420 1859 1473 πάντων

247 1510 468 1583 βουνῶν
509 1513 684 1582 γεννᾷ
720 1528 785 1582 με
814 1528 828 1542 ·
872 1530 890 1562 ›
925 1511 1098 1584 ταύτῃ
1142 1512 1234 1566 καὶ
1279 1512 1405 1582 ἡμῖν
1439 1510 1666 1565 ἕπεσθαι
1694 1510 1859 1578 ὑγιῶς

249 1603 314 1657 ἂν
355 1603 506 1674 ἔχοι,
542 1603 640 1656 καὶ
670 1604 731 1657 τὸ
764 1602 869 1675 πρὸ
892 1604 1109 1658 πάντων
1135 1602 1343 1656 αἰώνων
1367 1600 1507 1655 εἶναι
1534 1598 1704 1670 Λόγον
1733 1602 1860 1655 ὄντα

247 1697 386 1749 Θεοῦ
423 1695 854 1767 δημιουργικὸν,
882 1696 977 1749 καὶ
1004 1694 1066 1749 τὸ
1095 1688 1270 1766 Πατρὶ
1305 1697 1560 1758 συνεῖναι,
1597 1692 1855 1765 μονογενῆ

1958 1159 2069 1214 quo
2095 1160 2193 1214 per
2222 1147 2609 1217 projectionem
2631 1147 2876 1202 diductio
2900 1146 3041 1201 facta
3062 1148 3185 1202 est?
3208 1148 3350 1218 Ergo
3373 1152 3532 1219 quasi

1959 1249 2087 1305 pars
2119 1238 2200 1291 vel
2224 1220 2524 1294 membrum
2554 1245 2713 1294 antea
2734 1254 2948 1309 semper
2970 1240 3203 1309 ingenite
3229 1241 3530 1308 adharens,

1956 1327 2156 1384 deinde
2186 1329 2464 1385 diductam
2509 1339 2563 1386 et
2603 1347 2849 1388 seorsum
2885 1332 3072 1387 abiens
3101 1349 3131 1385 a
3159 1341 3294 1397 toto,
3327 1336 3408 1391 sic
3441 1334 3533 1389 Fi-

1958 1419 2066 1475 lius
2105 1436 2136 1474 a
2165 1420 2323 1479 Patre
2372 1424 2599 1494 cogitari
2632 1425 2851 1495 poterit.
2891 1424 2998 1481 Sed
3036 1427 3180 1515 enim
3223 1426 3449 1482 infanda
3477 1437 3532 1484 ut

1958 1524 2186 1579 prorsus
2215 1513 2378 1583 impia
2405 1515 2541 1578 haec,
2566 1533 2687 1586 qua:
2716 1519 2958 1574 materia:
2986 1519 3204 1588 quidem
3236 1535 3530 1591 corporum

1958 1604 2290 1657 conveniunt
2324 1612 2378 1659 et
2409 1604 2687 1661 adbtcrent
2718 1614 2777 1662 ut
2827 1610 3067 1677 propria,
3112 1608 3181 1663 ab
3207 1614 3532 1677 incorporea

1959 1706 2089 1747 vero
2125 1704 2178 1749 et
2209 1696 2451 1750 materiae
2487 1705 2708 1767 experte
2740 1706 2956 1761 natura,
2990 1698 3288 1754 abhorrent
3315 1700 3529 1754 aliena-

248 1805 309 1841 τε
347 1786 492 1839 Υἱδν
547 1782 687 1838 εἶναι
723 1785 818 1838 τοῦ
862 1785 970 1839 τῶν
1001 1786 1136 1839 ὅλων
1173 1785 1328 1849 Θεοῦ,
1363 1785 1633 1857 ὑπουργὸν
1671 1802 1728 1837 τε
1763 1784 1847 1840 καῖ

1958 1803 2064 1857 que
2090 1796 2234 1844 sunt.
2273 1788 2537 1855 Quocirca
2567 1792 2762 1846 merito
2802 1792 3074 1861 quiSpiam
3102 1792 3203 1846 hoc
3233 1792 3288 1845 in
3321 1793 3441 1847 loco
3474 1801 3530 1848 et

253 1878 535 1951 συνεργὸν
567 1878 648 1949 τῷ
679 1879 855 1949 Πατρὶ
890 1880 988 1949 τῆς
1015 1877 1124 1931 τῶν
1160 1878 1295 1930 ὅλων
1333 1875 1639 1940 οὑσιώσεώς
1660 1876 1735 1930 ’τε
1764 1878 1857 1931 καὶ

249 1970 687 2040 διακοσμήσεως
731 1969 1124 2039 γεγεννημένον
1166 1969 1467 2039 ὁμολογεῖν,
1501 1968 1564 2021 Εἰ
1610 1967 1719 2039 γὰρ
1763 1964 1856 2023 οὖν

253 2063 350 2115 καὶ
380 2062 520 2118 ἄλλο
543 2081 597 2115 τι
624 2061 862 2133 ἄρρητον
890 2061 982 2113 καὶ
1007 2060 1386 2130 ἀκατάληπτον
1411 2063 1542 2131 ἡμῖν
1573 2063 1631 2114 ὲν
1656 2063 1720 2131 τῇ
1749 2061 1855 2114 τῶν

253 2156 395 2209 ὅλων
427 2155 822 2209 ἀπολέλειπται
848 2153 1026 2223 φύσει,
1055 2153 1222 2224 μυρία
1251 2153 1307 2206 δὲ
1336 2153 1403 2205 τὰ
1431 2153 1679 2229 ’τοιαῦται
1698 2155 1856 2206 ὁποῖα

256 2247 352 2301 καὶ
377 2246 450 2299 τὰ
486 2250 607 2311 τοῖς
639 2246 936 2314 θεοφιλέσιν
981 2245 1365 2315 ἐπηγγελμένα
1409 2245 1687 2315 τυγχάνει,
1722 2262 1742 2295 ι
1789 2246 1855 2297 Ἀ

256 2339 548 2410 ὀφθαλμὸς
575 2341 677 2393 οὑκ
698 2334 825 2404 εἶδε,
857 2338 951 2392 καὶ
971 2335 1061 2403 οῦς
1094 2340 1193 2391 οὑκ
1216 2339 1435 2408 ἤκουσε,
1466 2330 1559 2389 καί⁸
1596 2338 1687 2389 ἐπὶ
1719 2354 1853 2408 καρ-

257 2431 379 2485 δίαν
406 2429 835 2502 ἀνθρώπουζιιῦκ
857 2431 1044 2502 ἀνέϐη,
1085 2449 1103 2481 ›
1137 2429 1279 2482 κατὰ
1302 2430 1393 2483 τὸν
1422 2429 1564 2500 ἱερὸν
1601 2429 1855 2482 Ἀπόστο-

257 2523 381 2575 λον·
437 2522 583 2576 πολὺ
630 2523 892 2595 πρότερον
939 2522 1122 2593 πάσης
1170 2522 1378 2585 ἐννοίας
1430 2520 1711 2581 ἐπέκεινα,
1753 2521 1853 2591 ἄῤ-

263 2616 403 2687 ρητα
454 2615 556 2667 καὶ
599 2613 1036 2684 ἀκατονόμαστα,
1081 2612 1409 2682 ἀνεπινόητά
1455 2629 1514 2664 τε
1563 2612 1657 2665 καὶ
1703 2612 1855 2664 ἀνεν-

261 2705 487 2777 θὺμητα
518 2705 729 2773 γένοιτο
758 2705 823 2759 ἂν
846 2704 915 2757 τὰ
938 2704 1065 2777 περὶ
1103 2704 1199 2774 τῆς
1230 2702 1452 2774 πρώτης
1483 2701 1576 2755 τοῦ
1620 2703 1855 2770 Μονογε-

263 2798 389 2861 νοῦς
434 2797 536 2851 τοῦ
576 2797 711 2851 Θεοῦ
750 2797 1029 2865 γενέσεως,
1059 2796 1183 2850 ἄλλο
1235 2795 1398 2867 μηδὲν
1429 2795 1587 2847 πλέον
1621 2794 1853 2864 ἐχόντων

263 2889 426 2960 ἡμῶν
449 2889 585 2961 περὶ
613 2888 776 2942 αὑτοῦ
800 2888 978 2957 λέγειν
998 2906 1054 2941 τε
1093 2888 1187 2941 καὶ
1204 2890 1345 2942 νοεῖν
1370 2888 1437 2957 ἧν
1484 2904 1502 2936 ι
1529 2887 1639 2958 Τὴν
1661 2886 1852 2954 γενεὰν

264 2980 432 3035 αὑτοῦ
462 2983 553 3045 τίς
579 2983 927 3054 διηγήσεται;
969 3001 988 3033 ι
1023 2982 1086 3034 El
1120 2980 1177 3034 δέ
1207 2997 1290 3043 τις
1320 2978 1511 3032 τούτου
1545 2977 1851 3049 περαιτέρω

1957 1887 2263 1950 opportune
2294 1897 2489 1936 rursus
2533 1882 2665 1936 illud
2703 1882 2939 1953 proferet
2976 1901 2991 1938 :
3037 1901 3054 1933 ι
3109 1882 3526 1939 Genet-stionem

1953 1971 2076 2039 ejus
2116 1972 2240 2041 quis
2282 1973 2604 2027 enarrabili
2636 1974 2680 2005 ”
2718 1994 2736 2025 ›
2778 1972 3055 2043 Siquidem
3098 1975 3153 2028 in
3195 1978 3524 2030 contrariam

1955 2063 2106 2118 abire
2131 2073 2360 2132 partem,
2395 2073 2448 2117 et
2474 2058 2796 2134 simpliciter
2829 2066 2909 2120 sic
2936 2066 3243 2128 enuntiare.
3268 2081 3335 2120 ex
3359 2066 3528 2120 nihilo

1954 2153 2193 2224 genitum
2223 2170 2346 2209 esse
2373 2152 2569 2208 Filium
2598 2155 2786 2211 eadem
2812 2158 3022 2210 ratione
3042 2173 3146 2226 qua
3176 2158 3382 2227 reliqua
3405 2172 3528 2226 quae

1953 2241 2098 2296 facta
2131 2250 2280 2306 sunt,
2319 2258 2427 2297 non
2462 2244 2669 2313 absque
2707 2244 2954 2314 pericqu
2982 2246 3052 2300 sit
3083 2264 3095 2300 :
3130 2247 3233 2306 alia
3267 2255 3351 2302 cst
3379 2246 3524 2301 enim

1951 2330 2074 2387 Filii
2123 2335 2507 2404 generatio,ret
2557 2337 2663 2390 alia
2707 2352 2803 2406 per
2825 2335 3020 2390 Filium
3068 2337 3296 2391 aliarum
3343 2353 3525 2393 rerum

1951 2427 2174 2483 creatio.
2203 2427 2384 2494 Quare
2412 2444 2536 2482 cum
2566 2429 2747 2483 divina
2795 2428 3074 2499 Scriptura
3107 2429 3267 2485 modo
3304 2430 3523 2500 quidem

1952 2518 2369 2589 primogenitum
2423 2519 2602 2574 omnis
2647 2530 2909 2577 creaturae
2936 2519 3132 2576 Filium
3163 2524 3415 2593 appellet,
3455 2541 3524 2581 ex

1951 2608 2125 2677 ipsius
2151 2624 2382 2679 persona
2414 2610 2494 2664 sic
2534 2610 2723 2666 dicens
2758 2630 2771 2665 :
2813 2629 2832 2662 ι
2874 2611 3140 2668 Dominus
3188 2615 3393 2669 creavit
3438 2630 3525 2669 me

1951 2699 2163 2751 initium
2199 2699 2406 2753 viarum
2438 2716 2683 2765 suarum,
2725 2721 2744 2753 ›
2782 2701 2944 2758 modo
2990 2711 3170 2759 autem
3216 2706 3521 2775 genituram

1950 2787 2130 2844 Patris
2170 2790 2347 2852 dicat.
2379 2791 2473 2845 ubi
2519 2793 2636 2848 ait:
2679 2811 2697 2843 ι
2739 2792 2805 2847 Et
2838 2801 2968 2849 ante
3012 2810 3203 2850 omnes
3235 2797 3403 2852 colles
3443 2797 3527 2867 gi-

1950 2881 2065 2949 gnit
2096 2896 2200 2946 me,
2243 2899 2262 2933 ι
2299 2882 2437 2937 hanc
2469 2883 2596 2939 item
2619 2900 2719 2940 nos
2742 2886 2895 2955 sequi
2926 2886 3042 2942 sani
3062 2887 3254 2957 judicii
3285 2892 3378 2954 sit,
3397 2905 3526 2943 con-

1952 2972 2199 3042 titerique
2226 2983 2353 3030 ante
2382 2978 2565 3031 omnia
2592 2977 2792 3032 saecula
2821 2994 2941 3034 esse
2971 2978 3208 3035 Verbum
3245 2980 3337 3036 Dei
3368 2997 3527 3037 crea-

262 3074 463 3146 χωρῶν
493 3074 671 3148 τόλμῃ
687 3073 981 3145 προαχθείη
1007 3075 1075 3126 τὰ
1111 3072 1284 3142 πάντη
1318 3073 1649 3143 ἀπερινόητα
1668 3071 1845 3143 ὁρατι-

1953 3065 2088 3119 toris
2120 3064 2526 3131 administrum,
2554 3084 2783 3138 esseque
2817 3084 2926 3125 una
2959 3085 3081 3124 cum
3111 3069 3293 3138 Patre,
3328 3084 3382 3127 et
3408 3074 3526 3127 uni-

267 3172 387 3229 κοῖς
415 3168 517 3220 καὶ
551 3169 881 3238 σωματικοῖς
903 3164 1681 3255 παραδάλλεινιὺποδείγμασι,
1710 3163 1850 3233 τάχα

265 3261 336 3316 ἂν
366 3261 516 3314 εἴποι
540 3261 641 3330 τῆς
667 3258 759 3313 τοῦ
794 3258 1007 3330 Πατρός
1045 3258 1336 3329 ἀγεννήτου
1377 3256 1589 3326 φύσεως
1626 3256 1720 3310 καὶ
1750 3256 1851 3325 τῆς

266 3353 656 3426 άνεκφράστου
685 3352 888 3418 οὐσίας,
922 3352 1112 3424 ὥσπερ
1140 3352 1366 3406 εὑωδίαν
1406 3350 1529 3404 τινά
1558 3350 1652 3403 καὶ
1675 3350 1851 3418 φωτὸς

266 3447 439 3520 αὐγὴν
469 3447 565 3501 τὸν
612 3446 742 3501 Υίὺν
773 3447 830 3514 ἐξ
862 3447 1103 3519 ἀπείρων
1148 3446 1379 3510 αἰώνων,
1418 3445 1617 3516 μᾶλλον
1655 3443 1711 3496 δὲ
1743 3442 1850 3514 πρὸ

270 3539 492 3593 πάντων
541 3538 753 3593 αἰώνων
811 3538 1130 3606 ὑποστῆναι,
1168 3536 1457 3608 γενόμενόν
1500 3554 1560 3590 τε
1590 3539 1844 3598 συνεῖναι,

274 3632 365 3685 καὶ
404 3630 804 3702 συγγενόμενον
856 3630 943 3683 ἀεὶ
996 3628 1074 3700 τῷ
1122 3630 1298 3701 lla.th
1354 3630 1431 3692 ὡς
1478 3628 1555 3698 τῷ
1600 3627 1755 3699 μύρῳ
1787 3623 1848 3678 τὸ

274 3722 490 3787 συῶδες,
532 3723 629 3776 καὶ
657 3720 735 3793 τῷ
770 3720 909 3791 φωτὶ
966 3720 1065 3794 τὴν
1106 3720 1299 3791 αὐγὴν,
1334 3718 1447 3773 ἀλλ’
1485 3719 1547 3771 οὐ
1583 3719 1695 3781 τοῖς
1718 3718 1849 3770 ὑπο-

272 3814 526 3884 δείγμασι
559 3813 699 3867 κατά
748 3812 925 3866 πάντα
947 3812 1146 3883 τρόπον
1177 3810 1396 3881 ὁμοίως,
1435 3807 1717 3879 ὼσπεροῦν
1746 3806 1844 3878 ήδη

274 3907 538 3979 πρότερον
590 3904 823 3978 εἴρηται.
881 3904 961 3958 Τὰ
1010 3905 1110 3976 μὲν
1156 3902 1264 3974 γὰρ
1296 3903 1475 3972 ἄψυχα
1519 3899 1744 3971 σώματα
1785 3899 1847 3952 τὸ

275 3997 621 4069 συμϐεϐηκὸς
653 4001 710 4049 ἐν
744 3996 992 4066 ποιότησι
1029 3994 1325 4064 κέκτηνται
1345 4008 1358 4023 ’
1397 3993 1431 4063 ἥ
1456 4009 1514 4046 τε
1537 3991 1645 4063 γὰρ
1668 3991 1808 4063 αὑγὴ
1828 4029 1843 4054 ,

275 4090 555 4162 σύμφυτος
581 4086 716 4143 οὖσα
757 4091 823 4160 τῇ
872 4087 966 4141 τοῦ
1014 4086 1189 4157 φωτὸς
1232 4084 1408 4155 φύσει,
1443 4084 1537 4138 καὶ
1574 4081 1846 4145 οὑσιωδῶς

274 4182 694 4254 συνυπάρχουσα
745 4178 824 4251 τῷ
852 4179 1010 4250 φωτὶ,
1050 4180 1151 4232 οὑκ
1181 4179 1247 4232 ἂν
1277 4174 1491 4230 δύναιτο
1547 4174 1701 4237 ἐκτὸς
1746 4173 1845 4242 ὑφ-

272 4278 491 4331 εστάναι
520 4274 617 4329 τοῦ
642 4276 700 4329 ὲν
798 4275 943 4327 ἐστιν
963 4291 976 4304 -
1011 4273 1041 4326 ό
1069 4271 1126 4325 δέ
1148 4288 1212 4340 γε
1244 4269 1336 4324 τοῦ
1361 4266 1493 4322 Θεοῦ
1525 4267 1696 4336 Λόγος
1718 4264 1842 4320 καθ’

275 4368 463 4423 ἑαυτὸν
490 4365 750 4421 οὑσίωταί
778 4382 835 4417 τε
863 4364 956 4417 καὶ
990 4362 1282 4431 ὑφέστηκε,
1302 4360 1394 4413 καί
1412 4359 1511 4412 οὒκ
1538 4356 1843 4426 άγεννήτως

1954 3170 2076 3207 cum
2099 3170 2221 3209 esse
2250 3157 2471 3211 maximi
2503 3159 2594 3212 Dei
2619 3158 2837 3227 Filium,
2863 3160 2957 3230 qui
2991 3158 3140 3216 Patri
3162 3162 3251 3218 det
3274 3178 3520 3232 operam,

1950 3244 2178 3314 ejusque
2211 3248 2283 3301 sit
2312 3248 2516 3312 socius,
2562 3249 2691 3303 dum
2739 3252 2923 3305 omnia
2953 3268 3073 3321 quae
3107 3261 3257 3317 sunt,
3296 3254 3426 3309 facit
3461 3266 3522 3311 ut

1950 3338 2080 3405 sint,
2103 3340 2400 3410 eademque
2419 3341 2677 3411 disponit.
2712 3341 2923 3399 Etenim
2952 3345 2999 3400 si
3032 3347 3158 3400 item
3189 3348 3336 3402 aliud
3358 3350 3524 3419 quid-

1949 3433 2115 3501 piam,
2150 3433 2292 3502 quod
2316 3448 2491 3504 neque
2512 3434 2643 3500 dici,
2678 3452 2855 3505 neque
2884 3440 3269 3508 comprehendi
3294 3456 3325 3494 a
3358 3443 3520 3501 nobis

1950 3523 2144 3592 possit,
2192 3524 2247 3578 in
2292 3534 2487 3580 natura
2526 3527 2766 3582 universi
2816 3530 3078 3584 remansit
3132 3531 3285 3600 (sunt
3335 3541 3516 3589 autem

1949 3612 2365 3666 innumerabilia
2404 3614 2827 3684 hujuscemodi),
2860 3617 3023 3685 quale
3069 3618 3256 3687 utique
3287 3619 3520 3679 habetur

1946 3703 2091 3773 quod
2123 3702 2218 3759 Dei
2242 3704 2432 3761 amicis
2449 3706 2778 3775 promissum
2809 3713 2914 3769 est,
2941 3725 2960 3757 ι
2985 3706 3141 3773 Quod
3175 3710 3369 3763 oculus
3401 3727 3509 3767 non

1946 3796 2102 3861 vidit,
2145 3811 2245 3852 nec
2272 3798 2420 3851 auris
2452 3797 2678 3863 audivit,
2707 3814 2811 3853 nec
2842 3799 2898 3852 in
2923 3814 3019 3854 cor
3045 3800 3286 3857 hominis
3317 3817 3515 3860 ascen-

1946 3887 2045 3954 dit,
2091 3905 2111 3939 )
2139 3895 2198 3941 ut
2230 3895 2454 3943 sanctus
2482 3889 2558 3941 ait
2585 3887 2879 3958 Apostolus
2909 3890 2950 3955 ¹,
2980 3890 3152 3945 multo
3171 3892 3324 3961 prius
3350 3908 3515 3963 supra

1945 3995 2162 4034 omnem
2195 3979 2579 4054 cogitationem
2620 3981 2867 4036 ferantur
2897 3996 2961 4036 ac
2993 3998 3172 4052 neque
3200 3984 3309 4038 dici
3338 4000 3517 4056 neque

1945 4071 2306 4135 denominari,
2339 4088 2515 4142 neque
2537 4072 2786 4143 intelligi,
2812 4089 2914 4129 nec
2940 4076 3122 4129 animo
3150 4076 3361 4147 concipi
3388 4092 3517 4148 pos-

1945 4159 2075 4220 sint,
2114 4176 2235 4230 quae
2270 4160 2337 4215 ad
2374 4163 2605 4232 primam
2643 4164 2788 4218 unici
2827 4163 2919 4219 Dei
2953 4164 3074 4219 Filii
3110 4169 3514 4236 generationem

1943 4249 2233 4317 pertinent.
2262 4250 2335 4307 De
2358 4268 2467 4322 quo
2496 4268 2628 4309 sane
2650 4255 2786 4309 nihil
2822 4255 3086 4312 habemus
3103 4259 3337 4329 amplius
3367 4259 3514 4330 quod

1943 4338 2192 4395 dicamus
2217 4350 2312 4395 aut
2347 4344 2648 4414 cogitemus
2671 4360 2832 4414 quam
2858 4346 3020 4402 il-lud:
3051 4367 3069 4399 ι
3095 4346 3511 4406 Generationem

276 4461 611 4532 συνυπάρχει
637 4457 716 4529 τῷ
741 4459 934 4529 Πατρὶ,
963 4430 1075 4511 ἀλλ’
1103 4430 1191 4520 ὡς
1213 4452 1502 4528 μονογενὴς
1526 4451 1655 4514 Υἱὸς
1686 4449 1840 4520 μόνος

1949 4430 2062 4501 ejus
2081 4431 2242 4502 215
2262 4435 2386 4503 quis
2404 4435 2719 4491 enarrabit?
2740 4456 2759 4488 ι
2783 4435 2937 4502 Quod
2954 4437 2998 4491 si
3020 4438 3144 4507 quis
3161 4438 3262 4492 hoc
3287 4440 3513 4495 ulterius

274 4553 375 4626 πρὸ
397 4554 621 4607 πάντων
648 4549 749 4603 τῶν
765 4547 974 4603 αἰώνων
999 4548 1063 4600 ὲκ
1077 4545 1169 4601 τοῦ
1189 4544 1398 4616 Πατρὸς
1428 4539 1838 4612 γεγεννημένοςο

272 4645 305 4715 ἥ
328 4662 389 4699 τε
412 4642 635 4705 εὐωδία,
660 4640 900 4711 άπορῥοή
916 4656 999 4703 τις
1030 4633 1164 4691 οὖσα
1193 4633 1475 4706 σωματικὴ
1506 4631 1601 4685 τοῦ
1622 4632 1841 4684 ὑποκει-

276 4736 459 4808 μένου,
496 4734 618 4789 καθ’
648 4734 843 4805 ἑαυτὴν
874 4730 1029 4793 ἐκτὸς
1056 4728 1149 4782 τοῦ
1173 4726 1388 4799 πρώτου
1411 4724 1582 4779 αἰτίου
1614 4722 1676 4776 τὸ
1702 4721 1842 4793 πλη-

274 4827 459 4893 σιάζον
492 4825 795 4897 πληροῦσα,
834 4823 987 4877 οὐδὲν
1024 4817 1187 4893 ἦττον
1231 4816 1514 4887 σωματικὴ
1573 4810 1707 4868 οῦσα
1748 4812 1843 4866 καὶ

274 4922 409 4993 αὑτὴ
435 4920 714 4992 τυγχάνει.
740 4918 813 4970 Οὑ
842 4915 1012 4986 ταύτῃ
1028 4910 1119 4966 οὖν
1140 4914 1271 4983 ἡμῖν
1299 4910 1619 4979 νοηθὴσεται
1652 4908 1745 4960 καὶ
1776 4905 1843 4959 τὰ

277 5013 402 5085 περὶ
451 5012 556 5082 τῆς
613 5008 838 5080 πρώτης
903 5003 1206 5067 οὑσιώσεως
1257 4998 1350 5054 τοῦ
1376 4998 1624 5067 Σωτῆρος
1664 4994 1840 5085 ἡμῶν,

279 5083 410 5158 υὺδὲ
441 5101 551 5174 γὰρ
583 5099 645 5164 ἐξ
690 5097 878 5160 οὐσίας
909 5096 1006 5167 τῆς
1038 5093 1328 5162 ἀγεννήτου
1358 5088 1499 5143 κατά
1524 5103 1576 5140 τι
1605 5084 1772 5147 πάθος
1807 5083 1840 5154 ἦ

280 5195 533 5266 διαίρεσιν
558 5188 909 5259 οὑσιωμένος,
944 5185 1062 5238 οὐδέ
1094 5202 1156 5254 γε
1190 5184 1437 5254 ἀνάρχως
1474 5177 1842 5248 συνυφέστηκε

281 5285 351 5357 τῷ
374 5284 551 5356 Πατρί
571 5301 584 5312 ·
616 5280 739 5335 ἐπεὶ
764 5281 793 5349 ό
823 5281 918 5349 μὲν
948 5276 1260 5346 ἀγέννητος,
1294 5275 1323 5326 ό
1353 5273 1410 5325 δὲ
1434 5269 1686 5340 γεννητός
1706 5284 1719 5297 ·
1748 5267 1843 5321 καὶ

279 5381 304 5432 ὁ
326 5379 421 5450 μὲν
446 5375 663 5447 Πατὴρ,
712 5375 741 5426 ό
777 5370 833 5424 δὲ
865 5369 1009 5433 Υἱός.
1066 5366 1443 5438 Προῦπάρχειν
1477 5364 1535 5417 δὲ
1574 5364 1669 5416 καὶ⁵
1704 5378 1841 5432 προ-

280 5469 566 5539 ὓςοεστάναι
603 5461 824 5533 Πατέρα
844 5459 974 5512 Υίοῦ
992 5500 1006 5524 ,
1036 5459 1145 5520 πᾶς
1174 5455 1418 5509 ὁστισοῦν
1439 5453 1839 5525 ὁμολογήσειεν.

278 5559 367 5632 Είη
394 5560 439 5613 δ’
467 5560 534 5613 ἂν
565 5553 750 5622 ταύτῃ
783 5550 873 5603 καὶ
894 5547 1056 5602 εἰκὼν
1089 5546 1245 5613 Θεοῦ,
1278 5543 1718 5623 eammeam
1750 5541 1841 5595 καὶ

337 5741 381 5773 ’⁹
415 5738 518 5796 ιω.
552 5748 683 5797 vni,
715 5729 767 5783 8.
846 5729 864 5761 ⁵
891 5726 1055 5783 iCor.
1077 5739 1138 5788 ιι,
1171 5721 1227 5776 9.

1942 4526 2299 4595 progrediens
2348 4542 2414 4581 eo
2468 4528 2801 4597 provehatur
2828 4528 3091 4593 audaciae,
3124 4536 3183 4583 ut
3214 4546 3334 4601 qua:
3361 4531 3512 4586 nulla

1944 4633 2175 4687 prorsus
2205 4618 2564 4689 intelligentia
2585 4619 2972 4689 comprehendi
3002 4627 3255 4690 possunt,
3286 4636 3350 4675 ea
3378 4623 3512 4678 visi-

1942 4709 2146 4765 bilihus
2195 4720 2250 4766 et
2302 4711 2585 4781 corporeis
2629 4711 2891 4781 exemplis
2937 4712 3226 4777 assimilet,
3278 4712 3509 4768 forsitan

1934 4802 2110 4867 dicat,
2147 4804 2369 4874 ingenui
2406 4802 2584 4858 Patris
2624 4812 2831 4859 naturae
2879 4812 3043 4875 atque
3101 4803 3393 4861 inell'abilis
3419 4821 3509 4861 es-

1943 4898 2151 4961 sentiae,
2177 4898 2334 4967 quasi
2362 4895 2714 4966 fragrantiam
2732 4897 3048 4967 quamdam,
3069 4912 3133 4953 ac
3164 4898 3306 4954 lucis
3326 4898 3510 4968 splen-

1940 4988 2151 5053 dorem,
2188 4990 2364 5060 ipsum
2401 4988 2592 5042 Filium
2621 5005 2687 5045 ex
2711 4990 2937 5045 inﬁnitis
2968 4990 3205 5055 saeculis,
3240 5005 3304 5044 ac
3330 4990 3510 5059 potius

1944 5087 2071 5134 ante
2099 5081 2281 5134 omnia
2313 5080 2515 5134 saecula
2549 5079 2861 5148 exstitisse;
2894 5080 3132 5150 dumque
3167 5081 3381 5136 exsistit
3432 5081 3511 5134 si-

1942 5173 2056 5227 mul
2088 5188 2230 5237 esse,
2273 5188 2451 5241 neque
2477 5170 2692 5226 Patrem
2732 5187 2972 5242 unquam
3007 5172 3330 5242 relinquere,
3365 5173 3509 5227 sicut

1942 5280 2045 5320 nec
2073 5273 2407 5334 unguentum
2467 5263 2643 5318 bonus
2678 5262 2847 5326 odor,
2881 5277 2981 5317 nec
3031 5262 3205 5316 lucem
3252 5265 3510 5333 splendor

1942 5360 2235 5428 relinquit;
2265 5373 2451 5413 verum
2470 5357 2714 5427 exempla
2745 5357 2857 5411 haec
2888 5372 2997 5412 non
3023 5356 3336 5411 omnimodo
3367 5357 3508 5410 intc—

1941 5466 2094 5520 gram
2118 5459 2378 5521 praestant
2407 5449 2838 5514 similitudinem,
2869 5449 2962 5505 sed
2982 5449 3253 5520 quomodo
3276 5450 3387 5520 jam
3406 5465 3508 5502 an-

1942 5547 2028 5597 tca
2056 5541 2261 5596 dictum
2294 5549 2374 5597 est
2405 5558 2420 5596 :
2460 5555 2584 5596 nam
2610 5554 2836 5609 corpora
2872 5539 3167 5596 inauimata
3201 5539 3376 5610 ipsum
3410 5552 3510 5614 ace
