3880 6256
440 297 548 356 355

1083 303 1355 360 EUSEBII
1391 303 1875 361 CASSARIENSIS
1914 302 2065 360 OPP.
2100 304 2302 362 PARS.
2344 306 2409 363 11.
2448 337 2518 349 -
2549 307 3051 366 APOLOGETICA.

3564 316 3653 374 356

438 418 630 474 cidens
662 419 716 474 in
734 421 1092 490 qualitatibus
1122 423 1390 492 retinent;
1423 423 1680 495 splendor
1706 425 1989 488 enim,cun

2117 423 2536 492 ἀνεπιλογίστως
2573 429 2724 498 ἡμῖν,
2755 427 2952 493 ζῶντος
2979 426 3114 481 Θεοῦ
3141 427 3290 494 ζῶσά
3315 445 3416 494 τις,
3443 431 3528 483 καὶ
3550 430 3652 489 καθ’

442 510 616 581 ipsam
641 513 782 568 lucis
809 523 1057 568 naturam
1092 515 1406 581 comitetur,
1439 532 1542 572 nec
1568 519 1739 589 ipsam
1770 533 2009 588 unquam

437 603 581 660 lucis
609 607 904 662 essentiam
959 607 1255 678 relinquat,
1286 616 1441 663 extra
1468 609 1536 664 ad
1575 609 1775 680 ipsum,
1818 609 1871 664 in
1902 626 2011 679 quo

432 705 541 759 est,
568 705 715 753 stare
767 713 875 752 non
923 706 1102 769 potest
1131 718 1144 754 :
1178 708 1233 754 at
1276 715 1405 754 vero
1433 701 1611 770 ipsum
1645 700 1738 756 Dei
1773 700 2009 756 Verbum

434 800 535 855 per
562 787 801 857 seipsum
834 795 888 842 et
935 790 1233 845 essentiam
1266 792 1477 847 obtinet
1505 799 1559 847 et
1602 793 1876 857 consistit,
1907 809 2010 849 nec

434 878 643 948 absque
667 880 924 951 gignendi
965 883 1182 937 ratione
1210 899 1335 938 cum
1383 883 1545 940 Patre
1572 887 1790 942 exsistit
1820 886 2005 954 simul,

433 970 530 1026 sed
560 981 818 1042 tanquam
864 973 1060 1029 unicus
1096 972 1289 1043 Filius,
1321 977 1415 1046 qui
1451 978 1603 1034 solus
1649 986 1776 1033 ante
1821 981 2007 1035 omnia

431 1063 632 1117 saecula
665 1079 730 1118 ex
760 1063 920 1119 Patre
944 1067 1016 1120 sit
1045 1067 1260 1136 genitus
1289 1086 1302 1121 :
1336 1067 1513 1122 bonus
1546 1068 1673 1122 item
1706 1069 1859 1133 odor,
1880 1084 2004 1123 cum

432 1155 668 1224 subjecti
694 1156 946 1226 corporis
984 1158 1256 1213 emanatio
1289 1158 1537 1230 quaedam
1583 1161 1673 1226 sit,
1706 1160 1826 1231 ipsa
1868 1175 2004 1230 quo-

428 1263 537 1319 que
567 1263 855 1319 corporea,
890 1264 1067 1321 neque
1095 1251 1325 1306 seorsim
1380 1267 1409 1305 a
1467 1253 1640 1322 prima
1687 1267 1855 1309 causa
1909 1271 2005 1325 per

430 1338 670 1408 seipsum
690 1341 909 1411 impleat
935 1342 1009 1405 id,
1036 1342 1182 1414 quod
1208 1343 1313 1413 ipsi
1342 1344 1649 1413 proximum
1673 1353 1778 1413 est,
1805 1347 2005 1401 nihilo-

428 1432 614 1487 minus
648 1432 813 1487 etiam
845 1433 963 1503 ipse
1000 1450 1031 1487 a
1066 1441 1261 1489 natura
1298 1450 1566 1506 corporea
1620 1452 1730 1491 non
1775 1438 1999 1493 recedit.

427 1523 547 1580 Non
577 1527 657 1581 sic
689 1527 855 1597 igitur
883 1543 914 1581 a
947 1528 1104 1582 nobis
1133 1544 1195 1584 ea
1238 1545 1359 1600 quae
1398 1532 1462 1584 ad
1495 1531 1725 1601 primam
1755 1530 2003 1588 Salvato-

427 1615 505 1673 ris
557 1619 734 1674 nostri
796 1620 1243 1691 propagationem
1291 1622 1597 1691 pertinent,
1651 1623 2001 1694 intelligenda

426 1716 595 1776 sunt;
636 1726 815 1781 neque
831 1714 977 1767 enim
1008 1729 1075 1768 ex
1108 1721 1305 1767 natura
1331 1714 1452 1783 ejus
1472 1714 1565 1784 qui
1597 1715 1869 1786 ingenitus
1891 1723 1997 1782 est,

2115 517 2283 588 αὐτὴν
2334 519 2622 588 ὑφεστῶσα
2681 521 2877 587 ἀΰλως,
2931 524 3026 576 καὶ
3061 523 3389 594 ἀσωμάτως,
3442 528 3527 579 καὶ¹
3572 530 3650 584 τοῦ

2115 610 2357 664 ἐναντίου
2394 613 2593 678 παντὸς
2642 615 2877 685 ἀμιγῶς,
2913 615 3026 669 ἀλλ’
3053 618 3150 686 οὐχ
3184 618 3271 670 οἵα
3303 635 3384 682 τις
3430 619 3574 673 πάλιν
3622 624 3650 695 ἡ

2114 704 2244 774 παρ’
2278 705 2408 774 ἡμῖν
2461 708 2643 771 εἰκὼν,
2681 707 2865 778 ἓτερον
2897 708 2994 778 μὲν
3025 708 3221 779 ἔχουσα
3241 709 3301 763 τὸ
3327 713 3443 763 κατ’
3489 713 3651 771 οὐσίαν

2113 794 2490 866 ὑποκείμενον,
2518 797 2705 868 ἕτερον
2738 799 2794 852 δὲ
2822 796 3055 865 τὸεῖδος,
3090 800 3206 853 ἀλλ’
3220 801 3339 855 ὅλον
3366 801 3510 867 αὐτὸ,
3532 799 3651 870 εἶδος

2112 884 2209 951 ὢν,
2244 887 2337 940 καὶ
2396 889 2682 962 αὐτοουσία
2712 890 2791 961 τῷ
2824 891 3000 962 Πατρὶ
3038 891 3478 963 ἀφομοιούμενος.
3518 892 3651 948 Οὐτω

2110 975 2168 1029 δὲ
2219 978 2312 1031 καὶ
2364 978 2712 1051 ζωτικωτάτη
2761 980 2855 1034 τοῦ
2906 981 3116 1053 Πατρὺς
3174 982 3369 1035 εὐωδία
3403 983 3649 1053 τυγχάνει,

2110 1068 2362 1140 ἀρρήτως
2394 1069 2524 1139 ἡμῖν
2575 1069 2734 1123 πάλιν
2767 1069 2860 1122 καὶ
2917 1068 3371 1137 ἀνεπιλογίστωςσ
3420 1068 3535 1121 ἐπεὶ
3571 1069 3651 1122 καὶ

2110 1159 2287 1213 πάντα
2317 1160 2417 1212 ὅσα
2439 1160 2554 1212 ἐστὶ
2579 1160 2705 1231 περὶ
2743 1160 2904 1213 αὐτὸν
2932 1158 3127 1229 ἀληθῆ,
3151 1160 3363 1230 ἄρρητα
3389 1156 3549 1229 ἂνεῖη
3569 1160 3649 1211 ἀν-

2109 1244 2341 1317 θρώπων
2359 1249 2583 1317 φωναῖς,
2614 1248 2707 1301 καὶ
2733 1249 3010 1319 λογισμοῖς
3034 1247 3242 1320 θνητῶν
3270 1247 3649 1317 ἀνεπιλόγιστα,

2109 1335 2249 1389 κατά
2274 1337 2366 1391 τὸν
2399 1337 2597 1410 ἀκριϐῆ
2630 1338 2803 1407 λόγον.
2855 1338 3011 1392 ’Λλλά
3050 1338 3158 1411 γὰρ
3191 1339 3265 1402 ὡς
3296 1341 3428 1410 ἡμῖν
3460 1338 3649 1394 ἀκούειν

2109 1427 2279 1496 φίλον,
2327 1427 2549 1506 τοιῶσδε
2608 1431 2700 1483 καὶ
2728 1430 2795 1484 τά
2845 1428 2998 1499 λόγια
3035 1430 3291 1485 παιδεύει.
3333 1432 3404 1484 Ἢ
3432 1431 3543 1502 οὐχὶ
3572 1433 3650 1486 καὶ

2106 1520 2342 1593 Χριστοῦ
2376 1522 2600 1576 εὐωδίαν
2632 1524 2792 1587 αὐτὸς
2822 1524 3031 1589 ἑαυτὸν,
3059 1524 3297 1588 καὶτοὺς
3327 1525 3474 1596 αὐτῷ
3498 1544 3651 1598 παρα-

2106 1612 2366 1685 πλησίους
2428 1615 2457 1665 6
2507 1615 2648 1686 ίερδς
2685 1615 3007 1681 Ἀπόστολος
3039 1616 3299 1688 προσεῖπε
3327 1616 3416 1671 διά
3434 1618 3526 1690 τήν
3568 1617 3648 1671 τοῦ

2106 1706 2339 1776 Χριστοῦ
2406 1706 2713 1777 πνεύματος
2757 1709 3023 1780 μετοχήνς
3080 1707 3247 1779 μύρον
3271 1726 3331 1761 τε
3373 1708 3649 1762 ἐκκενωοὲν
3700 1754 3703 1757 .

424 1800 711 1870 partiendo
734 1802 938 1872 aliquid
952 1813 1046 1858 aut
1063 1802 1355 1859 dividendo
1385 1813 1635 1859 naturam
1658 1785 1743 1861 est
1763 1815 1957 1863 nactus
1982 1826 1989 1863 :

2104 1798 2133 1849 6
2157 1798 2401 1869 οὐράνιος
2432 1798 2680 1870 Νυμφίος
2725 1800 2781 1852 ἐν
2822 1803 2931 1864 τοῖς
2973 1801 3244 1871 ’ᾼσμασιν
3276 1796 3646 1871 ἀνηγόρευται;

424 1906 601 1961 neque
631 1909 762 1948 vero
793 1894 1001 1964 absque
1037 1894 1313 1965 principio
1363 1909 1488 1949 cum
1520 1894 1682 1950 Patre
1715 1896 1878 1951 simul
1914 1913 2004 1953 ex-

422 1984 586 2048 stitit,
618 1986 840 2055 quando
871 1987 963 2041 ille
991 1986 1211 2056 quidem
1240 1987 1540 2057 ingenitus,
1575 1987 1666 2043 hic
1698 2004 1827 2044 vero
1849 1990 2002 2060 geni-

423 2085 514 2133 tus
544 2084 649 2140 est,
691 2085 745 2132 et
778 2077 868 2132 ille
920 2076 1103 2143 Pater,
1136 2077 1227 2132 hic
1275 2076 1446 2133 Filius
1482 2097 1494 2132 :
1524 2086 1579 2132 at
1609 2094 1738 2139 vero
1779 2078 1999 2136 Patrem

421 2167 708 2232 exsistere,
747 2174 801 2222 et
830 2178 1081 2222 naturam
1133 2184 1287 2225 suam
1339 2170 1590 2226 obtinere
1622 2187 1731 2227 non
1776 2189 1804 2225 a
1836 2171 1996 2239 Filio,

422 2264 803 2332 unusquisque
836 2262 995 2317 facile
1024 2263 1392 2327 conﬁtebitur,
1426 2263 1613 2319 eadem
1643 2279 1806 2334 porro
1832 2267 2000 2320 ratio-

421 2366 493 2406 ne
523 2351 701 2422 imago
728 2351 821 2407 Dei
845 2352 969 2417 erit,
996 2353 1070 2406 ita
1106 2354 1349 2424 quidem,
1375 2363 1432 2409 ut
1466 2371 1659 2412 rursus
1700 2359 1865 2414 nullis
1902 2375 1998 2415 ne-

419 2458 525 2517 que
566 2444 769 2509 verbis,
804 2460 980 2514 neque
1020 2446 1349 2511 rationibus,
1407 2450 1682 2518 quomodo
1717 2452 1810 2514 sit,
1847 2466 1998 2507 com-

418 2535 755 2606 prehendere
790 2537 1065 2606 possimus
1088 2577 1102 2602 ,
1131 2537 1332 2608 quippe
1376 2553 1499 2593 cum
1539 2541 1771 2595 viventis
1797 2540 1891 2596 Dei
1913 2543 1997 2597 vi-

418 2642 549 2683 vens
585 2629 700 2697 ipsa
727 2627 800 2681 sit
830 2635 884 2682 et
922 2643 1018 2697 per
1040 2629 1277 2699 seipsam
1310 2630 1646 2696 consistens,
1678 2632 1795 2687 sine
1822 2642 1996 2688 mate-

417 2718 518 2782 ria,
552 2718 672 2774 sine
704 2733 957 2787 corpore,
993 2719 1129 2772 nihil
1166 2736 1395 2789 prorsus
1443 2721 1653 2777 habens
1701 2723 1993 2777 admistum

415 2811 711 2877 contrarii;
738 2826 916 2880 neque
953 2826 1083 2865 vero
1125 2812 1434 2881 cujusmodi
1480 2814 1589 2867 ulla
1627 2815 1696 2869 sit
1725 2815 1867 2887 apud
1892 2831 1992 2872 nos

415 2900 617 2972 imago,
655 2917 778 2971 qua
811 2910 864 2957 et
914 2902 1061 2957 aliud
1107 2905 1362 2959 essentia:
1413 2906 1719 2975 subjectum
1772 2907 1988 2973 habeat,

415 2999 467 3045 et
509 2993 671 3046 aliam
705 2993 961 3061 speciem,
988 2992 1083 3047 sed
1109 3009 1231 3062 quae
1268 3002 1385 3058 tota
1414 2995 1532 3064 ipsa
1560 2997 1628 3050 sit
1661 2996 1892 3065 species,
1934 3006 1989 3052 et

414 3098 535 3153 ipsa
579 3084 841 3149 essentia,
899 3084 1312 3139 similitudinem
1363 3086 1608 3143 reterens
1661 3087 1860 3145 Patris.
1894 3089 1985 3145 Sic

413 3181 598 3229 autem
635 3173 815 3230 Patris
847 3189 1066 3244 quoque
1089 3174 1391 3246 fragrantia
1412 3178 1539 3242 erit,
1576 3195 1695 3249 qua:
1723 3180 1985 3238 elficacis-

412 3265 607 3321 simam
647 3265 939 3336 largienda:
966 3266 1092 3320 vita:
1133 3266 1246 3320 vim
1278 3267 1496 3335 habeat,
1521 3270 1616 3324 sed
1664 3270 1737 3324 ita
1790 3287 1984 3330 rursus

411 3370 587 3424 neque
615 3355 725 3410 dici
764 3371 795 3409 a
831 3356 1010 3422 nobis,
1038 3371 1214 3425 neque
1252 3358 1557 3414 rationibus
1574 3360 1753 3432 colligi
1772 3363 1981 3431 possit:

411 3446 680 3517 siquidem
710 3448 895 3501 omnia
930 3463 1268 3518 quaecunque
1299 3450 1365 3505 de
1396 3450 1490 3504 illo
1528 3467 1655 3506 vera
1683 3452 1985 3517 sunt,inel‘-

409 3535 594 3593 fabilia
628 3549 756 3594 sunt
786 3541 1067 3595 hominum
1103 3541 1361 3605 vocibus,
1398 3549 1452 3597 et
1488 3544 1799 3598 mortalium
1828 3545 1975 3614 cogi-

409 3632 731 3697 tationibus,
776 3634 1079 3689 secundum
1115 3634 1443 3705 exquisitam
1472 3636 1740 3691 rationem
1773 3637 1982 3709 incogi-

408 3726 612 3780 tabilia.
646 3727 810 3798 216
839 3726 947 3782 Sed
994 3728 1140 3782 enim
1178 3744 1399 3799 quoquo
1444 3728 1607 3784 modo
1652 3729 1842 3785 audire
1878 3746 1980 3786 nos

408 3823 577 3886 Iuvat,
615 3818 800 3873 itidem
856 3834 1014 3873 sacra
1054 3835 1156 3874 nos
1210 3820 1467 3875 erudiunt
1497 3823 1740 3876 oracula.
1780 3823 1979 3878 Annon

406 3908 609 3962 Christi
638 3909 839 3961 bonum
862 3909 1084 3964 odorem
1123 3910 1239 3980 ipse
1279 3912 1543 3981 seipsum,
1566 3924 1616 3968 et
1656 3915 1742 3970 sui
1774 3916 1979 3972 similes

2101 1890 2192 1943 Διὸ
2209 1889 2309 1960 τῆς
2345 1890 2508 1943 αὐτοῦ
2537 1890 2881 1955 ὲκκενὼσεως
2934 1890 3002 1945 τά
3042 1891 3234 1957 πάντα,
3273 1891 3448 1962 ὁρατά
3476 1908 3531 1944 τε
3567 1892 3647 1944 καὶ

2100 1981 2324 2053 ἀόρατα,
2381 1982 2605 2054 σώματά
2659 2000 2717 2037 τε
2766 1985 2860 2038 καὶ
2901 1984 3185 2056 ἀσῑῇματα,
3233 1983 3428 2053 λογικά
3465 2001 3521 2037 τε
3566 2001 3647 2036 και

2099 2074 2288 2144 ἄλογα,
2327 2077 2683 2147 μετασχόντα,
2711 2077 2989 2146 ἀναλόγως
3014 2077 3342 2146 κατηξίωται
3380 2076 3647 2148 μετουσίας

2099 2168 2313 2238 καὶτῆς
2333 2168 2426 2221 τοῦ
2468 2168 2611 2221 θείου
2648 2169 2820 2238 Λόγου
2874 2160 3165 2240 μετείληφε
3198 2168 3501 2233 κοινωνίας.
3522 2167 3647 2221 Ταύ-

2096 2276 2195 2329 της
2213 2276 2275 2328 γε
2309 2259 2407 2330 τῆς
2437 2259 2619 2313 ἐνθέου
2654 2260 2821 2330 ’ἔποῆς
2838 2262 2937 2331 τὴν
2952 2259 3234 2331 ἀντίληψιν
3258 2262 3371 2323 τοῖς
3394 2258 3490 2322 τὰς
3520 2258 3647 2326 λογι-

2098 2351 2200 2416 κὰς
2253 2353 2527 2424 αἰσθήσεις
2565 2352 2641 2425 μὴ
2692 2353 3106 2425 πεπηρωμένοις
3138 2356 3166 2406 6
3220 2352 3440 2424 σύμπας
3474 2351 3643 2405 ἀποδί-

2095 2443 2225 2498 δωσι
2274 2444 2496 2515 κόσμος,
2556 2446 2631 2510 ὡς
2671 2445 2736 2499 τά
2796 2448 2862 2518 τῇ
2898 2444 3057 2516 φύσει
3099 2444 3272 2516 γεώδη
3307 2446 3405 2498 καὶ
3449 2442 3646 2517 φθαρτά

2097 2536 2321 2606 σώματα
2362 2539 2459 2608 τῆς
2506 2539 2667 2591 ἀῦλου
2699 2539 2789 2591 καὶ¹
2817 2538 3093 2609 ἀκηράτου
3128 2537 3354 2601 εὐωδίας
3378 2537 3643 2597 ἀποπνεῖν,

2096 2629 2429 2699 πηγάζοντος
2461 2632 2557 2701 μὲν
2596 2631 2800 2686 ἀνωθεν
2838 2630 2930 2684 τοῦ
2962 2632 3069 2684 τῶν
3097 2631 3232 2685 ὅλων
3256 2629 3417 2694 Θεοῦ,
3449 2630 3535 2693 ὃς,
3560 2627 3645 2680 τοῦ

2097 2719 2415 2789 μονογενοῦς
2440 2719 2603 2774 αὐτοῦ
2635 2722 2806 2789 Λόγου
2844 2720 3032 2793 Πατὴρ
3072 2720 3169 2785 ὢν,
3221 2720 3381 2784 αὐτὸς
3407 2719 3471 2773 ἂν
3496 2718 3573 2789 εἴη
3593 2710 3647 2770 τὸ

2093 2809 2307 2881 πρῶτον
2342 2810 2433 2863 καὶ
2475 2809 2662 2881 κύριον
2697 2811 2790 2863 καὶ
2838 2810 2995 2881 μόνον
3023 2810 3238 2882 ἀληθῶς
3269 2810 3492 2879 ἀγαθὸν,
3524 2810 3645 2878 ἀγαο

2092 2903 2185 2956 θοῦ
2221 2904 2577 2974 γεννητικὸν,
2624 2904 3031 2977 δευτερεύοντος
3079 2905 3156 2970 δὲ,
3202 2906 3296 2957 καὶ
3347 2904 3498 2956 ὠσάν
3550 2900 3645 2955 ἀπὸ

2090 2994 2311 3066 πρώτης
2343 2995 2436 3049 καὶ
2489 2995 2795 3067 ἡγουμένης
2822 2995 3009 3058 οὐσίας
3047 2993 3533 3066 ὲπιχορηγουμένου
3561 2986 3643 3044 τοῦ

2092 3086 2244 3152 Υίοῦ,
2290 3088 2348 3151 ὃς
2394 3088 2486 3141 καὶ
2515 3089 2673 3158 μόνος
2708 3088 2807 3158 τῆς
2841 3088 3110 3160 πατρικῆς
3141 3084 3326 3149 οὐσίας
3352 3085 3544 3139 εὐωδία
3574 3098 3645 3145 τις

2085 3179 2219 3248 ἡμῖν
2278 3178 2561 3249 ἀνείρηται
2609 3177 2917 3230 δουλεύουσι
2966 3176 3127 3246 λογίῳ
3180 3175 3487 3230 παιδεύοντι
3531 3170 3646 3243 περὶ

2087 3269 2272 3336 αὐτοῦ,
2301 3271 2380 3323 ὅτι
2414 3269 2497 3340 δὴ,
2541 3288 2559 3320 ι
2594 3254 2779 3340 ’Ᾰτμίς
2807 3272 2920 3322 ἐστι
2957 3268 3051 3338 τῆς
3073 3266 3164 3320 τοῦ
3194 3266 3327 3319 Θεοῦ
3358 3267 3646 3336 δυνάμεως,

2084 3362 2178 3415 καὶ
2211 3362 2477 3434 ἀπόρροια
2509 3363 2603 3432 τῆς
2651 3361 2745 3415 τοῦ
2780 3361 3223 3433 Παντοκράτορος
3255 3358 3411 3430 δόξης
3439 3358 3645 3427 εἰλικρι-

2084 3454 2199 3525 νὴς,
2240 3454 2334 3507 κα)⁸
2381 3454 2718 3524 όααύγασμα
2770 3454 2944 3522 φωτὸς
2990 3453 3193 3517 ἀϊδίου,
3248 3451 3340 3505 καὶ⁵
3399 3450 3646 3517 ἔσοπτρον

2084 3545 2413 3616 ἀκηλίδωτον
2458 3548 2555 3617 τῆς
2588 3546 2678 3598 τοῦ
2716 3544 2850 3598 Θεοῦ
2886 3545 3181 3616 ἐνεργείας,
3210 3543 3303 3597 καὶ
3354 3540 3516 3596 εἰκὼν
3558 3538 3646 3607 τῆς

2083 3636 2417 3707 ἀγαθότητος
2464 3635 2648 3690 αὐτοῦ.
2694 3656 2717 3713 ι¹
2747 3635 2892 3707 Πλὴν
2958 3633 3094 3688 ἀλλά
3125 3634 3293 3687 ταῦτα
3329 3633 3440 3703 ὅπη
3476 3631 3537 3685 ἀν
3568 3639 3645 3689 τις

2074 3728 2175 3781 καὶ
2209 3727 2369 3793 θέλοι,
2388 3728 2556 3800 ταύτῃ
2587 3728 2817 3782 τιθέσθω
2842 3747 2851 3757 ·
2880 3731 3008 3799 ἡμῖν
3046 3727 3101 3779 δὲ
3127 3727 3348 3797 ἐξαρκεῖ
3372 3725 3435 3778 τὸ
3460 3720 3645 3793 ἀληθὲς

2080 3820 2258 3873 ἐκεῖνο
2287 3821 2380 3875 καὶ
2427 3821 2645 3885 εὐσεϐὲς
2683 3818 2839 3884 αὖθις
2876 3820 3343 3891 ἐπαναλαμϐάνειν
3386 3817 3557 3889 ῥῆμα,
3582 3808 3644 3867 δι’

2079 3902 2140 3963 οὐ
2181 3913 2272 3965 καὶ
2291 3912 2391 3983 τὴν
2425 3912 2575 3967 λύσιν
2621 3913 2951 3984 ἐπιθήσομεν
2994 3916 3107 3976 τοῖς
3153 3910 3505 3985 ὲξῃτημὲνοις
3527 3907 3644 3961 πολ-

370 3990 373 3993 ’
406 4006 630 4055 sanctus
655 4000 948 4070 Apostolus
964 4003 1007 4066 ',
1038 4010 1326 4071 propterea
1347 4002 1490 4073 quod
1518 4002 1755 4075 Spiritus
1771 4008 1974 4065 Christi

2092 4002 2234 4063 tdxtc
2269 4002 2367 4073 ήδη
2419 4004 2736 4067 ὲπειπόντες
2758 4020 2771 4033 ο
2809 4023 2827 4055 ι
2865 4004 2976 4074 Τὴν
3019 4001 3211 4072 γενεάν
3268 4002 3433 4056 αὐτοῦ
3471 4001 3551 4065 τίς
3572 3999 3643 4053 διο

407 4092 677 4163 particeps
700 4100 866 4157 esset,
897 4095 1231 4164 appellavit?
1258 4095 1450 4153 Nonne
1488 4106 1827 4169 unguentum
1848 4115 1977 4156 eva-

2092 4095 2379 4164 ηγήσεταις
2412 4111 2430 4142 ι
2451 4092 2758 4162 Ἀνέφικτος
2794 4092 2902 4164 γὰρ
2942 4093 3016 4156 ὡς
3043 4092 3280 4164 ἀληθῶς,
3312 4093 3408 4147 καὶ
3439 4092 3536 4144 οὐκ
3551 4090 3640 4144 ἀν-

406 4191 626 4239 cuatum
663 4186 779 4253 ipse
831 4186 1071 4241 cmlestis
1104 4185 1349 4257 Sponsus
1387 4189 1442 4242 in
1484 4189 1765 4247 Canticis'
1796 4192 1975 4250 dictus

2092 4185 2314 4257 ipdmou;
2331 4186 2488 4257 μόνον
2511 4226 2525 4252 ,
2559 4185 2695 4239 ἀλλά
2721 4186 2813 4239 καὶ⁸
2831 4190 2951 4250 ταῖς
2984 4187 3161 4255 πάσης
3189 4185 3443 4238 ἐπέκεινα
3464 4183 3640 4245 οὐσίας

405 4283 508 4341 est,
535 4276 743 4331 idcirco
788 4277 934 4346 quod
979 4293 1103 4333 cum
1146 4280 1290 4334 illam
1334 4280 1507 4351 ipsius
1538 4284 1972 4351 evacuationem,

2092 4278 2389 4348 Ξυνάμεσιν,
2424 4279 2456 4348 ή
2489 4276 2582 4330 τοῦ
2619 4278 2955 4346 Μονογενοῦς
2979 4277 3071 4331 τοῦ
3108 4275 3243 4330 Θεοῦ
3276 4276 3531 4347 τυγχάνει
3558 4272 3641 4343 γέ-

404 4383 530 4424 cum
576 4368 834 4424 omnibus
863 4376 977 4423 tam
1022 4369 1335 4424 visibilibus
1373 4386 1536 4440 quam
1580 4372 1969 4440 invisibilibus,

2092 4386 2239 4435 ιεσις,
2272 4369 2552 4441 ὠσπεροῦν
2583 4372 2675 4424 καὶ
2705 4370 2864 4434 αὐτὸς
2888 4372 2916 4422 ὀ
2942 4371 3131 4442 Σωτὴρ
3157 4370 3248 4424 καλ⁵
3266 4369 3471 4441 Κύριος
3490 4366 3639 4441 ἡμῶν

404 4466 512 4514 tam
547 4459 829 4530 corporeis
871 4476 1037 4530 quam
1088 4462 1444 4533 incorporeis,
1481 4471 1591 4518 tam
1612 4464 1971 4519 rationalibus

2092 4462 2201 4525 τοὺς
2228 4463 2459 4525 οἰκείους
2492 4461 2737 4533 μαθητὰς
2777 4461 2917 4515 αὐτά
2953 4462 3015 4532 δὴ
3049 4462 3217 4517 ταῦτα
3248 4458 3638 4533 μυσταγωγῶν.

401 4564 566 4621 quam
616 4550 794 4606 brutis
822 4552 1331 4617 communicaverit,
1383 4562 1500 4609 tum
1550 4570 1617 4611 ea
1667 4558 1969 4613 secundum

2092 4570 2099 4602 ι
2131 4551 2317 4615 Οὐδεὶς
2353 4551 2515 4620 ἔγνω,
2553 4571 2571 4601 ι
2600 4551 2753 4622 φησὶ,
2779 4569 2796 4601 ι
2826 4550 2916 4603 τὸν
2949 4549 3191 4621 Πατέρα,
3215 4551 3263 4600 εί
3289 4547 3364 4619 μὴ
3388 4549 3418 4601 6
3445 4545 3632 4608 Υἱός-ι

402 4642 808 4711 proportionem
832 4641 996 4713 digna
1015 4641 1202 4697 effecta
1228 4652 1376 4707 sunt,
1406 4660 1526 4715 quae
1552 4645 1606 4699 in
1638 4653 1845 4716 partem
1880 4662 1971 4702 ac-

2092 4635 2115 4710 ἶ)
2162 4644 2256 4696 καὶ
2296 4642 2565 4711 ἐπιλέγει·
2596 4662 2613 4694 ι
2659 4643 2769 4696 Καὶ
2798 4641 2972 4704 οὐδεὶς
3006 4641 3145 4709 ἔγνω
3182 4640 3273 4694 τὸν
3305 4638 3456 4706 Υἱὸν,
3491 4638 3538 4689 εἰ
3568 4634 3637 4706 μὴ

400 4733 732 4803 ciperentur,
799 4741 854 4789 et
908 4736 1076 4791 divini
1131 4736 1295 4792 Verbi
1353 4738 1678 4792 liberalitate
1734 4738 1966 4809 quadam

2092 4740 2100 4785 ι
2130 4735 2337 4806 Πατήρ.
2365 4754 2383 4787 ι
2428 4734 2728 4803 Ἀγνώστου
2753 4734 2928 4787 τοίνυν
2956 4732 3154 4805 ὁμοίως
3185 4732 3281 4802 τῆς
3307 4749 3365 4784 τε
3382 4729 3512 4803 περὶ
3546 4725 3635 4780 τοῦ

401 4822 755 4880 fruerentur?
777 4824 953 4895 Hujus
976 4828 1195 4897 quidem
1229 4828 1399 4884 divini
1420 4828 1635 4884 amatus
1665 4833 1969 4901 susceptio-

399 4932 547 4985 nem,
578 4918 646 4973 iis
671 4918 764 4988 qui
799 4920 1093 4976 rationales
1134 4936 1329 4976 sensus
1376 4921 1675 4978 diminutos
1718 4938 1829 4979 non
1870 4925 1969 4979 ha-

398 5009 550 5075 bent,
588 5012 879 5069 universus
932 5012 1175 5082 impertit
1217 5014 1474 5080 mundus,
1510 5031 1684 5086 usque
1733 5018 1870 5073 adeo
1907 5026 1970 5074 ut

398 5118 520 5173 quae
556 5113 772 5160 terrena
815 5113 868 5160 et
906 5107 1239 5176 corruptioni
1285 5106 1518 5162 obnoxia
1559 5117 1686 5163 sunt
1712 5124 1964 5180 corpora,

398 5195 577 5250 omnis
610 5196 851 5251 materia:
878 5204 1154 5265 expertem
1194 5197 1680 5269 incorruptamque
1711 5199 1963 5271 fragran-

398 5287 530 5340 tiam
563 5286 866 5353 redoleant,
898 5288 1027 5343 dum
1061 5288 1280 5359 quidem
1316 5306 1569 5362 superne,
1598 5293 1773 5350 instar
1797 5294 1964 5352 fontis

399 5386 584 5434 manat
615 5378 758 5436 Deus
788 5380 1050 5448 universi,
1078 5382 1172 5451 qui
1204 5396 1330 5436 cum
1374 5385 1517 5440 unici
1541 5383 1707 5441 Verbi
1755 5387 1840 5441 sui
1891 5389 1964 5443 sit

398 5467 583 5535 Pater,
608 5472 749 5526 idem
782 5474 853 5527 sit
882 5473 1117 5542 primum
1141 5489 1200 5529 re
1227 5489 1356 5530 vera
1398 5476 1623 5543 bonum,
1656 5479 1803 5549 quod
1833 5480 1962 5535 boni

399 5562 654 5634 gignendi
678 5564 784 5619 vim
808 5566 1024 5634 habeat,
1054 5566 1292 5639 dumque
1310 5571 1616 5643 genituram
1651 5573 1883 5642 obtinet,
1906 5583 1961 5631 et

470 5748 490 5777 ³
522 5744 564 5798 il
587 5746 710 5800 Cor.
748 5761 808 5801 ιι.
846 5747 930 5802 15.
1005 5741 1201 5799 'Cant.
1233 5757 1272 5810 ι,
1304 5742 1357 5799 2.

2072 4826 2285 4898 Πατρὸς
2318 4825 2410 4879 καὶ
2470 4827 2568 4897 τῆς
2600 4825 2845 4898 περὶτοῦ
2883 4824 3014 4879 Υἱοῦ
3045 4823 3320 4892 θεολογίας
3340 4824 3455 4885 τοῖς
3486 4822 3634 4881 πᾶσι,

2072 4916 2210 4989 πλὴν
2242 4919 2426 4982 αὐτοῖς
2444 4917 2838 4988 τυγχανούσης,
2867 4916 2942 4980 ὼς
2974 4918 3033 4971 ὲν
3067 4916 3394 4987 ἀπορρήτοις
3426 4914 3485 4966 ὲν
3522 4911 3635 4972 ταῖς

2072 5010 2492 5082 παρατεθείσαις
2535 5009 2630 5063 τοῦ
2679 5009 3020 5080 Σολομῶντος
3072 5008 3268 5073 λέξεσι,
3309 5007 3407 5078 τῆς
3442 5004 3635 5074 Σοφίας

2068 5102 2358 5157 ἀκουστέον
2418 5100 2681 5173 λεγούσης
2704 5118 2717 5132 ·
2749 5120 2766 5152 ι
2791 5103 2904 5171 Πρὸ
2929 5100 3022 5154 τοῦ
3058 5100 3158 5173 ὅρη
3192 5098 3515 5172 ἑδρασθῆναι
3546 5095 3634 5148 καὶ

2068 5191 2477 5264 πλασθῆναιτὴν
2496 5192 2621 5263 γῆν,
2642 5193 2748 5263 πρὸ
2767 5193 2823 5246 δὲ
2851 5193 3066 5247 πάντων
3092 5190 3295 5261 βουνῶν
3318 5190 3486 5259 γεννᾷ
3510 5206 3593 5259 με.
3608 5205 3627 5236 ι

2071 5286 2191 5339 Ἔτι
2227 5285 2285 5338 δέ
2331 5302 2464 5356 φησι
2521 5286 2886 5356 συμπαρεῖναι
2939 5283 3015 5355 τῷ
3051 5282 3228 5355 Πατρὶ
3279 5280 3368 5334 τὸν
3406 5276 3632 5351 οὐρανὸν

2066 5374 2560 5441 κατασκευάζοντι·
2593 5395 2612 5427 ι
2652 5376 2844 5431 Ἦνίκα
2866 5375 3269 5448 γοῦν-ἡτοίμαζε
3286 5371 3629 5445 τδνούρανὸν.

2067 5468 2442 5540 συμπαρήμην
2496 5466 2668 5537 αὐτῷ.
2717 5486 2735 5518 ι
2781 5467 2891 5521 Καὶ
2932 5466 2992 5520 τὸ
3032 5464 3093 5531 ea
3130 5465 3370 5537 ἀπείρων
3412 5462 3471 5516 δὲ
3507 5458 3631 5514 uidi

2063 5576 2167 5614 νων
2215 5558 2379 5613 ἀΐδιον
2422 5558 2520 5631 τῆς
2546 5560 2657 5633 ,σὺν
2697 5556 2872 5629 Πατρὶ
2915 5556 3174 5628 διαμονῆς
3217 5553 3471 5628 ἐμφαίνει
3494 5591 3508 5616 ,
3552 5545 3632 5614 οἷς
