  <div class='ocr_page' id='page_1' title='image "/cluster/home/n/w/nwhite01/storage/ocr_20150623/22/mdp.39015078384388/186.png"; bbox 0 0 3880 6256; ppageno 0'>
   <div class='ocr_carea' id='block_1_1' title="bbox 208 318 3450 388">
    <p class='ocr_par' dir='ltr' id='par_1_1' title="bbox 208 318 3450 388">
     <span class='ocr_line' id='line_1_1' title="bbox 208 318 3450 388; baseline 0.002 -6"><span class='ocrx_word' id='word_1_1' title='bbox 208 322 303 382; x_wconf 72' lang='lat'><strong>557</strong></span> <span class='ocrx_word' id='word_1_2' title='bbox 1112 318 1766 388; x_wconf 72' lang='lat' dir='ltr'><strong>DEMONSTRATIONIS</strong></span> <span class='ocrx_word' id='word_1_3' title='bbox 1801 318 2260 386; x_wconf 65' lang='lat' dir='ltr'><strong>EVANGELlCE</strong></span> <span class='ocrx_word' id='word_1_4' title='bbox 2293 324 2422 387; x_wconf 81' lang='lat' dir='ltr'><strong>LIB.</strong></span> <span class='ocrx_word' id='word_1_5' title='bbox 2462 320 2531 385; x_wconf 66' lang='grc' dir='ltr'><strong>ν.</strong></span> <span class='ocrx_word' id='word_1_6' title='bbox 3345 330 3450 387; x_wconf 70' lang='lat'><strong>358</strong></span> 
     </span>
    </p>
   </div>
   <div class='ocr_carea' id='block_1_2' title="bbox 205 437 1737 528">
    <p class='ocr_par' dir='ltr' id='par_1_2' title="bbox 205 444 1737 525">
     <span class='ocr_line' id='line_1_2' title="bbox 205 444 1737 525; baseline 0.005 -27"><span class='ocrx_word' id='word_1_7' title='bbox 205 444 463 515; x_wconf 68' lang='grc' dir='ltr'><strong>ἐπιλέγειο</strong></span> <span class='ocrx_word' id='word_1_8' title='bbox 523 466 545 500; x_wconf 75' lang='grc' dir='ltr'><strong>ι</strong></span> <span class='ocrx_word' id='word_1_9' title='bbox 612 450 796 523; x_wconf 83' lang='grc' dir='ltr'><strong>Ἤμην</strong></span> <span class='ocrx_word' id='word_1_10' title='bbox 860 453 988 524; x_wconf 83' lang='grc' dir='ltr'><strong>παρ’</strong></span> <span class='ocrx_word' id='word_1_11' title='bbox 1049 452 1197 524; x_wconf 80' lang='grc' dir='ltr'><strong>αὐτῷ</strong></span> <span class='ocrx_word' id='word_1_12' title='bbox 1255 453 1598 525; x_wconf 66' lang='grc' dir='ltr'><strong>ἁρμόζουσα*</strong></span> <span class='ocrx_word' id='word_1_13' title='bbox 1664 452 1737 523; x_wconf 71' lang='grc' dir='ltr'><strong>ὲγι</strong></span> 
     </span>
    </p>
   </div>
   <div class='ocr_carea' id='block_1_3' title="bbox 1918 437 3450 528">
    <p class='ocr_par' dir='ltr' id='par_1_3' title="bbox 1918 437 3450 528">
     <span class='ocr_line' id='line_1_3' title="bbox 1918 437 3450 528; baseline 0.003 -21"><span class='ocrx_word' id='word_1_14' title='bbox 1918 452 2032 509; x_wconf 86' lang='lat' dir='ltr'><strong>nasi</strong></span> <span class='ocrx_word' id='word_1_15' title='bbox 2078 466 2109 505; x_wconf 90' lang='lat' dir='ltr'><strong>a</strong></span> <span class='ocrx_word' id='word_1_16' title='bbox 2158 451 2336 522; x_wconf 89' lang='lat' dir='ltr'><strong>primo</strong></span> <span class='ocrx_word' id='word_1_17' title='bbox 2374 457 2427 506; x_wconf 91' lang='lat' dir='ltr'><strong>et</strong></span> <span class='ocrx_word' id='word_1_18' title='bbox 2466 450 2709 521; x_wconf 89' lang='lat' dir='ltr'><strong>ingenito</strong></span> <span class='ocrx_word' id='word_1_19' title='bbox 2755 449 2916 507; x_wconf 82' lang='lat' dir='ltr'><strong>Patre</strong></span> <span class='ocrx_word' id='word_1_20' title='bbox 2949 437 3215 509; x_wconf 66' lang='lat' dir='ltr'><strong>euincitur</strong></span> <span class='ocrx_word' id='word_1_21' title='bbox 3255 453 3450 528; x_wconf 82' lang='lat' dir='ltr'><strong>Filius,</strong></span> 
     </span>
    </p>
   </div>
   <div class='ocr_carea' id='block_1_4' title="bbox 204 531 1736 618">
    <p class='ocr_par' dir='ltr' id='par_1_4' title="bbox 204 531 1736 618">
     <span class='ocr_line' id='line_1_4' title="bbox 204 531 1736 618; baseline -0.005 -13"><span class='ocrx_word' id='word_1_22' title='bbox 204 536 339 607; x_wconf 64' lang='grc' dir='ltr'><strong>ἤμην</strong></span> <span class='ocrx_word' id='word_1_23' title='bbox 511 542 882 614; x_wconf 74' lang='grc' dir='ltr'><strong>προσέχαιρεο</strong></span> <span class='ocrx_word' id='word_1_24' title='bbox 930 543 1048 598; x_wconf 83' lang='grc' dir='ltr'><strong>καθ’</strong></span> <span class='ocrx_word' id='word_1_25' title='bbox 1103 545 1315 617; x_wconf 82' lang='grc' dir='ltr'><strong>ἡμέραν</strong></span> <span class='ocrx_word' id='word_1_26' title='bbox 1373 545 1431 598; x_wconf 86' lang='grc' dir='ltr'><strong>δὲ</strong></span> <span class='ocrx_word' id='word_1_27' title='bbox 1498 543 1736 618; x_wconf 73' lang='grc' dir='ltr'><strong>προσώπι</strong></span> 
     </span>
    </p>
   </div>
   <div class='ocr_carea' id='block_1_5' title="bbox 1920 531 3452 618">
    <p class='ocr_par' dir='ltr' id='par_1_5' title="bbox 1921 539 3452 613">
     <span class='ocr_line' id='line_1_5' title="bbox 1921 539 3452 613; baseline 0.001 -17"><span class='ocrx_word' id='word_1_28' title='bbox 1921 543 1974 597; x_wconf 93' lang='lat' dir='ltr'><strong>ui</strong></span> <span class='ocrx_word' id='word_1_29' title='bbox 2007 542 2170 597; x_wconf 89' lang='lat' dir='ltr'><strong>etiam</strong></span> <span class='ocrx_word' id='word_1_30' title='bbox 2206 541 2357 594; x_wconf 88' lang='lat' dir='ltr'><strong>solus</strong></span> <span class='ocrx_word' id='word_1_31' title='bbox 2399 544 2639 608; x_wconf 74' lang='lat' dir='ltr'><strong>paternae</strong></span> <span class='ocrx_word' id='word_1_32' title='bbox 2675 539 2928 594; x_wconf 63' lang='lat' dir='ltr'><strong>essentia:</strong></span> <span class='ocrx_word' id='word_1_33' title='bbox 2976 542 3276 611; x_wconf 75' lang='lat' dir='ltr'><strong>fragrantia</strong></span> <span class='ocrx_word' id='word_1_34' title='bbox 3301 558 3452 613; x_wconf 65' lang='lat' dir='ltr'><strong>quae-</strong></span> 
     </span>
    </p>
   </div>
   <div class='ocr_carea' id='block_1_6' title="bbox 201 626 1733 706">
    <p class='ocr_par' dir='ltr' id='par_1_6' title="bbox 201 628 1733 706">
     <span class='ocr_line' id='line_1_6' title="bbox 201 628 1733 706; baseline 0.007 -22"><span class='ocrx_word' id='word_1_35' title='bbox 201 628 353 684; x_wconf 77' lang='grc' dir='ltr'><strong>αὺτοῦ</strong></span> <span class='ocrx_word' id='word_1_36' title='bbox 398 634 791 706; x_wconf 74' lang='grc' dir='ltr'><strong>προσέχαιρον.</strong></span> <span class='ocrx_word' id='word_1_37' title='bbox 841 655 860 688; x_wconf 76' lang='grc' dir='ltr'><strong>ι</strong></span> <span class='ocrx_word' id='word_1_38' title='bbox 904 636 1016 691; x_wconf 72' lang='grc' dir='ltr'><strong>Καὶ</strong></span> <span class='ocrx_word' id='word_1_39' title='bbox 1062 636 1333 702; x_wconf 80' lang='grc' dir='ltr'><strong>ἀϐύσσους</strong></span> <span class='ocrx_word' id='word_1_40' title='bbox 1366 634 1423 690; x_wconf 82' lang='grc' dir='ltr'><strong>δὲ</strong></span> <span class='ocrx_word' id='word_1_41' title='bbox 1458 637 1552 690; x_wconf 82' lang='grc' dir='ltr'><strong>καὶ</strong></span> <span class='ocrx_word' id='word_1_42' title='bbox 1590 635 1733 706; x_wconf 79' lang='grc' dir='ltr'><strong>πηγᾶ</strong></span> 
     </span>
    </p>
   </div>
   <div class='ocr_carea' id='block_1_7' title="bbox 1920 626 3452 706">
    <p class='ocr_par' dir='ltr' id='par_1_7' title="bbox 1920 626 3452 703">
     <span class='ocr_line' id='line_1_7' title="bbox 1920 626 3452 703; baseline 0.002 -19"><span class='ocrx_word' id='word_1_43' title='bbox 1920 645 2005 684; x_wconf 86' lang='lat' dir='ltr'><strong>am</strong></span> <span class='ocrx_word' id='word_1_44' title='bbox 2048 630 2230 684; x_wconf 90' lang='lat' dir='ltr'><strong>dictus</strong></span> <span class='ocrx_word' id='word_1_45' title='bbox 2270 635 2355 683; x_wconf 86' lang='lat' dir='ltr'><strong>est</strong></span> <span class='ocrx_word' id='word_1_46' title='bbox 2389 642 2420 680; x_wconf 89' lang='lat' dir='ltr'><strong>a</strong></span> <span class='ocrx_word' id='word_1_47' title='bbox 2449 626 2629 692; x_wconf 89' lang='lat' dir='ltr'><strong>nobis,</strong></span> <span class='ocrx_word' id='word_1_48' title='bbox 2680 629 2775 698; x_wconf 86' lang='lat' dir='ltr'><strong>qui</strong></span> <span class='ocrx_word' id='word_1_49' title='bbox 2820 630 3044 685; x_wconf 86' lang='lat' dir='ltr'><strong>oraculo</strong></span> <span class='ocrx_word' id='word_1_50' title='bbox 3096 631 3452 703; x_wconf 87' lang='lat' dir='ltr'><strong>obsequimur</strong></span> 
     </span>
    </p>
   </div>
   <div class='ocr_carea' id='block_1_8' title="bbox 204 719 1736 797">
    <p class='ocr_par' dir='ltr' id='par_1_8' title="bbox 204 721 1736 797">
     <span class='ocr_line' id='line_1_8' title="bbox 204 721 1736 797; baseline 0.005 -24"><span class='ocrx_word' id='word_1_51' title='bbox 204 721 395 774; x_wconf 77' lang='grc' dir='ltr'><strong>ὑδάτων</strong></span> <span class='ocrx_word' id='word_1_52' title='bbox 414 761 430 785; x_wconf 89' lang='grc'><strong>,</strong></span> <span class='ocrx_word' id='word_1_53' title='bbox 466 723 575 794; x_wconf 75' lang='grc' dir='ltr'><strong>ὅρη</strong></span> <span class='ocrx_word' id='word_1_54' title='bbox 612 743 667 778; x_wconf 86' lang='grc' dir='ltr'><strong>τε</strong></span> <span class='ocrx_word' id='word_1_55' title='bbox 693 726 786 779; x_wconf 72' lang='grc' dir='ltr'><strong>καὶ</strong></span> <span class='ocrx_word' id='word_1_56' title='bbox 817 725 1036 797; x_wconf 74' lang='grc' dir='ltr'><strong>βουνοὺς</strong></span> <span class='ocrx_word' id='word_1_57' title='bbox 1054 758 1070 790; x_wconf 89' lang='lat'><strong>,-</strong></span> <span class='ocrx_word' id='word_1_58' title='bbox 1099 727 1193 783; x_wconf 71' lang='grc' dir='ltr'><strong>καὶ</strong></span> <span class='ocrx_word' id='word_1_59' title='bbox 1221 729 1321 782; x_wconf 83' lang='grc' dir='ltr'><strong>ὅσα</strong></span> <span class='ocrx_word' id='word_1_60' title='bbox 1352 727 1484 782; x_wconf 73' lang='grc' dir='ltr'><strong>ἄλλα</strong></span> <span class='ocrx_word' id='word_1_61' title='bbox 1511 727 1653 782; x_wconf 76' lang='grc' dir='ltr'><strong>κατὰ</strong></span> <span class='ocrx_word' id='word_1_62' title='bbox 1683 727 1736 782; x_wconf 82' lang='grc' dir='ltr'><strong>τὸ</strong></span> 
     </span>
    </p>
   </div>
   <div class='ocr_carea' id='block_1_9' title="bbox 1920 719 3452 797">
    <p class='ocr_par' dir='ltr' id='par_1_9' title="bbox 1920 719 3452 793">
     <span class='ocr_line' id='line_1_9' title="bbox 1920 719 3452 793; baseline 0.003 -19"><span class='ocrx_word' id='word_1_63' title='bbox 1920 721 2045 775; x_wconf 81' lang='lat' dir='ltr'><strong>ilem</strong></span> <span class='ocrx_word' id='word_1_64' title='bbox 2077 721 2144 775; x_wconf 90' lang='lat' dir='ltr'><strong>de</strong></span> <span class='ocrx_word' id='word_1_65' title='bbox 2170 720 2265 774; x_wconf 91' lang='lat' dir='ltr'><strong>illo</strong></span> <span class='ocrx_word' id='word_1_66' title='bbox 2289 719 2595 774; x_wconf 88' lang='lat' dir='ltr'><strong>doctrinam</strong></span> <span class='ocrx_word' id='word_1_67' title='bbox 2632 721 2867 775; x_wconf 82' lang='lat' dir='ltr'><strong>tradenti</strong></span> <span class='ocrx_word' id='word_1_68' title='bbox 2904 740 2918 776; x_wconf 90' lang='lat'><strong>:</strong></span> <span class='ocrx_word' id='word_1_69' title='bbox 2957 741 2976 773; x_wconf 77' lang='grc' dir='ltr'><strong>ι</strong></span> <span class='ocrx_word' id='word_1_70' title='bbox 3015 720 3200 793; x_wconf 77' lang='lat' dir='ltr'><strong>Vapor</strong></span> <span class='ocrx_word' id='word_1_71' title='bbox 3234 732 3340 788; x_wconf 87' lang='lat' dir='ltr'><strong>est,</strong></span> <span class='ocrx_word' id='word_1_72' title='bbox 3366 726 3452 779; x_wconf 89' lang='lat' dir='ltr'><strong>in-</strong></span> 
     </span>
    </p>
   </div>
   <div class='ocr_carea' id='block_1_10' title="bbox 199 810 1731 892">
    <p class='ocr_par' dir='ltr' id='par_1_10' title="bbox 199 812 1731 892">
     <span class='ocr_line' id='line_1_10' title="bbox 199 812 1731 892; baseline 0.004 -26"><span class='ocrx_word' id='word_1_73' title='bbox 199 812 349 867; x_wconf 84' lang='grc' dir='ltr'><strong>τόπον</strong></span> <span class='ocrx_word' id='word_1_74' title='bbox 392 817 605 879; x_wconf 79' lang='grc' dir='ltr'><strong>κοινοῖς</strong></span> <span class='ocrx_word' id='word_1_75' title='bbox 648 816 886 887; x_wconf 78' lang='grc' dir='ltr'><strong>ῥήμασιν</strong></span> <span class='ocrx_word' id='word_1_76' title='bbox 920 812 1001 882; x_wconf 74' lang='grc' dir='ltr'><strong>οἷς</strong></span> <span class='ocrx_word' id='word_1_77' title='bbox 1031 818 1450 890; x_wconf 78' lang='grc' dir='ltr'><strong>ἐπωνόμασται,</strong></span> <span class='ocrx_word' id='word_1_78' title='bbox 1478 819 1596 889; x_wconf 74' lang='grc' dir='ltr'><strong>ἦτοι</strong></span> <span class='ocrx_word' id='word_1_79' title='bbox 1641 835 1731 892; x_wconf 74' lang='grc' dir='ltr'><strong>πεε</strong></span> 
     </span>
    </p>
   </div>
   <div class='ocr_carea' id='block_1_11' title="bbox 1917 810 3449 892">
    <p class='ocr_par' dir='ltr' id='par_1_11' title="bbox 1917 810 3449 884">
     <span class='ocr_line' id='line_1_11' title="bbox 1917 810 3449 884; baseline 0.007 -19"><span class='ocrx_word' id='word_1_80' title='bbox 1917 812 2017 876; x_wconf 92' lang='lat' dir='ltr'><strong>uit,</strong></span> <span class='ocrx_word' id='word_1_81' title='bbox 2048 812 2269 866; x_wconf 92' lang='lat' dir='ltr'><strong>virtutis</strong></span> <span class='ocrx_word' id='word_1_82' title='bbox 2291 810 2406 876; x_wconf 90' lang='lat' dir='ltr'><strong>Dei,</strong></span> <span class='ocrx_word' id='word_1_83' title='bbox 2437 818 2492 865; x_wconf 92' lang='lat' dir='ltr'><strong>et</strong></span> <span class='ocrx_word' id='word_1_84' title='bbox 2529 813 2801 866; x_wconf 90' lang='lat' dir='ltr'><strong>emanatio</strong></span> <span class='ocrx_word' id='word_1_85' title='bbox 2822 813 3008 883; x_wconf 66' lang='lat' dir='ltr'><strong>gloriae</strong></span> <span class='ocrx_word' id='word_1_86' title='bbox 3041 813 3449 884; x_wconf 81' lang='lat' dir='ltr'><strong>Omnipotentis</strong></span> 
     </span>
    </p>
   </div>
   <div class='ocr_carea' id='block_1_12' title="bbox 198 903 1730 983">
    <p class='ocr_par' dir='ltr' id='par_1_12' title="bbox 198 903 1730 983">
     <span class='ocr_line' id='line_1_12' title="bbox 198 903 1730 983; baseline 0.007 -27"><span class='ocrx_word' id='word_1_87' title='bbox 198 904 288 974; x_wconf 76' lang='grc' dir='ltr'><strong>τῆς</strong></span> <span class='ocrx_word' id='word_1_88' title='bbox 352 903 449 958; x_wconf 87' lang='grc' dir='ltr'><strong>τοῦ</strong></span> <span class='ocrx_word' id='word_1_89' title='bbox 514 907 725 979; x_wconf 77' lang='grc' dir='ltr'><strong>κόσμου</strong></span> <span class='ocrx_word' id='word_1_90' title='bbox 788 911 1129 975; x_wconf 76' lang='grc' dir='ltr'><strong>συστάσεως,</strong></span> <span class='ocrx_word' id='word_1_91' title='bbox 1198 914 1262 965; x_wconf 84' lang='grc' dir='ltr'><strong>ὲκ</strong></span> <span class='ocrx_word' id='word_1_92' title='bbox 1303 910 1502 983; x_wconf 80' lang='grc' dir='ltr'><strong>μέρους</strong></span> <span class='ocrx_word' id='word_1_93' title='bbox 1563 911 1624 965; x_wconf 89' lang='grc' dir='ltr'><strong>τὸ</strong></span> <span class='ocrx_word' id='word_1_94' title='bbox 1666 916 1730 967; x_wconf 81' lang='grc' dir='ltr'><strong>πᾶ</strong></span> 
     </span>
    </p>
   </div>
   <div class='ocr_carea' id='block_1_13' title="bbox 1914 903 3446 983">
    <p class='ocr_par' dir='ltr' id='par_1_13' title="bbox 1914 905 3446 979">
     <span class='ocr_line' id='line_1_13' title="bbox 1914 905 3446 979; baseline 0.004 -18"><span class='ocrx_word' id='word_1_95' title='bbox 1914 909 2116 970; x_wconf 88' lang='lat' dir='ltr'><strong>incera,</strong></span> <span class='ocrx_word' id='word_1_96' title='bbox 2136 914 2190 961; x_wconf 90' lang='lat' dir='ltr'><strong>et</strong></span> <span class='ocrx_word' id='word_1_97' title='bbox 2220 905 2474 977; x_wconf 87' lang='lat' dir='ltr'><strong>splendor</strong></span> <span class='ocrx_word' id='word_1_98' title='bbox 2503 907 2643 961; x_wconf 88' lang='lat' dir='ltr'><strong>lueis</strong></span> <span class='ocrx_word' id='word_1_99' title='bbox 2666 914 2902 972; x_wconf 65' lang='lat' dir='ltr'><strong>aeternae,</strong></span> <span class='ocrx_word' id='word_1_100' title='bbox 2935 915 2989 964; x_wconf 91' lang='lat' dir='ltr'><strong>et</strong></span> <span class='ocrx_word' id='word_1_101' title='bbox 3022 912 3302 979; x_wconf 88' lang='lat' dir='ltr'><strong>speculum</strong></span> <span class='ocrx_word' id='word_1_102' title='bbox 3327 911 3446 967; x_wconf 85' lang='lat' dir='ltr'><strong>sine</strong></span> 
     </span>
    </p>
   </div>
   <div class='ocr_carea' id='block_1_14' title="bbox 197 989 1729 1072">
    <p class='ocr_par' dir='ltr' id='par_1_14' title="bbox 197 989 1729 1072">
     <span class='ocr_line' id='line_1_14' title="bbox 197 989 1729 1072; baseline 0.008 -29"><span class='ocrx_word' id='word_1_103' title='bbox 197 989 468 1060; x_wconf 73' lang='grc' dir='ltr'><strong>δηλοῦντος</strong></span> <span class='ocrx_word' id='word_1_104' title='bbox 523 995 849 1063; x_wconf 81' lang='grc' dir='ltr'><strong>ἀκουστέον,</strong></span> <span class='ocrx_word' id='word_1_105' title='bbox 895 998 927 1071; x_wconf 78' lang='grc' dir='ltr'>ἢ</span> <span class='ocrx_word' id='word_1_106' title='bbox 979 998 1379 1072; x_wconf 84' lang='grc' dir='ltr'><strong>τροπικὼτερον</strong></span> <span class='ocrx_word' id='word_1_107' title='bbox 1437 1000 1729 1072; x_wconf 72' lang='grc' dir='ltr'><strong>ὲκΛηπτέον</strong></span> 
     </span>
    </p>
   </div>
   <div class='ocr_carea' id='block_1_15' title="bbox 1903 989 3435 1072">
    <p class='ocr_par' dir='ltr' id='par_1_15' title="bbox 1903 996 3435 1071">
     <span class='ocr_line' id='line_1_15' title="bbox 1903 996 3435 1071; baseline 0.004 -21"><span class='ocrx_word' id='word_1_108' title='bbox 1903 999 2091 1051; x_wconf 87' lang='lat' dir='ltr'><strong>nacula</strong></span> <span class='ocrx_word' id='word_1_109' title='bbox 2138 996 2232 1053; x_wconf 85' lang='lat' dir='ltr'><strong>Dei</strong></span> <span class='ocrx_word' id='word_1_110' title='bbox 2272 998 2523 1054; x_wconf 73' lang='lat' dir='ltr'><strong>eﬂicacize</strong></span> <span class='ocrx_word' id='word_1_111' title='bbox 2547 1038 2565 1065; x_wconf 95' lang='lat'><strong>,</strong></span> <span class='ocrx_word' id='word_1_112' title='bbox 2596 1006 2651 1056; x_wconf 92' lang='lat' dir='ltr'><strong>et</strong></span> <span class='ocrx_word' id='word_1_113' title='bbox 2692 999 2872 1069; x_wconf 88' lang='lat' dir='ltr'><strong>imago</strong></span> <span class='ocrx_word' id='word_1_114' title='bbox 2900 1000 3311 1071; x_wconf 84' lang='lat' dir='ltr'><strong>bonitatis-ejus</strong></span> <span class='ocrx_word' id='word_1_115' title='bbox 3335 1003 3377 1058; x_wconf 77' lang='lat'><strong>&quot;.</strong></span> <span class='ocrx_word' id='word_1_116' title='bbox 3414 1020 3435 1056; x_wconf 81' lang='grc' dir='ltr'><strong>ι</strong></span> 
     </span>
    </p>
   </div>
   <div class='ocr_carea' id='block_1_16' title="bbox 196 1083 1728 1164">
    <p class='ocr_par' dir='ltr' id='par_1_16' title="bbox 196 1083 1728 1164">
     <span class='ocr_line' id='line_1_16' title="bbox 196 1083 1728 1164; baseline 0.007 -28"><span class='ocrx_word' id='word_1_117' title='bbox 196 1083 353 1137; x_wconf 82' lang='grc' dir='ltr'><strong>ταῦτα</strong></span> <span class='ocrx_word' id='word_1_118' title='bbox 390 1088 777 1161; x_wconf 83' lang='grc' dir='ltr'><strong>μεταφέροντα</strong></span> <span class='ocrx_word' id='word_1_119' title='bbox 813 1090 879 1144; x_wconf 76' lang='grc' dir='ltr'><strong>τὰ</strong></span> <span class='ocrx_word' id='word_1_120' title='bbox 921 1093 1289 1163; x_wconf 79' lang='grc' dir='ltr'><strong>σημαινόμενα</strong></span> <span class='ocrx_word' id='word_1_121' title='bbox 1329 1094 1419 1147; x_wconf 72' lang='grc' dir='ltr'><strong>ἐπὶ</strong></span> <span class='ocrx_word' id='word_1_122' title='bbox 1452 1094 1648 1164; x_wconf 80' lang='grc' dir='ltr'><strong>νοητὰς</strong></span> <span class='ocrx_word' id='word_1_123' title='bbox 1676 1093 1728 1148; x_wconf 67' lang='grc' dir='ltr'><strong>οἱ</strong></span> 
     </span>
    </p>
   </div>
   <div class='ocr_carea' id='block_1_17' title="bbox 1913 1083 3445 1164">
    <p class='ocr_par' dir='ltr' id='par_1_17' title="bbox 1913 1088 3445 1164">
     <span class='ocr_line' id='line_1_17' title="bbox 1913 1088 3445 1164; baseline 0.003 -20"><span class='ocrx_word' id='word_1_124' title='bbox 1913 1088 2266 1145; x_wconf 69' lang='lat' dir='ltr'><strong>’erumtamen</strong></span> <span class='ocrx_word' id='word_1_125' title='bbox 2313 1091 2428 1146; x_wconf 73' lang='lat' dir='ltr'><strong>haec</strong></span> <span class='ocrx_word' id='word_1_126' title='bbox 2471 1102 2580 1162; x_wconf 83' lang='lat' dir='ltr'><strong>quo</strong></span> <span class='ocrx_word' id='word_1_127' title='bbox 2622 1091 2744 1146; x_wconf 90' lang='lat' dir='ltr'><strong>loco</strong></span> <span class='ocrx_word' id='word_1_128' title='bbox 2783 1092 2906 1161; x_wconf 87' lang='lat' dir='ltr'><strong>quis</strong></span> <span class='ocrx_word' id='word_1_129' title='bbox 2938 1093 3088 1158; x_wconf 81' lang='lat' dir='ltr'><strong>velit,</strong></span> <span class='ocrx_word' id='word_1_130' title='bbox 3142 1093 3217 1147; x_wconf 88' lang='lat' dir='ltr'><strong>ibi</strong></span> <span class='ocrx_word' id='word_1_131' title='bbox 3255 1094 3445 1164; x_wconf 81' lang='lat' dir='ltr'><strong>utique</strong></span> 
     </span>
    </p>
   </div>
   <div class='ocr_carea' id='block_1_18' title="bbox 197 1172 1729 1255">
    <p class='ocr_par' dir='ltr' id='par_1_18' title="bbox 197 1172 1729 1255">
     <span class='ocr_line' id='line_1_18' title="bbox 197 1172 1729 1255; baseline 0.008 -30"><span class='ocrx_word' id='word_1_132' title='bbox 197 1172 306 1236; x_wconf 96' lang='grc' dir='ltr'><strong>σίας</strong></span> <span class='ocrx_word' id='word_1_133' title='bbox 349 1174 446 1228; x_wconf 76' lang='grc' dir='ltr'><strong>καὶ</strong></span> <span class='ocrx_word' id='word_1_134' title='bbox 496 1175 653 1241; x_wconf 76' lang='grc' dir='ltr'><strong>θείας</strong></span> <span class='ocrx_word' id='word_1_135' title='bbox 697 1177 981 1249; x_wconf 85' lang='grc' dir='ltr'><strong>δυνάμεις,</strong></span> <span class='ocrx_word' id='word_1_136' title='bbox 1027 1174 1102 1234; x_wconf 83' lang='grc' dir='ltr'><strong>ὧν</strong></span> <span class='ocrx_word' id='word_1_137' title='bbox 1157 1183 1375 1236; x_wconf 84' lang='grc' dir='ltr'><strong>πάντων</strong></span> <span class='ocrx_word' id='word_1_138' title='bbox 1429 1183 1729 1255; x_wconf 70' lang='grc' dir='ltr'><strong>πρωτότοκα</strong></span> 
     </span>
    </p>
   </div>
   <div class='ocr_carea' id='block_1_19' title="bbox 1911 1172 3443 1255">
    <p class='ocr_par' dir='ltr' id='par_1_19' title="bbox 1911 1181 3443 1252">
     <span class='ocr_line' id='line_1_19' title="bbox 1911 1181 3443 1252; baseline 0.004 -18"><span class='ocrx_word' id='word_1_139' title='bbox 1911 1188 2080 1235; x_wconf 72' lang='grc' dir='ltr'><strong>ιοηιιιτ</strong></span> <span class='ocrx_word' id='word_1_140' title='bbox 2113 1182 2273 1236; x_wconf 92' lang='lat' dir='ltr'><strong>nobis</strong></span> <span class='ocrx_word' id='word_1_141' title='bbox 2304 1188 2485 1236; x_wconf 89' lang='lat' dir='ltr'><strong>autem</strong></span> <span class='ocrx_word' id='word_1_142' title='bbox 2520 1181 2657 1237; x_wconf 80' lang='lat' dir='ltr'><strong>satis</strong></span> <span class='ocrx_word' id='word_1_143' title='bbox 2686 1196 2958 1252; x_wconf 88' lang='lat' dir='ltr'><strong>superque</strong></span> <span class='ocrx_word' id='word_1_144' title='bbox 2982 1183 3075 1248; x_wconf 88' lang='lat' dir='ltr'><strong>sit,</strong></span> <span class='ocrx_word' id='word_1_145' title='bbox 3096 1198 3284 1238; x_wconf 90' lang='lat' dir='ltr'><strong>verum</strong></span> <span class='ocrx_word' id='word_1_146' title='bbox 3309 1182 3443 1240; x_wconf 86' lang='lat' dir='ltr'><strong>illud</strong></span> 
     </span>
    </p>
   </div>
   <div class='ocr_carea' id='block_1_20' title="bbox 196 1265 1728 1346">
    <p class='ocr_par' dir='ltr' id='par_1_20' title="bbox 196 1265 1728 1346">
     <span class='ocr_line' id='line_1_20' title="bbox 196 1265 1728 1346; baseline 0.008 -30"><span class='ocrx_word' id='word_1_147' title='bbox 196 1265 350 1333; x_wconf 63' lang='grc' dir='ltr'><strong>Σοφία</strong></span> <span class='ocrx_word' id='word_1_148' title='bbox 378 1267 475 1320; x_wconf 68' lang='grc' dir='ltr'><strong>καὶ</strong></span> <span class='ocrx_word' id='word_1_149' title='bbox 507 1270 802 1342; x_wconf 77' lang='grc' dir='ltr'><strong>μονογενὴς</strong></span> <span class='ocrx_word' id='word_1_150' title='bbox 829 1273 922 1326; x_wconf 70' lang='grc' dir='ltr'><strong>καὶ</strong></span> <span class='ocrx_word' id='word_1_151' title='bbox 950 1275 1289 1346; x_wconf 86' lang='grc' dir='ltr'><strong>πρωτόγονος</strong></span> <span class='ocrx_word' id='word_1_152' title='bbox 1318 1274 1410 1327; x_wconf 90' lang='grc' dir='ltr'><strong>τοῦ</strong></span> <span class='ocrx_word' id='word_1_153' title='bbox 1444 1273 1579 1327; x_wconf 87' lang='grc' dir='ltr'><strong>Θεοῦ</strong></span> <span class='ocrx_word' id='word_1_154' title='bbox 1638 1292 1728 1346; x_wconf 73' lang='grc' dir='ltr'><strong>πρ(</strong></span> 
     </span>
    </p>
   </div>
   <div class='ocr_carea' id='block_1_21' title="bbox 1911 1265 3443 1346">
    <p class='ocr_par' dir='ltr' id='par_1_21' title="bbox 1912 1274 3443 1345">
     <span class='ocr_line' id='line_1_21' title="bbox 1912 1274 3443 1345; baseline 0.003 -18"><span class='ocrx_word' id='word_1_155' title='bbox 1912 1289 1941 1327; x_wconf 92' lang='lat' dir='ltr'><strong>c</strong></span> <span class='ocrx_word' id='word_1_156' title='bbox 1979 1275 2128 1344; x_wconf 90' lang='lat' dir='ltr'><strong>pium</strong></span> <span class='ocrx_word' id='word_1_157' title='bbox 2149 1289 2340 1329; x_wconf 86' lang='lat' dir='ltr'><strong>rursus</strong></span> <span class='ocrx_word' id='word_1_158' title='bbox 2369 1274 2596 1329; x_wconf 81' lang='lat' dir='ltr'><strong>verbum</strong></span> <span class='ocrx_word' id='word_1_159' title='bbox 2626 1282 2896 1344; x_wconf 84' lang='lat' dir='ltr'><strong>repetere,</strong></span> <span class='ocrx_word' id='word_1_160' title='bbox 2931 1289 3041 1345; x_wconf 92' lang='lat' dir='ltr'><strong>quo</strong></span> <span class='ocrx_word' id='word_1_161' title='bbox 3063 1276 3227 1330; x_wconf 90' lang='lat' dir='ltr'><strong>etiam</strong></span> <span class='ocrx_word' id='word_1_162' title='bbox 3250 1291 3443 1331; x_wconf 89' lang='lat' dir='ltr'><strong>eorum</strong></span> 
     </span>
    </p>
   </div>
   <div class='ocr_carea' id='block_1_22' title="bbox 198 1356 1730 1437">
    <p class='ocr_par' dir='ltr' id='par_1_22' title="bbox 198 1356 1730 1437">
     <span class='ocr_line' id='line_1_22' title="bbox 198 1356 1730 1437; baseline 0.004 -27"><span class='ocrx_word' id='word_1_163' title='bbox 198 1356 391 1426; x_wconf 74' lang='grc' dir='ltr'><strong>Ξπέστη</strong></span> <span class='ocrx_word' id='word_1_164' title='bbox 422 1358 624 1427; x_wconf 77' lang='grc' dir='ltr'><strong>Λόγος,</strong></span> <span class='ocrx_word' id='word_1_165' title='bbox 646 1362 824 1416; x_wconf 83' lang='grc' dir='ltr'><strong>ὅντινα</strong></span> <span class='ocrx_word' id='word_1_166' title='bbox 840 1364 1069 1436; x_wconf 87' lang='grc' dir='ltr'><strong>Χριστὸν</strong></span> <span class='ocrx_word' id='word_1_167' title='bbox 1085 1368 1244 1436; x_wconf 81' lang='grc' dir='ltr'><strong>ἡμεῖς</strong></span> <span class='ocrx_word' id='word_1_168' title='bbox 1274 1366 1730 1437; x_wconf 56' lang='grc' dir='ltr'><strong>προσαγορεύομεη</strong></span> 
     </span>
    </p>
   </div>
   <div class='ocr_carea' id='block_1_23' title="bbox 1911 1356 3443 1437">
    <p class='ocr_par' dir='ltr' id='par_1_23' title="bbox 1913 1365 3443 1436">
     <span class='ocr_line' id='line_1_23' title="bbox 1913 1365 3443 1436; baseline 0.001 -15"><span class='ocrx_word' id='word_1_169' title='bbox 1913 1381 1942 1421; x_wconf 91' lang='lat' dir='ltr'><strong>e</strong></span> <span class='ocrx_word' id='word_1_170' title='bbox 1959 1366 2157 1436; x_wconf 89' lang='lat' dir='ltr'><strong>quibus</strong></span> <span class='ocrx_word' id='word_1_171' title='bbox 2180 1367 2465 1436; x_wconf 79' lang='lat' dir='ltr'><strong>quaesitum</strong></span> <span class='ocrx_word' id='word_1_172' title='bbox 2495 1366 2675 1430; x_wconf 81' lang='lat' dir='ltr'><strong>fuerit,</strong></span> <span class='ocrx_word' id='word_1_173' title='bbox 2695 1365 3039 1422; x_wconf 86' lang='lat' dir='ltr'><strong>diﬂlcultates</strong></span> <span class='ocrx_word' id='word_1_174' title='bbox 3056 1367 3443 1435; x_wconf 80' lang='lat' dir='ltr'><strong>dissolvemus,</strong></span> 
     </span>
    </p>
   </div>
   <div class='ocr_carea' id='block_1_24' title="bbox 194 1449 1726 1535">
    <p class='ocr_par' dir='ltr' id='par_1_24' title="bbox 194 1449 1726 1529">
     <span class='ocr_line' id='line_1_24' title="bbox 194 1449 1726 1529; baseline 0.007 -27"><span class='ocrx_word' id='word_1_175' title='bbox 194 1449 489 1521; x_wconf 73' lang='grc' dir='ltr'><strong>διδασκάλῳ</strong></span> <span class='ocrx_word' id='word_1_176' title='bbox 543 1453 970 1527; x_wconf 85' lang='grc' dir='ltr'><strong>μαθητευόμενοι</strong></span> <span class='ocrx_word' id='word_1_177' title='bbox 1025 1457 1103 1529; x_wconf 81' lang='grc' dir='ltr'><strong>τῷ</strong></span> <span class='ocrx_word' id='word_1_178' title='bbox 1161 1458 1468 1528; x_wconf 83' lang='grc' dir='ltr'><strong>Ἀποστόλῳ</strong></span> <span class='ocrx_word' id='word_1_179' title='bbox 1520 1458 1726 1528; x_wconf 83' lang='grc' dir='ltr'><strong>λέγοντι</strong></span> 
     </span>
    </p>
   </div>
   <div class='ocr_carea' id='block_1_25' title="bbox 1915 1449 3447 1535">
    <p class='ocr_par' dir='ltr' id='par_1_25' title="bbox 1915 1456 3447 1535">
     <span class='ocr_line' id='line_1_25' title="bbox 1915 1456 3447 1535; baseline 0.001 -23"><span class='ocrx_word' id='word_1_180' title='bbox 1915 1473 2056 1512; x_wconf 77' lang='grc' dir='ltr'><strong>›ειιιιι</strong></span> <span class='ocrx_word' id='word_1_181' title='bbox 2082 1459 2302 1527; x_wconf 88' lang='lat' dir='ltr'><strong>inquam</strong></span> <span class='ocrx_word' id='word_1_182' title='bbox 2342 1457 2497 1521; x_wconf 93' lang='lat' dir='ltr'><strong>illud,</strong></span> <span class='ocrx_word' id='word_1_183' title='bbox 2524 1456 2669 1527; x_wconf 85' lang='lat' dir='ltr'><strong>quod</strong></span> <span class='ocrx_word' id='word_1_184' title='bbox 2713 1465 2872 1512; x_wconf 80' lang='lat' dir='ltr'><strong>antea</strong></span> <span class='ocrx_word' id='word_1_185' title='bbox 2915 1459 3112 1535; x_wconf 67' lang='lat' dir='ltr'><strong>saepius</strong></span> <span class='ocrx_word' id='word_1_186' title='bbox 3153 1458 3299 1514; x_wconf 80' lang='lat' dir='ltr'><strong>eﬁ&#39;ati</strong></span> <span class='ocrx_word' id='word_1_187' title='bbox 3351 1475 3447 1514; x_wconf 85' lang='lat' dir='ltr'><strong>su-</strong></span> 
     </span>
    </p>
   </div>
   <div class='ocr_carea' id='block_1_26' title="bbox 199 1540 1731 1622">
    <p class='ocr_par' dir='ltr' id='par_1_26' title="bbox 199 1540 1731 1622">
     <span class='ocr_line' id='line_1_26' title="bbox 199 1540 1731 1622; baseline 0.006 -28"><span class='ocrx_word' id='word_1_188' title='bbox 199 1563 216 1594; x_wconf 82' lang='grc' dir='ltr'><strong>ι</strong></span> <span class='ocrx_word' id='word_1_189' title='bbox 240 1540 473 1614; x_wconf 76' lang='grc' dir='ltr'><strong>Χριστὸς</strong></span> <span class='ocrx_word' id='word_1_190' title='bbox 506 1544 647 1599; x_wconf 89' lang='grc' dir='ltr'><strong>Θεοῦ</strong></span> <span class='ocrx_word' id='word_1_191' title='bbox 670 1546 913 1618; x_wconf 76' lang='grc' dir='ltr'><strong>δύναμις,</strong></span> <span class='ocrx_word' id='word_1_192' title='bbox 932 1549 1026 1604; x_wconf 74' lang='grc' dir='ltr'><strong>καὶ</strong></span> <span class='ocrx_word' id='word_1_193' title='bbox 1051 1549 1185 1602; x_wconf 76' lang='grc' dir='ltr'><strong>Θεοῦ</strong></span> <span class='ocrx_word' id='word_1_194' title='bbox 1219 1551 1402 1620; x_wconf 71' lang='grc' dir='ltr'><strong>σοφία.</strong></span> <span class='ocrx_word' id='word_1_195' title='bbox 1443 1569 1463 1602; x_wconf 75' lang='grc' dir='ltr'><strong>ι</strong></span> <span class='ocrx_word' id='word_1_196' title='bbox 1494 1552 1731 1622; x_wconf 79' lang='grc' dir='ltr'><strong>Κέκλητι</strong></span> 
     </span>
    </p>
   </div>
   <div class='ocr_carea' id='block_1_27' title="bbox 1917 1540 3449 1622">
    <p class='ocr_par' dir='ltr' id='par_1_27' title="bbox 1917 1545 3449 1620">
     <span class='ocr_line' id='line_1_27' title="bbox 1917 1545 3449 1620; baseline 0.003 -18"><span class='ocrx_word' id='word_1_197' title='bbox 1917 1565 1999 1604; x_wconf 84' lang='lat' dir='ltr'><strong>ius</strong></span> <span class='ocrx_word' id='word_1_198' title='bbox 2033 1568 2045 1603; x_wconf 93' lang='lat'><strong>:</strong></span> <span class='ocrx_word' id='word_1_199' title='bbox 2085 1567 2103 1599; x_wconf 79' lang='grc' dir='ltr'><strong>ι</strong></span> <span class='ocrx_word' id='word_1_200' title='bbox 2150 1545 2567 1604; x_wconf 86' lang='lat' dir='ltr'><strong>Generationem</strong></span> <span class='ocrx_word' id='word_1_201' title='bbox 2598 1549 2719 1620; x_wconf 87' lang='lat' dir='ltr'><strong>ejus</strong></span> <span class='ocrx_word' id='word_1_202' title='bbox 2764 1551 2890 1619; x_wconf 89' lang='lat' dir='ltr'><strong>quis</strong></span> <span class='ocrx_word' id='word_1_203' title='bbox 2934 1551 3254 1606; x_wconf 83' lang='lat' dir='ltr'><strong>enarrabit?</strong></span> <span class='ocrx_word' id='word_1_204' title='bbox 3294 1571 3314 1605; x_wconf 70' lang='grc' dir='ltr'><strong>ι</strong></span> <span class='ocrx_word' id='word_1_205' title='bbox 3366 1551 3449 1611; x_wconf 84' lang='lat' dir='ltr'><strong>Bo</strong></span> 
     </span>
    </p>
   </div>
   <div class='ocr_carea' id='block_1_28' title="bbox 193 1634 1725 1713">
    <p class='ocr_par' dir='ltr' id='par_1_28' title="bbox 193 1634 1725 1713">
     <span class='ocr_line' id='line_1_28' title="bbox 193 1634 1725 1713; baseline 0.005 -27"><span class='ocrx_word' id='word_1_206' title='bbox 193 1635 243 1687; x_wconf 79' lang='grc' dir='ltr'><strong>δὲ</strong></span> <span class='ocrx_word' id='word_1_207' title='bbox 299 1634 539 1690; x_wconf 78' lang='grc' dir='ltr'><strong>ἐνταῦθα</strong></span> <span class='ocrx_word' id='word_1_208' title='bbox 588 1636 664 1708; x_wconf 86' lang='grc' dir='ltr'><strong>τῷ</strong></span> <span class='ocrx_word' id='word_1_209' title='bbox 703 1638 802 1708; x_wconf 75' lang='grc' dir='ltr'><strong>τῆς</strong></span> <span class='ocrx_word' id='word_1_210' title='bbox 844 1640 1041 1709; x_wconf 69' lang='grc' dir='ltr'><strong>Σοφίας</strong></span> <span class='ocrx_word' id='word_1_211' title='bbox 1087 1642 1312 1705; x_wconf 78' lang='grc' dir='ltr'><strong>εἰκότως</strong></span> <span class='ocrx_word' id='word_1_212' title='bbox 1373 1643 1725 1713; x_wconf 82' lang='grc' dir='ltr'><strong>προσρήματι</strong></span> 
     </span>
    </p>
   </div>
   <div class='ocr_carea' id='block_1_29' title="bbox 1916 1634 3448 1713">
    <p class='ocr_par' dir='ltr' id='par_1_29' title="bbox 1916 1640 3448 1707">
     <span class='ocr_line' id='line_1_29' title="bbox 1916 1640 3448 1707; baseline 0.004 -11"><span class='ocrx_word' id='word_1_213' title='bbox 1916 1656 2002 1696; x_wconf 85' lang='lat' dir='ltr'><strong>era</strong></span> <span class='ocrx_word' id='word_1_214' title='bbox 2032 1641 2177 1695; x_wconf 91' lang='lat' dir='ltr'><strong>enim</strong></span> <span class='ocrx_word' id='word_1_215' title='bbox 2232 1656 2339 1695; x_wconf 88' lang='lat' dir='ltr'><strong>non</strong></span> <span class='ocrx_word' id='word_1_216' title='bbox 2396 1640 2572 1695; x_wconf 85' lang='lat' dir='ltr'><strong>solum</strong></span> <span class='ocrx_word' id='word_1_217' title='bbox 2601 1656 2631 1694; x_wconf 91' lang='lat' dir='ltr'><strong>a</strong></span> <span class='ocrx_word' id='word_1_218' title='bbox 2672 1641 2837 1697; x_wconf 90' lang='lat' dir='ltr'><strong>nullis</strong></span> <span class='ocrx_word' id='word_1_219' title='bbox 2882 1641 3222 1707; x_wconf 86' lang='lat' dir='ltr'><strong>hominibus,</strong></span> <span class='ocrx_word' id='word_1_220' title='bbox 3250 1643 3345 1698; x_wconf 89' lang='lat' dir='ltr'><strong>sed</strong></span> <span class='ocrx_word' id='word_1_221' title='bbox 3377 1657 3448 1702; x_wconf 79' lang='lat' dir='ltr'><strong>ne</strong></span> 
     </span>
    </p>
   </div>
   <div class='ocr_carea' id='block_1_30' title="bbox 195 1725 1727 1804">
    <p class='ocr_par' dir='ltr' id='par_1_30' title="bbox 195 1725 1727 1804">
     <span class='ocr_line' id='line_1_30' title="bbox 195 1725 1727 1804; baseline 0.003 -25"><span class='ocrx_word' id='word_1_222' title='bbox 195 1726 261 1789; x_wconf 83' lang='grc' dir='ltr'><strong>ὼς</strong></span> <span class='ocrx_word' id='word_1_223' title='bbox 290 1725 382 1780; x_wconf 85' lang='grc' dir='ltr'><strong>τοῦ</strong></span> <span class='ocrx_word' id='word_1_224' title='bbox 424 1729 600 1798; x_wconf 86' lang='grc' dir='ltr'><strong>μόνου</strong></span> <span class='ocrx_word' id='word_1_225' title='bbox 634 1729 797 1800; x_wconf 80' lang='grc' dir='ltr'><strong>σοφοῦ</strong></span> <span class='ocrx_word' id='word_1_226' title='bbox 828 1732 1038 1804; x_wconf 88' lang='grc' dir='ltr'><strong>Πατρὸς</strong></span> <span class='ocrx_word' id='word_1_227' title='bbox 1068 1732 1164 1796; x_wconf 79' lang='grc' dir='ltr'><strong>τὰς</strong></span> <span class='ocrx_word' id='word_1_228' title='bbox 1199 1733 1505 1801; x_wconf 82' lang='grc' dir='ltr'><strong>πανσόφους</strong></span> <span class='ocrx_word' id='word_1_229' title='bbox 1531 1733 1624 1785; x_wconf 77' lang='grc' dir='ltr'><strong>καὶ</strong></span> <span class='ocrx_word' id='word_1_230' title='bbox 1652 1734 1727 1785; x_wconf 63' lang='grc' dir='ltr'><strong>ἐπι</strong></span> 
     </span>
    </p>
   </div>
   <div class='ocr_carea' id='block_1_31' title="bbox 1911 1725 3443 1804">
    <p class='ocr_par' dir='ltr' id='par_1_31' title="bbox 1911 1732 3443 1804">
     <span class='ocr_line' id='line_1_31' title="bbox 1911 1732 3443 1804; baseline 0.002 -16"><span class='ocrx_word' id='word_1_231' title='bbox 1911 1733 1943 1788; x_wconf 94' lang='lat' dir='ltr'><strong>b</strong></span> <span class='ocrx_word' id='word_1_232' title='bbox 1976 1733 2102 1787; x_wconf 83' lang='lat' dir='ltr'><strong>ullis</strong></span> <span class='ocrx_word' id='word_1_233' title='bbox 2156 1732 2373 1802; x_wconf 86' lang='lat' dir='ltr'><strong>quidem</strong></span> <span class='ocrx_word' id='word_1_234' title='bbox 2424 1734 2811 1802; x_wconf 89' lang='lat' dir='ltr'><strong>potestatibus,</strong></span> <span class='ocrx_word' id='word_1_235' title='bbox 2854 1749 2976 1804; x_wconf 73' lang='lat' dir='ltr'><strong>quae</strong></span> <span class='ocrx_word' id='word_1_236' title='bbox 3030 1735 3171 1788; x_wconf 89' lang='lat' dir='ltr'><strong>ultra</strong></span> <span class='ocrx_word' id='word_1_237' title='bbox 3224 1749 3443 1791; x_wconf 83' lang='lat' dir='ltr'><strong>omnem</strong></span> 
     </span>
    </p>
   </div>
   <div class='ocr_carea' id='block_1_32' title="bbox 196 1818 1728 1895">
    <p class='ocr_par' dir='ltr' id='par_1_32' title="bbox 196 1818 1695 1895">
     <span class='ocr_line' id='line_1_32' title="bbox 196 1818 1695 1895; baseline 0.005 -27"><span class='ocrx_word' id='word_1_238' title='bbox 196 1818 521 1888; x_wconf 74' lang='grc' dir='ltr'><strong>στημονικὰς</strong></span> <span class='ocrx_word' id='word_1_239' title='bbox 546 1820 657 1873; x_wconf 84' lang='grc' dir='ltr'><strong>τῶν</strong></span> <span class='ocrx_word' id='word_1_240' title='bbox 677 1821 811 1875; x_wconf 81' lang='grc' dir='ltr'><strong>ὅλων</strong></span> <span class='ocrx_word' id='word_1_241' title='bbox 843 1822 1074 1895; x_wconf 83' lang='grc' dir='ltr'><strong>θεωρίας</strong></span> <span class='ocrx_word' id='word_1_242' title='bbox 1104 1842 1229 1880; x_wconf 89' lang='grc' dir='ltr'><strong>τε...</strong></span> <span class='ocrx_word' id='word_1_243' title='bbox 1254 1825 1459 1879; x_wconf 82' lang='grc' dir='ltr'><strong>Λείπει</strong></span> <span class='ocrx_word' id='word_1_244' title='bbox 1481 1824 1695 1878; x_wconf 75' lang='grc' dir='ltr'><strong>τᾶλλα.</strong></span> 
     </span>
    </p>
   </div>
   <div class='ocr_carea' id='block_1_33' title="bbox 1916 1818 3448 1895">
    <p class='ocr_par' dir='ltr' id='par_1_33' title="bbox 1916 1822 3448 1895">
     <span class='ocr_line' id='line_1_33' title="bbox 1916 1822 3448 1895; baseline 0.003 -19"><span class='ocrx_word' id='word_1_245' title='bbox 1916 1830 2121 1876; x_wconf 88' lang='lat' dir='ltr'><strong>aturam</strong></span> <span class='ocrx_word' id='word_1_246' title='bbox 2151 1823 2446 1886; x_wconf 78' lang='lat' dir='ltr'><strong>evaserint,</strong></span> <span class='ocrx_word' id='word_1_247' title='bbox 2479 1824 2630 1877; x_wconf 90' lang='lat' dir='ltr'><strong>unici</strong></span> <span class='ocrx_word' id='word_1_248' title='bbox 2668 1822 2763 1878; x_wconf 87' lang='lat' dir='ltr'><strong>Dei</strong></span> <span class='ocrx_word' id='word_1_249' title='bbox 2791 1822 2916 1877; x_wconf 89' lang='lat' dir='ltr'><strong>Filii</strong></span> <span class='ocrx_word' id='word_1_250' title='bbox 2957 1826 3235 1895; x_wconf 87' lang='lat' dir='ltr'><strong>generatio</strong></span> <span class='ocrx_word' id='word_1_251' title='bbox 3268 1830 3448 1894; x_wconf 73' lang='lat' dir='ltr'><strong>potest</strong></span> 
     </span>
    </p>
   </div>
   <div class='ocr_carea' id='block_1_34' title="bbox 195 1914 3446 1990">
    <p class='ocr_par' dir='ltr' id='par_1_34' title="bbox 195 1914 3446 1990">
     <span class='ocr_line' id='line_1_34' title="bbox 195 1914 3446 1990; baseline 0.004 -27"><span class='ocrx_word' id='word_1_252' title='bbox 195 1914 604 1981; x_wconf 86' lang='lat' dir='ltr'><strong>comprehendi,</strong></span> <span class='ocrx_word' id='word_1_253' title='bbox 634 1931 765 1971; x_wconf 92' lang='lat' dir='ltr'><strong>sane</strong></span> <span class='ocrx_word' id='word_1_254' title='bbox 807 1933 917 1971; x_wconf 91' lang='lat' dir='ltr'><strong>non</strong></span> <span class='ocrx_word' id='word_1_255' title='bbox 949 1920 1109 1974; x_wconf 82' lang='lat' dir='ltr'><strong>aliter</strong></span> <span class='ocrx_word' id='word_1_256' title='bbox 1144 1934 1305 1990; x_wconf 85' lang='lat' dir='ltr'><strong>quam</strong></span> <span class='ocrx_word' id='word_1_257' title='bbox 1348 1920 1465 1990; x_wconf 88' lang='lat' dir='ltr'><strong>ipse</strong></span> <span class='ocrx_word' id='word_1_258' title='bbox 1505 1920 1753 1973; x_wconf 83' lang='lat' dir='ltr'><strong>Salvator</strong></span> <span class='ocrx_word' id='word_1_259' title='bbox 1783 1934 1846 1974; x_wconf 92' lang='lat' dir='ltr'><strong>ac</strong></span> <span class='ocrx_word' id='word_1_260' title='bbox 1873 1917 2140 1973; x_wconf 87' lang='lat' dir='ltr'><strong>Dominus</strong></span> <span class='ocrx_word' id='word_1_261' title='bbox 2198 1926 2408 1982; x_wconf 90' lang='lat' dir='ltr'><strong>noster,</strong></span> <span class='ocrx_word' id='word_1_262' title='bbox 2460 1918 2613 1973; x_wconf 89' lang='lat' dir='ltr'><strong>hisce</strong></span> <span class='ocrx_word' id='word_1_263' title='bbox 2671 1920 2807 1989; x_wconf 87' lang='lat' dir='ltr'><strong>ipsis</strong></span> <span class='ocrx_word' id='word_1_264' title='bbox 2855 1920 3020 1975; x_wconf 85' lang='lat' dir='ltr'><strong>rebus</strong></span> <span class='ocrx_word' id='word_1_265' title='bbox 3053 1936 3183 1976; x_wconf 90' lang='lat' dir='ltr'><strong>suos</strong></span> <span class='ocrx_word' id='word_1_266' title='bbox 3219 1920 3446 1977; x_wconf 83' lang='lat' dir='ltr'><strong>initians</strong></span> 
     </span>
    </p>
   </div>
   <div class='ocr_carea' id='block_1_35' title="bbox 196 2007 3448 2085">
    <p class='ocr_par' dir='ltr' id='par_1_35' title="bbox 196 2007 3448 2085">
     <span class='ocr_line' id='line_1_35' title="bbox 196 2007 3448 2085; baseline 0.002 -23"><span class='ocrx_word' id='word_1_267' title='bbox 196 2007 484 2077; x_wconf 76' lang='lat' dir='ltr'><strong>discipulos</strong></span> <span class='ocrx_word' id='word_1_268' title='bbox 553 2030 570 2064; x_wconf 88' lang='lat'>:</span> <span class='ocrx_word' id='word_1_269' title='bbox 630 2029 651 2062; x_wconf 73' lang='grc' dir='ltr'><strong>ι</strong></span> <span class='ocrx_word' id='word_1_270' title='bbox 702 2011 894 2076; x_wconf 83' lang='lat' dir='ltr'><strong>Nemo,</strong></span> <span class='ocrx_word' id='word_1_271' title='bbox 955 2014 1152 2085; x_wconf 88' lang='lat' dir='ltr'><strong>inquit,</strong></span> <span class='ocrx_word' id='word_1_272' title='bbox 1232 2015 1382 2069; x_wconf 91' lang='lat' dir='ltr'><strong>novit</strong></span> <span class='ocrx_word' id='word_1_273' title='bbox 1442 2014 1655 2069; x_wconf 90' lang='lat' dir='ltr'><strong>Patrem</strong></span> <span class='ocrx_word' id='word_1_274' title='bbox 1706 2015 1811 2069; x_wconf 90' lang='lat' dir='ltr'><strong>nisi</strong></span> <span class='ocrx_word' id='word_1_275' title='bbox 1869 2012 2041 2068; x_wconf 86' lang='lat' dir='ltr'><strong>Filius</strong></span> <span class='ocrx_word' id='word_1_276' title='bbox 2088 2014 2154 2081; x_wconf 86' lang='grc'><strong>⁵;</strong></span> <span class='ocrx_word' id='word_1_277' title='bbox 2209 2032 2228 2064; x_wconf 77' lang='lat' dir='ltr'><strong>i</strong></span> <span class='ocrx_word' id='word_1_278' title='bbox 2283 2022 2336 2067; x_wconf 90' lang='lat' dir='ltr'><strong>et</strong></span> <span class='ocrx_word' id='word_1_279' title='bbox 2420 2012 2666 2082; x_wconf 88' lang='lat' dir='ltr'><strong>adjungit</strong></span> <span class='ocrx_word' id='word_1_280' title='bbox 2718 2014 2967 2083; x_wconf 84' lang='lat' dir='ltr'><strong>protinus</strong></span> <span class='ocrx_word' id='word_1_281' title='bbox 3014 2032 3027 2068; x_wconf 92' lang='lat'>:</span> <span class='ocrx_word' id='word_1_282' title='bbox 3081 2032 3100 2065; x_wconf 77' lang='grc' dir='ltr'><strong>ι</strong></span> <span class='ocrx_word' id='word_1_283' title='bbox 3158 2012 3226 2066; x_wconf 85' lang='lat' dir='ltr'><strong>Et</strong></span> <span class='ocrx_word' id='word_1_284' title='bbox 3285 2026 3448 2069; x_wconf 79' lang='lat' dir='ltr'><strong>nem</strong></span> 
     </span>
    </p>
   </div>
   <div class='ocr_carea' id='block_1_36' title="bbox 197 2101 3452 2180">
    <p class='ocr_par' dir='ltr' id='par_1_36' title="bbox 197 2101 3452 2180">
     <span class='ocr_line' id='line_1_36' title="bbox 197 2101 3452 2180; baseline 0.002 -25"><span class='ocrx_word' id='word_1_285' title='bbox 197 2102 333 2155; x_wconf 82' lang='lat' dir='ltr'><strong>novit</strong></span> <span class='ocrx_word' id='word_1_286' title='bbox 360 2101 592 2172; x_wconf 88' lang='lat' dir='ltr'><strong>Filium,</strong></span> <span class='ocrx_word' id='word_1_287' title='bbox 618 2106 723 2163; x_wconf 88' lang='lat' dir='ltr'><strong>nisi</strong></span> <span class='ocrx_word' id='word_1_288' title='bbox 758 2106 919 2164; x_wconf 87' lang='lat' dir='ltr'><strong>Pater</strong></span> <span class='ocrx_word' id='word_1_289' title='bbox 946 2109 986 2165; x_wconf 76' lang='grc'><strong>⁸.</strong></span> <span class='ocrx_word' id='word_1_290' title='bbox 1019 2128 1038 2161; x_wconf 77' lang='lat' dir='ltr'><strong>i</strong></span> <span class='ocrx_word' id='word_1_291' title='bbox 1065 2109 1203 2163; x_wconf 85' lang='lat' dir='ltr'><strong>Cum</strong></span> <span class='ocrx_word' id='word_1_292' title='bbox 1226 2125 1357 2180; x_wconf 87' lang='lat' dir='ltr'><strong>ergo</strong></span> <span class='ocrx_word' id='word_1_293' title='bbox 1384 2110 1654 2180; x_wconf 88' lang='lat' dir='ltr'><strong>theologia</strong></span> <span class='ocrx_word' id='word_1_294' title='bbox 1684 2110 1751 2164; x_wconf 88' lang='lat' dir='ltr'><strong>de</strong></span> <span class='ocrx_word' id='word_1_295' title='bbox 1781 2109 1938 2163; x_wconf 83' lang='lat' dir='ltr'><strong>Patre</strong></span> <span class='ocrx_word' id='word_1_296' title='bbox 1990 2115 2043 2163; x_wconf 90' lang='lat' dir='ltr'><strong>et</strong></span> <span class='ocrx_word' id='word_1_297' title='bbox 2085 2106 2224 2162; x_wconf 85' lang='lat' dir='ltr'><strong>Filio</strong></span> <span class='ocrx_word' id='word_1_298' title='bbox 2251 2123 2403 2178; x_wconf 72' lang='lat' dir='ltr'><strong>aeque</strong></span> <span class='ocrx_word' id='word_1_299' title='bbox 2439 2108 2729 2177; x_wconf 88' lang='lat' dir='ltr'><strong>omnibus,</strong></span> <span class='ocrx_word' id='word_1_300' title='bbox 2773 2118 2969 2179; x_wconf 85' lang='lat' dir='ltr'><strong>praeter</strong></span> <span class='ocrx_word' id='word_1_301' title='bbox 3000 2123 3141 2165; x_wconf 89' lang='lat' dir='ltr'><strong>unos</strong></span> <span class='ocrx_word' id='word_1_302' title='bbox 3171 2108 3341 2179; x_wconf 86' lang='lat' dir='ltr'><strong>ipsos,</strong></span> <span class='ocrx_word' id='word_1_303' title='bbox 3363 2108 3452 2163; x_wconf 76' lang='lat' dir='ltr'><strong>ir.-</strong></span> 
     </span>
    </p>
   </div>
   <div class='ocr_carea' id='block_1_37' title="bbox 196 2198 3449 2274">
    <p class='ocr_par' dir='ltr' id='par_1_37' title="bbox 196 2198 3449 2274">
     <span class='ocr_line' id='line_1_37' title="bbox 196 2198 3449 2274; baseline 0.002 -24"><span class='ocrx_word' id='word_1_304' title='bbox 196 2198 397 2267; x_wconf 79' lang='lat' dir='ltr'><strong>cognita</strong></span> <span class='ocrx_word' id='word_1_305' title='bbox 428 2200 530 2262; x_wconf 89' lang='lat' dir='ltr'><strong>sit,</strong></span> <span class='ocrx_word' id='word_1_306' title='bbox 552 2203 710 2270; x_wconf 85' lang='lat' dir='ltr'><strong>quasi</strong></span> <span class='ocrx_word' id='word_1_307' title='bbox 744 2204 797 2257; x_wconf 91' lang='lat' dir='ltr'><strong>in</strong></span> <span class='ocrx_word' id='word_1_308' title='bbox 817 2205 1035 2260; x_wconf 89' lang='lat' dir='ltr'><strong>arcanis</strong></span> <span class='ocrx_word' id='word_1_309' title='bbox 1053 2206 1107 2268; x_wconf 85' lang='lat' dir='ltr'><strong>in</strong></span> <span class='ocrx_word' id='word_1_310' title='bbox 1134 2205 1241 2261; x_wconf 90' lang='lat' dir='ltr'><strong>illis</strong></span> <span class='ocrx_word' id='word_1_311' title='bbox 1271 2205 1581 2261; x_wconf 89' lang='lat' dir='ltr'><strong>Salomonis</strong></span> <span class='ocrx_word' id='word_1_312' title='bbox 1603 2204 1784 2259; x_wconf 86' lang='lat' dir='ltr'><strong>verbis</strong></span> <span class='ocrx_word' id='word_1_313' title='bbox 1812 2219 1932 2274; x_wconf 65' lang='lat' dir='ltr'><strong>quae</strong></span> <span class='ocrx_word' id='word_1_314' title='bbox 1971 2204 2224 2273; x_wconf 88' lang='lat' dir='ltr'><strong>superius</strong></span> <span class='ocrx_word' id='word_1_315' title='bbox 2252 2205 2630 2274; x_wconf 88' lang='lat' dir='ltr'><strong>apposuimus,</strong></span> <span class='ocrx_word' id='word_1_316' title='bbox 2662 2202 2992 2274; x_wconf 90' lang='lat' dir='ltr'><strong>Sapientiam</strong></span> <span class='ocrx_word' id='word_1_317' title='bbox 3016 2204 3205 2259; x_wconf 90' lang='lat' dir='ltr'><strong>audire</strong></span> <span class='ocrx_word' id='word_1_318' title='bbox 3232 2209 3449 2274; x_wconf 85' lang='lat' dir='ltr'><strong>oportet</strong></span> 
     </span>
    </p>
   </div>
   <div class='ocr_carea' id='block_1_38' title="bbox 196 2289 3442 2369">
    <p class='ocr_par' dir='ltr' id='par_1_38' title="bbox 196 2289 3442 2369">
     <span class='ocr_line' id='line_1_38' title="bbox 196 2289 3442 2369; baseline 0.003 -26"><span class='ocrx_word' id='word_1_319' title='bbox 196 2289 448 2347; x_wconf 89' lang='lat' dir='ltr'><strong>dicentem</strong></span> <span class='ocrx_word' id='word_1_320' title='bbox 464 2313 480 2348; x_wconf 91' lang='lat'>:</span> <span class='ocrx_word' id='word_1_321' title='bbox 500 2294 836 2367; x_wconf 72' lang='lat' dir='ltr'><strong>«Antequam</strong></span> <span class='ocrx_word' id='word_1_322' title='bbox 851 2309 1063 2354; x_wconf 88' lang='lat' dir='ltr'><strong>montes</strong></span> <span class='ocrx_word' id='word_1_323' title='bbox 1080 2300 1197 2355; x_wconf 91' lang='lat' dir='ltr'><strong>suis</strong></span> <span class='ocrx_word' id='word_1_324' title='bbox 1215 2300 1437 2356; x_wconf 89' lang='lat' dir='ltr'><strong>sedibus</strong></span> <span class='ocrx_word' id='word_1_325' title='bbox 1454 2300 1803 2355; x_wconf 83' lang='lat' dir='ltr'><strong>ﬁrmarentur</strong></span> <span class='ocrx_word' id='word_1_326' title='bbox 1830 2310 1883 2355; x_wconf 89' lang='lat' dir='ltr'><strong>et</strong></span> <span class='ocrx_word' id='word_1_327' title='bbox 1896 2298 2284 2354; x_wconf 79' lang='lat' dir='ltr'><strong>informaretur</strong></span> <span class='ocrx_word' id='word_1_328' title='bbox 2299 2308 2525 2362; x_wconf 90' lang='lat' dir='ltr'><strong>terra,et</strong></span> <span class='ocrx_word' id='word_1_329' title='bbox 2551 2307 2677 2354; x_wconf 87' lang='lat' dir='ltr'><strong>ante</strong></span> <span class='ocrx_word' id='word_1_330' title='bbox 2694 2314 2883 2354; x_wconf 89' lang='lat' dir='ltr'><strong>omnes</strong></span> <span class='ocrx_word' id='word_1_331' title='bbox 2910 2300 3096 2364; x_wconf 88' lang='lat' dir='ltr'><strong>colles,</strong></span> <span class='ocrx_word' id='word_1_332' title='bbox 3112 2299 3284 2369; x_wconf 82' lang='lat' dir='ltr'><strong>gignit</strong></span> <span class='ocrx_word' id='word_1_333' title='bbox 3300 2313 3404 2353; x_wconf 86' lang='lat' dir='ltr'><strong>me.</strong></span> <span class='ocrx_word' id='word_1_334' title='bbox 3417 2317 3442 2352; x_wconf 83' lang='grc'><strong>›</strong></span> 
     </span>
    </p>
   </div>
   <div class='ocr_carea' id='block_1_39' title="bbox 197 2385 3447 2463">
    <p class='ocr_par' dir='ltr' id='par_1_39' title="bbox 197 2385 3447 2463">
     <span class='ocr_line' id='line_1_39' title="bbox 197 2385 3447 2463; baseline 0 -20"><span class='ocrx_word' id='word_1_335' title='bbox 197 2385 340 2456; x_wconf 79' lang='lat'><strong>217</strong></span> <span class='ocrx_word' id='word_1_336' title='bbox 381 2387 477 2442; x_wconf 83' lang='lat' dir='ltr'><strong>Ait</strong></span> <span class='ocrx_word' id='word_1_337' title='bbox 519 2401 803 2460; x_wconf 66' lang='lat' dir='ltr'><strong>praeterea,</strong></span> <span class='ocrx_word' id='word_1_338' title='bbox 858 2410 918 2450; x_wconf 88' lang='lat' dir='ltr'><strong>se</strong></span> <span class='ocrx_word' id='word_1_339' title='bbox 948 2410 1058 2449; x_wconf 88' lang='lat' dir='ltr'><strong>una</strong></span> <span class='ocrx_word' id='word_1_340' title='bbox 1099 2410 1223 2449; x_wconf 90' lang='lat' dir='ltr'><strong>cum</strong></span> <span class='ocrx_word' id='word_1_341' title='bbox 1256 2394 1418 2450; x_wconf 89' lang='lat' dir='ltr'><strong>Patre</strong></span> <span class='ocrx_word' id='word_1_342' title='bbox 1452 2395 1639 2463; x_wconf 81' lang='lat' dir='ltr'><strong>fuisse,</strong></span> <span class='ocrx_word' id='word_1_343' title='bbox 1690 2410 1814 2449; x_wconf 88' lang='lat' dir='ltr'><strong>cum</strong></span> <span class='ocrx_word' id='word_1_344' title='bbox 1853 2395 2051 2449; x_wconf 70' lang='lat' dir='ltr'><strong>cmlum</strong></span> <span class='ocrx_word' id='word_1_345' title='bbox 2083 2389 2394 2448; x_wconf 84' lang='lat' dir='ltr'><strong>instrueret</strong></span> <span class='ocrx_word' id='word_1_346' title='bbox 2429 2414 2441 2447; x_wconf 89' lang='lat'><strong>:</strong></span> <span class='ocrx_word' id='word_1_347' title='bbox 2476 2414 2494 2443; x_wconf 74' lang='grc' dir='ltr'><strong>ι</strong></span> <span class='ocrx_word' id='word_1_348' title='bbox 2531 2394 2782 2460; x_wconf 85' lang='lat' dir='ltr'><strong>Quando,</strong></span> <span class='ocrx_word' id='word_1_349' title='bbox 2831 2394 3027 2462; x_wconf 88' lang='lat' dir='ltr'><strong>inquit,</strong></span> <span class='ocrx_word' id='word_1_350' title='bbox 3066 2392 3291 2462; x_wconf 84' lang='lat' dir='ltr'><strong>parabat</strong></span> <span class='ocrx_word' id='word_1_351' title='bbox 3330 2405 3447 2444; x_wconf 66' lang='lat' dir='ltr'><strong>caa-</strong></span> 
     </span>
    </p>
   </div>
   <div class='ocr_carea' id='block_1_40' title="bbox 198 2477 3444 2553">
    <p class='ocr_par' dir='ltr' id='par_1_40' title="bbox 198 2477 3444 2553">
     <span class='ocr_line' id='line_1_40' title="bbox 198 2477 3444 2553; baseline 0.001 -24"><span class='ocrx_word' id='word_1_352' title='bbox 198 2477 320 2544; x_wconf 89' lang='lat' dir='ltr'><strong>lum,</strong></span> <span class='ocrx_word' id='word_1_353' title='bbox 363 2496 478 2537; x_wconf 87' lang='lat' dir='ltr'><strong>una</strong></span> <span class='ocrx_word' id='word_1_354' title='bbox 523 2498 648 2539; x_wconf 91' lang='lat' dir='ltr'><strong>cum</strong></span> <span class='ocrx_word' id='word_1_355' title='bbox 701 2502 766 2541; x_wconf 92' lang='lat' dir='ltr'><strong>eo</strong></span> <span class='ocrx_word' id='word_1_356' title='bbox 794 2487 1032 2542; x_wconf 88' lang='lat' dir='ltr'><strong>aderam.</strong></span> <span class='ocrx_word' id='word_1_357' title='bbox 1069 2507 1087 2540; x_wconf 77' lang='grc' dir='ltr'><strong>ι</strong></span> <span class='ocrx_word' id='word_1_358' title='bbox 1126 2488 1329 2543; x_wconf 85' lang='lat' dir='ltr'><strong>Deinde</strong></span> <span class='ocrx_word' id='word_1_359' title='bbox 1357 2496 1615 2543; x_wconf 68' lang='lat' dir='ltr'><strong>aeternam</strong></span> <span class='ocrx_word' id='word_1_360' title='bbox 1652 2488 1721 2543; x_wconf 89' lang='lat' dir='ltr'><strong>ab</strong></span> <span class='ocrx_word' id='word_1_361' title='bbox 1759 2487 1988 2542; x_wconf 81' lang='lat' dir='ltr'><strong>inﬁnitis</strong></span> <span class='ocrx_word' id='word_1_362' title='bbox 2044 2486 2261 2542; x_wconf 64' lang='lat' dir='ltr'><strong>saaculis</strong></span> <span class='ocrx_word' id='word_1_363' title='bbox 2295 2502 2419 2540; x_wconf 91' lang='lat' dir='ltr'><strong>cum</strong></span> <span class='ocrx_word' id='word_1_364' title='bbox 2464 2484 2628 2540; x_wconf 90' lang='lat' dir='ltr'><strong>Patre</strong></span> <span class='ocrx_word' id='word_1_365' title='bbox 2658 2485 2994 2539; x_wconf 88' lang='lat' dir='ltr'><strong>mansionem</strong></span> <span class='ocrx_word' id='word_1_366' title='bbox 3028 2483 3319 2553; x_wconf 78' lang='lat' dir='ltr'><strong>significat,</strong></span> <span class='ocrx_word' id='word_1_367' title='bbox 3347 2479 3444 2534; x_wconf 90' lang='lat' dir='ltr'><strong>ubi</strong></span> 
     </span>
    </p>
   </div>
   <div class='ocr_carea' id='block_1_41' title="bbox 199 2572 3446 2655">
    <p class='ocr_par' dir='ltr' id='par_1_41' title="bbox 199 2572 3446 2655">
     <span class='ocr_line' id='line_1_41' title="bbox 199 2572 3446 2655; baseline 0.001 -27"><span class='ocrx_word' id='word_1_368' title='bbox 199 2572 429 2646; x_wconf 76' lang='lat' dir='ltr'><strong>adjungit</strong></span> <span class='ocrx_word' id='word_1_369' title='bbox 457 2598 476 2633; x_wconf 88' lang='lat'><strong>:</strong></span> <span class='ocrx_word' id='word_1_370' title='bbox 521 2597 540 2630; x_wconf 77' lang='grc' dir='ltr'><strong>ι</strong></span> <span class='ocrx_word' id='word_1_371' title='bbox 592 2580 753 2635; x_wconf 83' lang='lat' dir='ltr'><strong>Eram</strong></span> <span class='ocrx_word' id='word_1_372' title='bbox 784 2597 905 2636; x_wconf 88' lang='lat' dir='ltr'><strong>cum</strong></span> <span class='ocrx_word' id='word_1_373' title='bbox 957 2583 1052 2638; x_wconf 93' lang='lat' dir='ltr'><strong>illo</strong></span> <span class='ocrx_word' id='word_1_374' title='bbox 1095 2599 1451 2654; x_wconf 87' lang='lat' dir='ltr'><strong>componens,</strong></span> <span class='ocrx_word' id='word_1_375' title='bbox 1487 2599 1585 2655; x_wconf 87' lang='lat' dir='ltr'><strong>ego</strong></span> <span class='ocrx_word' id='word_1_376' title='bbox 1615 2598 1765 2639; x_wconf 88' lang='lat' dir='ltr'><strong>eram</strong></span> <span class='ocrx_word' id='word_1_377' title='bbox 1798 2582 1941 2654; x_wconf 90' lang='lat' dir='ltr'><strong>apud</strong></span> <span class='ocrx_word' id='word_1_378' title='bbox 1991 2598 2152 2652; x_wconf 88' lang='lat' dir='ltr'><strong>quam</strong></span> <span class='ocrx_word' id='word_1_379' title='bbox 2183 2583 2472 2653; x_wconf 84' lang='lat' dir='ltr'><strong>gaudebat,</strong></span> <span class='ocrx_word' id='word_1_380' title='bbox 2504 2582 2749 2653; x_wconf 91' lang='lat' dir='ltr'><strong>quotidie</strong></span> <span class='ocrx_word' id='word_1_381' title='bbox 2780 2596 2908 2636; x_wconf 86' lang='lat' dir='ltr'><strong>vero</strong></span> <span class='ocrx_word' id='word_1_382' title='bbox 2929 2580 3149 2635; x_wconf 73' lang='lat' dir='ltr'><strong>laztabar</strong></span> <span class='ocrx_word' id='word_1_383' title='bbox 3194 2579 3250 2632; x_wconf 91' lang='lat' dir='ltr'><strong>in</strong></span> <span class='ocrx_word' id='word_1_384' title='bbox 3294 2577 3446 2631; x_wconf 84' lang='lat' dir='ltr'><strong>vultu</strong></span> 
     </span>
    </p>
   </div>
   <div class='ocr_carea' id='block_1_42' title="bbox 198 2667 3447 2745">
    <p class='ocr_par' dir='ltr' id='par_1_42' title="bbox 198 2667 3447 2745">
     <span class='ocr_line' id='line_1_42' title="bbox 198 2667 3447 2745; baseline 0.002 -26"><span class='ocrx_word' id='word_1_385' title='bbox 198 2667 323 2734; x_wconf 84' lang='lat' dir='ltr'><strong>ejus.</strong></span> <span class='ocrx_word' id='word_1_386' title='bbox 356 2686 374 2719; x_wconf 72' lang='grc' dir='ltr'><strong>ι</strong></span> <span class='ocrx_word' id='word_1_387' title='bbox 418 2667 603 2724; x_wconf 85' lang='lat' dir='ltr'><strong>Porro</strong></span> <span class='ocrx_word' id='word_1_388' title='bbox 633 2681 813 2726; x_wconf 85' lang='lat' dir='ltr'><strong>autem</strong></span> <span class='ocrx_word' id='word_1_389' title='bbox 853 2673 1080 2745; x_wconf 86' lang='lat' dir='ltr'><strong>abyssos</strong></span> <span class='ocrx_word' id='word_1_390' title='bbox 1106 2685 1161 2730; x_wconf 89' lang='lat' dir='ltr'><strong>et</strong></span> <span class='ocrx_word' id='word_1_391' title='bbox 1190 2674 1365 2731; x_wconf 82' lang='lat' dir='ltr'><strong>fontes</strong></span> <span class='ocrx_word' id='word_1_392' title='bbox 1391 2689 1681 2745; x_wconf 87' lang='lat' dir='ltr'><strong>aquarum,</strong></span> <span class='ocrx_word' id='word_1_393' title='bbox 1733 2683 1786 2729; x_wconf 92' lang='lat' dir='ltr'><strong>et</strong></span> <span class='ocrx_word' id='word_1_394' title='bbox 1824 2682 2038 2729; x_wconf 86' lang='lat' dir='ltr'><strong>montes</strong></span> <span class='ocrx_word' id='word_1_395' title='bbox 2089 2682 2144 2730; x_wconf 91' lang='lat' dir='ltr'><strong>et</strong></span> <span class='ocrx_word' id='word_1_396' title='bbox 2183 2674 2374 2741; x_wconf 90' lang='lat' dir='ltr'><strong>colles,</strong></span> <span class='ocrx_word' id='word_1_397' title='bbox 2435 2681 2489 2729; x_wconf 88' lang='lat' dir='ltr'><strong>et</strong></span> <span class='ocrx_word' id='word_1_398' title='bbox 2529 2674 2637 2729; x_wconf 86' lang='lat' dir='ltr'><strong>alia</strong></span> <span class='ocrx_word' id='word_1_399' title='bbox 2678 2688 3018 2745; x_wconf 69' lang='lat' dir='ltr'><strong>quaecunque</strong></span> <span class='ocrx_word' id='word_1_400' title='bbox 3064 2669 3447 2727; x_wconf 84' lang='lat' dir='ltr'><strong>communibus</strong></span> 
     </span>
    </p>
   </div>
   <div class='ocr_carea' id='block_1_43' title="bbox 199 2761 3445 2836">
    <p class='ocr_par' dir='ltr' id='par_1_43' title="bbox 199 2761 3445 2836">
     <span class='ocr_line' id='line_1_43' title="bbox 199 2761 3445 2836; baseline 0.002 -25"><span class='ocrx_word' id='word_1_401' title='bbox 199 2761 364 2816; x_wconf 81' lang='lat' dir='ltr'><strong>verbis</strong></span> <span class='ocrx_word' id='word_1_402' title='bbox 393 2763 505 2818; x_wconf 84' lang='lat' dir='ltr'><strong>hoc</strong></span> <span class='ocrx_word' id='word_1_403' title='bbox 550 2765 604 2818; x_wconf 92' lang='lat' dir='ltr'><strong>in</strong></span> <span class='ocrx_word' id='word_1_404' title='bbox 636 2765 757 2819; x_wconf 92' lang='lat' dir='ltr'><strong>loco</strong></span> <span class='ocrx_word' id='word_1_405' title='bbox 794 2767 1141 2821; x_wconf 85' lang='lat' dir='ltr'><strong>denominata</strong></span> <span class='ocrx_word' id='word_1_406' title='bbox 1182 2775 1330 2831; x_wconf 86' lang='lat' dir='ltr'><strong>sunt,</strong></span> <span class='ocrx_word' id='word_1_407' title='bbox 1385 2774 1477 2820; x_wconf 89' lang='lat' dir='ltr'><strong>aut</strong></span> <span class='ocrx_word' id='word_1_408' title='bbox 1505 2765 1572 2821; x_wconf 89' lang='lat' dir='ltr'><strong>de</strong></span> <span class='ocrx_word' id='word_1_409' title='bbox 1601 2766 1791 2822; x_wconf 90' lang='lat' dir='ltr'><strong>mundi</strong></span> <span class='ocrx_word' id='word_1_410' title='bbox 1830 2769 2240 2831; x_wconf 90' lang='lat' dir='ltr'><strong>constitutione,</strong></span> <span class='ocrx_word' id='word_1_411' title='bbox 2277 2768 2351 2821; x_wconf 88' lang='lat' dir='ltr'><strong>ita</strong></span> <span class='ocrx_word' id='word_1_412' title='bbox 2400 2768 2651 2836; x_wconf 88' lang='lat' dir='ltr'><strong>accipere</strong></span> <span class='ocrx_word' id='word_1_413' title='bbox 2680 2773 2910 2836; x_wconf 89' lang='lat' dir='ltr'><strong>oportet,</strong></span> <span class='ocrx_word' id='word_1_414' title='bbox 2944 2772 3002 2819; x_wconf 87' lang='lat' dir='ltr'><strong>ut</strong></span> <span class='ocrx_word' id='word_1_415' title='bbox 3029 2780 3059 2818; x_wconf 89' lang='lat' dir='ltr'><strong>a</strong></span> <span class='ocrx_word' id='word_1_416' title='bbox 3089 2772 3240 2835; x_wconf 85' lang='lat' dir='ltr'><strong>parte</strong></span> <span class='ocrx_word' id='word_1_417' title='bbox 3270 2773 3445 2819; x_wconf 91' lang='lat' dir='ltr'><strong>totum</strong></span> 
     </span>
    </p>
   </div>
   <div class='ocr_carea' id='block_1_44' title="bbox 199 2854 3448 2932">
    <p class='ocr_par' dir='ltr' id='par_1_44' title="bbox 199 2854 3448 2932">
     <span class='ocr_line' id='line_1_44' title="bbox 199 2854 3448 2932; baseline 0.002 -24"><span class='ocrx_word' id='word_1_418' title='bbox 199 2854 562 2928; x_wconf 82' lang='lat' dir='ltr'><strong>intelligatur,</strong></span> <span class='ocrx_word' id='word_1_419' title='bbox 620 2872 713 2915; x_wconf 89' lang='lat' dir='ltr'><strong>aut</strong></span> <span class='ocrx_word' id='word_1_420' title='bbox 757 2862 865 2915; x_wconf 94' lang='lat' dir='ltr'><strong>alio</strong></span> <span class='ocrx_word' id='word_1_421' title='bbox 906 2878 1101 2932; x_wconf 81' lang='lat' dir='ltr'><strong>genere</strong></span> <span class='ocrx_word' id='word_1_422' title='bbox 1155 2862 1337 2931; x_wconf 63' lang='lat' dir='ltr'><strong>ﬁgura:</strong></span> <span class='ocrx_word' id='word_1_423' title='bbox 1384 2862 1754 2931; x_wconf 87' lang='lat' dir='ltr'><strong>interpretari,</strong></span> <span class='ocrx_word' id='word_1_424' title='bbox 1824 2861 2205 2916; x_wconf 83' lang='lat' dir='ltr'><strong>transferendo</strong></span> <span class='ocrx_word' id='word_1_425' title='bbox 2252 2860 2557 2930; x_wconf 70' lang='lat' dir='ltr'><strong>significata</strong></span> <span class='ocrx_word' id='word_1_426' title='bbox 2593 2876 2780 2914; x_wconf 88' lang='lat' dir='ltr'><strong>eorum</strong></span> <span class='ocrx_word' id='word_1_427' title='bbox 2830 2859 2896 2912; x_wconf 91' lang='lat' dir='ltr'><strong>ad</strong></span> <span class='ocrx_word' id='word_1_428' title='bbox 2940 2858 3308 2927; x_wconf 88' lang='lat' dir='ltr'><strong>intelligibiles</strong></span> <span class='ocrx_word' id='word_1_429' title='bbox 3357 2874 3448 2913; x_wconf 89' lang='lat' dir='ltr'><strong>es-</strong></span> 
     </span>
    </p>
   </div>
   <div class='ocr_carea' id='block_1_45' title="bbox 201 2952 3448 3027">
    <p class='ocr_par' dir='ltr' id='par_1_45' title="bbox 201 2952 3448 3027">
     <span class='ocr_line' id='line_1_45' title="bbox 201 2952 3448 3027; baseline 0.002 -27"><span class='ocrx_word' id='word_1_430' title='bbox 201 2952 410 3016; x_wconf 87' lang='lat' dir='ltr'><strong>sentias,</strong></span> <span class='ocrx_word' id='word_1_431' title='bbox 462 2962 875 3024; x_wconf 87' lang='lat' dir='ltr'><strong>potestatesque</strong></span> <span class='ocrx_word' id='word_1_432' title='bbox 923 2957 1136 3011; x_wconf 88' lang='lat' dir='ltr'><strong>divinas</strong></span> <span class='ocrx_word' id='word_1_433' title='bbox 1183 2972 1196 3008; x_wconf 92' lang='lat'><strong>:</strong></span> <span class='ocrx_word' id='word_1_434' title='bbox 1240 2972 1376 3027; x_wconf 87' lang='lat' dir='ltr'><strong>quas</strong></span> <span class='ocrx_word' id='word_1_435' title='bbox 1419 2972 1608 3011; x_wconf 89' lang='lat' dir='ltr'><strong>omnes</strong></span> <span class='ocrx_word' id='word_1_436' title='bbox 1653 2968 1775 3012; x_wconf 86' lang='lat' dir='ltr'><strong>ortu</strong></span> <span class='ocrx_word' id='word_1_437' title='bbox 1833 2972 1934 3012; x_wconf 88' lang='lat' dir='ltr'><strong>suo</strong></span> <span class='ocrx_word' id='word_1_438' title='bbox 1980 2957 2254 3011; x_wconf 89' lang='lat' dir='ltr'><strong>antecedit</strong></span> <span class='ocrx_word' id='word_1_439' title='bbox 2298 2956 2598 3025; x_wconf 85' lang='lat' dir='ltr'><strong>Sapientia,</strong></span> <span class='ocrx_word' id='word_1_440' title='bbox 2653 2955 2960 3025; x_wconf 82' lang='lat' dir='ltr'><strong>quibusque</strong></span> <span class='ocrx_word' id='word_1_441' title='bbox 3004 2953 3256 3008; x_wconf 88' lang='lat' dir='ltr'><strong>omnibus</strong></span> <span class='ocrx_word' id='word_1_442' title='bbox 3305 2952 3448 3006; x_wconf 85' lang='lat' dir='ltr'><strong>anti-</strong></span> 
     </span>
    </p>
   </div>
   <div class='ocr_carea' id='block_1_46' title="bbox 201 3043 3439 3121">
    <p class='ocr_par' dir='ltr' id='par_1_46' title="bbox 201 3043 3439 3121">
     <span class='ocr_line' id='line_1_46' title="bbox 201 3043 3439 3121; baseline 0.001 -28"><span class='ocrx_word' id='word_1_443' title='bbox 201 3043 348 3109; x_wconf 83' lang='lat' dir='ltr'><strong>quius</strong></span> <span class='ocrx_word' id='word_1_444' title='bbox 394 3047 613 3100; x_wconf 78' lang='lat' dir='ltr'><strong>exstitit</strong></span> <span class='ocrx_word' id='word_1_445' title='bbox 665 3049 907 3111; x_wconf 84' lang='lat' dir='ltr'><strong>unicum,</strong></span> <span class='ocrx_word' id='word_1_446' title='bbox 948 3049 1232 3119; x_wconf 89' lang='lat' dir='ltr'><strong>primoque</strong></span> <span class='ocrx_word' id='word_1_447' title='bbox 1293 3050 1532 3121; x_wconf 89' lang='lat' dir='ltr'><strong>genitum</strong></span> <span class='ocrx_word' id='word_1_448' title='bbox 1585 3049 1679 3104; x_wconf 88' lang='lat' dir='ltr'><strong>Dei</strong></span> <span class='ocrx_word' id='word_1_449' title='bbox 1729 3049 1990 3114; x_wconf 81' lang='lat' dir='ltr'><strong>Verbum,</strong></span> <span class='ocrx_word' id='word_1_450' title='bbox 2032 3066 2192 3121; x_wconf 88' lang='lat' dir='ltr'><strong>quem</strong></span> <span class='ocrx_word' id='word_1_451' title='bbox 2235 3066 2334 3105; x_wconf 86' lang='lat' dir='ltr'><strong>nos</strong></span> <span class='ocrx_word' id='word_1_452' title='bbox 2380 3049 2659 3103; x_wconf 86' lang='lat' dir='ltr'><strong>Christum</strong></span> <span class='ocrx_word' id='word_1_453' title='bbox 2715 3049 2988 3118; x_wconf 85' lang='lat' dir='ltr'><strong>appellare</strong></span> <span class='ocrx_word' id='word_1_454' title='bbox 3032 3045 3439 3109; x_wconf 86' lang='lat' dir='ltr'><strong>consuevimus,</strong></span> 
     </span>
    </p>
   </div>
   <div class='ocr_carea' id='block_1_47' title="bbox 201 3136 3442 3210">
    <p class='ocr_par' dir='ltr' id='par_1_47' title="bbox 201 3136 3442 3210">
     <span class='ocr_line' id='line_1_47' title="bbox 201 3136 3442 3210; baseline -0 -21"><span class='ocrx_word' id='word_1_455' title='bbox 201 3136 364 3190; x_wconf 86' lang='lat' dir='ltr'><strong>edocti</strong></span> <span class='ocrx_word' id='word_1_456' title='bbox 414 3153 448 3191; x_wconf 90' lang='lat' dir='ltr'><strong>a</strong></span> <span class='ocrx_word' id='word_1_457' title='bbox 491 3141 754 3206; x_wconf 83' lang='lat' dir='ltr'><strong>magistro</strong></span> <span class='ocrx_word' id='word_1_458' title='bbox 780 3141 1036 3210; x_wconf 87' lang='lat' dir='ltr'><strong>Apostolo</strong></span> <span class='ocrx_word' id='word_1_459' title='bbox 1102 3142 1353 3196; x_wconf 85' lang='lat' dir='ltr'><strong>dicente:</strong></span> <span class='ocrx_word' id='word_1_460' title='bbox 1388 3159 1406 3192; x_wconf 86' lang='grc' dir='ltr'><strong>ι</strong></span> <span class='ocrx_word' id='word_1_461' title='bbox 1443 3141 1693 3197; x_wconf 85' lang='lat' dir='ltr'><strong>Christus</strong></span> <span class='ocrx_word' id='word_1_462' title='bbox 1734 3141 1827 3197; x_wconf 90' lang='lat' dir='ltr'><strong>Dei</strong></span> <span class='ocrx_word' id='word_1_463' title='bbox 1861 3143 2036 3197; x_wconf 85' lang='lat' dir='ltr'><strong>virtus</strong></span> <span class='ocrx_word' id='word_1_464' title='bbox 2089 3150 2143 3197; x_wconf 88' lang='lat' dir='ltr'><strong>et</strong></span> <span class='ocrx_word' id='word_1_465' title='bbox 2200 3139 2295 3196; x_wconf 88' lang='lat' dir='ltr'><strong>Dei</strong></span> <span class='ocrx_word' id='word_1_466' title='bbox 2349 3140 2677 3210; x_wconf 54' lang='lat' dir='ltr'><strong>sapientiai.</strong></span> <span class='ocrx_word' id='word_1_467' title='bbox 2724 3158 2742 3191; x_wconf 73' lang='grc' dir='ltr'><strong>ι</strong></span> <span class='ocrx_word' id='word_1_468' title='bbox 2781 3136 2886 3192; x_wconf 89' lang='lat' dir='ltr'><strong>Sed</strong></span> <span class='ocrx_word' id='word_1_469' title='bbox 2940 3137 3028 3191; x_wconf 91' lang='lat' dir='ltr'><strong>hic</strong></span> <span class='ocrx_word' id='word_1_470' title='bbox 3079 3136 3442 3207; x_wconf 80' lang='lat' dir='ltr'><strong>appellatione</strong></span> 
     </span>
    </p>
   </div>
   <div class='ocr_carea' id='block_1_48' title="bbox 204 3227 3443 3310">
    <p class='ocr_par' dir='ltr' id='par_1_48' title="bbox 204 3227 3443 3310">
     <span class='ocr_line' id='line_1_48' title="bbox 204 3227 3443 3310; baseline 0.001 -27"><span class='ocrx_word' id='word_1_471' title='bbox 204 3227 488 3300; x_wconf 72' lang='lat' dir='ltr'><strong>Sapientiae</strong></span> <span class='ocrx_word' id='word_1_472' title='bbox 526 3235 719 3289; x_wconf 89' lang='lat' dir='ltr'><strong>merito</strong></span> <span class='ocrx_word' id='word_1_473' title='bbox 753 3245 978 3292; x_wconf 86' lang='lat' dir='ltr'><strong>vocatus</strong></span> <span class='ocrx_word' id='word_1_474' title='bbox 1003 3246 1087 3292; x_wconf 87' lang='lat' dir='ltr'><strong>est</strong></span> <span class='ocrx_word' id='word_1_475' title='bbox 1119 3236 1286 3309; x_wconf 84' lang='lat' dir='ltr'><strong>[sicut</strong></span> <span class='ocrx_word' id='word_1_476' title='bbox 1339 3238 1510 3293; x_wconf 90' lang='lat' dir='ltr'><strong>solius</strong></span> <span class='ocrx_word' id='word_1_477' title='bbox 1537 3239 1801 3310; x_wconf 87' lang='lat' dir='ltr'><strong>sapientis</strong></span> <span class='ocrx_word' id='word_1_478' title='bbox 1834 3238 2033 3305; x_wconf 84' lang='lat' dir='ltr'><strong>Patris,</strong></span> <span class='ocrx_word' id='word_1_479' title='bbox 2071 3238 2508 3308; x_wconf 88' lang='lat' dir='ltr'><strong>sapientissimas</strong></span> <span class='ocrx_word' id='word_1_480' title='bbox 2563 3244 2617 3290; x_wconf 94' lang='lat' dir='ltr'><strong>ct</strong></span> <span class='ocrx_word' id='word_1_481' title='bbox 2664 3235 2903 3290; x_wconf 75' lang='lat' dir='ltr'><strong>scientia:</strong></span> <span class='ocrx_word' id='word_1_482' title='bbox 2935 3240 3189 3302; x_wconf 84' lang='lat' dir='ltr'><strong>parentes</strong></span> <span class='ocrx_word' id='word_1_483' title='bbox 3223 3232 3443 3287; x_wconf 86' lang='lat' dir='ltr'><strong>univer-</strong></span> 
     </span>
    </p>
   </div>
   <div class='ocr_carea' id='block_1_49' title="bbox 205 3328 1473 3400">
    <p class='ocr_par' dir='ltr' id='par_1_49' title="bbox 205 3328 1473 3400">
     <span class='ocr_line' id='line_1_49' title="bbox 205 3328 1473 3400; baseline 0.006 -23"><span class='ocrx_word' id='word_1_484' title='bbox 205 3338 371 3379; x_wconf 86' lang='lat' dir='ltr'><strong>sorum</strong></span> <span class='ocrx_word' id='word_1_485' title='bbox 402 3328 988 3400; x_wconf 77' lang='lat' dir='ltr'><strong>contemplationes]...</strong></span> <span class='ocrx_word' id='word_1_486' title='bbox 1021 3328 1239 3398; x_wconf 79' lang='lat' dir='ltr'><strong>Reliqua</strong></span> <span class='ocrx_word' id='word_1_487' title='bbox 1267 3328 1473 3385; x_wconf 80' lang='lat' dir='ltr'><strong>desunt.</strong></span> 
     </span>
    </p>
   </div>
   <div class='ocr_carea' id='block_1_50' title="bbox 722 3411 2254 3483">
    <p class='ocr_par' dir='ltr' id='par_1_50' title="bbox 722 3419 1839 3483">
     <span class='ocr_line' id='line_1_50' title="bbox 722 3419 1839 3483; baseline 0.011 -12"><span class='ocrx_word' id='word_1_488' title='bbox 722 3419 1113 3473; x_wconf 78' lang='grc' dir='ltr'><strong>ΚΕΦΑΛΑΙΟΝ</strong></span> <span class='ocrx_word' id='word_1_489' title='bbox 1163 3420 1237 3473; x_wconf 86' lang='grc' dir='ltr'><strong>Β’.</strong></span> <span class='ocrx_word' id='word_1_490' title='bbox 1795 3427 1839 3483; x_wconf 88' lang='grc' dir='ltr'><strong>Β</strong></span> 
     </span>
    </p>
   </div>
   <div class='ocr_carea' id='block_1_51' title="bbox 1293 3411 2825 3483">
    <p class='ocr_par' dir='ltr' id='par_1_51' title="bbox 1795 3411 2825 3483">
     <span class='ocr_line' id='line_1_51' title="bbox 1795 3411 2825 3483; baseline -0.007 -12"><span class='ocrx_word' id='word_1_491' title='bbox 1795 3427 1839 3483; x_wconf 82' lang='grc' dir='ltr'><strong>Β</strong></span> <span class='ocrx_word' id='word_1_492' title='bbox 2488 3411 2717 3466; x_wconf 86' lang='lat' dir='ltr'><strong>CAPUT</strong></span> <span class='ocrx_word' id='word_1_493' title='bbox 2761 3411 2825 3466; x_wconf 87' lang='lat' dir='ltr'><strong>ll.</strong></span> 
     </span>
    </p>
   </div>
   <div class='ocr_carea' id='block_1_52' title="bbox 781 3503 2313 3583">
    <p class='ocr_par' dir='ltr' id='par_1_52' title="bbox 781 3510 1190 3583">
     <span class='ocr_line' id='line_1_52' title="bbox 781 3510 1190 3583; baseline 0.005 -20"><span class='ocrx_word' id='word_1_494' title='bbox 781 3510 1190 3583; x_wconf 56' lang='grc' dir='ltr'><strong>(Ἀκέφαλον.)</strong></span> 
     </span>
    </p>
   </div>
   <div class='ocr_carea' id='block_1_53' title="bbox 1374 3503 2906 3583">
    <p class='ocr_par' dir='ltr' id='par_1_53' title="bbox 2428 3503 2906 3575">
     <span class='ocr_line' id='line_1_53' title="bbox 2428 3503 2906 3575; baseline -0.006 -16"><span class='ocrx_word' id='word_1_495' title='bbox 2428 3503 2575 3575; x_wconf 85' lang='lat' dir='ltr'><strong>(Sine</strong></span> <span class='ocrx_word' id='word_1_496' title='bbox 2606 3503 2906 3573; x_wconf 74' lang='lat' dir='ltr'><strong>principio.)</strong></span> 
     </span>
    </p>
   </div>
   <div class='ocr_carea' id='block_1_54' title="bbox 277 3594 1809 3675">
    <p class='ocr_par' dir='ltr' id='par_1_54' title="bbox 277 3599 1770 3675">
     <span class='ocr_line' id='line_1_54' title="bbox 277 3599 1770 3675; baseline 0.003 -23"><span class='ocrx_word' id='word_1_497' title='bbox 277 3599 360 3652; x_wconf 86' lang='grc' dir='ltr'><strong>Ἑν</strong></span> <span class='ocrx_word' id='word_1_498' title='bbox 408 3600 465 3654; x_wconf 81' lang='grc' dir='ltr'><strong>δὲ</strong></span> <span class='ocrx_word' id='word_1_499' title='bbox 504 3600 581 3671; x_wconf 85' lang='grc' dir='ltr'><strong>τῷ</strong></span> <span class='ocrx_word' id='word_1_500' title='bbox 620 3600 856 3672; x_wconf 81' lang='grc' dir='ltr'><strong>δευτέρῳ</strong></span> <span class='ocrx_word' id='word_1_501' title='bbox 904 3604 1166 3674; x_wconf 84' lang='grc' dir='ltr'><strong>σκήπτρῳ</strong></span> <span class='ocrx_word' id='word_1_502' title='bbox 1211 3603 1471 3675; x_wconf 80' lang='grc' dir='ltr'><strong>βασιλικῷ</strong></span> <span class='ocrx_word' id='word_1_503' title='bbox 1506 3605 1679 3675; x_wconf 79' lang='grc' dir='ltr'><strong>τιμᾷ’</strong></span> <span class='ocrx_word' id='word_1_504' title='bbox 1712 3605 1770 3656; x_wconf 84' lang='grc' dir='ltr'><strong>ὲν</strong></span> 
     </span>
    </p>
   </div>
   <div class='ocr_carea' id='block_1_55' title="bbox 1905 3594 3437 3675">
    <p class='ocr_par' dir='ltr' id='par_1_55' title="bbox 1938 3594 3437 3665">
     <span class='ocr_line' id='line_1_55' title="bbox 1938 3594 3437 3665; baseline 0.004 -16"><span class='ocrx_word' id='word_1_505' title='bbox 1938 3594 1998 3650; x_wconf 90' lang='lat' dir='ltr'><strong>In</strong></span> <span class='ocrx_word' id='word_1_506' title='bbox 2031 3597 2273 3652; x_wconf 85' lang='lat' dir='ltr'><strong>secundo</strong></span> <span class='ocrx_word' id='word_1_507' title='bbox 2299 3605 2501 3659; x_wconf 91' lang='lat' dir='ltr'><strong>autem,</strong></span> <span class='ocrx_word' id='word_1_508' title='bbox 2534 3597 2736 3665; x_wconf 90' lang='lat' dir='ltr'><strong>sceptri</strong></span> <span class='ocrx_word' id='word_1_509' title='bbox 2769 3596 2966 3665; x_wconf 85' lang='lat' dir='ltr'><strong>regalis</strong></span> <span class='ocrx_word' id='word_1_510' title='bbox 2993 3598 3199 3653; x_wconf 88' lang='lat' dir='ltr'><strong>honore</strong></span> <span class='ocrx_word' id='word_1_511' title='bbox 3230 3597 3437 3655; x_wconf 85' lang='lat' dir='ltr'><strong>donat:</strong></span> 
     </span>
    </p>
   </div>
   <div class='ocr_carea' id='block_1_56' title="bbox 208 3686 1740 3767">
    <p class='ocr_par' dir='ltr' id='par_1_56' title="bbox 208 3686 1738 3764">
     <span class='ocr_line' id='line_1_56' title="bbox 208 3686 1738 3764; baseline 0.003 -23"><span class='ocrx_word' id='word_1_512' title='bbox 208 3686 257 3740; x_wconf 77' lang='grc' dir='ltr'><strong>δὲ</strong></span> <span class='ocrx_word' id='word_1_513' title='bbox 278 3690 351 3760; x_wconf 83' lang='grc' dir='ltr'><strong>τῷ</strong></span> <span class='ocrx_word' id='word_1_514' title='bbox 384 3691 586 3761; x_wconf 80' lang='grc' dir='ltr'><strong>τρίτῳ,</strong></span> <span class='ocrx_word' id='word_1_515' title='bbox 612 3691 709 3761; x_wconf 80' lang='grc' dir='ltr'><strong>τὴν</strong></span> <span class='ocrx_word' id='word_1_516' title='bbox 745 3693 862 3744; x_wconf 85' lang='grc' dir='ltr'><strong>κατ’</strong></span> <span class='ocrx_word' id='word_1_517' title='bbox 894 3691 1091 3763; x_wconf 79' lang='grc' dir='ltr'><strong>ἀρετὴν</strong></span> <span class='ocrx_word' id='word_1_518' title='bbox 1126 3691 1272 3763; x_wconf 79' lang='grc' dir='ltr'><strong>αὐτῷ</strong></span> <span class='ocrx_word' id='word_1_519' title='bbox 1315 3692 1589 3746; x_wconf 79' lang='grc' dir='ltr'><strong>τελείωσιν</strong></span> <span class='ocrx_word' id='word_1_520' title='bbox 1629 3709 1738 3764; x_wconf 87' lang='grc' dir='ltr'><strong>μαρ</strong></span> 
     </span>
    </p>
   </div>
   <div class='ocr_carea' id='block_1_57' title="bbox 1909 3686 3441 3767">
    <p class='ocr_par' dir='ltr' id='par_1_57' title="bbox 1909 3686 3441 3757">
     <span class='ocr_line' id='line_1_57' title="bbox 1909 3686 3441 3757; baseline 0.001 -16"><span class='ocrx_word' id='word_1_521' title='bbox 1909 3703 1927 3741; x_wconf 81' lang='grc' dir='ltr'><strong>ι</strong></span> <span class='ocrx_word' id='word_1_522' title='bbox 1955 3689 2116 3743; x_wconf 85' lang='lat' dir='ltr'><strong>tertio</strong></span> <span class='ocrx_word' id='word_1_523' title='bbox 2139 3702 2267 3742; x_wconf 90' lang='lat' dir='ltr'><strong>vero</strong></span> <span class='ocrx_word' id='word_1_524' title='bbox 2299 3686 2552 3757; x_wconf 67' lang='lat' dir='ltr'><strong>perfectae</strong></span> <span class='ocrx_word' id='word_1_525' title='bbox 2584 3686 2801 3741; x_wconf 88' lang='lat' dir='ltr'><strong>virtutis</strong></span> <span class='ocrx_word' id='word_1_526' title='bbox 2820 3688 2895 3740; x_wconf 91' lang='lat' dir='ltr'><strong>illi</strong></span> <span class='ocrx_word' id='word_1_527' title='bbox 2918 3688 3011 3740; x_wconf 89' lang='lat' dir='ltr'><strong>dat</strong></span> <span class='ocrx_word' id='word_1_528' title='bbox 3030 3689 3401 3744; x_wconf 89' lang='lat' dir='ltr'><strong>testimonium</strong></span> <span class='ocrx_word' id='word_1_529' title='bbox 3421 3733 3441 3757; x_wconf 84' lang='grc'><strong>,</strong></span> 
     </span>
    </p>
   </div>
   <div class='ocr_carea' id='block_1_58' title="bbox 206 3776 1738 3854">
    <p class='ocr_par' dir='ltr' id='par_1_58' title="bbox 206 3778 1738 3854">
     <span class='ocr_line' id='line_1_58' title="bbox 206 3778 1738 3854; baseline 0.003 -22"><span class='ocrx_word' id='word_1_530' title='bbox 206 3786 374 3852; x_wconf 80' lang='grc' dir='ltr'><strong>τυρεῖ·</strong></span> <span class='ocrx_word' id='word_1_531' title='bbox 414 3778 513 3835; x_wconf 79' lang='grc' dir='ltr'><strong>εἶτ’</strong></span> <span class='ocrx_word' id='word_1_532' title='bbox 546 3784 639 3835; x_wconf 77' lang='grc' dir='ltr'><strong>ἐπὶ</strong></span> <span class='ocrx_word' id='word_1_533' title='bbox 667 3783 874 3847; x_wconf 74' lang='grc' dir='ltr'><strong>τούτοις</strong></span> <span class='ocrx_word' id='word_1_534' title='bbox 902 3785 1061 3837; x_wconf 75' lang='grc' dir='ltr'><strong>αὑτὸν</strong></span> <span class='ocrx_word' id='word_1_535' title='bbox 1090 3784 1154 3854; x_wconf 81' lang='grc' dir='ltr'><strong>δὴ</strong></span> <span class='ocrx_word' id='word_1_536' title='bbox 1186 3785 1371 3838; x_wconf 87' lang='grc' dir='ltr'><strong>τοῦτον</strong></span> <span class='ocrx_word' id='word_1_537' title='bbox 1400 3785 1491 3837; x_wconf 82' lang='grc' dir='ltr'><strong>τὸν</strong></span> <span class='ocrx_word' id='word_1_538' title='bbox 1516 3785 1645 3837; x_wconf 84' lang='grc' dir='ltr'><strong>Θεὸν</strong></span> <span class='ocrx_word' id='word_1_539' title='bbox 1678 3802 1738 3839; x_wconf 86' lang='grc' dir='ltr'><strong>κα</strong></span> 
     </span>
    </p>
   </div>
   <div class='ocr_carea' id='block_1_59' title="bbox 1908 3776 3440 3854">
    <p class='ocr_par' dir='ltr' id='par_1_59' title="bbox 1908 3776 3440 3849">
     <span class='ocr_line' id='line_1_59' title="bbox 1908 3776 3440 3849; baseline 0.001 -17"><span class='ocrx_word' id='word_1_540' title='bbox 1908 3786 2057 3832; x_wconf 88' lang='lat' dir='ltr'><strong>ostca</strong></span> <span class='ocrx_word' id='word_1_541' title='bbox 2098 3780 2275 3847; x_wconf 90' lang='lat' dir='ltr'><strong>ipsum</strong></span> <span class='ocrx_word' id='word_1_542' title='bbox 2316 3779 2460 3831; x_wconf 88' lang='lat' dir='ltr'><strong>hunc</strong></span> <span class='ocrx_word' id='word_1_543' title='bbox 2493 3792 2657 3846; x_wconf 92' lang='lat' dir='ltr'><strong>super</strong></span> <span class='ocrx_word' id='word_1_544' title='bbox 2689 3777 2756 3832; x_wconf 90' lang='lat' dir='ltr'><strong>iis</strong></span> <span class='ocrx_word' id='word_1_545' title='bbox 2786 3784 2841 3832; x_wconf 90' lang='lat' dir='ltr'><strong>et</strong></span> <span class='ocrx_word' id='word_1_546' title='bbox 2870 3776 3039 3832; x_wconf 89' lang='lat' dir='ltr'><strong>Deum</strong></span> <span class='ocrx_word' id='word_1_547' title='bbox 3070 3787 3124 3833; x_wconf 90' lang='lat' dir='ltr'><strong>et</strong></span> <span class='ocrx_word' id='word_1_548' title='bbox 3170 3793 3373 3849; x_wconf 82' lang='lat' dir='ltr'><strong>regem,</strong></span> <span class='ocrx_word' id='word_1_549' title='bbox 3408 3794 3440 3834; x_wconf 85' lang='lat' dir='ltr'><strong>a</strong></span> 
     </span>
    </p>
   </div>
   <div class='ocr_carea' id='block_1_60' title="bbox 210 3868 1742 3947">
    <p class='ocr_par' dir='ltr' id='par_1_60' title="bbox 210 3871 1742 3947">
     <span class='ocr_line' id='line_1_60' title="bbox 210 3871 1742 3947; baseline 0.003 -23"><span class='ocrx_word' id='word_1_550' title='bbox 210 3871 421 3940; x_wconf 81' lang='grc' dir='ltr'><strong>βασιλέα</strong></span> <span class='ocrx_word' id='word_1_551' title='bbox 446 3874 728 3945; x_wconf 80' lang='grc' dir='ltr'><strong>κεχρίσθαι</strong></span> <span class='ocrx_word' id='word_1_552' title='bbox 759 3876 893 3947; x_wconf 82' lang='grc' dir='ltr'><strong>πρὸς</strong></span> <span class='ocrx_word' id='word_1_553' title='bbox 923 3876 1017 3929; x_wconf 86' lang='grc' dir='ltr'><strong>τοῦ</strong></span> <span class='ocrx_word' id='word_1_554' title='bbox 1051 3877 1323 3931; x_wconf 81' lang='grc' dir='ltr'><strong>ἁνωτάτου</strong></span> <span class='ocrx_word' id='word_1_555' title='bbox 1350 3876 1588 3930; x_wconf 78' lang='grc' dir='ltr'><strong>διδάσκει</strong></span> <span class='ocrx_word' id='word_1_556' title='bbox 1612 3874 1742 3929; x_wconf 86' lang='grc' dir='ltr'><strong>Θεοῦ</strong></span> 
     </span>
    </p>
   </div>
   <div class='ocr_carea' id='block_1_61' title="bbox 1907 3868 3439 3947">
    <p class='ocr_par' dir='ltr' id='par_1_61' title="bbox 1907 3868 3439 3938">
     <span class='ocr_line' id='line_1_61' title="bbox 1907 3868 3439 3938; baseline 0.001 -15"><span class='ocrx_word' id='word_1_557' title='bbox 1907 3886 2128 3938; x_wconf 90' lang='lat' dir='ltr'><strong>upremo</strong></span> <span class='ocrx_word' id='word_1_558' title='bbox 2186 3869 2296 3924; x_wconf 90' lang='lat' dir='ltr'><strong>Deo</strong></span> <span class='ocrx_word' id='word_1_559' title='bbox 2355 3876 2581 3924; x_wconf 90' lang='lat' dir='ltr'><strong>unctum</strong></span> <span class='ocrx_word' id='word_1_560' title='bbox 2634 3885 2754 3925; x_wconf 88' lang='lat' dir='ltr'><strong>esse</strong></span> <span class='ocrx_word' id='word_1_561' title='bbox 2800 3868 2979 3937; x_wconf 86' lang='lat' dir='ltr'><strong>docet,</strong></span> <span class='ocrx_word' id='word_1_562' title='bbox 3016 3877 3069 3925; x_wconf 92' lang='lat' dir='ltr'><strong>et</strong></span> <span class='ocrx_word' id='word_1_563' title='bbox 3118 3885 3181 3925; x_wconf 90' lang='lat' dir='ltr'><strong>ea</strong></span> <span class='ocrx_word' id='word_1_564' title='bbox 3227 3871 3439 3926; x_wconf 83' lang='lat' dir='ltr'><strong>ratione</strong></span> 
     </span>
    </p>
   </div>
   <div class='ocr_carea' id='block_1_62' title="bbox 212 3959 1744 4041">
    <p class='ocr_par' dir='ltr' id='par_1_62' title="bbox 212 3965 1740 4041">
     <span class='ocr_line' id='line_1_62' title="bbox 212 3965 1740 4041; baseline 0.003 -26"><span class='ocrx_word' id='word_1_565' title='bbox 212 3965 291 4016; x_wconf 67' lang='lat' dir='ltr'><strong>mi.</strong></span> <span class='ocrx_word' id='word_1_566' title='bbox 310 3965 487 4038; x_wconf 79' lang='grc' dir='ltr'><strong>ταύτῃ</strong></span> <span class='ocrx_word' id='word_1_567' title='bbox 520 3983 583 4035; x_wconf 83' lang='grc' dir='ltr'><strong>γε</strong></span> <span class='ocrx_word' id='word_1_568' title='bbox 616 3968 848 4038; x_wconf 81' lang='grc' dir='ltr'><strong>Χριστὸν</strong></span> <span class='ocrx_word' id='word_1_569' title='bbox 879 3969 1172 4037; x_wconf 85' lang='grc' dir='ltr'><strong>γεγονέναι.</strong></span> <span class='ocrx_word' id='word_1_570' title='bbox 1211 3968 1275 4020; x_wconf 89' lang='grc' dir='ltr'>Τί</span> <span class='ocrx_word' id='word_1_571' title='bbox 1299 3968 1406 4041; x_wconf 80' lang='grc' dir='ltr'><strong>γὰρ</strong></span> <span class='ocrx_word' id='word_1_572' title='bbox 1438 3968 1504 4021; x_wconf 84' lang='grc' dir='ltr'><strong>ἂν</strong></span> <span class='ocrx_word' id='word_1_573' title='bbox 1532 3968 1625 4021; x_wconf 76' lang='grc' dir='ltr'><strong>καὶ</strong></span> <span class='ocrx_word' id='word_1_574' title='bbox 1653 3968 1740 4019; x_wconf 77' lang='grc' dir='ltr'><strong>ὀνο</strong></span> 
     </span>
    </p>
   </div>
   <div class='ocr_carea' id='block_1_63' title="bbox 1908 3959 3440 4041">
    <p class='ocr_par' dir='ltr' id='par_1_63' title="bbox 1908 3960 3440 4031">
     <span class='ocr_line' id='line_1_63' title="bbox 1908 3960 3440 4031; baseline 0.001 -18"><span class='ocrx_word' id='word_1_575' title='bbox 1908 3962 2147 4016; x_wconf 57' lang='grc' dir='ltr'><strong>ιὺῖίειυω</strong></span> <span class='ocrx_word' id='word_1_576' title='bbox 2172 3961 2448 4017; x_wconf 76' lang='lat' dir='ltr'><strong>exstitisse</strong></span> <span class='ocrx_word' id='word_1_577' title='bbox 2484 3980 2497 4015; x_wconf 87' lang='lat'>:</span> <span class='ocrx_word' id='word_1_578' title='bbox 2528 3962 2656 4031; x_wconf 91' lang='lat' dir='ltr'><strong>quid</strong></span> <span class='ocrx_word' id='word_1_579' title='bbox 2684 3962 2828 4017; x_wconf 90' lang='lat' dir='ltr'><strong>enim</strong></span> <span class='ocrx_word' id='word_1_580' title='bbox 2860 3960 3007 4015; x_wconf 89' lang='lat' dir='ltr'><strong>aliud</strong></span> <span class='ocrx_word' id='word_1_581' title='bbox 3039 3961 3304 4031; x_wconf 87' lang='lat' dir='ltr'><strong>quispiam</strong></span> <span class='ocrx_word' id='word_1_582' title='bbox 3339 3977 3440 4015; x_wconf 78' lang='lat' dir='ltr'><strong>no-</strong></span> 
     </span>
    </p>
   </div>
   <div class='ocr_carea' id='block_1_64' title="bbox 215 4051 1747 4128">
    <p class='ocr_par' dir='ltr' id='par_1_64' title="bbox 215 4054 1747 4128">
     <span class='ocr_line' id='line_1_64' title="bbox 215 4054 1747 4128; baseline 0.001 -20"><span class='ocrx_word' id='word_1_583' title='bbox 215 4054 432 4122; x_wconf 76' lang='grc' dir='ltr'><strong>μάσαιτό</strong></span> <span class='ocrx_word' id='word_1_584' title='bbox 458 4074 544 4120; x_wconf 87' lang='grc' dir='ltr'><strong>τις</strong></span> <span class='ocrx_word' id='word_1_585' title='bbox 580 4057 671 4109; x_wconf 85' lang='grc' dir='ltr'><strong>τὸν</strong></span> <span class='ocrx_word' id='word_1_586' title='bbox 710 4058 784 4128; x_wconf 79' lang='grc' dir='ltr'><strong>μὴ</strong></span> <span class='ocrx_word' id='word_1_587' title='bbox 812 4058 903 4109; x_wconf 81' lang='grc' dir='ltr'><strong>ὑπ’</strong></span> <span class='ocrx_word' id='word_1_588' title='bbox 933 4056 1231 4128; x_wconf 83' lang='grc' dir='ltr'><strong>ἀνθρώπων</strong></span> <span class='ocrx_word' id='word_1_589' title='bbox 1254 4059 1373 4128; x_wconf 80' lang='grc' dir='ltr'><strong>μὲν,</strong></span> <span class='ocrx_word' id='word_1_590' title='bbox 1407 4059 1497 4111; x_wconf 78' lang='grc' dir='ltr'><strong>ὑπ’</strong></span> <span class='ocrx_word' id='word_1_591' title='bbox 1529 4056 1690 4111; x_wconf 86' lang='grc' dir='ltr'><strong>αὐτοῦ</strong></span> <span class='ocrx_word' id='word_1_592' title='bbox 1712 4057 1747 4110; x_wconf 70' lang='grc' dir='ltr'><strong>δξ</strong></span> 
     </span>
    </p>
   </div>
   <div class='ocr_carea' id='block_1_65' title="bbox 1907 4051 3439 4128">
    <p class='ocr_par' dir='ltr' id='par_1_65' title="bbox 1907 4051 3439 4121">
     <span class='ocr_line' id='line_1_65' title="bbox 1907 4051 3439 4121; baseline 0.001 -18"><span class='ocrx_word' id='word_1_593' title='bbox 1907 4052 2039 4105; x_wconf 80' lang='lat' dir='ltr'><strong>iinet</strong></span> <span class='ocrx_word' id='word_1_594' title='bbox 2090 4067 2237 4115; x_wconf 88' lang='lat' dir='ltr'><strong>eum,</strong></span> <span class='ocrx_word' id='word_1_595' title='bbox 2271 4052 2364 4121; x_wconf 86' lang='lat' dir='ltr'><strong>qui</strong></span> <span class='ocrx_word' id='word_1_596' title='bbox 2418 4066 2528 4105; x_wconf 90' lang='lat' dir='ltr'><strong>non</strong></span> <span class='ocrx_word' id='word_1_597' title='bbox 2588 4052 2656 4105; x_wconf 88' lang='lat' dir='ltr'><strong>ab</strong></span> <span class='ocrx_word' id='word_1_598' title='bbox 2705 4051 3040 4114; x_wconf 86' lang='lat' dir='ltr'><strong>hominibus,</strong></span> <span class='ocrx_word' id='word_1_599' title='bbox 3072 4051 3167 4106; x_wconf 84' lang='lat' dir='ltr'><strong>sed</strong></span> <span class='ocrx_word' id='word_1_600' title='bbox 3209 4051 3278 4106; x_wconf 86' lang='lat' dir='ltr'><strong>ab</strong></span> <span class='ocrx_word' id='word_1_601' title='bbox 3319 4052 3439 4121; x_wconf 90' lang='lat' dir='ltr'><strong>ipso</strong></span> 
     </span>
    </p>
   </div>
   <div class='ocr_carea' id='block_1_66' title="bbox 211 4136 1743 4221">
    <p class='ocr_par' dir='ltr' id='par_1_66' title="bbox 211 4147 1743 4221">
     <span class='ocr_line' id='line_1_66' title="bbox 211 4147 1743 4221; baseline 0.002 -23"><span class='ocrx_word' id='word_1_602' title='bbox 211 4147 293 4199; x_wconf 82' lang='grc' dir='ltr'><strong>τοῦ</strong></span> <span class='ocrx_word' id='word_1_603' title='bbox 321 4149 416 4201; x_wconf 76' lang='grc' dir='ltr'><strong>ἐπὶ</strong></span> <span class='ocrx_word' id='word_1_604' title='bbox 449 4150 666 4202; x_wconf 77' lang='grc' dir='ltr'><strong>πάντων</strong></span> <span class='ocrx_word' id='word_1_605' title='bbox 705 4149 839 4202; x_wconf 80' lang='grc' dir='ltr'><strong>Θεοῦ</strong></span> <span class='ocrx_word' id='word_1_606' title='bbox 873 4151 1261 4221; x_wconf 85' lang='grc' dir='ltr'><strong>κεχρισμένον;</strong></span> <span class='ocrx_word' id='word_1_607' title='bbox 1297 4150 1388 4203; x_wconf 75' lang='grc' dir='ltr'><strong>ἐπὶ</strong></span> <span class='ocrx_word' id='word_1_608' title='bbox 1431 4149 1604 4220; x_wconf 78' lang='grc' dir='ltr'><strong>τούτῳ</strong></span> <span class='ocrx_word' id='word_1_609' title='bbox 1640 4148 1743 4218; x_wconf 83' lang='grc' dir='ltr'><strong>γοῦ</strong></span> 
     </span>
    </p>
   </div>
   <div class='ocr_carea' id='block_1_67' title="bbox 1905 4136 3437 4221">
    <p class='ocr_par' dir='ltr' id='par_1_67' title="bbox 1905 4136 3437 4211">
     <span class='ocr_line' id='line_1_67' title="bbox 1905 4136 3437 4211; baseline -0.005 -17"><span class='ocrx_word' id='word_1_610' title='bbox 1905 4155 2125 4211; x_wconf 86' lang='lat' dir='ltr'><strong>upremo</strong></span> <span class='ocrx_word' id='word_1_611' title='bbox 2168 4138 2279 4195; x_wconf 90' lang='lat' dir='ltr'><strong>Deo</strong></span> <span class='ocrx_word' id='word_1_612' title='bbox 2319 4140 2391 4196; x_wconf 90' lang='lat' dir='ltr'><strong>sit</strong></span> <span class='ocrx_word' id='word_1_613' title='bbox 2443 4140 2683 4194; x_wconf 84' lang='lat' dir='ltr'><strong>unctus?</strong></span> <span class='ocrx_word' id='word_1_614' title='bbox 2728 4138 2795 4194; x_wconf 87' lang='lat' dir='ltr'><strong>de</strong></span> <span class='ocrx_word' id='word_1_615' title='bbox 2839 4139 2945 4193; x_wconf 87' lang='lat' dir='ltr'><strong>hoc</strong></span> <span class='ocrx_word' id='word_1_616' title='bbox 2985 4140 3149 4210; x_wconf 87' lang='lat' dir='ltr'><strong>igitur</strong></span> <span class='ocrx_word' id='word_1_617' title='bbox 3189 4136 3265 4190; x_wconf 88' lang='lat' dir='ltr'><strong>ait</strong></span> <span class='ocrx_word' id='word_1_618' title='bbox 3326 4154 3339 4188; x_wconf 91' lang='lat'>:</span> <span class='ocrx_word' id='word_1_619' title='bbox 3392 4137 3437 4195; x_wconf 89' lang='grc' dir='ltr'>Ο</span> 
     </span>
    </p>
   </div>
   <div class='ocr_carea' id='block_1_68' title="bbox 215 4226 1747 4312">
    <p class='ocr_par' dir='ltr' id='par_1_68' title="bbox 215 4236 1743 4312">
     <span class='ocr_line' id='line_1_68' title="bbox 215 4236 1743 4312; baseline 0.001 -21"><span class='ocrx_word' id='word_1_620' title='bbox 215 4254 393 4308; x_wconf 77' lang='grc' dir='ltr'><strong>φησιν’</strong></span> <span class='ocrx_word' id='word_1_621' title='bbox 425 4260 444 4291; x_wconf 78' lang='grc' dir='ltr'><strong>ι</strong></span> <span class='ocrx_word' id='word_1_622' title='bbox 482 4236 552 4292; x_wconf 81' lang='grc' dir='ltr'><strong><em>Ὦ</em></strong></span> <span class='ocrx_word' id='word_1_623' title='bbox 573 4241 673 4294; x_wconf 78' lang='grc' dir='ltr'><strong>Θεὲ</strong></span> <span class='ocrx_word' id='word_1_624' title='bbox 697 4241 854 4312; x_wconf 86' lang='grc' dir='ltr'><strong>(πρὸς</strong></span> <span class='ocrx_word' id='word_1_625' title='bbox 879 4242 967 4294; x_wconf 88' lang='grc' dir='ltr'><strong>τὸν</strong></span> <span class='ocrx_word' id='word_1_626' title='bbox 996 4242 1284 4312; x_wconf 78' lang='grc' dir='ltr'><strong>χρισθέντα</strong></span> <span class='ocrx_word' id='word_1_627' title='bbox 1312 4240 1743 4311; x_wconf 86' lang='grc' dir='ltr'><strong>ἀποτεινόμενος)</strong></span> 
     </span>
    </p>
   </div>
   <div class='ocr_carea' id='block_1_69' title="bbox 1903 4226 3435 4312">
    <p class='ocr_par' dir='ltr' id='par_1_69' title="bbox 1903 4226 3435 4301">
     <span class='ocr_line' id='line_1_69' title="bbox 1903 4226 3435 4301; baseline -0.003 -15"><span class='ocrx_word' id='word_1_628' title='bbox 1903 4236 2035 4296; x_wconf 75' lang='lat' dir='ltr'><strong>lens,</strong></span> <span class='ocrx_word' id='word_1_629' title='bbox 2064 4230 2131 4285; x_wconf 90' lang='lat' dir='ltr'><strong>ad</strong></span> <span class='ocrx_word' id='word_1_630' title='bbox 2166 4245 2290 4286; x_wconf 92' lang='lat' dir='ltr'><strong>eum</strong></span> <span class='ocrx_word' id='word_1_631' title='bbox 2343 4231 2436 4301; x_wconf 87' lang='lat' dir='ltr'><strong>qui</strong></span> <span class='ocrx_word' id='word_1_632' title='bbox 2476 4238 2676 4284; x_wconf 88' lang='lat' dir='ltr'><strong>unctus</strong></span> <span class='ocrx_word' id='word_1_633' title='bbox 2706 4238 2789 4285; x_wconf 90' lang='lat' dir='ltr'><strong>est</strong></span> <span class='ocrx_word' id='word_1_634' title='bbox 2828 4244 3131 4284; x_wconf 86' lang='lat' dir='ltr'><strong>sermonem</strong></span> <span class='ocrx_word' id='word_1_635' title='bbox 3172 4226 3435 4297; x_wconf 81' lang='lat' dir='ltr'><strong>dirigens,</strong></span> 
     </span>
    </p>
   </div>
   <div class='ocr_carea' id='block_1_70' title="bbox 213 4317 1745 4404">
    <p class='ocr_par' dir='ltr' id='par_1_70' title="bbox 213 4330 1745 4404">
     <span class='ocr_line' id='line_1_70' title="bbox 213 4330 1745 4404; baseline -0.001 -19"><span class='ocrx_word' id='word_1_636' title='bbox 213 4331 492 4403; x_wconf 71' lang='grc' dir='ltr'><strong>ἠγάπησας</strong></span> <span class='ocrx_word' id='word_1_637' title='bbox 536 4331 898 4404; x_wconf 80' lang='grc' dir='ltr'><strong>δικαιοσύνην,</strong></span> <span class='ocrx_word' id='word_1_638' title='bbox 952 4333 1044 4386; x_wconf 72' lang='grc' dir='ltr'><strong>καὶ</strong></span> <span class='ocrx_word' id='word_1_639' title='bbox 1088 4333 1355 4404; x_wconf 72' lang='grc' dir='ltr'><strong>ἐμίσησας</strong></span> <span class='ocrx_word' id='word_1_640' title='bbox 1398 4333 1643 4386; x_wconf 80' lang='grc' dir='ltr'><strong>ἀδικίαν·</strong></span> <span class='ocrx_word' id='word_1_641' title='bbox 1682 4330 1745 4384; x_wconf 76' lang='grc' dir='ltr'><strong>διέ</strong></span> 
     </span>
    </p>
   </div>
   <div class='ocr_carea' id='block_1_71' title="bbox 1903 4317 3435 4404">
    <p class='ocr_par' dir='ltr' id='par_1_71' title="bbox 1904 4317 3435 4389">
     <span class='ocr_line' id='line_1_71' title="bbox 1904 4317 3435 4389; baseline -0.004 -14"><span class='ocrx_word' id='word_1_642' title='bbox 1904 4318 2139 4375; x_wconf 85' lang='lat' dir='ltr'><strong>dilexisti</strong></span> <span class='ocrx_word' id='word_1_643' title='bbox 2155 4317 2443 4387; x_wconf 84' lang='lat' dir='ltr'><strong>justitiam,</strong></span> <span class='ocrx_word' id='word_1_644' title='bbox 2466 4327 2519 4375; x_wconf 88' lang='lat' dir='ltr'><strong>et</strong></span> <span class='ocrx_word' id='word_1_645' title='bbox 2567 4319 2731 4374; x_wconf 85' lang='lat' dir='ltr'><strong>odisti</strong></span> <span class='ocrx_word' id='word_1_646' title='bbox 2761 4320 3096 4389; x_wconf 86' lang='lat' dir='ltr'><strong>iniquitatem</strong></span> <span class='ocrx_word' id='word_1_647' title='bbox 3131 4336 3143 4369; x_wconf 91' lang='lat'>:</span> <span class='ocrx_word' id='word_1_648' title='bbox 3185 4322 3435 4386; x_wconf 91' lang='lat' dir='ltr'><strong>pr0pter-</strong></span> 
     </span>
    </p>
   </div>
   <div class='ocr_carea' id='block_1_72' title="bbox 213 4404 1745 4495">
    <p class='ocr_par' dir='ltr' id='par_1_72' title="bbox 213 4419 1745 4495">
     <span class='ocr_line' id='line_1_72' title="bbox 213 4419 1745 4495; baseline 0.001 -24"><span class='ocrx_word' id='word_1_649' title='bbox 213 4419 356 4475; x_wconf 83' lang='grc' dir='ltr'><strong>τοῦτο</strong></span> <span class='ocrx_word' id='word_1_650' title='bbox 381 4423 491 4495; x_wconf 77' lang='grc' dir='ltr'><strong>γὰρ</strong></span> <span class='ocrx_word' id='word_1_651' title='bbox 517 4422 699 4494; x_wconf 73' lang='grc' dir='ltr'><strong>ἔχρισε</strong></span> <span class='ocrx_word' id='word_1_652' title='bbox 726 4440 786 4475; x_wconf 88' lang='grc' dir='ltr'><strong>σε</strong></span> <span class='ocrx_word' id='word_1_653' title='bbox 812 4425 839 4474; x_wconf 89' lang='grc' dir='ltr'>ὁ</span> <span class='ocrx_word' id='word_1_654' title='bbox 870 4424 999 4489; x_wconf 84' lang='grc' dir='ltr'><strong>Θεὸς</strong></span> <span class='ocrx_word' id='word_1_655' title='bbox 1025 4425 1053 4475; x_wconf 83' lang='grc' dir='ltr'><strong>ό</strong></span> <span class='ocrx_word' id='word_1_656' title='bbox 1079 4424 1214 4487; x_wconf 85' lang='grc' dir='ltr'><strong>Θεός</strong></span> <span class='ocrx_word' id='word_1_657' title='bbox 1247 4441 1360 4477; x_wconf 90' lang='grc' dir='ltr'><strong>σου.</strong></span> <span class='ocrx_word' id='word_1_658' title='bbox 1399 4443 1417 4475; x_wconf 71' lang='grc' dir='ltr'><strong>ι</strong></span> <span class='ocrx_word' id='word_1_659' title='bbox 1469 4423 1611 4475; x_wconf 80' lang='grc' dir='ltr'><strong>Ὠσεὶ</strong></span> <span class='ocrx_word' id='word_1_660' title='bbox 1651 4421 1745 4474; x_wconf 69' lang='grc' dir='ltr'><strong>ἕλε⁴</strong></span> 
     </span>
    </p>
   </div>
   <div class='ocr_carea' id='block_1_73' title="bbox 1907 4404 3439 4495">
    <p class='ocr_par' dir='ltr' id='par_1_73' title="bbox 1907 4404 3439 4475">
     <span class='ocr_line' id='line_1_73' title="bbox 1907 4404 3439 4475; baseline -0.005 -9"><span class='ocrx_word' id='word_1_661' title='bbox 1907 4428 1931 4466; x_wconf 86' lang='lat' dir='ltr'><strong>a</strong></span> <span class='ocrx_word' id='word_1_662' title='bbox 1965 4414 2110 4467; x_wconf 90' lang='lat' dir='ltr'><strong>enim</strong></span> <span class='ocrx_word' id='word_1_663' title='bbox 2145 4411 2303 4466; x_wconf 80' lang='lat' dir='ltr'><strong>unxit</strong></span> <span class='ocrx_word' id='word_1_664' title='bbox 2365 4420 2418 4467; x_wconf 85' lang='lat' dir='ltr'><strong>te</strong></span> <span class='ocrx_word' id='word_1_665' title='bbox 2470 4409 2635 4475; x_wconf 91' lang='lat' dir='ltr'><strong>Deus,</strong></span> <span class='ocrx_word' id='word_1_666' title='bbox 2669 4409 2811 4465; x_wconf 88' lang='lat' dir='ltr'><strong>Deus</strong></span> <span class='ocrx_word' id='word_1_667' title='bbox 2843 4407 3025 4462; x_wconf 64' lang='lat' dir='ltr'><strong>tuus“.</strong></span> <span class='ocrx_word' id='word_1_668' title='bbox 3066 4427 3085 4458; x_wconf 73' lang='grc' dir='ltr'><strong>ι</strong></span> <span class='ocrx_word' id='word_1_669' title='bbox 3119 4404 3187 4460; x_wconf 90' lang='lat' dir='ltr'><strong>Ut</strong></span> <span class='ocrx_word' id='word_1_670' title='bbox 3214 4408 3257 4461; x_wconf 93' lang='lat' dir='ltr'><strong>si</strong></span> <span class='ocrx_word' id='word_1_671' title='bbox 3289 4404 3439 4459; x_wconf 89' lang='lat' dir='ltr'><strong>dice-</strong></span> 
     </span>
    </p>
   </div>
   <div class='ocr_carea' id='block_1_74' title="bbox 215 4499 1747 4586">
    <p class='ocr_par' dir='ltr' id='par_1_74' title="bbox 215 4510 1747 4586">
     <span class='ocr_line' id='line_1_74' title="bbox 215 4510 1747 4586; baseline 0 -22"><span class='ocrx_word' id='word_1_672' title='bbox 215 4525 327 4577; x_wconf 75' lang='grc' dir='ltr'><strong>γενο</strong></span> <span class='ocrx_word' id='word_1_673' title='bbox 362 4512 418 4566; x_wconf 90' lang='lat'><strong>&#39;0</strong></span> <span class='ocrx_word' id='word_1_674' title='bbox 455 4513 549 4565; x_wconf 77' lang='grc' dir='ltr'><strong>ἐπὶ</strong></span> <span class='ocrx_word' id='word_1_675' title='bbox 594 4514 809 4567; x_wconf 81' lang='grc' dir='ltr'><strong>πάντων</strong></span> <span class='ocrx_word' id='word_1_676' title='bbox 838 4514 968 4578; x_wconf 84' lang='grc' dir='ltr'><strong>Θεὸς</strong></span> <span class='ocrx_word' id='word_1_677' title='bbox 1022 4514 1205 4586; x_wconf 78' lang='grc' dir='ltr'><strong>ἕχρισέ</strong></span> <span class='ocrx_word' id='word_1_678' title='bbox 1234 4530 1293 4565; x_wconf 89' lang='grc' dir='ltr'><strong>σε</strong></span> <span class='ocrx_word' id='word_1_679' title='bbox 1317 4514 1493 4566; x_wconf 77' lang='grc' dir='ltr'><strong>ἔλαιον</strong></span> <span class='ocrx_word' id='word_1_680' title='bbox 1516 4510 1747 4580; x_wconf 76' lang='grc' dir='ltr'><strong>ἁγαλλιόι</strong></span> 
     </span>
    </p>
   </div>
   <div class='ocr_carea' id='block_1_75' title="bbox 1904 4499 3436 4586">
    <p class='ocr_par' dir='ltr' id='par_1_75' title="bbox 1904 4499 3436 4570">
     <span class='ocr_line' id='line_1_75' title="bbox 1904 4499 3436 4570; baseline -0.005 -12"><span class='ocrx_word' id='word_1_681' title='bbox 1904 4511 1981 4570; x_wconf 87' lang='lat' dir='ltr'><strong>et,</strong></span> <span class='ocrx_word' id='word_1_682' title='bbox 2014 4501 2156 4559; x_wconf 87' lang='lat' dir='ltr'><strong>Deus</strong></span> <span class='ocrx_word' id='word_1_683' title='bbox 2198 4502 2359 4557; x_wconf 88' lang='lat' dir='ltr'><strong>Pater</strong></span> <span class='ocrx_word' id='word_1_684' title='bbox 2404 4502 2558 4556; x_wconf 79' lang='lat' dir='ltr'><strong>unxit</strong></span> <span class='ocrx_word' id='word_1_685' title='bbox 2603 4510 2654 4556; x_wconf 92' lang='lat' dir='ltr'><strong>te</strong></span> <span class='ocrx_word' id='word_1_686' title='bbox 2707 4502 2829 4555; x_wconf 90' lang='lat' dir='ltr'><strong>oleo</strong></span> <span class='ocrx_word' id='word_1_687' title='bbox 2886 4499 3283 4564; x_wconf 80' lang='lat' dir='ltr'><strong>exsultationis,</strong></span> <span class='ocrx_word' id='word_1_688' title='bbox 3327 4514 3436 4567; x_wconf 70' lang='lat' dir='ltr'><strong>prae</strong></span> 
     </span>
    </p>
   </div>
   <div class='ocr_carea' id='block_1_76' title="bbox 218 4593 1750 4678">
    <p class='ocr_par' dir='ltr' id='par_1_76' title="bbox 218 4603 1750 4678">
     <span class='ocr_line' id='line_1_76' title="bbox 218 4603 1750 4678; baseline 0.001 -24"><span class='ocrx_word' id='word_1_689' title='bbox 218 4618 340 4667; x_wconf 86' lang='grc' dir='ltr'><strong>σεως</strong></span> <span class='ocrx_word' id='word_1_690' title='bbox 373 4605 525 4678; x_wconf 75' lang='grc' dir='ltr'><strong>παρὰ</strong></span> <span class='ocrx_word' id='word_1_691' title='bbox 550 4608 675 4670; x_wconf 83' lang='grc' dir='ltr'><strong>τοὺς</strong></span> <span class='ocrx_word' id='word_1_692' title='bbox 704 4607 961 4677; x_wconf 87' lang='grc' dir='ltr'><strong>μετόχους</strong></span> <span class='ocrx_word' id='word_1_693' title='bbox 991 4622 1083 4659; x_wconf 89' lang='grc' dir='ltr'><strong>σου</strong></span> <span class='ocrx_word' id='word_1_694' title='bbox 1102 4623 1115 4636; x_wconf 93' lang='grc'><strong>·</strong></span> <span class='ocrx_word' id='word_1_695' title='bbox 1155 4604 1294 4658; x_wconf 80' lang='grc' dir='ltr'><strong>ὥστε</strong></span> <span class='ocrx_word' id='word_1_696' title='bbox 1319 4606 1439 4657; x_wconf 74' lang='grc' dir='ltr'><strong>οὐδὲ</strong></span> <span class='ocrx_word' id='word_1_697' title='bbox 1470 4603 1645 4656; x_wconf 84' lang='grc' dir='ltr'><strong>κοινὸν</strong></span> <span class='ocrx_word' id='word_1_698' title='bbox 1675 4603 1750 4656; x_wconf 66' lang='grc' dir='ltr'><strong>κα⁴</strong></span> 
     </span>
    </p>
   </div>
   <div class='ocr_carea' id='block_1_77' title="bbox 1897 4593 3429 4678">
    <p class='ocr_par' dir='ltr' id='par_1_77' title="bbox 1897 4593 3429 4664">
     <span class='ocr_line' id='line_1_77' title="bbox 1897 4593 3429 4664; baseline -0.005 -16"><span class='ocrx_word' id='word_1_699' title='bbox 1897 4596 2222 4664; x_wconf 70' lang='grc' dir='ltr'><strong>ιιιτῑίοὶρίιιυε</strong></span> <span class='ocrx_word' id='word_1_700' title='bbox 2253 4595 2362 4649; x_wconf 89' lang='lat' dir='ltr'><strong>tuis</strong></span> <span class='ocrx_word' id='word_1_701' title='bbox 2396 4612 2410 4647; x_wconf 88' lang='lat'><strong>:</strong></span> <span class='ocrx_word' id='word_1_702' title='bbox 2442 4593 2514 4646; x_wconf 90' lang='lat' dir='ltr'><strong>ita</strong></span> <span class='ocrx_word' id='word_1_703' title='bbox 2551 4608 2726 4663; x_wconf 89' lang='lat' dir='ltr'><strong>neque</strong></span> <span class='ocrx_word' id='word_1_704' title='bbox 2749 4606 3036 4646; x_wconf 90' lang='lat' dir='ltr'><strong>commune</strong></span> <span class='ocrx_word' id='word_1_705' title='bbox 3069 4598 3122 4644; x_wconf 90' lang='lat' dir='ltr'><strong>et</strong></span> <span class='ocrx_word' id='word_1_706' title='bbox 3153 4596 3429 4643; x_wconf 89' lang='lat' dir='ltr'><strong>terrenum</strong></span> 
     </span>
    </p>
   </div>
   <div class='ocr_carea' id='block_1_78' title="bbox 216 4678 1748 4767">
    <p class='ocr_par' dir='ltr' id='par_1_78' title="bbox 216 4690 1748 4767">
     <span class='ocr_line' id='line_1_78' title="bbox 216 4690 1748 4767; baseline -0.001 -20"><span class='ocrx_word' id='word_1_707' title='bbox 216 4694 401 4759; x_wconf 82' lang='grc' dir='ltr'><strong>γεῶδες</strong></span> <span class='ocrx_word' id='word_1_708' title='bbox 441 4696 503 4749; x_wconf 85' lang='grc' dir='ltr'><strong>τὸ</strong></span> <span class='ocrx_word' id='word_1_709' title='bbox 542 4696 864 4767; x_wconf 81' lang='grc' dir='ltr'><strong>δηλούμενον</strong></span> <span class='ocrx_word' id='word_1_710' title='bbox 905 4696 1060 4749; x_wconf 86' lang='grc' dir='ltr'><strong>τοῦτο</strong></span> <span class='ocrx_word' id='word_1_711' title='bbox 1086 4697 1293 4767; x_wconf 85' lang='grc' dir='ltr'><strong>χρίσμα</strong></span> <span class='ocrx_word' id='word_1_712' title='bbox 1318 4690 1385 4765; x_wconf 79' lang='grc' dir='ltr'><strong>ἦν</strong></span> <span class='ocrx_word' id='word_1_713' title='bbox 1406 4735 1419 4756; x_wconf 84' lang='grc'><strong>,</strong></span> <span class='ocrx_word' id='word_1_714' title='bbox 1447 4694 1565 4767; x_wconf 72' lang='grc' dir='ltr'><strong>οῦδὲ</strong></span> <span class='ocrx_word' id='word_1_715' title='bbox 1589 4694 1748 4763; x_wconf 50' lang='grc' dir='ltr'><strong>ὅμοιοι</strong></span> 
     </span>
    </p>
   </div>
   <div class='ocr_carea' id='block_1_79' title="bbox 1906 4678 3438 4767">
    <p class='ocr_par' dir='ltr' id='par_1_79' title="bbox 1906 4678 3438 4755">
     <span class='ocr_line' id='line_1_79' title="bbox 1906 4678 3438 4755; baseline -0.005 -14"><span class='ocrx_word' id='word_1_716' title='bbox 1906 4696 1952 4741; x_wconf 90' lang='lat' dir='ltr'><strong>st</strong></span> <span class='ocrx_word' id='word_1_717' title='bbox 1980 4687 2082 4740; x_wconf 85' lang='lat' dir='ltr'><strong>hoc</strong></span> <span class='ocrx_word' id='word_1_718' title='bbox 2103 4686 2171 4741; x_wconf 90' lang='lat' dir='ltr'><strong>de</strong></span> <span class='ocrx_word' id='word_1_719' title='bbox 2206 4700 2313 4755; x_wconf 90' lang='lat' dir='ltr'><strong>quo</strong></span> <span class='ocrx_word' id='word_1_720' title='bbox 2339 4684 2515 4755; x_wconf 89' lang='lat' dir='ltr'><strong>agitur</strong></span> <span class='ocrx_word' id='word_1_721' title='bbox 2546 4693 2901 4753; x_wconf 86' lang='lat' dir='ltr'><strong>unguentum,</strong></span> <span class='ocrx_word' id='word_1_722' title='bbox 2935 4696 3113 4750; x_wconf 89' lang='lat' dir='ltr'><strong>neque</strong></span> <span class='ocrx_word' id='word_1_723' title='bbox 3156 4679 3233 4733; x_wconf 89' lang='lat' dir='ltr'><strong>illi</strong></span> <span class='ocrx_word' id='word_1_724' title='bbox 3261 4678 3438 4734; x_wconf 91' lang='lat' dir='ltr'><strong>simile</strong></span> 
     </span>
    </p>
   </div>
   <div class='ocr_carea' id='block_1_80' title="bbox 216 4758 1748 4859">
    <p class='ocr_par' dir='ltr' id='par_1_80' title="bbox 216 4758 1748 4859">
     <span class='ocr_line' id='line_1_80' title="bbox 216 4758 1748 4859; baseline -0.004 -18"><span class='ocrx_word' id='word_1_725' title='bbox 216 4784 284 4854; x_wconf 79' lang='grc' dir='ltr'><strong>τῷ</strong></span> <span class='ocrx_word' id='word_1_726' title='bbox 306 4787 454 4858; x_wconf 78' lang='grc' dir='ltr'><strong>παρὰ</strong></span> <span class='ocrx_word' id='word_1_727' title='bbox 470 4758 656 4841; x_wconf 75' lang='grc' dir='ltr'><strong>Μωσεῖ</strong></span> <span class='ocrx_word' id='word_1_728' title='bbox 675 4758 997 4859; x_wconf 77' lang='grc' dir='ltr'><strong>νενομοθετη</strong></span> <span class='ocrx_word' id='word_1_729' title='bbox 1007 4758 1150 4858; x_wconf 63' lang='grc' dir='ltr'><strong>μένιξι</strong></span> <span class='ocrx_word' id='word_1_730' title='bbox 1177 4758 1270 4839; x_wconf 75' lang='grc' dir='ltr'><strong>καὶ</strong></span> <span class='ocrx_word' id='word_1_731' title='bbox 1291 4758 1533 4857; x_wconf 72' lang='grc' dir='ltr'><strong>φθαρτῆς</strong></span> <span class='ocrx_word' id='word_1_732' title='bbox 1555 4758 1748 4856; x_wconf 53' lang='lat' dir='ltr'><strong>iﬁlli-rp</strong></span> 
     </span>
    </p>
   </div>
   <div class='ocr_carea' id='block_1_81' title="bbox 1907 4758 3439 4859">
    <p class='ocr_par' dir='ltr' id='par_1_81' title="bbox 1909 4774 3439 4848">
     <span class='ocr_line' id='line_1_81' title="bbox 1909 4774 3439 4848; baseline -0.006 -16"><span class='ocrx_word' id='word_1_733' title='bbox 1909 4776 2017 4832; x_wconf 92' lang='lat' dir='ltr'><strong>uod</strong></span> <span class='ocrx_word' id='word_1_734' title='bbox 2047 4776 2188 4847; x_wconf 91' lang='lat' dir='ltr'><strong>apud</strong></span> <span class='ocrx_word' id='word_1_735' title='bbox 2219 4775 2457 4848; x_wconf 87' lang='lat' dir='ltr'><strong>Moysem</strong></span> <span class='ocrx_word' id='word_1_736' title='bbox 2489 4776 2606 4845; x_wconf 86' lang='lat' dir='ltr'><strong>lege</strong></span> <span class='ocrx_word' id='word_1_737' title='bbox 2630 4774 2898 4830; x_wconf 86' lang='lat' dir='ltr'><strong>sancitum</strong></span> <span class='ocrx_word' id='word_1_738' title='bbox 2928 4780 3033 4837; x_wconf 91' lang='lat' dir='ltr'><strong>est,</strong></span> <span class='ocrx_word' id='word_1_739' title='bbox 3067 4778 3121 4826; x_wconf 89' lang='lat' dir='ltr'><strong>et</strong></span> <span class='ocrx_word' id='word_1_740' title='bbox 3152 4786 3219 4826; x_wconf 80' lang='lat' dir='ltr'><strong>ex</strong></span> <span class='ocrx_word' id='word_1_741' title='bbox 3246 4785 3439 4824; x_wconf 85' lang='lat' dir='ltr'><strong>corru-</strong></span> 
     </span>
    </p>
   </div>
   <div class='ocr_carea' id='block_1_82' title="bbox 218 4863 1750 4950">
    <p class='ocr_par' dir='ltr' id='par_1_82' title="bbox 218 4874 1750 4950">
     <span class='ocr_line' id='line_1_82' title="bbox 218 4874 1750 4950; baseline 0 -22"><span class='ocrx_word' id='word_1_742' title='bbox 218 4879 709 4950; x_wconf 82' lang='grc' dir='ltr'><strong>κατεσκευασμένῳ,</strong></span> <span class='ocrx_word' id='word_1_743' title='bbox 800 4878 951 4948; x_wconf 83' lang='grc' dir='ltr'><strong>φίλον</strong></span> <span class='ocrx_word' id='word_1_744' title='bbox 972 4874 1039 4948; x_wconf 82' lang='grc' dir='ltr'><strong>ἦν</strong></span> <span class='ocrx_word' id='word_1_745' title='bbox 1066 4881 1189 4941; x_wconf 83' lang='grc' dir='ltr'><strong>τοὺς</strong></span> <span class='ocrx_word' id='word_1_746' title='bbox 1212 4876 1473 4939; x_wconf 83' lang='grc' dir='ltr'><strong>παλαιοὺς</strong></span> <span class='ocrx_word' id='word_1_747' title='bbox 1508 4876 1750 4948; x_wconf 65' lang='grc' dir='ltr'><strong>Ἐϐραίωπ</strong></span> 
     </span>
    </p>
   </div>
   <div class='ocr_carea' id='block_1_83' title="bbox 1906 4863 3438 4950">
    <p class='ocr_par' dir='ltr' id='par_1_83' title="bbox 1906 4863 3438 4935">
     <span class='ocr_line' id='line_1_83' title="bbox 1906 4863 3438 4935; baseline -0.003 -13"><span class='ocrx_word' id='word_1_748' title='bbox 1906 4868 2046 4923; x_wconf 71' lang='grc' dir='ltr'><strong>ιιίοιιὶ</strong></span> <span class='ocrx_word' id='word_1_749' title='bbox 2066 4868 2300 4923; x_wconf 81' lang='lat' dir='ltr'><strong>obnoxia</strong></span> <span class='ocrx_word' id='word_1_750' title='bbox 2324 4867 2548 4921; x_wconf 89' lang='lat' dir='ltr'><strong>materia</strong></span> <span class='ocrx_word' id='word_1_751' title='bbox 2572 4873 2966 4935; x_wconf 88' lang='lat' dir='ltr'><strong>comparatum,</strong></span> <span class='ocrx_word' id='word_1_752' title='bbox 2985 4880 3092 4935; x_wconf 91' lang='lat' dir='ltr'><strong>quo</strong></span> <span class='ocrx_word' id='word_1_753' title='bbox 3118 4878 3250 4919; x_wconf 90' lang='lat' dir='ltr'><strong>sane</strong></span> <span class='ocrx_word' id='word_1_754' title='bbox 3270 4863 3438 4918; x_wconf 88' lang='lat' dir='ltr'><strong>moris</strong></span> 
     </span>
    </p>
   </div>
   <div class='ocr_carea' id='block_1_84' title="bbox 219 4957 1751 5045">
    <p class='ocr_par' dir='ltr' id='par_1_84' title="bbox 219 4970 1751 5045">
     <span class='ocr_line' id='line_1_84' title="bbox 219 4970 1751 5045; baseline -0.001 -23"><span class='ocrx_word' id='word_1_755' title='bbox 219 4971 378 5042; x_wconf 80' lang='grc' dir='ltr'><strong>ἱερέας</strong></span> <span class='ocrx_word' id='word_1_756' title='bbox 420 4975 513 5026; x_wconf 75' lang='grc' dir='ltr'><strong>καὶ</strong></span> <span class='ocrx_word' id='word_1_757' title='bbox 546 4973 794 5044; x_wconf 84' lang='grc' dir='ltr'><strong>βασιλέας</strong></span> <span class='ocrx_word' id='word_1_758' title='bbox 844 4973 1108 5045; x_wconf 87' lang='grc' dir='ltr'><strong>χρίεσθαι.</strong></span> <span class='ocrx_word' id='word_1_759' title='bbox 1139 4971 1329 5025; x_wconf 83' lang='grc' dir='ltr'><strong>Ἔνθεν</strong></span> <span class='ocrx_word' id='word_1_760' title='bbox 1375 4972 1506 5040; x_wconf 77' lang='grc' dir='ltr'><strong>ἡμῖν</strong></span> <span class='ocrx_word' id='word_1_761' title='bbox 1547 4970 1751 5030; x_wconf 71' lang='grc' dir='ltr'><strong>εἰκότως</strong></span> 
     </span>
    </p>
   </div>
   <div class='ocr_carea' id='block_1_85' title="bbox 1906 4957 3438 5045">
    <p class='ocr_par' dir='ltr' id='par_1_85' title="bbox 1906 4957 3438 5028">
     <span class='ocr_line' id='line_1_85' title="bbox 1906 4957 3438 5028; baseline -0.006 -9"><span class='ocrx_word' id='word_1_762' title='bbox 1906 4975 2051 5021; x_wconf 85' lang='lat' dir='ltr'><strong>uerat</strong></span> <span class='ocrx_word' id='word_1_763' title='bbox 2078 4973 2287 5020; x_wconf 89' lang='lat' dir='ltr'><strong>veteres</strong></span> <span class='ocrx_word' id='word_1_764' title='bbox 2302 4962 2556 5018; x_wconf 69' lang='lat' dir='ltr'><strong>Hebraaos</strong></span> <span class='ocrx_word' id='word_1_765' title='bbox 2589 4968 2645 5015; x_wconf 87' lang='lat' dir='ltr'><strong>et</strong></span> <span class='ocrx_word' id='word_1_766' title='bbox 2679 4959 2990 5015; x_wconf 86' lang='lat' dir='ltr'><strong>sacerdotes</strong></span> <span class='ocrx_word' id='word_1_767' title='bbox 3019 4965 3074 5013; x_wconf 88' lang='lat' dir='ltr'><strong>et</strong></span> <span class='ocrx_word' id='word_1_768' title='bbox 3096 4973 3251 5028; x_wconf 89' lang='lat' dir='ltr'><strong>reges</strong></span> <span class='ocrx_word' id='word_1_769' title='bbox 3273 4957 3438 5010; x_wconf 79' lang='lat' dir='ltr'><strong>inun-</strong></span> 
     </span>
    </p>
   </div>
   <div class='ocr_carea' id='block_1_86' title="bbox 220 5045 1752 5135">
    <p class='ocr_par' dir='ltr' id='par_1_86' title="bbox 220 5059 1752 5135">
     <span class='ocr_line' id='line_1_86' title="bbox 220 5059 1752 5135; baseline -0.002 -21"><span class='ocrx_word' id='word_1_770' title='bbox 220 5064 297 5114; x_wconf 79' lang='grc' dir='ltr'><strong>καὶ</strong></span> <span class='ocrx_word' id='word_1_771' title='bbox 318 5064 448 5127; x_wconf 83' lang='grc' dir='ltr'><strong>Θεὸς</strong></span> <span class='ocrx_word' id='word_1_772' title='bbox 465 5064 600 5135; x_wconf 85' lang='grc' dir='ltr'><strong>ὁμοῦ</strong></span> <span class='ocrx_word' id='word_1_773' title='bbox 624 5066 716 5119; x_wconf 81' lang='grc' dir='ltr'><strong>καὶ</strong></span> <span class='ocrx_word' id='word_1_774' title='bbox 747 5064 979 5134; x_wconf 80' lang='grc' dir='ltr'><strong>Χριστὸς</strong></span> <span class='ocrx_word' id='word_1_775' title='bbox 1001 5063 1360 5135; x_wconf 84' lang='grc' dir='ltr'><strong>ἀνηγόρευται</strong></span> <span class='ocrx_word' id='word_1_776' title='bbox 1380 5099 1394 5123; x_wconf 88' lang='grc'><strong>,</strong></span> <span class='ocrx_word' id='word_1_777' title='bbox 1439 5059 1585 5113; x_wconf 78' lang='grc' dir='ltr'><strong>ὼσὰν</strong></span> <span class='ocrx_word' id='word_1_778' title='bbox 1614 5060 1752 5129; x_wconf 71' lang='grc' dir='ltr'><strong>μόνος</strong></span> 
     </span>
    </p>
   </div>
   <div class='ocr_carea' id='block_1_87' title="bbox 1908 5045 3440 5135">
    <p class='ocr_par' dir='ltr' id='par_1_87' title="bbox 1908 5045 3440 5116">
     <span class='ocr_line' id='line_1_87' title="bbox 1908 5045 3440 5116; baseline -0.008 -3"><span class='ocrx_word' id='word_1_779' title='bbox 1908 5073 2001 5113; x_wconf 90' lang='lat' dir='ltr'><strong>ere</strong></span> <span class='ocrx_word' id='word_1_780' title='bbox 2035 5076 2048 5111; x_wconf 88' lang='lat'><strong>:</strong></span> <span class='ocrx_word' id='word_1_781' title='bbox 2083 5056 2210 5111; x_wconf 90' lang='lat' dir='ltr'><strong>inde</strong></span> <span class='ocrx_word' id='word_1_782' title='bbox 2257 5055 2415 5110; x_wconf 89' lang='lat' dir='ltr'><strong>nobis</strong></span> <span class='ocrx_word' id='word_1_783' title='bbox 2461 5053 2675 5116; x_wconf 91' lang='lat' dir='ltr'><strong>merito,</strong></span> <span class='ocrx_word' id='word_1_784' title='bbox 2706 5059 2761 5106; x_wconf 90' lang='lat' dir='ltr'><strong>et</strong></span> <span class='ocrx_word' id='word_1_785' title='bbox 2805 5049 2948 5105; x_wconf 84' lang='lat' dir='ltr'><strong>Deus</strong></span> <span class='ocrx_word' id='word_1_786' title='bbox 2996 5048 3159 5105; x_wconf 91' lang='lat' dir='ltr'><strong>simul</strong></span> <span class='ocrx_word' id='word_1_787' title='bbox 3193 5053 3246 5101; x_wconf 90' lang='lat' dir='ltr'><strong>et</strong></span> <span class='ocrx_word' id='word_1_788' title='bbox 3278 5045 3440 5101; x_wconf 81' lang='lat' dir='ltr'><strong>Cbri-</strong></span> 
     </span>
    </p>
   </div>
   <div class='ocr_carea' id='block_1_88' title="bbox 223 5141 1755 5229">
    <p class='ocr_par' dir='ltr' id='par_1_88' title="bbox 223 5149 1755 5229">
     <span class='ocr_line' id='line_1_88' title="bbox 223 5149 1755 5229; baseline -0.005 -19"><span class='ocrx_word' id='word_1_789' title='bbox 223 5154 285 5227; x_wconf 85' lang='grc' dir='ltr'><strong>μὴ</strong></span> <span class='ocrx_word' id='word_1_790' title='bbox 316 5156 381 5209; x_wconf 80' lang='grc' dir='ltr'><strong>δι’</strong></span> <span class='ocrx_word' id='word_1_791' title='bbox 414 5156 737 5229; x_wconf 85' lang='grc' dir='ltr'><strong>ἀνθρώπων,</strong></span> <span class='ocrx_word' id='word_1_792' title='bbox 773 5157 894 5229; x_wconf 75' lang='grc' dir='ltr'><strong>μηδ’</strong></span> <span class='ocrx_word' id='word_1_793' title='bbox 919 5156 977 5221; x_wconf 75' lang='grc' dir='ltr'>ἐξ</span> <span class='ocrx_word' id='word_1_794' title='bbox 1000 5154 1299 5225; x_wconf 83' lang='grc' dir='ltr'><strong>ἀνθρώπων</strong></span> <span class='ocrx_word' id='word_1_795' title='bbox 1318 5193 1333 5216; x_wconf 91' lang='grc'><strong>,</strong></span> <span class='ocrx_word' id='word_1_796' title='bbox 1360 5152 1495 5224; x_wconf 82' lang='grc' dir='ltr'><strong>πρὸς</strong></span> <span class='ocrx_word' id='word_1_797' title='bbox 1519 5149 1683 5205; x_wconf 76' lang='grc' dir='ltr'><strong>αὑτοῦ</strong></span> <span class='ocrx_word' id='word_1_798' title='bbox 1714 5151 1755 5204; x_wconf 74' lang='grc' dir='ltr'><strong>δί</strong></span> 
     </span>
    </p>
   </div>
   <div class='ocr_carea' id='block_1_89' title="bbox 1905 5141 3437 5229">
    <p class='ocr_par' dir='ltr' id='par_1_89' title="bbox 1906 5141 3437 5219">
     <span class='ocr_line' id='line_1_89' title="bbox 1906 5141 3437 5219; baseline -0.008 -16"><span class='ocrx_word' id='word_1_799' title='bbox 1906 5157 1994 5203; x_wconf 85' lang='lat' dir='ltr'><strong>tus</strong></span> <span class='ocrx_word' id='word_1_800' title='bbox 2029 5149 2332 5219; x_wconf 90' lang='lat' dir='ltr'><strong>appellatus</strong></span> <span class='ocrx_word' id='word_1_801' title='bbox 2365 5154 2468 5209; x_wconf 91' lang='lat' dir='ltr'><strong>est,</strong></span> <span class='ocrx_word' id='word_1_802' title='bbox 2500 5155 2755 5214; x_wconf 89' lang='lat' dir='ltr'><strong>tanquam</strong></span> <span class='ocrx_word' id='word_1_803' title='bbox 2795 5143 2842 5198; x_wconf 91' lang='lat' dir='ltr'><strong>is</strong></span> <span class='ocrx_word' id='word_1_804' title='bbox 2869 5142 2959 5212; x_wconf 88' lang='lat' dir='ltr'><strong>qui</strong></span> <span class='ocrx_word' id='word_1_805' title='bbox 2991 5141 3159 5202; x_wconf 90' lang='lat' dir='ltr'><strong>solus,</strong></span> <span class='ocrx_word' id='word_1_806' title='bbox 3192 5155 3301 5193; x_wconf 88' lang='lat' dir='ltr'><strong>non</strong></span> <span class='ocrx_word' id='word_1_807' title='bbox 3341 5154 3437 5210; x_wconf 85' lang='lat' dir='ltr'><strong>per</strong></span> 
     </span>
    </p>
   </div>
   <div class='ocr_carea' id='block_1_90' title="bbox 219 5231 1751 5319">
    <p class='ocr_par' dir='ltr' id='par_1_90' title="bbox 219 5242 1751 5319">
     <span class='ocr_line' id='line_1_90' title="bbox 219 5242 1751 5319; baseline -0.001 -20"><span class='ocrx_word' id='word_1_808' title='bbox 219 5246 298 5300; x_wconf 84' lang='grc' dir='ltr'><strong>τοῦ</strong></span> <span class='ocrx_word' id='word_1_809' title='bbox 318 5249 423 5301; x_wconf 82' lang='grc' dir='ltr'><strong>τῶν</strong></span> <span class='ocrx_word' id='word_1_810' title='bbox 441 5250 576 5303; x_wconf 82' lang='grc' dir='ltr'><strong>ὅλων</strong></span> <span class='ocrx_word' id='word_1_811' title='bbox 609 5248 840 5319; x_wconf 88' lang='grc' dir='ltr'><strong>Ποιητοῦ</strong></span> <span class='ocrx_word' id='word_1_812' title='bbox 865 5249 963 5319; x_wconf 80' lang='grc' dir='ltr'><strong>τῆς</strong></span> <span class='ocrx_word' id='word_1_813' title='bbox 991 5247 1172 5300; x_wconf 81' lang='grc' dir='ltr'><strong>ἐνθέου</strong></span> <span class='ocrx_word' id='word_1_814' title='bbox 1195 5247 1366 5318; x_wconf 79' lang='grc' dir='ltr'><strong>χαρᾶς</strong></span> <span class='ocrx_word' id='word_1_815' title='bbox 1395 5245 1489 5298; x_wconf 70' lang='grc' dir='ltr'><strong>καὶ</strong></span> <span class='ocrx_word' id='word_1_816' title='bbox 1515 5242 1751 5312; x_wconf 83' lang='grc' dir='ltr'><strong>ἀγαλλιά-</strong></span> 
     </span>
    </p>
   </div>
   <div class='ocr_carea' id='block_1_91' title="bbox 1907 5231 3439 5319">
    <p class='ocr_par' dir='ltr' id='par_1_91' title="bbox 1913 5231 3439 5307">
     <span class='ocr_line' id='line_1_91' title="bbox 1913 5231 3439 5307; baseline -0.007 -14"><span class='ocrx_word' id='word_1_817' title='bbox 1913 5242 2142 5303; x_wconf 89' lang='lat' dir='ltr'><strong>omines,</strong></span> <span class='ocrx_word' id='word_1_818' title='bbox 2202 5252 2378 5307; x_wconf 88' lang='lat' dir='ltr'><strong>neque</strong></span> <span class='ocrx_word' id='word_1_819' title='bbox 2425 5236 2493 5291; x_wconf 92' lang='lat' dir='ltr'><strong>ab</strong></span> <span class='ocrx_word' id='word_1_820' title='bbox 2542 5234 2876 5297; x_wconf 90' lang='lat' dir='ltr'><strong>hominibus,</strong></span> <span class='ocrx_word' id='word_1_821' title='bbox 2908 5232 2976 5285; x_wconf 91' lang='lat' dir='ltr'><strong>ab</strong></span> <span class='ocrx_word' id='word_1_822' title='bbox 3016 5231 3132 5300; x_wconf 88' lang='lat' dir='ltr'><strong>ipso</strong></span> <span class='ocrx_word' id='word_1_823' title='bbox 3161 5244 3291 5284; x_wconf 88' lang='lat' dir='ltr'><strong>vero</strong></span> <span class='ocrx_word' id='word_1_824' title='bbox 3318 5231 3439 5283; x_wconf 88' lang='lat' dir='ltr'><strong>uni-</strong></span> 
     </span>
    </p>
   </div>
   <div class='ocr_carea' id='block_1_92' title="bbox 222 5320 1754 5411">
    <p class='ocr_par' dir='ltr' id='par_1_92' title="bbox 222 5332 1754 5411">
     <span class='ocr_line' id='line_1_92' title="bbox 222 5332 1754 5411; baseline -0.001 -24"><span class='ocrx_word' id='word_1_825' title='bbox 222 5351 340 5402; x_wconf 85' lang='grc' dir='ltr'><strong>σεως</strong></span> <span class='ocrx_word' id='word_1_826' title='bbox 366 5341 638 5411; x_wconf 80' lang='grc' dir='ltr'><strong>ἀσωμάτῳ</strong></span> <span class='ocrx_word' id='word_1_827' title='bbox 661 5340 756 5393; x_wconf 67' lang='grc' dir='ltr'><strong>καὶ</strong></span> <span class='ocrx_word' id='word_1_828' title='bbox 780 5340 1071 5408; x_wconf 85' lang='grc' dir='ltr'><strong>θεοπρεπεϊ</strong></span> <span class='ocrx_word' id='word_1_829' title='bbox 1102 5336 1357 5408; x_wconf 87' lang='grc' dir='ltr'><strong>χρίσματι</strong></span> <span class='ocrx_word' id='word_1_830' title='bbox 1376 5332 1754 5405; x_wconf 67' lang='grc' dir='ltr'><strong>κεχρισμένοςε</strong></span> 
     </span>
    </p>
   </div>
   <div class='ocr_carea' id='block_1_93' title="bbox 1901 5320 3433 5411">
    <p class='ocr_par' dir='ltr' id='par_1_93' title="bbox 1901 5320 3433 5392">
     <span class='ocr_line' id='line_1_93' title="bbox 1901 5320 3433 5392; baseline -0.007 -7"><span class='ocrx_word' id='word_1_831' title='bbox 1901 5330 2015 5385; x_wconf 71' lang='grc' dir='ltr'><strong>ἐι·δί</strong></span> <span class='ocrx_word' id='word_1_832' title='bbox 2048 5329 2286 5384; x_wconf 87' lang='lat' dir='ltr'><strong>Auctore</strong></span> <span class='ocrx_word' id='word_1_833' title='bbox 2331 5328 2528 5382; x_wconf 59' lang='lat' dir='ltr'><strong>divinae</strong></span> <span class='ocrx_word' id='word_1_834' title='bbox 2562 5325 2760 5380; x_wconf 62' lang='lat' dir='ltr'><strong>laetitiae</strong></span> <span class='ocrx_word' id='word_1_835' title='bbox 2812 5330 2975 5392; x_wconf 89' lang='lat' dir='ltr'><strong>atque</strong></span> <span class='ocrx_word' id='word_1_836' title='bbox 3031 5320 3433 5382; x_wconf 82' lang='lat' dir='ltr'><strong>exsultationis,</strong></span> 
     </span>
    </p>
   </div>
   <div class='ocr_carea' id='block_1_94' title="bbox 221 5410 1753 5503">
    <p class='ocr_par' dir='ltr' id='par_1_94' title="bbox 221 5410 1753 5503">
     <span class='ocr_line' id='line_1_94' title="bbox 221 5410 1753 5503; baseline -0.003 -22"><span class='ocrx_word' id='word_1_837' title='bbox 221 5427 391 5503; x_wconf 78' lang='grc' dir='ltr'><strong>διόπερ</strong></span> <span class='ocrx_word' id='word_1_838' title='bbox 426 5410 650 5496; x_wconf 72' lang='grc' dir='ltr'><strong>ἐνδίκως</strong></span> <span class='ocrx_word' id='word_1_839' title='bbox 678 5432 836 5502; x_wconf 89' lang='grc' dir='ltr'><strong>μόνος</strong></span> <span class='ocrx_word' id='word_1_840' title='bbox 860 5428 1078 5500; x_wconf 82' lang='grc' dir='ltr'><strong>ἀγαθῶς</strong></span> <span class='ocrx_word' id='word_1_841' title='bbox 1107 5429 1200 5482; x_wconf 74' lang='grc' dir='ltr'><strong>καὶ</strong></span> <span class='ocrx_word' id='word_1_842' title='bbox 1230 5427 1433 5499; x_wconf 86' lang='grc' dir='ltr'><strong>κυρίως</strong></span> <span class='ocrx_word' id='word_1_843' title='bbox 1463 5424 1611 5498; x_wconf 79' lang='grc' dir='ltr'><strong>παρὰ</strong></span> <span class='ocrx_word' id='word_1_844' title='bbox 1640 5423 1753 5487; x_wconf 76' lang='grc' dir='ltr'><strong>τοὺς</strong></span> 
     </span>
    </p>
   </div>
   <div class='ocr_carea' id='block_1_95' title="bbox 1900 5410 3432 5503">
    <p class='ocr_par' dir='ltr' id='par_1_95' title="bbox 1900 5410 3432 5493">
     <span class='ocr_line' id='line_1_95' title="bbox 1900 5410 3432 5493; baseline -0.01 -15"><span class='ocrx_word' id='word_1_845' title='bbox 1900 5437 2192 5493; x_wconf 90' lang='lat' dir='ltr'><strong>ncorporeo</strong></span> <span class='ocrx_word' id='word_1_846' title='bbox 2219 5429 2273 5475; x_wconf 91' lang='lat' dir='ltr'><strong>et</strong></span> <span class='ocrx_word' id='word_1_847' title='bbox 2307 5419 2398 5475; x_wconf 91' lang='lat' dir='ltr'><strong>Dei</strong></span> <span class='ocrx_word' id='word_1_848' title='bbox 2424 5418 2707 5489; x_wconf 89' lang='lat' dir='ltr'><strong>majestate</strong></span> <span class='ocrx_word' id='word_1_849' title='bbox 2731 5416 2894 5487; x_wconf 89' lang='lat' dir='ltr'><strong>digno</strong></span> <span class='ocrx_word' id='word_1_850' title='bbox 2918 5419 3197 5485; x_wconf 90' lang='lat' dir='ltr'><strong>unguento</strong></span> <span class='ocrx_word' id='word_1_851' title='bbox 3229 5410 3301 5467; x_wconf 87' lang='lat' dir='ltr'><strong>sit</strong></span> <span class='ocrx_word' id='word_1_852' title='bbox 3327 5427 3432 5464; x_wconf 85' lang='lat' dir='ltr'><strong>un-</strong></span> 
     </span>
    </p>
   </div>
   <div class='ocr_carea' id='block_1_96' title="bbox 223 5503 1755 5595">
    <p class='ocr_par' dir='ltr' id='par_1_96' title="bbox 223 5515 1755 5595">
     <span class='ocr_line' id='line_1_96' title="bbox 223 5515 1755 5595; baseline -0.006 -21"><span class='ocrx_word' id='word_1_853' title='bbox 223 5519 626 5595; x_wconf 76' lang='grc' dir='ltr'><strong>ὀνομαζομένους</strong></span> <span class='ocrx_word' id='word_1_854' title='bbox 651 5520 815 5575; x_wconf 83' lang='grc' dir='ltr'><strong>αὐτοῦ</strong></span> <span class='ocrx_word' id='word_1_855' title='bbox 851 5518 1107 5592; x_wconf 87' lang='grc' dir='ltr'><strong>μετόχους</strong></span> <span class='ocrx_word' id='word_1_856' title='bbox 1130 5516 1362 5588; x_wconf 77' lang='grc' dir='ltr'><strong>Χριστὸς</strong></span> <span class='ocrx_word' id='word_1_857' title='bbox 1390 5515 1455 5568; x_wconf 88' lang='grc' dir='ltr'><strong>ἂν</strong></span> <span class='ocrx_word' id='word_1_858' title='bbox 1475 5516 1755 5584; x_wconf 85' lang='grc' dir='ltr'><strong>ἀναγορευ-</strong></span> 
     </span>
    </p>
   </div>
   <div class='ocr_carea' id='block_1_97' title="bbox 1905 5503 3437 5595">
    <p class='ocr_par' dir='ltr' id='par_1_97' title="bbox 1908 5503 3437 5583">
     <span class='ocr_line' id='line_1_97' title="bbox 1908 5503 3437 5583; baseline -0.009 -14"><span class='ocrx_word' id='word_1_859' title='bbox 1908 5525 1997 5569; x_wconf 81' lang='lat' dir='ltr'><strong>tus</strong></span> <span class='ocrx_word' id='word_1_860' title='bbox 2039 5532 2053 5568; x_wconf 90' lang='lat'><strong>:</strong></span> <span class='ocrx_word' id='word_1_861' title='bbox 2095 5519 2428 5583; x_wconf 88' lang='lat' dir='ltr'><strong>quapropter</strong></span> <span class='ocrx_word' id='word_1_862' title='bbox 2460 5512 2607 5579; x_wconf 86' lang='lat' dir='ltr'><strong>juste</strong></span> <span class='ocrx_word' id='word_1_863' title='bbox 2650 5509 2822 5572; x_wconf 89' lang='lat' dir='ltr'><strong>solus,</strong></span> <span class='ocrx_word' id='word_1_864' title='bbox 2855 5507 2974 5562; x_wconf 90' lang='lat' dir='ltr'><strong>sine</strong></span> <span class='ocrx_word' id='word_1_865' title='bbox 3018 5504 3221 5559; x_wconf 87' lang='lat' dir='ltr'><strong>malitia</strong></span> <span class='ocrx_word' id='word_1_866' title='bbox 3263 5503 3437 5568; x_wconf 86' lang='lat' dir='ltr'><strong>solus,</strong></span> 
     </span>
    </p>
   </div>
   <div class='ocr_carea' id='block_1_98' title="bbox 224 5594 1756 5689">
    <p class='ocr_par' dir='ltr' id='par_1_98' title="bbox 224 5604 1756 5689">
     <span class='ocr_line' id='line_1_98' title="bbox 224 5604 1756 5689; baseline -0.004 -25"><span class='ocrx_word' id='word_1_867' title='bbox 224 5611 347 5685; x_wconf 84' lang='grc' dir='ltr'><strong>θείη.</strong></span> <span class='ocrx_word' id='word_1_868' title='bbox 376 5619 436 5670; x_wconf 83' lang='grc' dir='ltr'><strong>υί</strong></span> <span class='ocrx_word' id='word_1_869' title='bbox 467 5616 689 5689; x_wconf 84' lang='grc' dir='ltr'><strong>μέτοχοι</strong></span> <span class='ocrx_word' id='word_1_870' title='bbox 713 5613 770 5668; x_wconf 84' lang='grc' dir='ltr'><strong>δὲ</strong></span> <span class='ocrx_word' id='word_1_871' title='bbox 786 5612 949 5666; x_wconf 85' lang='grc' dir='ltr'><strong>αὑτοῦ</strong></span> <span class='ocrx_word' id='word_1_872' title='bbox 971 5610 1111 5675; x_wconf 88' lang='grc' dir='ltr'><strong>τίνες</strong></span> <span class='ocrx_word' id='word_1_873' title='bbox 1135 5609 1201 5663; x_wconf 80' lang='grc' dir='ltr'><strong>ἂν</strong></span> <span class='ocrx_word' id='word_1_874' title='bbox 1229 5604 1357 5673; x_wconf 73' lang='grc' dir='ltr'><strong>εἷεν,</strong></span> <span class='ocrx_word' id='word_1_875' title='bbox 1373 5607 1407 5677; x_wconf 77' lang='grc' dir='ltr'><strong>ἢ</strong></span> <span class='ocrx_word' id='word_1_876' title='bbox 1425 5608 1474 5660; x_wconf 83' lang='grc' dir='ltr'><strong>οἱ</strong></span> <span class='ocrx_word' id='word_1_877' title='bbox 1489 5605 1590 5660; x_wconf 80' lang='grc' dir='ltr'><strong>οἷοί</strong></span> <span class='ocrx_word' id='word_1_878' title='bbox 1612 5623 1670 5659; x_wconf 88' lang='grc' dir='ltr'><strong>τε</strong></span> <span class='ocrx_word' id='word_1_879' title='bbox 1687 5605 1756 5658; x_wconf 88' lang='grc' dir='ltr'><strong>λέ-</strong></span> 
     </span>
    </p>
   </div>
   <div class='ocr_carea' id='block_1_99' title="bbox 1900 5594 3432 5689">
    <p class='ocr_par' dir='ltr' id='par_1_99' title="bbox 1900 5594 3432 5672">
     <span class='ocr_line' id='line_1_99' title="bbox 1900 5594 3432 5672; baseline -0.009 -12"><span class='ocrx_word' id='word_1_880' title='bbox 1900 5617 2014 5660; x_wconf 63' lang='lat' dir='ltr'><strong>tene</strong></span> <span class='ocrx_word' id='word_1_881' title='bbox 2043 5610 2097 5657; x_wconf 91' lang='lat' dir='ltr'><strong>et</strong></span> <span class='ocrx_word' id='word_1_882' title='bbox 2126 5602 2291 5672; x_wconf 72' lang='lat'><strong>218</strong></span> <span class='ocrx_word' id='word_1_883' title='bbox 2321 5599 2559 5672; x_wconf 88' lang='lat' dir='ltr'><strong>proprie,</strong></span> <span class='ocrx_word' id='word_1_884' title='bbox 2584 5598 2783 5671; x_wconf 62' lang='lat' dir='ltr'><strong>praeiis</strong></span> <span class='ocrx_word' id='word_1_885' title='bbox 2818 5597 2911 5667; x_wconf 89' lang='lat' dir='ltr'><strong>qui</strong></span> <span class='ocrx_word' id='word_1_886' title='bbox 2940 5597 3111 5667; x_wconf 91' lang='lat' dir='ltr'><strong>ipsius</strong></span> <span class='ocrx_word' id='word_1_887' title='bbox 3141 5594 3432 5665; x_wconf 70' lang='lat' dir='ltr'><strong>participes</strong></span> 
     </span>
    </p>
   </div>
   <div class='ocr_carea' id='block_1_100' title="bbox 283 5758 1815 5847">
    <p class='ocr_par' dir='ltr' id='par_1_100' title="bbox 283 5767 1798 5847">
     <span class='ocr_line' id='line_1_100' title="bbox 283 5767 1798 5847; baseline -0.004 -19"><span class='ocrx_word' id='word_1_888' title='bbox 283 5770 304 5804; x_wconf 84' lang='grc'><strong>’⁵</strong></span> <span class='ocrx_word' id='word_1_889' title='bbox 330 5771 451 5847; x_wconf 81' lang='lat' dir='ltr'><strong>Sap.</strong></span> <span class='ocrx_word' id='word_1_890' title='bbox 490 5792 592 5847; x_wconf 77' lang='lat' dir='ltr'><strong>vn,</strong></span> <span class='ocrx_word' id='word_1_891' title='bbox 624 5770 819 5829; x_wconf 67' lang='lat'><strong>2526.</strong></span> <span class='ocrx_word' id='word_1_892' title='bbox 848 5771 869 5804; x_wconf 82' lang='lat'><strong>&#39;</strong></span> <span class='ocrx_word' id='word_1_893' title='bbox 902 5770 1087 5827; x_wconf 79' lang='lat' dir='ltr'><strong>Matth.</strong></span> <span class='ocrx_word' id='word_1_894' title='bbox 1118 5787 1194 5837; x_wconf 73' lang='grc' dir='ltr'><strong>ιι,</strong></span> <span class='ocrx_word' id='word_1_895' title='bbox 1229 5769 1318 5823; x_wconf 66' lang='grc' dir='ltr'><strong>Ἦ.</strong></span> <span class='ocrx_word' id='word_1_896' title='bbox 1423 5771 1442 5801; x_wconf 82' lang='grc'><strong>⁸</strong></span> <span class='ocrx_word' id='word_1_897' title='bbox 1470 5768 1600 5825; x_wconf 87' lang='lat' dir='ltr'><strong>ibid.</strong></span> <span class='ocrx_word' id='word_1_898' title='bbox 1721 5770 1740 5800; x_wconf 92' lang='lat'><strong><em>&quot;</em></strong></span> <span class='ocrx_word' id='word_1_899' title='bbox 1780 5767 1798 5822; x_wconf 91' lang='lat' dir='ltr'><strong>l</strong></span> 
     </span>
    </p>
   </div>
   <div class='ocr_carea' id='block_1_101' title="bbox 1193 5758 2725 5847">
    <p class='ocr_par' dir='ltr' id='par_1_101' title="bbox 1193 5758 2725 5832">
     <span class='ocr_line' id='line_1_101' title="bbox 1193 5758 2725 5832; baseline -0.009 -7"><span class='ocrx_word' id='word_1_900' title='bbox 1193 5813 1194 5825; x_wconf 36' lang='grc' dir='ltr'><strong>χ</strong></span> <span class='ocrx_word' id='word_1_901' title='bbox 1229 5769 1318 5823; x_wconf 66' lang='grc' dir='ltr'><strong>Ἦ.</strong></span> <span class='ocrx_word' id='word_1_902' title='bbox 1423 5771 1442 5801; x_wconf 82' lang='grc'><strong>⁸</strong></span> <span class='ocrx_word' id='word_1_903' title='bbox 1470 5768 1600 5825; x_wconf 88' lang='lat' dir='ltr'><strong>ibid.</strong></span> <span class='ocrx_word' id='word_1_904' title='bbox 1721 5770 1740 5800; x_wconf 92' lang='lat'><strong><em>&quot;</em></strong></span> <span class='ocrx_word' id='word_1_905' title='bbox 1780 5767 1798 5822; x_wconf 91' lang='lat' dir='ltr'><strong>l</strong></span> <span class='ocrx_word' id='word_1_906' title='bbox 1861 5766 1987 5821; x_wconf 88' lang='lat' dir='ltr'><strong>Cor.</strong></span> <span class='ocrx_word' id='word_1_907' title='bbox 2023 5781 2062 5832; x_wconf 88' lang='grc' dir='ltr'><strong>ι,</strong></span> <span class='ocrx_word' id='word_1_908' title='bbox 2090 5762 2184 5818; x_wconf 72' lang='grc'><strong>24.</strong></span> <span class='ocrx_word' id='word_1_909' title='bbox 2259 5762 2280 5793; x_wconf 82' lang='grc'>⁸</span> <span class='ocrx_word' id='word_1_910' title='bbox 2311 5759 2455 5817; x_wconf 86' lang='lat' dir='ltr'><strong>Psal.</strong></span> <span class='ocrx_word' id='word_1_911' title='bbox 2488 5775 2637 5826; x_wconf 65' lang='grc' dir='ltr'><strong>κων,</strong></span> <span class='ocrx_word' id='word_1_912' title='bbox 2673 5758 2725 5813; x_wconf 84' lang='grc'><strong>8.</strong></span> 
     </span>
    </p>
   </div>
  </div>
