3880 6256
435 285 543 343 859

1075 278 1346 336 EUSEBll
1375 262 1857 338 CESARIENSIS
1886 276 2001 336 0P!

2102 275 2273 332 'ARS.
2306 274 2373 331 ιι.
2414 306 2484 316 ——
2520 274 3020 333 APOLOGETICA.

3583 271 3687 330 360

422 397 801 463 nominantur,
847 396 1103 453 Christus
1145 394 1466 466 appelletur.
1519 392 1823 467 Participes
1872 411 2001 452 vero

2105 410 2225 465 γειν
2247 410 2263 426 ο
2297 412 2319 447 ι
2347 393 2582 465 Μέτοχοι
2610 394 2719 467 γὰρ
2739 396 3041 467 γεγόναμεν
3068 391 3306 465 Χριστοῦ
3333 409 3349 459 ;
3389 410 3408 444 ι
3446 391 3578 465 περὶ
3615 386 3690 447 ὧν

418 494 542 565 ejus
562 492 785 563 quinam
810 503 997 560 quaeso
1029 487 1164 552 sint,
1187 486 1296 542 nisi
1322 486 1487 565 iiqui
1517 487 1703 544 dicere
1723 494 1956 559 possunt
1982 505 2000 545 :

431 602 452 636 ι
489 583 793 652 Partieipes
808 581 953 637 enim
986 579 1116 634 facti
1135 595 1326 635 sumus
1352 578 1560 636 Christi
1579 579 1637 633 οἳ
1663 599 1683 633 ι
1705 577 1782 635 De
1804 579 2003 650 quibus

420 677 629 733 dictum
662 681 748 731 est
779 691 793 725 :
835 691 854 725 ι
901 669 1081 727 Nolite
1114 680 1336 742 tangere
1374 671 1614 727 cbristos
1640 685 1811 736 meos,
1851 677 1907 727 et
1946 672 2004 726 in

422 769 704 839 prophetis
753 766 891 822 meis
938 765 1109 821 nolite
1158 754 1534 837 malignari“.
1583 785 1603 818 ι
1652 765 1781 820 item
1839 764 2003 834 igitur

424 873 549 914 cum
587 858 644 911 in
691 856 777 912 his
830 856 989 926 plane
1025 854 1279 911 Christus
1307 856 1639 925 apparuerit,
1662 862 1716 909 et
1743 853 1999 917 dilectus.

425 955 480 1004 et
512 947 677 1014 Deus,
704 956 760 1002 et
806 964 924 1011 rex,
954 954 1171 1016 tempus
1194 946 1262 1002 de
1290 947 1382 1001 illo
1411 955 1471 1000 ut
1506 960 1837 1016 quaeramus,
1865 960 2003 1015 quo-

423 1040 608 1103 modo,
639 1039 731 1109 qui
751 1046 859 1093 tam
882 1038 1106 1109 grandis
1139 1037 1231 1100 sit,
1264 1036 1515 1092 inimicos
1536 1036 1734 1092 habere
1762 1036 1998 1102 dicatur,

423 1138 479 1186 et
505 1145 773 1201 quosnam
809 1130 967 1192 istos,
998 1136 1050 1184 et
1079 1136 1300 1198 propter
1327 1142 1486 1196 quam
1524 1141 1768 1187 causam.
1806 1126 2001 1181 adver-

424 1239 521 1281 sus
552 1237 692 1294 quos
736 1236 867 1276 suas
914 1221 1162 1290 sagittas,
1192 1235 1460 1289 suumque
1490 1221 1730 1290 gladium
1761 1221 1999 1283 exacuit,

423 1323 478 1372 et
508 1330 616 1385 quo
648 1323 807 1385 pacto
851 1314 1016 1368 nullis
1058 1314 1225 1368 armis
1275 1312 1544 1367 instructa
1574 1314 1713 1377 acie,
1745 1314 1839 1369 sed
1875 1329 2002 1384 pro-

423 1416 545 1478 pter
577 1413 860 1461 veritatem
892 1414 945 1460 et
989 1406 1461 1460 mansuetudinem
1491 1413 1547 1460 et
1589 1404 1884 1475 justitiam,
1918 1406 1997 1459 in-

422 1500 792 1556 numerabiles
822 1499 924 1554 sibi
960 1499 1063 1567 ipsi
1096 1499 1374 1569 subegerit
1403 1501 1658 1571 populos.
1695 1499 1797 1566 Qui
1831 1500 2003 1569 igitur

425 1593 544 1649 haec
589 1592 904 1662 diligentius
933 1592 1147 1663 quaerit,
1178 1593 1325 1647 hunc
1353 1600 1572 1662 Oportet
1603 1607 1668 1646 ea
1703 1592 2003 1648 transferre

425 1684 493 1739 ad
525 1683 860 1740 Salvator-em
885 1701 948 1740 ac
978 1686 1264 1740 Dominum
1295 1693 1543 1741 nostrum
1563 1683 1771 1746 Jesum,
1795 1686 1887 1755 qui
1914 1693 1997 1739 est

424 1773 679 1830 Christus
705 1772 820 1836 Dei,
851 1783 906 1829 et
939 1774 1007 1829 ad
1064 1790 1126 1828 ea
1176 1788 1458 1829 recurrere
1507 1789 1627 1844 quae
1655 1774 1722 1829 de
1756 1775 1904 1830 illius
1934 1775 2001 1829 ad
2032 1758 2074 1811 Β

424 1864 676 1920 homines
730 1863 965 1919 adventu
1009 1879 1040 1917 a
1072 1864 1234 1919 nobis
1262 1865 1505 1933 exposita
1539 1872 1668 1920 sunt
1699 1884 1715 1920 :
1752 1865 1843 1921 ubi
1874 1880 1998 1919 cum

424 1957 735 2013 hostilesiet
764 1955 942 2010 visum
984 1964 1235 2010 nostrum
1266 1955 1584 2027 effugientes
1607 1956 2001 2027 ﬂagitiosorum

425 2061 491 2101 ac
523 2047 812 2101 noxiorum
847 2046 1152 2101 daemonum
1188 2062 1589 2117 pravorumque
1618 2059 1780 2118 atque
1822 2050 2000 2121 impu-

424 2152 611 2193 rorum
628 2138 918 2208 spirituum
949 2146 1247 2209 potestates
1262 2139 1393 2194 dare
1420 2147 1570 2211 terga
1595 2142 1856 2211 coegerit,
1878 2159 2004 2212 per-

424 2246 587 2302 quam
637 2230 1062 2285 innumerabiles
1104 2231 1210 2286 sibi
1242 2233 1345 2302 ipsi
1379 2248 1446 2288 ex
1479 2233 1734 2288 omnibus
1768 2235 2004 2287 nationi-

421 2322 525 2378 bus
549 2323 777 2393 populos
797 2323 1133 2393 comparavit
1188 2342 1202 2378 :
1252 2339 1413 2394 quem
1439 2325 1564 2379 inde
1593 2326 1757 2379 etiam
1809 2341 1999 2379 verum

421 2410 519 2467 Dei
550 2411 828 2468 Christum
865 2414 1141 2484 appellare
1172 2416 1484 2481 conveniat,
1522 2418 1721 2486 quippe
1752 2416 1846 2487 qui
1891 2434 2001 2471 non

422 2506 699 2560 communi
741 2506 882 2570 oleo,
930 2514 990 2560 ut
1044 2507 1212 2576 prisci
1242 2515 1664 2572 consueverant,
1690 2509 1764 2563 sit
1805 2518 2003 2565 unctus

424 2594 624 2664 (neque
654 2596 819 2650 etiam
853 2597 958 2651 tale
995 2599 1291 2671 quidquam
1330 2598 1398 2653 de
1426 2598 1519 2653 illo
1550 2600 1827 2655 memoria:
1876 2617 2004 2671 pro-

421 2686 595 2740 ditum
645 2686 772 2759 est),
838 2688 929 2743 sed
976 2690 1342 2759 prmstantiori
1406 2691 1644 2761 quodam
1711 2690 2003 2763 divinoque

422 2786 723 2848 mguento,
754 2794 817 2833 ex
844 2795 953 2850 quo
982 2782 1168 2850 utique
1194 2782 1358 2837 ctiam
1399 2798 1496 2853 per
1525 2782 1744 2846 Isaiam,
1779 2784 1861 2839 sic
1888 2786 1999 2840 ait:

427 2886 448 2920 ι
483 2867 721 2940 Spiritus
768 2867 984 2926 Domini
1033 2888 1199 2942 super
1242 2889 1349 2938 me,
1400 2882 1622 2945 propter
1655 2876 1802 2946 quod
1848 2878 2005 2931 unxit

421 2962 600 3015 me“.
637 2980 655 3012 ι
690 2959 962 3026 Quocirca
1012 2962 1154 3017 inter
1209 2978 1401 3019 omnes
1449 2966 1831 3035 potissimum,
1882 2968 2005 3038 qni-

422 3067 640 3123 cunque
678 3069 928 3151 .unq‘uam
973 3053 1116 3151 apud
1169 3053 1425 3111 Hebraeos
1477 3058 1819 3151 corporalius
1848 3058 1999 3113 uncti
2028 3095 2070 3151 ο

424 3151 574 3208 sunt,
611 3141 763 3198 solus
796 3142 853 3196 in
882 3149 999 3198 toto
1036 3142 1167 3198 orbe
1210 3150 1482 3198 terrarum
1530 3144 1676 3214 apud
1711 3146 2001 3201 universos

422 3233 630 3290 Christi
679 3233 901 3289 nomine
946 3234 1277 3301 celebratur,
1328 3242 1382 3290 et
1432 3234 1875 3291 Christianorum
1932 3236 2003 3291 ab

423 3322 546 3393 ipso
591 3322 822 3378 deducta
871 3324 1255 3395 appellatione,
1287 3332 1457 3380 totam
1509 3342 1631 3396 quae
1684 3327 2003 3384 habitantur

422 3419 625 3467 terram
673 3413 914 3483 implevit
951 3433 965 3469 :
996 3414 1399 3484 quodammodo
1465 3426 1648 3473 autem
1702 3418 1856 3474 illum
1898 3435 2002 3474 nn-

423 3509 573 3558 ctum
602 3520 724 3560 esse
751 3504 1021 3569 dicamus,
1056 3513 1110 3561 et
1154 3507 1284 3576 quid
1317 3508 1423 3564 hoc
1453 3509 1527 3563 sit
1559 3518 1920 3581 unguentum,
1946 3520 2002 3567 et

422 3595 678 3667 quisnam
754 3596 1033 3652 unctionis
1088 3597 1306 3664 modus,
1371 3599 1589 3656 abunde
1665 3602 1800 3657 satis
1859 3603 2001 3657 libro

422 3690 605 3760 priore
657 3689 1033 3745 tractavimus.
1074 3689 1245 3745 Porro
1304 3691 1358 3747 in
1412 3691 1577 3763 hujus
1627 3693 1790 3749 labiis
1839 3702 2035 3764 atque-

423 3782 675 3837 doctrina
704 3789 856 3836 tanta
888 3780 1061 3836 effusa
1092 3792 1177 3837 est
1206 3782 1407 3853 gratia,
1443 3792 1504 3838 ut
1547 3784 1698 3839 brevi
1733 3792 1997 3856 tempore,

422 3886 488 3927 ea
520 3887 642 3943 qua:
674 3873 743 3927 ab
774 3873 895 3942 ipso
919 3873 1246 3928 denuntiata
1269 3882 1374 3940 est,
1408 3876 1772 3932 sanctimonia
1801 3886 1855 3933 et
1886 3880 2002 3950 pie—

422 3972 555 4027 tate,
580 3978 798 4019 omnem
822 3964 1000 4018 locum
1030 3966 1359 4036 impleverit.
1391 3966 1580 4039 Itaque
1609 3969 1721 4037 jam
1754 3986 1901 4024 nunc
1944 3971 2000 4025 in

425 4055 680 4110 omnibus
728 4056 977 4127 gentibus
1014 4056 1158 4127 apud
1202 4072 1299 4113 eos
1344 4059 1438 4128 qui
1480 4060 1784 4115 doctrinam
1826 4062 1998 4131 ipsius

425 4144 725 4214 accipiunt,
758 4145 1109 4214 comprobata
1159 4146 1280 4216 ejus
1334 4150 1649 4221 prophetiae,
1688 4167 1809 4221 quae
1855 4168 2001 4208 nunc

425 4236 484 4290 in
549 4236 801 4291 manibus
871 4244 989 4301 est,
1079 4238 1307 4294 veritate
1342 4280 1359 4306 ,
1438 4248 1494 4297 et
1568 4243 1714 4315 regis
1780 4251 1835 4298 et
1902 4243 1999 4299 Dei

426 4324 654 4395 gloriam
722 4323 950 4394 adeptus
994 4333 1099 4392 est,
1155 4333 1209 4382 et
1282 4329 1425 4399 apud
1494 4345 1655 4385 omne
1719 4330 1997 4387 hominum

2102 483 2317 557 εἴρηται
2339 500 2353 514 ’
2383 502 2403 534 ‹
2439 484 2531 555 Μὴ
2565 484 2800 538 ἅπτεσθε
2823 484 2930 538 τῶν
2955 482 3191 556 χριστῶν
3216 499 3316 554 μου
3336 521 3352 547 ,
3378 481 3474 536 καὶ
3502 483 3561 536 ὲν
3579 486 3690 548 τοῖς

2101 574 2408 647 προφήταις
2436 591 2540 645 μου
2578 573 2654 646 μὴ
2678 574 3067 647 πονηρεύεσθε.
3100 593 3118 627 ι
3148 574 3259 628 Καὶ
3289 573 3353 642 δὴ
3382 573 3689 644 πεφηνότος

2099 666 2188 720 διὰ
2208 665 2409 720 τούτων
2436 667 2620 736 σαφῶς
2647 665 2739 719 τοῦ
2764 664 3000 737 Χριστοῦ
3037 664 3320 737 ἀγαπητοῦ
3341 705 3355 728 ,
3392 664 3486 717 καὶ⁵
3516 664 3654 718 Θεοῦ
3673 704 3689 725 ,

2101 760 2194 812 καὶ
2223 758 2487 830 βασιλέως
2512 797 2526 820 ,
2556 755 2674 829 ῶρα
2716 773 2775 809 σε
2814 758 3016 828 ζητεῖν,
3054 759 3081 809 ὁ
3114 755 3429 827 τηλικοῦτος
3455 756 3573 818 πῶς
3604 758 3693 827 ἐχ-

2101 852 2264 924 θροὺς
2294 851 2437 923 ἔχειν
2466 851 2709 919 λέγεται,
2742 851 2837 903 καὶ
2864 850 3035 915 τίνας,
3059 851 3153 904 καὶ
3170 851 3236 903 δι’
3254 851 3321 921 ἣν
3341 851 3541 912 αἰτίαν,
3566 849 3693 904 καθ’

2100 939 2176 1000 ὧν
2208 944 2277 998 τά
2309 944 2500 998 ἑαυτοῦ
2531 944 2685 1015 βέλη,
2710 943 2805 997 καὶ
2838 945 2937 1014 τὴν
2966 943 3159 998 ἑαυτοῦ
3189 944 3460 1015 ῥομφαίαν
3488 943 3691 1015 ἡκονή-

2102 1055 2266 1109 σατο,
2314 1038 2460 1100 ὅπως
2492 1054 2553 1089 τε
2598 1038 2658 1090 οὐ
2711 1036 2776 1089 δι’
2813 1036 3097 1107 ὁπλιτικῆς
3141 1034 3529 1107 παρατάξεως,
3572 1034 3690 1087 ἀλλ’

2100 1130 2281 1183 ἕνεκεν
2320 1127 2576 1198 ἀληθείας
2594 1112 2694 1181 καὶ
2726 1128 3030 1199 πραότητος
3075 1126 3169 1178 καὶ
3205 1123 3551 1196 δικαιοσύνης
3595 1142 3693 1195 μυ-

2103 1223 2251 1295 ρίους
2272 1221 2583 1291 ὑπηγάγετο
2598 1220 2774 1291 ἐαυτῷ
2789 1220 2969 1285 λαούς.
2995 1218 3293 1284 Ζητοῦντας
3316 1218 3425 1292 γὰρ
3448 1216 3694 1290 ἀκριϐῶς

2099 1313 2273 1367 ταῦτα
2293 1353 2308 1378 ,
2338 1314 2515 1377 καλῶς
2550 1313 2613 1366 ἂν
2644 1314 2755 1383 ἔχοι
2789 1312 3113 1384 μεταφέρειν
3146 1312 3283 1366 αὐτὰ
3320 1312 3413 1364 ἐπὶ
3446 1311 3538 1363 τὸν
3577 1311 3695 1363 Σω-

2101 1406 2240 1477 τῆρα
2262 1406 2359 1459 καὶ
2383 1405 2583 1476 Κύριον
2614 1408 2645 1476 ἡ
2656 1404 2770 1476 μῶν
2794 1404 3000 1474 Ἰησοῦν
3027 1404 3119 1457 τὸν
3148 1403 3381 1475 Χριστὸν
3411 1402 3505 1456 τοῦ
3531 1401 3693 1465 Θεοῦ,

2082 1498 2466 1569 ,ἀνατρέχοντα
2489 1496 2582 1550 ἐπὶ
2609 1496 2676 1548 τὰ
2705 1495 3095 1567 διεξωδευμὲνα
3129 1495 3372 1567 περὶτῆς
3392 1497 3470 1558 είς
3492 1494 3697 1567 ἀνθρώ-

2105 1605 2238 1652 πους
2264 1588 2428 1642 αὐτοῦ
2453 1590 2708 1661 παρόδου,
2734 1588 2855 1643 καθ’
2883 1590 2948 1661 ἢν
2970 1588 3068 1652 τὰς
3092 1587 3291 1660 ἐχθρὰς
3313 1587 3409 1641 καὶ
3425 1589 3696 1660 ἀοράτους

2106 1680 2362 1752 δυνάμεις
2404 1680 2511 1733 τῶν
2558 1681 2847 1753 μοχθηρῶν
2879 1685 2973 1736 καί
3013 1679 3357 1751 λυμαντικῶν
3399 1679 3692 1751 δαιμόνων,

2102 1774 2210 1827 τῶν
2242 1791 2300 1826 τε
2338 1772 2590 1845 πονηρῶν
2628 1774 2721 1827 καί
2749 1771 3076 1843 ἀκαθάρτων
3110 1770 3438 1842 πνευμάτων
3468 1788 3694 1843 τροπωο

2103 1865 2368 1935 σάμενος,
2414 1864 2640 1935 μυρίους
2680 1865 2839 1926 ὅσους
2894 1861 3075 1932 ἐαυτῷ
3118 1861 3281 1925 λαοὺς
3331 1859 3390 1925 ἐξ
3435 1860 3694 1915 ἁπάντων

2101 1958 2207 2011 τῶν
2232 1958 2401 2011 ἐθνῶν
2435 1958 2798 2028 συνεστήσατο
2815 1974 2828 1986 ·
2857 1956 2915 2009 ὃν
2940 1957 3032 2009 καὶ
3062 1954 3294 2028 Χριστὸν
3318 1953 3499 2026 ἀληθῆ
3524 1970 3694 2026 προσ-

2102 2050 2223 2120 ήκοι
2256 2049 2320 2103 ἂν
2352 2048 2445 2102 τοῦ
2472 2048 2606 2101 Θεοῦ
2635 2048 2883 2102 ὲνθεῦθεν
2906 2047 3277 2121 ἀναγορεύειν,
3301 2047 3361 2099 ού
3395 2046 3564 2117 κοινῷ
3593 2046 3691 2116 μὲν

2102 2140 2266 2211 ἐλαίῳ
2292 2140 2401 2195 τῶν
2429 2141 2599 2194 πάλαι
2651 2139 2896 2211 συνήθως
2921 2140 3208 2211 χρισθέντα
3285 2139 3408 2191 οῦτε
3435 2135 3531 2191 οὖν
3559 2140 3695 2191 ἱστο-

2106 2232 2275 2304 ρεῖταί
2313 2250 2363 2285 τι
2416 2234 2544 2305 περὶ
2584 2233 2747 2286 αὑτοῦ
2787 2233 3069 2302 τοιοῦτον),
3100 2232 3366 2304 κρείττονι
3398 2231 3454 2284 δὲ
3482 2230 3581 2284 καὶ
3610 2233 3694 2282 ὲν-

2104 2326 2211 2395 θέῳ
2266 2324 2550 2396 χρίσματι,
2589 2326 2717 2397 παρ’
2767 2325 2795 2379 ὃ
2854 2326 2917 2397 δὴ
2965 2326 3056 2379 καὶ
3104 2325 3190 2378 διὰ
3239 2326 3461 2377 Ἡσαΐου
3520 2322 3689 2394 φησί·

2108 2434 2127 2467 ‹
2169 2416 2393 2487 Πνεῦμα
2425 2417 2630 2487 Κυρίου
2658 2416 2743 2469 ἐπ’
2791 2417 2889 2487 ἐμὲ
2918 2458 2931 2479 ,
2965 2412 3024 2470 οὗ
3069 2417 3277 2470 εἵνεκεν
3314 2415 3499 2487 ἔχρισε
3535 2431 3628 2483 με.
3672 2430 3689 2462 ι

2106 2508 2267 2561 Ὅθεν
2285 2510 2377 2562 καὶ
2402 2509 2600 2580 μᾶλλον
2629 2508 2882 2563 ἁπάντων
2901 2509 3007 2563 τῶν
3024 2508 3246 2561 πώποτε
3267 2509 3392 2578 παρ’
3418 2505 3697 2577 Ἑϐραίοις

2105 2599 2558 2672 σωματικώτερον
2585 2598 2919 2671 χρισθέντων
2952 2601 3111 2671 μόνος
3141 2600 3242 2653 ἀνά
3279 2601 3456 2652 πᾶσαν
3489 2598 3594 2667 τὴν
3629 2598 3696 2649 ol-

2105 2694 2379 2766 κουμὲνην
2407 2693 2643 2765 Χριστὸς
2669 2692 2819 2764 παρά
2846 2696 2959 2755 τοῖς
2997 2694 3129 2746 πᾶσι
3158 2691 3436 2762 βεϐόηται,
3465 2689 3563 2742 καὶ
3593 2688 3697 2757 τῆς

2104 2785 2163 2850 ἐξ
2209 2786 2372 2839 αὐτοῦ
2416 2784 2757 2857 Χριστιανῶν
2810 2784 3185 2857 προσηγορίας
3239 2781 3337 2853 τὴν
3391 2781 3695 2852 σύμπασαν

2104 2876 2338 2949 ἔπλησεν
2353 2877 2698 2947 οἰκουμένην.
2719 2877 2907 2939 Ὅπως
2923 2875 2977 2928 δέ
2995 2892 3172 2946 φαμεν
3201 2873 3358 2927 αὐτὸν
3378 2872 3691 2944 κεχρίσθαι,

2103 2970 2198 3024 καὶ
2224 2969 2275 3023 τί
2297 2968 2359 3023 τὺ
2379 2970 2608 3041 χρίσμα,
2648 2970 2740 3021 καὶ
2763 2967 2847 3031 τίς
2878 2969 2906 3020 ό
2938 2969 3037 3038 τῆς
3066 2967 3296 3038 χρίσεως
3326 2966 3554 3037 τρόπος,
3588 2964 3692 3017 αύ-

2103 3061 2321 3131 τάρκως
2347 3062 2405 3114 ὲν
2427 3058 2505 3130 τῷ
2535 3059 2639 3132 πρὸ
2662 3056 2851 3112 τούτου
2883 3059 3274 3130 συγγράμματι
3307 3056 3690 3127 διειλήφαμεν.

2101 3149 2302 3205 Τούτου
2346 3149 2405 3204 δὲ
2438 3152 2495 3205 ἐν
2532 3153 2644 3215 τοῖς
2683 3149 2886 3222 χείλεσι
2920 3148 3012 3203 καὶ
3057 3150 3114 3202 ὲν
3151 3150 3216 3220 τῇ
3254 3145 3573 3217 διδασκαλίᾳ
3608 3160 3693 3198 το-

2104 3240 2277 3313 σαύτη
2300 3240 2575 3313 κατεχύθη
2603 3241 2764 3313 χάρις
2780 3281 2795 3306 ,
2831 3242 2907 3304 ὼς
2932 3241 2989 3293 ὲν
3020 3239 3184 3309 ὀλίγῳ
3209 3239 3385 3295 πάντα
3407 3238 3571 3290 τόπον
3597 3238 3691 3307 ἑμ-

2101 3332 2301 3405 πλῆσαι
2345 3334 2444 3406 τῆς
2486 3332 2624 3406 πρὸς
2668 3333 2831 3387 αὑτοῦ
2880 3330 3341 3402 καταγγελθείσης
3375 3328 3687 3393 εὐσεϐείας·

2100 3423 2239 3478 ὥστε
2256 3425 2356 3496 ἤδη
2378 3426 2436 3478 ἐν
2458 3426 2623 3478 πᾶσιν
2647 3422 2844 3485 ἔθνεσι,
2874 3422 3026 3493 παρὰ
3052 3423 3164 3483 τοῖς
3208 3420 3306 3491 τὴν
3337 3416 3690 3472 διδασκαλίαν

2101 3518 2265 3573 αὐτοῦ
2310 3517 2583 3590 μετιοῦσιν
2602 3556 2617 3581 ,
2648 3514 2957 3577 ἀκολούθως
2989 3516 3054 3585 τῇ
3091 3511 3230 3583 μετά
3250 3514 3438 3582 χεῖρας
3469 3527 3688 3581 προφη-

2098 3611 2239 3683 τείᾳ,
2266 3610 2361 3664 καὶ
2384 3608 2644 3680 βασιλέως
2660 3608 2755 3661 καὶ
2771 3605 2907 3659 Θεοῦ
2923 3605 3081 3672 δόξαν
3106 3601 3528 3677 περιϐεϐλῆσθαι
3550 3642 3565 3666 ,
3589 3603 3688 3656 καὶ

2102 3718 2177 3756 πα
2185 3702 2252 3776 ρά
2265 3703 2427 3755 πᾶσιν
2442 3699 2746 3773 ἀνθρώποις
2760 3697 2991 3769 Χριστὸν
3010 3693 3453 3767 ἀναγορεύεσθαι.
3469 3694 3686 3765 Πρόδη-

2099 3794 2180 3847 λοι
2206 3793 2263 3848 δὲ
2288 3796 2381 3847 καὶ
2402 3793 2452 3845 οί
2473 3791 2677 3863 ἐχθροὶ,
2696 3792 2757 3844 οὐ
2791 3790 2949 3861 μόνον
2965 3790 3014 3841 οἱ
3032 3790 3158 3859 πρὶν
3181 3787 3465 3856 γεγονότες
3488 3785 3684 3851 αὐτοῦ,

2100 3886 2235 3941 ἀλλά
2269 3887 2364 3939 καὶ
2400 3887 2449 3939 oi
2489 3886 2579 3939 ἀεὶ
2616 3882 3123 3956 προσπολεμοῦντες
3167 3878 3332 3933 αὐτοῦ
3381 3879 3459 3949 τῷ
3498 3877 3681 3948 λόγῳ,

2101 3979 2210 4033 εἴτε
2243 3980 2300 4032 ὲν
2334 3975 2663 4049 ἀνθρώποις,
2701 3976 2811 4029 εἴτε
2842 3974 2936 4028 καὶ
2978 3975 3036 4027 ὲν
3068 3971 3320 4043 ἀοράτοις
3363 3968 3684 4039 δυνάμεσιν,

2099 4071 2191 4135 οὒς
2215 4069 2430 4141 ἀοράτῳ
2461 4069 2554 4122 καὶ
2582 4067 2839 4139 λεληθυίᾳ
2868 4065 3098 4136 δυνάμει
3127 4065 3358 4118 πάντοτε
3390 4059 3682 4132 καθαιρῶν

2099 4162 2159 4228 ἐξ
2184 4162 2436 4217 ἁπάντων
2460 4160 2566 4215 τῶν
2592 4159 2762 4213 ἐθνῶν
2803 4158 3088 4221 παντοίους
3132 4153 3308 4225 ἐαυτῷ
3351 4153 3517 4215 λαοὺς
3535 4144 3682 4205 ’ύπο⁴

2098 4253 2334 4324 χειρίους
2389 4252 2703 4322 πεποίηται.
2764 4249 2848 4303 Τὰ
2900 4248 2955 4302 δὲ
3016 4247 3143 4318 ἑξῆς
3192 4248 3251 4300 ὲν
3303 4244 3382 4317 τῷ
3435 4242 3678 4314 ψαλμῷ,

2106 4364 2125 4398 ι
2160 4344 2400 4416 Σμύρνα,
2431 4343 2526 4398 καὶ
2549 4342 2774 4413 στακτὴ,
2808 4341 2901 4395 καὶ
2929 4340 3128 4394 κασσία
3154 4338 3262 4393 ἀπὸ
3292 4337 3399 4393 τῶν
3443 4335 3678 4408 ἱματίων

427 4430 600 4487 genus
633 4414 885 4471 Christus
914 4418 1235 4489 appellatur.
1265 4418 1405 4475 Sunt
1426 4427 1605 4475 autem
1628 4421 1749 4491 ejus
1783 4439 1999 4494 quoque

2102 4414 2217 4501 σου,
2259 4414 2381 4490 ι-τά
2424 4453 2481 4489 τε
2524 4436 2617 4488 ἐπὶ
2655 4434 2886 4497 τούτοις,
2914 4432 2993 4496 ὡς
3023 4433 3152 4506 περὶ
3187 4429 3452 4502 βασιλίδος
3478 4427 3677 4500 δηλού-

427 4508 635 4563 inimici
688 4508 982 4577 manifesti,
1026 4525 1135 4565 non
1161 4512 1323 4568 modo
1350 4512 1444 4583 qui
1477 4513 1630 4582 prius
1649 4515 1995 4581 exstiterant,

2103 4546 2240 4600 μενα
2267 4530 2360 4582 καὶ
2388 4526 2656 4600 θυγατρὸς
2685 4527 2776 4580 τὸν
2807 4524 3057 4597 πατρῷον
3093 4521 3240 4578 οἷκον
3275 4522 3673 4593 ἀπολιπούσης,

426 4600 526 4654 sed
574 4600 736 4655 etiam
775 4602 869 4671 qui
929 4616 1143 4673 semper
1191 4603 1366 4674 ipsius
1414 4606 1584 4660 verbo
1618 4605 1998 4673 adversantur,

2102 4622 2193 4674 καὶ
2223 4620 2301 4691 τῷ
2329 4618 2725 4691 προδηλωθέντι
2756 4616 2996 4689 Χριστῷ,
3031 4617 3125 4670 καὶ
3160 4614 3387 4687 βασιλεῖ,
3421 4615 3518 4667 καὶ

424 4691 592 4762 219
627 4691 742 4748 sive
779 4693 855 4747 illi
895 4697 950 4749 in
984 4696 1335 4765 hominibus,
1370 4695 1487 4751 sive
1516 4696 1571 4751 in
1601 4696 1991 4768 effugientibus

2102 4710 2517 4782 νυμφευθείσης,
2551 4710 2754 4782 Κύριόν
2782 4726 2841 4761 τε
2883 4709 3044 4762 αὐτὸν
3089 4705 3547 4779 ἀναγορευούσης,
3579 4703 3673 4758 ἐπὶ

425 4785 605 4840 visum
644 4795 893 4842 nostrum
931 4789 1295 4859 potestatibus
1334 4789 1482 4854 sint,
1516 4804 1656 4860 quos
1686 4790 1775 4846 ille
1804 4792 1997 4848 invisi-

2102 4806 2192 4875 τὴν
2222 4802 2283 4868 ἐξ
2306 4803 2474 4857 ἐθνῶν
2512 4802 2858 4875 Ἐκκλησίαν,
2887 4801 2985 4873 τὴν
3015 4800 3273 4872 πατρῴαν
3300 4798 3395 4851 καὶ
3426 4797 3642 4867 δαιμονι
3661 4825 3672 4837 ·

426 4878 525 4933 bili
555 4880 877 4950 occultaque
913 4882 1113 4939 virtute
1144 4898 1212 4938 ex
1245 4883 1501 4939 omnibus
1540 4886 1796 4955 gentibus
1839 4887 1989 4942 aufe-

2102 4897 2199 4966 κὴν
2223 4897 2660 4967 ἀποστραφεῖσαν
2686 4895 2911 4965 πλάνην,
2941 4893 3079 4964 καθη
3089 4892 3326 4965 ραμένην
3362 4907 3444 4954 τε,
3474 4889 3572 4943 καὶ
3597 4890 3663 4957 τῇ

428 4983 556 5024 rens
594 4977 648 5024 et
685 4971 1045 5037 subvertens,
1084 4973 1264 5029 omnis
1331 4975 1548 5044 generis
1614 4978 1846 5047 populos
1885 4978 1993 5033 sibi

2102 4986 2191 5038 τοῦ
2241 4986 2384 5039 θείου
2423 4986 2579 5054 λόγου
2626 4984 2877 5055 κοινωνίᾳ
2911 4982 3424 5055 καθαρμοσαμένην,
3458 4977 3634 5047 ἀναφέ

429 5059 533 5130 ipsi
563 5062 937 5118 auscultantes
967 5063 1166 5120 eil‘ecit.
1202 5064 1335 5132 Qua:
1363 5081 1491 5121 vero
1534 5067 1590 5122 in
1620 5068 1810 5123 eodem
1842 5071 1990 5139 psal-

2102 5081 2231 5149 ροιτ’
2276 5078 2341 5131 ἂν
2367 5080 2465 5149 τῆς
2503 5076 2886 5149 προσηκούσης
2916 5077 3249 5147 τυγχάνοντα
3282 5075 3421 5128 κατά
3468 5070 3663 5143 σχολὴν

428 5167 519 5206 mo
560 5164 866 5223 sequuntur
893 5175 907 5210 :
938 5173 957 5207 ι
988 5153 1237 5228 Myrrha,
1291 5166 1347 5214 et
1399 5167 1587 5231 gutta,
1636 5169 1692 5216 et
1735 5162 1913 5217 cassia
1962 5178 1994 5217 a

2102 5172 2411 5245 ἑρμηνείας.

427 5292 770 5352 vestimentis
836 5286 945 5353 tuis
977 5297 1041 5363 ",
1072 5317 1092 5350 ι
1117 5307 1172 5355 et
1224 5307 1421 5356 caetera
1456 5300 1750 5370 deinceps,
1793 5317 1914 5371 qua:
1951 5302 2211 5357 dicuntur
2266 5301 2423 5372 quasi
2455 5300 2523 5356 de
2578 5303 2763 5373 regina
2796 5312 2849 5359 et
2883 5302 3021 5365 tilia,
3075 5318 3195 5373 quas
3234 5310 3518 5373 paternam
3567 5303 3659 5360 do-

425 5397 577 5436 mum
609 5381 906 5452 reliquerit,
934 5394 1162 5451 qumque
1185 5391 1239 5435 et
1266 5379 1503 5444 Christo,
1539 5389 1593 5435 et
1616 5380 1751 5449 regi,
1776 5389 1829 5434 et
1855 5379 1966 5435 Deo
1995 5380 2062 5434 de
2088 5395 2199 5450 quo
2225 5381 2429 5437 dictum
2465 5392 2568 5448 est,
2601 5385 2923 5455 desponsata
2963 5387 3051 5451 sit,
3088 5387 3489 5465 Dominumque
3515 5392 3667 5448 illum

429 5478 660 5548 appellet
692 5496 704 5531 :
741 5477 807 5532 ad
838 5493 958 5534 eam
994 5493 1115 5547 quae
1140 5476 1207 5533 de
1243 5477 1491 5548 gentibus
1512 5477 1737 5533 collecta
1773 5486 1858 5533 est
1892 5476 2210 5537 Ecclesiam.
2250 5494 2281 5534 a
2311 5481 2488 5550 patrio
2520 5483 2930 5554 dmmouicoque
2975 5498 3161 5539 errore
3185 5499 3433 5540 aversam
3463 5502 3672 5557 expuro

432 5584 740 5646 gatamque,
788 5589 852 5629 ac
887 5573 1055 5630 divini
1089 5573 1239 5628 verbi
1283 5572 1773 5627 communicatione
1822 5587 2121 5626 connexam
2169 5583 2223 5628 et
2250 5577 2604 5646 compositam
2651 5579 2841 5636 referri
2881 5586 3156 5651 poterunt,
3206 5579 3299 5636 ubi
3342 5596 3444 5653 per
3498 5584 3673 5640 otium

435 5668 897 5726 accommodatam
933 5668 1036 5724 sibi
1069 5668 1562 5738 interpretationem
1590 5677 1748 5723 nacta
1779 5666 2000 5723 fuerint.

504 5766 530 5801 ⁸
561 5763 722 5821 llebr.
755 5780 839 5831 ιιι,
870 5765 956 5821 14.
1034 5766 1077 5799 ιο
1104 5763 1246 5823 Psal.
1280 5781 1390 5840 Civ,
1421 5766 1509 5823 15.
1586 5764 1626 5799 ¹¹
1654 5765 1761 5824 Isa.
1785 5782 1897 5832 LXI,
1935 5767 1987 5822 l.

2102 5771 2107 5799 '
2142 5766 2282 5826 Psal.
2310 5784 2455 5833 xuv,
2489 5768 2542 5825 9.
