3880 6256
209 351 302 412 581

730 474 1122 529 ΚΕΦΑΛΔΙΟΝ
1160 474 1238 530 1".

220 559 374 635 'Dc‘d
405 563 590 630 αυτὸς
620 564 927 635 προφήτης
953 563 1055 635 καὶ,
1076 564 1146 618 ἐν
1162 568 1253 633 ρθ⁹
1273 565 1491 635 ψαλμῷ
1518 565 1628 620 δύο
1656 569 1765 621 Κυ-

266 632 440 701 ρίους
458 632 749 704 ᾉέμφακῶξ
791 634 1103 704 ὁμολογεῖ·
1136 632 1245 689 ἕνα
1280 632 1640 703 τὸν⁷πρῶτον
1666 637 1765 689 καί

273 702 558 772 quamdiu
606 704 755 758 Θεὸν
773 743 788 767 ,
836 702 1141 771 δεύτερον,
1191 705 1265 758 ὃν
1313 704 1493 772 αὐτὸς
1547 705 1761 760 ἑαυτοῦ

271 770 619 853 (irai-opsum
647 776 889 853 Κύριον.
920 770 1030 853 Καὶ
1076 775 1156 841 ὡς
1194 770 1477 853 γενέσθαι
1495 775 1617 853 ὑπὸ.
1656 773 1763 853 τοῦ

275 842 420 912 Θεοῦ
451 842 565 912 πρὸ
600 842 710 911 τῆς
738 843 843 896 τοῦ
875 845 1104 912 κόσμου
1138 842 1490 912 συστάσεως
1525 845 1622 898 καὶ
1656 847 1763 898 αὐ·-

276 911 376 975 τός
412 910 522 964 τὸν
551 910 829 979 δεύτερον
867 910 1085 979 Κύριον
1112 911 1253 979 οἵδε,
1289 916 1387 967 καὶ
1415 915 1494 979 ὡς
1521 914 1759 969 αἰώνιον

268 980 372 1034 τοῦ
390 982 623 1051 Πατρός
640 982 814 1050 ἱερέα,
827 984 924 1035 καὶ
939 985 1020 1049 ὡς
1039 985 1372 1051 σύνθρονον
1382 982 1486 1036 τοῦ
1504 985 1597 1037 ἐπὶ
1622 981 1762 1037 mir-

270 1066 383 1102 των
405 1052 576 1116 Θεοῦ,
594 1052 762 1120 ὃμοια
783 1052 923 1120 ἡμῖν
937 1053 1067 1120 περὶ
1087 1052 1192 1107 τοῦ
1211 1052 1465 1121 Χριστοῦ
1479 1053 1756 1118 δοξάζων.

273 1177 294 1213 ι
324 1156 494 1215 Εἶπεν
518 1163 548 1215 ὁ
578 1162 778 1234 Κύριος
808 1161 883 1233 τῷ
910 1163 1096 1234 Κυρίῳ
1129 1181 1230 1235 μου
1250 1181 1263 1195 ⁸
1288 1164 1468 1219 Κάθου
1484 1167 1548 1219 ὲκ
1574 1164 1758 1231 δεξιῶν

209 1267 323 1322 μου,
352 1251 459 1315 ἕως
496 1252 565 1306 ἂν
592 1251 669 1306 θῶ
691 1256 814 1317 τοὺς
834 1253 1055 1325 ἐχθρούς
1093 1271 1186 1308 σου
1220 1255 1501 1310 ὑποπόδιον
1524 1256 1628 1311 τῶν
1657 1273 1756 1310 πο·-

204 1344 299 1398 δῶν
330 1359 444 1396 σου.
488 1343 707 1399 Ῥάόδον
748 1345 1025 1416 δυνάμεως
1053 1344 1400 1410 ἐξαποστελεί
1432 1364 1513 1401 σοι
1553 1347 1756 1418 Κύριος

202 1433 262 1488 ὲκ
297 1432 457 1498 Σιὼν,
500 1435 593 1489 καὶ
636 1435 1081 1507 κατακυριεύσεις
1124 1439 1182 1491 ὲν
1230 1437 1378 1508 μέσῳ
1414 1438 1521 1491 τῶν
1548 1436 1755 1509 ἐχθρῶν

202 1539 304 1578 σοι).
333 1523 498 1579 Μετὰ
539 1525 630 1580 σοῦ
661 1527 695 1597 ἠ
719 1527 859 1599 ἀρχὴ
894 1528 951 1580 ὲν
981 1526 1164 1599 ἡμέρᾳ
1202 1528 1303 1599 τῆς
1334 1528 1613 1600 δυνάμεώς
1638 1547 1751 1594 σου,

201 1617 253 1670 ἂν
274 1619 388 1680 ταῖς
413 1616 766 1689 λαμπρότησι
790 1617 898 1671 τῶν
919 1618 1086 1687 ἁγίων
1116 1635 1229 1673 σου.
1272 1620 1365 1673 Ἐκ
1387 1618 1619 1692 γαστρὸς
1648 1617 1753 1692 πρὸ

210 1705 515 1780 Ἑωσφόρου
542 1708 843 1779 γεγέννηκά
864 1726 940 1763 σε.
977 1710 1177 1781 Ὠμοσε
1201 1710 1420 1783 Κύριος,
1452 1713 1545 1765 καὶ
1565 1713 1622 1765 οὐ
1654 1729 1751 1782 με·

1104 356 1747 415 DEMONSTRATIONIS
1777 356 2229 415 EVANGELICA‘J
2266 357 2392 415 LIB.
2434 359 2499 416 ν.

1792 486 1841 542 Δ

3312 370 3414 425 369

2384 502 2389 507 η
2460 477 2690 534 CAPUT
2740 477 2830 535 ιη.

1871 570 2024 638 Quod
2064 572 2213 643 idem,
2232 569 2494 641 Propheta
2517 573 2675 626 etiam
2699 574 2752 628 in
2773 590 2862 629 cu
2884 575 3088 643 psalmo
3125 575 3201 631 bis
3236 579 3419 635 Domi-

1938 657 2063 695 num
2101 641 2362 696 euidenter
2400 643 2680 710 conﬁtetur
2705 659 2725 698 :
2762 641 2921 699 semel
2943 685 2958 708 ,
2998 662 3116 701 cum
3140 649 3202 702 de
3236 665 3298 705 eo
3337 653 3418 705 lo-

1934 712 2114 782 quitur
2131 712 2220 781 qui
2246 720 2297 766 et
2320 711 2459 766 Deus
2486 722 2535 765 et
2569 714 2730 768 Pater
2777 724 2887 780 est;
2918 717 3106 771 iterum
3138 735 3254 773 eum
3275 721 3339 776 de
3357 738 3418 777 eo

1933 797 2085 902 gem
2114 783 2222 850 ipse
2240 798 2393 836 suum
2421 792 2684 849 nuncupat
2702 783 3001 840 Dominum.
3032 786 3101 841 Et
3127 790 3261 859 quod
3283 790 3418 845 hunc

1987 852 2220 902 ominum
2246 852 2354 902 inse
2364 868 2563 902 auoaue
2584 854 2724 902 novit
2735 856 2958 902 aenitum
2981 873 3092 902 esu
3103 869 3222 902 ante
3236 862 3418 902 ηυυπη

1987 852 2220 904 ominum
2246 852 2354 920 ipse
2364 868 2563 922 quoque
2584 854 2724 923 novit
2734 856 2958 923 genitum
2981 873 3092 911 esse
3103 852 3222 913 ante
3236 862 3420 915 mundi
3429 886 3436 897 -

1933 921 2383 985 constitutionem,
2401 931 2452 974 et
2480 921 2618 990 quod
2654 921 2907 977 (uernum
2949 925 3130 981 Patris
3174 932 3418 985 sacerdo-

1937 1000 2072 1071 tem,_
2088 999 2140 1045 et
2180 992 2410 1071 supremi
2460 990 2559 1071 Dei
2595 999 3223 1071 consessorem,'similem
3241 1002 3418 1071 utique

1933 1063 2222 1130 opinionem
2234 1061 2286 1116 in
2298 1062 2393 1115 hoc
2406 1070 2599 1117 nostrae
2610 1063 2734 1131 ﬁdei
2743 1063 2805 1118 de
2816 1062 3023 1120 Christo
3037 1084 3144 1136 pra:
3156 1086 3210 1123 se
3221 1061 3414 1140 ferens.

1942 1190 1961 1223 ι
1989 1171 2135 1228 Dixit
2170 1171 2431 1229 Dominus
2467 1172 2697 1231 Domino
2730 1191 2885 1244 meo,
2943 1177 3083 1237 Sede
3124 1196 3157 1236 a
3207 1181 3414 1241 dextris

1862 1264 2001 1320 meis
2028 1304 2044 1329 ,
2086 1264 2261 1354 donec
2298 1281 2495 1336 ponam
2533 1267 2786 1325 inimicos
2822 1275 2945 1326 tuos
2981 1272 3277 1327 scabellum
3316 1289 3415 1345 pe-
3448 1300 3463 1310 κ

1860 1350 1989 1407 dum
2032 1350 2273 1410 tuorum.
2328 1353 2551 1426 Virgam
2589 1356 2808 1412 virtutis
2841 1359 3048 1415 emittet
3081 1361 3182 1417 tibi
3229 1362 3415 1420 Domi-

1859 1459 1965 1498 nus
1992 1458 2059 1499 ex
2092 1443 2223 1499 Sion
2250 1484 2267 1511 ,
2294 1451 2349 1500 et
2375 1444 2746 1502 dominaberis
2769 1448 2825 1502 in
2854 1449 3038 1506 medio
3065 1451 3413 1511 inimicorum

1859 1543 2098 1589 tuorum.
2136 1535 2339 1592 Tecum
2372 1537 2698 1608 principium
2729 1538 2786 1593 in
2817 1538 2906 1597 die
2933 1542 3151 1600 virtutis
3183 1552 3319 1615 tuae,
3355 1547 3414 1604 in

1863 1627 2243 1698 splendoribus
2292 1638 2610 1688 sanctorum
2672 1640 2910 1690 tuorum.
2955 1634 3032 1691 Ex
3082 1646 3237 1696 utero
3287 1651 3412 1697 ante

1856 1717 2168 1777 Luciferum
2205 1724 2367 1793 genui
2406 1731 2480 1781 te.
2536 1722 2749 1780 Juravit
2781 1724 3042 1784 Dominus
3065 1737 3119 1785 et
3152 1746 3261 1787 non
3296 1747 3413 1803 pa:-

200 1795 629 1869 ταμεληθήσεται
651 1813 664 1827 ·
715 1798 786 1853 Σὺ
830 1800 1007 1870 ἱερεὺς
1037 1801 1118 1862 είς
1162 1799 1253 1853 τὸν
1297 1800 1466 1854 αἰῶνα
1493 1801 1630 1855 κατὰ
1652 1802 1748 1873 τὴν

1862 1812 2049 1867 nitebit
2072 1828 2206 1890 eum
2243 1834 2256 1869 :
2306 1813 2387 1869 Tu
2455 1831 2517 1872 es
2560 1817 2818 1874 sacerdos
2859 1819 2915 1873 in
2973 1828 3270 1889 asternum,
3296 1795 3413 1882 ἐο-

200 1885 334 1950 τάξιν
363 1886 723 1957 Μελχισεδέκ.
755 1889 958 1961 Κύριος
991 1892 1055 1943 ἐκ
1082 1889 1267 1955 δεξιῶν
1296 1908 1407 1944 σου.
1447 1911 1465 1943 ι
1498 1891 1600 1945 Τὸν
1640 1894 1748 1946 Σω-

1862 1887 2095 1958 cundum
2153 1905 2399 1962 ordinem
2430 1906 2805 1967 Melchisedec.
2855 1908 3116 1969 Dominus
3144 1928 3175 1968 a
3203 1885 3412 1973 dextris

199 1977 324 2047 τῆρα
346 1980 445 2032 καὶ
481 1979 686 2051 Κύριον
725 1981 904 2053 ἡμῶν,
931 1981 1023 2035 τὸν
1064 1982 1401 2054 πρωτότοκον
1424 1983 1602 2055 πάσης
1631 1985 1749 2037 κτί-

199 2083 321 2134 σεως
346 2069 492 2125 Θεοῦ
525 2070 714 2140 Λόγον,
747 2073 844 2144 τὴν
874 2074 978 2144 πρὸ
1025 2073 1218 2137 αίῶνος
1265 2074 1474 2145 σοφίαν,
1506 2075 1603 2146 τὴν
1653 2077 1750 2149 ἀρ-

198 2159 284 2230 χὴν
304 2161 420 2215 τῶν
443 2162 581 2216 ὁδῶν
611 2163 703 2217 τοῦ
724 2163 879 2227 Θεοῦ,
908 2155 969 2218 τὸ
997 2165 1332 2237 πρωτότοκον
1352 2166 1445 2220 καὶ
1467 2168 1748 2237 μονογενὲς

197 2249 276 2303 τοῦ
305 2251 524 2323 Πατρὸς
552 2251 815 2325 γέννημα,
858 2253 948 2307 τὸν
972 2257 1038 2327 τῇ
1082 2254 1173 2308 τοῦ
1222 2254 1457 2329 Χριστοῦ
1501 2256 1747 2328 τιμώμε-

197 2356 273 2394 νον
301 2342 668 2414 προσηγορίᾳ,
693 2344 786 2398 καὶ
805 2345 835 2398 ὁ
861 2343 1048 2415 παρὼν
1079 2344 1286 2416 ψαλμὺς
1309 2348 1511 2419 Κύριον
1537 2349 1745 2402 ἀποκα-

196 2431 285 2496 λεῖ,
309 2432 582 2488 διδάσκων
612 2433 772 2489 αὐτὸν
820 2430 959 2489 εἶναι
993 2434 1278 2510 σύνθρονον
1318 2439 1453 2509 ὁμοῦ
1488 2440 1581 2493 καὶ
1620 2438 1746 2492 Υίὸν

194 2522 276 2577 τοῦ
305 2525 404 2577 ἐπὶ
433 2524 651 2580 πάντων
690 2525 823 2579 Θεοῦ
855 2544 913 2580 τε
941 2527 1032 2581 καὶ
1062 2529 1267 2602 Κυρίου
1295 2528 1402 2582 τῶν
1433 2530 1589 2596 ὅλων,
1618 2530 1747 2584 αίώ-

196 2616 293 2670 νιόν
315 2632 377 2669 τε
424 2615 520 2669 τοῦ
547 2615 758 2687 Πατρὸς
795 2617 960 2691 ἱερέα.
986 2617 1205 2691 Πρῶτον
1230 2618 1292 2689 δὴ
1316 2614 1408 2672 οὖν
1435 2619 1743 2692 ἐπίστησον,

195 2701 260 2767 ὡς
278 2702 378 2775 ἥδη
413 2703 573 2758 τοῦτο
595 2701 839 2776 δεύτερον
868 2706 1110 2779 γέννημα
1131 2706 1265 2760 Θεοῦ
1291 2709 1742 2780 προσηγόρευται,

195 2795 275 2849 καὶ
299 2796 429 2850 ἐπεὶ
466 2796 602 2850 Θεοῦ
638 2813 702 2865 γε
743 2799 1008 2870 πνεύματι
1037 2799 1104 2853 τὰ
1137 2799 1233 2870 τῆς
1261 2800 1592 2872 προφητείας
1616 2803 1745 2873 ἡμῖν

192 2887 433 2958 εἰρῆσθαι
472 2886 842 2952 πεπίστευται,
876 2890 976 2962 ὅρα
1019 2890 1067 2942 εί
1115 2889 1189 2961 μὴ
1215 2890 1343 2943 αὐτὸ
1369 2890 1433 2961 δὴ
1461 2890 1522 2944 τὸ
1566 2893 1622 2945 ὲν
1667 2890 1744 2963 τῷ

192 2981 435 3053 προφήτῃ
502 2979 725 3053 Πνεῦμα
774 2980 945 3050 ἅγιον,
999 2979 1190 3036 ἑαυτοῦ
1252 2981 1454 3054 Κύριον
1499 2981 1744 3055 δεύτερον

193 3071 327 3140 μετὰ
354 3072 443 3126 τὸν
466 3071 575 3125 τῶν
601 3072 737 3126 ὅλων
759 3072 1093 3144 ἀναγορεύειο
1130 3092 1150 3125 ε
1188 3068 1321 3126 Eine
1351 3090 1371 3125 ι
1404 3071 1533 3144 γὰρ,
1558 3074 1741 3145 φησὶν,

1855 1992 1965 2049 tuis
2000 1992 2063 2047 ¹³.
2090 2013 2110 2045 ι
2138 1992 2471 2053 Salvatorem
2499 2013 2564 2053 ac
2592 1997 2882 2055 Dominum
2910 2010 3157 2058 nostrum
3178 2040 3193 2071 ,
3223 2005 3409 2077 ipsum

1859 2085 2279 2157 primogenitum
2304 2090 2483 2145 omnis
2509 2100 2771 2149 creatura:
2790 2093 2884 2150 Dei
2905 2093 3173 2162 Verbum,
3203 2098 3411 2169 sapien-

1854 2176 1986 2229 tiam
2030 2191 2152 2247 quae
2194 2186 2278 2234 est
2321 2192 2446 2236 ante
2507 2196 2719 2249 atrum,
2760 2183 2976 2239 initium
3020 2186 3229 2243 viarum
3274 2186 3407 2253 Dei,

1852 2265 2270 2338 primogenitum
2294 2278 2347 2326 et
2366 2272 2585 2328 unicum
2608 2273 2786 2333 Patris
2810 2292 3035 2348 germen
3052 2318 3068 2342 ,
3092 2279 3255 2349 220
3278 2295 3406 2335 eum

1851 2356 1945 2426 qui
1979 2356 2182 2416 Christi
2212 2361 2574 2433 appellatione
2618 2365 2937 2434 honoratur,
2979 2383 3217 2438 praesens
3258 2385 3399 2441 quo-

1849 2463 1957 2518 que
1982 2450 2226 2520 psalmus
2269 2451 2556 2509 Dominum
2597 2465 2785 2524 vocat,
2825 2458 3095 2529 docetque
3129 2475 3252 2515 eum
3284 2474 3407 2516 esse

1850 2553 2226 2599 consessorem
2259 2543 2423 2600 simul
2450 2552 2506 2601 et
2535 2543 2733 2602 Filium
2771 2551 3010 2621 supremi
3040 2549 3167 2619 Dei,
3197 2567 3406 2607 rerum-

1850 2647 1954 2702 que
1984 2634 2228 2688 omnium
2266 2635 2514 2704 Domini,
2547 2648 2918 2713 aeternumque
2945 2640 3123 2698 Patris
3152 2644 3406 2700 sacerdo-

1848 2731 1981 2781 tem.
2038 2724 2284 2782 Primum
2331 2744 2461 2801 ergo
2512 2731 2595 2787 sic
2646 2731 2886 2799 habeto,
2945 2735 3403 2806 quemadmodum

1848 2816 2136 2887 progenies
2172 2818 2262 2873 illa
2304 2819 2545 2876 secunda
2592 2820 2687 2878 Dei
2716 2823 2995 2882 nominata
3023 2830 3143 2892 est,
3181 2834 3236 2881 et
3269 2842 3408 2897 quo-

1848 2906 1995 2960 niam
2036 2908 2220 2963 divino
2265 2924 2482 2981 quoque
2523 2912 2720 2987 spiritu
2764 2914 2857 2970 illa
2900 2914 3197 2987 prophetiae
3238 2917 3405 2973 verba

1850 2998 1975 3055 ﬁdei
2013 3008 2215 3057 nostra:
2241 3003 2535 3059 commissa
2563 3015 2720 3073 sunt;
2759 3007 2881 3062 vide
2910 3022 3038 3061 num
3071 3016 3125 3063 et
3154 3008 3245 3064 ille
3280 3007 3407 3078 Spi-

1847 3091 1984 3147 ritus
2017 3102 2237 3149 sanctus
2270 3094 2326 3149 in
2350 3096 2650 3166 propheta,
2677 3098 2875 3154 suimet
2902 3099 3078 3169 ipsius
3113 3098 3402 3156 Dominum

196 3180 213 3212 l
235 3163 260 3215 ὁ
288 3161 500 3234 Κύριος
527 3162 605 3235 τῷ
633 3165 824 3235 Κυρίῳ
854 3181 953 3235 μου
980 3180 994 3194 °
1025 3163 1208 3220 Κάθου
1234 3165 1297 3218 ὲκ
1328 3165 1517 3231 δεξιῶν
1552 3184 1673 3237 μου.
1717 3187 1736 3220 ι

1862 3184 2144 3241 secundum
2170 3194 2294 3256 post
2322 3202 2444 3242 eum
2470 3188 2564 3258 qui
2585 3187 2848 3246 Dominus
2899 3200 2985 3246 est
3028 3194 3406 3248 universorum

191 3249 280 3305 τὸν
337 3250 551 3323 πρῶτον
608 3252 829 3326 Κύριον,
872 3254 1018 3307 ὼσὰν
1064 3254 1292 3309 καθόλου
1337 3254 1444 3308 τῶν
1493 3256 1746 3311 ἁπάντων

190 3342 476 3415 Δεσπότην,
535 3344 771 3417 Ἐΰραῖοι
808 3347 1173 3417 ἀνεκφωνήτῳ
1212 3346 1508 3419 προσρήσει
1553 3350 1617 3419 τῇ
1660 3346 1749 3401 διὰ

192 3434 287 3488 τῶν
304 3434 585 3508 τεσσάρων
606 3438 880 3508 στοιχείων
908 3437 1253 3510 ἀνηγόρευονο
1302 3439 1395 3492 τὸν
1414 3439 1470 3491 δὲ
1498 3439 1746 3511 δεύτερον

190 3526 360 3581 οὐκέθ’
399 3529 621 3599 ὁμοίως,
664 3529 809 3594 ἰδίως
839 3529 883 3583 δ’
912 3530 1073 3584 αὐτὸν
1100 3530 1303 3602 Κύριον
1332 3531 1626 3603 ὠνόμαζον.
1657 3534 1749 3585 El-

193 3617 355 3682 κότως
377 3616 467 3674 οῦν
498 3622 527 3674 ὁ
557 3621 749 3692 Σωτὴρ
784 3623 876 3676 καὶ
912 3622 1116 3695 Κύριος
1156 3622 1312 3693 ἡμῶν
1342 3623 1501 3686 αὐτὸς
1543 3623 1748 3694 Ἰησοῦς

192 3709 463 3783 θΧριπὺς
492 3711 586 3767 τοῦ
615 3711 772 3777 Θεοῦ,
807 3712 1061 3783 ἐρόμενός
1095 3729 1225 3768 ποτε
1253 3715 1376 3777 τοὺς
1397 3715 1742 3787 Φαρισαίους,

199 3822 216 3854 ι
234 3804 433 3876 Τίύμῖν
461 3805 589 3876 περὶ
616 3804 709 3857 τοῦ
738 3803 971 3876 Χριστοῦ
998 3804 1180 3871 δοκεϊ;
1210 3805 1353 3870 τίνος
1389 3806 1536 3859 ἐστὶν
1562 3807 1673 3871 υἱός
1693 3824 1740 3873 ς»

194 3896 456 3958 εἰπόντων,
488 3894 582 3947 τοῦ
614 3895 795 3959 Δαὸὶδ,
829 3895 1089 3963 ἐπιλέγει,
1128 3912 1146 3946 ι
1182 3894 1308 3959 Πῶς
1357 3892 1449 3948 οὖν
1493 3896 1656 3949 Δαϐὶδ
1686 3897 1745 3949 ἐν

197 3985 448 4056 πνεύματι
469 3986 671 4059 Κύριον
690 3985 854 4039 αὐτὸν
878 3986 1051 4049 καλεῖ,
1084 3985 1279 4053 λέγων,
1307 3983 1471 4039 Εἶπεν
1495 3987 1522 4039 ὁ
1546 3985 1746 4058 Κύριος

195 4077 263 4147 τῷ
302 4077 487 4150 Κυρίῳ
535 4095 634 4150 μου
659 4094 673 4108 ⁸
714 4078 893 4132 Κάθου
929 4080 993 4132 ὲκ
1023 4077 1210 4145 δεξιῶν
1238 4095 1335 4149 μου
1361 4094 1375 4143 ;
1405 4098 1422 4129 ι
1468 4081 1746 4150 μονονουχὶ

198 4170 496 4240 ἑρμηνεύων
528 4170 627 4240 τὴν
655 4168 820 4235 λέξιν,
855 4170 929 4234 ὡς
962 4169 1024 4223 ού
1052 4170 1210 4240 μόνον
1234 4169 1326 4223 τοῦ
1356 4170 1518 4222 Δαὸὶδ
1544 4169 1745 4240 Κύριον

200 4259 339 4314 αὐτὸν
368 4260 823 4332 ἁναγορεύουσαν,
859 4260 992 4314 ἀλλὰ
1020 4259 1128 4332 γὰρ
1161 4261 1255 4314 καὶ
1299 4259 1392 4313 τοῦ
1418 4262 1479 4313 ἐν
1512 4260 1589 4331 τῷ
1616 4278 1747 4332 προ-

200 4351 327 4423 φήτῃ
367 4351 692 4423 πνεύματος.
738 4352 800 4405 Εἰ
840 4350 897 4404 δὲ
951 4352 1012 4405 τὸ
1058 4352 1272 4422 πνεῦμα
1313 4351 1372 4404 τὸ
1414 4352 1747 4423 προφητικὸν

201 4441 442 4514 (τοῦτοδὴ
488 4444 623 4514 ἡμῖν
653 4440 788 4496 εἶναι
822 4444 1173 4497 πεπίστευται
1214 4444 1272 4496 τὸ
1320 4444 1470 4513 ἅγιον
1502 4444 1746 4514 Πνεῦμα)

201 4534 426 4604 ὁμολογεί
450 4534 640 4589 τοῦτον
669 4530 804 4589 εἶναι
844 4536 1064 4608 Κύριον,
1088 4536 1145 4589 ὃν
1178 4535 1459 4607 σύνθρονον
1489 4531 1625 4589 εἶναι
1648 4536 1742 4590 τοῦ
1776 4547 1818 4602 Ι)

200 4626 389 4700 [ἰατρὸς
412 4628 739 4692 ἐκδιδάσκει,
765 4629 857 4682 καὶ
882 4630 979 4682 οὐκ
1006 4628 1306 4693 ἀπολύτως,
1332 4628 1465 4682 ἀλλὰ
1494 4629 1586 4683 καὶ
1616 4630 1743 4683 ἐαυ-

199 4717 277 4771 τοῦ
303 4720 523 4792 Κύριον,
554 4719 696 4774 κατὰ
740 4720 873 4774 πολὺ
909 4720 1069 4774 πλέον
1120 4720 1214 4773 καὶ
1259 4719 1457 4790 μᾶλλον
1496 4719 1638 4773 τοῦτ’
1677 4719 1744 4773 ἂν

200 4808 379 4864 εἴποιεν
394 4813 451 4863 αί
468 4810 607 4883 μετὰ
622 4811 683 4864 τὸ
701 4810 854 4880 ἅγιον
877 4810 1100 4882 Πνεῦμα
1115 4810 1329 4879 λογικαὶ
1343 4810 1616 4881 δυνάμεις,
1635 4811 1669 4882 ἤ
1684 4828 1744 4863 τε

203 4897 442 4969 σύμπασα
467 4900 718 4972 ὁρωμένη
744 4916 803 4952 τε
831 4901 889 4953 ὲν
927 4898 1159 4971 σώμασι,
1204 4900 1298 4954 καὶ
1337 4900 1394 4954 ὲν
1436 4903 1743 4971 ἀσωμάτοις

202 4989 388 5044 ἑστῶσα
422 4985 854 5063 δημιουργία,ἦς
890 4991 1340 5063 ἁπάσηςείκότως
1364 4993 1428 5045 ἂν
1504 4993 1743 5050 καταδει-

202 5077 336 5152 χθείη
363 5083 565 5156 Κύριος
590 5082 619 5133 ὁ
641 5084 799 5153 μόνος
829 5083 922 5136 τοῦ
944 5083 1153 5156 Πατρὺς
1181 5083 1483 5153 σύνθρονος,
1501 5082 1565 5135 δι’
1588 5078 1647 5137 οὗ
1672 5083 1741 5136 τὰ

202 5169 466 5244 σύμπαντα
500 5173 736 5243 ἐγένετο,
758 5175 838 5228 ὅτι
870 5173 1109 5246 δὴ,κατὰ
1135 5173 1225 5227 τὸν
1260 5175 1555 5246 θαυμάσιον
1605 5170 1743 5224 ἀπό-

206 5265 388 5327 στολον,
420 5284 439 5317 ι
494 5268 553 5319 ὲν
606 5264 753 5336 αὐτῷ
804 5266 1021 5338 ἐκτίσθη
1060 5265 1128 5318 τὰ
1175 5266 1369 5329 πάντα,
1397 5267 1467 5319 τὰ
1522 5268 1580 5319 ὲν
1631 5268 1742 5329 τοῖς

201 5353 423 5426 οὐρανοῖς
443 5357 536 5411 καὶ
554 5355 625 5410 τὰ
647 5358 740 5411 ἐπὶ
758 5358 854 5429 τῆς
874 5360 995 5430 γῆς,
1018 5358 1125 5410 εἴτε
1152 5358 1319 5430 ὁρατὰ
1343 5359 1451 5411 εἴτε
1478 5358 1700 5431 ἀόρατα.
1716 5376 1734 5408 ι

203 5442 358 5501 Μόνον
385 5448 514 5519 γοῦν
555 5449 701 5513 εἰκὸς
730 5450 890 5503 αὐτὸν
928 5450 1027 5520 τῆς
1062 5449 1153 5503 τοῦ
1196 5450 1406 5521 Πατρὸς
1436 5446 1741 5521 ὁμοιώσεως

85 5584 92 5597 ,
205 5533 328 5606 ἔχειν
354 5540 414 5594 τὸ
455 5541 645 5614 κῦρος,
676 5542 822 5596 ῶσὰν
856 5545 950 5596 καί⁵
990 5543 1149 5615 μόνον
1197 5542 1478 5614 σύνθρονον
1505 5541 1598 5596 τοῦ
1632 5544 1744 5597 Πα-

203 5628 313 5698 τρὸς
334 5631 792 5706 ἁναδεδειγμένον.
835 5634 1106 5707 Πρόδηλον
1143 5630 1256 5698 οῦν,
1289 5635 1371 5688 ὅτι
1417 5632 1592 5687 οὐδενὶ
1639 5634 1746 5687 τῶν

203 5723 451 5794 γεννητῶν
479 5724 770 5797 θέμις.τῶν
800 5723 987 5798 δεξιῶν
1020 5725 1203 5797 λαχεῖν
1233 5725 1334 5796 τῆς
1378 5741 1747 5794 παντοκρατο-

1846 3286 2019 3331 vocet.
2059 3297 2076 3328 ι
2109 3276 2255 3332 Dixit
2285 3298 2304 3331 ι
2350 3280 2495 3335 enim
2517 3320 2532 3345 ,
2567 3281 2776 3351 inquit,
2817 3300 2834 3332 ι
2868 3280 3130 3339 Dominus
3179 3283 3407 3340 Domino

1847 3382 1992 3431 meo,
2028 3367 2167 3424 Sede
2196 3385 2227 3424 a
2252 3371 2483 3427 dextris.
2520 3392 2540 3424 ›
2572 3372 2744 3427 Sicuti
2774 3388 2956 3428 rerum
2988 3374 3149 3430 etiam
3190 3377 3408 3433 univer-

1848 3456 1949 3513 sim
1991 3460 2232 3514 omnium
2272 3460 2580 3529 Dominum,
2606 3462 2815 3520 Hebraai
2859 3465 3209 3521 inenarrabili
3249 3475 3303 3523 et
3342 3484 3410 3523 ex

1848 3555 2085 3618 quatuor
2116 3550 2399 3607 elementis
2431 3553 2732 3623 composita
2762 3553 3001 3610 dictione
3037 3564 3405 3625 vocaverunt;

1847 3654 1946 3693 nec
1991 3638 2103 3708 jam
2153 3642 2383 3711 amplius
2434 3658 2556 3697 eum
2603 3644 2769 3698 simili
2812 3645 3027 3700 ratione
3066 3647 3405 3713 secundum,

1848 3730 1941 3784 sed
1974 3731 2192 3801 pr0prie
2222 3730 2509 3787 Dominum
2541 3735 2973 3805 appellaverunt.
3014 3735 3206 3793 Merito
3234 3738 3402 3807 igitur

1850 3817 2097 3875 Salvator
2145 3836 2207 3875 ac
2249 3820 2511 3879 Dominus
2564 3835 2750 3881 noster
2787 3826 2903 3895 ipse
2929 3825 3087 3883 Jesus
3119 3829 3213 3898 qui
3243 3827 3402 3883 Chri-

1847 3918 1965 3966 stus
2019 3920 2105 3967 est
2160 3910 2289 3978 Dei,
2342 3913 2685 3987 interrogans
2737 3917 3027 3986 aliquando
3073 3916 3400 3983 Pharisaeos,

1852 4021 1872 4054 ι
1903 4002 2048 4068 Quid
2106 4004 2263 4059 vobis
2320 4006 2537 4062 videtur
2589 4008 2655 4064 de
2700 4010 2959 4065 Christo?
3000 4012 3158 4082 cujus
3201 4025 3285 4068 est
3338 4014 3405 4067 ii-

1846 4094 1953 4150 lius
1991 4094 2082 4149 “1’
2115 4115 2133 4147 ι
2183 4112 2305 4151 cum
2366 4102 2816 4171 respondissent,
2873 4100 3132 4172 Davidis,
3200 4105 3406 4175 subdit,

1857 4204 1875 4237 ι
1908 4185 2195 4251 Quomodo
2238 4187 2404 4259 igitur
2434 4189 2605 4246 David
2632 4192 2689 4246 in
2719 4192 2916 4264 spiritu
2959 4191 3246 4251 Dominum
3283 4211 3405 4251 eum

1858 4283 2050 4340 vocat,
2085 4275 2292 4342 dicens,
2337 4279 2483 4335 Dixit
2520 4280 2783 4339 Dominus
2811 4280 3040 4338 Domino
3072 4299 3192 4339 meo
3223 4303 3236 4339 :
3270 4283 3409 4342 Sede

1852 4382 1880 4421 a
1925 4368 2132 4423 dextris
2174 4370 2311 4426 meis
2347 4372 2478 4425 "7)
2504 4372 2894 4444 propemodum
2920 4374 3284 4444 interpretans
3324 4377 3407 4429 di-

1850 4477 2088 4532 ctionem
2115 4515 2131 4541 ,
2179 4491 2303 4547 quae
2349 4488 2458 4529 non
2502 4472 2665 4527 modo
2705 4469 2961 4536 Davidis,
3002 4488 3191 4527 verum
3234 4475 3403 4529 etiam

1846 4579 2074 4650 spiritus
2106 4576 2163 4631 in
2226 4573 2493 4646 propheta
2509 4571 2859 4637 exsistentis,
2904 4570 3192 4627 Dominum
3223 4574 3410 4643 appel-

1847 4680 1944 4734 lat.
2002 4677 2061 4733 Si
2105 4692 2236 4732 vero
2283 4676 2537 4747 spiritum
2585 4672 2736 4727 illum
2789 4672 3202 4741 propheticum,
3252 4673 3405 4729 illum

1846 4792 2024 4853 certe,
2056 4783 2150 4855 qui
2180 4782 2284 4838 ﬁde
2311 4788 2497 4836 nostra
2526 4777 2768 4834 creditus
2824 4786 2908 4832 est
2957 4775 3222 4847 Spiritum
3273 4792 3405 4834 san-

1847 4897 2029 4955 ctum,
2070 4887 2264 4943 annuit
2305 4901 2429 4942 esse
2466 4883 2782 4946 Dominum,
2827 4896 2986 4953 quem
3026 4897 3412 4938 consessorem

1845 4990 2023 5046 Patris
2053 5006 2175 5047 esse
2205 4966 2505 5061 proﬁtetur,
2537 4999 2637 5040 nec
2666 4983 2912 5039 absolute
2932 5023 2946 5049 ,
2984 4998 3169 5039 verum
3204 4982 3287 5039 sui
3320 4984 3405 5053 ip-

1848 5096 1961 5152 sius
1999 5094 2288 5170 Dominum
2322 5089 2623 5147 secundum
2656 5089 2710 5144 id
2742 5089 2884 5159 quod
2930 5096 2991 5142 ut
3024 5088 3320 5158 plurimum
3348 5094 3407 5142 et

1846 5201 2019 5272 magis
2062 5200 2306 5256 dicerent
2345 5195 2641 5251 rationales
2671 5192 2958 5253 facultates
2990 5203 3114 5263 post
3144 5192 3408 5263 Spiritum

1848 5318 2097 5366 sanctum
2121 5349 2135 5375 ,
2183 5319 2351 5378 atque
2387 5320 2548 5362 omne
2585 5304 2861 5376 Opiﬁcium
2905 5304 3234 5373 aspectabile
3280 5318 3409 5360 cor-

1844 5410 2025 5482 poreis
2072 5418 2127 5466 et
2170 5408 2519 5479 incorporeis
2562 5414 2853 5472 constans,
2900 5409 3059 5477 cujus
3086 5408 3257 5464 totius
3280 5408 3408 5479 jure

1845 5515 2041 5571 merito
2069 5514 2547 5570 demonstraretur
2564 5511 2824 5567 Dominus
2867 5522 3012 5568 unus
3055 5509 3237 5569 Patris
3275 5528 3408 5569 con-

1844 5633 2048 5683 sessor,
2079 5632 2177 5689 per
2203 5633 2364 5689 quem
2396 5622 2592 5670 cuncta
2622 5613 2764 5669 facta
2792 5623 2959 5681 sunt;
2990 5617 3119 5686 quia
3146 5616 3405 5671 nimirum

1846 5723 2145 5779 secundum
2174 5720 2550 5777 admirabilem
2581 5719 2920 5789 Apostolum,
2947 5738 2965 5772 ι
2986 5719 3041 5774 in
3072 5719 3193 5791 ipso
3222 5726 3408 5777 creata

262 5814 455 5875 “Psal.
483 5834 597 5875 cxx.
628 5821 742 5874 1-5.
820 5821 865 5853 ¹⁸
897 5817 1085 5879 Matth.
1119 5836 1257 5887 χιιι,
1283 5820 1371 5875 42.
1452 5820 1492 5852 ¹³
1527 5818 1659 5874 ibid.
1688 5817 1880 5885 ιλιι.

504 5911 778 5975 Panos.
819 5912 937 5977 Gn.
982 5913 1191 5976 XX“.

3059 5907 3134 5967 12
