3880 6256
485 299 598 357 563

1134 299 1400 355 EUSEBll
1437 299 1915 357 CIESARIENSIS
1949 301 2097 358 ΟΡΡ.
2137 303 2316 359 PARS
2353 301 2418 360 ΙΙ.
2457 335 2525 345 -
2561 304 3052 362 APOLOGETICA.

3590 308 3694 364 εει

477 427 605 474 sunt
662 431 872 480 omnia,
916 426 1024 470 tam
1073 431 1192 484 qua:
1236 421 1363 470 sunt
1403 415 1459 470 in
1497 417 1684 482 cmlis,
1718 432 1880 488 quam
1911 435 2009 489 qua

2134 421 2293 492 ρικῆς
2341 421 2515 492 ἀρχῆς
2539 439 2598 475 τε
2643 424 2736 477 καὶ
2771 423 3064 494 βασιλείας,
3096 422 3144 475 εἰ
3190 422 3262 494 μὴ
3296 423 3401 495 ἄρα
3435 425 3515 478 ἐνὶ
3552 426 3696 499 μόνῳ

473 519 601 565 sunt
629 525 790 581 supra
825 518 1056 572 terram,
1093 510 1208 562 sive
1239 507 1495 574 visibilia,
1518 508 1632 564 sive
1663 511 1982 568 invisibilia.
2009 532 2028 566 ι

475 601 711 671 JEquum
737 601 896 669 igitur
922 609 1026 662 est,
1055 600 1229 654 solum
1253 615 1374 654 eum
1398 613 1635 670 paternae
1661 603 2033 660 similitudinis

475 696 671 750 habere
689 693 985 748 dominium
1002 728 1020 758 ,
1043 693 1186 765 sicut
1207 701 1260 748 et
1280 694 1453 748 solum
1476 710 1598 751 esse
1617 694 1791 754 Patris
1811 712 2033 754 conses-

469 801 646 842 sorem
684 785 1017 840 declaratUm
1063 792 1165 840 est.
1198 784 1352 840 Patet
1386 786 1548 856 igitur.
1582 787 1717 841 nulli
1757 796 2034 844 creatura-

469 893 589 931 rum
619 877 698 931 fas
718 891 839 931 esse
861 876 1042 930 sortiri
1064 877 1340 931 dexteram
1362 876 1746 946 omnipotentis
1766 879 2034 949 principa-

469 978 556 1024 tus
593 978 646 1023 et
675 968 926 1038 imperii,
962 969 1069 1024 nisi
1099 969 1149 1024 ei
1180 971 1274 1024 uni
1305 970 1407 1024 soli
1440 985 1600 1040 quem
1634 987 1700 1025 ex
1735 973 2030 1041 praemissis

467 1059 616 1114 varie
647 1067 699 1114 et
730 1059 1031 1130 theologice
1061 1061 1576 1117 demonstravimus.
1609 1063 1767 1132 221
1802 1063 2031 1120 Attende

468 1152 650 1221 igitur,
685 1151 1142 1221 quemadmodum
1187 1153 1277 1208 hic
1317 1169 1488 1230 unum
1531 1163 1586 1211 et
1635 1155 1886 1212 eumdem
1937 1174 2030 1214 su-

467 1229 686 1314 premus
724 1253 777 1297 et
815 1244 997 1298 omnia
1048 1246 1151 1300 sub
1198 1259 1258 1300 se
1302 1229 1508 1302 habens
1553 1246 1845 1314 Dominus,
1895 1264 2030 1306 voce

468 1334 559 1387 illa
625 1335 829 1399 donat,
877 1353 895 1385 ‹
937 1333 1075 1390 Sede
1136 1351 1166 1389 a
1233 1335 1439 1391 dextris
1503 1338 1676 1405 meis;
1719 1357 1739 1391 ι
1779 1347 1834 1395 et
1895 1340 2025 1408 illa,

472 1445 490 1477 ι
529 1435 652 1481 ante
673 1424 982 1480 Luciferum
1011 1428 1170 1497 genui
1216 1437 1287 1482 te.
1321 1447 1340 1480 ›
1377 1427 1583 1484 Deinde
1625 1446 1749 1485 cum
1798 1432 2028 1502 jurisju-

465 1518 618 1572 randi
655 1518 1090 1587 confirmatione,
1138 1521 1524 1577 inconcussum
1567 1530 1729 1594 atque
1776 1525 2028 1581 immuta-

467 1611 627 1665 bilem
668 1611 722 1665 in
781 1611 1049 1665 inlinitum
1105 1627 1281 1666 aevum
1333 1616 1678 1683 permansuri
1733 1618 2026 1673 sacerdotii

465 1703 724 1760 honorem
769 1704 820 1758 ei
883 1703 1111 1774 largitur
1144 1723 1156 1758 :
1189 1723 1207 1757 ι
1242 1704 1451 1761 Juravit
1479 1706 1772 1773 Dominus,
1816 1720 1870 1766 et
1915 1727 2022 1766 non

2131 511 2210 582 τῷ
2250 510 2336 564 διὰ
2389 511 2496 564 τῶν
2544 513 2915 584 προκειμένων
2968 512 3223 576 ποικίλως
3273 512 3692 588 θεολογουμένῳ.

2143 602 2462 673 Ἐπίστησον
2493 597 2604 665 οῦν,
2632 603 2706 667 ὼς
2738 604 2873 675 πρὸς
2916 605 3011 656 ἐνα
3042 605 3134 656 καὶ
3181 603 3270 657 τὸν
3311 606 3470 658 αὐτὸν
3499 608 3526 658 6
3554 609 3694 662 ἀνω-

2131 694 2276 746 τάτω
2312 693 2407 747 καὶ
2449 693 2540 746 ἐπὶ
2577 694 2792 747 πάντων
2824 695 3025 763 Κύριος
3067 695 3160 746 καὶ
3191 694 3307 766 τὴν,
3348 715 3366 747 ‹
3414 698 3598 751 Κάθου
3633 700 3696 753 ἐκ

2129 783 2317 850 δεξιῶν
2346 801 2467 855 μου,
2500 803 2518 836 ι
2543 785 2790 856 δωρεῖται
2825 784 3024 856 φωνὴν,
3061 786 3152 839 καὶ
3177 787 3293 857 τὴν,
3330 805 3348 836 ι
3381 787 3494 858 ῐΙρὸ
3529 787 3696 842 Ἐωσιι

2129 876 2296 945 φόρου
2350 877 2642 946 γενέννηκά
2690 892 2768 928 σε.
2812 895 2832 927 ι
2887 875 3022 929 Μεθ’
3065 878 3225 946 ὅρκου
3273 877 3329 930 δέ
3376 877 3695 931 διαϐεϐαιώ-

2131 981 2288 1029 σεως,
2313 965 2556 1019 ἄσειστον
2589 965 2683 1018 καὶ
2719 965 3070 1037 ἀπαράϐατον
3101 965 3246 1037 αύτῷ
3285 965 3382 1037 τὴν
3407 966 3572 1037 τιμὴν
3599 967 3695 1038 τῆς

2128 1056 2206 1118 εἰς
2238 1055 2460 1128 ἄπειρον
2485 1056 2654 1110 αἰῶνα
2685 1056 2938 1127 διαρκοῦς
2971 1057 3266 1128 ἱερωσύνης
3297 1057 3690 1128 παραδίδωσινο

2134 1166 2154 1200 ι
2191 1149 2390 1219 Ὤμοσε
2411 1148 2632 1220 Κύριος,
2661 1149 2751 1202 καὶ
2775 1150 2835 1202 ού
2859 1148 3356 1221 μεταμεληθήσεται
3375 1166 3389 1179 ο
3417 1151 3487 1201 Συ
3517 1151 3695 1222 ἱερεὺς

2128 1243 2206 1304 εἰς
2228 1241 2414 1294 αἰῶνα.
2444 1260 2462 1294 ›
2480 1241 2575 1304 Τίς
2606 1241 2650 1294 δ’
2677 1241 2742 1294 ἂν
2771 1243 3064 1308 ἐπινοοίτο;
3091 1240 3204 1294 οὔτι
3233 1241 3296 1312 δὴ
3322 1241 3508 1313 θνητὸς
3532 1242 3694 1314 ἀνὴρ)

2127 1333 2262 1387 ἀλλὰ
2290 1335 2409 1387 οὐδὲ
2440 1333 2541 1404 τῆς
2572 1332 2863 1403 ἀγγελικῆς
2895 1333 3128 1403 φύσεως,
3172 1334 3274 1387 ὑπὸ
3302 1334 3436 1388 Θεοῦ
3480 1336 3579 1406 μὲν
3608 1344 3694 1404 γε.

2126 1426 2471 1498 γεννημένος,
2508 1426 2586 1489 εἰς
2617 1424 2784 1480 αἰῶνα
2821 1424 2878 1478 δὲ
2924 1425 3235 1496 ἰερωμένος,
3286 1428 3314 1479 6
3355 1427 3449 1479 xui.
3484 1427 3544 1479 ἐν
3583 1426 3693 1486 τοῖς

2127 1518 2357 1592 πρόσθεν
2388 1516 2585 1571 εἰπών’
2623 1536 2641 1568 ι
2685 1515 2885 1587 Κύριος
2913 1516 3092 1570 ἐκτισέ
3129 1534 3194 1588 με
3220 1518 3391 1588 ἀρχὴν
3418 1517 3551 1570 όδῶν
3597 1521 3693 1571 αὐο

2126 1609 2218 1662 τοῦ
2251 1613 2328 1674 εἰς
2359 1610 2494 1682 ἔργα
2520 1608 2708 1664 αὐτοῦ.
2745 1608 2857 1678 Πρὸ
2887 1607 2980 1661 τοῦ
3021 1607 3211 1673 αἰῶνος
3244 1608 3572 1680 ἐθεμελίωσέ
3603 1627 3690 1679 με,

2127 1703 2183 1754 ἐν
2229 1703 2369 1774 ἀρχῇ
2408 1701 2515 1774 πρὸ
2553 1701 2647 1754 τοῦ
2691 1700 2789 1772 ὅρη
2835 1701 3176 1772 ἑδρασθῆναι,
3221 1701 3325 1772 πρὸ
3372 1701 3430 1754 δὲ
3473 1701 3692 1755 πάντων

465 1798 750 1868 paenitebit
779 1812 938 1852 eum:
973 1796 1057 1851 Tu
1094 1813 1154 1853 es
1202 1799 1459 1855 sacerdos
1503 1801 1557 1856 in
1589 1811 1870 1862 aeternum.
1905 1823 1923 1854 ι
1956 1806 2009 1857 Al

2127 1793 2328 1865 βουνῶν
2373 1799 2535 1868 γεννᾷ
2577 1815 2664 1868 με.
2705 1815 2723 1847 ›
2756 1795 2865 1848 Καὶ
2915 1795 3150 1866 πρόσχες
3194 1793 3250 1846 δέ
3298 1793 3574 1865 ἐπιμελῶς
3600 1793 3692 1847 τὸν

461 1892 604 1944 enim
657 1891 782 1961 quis
840 1890 930 1944 hic
979 1889 1196 1945 tandem
1252 1882 1618 1963 intelligatur?
1669 1911 1862 1966 nempe
1913 1912 2023 1952 non

462 1983 544 2035 vir
574 1981 818 2038 mortalis
846 1982 991 2036 ullus
1010 2022 1024 2040 .
1056 1997 1119 2035 ac
1148 1996 1216 2036 ne
1264 1986 1522 2053 angelicae
1549 1986 1767 2056 quidem
1815 1997 2023 2044 natura:

459 2075 767 2146 quispiam,
804 2075 898 2146 qui
941 2090 971 2129 a
1013 2075 1124 2131 Deo
1154 2077 1372 2146 quidem
1427 2079 1498 2134 sit
1538 2079 1746 2146 factus,
1782 2082 1838 2137 in
1866 2089 2024 2139 aeter-

463 2185 594 2223 num
647 2183 777 2223 vero
854 2167 1112 2224 sacerdos
1156 2170 1523 2237 constitutus,
1570 2173 1666 2228 sed
1719 2175 1869 2231 solus
1935 2177 2022 2233 ille

457 2257 550 2329 qui
587 2259 640 2312 in
676 2260 744 2315 iis
769 2298 783 2325 ,
817 2275 938 2331 quae
980 2267 1137 2316 antea
1192 2262 1477 2319 citavimus
1527 2266 1794 2332 oraculis,
1843 2267 2017 2322 dixit:

463 2350 730 2407 «Creavit
780 2365 866 2405 me
926 2350 1138 2404 initium
1195 2352 1404 2405 viarum
1466 2367 1690 2408 suarum
1747 2355 1802 2410 in
1853 2371 2019 2426 opera

456 2458 576 2498 sua.
636 2440 776 2496 Ante
837 2441 1095 2497 sacculum
1150 2439 1397 2496 fundavit
1454 2459 1578 2509 me,
1633 2445 1689 2500 in
1750 2447 2019 2518 principio

454 2545 746 2605 antequam
804 2540 1015 2588 montes
1069 2533 1464 2600 stabilirentur,
1531 2543 1586 2590 et
1639 2545 1765 2592 ante
1827 2553 2017 2594 omnes

446 2629 620 2683 colles
654 2627 825 2697 gignit
853 2641 936 2680 me
971 2627 1035 2679 ⁸⁸.
1068 2647 1087 2678 ι
1118 2625 1327 2683 Adhibe
1356 2643 1485 2684 vero
1514 2629 1758 2684 animum
1789 2631 2017 2702 diligen-

455 2733 558 2784 ter,
605 2727 658 2774 et
696 2719 1078 2791 cogitationem
1121 2719 1376 2786 intende,
1418 2727 1536 2777 tum
1581 2723 1649 2778 ad
1697 2734 2015 2794 praesentem

453 2811 720 2879 psalmum
745 2848 761 2874 ,
794 2818 908 2864 tum
940 2807 1004 2862 ad
1050 2823 1144 2865 eas
1208 2826 1330 2880 qua:
1365 2817 1524 2865 antea
1585 2813 1844 2882 exposita:
1890 2820 2017 2868 sunt

456 2916 639 2955 voces.
665 2899 723 2954 ln
747 2901 851 2954 hoc
873 2901 1018 2955 enim
1043 2901 1317 2973 ingenitus
1346 2899 1491 2956 Deus
1520 2917 1643 2956 eum
1672 2901 1765 2971 qui
1800 2902 1868 2958 ab
1895 2903 2016 2973 ipso

449 2999 564 3056 est,
595 3000 649 3046 et
687 2999 878 3047 noster
923 2992 1187 3048 Dominus
1240 3000 1363 3057 est,
1424 2993 1620 3048 sedere
1665 3008 1848 3049 secum
1906 3009 2013 3048 una

446 3083 632 3154 jubet,
684 3083 910 3139 dicens:
943 3102 962 3135 ‹
993 3082 1134 3140 Sede
1176 3099 1207 3139 a
1250 3083 1460 3139 dextris
1493 3084 1648 3140 meis.
1683 3104 1701 3136 ι
1732 3082 1791 3139 In
1844 3086 2014 3140 altero

450 3190 610 3239 vero,
641 3190 802 3245 quem
847 3181 973 3229 ante
1004 3175 1150 3229 hunc
1180 3175 1354 3244 ipsum
1396 3176 1750 3246 exposuimus
1773 3216 1787 3240 ,
1825 3176 2008 3232 sedem

448 3269 503 3321 in
535 3268 789 3322 saaculum
821 3267 1005 3323 sazculi
1049 3282 1303 3333 manere,
1346 3269 1627 3323 oraculum
1676 3268 2007 3333 allirmabau,

447 3359 616 3414 Deum
655 3359 869 3413 interim
906 3360 1058 3414 illum
1089 3361 1370 3431 appellans
1402 3361 1457 3415 in
1505 3361 1613 3416 illis
1658 3361 1872 3426 verbis,
1917 3362 2007 3416 ubi

444 3451 562 3506 ait:
606 3470 624 3502 ‹
663 3449 832 3506 Sedes
879 3457 975 3505 tua
1027 3450 1172 3506 Deus
1222 3451 1276 3506 in
1329 3453 1588 3508 sazculum
1646 3453 1832 3507 saeculi
1878 3453 1944 3508 ⁸⁷.
1983 3471 2002 3504 ι

445 3541 658 3598 Rursus
709 3542 790 3596 in’
821 3559 886 3597 eo
938 3542 1032 3614 qui
1087 3559 1234 3598 nunc
1291 3544 1432 3598 inter
1485 3559 1679 3599 manus
1731 3551 2005 3610 versatur,

448 3653 468 3688 ι
498 3635 736 3704 virgam,
791 3634 1007 3702 inquit,
1050 3637 1270 3690 virtutis
1320 3637 1529 3690 emittet
1582 3636 1677 3690 tibi
1745 3635 2006 3692 Dominus

439 3743 506 3784 ex
542 3727 669 3782 Sion
703 3728 766 3792 ⁸⁸,
810 3746 827 3777 ι
865 3728 920 3782 in
971 3727 1064 3780 illo
1111 3734 1290 3782 autem
1318 3767 1332 3793 ,
1386 3748 1404 3779 ι
1440 3728 1593 3798 virga
1642 3727 1958 3784 directionis
1985 3767 2002 3794 ,

438 3819 590 3889 virga
644 3819 797 3888 regni
858 3821 934 3872 tui
967 3818 1030 3872 ¹⁹.
1068 3837 1087 3868 ›
1123 3816 1189 3872 Et
1237 3835 1432 3875 rursus
1477 3819 1566 3874 hic
1615 3820 1834 3890 quidem
1886 3821 2000 3874 ait:

345 3920 348 3923 '
444 3911 635 3966 «Sede
687 3927 715 3964 a
770 3909 978 3966 dextris
1035 3910 1210 3970 meis,
1261 3911 1434 3966 donec
1496 3928 1692 3982 ponam
1753 3913 2004 3968 inimicos

439 4012 564 4056 tuos
613 4001 912 4062 scabellum
961 4001 1154 4072 pedum
1209 4009 1467 4068 tuorum,
1523 4013 1578 4058 et
1633 4004 2004 4060 dominaberis

438 4092 495 4147 in
530 4092 708 4146 medio
741 4091 1088 4146 inimicorum
1136 4101 1350 4147 tuorum
1383 4093 1452 4148 ³⁸.
1483 4113 1502 4144 ι
1528 4092 1621 4150 llle
1659 4110 1791 4149 vero
1812 4137 1826 4162 ,
1865 4115 1884 4147 ‹
1913 4111 2002 4149 sa-

329 4171 336 4182 ’
435 4182 584 4254 εἰιιεε
633 4190 738 4237 tua:
790 4190 991 4248 acutae,
1043 4191 1293 4254 potentes
1338 4185 1394 4240 in
1441 4185 1608 4242 corde
1654 4187 1998 4241 inimicorum

435 4275 600 4343 regis.
629 4295 649 4328 ι
674 4274 815 4344 Ergo
845 4273 1008 4329 etiam
1041 4289 1102 4329 ea
1133 4290 1253 4345 qua:
1280 4275 1346 4328 ad
1375 4275 1516 4345 ejus,
1535 4277 1601 4330 de
1628 4292 1736 4346 quo
1765 4278 1996 4347 agimus,

418 4366 686 4422 inimicos
731 4367 1032 4436 pertinent,
1082 4367 1138 4420 in
1179 4375 1412 4436 utroque
1451 4368 1554 4423 sibi
1603 4369 1718 4438 ipsa
1764 4383 1998 4424 consen-

431 4454 758 4520 tiunt.'Quis
787 4471 916 4526 ergo
946 4458 1106 4511 modo
1137 4458 1254 4512 suis
1281 4457 1456 4512 oculis
1499 4473 1731 4514 cernens
1774 4459 1830 4513 in
1881 4475 1996 4514 meo

429 4547 537 4602 diis
566 4548 795 4601 urbibus
819 4587 833 4609 ,
869 4548 923 4601 in
958 4548 1096 4604 vicis
1133 4563 1198 4605 ac
1237 4549 1584 4620 regionibus,
1617 4550 1672 4604 in
1706 4557 1824 4604 toto
1862 4552 1995 4607 orbe

429 4636 681 4694 ﬂorentes
725 4638 1033 4695 'Salvatoris
1082 4641 1256 4696 nostri
1308 4640 1585 4699 Ecclesias
1615 4683 1630 4708 ,
1684 4650 1738 4696 et
1793 4659 1888 4698 eos
1937 4645 1992 4698 in

427 4728 628 4798 quibus
677 4727 990 4784 dominatur
1037 4733 1302 4801 populos,
1333 4739 1387 4786 et
1417 4733 1801 4788 innumerabili
1845 4735 1994 4790 viro-

428 4834 547 4871 rum
579 4819 924 4874 multitudine
953 4821 1185 4876 refertos
1231 4831 1565 4885 conventus,
1615 4824 1709 4892 qui
1745 4824 1820 4878 illi
1861 4840 1995 4880 con-

427 4909 627 4962 secrati
657 4918 814 4972 sunt,
844 4912 1050 4980 quique
1078 4913 1317 4986 undique
1348 4920 1463 4966 tum
1505 4913 1575 4968 ab
1618 4914 1686 4968 iis
1717 4915 1812 4985 qui
1848 4914 1992 4970 inter

426 4997 674 5054 homines
726 5011 1044 5066 cernuntur,
1097 5015 1206 5057 tum
1260 5005 1328 5058 ab
1380 5004 1762 5073 ell'ugientibus
1811 5007 1990 5064 visum

423 5099 671 5144 nostrum
693 5131 708 5153 ,
753 5100 806 5146 et
845 5093 1076 5146 occultis
1126 5093 1363 5148 inimicis
1394 5102 1556 5164 atque
1587 5096 1836 5151 hostibus
1867 5096 1988 5165 ejus

421 5177 685 5237 doctrinae
718 5198 840 5253 quae
873 5198 902 5236 a
944 5183 1165 5239 Christo
1202 5186 1397 5239 tradita
1430 5194 1514 5241 est
1539 5227 1552 5249 ,
1591 5188 1982 5253 circumsessi,

424 5287 534 5325 non
565 5272 866 5328 admiretur
893 5290 1134 5343 praesens
1184 5277 1502 5343 oraculum,
1555 5279 1699 5346 quod
1752 5278 1818 5332 ad
1866 5279 1986 5348 ejus

422 5375 712 5432 personam
741 5367 1084 5420 enuntiatum
1114 5375 1226 5431 est,
1251 5375 1312 5421 et
1342 5367 1410 5423 de
1453 5383 1564 5437 quo
1606 5368 1696 5440 hic
1743 5370 1982 5435 canitur,

421 5452 555 5507 illud
609 5455 835 5524 utique:
873 5474 894 5507 ι
937 5457 1226 5514 Dominare
1281 5459 1337 5514 in
1396 5460 1583 5516 medio
1635 5463 1983 5520 inimicorum

421 5548 684 5601 tuorum?
714 5569 732 5598 ι
764 5547 966 5608 Deinde
1003 5553 1260 5622 quoniam
1301 5555 1355 5607 in
1390 5570 1459 5609 eo
1506 5559 1600 5625 qui
1651 5559 1980 5623 antecessit,

413 5639 623 5693 dictum
655 5649 738 5696 est
769 5642 920 5697 illum
966 5654 1190 5701 unctum
1240 5662 1364 5702 esse
1391 5647 1554 5718 222
1581 5650 1702 5704 oleo
1727 5652 1971 5706 exsulta-

489 5754 534 5787 “
572 5752 732 5811 Prov.
770 5772 888 5821 vm,
923 5760 1109 5816 23-25.
1191 5764 1231 5794 "
1270 5761 1413 5822 Psal.
1441 5780 1586 5831 μιν,
1621 5765 1672 5828 7.
1750 5768 1794 5800 ⁸⁸
1827 5766 1963 5826 Psal.
1998 5785 2112 5837 δικ,
2137 5771 2191 5826 2.

2124 1885 2265 1949 νοῦν,
2295 1887 2590 1958 ἐπιστήσας
2619 1886 2696 1957 τῷ
2726 1903 2785 1939 τε
2818 1886 3044 1956 παρόντι
3087 1885 3305 1958 ψαλμῷ,
3340 1888 3434 1940 καὶ
3469 1887 3592 1950 ταῖς
3633 1887 3693 1938 ἐν

2121 1976 2198 2047 τῷ
2227 1979 2328 2050 πρὸ
2366 1979 2552 2032 τούτου
2591 1979 3007 2050 παρατεθείσαις
3045 1982 3264 2048 φωναῖς.
3312 1980 3398 2033 Ἐν
3437 1979 3536 2050 μὲν
3581 1979 3691 2050 γὰρ

2122 2068 2292 2140 τούτῳ
2324 2071 2352 2122 ό
2384 2071 2641 2125 ἀνωτάτω
2673 2069 2804 2133 Θεὸς
2838 2069 3122 2146 σύνθρονον
3165 2070 3254 2124 τὸν
3293 2070 3564 2142 δεύτερον,
3595 2071 3691 2123 καὶ

2120 2161 2276 2232 ἡμῶν
2303 2161 2525 2234 Κύριον,
2558 2161 2749 2216 ἑαυτοῦ
2782 2161 3085 2232 καθίστησι,
3112 2161 3310 2231 λέγων·
3349 2181 3367 2214 ι
3406 2161 3591 2216 Κάθου
3627 2163 3692 2215 ἐκ

2119 2251 2302 2318 δεξιῶν
2335 2271 2469 2325 μου·
2507 2275 2525 2306 ι
2558 2256 2613 2306 ἐν
2661 2253 2718 2306 δὲ
2761 2253 2838 2324 τῷ
2882 2254 2986 2324 πρὸ
3023 2254 3211 2308 τούτου
3244 2255 3335 2308 τὸν
3368 2253 3556 2326 θρόνον
3606 2255 3689 2317 είς

2120 2345 2290 2400 αἰῶνα
2322 2347 2514 2411 αἰῶνος
2551 2348 2838 2421 διαμένειν,
2872 2351 2900 2403 6
2931 2349 3084 2418 λόγος
3126 2347 3344 2419 ἔφησεν,
3385 2346 3520 2417 ὁμοῦ
3555 2345 3693 2401 Θεὸν

2121 2436 2278 2490 αὑτὸν
2311 2437 2651 2510 ἀναγορεύων
2683 2441 2747 2493 δι’
2789 2435 2860 2493 ὧν
2895 2455 3084 2512 φησιν·
3123 2458 3140 2491 ι
3185 2439 3242 2491 '0
3275 2437 3460 2507 θρόνος
3499 2455 3618 2502 σου,
3659 2437 3693 2492 6

2119 2529 2268 2591 Θεὸς,
2298 2531 2377 2592 εἰς
2409 2530 2496 2582 τὸν
2527 2530 2696 2584 αἰῶνα
2727 2531 2818 2584 τοῦ
2851 2531 3060 2594 αἰῶνος.
3103 2549 3122 2582 ι
3162 2529 3328 2582 Πάλιν
3361 2531 3419 2582 ἐν
3467 2529 3568 2599 μὲν
3609 2527 3691 2600 τῷ

2121 2619 2259 2688 μετὰ
2289 2622 2492 2690 χεῖρας,
2533 2639 2550 2670 ι
2595 2621 2832 2686 Ῥάϐδον,
2869 2641 2887 2674 ›
2921 2622 3072 2693 φησὶ,
3119 2641 3137 2672 ι
3181 2622 3460 2691 δυνάμεως
3488 2619 3690 2685 ἐξαπο-

2119 2709 2290 2762 στελεῖ
2322 2727 2400 2762 σοι
2429 2711 2627 2781 Κύριος
2655 2715 2717 2765 ἐκ
2745 2713 2908 2766 Σιών⁸
2951 2733 2968 2764 ι
2999 2715 3054 2766 ἐν
3079 2713 3124 2766 δ’
3154 2713 3364 2782 ἐκείνῳ,
3399 2730 3418 2763 ι
3461 2713 3689 2776 Ῥἀϐδος

2117 2800 2403 2872 εὐθύτητος
2433 2805 2466 2874 ἡ
2497 2803 2688 2874 ράὸδος
2714 2806 2812 2876 τῆς
2847 2805 3117 2877 βασιλείας
3145 2823 3258 2859 σου.
3301 2825 3319 2858 ι
3355 2808 3463 2859 Καὶ⁵
3483 2803 3686 2869 αῦθιςό

2119 2892 2215 2960 μὲν
2264 2893 2450 2964 παρών
2489 2912 2651 2965 φησι·
2689 2915 2708 2946 ι
2749 2897 2930 2951 Κάθου
2976 2899 3038 2951 ἐκ
3078 2896 3265 2964 δεξιῶν
3315 2915 3435 2968 μου,
3471 2898 3576 2961 ἕως
3617 2899 3687 2952 ἂν

2115 2983 2191 3036 θῶ
2221 2985 2347 3047 τοὺς
2385 2985 2610 3058 ἐχθρούς
2649 3005 2742 3040 σου
2781 2989 3066 3044 ὑποπόδιον
3105 2989 3213 3043 τῶν
3238 2989 3412 3043 ποδῶν
3443 3006 3556 3055 σου,
3587 2991 3686 3044 καὶ

2115 3077 2562 3149 κατακυριεύσεις
2605 3079 2663 3132 ἐν
2716 3081 2864 3152 μέσῳ
2907 3081 3013 3136 τῶν
3069 3081 3273 3154 ἐχθρῶν
3319 3099 3445 3136 σου·
3497 3101 3516 3135 ι
3565 3085 3593 3137 6
3624 3083 3683 3137 δὲ

2038 3154 2080 3210 C
2113 3167 2374 3237 πρόσθεν·
2413 3188 2432 3220 ι
2463 3170 2542 3222 Τὰ
2576 3169 2699 3243 βέλη
2736 3189 2826 3225 σου
2859 3174 3188 3245 ἠκονημένα,
3223 3173 3422 3228 δυνατὰ
3455 3177 3511 3229 ἐν
3547 3193 3684 3246 καρο

2109 3259 2195 3329 δία
2217 3259 2323 3313 τῶν
2352 3259 2559 3333 ἐχθρῶν
2601 3262 2694 3316 τοῦ
2725 3262 3003 3333 βασιλέως.
3038 3284 3056 3316 ι
3094 3265 3298 3319 Οὐκοῦν
3330 3266 3422 3320 καὶ
3451 3266 3520 3318 τὰ
3554 3265 3684 3338 περὶ

2108 3350 2215 3404 τῶν
2249 3352 2458 3424 ἐχθρῶν
2481 3353 2571 3406 τοῦ
2615 3354 2942 3427 δηλουμένου
2984 3359 3041 3410 ἐν
3078 3358 3406 3430 ἀμφοτέροις
3445 3358 3675 3429 συνᾴδει.

2109 3443 2204 3508 Τίς
2223 3444 2358 3516 δῆτα
2378 3441 2488 3510 οὖν,
2514 3445 2806 3519 ὀφθαλμοῖς
2826 3448 2966 3519 όρῶν
2990 3451 3047 3504 ἐν
3075 3448 3262 3520 μέσαις
3292 3453 3410 3513 ταῖς
3437 3449 3679 3514 πόλεσιν,

2107 3535 2164 3590 ἕν
2180 3553 2237 3589 τε
2257 3535 2469 3608 κώμαις
2488 3537 2579 3592 καὶ
2599 3537 2818 3610 χώραις,
2838 3539 2956 3593 καθ’
2979 3539 3105 3612 ὅλης
3126 3559 3185 3594 τε
3213 3543 3310 3612 τῆς
3333 3541 3675 3613 οἰκουμένης,

2107 3626 2370 3691 ἀνθούσας
2415 3628 2513 3692 τὰς
2557 3629 2650 3682 τοῦ
2690 3632 2940 3702 Σωτῆρος
2988 3630 3142 3702 ἡμῶν
3174 3631 3524 3702 Ἐκκλησίας,
3555 3633 3678 3696 τούς

2105 3734 2163 3772 τε
2200 3720 2336 3790 πρὸς
2377 3721 2538 3774 αὐτοῦ
2581 3724 2998 3793 κυριευομένους
3043 3722 3225 3788 λαοὺς,
3257 3725 3353 3777 καὶ
3375 3724 3678 3797 μυρίανδρα

2107 3810 2286 3883 πλήθη
2303 3811 2409 3867 τῶν
2430 3812 2578 3884 αὐτῷ
2605 3814 3058 3885 καθωσιωμένων,
3079 3817 3408 3886 πανταχόθεν
3435 3818 3542 3871 ὑπὸ
3568 3818 3676 3872 τῶν

2103 3904 2390 3976 ὁρωμένων
2425 3923 2484 3958 τε
2514 3907 2572 3960 ἐν
2611 3907 2936 3980 ἀνθρώποις,
2967 3909 3212 3980 ἀοράτων
3243 3926 3303 3962 τε
3331 3911 3424 3963 καὶ
3451 3911 3673 3978 ἀφανῶν

2103 3995 2332 4067 ἐχθρῶν,
2363 3997 2456 4049 καὶ
2505 3997 2774 4068 πολεμίων
2806 3999 2903 4071 τῆς
2934 3998 3026 4052 τοῦ
3066 4000 3298 4072 Χριστοῦ
3328 4001 3673 4065 διδασκαλίας

2103 4087 2464 4159 κυκλούμενα,
2493 4089 2591 4142 οὐκ
2615 4090 2681 4143 ἂν
2707 4090 3001 4162 θαυμάσειε
3027 4091 3118 4146 τὸν
3146 4094 3382 4164 παρόντα
3404 4093 3669 4165 χρησμὸν,

2101 4181 2179 4243 είς
2229 4181 2516 4253 πρόσωπον
2549 4184 2972 4255 άναφωνηθέντα
2995 4183 3090 4238 τοῦ
3122 4184 3528 4257 θεσπιζομένου,
3572 4189 3666 4240 τό·

2106 4290 2126 4323 ‹
2165 4274 2537 4347 Κατακυρίευε
2583 4277 2641 4329 ἐν
2702 4276 2850 4348 μέσῳ
2904 4278 3011 4331 τῶν
3069 4278 3276 4352 ἐχθρῶν
3324 4297 3454 4347 σου;
3509 4300 3527 4333 ι
3564 4283 3672 4335 Καὶ

2099 4368 2394 4441 ἐπειδήπερ
2435 4371 2492 4422 ἐν
2531 4370 2608 4440 τῷ
2649 4371 2881 4442 πρόσθεν
2930 4372 3212 4444 κεχρίσθαι
3251 4373 3329 4445 τῷ
3379 4374 3542 4446 ἐλαίῳ
3573 4376 3672 4447 τῆς

2099 4459 2464 4527 ἀγαλλιάσεως
2497 4462 2647 4533 παρὰ
2677 4464 2801 4526 τοὺς
2835 4464 3094 4535 μετόχους
3142 4483 3254 4532 σου,
3285 4467 3473 4538 ἰερέων
3501 4468 3558 4522 δὲ
3591 4470 3671 4522 οἰ-

2100 4555 2242 4605 κεῖον
2273 4548 2340 4624 ἦν
2373 4556 2503 4626 παρ’
2543 4554 2808 4625 Ἑϐραίοις
2834 4556 2894 4609 τὸ
2919 4558 3191 4629 χρίεσθαιο
3222 4562 3442 4624 εἰκότως
3469 4564 3498 4615 6
3531 4562 3670 4632 μετά

2099 4647 2284 4716 χεῖρας
2333 4647 2432 4717 ἤδη
2490 4647 2805 4719 λευκότερον
2875 4650 3024 4721 ίερέα
3088 4653 3248 4706 αὐτὸν
3311 4654 3668 4724 ἐπιπμίζει,

2101 4735 2318 4791 πλείονα
2367 4738 2640 4810 προτιθεὶς
2687 4740 2814 4812 περὶ
2863 4741 3026 4796 αὐτοῦ
3073 4745 3436 4808 διδασκαλίαν,
3490 4747 3558 4800 δι’
3603 4744 3672 4820 ἧς

2102 4828 2260 4898 μόνον
2291 4829 2449 4883 αὐτὸν
2483 4831 2634 4903 παρά
2669 4834 2794 4896 τοὺς
2836 4833 3055 4888 πώποτε
3093 4835 3309 4891 αἰώνιον
3339 4838 3488 4910 ίερέα
3528 4835 3672 4894 εἶναι

2099 4919 2375 4984 παιδεύει,
2420 4923 2556 4994 ὅπερ
2614 4924 2837 4996 οὐδεμιᾷ
2892 4924 3176 4999 ἀνθρώπου
3235 4928 3390 4998 φύσει
3445 4930 3672 4986 δυνατὸν

2099 5011 2446 5082 ἐφαρμόζειν.
2497 5014 2655 5068 Κατά
2700 5015 2799 5088 τὴν
2847 5016 2999 5083 τάξιν
3056 5019 3385 5088 Μελχισεδὲκ
3425 5022 3672 5093 ἱερᾶσθαί

2096 5117 2260 5172 φησιν
2297 5103 2475 5168 αὑτὸν,
2508 5106 2643 5178 πρὸς
2691 5108 3087 5181 ἀντιδιαστολὴν
3117 5109 3210 5162 τοῦ
3246 5111 3383 5165 κατὰ
3415 5113 3511 5180 τὴν
3544 5114 3671 5167 Μω-

2095 5193 2233 5258 σέως
2256 5195 2492 5261 διάταξιν
2534 5199 2744 5271 ἱερέως,
2777 5202 2894 5271 ἤτοι
2923 5201 3018 5255 τοῦ
3059 5201 3289 5272 Ἀαρὼν,
3317 5203 3349 5274 ἢ
3401 5221 3493 5258 και
3524 5224 3669 5270 τινος

2091 5284 2200 5337 τῶν
2227 5286 2284 5354 ἐξ
2309 5289 2516 5343 ἐκείνου
2536 5309 2548 5321 ο
2586 5288 2660 5346 ὧν
2685 5293 2912 5358 ἕκαστος
2957 5294 3029 5365 μὴ
3069 5293 3142 5348 ὢν
3172 5295 3432 5368 πρότερον
3464 5298 3665 5370 ἱερεὺς,

2093 5375 2318 5448 ὕστερόν
2345 5397 2474 5435 ποτε
2499 5382 2566 5436 δι’
2584 5384 2884 5457 ἀνθρώπων
2903 5385 3097 5458 ἀλοιφῇ
3117 5405 3223 5440 τινι
3244 5391 3514 5461 σκευαστῇ
3527 5389 3670 5462 χριά

2095 5485 2273 5534 μενος,
2313 5471 2388 5533 ὡς
2435 5473 2493 5525 ἐν
2539 5473 2727 5537 τύποις
2756 5479 2928 5530 εἰπεῖν
2959 5479 3053 5531 καὶ
3097 5479 3399 5546 συμϐόλοις,
3433 5479 3668 5554 σκιώδης

2089 5577 2172 5623 τις
2204 5561 2296 5615 καὶ
2334 5563 2596 5629 εἰκονικὸς
2627 5567 2861 5638 Χριστὸς
2896 5568 3236 5622 ἀπετελεῖτο·
3264 5570 3401 5625 ἀλλὰ
3433 5573 3528 5625 καὶ
3569 5572 3667 5627 ﬁt:

2083 5651 2274 5722 θνητὸς
2303 5655 2380 5709 ὢν
2405 5658 2506 5709 οὐκ
2544 5658 2626 5720 είς
2653 5659 2863 5730 μακρὸν
2891 5659 3176 5714 ἀπετίθετο
3206 5661 3304 5728 τὴν
3339 5663 3664 5735 ἱερωσύνην.

2283 5775 2326 5806 ⁸⁸
2360 5772 2503 5830 Psal.
2531 5787 2676 5843 mv,
2723 5777 2771 5831 7.
2874 5778 2917 5811 ⁸ο
2951 5776 3089 5833 Psal.
3120 5779 3304 5844 σιεγε.
