3880 6256
250 349 359 404 563

1148 345 1795 403 DEMONSTBATIONIS
1833 345 2288 406 EVANGELICE
2329 351 2454 406 LIB.
2497 353 2563 408 ν.

3391 364 3496 425 566

251 462 362 517 Καὶ
399 462 548 534 παρὰ
617 463 716 532 μὲν
762 460 840 532 τῷ
876 461 1141 514 Ἰουδαίων
1183 462 1328 532 μόνῳ
1383 462 1562 530 ἱερᾶτο
1602 459 1732 528 λαῷ,
1767 458 1821 508 οὐ

1934 458 2094 514 tionis
2126 477 2234 531 pne
2271 464 2626 536 participibus
2656 467 2766 524 tuis
2786 509 2800 535 ,
2827 474 2882 524 et
2911 470 3250 524 sacerdotum
3283 473 3336 527 id
3381 488 3498 531 erat

250 556 360 628 μὴν
396 556 490 608 καὶ
518 553 668 624 παρὰ
701 556 811 617 τοῖς
843 553 1020 616 ἄλλοις
1067 551 1291 605 ἔθνεσιν.
1336 550 1491 604 Ἀλλὰ
1540 551 1658 603 οὐδὲ
1711 550 1825 621 μεθ’

248 648 598 720 ὁρκωμοσίας
620 646 752 698 Θεοῦ
789 646 878 698 ἐπὶ
909 645 1006 716 τὴν
1039 645 1374 715 λειτουργίαν
1401 644 1618 716 παρῄει,
1649 643 1827 714 κρίσει

247 741 304 795 δὲ
332 738 638 810 ἀνθρώπων
665 737 990 808 τιμώμενος·
1039 738 1112 802 ὼς
1165 739 1257 791 καί
1291 755 1418 790 ποτε
1451 739 1524 808 μὴ
1564 736 1710 802 ἄξιον
1740 737 1827 789 εὐ-

251 831 538 902 ρίσκεσθαι
583 832 640 883 ἐν
684 830 864 894 αὐτοῖς
902 830 999 901 τῆς
1049 830 1140 882 τοῦ
1181 828 1314 882 Θεοῦ
1361 828 1672 910 Θεραπείας,
1718 823 1827 891 οἷος

246 924 662 993 ἀναγέγραπται
691 925 718 974 6
752 922 916 975 Ἡλεί.
965 923 1083 974 Ἔτι
1132 921 1264 993 πρὸς
1293 921 1500 985 τούτοις
1532 923 1561 974 6
1598 919 1826 983 παλαιὸς

246 1017 457 1077 ἐκεῖνος
493 1015 689 1086 ἱερεὺς,
723 1015 751 1066 ὁ
781 1014 917 1067 κατὰ
958 1014 1055 1084 τὴν
1086 1014 1325 1078 Μωσέως
1345 1013 1601 1078 διάταξιν,
1644 1014 1705 1066 ἐκ
1733 1013 1826 1084 μό-

245 1126 342 1178 νης
372 1108 682 1179 ἐξεκρίνετο
713 1107 882 1178 φυλῆς
920 1109 1018 1177 τῆς
1062 1108 1210 1160 Λευῖ·
1263 1108 1368 1161 ἔδει
1407 1108 1462 1161 δέ
1501 1107 1559 1172 ἐξ
1591 1108 1826 1170 ἅπαντος

243 1201 339 1255 καὶ
363 1200 428 1253 τὸ
452 1201 607 1269 γένος
630 1203 692 1252 ὲκ
719 1201 816 1272 τῆς
836 1199 925 1252 τοῦ
953 1199 1158 1273 Ἀαρὼν
1173 1200 1418 1272 διαδοχῆς
1441 1200 1597 1253 αὑτὸν
1615 1200 1820 1270 φέρειν,

244 1293 454 1362 θύμασί
500 1311 557 1346 τε
605 1292 759 1358 ζώων
799 1294 1006 1361 ἀλόγων
1051 1294 1142 1346 καὶ
1177 1295 1390 1364 αἵμασι,
1433 1296 1712 1364 σωματικῇ
1760 1309 1822 1361 γε

241 1385 476 1458 λατρεία
508 1385 830 1455 θεραπεύειν
862 1386 920 1438 τὸ
949 1387 1109 1438 θεῖον.
1158 1387 1214 1438 '0
1244 1386 1299 1438 δὲ
1334 1385 1663 1456 Μελχισεδὲκ
1692 1387 1824 1440 ὠνο-

246 1477 554 1547 μασμένος,
586 1477 614 1529 ὃ
642 1475 1111 1547 μεταλαμϐάνεται
1138 1478 1216 1540 είς
1243 1476 1340 1546 τὴν
1374 1477 1593 1532 Ἐλλάδα
1621 1477 1819 1550 φωνὴν,

245 1567 508 1637 βασιλεὺς
537 1567 897 1637 δικαιοσύνης,
933 1568 1122 1621 ἔπειτα
1158 1567 1408 1637 βασιλεὺς
1439 1569 1647 1642 Σαλὴμ,
1676 1570 1705 1622 ὃ
1731 1571 1823 1623 καὶ

243 1658 377 1710 αὐτὸ
410 1658 478 1711 ἂν
525 1657 609 1729 εἴη
663 1657 913 1728 βασιλεὺς
957 1661 1210 1733 εἰρήνης,
1263 1663 1511 1733 ἀπάτωρ,
1569 1664 1817 1736 ἀμήτωρ,

238 1748 694 1820 ἀγενεαλόγητος,
723 1751 821 1804 οὐκ
860 1750 995 1822 ἔχων
1027 1754 1163 1806 κατὰ
1194 1754 1291 1825 τὴν
1326 1757 1563 1826 ἱστορίαν
1589 1757 1689 1810 οὐκ
1721 1758 1820 1830 ἀρ-

241 1841 341 1911 χὴν
371 1817 622 1913 ἡμερῶν,
656 1843 717 1895 οὐ
761 1817 920 1914 ζωῆς⁷
949 1845 1120 1911 τέλος,
1149 1817 1261 1900 diti;
1290 1847 1406 1900 οὐδὲ
1439 1817 1615 1902 κοινόν
1646 1867 1695 1902 τι
1725 1817 1820 1920 φέ-
1852 1817 1894 1872 Β

241 1951 352 2005 ρων
410 1934 549 2004 πρὸς
602 1934 693 1987 τὸν
738 1936 838 2006 τῆς
879 1935 974 1988 τοῦ
1011 1936 1214 2008 Ἀαρὼν
1259 1939 1554 2010 ἱερωσύνης
1601 1939 1816 2010 τρόπον.

241 2025 383 2078 οὔτε
423 2025 536 2096 γὰρ
581 2026 670 2078 ὑπ’
713 2025 1011 2099 ἀνθρώπων
1047 2029 1245 2100 ᾕρητο,
1287 2031 1385 2082 οὐκ
1426 2031 1588 2101 ἐλαίῳ
1631 2048 1822 2084 σκευα-

244 2116 354 2187 στῷ
391 2117 684 2189 κέχριστο,
723 2121 783 2172 οὐ
820 2119 892 2191 (ι)
920 2121 1074 2188 γένος
1118 2117 1185 2192 ἦν
1230 2121 1338 2174 τῶν
1374 2123 1506 2192 μηδὲ
1551 2124 1824 2192 φανέντων

416 2210 516 2263 καὶ
574 2209 635 2263 τὸ
685 2210 899 2264 πάντων
947 2228 1010 2279 γε
1054 2210 1507 2284 παραδοξότατον,
1562 2214 1642 2266 ὃτι
1692 2214 1824 2287 μηδὲ

238 2299 344 2371 τὴν
401 2300 584 2372 σάρκα
642 2302 1034 2372 περιτέτμητο,
1089 2303 1184 2354 καὶ
1236 2302 1385 2373 ὅμως
1430 2302 1519 2354 τὸν
1580 2302 1825 2376 ’Λϐραὰμ

242 2392 500 2461 εὐλογεῖ,
559 2394 709 2446 ὼσὰν
779 2395 912 2448 πολὺ
979 2393 1239 2466 κρείττων
1304 2393 1468 2450 αὑτοῦ
1521 2397 1821 2467 τυγχάνων.

254 2483 419 2536 Ἀλλὰ
482 2484 606 2537 οὐδὲ
657 2485 869 2548 θυσίαις
922 2485 1015 2539 καὶ
1069 2486 1314 2550 σπονδαῖς
1363 2487 1439 2558 τῷ
1489 2487 1694 2559 ὑψίστῳ
1751 2491 1826 2542 ἱε-

245 2578 379 2644 ρᾶτο
408 2576 553 2647 Θεῷ,
592 2577 713 2630 οὐδὲ
763 2576 868 2649 μὴν
921 2578 1071 2652 παρὰ
1120 2579 1196 2650 τῷ
1241 2582 1298 2633 ἐν
1342 2580 1688 2652 Ἰερουσαλὴμ
1715 2581 1825 2652 ναῷ

242 2667 342 2739 τὴν
372 2667 718 2742 λειτουργίαν
761 2670 1018 2736 ἐξετέλει’
1071 2673 1190 2737 πῶς
1233 2673 1341 2745 γὰρ
1385 2673 1459 2745 τῷ
1508 2674 1638 2745 μηδὲ
1681 2673 1823 2737 δντιζ

241 2759 487 2825 Εἰκότως
502 2757 616 2828 οῦν,
640 2763 761 2817 ἐπεὶ
796 2764 979 2835 καὶτῷ
998 2766 1246 2837 ἡμετέρῳ
1267 2767 1476 2838 Σωτῆρι
1490 2766 1567 2836 τῷ
1586 2766 1824 2838 Χριστῷ,

241 2853 397 2908 οὐδὲν
433 2855 536 2926 μὲν
577 2855 655 2926 τῷ
696 2856 899 2930 Ἀαρὼν
943 2858 1180 2929 ἐμφερὲς
1210 2858 1400 2930 ἔμελλε
1434 2860 1821 2932 συμϐήσεσθαι.

246 2947 386 3002 οὔτε
441 2949 554 3021 γὰρ
614 2951 686 3022 μὴ
731 2949 804 3003 ὢν
849 2953 1151 3024 πρότερον,
1201 2953 1425 3025 ὕστερόν
1471 2953 1604 3007 ποθ’
1649 2955 1824 3024 ἱερεὺς

245 3041 656 3107 ἀναδέδεικται,
711 3044 805 3096 καὶ¹
863 3043 1039 3115 ἱερεὺς
1083 3047 1144 3098 οὐ
1195 3045 1509 3117 γενόμενος,
1552 3045 1686 3100 ἀλλὰ
1729 3045 1822 3099 ὥν.

1930 551 2207 619 pr0prium
2240 553 2383 622 apud
2415 553 2670 610 llehrams
2705 567 2764 612 ut
2797 569 3172 630 ungerentur:
3210 565 3407 619 merito
3441 568 3495 621 in

1929 657 1994 696 eo
2023 659 2183 712 quem
2219 661 2365 699 nunc
2399 655 2738 712 tractamus,
2786 652 2900 722 jam
2946 653 3152 710 clarius
3194 665 3248 710 et
3293 659 3496 714 certius

1929 733 2080 786 illum
2115 745 2403 791 consecrat
2433 741 2773 797 sacerdotem
2799 782 2814 807 ,
2850 743 3004 813 plura
3031 745 3194 800 etiam
3236 747 3302 804 de
3348 749 3497 807 illius

1927 827 2176 883 doctrina
2209 845 2556 900 proponens,
2601 849 2697 903 per
2735 851 2897 905 quam
2947 839 3122 904 ipsum
3165 841 3341 896 solum
3385 857 3500 914 pm

1927 921 2238 978 hominibus
2267 921 2360 994 qui
2394 942 2634 995 unquam
2664 936 2759 981 aut
2793 928 2997 984 fuerint
3023 941 3117 986 aut
3147 931 3314 988 futuri
3347 937 3495 1008 sint,

1925 1021 2188 1066 azternum
2218 1014 2559 1069 sacerdotem
2601 1031 2725 1072 esse
2767 1017 3142 1086 demonstrat,
3187 1025 3333 1093 quod
3364 1041 3496 1082 sane

1925 1118 2195 1174 nusquam
2240 1113 2297 1160 ut
2343 1106 2440 1160 ulli
2489 1116 2698 1162 naturae
2743 1109 2982 1166 hominis
3029 1115 3492 1186 accommodetur,

1926 1195 2042 1249 ﬁeri
2103 1199 2322 1266 poterit.
2361 1197 2673 1255 Secundum
2712 1202 2958 1258 ordinem
3007 1205 3362 1263 Melchisedec
3407 1225 3497 1266 sa-

1924 1289 2199 1345 cerdotem
2261 1297 2525 1348 constitui
2582 1296 2731 1349 illum
2785 1297 2895 1358 ait,
2951 1306 3009 1350 ut
3060 1299 3129 1352 ab
3173 1316 3239 1354 eo
3285 1296 3515 1357 differat'

1929 1381 2022 1449 qui
2055 1383 2352 1437 secundum
2391 1383 2556 1440 Mosis
2589 1386 3035 1442 constitutionem
3069 1397 3187 1444 erat
3217 1393 3491 1457 sacerdos,

1922 1473 2015 1542 qui
2051 1474 2266 1543 quidem
2303 1485 2396 1528 aut
2436 1475 2614 1530 Aaron
2663 1479 2734 1530 sit
2784 1477 3167 1546 accipiendus,
3215 1491 3312 1536 aut
3355 1483 3496 1539 alius

1922 1567 2193 1637 quispiam
2227 1582 2288 1622 ex
2323 1567 2390 1622 iis
2433 1568 2526 1636 qui
2585 1569 2654 1624 ab
2687 1569 2778 1622 illo
2818 1570 3036 1624 oriundi
3070 1572 3181 1626 sint
3211 1594 3222 1627 :
3261 1590 3493 1642 quorum

1921 1657 2150 1728 quisque
2178 1673 2302 1713 cum
2333 1659 2484 1727 prius
2513 1659 2772 1715 sacerdos
2816 1676 2924 1715 non
2968 1671 3152 1726 esset,
3211 1668 3490 1734 posterius

1923 1749 2214 1820 aliquando
2258 1764 2352 1818 per
2399 1750 2649 1806 homines
2701 1762 2979 1824 unguento
3035 1758 3270 1826 quodam
3317 1761 3493 1815 artifi-

1922 1841 2070 1898 ciose
2109 1844 2358 1900 confecto
2392 1845 2716 1917 ungebatur,
2757 1854 2812 1900 et
2856 1846 2936 1901 sic
2985 1846 3212 1916 ﬁgurate
3241 1890 3255 1914 ,
3307 1859 3365 1904 ut
3415 1851 3493 1906 ita

1922 1936 2100 1990 dicam
2121 1976 2137 2001 ,
2165 1944 2220 1991 et
2255 1952 2350 2006 per
2377 1939 2532 2007 signa
2561 1939 2806 2008 quaedam
2831 1979 2844 2000 ,
2881 1939 3238 1996 adumbratus
3267 1942 3491 2012 quidam

1922 2035 1976 2082 et
2005 2028 2363 2098 imaginarius
2390 2029 2645 2085 Christus
2673 2028 3005 2085 efficiebatur
3034 2050 3046 2084 :
3084 2045 3340 2101 praeterea
3369 2041 3491 2089 tan-

1923 2135 2085 2189 quam
2118 2119 2164 2174 is
2195 2122 2289 2192 qui
2340 2122 2588 2178 mortalis
2625 2131 2804 2189 esset,
2846 2121 2991 2177 haud
3031 2124 3107 2178 ita
3155 2126 3326 2180 multo
3369 2137 3492 2196 post

1880 2211 1895 2222 '
1926 2213 2293 2268 sacerdotium
2347 2213 2674 2284 deponebat.
2732 2214 2884 2268 Adde
2931 2215 3077 2285 quod
3129 2217 3274 2286 apud
3319 2233 3490 2272 unum

1923 2303 2233 2360 Judaeorum
2288 2307 2547 2377 populum
2607 2304 2913 2361 sacerdotio
2969 2306 3318 2377 fungebatur,
3381 2326 3490 2364 non

1925 2405 2107 2452 autem
2149 2399 2292 2468 apud
2319 2399 2456 2454 alias
2490 2400 2617 2454 item
2655 2399 2930 2453 nationes.
2971 2397 3158 2468 Neque
3198 2417 3328 2456 vero
3363 2417 3491 2456 cum

1920 2490 2284 2561 jurejurando
2315 2490 2445 2556 Dei,
2478 2491 2546 2546 ad
2577 2491 2742 2545 talem
2792 2490 3124 2545 [unctionem
3165 2493 3489 2556 accedebat,

1927 2580 2022 2637 sed
2049 2581 2260 2650 judicio
2306 2582 2588 2637 hominum
2620 2581 2843 2636 electus.
2877 2578 3062 2650 Itaque
3101 2597 3492 2652 nonnunquam

1925 2672 2087 2728 etiam
2131 2673 2329 2744 aliquis
2375 2689 2440 2730 ex
2483 2674 2591 2730 illis
2635 2675 2888 2731 inventus
2926 2683 3010 2729 est
3050 2675 3144 2728 tali
3187 2675 3494 2730 ministerio

1925 2780 2036 2819 non
2067 2764 2297 2835 dignus,
2339 2766 2519 2835 qualis
2553 2765 2670 2820 Heli
2712 2767 2875 2837 plane
2919 2765 3230 2836 descriptus
3271 2777 3375 2822 est.
3410 2768 3494 2822 Ad

1926 2858 2073 2924 haec,
2118 2865 2277 2914 vetus
2326 2858 2416 2916 ille
2465 2859 2764 2924 sacerdos,
2809 2859 2902 2929 qui
2955 2874 2985 2914 a
3029 2858 3176 2914 Mose
3207 2858 3494 2914 institutus

1928 2950 2134 3018 fuerat,
2162 2967 2228 3007 ex
2261 2951 2377 3007 sola
2404 2951 2553 3006 tribu
2579 2950 2712 3006 Levi
2745 2952 2869 3024 eligi
2901 2959 3149 3023 poterat:
3193 2959 3247 3008 et
3273 2959 3497 3022 oporte-

1930 3044 2026 3099 bat
2071 3044 2297 3099 omnino
2326 3044 2477 3098 illum
2523 3058 2698 3108 genus
2741 3058 2960 3113 quoque
2999 3043 3214 3098 trahere
3258 3041 3326 3096 de
3364 3057 3494 3098 suc-

244 3135 589 3206 Προσεκτέον
626 3137 734 3208 γὰρ
777 3139 1051 3210 ἐπιμελῶς
1081 3139 1186 3211 τῷο
1235 3161 1254 3193 ‹
1291 3142 1363 3194 Σὺ
1396 3143 1572 3214 ἱερεὺς
1618 3146 1697 3206 εἰς
1735 3144 1821 3197 τὸν

1929 3136 2180 3191 cessione
2235 3135 2408 3206 ipsius
2461 3133 2645 3188 Aaron
2673 3173 2687 3198 ,
2744 3133 3140 3204 sacriﬁciisque
3203 3133 3492 3188 brutorum

245 3226 441 3281 αἱῶνα.
487 3247 506 3279 ι
546 3227 621 3283 Οὐ
656 3228 764 3300 γὰρ
794 3229 913 3302 ἔσῃ,
941 3231 1092 3303 φησὶ,
1127 3232 1200 3304 μὴ
1238 3233 1314 3286 ὣν
1352 3233 1551 3289 πάλαι·
1580 3234 1693 3288 ἀλλ’
1715 3236 1823 3290 οὐδ’

247 3314 392 3389 ἦσθα
425 3320 527 3390 μὲν
549 3321 716 3376 πάλαι
735 3361 750 3388 ,
773 3320 869 3377 νῦν
899 3323 954 3376 δὲ
980 3321 1062 3377 οὖ⁹
1082 3324 1216 3378 ἀλλὰ
1239 3326 1387 3396 παρὰ
1409 3325 1502 3380 τοῦ
1531 3329 1820 3399 φήσαντος,

255 3430 274 3462 c
331 3412 474 3482 Ἐ’γώ
498 3415 612 3484 εἱμι
636 3417 666 3468 6
691 3413 786 3480 ὢν,
829 3434 848 3467 ι
889 3417 954 3469 σὺ
982 3411 1065 3480 εἴ,
1094 3419 1187 3471 καὶ
1219 3419 1398 3489 ἱερεὺς
1423 3421 1503 3483 εἰς
1533 3420 1623 3473 τὸν
1651 3421 1823 3477 αἰῶνα

249 3506 544 3577 διαμένεις.
592 3508 742 3562 Ἐπεὶ
772 3504 865 3563 οῦν
890 3509 1013 3562 οὔτε
1044 3512 1152 3564 ἀπὸ
1179 3512 1368 3582 χρόνου
1395 3517 1494 3584 τῆς
1528 3514 1824 3586 ἱερωσύνης

254 3596 556 3668 ἀπήρξατο,
589 3598 712 3652 οὔτε
744 3603 808 3655 ἐκ
834 3601 1006 3672 φυλῆς
1036 3604 1342 3674 ἱερωμένων
1373 3606 1402 3658 6
1428 3606 1680 3675 Χριστὸς,
1703 3608 1822 3660 οὐδὲ

253 3687 335 3740 διὰ
368 3691 672 3745 σκευαστοῦ
712 3693 805 3745 καὶ
838 3695 1148 3764 σωματικοῦ
1177 3696 1354 3748 ἐλαίου
1385 3697 1669 3768 κέχριστο,
1703 3699 1822 3752 οὐδὲ

255 3780 399 3846 τέλος
428 3782 572 3848 ἕξειν
603 3783 793 3856 ἔμελλε
825 3787 922 3858 τῆς
959 3787 1286 3859 ἱερωσύνης,
1325 3789 1445 3842 οὐδὲ
1474 3790 1653 3861 μόνοις
1693 3793 1819 3845 ἰου-

253 3874 437 3939 δαίοις,
466 3875 604 3929 ἀλλὰ
620 3877 713 3931 καὶ
731 3879 894 3932 πᾶσιν
915 3878 1089 3933 ἔθνεσι
1123 3881 1554 3953 καταστήσεσθαι
1578 3900 1591 3914 ο
1619 3885 1822 3938 τούτων

254 3965 412 4020 ἓνεκα
446 3966 666 4022 πάντων
691 3969 915 4034 εἱκότως
934 3971 1095 4024 αὐτὸν
1117 3965 1214 4042 τῆς
1242 3971 1340 4042 μὲν
1367 3959 1508 4026 κατὰ
1534 3973 1625 4027 τὸν
1652 3973 1822 4028 τύπον

267 4057 474 4131 Ἀαρὼν
512 4059 851 4133 λειτουργίας
891 4062 1248 4128 ἀπαλλάττει,
1284 4065 1424 4118 κατὰ
1453 4064 1552 4137 τὴν
1581 4065 1733 4132 τάξιν
1764 4066 1822 4118 δὲ

252 4149 585 4221 Μελχισεδὲκ
622 4153 772 4224 ἱερέα
817 4155 979 4224 φησὶν
1017 4153 1255 4209 ἔσεσθαι.
1297 4157 1407 4209 Καὶ
1438 4157 1498 4210 τό
1533 4174 1594 4225 γε
1623 4157 1820 4211 ἀποτέ-

252 4242 424 4314 λεσμα
465 4243 560 4296 τοῦ
613 4246 862 4316 χρησμοῦ
911 4245 1212 4319 θαυμάσιον
1255 4248 1567 4320 συνορῶντι,
1604 4250 1822 4313 ὄπως’ὁ

254 4334 439 4408 Σωτὴρ
459 4336 617 4407 ἡμῶν
650 4335 854 4407 Ἰησοῦς
871 4339 900 4392 6
919 4339 1148 4410 Χριστδς
1169 4340 1262 4393 τοῦ
1289 4341 1446 4406 Θεοῦ,
1461 4343 1539 4413 τῷ
1560 4342 1652 4396 τοῦ
1682 4343 1823 4397 Μελ-

253 4423 464 4494 χισεδὲκ
483 4427 670 4498 τρόπῳ
693 4429 763 4482 τά
786 4429 882 4500 τῆς
910 4431 966 4482 ἐν
992 4429 1296 4502 ἀνθρώποις
1327 4433 1636 4504 ἱερουργίας
1656 4432 1820 4486 εἰσέτι

254 4518 343 4570 καὶ
360 4517 458 4571 νῦν
485 4517 576 4572 διὰ
605 4519 710 4572 τῶν
741 4520 905 4574 αὐτοῦ
939 4520 1285 4596 θεραπευτῶν
1317 4525 1570 4578 ἐπιτελεῖ.
1610 4525 1821 4596 ’Ὠσπερ

255 4610 357 4683 γὰρ
379 4613 608 4676 ἐκεῖνος,
644 4614 820 4683 ἱερεὺς
845 4613 1014 4668 ἐθνῶν
1033 4615 1333 4685 τυγχάνων,
1367 4617 1602 4690 οὐδαμοῦ
1635 4619 1821 4687 φαίνε-

253 4719 338 4756 ται
375 4703 591 4768 θυσίαις
628 4707 964 4775 σωματικαῖς
998 4707 1364 4779 κεχρημένος,
1401 4709 1527 4780 οῐνῳ
1566 4708 1623 4762 δὲ
1673 4710 1820 4781 μόνῳ

252 4797 340 4849 at
372 4796 525 4868 ἄρτῳ
545 4796 636 4850 τὸν
679 4797 926 4871 Ἀϐραὰμ
954 4801 1207 4871 εὐλογῶν,
1233 4801 1322 4854 τὸν
1348 4803 1509 4856 αὐτὸν
1533 4802 1597 4874 δὴ
1620 4803 1818 4874 τρόπον

251 4888 466 4954 πρῶτος
499 4888 600 4958 μὲν
632 4888 794 4952 αὐτὸς
815 4892 843 4942 6
867 4891 1059 4963 Σωτὴρ
1085 4893 1177 4945 καὶ
1198 4893 1398 4963 Κύριος
1425 4893 1598 4964 ἡμῶν,
1627 4894 1816 4948 ἔπειτα

251 4980 296 5030 οἱ
338 4977 398 5043 ἐξ
435 4979 602 5031 αὐτοῦ
637 4978 835 5044 πάντες
873 4983 1036 5054 ἱερεῖς
1079 4984 1183 5037 ἀνὰ
1221 4983 1396 5037 πάντα
1445 4984 1513 5037 τὰ
1551 4985 1676 5056 ἔθνη
1720 4986 1817 5056 τὴν

252 5071 623 5142 πνευματικὴν
646 5071 1015 5137 ἐπιτελοῦντες
1035 5074 1174 5128 κατὰ
1193 5075 1318 5138 τοὺς
1338 5073 1820 5148 ἐκκλησιαστικοὺς

254 5156 480 5231 θεσμοὺς
518 5163 849 5233 ἱερουργίαν,
877 5163 1003 5235 οἴνῳ
1036 5165 1130 5219 καὶ
1156 5167 1304 5237 ἄρτῳ
1326 5205 1341 5229 ,
1375 5165 1466 5219 τοῦ
1483 5179 1542 5218 τε
1573 5164 1818 5236 σώματος

254 5250 411 5304 αὑτοῦ
445 5252 542 5305 καὶ
567 5251 660 5306 τοῦ
691 5255 956 5326 σωτηρίου
993 5256 1220 5326 αἵματος
1252 5258 1572 5311 αἰνίττονται
1609 5257 1678 5311 τά
1719 5275 1818 5328 μυ-

256 5343 465 5413 στήρια,
490 5343 588 5396 τοῦ
614 5345 947 5415 Μελχισεδὲκ
975 5346 1145 5400 ταῦτα
1169 5346 1436 5418 πνεύματι
1466 5348 1594 5419 θείῳ
1620 5361 1816 5419 προτε-

256 5433 586 5507 θεωρηκὸτος
605 5478 620 5500 ,
653 5440 748 5490 καὶ
779 5439 883 5491 τῶν
918 5438 1216 5509 μελλόντων
1256 5443 1374 5503 ταῖς
1406 5441 1576 5494 εἱκόσι
1616 5459 1817 5512 προκε-

257 5529 519 5600 χρημένου
538 5569 554 5593 ν
581 5531 659 5592 ὡς
681 5530 714 5598 ἡ
738 5530 975 5593 Μωσέως
1022 5531 1210 5601 Γραφὴ
1239 5533 1522 5602 μαρτυρεῖ,
1563 5533 1815 5601 λέγουσαι

258 5638 276 5671 ε
309 5623 413 5678 Καὶ
444 5622 785 5693 Μελχισεδὲκ
818 5622 1067 5691 βασιλεὺς
1098 5621 1284 5694 Σαλὴμ
1309 5622 1598 5695 ἐξήνεγκεν
1621 5627 1817 5698 ἄρτους

313 5743 354 5774 ’³
381 5743 560 5800 Exod.
587 5757 674 5808 ur,
709 5741 800 5796 14.

306 5836 514 5912 (1)·οὐ.
544 5839 705 5894 Anne
735 5829 832 5905 0ὖῖ
860 5835 1015 5892 Ευιτ.

1929 3227 2243 3282 animalium
2289 3232 2345 3282 et
2383 3225 2704 3291 cruoribus,
2751 3227 3134 3296 corporalique
3170 3225 3495 3280 adoratione

1927 3321 2006 3376 rei
2036 3320 2236 3376 divinae
2267 3318 2557 3375 inservire.
2587 3319 2658 3372 At
2686 3333 2816 3373 vero
2836 3358 2851 3382 ,
2897 3319 2992 3388 qui
3024 3317 3381 3374 Melchisedec
3407 3325 3495 3374 est

1925 3413 2270 3476 nominatus,
2303 3411 2449 3482 quod
2479 3425 2678 3466 nomen
2701 3399 2766 3464 in
2800 3419 3043 3466 nostram
3078 3410 3314 3480 linguam
3359 3425 3493 3464 cono

1923 3520 2149 3562 versum
2173 3543 2188 3569 ,
2228 3518 2407 3575 regem
2448 3501 2673 3571 iustitiae
2705 3501 3011 3573 signiﬁcat,
3054 3509 3108 3557 et
3145 3502 3239 3572 qui
3269 3501 3371 3556 fuit
3397 3516 3496 3556 rex

1927 3596 2106 3650 Salem
2127 3633 2143 3659 ,
2175 3592 2320 3664 quod
2352 3594 2530 3663 ipsum
2560 3592 2688 3646 item
2716 3592 2818 3654 sit,
2866 3608 2959 3647 rex
3001 3591 3153 3662 pacis
3172 3631 3186 3656 ,
3234 3592 3353 3648 sine
3395 3609 3494 3663 pam

1923 3696 2040 3754 tre,
2081 3687 2200 3742 sine
2243 3693 2447 3749 matre,
2490 3684 2611 3739 sine
2653 3683 2870 3753 generis
2911 3683 3082 3750 serie,
3126 3698 3235 3737 non
3282 3682 3494 3738 habens

1924 3782 1981 3835 in
2025 3779 2294 3842 historia,
2354 3791 2531 3847 neque
2574 3775 2794 3831 initium
2841 3773 3090 3839 dierum,
3143 3790 3322 3845 neque
3367 3775 3495 3830 vita;

1925 3872 2120 3936 ﬁnem,
2153 3886 2216 3926 ac
2258 3885 2329 3924 ne
2364 3867 2609 3924 referens
2655 3867 2875 3938 quidem
2920 3881 3044 3922 cum
3086 3866 3271 3921 Aaron
3304 3880 3494 3921 sacer-

1923 3965 2058 4020 dotii
2101 3962 2210 4018 ritu
2243 3975 2536 4016 commune
2565 3957 2864 4030 quidquam
2897 3958 3197 4012 invenitur.
3227 3955 3363 4011 Nam
3396 3972 3489 4012 ne-

1922 4071 2030 4127 que
2059 4055 2130 4110 ab
2156 4052 2475 4108 hominibus
2503 4051 2709 4106 eleétus
2741 4048 2955 4114 fuerat,
2986 4061 3165 4118 neque
3194 4047 3316 4101 oleo
3339 4060 3492 4102 com-

1923 4147 2103 4218 posito
2130 4151 2328 4200 unctus
2347 4184 2363 4208 ,
2393 4157 2570 4212 neque
2595 4140 2662 4196 de
2692 4155 2890 4211 genere
2911 4138 3130 4195 illorum
3154 4137 3336 4194 editus
3353 4179 3370 4203 ,
3396 4140 3491 4208 qui

1924 4239 2167 4295 nondum
2187 4238 2544 4293 exstiterant:
2565 4241 2619 4288 et
2639 4231 2786 4304 quod
2800 4231 3042 4288 omnium
3063 4229 3299 4285 maxime
3325 4230 3496 4285 admi-

1921 4329 2096 4386 rabile
2122 4336 2238 4395 est,
2269 4341 2340 4382 ne
2365 4339 2594 4395 corpore
2623 4322 2842 4394 quidem
2873 4330 2991 4378 erat
3019 4321 3410 4387 circumcisus,
3440 4330 3496 4375 et

1923 4431 2106 4477 tamen
2132 4420 2238 4490 ipsi
2261 4418 2536 4474 Abraham
2565 4413 2872 4478 benedicit,
2906 4419 3166 4483 tanquam
3196 4413 3245 4468 is
3272 4411 3364 4482 qui
3399 4411 3494 4464 illo

1852 4499 1898 4554 Ῑ)
1927 4516 2000 4569 sit
2029 4518 2185 4582 longe
2212 4507 2579 4580 praestantior.
2623 4503 2778 4560 Adde
2809 4502 2955 4573 quod
2996 4516 3176 4573 neque
3204 4500 3493 4555 sacriﬁciis

1924 4621 2102 4676 neque
2129 4600 2481 4658 libationibus
2503 4637 2519 4664 ,
2565 4595 2832 4652 altissimo
2855 4595 2967 4652 Deo
3005 4595 3353 4666 operabatur,
3393 4608 3493 4647 ne-

1928 4713 2034 4770 que
2056 4711 2188 4753 vero
2214 4697 2268 4750 in
2296 4694 2499 4764 templo
2521 4692 2666 4762 quod
2693 4687 3087 4758 Hierosolymis
3113 4693 3296 4750 esset,
3329 4700 3491 4740 suum

1923 4805 2128 4847 munus
2155 4787 2339 4843 obibat
2363 4805 2375 4840 :
2405 4784 2496 4856 qui
2523 4784 2668 4840 enim
2695 4782 2752 4837 in
2775 4794 2862 4846 eo,
2895 4779 3042 4850 quod
3069 4777 3312 4833 nondum
3338 4777 3495 4832 erat?

1923 4883 2084 4954 223
2117 4881 2184 4935 Et
2212 4878 2409 4935 merito
2458 4890 2621 4939 sane,
2657 4872 2880 4944 quando
2908 4887 2978 4927 ne
3028 4879 3216 4926 nostro
3269 4866 3495 4940 quidem

1924 4975 2196 5032 Salvatori
2247 4973 2464 5028 Christo
2486 5009 2502 5033 ,
2534 4975 2858 5025 eventurum
2891 4963 3190 5036 quidquam
3225 4968 3346 5017 erat
3387 4961 3494 5030 ipsi

1919 5071 2102 5124 Aaron
2155 5065 2353 5120 simile.
2397 5061 2534 5116 Nam
2573 5073 2753 5129 neque
2783 5056 2877 5128 qui
2926 5053 3079 5125 prius
3105 5069 3215 5109 non
3274 5052 3490 5116 fuisset,

1921 5158 2194 5233 posterius
2222 5164 2307 5212 est
2341 5152 2636 5224 aliquando
2661 5147 2922 5206 sacerdos
2939 5147 3251 5202 declaratus
3277 5161 3292 5210 ;
3317 5159 3496 5214 neque
3534 5155 3544 5230 ξ

1920 5255 1968 5309 is
2015 5252 2108 5323 qui
2131 5247 2430 5306 exstitisset
2483 5243 2775 5308 sacerdos,
2807 5238 2904 5296 sed
2938 5238 3034 5310 qui
3061 5243 3164 5292 est.
3196 5233 3496 5306 Diligenter
3541 5243 3547 5295 ξ

1923 5347 2070 5403 enim
2101 5340 2494 5399 attendendmn
2525 5347 2609 5394 est
2657 5336 2791 5391 illud
2825 5352 2839 5388 :
2893 5351 2911 5384 ‹
2943 5331 3024 5386 'l‘u
3048 5346 3108 5385 es
3143 5329 3404 5384 sacerdos
3439 5329 3494 5381 in

1924 5447 2208 5494 aeternum.
2237 5456 2257 5488 ι
2291 5433 2411 5488 Non
2440 5432 2607 5496 enim,
2644 5430 2776 5494 eris,
2802 5428 2900 5493 ait,
2926 5424 3022 5495 qui
3057 5423 3187 5477 olim
3213 5437 3323 5476 non
3369 5419 3490 5474 fuc-

1926 5534 2024 5596 ris,
2051 5545 2114 5585 ac
2145 5545 2212 5584 ne
2241 5527 2392 5583 fuisti
2423 5525 2642 5596 quidem
2672 5527 2852 5584 antea,
2884 5532 3031 5572 nunc
3063 5525 3242 5570 autem
3267 5528 3376 5568 non
3411 5529 3494 5572 es,

1929 5625 2025 5682 sed
2053 5623 2120 5678 ab
2145 5637 2209 5678 eo
2237 5621 2329 5691 qui
2355 5617 2513 5682 dixit,
2552 5635 2570 5667 ι
2606 5615 2718 5686 Ego
2749 5628 2869 5670 sum
2901 5610 2992 5682 qui
3025 5609 3232 5674 sum“,
3269 5625 3288 5659 ι
3323 5615 3383 5660 tu
3411 5619 3497 5682 cs,
