3880 6256
460 339 566 397 567

1094 339 1361 395 EITSEB]
1401 337 1880 394 CIESARI'ENSIS
1917 339 2066 394 OPP.
2111 341 2290 396 PARS
2331 341 2391 397 ll.
2429 372 2500 384 -—
2535 342 3034 399 APOLOGI'JTICA.
3580 357 3669 410 363

457 465 512 511 et
541 457 799 512 sacerdos
829 459 884 512 in
918 467 1174 512 :eternum
1210 471 1520 526 permanes.
1547 455 1815 522 Quoniam
1855 457 2021 528 igitur

2129 462 2217 514 καὶ
2250 457 2410 515 οἶνον.
2447 457 2554 516 Ἦν
2591 463 2647 516 δὲ
2686 465 2862 538 ἱερεὺς
2895 465 2988 518 τοῦ
3021 465 3154 519 Θεοῦ
3191 467 3280 520 τοῦ
3315 470 3558 540 ὑψίστου,
3590 479 3669 531 καὶ

455 565 634 621 neque
661 565 689 603 a
714 558 977 621 tempore,
1007 547 1300 604 sacerdotii
1335 549 1550 602 initium
1579 549 1810 619 accepit,
1846 566 2022 620 neque

457 646 525 699 de
557 642 700 696 tribu
758 640 1102 695 sacerdotum
1160 646 1384 693 exortus
1413 646 1499 692 est
1521 638 1794 703 Christus,
1849 657 2024 711 neque

457 735 752 792 artiﬁciose
776 734 1044 789 instructo
1080 733 1465 803 corporalique
1493 734 1612 787 oleo
1640 735 1920 799 inunctus,
1956 751 2024 789 ne

459 831 621 884 linem
653 828 871 898 quidem
908 826 1060 880 illum
1091 827 1385 881 sacerdotii
1417 837 1500 882 est
1536 829 2025 899 habiturus,neque

457 923 585 976 item
607 921 738 975 solis
783 917 1010 980 Iudaeis.
1047 917 1141 973 sed
1167 919 1424 974 omnibus
1463 917 1720 990 gentibus
1760 922 2028 976 constitu-

455 1012 653 1067 endus.
715 1010 944 1082 Propter
979 1013 1094 1066 haec
1147 1015 1331 1066 omnia
1352 1053 1367 1076 ,
1400 1014 1596 1067 merito
1623 1014 1775 1066 illum
1804 1029 1832 1066 a
1865 1014 2028 1068 mini-

457 1107 625 1162 sterio
651 1105 833 1159 Aaron
883 1106 1097 1167 liberat,
1125 1105 1267 1175 quod
1317 1106 1544 1176 ﬁguram
1579 1109 1822 1177 gerebat,
1853 1115 1907 1161 et
1941 1123 2026 1161 ser

457 1198 695 1254 cundum
727 1197 973 1252 ordinem
1002 1196 1360 1252 Melchisedec
1394 1198 1733 1253 sacerdotem
1783 1199 2024 1252 futurum

455 1289 704 1344 afﬁrmat.
740 1286 805 1341 Et
846 1303 977 1342 sane
1019 1290 1225 1343 oraculi
1253 1289 1434 1343 exitus
1486 1290 1822 1346 admirabilis
1851 1291 1899 1345 ei
1932 1291 2024 1360 qui

456 1381 853 1449 contempletur
905 1379 1359 1449 quemadmodum
1418 1379 1666 1435 Salvator
1720 1390 1905 1436 noster
1936 1382 2026 1437 Je-

458 1486 574 1535 sus,
610 1473 702 1541 qui
727 1483 810 1526 est
837 1455 1087 1525 Christus
1125 1470 1238 1534 Dei,
1265 1471 1437 1540 ipsius
1498 1471 1856 1527 Melchisedee
1887 1475 2019 1537 ritu,

461 1581 524 1621 ea
553 1581 674 1635 quae
697 1565 762 1618 ad
791 1565 1154 1620 sacerdotium
1179 1565 1231 1617 in
1255 1565 1565 1619 hominibus
1592 1567 1885 1635 gerendum
1905 1584 2028 1638 spe-

452 1664 627 1720 ctant,
662 1671 757 1726 per
785 1671 916 1711 suos
972 1656 1253 1712 ministros
1306 1657 1569 1726 perﬁciat.
1603 1655 1735 1710 Nam
1767 1659 2027 1727 quemad-

453 1746 678 1801 modum
711 1747 800 1801 ille
841 1751 936 1816 qui
991 1747 1249 1803 sacerdos
1277 1748 1517 1818 gentium
1549 1756 1697 1812 erat,
1755 1765 2023 1820 nusquam

2126 553 2383 624 εὑλόγησε
2408 553 2497 608 τὸν
2536 555 2797 628 Ἀϐραάμ.
2833 577 2848 608 ι
2889 558 3126 622 Εἰκότως
3148 555 3238 614 οὖν
3271 563 3362 615 καὶ
3399 565 3511 633 μεθ’
3527 567 3666 638 ὅρκου

2126 644 2489 716 παραλήψεως
2524 647 2667 718 μόνῳ
2702 648 2776 718 τῷ
2820 649 3132 720 δηλουμένῳ
3169 670 3187 700 ι
3229 649 3406 722 ὤμοσε
3435 656 3669 728 Κύριοςό

2125 736 2276 798 Θεὸς,
2296 737 2389 789 καὶ
2417 740 2476 790 οὑ
2497 740 3021 810 μεταμεληθήσεται·
3040 743 3112 796 Σὺ
3126 739 3193 808 εἴ,
3226 764 3244 795 ι
3262 745 3450 813 λέγων,
3475 768 3490 797 ι
3517 752 3668 821 ἱερεὺς

2126 829 2204 890 εἰς
2225 827 2315 882 τὸν
2345 829 2533 893 αἰῶνα,
2558 830 2695 886 κατά
2727 831 2822 902 τὴν
2846 832 2996 897 τάξιν
3019 833 3364 905 Μελχισεδέκ.
3391 857 3409 887 ι
3430 839 3668 896 Ἐπάκου-

2129 936 2217 972 σον
2253 921 2309 972 δέ
2343 915 2429 974 οἷα
2456 923 2548 975 καὶ
2579 923 2703 994 περὶ
2724 923 2886 976 τῶνδε
2915 927 2941 976 ό
2985 927 3301 992 Ἀπόστολός
3325 948 3502 1000 φησιν·
3530 952 3548 984 ι
3594 935 3670 993 Ἕν

2125 1003 2206 1078 ᾧ,
2256 1014 2636 1084 περισσότερον
2685 1015 3004 1085 βουλόμενος
3052 1021 3079 1070 ό
3115 1019 3246 1083 Θεὸς
3289 1023 3542 1086 ἐπιδεῖξαι
3574 1031 3667 1091 τοῖς

2127 1104 2478 1175 κληρονόμοις
2512 1107 2610 1176 τῆς
2637 1107 2903 1188 βασιλείας
2929 1109 2988 1161 τὸ
3016 1111 3342 1179 ἀμετάθετον
3377 1115 3468 1185 τῆς
3499 1116 3668 1189 βουλῆς

2128 1197 2327 1260 αὑτοῦ,
2363 1199 2711 1267 ἐμεσίτευσεν
2750 1200 2928 1269 ὅρκῳ,
2981 1201 3066 1254 ἵνα
3099 1201 3186 1254 διὰ
3227 1202 3318 1254 δύο
3358 1207 3668 1275 πραγμάτων

2127 1287 2498 1358 ἀμεταθέτων,
2532 1291 2589 1342 ἐν
2622 1285 2702 1352 οἷς
2736 1291 2991 1344 ἀδύνατον
3023 1292 3322 1361 ψεύσασθαι
3357 1293 3504 1358 Θεὸν,
3541 1299 3667 1366 ίσγυο

2131 1381 2230 1449 ράν
2258 1381 2599 1452 παράκλησιν
2633 1381 2840 1451 ἔχωμεν
2871 1385 2920 1435 οἱ
2956 1386 3466 1455 προκαταιρυγόντες
3490 1388 3670 1458 κρατῆ-

2130 1489 2218 1524 σαι
2242 1472 2340 1542 τῆς
2375 1471 2736 1542 προκειμένης
2763 1473 2990 1536 ἐλπίδος.
3031 1494 3047 1524 ι
3089 1476 3193 1527 Καὶ
3215 1476 3462 1546 ἐπιφέρει
3488 1475 3666 1544 λέγων·

2133 1585 2151 1615 ε
2194 1565 2303 1616 Καὶ
2335 1565 2384 1617 οἱ
2421 1564 2518 1634 μὲν
2552 1563 2790 1627 πλείονές
2825 1567 2928 1617 εἰσι
2961 1567 3240 1633 γεγονότες
3282 1569 3472 1638 ἱερεῖς,
3506 1568 3583 1622 διά
3620 1569 3671 1623 τὸ

2129 1654 2342 1723 θανάτῳ
2365 1653 2665 1706 κωλύεσθαι
2711 1653 3042 1722 παραμένειν
3070 1670 3082 1682 ·
3119 1658 3146 1706 ὁ
3179 1656 3232 1707 δὲ
3255 1696 3268 1718 ,
3301 1657 3389 1710 διὰ
3421 1658 3479 1710 τὸ
3513 1659 3669 1728 μένειν

2128 1744 2287 1797 αὑτὸν
2311 1784 2324 1807 ,
2374 1745 2718 1816 ἀπαράϐατον
2761 1746 2869 1815 ἕχει
2921 1747 3016 1817 την
3057 1749 3372 1818 ἱερωσύνην.
3413 1749 3564 1802 Ὅθεν
3593 1749 3670 1802 καὶ

2715 1838 2728 1849 ε

455 1838 672 1894 videtur
729 1839 1020 1894 sacriﬁciis
1075 1839 1451 1909 corporalibus
1497 1839 1739 1900 functus.
1771 1842 1864 1895 sed
1901 1842 2026 1896 vino

2130 1837 2320 1901 σώζειν
2360 1840 2436 1900 εἰς
2462 1839 2520 1890 τὸ
2548 1838 2802 1902 παντελὲς
2834 1840 3050 1894 δύναται
3084 1843 3206 1902 τοὺς
3234 1841 3670 1913 προσερχομένους

457 1931 574 1984 solo
602 1939 656 1984 et
697 1945 853 2000 pane,
882 1929 1012 1983 dum
1033 1929 1137 1999 ipsi
1166 1929 1440 1984 Abraham
1467 1930 1763 1996 benedicit,
1801 1934 1874 1985 ita
1899 1950 2028 1989 sane

454 2022 666 2095 primus
697 2024 812 2092 ipse
841 2021 1094 2076 Salvator
1123 2038 1185 2076 ac
1231 2023 1492 2077 Dominus
1547 2035 1732 2078 noster
1761 2064 1776 2088 ,
1831 2025 2030 2082 deinde

456 2115 549 2185 qui
585 2115 654 2170 ab
695 2115 814 2185 ipso
868 2113 1094 2184 profecti
1130 2125 1278 2180 sunt,
1333 2116 1642 2172 sacerdotes
1674 2118 1728 2171 in
1773 2119 2028 2175 omnibus

455 2204 732 2276 gentibus,
790 2204 1075 2274 spirituale
1109 2206 1409 2260 secundum
1470 2209 1872 2263 ecclesiasticas
1902 2225 2030 2264 san-

454 2297 669 2351 ctiones
721 2294 1015 2350 sacerdOtii
1056 2311 1256 2351 munus
1296 2298 1582 2360 obeuntes,
1612 2300 1740 2352 vino
1773 2313 1836 2351 ae
1867 2315 2025 2370 pane,

440 2395 511 2439 ~et
537 2384 784 2454 corporis
817 2385 966 2438 illius
991 2395 1044 2438 et
1071 2386 1328 2441 salutaris
1358 2387 1916 2458 sanguinismysleria
1937 2405 2027 2444 re-

447 2483 810 2549 praesentant,
859 2492 980 2546 quae
1008 2491 1139 2532 sane
1171 2478 1431 2548 mysteria
1489 2477 1846 2535 Melehisedec
1879 2489 2030 2536 tanto

456 2576 584 2624 ante
615 2567 808 2638 spiritu
839 2555 1024 2622 divino
1054 2579 1402 2638 cognoverat,
1433 2581 1487 2625 et
1517 2587 1694 2625 rerum
1723 2571 2026 2626 futurarum

455 2659 784 2730 imaginibus
807 2674 939 2714 usus
966 2659 1162 2721 fuerat,
1189 2661 1328 2714 sicut
1355 2660 1517 2714 etiam
1545 2661 1710 2716 Mosis
1735 2660 2022 2730 Scriptura

455 2749 801 2812 teStilicatur,
831 2748 923 2803 ubi
959 2749 1035 2802 ait
1071 2768 1085 2802 :
1129 2767 1145 2799 ι
1187 2747 1252 2801 Et
1280 2748 1638 2803 Melchisedec
1679 2765 1773 2804 rex
1822 2751 2028 2815 Salem,

458 2841 685 2910 protulit
715 2853 884 2908 panes
935 2845 989 2892 et
1039 2838 1246 2893 vinum.
1276 2837 1405 2891 Erat
1436 2847 1618 2894 autem
1647 2840 1904 2894 sacerdos
1937 2839 2028 2896 Dei

455 2930 736 2993 altissimi,
770 2937 824 2984 et
874 2929 1154 2983 benedixit
1179 2927 1450 2984 Abraham
1477 2931 1544 2982 ".
1590 2950 1608 2980 ι
1646 2929 1838 2985 Merito
1866 2931 2029 3002 igitur

457 3026 515 3075 et
547 3034 671 3075 cum
695 3017 1060 3088 jurisjurandi
1097 3019 1401 3088 adiectione
1423 3060 1438 3084 ,
1475 3022 1568 3075 uni
1617 3023 1666 3076 ei
1698 3022 1765 3076 de
1794 3038 1902 3092 quo
1939 3024 2028 3078 hic

453 3114 672 3182 agimus
707 3111 835 3165 talia
857 3111 1129 3182 promissa
1160 3119 1291 3166 sunt
1319 3131 1330 3166 :
1367 3129 1386 3163 ι
1415 3110 1648 3179 Iuravit,
1682 3114 1894 3183 inquit,
1929 3113 2030 3169 Do-

458 3203 640 3258 minus
662 3201 839 3278 Deus,
872 3210 928 3258 et
949 3217 1060 3256 non
1092 3203 1377 3272 ptenitebit
1398 3219 1521 3259 eum
1550 3225 1563 3260 :
1591 3214 1649 3259 tu
1679 3221 1738 3262 es
1769 3209 2026 3263 sacerdos

459 3311 517 3351 tn
565 3303 829 3351 aeternum
889 3295 1190 3350 secundum
1261 3295 1506 3351 ordinem
1570 3296 1952 3354 Melchisedec.
2001 3319 2018 3350 ι

458 3386 598 3439 Audi
643 3399 772 3439 vero
798 3385 979 3454 qualia
1011 3385 1122 3439 sint
1147 3400 1269 3454 qua:
1317 3386 1384 3440 de
1431 3385 1622 3440 iisdem
1663 3388 1826 3442 rebus
1861 3392 2026 3444 etiam

457 3477 752 3546 Apostolus
784 3475 930 3531 dicat
958 3493 972 3529 :
1006 3496 1023 3527 ι
1052 3475 1110 3529 In
1145 3491 1252 3545 quo
1275 3476 1642 3532 abundantius
1665 3481 1852 3534 volens
1883 3479 2026 3534 Deus

458 3566 750 3621 ostendere
774 3566 1081 3621 hatredibus
1109 3566 1259 3637 regni
1285 3567 1778 3622 immutabilitatem
1811 3571 2026 3624 consilii

461 3659 568 3722 sui,
595 3658 920 3728 interposuit
968 3657 1354 3727 jusjurandum
1383 3696 1398 3722 ,
1431 3666 1484 3712 ut
1519 3673 1613 3728 per
1645 3659 1780 3715 duas
1809 3676 1894 3714 res
1920 3663 2024 3715 im-

461 3753 752 3808 mutabiles
781 3752 837 3805 in
865 3751 1068 3822 quibus
1091 3750 1429 3819 impossibile
1462 3761 1545 3805 e5t
1575 3751 1796 3806 mentiri
1835 3752 2023 3818 Deum,

460 3843 625 3916 224
663 3843 1022 3899 fortissimum
1073 3843 1328 3897 solatium
1391 3842 1723 3906 habeamus,
1773 3845 1866 3913 qui
1897 3861 2029 3900 con—

461 3935 699 4002 fugimus
728 3933 794 3987 ad
833 3933 1185 3988 obtinendam
1234 3933 1572 4003 propositam
1607 3949 1758 4004 spem
1792 3936 1836 3966 ²³
1867 3977 1882 4002 ,
1923 3956 1940 3988 ι
1975 3945 2028 3991 et

463 4025 709 4093 adjungit
739 4043 752 4077 :
796 4042 813 4074 ι
841 4023 904 4078 Ει
941 4023 1033 4077 alii
1064 4024 1282 4093 quidem
1315 4025 1499 4093 plures
1532 4025 1660 4079 facti
1685 4035 1812 4081 sunt
1841 4043 2029 4083 sacer-

461 4114 640 4177 dotes,
675 4115 880 4169 idcirco
908 4117 1051 4186 quod
1082 4126 1255 4172 morte
1290 4118 1713 4187 prohiberentur
1741 4136 2027 4190 permane-

463 4221 562 4260 re:
607 4208 694 4260 hic
731 4214 932 4271 autem,
963 4223 1029 4261 eo
1051 4207 1194 4277 quod
1229 4209 1343 4278 ipse
1368 4219 1604 4275 maneat,
1637 4212 2027 4282 sempiternum

461 4296 626 4350 habet
655 4297 1038 4351 sacerdotium.
1067 4297 1142 4352 Ex
1169 4314 1278 4368 quo
1308 4299 1472 4353 etiam
1511 4316 1729 4355 servare
1761 4302 1815 4355 in
1840 4317 2032 4372 perpe-

465 4394 617 4440 tuum
649 4395 828 4457 potest
879 4388 1197 4444 accedentes
1229 4405 1326 4459 per
1364 4390 1540 4460 ipsum
1577 4392 1643 4446 ad
1672 4393 1862 4456 Deum,
1897 4410 2036 4448 sem-

2131 1929 2196 1981 δι’
2222 1928 2385 1981 αὑτοῦ
2421 1929 2495 1999 τῷ
2529 1929 2677 1999 Θεῷ,
2727 1930 2955 1984 πάντοτε
2991 1931 3097 1995 ζῶν
3143 1933 3220 1994 εἰς
3256 1932 3314 1984 τὸ
3357 1933 3670 2003 ἐντυγχάνειν

2131 2018 2268 2088 ὑπὲρ
2300 2018 2498 2070 αὑτῶν.
2537 2019 2786 2081 Τοιοῦτος
2810 2021 2916 2090 γάρ
2949 2021 3079 2090 ἡμῖν
3112 2019 3205 2071 καὶ
3240 2019 3474 2091 ἔπρεπεν
3508 2023 3670 2094 ἀρχιε-

2134 2112 2289 2180 ρεὺς,
2331 2111 2505 2174 ὅσιος,
2542 2110 2776 2174 ἄκακος,
2827 2112 3103 2180 ἀμίαντος,
3156 2114 3549 2184 κεχωρισμένος
3582 2113 3670 2167 ἀπὸ

2129 2201 2233 2254 τῶν
2268 2202 2622 2273 ἁμαρτωλῶν,
2655 2203 2750 2255 καὶ
2779 2201 3003 2274 ὑψηλότε
3015 2220 3102 2273 ρος
3125 2201 3230 2255 τῶν
3263 2204 3505 2275 οὐρανῶν
3539 2207 3668 2272 γενόο

2133 2310 2309 2362 μενος.
2357 2316 2373 2346 ι
2426 2296 2534 2348 Καὶ
2586 2295 2823 2363 ἐπιλέγει
2859 2313 2872 2325 ο
2934 2315 2951 2346 ι
2987 2295 3294 2363 Κεφάλαιον
3357 2297 3412 2348 δὲ
3451 2297 3538 2348 ἐπὶ
3577 2299 3670 2359 τοῖς

2130 2385 2466 2454 εἰρημένοις,
2518 2383 2752 2436 τοιοῦτον
2798 2384 2991 2455 ἔχομεν
3036 2384 3314 2454 ἀρχιερέα,
3359 2384 3415 2447 ὃς
3451 2384 3670 2436 ἐκάθισεν

2133 2477 2188 2526 ἐν
2228 2475 2378 2544 δεξιᾷ
2431 2475 2530 2544 τῆς
2571 2475 2943 2546 μεγαλοσὺνης
2991 2477 3047 2528 ἐν
3085 2476 3328 2546 ὑψηλοῖς,
3376 2476 3482 2529 τῶν
3525 2476 3670 2544 ἁγίων

2129 2566 2456 2637 λειτουργὸς,
2488 2568 2579 2620 καὶ
2612 2567 2708 2637 τῆς
2739 2567 2943 2636 σκηνῆς
2970 2569 3066 2636 τῆς
3097 2567 3378 2638 ἀληθινῆς,
3412 2569 3475 2638 ἦν
3499 2567 3670 2637 ἔπηξεν

2130 2659 2158 2710 ὁ
2185 2659 2403 2730 Κύριος,
2424 2657 2858 2730 οὐχ’άνθρωπος.
2899 2679 2916 2708 ι
2948 2659 3129 2710 Ταῦτα
3163 2660 3261 2729 μέν
3282 2662 3311 2712 ὀ
3359 2661 3665 2724 Ἀπόστολος.

2142 2749 2198 2801 '0
2219 2748 2272 2799 δὲ
2301 2747 2508 2818 ψαλμὸς
2531 2748 2754 2810 ὑποϐάς,
2784 2749 2876 2800 καὶ
2904 2747 2962 2800 τὸ
2988 2747 3156 2811 πάθος
3178 2749 3668 2819 ἐπικεκαλυμμένως

2129 2838 2222 2892 τοῦ
2256 2839 2724 2909 προφητευομένου
2756 2839 2924 2909 δηλοῖ,
2949 2839 3120 2906 λέγων
3141 2855 3154 2868 ·
3197 2857 3215 2890 ι
3270 2840 3366 2892 Ἐκ
3403 2841 3669 2910 χειμάρρου

2129 2930 2187 2981 ἐν
2220 2928 2323 2998 ὁδῷ
2353 2930 2554 2991 πίεται,
2585 2927 2671 2980 διὰ
2701 2928 2854 2981 τοῦτο
2877 2927 3079 2995 ὑψώσει
3113 2928 3372 3000 κεφαλήν.
3406 2948 3423 2980 ι
3460 2929 3670 3000 Χείμαρ-

2131 3022 2220 3088 ρον
2241 3019 2296 3073 δὲ
2321 3019 2409 3072 τὸν
2435 3020 2618 3091 καιρὸν
2640 3017 2744 3070 τῶν
2766 3019 3084 3088 πειρασμῶν
3111 3018 3203 3072 καὶ
3227 3019 3384 3082 ἄλλος
3399 3018 3540 3089 δηλοῖ
3554 3018 3668 3086 ψαλ-

2131 3110 2249 3180 μὸς,
2281 3109 2451 3178 λέγων
2479 3127 2524 3163 ’ς
2554 3109 2866 3180 Χειμάρρου
2892 3107 3098 3179 διῆλθεν
3121 3111 3152 3178 ἡ
3182 3108 3330 3180 ψυχὴ
3361 3108 3526 3179 ἡμῶν.
3553 3110 3671 3177 "Ap:

2054 3180 2095 3236 Ο
2126 3202 2337 3273 διῆλθεν
2358 3205 2390 3274 ἠ
2413 3202 2559 3274 ψυχὴ
2594 3203 2748 3274 ἡμῶν
2774 3203 2833 3253 τὸ
2871 3201 3012 3273 ὕδωρ
3038 3202 3097 3254 τὸ
3122 3202 3508 3254 ἀνυπόστατον.
3535 3220 3552 3252 ι
3599 3201 3670 3252 Ἑν

2125 3293 2202 3364 τῷ
2225 3294 2504 3365 χειμάρρῳ
2517 3293 2692 3345 τοίνυν
2727 3291 2928 3353 πίεται,
2960 3291 3094 3361 φησι
3112 3330 3126 3354 ,
3149 3290 3209 3342 τὸ
3236 3292 3490 3362 ποτήριον
3517 3291 3670 3362 δηλον-

2125 3387 2236 3451 ότι,
2264 3386 2291 3439 ὃ
2325 3386 2566 3457 ᾐνίττετο
2597 3385 2731 3455 πρὸς
2785 3383 2862 3453 τῷ
2895 3384 3069 3456 καιρῷ
3093 3384 3186 3439 τοῦ
3225 3385 3451 3450 πάθους,
3483 3385 3669 3452 λέγων’

2133 3501 2151 3532 4
2179 3481 2378 3552 Πάτερ,
2407 3482 2455 3532 ει
2477 3479 2720 3542 δυνατὸν,
2744 3477 3058 3546 παρελθέτω
3072 3478 3132 3530 τὸ
3150 3480 3406 3550 ποτήριον
3430 3478 3573 3532 τοῦτο
3591 3476 3670 3530 ἀπ’

2127 3573 2311 3641 ἐμοῦ.»
2339 3573 2448 3626 Καὶ
2475 3571 2634 3624 πάλιν
2659 3571 2776 3622 ἰΕί
2813 3573 2886 3641 μὴ
2916 3569 3140 3623 δυνατόν
3165 3573 3312 3622 ἐστιν
3339 3571 3465 3624 αὑτὸ
3497 3566 3670 3641 παρελ-

2129 3664 2259 3728 θεῖν,
2283 3665 2375 3718 ὲὰν
2399 3663 2472 3734 μὴ
2490 3663 2619 3716 αὑτὸ
2646 3662 2770 3725 πίω,
2795 3662 3077 3733 γενηθήτω
3093 3663 3151 3714 τὸ
3171 3661 3383 3732 θέλημά
3405 3680 3541 3715 σου.)
3566 3658 3672 3713 Τοῖ-

2127 3773 2188 3809 το
2215 3755 2278 3827 δὴ
2302 3752 2394 3809 οὖν
2422 3754 2626 3808 ἐκπιὼν
2648 3753 2708 3806 τὸ
2751 3756 3006 3825 ποτήριον
3028 3793 3042 3818 ,
3079 3755 3258 3824 ὑψωσε
3294 3754 3527 3825 κεφαλὴν
3547 3795 3560 3817 ,
3592 3754 3669 3806 καὶ

2129 3848 2267 3902 κατά
2288 3847 2377 3900 τὸν
2411 3845 2748 3911 Ἀπόστολον,
2774 3845 2894 3897 ἐπεὶ
2922 3846 3029 3916 γάρ
3067 3865 3084 3897 ι
3118 3847 3342 3913 γέγονεν
3366 3846 3589 3915 ὑπήκοος
3607 3839 3670 3910 τῷ

2130 3940 2303 4009 Πατρὶ
2325 3939 2486 4010 μέχρι
2507 3937 2753 4000 θανάτου,
2777 3935 3006 3990 θανάτου
3027 3936 3082 3989 δὲ
3104 3936 3359 4006 σταυροῦ,
3380 3935 3465 3988 διά
3485 3933 3664 3993 τοῦτο,ι

2131 4031 2314 4100 φησιν,
2343 4049 2361 4079 ί
2387 4029 2740 4100 ὑπερύψωσεν
2766 4028 2924 4081 αὑτὸν
2951 4029 2979 4079 ό
3008 4026 3160 4090 Θεὸς,
3196 4027 3414 4098 ἐγείρας
3443 4023 3588 4078 άυτὸν
3617 4023 3670 4073 ἐκ

2129 4119 2236 4172 τῶν
2255 4118 2462 4190 νεκρῶν
2481 4158 2496 4183 ,
2519 4119 2612 4171 καὶ
2633 4117 2858 4181 καθίσας
2884 4119 3041 4171 αὑτὸν
3069 4119 3123 4169 ἐν
3145 4116 3292 4188 δεξιᾷ.
3323 4115 3504 4178 αὑτοῦ,
3525 4115 3671 4179 ὑπερο

2133 4210 2242 4263 άνω
2275 4209 2452 4279 πάσης
2478 4209 2650 4280 ἀρχῆς
2675 4246 2690 4270 ν
2725 4208 2818 4260 καὶ
2853 4206 3118 4272 ἐξουσίας,
3149 4208 3244 4260 καὶ
3275 4206 3561 4276 δυνάμεως,
3592 4201 3671 4254 καὶ

2131 4299 2476 4373 κυριότητος,
2525 4302 2618 4352 καὶ
2656 4299 2853 4363 παντὸς
2885 4297 3138 4366 ὀνόματος
3172 4295 3589 4366 ὀνομαζομένου,
3617 4289 3668 4342 οὐ

2135 4393 2291 4463 μόνον
2325 4395 2381 4445 ἐν
2409 4391 2488 4462 τῷ
2525 4391 2678 4445 αἰῶνι
2717 4390 2911 4460 τούτῳ,
2943 4388 3075 4442 ἀλλὰ
3108 4389 3203 4441 καὶ
3241 4391 3298 4441 ἐν
3327 4387 3402 4457 τῷ
3430 4383 3666 4456 μέλλοντι.

465 4492 562 4549 per
584 4479 770 4534 vivens
824 4480 890 4534 ad
945 4480 1387 4536 intercedendum
1416 4499 1513 4553 pro
1543 4484 1669 4540 illis.
1703 4484 1850 4541 Talis
1883 4487 2026 4540 enim

2133 4485 2242 4538 Kal.
2265 4485 2437 4538 πάντα
2455 4481 2707 4548 ὑπέταξε,
2736 4483 2944 4553 »φησ“ιν,
2969 4500 2986 4532 ι
3011 4470 3114 4532 ὑπὸ
3137 4483 3260 4543 τοὺς
3283 4480 3445 4540 πόδας
3464 4473 3664 4567 autem:

465 4570 691 4625 decebat
720 4586 822 4626 nos
881 4571 1147 4641 pontifex,
1203 4583 1450 4638 sanctus,
1503 4575 1800 4641 innocens,
1836 4578 2028 4648 impol-

464 4663 636 4727 lutus,
685 4673 1000 4734 segregatus
1033 4680 1061 4718 a
1093 4666 1511 4734 peccatoribus,
1545 4675 1598 4722 et
1629 4669 1897 4723 excelsior
1924 4683 2030 4722 caa-

463 4752 534 4806 lis
563 4751 742 4807 factus
767 4755 834 4808 ³³.
873 4773 890 4804 ι
926 4753 1128 4810 Deinde
1152 4756 1398 4828 adjungit
1433 4776 1446 4812 :
1481 4776 1500 4809 ι
1531 4757 1900 4829 Caputautem
1935 4774 2030 4813 su-

463 4858 558 4913 per
587 4844 656 4899 iis
679 4860 797 4913 qua:
825 4845 970 4899 dicta
1019 4855 1162 4904 sunt.
1201 4847 1383 4904 Talem
1414 4850 1674 4906 habemus
1698 4853 2028 4921 pontiﬁcem,

465 4936 558 5006 qui
591 4935 742 4991 sedet
791 4937 847 4990 in
879 4937 1102 4994 dextera
1145 4941 1458 5011 maiestatis
1490 4943 1545 4997 in
1587 4945 1838 5008 excelsis,
1897 4959 2027 5000 sau-

463 5037 675 5086 etorum
735 5029 1000 5096 minister,
1061 5038 1114 5086 et
1177 5034 1513 5089 tabernaculi
1551 5035 1687 5101 veri,
1727 5037 1872 5106 quod
1913 5038 2028 5091 lixit

465 5121 628 5184 Deus,
677 5129 730 5176 et
764 5135 870 5175 non
899 5121 1060 5176 homo
1109 5124 1174 5178 ³⁸.
1215 5143 1235 5176 ι
1285 5124 1410 5181 Haec
1443 5126 1660 5197 quidem
1715 5128 2024 5197 Apostolus.

464 5211 714 5267 Psalmus
743 5228 893 5280 vero,
932 5213 1159 5269 inferius
1211 5231 1564 5287 progressus,
1599 5220 1760 5274 etiam
1800 5235 1863 5272 ea
1908 5236 2028 5290 qua:

2131 4576 2271 4628 κατὰ
2294 4575 2389 4646 τὴν
2418 4575 2550 4646 πρὸς
2579 4575 2736 4627 άυτὸν
2758 4573 3107 4642 ἐπαγγελίαν,
3138 4571 3204 4642 ἣν
3231 4571 3316 4624 διὰ
3358 4569 3450 4623 τοῦ
3483 4559 3668 4636 ψαλμῶὖ

2131 4645 2444 4736 παρίστησι,
2466 4645 2662 4732 λέγων·
2685 4682 2702 4713 ι
2727 4662 2906 4716 Κάθου
2942 4663 3004 4714 ἐκ
3033 4659 3218 4724 δεξιῶν
3252 4675 3372 4729 μου,
3398 4656 3496 4717 ἓως
3523 4651 3581 4705 ἂν
3605 4645 3670 4699 θῶ

2128 4759 2251 4820 τοὺς
2283 4755 2511 4828 ἐχθρούς
2531 4772 2623 4808 σου
2660 4754 2944 4808 ὑποπόδιον
2964 4753 3071 4806 τῶν
3101 4751 3275 4804 ποδῶν
3309 4767 3421 4803 σου.
3448 4749 3670 4800 Κατακυ·

2134 4849 2278 4922 ρίευε
2305 4851 2360 4901 ἐν
2398 4849 2546 4919 μέσῳ
2567 4847 2673 4900 τῶν
2706 4845 2912 4918 ἐχθρῶν
2943 4862 3057 4898 σου.
3082 4865 3100 4895 ι
3136 4841 3403 4914 Πρόδηλον
3419 4835 3586 4894 παντὶ,
3607 4828 3668 4889 ὡς

2133 4940 2210 4994 ἐτι
2235 4939 2329 4995 νῦν
2351 4941 2384 5010 ἡ
2405 4938 2498 4993 τοῦ
2519 4939 2768 5010 Σωτῆρος
2785 4936 2937 5007 ὴμῶν
2956 4936 3180 5006 δύναμις
3197 4935 3288 4987 καὶ
3307 4934 3335 4985 ὁ
3349 4932 3444 4995 τῆς
3458 4927 3671 4980 διδασκα·

2131 5031 2249 5096 λίας
2272 5029 2433 5083 αὑτοῦ
2463 5029 2636 5096 λόγος,
2665 5029 2722 5079 ἐν
2746 5027 2927 5098 μέσοις
2952 5024 3292 5095 τοῖςοέχθροῖς
3313 5023 3406 5076 καὶ
3425 5011 3669 5084 πολεμίοις

2135 5121 2321 5184 αὑτοῦ,
2351 5121 2442 5173 καὶ
2494 5119 2602 5172 τῶν
2655 5118 3089 5172 πεπιστευκότων
3134 5118 3213 5179 είς
3242 5114 3400 5169 αὑτὸν
3445 5106 3670 5163 ἁπάντων

2137 5213 2540 5282 κατακυριεὺει.

463 5320 730 5377 passurus
751 5314 868 5360 erat
901 5307 967 5372 is,
1018 5306 1085 5361 de
1111 5321 1219 5376 quo
1278 5310 1634 5375 vaticinatur,
1663 5321 1848 5382 aperte
1885 5312 2176 5382 signiﬁcat,
2210 5307 2399 5360 dicens
2429 5325 2440 5359 ε
2475 5323 2492 5356 ι
2528 5303 2604 5358 De
2639 5311 2882 5360 torrente
2932 5303 2988 5358 in
3046 5303 3135 5358 via
3184 5305 3365 5366 bibet,
3413 5304 3670 5371 propterea

463 5397 722 5450 exaltabit
743 5406 906 5468 caput
938 5399 1006 5454 “.
1049 5417 1068 5451 ι
1102 5398 1419 5457 Torrentem
1444 5418 1630 5472 porro,
1663 5406 2024 5460 tentationum
2067 5415 2280 5472 tempus
2302 5397 2707 5468 intelligendum
2744 5399 2883 5453 alius
2929 5398 3132 5452 indicat
3185 5397 3446 5470 psalmus-
3467 5395 3666 5450 dicens:

472 5505 491 5538 I
537 5485 855 5541 Torrentem
900 5491 1246 5559 pertransivit
1298 5496 1476 5548 anima
1511 5504 1719 5551 nostra.
1769 5495 2022 5551 Forsitan
2062 5492 2383 5566 pertransiit
2431 5492 2612 5547 anima
2642 5501 2827 5547 nostra
2847 5507 3040 5564 aquam
3076 5491 3468 5548 intolerabilem
3493 5489 3555 5543 ".
3585 5503 3604 5538 ι

535 5664 579 5694 ⁸³
608 5661 740 5716 Gen.
785 5678 894 5732 xiv,
924 5670 1106 5725 l8-l9.

461 5747 652 5801 cxxm,
683 5737 736 5789 5.

1191 5671 1234 5703 ’³
1261 5669 1422 5726 Hebr.
1468 5688 1538 5737 vi,
1568 5671 1649 5727 18.
1729 5674 1771 5704 ’δ
1811 5672 1970 5727 Hebr.
2013 5689 2104 5734 vn,
2134 5669 2323 5728 25-26.
2401 5670 2445 5702 "
2472 5669 2632 5726 Hebr.
2669 5685 2787 5737 vnn,
2829 5671 3008 5741 1,2."
3033 5670 3307 5738 Psal.c1x,
3344 5669 3393 5724 7.
3466 5669 3506 5700 "
3536 5658 3666 5720 Psal.
