3880 6256
224 404 324 460 369
1127 397 1777 458 DEMONSTRATIONIS
1814 395 2273 454 EVANGELICA'}
2308 396 2435 451 LIB.
2474 395 2540 450 Υ.
3348 391 3454 449 370

223 523 277 578 In
309 532 557 580 torrente
589 524 749 594 igitur
780 523 947 587 bibet,
992 523 1192 594 inquit,
1242 524 1468 579 calicem
1506 520 1778 584 videlicet,
1818 534 1979 591 quem
2018 519 2134 589 ipse
2164 517 2268 574 sub
2306 516 2484 586 ipsum
2520 514 2792 587 passionis
2857 520 3074 583 tempus
3109 508 3453 582 signiﬁcavit,

222 615 442 673 dicens:
485 635 507 668 ι
538 614 728 681 Pater,
761 615 1099 681 siApossibile
1124 623 1230 681 est,
1254 625 1495 673 transeat
1523 615 1782 672 calixiste
1816 628 1848 668 a
1879 628 1965 669 me
1990 613 2057 664 ".
2092 631 2110 665 ι
2148 610 2214 666 Et
2255 625 2450 666 rursus
2482 627 2494 663 :
2544 628 2560 661 :
2598 609 2657 664 Si
2716 623 2825 663 non
2892 605 3149 677 possibile
3175 612 3260 659 est
3298 602 3451 658 illum

224 710 473 772 transire,
507 712 622 767 nisi
650 698 1065 777 illum'bibam,
1098 712 1188 767 ﬁat
1214 710 1470 768 voluntas
1501 719 1595 765 tua
1639 710 1707 761 ".
1756 727 1775 761 ο
1814 705 1949 762 Cum
2010 705 2176 776 igitur
2227 704 2373 760 hunc
2427 705 2653 760 calicem
2710 704 2959 766 bibisset,
3024 708 3140 755 tum
3193 698 3447 754 exaltavit

222 808 393 869 caput.
428 800 498 855 Et
527 803 672 859 sicut
703 803 779 858 ait
809 802 1121 873 Apostolus,
1149 803 1409 874 quoniam
1445 822 1464 856 ι
1501 802 1677 858 factus
1731 807 1816 856 est
1848 798 2110 854 obediens
2158 795 2315 851 Patri
2360 811 2532 867 usque
2575 797 2644 850 ad
2709 804 2958 858 mortem,
2996 798 3223 847 mortem
3269 798 3450 844 autem

221 894 416 953 crucis.
471 914 492 946 ι
527 895 753 958 idcirco.
783 896 980 967 inquit,
1025 915 1044 948 ι
1081 897 1367 973 ειιιιιθνίι,
1395 896 1548 951 illum
1607 893 1753 950 Deus
1791 893 1861 955 '°,
1905 891 2178 948 suscitans
2208 892 2358 946 illum
2380 906 2414 945 a
2446 890 2693 952 mortuis,
2724 897 2781 944 et
2818 889 3006 944 sedere
3051 888 3201 942 illum
3232 884 3360 941 fecit
3393 884 3451 941 in

220 983 434 1039 dextera
473 1000 600 1048 sua,
647 1000 814 1057 supra
842 1001 1058 1041 omnem
1088 986 1486 1056 principatum,
1545 993 1599 1039 et
1666 988 2011 1053 potestatem,
2077 989 2131 1036 et
2163 982 2441 1044 virtutem,
2498 987 2553 1035 et
2602 980 3048 1045 dominationem,
3080 988 3135 1035 et
3163 992 3323 1033 omne
3352 991 3451 1033 no-

220 1092 335 1132 men
365 1079 517 1148 quod
544 1079 849 1134 nominetur
879 1095 989 1135 non
1014 1081 1190 1136 solum
1218 1080 1274 1133 in
1306 1079 1409 1135 hoc
1434 1077 1655 1144 saeculo,
1676 1075 1771 1133 sed
1809 1075 1972 1130 etiam
1996 1074 2050 1128 in
2074 1073 2276 1129 futuro.
2312 1074 2376 1127 Et
2413 1076 2596 1129 omnia
2647 1071 2905 1142 subjecit,
2959 1070 3154 1142 inquit,
3194 1070 3297 1126 sub
3348 1084 3447 1140 pe—

218 1170 370 1225 dibus
400 1171 529 1240 ejus
550 1173 614 1236 ³⁸,
649 1190 667 1223 ι
707 1173 1005 1228 secundum
1038 1188 1181 1236 eam,
1209 1187 1330 1243 quae
1353 1172 1422 1228 ad
1445 1172 1625 1241 ipsum
1647 1169 1788 1224 facta
1827 1174 1932 1232 est,
1983 1168 2421 1239 promissionem,
2464 1182 2625 1238 quam
2668 1167 2724 1220 in
2769 1164 2979 1236 pSalmo
3036 1162 3304 1231 declarat,
3362 1159 3451 1216 di-

218 1278 378 1319 cens:
426 1284 447 1314 ι
489 1264 634 1321 Sede
674 1264 936 1321 adextris
996 1249 1156 1331 meis,
1218 1265 1393 1322 donec
1442 1279 1639 1336 ponam
1704 1262 1957 1319 inimicos
2007 1269 2131 1318 tuos
2194 1262 2491 1317 scabellum
2534 1260 2731 1331 pedum
2773 1265 3011 1314 tuorum.
3070 1254 3360 1310 Dominare
3388 1252 3444 1305 in

219 1354 389 1409 medio
435 1355 789 1412 inimicorum
849 1366 1089 1412 tuorum.
1131 1376 1150 1410 ι
1182 1357 1411 1414 Constat
1460 1370 1589 1412 vero
1653 1353 1994 1425 planissime,
2023 1354 2478 1424 quemadmodum
2511 1352 2673 1407 hodie
2696 1365 2913 1422 quoque
2940 1346 3238 1403 Salvatoris
3274 1342 3451 1399 nostri

218 1445 404 1514 virtus,
436 1461 505 1502 ac
535 1447 801 1503 doctrina:
828 1448 975 1505 illius
1010 1449 1260 1515 verbum,
1292 1449 1350 1503 in
1379 1446 1559 1503 medio
1610 1447 1956 1503 inimicorum
2013 1454 2067 1502 et
2121 1445 2364 1505 hostium
2428 1457 2673 1506 suorum,
2728 1440 2992 1495 erunibus.
3036 1438 3363 1509 quicumque
3392 1434 3449 1488 in

215 1542 383 1613 ipsum
409 1540 671 1608 credunt,
702 1543 1039 1599 dominatur.

742 1698 1135 1753 ΚΕΦΑΛΑῙΟΝ
1180 1700 1218 1751 Δ
1236 1738 1251 1752 .

221 1829 461 1903 Ὡςῂκαί
515 1832 789 1898 Ἡσαΐας,
838 1832 1167 1903 προφητῶν
1194 1832 1528 1903 μέγιστος,
1578 1830 1785 1903 σαφῷς

270 1896 392 1972 οἶδε
434 1904 602 1972 Θεὸν
648 1904 717 1955 ἐν
737 1896 1088 1972 Θεῷέἷὶὰι,
1132 1896 1324 1972 λέῖνωθ·
1380 1896 1592 1972 ὁμοίως
1641 1896 1785 1969 ἡμῖν

271 1969 601 2036 δοξάζουσι
628 1971 861 2042 Πατέρα
890 1976 960 2028 ἐν
990 1972 1118 2041 Υιῷ,
1155 1969 1251 2028 καὶ
1292 1969 1428 2026 ridi-
1458 1972 1528 2026 ἐν
1547 1972 1780 2040 Πατέρι.

277 2164 296 2197 ι
334 2146 493 2216 Ἐγὼ
544 2147 750 2220 Κύριος
793 2150 1027 2221 ἐποίησα
1058 2149 1183 2219 γῆν,
1235 2147 1327 2202 καὶ
1377 2146 1660 2219 ἄνθρωπον
1696 2149 1783 2201 ἐπ’

209 2237 383 2308 αὐτῆς
414 2237 539 2307 ἐγὼ
562 2242 629 2310 τῇ
661 2239 802 2310 χειρί
828 2257 928 2310 μου
961 2239 1267 2311 ὲστερέωσα
1289 2239 1379 2293 τὸν
1404 2241 1647 2312 οὐρανὸν,
1674 2238 1784 2309 ἐγὼ

211 2330 333 2382 πᾶσι
361 2333 486 2392 τοῖς
514 2329 735 2401 ἄστροις
761 2331 1132 2403 ἐνετειλάμην,
1164 2330 1273 2401 ἐγὼ
1299 2333 1493 2403 ἠγειρα
1527 2333 1616 2386 τὸν
1645 2333 1783 2404 μετὰ

208 2419 551 2491 δικαιοσύνης
575 2419 813 2490 βασιλέα,
838 2422 930 2475 καὶ
957 2424 1127 2475 πᾶσαι
1154 2424 1206 2475 αἱ
1232 2421 1341 2475 ὁδοὶ
1369 2422 1532 2476 αὐτοῦ
1555 2424 1778 2477 εὐθεῖαι.

211 2506 364 2576 Οὗτος
393 2513 754 2584 οἰκοδομήσει
784 2513 883 2584 τὴν
918 2514 1069 2568 πόλιν
1099 2531 1221 2585 μου,
1247 2513 1340 2567 καὶ
1366 2513 1464 2586 τὴν
1507 2514 1782 2585 αἰχμαλω-

209 2604 317 2658 σίαν
340 2605 438 2658 τοῦ
467 2604 604 2658 λαοῦ
636 2605 971 2677 ἐπιστρέψει,
998 2606 1058 2660 οὐ
1087 2605 1223 2678 μετὰ
1242 2606 1472 2680 λύτρων,
1498 2607 1616 2661 οὐδὲ
1644 2607 1782 2678 μετὰ

208 2694 399 2767 δώρων,
431 2692 562 2750 εἷπε
579 2696 782 2769 Κύριος
801 2697 1077 2752 Σαϐαὼθ.»
1109 2699 1256 2763 Τέως
1292 2698 1390 2769 μὲν
1420 2697 1587 2752 ταῦτα
1618 2702 1645 2754 ὁ
1671 2699 1781 2753 τῶν

206 2785 327 2840 ὅλων
354 2787 597 2859 ποιητὴς
622 2787 773 2853 Θεὸς,
800 2790 927 2861 περί
958 2806 1104 2854 τινος
1130 2788 1391 2859 βασιλέως
1411 2790 1504 2844 καὶ
1530 2789 1780 2862 Σωτῆρος

210 2877 495 2946 μέλλοντος
536 2879 835 2951 οἰκοδομεῖν
874 2879 935 2933 τό
970 2879 1072 2951 τῆς
1123 2879 1404 2942 εὐσεϐείας
1446 2879 1775 2951 πολίτευμα,

207 2964 583 3038 λυτρώσασθαι
625 2968 722 3039 τὴν
760 2968 1139 3040 ὲπισυμϐἄσαν
1182 2967 1490 3041 ἀνθρώποις
1535 2968 1639 3021 ὑπὸ
1682 2968 1780 3041 τῆς

2489 1681 2716 1740 CAPUT
2750 1681 2837 1737 IV.

1884 1820 2045 1891 225
2072 1819 2223 1886 Quod
2267 1822 2426 1875 etiam
2478 1819 2690 1884 Isaias,
2731 1820 3106 1943 prognatam":
3148 1820 3450 1882 maximus,

1956 1894 2109 1943 plane
2146 1892 2286 1943 novit
2337 1890 2503 1943 Deum
2552 1908 2663 1943 esse
2715 1893 2771 1943 in
2864 1906 2945 1943 eo.
2998 1891 3150 1943 idauc
3202 1888 3449 1943 afﬁrmat.

1954 1888 2109 1960 plene
2146 1892 2286 1945 novit
2337 1890 2503 1944 Deum
2552 1908 2663 1960 esse
2715 1888 2771 1945 in
2814 1888 2945 1960 Deo_,
2978 1891 3150 1960 idque
3174 1888 3449 1960 _a[ﬁrmat,

1958 1956 2091 2031 sicut
2133 1963 2294 2014 etiam
2329 1978 2421 2014 nos
2450 1961 2538 2031 qui
2566 1959 2782 2016 Patrem
2810 1962 2864 2014 in
2893 1956 3131 2025 Filio,“
3164 1956 3363 2012 Filium
3395 1959 3450 2011 in

1957 2030 2120 2085 Patre
2141 2030 2521 2101 gloriﬁcamus.

1962 2161 1981 2194 ι
2012 2141 2123 2213 Ego
2157 2140 2423 2200 Dominus
2455 2143 2557 2199 feci
2602 2150 2830 2208 terram,
2879 2147 2933 2195 et
2978 2139 3252 2195 hominem
3286 2155 3449 2211 super

1881 2247 1946 2288 ea
1974 2250 1989 2299 ;
2019 2249 2119 2304 ego
2152 2250 2315 2290 manu
2361 2250 2481 2291 mea
2523 2234 2856 2290 consolidavi
2888 2234 3108 2299 coelum,
3141 2246 3242 2303 ego
3270 2231 3447 2286 omni-

1882 2324 1987 2379 bus
2027 2326 2192 2382 astris
2236 2326 2511 2391 mandavi,
2544 2341 2645 2398 ego
2698 2325 2958 2382 suscitavi
2991 2339 3172 2394 regem
3206 2339 3329 2378 cum
3355 2323 3449 2392 ju-

1882 2416 2054 2481 stitia,
2103 2425 2158 2473 et
2189 2432 2378 2472 omnes
2410 2418 2512 2473 via:
2549 2417 2670 2487 ejus
2699 2424 2880 2472 rectae.
2922 2414 3024 2471 Hic
3060 2413 3348 2471 aadilicabit
3375 2414 3448 2468 ci-

1880 2509 2101 2563 vitatem
2152 2524 2350 2574 meam,
2400 2516 2457 2564 et
2503 2509 2871 2581 captivitatem
2913 2507 3098 2580 populi
3140 2512 3443 2571 convertet,

1880 2616 1988 2655 non
2030 2601 2227 2671 pretio,
2261 2617 2436 2672 neque
2484 2601 2821 2668 muneribus,
2858 2600 2996 2656 dixit
3040 2597 3308 2659 Dominus
3345 2597 3448 2656 Sa-

1881 2692 2046 2747 baoth
2072 2692 2139 2767 ’f.
2172 2712 2191 2744 ι
2231 2693 2453 2749 Interim
2495 2692 2715 2764 quidem
2757 2693 2874 2749 haec
2913 2693 3154 2750 universi
3194 2694 3447 2750 conditor

1879 2782 2046 2848 Deus,
2100 2783 2169 2839 de
2206 2783 2444 2855 quodam
2482 2799 2606 2857 rege
2643 2798 2707 2839 ac
2743 2783 3044 2850 Salvatore,
3076 2786 3169 2855 qui
3206 2784 3445 2841 aediﬁca-

1879 2883 2039 2931 turus
2063 2876 2135 2933 sit
2164 2877 2554 2948 rempublicam
2581 2876 2821 2949 pietatis,
2855 2886 2910 2934 et
2937 2877 3302 2933 conditionem
3336 2890 3445 2947 qua

1879 2966 2128 3023 homines
2180 2983 2212 3025 a
2269 2967 2569 3026 daamcnico
2604 2985 2788 3026 errore
2849 2969 3045 3038 captivi
3087 2969 3443 3033 tenebantur,

206 3057 522 3131 Gatuowzﬁ;
566 3059 773 3131 πλάνης
819 3058 1212 3131 αἰχμαλωσίαν,
1239 3039 1329 3113 δια
1372 3059 1464 3112 τοῦ
1500 3039 1775 3133 προφήτου

1881 3059 2272 3125 dissoluturus,
2308 3077 2404 3134 per
2428 3063 2744 3133 prophetam
2779 3061 3091 3133 respondet.
3126 3060 3184 3116 ln
3217 3061 3283 3117 iis
3314 3075 3449 3116 vero

208 3149 485 3216 θεσπίζειο
546 3150 672 3222 ἑξῆς
714 3151 771 3204 δὲ
814 3151 1022 3216 τούτοις
1070 3151 1129 3205 τὸ
1175 3150 1509 3224 προφητικὸν
1564 3152 1779 3225 πνεῦμα

207 3242 292 3314 τὴν
329 3244 622 3315 ὑποταγὴν
666 3243 775 3296 τῶν
808 3244 1116 3311 ἀλλοφύλων
1160 3243 1329 3298 ἐθνῶν
1369 3244 1682 3308 αἰνίττεται,
1710 3245 1778 3314 ἢν

207 3333 636 3405 ὕποταγὴσονται
654 3333 730 3405 τῷ
751 3336 1229 3408 προφητευομένῳ,
1248 3338 1342 3390 καὶ
1368 3337 1443 3401 ὡς
1470 3340 1777 3411 προσκυνή-

209 3441 385 3479 σουσιν
434 3425 589 3498 αὐτῷ
636 3420 725 3480 οἷα
760 3425 878 3498 Θεῷ
926 3430 974 3481 oi
1024 3428 1510 3501 ὑποταγησόμενοι,
1565 3430 1657 3483 καὶ
1703 3431 1778 3496 ὡς

207 3518 594 3590 προσεύξονται
632 3519 692 3571 ὲν
723 3519 890 3591 αὐτῷ,
927 3518 1018 3573 διὰ
1059 3521 1119 3574 τὸ
1156 3521 1377 3593 μείζονα
1419 3526 1689 3577 κατοικεῖν
1721 3527 1780 3578 ὲν

205 3608 350 3679 αὐτῷ
375 3608 534 3670 Θεὸν,
567 3609 660 3661 τὸν
707 3610 966 3663 ἀνωτάτω
1008 3611 1206 3684 δηλαδὴ
1241 3612 1479 3685 Πατέρα,
1515 3614 1607 3667 καὶ
1645 3612 1777 3667 Θεὸν

206 3698 306 3750 τῶν
349 3698 508 3751 ὅλων.
564 3697 646 3751 Τὰ
697 3698 754 3752 δὲ
797 3699 897 3770 τῆς
944 3697 1140 3765 λέξεως
1170 3700 1340 3767 οὕτως
1385 3702 1528 3773 ἔχει·
1568 3723 1584 3753 ι
1624 3703 1779 3757 Οὕτω

205 3789 349 3858 λέγει
394 3790 639 3864 Κύριος·
690 3792 1007 3846 Ἐκοπίασεν
1050 3792 1357 3863 Αἴγυπτος,
1406 3797 1501 3849 καὶ
1540 3797 1781 3867 ἐμπορία

207 3883 510 3947 Αἰθιόπων,
557 3883 653 3937 καὶ
707 3886 756 3937 οξ
798 3884 1040 3955 Σαϐαεὶμ
1090 3885 1282 3957 ἄνδρες
1328 3885 1518 3957 ὑψηλοὶ
1568 3887 1662 3939 ἐπὶ
1716 3888 1777 3939 σε

205 3975 572 4047 διαϐήσονται,
601 3976 695 4029 καὶ
730 3976 809 4029 σοὶ
845 3976 1055 4030 ἔσονται
1099 3976 1294 4042 δοῦλοι,
1342 3980 1436 4032 καὶ
1467 3979 1642 4032 ὀπίσω
1681 3979 1773 4033 σοῦ

206 4066 625 4135 ὐκολουθήσουσι
645 4107 661 4133 ,
691 4066 960 4137 δεδεμένοι
994 4068 1333 4139 χειροπὲδαις
1352 4110 1366 4134 ,
1411 4071 1505 4123 καὶ
1534 4087 1774 4143 προσγει-

207 4159 423 4227 νήσουσι
468 4157 602 4220 νέοι,
655 4157 747 4210 καὶ
791 4159 848 4210 ἐν
900 4158 982 4210 σοὶ
1026 4159 1431 4229 προσεύξονται,
1478 4162 1559 4215 ὅτι
1599 4165 1657 4215 ὲν
1694 4165 1775 4217 σοὶ

208 4249 386 4313 ὁΘεός
420 4251 558 4313 ἐστι,
595 4250 689 4302 καὶ
716 4249 814 4303 οὐκ
851 4249 964 4303 ἐστι
989 4250 1120 4315 Θεὸς
1159 4250 1295 4323 πλὴν
1330 4252 1445 4307 σοῦ.
1493 4256 1565 4307 Σὺ
1594 4255 1702 4327 γὰρ
1726 4251 1779 4308 εἴ

208 4340 362 4407 Θεὸς,
409 4340 508 4439 καὶ
548 4340 648 4393 οὐκ
695 4340 935 4411 ᾔδειμεν,
983 4341 1115 4406 Θεὸς
1157 4343 1248 4397 τοῦ
1303 4346 1519 4416 Ἰσραὴλ
1562 4347 1769 4418 Σωτήρ.
1802 4381 1844 4439 C

207 4431 663 4503 Αίσχυνθήσονται
706 4433 798 4486 καὶ
836 4435 1259 4506 ἐντραπήσονται
1296 4436 1495 4500 πάντες
1539 4438 1588 4489 οἱ
1622 4438 1769 4490 ἀντι-

214 4525 447 4595 κείμενοι
476 4523 647 4594 αὒτῷ,
684 4524 778 4577 καὶ
801 4524 1156 4596 πορεύσονται
1183 4527 1239 4579 ὲν
1273 4527 1551 4598 αἰσχύνῃ.»
1588 4527 1773 4581 Ταῦτα.

215 4613 370 4685 μὲνὴ
405 4614 733 4686 προφητεία.
770 4615 881 4685 Οὐχ
922 4614 1159 4686 ἡγοῦμαι
1200 4616 1255 4668 δὲ
1294 4618 1637 4688 ἀντωπήσειν
1679 4617 1770 4671 δύ-

212 4705 393 4760 νασθαί
434 4722 585 4769 τινα,
617 4706 719 4760 κᾶν
766 4705 969 4778 σφόδρα
1076 4705 1363 4777 ἀγνώμων,
1407 4707 1486 4777 τῷ
1522 4709 1774 4781 προδήλῳ

212 4797 298 4850 καὶ
338 4800 501 4866 σαφεῖ
544 4796 645 4867 τῆς
691 4796 906 4862 λέξεως,
946 4797 1189 4868 ἐναργῶς
1233 4797 1402 4862 οὕτως
1452 4800 1779 4870 είσαγούσης,

212 4887 333 4942 Θεὸν
364 4889 460 4943 τοῦ
497 4889 713 4961 Ἰσραὴλ
736 4889 985 4960 Σωτῆρα,
1007 4891 1101 4944 καὶ
1142 4890 1327 4960 ἕτερον
1353 4890 1411 4943 ὲν
1440 4890 1586 4961 αὑτῷ
1616 4891 1766 4944 Θεὸν·

218 4981 680 5053 «Προσκυνήσουσί
736 4999 851 5046 σοι,
885 5001 905 5034 ι
964 4983 1147 5053 φησιν,
1196 5001 1214 5034 ι
1239 4984 1287 5035 oi
1329 4981 1542 5049 δίκαιοι,
1578 4984 1672 5038 καὶ
1712 4986 1771 5039 ὲν

216 5072 289 5125 σοὶ
324 5073 710 5145 προσεύξονται
733 5113 748 5137 ,
782 5074 864 5126 ὅτι
904 5076 961 5129 ὲν
994 5074 1073 5127 σοὶ
1117 5077 1145 5127 ὁ
1175 5075 1305 5138 Θεός
1336 5078 1484 5139 ἐστι,
1538 5076 1629 5129 καὶ
1671 5077 1770 5130 οὐκ

212 5163 317 5217 ἐστι
364 5166 497 5230 Θεὸς
547 5164 685 5237 πλὴν
728 5166 840 5219 σοῦ·
906 5168 970 5220 σὺ
1023 5168 1128 5240 γὰρ
1177 5163 1229 5221 εἴ
1265 5170 1294 5221 ὁ
1332 5167 1484 5234 Θεὸς,
1537 5170 1628 5223 καὶ
1669 5172 1768 5223 οὐκ

213 5254 441 5327 ᾔδειμεν,
477 5256 613 5321 Θεὸς
650 5256 745 5310 τοῦ
785 5256 998 5329 Ἰσραὴλ
1043 5256 1253 5329 Σωτήρ.
1285 5278 1304 5310 ι
1356 5260 1430 5314 Τὸ
1476 5259 1562 5326 δὲ,
1615 5279 1635 5310 ι
1668 5262 1769 5316 οὐκ

216 5344 436 5418 ᾔδειμεν,
468 5368 488 5400 ι
522 5350 589 5402 ὲκ
619 5347 910 5419 προσώπου
933 5349 1041 5402 τῶν
1074 5351 1202 5421 πρὶν
1234 5350 1395 5404 αὐτὸν
1425 5352 1500 5424 μὴ
1525 5352 1767 5420 ἐπεγνω-

214 5435 368 5490 κὸτων
411 5436 565 5509 παρὰ
619 5437 801 5506 μόνοις
850 5440 961 5500 τοῖς
1019 5437 1413 5509 Ἐϐδομήκοντα
1461 5442 1763 5511 είρημὲνον,

212 5526 391 5600 ἑτέρως
420 5526 532 5600 εἶχε
553 5530 616 5583 τὸ
643 5529 949 5601 Ἐϐραῖκὸν,
972 5530 1000 5583 ὂ
1026 5529 1339 5601 μεταλαϐὼν
1358 5532 1387 5583 ὁ
1416 5533 1512 5603 μὲν
1539 5535 1763 5599 Ἀκύλας

212 5620 359 5689 φησί·
408 5642 425 5674 ι
467 5621 601 5686 Θεὸς
646 5623 758 5693 ἄρα
809 5622 1025 5693 ἰσχυρὸς
1070 5623 1582 5696 ἀποκρυπτόμενος,
1634 5626 1765 5691 Θεὸς

1881 3170 2002 3225 qua:
2027 3164 2351 3227 sequuntur,
2394 3165 2741 3211 externarum
2779 3170 2997 3226 quoque
3027 3154 3307 3209 nationum
3346 3153 3455 3208 ob:

1880 3244 2151 3314 sequium,
2202 3260 2312 3315 quo
2350 3244 2400 3299 ei
2466 3253 2593 3301 sunt
2648 3246 2989 3301 obsecutum:
3030 3245 3122 3315 qui
3183 3251 3447 3301 venturus

1878 3337 2120 3400 canitur,
2180 3336 2531 3408 propheticus
2590 3337 2861 3409 signiﬁcat
2909 3338 3133 3409 Spiritus
3176 3358 3190 3394 :
3233 3353 3443 3394 necnon

1877 3428 2335 3497 quemadmodum
2357 3429 2507 3483 illum
2532 3438 2791 3501 tanquam
2823 3429 2991 3486 Deum
3019 3430 3320 3486 adorabunt
3342 3432 3442 3497 illi,

1878 3521 1969 3590 qui
2005 3519 2077 3574 ita
2113 3518 2179 3573 ad
2214 3520 2535 3590 obsequium
2564 3522 2835 3588 venerint,
2863 3529 2917 3578 et
2946 3522 3092 3593 quod
3126 3522 3289 3579 Deum
3321 3537 3459 3576 ora-~

1876 3609 2014 3663 bunt
2058 3609 2114 3663 in
2158 3609 2623 3680 ipsozpropterea
2665 3612 2812 3683 quod
2861 3612 2918 3667 in
2972 3626 3037 3667 eo
3075 3611 3193 3681 ipse
3239 3611 3448 3666 habitet

1879 3701 2020 3758 Deus
2058 3718 2365 3772 supremus,
2396 3704 2643 3759 videlicet
2672 3703 2852 3768 Pater,
2888 3703 3238 3773 universique
3276 3701 3441 3758 Deus.

1876 3791 2055 3846 Locus
2083 3800 2261 3847 autem
2282 3792 2360 3849 sic
2373 3810 2431 3849 se
2453 3793 2613 3847 habet
2635 3793 2702 3848 ad
2720 3795 2940 3849 verbum
2965 3813 2979 3849 :
3005 3813 3024 3844 ι
3050 3792 3141 3848 Sic
3171 3791 3303 3847 dicit
3332 3793 3441 3846 Do-

1877 3885 2059 3940 minus
2104 3906 2116 3940 :
2164 3885 2453 3942 Laboravit
2483 3883 2770 3957 Egyptus,
2801 3894 2854 3941 et
2902 3886 3197 3956 negotiatio
3227 3883 3442 3939 Ethio-

1876 3992 2028 4046 pum,
2074 3986 2128 4034 et
2176 3977 2391 4033 Sabaim
2438 3979 2541 4036 viri
2570 3977 2769 4034 excelsi
2812 3976 2880 4032 ad
2912 3985 2965 4033 te
3008 3976 3341 4039 transibunt,
3386 3984 3441 4032 et

1876 4068 1953 4124 lui
1985 4076 2145 4123 erunt
2170 4068 2335 4134 servi,
2368 4077 2422 4123 et
2466 4082 2494 4123 a
2525 4077 2675 4140 tergo
2707 4075 2759 4123 te
2798 4074 3097 4138 sequentur
3122 4066 3292 4121 vineti
3324 4081 3442 4120 ma-

1875 4159 2038 4225 nicis,
2075 4168 2130 4214 et
2158 4158 2463 4214 adorabunt
2488 4159 2740 4231 juvenes,
2770 4168 2825 4216 et
2856 4160 2909 4215 in
2932 4167 2986 4216 te
3015 4160 3249 4215 orabunt
3271 4178 3283 4213 :
3303 4174 3445 4230 quo-

1876 4251 2022 4303 niam
2047 4250 2102 4304 in
2136 4260 2187 4305 te
2217 4249 2359 4306 Deus
2391 4260 2494 4315 est,
2525 4259 2580 4307 et
2612 4267 2719 4306 non
2756 4259 2841 4307 est
2870 4249 3014 4306 Deus
3047 4260 3240 4321 praeter
3268 4259 3353 4304 te:
3379 4255 3443 4303 tu

1876 4342 2019 4394 enim
2046 4356 2108 4395 es
2146 4340 2310 4403 Deus.
2342 4350 2394 4396 et
2426 4357 2536 4397 non
2571 4358 2917 4404 noveramus,
2956 4339 3099 4397 Deus
3127 4340 3290 4397 Israel
3321 4339 3442 4395 Sal-

1878 4439 2051 4485 vator.
2089 4430 2424 4488 Erubescent
2470 4439 2524 4488 et
2567 4433 2969 4487 confundentur
2996 4448 3185 4489 omnes
3213 4432 3305 4502 qui
3341 4431 3440 4486 ad-

1873 4530 2164 4576 versantur
2185 4524 2254 4587 ei,
2288 4531 2341 4578 et
2372 4523 2727 4579 ambulabunt
2765 4524 2818 4578 in
2852 4525 3058 4594 pudore
3082 4524 3147 4578 ³³.
3190 4543 3208 4575 ι
3242 4521 3438 4579 llacte-

1873 4630 1977 4669 nus
2016 4614 2132 4683 ipsa
2181 4615 2488 4685 prophetia.
2529 4616 2818 4681 Caeterum,
2860 4615 3173 4687 neutiquam
3207 4616 3441 4671 arbitror

1873 4707 2181 4776 quempiam
2211 4714 2399 4761 contra
2430 4705 2503 4765 id.
2534 4707 2677 4777 quod
2710 4712 2820 4760 tam
2852 4714 3038 4777 aperte
3066 4712 3120 4761 et
3152 4705 3439 4776 perspicue

1871 4798 2109 4861 dicatur,
2136 4799 2220 4854 vel
2250 4799 2439 4854 oculos
2468 4798 2825 4863 directurum,
2862 4796 3113 4868 quamvis
3144 4796 3435 4850 admodum

1872 4889 1945 4943 sit
1992 4889 2258 4959 ingratus,
2308 4891 2401 4945 ubi
2446 4890 2521 4944 ita
2554 4889 2833 4945 evidenter
2873 4897 2927 4945 et
2955 4889 3115 4959 plane
3161 4888 3438 4945 inducitur

1870 4979 2017 5036 Deus
2069 4980 2235 5037 Israel
2283 4980 2553 5047 Salvator,
2601 4989 2656 5037 et
2711 4982 2769 5036 in
2824 4981 2919 5036 illo
2965 4980 3146 5037 Deus:
3180 5000 3199 5034 ι
3234 4979 3437 5034 Διιοηο

1872 5072 2006 5126 bunt
2047 5080 2120 5137 te,
2159 5072 2360 5143 inquit,
2396 5073 2555 5143 justi,
2603 5080 2658 5128 et
2686 5073 2743 5127 in
2788 5080 2842 5127 te
2872 5072 3125 5135 orabunt,
3178 5072 3439 5142 quoniam

1872 5166 1926 5221 in
1958 5176 2012 5223 te
2038 5176 2121 5223 est
2153 5166 2319 5231 Deus,
2348 5176 2403 5221 et
2430 5182 2540 5222 non
2565 5175 2650 5222 est
2678 5164 2823 5221 Deus
2854 5179 3049 5235 praeter
3081 5172 3131 5220 te
3163 5183 3174 5217 :
3204 5172 3257 5217 tu
3289 5165 3436 5218 enim

1869 5275 1929 5316 es
1968 5258 2146 5322 Deus,
2196 5270 2251 5315 et
2291 5258 2688 5323 nesciebamus,
2737 5256 2880 5313 Deus
2909 5256 3076 5312 Israel
3110 5254 3379 5311 Salvator.
3411 5272 3429 5307 ι

1868 5351 2039 5406 Porro
2088 5350 2258 5416 illud,
2313 5369 2335 5402 ι
2364 5350 2777 5415 nesciebamus,
2811 5368 2828 5401 ›
2872 5348 3017 5419 quod
3077 5364 3142 5403 ex
3202 5362 3436 5417 persona

1868 5459 2058 5501 eorum
2092 5444 2186 5513 qui
2217 5444 2371 5515 prius
2415 5445 2567 5498 illum
2597 5460 2706 5501 non
2729 5450 3087 5514 agnoverunt,
3109 5440 3273 5512 226
3294 5439 3435 5510 apud

1869 5536 2018 5591 soles
2049 5520 2190 5588 LXX
2222 5535 2429 5590 dictum
2463 5541 2570 5603 est,
2622 5535 2677 5590 in
2722 5534 2987 5590 chraico
3033 5535 3193 5589 aliter
3235 5533 3434 5601 habet;

1870 5627 2014 5699 quod
2048 5643 2181 5684 sane
2208 5628 2405 5700 Aquila
2438 5637 2783 5695 convertens,
2827 5629 2907 5684 sic
2935 5628 3009 5682 ait
3040 5647 3052 5683 :
3086 5647 3104 5680 ι
3134 5627 3276 5683 Deus
3305 5639 3434 5696 ergo

265 5822 509 5882 “Matth.
543 5823 792 5903 nvt,3Q
887 5826 931 5857 ”
955 5825 1064 5880 ibid
1110 5824 1197 5879 42.
1251 5826 1294 5857 ³⁸
1314 5824 1543 5897 Philipp.
1578 5842 1637 5889 ιι,
1672 5827 1787 5882 8-9.
1843 5828 1883 5862 ³³
1910 5826 2169 5898 Ephes.t,
2201 5828 2384 5893 20,21.
2426 5829 2603 5900 f’isa.
2633 5829 2959 5894 va,li‘,l5.
3034 5822 3433 5884 "ibiibi-iii.
