3902 6264
416 365 516 422 δτι

1051 361 1320 418 EUSEBII
1369 361 1852 420 CAESARIENSIS
1886 363 1982 420 ΟΡ]

2085 361 2263 418 rans
2301 362 2366 418 ιι.
2407 393 2477 412 -η
2516 363 3015 440 ΑΡοιοοΕτιιῑΑ,
3549 368 3642 424 2m

415 487 576 542 fortis
597 487 868 549 occultus,
901 486 1042 541 Deus
1071 485 1237 541 Israel
1267 487 1359 559 qui
1383 487 1564 541 salvos
1587 485 1735 542 facit.
1763 507 1782 539 ι
1810 485 1982 542 Theo:

2103 486 2313 557 Ἰσραὴλ
2349 485 2535 550 σώζων
2554 505 2567 519 ·
2593 506 2610 536 ι
2653 490 2680 540 6
2707 488 2762 541 δὲ
2788 487 3078 540 Θεοδοτίων
3103 503 3116 520 ο
3153 504 3170 536 ι
3198 485 3294 542 Διά
3323 484 3478 540 τοῦτο
3503 485 3644 557 ἰσχυ·
3692 465 3698 476 Ι

415 583 602 636 dotion
648 595 818 636 vero:
859 599 876 632 ι
906 579 1200 650 Propterea
1237 580 1392 635 fortis
1447 582 1804 636 absconditus
1849 580 1989 634 Deus

413 687 660 727 servans.
694 690 713 723 ›
753 668 856 725 Ubi
893 684 1027 726 sane
1066 670 1224 726 valde
1255 673 1578 728 mirabiliter
1608 670 1989 726 absconditum

417 765 585 820 Deum
619 764 900 819 Christum
947 765 1195 818 nominat
1226 785 1238 819 :
1271 780 1483 820 necnon
1510 780 1730 820 causam
1772 779 1990 835 quoque

417 859 730 930 planissime
763 859 945 924 docet,
978 868 1201 930 propter
1224 875 1384 930 quam
1419 877 1588 916 unum
1624 861 1824 929 ipsum,
1852 874 1990 929 qua-

415 964 575 1009 tenus
607 953 750 1007 inter
780 969 843 1008 ea
877 968 998 1024 qua:
1039 955 1222 1024 genita
1253 962 1400 1020 sunt,
1451 955 1784 1019 nominatur,
1818 952 1988 1008 Deum

416 1054 592 1108 vocat,
626 1047 696 1101 ob
718 1045 894 1101 Patris
917 1047 1168 1103 videlicet
1190 1048 1244 1102 in
1267 1047 1384 1118 ipso
1415 1049 1806 1102 habitationem
1832 1065 1844 1099 :
1879 1065 1897 1097 ι
1927 1045 1986 1099 In

412 1141 534 1208 ipso
565 1140 736 1204 enim,
770 1159 788 1190 ι
821 1147 881 1195 ιιι
908 1139 1126 1196 divinus
1171 1140 1329 1196 docet
1355 1141 1650 1211 Apostolus
1677 1141 1743 1204 ",
1785 1159 1803 1191 ι
1839 1153 1989 1194 com-

412 1231 624 1299 placuit
655 1247 871 1286 omnem
902 1232 1295 1303 plenitudinem
1323 1233 1628 1289 divinitatis
1657 1233 1924 1288 habitare.
1964 1250 1982 1283 ι

414 1322 528 1376 Hoc
559 1321 736 1393 ipsum
778 1323 942 1378 verba
987 1323 1104 1395 ipsa
1151 1323 1453 1391 declarant,
1503 1340 1624 1396 quae
1657 1324 1738 1380 sic
1787 1339 1845 1378 se
1892 1324 1989 1377 ha-

413 1413 542 1466 bent
573 1430 584 1466 :
621 1430 640 1463 ί
670 1412 939 1478 Quoniam
974 1413 1030 1468 in
1072 1421 1127 1468 te
1159 1413 1302 1470 Deus
1349 1422 1457 1478 est,
1497 1424 1552 1471 et
1594 1431 1702 1469 non
1729 1422 1815 1470 est
1843 1413 1987 1471 Deus

411 1511 609 1571 praeter
642 1511 714 1558 te.
752 1522 770 1554 ι
802 1501 911 1557 Pro
943 1503 1036 1558 illo
1059 1519 1190 1558 vero
1233 1505 1378 1574 quod
1427 1513 1530 1568 est,
1571 1523 1588 1555 ι
1627 1512 1822 1575 prmter
1847 1512 1922 1568 te,
1964 1525 1982 1556 ι

410 1593 773 1659 'l‘heodotion,
817 1613 834 1646 ι
869 1603 1063 1665 praeter
1102 1596 1282 1666 ipsum
1313 1615 1332 1647 ι
1369 1596 1758 1666 interpretatus
1790 1603 1893 1660 est,
1929 1602 1988 1650 ut

410 1688 516 1741 hoc
535 1686 699 1740 modo
723 1689 886 1742 verba
913 1703 973 1742 se
1000 1687 1232 1743 habeant
1267 1707 1280 1742 :
1307 1705 1326 1740 ι
1355 1686 1472 1743 Non
1504 1697 1588 1744 est
1621 1688 1765 1744 Deus
1793 1695 1987 1758 praeter

411 1781 614 1850 ipsum,
651 1798 671 1831 ι
723 1794 851 1834 eum
905 1779 1162 1835 videlicet
1216 1795 1246 1834 a
1296 1796 1405 1850 quo
1440 1797 1519 1847 es,
1572 1796 1669 1850 per
1718 1795 1879 1850 quem
1925 1786 1983 1833 tu

2095 579 2185 647 ρὸς
2230 581 2495 648 κρυφαῖος
2538 578 2669 641 Θεὸς
2728 578 2932 643 σώζων.
2969 599 2987 630 ι
3053 578 3264 649 ξφόδρα
3335 577 3645 649 θαυμαστῶς

2092 635 2362 739 κρυφαῖον.
2387 635 2519 721 Θεὸν
2548 670 2638 723 τὸν
2650 635 2899 741 ’Χριστὸν
2924 635 3208 741 όνομάξειῖ
3243 671 3336 724 καὶ
3360 635 3457 742 τὴᾷ
3483 635 3647 727 αἰτίαν

2089 761 2166 824 δὲ,
2200 762 2265 814 δι’
2298 762 2364 832 ἣν
2393 762 2526 814 Θεὸν
2551 763 2714 816 αὐτὸν
2747 763 2905 833 μόνον
2937 763 3013 826 ὡς
3042 765 3098 816 ἐν
3122 765 3394 835 γεννητοῖς
3432 763 3564 834 μετὰ
3592 765 3646 818 τό

2091 852 2308 924 πρῶτον
2355 855 2449 907 καὶ
2487 853 2779 925 ἀγέννητον
2807 855 3090 920 ἀποκαλεῖ,
3121 856 3307 926 σαφῶς
3335 857 3643 922 ἐκδιδάσκει,

2090 944 2188 1014 τὴν
2234 943 2328 996 τοῦ
2383 944 2592 1016 Πατρός
2639 947 2696 998 ἐν
2744 947 2892 1018 αὐτῷ
2940 947 3276 1018 κατοίκησιψ
3306 968 3324 1000 ι
3370 949 3457 1002 Ἑν
3488 948 3647 1021 τούτῳ

2091 1035 2249 1108 γὰρ,»
2297 1035 2436 1088 κατά
2466 1036 2557 1089 τὸν
2591 1037 2730 1091 θεῖον
2763 1037 3076 1104 ἀπόστολον,
3117 1058 3136 1088 ι
3159 1039 3418 1110 εὐδόκησε
3453 1041 3556 1093 πᾶν
3593 1041 3648 1094 τὸ

2090 1126 2366 1198 πλήρωμα
2411 1128 2509 1196 τῆς
2553 1127 2803 1198 θεότητος
2848 1131 3189 1200 κατοικῆσαι.
3223 1151 3241 1182 ›
3299 1130 3467 1184 Τοῦτο
3513 1131 3649 1202 δηλοί

2093 1216 2374 1287 φάσκουσα
2411 1221 2445 1289 ἡ
2471 1217 2645 1284 λέξις’
2720 1239 2738 1271 ι
2777 1206 2896 1274 ’Ότι
2941 1223 2998 1276 ὲν
3043 1222 3127 1275 σοὶ
3178 1224 3208 1274 ὁ
3235 1222 3365 1286 Θεός
3398 1225 3531 1286 ἐστι,
3563 1223 3648 1276 καὶ

2088 1311 2190 1362 οὐκ
2235 1309 2350 1362 ἐστι
2393 1310 2524 1375 Θεὸς
2574 1310 2712 1384 πλὴν
2758 1311 2873 1366 σοῦ.
2910 1332 2926 1364 ι
3005 1313 3148 1367 Ἀντὶ
3190 1314 3247 1367 δὲ
3285 1313 3400 1379 τοῦ,
3468 1334 3485 1365 ι
3522 1315 3648 1386 πλὴν

2092 1401 2206 1467 σοῦ,
2236 1424 2254 1454 ›
2306 1423 2324 1454 ι
2350 1403 2486 1474 πλὴν
2517 1405 2705 1470 αὑτοῦ,
2725 1423 2743 1457 ι
2777 1407 2804 1458 6
2833 1406 3126 1460 Θεοδοτίων
3157 1407 3474 1478 πεποίηκεν,
3509 1408 3571 1460 ἵν’
3595 1404 3648 1481 ᾗ·

2096 1511 2112 1544 ι
2149 1493 2261 1546 Οὐκ
2305 1492 2422 1550 ἔστι
2455 1494 2588 1558 Θεὸς
2634 1496 2772 1567 πλὴν
2821 1495 3018 1563 αὐτοῦ,
3050 1516 3068 1548 ι
3113 1497 3310 1569 δηλαδὴ
3355 1498 3450 1552 τοῦ
3489 1501 3544 1554 ἐν
3576 1500 3652 1555 σοὶ

2087 1583 2242 1649 Θεοῦ,
2288 1585 2353 1637 δι’
2393 1586 2451 1638 ὃν
2496 1587 2589 1640 καὶ
2632 1587 2695 1640 σὺ
2746 1589 3032 1660 τυγχάνεις
3082 1589 3156 1643 ὢν
3201 1589 3353 1654 Θεός.
3401 1592 3557 1645 Κατὰ
3599 1591 3652 1646 δὲ

2087 1674 2178 1728 τὸν
2216 1677 2446 1731 Ἀκύλαν
2494 1677 2667 1743 οὕτως
2714 1678 2860 1750 ἔχει’
2931 1700 2950 1732 ι
2987 1681 3134 1750 Πλὴν
3181 1683 3238 1735 ὲν
3280 1683 3362 1735 σοὶ
3421 1681 3650 1754 ἰσχυρὸς,

2088 1769 2180 1824 καὶ
2231 1771 2330 1824 οὐκ
2376 1770 2520 1824 ἐστιν
2565 1771 2646 1824 ἔτι
2708 1771 2861 1845 παρὰ
2907 1774 3006 1827 σοί.
3087 1774 3219 1838 Θεὸς
3265 1775 3373 1846 ἄρα
3447 1777 3650 1848 ἰσχυρὸς

408 1846 626 1942 quoque
667 1870 721 1933 id
762 1871 954 1938 habes,
998 1879 1058 1925 ut
1093 1871 1266 1927 Filius
1298 1846 1398 1927 sis.
1444 1846 1551 1926 Sed
1572 1846 1774 1941 -Aquil—a
1801 1874 1876 1924 ita
1906 1869 1982 1923 in-

2086 1861 2180 1913 καὶ
2227 1861 2727 1932 ἀποκρυπτόμενος,
2777 1862 2907 1926 Θεὸς
2954 1863 3160 1929 σώζων.
3188 1883 3206 1915 ι
3269 1865 3428 1918 Κατά
3473 1865 3528 1919 δὲ
3569 1846 3650 1920 τὸν

407 1972 742 2035 terpretatus
768 1973 852 2019 est
884 1983 900 2020 :
943 1981 962 2017 ‹
1001 1963 1392 2020 Verumtamen
1426 1965 1480 2022 in
1512 1974 1563 2020 te
1593 1963 1774 2029 fortis,
1799 1971 1982 2018 etnon

409 2065 495 2113 est
541 2057 776 2127 amplius
803 2056 948 2128 apud
995 2065 1071 2118 te.
1119 2056 1263 2115 Deus
1319 2073 1449 2127 ergo
1497 2057 1655 2112 fortis
1687 2065 1741 2112 et
1783 2056 1978 2120 latens,

407 2149 556 2205 Deus
597 2150 781 2204 salvos
812 2149 1040 2205 faciens.
1072 2168 1090 2202 ι
1131 2149 1491 2221 Symmachus
1516 2164 1647 2204 vero
1676 2149 1827 2202 solus
1863 2148 1977 2208 sic;

411 2259 433 2292 ι
473 2240 529 2294 In
554 2252 603 2296 te
632 2241 796 2305 Deus,
820 2249 874 2301 et
903 2257 1011 2296 non
1036 2250 1120 2298 est
1144 2243 1401 2312 amplius,
1419 2258 1598 2314 neque
1623 2241 1775 2296 adest
1799 2241 1981 2296 Deus:

406 2347 535 2386 vere
591 2340 647 2389 tu
693 2331 838 2387 Deus
885 2331 1269 2400 absconditus,
1293 2332 1436 2388 Deus
1467 2333 1634 2395 Israel
1677 2347 1924 2387 servans.
1956 2349 1975 2382 ι

409 2419 510 2476 Ubi
547 2421 694 2491 quod
723 2423 866 2477 Deus
905 2423 976 2476 sit
1026 2421 1279 2478 Christus
1326 2421 1440 2488 Dei,
1480 2423 1646 2478 verba
1674 2422 1791 2495 ipsa
1824 2421 1983 2492 plane

406 2515 706 2572 declarant.
757 2533 776 2565 ι
805 2514 941 2571 Nam
981 2524 1268 2586 propterea
1297 2516 1441 2586 quod
1466 2516 1520 2570 in
1561 2523 1633 2579 te,
1667 2515 1866 2586 inquit,
1899 2519 1984 2569 est

410 2608 577 2672 Deus,
609 2615 668 2662 tu
723 2623 854 2664 sane
894 2607 1037 2664 Deus
1071 2606 1227 2662 fortis
1272 2614 1326 2660 et
1370 2607 1753 2662 absconditus.
1785 2626 1803 2662 ι
1841 2606 1982 2676 Ergo

408 2715 475 2754 ex
504 2698 610 2763 his,
647 2697 790 2753 Deus
819 2713 963 2753 unus
1003 2700 1127 2765 erit,
1161 2699 1251 2768 qui
1288 2698 1452 2767 hujus
1489 2697 1870 2774 appellationis
1897 2702 1982 2750 est

408 2787 695 2853 Dominus.
743 2787 916 2844 Filius
949 2797 1131 2842 autem
1162 2789 1420 2860 quoniam
1453 2787 1614 2843 Pater
1653 2788 1702 2843 ei
1738 2788 1982 2864 seipsum

410 2880 802 2944 communicat,
856 2879 923 2934 de
979 2880 1479 2944 communicatione
1533 2879 1782 2934 veritatis
1834 2878 1982 2932 illius

409 2973 730 3046 dignitatem
761 2972 992 3042 accepit,
1035 2972 1236 3050 quippe
1288 2972 1383 3042 qui
1409 2986 1634 3044 nequea
1675 2970 1750 3025 sei
1764 2986 1863 3044 pso
1887 2971 1977 3035 sit,

409 3079 588 3139 neque
615 3065 683 3121 ab
709 3081 794 3128 eo,
819 3065 910 3135 qui
935 3065 1111 3135 ipsum
1136 3063 1345 3134 genuit,
1375 3062 1537 3118 Patre
1557 3061 1863 3128 deseratur,
1886 3061 1981 3116 sed

2084 1953 2381 2023 Σύμμαχον
2418 1955 2595 2025 μόνον’
2639 1974 2657 2006 ι
2705 1953 2793 2008 Ἐν
2831 1955 2914 2008 σοὶ
2946 1955 3098 2021 Θεὸς,
3131 1957 3226 2010 καὶ
3255 1958 3352 2010 οὐκ
3385 1957 3532 2010 ἔστιν
3557 1959 3647 2025 ἔτι,

2083 2044 2190 2098 οὐδ’
2237 2045 2472 2117 ὑπάρχει
2505 2048 2671 2112 Θεός·
2716 2047 2884 2111 ὅντως
2927 2049 2990 2102 σὺ
3034 2049 3167 2114 Θεὸς
3203 2055 3499 2122 κρυφαῖος,
3533 2052 3650 2116 Θεὸς

2097 2137 2310 2208 Ἰσραὴλ
2357 2137 2561 2205 σώζων.
2590 2158 2608 2189 ι
2671 2141 2748 2192 Δι’
2785 2133 2859 2193 ὧν
2898 2141 2960 2194 τὸ
3003 2141 3173 2195 αἴτιον
3215 2144 3310 2196 τοῦ
3350 2141 3492 2198 εἶναι
3529 2145 3651 2200 Θεὸν

2082 2229 2173 2282 τὸν
2205 2230 2436 2302 Χριστὸν
2481 2231 2573 2284 τοῦ
2601 2231 2759 2298 Θεοῦ,
2803 2233 2990 2302 σαφῶς
3030 2237 3057 2287 6
3089 2235 3244 2304 λόγος
3296 2238 3652 2310 παρέστησεν.

2091 2339 2108 2371 ι
2133 2321 2284 2372 Ἐπεὶ
2331 2321 2439 2392 γὰρ
2473 2323 2530 2374 ἐν
2561 2322 2664 2385 σοὶ,
2703 2340 2722 2372 ι
2762 2323 2944 2392 φησὶν,
3009 2341 3026 2373 ι
3054 2324 3172 2377 ἐστὶ
3199 2325 3351 2388 Θεὸς,
3378 2326 3468 2379 διὰ
3507 2325 3653 2379 τοῦτο

2086 2414 2150 2467 σὺ
2179 2413 2308 2477 Θεὸς
2335 2414 2550 2485 ἰσχυρὸς
2579 2414 2672 2467 καὶ
2701 2417 2982 2486 κρυφαῖος.
3017 2434 3034 2466 ι
3088 2416 3294 2470 Οὐκοῦν
3327 2417 3415 2472 διὰ
3461 2418 3651 2472 τούτων

2083 2509 2112 2559 6
2149 2507 2247 2577 μὲν
2301 2505 2504 2578 ἀληθὴς
2552 2506 2647 2560 καὶ
2687 2506 2846 2577 μόνος
2889 2507 3041 2572 Θεὸς,
3077 2502 3158 2572 εἷς
3215 2509 3279 2563 ἂν
3328 2508 3447 2582 εἴη,
3504 2509 3651 2582 μόνος

2084 2599 2288 2669 κυρίως
2333 2598 2614 2669 τυγχάνων
2656 2599 2754 2670 τῆς
2799 2601 3200 2674 προσηγορίας’
3251 2603 3278 2656 6
3318 2602 3374 2655 δὲ
3413 2603 3651 2674 δεύτερος

2088 2689 2345 2761 μετουσίᾳ
2382 2689 2476 2742 τοῦ
2524 2689 2754 2760 ἀληθοῦς
2795 2692 2893 2762 τῆς
2934 2693 3213 2756 κοινωνίας
3254 2692 3502 2763 ἠξίωται,
3537 2693 3651 2748 οὔτε

2084 2780 2159 2835 ὢν
2189 2782 2306 2836 καθ’
2335 2783 2545 2848 ἑαυτὸν,
2569 2782 2692 2838 οὔτε
2725 2785 2970 2854 ὑφεστὼς
2999 2787 3120 2858 δίχα
3159 2789 3252 2843 τοῦ
3289 2788 3651 2852 θεοποιοῦντος

2084 2875 2245 2929 αὐτὸν
2268 2876 2510 2948 Πατρὸς,
2552 2876 2662 2930 οὔτ’
2690 2877 2815 2933 ἄνευ
2844 2877 2938 2931 τοῦ
2973 2879 3187 2950 Πατρὸς
3226 2880 3472 2950 θεολογού
3481 2897 3652 2952 μενος,

2084 2965 2199 3018 ἀλλ’
2230 2967 2351 3020 ὅλον
2392 2969 2523 3021 αὐτὸ
2567 2968 2723 3029 τοῦτο
2767 2968 2843 3023 ὧν
2879 2987 2941 3022 τε
2980 2970 3074 3023 καὶ
3109 2969 3216 3035 ζῶν
3253 2973 3346 3024 καί¹
3390 2970 3650 3042 ὑφεστὼς,

2083 3057 2172 3111 διὰ
2211 3057 2299 3111 τὸν
2339 3059 2397 3112 ἐν
2439 3059 2587 3130 αὐτῷ
2627 3061 2873 3132 Πατέρα,
2923 3061 3094 3114 συνών
3135 3079 3195 3114 τε
3241 3062 3316 3135 τῷ
3341 3064 3538 3137 Πατρί,
3569 3062 3652 3116 καὶ

407 3158 514 3219 hoc
542 3159 720 3228 ipsum
757 3165 954 3221 totum,
990 3155 1136 3227 quod
1166 3164 1270 3220 est,
1309 3155 1453 3232 quod
1494 3155 1647 3220 vivit,
1679 3153 1822 3226 quod
1852 3153 1982 3209 sub-

2087 3147 2145 3215 ὲξ
2186 3148 2370 3213 αὐτοῦ,
2416 3152 2509 3207 καὶ
2548 3151 2616 3203 δι’
2654 3151 2813 3204 αὑτὸν
2847 3152 3278 3223 θεοποιούμενος,
3317 3155 3379 3206 τό
3420 3173 3480 3208 τε
3522 3151 3650 3208 εἶναι

407 3248 576 3313 sistit,
625 3247 692 3307 ab
731 3262 796 3303 eo
845 3262 876 3300 a
907 3263 1016 3322 quo
1045 3253 1130 3302 est
1161 3245 1342 3310 Patre,
1379 3245 1641 3310 obtineat,
1671 3246 1766 3321 qui
1805 3260 1982 3316 neque

406 3337 624 3395 Patrem
659 3337 884 3404 deserit,
929 3345 984 3392 et
1028 3339 1094 3393 ab
1137 3337 1232 3393 illo
1260 3337 1520 3413 gignitur,
1553 3343 1606 3391 et
1639 3346 1752 3390 tum
1796 3344 1855 3390 ut
1886 3338 1979 3401 sit,

407 3438 524 3483 tum
559 3438 619 3484 ut
648 3429 820 3485 Filius
849 3429 940 3496 sit,
977 3445 1086 3485 non
1113 3444 1144 3484 a
1169 3429 1373 3502 seipso,
1416 3429 1510 3484 sed
1540 3444 1570 3482 ιι
1600 3427 1762 3484 Patre
1795 3429 1979 3483 habet.

409 3523 698 3592 Quocirca,
735 3525 942 3580 honore
982 3525 1126 3579 hunc
1176 3539 1392 3595 quoque
1441 3521 1690 3577 utDeum
1727 3523 1980 3596 prosequi

405 3619 585 3678 edocti
626 3635 838 3683 sumus,
881 3617 1360 3689 quemadmodum,
1410 3633 1530 3688 quae
1561 3632 1708 3671 nunc
1741 3625 1982 3671 tractan-

404 3720 517 3778 tur,
560 3710 858 3785 prophetiae
903 3711 1206 3766 declarant.
1241 3708 1312 3764 Ut
1361 3709 1507 3764 enim
1554 3708 1788 3777 alicujus
1837 3709 1982 3781 regis

405 3805 588 3874 imago
619 3804 968 3860 veneratione
1010 3802 1150 3857 allici
1188 3803 1346 3866 solet,
1377 3810 1601 3871 propter
1636 3801 1787 3855 illum
1823 3802 1981 3872 cujus

405 3897 737 3955 lineamenta
776 3910 1039 3966 expressa
1089 3901 1144 3950 et
1190 3893 1603 3949 similitudinem
1650 3892 1756 3948 fert
1799 3893 1981 3963 (caete—

405 4005 552 4054 rum,
588 3988 839 4059 quamvis
870 3995 925 4044 et
966 3987 1147 4058 imago
1189 3985 1356 4054 regis,
1404 3993 1457 4040 et
1492 3985 1608 4056 ipse
1641 4002 1734 4041 rex
1774 3985 1982 4041 honore

407 4077 695 4145 afficiatur,
731 4093 875 4138 unus
907 4086 1086 4138 tamen
1118 4077 1222 4130 erit
1252 4077 1342 4147 qui
1370 4076 1690 4142 honoretur,
1716 4091 1828 4132 non
1847 4077 1976 4132 duo.

403 4168 527 4224 Non
559 4169 704 4226 enim
742 4170 852 4226 duo
884 4186 1065 4241 reges,
1100 4187 1266 4235 unus,
1312 4171 1522 4242 primus
1553 4178 1607 4228 et
1639 4187 1802 4227 verus
1844 4191 1857 4227 :
1902 4172 1982 4226 al-

405 4269 509 4323 ter.
549 4263 641 4333 qui
691 4263 810 4334 ipsa
840 4265 1079 4335 imagine
1112 4265 1185 4320 sit
1237 4281 1552 4335 expressus,
1602 4265 1698 4322 sed
1742 4281 1885 4321 unus
1925 4266 1980 4320 in

404 4363 640 4425 utroque
669 4370 776 4411 non
804 4356 967 4411 modo
1001 4355 1345 4428 intelligitur,
1372 4373 1563 4413 verum
1605 4357 1770 4413 etiam
1802 4357 1980 4412 nomi-

403 4453 571 4499 natur
599 4454 763 4514 atque
794 4443 1137 4516 honoratur),
1170 4446 1250 4500 sic
1295 4461 1430 4501 sane
1487 4447 1801 4518 unigenitus
1843 4463 1980 4519 quo-

2086 3238 2221 3311 όμοῦ
2256 3243 2349 3293 καὶ
2392 3242 2452 3294 τὸ
2474 3241 2605 3306 Θεὸς
2644 3239 2782 3296 εἶναι
2813 3244 2912 3296 οὐκ
2949 3245 3006 3310 ἐξ
3046 3244 3260 3310 ἑαυτοῦ,
3303 3247 3456 3318 παρὰ
3482 3247 3538 3300 δὲ
3563 3245 3654 3299 τοῦ

2086 3332 2298 3402 Πατρὸς
2329 3333 2596 3403 ἐσχηκώς.
2632 3335 2722 3387 Διὸ
2749 3336 2813 3407 δὴ
2851 3335 2991 3406 μετὰ
3017 3338 3108 3390 τὸν
3124 3339 3341 3410 Πατέρα
3370 3341 3534 3413 τιμᾷν
3565 3339 3651 3391 καὶ

2086 3424 2248 3478 αὐτὸν
2279 3426 2353 3490 ὡς
2385 3426 2515 3480 Θεὸν
2559 3427 2932 3500 ἐδιδάχθημεν,
2965 3430 3051 3484 διὰ
3081 3431 3169 3484 τὸν
3203 3435 3260 3486 ἐν
3295 3433 3445 3503 αὐτῷ
3479 3449 3651 3487 κατοι-

2043 3517 2046 3519 “
2087 3517 2284 3571 κοῦντα
2314 3518 2465 3584 Θεὸν,
2499 3520 2783 3594 ὡσπεροῦν
2821 3523 2877 3575 αἱ
2923 3523 3060 3593 μετὰ
3106 3521 3292 3597 χεῖρας
3345 3527 3650 3601 περιέχουσι

2085 3614 2430 3681 προφητεῖαι.
2478 3612 2565 3677 Ὠς
2590 3612 2697 3685 γὰρ
2730 3613 2794 3667 ἂν
2827 3614 3080 3686 τιμηθείη
3105 3616 3366 3686 βασιλέως
3385 3617 3548 3671 εἰκὼν
3571 3615 3651 3669 διὰ

2082 3699 2203 3764 τὸν,
2249 3694 2308 3753 οῦ
2347 3702 2474 3764 τοὺς
2514 3703 2867 3774 χαρακτῆρας
2910 3704 3004 3757 καὶ
3047 3705 3144 3776 τὴν
3189 3707 3450 3776 ὁμοίωσιν
3502 3707 3648 3779 φέρει

2085 3791 2419 3865 (τιμωμένης
2453 3794 2509 3846 δὲ
2540 3796 2638 3867 τῆς
2664 3796 2889 3862 εἰκόνος,
2927 3798 3137 3851 καὶτοῦ
3171 3800 3436 3870 βασιλέως
3474 3800 3654 3865 αὑτοῦ,

2083 3879 2165 3948 εἷς
2194 3883 2258 3938 ἂν
2290 3889 2318 3939 6
2344 3884 2649 3957 τιμώμενος
2676 3889 2770 3941 καὶ
2801 3889 2859 3942 οὑ
2890 3889 2981 3942 δύο
3001 3929 3014 3943 .
3043 3891 3116 3943 Οὐ
3142 3891 3248 3963 γὰρ
3275 3893 3366 3946 δύο
3393 3892 3648 3963 βασιλεῖς,

2082 3977 2110 4029 ὅ
2133 3993 2193 4028 τε
2221 3976 2434 4048 πρῶτος
2462 3977 2553 4031 καί
2575 3979 2799 4052 ἀληθὴς,
2832 3982 2926 4035 καὶ
2959 3984 2987 4035 ὀ
3016 3982 3107 4035 ἐπὶ
3127 3983 3227 4054 τῆς
3257 3986 3465 4049 εἰκόνος
3498 4002 3648 4038 τετυκ

2083 4068 2352 4139 πωμένος,
2377 4065 2456 4134 εἷς
2475 4071 2520 4124 δ’
2535 4073 2563 4124 6
2587 4074 2703 4126 κατ’
2727 4074 3070 4146 ἀμφοτέρων,
3091 4077 3148 4128 οὺ
3171 4076 3327 4146 μόνον
3350 4078 3470 4131 νοού
3481 4095 3652 4149 μενος,

2083 4160 2220 4215 ἀλλὰ
2237 4163 2331 4220 καί
2352 4162 2748 4235 ὀνομαζόμενος
2768 4166 2862 4218 καὶ
2879 4165 3229 4237 τιμώμενος),
3249 4167 3389 4220 οῦτω
3411 4169 3546 4240 δῆτα
3567 4167 3656 4220 καὶ

2083 4256 2111 4306 6
2133 4254 2425 4326 μονογενὴς
2441 4253 2589 4320 Υἱὸς,
2618 4255 2779 4310 εἰκὼν
2803 4255 2878 4310 ὢν
2912 4259 3068 4327 μόνος
3091 4257 3184 4312 τοῦ
3208 4258 3342 4312 Θεοῦ
3371 4260 3466 4313 τοῦ
3497 4261 3657 4331 ἀορά-

2081 4361 2196 4412 του,
2234 4347 2456 4415 εἰκότως
2489 4347 2578 4402 διά
2617 4347 2740 4412 τὸν,
2776 4339 2837 4401 οῦ
2885 4350 3042 4420 φέρει
3087 4351 3378 4421 ὁμοίωσιν,
3409 4353 3572 4408 εἰκών
3597 4369 3655 4405 τε

2083 4437 2448 4510 ἀνηγόρευται
2483 4439 2577 4492 τοῦ
2605 4441 2836 4512 ἀοράτου
2866 4441 3022 4506 Θεοῦ,
3068 4443 3387 4498 θεοποιεῖταί
3429 4462 3492 4506 τε
3527 4445 3655 4515 πρὸς

404 4552 512 4605 que
560 4533 752 4602 Filius,
805 4551 932 4590 cum
988 4537 1138 4592 solus
1181 4537 1254 4591 sit
1295 4537 1473 4608 imago
1522 4537 1617 4594 Dei
1664 4540 1978 4608 invisibilis,

2086 4527 2248 4581 αὐτοῦ
2275 4528 2366 4581 τοῦ
2396 4530 2640 4602 Πατρός⁶
2668 4529 2810 4584 οὕτω
2847 4531 3102 4600 πεφυκὼς
3131 4533 3228 4603 τὴν
3260 4534 3466 4597 οὐσίαν,
3504 4533 3656 4597 αὐτὸυ

402 4629 566 4699 227
592 4629 787 4684 merito
819 4635 1039 4698 propter
1072 4643 1236 4693 eum,
1282 4629 1442 4697 cujus
1497 4628 1604 4686 fert
1662 4631 1982 4686 similitudi-

401 4734 566 4783 nem,
609 4724 665 4774 et
716 4719 896 4788 imago
936 4719 1240 4789 appellatur
1283 4720 1377 4776 Dei
1428 4719 1759 4786 invisibilis,
1811 4729 1866 4778 et
1914 4722 1982 4776 ab

404 4811 526 4879 ipso
590 4810 751 4866 Patre
798 4809 1074 4868 eﬂicitur:
1113 4813 1311 4882 quippe
1371 4813 1465 4882 qui
1513 4813 1607 4866 tali
1656 4813 1855 4869 existat
1928 4821 1984 4869 et

402 4906 602 4954 natura
635 4909 690 4954 et
717 4901 978 4965 essentia,
1001 4901 1236 4972 indeque
1265 4917 1330 4956 ex
1355 4917 1462 4970 quo
1486 4903 1720 4971 primum
1747 4905 1976 4970 exstitit,

403 5003 516 5044 non
571 4988 984 5058 acquisititiam,
1046 4987 1141 5043 sed
1191 4989 1495 5042 naturalem
1553 4988 1728 5043 Patris
1780 4989 1976 5060 imagi-

403 5098 529 5137 ncm
568 5082 789 5137 referat.
843 5081 1023 5150 Quare
1079 5080 1220 5135 idem
1267 5089 1465 5135 natura
1521 5080 1685 5145 Deus,
1740 5089 1795 5135 et
1836 5082 1980 5135 idem

403 5173 718 5242 uirigenitus
762 5171 933 5226 Filius
959 5168 1194 5235 exsistit,
1237 5185 1350 5224 non
1405 5178 1583 5225 autem
1647 5178 1706 5224 ut
1740 5171 1848 5235 illi,
1885 5172 1980 5242 qui

401 5265 749 5327 extrinsecus
781 5269 1156 5325 assumuntur,
1197 5260 1506 5332 adoptatus,
1536 5261 1740 5331 quique
1778 5261 1981 5315 adven-

401 5356 584 5410 titium
619 5355 815 5414 divina:
847 5353 1226 5429 appellationis
1280 5353 1542 5409 honorem
1575 5353 1876 5424 possident.
1911 5353 1980 5406 At

401 5447 551 5502 cutim
579 5447 680 5503 etsi
712 5454 906 5500 natura
938 5445 1249 5516 unigenitus
1281 5443 1471 5513 Filius,
1514 5443 1765 5514 Deusque
1794 5452 1982 5499 noster

403 5540 736 5603 celebratur,
757 5556 865 5594 non
893 5548 1074 5603 tamen
1114 5554 1143 5590 a
1176 5538 1356 5608 seipso
1394 5538 1572 5600 Deus,
1617 5537 1713 5592 sed
1751 5553 1820 5592 ex
1872 5536 1979 5591 Deo

402 5627 568 5695 Patre
600 5630 912 5701 unigenitus
944 5628 1137 5693 Filius,
1168 5637 1221 5710 et
1247 5628 1452 5684 idcirco
1483 5627 1646 5684 Deus.
1673 5626 1980 5698 Totumque
2033 5701 2040 5709 δ

465 5805 514 5848 ⁸⁵
541 5804 753 5870 Coloss.
791 5820 830 5868 ι,
867 5802 947 5856 19.

2085 4619 2179 4672 θεν
2218 4637 2277 4672 τε
2325 4620 2433 4673 ἀπὸ
2485 4620 2709 4694 πρώτης
2746 4622 3033 4694 ὑπάρξεως
3086 4625 3352 4695 φυσικὴν,
3393 4625 3510 4678 ἀλλ’
3560 4626 3655 4679 οὐκ

2086 4710 2374 4780 ἐπίκτητον
2409 4709 2507 4781 τῂν
2550 4711 2732 4764 εἰκόνα
2777 4710 2870 4764 τοῦ
2917 4712 3126 4783 Πατρὸς
3167 4714 3531 4784 ἐπαγόμενος,
3569 4715 3655 4768 Διὸ

2084 4802 2178 4854 καὶ
2212 4801 2370 4870 φύσει
2418 4801 2550 4865 Θεὸς
2597 4801 2732 4874 ὁμοῦ
2787 4801 2880 4856 καὶ
2915 4802 3204 4874 μονογενὴς
3249 4804 3372 4868 Υἱὸς
3413 4805 3490 4858 ὢν
3532 4822 3657 4874 τυγ-

2083 4892 2254 4963 χάνει,
2293 4894 2414 4963 οὐχὶ
2461 4893 2518 4945 δὲ
2570 4892 2769 4963 ὁμοίως
2816 4895 2924 4956 τοῖς
2981 4891 3176 4957 ἔξωθεν
3205 4896 3653 4966 εἰσποιουμένοις,

2083 4985 2520 5057 ὲπισυμόεϐηκός
2554 5004 2612 5038 τε
2661 4986 2721 5038 τὸ
2763 4985 2976 5056 ἀξίωμα
3024 4986 3124 5055 τῆς
3172 4987 3264 5040 τοῦ
3299 4987 3432 5041 Θεοῦ
3489 5005 3655 5060 προσ-

2081 5077 2310 5148 ηγορίας
2330 5077 2601 5148 ἐπέχουσι.
2631 5078 2774 5149 Πλὴν
2803 5081 2851 5131 εἰ
2886 5080 2978 5132 καὶ
3007 5079 3165 5147 φύσει
3198 5082 3491 5152 μονογενὴς
3529 5080 3652 5143 Υἰὸς

2084 5172 2179 5224 καὶ
2221 5171 2351 5232 Θεὸς
2394 5169 2551 5241 ἡμῶν
2599 5171 3023 5242 ἀνευφημείται,
3064 5171 3198 5224 ἀλλὰ
3231 5173 3329 5242 οὐχ
3363 5173 3390 5224 6
3440 5173 3654 5243 πρῶτος

2083 5258 2234 5322 Θεὸς,
2263 5260 2474 5331 πρῶτος
2514 5261 2570 5314 δὲ
2601 5259 2692 5312 τοῦ
2731 5260 2863 5313 Θεοῦ
2917 5262 3210 5333 μονογενὴς
3257 5261 3399 5326 Υἱὸς,
3432 5263 3526 5314 καὶ
3570 5260 3654 5313 διὰ

2083 5353 2240 5404 τοῦτο
2270 5353 2415 5416 Θεός.
2454 5354 2562 5406 Καὶ
2590 5353 2706 5408 ὅλον
2737 5372 2799 5423 γε
2833 5353 2991 5407 τοῦτο
3013 5355 3182 5408 αἴτιον
3211 5353 3276 5407 ἂν
3306 5355 3390 5424 εἰή
3427 5354 3523 5412 τοῦ
3564 5354 3653 5408 καὶ

2083 5443 2242 5496 αὐτὸν
2301 5441 2440 5496 εἶναι
2483 5445 2650 5509 Θεὸν,
2703 5445 2764 5498 τὸ
2806 5447 2963 5518 μόνον
3006 5443 3141 5501 εῖναι
3197 5447 3353 5516 φύσει
3385 5447 3479 5499 τοῦ
3519 5442 3651 5499 Θεοῦ

2084 5533 2238 5598 Υἰὸν,
2275 5536 2368 5588 καὶ
2421 5538 2680 5606 μονογενῆ
2723 5536 3120 5609 χρηματίζειν,
3173 5539 3268 5594 καὶ
3310 5540 3369 5593 τὸ
3419 5539 3490 5591 δι’
3533 5539 3650 5594 ὄλςυ

2086 5625 2278 5691 σώζειν
2303 5627 2394 5681 τοῦ
2421 5629 2578 5699 μόνου
2603 5629 2735 5682 Θεοῦ
2759 5629 2859 5702 τὴν
2887 5629 3126 5702 ἔμψυχον
3147 5632 3238 5684 καὶ
3261 5631 3439 5696 ζῶσαν
3464 5629 3654 5703 νοερὰν
