3902 6264
343 304 452 360 373

1255 311 1903 374 DEMONSTRATIONIS
1941 315 2392 373 ΕΥΑΝΟΕΙΔΟΔΕ
2433 317 2558 370 LIB.
2608 317 2672 374 ν.

3457 322 3561 377 374

337 419 546 485 εἰκόνα,
579 423 720 476 κατὰ
754 423 927 478 πάντα
959 424 1034 496 τῷ
1059 427 1233 499 Πιιιτρί⁵
1270 430 1738 501 παρωμοιωμένην
1757 471 1772 496 ,
1815 447 1867 484 κε

1972 473 1978 491 ,
2008 428 2111 484 hoc
2139 444 2270 484 sane
2305 443 2471 484 causa
2514 431 2658 495 erit,
2709 443 2808 484 cur
2850 429 2964 500 ipse
2993 444 3208 501 quoque
3251 429 3322 486 sit
3375 429 3556 497 Deus,

333 508 439 579 τῆς
477 508 725 584 θεότητός
771 532 829 568 τε
861 517 1026 588 αὐτῆς
1069 517 1165 590 τὴν
1199 521 1453 590 ὁμοίωσιν
1487 521 1900 592 ἐπιφερομένην.

330 597 529 676 Ταύτῃ
550 605 837 676 τοιγαροῦν
868 607 960 660 καὶ
983 609 1162 674 αὑτὸν,
1189 609 1333 663 ὡσὰν
1363 611 1520 682 μόνον
1547 611 1671 664 Υἰὸν
1699 611 1792 664 καὶ
1811 612 1904 683 μό-

337 710 431 746 νον
471 695 653 748 εἰκόνα
701 696 827 751 ὅντα
880 698 972 752 τοῦ
1020 699 1188 765 Θεοῦ,
1220 702 1444 772 καὶτῆς
1470 704 1762 774 ἀγεννήτου
1811 703 1902 757 καὶ

334 785 581 856 ἁνάρχου
629 786 721 840 τοῦ
753 788 964 860 Πατρὸς
1002 791 1188 856 οὐσίας
1226 791 1324 856 τὰς
1376 792 1628 864 δυνάμεις
1661 794 1799 849 κατὰ
1841 795 1901 849 τὸ

333 877 690 948 παράδειγμα
718 878 817 948 τῆς
846 879 1156 950 ὁμοιώσεως
1185 883 1663 956 περιϐεϐλημένον,
1701 887 1806 939 ὑπό
1841 905 1900 941 τε

327 964 429 1017 τοῦ
462 967 680 1020 πάντων
722 971 1110 1038 τεχνικωτάτου
1155 974 1248 1027 καὶ
1286 977 1752 1048 πανεπιστήμονος
1792 979 1898 1043 ζω-

327 1057 550 1126 γράφου
578 1075 637 1110 τε
684 1059 778 1112 καὶ
808 1059 1068 1125 ζωοποιοῦ
1098 1064 1310 1136 Πατρὸς
1342 1068 1421 1130 εἰς
1460 1067 1520 1120 τὸ
1565 1068 1644 1121 ἐτι
1678 1070 1898 1141 ἀκριϐὲς

465 1149 777 1219 ὁμοιώσεως
797 1154 1248 1228 ἀπειργασμένον,
1278 1157 1410 1213 Θεὸν
1441 1161 1663 1227 εἰκότως
1685 1165 1733 1216 οἱ
1764 1163 1897 1219 θεῖοι

317 1239 719 1311 ἀναγορεύουσι
757 1245 924 1313 λόγοι,
951 1246 1027 1310 ὡς
1068 1249 1160 1301 καὶ
1190 1248 1392 1321 ταύτης
1423 1253 1559 1322 μετὰ
1589 1253 1697 1309 τῶν
1723 1255 1896 1310 ἄλλων

315 1333 479 1402 παρὰ
512 1333 608 1386 τοῦ
640 1336 852 1408 Πατρὸς
883 1337 1181 1410 ἠξιωμένον
1215 1344 1603 1416 προσηγορίας,
1638 1347 1894 1419 εἰληφότα

311 1438 397 1514 τε,
429 1423 549 1478 ἀλλ’
571 1426 670 1480 οὐκ
699 1427 990 1500 ἰδιόκτητον
1032 1431 1200 1504 αὐτὴν
1229 1436 1518 1506 ἐσχηκότα.
1557 1437 1612 1490 Ὀ
1653 1439 1751 1509 μὲν
1784 1440 1893 1514 γὰρ

308 1513 558 1580 δίδωσιν,
587 1519 616 1571 ὁ
643 1519 698 1573 δέ
729 1519 1021 1591 λαμϐάνει·
1048 1521 1186 1576 ὥστε
1219 1527 1421 1597 κυρίως
1451 1529 1544 1581 καὶ
1565 1527 1660 1582 ἕνα
1687 1513 1891 1587 ἐκεῖνον

307 1604 460 1663 εἶναι
489 1611 643 1678 Θεὸν,
696 1614 787 1666 καὶ
821 1613 977 1684 μόνον
1012 1615 1108 1686 μὲν
1139 1617 1231 1670 καὶ
1272 1617 1430 1686 φύσει
1476 1619 1636 1684 ὄντα,
1680 1623 1773 1676 καὶ
1814 1625 1888 1695 μὴ

306 1701 451 1770 παρ’
487 1701 676 1773 ἐτέρου
711 1702 941 1758 λαϐόντα
963 1719 974 1734 ’
1015 1704 1103 1758 τὸν
1136 1706 1193 1758 δέ
1223 1708 1331 1761 τῶν
1367 1708 1683 1782 δευτερείωθ
1723 1713 1886 1782 ἠξιῶ-

2003 519 2150 591 quod
2173 521 2323 577 solus
2353 522 2424 576 sit
2450 530 2644 576 natura
2670 519 2764 577 Dei
2792 519 2994 587 Filius,
3026 529 3081 577 et
3122 522 3432 592 unigenitus
3466 537 3561 593 ap-

2004 612 2250 682 pelletur,
2281 621 2336 668 et
2363 615 2506 683 quod
2535 628 2921 684 usquequaque
2941 622 3224 669 conservet
3254 614 3374 683 ejus
3393 655 3409 678 ,
3465 615 3560 686 qui

2004 701 2153 756 solus
2181 708 2265 756 est
2288 700 2450 766 Deus,
2486 701 2774 755 animatam
2800 707 2855 755 et
2889 701 3065 754 vivam
3091 709 3144 755 et
3170 701 3557 771 intelligentem

2002 790 2311 863 imaginem,
2334 798 2388 846 et
2410 791 2464 844 in
2489 790 2742 845 omnibus
2765 789 2868 860 ipsi
2892 787 3041 843 Patri
3072 790 3426 845 assimilatam
3445 829 3462 854 ,
3503 796 3558 844 et

1999 898 2118 940 eam
2149 899 2270 954 quae
2301 883 2393 940 Dei
2441 883 2613 953 ipsius
2656 881 2975 939 substantia
3005 882 3414 937 similitudinem
3445 895 3560 952 pra

2000 991 2059 1032 se
2089 975 2244 1032 ferat.
2267 974 2378 1030 Hac
2398 991 2525 1046 ergo
2553 974 2619 1029 de
2645 988 2808 1030 causa
2836 974 3012 1042 ipsum
3041 989 3273 1044 quoque,
3297 981 3556 1039 tanquam

1997 1083 2121 1124 eum
2150 1069 2244 1139 qui
2276 1068 2424 1124 solus
2456 1066 2647 1131 Filius,
2678 1077 2732 1122 et
2757 1067 2907 1122 solus
2935 1064 3032 1120 Dei
3063 1065 3240 1134 imago
3263 1065 3355 1128 sit,
3386 1070 3440 1118 et
3465 1065 3554 1118 in-

1997 1160 2163 1230 geniti
2195 1175 2259 1214 ac
2291 1159 2555 1230 principio
2583 1159 2820 1213 carentis
2847 1155 3026 1211 Patris
3065 1156 3315 1212 essentiae
3334 1195 3349 1220 ,
3379 1157 3554 1210 virtu-

1995 1259 2077 1308 tes
2103 1251 2400 1307 secundum
2429 1253 2732 1321 exemplum
2764 1248 3178 1304 assimilationis
3210 1247 3467 1312 indutus,
3500 1254 3555 1301 et

1995 1345 2062 1400 ab
2115 1344 2394 1400 hominum
2437 1343 2893 1398 artiﬁciosissimo
2927 1349 2981 1396 et
3027 1340 3392 1396 scientissimo
3431 1340 3556 1393 vitae

1993 1435 2336 1507 designatore
2376 1444 2430 1492 et
2459 1443 2678 1491 auctore
2708 1433 2900 1498 Patre,
2955 1431 3022 1485 ad
3072 1429 3333 1487 amussim
3380 1435 3434 1482 et
3485 1427 3555 1481 ad

1991 1538 2192 1584 certam
2242 1527 2676 1598 exquisitamque
2730 1523 3178 1580 assimilationem
3236 1534 3553 1592 expressus,

1991 1619 2157 1676 Deum
2180 1621 2374 1675 merito
2404 1620 2586 1675 divina
2607 1619 2877 1689 appellant
2903 1616 3122 1670 oracula
3145 1653 3161 1680 ,
3201 1621 3262 1680 ut
3291 1629 3398 1668 una
3428 1628 3555 1668 cum

1990 1713 2200 1768 caeteris
2229 1712 2295 1767 ad
2321 1712 2461 1766 hanc
2497 1727 2711 1783 quoque
2741 1707 3119 1780 appellationis
3152 1705 3491 1776 dignitatem,
3521 1719 3554 1757 a

303 1787 465 1853 σθαι,
502 1791 597 1845 καὶ
635 1790 695 1844 τὸ
743 1792 874 1846 Θεὸν
916 1789 1052 1848 εἶναι
1081 1793 1311 1850 λαϐόντα
1357 1799 1505 1869 παρὰ
1543 1799 1637 1853 τοῦ
1674 1802 1867 1874 Πατρὸς

1988 1805 2144 1861 Patre
2173 1813 2460 1877 provectus
2501 1805 2592 1868 sit,
2613 1818 2843 1873 eamque
2882 1799 3191 1877 acceperit,
3233 1812 3342 1853 nou
3372 1807 3551 1852 autem

302 1877 482 1951 ἔχειν,
521 1881 670 1936 ὼσὰν
710 1884 894 1939 εἰκόνα
922 1885 1016 1939 τοῦ
1041 1887 1199 1953 Θεοῦ,
1237 1890 1365 1959 μιᾶς
1390 1892 1477 1943 ἐπ’
1513 1893 1714 1963 ἀμφοῖν
1741 1895 1882 1949 κατὰ

298 1969 364 2023 τὸ
411 1973 768 2045 παράδειγμα
799 1976 897 2047 τῆς
931 1976 1181 2048 θεότητος
1211 1979 1625 2052 ἐπινοουμένης,
1660 1984 1778 2048 ἐνός
1819 2003 1880 2039 τε

297 2060 462 2126 δντος
496 2063 632 2118 Θεοῦ
659 2066 752 2119 τοῦ
794 2067 914 2120 καθ’
943 2070 1133 2123 ἐαυτὸν
1163 2070 1412 2142 ἀνάρχως
1437 2073 1533 2125 καὶ
1573 2075 1879 2147 ἀγεννήτως

297 2150 480 2217 ὕντος,
505 2154 593 2208 διὰ
613 2157 669 2210 δέ
686 2157 779 2210 τοῦ
807 2157 956 2224 Υῐοῦ,
989 2159 1137 2214 ὡσὰν
1161 2161 1228 2214 δι’
1244 2163 1505 2235 ἐσόπτρου
1535 2166 1628 2219 καὶ
1650 2168 1874 2233 εἰκόνος,

295 2244 800 2318 ἐπιθεωρουμὲνου.
836 2249 1006 2304 Τοῦτό
1027 2270 1107 2306 τοι
1141 2253 1237 2306 καὶ
1266 2253 1326 2306 τὸ
1354 2258 1718 2327 πνευματικὸν
1748 2277 1874 2321 παι-

291 2336 447 2392 δεύει
497 2340 698 2409 λόγιον,
734 2345 832 2397 οὐκ
871 2343 1042 2409 ἄλλως
1069 2346 1274 2416 φάσκον
1308 2348 1438 2402 Θεὸν
1467 2347 1602 2405 εἶναι
1641 2370 1874 2423 προσκυ-

292 2429 460 2499 νητὸν
481 2433 577 2484 τὸν
602 2433 944 2506 δηλούμενον,
975 2438 1088 2491 ἀλλ’
1118 2439 1152 2510 ἢ
1179 2438 1265 2494 διὰ
1285 2439 1374 2494 τὸν
1398 2441 1705 2498 ἐνοικοῦντα
1727 2445 1874 2517 αὐτῷ

291 2523 548 2596 Πατέρα·
578 2544 595 2576 ι
625 2527 712 2581 Ἐν
753 2531 836 2582 σον⁷
877 2549 894 2581 ι
933 2530 1062 2601 γὰρ,
1099 2533 1254 2603 φησὶ,
1290 2551 1310 2584 ι
1345 2534 1759 2605 προσεύξονται·
1789 2539 1869 2592 ὅτι

286 2615 348 2669 ἐν
391 2619 479 2669 σοί⁸
505 2621 535 2671 ὁ
568 2617 700 2684 Θεός
739 2622 874 2676 ἐστι.
907 2642 925 2675 ι
945 2624 1057 2678 Καὶ
1093 2625 1156 2678 σὺ
1180 2625 1237 2678 δὲ
1263 2626 1442 2691 αὐτὸς,
1474 2628 1604 2693 Θεὸς
1635 2628 1730 2696 ὢν,
1758 2630 1868 2684 Σω-

284 2705 395 2777 τὴρ
428 2707 526 2760 τοῦ
582 2710 796 2782 Ἰσραὴλ
840 2715 1158 2784 τυγχάνεις·
1195 2719 1290 2778 καὶ
1331 2718 1417 2773 διὰ
1448 2719 1606 2772 τοῦτο
1652 2720 1869 2792 ἰσχυρὸς

285 2801 386 2852 καὶ
421 2805 693 2872 κρυφαῖος
724 2804 859 2868 Θεὸς
901 2803 966 2859 εἰ·
997 2827 1014 2859 t
1045 2809 1166 2861 ἐπεὶ
1202 2811 1259 2863 ἐν
1289 2812 1426 2874 doto
1455 2812 1608 2875 Θεὸς,
1647 2815 1738 2866 καὶ
1769 2815 1869 2868 οὑκ

284 2891 439 2944 ἐστιν
477 2892 565 2945 ἔτι
597 2894 736 2966 πλὴν
782 2897 968 2951 αὑτοῦ.
1008 2918 1026 2950 ι
1075 2901 1217 2953 ’Δντὶ
1243 2901 1301 2954 δέ
1343 2902 1472 2969 τοῦ,
1516 2921 1535 2954 ι
1577 2904 1867 2960 ἐκοπίασεν

282 2983 607 3049 Αἴγυπτος,
649 3004 667 3037 ›
711 2985 772 3038 τὸ
821 2987 1134 3059 Ἐϐραῖκὸν,
1195 2992 1288 3044 καὶ
1336 2994 1385 3044 οἰ
1433 2992 1610 3047 λοιποὶ
1666 2985 1866 3059 πάντες

284 3074 651 3144 ἐρμηνευταὶ,
699 3096 716 3127 ι
743 3078 910 3142 κόπος
942 3080 1234 3149 Αἰγύπτου,
1261 3102 1280 3135 ι
1314 3083 1670 3139 ἐκδεδώκασιν
1689 3126 1704 3151 ,
1733 3087 1781 3141 ἵν

277 3165 348 3222 τὸ
377 3166 678 3238 λεγόμενον
716 3170 981 3224 τοιοῦτον·
1014 3192 1032 3224 ι
1054 3174 1141 3227 Σοὶ
1176 3178 1632 3248 προσκυνήσουσι,
1664 3180 1757 3232 καὶ
1781 3181 1863 3232 σοὶ

275 3258 503 3314 ἔσονται
539 3261 750 3326 δοῦλοι,
788 3265 817 3317 ὁ
846 3264 1014 3330 κόπος
1056 3267 1363 3336 Αἰγύπτου,
1395 3272 1488 3324 καὶ
1536 3274 1568 3343 ἡ
1627 3273 1864 3345 ἐμπορία

275 3351 586 3418 Αἰθιόπων,
617 3354 710 3407 καὶ
735 3357 783 3408 οἱ
818 3357 1094 3429 Σεϐωείμ·
1126 3378 1144 3410 ι
1177 3359 1244 3412 δι’
1264 3353 1339 3416 ὧν
1369 3360 1652 3434 βάρϐαρα,
1686 3360 1858 3435 οἶμαι,

274 3442 379 3494 καὶ
411 3443 608 3513 ἄσημά
642 3461 760 3498 τινα
785 3446 909 3518 ἐθνη
936 3447 1256 3519 δηλοῦσθαι,
1286 3452 1378 3504 καὶ
1417 3453 1594 3506 πάντα
1624 3454 1723 3507 ὅσα
1759 3454 1858 3527 ἤδη

273 3533 454 3588 πάλαι
501 3537 768 3608 πρότερον
811 3540 878 3609 τῇ
931 3539 1216 3612 δαιμονικῇ
1257 3541 1563 3612 τετρύχωτο
1609 3543 1860 3598 δεισιδαι-

273 3626 467 3696 μονίᾳ.
514 3627 732 3700 Ἐπειδὴ
771 3629 879 3701 γὰρ
919 3631 1203 3700 Αἰγύπτιοι
1247 3632 1463 3701 ἐδόκουν
1505 3635 1720 3700 πάντων
1749 3635 1859 3689 τῶν

271 3715 454 3770 ἐθνῶν
483 3718 1026 3790 δεισιδαιμονέστατοι
1059 3723 1344 3794 τυγχάνειν
1364 3764 1379 3789 ,
1409 3723 1613 3796 πρῶτοί
1635 3743 1693 3778 τε
1722 3743 1855 3780 κατ-

271 3805 448 3878 ἀρξαι
502 3812 604 3881 τῆς
647 3810 1033 3883 εἰδωλολάτρω
1065 3814 1293 3887 πλάνης,
1341 3817 1564 3880 εἰκότως
1609 3817 1856 3887 πρώτους

270 3901 482 3965 αὐτοὺς
529 3900 744 3974 τίθησιν
797 3903 1302 3977 ὑποταγησομένους
1346 3907 1424 3978 τῷ
1472 3908 1717 3980 Χριστῷ·
1760 3911 1854 3964 καὶ

267 3992 348 4045 δι’
380 3991 564 4045 αὐτῶν
614 3995 707 4046 καὶ
758 3995 826 4049 τὰ
881 3998 1008 4068 περὶ
1058 3997 1165 4051 τῶν
1208 3998 1408 4066 λοιπῶν
1454 4000 1852 4072 εἰδωλολατρῶν

268 4080 492 4152 φανερὰ
525 4083 845 4138 καθιστᾶσα.
877 4086 986 4139 Kal.
1015 4086 1190 4141 ταῦτα
1237 4088 1589 4160 πεπλήρωται
1632 4090 1725 4145 ἐπὶ
1755 4092 1848 4146 τοῦ

268 4171 533 4243 Σωτῆρος
562 4174 656 4227 καὶ
679 4176 882 4246 Κυρίου
905 4179 937 4248 ή
948 4179 1081 4248 μῶν,
1103 4177 1180 4256 τῷ
1203 4180 1260 4233 ἐν
1291 4181 1452 4234 πᾶσιν
1476 4180 1651 4234 ἔθνεσι
1686 4199 1851 4254 προσ-

268 4262 560 4316 κυνεῖσθαι
590 4266 684 4318 καὶ
720 4266 988 4322 δουλεύειν
1017 4267 1164 4339 αὐτῷ
1202 4271 1369 4340 μυρία
1396 4271 1572 4342 πλήθη
1599 4271 1706 4326 τῶν
1745 4272 1847 4326 ἀνὰ

265 4351 377 4422 τὴν
408 4355 732 4428 οἰκουμένην
781 4356 974 4412 ἐθνῶν.
1027 4348 1288 4422 Αἰθίοπας
1335 4359 1391 4412 δέ
1431 4362 1524 4414 καὶ
1568 4362 1842 4434 Σεϐωεὶμ,

1785 3083 1936 3200 ἷξε

1981 1914 2048 1953 ex
2077 1897 2299 1969 proprio
2327 1897 2454 1968 jure
2483 1895 2866 1967 possidendam
2895 1892 3166 1947 habuerit.
3191 1888 3438 1960 Namque
3461 1889 3553 1941 ille

1979 1988 2196 2060 quidem
2231 1989 2343 2056 dat,
2373 1989 2462 2042 hic
2487 2002 2617 2042 vero
2648 1985 2875 2056 accipit;
2909 1986 3093 2054 itaque
3127 1997 3227 2038 suo
3255 1981 3380 2052 jure
3401 1995 3550 2035 unus

1980 2077 2070 2133 ille
2091 2085 2174 2132 est
2196 2076 2356 2139 Deus,
2375 2076 2469 2146 qui
2498 2091 2608 2130 non
2639 2075 2706 2129 ab
2729 2074 2898 2128 altero
2929 2071 3156 2141 accepit.
3184 2069 3283 2124 Hic
3313 2076 3495 2124 autem
3517 2081 3550 2122 a

1977 2160 2137 2217 Patre
2153 2162 2314 2217 habet
2339 2170 2398 2216 ut
2417 2161 2560 2218 Deus
2580 2162 2672 2227 sit,
2690 2168 2949 2230 tanquam
2975 2159 3069 2214 Dei
3095 2159 3271 2228 imago
3297 2177 3310 2212 :
3338 2163 3544 2228 utpote,

1976 2267 2100 2309 cum
2127 2271 2233 2309 una
2261 2255 2315 2309 in
2349 2254 2633 2316 ambobus,
2662 2253 2816 2322 juxta
2833 2252 3159 2321 exemplum,
3187 2248 3548 2304 divinitusin-

1975 2345 2271 2416 telligatur,
2289 2353 2498 2400 etunus
2515 2343 2761 2408 sitDeus,
2776 2343 2867 2413 qui
2884 2343 3234 2413 perseipsum
3257 2343 3374 2396 sine
3389 2340 3543 2410 prin:-

1973 2436 2208 2507 cipio,et
2242 2436 2360 2493 sine
2386 2436 2730 2507 generatione
2747 2435 2944 2490 existat
2971 2453 2984 2488 :
3019 2432 3318 2505 perFilium
3334 2440 3538 2496 autem,

1971 2536 2226 2605 tanquam
2241 2545 2335 2600 per
2345 2529 2620 2600 speculum
2633 2536 2686 2582 et
2702 2527 3010 2597 imaginem,
3025 2523 3541 2581 consideretur.Hoc

1971 2628 2077 2685 est,
2105 2621 2333 2688 scilicet,
2368 2619 2511 2690 quod
2541 2618 2824 2689 spirituaje
2853 2617 3009 2672 docet
3049 2617 3359 2680 oraculum,
3391 2616 3537 2685 quod

1969 2727 2080 2767 non
2109 2711 2242 2766 alias
2264 2710 2394 2764 dicit
2420 2725 2566 2775 eum,
2595 2709 2663 2763 de
2692 2725 2801 2778 quo
2829 2722 3007 2763 sermo
3041 2717 3160 2772 est,
3213 2707 3384 2761 Deum
3411 2722 3536 2762 esse

1969 2803 2304 2866 adorandum
2329 2841 2343 2868 ,
2383 2809 2603 2874 pr0pter
2630 2802 3021 2856 inhabitantem
3052 2801 3103 2853 in
3138 2801 3256 2870 ipso
3289 2799 3528 2853 Patrem.

1973 2894 2075 2954 tln
2103 2901 2156 2949 te
2180 2912 2198 2946 ι
2219 2893 2386 2959 enim,
2411 2893 2639 2963 inquit;
2661 2892 2894 2947 orabunt
2917 2910 2930 2946 :
2956 2890 3212 2961 quoniam
3229 2891 3283 2944 in
3304 2899 3356 2944 te
3392 2889 3533 2944 Deus

1967 2994 2069 3042 est.
2110 3004 2130 3036 ι
2167 2983 2274 3040 Sed
2305 2995 2364 3039 tu
2395 2999 2611 3055 quoque
2641 2984 2757 3055 ipse
2785 2998 2912 3039 cum
2942 2981 3086 3038 Deus
3114 2983 3189 3038 sis
3211 3022 3227 3048 ,
3283 2980 3532 3036 Salvator

1966 3076 2131 3132 lsracl
2158 3077 2401 3132 exsistis.
2452 3075 2691 3132 Proinde
2725 3074 2882 3132 fortis
2920 3083 2974 3131 et
3005 3073 3358 3131 absconditus
3386 3071 3530 3128 Deus

1965 3185 2024 3224 es
2052 3187 2065 3223 :
2103 3186 2124 3219 ε
2160 3168 2417 3238 quoniam
2456 3167 2512 3222 in
2541 3174 2594 3222 te
2620 3165 2782 3233 Deus,
2807 3176 2861 3223 et
2890 3182 3000 3222 non
3023 3175 3106 3220 est
3127 3163 3360 3234 amplius
3394 3177 3531 3232 pra:-

1964 3268 2046 3316 ter
2080 3261 2279 3330 ipsum.
2319 3279 2337 3312 ι
2371 3260 2534 3332 228
2561 3259 2668 3316 Pro
2697 3277 2761 3316 eo
2789 3275 2918 3316 vero
2943 3258 3088 3329 quod
3115 3266 3218 3319 est,
3255 3275 3273 3307 ι
3310 3255 3532 3309 labora-

1963 3351 2040 3405 vit
2070 3349 2356 3422 Egyptus,
2401 3371 2417 3403 ι
2458 3350 2779 3406 Hchraicum
2814 3349 2999 3415 habet,
3037 3359 3090 3404 et
3118 3347 3313 3418 reliqui
3335 3362 3528 3402 omnes

1964 3443 2286 3514 interpretes
2314 3442 2704 3508 reddiderunt,
2756 3460 2775 3493 ι
2814 3441 2969 3495 labor
2993 3440 3248 3512 Egypti,
3302 3458 3321 3491 ι
3376 3446 3433 3491 ut
3473 3438 3527 3492 id

1961 3537 2106 3607 quod
2135 3536 2334 3591 dicitur
2364 3535 2468 3590 tale
2497 3535 2567 3590 sit
2595 3554 2609 3590 :
2647 3553 2666 3586 ι
2705 3533 2782 3588 Te
2807 3533 3129 3598 adorabunt,
3168 3540 3222 3588 et
3257 3532 3332 3586 tui
3364 3538 3524 3587 erunt

1961 3628 2124 3693 servi,
2154 3628 2309 3683 labor
2339 3625 2553 3698 Egypti
2579 3666 2595 3690 ,
2641 3633 2696 3681 et
2734 3624 3030 3697 negotiatio
3068 3623 3419 3692 IEthiopum,
3469 3629 3524 3675 et

1959 3720 2178 3775 Seboim
2208 3740 2219 3775 :
2261 3739 2280 3772 ι
2318 3708 2517 3790 quibus
2550 3719 2729 3774 verbis
2759 3718 3020 3773 barbaras
3070 3731 3172 3788 ego
3200 3715 3434 3769 arbitror
3466 3722 3521 3769 et

1956 3813 2170 3883 ignotas
2234 3811 2496 3882 quasdam
2568 3812 2817 3866 nationes
2865 3809 3196 3881 signiﬁcari,
3242 3817 3295 3864 et
3333 3822 3520 3864 omnes

1955 3919 2310 3977 quaecumque
2333 3911 2490 3959 antea
2515 3903 2785 3974 quondam
2815 3902 3108 3957 daemonica
3131 3901 3518 3972 superstitione

1954 3997 2312 4054 vexabantur.
2341 3993 2478 4049 Nam
2507 4002 2790 4066 propterea
2813 3991 2957 4064 quod
2990 3991 3229 4064 Egyptii
3260 3991 3361 4045 visi
3387 3997 3517 4045 sunt

1952 4089 2192 4144 omnium
2222 4089 2508 4142 nationum
2548 4085 3075 4156 superstitiosissimi
3123 4099 3284 4150 esse,
3320 4083 3514 4163 primi-

1951 4197 2056 4258 que
2079 4182 2275 4246 errori,
2301 4196 2409 4250 quo
2446 4180 2739 4235 simulacra
2762 4179 3102 4242 colerentur,
3151 4182 3334 4245 portas
3388 4189 3515 4244 ape-

1948 4274 2166 4330 ruisse:
2201 4274 2398 4327 merito
2443 4287 2537 4329 eos
2579 4273 2785 4342 primos
2816 4270 3085 4331 collocat,
3138 4267 3231 4338 qui
3293 4265 3514 4320 Christo

1950 4367 2058 4421 sint
2093 4365 2417 4434 subjiciendi
2446 4383 2458 4419 :
2504 4364 2697 4419 deinde
2728 4378 2824 4434 per
2856 4377 2949 4418 eos
2974 4400 2990 4425 ,
3024 4375 3144 4431 quae
3169 4358 3237 4412 ad
3271 4357 3512 4425 reliquos

266 4445 404 4508 ⁴ιιοίις
443 4445 677 4500 ἐνταῦθα
707 4451 1098 4521 προσκυνήσειν
1128 4451 1204 4521 τῷ
1256 4452 1475 4523 Χριστῷ
1511 4471 1845 4525 προφητευο-

1972 4457 2367 4511 .imulacrorum
2401 4457 2638 4510 cultores
2671 4455 2974 4524 pertinent,
3016 4459 3076 4506 ut
3132 4458 3314 4520 aperta
3362 4449 3511 4512 sint,

272 4534 494 4607 μένους,
525 4536 619 4590 καὶ
661 4537 748 4591 διὰ
773 4538 864 4591 τοῦ
905 4545 982 4593 οα¹
1016 4539 1230 4611 ψαλμοῦ
1261 4541 1498 4613 ἡγοῦμαι
1536 4543 1850 4615 δηλοῦσθαι,

263 4627 340 4681 δι’
364 4621 438 4681 ὧν
477 4630 717 4702 εἴρηται·
750 4649 769 4682 ι
810 4631 1066 4686 Ἐνώπιον
1097 4632 1261 4686 αὑτοῦ
1299 4634 1724 4705 προσπεσοῦνται
1755 4639 1848 4690 Αἰ-

265 4717 482 4786 θίοπες,
522 4722 618 4776 καὶ
644 4721 879 4793 βασιλεῖς
916 4724 1180 4795 Ἀράϐων,
1212 4726 1306 4778 καὶ
1329 4727 1475 4779 Σαϐὰ
1502 4726 1649 4799 δῶρα
1675 4745 1842 4799 προσ-

268 4811 491 4877 άξουσι·
527 4815 622 4868 καὶ
674 4803 1136 4888 προσκυνήσουσιν
1170 4817 1337 4887 αὐτῷ.
1380 4837 1399 4871 ›
1437 4818 1602 4889 Δῆλον
1643 4822 1706 4874 ἐκ
1742 4824 1840 4892 τῆς

267 4906 660 4978 συμφράσεως,
683 4909 764 4962 ὅτι
796 4909 878 4979 τῷ
904 4911 961 4964 ἐν
983 4909 1208 4975 ἐκείνοις
1230 4914 1687 4986 προφητευομένῳ
1707 4915 1842 4986 Χρι-

270 4995 385 5067 στῷ
418 5001 904 5072 προσκυνήσουσιν.
1679 4989 1689 4999 ι

1951 4548 2132 4605 efficit.
2165 4550 2232 4603 Et
2263 4549 2377 4602 hare
2405 4548 2622 4618 quidem
2654 4547 2709 4600 in
2748 4547 3025 4600 Salvatore
3057 4559 3120 4598 ac
3152 4542 3381 4595 Domino
3409 4555 3512 4594 no-

1952 4650 2068 4697 stro
2089 4647 2460 4710 exspectatum
2484 4639 2688 4694 exitum
2723 4646 2880 4692 nacta
2914 4644 3060 4691 sunt.
3094 4633 3214 4690 Jam
3248 4632 3392 4686 enim
3423 4629 3509 4684 in-

1951 4729 2335 4794 numerabiles,
2368 4743 2466 4799 per
2496 4728 2696 4792 orbem
2721 4734 3014 4790 terrarum,
3054 4726 3335 4779 nationum
3377 4737 3511 4776 con—

1946 4836 2170 4891 ventus,
2208 4827 2262 4880 in
2293 4826 2546 4880 omnibus
2577 4823 2828 4899 gentibus
2861 4823 3010 4876 illum
3055 4820 3281 4875 adorant
3323 4817 3510 4884 illique

1945 4917 2207 4972 serviunt.
2237 4914 2526 4986 Althiopas
2578 4930 2706 4969 vero
2748 4929 2812 4968 ac
2852 4913 3069 4969 Seboim
3099 4927 3194 4967 eos
3219 4951 3233 4975 ,
3283 4909 3376 4979 qui
3417 4907 3508 4962 hic

1945 5007 2223 5063 adoraturi
2253 5006 2532 5062 Christum
2565 5012 2836 5061 canuntur
2856 5045 2870 5069 ,
2907 5016 3274 5072 uxrquoque
3295 4997 3505 5070 psalmo

267 5087 567 5158 signiﬁcari
609 5101 763 5163 puto,
806 5095 897 5150 ubi
939 5096 1145 5152 dictum
1175 5106 1262 5154 est
1295 5117 1310 5154 :
1357 5117 1377 5152 (
1415 5098 1610 5155 Coram
1658 5099 1751 5154 illo
1797 5101 2080 5171 procident
2116 5101 2429 5173 jEthiopes,
2482 5107 2535 5156 et
2569 5116 2723 5172 reges
2766 5099 3037 5163 Arabum,
3077 5104 3131 5152 et
3169 5095 3312 5150 Saba
3361 5091 3505 5146 dona

269 5177 540 5238 adducent
570 5203 583 5238 :
620 5193 675 5240 et
701 5185 1006 5254 adorabunt
1032 5206 1156 5246 eum
1187 5191 1254 5245 ³⁵.
1292 5209 1312 5243 ι
1345 5190 1571 5247 Constat
1592 5206 1721 5249 vero
1759 5208 1830 5249 ex
1878 5194 1997 5267 ipso
2037 5203 2315 5263 contextu,
2347 5194 2624 5251 Christum
2665 5209 2788 5252 esse
2834 5191 3156 5250 adoraturos
3198 5202 3322 5244 eum
3347 5225 3361 5250 ,
3408 5182 3503 5254 qui

266 5269 324 5339 in
357 5272 462 5330 illis
500 5291 743 5348 quoque,
780 5288 838 5342 ιιι
867 5289 1130 5338 venturus
1160 5283 1374 5339 canitur
1401 5299 1434 5340 a
1459 5283 1755 5356 prophetis.

330 5559 371 5593 ³⁸
401 5561 548 5622 Psal.
579 5563 826 5630 suum
