3902 6264
398 294 500 352 575

1005 408 1230 465 CAPUT
1275 408 1336 464 V.

398 524 441 583 Δ
484 528 687 594 psalmo
717 524 887 580 xuii.
924 554 996 565 —
1034 523 1189 591 Quod
1240 523 1332 579 Dei
1369 512 1592 594 Verbum
1646 539 1796 579 suam
1855 522 1953 576 Ita-

467 593 588 650 bens
619 601 899 652 essentiam
945 594 1101 664 jussu
1132 594 1343 661 Patris,
1379 593 1549 665 David
1583 610 1723 665 teque
1755 609 1951 665 ac__nos

465 667 700 736 opiﬁcem
742 660 978 736 universi
1003 666 1182 736 novit;
1213 677 1263 720 et
1303 664 1441 736 quod
1490 660 1650 719 idem'
1682 662 1779 736 _Dei
1829 660 1953 718 Ver-

466 734 620 798 bum,
664 736 798 791 idem
830 734 1078 803 propheta
1110 734 1180 789 ad
1219 734 1484 789 hominum
1532 734 1786 788 medelam
1843 749 1953 786 esse

466 807 683 860 missum
707 823 739 859 a
766 806 923 860 Patre
952 807 1264 876 testiﬁcatur
1286 822 1306 868 ;
1333 815 1382 859 et
1409 804 1546 876 quod
1575 805 1711 858 brevi
1731 813 1954 876 tempore

470 877 763 933 universam
793 885 989 930 terram
1017 872 1117 931 sua
1150 875 1389 931 doctrina
1420 872 1763 943 impleturum
1788 872 1949 927 canit.

475 1135 494 1167 ι
533 1115 714 1171 Verbo
770 1116 980 1171 Domini
1028 1116 1151 1173 coeli
1197 1116 1393 1171 ﬁrmati
1427 1125 1593 1181 sunt,
1641 1124 1697 1171 et
1759 1115 1955 1186 spiritu

400 1209 514 1268 oris
542 1209 658 1277 ejus
689 1207 865 1263 omnis
896 1209 1069 1263 virtus
1098 1223 1304 1263 eorum.
1334 1227 1353 1261 ι
1386 1206 1443 1263 In
1477 1209 1683 1279 psalmo
1705 1223 1833 1263 vero
1869 1223 1955 1263 ενι

401 1302 484 1356 sic
537 1300 742 1355 dictum
775 1306 899 1353 est:
936 1316 954 1349 ι
995 1298 1137 1353 Misit
1169 1296 1403 1353 Verbum
1456 1315 1615 1354 suum
1643 1306 1697 1354 et
1747 1299 1958 1355 sanavit

400 1408 527 1455 eos,
570 1401 624 1446 et
656 1390 854 1460 eripuit
881 1404 975 1446 eos
1025 1390 1093 1446 de
1142 1391 1547 1448 interitionibus
1593 1408 1804 1449 eorum.
1838 1413 1857 1445 ι
1893 1391 1960 1446 Et

400 1498 595 1538 rursus
620 1495 795 1538 chvtt
828 1499 841 1535 :
878 1500 897 1535 ι
944 1480 1046 1555 Qui
1089 1483 1289 1539 emittit
1335 1484 1607 1555 eloquium
1654 1499 1810 1541 suum
1846 1492 1959 1540 ter-

400 1590 509 1638 rm,
552 1572 810 1628 velociter
844 1573 1016 1627 currit
1075 1589 1256 1629 sermo
1299 1574 1440 1645 ejus.
1484 1594 1504 1628 ν
1565 1576 1632 1630 At
1687 1576 1829 1632 enim
1868 1577 1955 1642 ei,

403 1664 496 1735 qui
530 1678 675 1719 nunc
705 1664 762 1717 in
799 1663 1051 1719 manibus
1095 1673 1198 1729 est,
1232 1667 1441 1735 psalmo
1472 1666 1694 1731 dicenti,
1728 1685 1747 1717 σ
1783 1664 1961 1724 Verbo

1056 291 1319 351 EUSEBII
1354 292 1826 354 CESARIENSIS
1846 292 1999 355 ΟΡΡ.
2028 292 2206 351 PARS
2241 290 2306 346 lt.
2340 319 2410 332 -—
2446 284 2949 348 APOLOGETICA.

1975 429 2029 486 Δ

2038 911 2059 932 .
2122 870 2722 941 εστάλθαιμαρτυρεῐ·
2744 870 2839 941 καὶ
2863 871 2943 936 ὡς
2965 870 3270 941 ὲνγβραχεῖ

3505 296 3615 351 376

2579 405 2966 461 ΚΕΦΔΛΑΙυΝ
3002 408 3074 463 E'.
3692 384 3706 406 ί

2057 522 2305 591 reuinci}
2335 522 2453 587 λβ.
2498 554 2567 564 -—
2608 523 2700 588 Ὠς
2753 522 2900 591 Θεοῦ
2943 522 3134 591 Λόγον
3174 520 3429 591 οὐσιώδη
3480 523 3609 591 κατ’

2119 586 2504 653 semensum
2557 586 2957 659 τοῦπατρὸς,
3019 586 3229 660 ὁμοίως
3280 586 3425 660 ἡμῖν
3484 586 3611 645 οἵδε

2122 661 2483 732 δημιουργὸν
2514 660 2631 732 τῶν
2653 660 2931 715 ἁπάντων
2955 663 2989 715 ὁ
3026 660 3201 732 Δαϐίδ
3217 679 3231 692 ’
3257 661 3355 732 καί
3394 661 3480 727 ὡς
3505 660 3612 732 (dif

2122 729 2308 786 αὑτὸν
2331 729 2436 785 τοῦ
2470 730 2615 800 Θεοῦ
2647 732 2840 799 Λόγον
2873 733 2907 784 ὁ
2944 730 3124 797 αὐτὸς
3163 729 3475 800 προφήτης
3512 729 3613 800 ἐπὶ

2124 803 2404 871 θεραπείᾳ
2448 792 2573 855 τῶτέ
2598 792 2920 871 ἀνθρώπων
2960 802 3027 871 ἐκ
3074 792 3180 855 ἰοῦ
3201 792 3466 868 ’Πατρόξ
3500 799 3613 871 ἀπ-

2123 868 2722 949 εστάλθαιμαρξυρεῖ·
2744 870 2839 923 καὶ
2863 871 2943 936 ὡς
2965 870 3034 923 ἐν
3050 871 3270 940 βραχεῖ
3271 871 3476 952 χρόνῳ
3499 868 3613 937 τὴν

2123 943 2450 1010 σύμπασαν
2474 957 2588 1010 γην
2614 939 2955 1008 πληρώσειν
2986 940 3097 1009 τῆς
3116 944 3299 997 αὐτου
3328 938 3616 994 διδασκα-

2123 959 2450 1010 συμπασαν
2550 959 2564 992 1

2123 1012 2261 1078 λίας
2289 959 2564 1071 θεσπιέεῖ.

2133 1145 2149 1175 ι
2180 1124 2271 1195 Τῷ
2309 1124 2467 1195 Λόγῳ
2494 1123 2696 1196 Κυρίου
2733 1124 2783 1176 οἰ
2807 1124 3023 1195 οὐρανοὶ
3058 1122 3495 1195 ἐστερεώθησαν,
3521 1121 3617 1177 καὶ

2056 1216 2134 1288 τῷ
2173 1214 2438 1286 πνεύματι
2484 1214 2575 1268 τοῦ
2612 1213 2873 1285 στόματος
2919 1213 3082 1268 αὑτοῦ
3127 1216 3274 1268 πᾶσα
3317 1216 3350 1286 ἡ
3388 1213 3617 1285 δύναμις

2057 1304 2254 1361 αὐτῶν.
2289 1325 2308 1357 ι
2339 1305 2446 1359 Καὶ
2478 1307 2536 1358 ἐν
2572 1311 2658 1376 pg’
2684 1304 2738 1356 δὲ
2765 1303 2960 1375 ψαλμῷ
2980 1304 3223 1377 εἴρηται·
3252 1323 3271 1355 ι
3306 1303 3618 1358 Ἀπέστειλε

2057 1398 2147 1454 τὸν
2182 1397 2352 1466 Λόγον
2380 1394 2566 1460 αὐτοῦ,
2601 1396 2693 1450 καὶ
2740 1394 2924 1449 ἰάσατο
2958 1394 3184 1461 αὐτοὺς,
3213 1397 3306 1449 καὶ
3349 1394 3621 1467 ἐρρύσατο

2059 1491 2254 1553 αὐτοὺς
2304 1490 2368 1541 ἐκ
2405 1488 2512 1541 τῶν
2554 1486 2857 1558 διαφθορῶν
2901 1487 3094 1541 αὐτῶν.
3121 1506 3140 1540 ι
3181 1488 3291 1540 Καὶ
3346 1485 3513 1540 πάλιν
3563 1488 3620 1540 ἐν

2062 1579 2215 1652 ρμζη
2256 1597 2274 1631 ι
2312 1580 2369 1633 Ὀ
2399 1579 2737 1634 ἀποστέλλων
2759 1579 2820 1631 τὸ
2845 1578 3022 1647 λόγιον
3049 1577 3209 1631 αὑτοῦ
3250 1580 3315 1650 τῇ
3367 1579 3441 1649 γῇ
3465 1618 3480 1643 ,
3517 1577 3620 1645 ἕως

2059 1673 2273 1744 τάχους.
2307 1672 2589 1744 δραμεῖται
2634 1673 2663 1726 6
2724 1670 2879 1739 λόγος
2926 1669 3111 1724 αὐτοῦ.
3144 1690 3163 1722 ι
3200 1669 3359 1724 Ἀλλὰ
3385 1671 3499 1742 γὰρ
3545 1669 3621 1741 τῷ

403 1754 618 1810 Domini
674 1753 797 1810 coeli
850 1754 1049 1810 ﬁrmati
1103 1765 1270 1822 sunt,
1324 1778 1342 1810 ι
1398 1760 1692 1814 concordat
1743 1774 1960 1817 sacrum

2074 1763 2200 1819 ιετὰ
2231 1765 2419 1835 χεῖρας
2466 1761 2681 1833 ψαλμῷ,
2731 1762 3010 1830 φάσκοντι,
3080 1778 3097 1812 ι
3123 1758 3212 1830 Τῷ
3279 1759 3443 1831 Λόγῳ
3506 1760 3619 1812 Κυ-

402 1845 830 1917 229Ἱιιιιοίιυθ
879 1844 1259 1918 Evangelium,
1313 1849 1488 1919 palam
1535 1847 1769 1904 dicens:
1828 1867 1848 1901 ι
1900 1848 1961 1904 1n

407 1937 673 2007 principio
694 1945 810 1993 erat
834 1936 1094 2003 Verbum,
1119 1948 1174 1993 et
1193 1937 1431 1995 Verbum
1459 1932 1575 1995 erat
1602 1940 1746 2011 apud
1768 1940 1959 2005 Deum,

403 2036 458 2082 et
481 2026 622 2084 Deus
650 2035 767 2083 erat
796 2026 1056 2083 Verbum.
1107 2027 1223 2085 Hoc
1273 2038 1392 2087 erat
1434 2031 1490 2086 in
1519 2031 1789 2102 principio
1817 2031 1961 2103 apud

406 2117 598 2186 Deum,
633 2120 816 2175 omnia
850 2137 948 2191 per
976 2120 1155 2193 ipsum
1205 2120 1347 2178 facta
1379 2132 1527 2190 sunt,
1570 2132 1625 2181 et
1672 2125 1791 2181 sine
1843 2125 1963 2196 ipso

404 2212 607 2267 factum
629 2221 712 2268 est
730 2213 865 2268 nihil
886 2213 951 2270 ³⁸.
985 2232 1004 2267 ι
1039 2212 1181 2271 Sane
1208 2216 1401 2270 merito
1422 2215 1768 2289 Evangelium
1794 2216 1962 2274 Deum

406 2303 558 2359 illum
589 2305 832 2364 nominat
872 2324 885 2360 :
930 2306 1147 2376 quando
1190 2308 1351 2362 etiam
1396 2323 1492 2379 per
1532 2324 1594 2364 ea
1638 2324 1756 2380 quae
1811 2311 1964 2380 prius

407 2395 552 2450 dicta
585 2406 732 2460 sunt,
764 2396 906 2453 idem
937 2396 1062 2464 hoc,
1098 2398 1242 2468 quod
1273 2414 1419 2454 nunc
1454 2409 1512 2455 ut
1544 2399 1684 2457 Deus
1720 2402 1962 2457 celebra-

405 2495 498 2540 tur
523 2485 781 2551 Verbum,
812 2495 866 2542 et
892 2489 1177 2559 sapientia,
1207 2497 1261 2546 et
1293 2506 1512 2562 germen
1543 2490 1659 2554 Dei,
1686 2504 1740 2547 et
1770 2490 1964 2547 Sacer-

404 2574 528 2640 dos,
576 2585 629 2632 et
680 2576 955 2641 Christus,
1008 2586 1062 2633 et
1112 2577 1250 2643 Rex,
1294 2586 1346 2634 et
1397 2577 1681 2639 Dominus.
1720 2587 1774 2635 et
1820 2578 1965 2634 Deus

405 2668 584 2740 imago
613 2668 729 2733 Dei,
764 2672 1090 2742 appellatum
1121 2678 1226 2728 est.
1268 2670 1462 2736 Porro,
1497 2678 1557 2725 ut
1599 2672 1690 2742 qui
1740 2679 1793 2727 et
1824 2672 1965 2728 alius

406 2759 480 2815 sit
507 2776 669 2830 quam
701 2760 881 2826 Pater,
909 2769 963 2817 et
995 2761 1238 2833 ejusdem
1269 2762 1587 2818 administer
1617 2762 1801 2827 fuerit,
1829 2762 1965 2819 adeo

406 2857 468 2906 ut
490 2850 648 2918 jussu
682 2852 829 2907 illius
863 2854 980 2922 ipse
1029 2853 1211 2907 omnia
1244 2852 1572 2915 condiderit,
1624 2852 1678 2905 in
1709 2853 1963 2922 praesenti

407 2940 663 3011 deinceps
695 2940 911 2996 Psalmo
944 2939 1188 3012 adjungit
1230 2958 1245 2996 :
1286 2958 1305 2993 ι
1361 2938 1594 3003 'l‘imeat,
1628 2939 1823 3009 inquit,
1855 2938 1966 2994 Do-

408 3031 618 3087 minum
666 3034 845 3089 omnis
880 3041 1022 3089 terra
1058 3052 1071 3088 :
1123 3034 1191 3087 ab
1223 3046 1289 3088 eo
1316 3040 1495 3086 autem
1524 3038 1968 3085 commoveantur

2062 1856 2177 1927 ρίου
2221 1856 2270 1908 οἱ
2313 1855 2529 1927 οὐρανοὶ
2564 1851 2999 1923 ἐστερεώθησαν,
3046 1870 3066 1904 ι
3111 1851 3320 1924 συνᾴδει
3367 1850 3434 1904 τὸ
3482 1850 3622 1923 ἱερὸν

2060 1946 2407 2015 Εὐαγγέλιον,
2440 1943 2734 2017 διαρρήδην
2759 1943 2914 2011 λέγον
2939 1958 2952 1973 ·
2990 1961 3008 1994 ι
3058 1942 3144 1994 Ἐν
3186 1941 3326 2012 ἀρχῇ
3353 1936 3425 2012 ἧν
3472 1942 3500 1994 6
3526 1939 3623 1994 Λό-

2060 2055 2174 2106 γος,
2204 2036 2296 2089 καὶ
2324 2037 2351 2090 6
2383 2034 2551 2102 Λόγος
2581 2029 2646 2104 ἦν
2688 2032 2824 2103 πρὸς
2867 2032 2957 2085 τὸν
2995 2031 3144 2097 Θεὸν,
3190 2032 3282 2084 καὶ
3322 2030 3457 2095 Θεὸς
3500 2026 3565 2102 ἦν
3592 2030 3623 2084 6

2061 2130 2251 2200 Λόγος.
2282 2121 2446 2190 Οὗτος
2481 2121 2548 2198 ἦν
2577 2127 2633 2179 ἐν
2667 2125 2807 2197 ἀρχῇ
2841 2122 2975 2195 πρὸς
3012 2122 3101 2176 τὸν
3138 2121 3299 2189 Θειίν⁸
3337 2123 3517 2177 πάντα
3555 2119 3621 2176 δι’

2061 2218 2224 2275 αὑτοῦ
2268 2217 2500 2286 ἐγένετο,
2544 2218 2635 2269 καὶ
2679 2216 2847 2287 χωρἰς
2876 2213 3040 2268 αὐτοῦ
3089 2215 3302 2283 ἐγένετο
3334 2212 3459 2266 οὐδὲ
3485 2212 3561 2265 ἐν.
3596 2230 3615 2265 ι

2061 2312 2192 2366 Θεὸν
2220 2311 2443 2373 εἰκότως
2479 2308 2539 2362 τὸ
2564 2307 2893 2377 Εὑαγγέλιον
2924 2306 3175 2377 ὀνομάζει
3200 2323 3212 2335 ’
3261 2304 3382 2358 ἐπεὶ
3417 2305 3511 2358 καὶ
3539 2303 3621 2358 διὰ

2061 2403 2167 2458 τῶν
2198 2402 2429 2474 πρόσθεν
2460 2401 2619 2463 αὐτὸς
2651 2392 2802 2462 οὗτος
2825 2400 2853 2453 6
2883 2398 2977 2452 νῦν
2997 2398 3411 2470 θεολογούμενος
3437 2399 3621 2466 Λόγος,

2062 2496 2155 2548 καὶ
2183 2494 2362 2564 σοφία,
2396 2493 2490 2547 καὶ
2534 2493 2776 2563 γέννημα
2802 2491 2956 2553 Θεοῦ,
2981 2491 3073 2545 καὶ
3123 2492 3317 2563 ἱερεὺς,
3348 2491 3451 2546 καὶ
3493 2492 3619 2563 Χρι-

2064 2588 2207 2651 στὸς,
2239 2588 2332 2639 καὶ
2360 2585 2627 2656 βασιλεὺς,
2663 2586 2757 2638 καὶ
2783 2583 3003 2653 Κύριος,
3030 2584 3124 2636 καὶ
3151 2584 3298 2648 Θεὸς,
3330 2584 3429 2637 καὶ
3467 2581 3622 2638 εἰκὼν

2063 2679 2395 2750 άνηγόρευτο
2416 2675 2510 2730 τοῦ
2535 2675 2692 2729 Θεοῦ.
2719 2676 2827 2729 Καὶ
2853 2676 2934 2728 ὅτι
2962 2692 3045 2743 γε,
3080 2674 3263 2745 ἔτερος
3290 2672 3365 2728 ὣν
3395 2674 3491 2728 τοῦ
3515 2674 3621 2729 [Ia-

2061 2768 2211 2843 τρὸς,
2241 2766 2512 2837 ὑπουργὸς
2545 2761 2613 2836 ἦν
2645 2763 2831 2828 αὐτοῦ,
2877 2763 3013 2817 ὥστε
3059 2762 3505 2833 ἐπικελευομένου
3529 2759 3619 2819 τοῦ

2068 2858 2308 2929 μείζονος
2350 2858 2509 2912 αὐτὸν
2539 2857 2905 2927 δημιουργεῖν,
2939 2855 3065 2924 ἐξῆς
3094 2856 3233 2909 κατὰ
3262 2855 3354 2909 τὸν
3388 2856 3621 2925 παρόντα

2065 2950 2301 3020 ἐπιλέγει
2350 2949 2595 3022 ψαλμόνσ
2648 2968 2665 2999 ι
2700 2949 2989 3018 Φοϐηθήτω
3029 2946 3118 3000 τὸν
3167 2948 3370 3017 Κύριον
3412 2948 3618 3017 πᾶσαὴ

2067 3041 2169 3112 γῆ·
2195 3042 2287 3095 ὑπ’
2313 3040 2475 3096 αὑτοῦ
2504 3041 2558 3095 δὲ
2583 3039 2990 3110 σαλευθήτωσαν
3017 3038 3214 3102 πάντες
3235 3041 3283 3091 οἰ
3311 3038 3617 3093 κατοικοῦνο

408 3138 598 3183 omnes
626 3126 995 3184 inhabitantes
1022 3125 1229 3180 orbem.
1286 3123 1554 3192 Quoniam
1588 3123 1703 3194 ipse
1732 3122 1890 3185 dixit,
1914 3131 1965 3178 et

2074 3151 2160 3199 τες
2188 3134 2526 3204 οἰκουμένην.
2556 3133 2676 3186 Ὅτι
2720 3132 2878 3196 αὐτὸς
2925 3127 3065 3195 εἷπε,
3114 3133 3207 3185 καὶ
3248 3130 3613 3201 ἐγενήθησαν

408 3216 549 3272 facta
600 3227 757 3278 sunt;
823 3218 939 3288 ipse
986 3217 1284 3282 mandavit,
1337 3224 1391 3272 et
1433 3224 1613 3271 creata
1662 3224 1789 3271 sunt
1831 3216 1895 3270 ³⁷.
1941 3234 1961 3266 ι

406 3310 637 3366 Constat
665 3310 808 3365 enim
850 3308 994 3380 quod
1023 3309 1116 3379 qui
1150 3308 1301 3371 dicit,
1337 3308 1404 3364 ad
1436 3307 1664 3363 alterum
1709 3306 1839 3361 dicit
1868 3323 1883 3359 :
1915 3315 1970 3361 et

408 3400 502 3470 qui
550 3399 791 3463 mandat,
831 3399 984 3454 alteri
1019 3406 1214 3469 praeter
1268 3412 1327 3452 se
1375 3394 1616 3451 mandat.
1676 3392 1971 3465 Perspicue

408 3503 538 3543 vero
566 3497 689 3557 post
730 3487 904 3558 ipsam
936 3485 1233 3542 Salvatoris
1264 3485 1439 3541 nostri
1487 3486 1736 3540 humana:
1762 3490 1971 3540 naturae

410 3579 862 3645 assumptionem,
904 3584 1205 3638 conventus
1235 3592 1303 3636 ex
1336 3575 1484 3632 omni
1518 3584 1684 3640 terra,
1731 3574 1836 3629 hoc
1860 3582 1966 3639 est,

409 3688 476 3726 ex
503 3672 777 3741 omnibus,
823 3687 943 3743 quae
975 3679 1177 3726 terram
1223 3670 1489 3733 incolunt,
1522 3668 1856 3731 nationibus,
1884 3667 1969 3722 in-

410 3764 796 3827 numerabiles,
829 3779 938 3819 non
970 3764 1155 3818 itidem
1198 3770 1257 3817 ut
1303 3770 1463 3816 antea
1496 3762 1637 3817 ullos
1670 3761 1967 3824 daemones,

413 3856 509 3911 scd
536 3857 713 3929 ipsum
749 3856 1040 3913 Dominum
1078 3854 1263 3910 Jesum
1313 3855 1632 3922 timuerunt,
1680 3861 1736 3911 et
1780 3868 1971 3910 omnes

413 3948 719 4004 habitantes
769 3950 957 4003 orbem
1010 3948 1267 4005 commoti
1313 3956 1462 4012 sunt,
1499 3946 1557 4001 in
1607 3948 1727 4018 ipso
1765 3946 1970 4002 Christi

412 4041 651 4104 nomine,
695 4041 837 4095 sicut
865 4054 1104 4110 praesens
1131 4039 1410 4093 oraculum
1441 4037 1589 4093 canit
1626 4057 1639 4093 :
1678 4056 1697 4089 ‹
1736 4037 1969 4102 Timeat,

412 4131 609 4201 inquit,
644 4130 929 4185 Dominum
965 4131 1140 4186 omnis
1183 4138 1348 4194 terra,
1385 4131 1453 4185 ab
1505 4145 1571 4186 eo
1617 4138 1798 4185 autem
1830 4145 1975 4185 com-

413 4228 735 4277 moveantur
760 4236 949 4278 omnes
982 4222 1347 4278 inhabitantes
1375 4221 1581 4278 orbem.
1636 4242 1654 4273 ι
1698 4220 1974 4278 Hactenus

415 4330 535 4383 quae
572 4313 639 4368 de
683 4327 722 4367 ll
760 4320 814 4369 et
844 4329 952 4367 xxx
982 4315 1191 4383 psalmo
1216 4324 1438 4384 accepta
1472 4323 1622 4369 sunt.
1655 4312 1972 4370 Consimilia

412 4420 544 4459 vero
574 4404 658 4459 his
699 4412 753 4460 et
782 4420 1023 4462 consona
1070 4406 1124 4460 in
1154 4406 1366 4477 psalmo
1398 4420 1617 4475 quoque
1656 4422 1857 4466 chvm
1889 4406 1973 4461 in-

411 4496 617 4560 venies,
661 4499 754 4566 qui
794 4496 951 4552 docet
983 4512 1093 4551 non
1138 4511 1203 4551 ea
1256 4496 1441 4562 modo,
1490 4511 1611 4566 qua:
1653 4495 1720 4550 ad
1770 4505 1970 4552 terram

411 4591 701 4652 duntaxat,
734 4588 828 4644 sed
860 4588 1024 4644 etiam
1052 4604 1117 4644 ea
1165 4603 1286 4659 qua:
1313 4587 1381 4642 ad
1410 4588 1630 4652 coelum,
1659 4594 1713 4643 et
1740 4588 1975 4645 breviter

412 4678 481 4732 ad
509 4678 816 4733 universam
851 4684 1156 4734 creaturam
1191 4676 1480 4748 pertinent,
1533 4676 1653 4746 ipso
1699 4673 1811 4729 Deo
1844 4674 1971 4729 uni-

412 4771 557 4826 versi
609 4770 837 4839 jubente
864 4768 1162 4825 exstitisse.
1197 4766 1340 4821 Dicit
1380 4767 1545 4839 igitur
1593 4786 1603 4820 :
1657 4785 1675 4817 ι
1729 4765 1974 4821 Laudate

412 4863 701 4919 Dominum
730 4862 798 4918 de
823 4862 1000 4926 cmlis,
1028 4861 1247 4917 laudate
1275 4876 1400 4915 eum
1440 4860 1495 4914 in
1526 4859 1780 4915 excelsis.
1832 4858 1975 4915 Lau-

409 4954 536 5011 dato
562 4971 707 5018 eum,
741 4970 933 5013 omnes
958 4954 1133 5025 angeli
1165 4953 1318 5023 ejus;
1342 4953 1559 5008 laudate
1589 4969 1735 5017 eum,
1781 4966 1972 5009 omnes

411 5048 641 5104 virtutes
669 5047 809 5117 ejus.
874 5046 1115 5102 Laudato
1145 5062 1289 5111 eum,
1326 5046 1408 5101 sol
1446 5053 1503 5101 et
1557 5046 1706 5111 luna,
1753 5043 1975 5101 laudate

411 5153 558 5201 eum,
604 5153 793 5193 omnes
823 5136 993 5191 stellae
1033 5146 1086 5192 et
1116 5136 1300 5191 lumen
1331 5152 1347 5191 :
1381 5135 1640 5206 quoniam
1672 5135 1790 5205 ipse
1814 5134 1972 5200 dixit,

413 5238 469 5283 et
506 5228 645 5284 facta
680 5238 841 5295 sunt;
877 5228 994 5299 ipse
1023 5224 1321 5295 mandavit,
1361 5234 1417 5283 et
1457 5235 1641 5282 creata
1683 5232 1812 5280 sunt
1841 5225 1907 5280 ³⁸.
1947 5245 1965 5278 ›

415 5320 571 5388 Quod
630 5322 677 5377 si
723 5322 839 5391 ipse
884 5318 1182 5384 mandavit,
1231 5320 1505 5389 quisnam,
1533 5333 1739 5389 quaeso,
1799 5332 1973 5388 usque

416 5412 555 5470 adeo
582 5428 833 5483 magnus,
868 5418 929 5468 ut
967 5412 1282 5467 mandatum
1341 5410 1409 5466 de
1455 5412 1622 5467 tantis
1667 5409 1835 5465 rebus
1862 5426 1979 5464 sus-

415 5500 618 5570 ciperet
639 5542 652 5563 ,
704 5511 901 5573 praeter
929 5502 1024 5559 Dei
1077 5502 1353 5558 Verbum?
1382 5502 1528 5572 quod
1568 5502 1717 5557 varie
1749 5504 1805 5558 in
1834 5518 1971 5574 prae-

417 5595 558 5661 senti
606 5609 793 5665 opere,
823 5611 854 5649 a
887 5595 1068 5661 nobis,
1093 5602 1354 5666 tanquam
1381 5592 1525 5650 Deus
1564 5593 1888 5659 celebratur,
1918 5600 1972 5648 et

519 5751 564 5787 “
595 5749 750 5810 Joan.
783 5766 820 5821 ι,
850 5747 962 5815 1.Ξ.

2067 3224 2227 3288 αὐτὸς
2258 3225 2575 3286 ἐνετείλατο,
2610 3224 2701 3277 καὶ
2745 3222 3085 3292 ἐκτίσθησαν.
3127 3240 3148 3274 ι
3189 3220 3461 3293 Πρόδηλον
3495 3219 3616 3291 γὰρ,

2064 3317 2140 3381 ὠς
2181 3318 2210 3369 6
2231 3317 2424 3385 λέγων,
2459 3316 2628 3388 ἐτέρῳ
2650 3315 2795 3383 λέγει
2813 3331 2826 3345 ο
2856 3313 2950 3367 καὶ
2977 3314 3005 3365 6
3029 3313 3425 3384 ἐντελλόμενος,
3458 3310 3619 3381 ἑτέρῳ

2067 3410 2197 3481 παρ’
2228 3408 2417 3462 ἐαυτὸν
2453 3406 2773 3461 ἐντέλλεται.
2803 3403 2993 3473 Σαφῶς
3015 3403 3071 3457 δέ
3107 3405 3198 3457 ἐπὶ
3234 3406 3300 3474 τῇ
3324 3402 3421 3456 τοῦ
3451 3401 3622 3471 Σωτῆ-

2070 3519 2161 3574 ρος
2188 3504 2220 3573 ἡ
2231 3500 2345 3571 μῶν
2379 3497 2805 3571 ἐνανθρωπήσει,
2838 3496 3005 3568 μυρία
3030 3494 3209 3567 πλήθη
3231 3497 3293 3548 ἐκ
3325 3495 3506 3565 πάσης
3528 3492 3619 3563 τῆς

2067 3594 2192 3664 γῆς,
2224 3592 2367 3645 τοῦτ’
2401 3591 2543 3644 ἔστιν
2574 3590 2632 3654 ἐξ
2652 3591 2901 3644 ἁπάντων
2926 3588 3032 3641 τῶν
3064 3588 3154 3640 ἐπὶ
3177 3588 3273 3657 τῆς
3302 3586 3409 3656 γῆς
3437 3582 3618 3648 ἐθνῶν,

2068 3685 2249 3741 οὐκέτι
2279 3685 2354 3749 ὡς
2376 3684 2435 3737 τὸ
2460 3684 2587 3755 πρὶν
2614 3683 2737 3745 τοὺς
2761 3681 3035 3751 δαίμονας,
3067 3679 3179 3733 ἀλλ’
3208 3678 3368 3732 αὑτὸν
3393 3673 3617 3747 ἐφοβήθη

2068 3775 2160 3829 τὸν
2201 3773 2402 3847 Κύριον
2447 3772 2682 3846 Ἰησοῦν
2720 3773 2916 3835 πάντες
2944 3789 3004 3825 τε
3045 3773 3094 3825 οἱ
3127 3768 3503 3832 κατοικοῦντες
3530 3766 3619 3836 τὴν

2073 3869 2393 3940 οἰκουμένην
2433 3865 2796 3937 ἐσαλεύοησαν
2844 3866 2935 3918 ἐπὶ
2987 3863 3062 3934 τῷ
3092 3863 3184 3916 τοῦ
3229 3859 3464 3933 Χριστοῦ
3514 3856 3618 3911 ὀνό-

2079 3978 2227 4032 ματι,
2273 3957 2574 4022 ἀκολούθως
2601 3956 2677 4028 τῷ
2715 3957 2807 4010 νῦν
2853 3956 3111 4025 φάσκοντι
3152 3953 3316 4022 λογίῳ
3339 3969 3351 3981 ’
3408 3971 3427 4003 ι
3461 3948 3622 4019 Φοϐη-

2074 4051 2220 4122 θήτω
2250 4049 2339 4101 τὸν
2372 4047 2573 4120 Κύριον
2603 4049 2753 4101 πᾶσα
2781 4048 2814 4117 ἡ
2851 4047 2941 4116 γῆ,
2972 4046 3062 4100 ὑπ’
3090 4044 3251 4098 αὑτοῦ
3280 4043 3336 4096 δέ
3367 4041 3617 4110 σαλευθή-

2070 4159 2248 4197 τωσαν
2296 4140 2494 4203 πάντες
2548 4141 2598 4192 οἰ
2647 4138 3019 4201 κατοικοῦντες
3068 4137 3164 4210 τὴν
3211 4135 3544 4206 οἰκουμένην.
3594 4150 3614 4183 ο

2072 4233 2255 4287 Ταῦτα
2288 4233 2384 4303 μὲν
2410 4226 2502 4284 οὖν
2524 4232 2587 4284 ἐκ
2615 4229 2706 4283 τοῦ
2752 4229 2795 4299 β’
2826 4231 2919 4283 καὶ
2943 4230 2985 4283 λ’
3016 4227 3251 4299 ψαλμοῦ.
3278 4226 3546 4298 Σύμφωνα
3567 4220 3620 4276 δέ

2071 4324 2279 4388 τούτοις
2307 4323 2486 4395 εὕροις
2524 4321 2589 4377 ἂν
2622 4322 2715 4375 καὶ
2761 4323 2817 4375 ἐν
2864 4326 2989 4393 ρμη⁹
3031 4318 3248 4397 ψαλμῷ,
3293 4319 3352 4382 ὃς
3396 4317 3619 4371 διδάσκει

2073 4416 2133 4468 ού
2159 4414 2227 4469 τά
2273 4431 2337 4467 πε
2347 4414 2399 4485 pl.
2419 4411 2521 4480 γῆν
2548 4412 2705 4483 μόνα,
2739 4410 2873 4464 ἀλλὰ
2914 4410 3006 4464 καὶ
3028 4409 3095 4463 τὰ
3121 4410 3241 4463 κατ’
3263 4408 3505 4481 οὐρανὸν,
3533 4402 3618 4458 καὶ

2078 4505 2376 4578 συλλήϐδην
2407 4506 2621 4558 ἅπασαν
2658 4503 2754 4574 τὴν
2792 4502 2986 4564 κτίσιν,
3021 4501 3137 4554 κατ’
3172 4500 3507 4555 ἐπικέλευσιν
3534 4493 3617 4550 τοῦ

2076 4595 2183 4651 τῶν
2224 4596 2359 4648 ὅλων
2400 4594 2533 4647 Θεοῦ
2580 4592 2875 4661 γεγονέναι.
2928 4590 3086 4657 Λέγει
3116 4590 3160 4644 δ’
3193 4584 3315 4642 οὖν⁹
3371 4608 3389 4641 ι
3426 4586 3618 4640 Αἰνεῖτε

2076 4686 2167 4740 τὸν
2200 4685 2400 4755 Κύριον
2448 4685 2511 4736 ἐκ
2548 4682 2653 4735 τῶν
2696 4679 2956 4753 οὐρανῶν,
3004 4681 3202 4732 αἰνεῖτε
3244 4677 3405 4733 αὐτὸν
3437 4677 3491 4727 ἐν
3518 4672 3618 4732 τοῖς

2078 4777 2338 4848 ὑψίστοις.
2361 4775 2566 4830 Αἰνεῖτε
2596 4772 2754 4833 αὐτὸν
2774 4771 2971 4834 πάντες
2992 4769 3207 4839 ἄγγελοι
3234 4767 3415 4828 αὑτοῦ,
3434 4765 3615 4818 αἰνεῐτε

2077 4871 2237 4925 αὑτὸν
2269 4872 2438 4925 πᾶσαι
2480 4870 2533 4925 αἰ
2561 4865 2812 4936 δυνάμεις
2847 4863 3028 4917 αὐτοῦ.
3060 4859 3265 4916 Αἰνεῖτε
3296 4860 3452 4916 αὐτὸν
3482 4855 3615 4927 ἣλιος

2080 4961 2173 5014 καὶ
2206 4959 2422 5031 σελήνη,
2470 4958 2668 5011 αἰνεῖτε
2711 4953 2872 5007 αὑτὸν
2916 4951 3091 5008 πάντα
3128 4951 3196 5005 τὰ
3243 4951 3416 5022 ἄστρα
3451 4939 3615 5001 καὶτὸ

2080 5052 2222 5123 φῶς
2272 5052 2354 5109 ὅτι
2395 5048 2557 5111 αὐτὸς
2596 5040 2746 5110 εἰπε,
2799 5044 2892 5097 καὶ
2937 5041 3298 5113 ἐγενήθησαντ
3348 5037 3503 5099 αὐτὸς
3536 5034 3614 5086 ἐν-

2079 5142 2340 5207 ετείλατο,
2374 5141 2468 5195 καὶ
2487 5136 2827 5208 ἐκτίσθησαν.
2860 5155 2879 5188 ι
2904 5135 2967 5189 Εἰ
2996 5132 3103 5204 γὰρ
3131 5133 3288 5196 αὐτὸς
3316 5127 3611 5186 ἐνετείλατο,

2081 5234 2175 5289 καὶ
2223 5232 2305 5295 τίς
2352 5226 2420 5303 ἦν
2459 5226 2737 5290 τοσοῦτος,
2786 5225 2860 5289 ὡς
2911 5224 3008 5295 τὴν
3063 5224 3189 5296 περὶ
3229 5222 3337 5277 τῶν
3384 5210 3616 5303 τηλικούξ

2076 5342 2183 5379 των
2212 5301 2426 5393 ἐντολὴν
2473 5316 2852 5385 ὑποδέξασθαι,
2890 5316 2923 5387 ἢ
2954 5316 2983 5368 ὁ
3028 5312 3121 5367 τοῦ
3176 5312 3311 5366 Θεοῦ
3358 5312 3551 5378 Myos;
3588 5301 3614 5352 ό

2077 5411 2332 5475 ποικίλως
2359 5409 2447 5465 διὰ
2476 5409 2577 5479 τῆς
2621 5407 2901 5479 παρούσης
2938 5407 3072 5475 ἡμῖν
3104 5401 3408 5464 ὑποθέσεως
3449 5393 3612 5479 0:019-

2075 5501 2356 5573 γούμενος,
2403 5500 2497 5553 καὶ
2536 5478 2712 5567 Λόγος
2740 5495 2875 5550 Θεοῦ
2923 5492 3448 5565 προσαγορευόμενος
3485 5478 3611 5573 εἰκός

2073 5608 2202 5655 τως,
2226 5591 2308 5645 ὅτι
2348 5589 2411 5663 δὴ
2438 5590 2559 5654 τοὺς
2582 5588 2688 5644 τῶν
2732 5586 2980 5644 ἁπάντων
3009 5584 3070 5656 δη
3080 5580 3420 5656 μιουργικούς
3445 5593 3500 5632 τε
3527 5569 3609 5627 καὶ

1078 5751 1118 5782 ³⁷
1141 5749 1281 5806 ιἐιιι.
1310 5765 1484 5820 xxxn,
1516 5749 1631 5809 8-9.
1707 5749 1754 5783 ³⁸
1779 5748 1925 5807 Psal.
1955 5763 2179 5818 cuvm,
2213 5747 2324 5804 1-5.
