3902 6264
229 327 328 386 επ

1133 327 1361 385 DEMON
1372 327 1784 386 STRATIONIS

1894 329 2275 390 iANGELICE
2316 332 2444 391 LIB.
2484 332 2549 388 ν.
3340 337 3444 392 378

232 445 543 516 ποιητικοὺς
569 446 757 516 λόγους
786 436 838 499 ό’
858 448 1248 520 παντοκράτωρ
1274 449 1334 501 ὲν
1370 447 1518 519 αὑτῷ
1557 446 1789 504 καταϐό-

1894 447 2131 506 Verhum
2160 434 2257 506 Dei
2283 452 2606 521 appellatur,
2640 454 2835 508 merito
2867 451 2998 509 illud
3031 453 3270 524 quidem,
3320 470 3442 524 pro-

231 536 433 609 6ληται,
475 535 625 607 λόγῳ
662 536 759 589 καὶ
789 535 939 602 τάξει
971 536 1037 591 τὰ
1076 536 1365 608 σύμπαντα
1394 537 1599 592 διέπειν
1639 537 1789 609 αὑτῷ

229 629 316 682 καὶ
342 626 705 700 διακυϐερνᾷν
743 629 1031 701 παραδούς.
1075 630 1166 701 Μὴ
1197 630 1306 700 γὰρ
1344 626 1438 685 οὖν
1481 648 1563 695 τις
1592 631 1789 685 ὑπολά-

230 720 307 773 σοι
333 720 412 790 τῷ
441 721 603 792 παρά
631 721 935 793 ἀνθρώποις
974 724 1039 775 ὲκ
1070 722 1347 777 συλλαϐῶν
1382 724 1694 789 συνεστῶτι,
1725 722 1789 779 εκ

227 829 281 864 τε
317 811 607 881 ὀνομάτων
635 814 730 866 καὶ
755 814 1012 884 ῥημάτων
1036 815 1394 886 συγκειμένῳ,
1418 815 1664 887 ἐνάρθρῳ
1696 815 1790 868 καὶ

229 904 544 976 προφορικῷ
573 904 715 977 λόγῳ
734 906 826 959 τὸν
865 906 956 959 τοῦ
982 906 1115 960 Θεοῦ
1148 908 1443 978 παρόμοιον
1467 906 1750 977 τυγχάνειν
1770 923 1784 937 ·

227 996 301 1047 ὅτι
322 995 387 1066 δὴ
426 997 456 1048 6
498 999 629 1069 παρ’
668 1000 799 1069 ἡμῖν
832 999 987 1067 λόγος
1013 1001 1071 1052 ὲν
1109 1002 1313 1069 φωναῖς
1350 1000 1444 1053 καὶ
1480 997 1788 1064 συλλαϐαῖς,

227 1087 313 1139 καὶ
338 1090 454 1151 τοῖς
479 1089 574 1142 διὰ
603 1090 805 1145 τούτων
832 1092 1245 1164 σημαινομένοις
1278 1092 1535 1163 κέκτηται
1574 1092 1671 1161 τὴν
1702 1093 1790 1144 οὐ·

228 1179 360 1239 σίαν.
400 1178 494 1234 διὰ
529 1180 775 1253 γλώττης
801 1184 897 1237 καὶ
944 1183 1236 1255 ἀρτηριῶν,
1280 1182 1562 1257 φάρυγγός
1595 1200 1654 1237 τε
1695 1182 1790 1236 καὶ

229 1270 489 1339 στόματος
529 1274 935 1346 προφερόμενος
962 1293 975 1307 ·
1013 1279 1042 1330 ό
1082 1276 1138 1330 δὲ
1179 1280 1279 1348 τῆς
1312 1278 1485 1331 ἀϊδίου
1514 1277 1608 1332 καὶ
1641 1278 1788 1331 ἀσω-

229 1362 393 1433 μάτου
435 1362 677 1433 φύσεως,
719 1367 894 1439 πάντη
936 1368 1073 1421 κατά
1118 1369 1291 1423 πάντα
1329 1366 1422 1422 τοῦ
1474 1370 1595 1424 καθ’
1643 1372 1789 1442 ἡμᾶς

226 1456 698 1528 παρηλλαγμένος,
732 1460 882 1514 οὐδὲν
907 1459 1237 1531 ἀνθρώπειον
1265 1462 1506 1531 ἐπάγοντ’
1535 1461 1619 1527 ἂν,
1654 1462 1790 1535 μόνῃ

223 1548 559 1619 κεχρημένος
587 1554 653 1622 τῇ
675 1552 773 1623 τῆς
800 1555 1149 1624 προσρήσεως
1169 1555 1452 1624 ὁμωνυμίᾳ
1471 1571 1483 1585 ’
1509 1555 1629 1607 ἐπεὶ
1653 1555 1803 1625 μήτε,

223 1638 397 1708 φωνὴν
445 1637 553 1711 τὴν
594 1640 660 1693 δι’
696 1640 855 1712 ἀέρος
893 1641 1165 1713 κρούσεως
1212 1643 1598 1714 ὑφισταμένην,
1654 1644 1789 1715 μήτε

224 1731 457 1802 ῥήματα,
482 1734 630 1805 μήτε
659 1734 947 1800 συλλαϐὰς,
975 1737 1108 1808 μήτε
1138 1735 1401 1805 γλῶτταν,
1431 1738 1566 1808 μήτε
1597 1738 1785 1808 στόμα,

225 1825 352 1894 μήτε
393 1825 545 1890 ὅλως
582 1843 636 1879 τι
672 1827 778 1881 τῶν
817 1828 1165 1900 ἀνθρωπείων
1206 1831 1300 1883 καὶ
1331 1829 1537 1902 θνητῶν
1570 1832 1661 1884 ἐπὶ
1694 1832 1788 1885 τοῦ

222 1916 320 1969 ¹τῶν
360 1916 513 1971 ὅλων
554 1918 691 1973 Θεοῦ
741 1918 1137 1993 παραληπτέον.
1174 1922 1362 1991 Ψυχῆς
1402 1922 1509 1995 γὰρ
1549 1922 1613 1976 ἂν
1648 1923 1733 1994 εἴη
1760 1927 1789 1977 6

222 2007 365 2075 λόγος
395 2005 580 2074 οὗτος,
609 2012 637 2063 6
660 2011 908 2083 οὐδαμῶς
934 2007 1042 2076 οἷός
1078 2030 1136 2065 τε
1167 2012 1286 2066 καθ’
1319 2015 1504 2067 ἑαυτὸν
1531 2015 1651 2084 δίχα
1682 2016 1786 2085 ψυ-

223 2103 313 2170 χῆς
337 2097 507 2167 εἶναι,
539 2102 571 2173 ἢ
611 2104 925 2173 ὑποστῆναι.
959 2105 1172 2158 Τοιόσδε
1201 2106 1309 2178 γὰρ
1330 2108 1357 2159 ό
1385 2107 1442 2158 ἐν
1485 2108 1788 2178 ἀνθρώποις

222 2192 386 2260 λόγος,
422 2193 574 2257 ἰδίως
607 2195 703 2265 μὲν
746 2195 993 2259 dvo-icto;
1017 2196 1091 2249 ὣν
1121 2197 1213 2251 καὶ
1252 2176 1639 2264 ἀνυπόστατος,
1668 2199 1786 2253 ὅλον

222 2282 272 2336 ἃ
294 2284 425 2336 αὑτὸ
452 2285 675 2354 κίνησίς
718 2303 776 2338 τε
815 2286 908 2345 καὶ
940 2286 1189 2357 ἐνέργεια
1215 2287 1451 2351 διανοίας
1484 2290 1781 2359 τυγχάνων.

234 2373 383 2427 Ἀλλά
412 2374 533 2447 γὰρ
562 2377 621 2429 οὑ
656 2378 751 2430 καὶ
777 2378 805 2430 ό
835 2377 925 2431 τοῦ
954 2378 1088 2431 Θεοῦ
1114 2378 1370 2443 τοιοῦτος,
1400 2380 1536 2451 ἔχων
1582 2381 1638 2433 δὲ
1663 2380 1784 2436 καθ’

226 2464 403 2518 ἑαυτὸν
448 2467 662 2521 οἰκείαν
710 2470 1002 2522 ὑπόστασιν
1062 2470 1202 2524 πάνυ
1248 2470 1394 2524 θείαν
1442 2473 1535 2526 καί⁵
1577 2473 1785 2545 νοερόω,

229 2554 361 2619 ἰδίως
396 2556 504 2627 μὲν
532 2559 871 2628 ὑφεστῶσαν,
904 2561 1046 2624 ἰδίως
1072 2561 1117 2614 δ’
1144 2558 1209 2616 αὖ
1251 2562 1409 2618 πάλιν
1440 2565 1786 2635 ἐνεργοῦσαν,

226 2648 376 2703 ἀῡλόν
403 2668 468 2703 τε
505 2646 673 2706 οὖσαν
714 2653 809 2705 καὶ
851 2652 1165 2724 ἀσώματον,
1203 2656 1296 2708 καὶ
1340 2655 1480 2709 κατά
1518 2658 1695 2711 πάντα
1722 2662 1785 2730 τῇ

224 2739 309 2793 τοῦ
353 2741 577 2811 πρώτου
631 2744 725 2797 καὶ
771 2745 1064 2816 ἀγεννήτου
1116 2747 1206 2801 καὶ
1262 2748 1420 2817 μόνου
1460 2748 1592 2802 Θεοῦ
1633 2750 1791 2820 φύσει

225 2835 718 2908 παρωμοιωμένην,
765 2839 889 2902 τοὺς
930 2838 1039 2893 τῶν
1084 2840 1354 2912 γεννητῶν
1402 2843 1653 2897 ἁπάντων
1700 2845 1789 2896 λό-

228 2942 376 2993 γους,
427 2929 522 2982 καὶ
567 2928 663 2994 τὰς
688 2929 795 2983 τῶν
823 2931 1113 3003 ὁρωμένων
1144 2934 1464 3004 ἀσωμάτους
1488 2953 1545 2989 τε
1576 2939 1669 2990 καὶ
1702 2940 1792 2992 ἀο-

231 3018 419 3088 ράτους
451 3019 596 3083 ἰδέας
625 3021 682 3072 ὲν
707 3022 841 3092 αὑτῇ
869 3022 1152 3094 φέρουσαν.
1172 3024 1262 3076 Διὸ
1282 3025 1373 3078 καὶ
1392 3027 1579 3095 σοφίαν
1601 3028 1790 3100 αὑτὴν,

230 3109 314 3165 καὶ
348 3108 490 3163 Θεὸν
528 3110 697 3177 Λόγον
740 3113 791 3165 οί
833 3111 964 3165 θεῖοι
996 3116 1232 3184 χρησμοὶ
1277 3117 1788 3187 προσαγορεύουσιν.

1886 549 2069 614 pterea
2096 544 2243 614 quod
2277 544 2523 599 omnium
2550 560 2732 599 rerum
2780 547 3105 603 artiﬁciosas
3134 555 3297 616 atque
3336 547 3448 603 etii—

1887 650 2046 692 caces
2077 637 2341 702 rationes,
2372 637 2715 706 omnipotens
2768 638 2824 692 in
2870 639 3048 709 ipsum
3097 639 3395 709 coniecerit
3429 656 3443 693 :

1888 730 2050 801 230
2109 730 2309 802 quippe
2346 731 2442 801 qui
2478 730 2693 786 ratione
2737 739 2899 802 atque
2951 733 3143 788 ordine
3192 733 3447 788 universa

1888 821 1987 886 illi,
2016 830 2069 876 et
2099 821 2467 892 dispensanda
2493 829 2547 876 et
2577 822 2926 893 gubernanda
2945 824 3250 879 tradiderit.
3277 824 3449 879 Nemo

1886 912 2055 985 igitur
2086 920 2237 984 putet
2268 913 2539 975 humana,
2588 927 2709 982 qua:
2738 928 2801 966 ex
2838 914 3061 984 syllabis
3109 922 3344 979 constat,
3395 921 3451 968 et

1888 1022 1955 1063 ex
1989 1007 2304 1063 nominibus
2330 1016 2383 1062 et
2398 1007 2581 1061 verbis
2606 1008 2973 1076 componitur,
3007 1007 3327 1072 articulatae,
3366 1016 3451 1061 at-

1888 1114 1994 1171 que
2024 1098 2344 1155 enuntiabili
2378 1098 2634 1163 orationi,
2672 1097 2769 1152 Dei
2806 1099 3033 1153 verbum
3066 1097 3243 1153 simile
3275 1114 3397 1153 esse
3431 1116 3446 1153 :

1888 1192 2146 1263 quoniam
2180 1200 2367 1247 nostra
2400 1191 2515 1246 haec
2543 1190 2720 1245 oratio
2767 1191 2823 1245 in
2869 1189 3096 1245 vocibus
3124 1197 3177 1244 et
3206 1190 3450 1261 syllabis,

1888 1292 1943 1339 et
1976 1284 2044 1339 iis
2064 1298 2184 1354 quae
2213 1299 2310 1353 per
2341 1284 2455 1339 haec
2483 1282 2885 1353 signillcantur,
2914 1279 3171 1352 quicquid
3197 1281 3314 1350 ipsa
3345 1289 3449 1341 est.

1890 1375 2098 1430 obtinet
2127 1394 2140 1430 :
2172 1384 2382 1445 utpote,
2436 1391 2559 1447 quae
2600 1390 2696 1445 per
2726 1374 2987 1442 linguam,
3033 1380 3087 1428 et
3116 1372 3366 1437 arterias,
3398 1380 3454 1427 et

1891 1467 2097 1534 fauces,
2136 1478 2188 1522 et
2228 1483 2312 1531 os,
2356 1468 2671 1538 proferatur
2708 1485 2721 1521 :
2754 1467 3103 1537 sempiterna:
3128 1481 3259 1521 vero
3291 1472 3455 1535 atque

1890 1561 2224 1631 incorporea:
2250 1568 2457 1613 natura:
2484 1558 2724 1614 Verbum
2753 1560 2902 1613 omni
2948 1559 3172 1612 omnino
3216 1557 3449 1619 ratione,

1889 1669 2010 1723 quae
2041 1669 2071 1707 a
2104 1652 2264 1708 nobis
2296 1652 2531 1723 proferri
2567 1652 2745 1708 solent
2782 1652 2945 1706 verba
2979 1657 3452 1721 praztergressum,

1889 1747 2025 1801 nihil
2055 1746 2305 1800 humanae
2325 1745 2556 1800 rationis
2580 1760 2689 1815 prie
2717 1758 2776 1798 se
2809 1743 2968 1810 ferat,
2999 1742 3093 1798 sed
3124 1744 3296 1797 solam
3329 1756 3455 1795 cum

1893 1839 2134 1893 humano
2181 1837 2350 1894 verbo
2403 1850 2751 1891 communem
2804 1835 3221 1903 appellationem
3271 1832 3454 1902 possi-

1893 1927 2017 1983 deat
2058 1947 2071 1982 :
2104 1929 2321 1998 quando
2348 1942 2526 1997 neque
2554 1940 2767 1989 vocem,
2819 1940 2941 1995 quae
2979 1939 3045 1978 ex
3098 1922 3240 1977 aeris
3293 1923 3453 1992 pulsu

1892 2026 2129 2082 constet,
2158 2034 2335 2089 neque
2362 2019 2631 2073 dictiones
2663 2017 2824 2082 ullas,
2855 2030 3031 2084 neque
3068 2014 3326 2085 syllabas,
3359 2029 3458 2067 ne-

1891 2124 1999 2179 que
2030 2110 2294 2179 linguam,
2331 2124 2509 2178 neque
2540 2123 2625 2172 os,
2673 2122 2850 2176 neque
2899 2096 3122 2160 omnino
3177 2103 3458 2175 quidpiam

1892 2199 2116 2253 humani
2166 2198 2281 2253 sive
2322 2198 2590 2263 mortalis,
2632 2196 2689 2251 in
2738 2195 2848 2251 Deo
2892 2195 3137 2250 universi
3187 2195 3456 2263 accipere,

1891 2291 2007 2345 sive
2035 2290 2356 2359 intelligere,
2388 2288 2471 2343 fas
2499 2295 2605 2344 est.
2636 2287 2696 2343 Id
2725 2287 2870 2343 enim
2898 2288 3123 2342 verbum
3158 2289 3353 2339 animae
3373 2300 3460 2339 cs-

1891 2388 1995 2446 set,
2029 2380 2173 2449 quod
2216 2380 2367 2433 nullo
2396 2378 2558 2432 modo
2589 2393 2687 2449 per
2729 2377 2971 2445 seipsum
3000 2376 3070 2429 ab
3099 2375 3277 2428 anima
3309 2388 3462 2428 seor-

1893 2485 2013 2526 sum
2043 2475 2228 2539 posset
2255 2482 2398 2531 esse,
2442 2475 2536 2520 aut
2565 2469 2886 2521 consistere.
2921 2464 3051 2519 Tale
3091 2464 3235 2518 enim
3269 2464 3462 2517 Imma.

1890 2579 2021 2617 num
2077 2568 2162 2617 est
2204 2560 2452 2622 verbum,
2497 2558 2645 2628 quod
2694 2558 2945 2629 privatim
2979 2557 3197 2627 quidem
3228 2557 3457 2621 nullam,

1893 2670 2068 2725 neque
2110 2653 2427 2714 essentiam,
2484 2664 2660 2720 neque
2705 2649 3065 2703 substantiam
3118 2648 3300 2709 habet,
3364 2645 3457 2702 sed

1893 2756 2065 2801 totum
2099 2746 2271 2799 libera
2306 2742 2552 2814 quaedam
2584 2741 2755 2795 motio
2787 2749 2892 2804 est,
2944 2748 2998 2794 et
3049 2739 3331 2817 efﬁcientia
3361 2754 3457 2792 co-

1891 2839 2195 2912 gitationis.
2253 2836 2544 2898 Caeterum,
2580 2834 2758 2903 ipsum
2790 2831 2885 2886 Dei
2915 2831 3152 2886 Verbum
3186 2846 3294 2885 non
3329 2830 3457 2896 tale,

1894 2932 1991 2988 sed
2021 2946 2120 3001 per
2152 2930 2393 2999 seipsum
2427 2928 2636 2982 habens
2662 2926 2936 2998 prOpriam
2962 2924 3346 2986 substantiam,
3366 2939 3462 2977 us-

1892 3039 2217 3096 qucquaqne
2248 3022 2488 3076 divinam
2522 3026 2686 3089 atque
2722 3018 3131 3086 intelligentem,
3180 3030 3300 3085 quae
3348 3015 3461 3084 pri-

1889 3121 2056 3172 vatim
2100 3114 2315 3185 quidem
2362 3111 2646 3177 subsistit,
2693 3109 3052 3180 privatimque
3097 3105 3239 3161 idem
3276 3105 3458 3169 ellicit,

229 3203 491 3275 quidquid
524 3203 706 3268 eﬂicit,
738 3219 926 3260 verum
954 3208 1196 3262 materiae
1227 3211 1404 3264 omnis
1431 3221 1516 3267 est
1560 3230 1777 3284 expers,
1815 3224 1868 3271 et
1896 3216 2243 3283 incorporea,
2274 3216 2328 3262 et
2366 3205 2515 3261 omni
2574 3204 2785 3258 ratione
2814 3201 2975 3274 primi
3013 3209 3068 3256 et
3097 3200 3345 3271 ingeniti,
3399 3204 3454 3253 et

232 3295 392 3353 solius
427 3297 525 3354 Dei
572 3305 780 3353 natura}
812 3297 1133 3365 assimilata,
1175 3316 1361 3357 earum
1415 3306 1659 3361 omnium
1728 3325 1912 3364 rerum
1972 3322 2095 3377 qua:
2135 3304 2291 3358 facta:
2360 3306 2508 3362 sunt.
2550 3298 2810 3357 Γθῐῖοηεδν
2847 3304 2902 3348 ει
2954 3308 3142 3348 earum
3191 3307 3311 3363 θυῖε
3345 3290 3449 3346 sub

230 3390 398 3443 visum
429 3389 657 3455 cadunt,
692 3390 1039 3461 incorporeas
1067 3399 1121 3446 et
1146 3394 1446 3452 invisibiles
1476 3402 1707 3469 species,
1762 3401 1817 3456 in
1856 3401 2036 3471 seipsa
2105 3397 2304 3452 ferens.
2351 3392 2532 3459 Quare
2564 3390 2712 3445 illam
2759 3396 2815 3445 et
2858 3387 3191 3457 Sapientiam
3250 3393 3304 3440 et
3360 3383 3456 3438 Dei

233 3482 487 3548 Verbum,
519 3483 705 3540 divina
736 3486 954 3540 oracula
980 3489 1272 3556 appeliant.

753 3578 1147 3633 ΚΕΦΑΛΑΙΟΝ
1181 3584 1269 3648 ς’.

240 3661 326 3746 Ὠς
509 3665 751 3746 Hydra;
788 3667 897 3746 6ρο
939 3670 1202 3746 μυρίους
1249 3675 1462 3746 cytole
1500 3676 1578 3743 τῷ
1618 3678 1795 3732 Δαϐὶδ

296 3737 597 3814 daniel-ei,
635 3737 735 3814 καὶ
778 3738 885 3790 τὸν
907 3739 1207 3814 ῌδεύτερον
1248 3737 1607 3813 δὴμιοίζργόν
1641 3747 1793 3803 εἶναι

301 3804 418 3858 τῶν
449 3804 631 3870 ὅλων,
660 3807 975 3876 ὠσπεροῦν
1006 3804 1109 3863 καί
1145 3804 1683 3886 αὑτοῖδωξᾶξόμεν.

301 3916 318 3949 ι
356 3898 564 3951 Ἀκουὲ
616 3917 738 3969 μου,
780 3900 972 3954 Ἰακὼὸ
992 3904 1085 3955 καὶ
1120 3904 1353 3976 Ἰσραὴλ,
1373 3906 1430 3961 ὃν
1468 3909 1577 3978 ἐγὼ
1621 3911 1789 3967 καλῶ.

246 3986 378 4058 Ἐγώ
404 3991 525 4060 εἰμι
557 3991 789 4061 πρῶτος,
823 3993 1197 4069 καὶὲγώηείμι
1228 3998 1306 4060 εἰς
1348 3999 1436 4051 τὸν
1477 4000 1667 4066 αἰῶνα,
1699 4003 1796 4055 καὶ

236 4078 414 4149 ἠχείρ
461 4098 563 4149 μου
606 4079 930 4151 ἐθεμελίωσε
961 4083 1059 4154 τὴν
1102 4084 1225 4155 γῆν,
1279 4088 1371 4139 καὶ
1410 4091 1442 4160 ή
1491 4090 1639 4155 δεξιά
1690 4110 1792 4165 μου

235 4171 526 4242 ὲστερέωσε
564 4173 656 4226 τὸν
694 4174 936 4246 οὐρανόν.
998 4177 1225 4231 Καλέσω
1275 4181 1492 4246 αὐτοὺς,
1542 4185 1635 4239 καὶ
1669 4188 1795 4258 στή-

238 4275 412 4316 σονται
459 4265 596 4335 ἅμα,
630 4266 722 4318 καὶ
762 4266 1181 4339 συναχθήσονται
1222 4267 1443 4337 πάντες,
1491 4276 1585 4328 καὶ
1627 4277 1793 4330 ἀκού-

238 4372 430 4423 σονται,
465 4357 549 4421 τίς
579 4359 761 4422 αὑτοῖς
786 4361 1069 4432 ἀνήγγειλε
1102 4364 1292 4418 ταῦτα.
1329 4367 1533 4439 Κύριος
1566 4370 1794 4438 ἀγαπῶν

206 4457 310 4513 σε,
338 4451 562 4518 ἐποίησε
604 4451 663 4503 τὸ
703 4451 913 4523 θέλημά
958 4471 1048 4507 σου
1081 4456 1171 4509 ἐπὶ
1201 4458 1512 4525 Βαϐυλῶνα,
1541 4462 1634 4515 τοῦ
1664 4459 1795 4534 ἆραι
1856 4512 1864 4521 .

236 4538 447 4609 σπέρμα
476 4538 773 4594 Χαλδαίων.
822 4542 958 4613 Ἐγὼ
986 4543 1239 4616 ἐλάλησα,
1271 4550 1362 4601 καὶ
1403 4549 1512 4617 ἐγὼ
1537 4552 1791 4608 ἐκάλεσα.

241 4630 476 4699 Ἤγαγον
508 4632 689 4696 αὑτὸν,
723 4635 815 4688 καὶ
845 4636 1097 4690 εὐώδωσα
1124 4637 1227 4708 ’τὴν
1255 4640 1374 4694 ὁδὸν
1401 4643 1584 4696 αὑτοῦ.
1620 4646 1796 4717 Προσο

239 4721 466 4788 αγάγετε
491 4721 629 4792 πρὸς
669 4722 757 4793 μὲ,
792 4726 884 4777 καὶ⁹
920 4725 1185 4780 ἀκούσατε
1213 4728 1402 4782 ταῦτα.
1434 4733 1548 4793 Οὐκ
1577 4733 1670 4786 ἀπ’
1698 4736 1795 4807 ἀρ-

237 4811 327 4882 χῆς
349 4815 409 4866 ὲν
448 4816 631 4885 κρυφῇ
659 4810 945 4888 λελάληκα.
990 4819 1180 4875 Ἡνίκα
1211 4822 1443 4890 ἐγένετο,
1486 4826 1603 4878 ἐκεῖ
1623 4827 1790 4898 ἥμην.

2497 3571 2725 3628 CAPUT
2766 3569 2854 3625 VI.

1896 3671 2047 3741 Quod
2083 3670 2258 3741 Isaias
2295 3666 2538 3721 similiter
2565 3674 2622 3717 ut
2648 3663 2836 3741 David,
2866 3660 3019 3723 duos,
3044 3657 3257 3741 Patrent
3285 3670 3331 3741 ett

1962 3745 2093 3796 lium
2127 3740 2425 3808 conﬁtetur,
2464 3745 2514 3808 et
2545 3750 2727 3808 eorum
2768 3732 2995 3785 alterum
3028 3728 3458 3808 universi‘Opiﬁ-

1969 3830 2099 3875 cem,
2130 3801 2570 3880 quemadmodum
2598 3805 2700 3873 ipsi
2733 3817 2933 3878 quoque
2964 3801 3247 3854 credimus.

1968 3926 1986 3957 ‹
2033 3905 2172 3960 Audi
2222 3918 2329 3965 me,
2380 3900 2568 3962 Jacob,
2622 3904 2675 3953 et
2723 3894 2893 3951 Israel
2936 3908 3098 3964 quem
3147 3908 3250 3962 ego
3296 3906 3453 3947 voco.

1892 3998 2006 4068 Ego
2055 4010 2174 4052 sum
2230 3995 2461 4065 primus,
2516 3997 2571 4045 et
2620 4004 2720 4059 ego
2776 4002 2896 4041 sum
2955 3987 3010 4040 in
3065 3991 3348 4046 aeternum,
3406 3989 3464 4037 et

1894 4108 2093 4147 manus
2162 4103 2282 4143 mea
2340 4084 2591 4140 fundavit
2648 4091 2888 4145 terram,
2964 4076 3121 4147 231
3198 4082 3252 4131 et
3325 4074 3460 4130 dex-

1892 4191 2010 4239 tera
2069 4194 2187 4235 mea
2250 4174 2613 4233 consolidavit
2673 4173 2865 4228 cmlos.
2929 4167 3153 4223 Vocabo
3217 4183 3352 4233 eos,
3407 4176 3464 4222 et

1894 4276 2115 4331 stabunt
2160 4271 2342 4334 simul,
2374 4276 2427 4324 ct
2474 4265 2949 4338 congregabantur
2998 4276 3222 4323 omnes,
3265 4266 3318 4312 et
3363 4273 3463 4312 au-

1893 4367 2063 4431 dient,
2108 4365 2230 4435 quis
2266 4363 2346 4418 eis
2382 4359 2728 4414 annuntiavit
2776 4356 2911 4409 haac.
2949 4352 3213 4407 Dominus
3252 4351 3345 4419 qui
3379 4349 3463 4403 di-

1894 4457 2008 4527 ligit
2036 4462 2121 4523 te,
2163 4452 2291 4508 fecit
2312 4450 2643 4505 voluntatem
2671 4454 2819 4499 tuam
2856 4442 2912 4496 in
2942 4441 3245 4512 Babylone,
3277 4447 3334 4491 ut
3360 4439 3463 4491 tol-

1894 4548 2027 4604 leret
2054 4561 2237 4601 semen
2270 4541 2668 4596 Chaldaeorum.
2707 4536 2820 4607 Ego
2847 4535 3067 4589 locutus
3102 4547 3245 4593 sum,
3270 4538 3324 4585 et
3363 4546 3463 4600 ego

1893 4639 2081 4694 vocavi
2111 4654 2128 4703 ;
2157 4637 2284 4691 duxi
2319 4651 2440 4688 eum
2464 4675 2478 4698 ,
2529 4640 2582 4687 et
2616 4628 2790 4684 direxi
2843 4627 2984 4683 viam
3016 4624 3175 4694 ejus:
3212 4622 3464 4677 adducite

1894 4732 1961 4788 ad
1993 4749 2099 4796 me,
2129 4739 2183 4785 et
2213 4730 2393 4784 audite
2428 4728 2561 4781 haec.
2590 4724 2708 4779 Non
2741 4723 2810 4777 ab
2845 4720 3000 4774 initio
3040 4720 3094 4774 iu
3139 4719 3353 4773 occulto
3383 4718 3463 4771 lo-

1893 4832 2053 4881 cutus
2094 4838 2233 4878 sum.
2267 4818 2495 4886 Quando
2526 4817 2705 4878 fiebat,
2736 4813 2848 4865 illic
2883 4826 3031 4865 eram
3064 4830 3075 4864 :
3111 4818 3164 4864 et
3191 4823 3335 4862 nunc
3356 4807 3463 4861 Do-

236 4901 337 4955 Καὶ
360 4902 456 4960 νῦν
477 4903 679 4975 Κύριος
700 4907 903 4978 Κύριος
928 4911 1234 4966 ἀπέσταλκέ
1259 4930 1348 4983 με,
1370 4916 1464 4967 καὶ
1492 4916 1551 4968 τὸ
1580 4917 1790 4987 πνεῦμα

1895 4917 2076 4971 minus
2109 4913 2372 4968 Dominus
2400 4910 2550 4965 misit
2577 4922 2682 4969 me,
2707 4912 2761 4961 et
2785 4904 3009 4973 spiritus
3037 4902 3156 4971 ejus
3183 4902 3246 4952 '9.
3277 4920 3296 4951 ι
3319 4900 3464 4954 Con-

237 4993 413 5050 αὑτοῢ.
450 5015 472 5049 ι
509 4996 650 5069 Ὅρα
703 4999 768 5069 δὴ
818 5001 912 5053 καὶ
965 5001 1060 5056 νῦν
1108 5004 1227 5057 τίνα
1275 5006 1473 5076 τρόπον
1517 5009 1545 5060 6
1591 5009 1787 5078 φήσας,

242 5104 259 5136 ι
304 5088 444 5157 Ἐγώ
467 5091 584 5161 εἰμι
614 5092 644 5144 ό
675 5083 908 5162 πρῶτος,
941 5096 1033 5148 καὶ
1065 5097 1173 5169 ἐγώ
1202 5101 1312 5169 εἰμι
1340 5102 1420 5164 εἰς
1464 5101 1556 5155 τὸν
1598 5102 1787 5164 αἰῶνα,

238 5179 262 5229 6
300 5180 394 5252 τὴν
422 5182 526 5253 γῆν
551 5183 645 5237 καὶ
673 5184 762 5237 τὸν
785 5186 1007 5256 οὐρανὸν
1035 5191 1454 5260 συστησάμενος,
1496 5211 1515 5243 ι
1548 5194 1789 5265 ἐναργῶς

236 5269 395 5335 οὕτως
444 5274 779 5328 ἀπεστάλθαι
831 5276 1082 5347 ὁμολογεῖ
1136 5280 1240 5333 ὑπὸ
1289 5282 1497 5352 Κυρίου
1560 5285 1785 5356 Κυρίου,

235 5359 367 5414 οὕτω
399 5363 489 5417 τὸν
513 5364 733 5437 Πατέρα
780 5368 1021 5439 συνήθως
1053 5369 1133 5433 δὶς
1173 5371 1375 5443 Κύριον
1427 5376 1790 5447 ἀναγορεύων,

236 5450 305 5515 ὡς
331 5452 395 5508 ἂν
420 5455 564 5526 ἔχοις
608 5459 704 5511 καὶ
749 5459 950 5532 ταύτην
978 5462 1378 5533 ἀναμφίλεκτον
1415 5466 1505 5520 τοῦ
1532 5464 1795 5539 ζητουμέ-

234 5558 318 5595 νου
345 5544 439 5616 τὴν
476 5549 801 5618 μαρτυρίαν.
838 5551 1058 5622 Πρῶτον
1093 5552 1150 5606 δὲ
1195 5554 1355 5608 αὐτὸν
1396 5555 1471 5619 ὡς
1514 5559 1571 5610 ὲν
1599 5575 1791 5629 γεννη-

237 5639 339 5701 τοῖς
364 5639 603 5703 εὐσεϐῶς
630 5637 765 5695 εἶναι
791 5642 959 5713 λέγει,
988 5646 1085 5718 τὴν
1117 5645 1348 5719 ἄναρχον
1383 5649 1475 5702 καὶ
1504 5649 1790 5720 ἀγέννητον
1844 5706 1852 5715 ,

301 5771 342 5804 ³⁵
362 5771 461 5829 ba.
498 5790 689 5836 Sht'lll,
737 5777 919 5835 12-16,

1898 5008 2097 5071 sidera,
2124 5020 2328 5077 quaeso,
2360 5004 2470 5067 hic,
2497 5013 2733 5072 quonam
2767 4996 2927 5050 modo
2948 4995 3040 5064 qui
3069 4991 3207 5047 dixit
3235 5007 3248 5044 :
3291 5009 3310 5042 ‹
3350 4989 3462 5060 Ego

1897 5116 2017 5160 sum
2048 5100 2276 5170 primus,
2301 5104 2353 5151 et
2378 5110 2479 5164 ego
2530 5106 2649 5147 sum
2683 5091 2736 5143 in
2767 5097 3051 5150 aeternum,
3105 5083 3199 5154 qui
3257 5090 3461 5137 terram

1895 5203 1950 5249 et
1975 5194 2172 5249 cmlum
2193 5186 2572 5251 condidit,iita
2599 5185 2758 5254 plane
2783 5197 2840 5235 se
2862 5180 3086 5235 missum
3113 5191 3235 5230 esse
3264 5174 3463 5229 fatetur

1895 5300 1926 5340 a
1960 5284 2190 5338 Domino
2224 5279 2475 5335 Domino.
2529 5275 2621 5331 Sic
2649 5276 2792 5328 enim
2822 5270 3038 5324 Patrem
3065 5266 3348 5321 consuevit
3376 5265 3462 5322 bis

1892 5374 2183 5429 Dominum
2205 5370 2497 5441 appellare.
2529 5365 2713 5435 Itaque
2729 5363 2897 5416 habes
2921 5359 3024 5412 hoc
3057 5372 3273 5427 quoque
3303 5356 3461 5410 indu-

1892 5466 2146 5527 bitatum,
2173 5463 2241 5517 de
2272 5478 2336 5516 eo
2368 5460 2435 5514 de
2466 5472 2575 5528 quo
2601 5454 2886 5526 quieritur,
2915 5450 3285 5506 testimonium
3343 5446 3461 5501 Pri-

1891 5572 2041 5611 mum
2072 5569 2199 5609 vero
2228 5553 2376 5607 illum
2411 5551 2497 5603 hic
2531 5548 2664 5603 dicit
2700 5562 2822 5601 csse
2857 5545 3118 5614 propheta
3148 5582 3162 5606 ,
3197 5556 3355 5611 quem
3402 5539 3460 5594 in

1892 5650 1959 5705 iis
1989 5665 2108 5720 qua:
2137 5648 2315 5719 genita
2348 5651 2473 5701 sunt
2514 5642 2598 5712 pie
2643 5640 2811 5695 colit:
2850 5654 2973 5694 nam
3006 5652 3125 5707 qua:
3167 5636 3285 5693 sine
3310 5632 3462 5704 prin-
