3902 6264
440 285 547 343 359

1079 279 1350 336 ausam:
1379 262 1860 338 amsamensas
1891 276 2043 336 opp.
2076 275 2277 332 rans.
2310 275 2378 331 ιι.
2418 306 2488 316 -
2524 274 3023 335 APOLOGETICA.

3584 272 3688 330 360

426 397 805 461 nominantur,
851 394 1107 452 Christus
1149 394 1470 466 appelletur.
1523 392 1827 467 Participes
1877 411 2003 452 vero

2109 411 2229 465 γειν
2251 411 2267 426 ’
2301 412 2323 447 ι
2351 394 2586 465 Μέτοχοι
2613 395 2722 468 γὰρ
2743 396 3045 467 γεγόναμεν
3072 391 3310 465 Χριστοῦ
3339 409 3354 459 ;
3393 410 3412 444 ι
3451 392 3581 466 περὶ
3616 386 3690 447 ὧν

422 493 546 564 ejus
566 491 789 563 quinam
814 503 1001 560 quaeso
1033 487 1167 552 sint,
1190 486 1300 542 nisi
1326 487 1366 542 ii
1396 488 1491 559 qui
1521 487 1707 545 dicere
1727 495 1959 558 possunt
1985 505 2003 545 :

436 602 456 636 ι
495 582 797 652 Partieipes
813 581 957 636 enim
989 579 1121 635 facti
1139 595 1330 635 sumus
1357 579 1641 636 Christi’?
1667 599 1687 633 ι
1709 578 1786 635 De
1808 579 2007 651 quibus

425 676 634 732 dictum
667 681 752 730 est
783 690 797 724 :
839 691 858 725 ε
905 669 1084 727 Nolite
1117 680 1341 742 tangere
1378 671 1617 727 christos
1643 680 1815 737 meos,
1855 678 1910 727 et
1949 672 2008 727 in

426 768 708 839 praphetis
757 765 895 821 meis
943 765 1113 821 nolite
1162 755 1537 836 malignari“.
1587 785 1607 818 ι
1654 766 1785 820 Item
1842 764 2006 834 igitur

428 872 554 913 cum
592 857 648 911 in
695 855 781 911 his
834 856 994 926 plane
1029 854 1282 911 Christus
1311 857 1642 924 apparuerit,
1666 862 1719 910 et
1747 853 2002 917 dilectus.

429 954 485 1003 et
515 947 680 1013 Deus,
708 955 764 1003 et
810 963 929 1011 rex,
957 954 1176 1016 tempus
1198 946 1266 1001 de
1294 946 1386 1000 illo
1416 955 1474 1000 ut
1510 960 1841 1016 quaeramus,
1868 960 2007 1015 quo-

427 1039 612 1103 modo,
643 1039 734 1109 qui
755 1046 863 1092 tam
886 1038 1110 1108 grandis
1144 1037 1235 1100 sit,
1268 1037 1518 1093 inimicos
1540 1036 1738 1092 habere
1766 1036 2002 1102 dicatur,

427 1138 483 1186 et
509 1144 778 1201 quosnam
814 1129 972 1192 istos,
1002 1136 1054 1183 et
1082 1135 1304 1198 prOpter
1330 1142 1490 1196 quam
1527 1139 1771 1187 causam,
1810 1126 2004 1180 adVer—

429 1239 526 1281 sus
556 1236 696 1293 quos
741 1235 871 1275 suas
918 1221 1167 1290 sagittas,
1195 1235 1464 1289 suumque
1494 1221 1733 1290 gladium
1765 1222 2003 1283 exacuit,

427 1323 482 1371 et
513 1329 620 1385 quo
653 1322 811 1384 pacto
855 1313 1020 1368 nullis
1062 1315 1229 1367 armis
1278 1312 1549 1367 instructa
1578 1314 1716 1376 acie,
1749 1314 1843 1369 sed
1878 1329 2006 1384 pro-

428 1415 549 1478 pter
581 1412 864 1461 veritatem
896 1414 948 1459 et
993 1405 1464 1459 mansuetudinem
1495 1414 1550 1460 et
1593 1404 1887 1475 justitiam,
1922 1405 2001 1459 in-

426 1500 796 1555 numerabiles
826 1498 929 1554 sibi
965 1499 1067 1567 ipsi
1100 1499 1378 1569 subegerit
1407 1501 1662 1570 populos.
1698 1499 1802 1566 Qui
1834 1500 2007 1568 igitur

429 1592 548 1648 haec
592 1591 1152 1662 diligentiusquaerit,
1181 1592 1329 1647 hunc
1356 1599 1575 1662 oportet
1607 1607 1672 1646 ea
1707 1593 2007 1648 transferre

429 1684 497 1739 ad
529 1683 864 1739 Salvatorem
889 1700 953 1739 ac
980 1685 1268 1740 Dominum
1298 1693 1546 1741 nostrum
1566 1683 1774 1746 Jesum,
1799 1686 1891 1755 qui
1917 1693 2000 1740 est

428 1772 683 1829 Christus
709 1771 824 1836 Dei,
855 1782 909 1828 et
943 1773 1011 1828 ad
1068 1789 1129 1828 ea
1180 1788 1462 1828 recurrere
1510 1789 1631 1843 quae
1659 1773 1725 1829 de
1760 1775 1907 1830 illius
1938 1775 2005 1829 ad
2036 1758 2078 1811 Β

428 1863 680 1920 homines
734 1862 970 1918 adventu
1012 1878 1044 1917 a
1076 1864 1237 1918 nobis
1265 1865 1509 1933 exposita
1543 1872 1672 1919 sunt
1702 1884 1718 1920 :
1757 1866 1846 1920 ubi
1879 1880 2002 1919 cum

429 1956 739 2012 hostilestet
767 1954 946 2009 visum
987 1964 1239 2010 nostrum
1270 1955 1587 2026 effugientes
1611 1956 2005 2027 ﬂagitiosorum

429 2060 495 2100 ac
527 2045 816 2100 noxiorum
851 2046 1155 2101 daemonum
1192 2061 1592 2116 pravorumque
1621 2059 1784 2118 atque
1826 2050 2004 2120 impu-

427 2151 615 2192 rorum
632 2138 922 2208 spirituum
952 2145 1250 2208 potestates
1266 2138 1397 2193 dare
1424 2147 1574 2210 terga
1599 2142 1859 2211 coegerit,
1881 2158 2007 2212 per-

428 2246 591 2301 quam
641 2229 1065 2286 innumerabiles
1108 2232 1214 2286 sibi
1246 2232 1349 2303 ipsi
1382 2248 1449 2287 ex
1483 2232 1737 2288 omnibus
1772 2235 2006 2287 nationi-

425 2321 529 2377 bus
553 2323 781 2393 populos
801 2323 1136 2392 comparavit
1192 2343 1206 2377 :
1255 2339 1416 2393 quem
1443 2324 1567 2379 inde
1596 2326 1761 2379 etiam
1812 2341 2002 2380 verum

424 2410 523 2468 Dei
553 2411 832 2468 Christum
869 2414 1145 2483 appellare
1175 2416 1487 2480 conveniat,
1526 2416 1725 2486 quippe
1755 2417 1849 2487 qui
1893 2434 2003 2471 non

425 2506 704 2560 communi
744 2505 885 2569 oleo,
934 2513 994 2560 ut
1047 2506 1216 2576 prisci
1246 2514 1667 2570 consueverant,
1694 2509 1767 2563 sit
1809 2517 2005 2565 unctus

428 2594 627 2664 (neque
657 2595 822 2650 etiam
857 2596 961 2650 tale
999 2598 1295 2670 quidquam
1333 2598 1401 2653 de
1429 2598 1522 2653 illo
1553 2600 1830 2655 memoria:
1880 2616 2006 2670 pro-

425 2685 598 2739 ditum
648 2685 774 2759 est),
841 2688 933 2742 sed
979 2690 1345 2758 praestantiori
1410 2690 1647 2760 quodam
1715 2691 2006 2763 divinoque

425 2785 727 2847 mguento,
757 2794 821 2832 ex
847 2795 956 2849 quo
985 2781 1171 2850 utique
1197 2782 1360 2836 etiam
1402 2798 1500 2853 per
1528 2782 1747 2847 Isaiam,
1783 2784 1863 2839 sic
1891 2786 1966 2840 ait
1989 2804 2002 2840 :

430 2885 452 2918 ι
486 2866 724 2939 Spiritus
771 2867 987 2925 Domini
1036 2887 1202 2942 super
1244 2888 1351 2937 me,
1403 2883 1626 2945 propter
1659 2876 1805 2946 quod
1851 2877 2009 2931 unxit

425 2961 604 3014 me“.
640 2980 658 3011 ι
694 2959 966 3026 Quocirca
1015 2961 1157 3017 inter
1212 2978 1404 3019 omnes
1453 2966 1835 3035 potissimum,
1886 2967 2008 3038 qui-

425 3067 643 3122 cunque
681 3069 931 3151 .unquam
976 3053 1119 3151 apud
1173 3053 1428 3111 Hebraeos
1481 3058 1821 3151 corporalius
1851 3058 2002 3113 uncti
2031 3095 2073 3151 ϐ

427 3150 576 3207 sunt,
614 3141 766 3197 solus
799 3142 855 3195 in
886 3148 1003 3196 toto
1039 3143 1170 3197 orbe
1213 3149 1485 3197 terrarum
1533 3144 1680 3214 apud
1715 3146 2004 3201 universos

425 3232 633 3289 Christi
682 3232 904 3288 nomine
949 3234 1281 3300 celebratur,
1331 3242 1386 3290 et
1435 3233 1879 3291 Christianorum
1935 3236 2006 3291 ab

426 3321 549 3392 ipso
593 3321 825 3378 deducta
874 3325 1259 3395 appellatione,
1290 3332 1461 3380 totam
1513 3341 1635 3397 quae
1686 3327 2006 3384 habitantur

425 3419 628 3465 terram
676 3412 917 3483 implevit
954 3432 967 3468 :
999 3414 1402 3484 quodammodo
1469 3426 1651 3473 autem
1704 3418 1860 3474 illum
1902 3435 2005 3474 un-

425 3507 574 3557 ctum
604 3518 726 3559 esse
754 3504 1024 3568 dicamus,
1059 3513 1113 3560 et
1157 3507 1287 3576 quid
1321 3507 1426 3563 hoc
1456 3508 1531 3562 sit
1562 3518 1923 3581 unguentum,
1949 3521 2005 3567 et

425 3595 681 3667 quisnam
757 3595 1036 3651 unctionis
1092 3597 1309 3663 modus,
1375 3599 1593 3655 abunde
1668 3602 1803 3657 satis
1863 3603 2004 3657 libro

425 3689 607 3760 priore
660 3688 1036 3744 tractavimus.
1077 3689 1248 3744 Porro
1308 3691 1361 3747 in
1416 3691 1580 3762 hujus
1630 3693 1793 3749 labiis
1842 3703 2037 3764 atque-

426 3781 678 3836 doctrina
707 3788 859 3835 tanta
891 3779 1065 3835 effusa
1095 3792 1180 3837 est
1210 3781 1410 3852 gratia,
1446 3792 1507 3838 ut
1550 3784 1701 3839 brevi
1735 3793 2000 3855 tempore,

425 3886 490 3926 ea
521 3887 644 3943 quae
677 3872 745 3926 ab
777 3871 899 3942 ipso
921 3873 1248 3927 denuntiata
1272 3881 1378 3939 est,
1411 3876 1776 3931 sanctimonia
1804 3885 1858 3933 et
1889 3879 2005 3949 pie—

425 3971 558 4026 tate,
582 3978 800 4019 onmem
824 3963 1003 4017 locum
1034 3965 1361 4036 impleverit.
1393 3966 1584 4038 Itaque
1612 3968 1724 4037 jam
1757 3985 1905 4023 nunc
1947 3970 2003 4025 in

427 4054 683 4109 omnibus
731 4055 980 4126 gentibus
1017 4055 1161 4126 apud
1204 4071 1302 4113 eos
1347 4059 1441 4127 qui
1483 4060 1787 4115 doctrinam
1829 4061 2002 4131 ipsius

428 4143 727 4213 accipiunt,
760 4144 1111 4212 comprobata
1162 4145 1283 4214 ejus
1337 4149 1652 4220 prophetiae,
1691 4167 1812 4221 quae
1858 4168 2004 4207 nunc

427 4234 487 4288 in
550 4235 803 4290 manibus
874 4243 992 4300 est,
1082 4237 1310 4293 veritate
1345 4279 1362 4304 ,
1442 4247 1497 4295 et
1570 4242 1717 4314 regis
1783 4251 1838 4297 et
1906 4242 2002 4298 Dei

428 4322 655 4394 gloriam
724 4322 953 4392 adeptus
997 4332 1102 4392 est,
1158 4333 1213 4380 et
1285 4327 1428 4398 apud
1498 4343 1658 4384 omne
1722 4330 2001 4386 hominum

2106 483 2321 557 εἴρηται
2343 499 2357 514 ο
2387 502 2406 536 ι
2443 485 2535 555 Μὴ
2569 484 2805 539 ἅπτεσθε
2827 484 2935 539 τῶν
2959 483 3195 556 χριστῶν
3220 500 3320 554 μου
3340 521 3357 547 ,
3383 482 3478 536 καὶ
3506 484 3564 536 ὲν
3581 486 3690 548 τοῖς

2105 575 2412 647 προφήταις
2440 591 2544 646 μου
2582 574 2658 647 μὴ
2682 574 3070 648 πονηρεύεσθε.
3104 594 3123 627 ι
3152 574 3264 629 Καὶ
3293 574 3357 643 δὴ
3386 572 3689 644 πεφηνότος

2103 666 2192 720 διὰ
2212 665 2413 720 τούτων
2440 667 2624 736 σαφῶς
2651 665 2743 720 τοῦ
2768 664 3004 738 Χριστοῦ
3040 664 3324 737 ἀγαπητοῦ
3345 705 3360 729 ,
3396 664 3490 718 καὶ
3519 664 3656 718 Θεοῦ
3674 705 3689 726 ,

2104 760 2198 812 καί
2227 757 2491 829 βασιλέως
2516 797 2530 821 ,
2559 756 2677 829 ὥρα
2720 774 2779 810 σε
2818 758 3020 828 ζητεῖν,
3057 759 3085 810 ὁ
3117 755 3432 826 τηλικοῦτος
3458 756 3576 819 πῶς
3607 758 3694 827 ἐχ-

2105 852 2268 924 θροὺς
2298 851 2440 923 ἔχειν
2470 851 2713 920 λέγεται,
2745 851 2841 904 καὶ
2868 850 3039 915 τίνας,
3062 852 3157 904 καὶ
3174 851 3240 904 δι’
3258 851 3325 922 ἢν
3345 851 3544 913 αἰτίαν,
3569 850 3693 904 καθ’

2104 939 2180 999 ὧν
2211 945 2281 999 τὰ
2312 944 2505 999 ἑαυτοῦ
2535 944 2689 1016 βέλη,
2714 943 2809 998 καὶ
2842 946 2940 1015 τὴν
2970 944 3163 998 ἑαυτοῦ
3193 944 3464 1016 ῥομφαίαν
3492 943 3691 1014 ὴκονή-

2106 1054 2269 1103 σατο,
2317 1039 2464 1101 ὅπως
2496 1055 2555 1089 τε
2602 1038 2662 1091 οὐ
2714 1036 2780 1090 δι’
2817 1036 3100 1107 ὁπλιτικῆς
3145 1035 3532 1107 παρατάξεως,
3575 1034 3691 1088 ἀλλ’

2103 1129 2285 1183 ἕνεκεν
2324 1127 2579 1198 ἀληθείας
2600 1111 2697 1182 καὶ
2730 1129 3034 1199 πραότητος
3079 1126 3173 1179 καὶ
3208 1124 3554 1197 δικαιοσύνης
3601 1141 3694 1195 μυ-

2107 1223 2256 1295 ρίους
2276 1221 2586 1291 ὑπηγάγετο
2601 1220 2778 1290 ἐαυτῷ
2792 1220 2973 1285 λαούς.
2999 1218 3297 1284 Ζητοῦντας
3320 1218 3429 1292 γᾶρ
3451 1217 3695 1290 ἀκριϐῶς

2103 1312 2277 1366 ταῦτα
2297 1353 2311 1379 ,
2341 1314 2519 1378 καλῶς
2553 1313 2617 1367 ἂν
2648 1313 2759 1384 ἔχοι
2792 1313 3117 1384 μεταφέρειν
3149 1312 3287 1366 αὐτὰ
3324 1312 3416 1364 ἐπὶ
3449 1311 3541 1364 τὸν
3581 1311 3697 1364 Σω-

2105 1406 2244 1477 τῆρα
2266 1406 2363 1459 καὶ
2386 1405 2586 1476 Κύριον
2617 1408 2648 1476 ἡ
2659 1404 2773 1475 μῶν
2797 1404 3004 1475 Ἰησοῦν
3030 1404 3122 1457 τὸν
3152 1403 3384 1475 Χριστὸν
3415 1402 3509 1456 τοῦ
3535 1401 3695 1465 Θεοῦ,

2105 1497 2470 1569 ἀνατρέχοντα
2492 1497 2585 1551 ἐπὶ
2612 1497 2680 1548 τὰ
2708 1495 3099 1567 διεξωδευμὲνα
3132 1496 3375 1568 περὶτῆς
3395 1497 3473 1559 είς
3495 1494 3699 1567 ἀνθρώ.

2109 1605 2242 1653 πους
2267 1588 2432 1643 αὐτοῦ
2456 1590 2711 1661 παρόδου,
2738 1589 2858 1643 καθ⁶
2886 1590 2952 1661 ἣν
2973 1588 3072 1652 τὰς
3096 1588 3295 1660 ἐχθρὰς
3316 1587 3413 1642 καὶ
3429 1590 3699 1660 ἀοράτους

2110 1681 2366 1752 δυνάμεις
2408 1680 2514 1734 τῶν
2562 1681 2850 1753 μοχθηρῶν
2882 1685 2976 1736 καὶ
3017 1679 3360 1751 λυμαντικῶν
3402 1680 3695 1752 δαιμόνων,

2106 1774 2213 1826 τῶν
2245 1790 2304 1826 τε
2342 1772 2594 1845 πονηρῶν
2631 1774 2724 1827 καὶ
2752 1771 3080 1843 ἀκαθάρτων
3114 1771 3441 1842 πνευμάτων
3471 1789 3698 1843 τροπω-

2107 1864 2372 1935 σάμενος,
2418 1864 2644 1935 μυρίους
2683 1865 2843 1927 ὅσους
2897 1861 3079 1933 ἑαυτῷ
3122 1861 3284 1925 λαοὺς
3335 1859 3393 1926 ἐξ
3439 1860 3718 1915 ἁπάντων,

2105 1958 2210 2010 τῶν
2236 1957 2404 2011 ἐθνῶν
2438 1958 2831 2028 συνεστήσατο’
2861 1956 2919 2010 ὃν
2943 1957 3035 2009 καὶ
3065 1955 3297 2028 Χριστὸν
3321 1954 3502 2026 ἀληθῆ
3526 1971 3698 2027 προσ-

2106 2050 2227 2121 ήκοι
2259 2049 2324 2103 ἂν
2356 2049 2449 2102 τοῦ
2477 2048 2609 2101 Θεοῦ
2638 2048 2886 2102 ὲνθεῦθεν
2910 2047 3280 2122 ἀναγορεύειν,
3304 2047 3364 2100 οὐ
3398 2046 3566 2118 κοινῷ
3595 2047 3695 2116 μὲν

2105 2140 2269 2211 ἐλαίῳ
2296 2140 2404 2195 τῶν
2432 2140 2602 2194 πάλαι
2654 2140 2899 2212 συνήθως
2924 2141 3212 2211 χρισθέντα
3257 2139 3411 2210 [οὔτε
3438 2135 3533 2192 οὖν
3562 2141 3698 2192 ἱστο·

2110 2232 2278 2305 ρεῖταί
2317 2250 2366 2286 τι
2419 2234 2548 2305 περὶ
2587 2233 2751 2286 αὐτοῦ
2790 2234 3072 2303 τοιοῦτον),
3103 2232 3370 2304 κρείττονι
3401 2231 3457 2285 δὲ
3485 2231 3584 2285 καὶ
3612 2232 3698 2283 ὲν-

2107 2326 2214 2395 θέῳ
2270 2325 2553 2397 χρίσματι,
2592 2326 2719 2397 παρ’
2771 2325 2798 2379 ὃ
2858 2326 2920 2397 δὴ
2969 2326 3060 2380 καὶ
3107 2325 3193 2379 διὰ
3243 2326 3464 2378 Ἡσαΐου
3522 2323 3692 2394 φησί’

2111 2435 2129 2466 ‹
2172 2416 2397 2487 Πνεῦμα
2427 2417 2633 2487 Κυρίου
2661 2416 2746 2470 ἐπ’
2794 2416 2892 2487 ἐμὲ
2922 2458 2935 2479 ,
2969 2412 3028 2470 οἷ)
3072 2417 3280 2470 εἵνεκεν
3317 2416 3501 2487 ἔχρισέ
3538 2431 3628 2484 με.
3672 2430 3690 2463 ι

2109 2508 2270 2561 Ὅθεν
2287 2510 2379 2562 καὶ
2405 2509 2603 2581 μᾶλλον
2632 2509 2885 2563 ἁπάντων
2904 2509 3010 2563 τῶν
3027 2508 3249 2562 πώποτε
3270 2509 3395 2578 παρ’
3421 2505 3701 2578 Ἑϐραίοις

2108 2599 2561 2672 σωματικώτερον
2588 2599 2923 2671 χρισθέντων
2956 2601 3114 2672 μόνος
3144 2600 3245 2654 ἀνά
3283 2601 3459 2653 πᾶσαν
3491 2599 3594 2667 τὴν
3628 2598 3699 2649 οἱ·

2108 2694 2383 2766 κουμένην
2411 2693 2646 2765 Χριστὸς
2673 2693 2823 2764 παρὰ
2849 2696 2961 2756 τοῖς
3000 2694 3133 2746 πᾶσι
3161 2691 3439 2763 βεϐόηται,
3468 2690 3565 2743 καὶ
3594 2688 3699 2758 τῆς

2107 2784 2167 2850 ἐξ
2213 2786 2375 2840 αὑτοῦ
2419 2785 2760 2857 Χριστιανῶν
2814 2784 3188 2857 προσηγορίας
3243 2782 3340 2854 τὴν
3394 2781 3698 2852 σύμπασαν

2106 2876 2341 2948 ἔπλησεν
2356 2878 2505 2930 οίκου
2514 2878 2701 2948 μένην.
2722 2878 2910 2940 Ὅπως
2926 2876 2981 2928 δέ
2998 2892 3174 2946 φαμεν
3204 2873 3361 2927 αὐτὸν
3381 2872 3697 2944 κεχρίσθαι,

2106 2971 2201 3024 καὶ
2226 2969 2278 3023 τί
2300 2968 2362 3023 τὸ
2382 2970 2612 3041 χρίσμα,
2651 2971 2743 3022 καὶ
2766 2968 2850 3033 τίς
2881 2969 2910 3021 ὁ
2941 2969 3040 3038 τῆς
3069 2968 3300 3038 χρίσεως
3329 2967 3557 3038 τρόπος,
3590 2965 3699 3019 αὐ-

2107 3061 2324 3131 τάρκως
2350 3062 2408 3114 ἐν
2430 3058 2508 3131 τῷ
2538 3059 2642 3132 πρὸ
2665 3057 2854 3113 τούτου
2886 3060 3277 3130 συγγράμματι
3310 3057 3696 3127 διειλήφαμεν.

2104 3149 2305 3204 Τούτου
2350 3150 2409 3204 δὲ
2441 3152 2499 3205 ἐν
2534 3153 2646 3214 τοῖς
2685 3150 2890 3222 χείλεσι
2923 3149 3016 3204 καὶ
3061 3151 3117 3202 ὲν
3154 3151 3219 3220 τῇ
3257 3145 3576 3218 διδασκαλίᾳ
3610 3161 3699 3199 το-

2107 3240 2281 3313 σαύτη
2303 3240 2579 3313 κατεχύθη
2606 3242 2766 3314 χάρις
2783 3281 2798 3305 ,
2834 3242 2911 3304 ὼς
2936 3242 2992 3294 ὲν
3023 3239 3188 3309 ὀλίγῳ
3212 3240 3387 3295 πάντα
3410 3238 3573 3291 τόπον
3600 3238 3699 3308 ἐμ-

2104 3332 2305 3406 πλῆσαι
2348 3334 2447 3406 τῆς
2489 3332 2626 3406 πρὸς
2671 3333 2835 3387 αὑτοῦ
2882 3331 3344 3402 καταγγελθείσης
3378 3328 3694 3394 εὐσεϐείαςο

2103 3423 2242 3479 ὥστε
2260 3424 2359 3496 ἤδη
2380 3426 2439 3478 ὲν
2461 3426 2626 3478 πᾶσιν
2650 3422 2848 3486 ἔθνεσι,
2877 3423 3030 3494 παρὰ
3055 3423 3168 3484 τοῖς
3211 3420 3310 3491 τὴν
3340 3417 3698 3473 διδασκαλίαν

2104 3517 2269 3573 αὐτοῦ
2313 3517 2586 3590 μετιοῦσιν
2605 3556 2621 3580 ,
2651 3515 2960 3578 ἀκολούθως
2992 3516 3057 3585 τῇ
3094 3512 3232 3583 μετὰ
3253 3514 3440 3583 χεῖρας
3472 3527 3696 3582 προφη-

2102 3611 2242 3683 τείᾳ,
2268 3610 2364 3665 καὶ
2387 3609 2647 3680 βασιλέως
2662 3608 2759 3662 καλ⁵
2775 3605 2910 3659 Θεοῦ
2927 3605 3084 3672 δόξαν
3109 3602 3530 3677 περιϐεϐλῆσθαι
3553 3643 3567 3667 ,
3592 3604 3697 3657 καὶ

2105 3718 2180 3756 πα
2189 3701 2255 3775 ρὰ
2268 3703 2430 3755 πᾶσιν
2445 3699 2750 3773 ἀνθρώποις
2763 3698 2994 3769 Χριστὸν
3013 3693 3455 3767 ἀναγορεύεσθαι.
3472 3694 3695 3765 Πρόδη-

2102 3794 2182 3848 λοι
2209 3792 2267 3847 δὲ
2291 3794 2384 3847 καὶ
2405 3793 2455 3845 οἱ
2476 3791 2679 3863 ἐχθροὶ,
2699 3792 2760 3844 οὐ
2795 3790 2952 3861 μόνον
2968 3789 3017 3841 οἱ
3036 3790 3161 3859 πρὶν
3184 3787 3466 3857 γεγονότες
3491 3785 3693 3852 αὑτοῦ,

2103 3886 2238 3941 ἀλλὰ
2272 3887 2367 3939 καὶ
2403 3886 2451 3938 οἱ
2492 3887 2582 3940 ἀεὶ
2620 3883 3126 3956 προσπολεμοῦντες
3170 3878 3334 3934 αὑτοῦ
3383 3879 3460 3949 τῷ
3500 3878 3690 3949 λόγῳ,

2103 3978 2213 4032 εἴτε
2246 3980 2303 4031 ὲν
2337 3975 2667 4048 ἀνθρώποις,
2704 3976 2814 4029 εἴτε
2845 3975 2939 4028 καὶ
2981 3975 3039 4027 ἐν
3072 3971 3322 4042 ἀοράτοις
3366 3969 3693 4039 δυνάμεσιν,

2102 4070 2194 4135 οὒς
2218 4069 2432 4142 ἀοράτῳ
2465 4068 2557 4122 καὶ
2586 4067 2843 4139 λεληθυίᾳ
2872 4066 3101 4137 δυνάμει
3130 4064 3360 4118 πάντοτε
3393 4060 3692 4132 καθαιρῶν

2102 4162 2162 4228 ἐξ
2187 4163 2439 4216 ἁπάντων
2463 4160 2569 4215 τῶν
2594 4159 2765 4214 ἐθνῶν
2806 4159 3091 4221 παντοίους
3135 4153 3310 4226 ἑαυτῷ
3354 4154 3516 4215 λαοὺς
3536 4145 3691 4206 ’ὑπο-

2101 4253 2337 4324 χειρίους
2392 4252 2706 4322 πεποίηται.
2768 4249 2850 4304 Τὰ
2903 4248 2958 4302 δὲ
3019 4248 3147 4319 est};
3195 4248 3253 4301 ὲν
3306 4245 3385 4318 τῷ
3436 4242 3688 4314 ψαλμῷ,

2108 4364 2127 4396 ι
2162 4344 2402 4417 Σμύρνα,
2433 4343 2529 4399 καὶ
2549 4342 2777 4414 στακτὴ,
2811 4341 2905 4396 καὶ
2931 4341 3131 4394 κασσία
3158 4339 3265 4393 ἀπὸ
3295 4337 3401 4393 τῶν
3444 4335 3688 4409 ἱματίων

429 4429 603 4485 genus
635 4413 888 4470 Christus
917 4417 1238 4487 appellatur.
1268 4417 1409 4473 Sunt
1430 4426 1607 4474 autem
1631 4421 1752 4490 ejus
1786 4439 2001 4494 quoque

2105 4453 2220 4500 σου,
2261 4457 2280 4489 ι
2314 4437 2384 4490 τά
2427 4453 2484 4489 τε
2526 4436 2620 4489 ἐπὶ
2658 4434 2889 4499 τούτοις,
2917 4432 2995 4497 ὡς
3026 4432 3155 4506 περὶ
3190 4430 3452 4502 βασιλίδος
3478 4428 3687 4500 δηλού-

430 4506 638 4561 inimici
690 4507 985 4576 manifesti,
1028 4524 1139 4565 non
1165 4511 1326 4566 modo
1353 4512 1447 4582 qui
1479 4512 1632 4582 prius
1651 4515 1997 4579 exstiterant,

429 4598 528 4655 sed
576 4599 739 4654 etiam
778 4601 872 4670 qui
931 4615 1147 4671 semper
1195 4602 1369 4673 ipsius
1416 4605 1587 4660 verbo
1621 4604 2000 4672 adversantur,

426 4689 595 4761 219
629 4690 745 4747 sive
781 4692 857 4746 illi
897 4695 954 4748 in
988 4695 1338 4763 hominibus,
1374 4695 1490 4751 sive
1518 4695 1575 4750 in
1604 4695 1993 4767 eﬂ‘ugientibus

427 4784 608 4839 visqu
647 4794 896 4841 nostrum
934 4788 1298 4858 potestatibus
1337 4789 1485 4853 sint,
1519 4804 1658 4860 quos
1688 4790 1778 4846 ille
1808 4791 1999 4847 invisi-

429 4877 528 4932 bili
557 4880 880 4949 occultaque
916 4881 1116 4938 virtute
1147 4898 1214 4938 ex
1248 4882 1504 4938 omnibus
1543 4885 1799 4954 gentibus
1842 4886 1991 4940 aufe-

430 4982 559 5023 rens
596 4977 650 5023 et
688 4969 1048 5036 subvertens,
1087 4972 1267 5028 omnis
1334 4975 1551 5043 generis
1617 4977 1849 5045 populos
1887 4977 1996 5032 sibi

431 5058 537 5128 ipsi
565 5061 940 5117 auscultantes
970 5062 1169 5119 eﬂ‘ecit.
1205 5062 1337 5131 Quae
1366 5080 1495 5120 vero
1536 5065 1594 5121 in
1623 5066 1813 5121 eodem
1844 5070 1993 5137 psal-

430 5165 522 5205 mo
562 5163 910 5223 sequuntur:
941 5172 960 5206 ι
990 5153 1240 5227 Myrrha,
1294 5165 1350 5213 et
1402 5165 1589 5230 gutta,
1639 5168 1695 5214 et
1738 5161 1916 5216 cassia
1964 5176 1997 5216 a

2106 4546 2244 4600 μενα
2270 4530 2362 4581 καὶ
2390 4527 2659 4600 θυγατρὸς
2688 4527 2779 4580 τὸν
2809 4525 3059 4598 πατρῷον
3096 4522 3242 4578 οἷκον
3277 4522 3683 4594 ἀπολιπούσης,

2103 4622 2196 4674 καὶ
2226 4620 2304 4691 τῷ
2332 4618 2728 4692 προδηλωθέντι
2759 4616 2999 4690 Χριστῷ,
3033 4618 3128 4670 καὶ
3163 4614 3389 4688 βασιλεῖ,
3423 4615 3518 4668 καὶ
3550 4613 3683 4684 Θεῷ

2099 4711 2520 4782 νυμφευθείσης,
2554 4710 2756 4783 Κύριόν
2784 4727 2844 4762 τε
2885 4709 3046 4763 αὐτὸν
3091 4704 3546 4779 ἀναγορευούσης,
3578 4705 3684 4758 ἐπὶ

2096 4805 2194 4875 τὴν
2225 4802 2285 4868 ἐξ
2309 4803 2476 4857 ἐθνῶν
2514 4802 2860 4876 Ἐκκλησίαν,
2889 4802 2987 4874 τὴν
3019 4800 3276 4873 πατρῴαν
3302 4799 3397 4852 καὶ
3427 4797 3650 4867 δαιμονι
3670 4827 3682 4839 -

2099 4897 2201 4966 κὴν
2225 4897 2662 4967 ἀποστραφεῖσαν
2689 4895 2913 4966 πλάνην,
2943 4893 3328 4966 καθηραμένην
3365 4908 3444 4953 τε,
3474 4890 3571 4942 καὶ
3601 4892 3673 4959 τῇ

2102 4986 2192 5037 τοῦ
2243 4985 2387 5038 θείου
2425 4986 2580 5055 λόγου
2629 4984 2879 5056 κοινωνίᾳ
2913 4983 3426 5056 καθαρμοσαμένην,
3458 4979 3642 5047 ἀναφέ

2103 5080 2234 5148 ροιτ*
2279 5078 2343 5132 ἂν
2370 5080 2467 5149 τῆς
2506 5077 2889 5149 προσηκούσης
2918 5078 3251 5148 τυγχάνοντα
3285 5075 3423 5128 κατά
3468 5071 3674 5144 σχολὴν

2101 5171 2414 5244 ἑρμηνείας.

429 5290 772 5351 vestimentis
838 5284 948 5352 tuis
979 5296 1044 5362 ⁸³,
1075 5316 1095 5350 ι
1120 5306 1175 5354 et
1226 5305 1424 5355 caetera
1459 5299 1753 5369 deinceps,
1795 5316 1917 5370 qua:
1954 5302 2214 5356 dicuntur
2269 5301 2427 5372 quasi
2457 5301 2524 5356 de
2581 5304 2764 5373 regina
2798 5313 2850 5359 et
2885 5303 3023 5366 lilia,
3077 5318 3197 5374 qua:
3236 5311 3516 5373 paternam
3563 5302 3667 5361 do-

429 5395 580 5435 mum
613 5380 908 5450 reliquerit,
936 5394 1164 5450 quzeque
1187 5390 1242 5434 et
1268 5378 1505 5443 Christo,
1541 5389 1595 5434 et
1619 5379 1753 5449 regi,
1778 5388 1832 5434 et
1858 5378 1968 5435 Deo
1998 5379 2064 5434 tle
2091 5395 2201 5450 quo
2228 5381 2431 5437 dictum
2468 5392 2570 5449 est,
2603 5385 2924 5455 desponsata
2964 5388 3053 5453 sit,
3090 5388 3487 5465 Dominumque
3513 5391 3677 5448 illum

432 5476 663 5546 appellet
695 5494 707 5529 :
744 5476 810 5530 ad
841 5491 961 5533 eam
996 5492 1117 5547 qua:
1142 5476 1209 5532 de
1246 5476 1493 5547 gentibus
1515 5476 1739 5532 collecta
1775 5485 1861 5532 est
1895 5475 2213 5537 Ecclesiam.
2253 5494 2283 5534 a
2314 5481 2490 5549 patrio
2522 5483 2931 5554 daemonicoque
2977 5498 3162 5538 errore
3186 5500 3432 5540 aversam
3462 5500 3679 5556 expuro

435 5582 743 5645 gatamque,
791 5587 855 5628 ac
890 5572 1058 5628 divini
1091 5572 1241 5627 verbi
1285 5571 1775 5627 communicatione
1824 5586 2123 5626 connexam
2171 5582 2225 5628 et
2253 5576 2605 5646 compositam
2652 5579 2842 5635 referri
2883 5586 3157 5651 poterunt,
3208 5580 3302 5637 ubi
3344 5596 3442 5653 per
3495 5584 3680 5641 otium

437 5666 899 5725 accommodatam
935 5667 1037 5723 sibi
1072 5666 1564 5737 interpretationem
1593 5676 1751 5722 nacta
1781 5665 2002 5723 fuerint.

506 5765 532 5801 ν
564 5762 725 5820 lchr.
757 5779 841 5830 ιιι,
872 5764 959 5820 14.
1036 5765 1079 5798 ³ο
1106 5762 1248 5822 Psal.
1282 5780 1391 5839 crv,
1423 5766 1511 5822 15.
1588 5764 1628 5799 ¹¹
1656 5763 1763 5824 Isa.
1788 5782 1900 5832 ut,
1937 5767 1989 5822 1.

2104 5771 2110 5800 ¹
2144 5766 2284 5826 Psal.
2312 5784 2457 5833 xLIv,
2491 5768 2543 5825 9.
