3902 6264
492 307 606 365 563

1141 307 1407 364 EUSEBII
1445 307 1922 367 CJESARIENSIS
1956 311 2104 369 ΟΡΡ.
2144 312 2323 370 PARS
2359 311 2424 370 ΙΙ.
2464 345 2532 355 -
2568 315 3058 373 APOLOGETICA.

3596 319 3695 376 σοι

485 436 612 481 sunt
669 440 879 490 omnia,
923 435 1031 478 tam
1079 440 1199 494 quae
1243 430 1370 478 sunt
1410 425 1465 479 in
1504 426 1691 492 cmlis,
1725 442 1886 497 quam
1917 445 2014 499 qua

2140 431 2299 502 ρικῆς
2347 432 2522 503 ἀρχῆς
2546 449 2604 486 τε
2649 435 2742 488 καὶ
2777 434 3070 506 βασιλείας,
3102 434 3150 485 εἰ
3196 433 3269 504 μὴ
3301 434 3408 507 ἄρα
3441 435 3522 490 ἐνὶ
3557 437 3697 511 μόνῳ

479 527 609 573 sunt
635 534 797 590 supra
831 527 1062 581 terram,
1100 519 1214 571 sive
1246 517 1502 584 visibilia,
1526 517 1640 574 sive
1670 519 1988 577 invisibilia.
2015 541 2035 575 ι

481 609 718 680 lEquum
744 609 904 678 igitur
929 617 1033 670 est,
1062 609 1236 663 solum
1259 625 1381 663 eum
1404 622 1642 678 paternae
1667 612 2040 669 similitudinis

481 704 678 758 habere
697 703 992 757 dominium
1009 737 1028 766 ,
1051 701 1193 774 sicut
1213 710 1268 757 et
1286 703 1460 757 solum
1483 718 1605 760 esse
1623 704 1798 764 Patris
1818 722 2040 763 conses-

476 810 653 850 sorem
690 793 1024 848 declaratUm
1070 801 1172 849 est.
1205 793 1359 850 Patet
1393 794 1555 865 igitur
1589 796 1723 850 nulli
1763 805 2040 854 creatura-

476 901 596 939 rum
625 885 705 940 fas
725 899 846 940 csse
867 884 1048 938 sortiri
1071 885 1347 940 dexteram
1369 885 1752 956 omnipotentis
1772 888 2040 959 principa-

476 987 562 1032 tus
599 985 652 1030 et
683 976 893 1046 imperii
917 1016 932 1042 ,
967 977 1076 1032 nisi
1105 977 1156 1032 ei
1187 979 1281 1032 uni
1312 979 1414 1034 soli
1446 994 1606 1049 quem
1641 997 1707 1034 ex
1741 983 2036 1051 praemissis

473 1068 622 1123 varie
654 1076 705 1122 et
735 1068 1037 1138 theologice
1068 1069 1581 1126 demonstravimus.
1615 1072 1774 1142 221
1809 1073 2036 1131 Attende

475 1160 657 1229 igitur,
691 1160 1149 1229 quemadmodum
1193 1162 1283 1217 hic
1324 1179 1493 1239 unum
1537 1173 1592 1220 et
1641 1165 1891 1222 eumdem
1943 1184 2036 1224 su-

473 1267 692 1322 premus
730 1261 783 1306 et
821 1253 1004 1307 omnia
1054 1255 1157 1309 sub
1204 1268 1264 1309 se
1308 1254 1514 1311 habens
1559 1256 1851 1325 Dominus,
1901 1275 2035 1316 voce

474 1343 566 1396 illa
631 1343 836 1409 donat,
883 1363 902 1394 ‹
943 1342 1081 1399 Sede
1142 1359 1172 1398 a
1240 1345 1445 1400 dextris
1509 1347 1682 1415 meis;
1725 1367 1744 1401 ι
1785 1357 1840 1405 et
1901 1351 2031 1418 illa,

478 1453 497 1486 ι
536 1445 658 1489 ante
679 1433 988 1488 Luciferum
1017 1437 1176 1506 genui
1221 1446 1293 1491 te.
1327 1456 1346 1489 ι
1383 1436 1588 1494 Deinde
1630 1456 1755 1495 cum
1804 1442 2034 1512 jurisju-

471 1527 624 1581 randi
662 1527 1096 1595 confirmatione,
1144 1529 1529 1586 inconcussum
1573 1540 1735 1604 atque
1781 1535 2034 1592 immuta-

473 1621 632 1674 bilem
675 1620 728 1674 in
787 1619 1054 1673 inlinitum
1111 1635 1286 1675 aevum
1339 1625 1683 1693 permansuri
1739 1628 2030 1683 sacerdotii

471 1712 730 1768 honorem
775 1713 826 1766 ei
889 1712 1116 1782 largitur
1149 1731 1162 1766 :
1194 1731 1212 1766 ¢
1247 1713 1456 1770 Juravit
1485 1715 1778 1782 Dominus,
1821 1729 1876 1776 et
1919 1738 2028 1776 non

2137 521 2216 592 τῷ
2255 521 2343 576 διὰ
2395 522 2502 575 τῶν
2551 524 2922 595 προκειμένων
2974 523 3228 587 ποικίλως
3279 523 3694 600 θεολογουμένῳ.

2150 612 2468 684 Ἐπίστησον
2499 608 2611 676 οὖν,
2638 613 2712 678 ὡς
2744 615 2878 686 πρὸς
2921 616 3016 667 ἕνα
3048 616 3140 667 καὶ
3187 615 3276 669 τὸν
3317 617 3476 669 αὑτὸν
3505 619 3532 670 6
3560 619 3696 672 ἀνω-

2138 704 2282 756 τάτω
2318 704 2413 758 καὶ
2455 704 2547 758 ἐπὶ
2583 705 2798 758 πάντων
2830 705 3031 774 Κύριος
3072 706 3166 758 καὶ
3196 705 3312 776 τὴν,
3353 726 3372 758 ‹
3420 708 3605 762 Κάθου
3639 711 3698 764 ἐκ

2136 793 2324 860 δεξιῶν
2352 811 2473 866 μου,
2506 814 2524 846 ι
2549 796 2796 866 δωρεῖται
2831 795 3030 866 φωνὴν,
3067 797 3158 850 καὶ
3182 798 3299 867 τὴν,
3335 816 3354 847 ‹
3387 798 3499 869 Πρὸ
3535 799 3699 852 Ἐωσει

2135 885 2302 956 φόρου
2356 887 2648 956 γενέννηκά
2695 903 2774 939 σε.
2818 905 2837 938 ι
2891 887 3027 940 Μεθ’
3069 888 3230 958 ὅρκου
3278 889 3335 941 δὲ
3382 887 3698 942 διαϐεϐαιώ-

2137 991 2294 1039 σεως,
2318 975 2562 1030 ἄσειστον
2594 976 2688 1029 καὶ
2725 975 3075 1048 ἀπαράϐατον
3107 976 3252 1048 αὐτῷ
3291 977 3388 1048 τὴν
3412 977 3578 1048 τιμὴν
3605 978 3699 1048 τῆς

2134 1067 2211 1128 είς
2243 1066 2465 1138 ἄπειρον
2491 1067 2660 1121 αἰῶνα
2691 1067 2943 1138 διαρκοῦς
2977 1068 3270 1139 ἱερωσύνης
3302 1068 3693 1139 παραδίδωσινο

2140 1176 2159 1210 ι
2195 1159 2396 1229 Ὢμοσε
2417 1158 2638 1231 Κύριος,
2667 1159 2757 1213 καὶ
2781 1161 2840 1212 ού
2865 1159 3362 1232 μεταμεληθήσεται
3381 1177 3395 1190 ·
3423 1161 3493 1212 Σὺ
3523 1161 3698 1234 ἱερεὺς

2133 1253 2212 1314 εἰς
2233 1252 2420 1304 αἰῶνα.
2449 1271 2468 1304 ι
2486 1251 2581 1315 Τίς
2612 1251 2655 1305 δ’
2683 1251 2747 1305 ἂν
2776 1254 3070 1319 ἐπινοοῖτος
3097 1252 3209 1305 οὔτι
3239 1253 3302 1324 δὴ
3327 1252 3514 1324 θνητὸς
3536 1253 3697 1325 ἀνὴρ)

2133 1343 2267 1397 ἀλλά
2295 1345 2414 1397 οὐδὲ
2445 1344 2547 1414 τῆς
2577 1343 2868 1415 ἀγγελικῆς
2901 1344 3133 1414 φύσεως,
3177 1344 3279 1398 ὑπὸ
3307 1345 3442 1399 Θεοῦ
3486 1346 3586 1417 μὲν
3613 1355 3697 1414 τε.

2131 1436 2476 1508 γεννημένος,
2513 1437 2592 1500 εἰς
2623 1435 2790 1490 αἰῶνα
2827 1435 2883 1488 δὲ
2929 1437 3240 1507 ἰερωμένος,
3292 1439 3320 1490 6
3360 1437 3454 1490 καὶ
3489 1439 3549 1490 ἐν
3588 1437 3696 1497 τοῖς

2132 1529 2362 1603 πρόσθεν
2393 1527 2590 1582 εἰπών·
2627 1547 2646 1579 ι
2689 1525 2890 1598 Κύριος
2918 1526 3097 1580 ἐκτισέ
3135 1545 3200 1598 με
3226 1529 3397 1600 ἀρχὴν
3424 1529 3557 1580 ὁδῶν
3603 1532 3697 1582 αὐ-

2131 1620 2223 1672 τοῦ
2256 1623 2334 1684 εἰς
2365 1620 2499 1692 ἔργα
2525 1619 2714 1674 αὐτοῦ.
2751 1619 2862 1690 Πρὺ
2891 1618 2985 1672 τοῦ
3026 1619 3217 1685 αἰῶνος
3250 1619 3577 1690 ἐθεμελίωσὲ
3608 1637 3693 1690 με,

2132 1713 2188 1765 ἐν
2234 1713 2374 1784 ἀρχῇ
2413 1712 2520 1784 πρὸ
2558 1712 2652 1765 τοῦ
2695 1711 2794 1783 ὅρη
2840 1711 3181 1783 ἑδρασθῆναι,
3227 1713 3331 1783 πρὸ
3377 1713 3434 1765 δέ
3479 1711 3696 1766 πάντων

471 1806 756 1877 pmnitebit
784 1821 943 1860 eum:
979 1805 1062 1860 Tu
1099 1821 1159 1862 es
1207 1807 1464 1864 sacerdos
1508 1811 1562 1864 in
1594 1820 1874 1872 aeternum.
1909 1833 1928 1865 ι
1961 1817 2014 1867 Al

2132 1804 2333 1875 βουνῶν
2378 1809 2539 1878 γεννᾷ
2582 1825 2669 1880 με.
2710 1825 2728 1858 ›
2761 1807 2870 1860 Καὶ
2920 1807 3155 1876 πρόσχες
3199 1804 3255 1858 δὲ
3303 1805 3579 1876 ἐπιμελῶς
3606 1803 3696 1857 τὸν

467 1901 610 1952 eiiim
663 1899 788 1969 quis
846 1898 935 1952 hic
984 1899 1202 1954 tandem
1257 1892 1624 1972 intelligatur?
1674 1921 1867 1976 nempe
1918 1923 2028 1962 non

467 1992 550 2044 vir
579 1990 824 2046 mortalis
851 1991 996 2045 ullus
1015 2031 1029 2049 .
1061 2005 1124 2044 ac
1152 2006 1220 2046 nc
1269 1996 1527 2063 angelicae
1554 1996 1772 2066 quidem
1819 2006 2028 2055 natarae

465 2084 772 2155 quispiam,
809 2084 902 2154 qui
945 2099 976 2138 a
1017 2083 1129 2140 Deo
1159 2087 1377 2156 quidem
1431 2089 1503 2144 sit
1542 2089 1750 2156 factus,
1787 2092 1842 2146 in
1871 2099 2028 2149 mter-

469 2194 600 2233 num
651 2192 782 2232 vero
859 2176 1116 2234 sacerdos
1161 2180 1528 2247 constitutus,
1575 2183 1670 2238 sed
1724 2185 1874 2241 solus
1939 2187 2027 2243 ille

462 2267 556 2340 qui
592 2268 646 2322 in
681 2269 749 2324 iis
774 2308 788 2334 ,
821 2284 942 2340 quae
985 2276 1142 2325 antea
1197 2271 1482 2328 citavimus
1531 2275 1798 2341 oraculis,
1847 2277 2022 2333 dixit:

469 2359 735 2416 «Creavit
785 2375 871 2415 me
931 2359 1142 2414 initium
1200 2362 1409 2416 viarum
1471 2377 1694 2419 suarum
1751 2366 1806 2420 in
1859 2382 2023 2437 opera

461 2467 580 2507 sua.
641 2450 780 2506 Ante
841 2451 1099 2507 saaculum
1154 2449 1401 2506 fundavit
1459 2469 1582 2518 me,
1638 2456 1694 2510 in
1754 2457 2023 2528 principio

459 2555 750 2615 antequam
809 2551 1020 2598 montes
1074 2543 1468 2610 stabilirentur,
1536 2554 1590 2600 et
1643 2556 1769 2603 ante
1831 2563 2022 2605 omnes

451 2639 625 2692 colles
659 2636 830 2707 gignit
857 2651 942 2690 me
975 2636 1040 2690 η.
1073 2657 1092 2688 ›
1123 2635 1332 2693 Adhibe
1362 2654 1490 2694 vero
1518 2641 1762 2695 animum
1793 2641 2022 2713 diligen-

460 2743 564 2793 ter,
610 2736 663 2784 et
701 2729 1082 2800 cogitationem
1125 2730 1380 2796 intende,
1423 2738 1540 2788 tum
1585 2733 1653 2788 ad
1701 2744 2019 2804 praesentem

457 2821 726 2890 psalmum
750 2858 766 2884 ,
799 2828 912 2874 tum
945 2817 1010 2872 ad
1055 2833 1149 2875 eas
1212 2836 1334 2890 quae
1370 2828 1528 2875 antea
1589 2823 1848 2892 expositae
1893 2830 2021 2878 sunt

460 2926 643 2966 voces.
669 2909 728 2964 In
752 2910 855 2964 hoc
879 2911 1022 2965 enim
1047 2910 1321 2983 ingenitus
1351 2909 1495 2966 Deus
1524 2927 1646 2966 eum
1676 2911 1769 2982 qui
1804 2913 1872 2968 ab
1899 2913 2020 2984 ipso

454 3010 569 3066 est,
600 3010 653 3057 et
691 3009 882 3056 noster
928 3002 1191 3058 Dominus
1244 3010 1367 3066 est,
1428 3003 1624 3059 sedere.
1668 3019 1852 3060 secum
1910 3020 2017 3059 una

451 3093 637 3164 jubet,
688 3093 915 3149 dicens:
948 3112 967 3145 ι
998 3092 1138 3150 Sede
1181 3109 1211 3149 a
1254 3093 1464 3149 dextris
1498 3094 1651 3150 meis.
1686 3114 1704 3146 ›
1736 3093 1795 3150 ln
1848 3096 2017 3150 altero

2129 1895 2270 1959 νοῦν,
2300 1897 2595 1968 ἐπιστήσας
2625 1897 2701 1967 τῷ
2731 1914 2790 1950 τε
2823 1897 3048 1968 παρόντι
3092 1896 3310 1969 ψαλμῷ,
3345 1899 3439 1952 καὶ
3474 1898 3598 1960 ταῖς
3638 1897 3697 1949 ἐν

2125 1986 2203 2057 τῷ
2232 1989 2334 2060 πρὸ
2371 1989 2557 2042 τούτου
2596 1989 3012 2060 παρατεθείσαις
3050 1993 3270 2059 φωναῖς.
3317 1991 3403 2044 Ἑν
3442 1990 3541 2062 μὲν
3587 1989 3694 2060 γὰρ

2126 2079 2297 2151 τούτῳ
2329 2081 2357 2133 6
2389 2082 2646 2136 ἀνωτάτω
2678 2080 2809 2144 Θεὸς
2843 2080 3126 2157 σύνθρονον
3171 2081 3260 2135 τὸν
3298 2081 3570 2152 δεύτερον,
3599 2082 3694 2134 καὶ

2124 2171 2280 2242 ἡμῶν
2308 2172 2530 2244 Κύριον,
2563 2171 2754 2226 ἑαυτοῦ
2787 2173 3090 2243 καθίστησι,
3117 2172 3315 2242 λέγων·
3353 2192 3371 2225 ι
3411 2173 3596 2226 Κάθου
3631 2173 3695 2225 ἐκ

2123 2261 2307 2328 δεξιῶν
2340 2282 2474 2336 μουο
2512 2285 2529 2317 ι
2563 2267 2617 2316 ἐν
2666 2265 2722 2316 δὲ
2766 2264 2842 2334 τῷ
2886 2264 2990 2335 πρὸ
3028 2264 3216 2318 τούτου
3249 2265 3340 2318 τὸν
3372 2263 3560 2336 θρόνον
3612 2265 3692 2328 εἰς

2125 2355 2294 2410 αἰῶνα
2327 2358 2519 2422 αἰῶνος
2555 2359 2842 2432 διαμένειν,
2877 2362 2905 2414 6
2936 2359 3089 2428 λόγος
3131 2358 3348 2430 ἔφησεν,
3389 2357 3525 2428 ὁμοῦ
3558 2356 3695 2412 Θεὸν

2125 2446 2282 2500 αὑτὸν
2315 2449 2655 2521 ἀναγορεύων
2688 2451 2752 2504 δι’
2793 2445 2864 2504 ὧν
2899 2466 3089 2522 φησιν·
3127 2469 3145 2501 ι
3190 2450 3247 2502 '0
3280 2447 3464 2517 θρόνος
3503 2466 3624 2513 σου,
3663 2447 3694 2502 6

2123 2539 2272 2602 Θεὸς,
2303 2542 2381 2603 εἰς
2413 2541 2502 2594 τὸν
2531 2541 2700 2594 αἰῶνα
2731 2541 2822 2595 τοῦ
2856 2541 3065 2604 αἰῶνος.
3108 2560 3126 2592 ι
3167 2540 3332 2593 Πάλιν
3365 2541 3423 2592 ἐν
3471 2539 3571 2610 μὲν
3615 2537 3693 2610 τῷ

2126 2630 2263 2699 μετά
2294 2633 2496 2700 χεῖρας,
2537 2649 2554 2681 ‹
2599 2631 2836 2696 Ῥάὸδον,
2873 2651 2891 2685 ν
2925 2632 3076 2704 φησὶ,
3123 2651 3141 2682 ι
3185 2632 3464 2702 δυνάμεως
3492 2630 3692 2695 ἐξαπο-

2123 2720 2295 2772 στελεῖ
2327 2737 2404 2773 σοι
2433 2721 2631 2792 Κύριος
2658 2725 2721 2776 ἐκ
2750 2723 2912 2777 Σιών·
2955 2743 2972 2775 ι
3003 2726 3059 2776 ἐν
3084 2724 3128 2777 δ’
3158 2723 3368 2793 ἐκείνῳ,
3403 2741 3422 2774 ι
3465 2723 3693 2787 Ῥἁεῖδος

2121 2811 2408 2883 εὐθύτητος
2437 2815 2470 2884 ή
2501 2814 2692 2884 ῥάϐδος
2719 2817 2816 2886 τῆς
2851 2816 3121 2887 βασιλείας
3149 2834 3263 2870 σου.
3305 2836 3324 2869 ι
3359 2819 3467 2870 Καὶ
3487 2813 3690 2880 αὖθιςὸ

2123 2903 2219 2971 μὲν
2268 2904 2455 2974 παρών
2494 2923 2655 2976 φησι·
2694 2925 2712 2957 ‹
2753 2907 2933 2962 Κάθου
2980 2911 3043 2962 ἐκ
3082 2907 3270 2974 δεξιῶν
3318 2925 3439 2980 μου,
3475 2909 3586 2972 ἕως
3625 2910 3692 2963 ἀν

2119 2993 2195 3046 θῶ
2225 2995 2351 3058 τοὺς
2389 2995 2614 3068 ἐχθρούς
2652 3015 2746 3051 σου
2785 2999 3070 3055 ὑποπόδιον
3109 3001 3217 3054 τῶν
3242 3001 3415 3054 ποδῶν
3447 3017 3564 3066 σου,
3597 3003 3692 3056 καὶ

2119 3087 2566 3159 κατακυριεύσεις
2608 3090 2666 3142 ἐν
2720 3092 2868 3162 μέσῳ
2910 3091 3016 3148 τῶν
3073 3093 3277 3165 ἐχθρῶν
3324 3110 3449 3146 σου·
3501 3113 3522 3146 ι
3573 3097 3604 3149 6
3634 3094 3691 3148 δέ

455 3201 614 3248 vero,
646 3201 806 3255 quem
851 3192 977 3238 ante
1008 3186 1154 3239 hunc
1184 3185 1358 3255 ipsum
1400 3187 1754 3256 exposuimus
1776 3227 1790 3251 ,
1829 3187 2011 3242 sedem

2117 3177 2378 3248 πρόσθεν·
2417 3199 2435 3231 ι
2467 3181 2545 3233 Τά
2580 3181 2703 3254 βέλη
2739 3200 2830 3236 σου
2863 3185 3192 3256 ἠκονημένα,
3226 3185 3425 3239 δυνατὰ
3458 3188 3516 3240 ἐν
3555 3204 3692 3257 καρο

453 3280 507 3331 in
539 3278 794 3332 smculum
825 3277 1008 3332 saeculi
1053 3292 1307 3343 manere,
1351 3280 1630 3333 oraculum
1679 3278 2010 3344 aliirmahatr,

451 3369 621 3425 Deum
659 3369 874 3423 interim
910 3370 1062 3424 illum
1094 3371 1374 3441 appellans
1407 3371 1460 3425 in
1509 3371 1617 3426 illis
1661 3371 1876 3436 verbis,
1920 3372 2012 3426 ubi

449 3461 568 3516 ait:
610 3479 628 3512 ι
667 3459 837 3515 Sedes
884 3467 979 3514 tua
1031 3460 1176 3516 Deus
1226 3461 1280 3516 in
1332 3463 1592 3517 saeculum
1649 3463 1836 3518 saeculi
1882 3463 1947 3518 ⁸⁷.
1986 3482 2005 3515 ι

449 3551 663 3608 Rursus
713 3552 794 3605 in'
825 3569 890 3607 eo
942 3552 1036 3623 qui
1091 3568 1238 3608 nunc
1295 3553 1436 3608 inter
1489 3568 1682 3609 manus
1734 3560 2008 3621 versatur,

453 3663 473 3697 ι
503 3645 740 3713 virgam,
796 3644 1011 3712 inquit,
1053 3646 1274 3699 virtutis
1323 3646 1532 3700 emittet
1585 3645 1680 3700 tibi
1749 3645 2010 3702 Dominus

443 3753 510 3794 ex
547 3737 673 3791 Sion
707 3737 771 3801 ⁸⁸,
815 3756 831 3786 ι
869 3737 924 3791 in
975 3736 1068 3790 illo
1114 3743 1294 3792 autem
1321 3777 1336 3803 ,
1389 3757 1407 3789 ι
1444 3738 1597 3808 virga
1646 3737 1962 3794 directionis
1989 3777 2006 3804 ,

442 3828 594 3898 virga
647 3828 801 3898 regni
861 3830 938 3881 tui
971 3827 1034 3882 η.
1072 3846 1091 3878 ›
1127 3825 1192 3882 Ει
1239 3845 1436 3884 rursus
1481 3829 1570 3884 hic
1619 3830 1838 3900 quidem
1889 3831 2005 3884 ait:

350 3931 352 3933 ‘
448 3919 639 3975 «Sede
691 3936 720 3974 a
774 3919 982 3976 dextris
1038 3920 1214 3980 meis,
1265 3921 1439 3976 donec
1499 3937 1696 3992 ponam
1756 3923 2007 3978 inimicos

443 4021 568 4066 tuos
617 4011 916 4072 scabellum
964 4011 1159 4082 pedum
1213 4019 1471 4079 tuorum,
1527 4023 1581 4068 et
1637 4014 2007 4070 dominaberis

443 4101 499 4157 in
534 4101 712 4156 medio
745 4101 1092 4156 inimicorum
1140 4112 1355 4157 tuorum
1387 4103 1456 4158 ³⁸.
1487 4123 1506 4155 ι
1532 4103 1625 4160 llle
1663 4120 1794 4160 vero
1815 4147 1830 4171 ,
1869 4125 1888 4158 ‹
1917 4121 2006 4159 sa-

333 4181 340 4191 ’
439 4192 587 4264 gitur.
636 4200 742 4247 tuae
794 4200 994 4257 acutae,
1046 4201 1297 4263 potentes
1342 4195 1399 4250 in
1445 4196 1612 4252 corde
1657 4197 2001 4252 inimicorum

439 4283 604 4353 regis.
633 4305 652 4337 ι
679 4283 819 4354 Ergo
849 4283 1012 4339 etiam
1044 4300 1106 4339 ea
1137 4300 1256 4356 quae
1283 4285 1350 4339 ad
1379 4286 1520 4356 ejus,
1539 4287 1604 4340 de
1632 4303 1740 4356 quo
1768 4288 2000 4357 agimus,

436 4376 691 4431 inimicos
735 4377 1036 4446 pertinent,
1086 4377 1141 4430 in
1183 4384 1416 4446 utroque
1455 4378 1557 4433 sibi
1607 4380 1722 4448 ipsa
1768 4394 2002 4434 consen-

435 4464 762 4530 tiunt.'Quis
791 4481 920 4536 ergo
949 4468 1110 4521 modo
1141 4469 1258 4522 suis
1284 4467 1460 4523 oculis
1503 4483 1735 4524 cernens
1778 4469 1832 4522 in
1885 4485 1998 4524 me-
2031 4508 2074 4563 D

433 4556 540 4612 diis
570 4557 799 4610 urbibus
823 4597 837 4618 ,
873 4557 926 4610 in
962 4558 1100 4614 vicis
1137 4574 1201 4614 ac
1242 4560 1588 4630 regionibus,
1620 4561 1676 4614 in
1710 4568 1827 4615 toto
1865 4562 1999 4617 orbe

432 4646 685 4704 ﬂorentes
729 4647 1037 4705 'Salvatoris
1086 4651 1259 4706 nostri
1312 4650 1588 4709 Ecclesias
1619 4694 1634 4718 ,
1687 4660 1741 4708 et
1797 4669 1892 4709 eos
1941 4655 1995 4708 in

430 4738 632 4808 quibus
679 4737 994 4794 dominatur
1041 4743 1305 4811 pepulos,
1335 4750 1390 4796 et
1421 4743 1804 4798 innumerabili
1848 4745 1997 4799 viro~

432 4843 551 4882 rum
582 4829 928 4884 multitudine
955 4831 1189 4886 refertos
1235 4841 1569 4896 conventus,
1619 4833 1713 4902 qui
1748 4834 1824 4888 illi
1864 4849 1998 4891 con-

431 4918 630 4973 secrati
661 4928 817 4982 sunt,
848 4922 1054 4990 quique
1081 4923 1320 4996 undique
1352 4931 1466 4977 tum
1509 4923 1578 4978 ab
1621 4924 1689 4978 iis
1719 4924 1814 4994 qui
1851 4924 1995 4979 inter

430 5008 677 5065 homines
729 5021 1048 5077 cernuntur,
1100 5024 1210 5068 tum
1263 5015 1332 5068 ab
1383 5014 1765 5083 ell'ugientihus
1814 5016 1992 5073 visum

426 5109 674 5154 nostrum
697 5141 710 5164 ,
756 5111 809 5156 et
848 5103 1080 5157 occultis
1129 5103 1366 5158 inimicis
1397 5111 1560 5174 atque
1591 5105 1839 5160 hostibus
1870 5106 1991 5175 ejus

424 5188 688 5247 doctrina:
721 5209 842 5263 quae
876 5209 905 5247 a
947 5194 1168 5249 Christo
1205 5196 1401 5249 tradita
1433 5203 1517 5250 est
1541 5237 1555 5258 ,
1595 5197 1985 5262 circumsessi,

427 5296 537 5335 non
568 5283 868 5339 admiretur
896 5301 1137 5354 praesens
1187 5286 1505 5352 oraculum,
1557 5287 1702 5356 quod
1755 5287 1821 5341 ad
1869 5289 1989 5358 ejus

425 5385 715 5442 personam
744 5377 1086 5430 enuntiatum
1117 5384 1229 5441 est,
1255 5385 1315 5431 et
1345 5376 1412 5432 de
1455 5393 1566 5446 quo
1609 5377 1699 5450 hic
1746 5379 1985 5444 canitur,

423 5463 556 5518 illud
611 5466 838 5536 utique:
877 5485 897 5518 ι
939 5467 1229 5524 Dominare
1285 5469 1341 5524 in
1399 5470 1586 5526 medio
1637 5473 1985 5530 inimicorum

423 5560 686 5614 tuorum?
717 5581 734 5610 ι
766 5559 968 5618 Deinde
1005 5563 1263 5632 quoniam
1304 5564 1358 5617 in
1394 5579 1462 5619 eo
1509 5569 1604 5635 qui
1653 5569 1983 5633 antecessit,

416 5652 625 5706 dictum
655 5661 740 5709 est
770 5654 922 5708 illum
968 5664 1193 5710 unctum
1243 5671 1367 5712 esse
1395 5657 1556 5728 222
1583 5660 1704 5714 oleo
1729 5663 1974 5716 exsulta-

2113 3269 2199 3340 δίᾳ
2221 3269 2326 3323 τῶν
2355 3271 2563 3344 ἐχθρῶν
2605 3273 2698 3326 τοῦ
2728 3273 3007 3344 βασιλέως.
3041 3295 3060 3326 ι
3097 3276 3302 3331 Οὐκοῦν
3334 3277 3426 3330 καὶ
3455 3277 3526 3329 τὰ
3563 3277 3694 3349 περὶ

2111 3360 2220 3415 τῶν
2253 3362 2462 3434 ἐχθρῶν
2484 3364 2574 3417 τοῦ
2619 3365 2945 3438 δηλουμένου
2987 3370 3044 3422 ἐν
3081 3369 3409 3441 ἀμφοτέροις
3449 3369 3686 3441 συνᾴδει.

2112 3453 2207 3518 Τίς
2227 3455 2361 3526 δῆτα
2381 3452 2492 3520 οὖν,
2517 3456 2810 3529 ὀφθαλμοῖς
2829 3459 2970 3529 ὁρῶν
2993 3461 3050 3515 ἐν
3078 3459 3266 3531 μέσαις
3295 3464 3414 3524 ταῖς
3441 3460 3690 3526 πόλεσιν,

2111 3545 2168 3600 ἐν
2183 3563 2240 3599 τε
2261 3545 2472 3619 κώμαις
2491 3549 2582 3602 καὶ
2602 3547 2821 3621 χώραις,
2841 3550 2960 3604 καθ’
2983 3550 3108 3622 ὅλης
3129 3569 3188 3605 τε
3217 3554 3313 3623 τῆς
3337 3554 3686 3624 οἰκουμένης,

2111 3637 2372 3702 ἀνθούσας
2417 3639 2517 3703 τὰς
2560 3639 2652 3692 τοῦ
2694 3642 2944 3713 Σωτῆρος
2992 3641 3145 3712 ἡμῶν
3177 3641 3531 3714 Ἐκκλησίας,
3564 3645 3689 3708 τούς

2108 3745 2167 3782 τε
2203 3731 2338 3802 πρὸς
2379 3730 2541 3784 αὑτοῦ
2585 3734 3001 3803 κυριευομένους
3047 3733 3228 3798 λαοὺς,
3260 3736 3356 3788 καὶ
3379 3735 3689 3808 μυρίανδρα

2111 3820 2289 3894 πλήθη
2305 3823 2412 3878 τῶν
2433 3823 2580 3894 αὐτῷ
2607 3824 3060 3896 καθωσιωμένων,
3082 3827 3412 3897 πανταχόθεν
3439 3829 3552 3882 ὑπὸ
3579 3829 3688 3883 τῶν

2107 3914 2394 3985 ὁρωμένων
2427 3933 2487 3969 τε
2517 3918 2575 3970 ἐν
2613 3917 2939 3990 ἀνθρώποις,
2971 3919 3215 3990 ἀοράτων
3247 3937 3306 3972 τε
3334 3921 3428 3973 καὶ
3455 3922 3685 3990 ἀφανῶν

2107 4005 2335 4077 ἐχθρῶν,
2366 4007 2460 4060 καὶ
2507 4007 2778 4078 πολεμίων
2809 4009 2906 4080 τῆς
2937 4009 3030 4063 τοῦ
3069 4010 3300 4083 Χριστοῦ
3331 4012 3686 4077 διδασκαλίας

2107 4097 2466 4170 κυκλούμενα,
2496 4099 2594 4152 οὐκ
2619 4100 2684 4154 ἂν
2710 4100 3004 4172 θαυμάσειε
3031 4101 3121 4156 τὸν
3149 4105 3386 4175 παρόντα
3407 4106 3681 4177 χρησμὸν,

2105 4190 2182 4254 εἰς
2233 4191 2519 4264 πρόσωπον
2552 4195 2975 4266 ἀναφωνηθὲντα
2998 4193 3092 4249 τοῦ
3125 4195 3539 4268 θεσπιζομένου,
3584 4201 3679 4253 τό·

2110 4301 2130 4334 ί
2169 4284 2539 4357 Κατακυρίευε
2586 4287 2644 4338 ἐν
2705 4287 2853 4358 μέσῳ
2906 4289 3014 4342 τῶν
3072 4289 3280 4362 ἐχθρῶν
3328 4309 3457 4358 cev;
3515 4313 3537 4345 ι
3574 4296 3685 4347 Καὶ

2103 4378 2397 4450 ἐπειδήπερ
2438 4381 2495 4432 ἐν
2535 4380 2611 4451 τῷ
2651 4381 2884 4452 πρόσθεν
2933 4383 3215 4455 κεχρίσθαι
3254 4383 3333 4457 τῷ
3383 4385 3552 4458 ἐλαίῳ
3583 4389 3684 4460 τῆς

2103 4469 2467 4537 ἀγαλλιάσεως
2500 4473 2650 4544 παρά
2679 4475 2803 4537 τοὺς
2838 4475 3096 4546 μετόχους
3145 4495 3258 4543 σου,
3289 4479 3480 4550 ίερέων
3507 4481 3568 4534 δὲ
3602 4483 3682 4534 οἰ-

2104 4564 2246 4615 κεῖον
2276 4558 2342 4634 ἦν
2375 4566 2506 4636 παρ’
2545 4565 2811 4636 Ἐὀραίοις
2837 4568 2896 4620 τὸ
2922 4569 3194 4640 χρίεσθαιο
3225 4573 3447 4636 εἰκότως
3475 4576 3504 4627 6
3540 4573 3682 4645 μετὰ

2102 4657 2287 4726 χεῖρας
2337 4657 2434 4727 ἤδη
2493 4657 2808 4730 λευκότερον
2879 4662 3027 4732 ἱερέα
3091 4664 3250 4717 αὐτὸν
3314 4665 3679 4736 ἐπιφημίζει,

2104 4745 2321 4800 πλείονα
2370 4748 2644 4820 προτιθεὶς
2690 4751 2817 4822 περὶ
2866 4752 3029 4808 αὑτοῦ
3077 4756 3439 4821 διδασκαλίαν,
3495 4759 3568 4812 δι’
3612 4755 3682 4833 ἧς

2105 4837 2262 4908 μόνον
2293 4839 2452 4893 αὑτὸν
2486 4841 2638 4914 παρά
2672 4845 2797 4906 τοὺς
2839 4844 3058 4899 πώποτε
3096 4845 3311 4902 αἰώνιον
3342 4849 3492 4921 ίερέα
3535 4847 3682 4906 εἶναι

2101 4929 2378 4995 παιδεύει,
2423 4933 2559 5004 ὅπερ
2617 4934 2840 5006 οὐδεμιᾷ
2895 4935 3179 5009 ἀνθρώπου
3237 4939 3392 5009 φύσει
3448 4941 3681 4996 δυνατὸν

2101 5020 2448 5092 ἐφαρμόζειν.
2500 5025 2658 5078 Κατά
2703 5026 2801 5098 τὴν
2849 5027 3002 5094 τάξιν
3058 5029 3387 5100 Μελχισεδὲκ
3426 5033 3682 5104 ἱερᾶσθαί

2099 5127 2262 5182 φησιν
2299 5113 2478 5177 αὑτὸν,
2511 5116 2646 5188 πρὸς
2693 5118 3089 5192 ἀντιδιαστολὴν
3119 5120 3213 5173 τοῦ
3249 5122 3384 5176 κατὰ
3417 5124 3516 5192 τὴν
3552 5126 3680 5179 Μω-

2099 5203 2236 5268 σέως
2259 5205 2494 5271 διάταξιν
2537 5209 2747 5282 ἱερέως,
2779 5212 2897 5282 ἦτοι
2926 5211 3020 5266 τοῦ
3062 5212 3292 5284 Ἀαρὼν,
3319 5214 3350 5285 ἢ
3403 5233 3494 5269 και
3530 5235 3680 5281 τινος

2094 5295 2202 5348 τῶν
2231 5296 2287 5363 ἐξ
2313 5299 2518 5352 ἐκείνου
2539 5319 2551 5331 ·
2588 5298 2662 5357 ὧν
2688 5304 2914 5369 ἕκαστος
2959 5305 3031 5376 μὴ
3072 5304 3144 5359 ὢν
3175 5307 3434 5378 πρότερον
3464 5309 3675 5381 ἰερεὺς,

2096 5385 2321 5459 ὕστερόν
2348 5407 2477 5444 ποτε
2501 5392 2569 5446 δι’
2586 5394 2886 5467 ἀνθρώπων
2907 5397 3099 5469 ἀλοιφῇ
3119 5415 3225 5451 τινι
3246 5401 3516 5472 σκευαστῇ
3531 5401 3681 5473 χριό-

2098 5495 2276 5544 μενος,
2316 5481 2391 5543 ὡς
2439 5483 2496 5535 ἐν
2542 5483 2730 5547 τύποις
2758 5489 2931 5541 εἰπεῖν
2962 5490 3055 5542 καὶ
3099 5489 3400 5556 συμϐόλοις,
3434 5491 3679 5566 σκιώδης

2092 5587 2176 5634 τις
2206 5571 2299 5626 καὶ
2337 5572 2600 5639 εἰκονικὸς
2631 5577 2864 5649 Χριστὸς
2899 5579 3238 5633 ἀπετελεῖτο”
3265 5581 3402 5636 ἀλλὰ
3432 5583 3531 5635 καὶ
3576 5583 3677 5638 ἅτε

2085 5662 2277 5732 θνητὸς
2305 5665 2382 5719 ὢν
2408 5668 2508 5719 οὐκ
2547 5668 2628 5731 εἰς
2656 5669 2865 5740 μακρὸν
2893 5670 3178 5758 ἀπετίθετο
3207 5672 3305 5738 τὴν
3340 5673 3673 5746 ἱερωσύνην.

491 5765 536 5798 ⁸⁸
574 5764 734 5822 Prov.
771 5783 891 5830 vm,
925 5769 1112 5826 23-25.
1193 5774 1234 5804 "
1273 5770 1416 5832 Psal.
1443 5790 1589 5841 xuv,
1624 5775 1674 5837 Ἰ.
1752 5778 1796 5810 ¹⁸
1829 5776 1966 5836 Psal,
2001 5795 2115 5846 (nx,
2139 5782 2193 5837 2.

2285 5785 2328 5816 ¹⁹
2363 5782 2506 5840 Psal.
2533 5798 2678 5853 ‘SLIV,
2725 5788 2774 5841 7.
2876 5789 2920 5822 ”
2952 5786 3091 5844 Psal.
3121 5804 3236 5855 cxx,
3254 5789 3304 5846 2.
