3902 6264
264 346 359 401 565

1140 341 1788 399 DEMONSTRATIONIS
1826 343 2280 404 EVANGELICIB
2321 349 2446 404 LIB.
2491 351 2554 405 Υ.

3384 363 3489 424 366

263 459 362 514 Καὶ
394 459 542 530 παρά
611 457 709 528 μὲν
755 456 832 528 τῷ
870 457 1134 510 Ἰουδαίων
1177 458 1320 528 μόνῳ
1375 458 1555 527 ἱερᾶτο
1595 457 1725 525 λαῷ,
1760 455 1810 506 οἱ

1927 456 2086 511 tionis
2119 475 2226 528 prae
2263 462 2618 533 participibus
2649 465 2792 534 tuis,
2819 472 2874 522 et
2903 469 3242 524 sacerdotum
3275 473 3328 526 id
3373 487 3491 530 erat

263 553 361 626 μὴν
392 551 482 604 καὶ
512 549 660 620 παρὰ
694 552 804 612 τοῖς
837 548 1012 612 ἄλλοις
1059 547 1283 601 ἔθνεσιν.
1328 546 1484 600 Ἀλλὰ
1532 547 1651 599 οὐδὲ
1703 547 1818 617 μεθ’

261 643 593 716 ὁρκωμοσίας
614 641 743 694 Θεοῦ
781 642 871 694 ἐπὶ
901 642 999 713 τὴν
1032 640 1366 710 λειτουργίαν
1393 641 1610 712 παρῄει,
1641 640 1819 711 κρίσει

260 737 310 792 δὲ
336 734 630 805 ἀνθρώπων
657 733 982 804 τιμώμενος·
1031 735 1104 798 ὡς
1157 735 1249 787 καί
1283 751 1410 787 ποτε
1443 735 1515 805 μὴ
1555 733 1702 798 ἄξιον
1732 734 1820 786 εύ-

262 826 530 898 ρίσκεσθαι
578 829 632 879 ἐν
676 827 856 889 αὐτοῖς
894 826 991 897 τῆς
1040 826 1132 878 τοῦ
1173 824 1306 878 Θεοῦ
1353 825 1664 907 θεραπείας,
1710 820 1819 888 οἷος

257 919 655 988 ἀναγέγραπται
684 920 711 970 6
744 917 908 971 Ἠλεί.
956 919 1075 970 Ἔτι
1124 918 1256 989 πρὸς
1284 918 1492 981 τούτοις
1523 919 1552 970 6
1590 917 1818 980 παλαιὸς

256 1013 448 1072 ἐκεῖνος
482 1010 682 1082 ἱερεὺς,
715 1011 743 1062 ὁ
771 1010 908 1063 κατὰ
949 1011 1047 1080 τὴν
1077 1010 1316 1074 Μωσέως
1336 1010 1592 1074 διάταξιν,
1635 1011 1697 1063 ὲκ
1724 1010 1818 1080 μό-

256 1122 343 1175 νης
368 1103 675 1174 ἐξεκρίνετο
705 1102 873 1174 φυλῆς
912 1105 1010 1173 τῆς
1053 1104 1202 1156 Λευῖ·
1255 1105 1359 1157 ἔδει
1399 1105 1453 1158 δὲ
1493 1103 1550 1168 ἐξ
1582 1105 1816 1168 ἅπαντος

253 1196 417 1252 καὶτὸ
441 1197 598 1264 γένος
621 1198 685 1248 ὲκ
711 1197 807 1267 τῆς
826 1195 916 1249 τοῦ
944 1195 1150 1269 Ἀαρὼν
1164 1196 1409 1268 διαδοχῆς
1431 1197 1588 1250 αὑτὸν
1606 1197 1811 1267 φέρειν,

254 1289 441 1358 θύμασί
485 1307 547 1342 τε
598 1288 749 1354 ζώων
789 1290 997 1357 ἀλόγων
1042 1291 1134 1343 καὶ
1168 1291 1381 1361 αἵμασι,
1424 1293 1704 1361 σωματικῇ
1751 1307 1813 1357 γε

251 1381 461 1453 λατρεία
493 1381 821 1451 θεραπεύειν
852 1382 910 1434 τὸ
941 1383 1100 1434 θεῖον.
1148 1383 1205 1435 '0
1235 1382 1289 1435 δὲ
1325 1382 1653 1453 Μελχισεδὲκ
1682 1384 1814 1437 ὠνο-

255 1471 542 1543 μασμένος,
578 1473 606 1525 ὃ
633 1471 1102 1543 μεταλαμϐάνεται
1129 1475 1206 1536 εἱς
1234 1473 1330 1543 τὴν
1364 1474 1584 1528 Ἐλλάδα
1611 1475 1810 1547 φωνὴν,

255 1563 492 1632 βασιλεὺς
522 1563 888 1634 δικαιοσύνης,
924 1564 1112 1617 ἔπειτα
1149 1563 1398 1634 βασιλεὺς
1431 1565 1638 1639 Σαλὴμ,
1667 1567 1695 1619 6
1721 1568 1813 1620 καὶ

252 1653 368 1705 αὐτὸ
397 1653 463 1706 ἂν
509 1652 600 1725 εἴη
654 1653 904 1724 βασιλεὺς
947 1657 1200 1730 εἰρήνης,
1253 1660 1501 1730 ἀπάτωρ,
1559 1661 1807 1734 ἀμήτωρ,

249 1744 685 1815 ἀγενεαλόγητος,
714 1748 810 1800 οὐκ
850 1747 985 1818 ἔχων
1017 1751 1153 1803 κατὰ
1185 1750 1281 1822 τὴν
1317 1754 1553 1823 ἱστορίαν
1580 1754 1679 1807 οὐκ
1711 1755 1810 1826 ἀρ-

250 1836 338 1906 χὴν
363 1836 614 1908 ἡμερῶν,
648 1839 708 1890 ού
751 1838 895 1910 ζωῆς
939 1841 1110 1908 τέλος,
1139 1843 1252 1896 ἀλλ’
1279 1845 1396 1897 οὐδὲ
1430 1847 1605 1898 κοινόν
1636 1865 1685 1899 τι
1715 1847 1810 1917 φέ-
1841 1815 1884 1870 Β

251 1947 347 2000 ρων
397 1929 532 1998 πρὸς
593 1929 684 1982 τὸν
729 1931 827 2002 τῆς
869 1931 964 1984 τοῦ
1000 1932 1205 2004 Ἀαρὼν
1249 1936 1544 2006 ἱερωσύνης
1591 1937 1806 2007 τρόπον.

251 2019 374 2072 υΰτε
410 2020 520 2092 γὰρ
570 2022 661 2074 ὑπ’
703 2022 1001 2095 ἀνθρώπων
1036 2025 1235 2096 ᾕρητο,
1277 2027 1375 2080 οὐκ
1416 2027 1578 2098 ὲλαίῳ
1621 2045 1812 2082 σκευα-

254 2110 350 2182 στῷ
380 2111 676 2184 κέχριστο,
713 2116 773 2168 ού
809 2115 882 2186 (Ι)
909 2117 1063 2184 γένος
1109 2113 1175 2188 ἦν
1220 2117 1328 2170 τῶν
1363 2119 1495 2189 μηδὲ
1540 2121 1813 2188 φανέντων

252 2219 357 2255 πω⁸
403 2205 498 2258 καὶ
561 2204 626 2258 τὸ
676 2206 888 2260 πάντων
937 2224 1000 2274 γε
1044 2207 1496 2280 παραδοξότατον,
1551 2211 1631 2263 ὅτι
1681 2211 1814 2284 μηδὲ

250 2292 337 2365 τὴν
389 2295 573 2367 σάρκα
632 2297 1025 2367 περιτέτμητο,
1079 2299 1174 2350 καὶ
1225 2299 1374 2369 ὅμως
1420 2298 1508 2351 τὸν
1569 2299 1814 2373 ’Λϐραὰμ

252 2387 482 2455 εὐλογεί,
544 2389 699 2442 ὠσὰν
768 2390 902 2444 πολὺ
968 2389 1229 2462 κρείττων
1293 2390 1457 2446 αὐτοῦ
1510 2393 1810 2464 τυγχάνων.

262 2477 406 2531 Ἀλλὰ
465 2480 595 2532 οὐδὲ
647 2480 858 2544 θυσίαις
911 2481 1005 2534 καὶ
1059 2482 1304 2547 σπονδαῖς
1352 2483 1428 2555 τῷ
1478 2484 1683 2556 ὑψίστῳ
1739 2487 1815 2538 ἱε-

255 2572 370 2637 ρᾶτο
397 2571 538 2643 Θεῷ,
581 2572 703 2626 οὐδὲ
752 2573 856 2644 μὴν
910 2574 1061 2648 παρὰ
1109 2574 1186 2646 τῷ
1231 2578 1287 2630 ὲν
1331 2577 1677 2649 Ἰερουσαλὴμ
1705 2578 1814 2649 ναῷ

252 2661 336 2733 τὴν
364 2661 708 2738 λειτουργίαν
750 2666 1007 2731 ὲξετέλει·
1060 2669 1179 2733 πῶς
1222 2669 1330 2742 γὰρ
1373 2670 1448 2741 τῷ
1497 2671 1626 2742 μηδὲ
1669 2669 1811 2734 ὅντις

250 2753 470 2820 Είκᾶτως
484 2753 605 2824 οῦν,
629 2759 749 2812 ἐπεὶ
785 2760 968 2831 καὶτῷ
987 2762 1236 2833 ἡμετέρῳ
1255 2763 1464 2834 Σωτῆρι
1478 2762 1555 2832 τῷ
1574 2763 1812 2835 Χριστῷ,

249 2846 386 2902 οὐδὲν
419 2850 519 2920 μὲν
564 2851 644 2922 τῷ
684 2852 888 2926 Ἀαρὼν
932 2855 1169 2925 ἐμφερὲς
1199 2854 1390 2926 ἔμελλε
1422 2857 1809 2929 συμϐήσεσθαι.

252 2941 374 2994 Οὔτε
423 2944 542 3016 γὰρ
603 2946 674 3017 μὴ
719 2945 793 2998 ὣν
838 2948 1140 3020 πρότερον,
1189 2949 1414 3022 ὕστερόν
1459 2949 1593 3003 ποθ’
1637 2952 1813 3022 ἱερεὺς

249 3033 610 3090 ἀναδέδεικται
631 3078 644 3102 ,
698 3040 794 3092 καὶ
851 3039 1028 3111 ἱερεὺς
1072 3043 1133 3094 ού
1184 3041 1498 3114 γενόμενος,
1540 3042 1675 3097 ἀλλὰ
1717 3042 1811 3096 ὢν.

1922 549 2199 617 pr0prium
2232 551 2375 620 apud
2408 551 2662 609 Hebra>os
2697 565 2756 610 ut
2789 568 3164 629 angerentur:
3202 565 3398 620 merito
3434 567 3487 620 in

1921 654 1986 694 eo
2015 657 2176 710 quem
2211 659 2357 697 nunc
2392 653 2730 711 tractamus,
2777 650 2892 720 jam
2938 653 3144 710 clarius
3185 665 3240 710 et
3285 660 3488 714 certius

1921 731 2072 784 illum
2107 743 2395 789 consecrat
2425 739 2765 795 sacerdotem
2791 781 2806 805 ,
2842 743 2995 812 plura
3023 745 3185 800 etiam
3228 747 3294 804 de
3339 750 3489 806 illius

1919 824 2167 881 doctrina
2201 843 2546 898 proponens,
2592 847 2689 902 per
2727 849 2889 904 quam
2938 839 3114 904 ipsum
3157 841 3332 896 solum
3377 857 3491 914 pm

1918 918 2230 975 hominibus
2259 920 2352 992 qui
2385 939 2625 993 unquam
2656 935 2751 980 aut
2785 927 2988 982 fuerint
3015 941 3109 986 aut
3139 931 3305 988 futuri
3339 937 3486 1008 sint,

1917 1018 2180 1064 aeternum
2210 1012 2550 1068 sacerdotem
2593 1030 2717 1070 esse
2759 1016 3134 1085 demonstrat,
3178 1025 3324 1092 quod
3355 1041 3488 1082 sane

1916 1115 2186 1171 nusquam
2231 1110 2288 1157 ut
2335 1104 2432 1158 ulli
2481 1115 2691 1161 naturae
2736 1107 2974 1165 hominis
3020 1115 3484 1186 accommodetur,

1917 1193 2033 1247 fieri
2094 1197 2312 1263 poterit.
2353 1195 2665 1254 Secundum
2703 1201 2949 1256 ordinem
2999 1203 3354 1262 Melcliiscdec
3399 1225 3488 1265 sa-

1915 1287 2190 1343 cerdotem
2253 1295 2516 1346 constitui
2574 1294 2722 1348 illum
2777 1295 2886 1357 ait,
2942 1305 3000 1350 ut
3051 1297 3120 1352 ab
3163 1315 3230 1354 eo
3276 1295 3507 1356 diﬂ‘erat’

1919 1379 2014 1447 qui
2045 1381 2344 1434 secundum
2382 1381 2548 1438 Mosis
2581 1385 3026 1440 constitutionem
3060 1396 3178 1442 erat
3209 1392 3482 1455 sacerdos,

1912 1471 2006 1539 qui
2041 1472 2257 1540 quidem
2295 1482 2388 1526 aut
2428 1474 2606 1528 Aaron
2654 1477 2726 1528 sit
2775 1475 3158 1545 accipiendus,
3206 1491 3302 1535 aut
3347 1483 3487 1538 alius

1912 1564 2184 1634 quispiam
2217 1580 2279 1620 ex
2314 1565 2381 1620 iis
2424 1567 2517 1635 qui
2575 1567 2645 1621 ab
2677 1568 2770 1621 illo
2809 1569 3026 1623 oriundi
3062 1571 3172 1625 sint
3202 1593 3214 1626 :
3251 1589 3484 1642 quorum

1911 1655 2140 1725 quisque
2169 1671 2292 1711 cum
2324 1657 2475 1725 prius
2505 1658 2762 1714 sacerdos
2807 1675 2914 1714 non
2959 1670 3142 1726 esset,
3202 1667 3480 1734 posterius

1913 1747 2204 1818 aliquando
2249 1762 2344 1816 per
2391 1747 2640 1804 homines
2691 1760 2969 1822 unguento
3025 1757 3261 1824 quodam
3308 1761 3483 1815 artifi-

1912 1839 2061 1895 ciose
2099 1842 2349 1897 confecto
2383 1844 2706 1915 ungebatur,
2748 1852 2803 1898 et
2847 1845 2928 1900 sic
2975 1845 3203 1915 ﬁgurate
3231 1889 3246 1914 ,
3297 1858 3356 1903 ut
3405 1851 3483 1906 ita

1912 1933 2090 1988 dicam
2111 1973 2127 1998 ,
2156 1942 2210 1989 et
2244 1950 2341 2004 per
2367 1937 2522 2005 signa
2553 1936 2797 2006 quaedam
2821 1978 2835 1999 ,
2872 1937 3228 1996 adumbratus
3258 1942 3481 2012 quidam

1912 2032 1965 2080 et
1995 2025 2353 2096 imaginarius
2380 2027 2634 2083 Christus
2663 2026 2996 2084 ellieiebatur
3025 2049 3037 2083 :
3074 2043 3330 2100 pneterea
3359 2041 3481 2089 tan-

1913 2132 2074 2186 quam
2108 2116 2155 2172 is
2186 2119 2279 2189 qui
2330 2120 2578 2176 mortalis
2615 2130 2794 2186 esset,
2836 2119 2980 2176 haud
3022 2123 3097 2176 ita
3145 2125 3316 2180 multo
3359 2137 3482 2196 post

1869 2207 1884 2219 ’
1915 2210 2282 2265 sacerdotium
2336 2211 2664 2282 deponebat.
2722 2212 2874 2266 Adde
2922 2214 3067 2284 quod
3120 2216 3264 2285 apud
3309 2233 3481 2271 unum

1912 2300 2222 2358 Iudaeorum
2277 2305 2537 2374 p0pulum
2597 2303 2903 2359 sacerdotio
2958 2304 3308 2375 fungebatur,
3371 2326 3480 2364 non

1914 2403 2096 2449 autem
2139 2396 2282 2466 apud
2309 2396 2445 2452 alias
2480 2397 2607 2452 item
2645 2397 2919 2452 nationes.
2961 2396 3148 2467 Neque
3187 2416 3318 2454 vero
3353 2416 3481 2455 cum

1909 2487 2274 2558 jurejurando
2304 2488 2434 2554 Dei,
2468 2489 2536 2544 ad
2567 2489 2732 2543 talem
2782 2489 3113 2544 functionem
3156 2492 3478 2555 accedebat,

1916 2578 2010 2634 sed
2039 2577 2250 2647 judicio
2295 2579 2578 2635 hominum
2609 2579 2832 2634 electus.
2867 2576 3051 2648 Itaque
3090 2596 3481 2651 nonnunquam

1914 2669 2076 2725 etiam
2120 2671 2318 2742 aliquis
2364 2687 2430 2728 ex
2472 2672 2581 2728 illis
2624 2673 2878 2729 inventus
2915 2682 2999 2728 est
3039 2673 3132 2726 tali
3177 2674 3484 2729 ministerio

1914 2777 2024 2817 non
2055 2762 2286 2833 dignus,
2329 2764 2508 2833 qualis
2542 2763 2659 2818 Heli
2701 2765 2864 2835 plane
2907 2764 3218 2835 descriptus
3261 2776 3365 2822 est.
3400 2767 3484 2821 Ad

1915 2856 2062 2921 haec,
2107 2863 2266 2912 vetus
2315 2855 2406 2914 ille
2455 2857 2753 2922 sacerdos,
2798 2857 2890 2927 qui
2943 2873 2973 2912 a
3019 2857 3166 2913 Mose
3196 2857 3484 2914 institutus

1915 2947 2122 3017 fuerat,
2150 2965 2218 3005 ex
2249 2949 2366 3005 sola
2392 2950 2542 3005 tribu
2568 2948 2700 3005 Levi
2733 2951 2858 3022 eligi
2889 2958 3100 3021 poterat
3126 2969 3138 3006 :
3183 2958 3236 3006 et
3261 2959 3486 3021 oporte-

1919 3041 2015 3097 bat
2060 3043 2286 3096 omnino
2313 3042 2466 3096 illum
2512 3056 2686 3108 genus
2729 3057 2949 3112 quoque
2987 3042 3202 3097 trahere
3247 3041 3315 3096 de
3353 3057 3483 3097 suc»

249 3127 578 3199 Προσεκτέον
615 3132 722 3204 γὰρ
766 3134 1040 3205 ἐπιμελῶς
1070 3135 1175 3207 τῷ·
1223 3157 1243 3189 ι
1280 3138 1352 3191 Σὺ
1384 3140 1560 3210 ἱερεὺς
1607 3143 1685 3203 είς
1723 3141 1810 3194 τὸν

1918 3134 2168 3189 cessione
2224 3133 2397 3204 ipsius
2450 3132 2634 3188 Aaron
2661 3171 2675 3196 ,
2733 3132 3129 3204 sacriﬁciisque
3192 3133 3480 3187 brutorum

248 3220 422 3276 αίῶνα.
466 3242 488 3275 ι
535 3223 610 3277 Οὐ
645 3224 752 3296 γὰρ
783 3225 902 3298 ἔσῃ,
929 3228 1080 3299 φησὶ,
1116 3229 1189 3300 μὴ
1227 3230 1302 3282 ὢν
1340 3230 1540 3286 πάλαι·
1568 3231 1682 3285 ἀλλ’
1703 3233 1811 3287 οὐδ’

250 3307 377 3383 ἦσθα
407 3315 516 3386 μὲν
538 3316 740 3383 πάλαι,
762 3317 857 3372 νῦν
886 3319 942 3372 δὲ
968 3318 1050 3372 οῦ³
1071 3320 1204 3374 ἀλλὰ
1227 3322 1375 3393 παρὰ
1397 3322 1491 3376 τοῦ
1519 3326 1808 3396 φήσαντος,

255 3422 272 3455 ι
321 3407 455 3476 Ἐγώ
478 3411 600 3480 εἱμι
626 3412 654 3463 6
679 3409 774 3475 ὣν,
816 3429 836 3462 ι
877 3412 941 3465 σὺ
971 3408 1053 3476 εἴ,
1082 3415 1176 3467 καὶ
1208 3415 1386 3486 ἱερεὺς
1411 3418 1490 3480 εἰς
1521 3417 1611 3470 τὸν
1640 3418 1812 3474 αἰῶνα

249 3500 532 3571 διαμένεις.
582 3503 730 3557 Ἐπεὶ
761 3500 852 3558 οὖν
878 3505 1002 3558 οὔτε
1033 3508 1140 3560 ἀπὸ
1168 3509 1356 3579 χρόνου
1383 3513 1482 3581 τῆς
1515 3511 1812 3583 ἱερωσύνης

248 3588 544 3662 ἀπήρξατο,
578 3593 700 3648 οῦτε
733 3599 796 3650 ἐκ
821 3597 995 3668 φυλῆς
1024 3600 1330 3671 ἱερωμένων
1361 3603 1390 3655 6
1417 3603 1667 3672 Χριστὸς,
1690 3605 1810 3658 οὐδὲ

247 3681 323 3734 διὰ
353 3686 660 3740 σκευαστοῦ
700 3689 793 3741 καὶ
827 3691 1136 3760 σωματικοῦ
1165 3692 1342 3744 ἐλαίου
1373 3694 1656 3764 κέχριστο,
1691 3696 1809 3750 οὐδὲ

248 3774 383 3842 τέλος
409 3773 561 3844 ἕξειν
591 3778 782 3850 ἔμελλε
813 3783 910 3854 τῆς
947 3783 1274 3855 ἱερωσύνης,
1313 3786 1432 3839 οὐδὲ
1461 3787 1640 3858 μόνοις
1680 3790 1807 3842 Ἰου-

247 3867 418 3934 δαίοις,
446 3870 591 3925 ἀλλὰ
608 3871 701 3926 καὶ
719 3875 882 3927 πᾶσιν
902 3874 1076 3929 ἔθνεσι
1112 3879 1542 3950 καταστήσεσθαι
1566 3898 1578 3911 ·
1606 3881 1810 3935 τούτων

248 3958 395 4015 ἕνεκα
426 3961 654 4017 πάντων
679 3965 904 4030 εἰκότως
922 3967 1083 4020 αὑτὸν
1105 3961 1202 4039 τῆς
1229 3967 1327 4038 μὲν
1354 3956 1494 4023 κατὰ
1521 3970 1612 4024 τὸν
1639 3969 1809 4025 τύπον

260 4052 454 4125 Ἀαρὼν
497 4055 838 4128 λειτουργίας
879 4058 1236 4124 ἀπαλλάττει,
1271 4062 1412 4115 κατὰ
1441 4061 1539 4134 τὴν
1569 4062 1720 4130 τάξιν
1751 4064 1808 4116 δὲ

246 4143 573 4216 Μελχισεδὲκ
610 4149 760 4220 ἱερέα
804 4151 967 4219 φησὶν
1005 4149 1242 4205 ἔσεσθαι.
1285 4153 1394 4205 Καὶ
1425 4153 1485 4206 τό
1519 4171 1582 4222 γε
1609 4155 1807 4208 ἀποτέ-

246 4235 407 4308 λεσμα
445 4237 548 4292 τοῦ
599 4242 850 4311 ’χρησμοῦ
898 4241 1200 4314 θαυμάσιον
1242 4245 1554 4316 συνορῶντι,
1591 4247 1809 4311 ὃπως’ὁ

249 4327 422 4403 Σωτὴρ
440 4332 605 4403 ἡμῶν
638 4332 841 4402 Ἰησοῦς
858 4335 886 4388 ὁ
907 4336 1136 4406 Χριστὰς
1157 4336 1249 4389 τοῦ
1276 4337 1432 4403 Θεοῦ,
1449 4339 1526 4410 τῷ
1547 4340 1639 4393 τοῦ
1669 4341 1810 4394 Μελ-

246 4419 446 4488 χισεδὲκ
467 4422 658 4494 τρόπῳ
679 4424 750 4477 τὰ
773 4425 868 4495 τῆς
897 4427 954 4478 ὲν
979 4425 1284 4498 ἀνθρώποις
1314 4430 1623 4500 ἱερουργίας
1643 4429 1807 4484 εἱσέτι

1917 3225 2232 3280 animalium
2277 3231 2332 3279 et
2372 3224 2692 3290 cruoribus,
2739 3226 3122 3296 corporalique
3159 3224 3483 3281 adoratione

1915 3318 1994 3374 rei
2025 3318 2223 3373 divinae
2254 3316 2545 3374 inservire.
2575 3317 2647 3371 At
2674 3332 2805 3372 vero
2825 3358 2840 3382 ,
2886 3317 2981 3388 qui
3013 3316 3370 3373 Melchisedec
3395 3325 3483 3374 est

1913 3410 2258 3475 nominatus,
2291 3409 2436 3480 quod
2467 3424 2666 3464 nomen
2689 3398 2754 3463 in
2789 3418 3032 3465 nostram
3067 3409 3302 3480 linguam
3347 3425 3481 3464 con-

1911 3517 2138 3559 versum
2161 3541 2176 3566 ,
2216 3517 2395 3572 regem
2436 3500 2661 3569 iustitia:
2693 3499 2999 3572 significat,
3043 3508 3096 3556 et
3134 3502 3228 3572 qui
3258 3501 3359 3556 fuit
3385 3517 3484 3557 rex

1915 3594 2093 3648 Salem
2115 3631 2130 3657 ,
2163 3591 2308 3662 quod
2339 3591 2518 3661 ipsum
2548 3591 2676 3646 item
2704 3591 2806 3653 sit,
2854 3607 2947 3646 rex
2989 3590 3174 3660 pacis,
3222 3591 3341 3646 sine
3383 3610 3482 3662 pa-A

1911 3693 2028 3751 tre,
2069 3685 2188 3739 sine
2231 3691 2435 3748 matre,
2478 3682 2599 3737 sine
2641 3681 2858 3751 generis
2898 3683 3070 3749 serie,
3114 3697 3223 3736 non
3271 3682 3482 3738 habens

1911 3780 1969 3833 in
2013 3777 2282 3841 historia,
2341 3789 2519 3846 neque
2562 3775 2781 3829 initium
2829 3773 3077 3838 dierum,
3132 3789 3310 3844 neque
3355 3775 3482 3830 vita:

1912 3870 2107 3935 ﬁnem,
2140 3883 2204 3924 ac
2245 3883 2316 3923 ne
2351 3866 2597 3922 referens
2643 3866 2864 3936 quidem
2909 3880 3032 3921 cum
3075 3865 3260 3920 Aaron
3292 3879 3482 3920 sacer-

1911 3962 2046 4018 dotii
2088 3960 2198 4016 ritu
2229 3973 2523 4014 commune
2552 3957 2851 4028 quidquam
2886 3957 3185 4012 invenitur.
3216 3954 3351 4010 Nam
3383 3971 3476 4012 ne-

1909 4069 2017 4124 que
2047 4052 2117 4108 ab
2143 4050 2462 4106 hominibus
2489 4049 2697 4104 eleétus
2729 4047 2943 4113 fuerat,
2973 4061 3152 4118 neque
3181 4047 3304 4100 oleo
3327 4059 3479 4101 com-

1910 4144 2090 4216 posito
2117 4149 2315 4198 unctus
2333 4181 2350 4206 ,
2381 4156 2557 4210 neque
2583 4138 2650 4195 de
2679 4154 2878 4210 genere
2899 4137 3118 4194 illorum
3141 4136 3323 4194 editus
3341 4179 3357 4203 ,
3384 4139 3479 4208 qui

1911 4237 2154 4293 nondum
2174 4236 2532 4291 exstiterant:
2552 4240 2606 4287 et
2626 4231 2772 4303 quod
2787 4231 3030 4286 omnium
3051 4229 3286 4284 maxime
3311 4229 3484 4284 admi-

1907 4327 2083 4383 rabile
2109 4335 2225 4394 est,
2256 4339 2326 4380 ne
2352 4337 2580 4393 corpore
2610 4321 2829 4392 quidem
2861 4329 2978 4376 erat
3007 4321 3398 4387 circumcisus,
3427 4329 3483 4374 et

1909 4429 2092 4475 tamen
2119 4419 2224 4488 ipsi
2247 4416 2523 4472 Abraham
2552 4413 2859 4476 benedicit,
2893 4418 3154 4482 tanquam
3183 4411 3232 4467 is
3259 4410 3352 4480 qui
3386 4410 3480 4464 illo

249 4512 332 4564 καὶ
349 4513 440 4566 νῦν
469 4513 563 4567 διὰ
592 4514 698 4568 τῶν
728 4516 892 4570 αὐτοῦ
925 4497 1272 4592 θεραπευτῶν
1304 4497 1557 4575 ἐπιτελεῖ.
1596 4522 1807 4594 Ὥσπερ
1838 4497 1885 4552 D
1913 4515 1985 4566 είῑ
2016 4515 2172 4580 ιοιιεθ
2198 4506 2565 4578 Ρτκειδῐιίίον·
2609 4501 2766 4558 Adde
2797 4501 2942 4572 Ψιοά
2984 4515 3162 4572 neque
3191 4499 3480 4554 sacriﬁcas

250 4604 346 4677 γὰρ
367 4609 594 4672 ἐκεῖνος,
630 4609 807 4678 ἱερεὺς
832 4609 1001 4664 ἐθνῶν
1020 4611 1320 4681 τυγχάνων,
1354 4613 1588 4687 οὐδαμοῦ
1622 4616 1807 4683 φαίνε-

249 4711 328 4749 ται
362 4698 577 4763 θυσίαις
614 4703 951 4771 σωματικαῖς
985 4703 1351 4774 κεχρημένος,
1388 4705 1513 4777 οϊνῳ
1553 4704 1610 4758 δὲ
1660 4707 1806 4778 μόνῳ

249 4791 330 4842 al
360 4792 510 4863 ἄρτῳ
531 4791 622 4845 τὸν
665 4793 913 4866 Ἀϐραὰμ
941 4797 1194 4866 εὐλογῶν,
1220 4797 1310 4850 τὸν
1335 4799 1496 4852 αὐτὸν
1520 4797 1583 4871 δὴ
1605 4800 1804 4870 τρόπον

248 4881 449 4947 πρῶτος
484 4883 585 4954 μὲν
617 4884 781 4948 αὐτὸς
801 4888 829 4939 6
853 4887 1045 4959 Σωτὴρ
1071 4889 1164 4942 καὶ
1184 4889 1384 4960 Κύριος
1411 4889 1585 4960 ἡμῶν,
1613 4891 1801 4945 ἔπειτα

247 4972 290 5022 οἱ
330 4971 386 5038 ἐξ
421 4973 586 5027 αὐτοῦ
622 4974 821 5040 πάντες
859 4979 1022 5050 ἱερεῖς
1066 4979 1170 5033 ἀνὰ
1207 4979 1382 5032 πάντα
1431 4979 1499 5033 τὰ
1537 4981 1662 5052 ἔθνη
1706 4982 1803 5053 τὴν

249 5066 608 5138 πνευματικὴν
631 5066 1001 5132 ἐπιτελοῦντες
1022 5070 1160 5124 κατὰ
1180 5071 1303 5134 τοὺς
1324 5069 1806 5144 ἐκκλησιαστικοὺς

251 5149 466 5224 θεσμοὺς
503 5158 834 5230 ἱερουργίαν,
863 5159 989 5232 οἴνῳ
1021 5161 1115 5216 καὶ
1142 5163 1290 5233 ἄρτῳ
1312 5201 1326 5226 ,
1361 5161 1452 5215 τοῦ
1469 5176 1528 5215 τε
1558 5161 1805 5233 σώματος

250 5243 401 5297 αὑτοῦ
432 5247 526 5300 καὶ
552 5248 646 5301 τοῦ
676 5251 941 5322 σωτηρίου
979 5251 1207 5323 αἵματος
1237 5254 1557 5307 αἰνίττονται
1595 5254 1663 5308 τὰ
1706 5273 1804 5324 μυ-

251 5335 451 5406 στήρια,
477 5339 573 5392 τοῦ
599 5341 932 5411 Μελχισεδὲκ
960 5343 1130 5397 ταῦτα
1155 5342 1422 5414 πνεύματι
1452 5345 1580 5416 θείῳ
1605 5357 1802 5416 προτε-

252 5424 572 5500 θεωρηκότος
590 5473 606 5495 ,
639 5437 732 5486 καὶ
763 5435 868 5487 τῶν
903 5434 1201 5505 μελλόντων
1241 5439 1359 5499 ταῖς
1392 5438 1561 5491 εἱκόσι
1601 5455 1802 5509 προκε-

253 5522 506 5591 χρημένου
526 5564 540 5587 ,
567 5526 644 5588 ὡς
666 5525 699 5594 ἡ
721 5525 960 5589 Μωσέως
1007 5527 1194 5598 Γραφὴ
1224 5530 1508 5598 μαρτυρεῖ,
1547 5529 1800 5598 λέγουσα·

257 5627 275 5660 1
308 5613 409 5668 Καὶ
435 5617 769 5688 Μελχισεδὲκ
802 5617 1052 5687 βασιλεὺς
1082 5617 1268 5690 Σαλὴμ
1294 5619 1583 5692 ἐξήνεγκεν
1606 5623 1802 5696 ἄρτους

314 5732 357 5763 ’ί
384 5733 549 5793 Exod.
575 5751 661 5802 in,
695 5737 784 5792 ﬂ.

316 5823 508 5898 (εγω.
535 5833 691 5889 Anne
719 5825 816 5892 οὗῖ
844 5831 1000 5888 Em.

1910 4619 2089 4673 neque
2115 4598 2506 4663 libationibus,
2551 4594 2818 4650 altissimo
2841 4594 2953 4651 Deo
2991 4594 3340 4665 operabatur,
3379 4608 3480 4647 ne-

1914 4710 2020 4768 que
2043 4709 2174 4750 vero
2200 4694 2255 4748 in
2283 4692 2486 4763 templo
2506 4690 2653 4761 quod
2680 4686 3074 4758 Hierosolymis
3099 4692 3283 4749 esset,
3315 4699 3478 4739 suum

1909 4803 2114 4844 munus
2140 4785 2325 4841 obibat
2349 4803 2362 4838 :
2391 4782 2482 4854 qui
2509 4783 2655 4838 enim
2681 4781 2738 4836 in
2761 4792 2848 4845 eo,
2880 4778 3027 4849 quod
3054 4777 3298 4832 nondum
3324 4777 3482 4831 erat?

1909 4881 2070 4951 223
2103 4879 2169 4932 Et
2198 4876 2396 4932 merito
2445 4889 2607 4938 sane,
2644 4871 2866 4943 quando
2894 4885 2964 4925 ne
3013 4878 3203 4924 nostro
3255 4866 3482 4938 quidem

1910 4972 2182 5028 Salvatori
2233 4970 2451 5026 Christo
2471 5007 2488 5032 ,
2519 4974 2844 5023 eventurum
2877 4962 3176 5034 quidquam
3211 4967 3332 5016 erat
3373 4960 3480 5029 ipsi

1906 5067 2088 5121 Aaron
2131 5063 2339 5118 simile.
2383 5059 2519 5114 Nam
2559 5072 2739 5128 neque
2769 5055 2863 5126 qui
2912 5052 3065 5124 prius
3091 5067 3200 5108 non
3259 5051 3476 5115 fuisset,

1908 5156 2180 5229 posterius
2208 5162 2292 5210 est
2327 5150 2622 5222 aliquando
2647 5146 2908 5204 sacerdos
2925 5146 3236 5200 declaratus
3263 5160 3277 5210 ;
3302 5158 3482 5214 neque
3520 5154 3529 5228 ξ

1905 5252 1954 5307 is
2001 5249 2094 5320 qui
2117 5245 2416 5303 exstitisset
2468 5242 2761 5307 sacerdos,
2793 5237 2891 5295 sed
2924 5237 3019 5309 qui
3046 5243 3149 5290 est.
3181 5233 3481 5305 Diligenter

1908 5343 2056 5400 enim
2088 5337 2480 5396 attendendum
2511 5345 2595 5392 est
2642 5334 2776 5389 illud
2811 5351 2825 5386 :
2878 5350 2896 5383 ‹
2929 5329 3010 5385 Tu
3033 5345 3093 5384 es
3128 5327 3390 5384 sacerdos
3425 5328 3479 5380 in

1910 5443 2192 5491 aeternum.
2223 5453 2242 5486 ι
2276 5430 2396 5486 Non
2425 5430 2593 5494 enim,
2630 5428 2760 5492 eris,
2787 5427 2885 5491 ait,
2912 5423 3006 5494 qui
3043 5423 3173 5476 olim
3198 5435 3308 5475 non
3355 5419 3475 5474 fue-

1912 5531 2010 5594 ris,
2036 5543 2100 5582 ac
2130 5541 2198 5582 ne
2227 5525 2378 5580 fuisti
2408 5523 2628 5594 quidem
2658 5526 2838 5582 antea,
2869 5531 3016 5572 nunc
3049 5524 3228 5569 autem
3253 5527 3361 5567 non
3397 5528 3478 5572 es,

1915 5622 2010 5679 sed
2039 5620 2106 5676 ab
2131 5634 2195 5674 eo
2222 5619 2314 5688 qui
2340 5616 2498 5682 dixit,
2537 5634 2556 5666 ι
2592 5613 2703 5684 Ego
2734 5626 2854 5667 sum
2886 5609 2978 5681 qui
3010 5608 3217 5673 sum“,
3253 5625 3273 5658 ο
3308 5615 3367 5659 tu
3396 5619 3481 5682 es,
