3902 6264
424 347 531 407 567

1057 348 1325 404 EIISEBZI
1364 346 1845 404 CASSARI'ENSIS
1882 348 2032 405 OPP.
2075 349 2255 406 PARS
2293 349 2355 407 ll.
2392 381 2464 394 —
2499 350 2999 409 APOLOGI'JTICA.

3559 362 3666 417 368

421 473 478 521 et
504 465 763 522 sacerdos
793 467 848 522 in
882 474 1139 522 aeternum
1174 479 1484 536 permanes.
1510 464 1781 531 Quoniam
1818 466 1986 538 igitur

2094 471 2182 523 καὶ
2214 465 2375 524 οἶνον.
2410 466 2518 527 Ἦν
2554 471 2611 525 δέ
2649 472 2827 547 ἱερεὺς
2859 475 2952 528 τοῦ
2984 474 3119 529 Θεοῦ
3154 476 3244 531 τοῦ
3279 479 3499 550 ὑψίστου
3520 521 3536 545 ,
3571 484 3668 537 καὶ

419 572 599 630 neque
625 573 654 613 a
678 567 941 631 tempore,
971 556 1265 614 sacerdotii
1299 557 1515 611 initium
1543 558 1775 629 accepit,
1810 575 1987 629 neque

421 654 490 708 de
522 651 665 705 tribu
722 649 1067 705 sacerdotum
1124 654 1349 703 exortus
1377 654 1463 702 est
1485 646 1759 712 Christus,
1813 665 1989 721 neque

421 744 717 802 artiﬁciose
740 743 1009 799 instructo
1044 742 1430 813 eorporalique
1457 743 1577 797 oleo
1603 743 1885 808 inunctus,
1919 759 1989 799 ne

423 840 586 894 ﬁnem
618 837 836 908 quidem
871 835 1025 890 illum
1054 836 1351 891 sacerdotii
1381 845 1465 891 est
1498 837 1990 909 habiturus,neque

422 932 550 986 item
571 930 704 985 solis
747 926 975 990 Iudaeis,
1011 926 1107 983 sed
1131 927 1389 984 omnibus
1427 924 1685 1000 gentibus
1724 930 1993 985 constitu-o

419 1021 618 1077 endus.
680 1019 909 1092 Pr0pter
944 1022 1058 1075 haec
1111 1024 1295 1075 omnia
1316 1062 1331 1086 ,
1364 1022 1560 1077 merito
1587 1022 1739 1076 illum
1768 1038 1797 1076 a
1828 1022 1992 1077 mini-

422 1115 590 1172 sterio
615 1114 798 1169 Aaron
847 1115 1062 1178 liberat,
1089 1114 1233 1185 quod
1282 1114 1509 1186 ﬁguram
1543 1117 1787 1187 gerebat,
1818 1124 1872 1170 et
1904 1132 1992 1171 ser

420 1207 660 1265 eundum
692 1205 938 1261 ordinem
966 1205 1325 1262 Melchisedec
1358 1207 1698 1262 sacerdotem
1746 1207 1989 1262 futurum

420 1298 669 1354 aﬁirmat.
704 1295 769 1351 Et
810 1312 942 1352 sane
983 1298 1190 1353 oraculi
1217 1297 1399 1353 exitus
1450 1299 1787 1355 admirabilis
1815 1299 1863 1355 ei
1896 1300 1988 1370 qui

420 1389 818 1458 contempletur
869 1388 1323 1459 quemadmodum
1382 1388 1630 1445 Salvator
1684 1398 1870 1446 noster
1900 1389 1990 1447 Jer-

422 1495 539 1545 sus,
575 1482 667 1551 qui
691 1491 775 1536 est
801 1464 1052 1535 Christus
1088 1479 1204 1543 Dei,
1228 1480 1402 1551 ipsius
1461 1480 1821 1538 Melchisedec
1850 1484 1985 1548 ritu,

425 1589 490 1630 ea
517 1589 639 1645 qua:
660 1573 727 1628 ad
755 1573 1119 1629 sacerdotium
1142 1574 1196 1627 in
1220 1573 1530 1629 hominibus
1556 1576 1850 1645 gerendum
1869 1593 1993 1648 spe-

416 1673 592 1730 ctant,
625 1679 723 1735 per
750 1679 880 1721 suos
935 1665 1218 1722 ministros
1270 1665 1533 1736 perﬁciat.
1567 1664 1700 1720 Nam
1731 1668 1992 1736 quemad-

416 1755 643 1810 modum
675 1756 765 1811 ille
805 1760 900 1825 qui
955 1755 1214 1812 sacerdos
1241 1756 1482 1827 gentium
1513 1765 1662 1822 erat,
1718 1773 1988 1829 nusquam

2090 561 2347 633 εὑλὸγησε
2371 562 2461 618 τὸν
2499 563 2761 637 Ἀδραάμ.
2796 586 2813 619 ι
2852 566 3090 632 Εἰκότως
3111 563 3203 624 οὖν
3234 572 3328 624 καὶ
3365 574 3483 643 μεθ’
3499 574 3665 646 ὅρκου

2090 653 2453 726 παραλήψεως
2488 655 2631 727 μόνῳ
2665 656 2740 728 τῷ
2784 657 3096 731 δηλουμένῳ
3132 679 3152 710 ι
3192 659 3372 732 ὤμοσε
3400 664 3605 738 Κύριος
3637 670 3669 721 6

2089 744 2241 808 Θεὸς,
2259 745 2353 798 zeal
2380 748 2440 800 οὑ
2461 748 2985 820 μεταμεληθήσεταιι
3004 752 3076 805 Σὺ
3090 749 3158 818 εἴ,
3189 773 3208 805 z
3225 754 3417 823 λέγων,
3443 776 3459 807 ι
3488 759 3667 830 ἱερεὺς

2090 837 2168 899 εἰς
2189 835 2279 891 τὸν
2308 837 2497 903 αἰῶνα,
2521 838 2660 895 κατὰ
2691 840 2786 911 τὴν
2810 840 2960 907 τάξιν
2982 842 3329 915 Μελχισεδέκ.
3355 865 3374 897 ι
3395 847 3667 904 Ἐπάκου·

2093 944 2182 983 σον
2217 929 2273 981 δὲ
2306 924 2394 984 οἷα
2420 932 2513 985 zeal
2542 932 2668 1004 περλ⁵
2688 932 2851 986 τῶνδε
2879 936 2905 986 6
2948 935 3266 1003 Ἀπόστολός
3288 957 3471 1010 φησιν·
3502 960 3522 993 ι
3576 942 3669 1001 Ἐν

2089 1012 2133 1087 ᾧ
2157 1060 2171 1083 ,
2220 1023 2600 1095 περισσότερον
2649 1024 2969 1095 βουλόμενος
3016 1031 3044 1080 6
3079 1028 3210 1093 Θεὸς
3252 1031 3517 1096 ἐπιδεῖξαι
3552 1038 3667 1098 τοῖς

2091 1113 2444 1186 κληρονόμοις
2475 1116 2575 1186 τῆς
2601 1116 2868 1198 βασιλείας
2892 1119 2952 1171 τὸ
2980 1120 3307 1190 ἀμετάθετον
3340 1124 3435 1195 τῆς
3468 1124 3668 1197 βουλῆς

2092 1205 2292 1269 αὑτοῦ,
2327 1208 2676 1277 ἐμεσίτευσεν
2714 1209 2893 1280 ὅρκῳ,
2945 1210 3030 1264 ἵνα
3064 1210 3151 1264 διὰ
3191 1211 3283 1264 δύο
3322 1215 3668 1284 πραγμάτων

2092 1296 2463 1369 ἀμεταθέτων,
2496 1300 2554 1353 ἐν
2586 1294 2667 1363 οἷς
2700 1300 2956 1354 ἀδύνατον
2988 1301 3287 1371 ψεύσασθαι
3320 1302 3474 1368 Θεὸν,
3513 1308 3667 1375 ίσγυ-

2094 1389 2195 1459 ρὰν
2222 1390 2563 1463 παράκλησιν
2597 1390 2805 1461 ἔχωμεν
2836 1394 2885 1446 οἱ
2921 1394 3431 1465 προκαταφυγόντες
3457 1396 3671 1467 κρατῆ-

2094 1498 2183 1534 σαι
2206 1481 2307 1552 τῆς
2339 1481 2700 1552 προκειμένης
2727 1482 2955 1547 ἐλπίδος.
2995 1503 3012 1534 z
3052 1485 3159 1537 Kal.
3179 1485 3427 1556 ἐπιφέρει
3452 1484 3668 1554 λέγων’

2096 1592 2116 1625 ι
2156 1573 2268 1626 Kal.
2299 1574 2349 1627 οἱ
2386 1573 2483 1643 μὲν
2516 1573 2756 1637 πλείονές
2790 1576 2893 1627 εἱσι
2925 1576 3205 1643 γεγονότες
3246 1578 3437 1648 ἱερεῖς,
3473 1577 3563 1631 διὰ
3608 1578 3673 1632 τὸ

2093 1662 2307 1733 θανάτῳ
2330 1662 2630 1716 κωλύεσθαι
2675 1662 3006 1732 παραμένειν
3034 1678 3047 1691 ·
3083 1666 3111 1716 6
3143 1664 3198 1717 δὲ
3219 1704 3232 1728 ,
3266 1666 3351 1719 διὰ
3382 1666 3444 1719 τὸ
3481 1666 3673 1736 μένειν

2092 1750 2252 1807 αὑτὸν
2275 1792 2290 1817 ,
2338 1753 2683 1825 ἀπαράϐατον
2724 1755 2835 1825 ἔχει
2885 1756 2981 1827 τὴν
3021 1757 3335 1828 ἱερωσύνην.
3374 1757 3539 1817 Ὅθεν
3574 1757 3673 1812 καὶ

418 1846 637 1903 videtur
694 1847 985 1903 sacriﬁciis
1039 1848 1416 1918 corporalibus
1460 1847 1704 1911 functus,
1735 1850 1829 1905 sed
1863 1851 1991 1906 vino

2094 1846 2285 1911 σώζειν
2323 1849 2401 1910 είς
2426 1848 2484 1900 τὸ
2512 1847 2767 1911 παντελὲς
2798 1848 3015 1903 δύναται
3048 1850 3170 1912 τοὺς
3198 1850 3673 1922 προσερχομένους

421 1939 538 1994 solo
566 1946 621 1994 et
662 1954 818 2009 pane,
846 1938 977 1992 dum
997 1937 1103 2009 ipsi
1130 1938 1405 1993 Abraham
1431 1938 1728 2006 henedicit,
1765 1942 1839 1995 ita
1864 1958 1993 1999 sane

418 2031 632 2104 primus
660 2033 778 2101 ipse
806 2029 1058 2085 Salvator
1087 2046 1151 2086 ac
1195 2031 1457 2086 Dominus
1512 2043 1697 2087 noster
1725 2072 1740 2098 ,
1795 2034 1995 2091 deinde

420 2124 514 2195 qui
550 2124 619 2179 ab
659 2124 779 2194 ipso
832 2121 1059 2193 profecti
1094 2134 1244 2189 sunt,
1297 2124 1606 2181 sacerdotes
1638 2127 1692 2181 in
1738 2128 1993 2184 omnibus

418 2213 697 2285 gentibus,
753 2213 1040 2284 spirituale
1073 2214 1374 2270 secundum
1434 2217 1836 2273 ecclesiasticas
1867 2234 1994 2274 saa-

417 2306 634 2360 ctiones
685 2303 980 2359 sacerdotii
1020 2319 1221 2360 munus
1261 2307 1546 2371 obeuntes,
1576 2308 1705 2362 vino
1737 2322 1801 2361 ac
1831 2324 1990 2379 pane,

404 2403 477 2448 et
501 2393 750 2464 corporis
782 2393 931 2449 illius
956 2403 1010 2448 et
1034 2394 1293 2450 salutaris
1322 2395 1606 2465 sanguinis
1623 2398 1881 2467 mysteria
1901 2414 1992 2454 re-

410 2491 775 2558 prmsentant,
824 2500 946 2556 quae
973 2500 1104 2541 sane
1135 2486 1396 2558 mysteria
1453 2486 1811 2545 Melchisedec
1843 2498 1995 2547 tanto

420 2585 550 2633 ante
580 2576 774 2647 spiritu
803 2564 989 2632 divino
1019 2587 1367 2648 cognoverat,
1398 2589 1453 2635 et
1480 2595 1660 2635 rerum
1687 2580 1991 2636 futurarum

419 2668 749 2740 imaginibus
771 2683 905 2723 usus
930 2668 1128 2731 fuerat,
1152 2670 1293 2723 sicut
1319 2669 1482 2723 etiam
1510 2669 1676 2727 Mosis
1699 2668 1987 2740 Scriptura

418 2758 766 2823 teatiﬁcatur,
795 2757 888 2813 ubi
924 2759 1000 2811 ait
1036 2777 1049 2812 :
1092 2775 1110 2808 ι
1152 2756 1217 2811 Et
1244 2757 1603 2813 Melchisedec
1642 2774 1738 2814 rex
1786 2759 1994 2824 Salem,

421 2849 650 2920 Irotulit
678 2862 865 2918 panes.
899 2854 954 2902 et
1003 2848 1211 2903 vinum.-
1240 2846 1370 2901 Erat
1400 2856 1583 2903 autem
1611 2849 1869 2904 sacerdos
1902 2848 1991 2905 Dei

418 2939 701 3003 altissimi,
734 2945 789 2993 et
838 2937 1119 2993 benedixit
1144 2936 1415 2993 Abraham
1441 2940 1509 2992 ⁸⁸.
1554 2958 1573 2990 ›
1610 2938 1803 2994 Merito
1830 2940 1995 3011 igitur

421 3035 479 3084 et
511 3042 636 3084 cum
658 3026 1025 3098 jurisjurandi
1061 3028 1366 3098 adiectione
1388 3069 1402 3094 ,
1438 3031 1533 3084 uni
1581 3031 1630 3086 ei
1662 3030 1730 3086 de
1758 3047 1867 3102 quo
1904 3032 1993 3087 hic

416 3123 637 3191 agimus
670 3119 800 3174 talia
820 3119 1094 3191 promissa
1124 3127 1255 3175 sunt
1282 3139 1296 3175 :
1331 3137 1350 3173 ι
1380 3119 1613 3189 Iuravit,
1645 3122 1860 3192 inquit,
1893 3121 1995 3178 Do-

422 3188 606 3268 minus
626 3188 892 3288 _Deus,—et
913 3225 1025 3266 non
1056 3212 1341 3282 peenitebit
1362 3228 1487 3268 eum
1514 3233 1528 3270 :
1555 3188 1613 3269 tu
1643 3229 1703 3271 es
1720 3188 1991 3273 sacerdos
2018 3188 2061 3245 ο

423 3319 482 3361 ιιι
529 3311 793 3360 aeternum
852 3304 1155 3359 secundum
1225 3304 1471 3361 ordinem
1534 3304 1917 3363 Melchisedec.
1964 3326 1983 3360 ι

422 3395 563 3449 Audi
606 3408 736 3449 vero
761 3393 944 3463 qualia
976 3394 1086 3448 sint
1111 3408 1234 3464 quae
1281 3395 1349 3449 de
1395 3394 1587 3450 iisdem
1627 3397 1790 3451 rebus
1826 3401 1991 3454 etiam

421 3486 717 3556 Apostolus
748 3484 896 3540 dicat
922 3502 938 3538 :
970 3504 988 3537 ι
1016 3483 1076 3539 ln
1109 3500 1217 3555 quo
1240 3484 1608 3542 abundantius
1630 3488 1818 3543 volens
1847 3487 1991 3544 Deus

420 3575 715 3631 ostendere
738 3574 1046 3631 haeredibus
1073 3574 1225 3646 regni
1248 3575 1744 3632 immutabilitatem
1776 3579 1991 3633 consilii

424 3667 533 3732 sui,
559 3667 887 3738 interposuit
932 3665 1319 3737 jusjurandum
1347 3704 1363 3732 ,
1396 3675 1451 3722 ul
1483 3682 1578 3738 per
1609 3668 1746 3724 duas
1773 3685 1859 3724 res
1885 3672 1989 3725 im-

426 3762 717 3817 tnutahiles
746 3761 803 3815 in
830 3760 1033 3832 quibus
1056 3758 1395 3830 impossibile
1426 3770 1511 3815 est
1540 3760 1762 3816 mentiri
1799 3761 1988 3829 Deum,

423 3853 590 3926 325
628 3852 987 3909 fortissimum
1038 3853 1294 3907 solatium
1356 3851 1689 3916 habeamus,
1738 3854 1832 3923 qui
1861 3869 1995 3909 con-

424 3944 663 4012 fugimus
692 3943 760 3997 ad
797 3942 1152 3998 obtinendam
1198 3942 1537 4013 propositam
1572 3959 1724 4015 spem
1757 3944 1801 3976 ²³
1832 3985 1848 4012 ,
1887 3965 1906 3998 ι
1940 3954 1993 4001 et

426 4034 673 4103 adjungit
703 4052 716 4086 :
759 4051 778 4084 ι
804 4032 869 4087 Ει
906 4032 999 4087 alii
1028 4032 1246 4103 quidem
1279 4033 1464 4102 plures
1496 4034 1626 4089 facti
1649 4044 1779 4091 sunt
1806 4052 1995 4093 sacer-

425 4123 604 4187 dotes,
638 4124 845 4179 idcirco
872 4125 1016 4195 quod
1046 4135 1220 4181 morte
1254 4127 1678 4196 prohiberentur
1705 4145 1993 4199 permane-

426 4230 527 4270 re:
570 4216 658 4270 hic
694 4222 897 4280 autem,
926 4231 993 4270 eo
1015 4216 1159 4286 quod
1192 4218 1308 4287 ipse
1332 4226 1569 4283 maneat,
1601 4221 1993 4291 sempiternum

422 4305 591 4360 habet
618 4305 1003 4361 sacerdotium.
1030 4305 1107 4360 Ex
1133 4321 1243 4377 quo
1272 4306 1438 4361 etiam
1476 4323 1694 4363 servare
1724 4310 1780 4364 in
1804 4326 1998 4381 perpe-

428 4403 581 4451 tuum
612 4403 792 4468 petest
841 4396 1162 4453 accedentes
1194 4413 1291 4468 per
1328 4397 1506 4468 ipsum
1541 4399 1609 4454 ad
1638 4400 1827 4466 Deum,
1861 4418 2001 4457 sem-

2095 1938 2161 1990 δι’
2186 1937 2351 1991 αὑτοῦ
2385 1937 2460 2009 τῷ
2493 1937 2642 2008 Θεῷ,
2691 1939 2920 1993 πάντοτε
2955 1939 3062 2005 ζῶν
3108 1942 3185 2004 εἰς
3220 1941 3279 1993 τὸ
3317 1943 3673 2012 ἐντυγχάνειν

2095 2027 2233 2098 ὑπὲρ
2264 2026 2463 2079 αὑτῶν.
2501 2028 2750 2090 Τοιοῦτος
2774 2028 2880 2099 γὰρ
2913 2030 3044 2099 ἡμῖν
3076 2027 3170 2081 zeal.
3204 2027 3438 2100 ἔπρεπεν
3473 2032 3670 2104 ἀρχιε-

2098 2120 2254 2190 ρεὺς,
2296 2120 2470 2183 ὅσιος,
2505 2119 2741 2184 ἄκακος,
2791 2121 3068 2190 ἀμίαντος,
3120 2123 3520 2194 κεχωρισμένος
3556 2122 3670 2178 άπὸ

2093 2210 2198 2263 τῶν
2232 2210 2586 2282 ἁμαρτωλῶν,
2619 2212 2715 2265 zeal
2743 2209 3067 2283 ὑψηλότερος
3089 2210 3195 2264 τῶν
3226 2212 3470 2284 οὐρανῶν
3507 2216 3667 2283 γενό-

2097 2319 2273 2371 μενος.
2320 2324 2339 2355 ι
2389 2304 2499 2358 Kal.
2550 2303 2787 2372 ἐπιλέγει
2824 2321 2837 2334 ·
2898 2323 2916 2355 ι
2952 2304 3259 2373 Κεφάλαιον
3315 2304 3372 2358 δὲ
3411 2306 3506 2358 ἐπὶ
3550 2309 3666 2370 τοῖς

2094 2392 2431 2465 εἰρημένοις,
2482 2393 2717 2471 τοιοῦτον
2762 2392 2956 2464 ἔχομεν
3000 2393 3278 2463 ἀρχιερέα,
3317 2392 3376 2456 ὃς
3411 2392 3667 2447 ἐκάθισεν

2096 2486 2153 2536 ὲν
2193 2483 2343 2554 δεξιᾷ
2395 2483 2495 2554 τῆς
2536 2483 2909 2556 μεγαλοσύνης
2955 2486 3012 2538 ἐν
3050 2485 3290 2556 ὑψηλοῖς,
3336 2484 3446 2538 τῶν
3492 2486 3669 2553 ἁγίων

2093 2575 2421 2646 λειτουργὸς,
2451 2576 2545 2629 καὶ
2576 2576 2673 2647 τῆς
2704 2576 2908 2646 σκηνῆς
2934 2576 3031 2646 τῆς
3062 2575 3339 2648 ἀληθινῆς,
3373 2576 3440 2647 ἢν
3465 2576 3669 2647 ἔπηξεν

2094 2668 2123 2720 6
2149 2668 2368 2740 Κύριος,
2388 2666 2823 2739 οὐχ’άνθρωπος.
2864 2687 2882 2718 ι
2912 2667 3095 2720 Ταῦτα
3128 2669 3226 2738 μὲν
3245 2670 3273 2721 ὁ
3318 2669 3663 2735 Ἀπόστολος.

2106 2758 2163 2811 ’0
2184 2757 2237 2809 δὲ
2265 2756 2473 2827 ψαλμὸς
2495 2756 2719 2820 ὑποϐὰς,
2749 2757 2842 2809 καὶ
2869 2756 2928 2809 τὸ
2953 2756 3122 2821 πάθος
3142 2757 3667 2829 ἐπικεκαλυμμένως

2093 2846 2188 2901 τοῦ
2220 2848 2689 2918 προφητευομένου
2720 2848 2889 2918 δηλοῖ,
2914 2848 3085 2916 λέγων
3105 2863 3119 2877 ”
3162 2866 3181 2899 ι
3233 2848 3327 2901 Ἐκ
3363 2849 3668 2921 χειμάρρου

2093 2939 2152 2991 ἐν
2185 2936 2288 3007 ὁδῷ
2317 2938 2520 3001 πίεται,
2550 2936 2637 2990 διὰ
2666 2937 2821 2991 τοῦτο
2842 2935 3044 3006 ὑψώσει
3078 2936 3334 3009 κεφαλήν.
3368 2956 3385 2988 ι
3422 2938 3670 3012 Χείμαρ⁴

2095 3031 2186 3097 ρον
2205 3028 2261 3082 δὲ
2286 3027 2374 3081 τὸν
2399 3028 2584 3100 καιρὸν
2604 3025 2710 3080 τῶν
2730 3028 3049 3098 πειρασμῶν
3076 3027 3168 3081 καὶ
3191 3027 3345 3091 ἄλλος
3359 3026 3509 3098 δηλοῖ
3526 3028 3669 3097 ψαλ-

2095 3119 2215 3189 μὸς,
2246 3118 2416 3188 λέγων
2444 3135 2490 3173 ἰ
2518 3117 2832 3190 Χειμάρρου
2856 3116 3063 3189 διῆλθεν
3086 3120 3117 3188 ἠ
3146 3116 3291 3189 ψυχὴ
3320 3117 3496 3188 ἡμῶν.
3525 3120 3670 3190 Ἀρι

2090 3210 2303 3282 διῆλθεν
2322 3213 2355 3283 ή
2377 3210 2524 3282 ψυχὴ
2558 3211 2713 3283 ἡμῶν
2738 3212 2798 3263 τὸ
2836 3209 2978 3282 ὕδωρ
3003 3210 3062 3263 τὸ
3086 3210 3477 3263 ἀνυπόστατον.
3505 3231 3524 3262 z
3578 3213 3669 3265 Ἐν

2089 3301 2167 3373 τῷ
2190 3303 2469 3374 χειμάρρῳ
2481 3302 2657 3354 τοίνυν
2691 3300 2893 3364 πίεται,
2925 3299 3058 3371 φησὶ
3076 3339 3091 3363 ,
3114 3298 3175 3352 τὸ
3200 3300 3456 3371 ποτήριον
3485 3301 3669 3373 δηλον-

2090 3394 2201 3461 ότι,
2228 3394 2257 3448 ὃ
2289 3394 2531 3466 ᾐνίττετο
2560 3394 2696 3464 πρὸς
2750 3392 2827 3463 τῷ
2861 3393 3035 3466 καιρῷ
3058 3392 3152 3448 τοῦ
3189 3393 3414 3458 πάθους,
3447 3395 3623 3464 λέγων
3646 3411 3667 3429 ο

2098 3509 2117 3542 «ι
2143 3489 2343 3561 Πάτερ,
2372 3490 2420 3541 εί
2442 3487 2685 3552 δυνατὸν,
2708 3485 3023 3556 παρελθέτω
3036 3487 3097 3540 τὸ
3114 3488 3368 3559 ποτήριον
3392 3488 3548 3541 τοῦτο
3570 3489 3668 3543 ἀπ’

2091 3581 2276 3650 ἐμοῦ.»
2303 3581 2413 3635 Kal
2438 3580 2599 3635 πάλιν
2623 3580 2741 3632 «Et
2778 3582 2852 3650 μὴ
2881 3578 3105 3633 δυνατόν
3128 3581 3274 3632 ἐστιν
3299 3580 3429 3633 αὑτὸ
3461 3577 3668 3653 παρελ-

2093 3672 2224 3737 θεῖν,
2248 3673 2340 3727 ἐὰν
2364 3672 2437 3744 μὴ
2453 3672 2584 3725 αὐτὸ
2610 3671 2736 3736 πίω,
2760 3671 3043 3743 γενηθήτω
3058 3671 3116 3724 τὸ
3135 3669 3345 3741 θέλημά
3366 3688 3478 3725 σου.
3494 3690 3512 3723 z
3538 3672 3670 3725 Τοῦ-

2091 3782 2153 3819 το
2179 3764 2243 3837 δὴ
2266 3761 2359 3819 οῦν
2386 3763 2591 3817 ἐκπιὼν
2612 3762 2674 3817 τὸ
2715 3765 2972 3834 ποτήριον
2992 3802 3007 3828 ,
3044 3764 3224 3833 ῦψωσε
3258 3764 3496 3835 κεφαλὴν
3517 3805 3533 3829 ,
3569 3768 3666 3819 καὶ

2094 3856 2233 3911 κατὰ
2252 3856 2343 3909 τὸν
2376 3854 2713 3921 Ἀπόστολον,
2738 3854 2858 3907 ἐπεὶ
2886 3855 2994 3926 γάρ
3032 3873 3050 3907 ι
3082 3854 3303 3923 γέγονεν
3328 3854 3567 3925 ὑπήκοος
3588 3852 3667 3925 τῷ

2094 3948 2268 4019 Πατρὶ
2289 3947 2451 4019 μέχρι
2472 3946 2719 4010 θανάτου,
2741 3944 2971 3999 θανάτου
2990 3945 3047 3998 δὲ
3068 3944 3321 4016 σταυροῦ,
3341 3944 3430 3998 διὰ
3449 3944 3627 4009 τοῦτο,
3641 3964 3660 3995 ι

2095 4039 2279 4109 φησὶν,
2308 4058 2326 4089 ι
2351 4037 2706 4109 ὑπερύψωσεν
2730 4036 2889 4090 αὑτὸν
2915 4038 2943 4089 6
2973 4035 3125 4100 Θεὸς,
3160 4036 3377 4108 ἐγείρας
3406 4034 3565 4088 άυτὸν
3600 4037 3667 4088 ἐκ

2094 4127 2202 4182 τῶν
2221 4126 2428 4200 νεκρῶν
2445 4166 2461 4193 ,
2484 4128 2577 4181 zeal
2596 4126 2823 4190 καθίσας
2848 4127 3006 4180 αὑτὸν
3033 4128 3089 4179 ἐν
3110 4125 3257 4198 δεξιᾷ
3286 4124 3472 4189 αὑτοῦ,
3495 4125 3668 4195 ὑπερε-

2097 4218 2208 4272 άνω
2240 4217 2417 4288 πάσης
2442 4217 2615 4289 ἀρχῆς
2639 4255 2655 4279 ,
2690 4216 2782 4270 καὶ
2817 4214 3083 4282 ἐξουσίας,
3114 4217 3208 4270 καὶ
3238 4214 3536 4285 δυνάμεως,
3571 4217 3668 4269 καὶ

2095 4309 2441 4382 κυριότητος,
2490 4310 2583 4361 καὶ
2620 4307 2817 4372 παντὸς
2850 4306 3103 4377 ὀνόματος
3136 4303 3534 4375 ὀνομαζομένου
3553 4342 3570 4367 ,
3602 4304 3664 4358 οὐ

2100 4402 2256 4472 μόνον
2289 4403 2346 4454 ἐν
2374 4399 2453 4471 τῷ
2488 4399 2643 4454 αἰῶνι
2681 4399 2875 4471 τούτῳ,
2907 4396 3041 4451 ἀλλὰ
3072 4397 3168 4450 καὶ
3206 4399 3263 4451 ἐν
3290 4396 3366 4466 τῷ
3394 4395 3662 4466 μέλλοντι.

428 4502 527 4559 per
546 4488 734 4544 vivens
788 4488 855 4544 ad
907 4488 1352 4545 intercedendum
1381 4506 1478 4562 pro
1508 4491 1634 4549 illis.
1668 4492 1816 4551 Talis
1847 4495 1991 4550 enim

2097 4493 2207 4547 Kal.
2230 4493 2403 4547 πάντα
2420 4490 2672 4556 ὑπέταξε,
2700 4491 2909 4563 »φησὶν,
2933 4508 2951 4542 ι
2975 4478 3079 4542 ὑπὸ
3101 4491 3225 4553 τοὺς
3248 4488 3411 4551 πόδας
3429 4486 3618 4551 αὐτοῦ,
3642 4505 3658 4537 ι

429 4579 655 4635 decebat
683 4595 787 4637 nos
844 4579 1112 4651 pontifex,
1168 4591 1416 4647 sanctus,
1468 4583 1765 4651 innocens,
1800 4586 1993 4657 impol-

426 4672 600 4738 lutus,
648 4682 965 4744 segregatus
997 4688 1027 4726 a
1057 4674 1476 4744 peccatoribus,
1509 4683 1564 4731 et
1594 4677 1862 4732 excelsior
1888 4690 1995 4731 cte-

427 4762 499 4817 lis
526 4761 706 4818 factus
731 4764 799 4819 ⁸⁵.
836 4782 856 4814 ι
891 4761 1094 4819 Deinde
1117 4764 1363 4837 adjungit
1397 4785 1412 4821 :
1446 4784 1466 4818 ι
1495 4766 1865 4838 Caputautem
1899 4782 1995 4822 su-

427 4867 523 4923 per
551 4853 621 4909 iis
642 4869 762 4923 qua:
788 4854 935 4909 dicta
983 4863 1128 4914 sunt.
1166 4856 1349 4913 Talem
1378 4859 1640 4916 habemus
1662 4862 1993 4930 pontiﬁcem,

430 4944 523 5015 qui
554 4945 707 5001 sedet
755 4946 812 5000 in
843 4946 1068 5004 dextera
1110 4950 1423 5020 maiestatis
1454 4951 1510 5006 in
1551 4954 1804 5018 excelsis,
1861 4967 1993 5009 sau-

428 5045 640 5097 ctorum
698 5037 965 5106 minister,
1024 5047 1080 5095 et
1141 5042 1478 5098 tabernaculi
1515 5044 1652 5110 veri,
1691 5046 1837 5115 quod
1876 5046 1993 5100 ﬁxit

430 5128 594 5193 Deus,
641 5139 695 5185 et
727 5143 836 5185 non
863 5130 1025 5186 homo
1073 5132 1139 5187 ”.
1179 5152 1200 5186 ι
1251 5133 1376 5191 Haec
1407 5135 1626 5207 quidem
1679 5136 1989 5207 Apostolus.

430 5218 679 5276 Psalmus
707 5236 859 5289 vero,
896 5222 1124 5279 inferius
1175 5240 1530 5297 progressus,
1563 5229 1726 5283 etiam
1764 5244 1829 5283 ea
1872 5243 1993 5300 qua

2096 4584 2236 4637 κατὰ
2258 4583 2355 4655 τὴν
2382 4583 2516 4655 πρὸς
2543 4584 2700 4637 άυτὸν
2722 4582 3072 4651 ἐπαγγελίαν,
3102 4580 3169 4651 ἣν
3195 4579 3281 4633 διὰ
3322 4578 3416 4633 τοῦ
3451 4576 3663 4648 ψαλμοῦ

2095 4668 2409 4746 παρίστησι,
2432 4671 2626 4741 λέγων·
2649 4691 2667 4723 ι
2691 4671 2871 4726 Κάθου
2906 4671 2969 4724 ἐκ
2997 4668 3183 4733 δεξιῶν
3216 4684 3336 4739 μου,
3362 4665 3466 4729 ἐως
3494 4663 3561 4719 ἂν
3588 4662 3665 4717 θῶ

2093 4767 2217 4829 τοὺς
2247 4764 2476 4837 ἐχθρούς
2495 4780 2588 4818 σου
2624 4763 2908 4818 ὑποπόδιον
2929 4761 3037 4815 τῶν
3065 4759 3240 4814 ποδῶν
3274 4776 3388 4813 σου.
3412 4759 3666 4811 Κατακυ-

2098 4858 2244 4931 ρίευε
2269 4860 2325 4911 ὲν
2362 4857 2510 4929 μέσῳ
2532 4855 2638 4909 τῶν
2671 4854 2877 4927 ἐχθρῶν
2907 4870 3022 4908 σου.
3046 4873 3064 4904 ι
3100 4850 3369 4923 Πρόδηλον
3385 4849 3567 4910 παντὶ,
3592 4844 3689 4911 ὡς,

2098 4948 2176 5003 ἔτι
2199 4948 2295 5003 νῦν
2315 4950 2349 5019 ἡ
2369 4946 2462 5002 τοῦ
2484 4947 2734 5018 Σωτῆρος
2749 4945 2903 5017 ἡμῶν
2921 4945 3145 5017 δύναμις
3161 4944 3254 4996 καί
3272 4943 3300 4995 6
3314 4942 3411 5006 τῆς
3425 4939 3667 4993 διδασκαο

2096 5038 2215 5105 λίας
2236 5037 2399 5092 αὑτοῦ
2427 5038 2602 5105 λόγος,
2630 5038 2687 5088 ὲν
2711 5035 2893 5108 μέσοις
2916 5033 3258 5105 τοῖςοὲχθροῖς
3279 5032 3371 5085 καὶ
3391 5028 3666 5100 πολεμίοις

2099 5129 2285 5194 αὑτοῦ,
2316 5129 2408 5183 zeal.
2459 5127 2567 5180 τῶν
2619 5127 3054 5181 πεπιστευκότων
3098 5127 3178 5189 είς
3206 5124 3367 5178 αὑτὸν
3412 5120 3667 5175 ἁπάντων

2102 5222 2505 5292 ωτακυριεὺει.

429 5325 695 5383 passurus
715 5321 833 5368 erat
866 5316 933 5381 is,
982 5315 1050 5371 de
1075 5330 1184 5386 quo
1242 5319 1600 5385 vaticinatur,
1628 5329 1813 5391 aperte
1850 5320 2142 5391 signiﬁcat,
2174 5316 2364 5370 dicens
2393 5333 2406 5369 :
2439 5332 2456 5365 ι
2492 5312 2569 5368 De
2603 5320 2847 5369 torrente
2896 5312 2954 5368 in
3010 5311 3100 5367 via
3148 5312 3331 5377 hibet,
3379 5318 3667 5382 propterea

430 5403 688 5458 exaltabit
707 5414 872 5477 caput
903 5407 971 5463 ".
1014 5425 1033 5460 ι
1066 5407 1385 5467 Torrentem
1408 5427 1595 5482 porro,
1628 5415 1989 5470 tentatiouum
2031 5422 2245 5481 tempus
2266 5405 2672 5477 intelligendum
2708 5407 2849 5463 alius
2893 5407 3097 5462 indicat
3148 5407 3415 5479 psalmus
3436 5408 3664 5467 dicens;

437 5509 459 5543 ι
503 5490 822 5549 Torrentem
864 5500 1211 5567 pertransivit
1262 5505 1442 5559 anima
1476 5512 1684 5561 nostra.
1734 5503 1987 5561 Forsitan
2026 5501 2348 5575 pertransiit
2395 5501 2577 5556 anima
2606 5510 2794 5557 nostra
2811 5515 3006 5573 aquam
3040 5502 3438 5559 intolerabilem
3464 5504 3534 5560 ³⁷.
3568 5521 3589 5557 ι

749 5685 860 5739 xiv,
889 5676 1072 5734 18-19.
1155 5679 1199 5712 ’³
1226 5677 1387 5735 Πρω,
1432 5697 1504 5747 τι,
1532 5680 1614 5736 18.
1693 5684 1736 5714 υ
1774 5680 1934 5737 Hebr.
1976 5697 2070 5745 vu,
2098 5679 2288 5738 23-26.
2340 5679 2411 5767 7"
2436 5678 2598 5737 Hebr.
2634 5694 2753 5747 vm,
2793 5679 2974 5751 1,2."
2998 5679 3139 5737 Psal.
3164 5696 3275 5748 cu,
3310 5680 3361 5736 7.
3437 5683 3481 5714 "
3515 5679 3663 5741 PsaL

428 5752 620 5807 cunt,
650 5742 703 5794 5.
