3902 6264
293 397 396 453 369
1208 391 1860 452 DEMONSTRATIONIS
1896 390 2355 448 EV’ANGELICJE-
2390 390 2518 446 LIB.
2556 389 2621 445 ν.
3430 384 3536 443 370

288 516 344 571 In
379 526 635 575 torrente
665 517 832 589 igitur
863 517 1029 581 bibet,
1075 517 1274 588 inquit,
1324 518 1549 573 calicem
1587 514 1860 579 videlicet,
1900 528 2061 585 quem
2100 513 2216 584 ipse
2246 512 2350 569 sub
2388 510 2565 580 ipsum
2602 508 2873 581 passionis
2939 514 3155 577 tempus
3191 502 3534 576 signiﬁcavit,

284 608 525 666 dicens:
566 629 589 663 ι
622 608 810 675 Pater,
843 609 1181 675 si‘possibile
1206 617 1312 675 est,
1336 619 1577 668 transeat
1604 610 1864 666 calixiste
1899 622 1930 662 a
1961 622 2047 664 me
2073 607 2139 659 “.
2173 626 2192 659 ι
2228 604 2296 659 Et
2337 619 2532 660 rursus
2564 622 2575 657 :
2626 622 2641 656 :
2679 602 2738 658 Si
2797 617 2907 658 non
2974 600 3231 671 possibile
3258 605 3342 652 est
3379 597 3532 651 illum

281 703 557 765 transire.
591 705 703 761 nisi
732 692 1148 771 illum'bibam,
1180 705 1270 761 [iat
1296 705 1552 762 voluntas
1583 714 1677 759 tua
1721 704 1790 755 ".
1838 721 1857 754 ›
1896 700 2031 756 Cum
2092 699 2257 770 igitur
2309 698 2455 754 hunc
2509 698 2736 754 calicem
2791 697 3041 760 bibisset,
3106 701 3222 749 tum
3274 692 3530 748 exaltavit

279 803 477 863 caput.
512 794 581 849 Et
610 797 754 853 sicut
785 797 861 852 ait
892 797 1203 867 Apostolus.
1231 797 1490 869 quoniam
1527 816 1546 850 ι
1584 797 1759 852 factus
1813 802 1898 850 est
1930 791 2191 848 obediens
2240 790 2397 846 Patri
2442 805 2614 861 usque
2657 790 2725 845 ad
2791 797 3039 852 mortem,
3078 792 3305 842 mortem
3351 792 3532 838 autem

275 888 502 948 crucis.
558 909 577 940 ι
609 888 835 952 idcirco,
865 890 1063 961 inquit,
1108 909 1127 943 ι
1163 891 1448 967 ειαιιενὶι,
1477 890 1629 945 illum
1690 887 1835 944 Deus
1873 887 1943 949 ⁸⁸,
1986 885 2260 942 suscitans
2290 885 2440 940 illum
2462 899 2495 940 a
2527 884 2775 946 mortuis,
2806 891 2863 938 et
2900 882 3091 938 sedere
3132 882 3283 936 illum
3314 878 3442 934 fecit
3474 879 3533 935 in

273 976 521 1033 dextera
559 995 681 1042 sua,
729 994 896 1051 supra
924 995 1140 1035 omnem
1170 980 1568 1050 principatum,
1627 987 1682 1034 et
1747 982 2093 1047 potestatem,
2158 982 2213 1030 et
2244 976 2523 1038 virtutem,
2580 981 2635 1029 et
2685 974 3130 1038 dominationem,
3163 982 3217 1028 et
3245 986 3405 1027 omne
3433 986 3534 1026 no-

275 1086 412 1126 men
450 1073 600 1143 quod
625 1074 931 1128 nominetur
960 1089 1071 1128 non
1096 1075 1273 1130 solum
1301 1074 1357 1127 in
1389 1073 1492 1130 hoc
1517 1071 1738 1138 saeculo,
1758 1069 1853 1126 sed
1890 1069 2053 1124 etiam
2078 1068 2132 1122 in
2156 1068 2358 1124 futuro.
2394 1068 2458 1122 Et
2495 1070 2678 1123 omnia
2729 1066 2993 1136 subjecit,
3041 1065 3236 1136 inquit,
3277 1065 3379 1120 sub
3430 1079 3529 1135 pe-

274 1164 456 1220 dibus
486 1166 611 1234 ejus
631 1166 696 1230 “,
730 1184 749 1217 ι
788 1166 1088 1221 secundum
1121 1182 1263 1231 eam,
1292 1181 1412 1237 quae
1435 1166 1503 1222 ad
1527 1166 1706 1235 ipsum
1729 1163 1870 1217 facta
1909 1168 2014 1226 est,
2066 1162 2503 1233 promissionem,
2545 1176 2707 1233 quau:
2750 1161 2806 1214 in
2851 1158 3060 1230 pSalmo
3118 1156 3386 1225 declarat,
3444 1154 3533 1210 di-

277 1272 465 1313 cens:
515 1279 536 1310 ι
576 1258 716 1315 Sede
756 1259 1019 1315 adextris
1078 1244 1238 1324 meis,
1301 1259 1474 1316 donec
1525 1273 1721 1330 ponam
1786 1256 2038 1313 inimicos
2088 1264 2213 1312 tuos
2276 1256 2572 1311 scabellum
2616 1254 2813 1326 pedum
2856 1259 3093 1307 tuorum.
3152 1248 3442 1304 Dominare
3470 1246 3526 1300 in

280 1349 478 1405 medio
524 1350 871 1406 inimicorum
931 1360 1171 1406 tuorum.
1212 1371 1232 1404 ι
1264 1351 1493 1408 Constat
1542 1364 1672 1406 vero
1735 1348 2075 1419 planissime,
2106 1348 2559 1418 quemadmodum
2593 1346 2755 1402 hodie
2778 1359 2995 1416 quoque
3022 1340 3320 1398 Salvatoris
3355 1338 3532 1394 nostri

281 1440 494 1509 virtus,
527 1455 593 1496 ac
620 1442 882 1497 doctrinae
911 1442 1057 1499 illius
1092 1443 1342 1508 verbum,
1375 1443 1432 1497 in
1461 1440 1641 1498 medio
1691 1441 2037 1497 inimicorum
2095 1448 2148 1496 et
2202 1439 2445 1499 hostium
2509 1452 2755 1500 suorum,
2810 1435 3075 1490 omnibus.
3118 1432 3445 1504 quicumque
3474 1428 3531 1483 in

282 1537 474 1608 ipsum
500 1535 754 1602 credunt,
783 1537 1119 1593 dominatur.

824 1692 1217 1748 ΚΕΦΑΛΑΙΟΝ
1263 1695 1300 1745 Δ
1318 1733 1334 1747 .

303 1825 555 1897 Ὡςμκαὶ
602 1826 870 1893 Ἡσαΐας,
922 1826 1249 1897 ,προφητῶν
1278 1826 1610 1897 μέγιστος,
1660 1825 1867 1897 σαξρῷς

361 1892 505 1967 οἶδεν
530 1898 684 1967 Θεὸν
730 1892 1170 1967 ἐνΘεῷἐῖἰεαι,
1214 1892 1406 1966 λέᾆνωῦ·
1462 1892 1674 1967 ὁμοίως
1722 1892 1867 1967 ἡμῖν

363 1965 683 2031 δοξάζουσι
709 1966 942 2036 Πατέρα
973 1970 1042 2022 ἐν
1072 1966 1200 2035 Υἱῷ,
1237 1965 1333 2023 καὶ
1374 1965 1510 2021 γιον
1540 1967 1610 2020 ἐν
1629 1966 1862 2035 Πατέρι.

369 2159 388 2192 ι
428 2140 575 2211 Ἐγὼ
628 2142 833 2215 Κύριος
875 2144 1109 2215 ἐποίησα
1140 2144 1265 2214 γῆν,
1317 2142 1410 2197 καὶ
1460 2140 1743 2213 ἄνθρωπον
1777 2144 1865 2195 ἐπ’

293 2232 477 2303 αὐτῆς
509 2231 622 2301 ἐγὼ
644 2237 711 2305 τῇ
744 2234 883 2304 χειρί
909 2252 1011 2305 μου
1043 2234 1349 2306 ὲστερέωσα
1371 2233 1461 2288 τὸν
1487 2236 1730 2307 οὐρανὸν,
1756 2232 1865 2304 ἐγὼ

293 2326 425 2377 πᾶσι
456 2327 571 2386 τοῖς
597 2323 816 2396 ἄστροις
843 2326 1214 2397 ἐνετειλάμην,
1246 2325 1355 2395 ἐγὼ
1380 2327 1575 2397 ἡγειρα
1609 2328 1698 2381 τὸν
1727 2327 1865 2398 μετὰ

287 2414 633 2485 δικαιοσύνης
656 2414 895 2485 βασιλέα,
920 2416 1012 2469 xai
1039 2418 1209 2469 πᾶσαι
1236 2418 1289 2469 αἱ
1315 2416 1423 2469 ὁδοὶ
1451 2416 1613 2471 αὑτοῦ
1638 2418 1859 2471 εὐθεῖαι.

289 2501 457 2571 Οὗτος
488 2507 836 2578 οἰκοδομήσει
866 2508 965 2579 τὴν
1000 2508 1152 2562 πόλιν
1181 2526 1304 2579 μου,
1330 2507 1423 2562 καὶ
1448 2507 1546 2581 τὴν
1590 2509 1865 2579 αἰχμαλω-

285 2598 406 2652 σίαν
431 2599 529 2652 τοῦ
554 2598 685 2653 λαοῦ
719 2599 1053 2672 ἐπιστρέψει,
1080 2600 1140 2653 οὐ
1169 2598 1306 2672 μετά
1324 2600 1554 2674 λύτρων,
1580 2601 1699 2655 οὐδὲ
1726 2601 1864 2673 μετὰ

281 2689 493 2762 δώρων,
522 2687 644 2744 εἶπε
661 2690 864 2762 Κύριος
882 2691 1160 2746 Σαϐαὼθ.»
1192 2693 1339 2757 Τέως
1374 2693 1473 2762 μὲν
1502 2692 1670 2747 ταῦτα
1700 2697 1728 2748 ὁ
1753 2693 1863 2747 τῶν

281 2780 419 2834 ὅλων
446 2782 679 2854 ποιητὴς
704 2782 855 2847 Θεὸς,
883 2784 1009 2855 περί
1040 2801 1186 2848 τινος
1211 2781 1474 2853 βασιλέως
1494 2784 1586 2838 καὶ
1613 2783 1862 2856 Σωτῆρος

284 2871 578 2941 μέλλοντος
620 2873 917 2944 οἰκοδομεῖν
956 2873 1018 2927 τὸ
1053 2874 1154 2944 τῆς
1206 2873 1486 2937 εύσεὸείας
1528 2872 1858 2945 πολίτευμα,

281 2960 665 3033 λυτρώσασθαι
707 2962 804 3033 τὴν
842 2962 1222 3034 ἐπιωμὸᾶσαν
1264 2961 1572 3035 ἀνθρώποις
1617 2962 1721 3015 ὑπὸ
1764 2962 1862 3035 τῆς

277 3052 606 3125 δαιμονικῆς
649 3054 855 3125 πλάνης
902 3053 1295 3125 αἰχμαλωσίαν,
1322 3052 1412 3107 διὰ
1454 3053 1547 3106 τοῦ
1582 3055 1859 3127 προφήτου

280 3144 569 3209 θεσπίζειο
629 3144 754 3216 ἑξῆς
796 3145 853 3199 δὲ
896 3145 1104 3210 τούτοις
1151 3144 1211 3199 τὸ
1257 3143 1591 3218 προφητικὸν
1646 3146 1861 3218 πνεῦμα

281 3236 380 3308 τὴν
418 3238 704 3309 ὑποταγὴν
748 3238 857 3290 τῶν
891 3238 1198 3306 ἀλλοφύλων
1243 3237 1412 3291 ἐθνῶν
1452 3238 1764 3302 αἰνίττεται,
1792 3239 1860 3308 ἣν

282 3327 717 3399 ὑποταγήσονται
736 3327 812 3399 τῷ
832 3330 1311 3402 προφητευομένῳ,
1330 3332 1424 3384 καὶ
1450 3331 1525 3395 ὡς
1552 3333 1859 3405 προσκυνή-

285 3436 470 3474 σουσιν
518 3420 670 3491 αὐτῷ
718 3415 807 3474 οἷα
843 3419 960 3492 Θεῷ
1008 3424 1056 3476 οἱ
1106 3422 1592 3495 ὑποταγησόμενοι,
1647 3424 1739 3477 xai
1785 3425 1860 3489 ὠς

284 3512 676 3585 προσεύξονται
714 3514 775 3566 ὲν
804 3513 972 3586 αὐτῷ,
1009 3512 1100 3568 διὰ
1141 3516 1202 3568 τὸ
1238 3515 1459 3587 μείζονα
1501 3521 1771 3571 κατοικεῖν
1802 3521 1862 3572 ὲν

283 3602 431 3673 αὐτῷ
457 3602 616 3664 Θεὸν,
650 3603 743 3656 τὸν
788 3604 1048 3657 ἀνωτάτω
1090 3604 1288 3678 δηλαδὴ
1323 3606 1561 3679 Πατέρα,
1597 3608 1689 3661 καὶ
1727 3607 1859 3661 Θεὸν

284 3692 389 3744 τῶν
430 3692 590 3746 ὅλων.
647 3692 728 3746 Τὰ
778 3692 835 3747 δὲ
879 3694 979 3764 τῆς
1025 3692 1222 3759 λέξεως
1252 3694 1422 3762 οὕτως
1467 3696 1609 3768 ἔχει·
1650 3718 1666 3747 ι
1706 3697 1861 3751 Οὕτω

283 3784 429 3852 λέγει
477 3785 721 3858 Κύριοςσ
772 3786 1088 3841 Ἐκοπίασεν
1132 3787 1439 3857 Αἴγυπτος,
1488 3792 1582 3843 καὶ
1622 3791 1864 3862 ἐμπορία

285 3878 593 3942 Αἰθιόπων,
639 3878 735 3932 καὶ
789 3881 837 3932 οἱ
879 3879 1121 3950 Σαϐαεὶμ
1171 3880 1363 3951 ἄνδρες
1410 3880 1600 3952 ὑψηλοὶ
1650 3881 1744 3934 ἐπὶ
1798 3882 1858 3934 σὲ

284 3970 654 4041 διαϐήσονται,
683 3970 777 4023 καὶ
810 3970 891 4023 σοὶ
927 3970 1137 4024 ἔσονται
1181 3970 1376 4036 δοῦλοι,
1424 3973 1518 4026 καὶ
1548 3973 1724 4026 ὀπίσω
1763 3973 1854 4027 σοῦ

285 4060 743 4129 ἀκολουθήσουσι,
774 4060 1042 4131 δεδεμένοι
1076 4062 1448 4133 χειροπέδαις,
1493 4064 1587 4116 καὶ
1616 4081 1856 4137 προσκν-

286 4153 507 4221 νήσουσι
551 4152 685 4214 νέοι,
737 4152 828 4205 καὶ
873 4154 930 4204 ἐν
982 4152 1064 4205 σοὶ
1107 4153 1513 4224 προσεύξονται,
1560 4156 1641 4209 ὅτι
1681 4159 1739 4209 ἐν
1776 4159 1857 4211 σοὶ

288 4243 468 4308 ὸΘεός
502 4245 641 4308 ἐστι,
676 4244 771 4297 xai
797 4244 896 4297 οὐκ
933 4243 1045 4298 ἐστι
1070 4244 1201 4309 Θεὸς
1240 4245 1378 4318 πλὴν
1412 4246 1527 4301 σοῦ.
1575 4250 1646 4301 Σὺ
1676 4249 1783 4321 γὰρ
1809 4244 1860 4302 εἴ

287 4334 443 4401 Θεὸς,
493 4335 591 4388 καὶ
630 4335 730 4388 οὐκ
776 4335 1016 4405 ⁴ᾔδειμεν,
1065 4336 1196 4400 Θεὸς
1238 4338 1330 4391 τοῦ
1385 4339 1601 4410 Ἰσραὴλ
1643 4341 1851 4412 Σωτήρ.
1884 4375 1926 4433 C

286 4425 744 4498 Αἰσχυνθήσονται
787 4428 880 4480 καὶ
917 4429 1341 4500 ἐντραπήσονται
1379 4430 1577 4494 πάντες
1621 4433 1670 4483 οἱ
1704 4432 1851 4484 ἀντι-

292 4519 530 4590 κείμενοι
559 4517 729 4589 αύτῷ,
766 4518 860 4572 καὶ
883 4518 1238 4590 πορεύσονται
1265 4522 1321 4573 ὲν
1355 4521 1632 4592 αἰσχύνῃ.»
1670 4521 1854 4576 Ταῦτα

291 4608 386 4676 μὲν
417 4611 453 4679 ἡ
487 4609 815 4680 προφητεία.
852 4609 963 4680 Οὐχ
1005 4609 1241 4681 ἡγοῦμαι
1281 4610 1337 4663 δὲ
1376 4612 1719 4682 ἀντωπήσειν
1761 4611 1852 4664 δύ-

288 4700 475 4754 νασθαί
518 4717 667 4763 τινα,
700 4700 801 4754 κᾶν
849 4700 1051 4773 σφόδρα
1158 4700 1445 4772 ἀγνώμων,
1488 4701 1567 4772 τῷ
1604 4703 1856 4775 προδήλῳ

289 4792 377 4845 καὶ
418 4794 585 4860 σαφεῖ
626 4791 727 4861 τῆς
772 4791 988 4856 λέξεως,
1028 4792 1270 4863 ἐναργῶς
1315 4791 1484 4857 οὔτως
1534 4794 1861 4864 εἰσαγούσης,

288 4883 413 4937 Θεὸν
445 4884 543 4937 τοῦ
580 4883 795 4956 Ἰσραὴλ
817 4883 1067 4955 Σωτῆρα,
1088 4885 1182 4938 καὶ
1224 4884 1408 4954 ἕτερον
1435 4885 1493 4938 ὲν
1521 4885 1667 4955 αὐτῷ
1697 4885 1848 4939 Θεὸν·

294 4976 762 5049 ςΠροσκννήσονσί
818 4993 933 5040 σοι,
967 4995 987 5029 ›
1045 4977 1229 5047 φησιν,
1278 4996 1296 5028 ι
1322 4978 1369 5029 οἱ
1411 4976 1624 5043 δίκαιοι,
1661 4978 1753 5032 xai
1794 4981 1853 5033 ὲν

290 5067 366 5120 σοὶ
400 5066 793 5139 προσεύξονται
815 5107 830 5131 ,
864 5068 946 5121 ὅτι
986 5071 1043 5124 ὲν
1076 5069 1155 5121 σοὶ
1199 5070 1227 5121 ὁ
1257 5069 1386 5132 Θεός
1418 5071 1533 5121 ἐστι
1553 5109 1566 5133 ,
1619 5071 1710 5123 καὶ
1752 5071 1851 5124 οὐκ

286 5160 393 5213 ἔστι
444 5160 581 5224 Θεὸς
629 5159 767 5232 πλὴν
809 5161 922 5214 σοῦ’
988 5162 1051 5214 σὺ
1105 5162 1210 5234 γὰρ
1260 5157 1311 5215 εἴ
1347 5164 1376 5214 ὁ
1414 5161 1565 5227 Θεὸς,
1618 5165 1710 5217 καὶ
1750 5166 1850 5217 οὐκ

285 5251 523 5323 ᾔδειμεν,
559 5250 695 5315 Θεὸς
732 5251 827 5305 τοῦ
867 5251 1080 5323 Ἰσραὴλ
1125 5250 1335 5323 Σωτήρ.
1368 5272 1386 5305 ι
1438 5253 1512 5307 Τὸ
1558 5253 1643 5319 δὲ,
1697 5273 1716 5305 ‹
1750 5256 1851 5310 οὐκ

286 5340 518 5413 ᾔδειμεν,
552 5363 570 5394 ι
606 5344 672 5395 ὲκ
702 5341 991 5413 προσώπου
1015 5343 1122 5397 τῶν
1156 5345 1283 5415 πρὶν
1316 5345 1476 5398 αὐτὸν
1507 5346 1582 5418 μὴ
1607 5347 1849 5415 ἐπεγνω-

284 5431 446 5485 ιότων
493 5430 649 5502 παρὰ
702 5432 882 5500 μόνοις
932 5434 1043 5495 τοῖς
1101 5432 1495 5503 Ἐϐδομήκοντα
1542 5436 1846 5505 εἰρημένον,

284 5522 470 5597 ἑτέρως
501 5520 617 5595 εἶχε
637 5524 701 5576 τὸ
727 5524 1030 5594 Ἐϐραῖκὸν,
1053 5525 1082 5578 ὃ
1108 5524 1421 5596 μεταλαϐὼν
1440 5526 1469 5577 ὸ
1498 5527 1594 5597 μὲν
1621 5529 1845 5594 Ἀκύλας

283 5616 437 5685 φησί’
487 5636 506 5669 ι
549 5615 686 5680 Θεὸς
731 5616 840 5686 ἄρα
891 5616 1107 5687 ἰσχυρὸς
1151 5617 1664 5690 ἀποκρυπτόμενος,
1716 5620 1847 5685 Θεὸς

2570 1675 2797 1735 CAPUT
2833 1676 2918 1732 IV.

1966 1815 2127 1885 325
2153 1814 2305 1880 Quod
2350 1816 2508 1870 etiam
2560 1814 2771 1879 Isaias,
2814 1814 3188 1937 prosilueritin
3230 1814 3532 1876 maximus,

2038 1887 2191 1937 plane
2227 1887 2368 1937 novit
2419 1885 2585 1937 Deum
2634 1903 2746 1937 esse
2796 1887 2853 1937 in
2946 1901 3027 1937 eo.
3080 1884 3231 1937 idauc
3285 1883 3531 1937 afﬁrmat.

2036 1883 2191 1955 plane
2227 1887 2368 1939 novit
2419 1885 2585 1938 Deum
2634 1903 2746 1955 esse
2796 1883 2853 1939 in
2896 1883 3231 1955 Derbrpidquc
3256 1883 3531 1955 _aﬂirmat,

2040 1950 2173 2025 sicut
2215 1957 2376 2009 etiam
2410 1972 2503 2008 nos
2532 1955 2620 2025 qui
2648 1954 2864 2011 Patrem
2891 1956 2946 2009 in
2976 1950 3213 2021 Filio,'et
3246 1950 3445 2006 Filium
3477 1953 3532 2005 in

2039 2024 2202 2079 Patre
2223 2024 2602 2096 gloriﬁcamus.

2044 2154 2062 2188 ι
2095 2135 2205 2207 Ego
2239 2135 2505 2194 Dominus
2536 2137 2639 2194 feci
2684 2145 2912 2203 terram,
2962 2142 3015 2190 et
3061 2134 3334 2190 hominem
3368 2150 3531 2206 super

1963 2242 2027 2283 ea
2056 2245 2071 2294 ;
2102 2243 2200 2299 ego
2233 2244 2397 2285 manu
2443 2244 2562 2286 mea
2605 2228 2939 2285 consolidavi
2970 2229 3190 2293 coelum,
3223 2241 3324 2297 ego
3351 2226 3530 2280 omni-

1964 2318 2068 2374 bus
2109 2320 2274 2377 astris
2318 2321 2593 2385 mandavi,
2626 2336 2727 2392 ego
2780 2320 3040 2376 suscitavi
3072 2333 3253 2389 regem
3288 2333 3411 2373 cum
3437 2317 3531 2387 ju-

1964 2411 2136 2476 stitia,
2184 2420 2239 2468 et
2271 2427 2461 2467 omnes
2492 2413 2593 2467 vim
2630 2412 2752 2482 ejus
2780 2419 2961 2466 rectae.
3004 2409 3106 2465 Hic
3141 2408 3430 2465 aediﬁcabit
3457 2408 3531 2462 ci-

1962 2504 2183 2558 vitatem
2234 2518 2432 2568 meam,
2483 2510 2539 2559 et
2584 2504 2953 2575 captivitatem
2995 2501 3179 2574 populi
3222 2506 3531 2565 convertet,

1963 2611 2069 2649 non
2113 2595 2309 2665 pretio,
2342 2611 2517 2666 neque
2566 2595 2903 2662 muneribus,
2939 2594 3078 2651 dixit
3122 2591 3390 2653 Dominus
3427 2591 3530 2651 Sa-

1963 2686 2127 2742 baoth
2154 2687 2221 2761 ³ξ.
2254 2706 2273 2738 ι
2313 2687 2535 2743 Interim
2577 2687 2797 2758 quidem
2839 2687 2956 2743 haec
2995 2687 3236 2745 universi
3276 2688 3530 2744 conditor

1961 2777 2128 2842 Deus,
2182 2777 2250 2833 de
2288 2777 2525 2849 quodam
2564 2793 2688 2851 rege
2725 2792 2789 2833 ac
2825 2777 3126 2844 Salvatore,
3157 2780 3250 2849 qui
3288 2778 3527 2834 aedifica-

1960 2877 2121 2925 turus
2145 2870 2217 2926 sit
2246 2871 2635 2941 rempublicam
2663 2871 2903 2943 pietatis,
2936 2880 2992 2928 et
3019 2872 3384 2927 conditionem
3418 2883 3527 2941 qua

1962 2961 2210 3016 homines
2262 2977 2294 3018 a
2350 2959 2650 3020 dremcnico
2685 2979 2870 3020 errore
2930 2963 3127 3032 captivi
3169 2963 3525 3027 tenebantur,

1891 3033 1933 3090 Β
1963 3052 2354 3121 dissoluturus,
2390 3070 2486 3127 per
2510 3057 2826 3127 prophetam
2861 3054 3173 3127 respondet.
3207 3054 3265 3109 ln
3299 3055 3365 3112 iis
3397 3069 3531 3110 vero

1963 3164 2083 3219 qua:
2108 3157 2433 3221 sequuntur,
2476 3159 2823 3205 externarum
2861 3163 3079 3220 quoque
3108 3148 3389 3203 nationum
3428 3147 3527 3203 ob-

1962 3238 2233 3308 sequium,
2284 3253 2393 3309 quo
2432 3239 2482 3294 ei
2548 3247 2674 3295 sunt
2730 3240 3070 3295 obsecutum:
3111 3239 3204 3309 qui
3265 3245 3529 3294 venturus

1960 3331 2202 3393 canitur,
2262 3331 2612 3402 prOpheticus
2672 3330 2943 3404 signiﬁcat
2992 3332 3215 3403 spiritus
3257 3352 3271 3388 :
3314 3347 3525 3388 necnon

1959 3422 2417 3491 quemadmodum
2440 3423 2589 3477 illum
2615 3432 2872 3494 tanquam
2904 3422 3072 3479 Deum
3101 3424 3401 3479 adorabunt
3424 3425 3523 3490 illi,

1959 3515 2051 3584 qui
2087 3514 2159 3567 ita
2195 3513 2262 3567 ad
2296 3514 2617 3584 obsequium
2647 3516 2917 3582 venerint,
2945 3523 2999 3572 et
3028 3516 3173 3588 quod
3207 3516 3370 3572 Deum
3402 3530 3542 3570 οη·-

1959 3603 2096 3657 bunt
2140 3603 2197 3657 in
2239 3603 2705 3673 ipsozpropterea
2747 3606 2894 3676 quod
2944 3606 3000 3661 in
3054 3620 3120 3661 eo
3157 3604 3274 3675 ipse
3320 3605 3527 3659 habitet

1960 3695 2102 3753 Deus
2140 3712 2447 3766 supremus,
2478 3698 2725 3753 videlicet
2753 3697 2934 3762 Pater,
2970 3697 3320 3767 universique
3357 3695 3522 3752 Deus.

1959 3786 2137 3841 Locus
2164 3795 2342 3842 autem
2363 3788 2441 3843 sic
2456 3804 2513 3843 se
2534 3787 2695 3841 habet
2717 3787 2784 3842 ad
2801 3789 3022 3843 verbum
3047 3806 3061 3843 :
3087 3806 3106 3839 ‹
3132 3786 3222 3841 Sic
3252 3785 3384 3841 dicit
3414 3787 3523 3840 Do-

1958 3880 2141 3934 minus
2186 3900 2198 3935 :
2246 3880 2536 3937 Laboravit
2564 3878 2852 3951 Egyptus,
2883 3888 2936 3935 et
2984 3879 3279 3951 negotiatio
3309 3877 3525 3933 IEtbio-

1958 3986 2109 4040 pum,
2156 3980 2209 4027 et
2258 3972 2474 4027 Sabaim
2520 3973 2624 4029 viri
2652 3972 2851 4028 excelsi
2894 3970 2961 4026 ad
2995 3979 3047 4026 te
3090 3970 3423 4033 transibunt,
3467 3977 3524 4025 et

1958 4062 2036 4118 tui
2066 4070 2227 4117 erunt
2252 4062 2417 4128 servi,
2451 4070 2504 4118 et
2547 4077 2575 4117 a
2606 4071 2757 4133 tergo
2789 4068 2841 4117 te
2880 4068 3179 4132 sequentur
3204 4060 3374 4115 vincti
3405 4074 3524 4114 ma-

1956 4154 2120 4220 nicis,
2157 4163 2211 4208 et
2240 4153 2545 4209 adorabunt
2570 4153 2821 4226 juvenes,
2852 4162 2907 4210 et
2938 4154 2991 4208 in
3014 4161 3068 4209 te
3097 4154 3330 4209 orabunt
3352 4172 3364 4207 :
3385 4168 3526 4224 quo-

1958 4246 2104 4298 niam
2129 4244 2184 4298 in
2217 4254 2268 4299 te
2300 4243 2440 4300 Deus
2472 4255 2575 4309 est,
2607 4252 2661 4301 et
2693 4260 2801 4300 non
2838 4252 2922 4300 est
2952 4243 3096 4299 Deus
3130 4254 3321 4315 praeter
3350 4253 3435 4298 te:
3462 4249 3521 4297 tu

1958 4336 2101 4388 enim
2128 4350 2190 4389 es
2228 4334 2392 4397 Deus.
2424 4344 2475 4389 et
2508 4351 2618 4390 non
2652 4351 2998 4397 noveramus,
3038 4333 3181 4391 Deus
3208 4334 3372 4390 Israel
3402 4333 3523 4389 Sal-

1959 4433 2133 4479 vator.
2170 4424 2506 4481 Erubescent
2552 4433 2606 4482 et
2648 4426 3051 4481 confundantur
3078 4441 3267 4483 omnes
3294 4426 3387 4496 qui
3423 4425 3535 4479 ad-r

1956 4524 2246 4570 versantur
2266 4517 2337 4581 ei,
2370 4525 2423 4571 et
2454 4518 2809 4572 ambulabunt
2846 4518 2900 4572 in
2932 4518 3140 4588 pudore
3163 4518 3229 4573 ³⁸.
3272 4537 3290 4569 ι
3324 4516 3520 4573 [iacte-

1955 4624 2059 4663 nus
2098 4608 2214 4677 ipsa
2263 4608 2570 4679 prophetia.
2611 4609 2899 4674 Caeterum,
2942 4609 3255 4681 neutiquam
3288 4610 3523 4665 arbitror

1954 4701 2262 4770 quempiam
2293 4708 2481 4755 contra
2512 4698 2585 4758 id.
2616 4701 2759 4771 quod
2793 4706 2903 4754 tam
2935 4708 3120 4771 aperte
3148 4707 3202 4755 et
3235 4700 3520 4770 perspicue

1953 4792 2191 4854 dicatur,
2218 4793 2301 4847 vel
2331 4793 2521 4847 oculos
2549 4791 2908 4857 directurmn,
2944 4790 3195 4862 quamvis
3226 4790 3517 4844 admodum

1954 4883 2027 4937 sit
2074 4883 2340 4953 ingratus,
2390 4884 2483 4938 ubi
2527 4884 2603 4938 ita
2636 4882 2915 4939 evidenter
2955 4890 3009 4939 et
3038 4883 3197 4953 plane
3242 4882 3519 4939 inducitur

1952 4974 2098 5030 Deus
2151 4974 2317 5032 Israel
2364 4974 2635 5041 Salvator,
2682 4982 2738 5031 et
2794 4976 2851 5030 in
2906 4975 3000 5030 illo
3047 4974 3227 5031 Deus:
3262 4994 3281 5028 ι
3316 4973 3519 5028 Adora-

1954 5066 2088 5121 bunt
2129 5074 2201 5131 te,
2241 5067 2441 5137 inquit,
2478 5067 2637 5138 justi,
2684 5074 2740 5122 et
2768 5067 2825 5121 in
2870 5074 2923 5121 te
2954 5066 3207 5129 orabunt,
3260 5065 3521 5136 quoniam

1953 5161 2007 5215 in
2040 5170 2093 5217 te
2119 5170 2203 5217 est
2235 5160 2401 5224 Deus,
2431 5170 2485 5215 et
2512 5177 2622 5215 non
2646 5168 2732 5216 est
2761 5158 2905 5215 Deus
2936 5173 3132 5229 praeter
3162 5166 3213 5214 te
3245 5177 3257 5211 :
3286 5166 3339 5211 tu
3371 5158 3518 5212 enim

1951 5269 2011 5310 es
2050 5253 2228 5317 Deus,
2278 5264 2333 5309 et
2372 5252 2770 5317 nesciebamus,
2818 5250 2961 5307 Deus
2990 5250 3158 5306 Israel
3192 5248 3461 5305 Salvator.
3494 5266 3512 5301 ι

1950 5345 2120 5400 Porro
2170 5344 2340 5411 illud,
2395 5344 2859 5409 «nesciebamus,
2893 5363 2910 5395 ›
2954 5342 3098 5413 quod
3159 5357 3224 5397 ex
3285 5355 3517 5411 persona

1950 5453 2139 5495 eorum
2174 5438 2268 5508 qui
2298 5438 2452 5509 prius
2497 5438 2649 5493 illum
2678 5455 2789 5494 non
2811 5444 3169 5508 agnoverunt,
3191 5434 3355 5506 226
3376 5433 3517 5504 apud

1951 5529 2099 5585 solos
2132 5514 2273 5583 LXX
2304 5529 2511 5584 dictum
2545 5536 2652 5597 est,
2704 5529 2759 5583 in
2804 5528 3070 5584 ilebraico
3115 5529 3275 5583 aliter
3317 5527 3516 5595 habet;

1952 5621 2096 5693 quod
2130 5637 2262 5679 sane
2290 5622 2486 5694 Aquila
2519 5631 2866 5689 convertens,
2910 5623 2988 5678 sic
3017 5622 3092 5676 ait
3122 5640 3134 5677 :
3168 5640 3186 5675 ι
3218 5621 3359 5677 Deus
3387 5633 3516 5691 ergo

336 5817 596 5875 “Matth.
631 5818 874 5897 xxvr,3Q
970 5821 1013 5852 ”
1037 5819 1147 5874 ibid
1192 5818 1278 5873 42.
1333 5820 1376 5852 ³⁸
1395 5819 1625 5891 Philipp.
1659 5837 1719 5885 ιι,
1753 5822 1869 5877 8-9.
1925 5822 1965 5856 ³³
1992 5821 2188 5893 Ephes.
2212 5838 2251 5887 ι,
2282 5822 2466 5887 20,21.
2507 5823 2685 5894 la’isa.
2714 5824 3041 5888 xu',12,l5.
3116 5816 3516 5878 "ibidJi-iii.
