3902 6264
390 395 488 451 στι

1024 391 1293 448 EUSEBII
1342 391 1825 451 CASSARIENSIS
1859 394 1953 450 0P.

2058 391 2236 448 PARS
2275 393 2339 449 ιι.
2380 423 2450 442 -η
2489 393 2989 470 ΑΡοιοοΕτισΑ.,

3531 397 3638 453 372

389 515 550 572 fortis
570 517 841 579 occultus,
874 516 1016 571 Deus
1044 514 1210 571 Israel
1241 517 1332 589 qui
1357 517 1537 572 salvos
1560 516 1708 572 facit.
1735 537 1754 570 ι
1783 516 1953 572 Theo:

2076 516 2286 588 Ἰσραὴλ
2323 516 2508 580 σώζων
2527 536 2540 549 ·
2565 536 2583 567 ι
2626 520 2654 570 ό
2680 519 2736 572 δὲ
2761 518 3052 570 Θεοδοτίων
3077 534 3089 551 ·
3127 535 3143 567 ι
3171 517 3267 571 Διὰ
3297 516 3454 570 τοῦτο
3482 515 3638 586 ἰσχυ-

389 611 575 664 dotion
621 625 791 666 vero:
832 629 849 661 ι
879 608 1174 680 Propterea
1211 610 1365 665 fortis
1421 612 1777 666 absconditus
1822 610 1963 665 Deus

387 717 633 756 servans.
667 719 686 752 ›
728 698 830 755 Ubi
867 714 1000 756 sane
1040 700 1197 756 valde
1228 703 1551 758 mirabiliter
1581 701 1962 757 absconditum

391 795 558 849 Deum
593 794 874 848 Christum
920 795 1168 848 nominat
1200 815 1211 848 :
1244 810 1456 850 necnon
1483 810 1703 850 causam
1745 809 1963 866 quoque

391 889 704 958 planissime
737 889 918 954 docet,
953 898 1174 960 pr0pter
1197 905 1357 959 quam
1392 907 1561 946 unum
1597 891 1796 959 ipsum,
1825 904 1963 959 qua-

388 993 548 1039 tenus
581 982 724 1038 inter
753 999 817 1038 ea
849 998 971 1053 quae
1012 984 1195 1054 genita
1225 993 1373 1050 sunt,
1423 984 1757 1050 nominatur,
1791 983 1961 1038 Deum

389 1084 566 1138 vocat,
599 1077 669 1131 ob
690 1075 868 1130 Patris
891 1076 1141 1132 videlicet
1163 1077 1216 1132 in
1240 1077 1357 1148 ipso
1387 1078 1778 1132 habitationem
1805 1094 1818 1130 :
1853 1094 1869 1127 ι
1901 1075 1959 1129 In

386 1170 507 1238 ipso
539 1169 710 1233 enim,
743 1189 762 1220 ι
795 1177 854 1224 ιιι
881 1169 1098 1225 divinus
1144 1170 1302 1226 docet
1328 1170 1623 1241 Apostolus
1649 1171 1716 1234 ³⁸,
1757 1189 1776 1221 ι
1812 1183 1962 1224 com-

386 1260 596 1328 placuit
627 1277 844 1316 omnem
875 1262 1268 1332 plenitudinem
1295 1263 1601 1319 divinitatis
1630 1263 1898 1318 habitare.
1937 1280 1955 1313 ι

388 1351 502 1405 Hoc
531 1350 710 1422 ipsum
750 1352 916 1407 verba
962 1353 1077 1424 ipsa
1124 1353 1425 1421 declarant,
1475 1371 1597 1426 quae
1630 1353 1712 1409 sic
1760 1369 1818 1409 se
1866 1353 1962 1407 ha-

385 1443 515 1495 bent
545 1459 556 1495 :
595 1459 613 1492 ι
643 1441 912 1508 Quoniam
947 1443 1002 1498 in
1045 1451 1100 1499 te
1131 1442 1276 1500 Deus
1322 1452 1429 1509 est,
1469 1454 1525 1502 et
1566 1460 1675 1500 non
1703 1452 1788 1500 est
1817 1443 1960 1501 Deus

385 1539 582 1599 praeter
615 1540 687 1587 te.
725 1552 743 1584 ›
775 1531 884 1586 Ρι·ο
915 1533 1009 1588 illo
1032 1548 1163 1588 vero
1205 1535 1351 1604 quod
1399 1543 1503 1598 est,
1543 1553 1561 1585 ‹
1600 1541 1795 1604 praeter
1819 1541 1894 1598 te,
1936 1554 1955 1586 ι

383 1622 746 1688 Theodotion,
789 1643 808 1675 ‹
841 1633 1036 1694 prmter
1075 1626 1254 1696 ipsum
1287 1645 1305 1677 ι
1342 1626 1731 1697 interpretatus
1763 1633 1865 1690 est,
1902 1633 1962 1680 ut

383 1717 488 1770 hoc
507 1715 672 1769 modo
697 1718 858 1771 verba
886 1732 945 1772 se
972 1717 1205 1773 habeant
1239 1737 1252 1772 :
1279 1735 1300 1770 ι
1328 1717 1445 1773 Non
1477 1727 1560 1774 est
1594 1718 1738 1774 Deus
1765 1725 1960 1788 praeter

383 1810 586 1880 ipsum,
624 1827 644 1860 ι
696 1824 824 1862 eum
878 1809 1134 1866 videlicet
1189 1824 1218 1863 a
1269 1826 1378 1880 quo
1412 1827 1492 1878 es,
1545 1826 1641 1880 per
1691 1825 1852 1880 quem
1897 1816 1955 1864 tu

381 1875 598 1970 quoque
640 1899 694 1960 id
736 1901 927 1967 habes,
970 1909 1029 1954 ut
1066 1900 1238 1956 Filius
1270 1875 1370 1958 sis.
1416 1875 1524 1956 Sed
1545 1875 1746 1971 -Aquil-a
1774 1904 1849 1954 ita
1880 1899 1956 1953 in-
1987 1875 2030 1930 Β

379 2001 714 2063 terprctatus
741 2003 824 2049 est
857 2013 872 2049 :
915 2011 934 2046 ι
974 1993 1364 2050 Verumtamen
1399 1995 1454 2050 in
1485 2004 1535 2050 te
1566 1993 1746 2058 fortis,
1772 2001 1954 2048 etnon

381 2094 467 2142 est
513 2085 748 2156 amplius
775 2085 920 2156 apud
968 2094 1044 2144 te.
1091 2085 1236 2142 Deus
1291 2102 1422 2157 ergo
1470 2086 1628 2142 fortis
1659 2095 1714 2141 et
1755 2085 1951 2149 latens,

379 2178 528 2233 Deus
569 2179 752 2233 salvos
784 2177 1012 2234 faciens.
1045 2198 1063 2231 ι
1103 2179 1464 2250 Symmachus
1489 2194 1619 2233 vero
1649 2179 1799 2232 solus
1835 2177 1950 2232 sic:

384 2287 405 2321 ι
446 2269 500 2323 In
525 2281 576 2325 te
605 2269 768 2334 Deus,
793 2278 846 2329 et
876 2287 983 2325 non
1007 2279 1092 2327 est
1116 2272 1373 2342 amplius,
1392 2288 1571 2343 neque
1594 2271 1747 2326 adest
1771 2270 1953 2326 Deus:

379 2375 506 2414 vere
563 2369 618 2417 tu
665 2359 809 2416 Deus
857 2361 1240 2430 absconditus,
1267 2361 1408 2418 Deus
1439 2361 1605 2418 lsrael
1650 2376 1896 2416 servans.
1928 2379 1947 2412 ι

380 2447 482 2504 Ubi
519 2449 665 2520 quod
696 2451 838 2506 Deus
877 2452 948 2506 sit
997 2449 1251 2507 Christus
1298 2450 1412 2517 Dei,
1452 2452 1618 2507 verba
1646 2451 1763 2523 ipsa
1795 2450 1955 2521 plane

379 2543 678 2600 declarant.
730 2561 748 2594 ι
777 2542 912 2608 Nam
953 2552 1240 2615 propterea
1270 2545 1412 2615 quod
1439 2545 1492 2599 in
1533 2553 1605 2609 te,
1639 2544 1838 2615 inquit,
1870 2549 1956 2599 est

381 2636 550 2701 Deus,
581 2643 640 2690 tu
695 2652 826 2692 sane
866 2635 1008 2692 Deus
1043 2635 1198 2691 fortis
1244 2643 1298 2689 et
1342 2636 1725 2691 absconditus.
1757 2655 1775 2694 ι
1812 2635 1954 2706 Ergo

380 2743 446 2782 ex
477 2727 582 2792 his,
620 2725 762 2782 Deus
791 2742 935 2782 unus
975 2729 1099 2794 erit,
1131 2727 1223 2797 qui
1260 2726 1425 2796 hujus
1461 2726 1842 2803 appellationis
1869 2731 1955 2780 est

379 2815 668 2879 Dominus.
715 2816 888 2872 Filius
920 2826 1103 2872 autem
1133 2818 1392 2889 quoniam
1424 2816 1586 2872 Pater
1624 2818 1674 2872 ei
1709 2817 1954 2894 seipsum

381 2908 774 2972 communicat,
827 2908 894 2963 de
951 2909 1451 2963 communicatione
1505 2909 1754 2964 veritatis
1806 2908 1953 2962 illius

380 3002 701 3074 dignitatem
733 3000 963 3071 accepit,
1006 3001 1208 3075 quippe
1260 3001 1354 3071 qui
1381 3016 1555 3073 neque
1577 3016 1606 3054 a
1646 2999 1834 3074 seipso
1858 3001 1950 3063 sit,

381 3107 560 3168 neque
586 3093 654 3149 ab
681 3109 766 3158 eo,
791 3094 882 3164 qui
907 3094 1083 3164 ipsum
1108 3093 1317 3163 genuit,
1347 3091 1508 3148 Patre
1529 3091 1834 3158 deseratur,
1857 3091 1953 3146 sed

2069 609 2159 678 ρὸς
2203 612 2468 679 κρυφαῖος
2511 608 2642 672 Θεὸς
2701 609 2906 674 σώζων.
2941 630 2960 660 ι
3027 608 3237 680 ξφόδρα
3308 608 3640 680 θαυμαστῶς

2065 666 2335 768 κρυφαῖον.
2361 666 2492 752 Θεὸν
2521 700 2611 754 τὸν
2623 666 2684 753 -Χ
2695 666 2872 771 ριστὸν
2897 666 3182 772 όνομάξειί
3217 701 3309 756 καὶ
3459 666 3640 757 αἰτίαν

2063 792 2139 854 δὲ,
2173 793 2237 844 δι’
2271 792 2337 863 ἢν
2367 793 2500 845 Θεὸν
2525 793 2687 847 αὑτὸν
2719 793 2878 864 μόνον
2910 794 2986 857 ώς
3015 796 3072 846 ὲν
3095 797 3367 866 γεννητοῖς
3405 794 3546 864 μετὰ
3579 793 3641 847 τό

2064 882 2282 954 πρῶτον
2328 886 2422 937 καὶ
2461 883 2752 956 ἀγέννητον
2780 886 3064 950 ἀποκαλεῖ,
3094 887 3280 956 σαφῶς
3308 889 3636 951 ἐκδιδάσκει,

2063 975 2160 1044 τὴν
2207 973 2301 1026 τοῦ
2356 975 2565 1046 Πατρός
2612 978 2669 1029 ἐν
2717 977 2865 1048 αὑτῴ
2913 978 3249 1049 κατοίκησινο
3279 999 3298 1030 ι
3343 980 3430 1033 Ἐν
3463 979 3640 1050 τούτῳ

2064 1065 2223 1138 γὰρ,»
2270 1065 2410 1119 κατὰ
2439 1067 2530 1118 τὸν
2564 1067 2703 1121 θεῖον
2736 1068 3049 1135 ἀπόστολον,
3091 1089 3109 1120 ι
3133 1069 3391 1142 εὐδόκησε
3426 1071 3534 1124 πᾶν
3578 1071 3642 1124 τὸ

2063 1157 2339 1229 πλήρωμα
2383 1157 2482 1226 τῆς
2525 1157 2776 1229 θεότητος
2821 1161 3162 1231 κατοικῆσαι.
3196 1181 3214 1213 ›
3272 1161 3440 1214 Τοῦτο
3488 1161 3643 1232 δηλοῖ

2065 1246 2348 1317 φάσκουσα
2385 1251 2418 1318 η
2444 1247 2618 1314 λέξις·
2693 1269 2710 1301 ι
2750 1237 2870 1304 Ὅτι
2914 1253 2971 1306 ὲν
3017 1253 3100 1306 σοὶ
3151 1255 3182 1305 6
3207 1253 3338 1317 Θεός
3371 1255 3506 1317 ἐστι,
3540 1253 3640 1306 καὶ

2061 1341 2162 1393 οὑκ
2209 1339 2323 1392 ἔστι
2367 1341 2497 1405 Θεὸς
2547 1341 2685 1414 πλὴν
2730 1342 2846 1397 σοῦ.
2883 1363 2900 1394 ι
2978 1344 3121 1397 ’Δντὶ
3163 1345 3220 1398 δὲ
3258 1344 3372 1409 τοῦ,
3439 1365 3457 1396 ι
3496 1346 3641 1417 πλὴν

2065 1431 2179 1497 σοῦ,
2209 1455 2227 1484 ›
2279 1453 2296 1484 ι
2323 1433 2459 1505 πλὴν
2491 1435 2678 1500 αὑτοῦ,
2697 1454 2716 1487 ι
2750 1437 2777 1489 6
2805 1436 3099 1491 Θεοδοτίων
3130 1438 3446 1508 πεποίηκεν,
3482 1439 3548 1491 ἵν’
3577 1435 3641 1512 ᾗο

2069 1541 2085 1573 ι
2121 1523 2234 1576 Οὑκ
2279 1523 2395 1580 ἔστι
2428 1525 2561 1588 Θεὸς
2607 1526 2744 1598 πλὴν
2794 1525 2991 1593 αὑτοῦ,
3023 1547 3041 1578 ι
3087 1527 3283 1600 δηλαδὴ
3329 1529 3421 1583 τοῦ
3460 1532 3518 1584 ὲν
3553 1531 3646 1586 σοι

2060 1612 2215 1679 Θεοῦ,
2261 1615 2326 1667 δι’
2366 1616 2424 1668 ὃν
2469 1618 2562 1670 καὶ
2605 1618 2668 1671 σὺ
2718 1619 3005 1690 τυγχάνεις
3055 1619 3129 1674 ὢν
3174 1621 3326 1685 Θεός.
3374 1623 3532 1676 Κατὰ
3581 1622 3644 1677 δὲ

2059 1704 2151 1758 τὸν
2189 1707 2418 1761 Ἀκύλαν
2466 1707 2639 1773 οὕτως
2687 1709 2832 1780 ἔχει’
2904 1730 2922 1763 ι
2960 1711 3106 1782 Πλὴν
3153 1714 3210 1765 ὲν
3252 1713 3334 1766 σοὶ
3394 1712 3642 1785 ἰσχυρὸς,

2061 1800 2152 1853 καὶ
2203 1801 2303 1853 οὐκ
2349 1800 2493 1854 ἔστιν
2538 1801 2619 1855 ἔτι
2680 1802 2834 1875 παρὰ
2880 1804 2979 1858 σοί.
3060 1805 3192 1869 Θεὸς
3237 1806 3346 1876 ἄρα
3417 1808 3641 1880 ἰσχυρὸς

2058 1891 2152 1943 καὶ
2199 1891 2699 1962 ἀποκρυπτόμενος,
2749 1893 2880 1957 Θεὸς
2927 1893 3132 1959 σώζων.
3160 1914 3178 1946 ι
3242 1895 3400 1949 Κατὰ
3443 1897 3500 1950 δὲ
3544 1898 3641 1951 τὸν

2057 1982 2353 2053 Σύμμαχον
2391 1985 2568 2055 μόνον’
2611 2004 2630 2036 ι
2677 1984 2766 2038 Ἐν
2805 1986 2887 2038 σοί¹
2918 1986 3070 2052 Θεὸς,
3104 1989 3198 2041 καὶ
3227 1989 3326 2042 οὐκ
3357 1988 3502 2042 ἐστιν
3531 1989 3636 2056 ἔτι,

2055 2074 2164 2128 οὐδ’
2209 2076 2444 2147 ὑπάρχει
2477 2078 2643 2142 Θεόςο
2689 2077 2856 2141 ὅντως
2899 2079 2962 2133 σὺ
3007 2080 3140 2145 Θεὸς
3176 2085 3468 2154 κρυφαῖος,
3503 2083 3640 2149 Θεὸς

2070 2167 2282 2239 Ἰσραὴλ
2329 2167 2533 2235 σώζων.
2563 2188 2580 2219 ι
2644 2172 2721 2223 Δι’
2757 2164 2832 2224 ὧν
2871 2173 2932 2224 τὸ
2976 2172 3146 2226 αἴτιον
3188 2174 3282 2227 τοῦ
3323 2173 3460 2229 εἶναι
3499 2176 3638 2232 Θεὸν

2054 2259 2146 2312 τὸν
2177 2260 2408 2333 Χριστὸν
2453 2262 2546 2314 τοῦ
2573 2262 2732 2328 Θεοῦ,
2776 2264 2962 2334 σαφῶς
3002 2268 3030 2318 6
3061 2265 3216 2334 λόγος
3269 2269 3640 2341 παρέστησεν.

2063 2369 2080 2401 ι
2105 2350 2256 2402 Ἐπεὶ
2304 2351 2412 2423 γὰρ
2446 2353 2502 2404 ὲν
2534 2352 2636 2416 σοὶ,
2675 2371 2694 2403 ι
2734 2354 2916 2423 φησὶν,
2982 2371 2998 2404 ι
3026 2355 3145 2407 ἐστὶ
3171 2356 3323 2420 Θεὸς,
3349 2356 3435 2410 διὰ
3474 2356 3640 2411 τοῦτο

2059 2443 2122 2496 σὺ
2150 2443 2280 2506 Θεὸς
2307 2445 2523 2515 ἰσχυρὸς
2551 2445 2644 2498 καὶ
2674 2447 2955 2516 κρυφαῖος.
2989 2465 3006 2497 ι
3060 2447 3266 2500 Οὐκοῦν
3299 2448 3386 2502 διὰ
3429 2449 3640 2505 τούτων

2055 2538 2084 2589 6
2120 2537 2220 2607 μὲν
2273 2535 2476 2608 ἀληθὴς
2524 2536 2619 2591 καὶ
2659 2537 2818 2608 μόνος
2861 2537 3012 2602 Θεὸς,
3049 2533 3130 2602 εἷς
3187 2540 3252 2594 ἂν
3299 2539 3415 2612 εἴη,
3473 2541 3640 2612 μόνος

2056 2628 2261 2699 κυρίως
2305 2628 2586 2699 τυγχάνων
2628 2630 2726 2700 τῆς
2771 2631 3172 2705 προσηγορίας·
3223 2634 3250 2686 6
3290 2633 3344 2686 δὲ
3382 2633 3638 2706 δεύτερος

2059 2719 2317 2792 μετουσίᾳ
2354 2718 2448 2772 τοῦ
2497 2720 2726 2791 ἀληθοῦς
2767 2723 2865 2792 τῆς
2905 2724 3184 2787 κοινωνίας
3226 2723 3470 2794 ἠξίωται,
3508 2725 3638 2781 οὔτε

2056 2810 2131 2864 ὢν
2160 2813 2278 2866 καθ’
2307 2813 2516 2878 ἑαυτὸν,
2541 2813 2664 2869 οὔτε
2697 2816 2942 2885 ὑφεστὼς
2971 2818 3092 2889 δίχα
3130 2819 3224 2874 τοῦ
3261 2819 3637 2885 θεοποιοῦντος

2055 2905 2216 2958 αὑτὸν
2240 2906 2482 2979 Πατρὸς,
2524 2907 2634 2960 οὔτ’
2661 2907 2788 2963 ἄνευ
2815 2908 2909 2962 τοῦ
2944 2910 3159 2982 Πατρὸς
3198 2911 3636 2983 θεολογούμενος,

2055 2995 2170 3048 ἀλλ’
2202 2997 2323 3050 ὅλον
2363 2999 2496 3052 αὐτὸ
2539 2999 2695 3056 τοῦτο
2739 2999 2815 3052 ών
2851 3017 2913 3054 τε
2952 3001 3046 3054 καὶ
3080 3000 3188 3065 ζῶν
3225 3003 3317 3056 καὶ
3360 3003 3634 3072 ὑφεστὼς,

2055 3086 2144 3141 διὰ
2182 3087 2271 3141 τὸν
2311 3089 2369 3143 ὲν
2411 3089 2558 3161 αὑτῷ
2599 3091 2844 3163 Πατέρα,
2895 3092 3066 3145 συνών
3107 3110 3167 3146 τε
3213 3093 3288 3165 τῷ
3311 3095 3506 3167 Πατρὶ,
3540 3095 3636 3149 καὶ

378 3187 485 3240 hoc
514 3187 692 3256 ipsum
729 3193 926 3250 totum,
961 3184 1107 3256 quod
1138 3194 1242 3250 est,
1280 3184 1424 3262 quod
1465 3185 1619 3250 vivit,
1651 3183 1793 3256 quod
1824 3183 1953 3240 sub-

2059 3177 2117 3245 ὲξ
2158 3178 2342 3244 αὑτοῦ,
2389 3182 2481 3236 καὶ
2519 3181 2587 3234 δι’
2626 3182 2784 3235 αὑτὸν
2819 3183 3249 3254 θεοποιούμενος,
3289 3185 3350 3238 τό
3388 3204 3446 3238 τε
3489 3182 3634 3241 εἶναι

379 3276 548 3341 sistit,
596 3275 664 3330 ab
703 3291 769 3330 eo
817 3291 847 3328 a
879 3292 988 3348 quo
1017 3282 1101 3331 est
1133 3274 1313 3340 Patre,
1351 3275 1612 3339 obtineat,
1643 3275 1737 3350 qui
1777 3290 1954 3346 neque

377 3365 596 3424 Patrem
631 3366 856 3431 deserit,
901 3375 955 3422 et
999 3368 1066 3422 ab
1110 3367 1204 3422 illo
1231 3365 1492 3442 gignitur,
1524 3373 1577 3421 et
1611 3375 1724 3420 tum
1767 3374 1827 3420 ut
1858 3367 1950 3431 sit,

379 3467 496 3512 tum
530 3467 591 3512 ut
621 3457 792 3514 Filius
821 3458 912 3524 sit,
948 3475 1058 3514 non
1085 3473 1117 3513 a
1140 3459 1344 3531 seipso,
1387 3458 1480 3514 sed
1511 3473 1541 3512 a
1572 3457 1733 3514 Patre
1767 3459 1950 3513 habet.

380 3552 671 3620 Quocirca,
706 3554 914 3616 honore
953 3555 1098 3608 hunc
1147 3568 1362 3624 quoque
1412 3562 1470 3606 ιιι
1491 3551 1661 3607 Deum
1699 3553 1952 3624 prosequi

376 3647 556 3706 edocti
597 3664 810 3712 sumus,
853 3647 1331 3718 quemadmodum,
1381 3663 1501 3718 quae
1533 3661 1679 3700 nunc
1713 3655 1953 3701 tractan-

376 3749 488 3806 tur,
532 3739 830 3812 pmphetiae
874 3740 1177 3795 declarant.
1212 3737 1283 3793 Ut
1332 3738 1479 3794 enim
1525 3737 1760 3807 alicujus
1808 3739 1953 3811 regis

377 3833 559 3902 imago
590 3833 940 3889 veneratione
982 3831 1121 3886 allici
1159 3832 1318 3896 solet,
1348 3840 1572 3900 propter
1607 3831 1758 3885 illum
1794 3832 1952 3901 cujus

377 3925 707 3985 lineamenta
747 3939 1010 3995 expressa
1059 3931 1114 3979 et
1161 3922 1574 3978 similitudinem
1621 3921 1727 3978 fert
1771 3923 1952 3993 (caete-

377 4033 523 4082 rum,
559 4017 810 4088 quamvis
841 4025 896 4073 et
938 4017 1118 4087 imago
1161 4015 1327 4083 regis,
1374 4022 1428 4070 et
1463 4015 1579 4086 ipse
1612 4031 1706 4071 rex
1745 4015 1953 4071 honore

377 4105 666 4173 aﬂiciatur,
702 4123 846 4163 unus
877 4115 1058 4167 tamen
1089 4107 1193 4159 erit
1222 4107 1313 4176 qui
1341 4106 1660 4172 honoretur,
1687 4121 1798 4162 non
1819 4107 1946 4162 duo.

375 4196 498 4252 Non
530 4198 674 4254 enim
713 4199 823 4255 duo
856 4215 1035 4270 reges,
1071 4216 1237 4265 unus,
1283 4201 1492 4272 primus
1524 4209 1578 4258 et
1609 4217 1773 4258 verus
1815 4221 1828 4256 :
1873 4201 1953 4255 al-

375 4297 480 4351 ter.
520 4293 612 4362 qui
662 4292 780 4363 ipsa
811 4293 1050 4364 imagine
1082 4294 1156 4349 sit
1208 4310 1522 4365 expressus,
1572 4295 1668 4352 sed
1712 4311 1856 4351 unus
1895 4295 1950 4350 in

375 4391 611 4454 utroque
639 4399 747 4440 non
775 4385 938 4440 modo
971 4385 1315 4457 intelligitur,
1343 4403 1533 4443 verum
1577 4387 1740 4442 etiam
1773 4387 1951 4442 nomi-

374 4481 542 4528 natur
569 4483 734 4542 atque
765 4472 1108 4546 honoratur),
1141 4476 1221 4530 sic
1265 4491 1400 4530 sane
1458 4476 1772 4547 unigenitus
1814 4492 1951 4548 quo-

2058 3269 2193 3341 όμοῦ
2229 3273 2321 3324 καὶ
2363 3273 2423 3324 τὸ
2445 3271 2576 3337 Θεὸς
2616 3269 2754 3326 εἶναι
2785 3274 2883 3327 οὑκ
2920 3276 2978 3340 ἐξ
3017 3276 3232 3341 ἑαυτοῦ,
3273 3277 3423 3349 παρὰ
3449 3277 3505 3332 δὲ
3533 3278 3636 3331 τοῦ

2058 3362 2270 3433 Πατρὸς
2301 3363 2567 3434 ἐσχηκώς.
2603 3365 2694 3418 Διὸ
2721 3367 2784 3438 δὴ
2823 3367 2963 3437 μετὰ
2988 3369 3080 3421 τὸν
3096 3369 3312 3441 Πατέρα
3341 3372 3502 3444 τιμᾷν
3535 3373 3632 3424 καὶ

2058 3454 2219 3508 αὑτὸν
2251 3456 2324 3520 ώς
2357 3457 2487 3511 Θεὸν
2530 3458 2903 3537 ἐδιδάχθημεν,
2937 3461 3022 3514 διὰ
3053 3461 3140 3515 τὸν
3174 3466 3231 3518 ἐν
3266 3463 3412 3534 αὑτῷ
3446 3480 3632 3518 κατοι-

2058 3547 2255 3601 κοῦντα
2285 3549 2436 3615 Θεὸν,
2470 3550 2754 3624 ώσπεροῦν
2792 3554 2849 3606 αἱ
2894 3554 3032 3623 μετὰ
3077 3553 3264 3628 χεῖρας
3317 3557 3630 3631 περιέχουσι

2056 3644 2401 3712 προφητεῖαι.
2449 3643 2536 3707 Ὠς
2561 3642 2669 3716 γὰρ
2701 3643 2766 3697 ἂν
2799 3645 3051 3718 τιμηθείη
3076 3647 3336 3717 βασιλέως
3355 3647 3515 3702 εἰκὼν
3540 3649 3630 3702 διὰ

2053 3729 2174 3794 τὸν,
2220 3724 2279 3784 οῦ
2318 3733 2445 3794 τοὺς
2486 3734 2839 3805 χαρακτῆρας
2881 3735 2974 3788 καὶ
3017 3737 3116 3808 τὴν
3161 3738 3417 3808 ὁμοίωσιν
3468 3739 3626 3812 φέρει

2057 3821 2390 3894 (τιμωμένης
2425 3825 2480 3877 δὲ
2511 3827 2609 3897 τῆς
2635 3827 2860 3891 εἰκόνος,
2898 3829 3108 3882 καὶτοῦ
3142 3831 3403 3902 βασιλέως
3440 3834 3630 3899 αὑτοῦ,

2055 3909 2135 3978 εἷς
2166 3913 2230 3968 ἂν
2262 3919 2289 3969 6
2315 3915 2621 3988 τιμώμενος
2647 3919 2741 3972 καὶ
2772 3920 2830 3972 οὑ
2861 3919 2952 3973 δύο
2971 3961 2984 3973 .
3015 3922 3087 3974 Οὑ
3113 3923 3219 3994 γὰρ
3246 3924 3337 3977 δύο
3364 3923 3624 3993 βασιλεῖς,

2053 4007 2082 4058 6
2105 4023 2164 4058 τε
2192 4007 2406 4078 πρῶτος
2433 4007 2524 4062 καὶ
2546 4009 2770 4082 ἀληθὴς,
2803 4013 2897 4065 καὶ
2930 4015 2958 4066 6
2986 4013 3078 4066 ἐπὶ
3097 4014 3197 4084 τῆς
3227 4017 3432 4080 εἰκόνος
3464 4035 3624 4070 τετυ-

2055 4099 2322 4169 πωμένος,
2347 4096 2427 4164 εἷς
2446 4102 2491 4155 δ’
2506 4104 2535 4155 ό
2557 4105 2674 4156 κατ’
2698 4105 3040 4177 ἀμφοτέρων,
3061 4107 3120 4159 οὑ
3141 4107 3297 4177 μόνον
3320 4108 3436 4161 νοού
3447 4128 3626 4180 μενος,

2053 4191 2191 4245 ἀλλὰ
2208 4193 2302 4249 καὶ
2322 4193 2719 4265 ὀνομαζόμενος
2739 4197 2832 4248 καὶ
2850 4197 3200 4268 τιμώμενος),
3220 4198 3360 4251 οὕτω
3379 4199 3514 4270 δῆτα
3535 4200 3630 4254 καὶ

2053 4286 2082 4336 6
2104 4285 2396 4356 μονογενὴς
2413 4283 2560 4350 Υἱὸς,
2588 4285 2750 4340 εἰκὼν
2774 4285 2848 4341 ὢν
2883 4289 3039 4358 μόνος
3061 4288 3154 4342 τοῦ
3179 4289 3312 4343 Θεοῦ
3341 4290 3433 4354 τοῦ
3463 4293 3631 4363 ἀορά-

2051 4391 2167 4442 του,
2205 4376 2428 4444 είκότως
2459 4377 2549 4432 διὰ
2587 4379 2710 4443 τὸν,
2746 4370 2808 4432 οῦ
2856 4380 3012 4451 φέρει
3058 4382 3348 4452 ὁμοίωσιν,
3379 4369 3543 4438 εἰκών
3567 4404 3628 4439 τε

2054 4467 2418 4540 ἀνηγόρευται
2453 4469 2548 4521 τοῦ
2575 4471 2806 4542 ἀοράτου
2837 4471 2993 4537 Θεοῦ,
3039 4474 3358 4529 θεοποιεῖταί
3397 4493 3457 4528 τε
3494 4478 3627 4548 1:96;

374 4580 483 4634 que
531 4563 723 4630 Filius,
775 4581 902 4619 cum
958 4567 1108 4622 solus
1151 4567 1224 4620 sit
1265 4567 1444 4638 imago
1492 4567 1588 4623 Dei
1634 4569 1949 4637 invisibilis,

2057 4557 2218 4611 αὑτοῦ
2245 4558 2337 4611 τοῦ
2366 4560 2579 4635 Πατρός
2598 4577 2610 4589 ·
2639 4559 2780 4614 οὕτω
2816 4561 3073 4631 πεφυκὼς
3100 4564 3199 4634 τὴν
3230 4565 3434 4628 οὐσίαν,
3472 4567 3629 4628 αὑτό-

373 4658 536 4728 227
563 4657 758 4712 merito
791 4665 1010 4728 pr0pter
1042 4673 1205 4723 eum,
1252 4658 1412 4726 cujus
1468 4658 1573 4716 fert
1632 4660 1952 4715 similitudi-

371 4763 536 4811 nem,
579 4753 636 4802 et
686 4747 866 4816 imago
906 4749 1211 4818 appellatur
1253 4749 1347 4804 Dei
1399 4748 1729 4814 invisibilis,
1781 4759 1836 4807 et
1884 4752 1952 4806 ah

375 4839 497 4907 ipso
560 4839 721 4895 Patre
769 4839 1044 4896 eﬂicitur:
1082 4843 1281 4911 quippe
1341 4841 1434 4911 qui
1482 4842 1577 4895 tali
1625 4842 1825 4898 existat
1898 4850 1953 4899 et

373 4936 573 4983 natura
605 4937 659 4983 et
686 4930 948 4994 essentia,
971 4929 1206 5000 indeque
1235 4945 1300 4984 ex
1325 4946 1432 4999 quo
1456 4933 1690 4999 primum
1717 4935 1947 4999 exstitit,

374 5032 486 5073 non
541 5017 954 5086 acquisititiam,
1016 5015 1112 5071 sed
1162 5017 1465 5070 naturalem
1524 5017 1698 5073 Patris
1750 5019 1946 5089 imagi-

374 5126 499 5165 nem
539 5111 758 5166 referat.
813 5109 993 5178 Quare
1048 5109 1190 5164 idem
1236 5117 1434 5164 natura
1490 5109 1655 5174 Deus,
1710 5119 1764 5171 et
1805 5112 1950 5166 idem

374 5202 688 5271 unigenitus
733 5199 903 5255 Filius
929 5197 1164 5264 exsistit,
1208 5213 1319 5253 non
1374 5207 1553 5254 autem
1617 5207 1676 5254 ut
1709 5200 1818 5264 illi,
1855 5201 1949 5272 qui

372 5295 718 5349 extrinsecus
749 5299 1126 5354 assumuntur,
1165 5289 1475 5360 adoptatus,
1505 5290 1709 5361 quique
1747 5291 1951 5345 adven-

371 5384 553 5439 titium
588 5385 784 5443 divinae
816 5383 1195 5457 appellationis
1249 5383 1510 5438 honorem
1545 5383 1844 5454 possident.
1879 5383 1949 5436 At

371 5476 520 5531 enim
547 5476 649 5532 etsi
681 5483 874 5530 natura
907 5474 1218 5546 unigenitus
1251 5472 1440 5542 Filius,
1484 5473 1734 5544 Deusque
1763 5481 1951 5530 noster

373 5569 706 5630 celebratur,
728 5584 834 5622 non
862 5577 1043 5631 tamen
1083 5584 1112 5620 a
1145 5567 1325 5638 seipso
1364 5567 1541 5630 Deus,
1586 5566 1682 5622 sed
1721 5582 1789 5622 ex
1841 5565 1948 5620 Deo

371 5655 538 5723 Patre
571 5659 882 5728 unigenitns
914 5657 1107 5721 Filius,
1137 5667 1190 5739 et
1217 5657 1421 5713 idcirco
1451 5656 1615 5714 Deus.
1643 5656 1949 5728 Totumqne
2002 5732 2008 5740 Ι

436 5832 485 5875 ³⁵
511 5831 723 5897 Coloss.
761 5847 800 5889 I.
837 5829 917 5884 I9.

2055 4648 2148 4702 θεν
2189 4667 2247 4703 τε
2295 4650 2403 4703 ἀπὸ
2455 4650 2679 4724 πρώτης
2716 4652 3004 4726 ὑπάρξεως
3055 4656 3322 4726 φυσικὴν,
3362 4656 3478 4709 ἀλλ’
3529 4659 3628 4712 οὑκ

2056 4739 2344 4811 ἐπίκτητον
2379 4739 2477 4812 τῂν
2520 4741 2702 4795 είκόνα
2747 4740 2839 4794 τοῦ
2887 4743 3096 4815 Πατρὸς
3137 4745 3499 4815 ἐπαγόμενος,
3539 4749 3628 4802 Διὸ

2054 4831 2148 4884 καὶ
2182 4831 2339 4899 φύσει
2387 4831 2520 4895 Θεὸς
2566 4831 2702 4904 όμοῦ
2757 4832 2849 4886 καὶ
2885 4833 3174 4904 μονογενὴς
3217 4836 3342 4899 Υἱὸς
3383 4836 3456 4890 ὢν
3500 4855 3630 4909 τυγ-

2053 4922 2224 4992 χάνει,
2263 4924 2384 4993 οὐχὶ
2431 4922 2487 4975 δὲ
2539 4923 2738 4993 ὁμοίως
2785 4926 2894 4986 τοῖς
2951 4923 3146 4988 ἔξωθεν
3175 4927 3626 4998 είσποιουμένοις,

2053 5015 2490 5087 ὲπισυμϐεϐηκός
2524 5034 2581 5068 τε
2630 5017 2690 5068 τὸ
2733 5015 2946 5087 ἀξίωμα
2993 5017 3094 5086 τῆς
3141 5018 3233 5070 τοῦ
3267 5019 3400 5072 Θεοῦ
3457 5039 3628 5093 προσο

2051 5107 2279 5179 ηγορίας
2300 5108 2570 5178 ἐπέχουσι.
2601 5108 2744 5179 Πλὴν
2773 5111 2821 5161 εί
2855 5111 2948 5162 καὶ
2978 5110 3134 5179 φύσει
3167 5113 3458 5184 μονογενὴς
3499 5114 3625 5178 Υἱὸς

2053 5202 2148 5254 κα)⁸
2191 5201 2320 5263 Θεὸς
2363 5199 2521 5271 ἡμῶν
2569 5201 2993 5273 άνευφημεῖται,
3033 5201 3166 5255 ἀλλὰ
3200 5204 3298 5273 οὑχ
3333 5205 3361 5256 6
3411 5205 3626 5275 πρῶτος

2053 5288 2204 5352 Θεὸς,
2233 5291 2444 5361 πρῶτος
2483 5291 2539 5345 δὲ
2571 5289 2662 5343 τοῦ
2700 5291 2832 5343 Θεοῦ
2886 5293 3180 5364 μονογενὴς
3226 5293 3370 5358 Υἱὸς,
3401 5294 3495 5347 καὶ
3538 5295 3626 5348 διὰ

2052 5383 2209 5434 τοῦτο
2239 5383 2384 5446 Θεός.
2423 5385 2532 5436 Καὶ
2559 5383 2675 5439 ὅλον
2706 5403 2768 5454 γε
2803 5383 2960 5437 τοῦτο
2983 5386 3151 5439 αἴτιον
3180 5384 3245 5438 ἂν
3275 5386 3362 5458 εἴη
3397 5387 3490 5444 τοῦ
3533 5389 3625 5442 καὶ

2052 5473 2212 5526 αὑτὸν
2271 5471 2408 5527 εἶναι
2453 5474 2618 5540 Θεὸν,
2672 5475 2733 5529 τὸ
2775 5478 2932 5548 μόνον
2976 5474 3110 5532 εἶναι
3166 5478 3322 5548 φύσει
3356 5480 3448 5532 τοῦ
3487 5477 3622 5533 Θεοῦ

2054 5563 2207 5628 Υἱὸν,
2244 5566 2337 5618 καὶ
2390 5568 2649 5636 μονογενῆ
2692 5566 3090 5640 χρηματίζειν,
3143 5571 3237 5625 καὶ
3279 5571 3340 5624 τὸ
3391 5572 3458 5624 δι’
3502 5573 3622 5629 ὂλςυ

2055 5655 2246 5721 σώζειν
2273 5657 2363 5711 τοῦ
2390 5659 2548 5729 μόνου
2572 5659 2704 5713 Θεοῦ
2729 5660 2828 5732 τὴν
2857 5660 3095 5732 ἔμψυχον
3115 5663 3206 5716 καὶ
3229 5663 3409 5727 ζῶσαν
3433 5665 3625 5737 νοερὰν
