  <div class='ocr_page' id='page_1' title='image "/cluster/home/n/w/nwhite01/storage/ocr_20150623/22/mdp.39015078384388/204.png"; bbox 0 0 3902 6264; ppageno 0'>
   <div class='ocr_carea' id='block_1_1' title="bbox 315 312 430 368">
    <p class='ocr_par' dir='ltr' id='par_1_1' title="bbox 315 312 430 368">
     <span class='ocr_line' id='line_1_1' title="bbox 315 312 430 368; baseline 0 -2"><span class='ocrx_word' id='word_1_1' title='bbox 315 312 430 368; x_wconf 74' lang='lat'><strong>573</strong></span> 
     </span>
    </p>
   </div>
   <div class='ocr_carea' id='block_1_2' title="bbox 1250 321 2666 384">
    <p class='ocr_par' dir='ltr' id='par_1_2' title="bbox 1250 321 2666 384">
     <span class='ocr_line' id='line_1_2' title="bbox 1250 321 2666 384; baseline 0.003 -5"><span class='ocrx_word' id='word_1_2' title='bbox 1250 321 1899 384; x_wconf 79' lang='lat' dir='ltr'><strong>DEMONSTRATIONIS</strong></span> <span class='ocrx_word' id='word_1_3' title='bbox 1937 323 2388 383; x_wconf 69' lang='grc' dir='ltr'><strong>ΕγΑΝοΕιιοιλΕ</strong></span> <span class='ocrx_word' id='word_1_4' title='bbox 2429 325 2554 379; x_wconf 81' lang='lat' dir='ltr'><strong>LIB.</strong></span> <span class='ocrx_word' id='word_1_5' title='bbox 2604 325 2666 383; x_wconf 69' lang='grc' dir='ltr'>ν.</span> 
     </span>
    </p>
   </div>
   <div class='ocr_carea' id='block_1_3' title="bbox 3453 329 3557 384">
    <p class='ocr_par' dir='ltr' id='par_1_3' title="bbox 3453 329 3557 384">
     <span class='ocr_line' id='line_1_3' title="bbox 3453 329 3557 384; baseline 0.01 -1"><span class='ocrx_word' id='word_1_6' title='bbox 3453 329 3557 384; x_wconf 68' lang='grc' dir='ltr'>δτι</span> 
     </span>
    </p>
   </div>
   <div class='ocr_carea' id='block_1_4' title="bbox 308 415 1867 511">
    <p class='ocr_par' dir='ltr' id='par_1_4' title="bbox 308 428 1867 511">
     <span class='ocr_line' id='line_1_4' title="bbox 308 428 1867 511; baseline 0.01 -32"><span class='ocrx_word' id='word_1_7' title='bbox 308 428 532 496; x_wconf 73' lang='grc' dir='ltr'>εἰκόνα,</span> <span class='ocrx_word' id='word_1_8' title='bbox 572 435 721 489; x_wconf 84' lang='grc' dir='ltr'><strong>κατά</strong></span> <span class='ocrx_word' id='word_1_9' title='bbox 755 434 923 488; x_wconf 84' lang='grc' dir='ltr'>πάντα</span> <span class='ocrx_word' id='word_1_10' title='bbox 956 435 1030 506; x_wconf 85' lang='grc' dir='ltr'>τῷ</span> <span class='ocrx_word' id='word_1_11' title='bbox 1056 437 1228 509; x_wconf 83' lang='grc' dir='ltr'>Πατρί</span> <span class='ocrx_word' id='word_1_12' title='bbox 1266 440 1768 511; x_wconf 78' lang='grc' dir='ltr'>παρωμοιωμένην,</span> <span class='ocrx_word' id='word_1_13' title='bbox 1811 457 1867 494; x_wconf 72' lang='grc' dir='ltr'><strong>κε</strong></span> 
     </span>
    </p>
   </div>
   <div class='ocr_carea' id='block_1_5' title="bbox 1971 415 3552 511">
    <p class='ocr_par' dir='ltr' id='par_1_5' title="bbox 1971 415 3552 510">
     <span class='ocr_line' id='line_1_5' title="bbox 1971 415 3552 510; baseline 0.001 -17"><span class='ocrx_word' id='word_1_14' title='bbox 1971 490 1974 500; x_wconf 88' lang='grc'><strong>,</strong></span> <span class='ocrx_word' id='word_1_15' title='bbox 2004 438 2106 494; x_wconf 89' lang='lat' dir='ltr'><strong>hoc</strong></span> <span class='ocrx_word' id='word_1_16' title='bbox 2135 453 2266 494; x_wconf 84' lang='lat' dir='ltr'><strong>sane</strong></span> <span class='ocrx_word' id='word_1_17' title='bbox 2301 453 2466 493; x_wconf 85' lang='lat' dir='ltr'><strong>causa</strong></span> <span class='ocrx_word' id='word_1_18' title='bbox 2509 440 2653 504; x_wconf 88' lang='lat' dir='ltr'><strong>erit,</strong></span> <span class='ocrx_word' id='word_1_19' title='bbox 2705 451 2803 492; x_wconf 87' lang='lat' dir='ltr'><strong>cur</strong></span> <span class='ocrx_word' id='word_1_20' title='bbox 2827 415 2959 508; x_wconf 86' lang='lat' dir='ltr'><strong>ipse</strong></span> <span class='ocrx_word' id='word_1_21' title='bbox 2988 453 3203 510; x_wconf 88' lang='lat' dir='ltr'><strong>quoque</strong></span> <span class='ocrx_word' id='word_1_22' title='bbox 3246 438 3317 494; x_wconf 74' lang='lat' dir='ltr'><strong>sit</strong></span> <span class='ocrx_word' id='word_1_23' title='bbox 3371 437 3514 495; x_wconf 85' lang='lat' dir='ltr'><strong>Deus</strong></span> <span class='ocrx_word' id='word_1_24' title='bbox 3535 479 3552 504; x_wconf 96' lang='lat'><strong>,</strong></span> 
     </span>
    </p>
   </div>
   <div class='ocr_carea' id='block_1_6' title="bbox 306 516 1896 603">
    <p class='ocr_par' dir='ltr' id='par_1_6' title="bbox 306 516 1896 603">
     <span class='ocr_line' id='line_1_6' title="bbox 306 516 1896 603; baseline 0.008 -30"><span class='ocrx_word' id='word_1_25' title='bbox 306 516 413 588; x_wconf 72' lang='grc' dir='ltr'>τῆς</span> <span class='ocrx_word' id='word_1_26' title='bbox 454 519 725 596; x_wconf 81' lang='grc' dir='ltr'>θεότητός</span> <span class='ocrx_word' id='word_1_27' title='bbox 769 543 826 579; x_wconf 90' lang='grc' dir='ltr'><strong>τε</strong></span> <span class='ocrx_word' id='word_1_28' title='bbox 858 528 1022 599; x_wconf 80' lang='grc' dir='ltr'>αὐτῆς</span> <span class='ocrx_word' id='word_1_29' title='bbox 1065 528 1162 600; x_wconf 84' lang='grc' dir='ltr'>τὴν</span> <span class='ocrx_word' id='word_1_30' title='bbox 1195 531 1449 600; x_wconf 84' lang='grc' dir='ltr'>ὁμοίωσιν</span> <span class='ocrx_word' id='word_1_31' title='bbox 1483 531 1896 603; x_wconf 80' lang='grc' dir='ltr'>ἐπιφερομένην.</span> 
     </span>
    </p>
   </div>
   <div class='ocr_carea' id='block_1_7' title="bbox 303 607 1900 693">
    <p class='ocr_par' dir='ltr' id='par_1_7' title="bbox 303 607 1900 693">
     <span class='ocr_line' id='line_1_7' title="bbox 303 607 1900 693; baseline 0.006 -27"><span class='ocrx_word' id='word_1_32' title='bbox 303 607 512 686; x_wconf 79' lang='grc' dir='ltr'>Ταύτῃ</span> <span class='ocrx_word' id='word_1_33' title='bbox 537 617 832 688; x_wconf 79' lang='grc' dir='ltr'><strong>τοιγαροῦν</strong></span> <span class='ocrx_word' id='word_1_34' title='bbox 863 618 956 671; x_wconf 77' lang='grc' dir='ltr'>καὶ</span> <span class='ocrx_word' id='word_1_35' title='bbox 979 620 1158 684; x_wconf 82' lang='grc' dir='ltr'>αὐτὸν,</span> <span class='ocrx_word' id='word_1_36' title='bbox 1185 619 1330 673; x_wconf 85' lang='grc' dir='ltr'>ὠσὰν</span> <span class='ocrx_word' id='word_1_37' title='bbox 1359 621 1516 693; x_wconf 90' lang='grc' dir='ltr'>μόνον</span> <span class='ocrx_word' id='word_1_38' title='bbox 1543 621 1667 674; x_wconf 89' lang='grc' dir='ltr'>Υἰὸν</span> <span class='ocrx_word' id='word_1_39' title='bbox 1695 621 1788 674; x_wconf 78' lang='grc' dir='ltr'>καὶ</span> <span class='ocrx_word' id='word_1_40' title='bbox 1807 623 1900 693; x_wconf 89' lang='grc' dir='ltr'>μό-</span> 
     </span>
    </p>
   </div>
   <div class='ocr_carea' id='block_1_8' title="bbox 311 706 1898 784">
    <p class='ocr_par' dir='ltr' id='par_1_8' title="bbox 311 706 1898 784">
     <span class='ocr_line' id='line_1_8' title="bbox 311 706 1898 784; baseline 0.007 -30"><span class='ocrx_word' id='word_1_41' title='bbox 311 719 404 754; x_wconf 84' lang='grc' dir='ltr'><strong>νον</strong></span> <span class='ocrx_word' id='word_1_42' title='bbox 446 706 654 761; x_wconf 78' lang='grc' dir='ltr'><strong>εἰκόνα</strong></span> <span class='ocrx_word' id='word_1_43' title='bbox 699 708 822 762; x_wconf 83' lang='grc' dir='ltr'>όντα</span> <span class='ocrx_word' id='word_1_44' title='bbox 876 709 968 763; x_wconf 85' lang='grc' dir='ltr'><strong>τοῦ</strong></span> <span class='ocrx_word' id='word_1_45' title='bbox 1015 709 1184 776; x_wconf 90' lang='grc' dir='ltr'>Θεοῦ,</span> <span class='ocrx_word' id='word_1_46' title='bbox 1216 713 1311 765; x_wconf 82' lang='grc' dir='ltr'>καὶ</span> <span class='ocrx_word' id='word_1_47' title='bbox 1339 713 1440 782; x_wconf 85' lang='grc' dir='ltr'>τῆς</span> <span class='ocrx_word' id='word_1_48' title='bbox 1467 714 1758 784; x_wconf 85' lang='grc' dir='ltr'>ἀγεννήτου</span> <span class='ocrx_word' id='word_1_49' title='bbox 1807 713 1898 767; x_wconf 78' lang='grc' dir='ltr'>καὶ</span> 
     </span>
    </p>
   </div>
   <div class='ocr_carea' id='block_1_9' title="bbox 307 795 1898 874">
    <p class='ocr_par' dir='ltr' id='par_1_9' title="bbox 307 795 1898 874">
     <span class='ocr_line' id='line_1_9' title="bbox 307 795 1898 874; baseline 0.006 -26"><span class='ocrx_word' id='word_1_50' title='bbox 307 795 574 865; x_wconf 72' lang='grc' dir='ltr'>ἀνάρχου</span> <span class='ocrx_word' id='word_1_51' title='bbox 630 797 718 851; x_wconf 83' lang='grc' dir='ltr'><strong>τοῦ</strong></span> <span class='ocrx_word' id='word_1_52' title='bbox 750 799 961 871; x_wconf 87' lang='grc' dir='ltr'>Πατρὸς</span> <span class='ocrx_word' id='word_1_53' title='bbox 997 802 1184 866; x_wconf 84' lang='grc' dir='ltr'><strong>οὐσίας</strong></span> <span class='ocrx_word' id='word_1_54' title='bbox 1223 801 1320 866; x_wconf 89' lang='grc' dir='ltr'><strong>τὰς</strong></span> <span class='ocrx_word' id='word_1_55' title='bbox 1373 802 1625 874; x_wconf 84' lang='grc' dir='ltr'>δυνάμεις</span> <span class='ocrx_word' id='word_1_56' title='bbox 1657 803 1795 858; x_wconf 80' lang='grc' dir='ltr'>κατὰ</span> <span class='ocrx_word' id='word_1_57' title='bbox 1837 805 1898 858; x_wconf 86' lang='grc' dir='ltr'><strong>τὸ</strong></span> 
     </span>
    </p>
   </div>
   <div class='ocr_carea' id='block_1_10' title="bbox 307 887 1896 967">
    <p class='ocr_par' dir='ltr' id='par_1_10' title="bbox 307 887 1896 967">
     <span class='ocr_line' id='line_1_10' title="bbox 307 887 1896 967; baseline 0.008 -30"><span class='ocrx_word' id='word_1_58' title='bbox 307 887 687 958; x_wconf 76' lang='grc' dir='ltr'>παράδειγμα</span> <span class='ocrx_word' id='word_1_59' title='bbox 715 889 812 960; x_wconf 81' lang='grc' dir='ltr'>τῆς</span> <span class='ocrx_word' id='word_1_60' title='bbox 842 890 1152 960; x_wconf 84' lang='grc' dir='ltr'>ὁμοιώσεως</span> <span class='ocrx_word' id='word_1_61' title='bbox 1181 894 1659 967; x_wconf 88' lang='grc' dir='ltr'>περιϐεϐλημένον,</span> <span class='ocrx_word' id='word_1_62' title='bbox 1697 897 1802 949; x_wconf 81' lang='grc' dir='ltr'>ὑπό</span> <span class='ocrx_word' id='word_1_63' title='bbox 1837 914 1896 950; x_wconf 79' lang='grc' dir='ltr'><strong>τε</strong></span> 
     </span>
    </p>
   </div>
   <div class='ocr_carea' id='block_1_11' title="bbox 302 974 1894 1058">
    <p class='ocr_par' dir='ltr' id='par_1_11' title="bbox 302 974 1894 1058">
     <span class='ocr_line' id='line_1_11' title="bbox 302 974 1894 1058; baseline 0.009 -32"><span class='ocrx_word' id='word_1_64' title='bbox 302 974 400 1026; x_wconf 84' lang='grc' dir='ltr'><strong>τοῦ</strong></span> <span class='ocrx_word' id='word_1_65' title='bbox 437 977 676 1032; x_wconf 73' lang='grc' dir='ltr'>πάντων</span> <span class='ocrx_word' id='word_1_66' title='bbox 717 982 1106 1049; x_wconf 78' lang='grc' dir='ltr'>τεχνικωτάτου</span> <span class='ocrx_word' id='word_1_67' title='bbox 1152 985 1244 1036; x_wconf 77' lang='grc' dir='ltr'>καὶ</span> <span class='ocrx_word' id='word_1_68' title='bbox 1283 988 1749 1058; x_wconf 80' lang='grc' dir='ltr'>πανεπιστήμονος</span> <span class='ocrx_word' id='word_1_69' title='bbox 1788 989 1894 1052; x_wconf 82' lang='grc' dir='ltr'><strong>ζω-</strong></span> 
     </span>
    </p>
   </div>
   <div class='ocr_carea' id='block_1_12' title="bbox 302 1066 1894 1150">
    <p class='ocr_par' dir='ltr' id='par_1_12' title="bbox 302 1066 1894 1150">
     <span class='ocr_line' id='line_1_12' title="bbox 302 1066 1894 1150; baseline 0.01 -32"><span class='ocrx_word' id='word_1_70' title='bbox 302 1066 538 1136; x_wconf 74' lang='grc' dir='ltr'>γράφου</span> <span class='ocrx_word' id='word_1_71' title='bbox 573 1086 634 1122; x_wconf 87' lang='grc' dir='ltr'><strong>τε</strong></span> <span class='ocrx_word' id='word_1_72' title='bbox 681 1069 773 1122; x_wconf 82' lang='grc' dir='ltr'>καὶ</span> <span class='ocrx_word' id='word_1_73' title='bbox 804 1070 1064 1135; x_wconf 79' lang='grc' dir='ltr'>ζωοποιοῦ</span> <span class='ocrx_word' id='word_1_74' title='bbox 1095 1075 1307 1147; x_wconf 87' lang='grc' dir='ltr'>Πατρὸς</span> <span class='ocrx_word' id='word_1_75' title='bbox 1339 1079 1418 1140; x_wconf 85' lang='grc' dir='ltr'><strong>εἰς</strong></span> <span class='ocrx_word' id='word_1_76' title='bbox 1457 1077 1516 1131; x_wconf 84' lang='grc' dir='ltr'><strong>τὸ</strong></span> <span class='ocrx_word' id='word_1_77' title='bbox 1563 1078 1640 1132; x_wconf 78' lang='grc' dir='ltr'>ἔτι</span> <span class='ocrx_word' id='word_1_78' title='bbox 1674 1080 1894 1150; x_wconf 87' lang='grc' dir='ltr'>ἀκριϐὲς</span> 
     </span>
    </p>
   </div>
   <div class='ocr_carea' id='block_1_13' title="bbox 295 1157 1892 1247">
    <p class='ocr_par' dir='ltr' id='par_1_13' title="bbox 295 1157 1892 1247">
     <span class='ocr_line' id='line_1_13' title="bbox 295 1157 1892 1247; baseline 0.011 -36"><span class='ocrx_word' id='word_1_79' title='bbox 295 1157 409 1247; x_wconf 62' lang='grc' dir='ltr'>τῆς</span> <span class='ocrx_word' id='word_1_80' title='bbox 439 1161 773 1230; x_wconf 82' lang='grc' dir='ltr'>ὁμοιώσεως</span> <span class='ocrx_word' id='word_1_81' title='bbox 792 1165 1245 1238; x_wconf 78' lang='grc' dir='ltr'><strong>ἀπειργασμένον,</strong></span> <span class='ocrx_word' id='word_1_82' title='bbox 1275 1168 1406 1223; x_wconf 83' lang='grc' dir='ltr'>Θεὸν</span> <span class='ocrx_word' id='word_1_83' title='bbox 1439 1172 1660 1237; x_wconf 78' lang='grc' dir='ltr'><strong>εἰκότως</strong></span> <span class='ocrx_word' id='word_1_84' title='bbox 1682 1175 1730 1226; x_wconf 89' lang='grc' dir='ltr'>οἱ</span> <span class='ocrx_word' id='word_1_85' title='bbox 1761 1173 1892 1228; x_wconf 88' lang='grc' dir='ltr'>θεῖοι</span> 
     </span>
    </p>
   </div>
   <div class='ocr_carea' id='block_1_14' title="bbox 293 1249 1892 1333">
    <p class='ocr_par' dir='ltr' id='par_1_14' title="bbox 293 1249 1892 1333">
     <span class='ocr_line' id='line_1_14' title="bbox 293 1249 1892 1333; baseline 0.014 -35"><span class='ocrx_word' id='word_1_86' title='bbox 293 1249 716 1321; x_wconf 80' lang='grc' dir='ltr'><strong>ἀναγορεύουσι</strong></span> <span class='ocrx_word' id='word_1_87' title='bbox 753 1255 921 1324; x_wconf 86' lang='grc' dir='ltr'>λόγοι,</span> <span class='ocrx_word' id='word_1_88' title='bbox 947 1257 1024 1321; x_wconf 83' lang='grc' dir='ltr'>ὡς</span> <span class='ocrx_word' id='word_1_89' title='bbox 1065 1260 1157 1312; x_wconf 82' lang='grc' dir='ltr'><strong>καί</strong></span> <span class='ocrx_word' id='word_1_90' title='bbox 1187 1258 1388 1330; x_wconf 82' lang='grc' dir='ltr'><strong>ταύτης</strong></span> <span class='ocrx_word' id='word_1_91' title='bbox 1420 1263 1556 1333; x_wconf 88' lang='grc' dir='ltr'><strong>μετά</strong></span> <span class='ocrx_word' id='word_1_92' title='bbox 1586 1263 1693 1319; x_wconf 81' lang='grc' dir='ltr'><strong>τῶν</strong></span> <span class='ocrx_word' id='word_1_93' title='bbox 1719 1265 1892 1320; x_wconf 78' lang='grc' dir='ltr'>ἄλλων</span> 
     </span>
    </p>
   </div>
   <div class='ocr_carea' id='block_1_15' title="bbox 291 1343 1890 1429">
    <p class='ocr_par' dir='ltr' id='par_1_15' title="bbox 291 1343 1890 1429">
     <span class='ocr_line' id='line_1_15' title="bbox 291 1343 1890 1429; baseline 0.012 -36"><span class='ocrx_word' id='word_1_94' title='bbox 291 1343 457 1412; x_wconf 82' lang='grc' dir='ltr'><strong>παρά</strong></span> <span class='ocrx_word' id='word_1_95' title='bbox 495 1345 602 1398; x_wconf 85' lang='grc' dir='ltr'><strong>τοῦ</strong></span> <span class='ocrx_word' id='word_1_96' title='bbox 635 1347 848 1419; x_wconf 86' lang='grc' dir='ltr'>Πατρὸς</span> <span class='ocrx_word' id='word_1_97' title='bbox 879 1348 1178 1420; x_wconf 75' lang='grc' dir='ltr'>ἠξιωμένον</span> <span class='ocrx_word' id='word_1_98' title='bbox 1212 1355 1600 1426; x_wconf 77' lang='grc' dir='ltr'>προσηγορίας,</span> <span class='ocrx_word' id='word_1_99' title='bbox 1635 1357 1890 1429; x_wconf 78' lang='grc' dir='ltr'>εἰληφότα</span> 
     </span>
    </p>
   </div>
   <div class='ocr_carea' id='block_1_16' title="bbox 287 1433 1889 1524">
    <p class='ocr_par' dir='ltr' id='par_1_16' title="bbox 287 1433 1889 1524">
     <span class='ocr_line' id='line_1_16' title="bbox 287 1433 1889 1524; baseline 0.013 -41"><span class='ocrx_word' id='word_1_100' title='bbox 287 1448 372 1524; x_wconf 82' lang='grc' dir='ltr'><strong>τε,</strong></span> <span class='ocrx_word' id='word_1_101' title='bbox 404 1433 538 1487; x_wconf 77' lang='grc' dir='ltr'>ἀλλ’</span> <span class='ocrx_word' id='word_1_102' title='bbox 566 1438 666 1491; x_wconf 82' lang='grc' dir='ltr'>οὐκ</span> <span class='ocrx_word' id='word_1_103' title='bbox 697 1439 987 1510; x_wconf 83' lang='grc' dir='ltr'>ἰδιόκτητον</span> <span class='ocrx_word' id='word_1_104' title='bbox 1029 1442 1196 1514; x_wconf 79' lang='grc' dir='ltr'>αὐτὴν</span> <span class='ocrx_word' id='word_1_105' title='bbox 1227 1446 1515 1517; x_wconf 76' lang='grc' dir='ltr'><strong>ἐσχηκότα.</strong></span> <span class='ocrx_word' id='word_1_106' title='bbox 1553 1448 1610 1500; x_wconf 78' lang='grc' dir='ltr'><strong>Ὀ</strong></span> <span class='ocrx_word' id='word_1_107' title='bbox 1651 1448 1748 1519; x_wconf 84' lang='grc' dir='ltr'>μὲν</span> <span class='ocrx_word' id='word_1_108' title='bbox 1781 1449 1889 1524; x_wconf 81' lang='grc' dir='ltr'><strong>γὰρ</strong></span> 
     </span>
    </p>
   </div>
   <div class='ocr_carea' id='block_1_17' title="bbox 286 1523 1888 1607">
    <p class='ocr_par' dir='ltr' id='par_1_17' title="bbox 286 1523 1888 1607">
     <span class='ocr_line' id='line_1_17' title="bbox 286 1523 1888 1607; baseline 0.012 -31"><span class='ocrx_word' id='word_1_109' title='bbox 286 1523 548 1590; x_wconf 76' lang='grc' dir='ltr'>δίδωσιν,</span> <span class='ocrx_word' id='word_1_110' title='bbox 585 1531 614 1582; x_wconf 86' lang='grc' dir='ltr'>ὁ</span> <span class='ocrx_word' id='word_1_111' title='bbox 640 1529 695 1584; x_wconf 85' lang='grc' dir='ltr'>δὲ</span> <span class='ocrx_word' id='word_1_112' title='bbox 726 1530 1018 1602; x_wconf 85' lang='grc' dir='ltr'>λαμϐάνει·</span> <span class='ocrx_word' id='word_1_113' title='bbox 1045 1531 1184 1586; x_wconf 83' lang='grc' dir='ltr'>ὥστε</span> <span class='ocrx_word' id='word_1_114' title='bbox 1217 1537 1418 1607; x_wconf 86' lang='grc' dir='ltr'><strong>κυρίως</strong></span> <span class='ocrx_word' id='word_1_115' title='bbox 1449 1538 1542 1591; x_wconf 79' lang='grc' dir='ltr'><strong>καί</strong></span> <span class='ocrx_word' id='word_1_116' title='bbox 1562 1538 1657 1592; x_wconf 73' lang='grc' dir='ltr'>ἕνα</span> <span class='ocrx_word' id='word_1_117' title='bbox 1684 1523 1888 1596; x_wconf 83' lang='grc' dir='ltr'>ἐκεῖνον</span> 
     </span>
    </p>
   </div>
   <div class='ocr_carea' id='block_1_18' title="bbox 286 1613 1885 1704">
    <p class='ocr_par' dir='ltr' id='par_1_18' title="bbox 286 1613 1885 1704">
     <span class='ocr_line' id='line_1_18' title="bbox 286 1613 1885 1704; baseline 0.009 -34"><span class='ocrx_word' id='word_1_118' title='bbox 286 1613 436 1673; x_wconf 79' lang='grc' dir='ltr'>εἶναι</span> <span class='ocrx_word' id='word_1_119' title='bbox 471 1621 641 1689; x_wconf 87' lang='grc' dir='ltr'>Θεὸν,</span> <span class='ocrx_word' id='word_1_120' title='bbox 693 1624 784 1677; x_wconf 74' lang='grc' dir='ltr'>καὶ</span> <span class='ocrx_word' id='word_1_121' title='bbox 819 1624 975 1695; x_wconf 91' lang='grc' dir='ltr'>μόνον</span> <span class='ocrx_word' id='word_1_122' title='bbox 1010 1625 1106 1697; x_wconf 79' lang='grc' dir='ltr'>μὲν</span> <span class='ocrx_word' id='word_1_123' title='bbox 1135 1627 1228 1680; x_wconf 78' lang='grc' dir='ltr'><strong>καί</strong></span> <span class='ocrx_word' id='word_1_124' title='bbox 1270 1627 1427 1696; x_wconf 84' lang='grc' dir='ltr'>φύσει</span> <span class='ocrx_word' id='word_1_125' title='bbox 1473 1629 1632 1694; x_wconf 79' lang='grc' dir='ltr'>ὅντα,</span> <span class='ocrx_word' id='word_1_126' title='bbox 1677 1633 1770 1684; x_wconf 75' lang='grc' dir='ltr'>καὶ</span> <span class='ocrx_word' id='word_1_127' title='bbox 1811 1634 1885 1704; x_wconf 83' lang='grc' dir='ltr'>μὴ</span> 
     </span>
    </p>
   </div>
   <div class='ocr_carea' id='block_1_19' title="bbox 284 1711 1883 1791">
    <p class='ocr_par' dir='ltr' id='par_1_19' title="bbox 284 1711 1883 1791">
     <span class='ocr_line' id='line_1_19' title="bbox 284 1711 1883 1791; baseline 0.009 -29"><span class='ocrx_word' id='word_1_128' title='bbox 284 1712 426 1780; x_wconf 80' lang='grc' dir='ltr'>παρ’</span> <span class='ocrx_word' id='word_1_129' title='bbox 467 1711 673 1784; x_wconf 82' lang='grc' dir='ltr'>ἑτέρου</span> <span class='ocrx_word' id='word_1_130' title='bbox 708 1713 939 1769; x_wconf 86' lang='grc' dir='ltr'>λαϐόντα</span> <span class='ocrx_word' id='word_1_131' title='bbox 960 1731 972 1744; x_wconf 92' lang='grc'><strong>·</strong></span> <span class='ocrx_word' id='word_1_132' title='bbox 1012 1715 1100 1768; x_wconf 91' lang='grc' dir='ltr'><strong>τὸν</strong></span> <span class='ocrx_word' id='word_1_133' title='bbox 1133 1717 1190 1768; x_wconf 89' lang='grc' dir='ltr'>δὲ</span> <span class='ocrx_word' id='word_1_134' title='bbox 1221 1718 1328 1771; x_wconf 84' lang='grc' dir='ltr'><strong>τῶν</strong></span> <span class='ocrx_word' id='word_1_135' title='bbox 1365 1718 1680 1791; x_wconf 71' lang='grc' dir='ltr'>δευτερείωὓ</span> <span class='ocrx_word' id='word_1_136' title='bbox 1721 1723 1883 1791; x_wconf 73' lang='grc' dir='ltr'><strong>ἠξιῶ-</strong></span> 
     </span>
    </p>
   </div>
   <div class='ocr_carea' id='block_1_20' title="bbox 1999 528 3558 601">
    <p class='ocr_par' dir='ltr' id='par_1_20' title="bbox 1999 528 3558 601">
     <span class='ocr_line' id='line_1_20' title="bbox 1999 528 3558 601; baseline -0.001 -17"><span class='ocrx_word' id='word_1_137' title='bbox 1999 529 2146 601; x_wconf 90' lang='lat' dir='ltr'><strong>quod</strong></span> <span class='ocrx_word' id='word_1_138' title='bbox 2169 530 2318 587; x_wconf 87' lang='lat' dir='ltr'><strong>solus</strong></span> <span class='ocrx_word' id='word_1_139' title='bbox 2349 531 2422 585; x_wconf 88' lang='lat' dir='ltr'><strong>sit</strong></span> <span class='ocrx_word' id='word_1_140' title='bbox 2446 539 2639 584; x_wconf 86' lang='lat' dir='ltr'><strong>natura</strong></span> <span class='ocrx_word' id='word_1_141' title='bbox 2666 529 2759 586; x_wconf 87' lang='lat' dir='ltr'><strong>Dei</strong></span> <span class='ocrx_word' id='word_1_142' title='bbox 2787 528 2990 596; x_wconf 89' lang='lat' dir='ltr'><strong>Filius,</strong></span> <span class='ocrx_word' id='word_1_143' title='bbox 3021 538 3076 585; x_wconf 81' lang='lat' dir='ltr'><strong>et</strong></span> <span class='ocrx_word' id='word_1_144' title='bbox 3117 530 3428 600; x_wconf 90' lang='lat' dir='ltr'><strong>unigenitus</strong></span> <span class='ocrx_word' id='word_1_145' title='bbox 3461 545 3558 601; x_wconf 58' lang='lat' dir='ltr'><strong>ap.</strong></span> 
     </span>
    </p>
   </div>
   <div class='ocr_carea' id='block_1_21' title="bbox 1999 621 3556 693">
    <p class='ocr_par' dir='ltr' id='par_1_21' title="bbox 1999 621 3556 693">
     <span class='ocr_line' id='line_1_21' title="bbox 1999 621 3556 693; baseline 0.001 -18"><span class='ocrx_word' id='word_1_146' title='bbox 1999 621 2246 692; x_wconf 75' lang='lat' dir='ltr'><strong>pelletur,</strong></span> <span class='ocrx_word' id='word_1_147' title='bbox 2278 631 2332 676; x_wconf 88' lang='lat' dir='ltr'><strong>et</strong></span> <span class='ocrx_word' id='word_1_148' title='bbox 2358 623 2502 692; x_wconf 91' lang='lat' dir='ltr'><strong>quod</strong></span> <span class='ocrx_word' id='word_1_149' title='bbox 2531 636 2916 692; x_wconf 87' lang='lat' dir='ltr'><strong>usquequaque</strong></span> <span class='ocrx_word' id='word_1_150' title='bbox 2937 629 3220 676; x_wconf 91' lang='lat' dir='ltr'><strong>conservet</strong></span> <span class='ocrx_word' id='word_1_151' title='bbox 3249 622 3370 691; x_wconf 87' lang='lat' dir='ltr'><strong>ejus</strong></span> <span class='ocrx_word' id='word_1_152' title='bbox 3389 662 3405 686; x_wconf 83' lang='lat'><strong>,</strong></span> <span class='ocrx_word' id='word_1_153' title='bbox 3460 623 3556 693; x_wconf 89' lang='lat' dir='ltr'><strong>qui</strong></span> 
     </span>
    </p>
   </div>
   <div class='ocr_carea' id='block_1_22' title="bbox 2000 709 3552 779">
    <p class='ocr_par' dir='ltr' id='par_1_22' title="bbox 2000 709 3552 779">
     <span class='ocr_line' id='line_1_22' title="bbox 2000 709 3552 779; baseline -0.001 -15"><span class='ocrx_word' id='word_1_154' title='bbox 2000 711 2149 765; x_wconf 90' lang='lat' dir='ltr'><strong>solus</strong></span> <span class='ocrx_word' id='word_1_155' title='bbox 2178 717 2261 765; x_wconf 89' lang='lat' dir='ltr'><strong>est</strong></span> <span class='ocrx_word' id='word_1_156' title='bbox 2284 709 2446 775; x_wconf 88' lang='lat' dir='ltr'><strong>Deus,</strong></span> <span class='ocrx_word' id='word_1_157' title='bbox 2482 709 2770 764; x_wconf 91' lang='lat' dir='ltr'><strong>animatam</strong></span> <span class='ocrx_word' id='word_1_158' title='bbox 2796 716 2850 764; x_wconf 90' lang='lat' dir='ltr'><strong>et</strong></span> <span class='ocrx_word' id='word_1_159' title='bbox 2884 709 3061 763; x_wconf 84' lang='lat' dir='ltr'><strong>vivam</strong></span> <span class='ocrx_word' id='word_1_160' title='bbox 3087 717 3139 763; x_wconf 92' lang='lat' dir='ltr'><strong>et</strong></span> <span class='ocrx_word' id='word_1_161' title='bbox 3165 709 3552 779; x_wconf 82' lang='lat' dir='ltr'><strong>intelligentem</strong></span> 
     </span>
    </p>
   </div>
   <div class='ocr_carea' id='block_1_23' title="bbox 1998 795 3553 872">
    <p class='ocr_par' dir='ltr' id='par_1_23' title="bbox 1998 795 3553 872">
     <span class='ocr_line' id='line_1_23' title="bbox 1998 795 3553 872; baseline -0.002 -19"><span class='ocrx_word' id='word_1_162' title='bbox 1998 800 2307 872; x_wconf 76' lang='lat' dir='ltr'><strong>imaginem,</strong></span> <span class='ocrx_word' id='word_1_163' title='bbox 2330 807 2384 854; x_wconf 92' lang='lat' dir='ltr'><strong>et</strong></span> <span class='ocrx_word' id='word_1_164' title='bbox 2406 800 2459 853; x_wconf 90' lang='lat' dir='ltr'><strong>in</strong></span> <span class='ocrx_word' id='word_1_165' title='bbox 2485 799 2738 853; x_wconf 91' lang='lat' dir='ltr'><strong>omnibus</strong></span> <span class='ocrx_word' id='word_1_166' title='bbox 2759 797 2864 868; x_wconf 83' lang='lat' dir='ltr'><strong>ipsi</strong></span> <span class='ocrx_word' id='word_1_167' title='bbox 2888 795 3037 851; x_wconf 88' lang='lat' dir='ltr'><strong>Patri</strong></span> <span class='ocrx_word' id='word_1_168' title='bbox 3067 798 3421 853; x_wconf 90' lang='lat' dir='ltr'><strong>assimilatam</strong></span> <span class='ocrx_word' id='word_1_169' title='bbox 3441 836 3457 862; x_wconf 86' lang='lat'><strong>,</strong></span> <span class='ocrx_word' id='word_1_170' title='bbox 3498 803 3553 852; x_wconf 90' lang='lat' dir='ltr'><strong>et</strong></span> 
     </span>
    </p>
   </div>
   <div class='ocr_carea' id='block_1_24' title="bbox 1995 889 3555 963">
    <p class='ocr_par' dir='ltr' id='par_1_24' title="bbox 1995 889 3555 963">
     <span class='ocr_line' id='line_1_24' title="bbox 1995 889 3555 963; baseline -0.004 -15"><span class='ocrx_word' id='word_1_171' title='bbox 1995 908 2114 948; x_wconf 89' lang='lat' dir='ltr'><strong>eam</strong></span> <span class='ocrx_word' id='word_1_172' title='bbox 2145 907 2266 963; x_wconf 72' lang='lat' dir='ltr'><strong>quae</strong></span> <span class='ocrx_word' id='word_1_173' title='bbox 2296 891 2389 948; x_wconf 91' lang='lat' dir='ltr'><strong>Dei</strong></span> <span class='ocrx_word' id='word_1_174' title='bbox 2437 891 2608 961; x_wconf 88' lang='lat' dir='ltr'><strong>ipsius</strong></span> <span class='ocrx_word' id='word_1_175' title='bbox 2653 889 2971 948; x_wconf 83' lang='lat' dir='ltr'><strong>substantiae</strong></span> <span class='ocrx_word' id='word_1_176' title='bbox 3001 890 3410 945; x_wconf 84' lang='lat' dir='ltr'><strong>similitudinem</strong></span> <span class='ocrx_word' id='word_1_177' title='bbox 3441 902 3555 959; x_wconf 69' lang='lat' dir='ltr'><strong>prae</strong></span> 
     </span>
    </p>
   </div>
   <div class='ocr_carea' id='block_1_25' title="bbox 1996 983 3552 1054">
    <p class='ocr_par' dir='ltr' id='par_1_25' title="bbox 1996 983 3552 1054">
     <span class='ocr_line' id='line_1_25' title="bbox 1996 983 3552 1054; baseline -0.004 -14"><span class='ocrx_word' id='word_1_178' title='bbox 1996 1000 2055 1040; x_wconf 89' lang='lat' dir='ltr'><strong>se</strong></span> <span class='ocrx_word' id='word_1_179' title='bbox 2085 984 2241 1041; x_wconf 79' lang='lat' dir='ltr'><strong>ferat.</strong></span> <span class='ocrx_word' id='word_1_180' title='bbox 2263 983 2373 1038; x_wconf 85' lang='lat' dir='ltr'><strong>Hac</strong></span> <span class='ocrx_word' id='word_1_181' title='bbox 2394 999 2520 1054; x_wconf 88' lang='lat' dir='ltr'><strong>ergo</strong></span> <span class='ocrx_word' id='word_1_182' title='bbox 2549 983 2614 1037; x_wconf 89' lang='lat' dir='ltr'><strong>de</strong></span> <span class='ocrx_word' id='word_1_183' title='bbox 2641 996 2804 1038; x_wconf 87' lang='lat' dir='ltr'><strong>causa</strong></span> <span class='ocrx_word' id='word_1_184' title='bbox 2831 983 3008 1050; x_wconf 90' lang='lat' dir='ltr'><strong>ipsum</strong></span> <span class='ocrx_word' id='word_1_185' title='bbox 3038 997 3270 1052; x_wconf 89' lang='lat' dir='ltr'><strong>quoque,</strong></span> <span class='ocrx_word' id='word_1_186' title='bbox 3293 989 3552 1047; x_wconf 83' lang='lat' dir='ltr'><strong>tanquam</strong></span> 
     </span>
    </p>
   </div>
   <div class='ocr_carea' id='block_1_26' title="bbox 1993 1072 3549 1148">
    <p class='ocr_par' dir='ltr' id='par_1_26' title="bbox 1993 1072 3549 1148">
     <span class='ocr_line' id='line_1_26' title="bbox 1993 1072 3549 1148; baseline -0.005 -14"><span class='ocrx_word' id='word_1_187' title='bbox 1993 1092 2118 1134; x_wconf 87' lang='lat' dir='ltr'><strong>eum</strong></span> <span class='ocrx_word' id='word_1_188' title='bbox 2146 1078 2240 1148; x_wconf 89' lang='lat' dir='ltr'><strong>qui</strong></span> <span class='ocrx_word' id='word_1_189' title='bbox 2273 1076 2420 1133; x_wconf 87' lang='lat' dir='ltr'><strong>solus</strong></span> <span class='ocrx_word' id='word_1_190' title='bbox 2452 1075 2643 1140; x_wconf 88' lang='lat' dir='ltr'><strong>Filius,</strong></span> <span class='ocrx_word' id='word_1_191' title='bbox 2675 1085 2728 1130; x_wconf 89' lang='lat' dir='ltr'><strong>et</strong></span> <span class='ocrx_word' id='word_1_192' title='bbox 2753 1075 2903 1130; x_wconf 86' lang='lat' dir='ltr'><strong>solus</strong></span> <span class='ocrx_word' id='word_1_193' title='bbox 2932 1072 3029 1128; x_wconf 89' lang='lat' dir='ltr'><strong>Dei</strong></span> <span class='ocrx_word' id='word_1_194' title='bbox 3059 1072 3236 1142; x_wconf 82' lang='lat' dir='ltr'><strong>imago</strong></span> <span class='ocrx_word' id='word_1_195' title='bbox 3259 1073 3352 1135; x_wconf 86' lang='lat' dir='ltr'><strong>sit,</strong></span> <span class='ocrx_word' id='word_1_196' title='bbox 3382 1078 3436 1125; x_wconf 89' lang='lat' dir='ltr'><strong>et</strong></span> <span class='ocrx_word' id='word_1_197' title='bbox 3462 1073 3549 1126; x_wconf 87' lang='lat' dir='ltr'><strong>in-</strong></span> 
     </span>
    </p>
   </div>
   <div class='ocr_carea' id='block_1_27' title="bbox 1993 1163 3551 1239">
    <p class='ocr_par' dir='ltr' id='par_1_27' title="bbox 1993 1163 3551 1239">
     <span class='ocr_line' id='line_1_27' title="bbox 1993 1163 3551 1239; baseline -0.004 -16"><span class='ocrx_word' id='word_1_198' title='bbox 1993 1169 2159 1239; x_wconf 85' lang='lat' dir='ltr'><strong>geniti</strong></span> <span class='ocrx_word' id='word_1_199' title='bbox 2191 1183 2255 1223; x_wconf 88' lang='lat' dir='ltr'><strong>ac</strong></span> <span class='ocrx_word' id='word_1_200' title='bbox 2288 1167 2551 1238; x_wconf 91' lang='lat' dir='ltr'><strong>principio</strong></span> <span class='ocrx_word' id='word_1_201' title='bbox 2580 1167 2817 1221; x_wconf 84' lang='lat' dir='ltr'><strong>carentis</strong></span> <span class='ocrx_word' id='word_1_202' title='bbox 2844 1163 3023 1219; x_wconf 83' lang='lat' dir='ltr'><strong>Patris</strong></span> <span class='ocrx_word' id='word_1_203' title='bbox 3061 1164 3311 1220; x_wconf 87' lang='lat' dir='ltr'><strong>essentiae</strong></span> <span class='ocrx_word' id='word_1_204' title='bbox 3331 1203 3346 1228; x_wconf 92' lang='lat'><strong>,</strong></span> <span class='ocrx_word' id='word_1_205' title='bbox 3375 1164 3551 1218; x_wconf 85' lang='lat' dir='ltr'><strong>virtu-</strong></span> 
     </span>
    </p>
   </div>
   <div class='ocr_carea' id='block_1_28' title="bbox 1991 1256 3552 1330">
    <p class='ocr_par' dir='ltr' id='par_1_28' title="bbox 1991 1256 3552 1330">
     <span class='ocr_line' id='line_1_28' title="bbox 1991 1256 3552 1330; baseline -0.004 -15"><span class='ocrx_word' id='word_1_206' title='bbox 1991 1268 2074 1317; x_wconf 87' lang='lat' dir='ltr'><strong>tes</strong></span> <span class='ocrx_word' id='word_1_207' title='bbox 2099 1260 2396 1316; x_wconf 90' lang='lat' dir='ltr'><strong>secundum</strong></span> <span class='ocrx_word' id='word_1_208' title='bbox 2424 1261 2729 1330; x_wconf 85' lang='lat' dir='ltr'><strong>exemplum</strong></span> <span class='ocrx_word' id='word_1_209' title='bbox 2761 1256 3174 1313; x_wconf 89' lang='lat' dir='ltr'><strong>assimilationis</strong></span> <span class='ocrx_word' id='word_1_210' title='bbox 3207 1256 3464 1320; x_wconf 86' lang='lat' dir='ltr'><strong>indutus,</strong></span> <span class='ocrx_word' id='word_1_211' title='bbox 3497 1261 3552 1309; x_wconf 80' lang='lat' dir='ltr'><strong>et</strong></span> 
     </span>
    </p>
   </div>
   <div class='ocr_carea' id='block_1_29' title="bbox 1992 1348 3552 1409">
    <p class='ocr_par' dir='ltr' id='par_1_29' title="bbox 1992 1348 3552 1409">
     <span class='ocr_line' id='line_1_29' title="bbox 1992 1348 3552 1409; baseline -0.005 -1"><span class='ocrx_word' id='word_1_212' title='bbox 1992 1354 2060 1409; x_wconf 91' lang='lat' dir='ltr'><strong>ab</strong></span> <span class='ocrx_word' id='word_1_213' title='bbox 2111 1353 2390 1409; x_wconf 87' lang='lat' dir='ltr'><strong>hominum</strong></span> <span class='ocrx_word' id='word_1_214' title='bbox 2433 1351 2890 1407; x_wconf 84' lang='lat' dir='ltr'><strong>artiﬁciosissimo</strong></span> <span class='ocrx_word' id='word_1_215' title='bbox 2923 1357 2978 1404; x_wconf 89' lang='lat' dir='ltr'><strong>et</strong></span> <span class='ocrx_word' id='word_1_216' title='bbox 3023 1348 3389 1404; x_wconf 81' lang='lat' dir='ltr'><strong>scientissime</strong></span> <span class='ocrx_word' id='word_1_217' title='bbox 3428 1348 3552 1400; x_wconf 58' lang='lat' dir='ltr'><strong>vitae</strong></span> 
     </span>
    </p>
   </div>
   <div class='ocr_carea' id='block_1_30' title="bbox 1989 1434 3552 1516">
    <p class='ocr_par' dir='ltr' id='par_1_30' title="bbox 1989 1434 3552 1516">
     <span class='ocr_line' id='line_1_30' title="bbox 1989 1434 3552 1516; baseline -0.008 -16"><span class='ocrx_word' id='word_1_218' title='bbox 1989 1445 2332 1516; x_wconf 86' lang='lat' dir='ltr'><strong>designatore</strong></span> <span class='ocrx_word' id='word_1_219' title='bbox 2373 1453 2427 1501; x_wconf 91' lang='lat' dir='ltr'><strong>et</strong></span> <span class='ocrx_word' id='word_1_220' title='bbox 2455 1452 2675 1500; x_wconf 90' lang='lat' dir='ltr'><strong>auctore</strong></span> <span class='ocrx_word' id='word_1_221' title='bbox 2705 1441 2897 1505; x_wconf 84' lang='lat' dir='ltr'><strong>Patre,</strong></span> <span class='ocrx_word' id='word_1_222' title='bbox 2952 1439 3019 1493; x_wconf 89' lang='lat' dir='ltr'><strong>ad</strong></span> <span class='ocrx_word' id='word_1_223' title='bbox 3069 1437 3330 1494; x_wconf 87' lang='lat' dir='ltr'><strong>amussim</strong></span> <span class='ocrx_word' id='word_1_224' title='bbox 3377 1442 3431 1489; x_wconf 91' lang='lat' dir='ltr'><strong>et</strong></span> <span class='ocrx_word' id='word_1_225' title='bbox 3482 1434 3552 1488; x_wconf 89' lang='lat' dir='ltr'><strong>ad</strong></span> 
     </span>
    </p>
   </div>
   <div class='ocr_carea' id='block_1_31' title="bbox 1988 1532 3549 1606">
    <p class='ocr_par' dir='ltr' id='par_1_31' title="bbox 1988 1532 3549 1606">
     <span class='ocr_line' id='line_1_31' title="bbox 1988 1532 3549 1606; baseline -0.004 -15"><span class='ocrx_word' id='word_1_226' title='bbox 1988 1547 2189 1592; x_wconf 87' lang='lat' dir='ltr'><strong>certam</strong></span> <span class='ocrx_word' id='word_1_227' title='bbox 2239 1535 2673 1606; x_wconf 72' lang='lat' dir='ltr'><strong>exquisitamque</strong></span> <span class='ocrx_word' id='word_1_228' title='bbox 2727 1532 3176 1588; x_wconf 88' lang='lat' dir='ltr'><strong>assimilationem</strong></span> <span class='ocrx_word' id='word_1_229' title='bbox 3233 1541 3549 1600; x_wconf 80' lang='lat' dir='ltr'><strong>expressus,</strong></span> 
     </span>
    </p>
   </div>
   <div class='ocr_carea' id='block_1_32' title="bbox 1988 1624 3552 1698">
    <p class='ocr_par' dir='ltr' id='par_1_32' title="bbox 1988 1624 3552 1698">
     <span class='ocr_line' id='line_1_32' title="bbox 1988 1624 3552 1698; baseline -0.007 -13"><span class='ocrx_word' id='word_1_230' title='bbox 1988 1629 2154 1685; x_wconf 92' lang='lat' dir='ltr'><strong>Deum</strong></span> <span class='ocrx_word' id='word_1_231' title='bbox 2177 1630 2370 1685; x_wconf 88' lang='lat' dir='ltr'><strong>merito</strong></span> <span class='ocrx_word' id='word_1_232' title='bbox 2401 1629 2584 1684; x_wconf 90' lang='lat' dir='ltr'><strong>divina</strong></span> <span class='ocrx_word' id='word_1_233' title='bbox 2605 1627 2874 1698; x_wconf 88' lang='lat' dir='ltr'><strong>appellant</strong></span> <span class='ocrx_word' id='word_1_234' title='bbox 2899 1624 3119 1678; x_wconf 86' lang='lat' dir='ltr'><strong>oracula</strong></span> <span class='ocrx_word' id='word_1_235' title='bbox 3142 1661 3158 1687; x_wconf 96' lang='lat'><strong>,</strong></span> <span class='ocrx_word' id='word_1_236' title='bbox 3198 1629 3259 1688; x_wconf 85' lang='lat' dir='ltr'><strong>ut</strong></span> <span class='ocrx_word' id='word_1_237' title='bbox 3289 1636 3394 1675; x_wconf 87' lang='lat' dir='ltr'><strong>una</strong></span> <span class='ocrx_word' id='word_1_238' title='bbox 3424 1635 3552 1675; x_wconf 89' lang='lat' dir='ltr'><strong>cum</strong></span> 
     </span>
    </p>
   </div>
   <div class='ocr_carea' id='block_1_33' title="bbox 1987 1712 3550 1792">
    <p class='ocr_par' dir='ltr' id='par_1_33' title="bbox 1987 1712 3550 1792">
     <span class='ocr_line' id='line_1_33' title="bbox 1987 1712 3550 1792; baseline -0.008 -16"><span class='ocrx_word' id='word_1_239' title='bbox 1987 1721 2197 1778; x_wconf 72' lang='lat' dir='ltr'><strong>cazteris</strong></span> <span class='ocrx_word' id='word_1_240' title='bbox 2226 1721 2292 1776; x_wconf 89' lang='lat' dir='ltr'><strong>ad</strong></span> <span class='ocrx_word' id='word_1_241' title='bbox 2317 1721 2458 1775; x_wconf 88' lang='lat' dir='ltr'><strong>hanc</strong></span> <span class='ocrx_word' id='word_1_242' title='bbox 2493 1735 2708 1792; x_wconf 88' lang='lat' dir='ltr'><strong>quoque</strong></span> <span class='ocrx_word' id='word_1_243' title='bbox 2737 1715 3116 1788; x_wconf 85' lang='lat' dir='ltr'><strong>appellationis</strong></span> <span class='ocrx_word' id='word_1_244' title='bbox 3149 1712 3489 1784; x_wconf 88' lang='lat' dir='ltr'><strong>dignitatem,</strong></span> <span class='ocrx_word' id='word_1_245' title='bbox 3517 1726 3550 1764; x_wconf 86' lang='lat' dir='ltr'><strong>a</strong></span> 
     </span>
    </p>
   </div>
   <div class='ocr_carea' id='block_1_34' title="bbox 284 1797 1867 1886">
    <p class='ocr_par' dir='ltr' id='par_1_34' title="bbox 284 1797 1867 1883">
     <span class='ocr_line' id='line_1_34' title="bbox 284 1797 1867 1883; baseline 0.009 -33"><span class='ocrx_word' id='word_1_246' title='bbox 284 1797 443 1863; x_wconf 88' lang='grc' dir='ltr'>σθαι,</span> <span class='ocrx_word' id='word_1_247' title='bbox 487 1802 596 1856; x_wconf 75' lang='grc' dir='ltr'><strong>καὶ</strong></span> <span class='ocrx_word' id='word_1_248' title='bbox 633 1800 692 1855; x_wconf 89' lang='grc' dir='ltr'><strong>τὸ</strong></span> <span class='ocrx_word' id='word_1_249' title='bbox 740 1803 871 1858; x_wconf 82' lang='grc' dir='ltr'>Θεὸν</span> <span class='ocrx_word' id='word_1_250' title='bbox 914 1799 1049 1858; x_wconf 79' lang='grc' dir='ltr'>εἶναι</span> <span class='ocrx_word' id='word_1_251' title='bbox 1078 1803 1308 1860; x_wconf 90' lang='grc' dir='ltr'>λαϐόντα</span> <span class='ocrx_word' id='word_1_252' title='bbox 1354 1808 1502 1878; x_wconf 80' lang='grc' dir='ltr'>παρὰ</span> <span class='ocrx_word' id='word_1_253' title='bbox 1541 1809 1634 1862; x_wconf 89' lang='grc' dir='ltr'><strong>τοῦ</strong></span> <span class='ocrx_word' id='word_1_254' title='bbox 1672 1811 1867 1883; x_wconf 66' lang='grc' dir='ltr'>Πατρὸς</span> 
     </span>
    </p>
   </div>
   <div class='ocr_carea' id='block_1_35' title="bbox 1971 1797 3548 1886">
    <p class='ocr_par' dir='ltr' id='par_1_35' title="bbox 1986 1807 3548 1886">
     <span class='ocr_line' id='line_1_35' title="bbox 1986 1807 3548 1886; baseline -0.008 -17"><span class='ocrx_word' id='word_1_255' title='bbox 1986 1813 2142 1870; x_wconf 85' lang='lat' dir='ltr'><strong>Patre</strong></span> <span class='ocrx_word' id='word_1_256' title='bbox 2171 1822 2457 1886; x_wconf 90' lang='lat' dir='ltr'><strong>provectus</strong></span> <span class='ocrx_word' id='word_1_257' title='bbox 2499 1814 2588 1876; x_wconf 87' lang='lat' dir='ltr'><strong>sit,</strong></span> <span class='ocrx_word' id='word_1_258' title='bbox 2611 1826 2840 1882; x_wconf 88' lang='lat' dir='ltr'><strong>eamque</strong></span> <span class='ocrx_word' id='word_1_259' title='bbox 2880 1807 3188 1884; x_wconf 83' lang='lat' dir='ltr'><strong>acceperit,</strong></span> <span class='ocrx_word' id='word_1_260' title='bbox 3230 1819 3339 1860; x_wconf 86' lang='lat' dir='ltr'><strong>non</strong></span> <span class='ocrx_word' id='word_1_261' title='bbox 3369 1813 3548 1858; x_wconf 91' lang='lat' dir='ltr'><strong>autem</strong></span> 
     </span>
    </p>
   </div>
   <div class='ocr_carea' id='block_1_36' title="bbox 284 1888 1880 1972">
    <p class='ocr_par' dir='ltr' id='par_1_36' title="bbox 284 1888 1880 1972">
     <span class='ocr_line' id='line_1_36' title="bbox 284 1888 1880 1972; baseline 0.009 -29"><span class='ocrx_word' id='word_1_262' title='bbox 284 1888 464 1960; x_wconf 70' lang='grc' dir='ltr'>ἔχειν,</span> <span class='ocrx_word' id='word_1_263' title='bbox 511 1893 667 1948; x_wconf 82' lang='grc' dir='ltr'><strong>ὡσάν</strong></span> <span class='ocrx_word' id='word_1_264' title='bbox 707 1895 892 1950; x_wconf 90' lang='grc' dir='ltr'>εἰκόνα</span> <span class='ocrx_word' id='word_1_265' title='bbox 920 1896 1013 1949; x_wconf 88' lang='grc' dir='ltr'><strong>τοῦ</strong></span> <span class='ocrx_word' id='word_1_266' title='bbox 1039 1897 1196 1963; x_wconf 87' lang='grc' dir='ltr'>Θεοῦ,</span> <span class='ocrx_word' id='word_1_267' title='bbox 1234 1901 1362 1970; x_wconf 81' lang='grc' dir='ltr'>μιᾶς</span> <span class='ocrx_word' id='word_1_268' title='bbox 1388 1902 1475 1954; x_wconf 78' lang='grc' dir='ltr'><strong>ἐπ’</strong></span> <span class='ocrx_word' id='word_1_269' title='bbox 1511 1902 1712 1972; x_wconf 78' lang='grc' dir='ltr'>ἀμφοῖν</span> <span class='ocrx_word' id='word_1_270' title='bbox 1739 1904 1880 1958; x_wconf 84' lang='grc' dir='ltr'>κατὰ</span> 
     </span>
    </p>
   </div>
   <div class='ocr_carea' id='block_1_37' title="bbox 279 1979 1877 2062">
    <p class='ocr_par' dir='ltr' id='par_1_37' title="bbox 279 1979 1877 2062">
     <span class='ocr_line' id='line_1_37' title="bbox 279 1979 1877 2062; baseline 0.009 -29"><span class='ocrx_word' id='word_1_271' title='bbox 279 1979 344 2033; x_wconf 84' lang='grc' dir='ltr'><strong>τὸ</strong></span> <span class='ocrx_word' id='word_1_272' title='bbox 390 1985 765 2056; x_wconf 80' lang='grc' dir='ltr'>παράδειγμα</span> <span class='ocrx_word' id='word_1_273' title='bbox 796 1987 895 2058; x_wconf 82' lang='grc' dir='ltr'>τῆς</span> <span class='ocrx_word' id='word_1_274' title='bbox 929 1987 1178 2058; x_wconf 87' lang='grc' dir='ltr'>θεότητος</span> <span class='ocrx_word' id='word_1_275' title='bbox 1209 1989 1623 2062; x_wconf 85' lang='grc' dir='ltr'>ὲπινοουμένης,</span> <span class='ocrx_word' id='word_1_276' title='bbox 1657 1993 1776 2058; x_wconf 79' lang='grc' dir='ltr'>ἑνός</span> <span class='ocrx_word' id='word_1_277' title='bbox 1817 2011 1877 2048; x_wconf 88' lang='grc' dir='ltr'><strong>τε</strong></span> 
     </span>
    </p>
   </div>
   <div class='ocr_carea' id='block_1_38' title="bbox 282 2069 1878 2156">
    <p class='ocr_par' dir='ltr' id='par_1_38' title="bbox 282 2069 1878 2156">
     <span class='ocr_line' id='line_1_38' title="bbox 282 2069 1878 2156; baseline 0.011 -33"><span class='ocrx_word' id='word_1_278' title='bbox 282 2069 444 2137; x_wconf 80' lang='grc' dir='ltr'>δντος</span> <span class='ocrx_word' id='word_1_279' title='bbox 483 2075 630 2128; x_wconf 84' lang='grc' dir='ltr'>Θεοῦ</span> <span class='ocrx_word' id='word_1_280' title='bbox 657 2076 750 2130; x_wconf 91' lang='grc' dir='ltr'><strong>τοῦ</strong></span> <span class='ocrx_word' id='word_1_281' title='bbox 791 2077 912 2131; x_wconf 87' lang='grc' dir='ltr'>καθ’</span> <span class='ocrx_word' id='word_1_282' title='bbox 942 2080 1130 2133; x_wconf 78' lang='grc' dir='ltr'>ἑαυτὸν</span> <span class='ocrx_word' id='word_1_283' title='bbox 1161 2080 1410 2151; x_wconf 84' lang='grc' dir='ltr'>ἀνάρχως</span> <span class='ocrx_word' id='word_1_284' title='bbox 1435 2083 1531 2136; x_wconf 74' lang='grc' dir='ltr'>καὶ</span> <span class='ocrx_word' id='word_1_285' title='bbox 1571 2085 1878 2156; x_wconf 86' lang='grc' dir='ltr'>ἀγεννήτως</span> 
     </span>
    </p>
   </div>
   <div class='ocr_carea' id='block_1_39' title="bbox 281 2161 1872 2244">
    <p class='ocr_par' dir='ltr' id='par_1_39' title="bbox 281 2161 1872 2244">
     <span class='ocr_line' id='line_1_39' title="bbox 281 2161 1872 2244; baseline 0.009 -28"><span class='ocrx_word' id='word_1_286' title='bbox 281 2161 467 2228; x_wconf 67' lang='grc' dir='ltr'>ὂντας,</span> <span class='ocrx_word' id='word_1_287' title='bbox 493 2165 591 2219; x_wconf 81' lang='grc' dir='ltr'>διὰ</span> <span class='ocrx_word' id='word_1_288' title='bbox 611 2168 668 2221; x_wconf 76' lang='grc' dir='ltr'>δὲ</span> <span class='ocrx_word' id='word_1_289' title='bbox 685 2168 777 2221; x_wconf 88' lang='grc' dir='ltr'><strong>τοῦ</strong></span> <span class='ocrx_word' id='word_1_290' title='bbox 805 2168 954 2234; x_wconf 84' lang='grc' dir='ltr'>Υἱοῦ,</span> <span class='ocrx_word' id='word_1_291' title='bbox 987 2169 1135 2224; x_wconf 86' lang='grc' dir='ltr'>ὡσάν</span> <span class='ocrx_word' id='word_1_292' title='bbox 1159 2171 1225 2225; x_wconf 83' lang='grc' dir='ltr'><strong>δι’</strong></span> <span class='ocrx_word' id='word_1_293' title='bbox 1241 2174 1503 2244; x_wconf 75' lang='grc' dir='ltr'>ἐσόπτρου</span> <span class='ocrx_word' id='word_1_294' title='bbox 1532 2175 1626 2228; x_wconf 77' lang='grc' dir='ltr'>καὶ</span> <span class='ocrx_word' id='word_1_295' title='bbox 1648 2177 1872 2242; x_wconf 88' lang='grc' dir='ltr'>εἰκόνος,</span> 
     </span>
    </p>
   </div>
   <div class='ocr_carea' id='block_1_40' title="bbox 283 2253 1872 2336">
    <p class='ocr_par' dir='ltr' id='par_1_40' title="bbox 283 2253 1872 2336">
     <span class='ocr_line' id='line_1_40' title="bbox 283 2253 1872 2336; baseline 0.011 -30"><span class='ocrx_word' id='word_1_296' title='bbox 283 2253 798 2330; x_wconf 81' lang='grc' dir='ltr'>ἐπιθεωρουμένου.</span> <span class='ocrx_word' id='word_1_297' title='bbox 833 2260 1004 2315; x_wconf 88' lang='grc' dir='ltr'>Τοῦτό</span> <span class='ocrx_word' id='word_1_298' title='bbox 1025 2280 1105 2316; x_wconf 85' lang='grc' dir='ltr'><strong>τοι</strong></span> <span class='ocrx_word' id='word_1_299' title='bbox 1140 2264 1235 2316; x_wconf 81' lang='grc' dir='ltr'>καὶ</span> <span class='ocrx_word' id='word_1_300' title='bbox 1264 2263 1323 2316; x_wconf 89' lang='grc' dir='ltr'><strong>τὸ</strong></span> <span class='ocrx_word' id='word_1_301' title='bbox 1351 2267 1715 2336; x_wconf 87' lang='grc' dir='ltr'>πνευματικὸν</span> <span class='ocrx_word' id='word_1_302' title='bbox 1745 2286 1872 2331; x_wconf 86' lang='grc' dir='ltr'>παι-</span> 
     </span>
    </p>
   </div>
   <div class='ocr_carea' id='block_1_41' title="bbox 278 2345 1872 2433">
    <p class='ocr_par' dir='ltr' id='par_1_41' title="bbox 278 2345 1872 2433">
     <span class='ocr_line' id='line_1_41' title="bbox 278 2345 1872 2433; baseline 0.011 -34"><span class='ocrx_word' id='word_1_303' title='bbox 278 2345 435 2402; x_wconf 77' lang='grc' dir='ltr'>δεύει</span> <span class='ocrx_word' id='word_1_304' title='bbox 489 2351 696 2420; x_wconf 86' lang='grc' dir='ltr'>λόγιον,</span> <span class='ocrx_word' id='word_1_305' title='bbox 731 2355 830 2408; x_wconf 84' lang='grc' dir='ltr'>οὐκ</span> <span class='ocrx_word' id='word_1_306' title='bbox 869 2355 1041 2420; x_wconf 82' lang='grc' dir='ltr'>ἄλλως</span> <span class='ocrx_word' id='word_1_307' title='bbox 1067 2357 1272 2427; x_wconf 82' lang='grc' dir='ltr'>φάσκον</span> <span class='ocrx_word' id='word_1_308' title='bbox 1305 2358 1436 2412; x_wconf 87' lang='grc' dir='ltr'>Θεὸν</span> <span class='ocrx_word' id='word_1_309' title='bbox 1465 2356 1600 2415; x_wconf 77' lang='grc' dir='ltr'>εἰναι</span> <span class='ocrx_word' id='word_1_310' title='bbox 1639 2379 1872 2433; x_wconf 83' lang='grc' dir='ltr'>προσκυ-</span> 
     </span>
    </p>
   </div>
   <div class='ocr_carea' id='block_1_42' title="bbox 282 2440 1872 2526">
    <p class='ocr_par' dir='ltr' id='par_1_42' title="bbox 282 2440 1872 2526">
     <span class='ocr_line' id='line_1_42' title="bbox 282 2440 1872 2526; baseline 0.01 -34"><span class='ocrx_word' id='word_1_311' title='bbox 282 2440 449 2509; x_wconf 79' lang='grc' dir='ltr'>νητὸν</span> <span class='ocrx_word' id='word_1_312' title='bbox 472 2444 574 2495; x_wconf 88' lang='grc' dir='ltr'><strong>τὸν</strong></span> <span class='ocrx_word' id='word_1_313' title='bbox 599 2445 757 2516; x_wconf 83' lang='grc' dir='ltr'>δῃλού</span> <span class='ocrx_word' id='word_1_314' title='bbox 765 2463 942 2517; x_wconf 90' lang='grc' dir='ltr'>μενον,</span> <span class='ocrx_word' id='word_1_315' title='bbox 973 2448 1086 2502; x_wconf 82' lang='grc' dir='ltr'>ἀλλ’</span> <span class='ocrx_word' id='word_1_316' title='bbox 1116 2449 1150 2521; x_wconf 80' lang='grc' dir='ltr'>ἢ</span> <span class='ocrx_word' id='word_1_317' title='bbox 1177 2449 1263 2503; x_wconf 80' lang='grc' dir='ltr'>διὰ</span> <span class='ocrx_word' id='word_1_318' title='bbox 1283 2449 1372 2504; x_wconf 90' lang='grc' dir='ltr'><strong>τὸν</strong></span> <span class='ocrx_word' id='word_1_319' title='bbox 1396 2451 1703 2516; x_wconf 77' lang='grc' dir='ltr'>ἐνοικοῦντα</span> <span class='ocrx_word' id='word_1_320' title='bbox 1725 2455 1872 2526; x_wconf 82' lang='grc' dir='ltr'>αὐτῷ</span> 
     </span>
    </p>
   </div>
   <div class='ocr_carea' id='block_1_43' title="bbox 281 2533 1866 2614">
    <p class='ocr_par' dir='ltr' id='par_1_43' title="bbox 281 2533 1866 2614">
     <span class='ocr_line' id='line_1_43' title="bbox 281 2533 1866 2614; baseline 0.011 -29"><span class='ocrx_word' id='word_1_321' title='bbox 281 2533 543 2607; x_wconf 81' lang='grc' dir='ltr'>Πατέρα·</span> <span class='ocrx_word' id='word_1_322' title='bbox 577 2555 593 2588; x_wconf 81' lang='grc' dir='ltr'><strong>ι</strong></span> <span class='ocrx_word' id='word_1_323' title='bbox 623 2539 710 2592; x_wconf 89' lang='grc' dir='ltr'><strong>Ἐν</strong></span> <span class='ocrx_word' id='word_1_324' title='bbox 750 2543 833 2593; x_wconf 77' lang='grc' dir='ltr'><strong>σοὶ</strong></span> <span class='ocrx_word' id='word_1_325' title='bbox 875 2559 893 2591; x_wconf 82' lang='grc'>›</span> <span class='ocrx_word' id='word_1_326' title='bbox 932 2540 1060 2611; x_wconf 84' lang='grc' dir='ltr'>γὰρ,</span> <span class='ocrx_word' id='word_1_327' title='bbox 1097 2543 1251 2613; x_wconf 79' lang='grc' dir='ltr'>φησὶ,</span> <span class='ocrx_word' id='word_1_328' title='bbox 1288 2562 1307 2594; x_wconf 80' lang='grc' dir='ltr'><strong>ι</strong></span> <span class='ocrx_word' id='word_1_329' title='bbox 1344 2544 1757 2614; x_wconf 81' lang='grc' dir='ltr'>προσεύξονται·</span> <span class='ocrx_word' id='word_1_330' title='bbox 1787 2548 1866 2602; x_wconf 83' lang='grc' dir='ltr'>ὅτι</span> 
     </span>
    </p>
   </div>
   <div class='ocr_carea' id='block_1_44' title="bbox 278 2624 1866 2705">
    <p class='ocr_par' dir='ltr' id='par_1_44' title="bbox 278 2624 1866 2705">
     <span class='ocr_line' id='line_1_44' title="bbox 278 2624 1866 2705; baseline 0.009 -27"><span class='ocrx_word' id='word_1_331' title='bbox 278 2624 338 2678; x_wconf 72' lang='grc' dir='ltr'>ὲν</span> <span class='ocrx_word' id='word_1_332' title='bbox 383 2630 472 2680; x_wconf 76' lang='grc' dir='ltr'>σοὶ</span> <span class='ocrx_word' id='word_1_333' title='bbox 499 2631 530 2682; x_wconf 89' lang='grc' dir='ltr'><strong>ό</strong></span> <span class='ocrx_word' id='word_1_334' title='bbox 565 2629 698 2695; x_wconf 87' lang='grc' dir='ltr'>Θεός</span> <span class='ocrx_word' id='word_1_335' title='bbox 737 2633 872 2687; x_wconf 81' lang='grc' dir='ltr'>ἐστι.</span> <span class='ocrx_word' id='word_1_336' title='bbox 906 2653 924 2686; x_wconf 70' lang='grc' dir='ltr'><strong>ι</strong></span> <span class='ocrx_word' id='word_1_337' title='bbox 944 2634 1055 2688; x_wconf 79' lang='grc' dir='ltr'><strong>Καὶ</strong></span> <span class='ocrx_word' id='word_1_338' title='bbox 1091 2635 1154 2688; x_wconf 82' lang='grc' dir='ltr'>σὺ</span> <span class='ocrx_word' id='word_1_339' title='bbox 1178 2635 1235 2688; x_wconf 84' lang='grc' dir='ltr'>δὲ</span> <span class='ocrx_word' id='word_1_340' title='bbox 1261 2636 1440 2700; x_wconf 82' lang='grc' dir='ltr'>αὐτὸς,</span> <span class='ocrx_word' id='word_1_341' title='bbox 1471 2637 1602 2702; x_wconf 88' lang='grc' dir='ltr'>Θεὸς</span> <span class='ocrx_word' id='word_1_342' title='bbox 1633 2638 1727 2705; x_wconf 85' lang='grc' dir='ltr'>ὣν,</span> <span class='ocrx_word' id='word_1_343' title='bbox 1756 2640 1866 2692; x_wconf 90' lang='grc' dir='ltr'><strong>Σω-</strong></span> 
     </span>
    </p>
   </div>
   <div class='ocr_carea' id='block_1_45' title="bbox 276 2715 1867 2802">
    <p class='ocr_par' dir='ltr' id='par_1_45' title="bbox 276 2715 1867 2802">
     <span class='ocr_line' id='line_1_45' title="bbox 276 2715 1867 2802; baseline 0.009 -32"><span class='ocrx_word' id='word_1_344' title='bbox 276 2715 386 2788; x_wconf 80' lang='grc' dir='ltr'>τὴρ</span> <span class='ocrx_word' id='word_1_345' title='bbox 420 2719 523 2772; x_wconf 87' lang='grc' dir='ltr'><strong>τοῦ</strong></span> <span class='ocrx_word' id='word_1_346' title='bbox 579 2722 794 2793; x_wconf 80' lang='grc' dir='ltr'>Ἰσραὴλ</span> <span class='ocrx_word' id='word_1_347' title='bbox 837 2725 1156 2796; x_wconf 73' lang='grc' dir='ltr'>τυγχάνεις·</span> <span class='ocrx_word' id='word_1_348' title='bbox 1194 2729 1288 2789; x_wconf 76' lang='grc' dir='ltr'>καὶ</span> <span class='ocrx_word' id='word_1_349' title='bbox 1329 2729 1415 2784; x_wconf 81' lang='grc' dir='ltr'>διὰ</span> <span class='ocrx_word' id='word_1_350' title='bbox 1446 2729 1604 2782; x_wconf 85' lang='grc' dir='ltr'>τοῦτο</span> <span class='ocrx_word' id='word_1_351' title='bbox 1651 2730 1867 2802; x_wconf 81' lang='grc' dir='ltr'>ἰσχυρὸς</span> 
     </span>
    </p>
   </div>
   <div class='ocr_carea' id='block_1_46' title="bbox 278 2811 1867 2885">
    <p class='ocr_par' dir='ltr' id='par_1_46' title="bbox 278 2811 1867 2885">
     <span class='ocr_line' id='line_1_46' title="bbox 278 2811 1867 2885; baseline 0.01 -24"><span class='ocrx_word' id='word_1_352' title='bbox 278 2811 378 2862; x_wconf 69' lang='grc' dir='ltr'><strong>καὶ</strong></span> <span class='ocrx_word' id='word_1_353' title='bbox 413 2817 691 2884; x_wconf 69' lang='grc' dir='ltr'>κρυφαῖος</span> <span class='ocrx_word' id='word_1_354' title='bbox 722 2815 857 2880; x_wconf 83' lang='grc' dir='ltr'>Θεὸς</span> <span class='ocrx_word' id='word_1_355' title='bbox 899 2813 964 2870; x_wconf 75' lang='grc' dir='ltr'><strong>εἰ·</strong></span> <span class='ocrx_word' id='word_1_356' title='bbox 995 2837 1014 2869; x_wconf 79' lang='grc' dir='ltr'><strong>ι</strong></span> <span class='ocrx_word' id='word_1_357' title='bbox 1043 2820 1165 2872; x_wconf 74' lang='grc' dir='ltr'>ἐπεὶ</span> <span class='ocrx_word' id='word_1_358' title='bbox 1200 2822 1257 2873; x_wconf 77' lang='grc' dir='ltr'><strong>έν</strong></span> <span class='ocrx_word' id='word_1_359' title='bbox 1287 2822 1425 2884; x_wconf 75' lang='grc' dir='ltr'>σοὶό</span> <span class='ocrx_word' id='word_1_360' title='bbox 1453 2822 1606 2885; x_wconf 82' lang='grc' dir='ltr'>Θεὸς,</span> <span class='ocrx_word' id='word_1_361' title='bbox 1645 2825 1736 2876; x_wconf 73' lang='grc' dir='ltr'>καὶ</span> <span class='ocrx_word' id='word_1_362' title='bbox 1767 2825 1867 2878; x_wconf 83' lang='grc' dir='ltr'>οὐκ</span> 
     </span>
    </p>
   </div>
   <div class='ocr_carea' id='block_1_47' title="bbox 279 2901 1865 2979">
    <p class='ocr_par' dir='ltr' id='par_1_47' title="bbox 279 2901 1865 2979">
     <span class='ocr_line' id='line_1_47' title="bbox 279 2901 1865 2979; baseline 0.01 -26"><span class='ocrx_word' id='word_1_363' title='bbox 279 2901 433 2956; x_wconf 74' lang='grc' dir='ltr'>ἐστιν</span> <span class='ocrx_word' id='word_1_364' title='bbox 477 2904 562 2957; x_wconf 77' lang='grc' dir='ltr'>ἔτι</span> <span class='ocrx_word' id='word_1_365' title='bbox 595 2905 734 2978; x_wconf 75' lang='grc' dir='ltr'>πλὴν</span> <span class='ocrx_word' id='word_1_366' title='bbox 780 2908 967 2962; x_wconf 82' lang='grc' dir='ltr'>αὑτοῦ.</span> <span class='ocrx_word' id='word_1_367' title='bbox 1007 2930 1024 2961; x_wconf 75' lang='grc' dir='ltr'><strong>ι</strong></span> <span class='ocrx_word' id='word_1_368' title='bbox 1073 2912 1216 2964; x_wconf 81' lang='grc' dir='ltr'>Ἀντί</span> <span class='ocrx_word' id='word_1_369' title='bbox 1242 2911 1300 2964; x_wconf 82' lang='grc' dir='ltr'>δὲ</span> <span class='ocrx_word' id='word_1_370' title='bbox 1341 2911 1470 2979; x_wconf 86' lang='grc' dir='ltr'>τοῦ,</span> <span class='ocrx_word' id='word_1_371' title='bbox 1515 2932 1533 2964; x_wconf 74' lang='grc' dir='ltr'><strong>ι</strong></span> <span class='ocrx_word' id='word_1_372' title='bbox 1575 2913 1865 2970; x_wconf 81' lang='grc' dir='ltr'>ἐκοπίασεν</span> 
     </span>
    </p>
   </div>
   <div class='ocr_carea' id='block_1_48' title="bbox 279 2993 1864 3071">
    <p class='ocr_par' dir='ltr' id='par_1_48' title="bbox 279 2993 1864 3071">
     <span class='ocr_line' id='line_1_48' title="bbox 279 2993 1864 3071; baseline 0.007 -25"><span class='ocrx_word' id='word_1_373' title='bbox 279 2993 606 3061; x_wconf 62' lang='grc' dir='ltr'>Αἴγυπτος,</span> <span class='ocrx_word' id='word_1_374' title='bbox 648 3016 666 3048; x_wconf 73' lang='grc' dir='ltr'><strong>ι</strong></span> <span class='ocrx_word' id='word_1_375' title='bbox 709 2997 770 3049; x_wconf 90' lang='grc' dir='ltr'><strong>τὸ</strong></span> <span class='ocrx_word' id='word_1_376' title='bbox 819 2998 1134 3071; x_wconf 82' lang='grc' dir='ltr'>Ἑϐραῖκὸν,</span> <span class='ocrx_word' id='word_1_377' title='bbox 1195 3002 1286 3055; x_wconf 76' lang='grc' dir='ltr'>καὶ</span> <span class='ocrx_word' id='word_1_378' title='bbox 1334 3003 1383 3055; x_wconf 86' lang='grc' dir='ltr'><strong>οἰ</strong></span> <span class='ocrx_word' id='word_1_379' title='bbox 1431 3002 1608 3058; x_wconf 75' lang='grc' dir='ltr'>λοιποὶ</span> <span class='ocrx_word' id='word_1_380' title='bbox 1664 2996 1864 3069; x_wconf 72' lang='grc' dir='ltr'>πάντες</span> 
     </span>
    </p>
   </div>
   <div class='ocr_carea' id='block_1_49' title="bbox 282 3084 1856 3170">
    <p class='ocr_par' dir='ltr' id='par_1_49' title="bbox 282 3084 1856 3170">
     <span class='ocr_line' id='line_1_49' title="bbox 282 3084 1856 3170; baseline 0.01 -35"><span class='ocrx_word' id='word_1_381' title='bbox 282 3084 650 3155; x_wconf 73' lang='grc' dir='ltr'>ἐρμηνευταὶ,</span> <span class='ocrx_word' id='word_1_382' title='bbox 697 3108 714 3140; x_wconf 84' lang='grc' dir='ltr'><strong>ι</strong></span> <span class='ocrx_word' id='word_1_383' title='bbox 741 3090 908 3154; x_wconf 83' lang='grc' dir='ltr'>κόπος</span> <span class='ocrx_word' id='word_1_384' title='bbox 941 3091 1234 3160; x_wconf 81' lang='grc' dir='ltr'>Αἰγύπτου,</span> <span class='ocrx_word' id='word_1_385' title='bbox 1259 3113 1278 3145; x_wconf 67' lang='grc' dir='ltr'><strong>ι</strong></span> <span class='ocrx_word' id='word_1_386' title='bbox 1312 3093 1669 3150; x_wconf 82' lang='grc' dir='ltr'>ὲκδεδώκασιν</span> <span class='ocrx_word' id='word_1_387' title='bbox 1688 3137 1702 3161; x_wconf 93' lang='grc'><strong>,</strong></span> <span class='ocrx_word' id='word_1_388' title='bbox 1731 3097 1797 3150; x_wconf 81' lang='grc' dir='ltr'><strong>ἵν’</strong></span> 
     </span>
    </p>
   </div>
   <div class='ocr_carea' id='block_1_50' title="bbox 1979 1895 3550 1978">
    <p class='ocr_par' dir='ltr' id='par_1_50' title="bbox 1979 1895 3550 1978">
     <span class='ocr_line' id='line_1_50' title="bbox 1979 1895 3550 1978; baseline -0.01 -15"><span class='ocrx_word' id='word_1_389' title='bbox 1979 1923 2045 1963; x_wconf 80' lang='lat' dir='ltr'><strong>ex</strong></span> <span class='ocrx_word' id='word_1_390' title='bbox 2075 1906 2297 1978; x_wconf 79' lang='lat' dir='ltr'><strong>preprio</strong></span> <span class='ocrx_word' id='word_1_391' title='bbox 2325 1906 2451 1976; x_wconf 82' lang='lat' dir='ltr'><strong>jure</strong></span> <span class='ocrx_word' id='word_1_392' title='bbox 2481 1902 2863 1976; x_wconf 87' lang='lat' dir='ltr'><strong>possidendam</strong></span> <span class='ocrx_word' id='word_1_393' title='bbox 2893 1900 3164 1955; x_wconf 88' lang='lat' dir='ltr'><strong>habuerit.</strong></span> <span class='ocrx_word' id='word_1_394' title='bbox 3190 1896 3435 1967; x_wconf 83' lang='lat' dir='ltr'><strong>Namque</strong></span> <span class='ocrx_word' id='word_1_395' title='bbox 3458 1895 3550 1948; x_wconf 92' lang='lat' dir='ltr'><strong>ille</strong></span> 
     </span>
    </p>
   </div>
   <div class='ocr_carea' id='block_1_51' title="bbox 1977 1988 3546 2069">
    <p class='ocr_par' dir='ltr' id='par_1_51' title="bbox 1977 1988 3546 2069">
     <span class='ocr_line' id='line_1_51' title="bbox 1977 1988 3546 2069; baseline -0.007 -16"><span class='ocrx_word' id='word_1_396' title='bbox 1977 1997 2194 2069; x_wconf 75' lang='lat' dir='ltr'><strong>quidem</strong></span> <span class='ocrx_word' id='word_1_397' title='bbox 2228 1997 2340 2063; x_wconf 90' lang='lat' dir='ltr'><strong>dat,</strong></span> <span class='ocrx_word' id='word_1_398' title='bbox 2371 1997 2460 2051; x_wconf 89' lang='lat' dir='ltr'><strong>hic</strong></span> <span class='ocrx_word' id='word_1_399' title='bbox 2484 2011 2614 2050; x_wconf 87' lang='lat' dir='ltr'><strong>vero</strong></span> <span class='ocrx_word' id='word_1_400' title='bbox 2645 1993 2873 2064; x_wconf 85' lang='lat' dir='ltr'><strong>accipit;</strong></span> <span class='ocrx_word' id='word_1_401' title='bbox 2906 1993 3090 2062; x_wconf 90' lang='lat' dir='ltr'><strong>itaque</strong></span> <span class='ocrx_word' id='word_1_402' title='bbox 3125 2003 3225 2044; x_wconf 93' lang='lat' dir='ltr'><strong>suo</strong></span> <span class='ocrx_word' id='word_1_403' title='bbox 3253 1988 3377 2059; x_wconf 85' lang='lat' dir='ltr'><strong>jure</strong></span> <span class='ocrx_word' id='word_1_404' title='bbox 3399 2002 3546 2042; x_wconf 84' lang='lat' dir='ltr'><strong>unus</strong></span> 
     </span>
    </p>
   </div>
   <div class='ocr_carea' id='block_1_52' title="bbox 1978 2076 3546 2154">
    <p class='ocr_par' dir='ltr' id='par_1_52' title="bbox 1978 2076 3546 2154">
     <span class='ocr_line' id='line_1_52' title="bbox 1978 2076 3546 2154; baseline -0.007 -14"><span class='ocrx_word' id='word_1_405' title='bbox 1978 2086 2067 2142; x_wconf 90' lang='lat' dir='ltr'><strong>ille</strong></span> <span class='ocrx_word' id='word_1_406' title='bbox 2089 2093 2172 2141; x_wconf 85' lang='lat' dir='ltr'><strong>est</strong></span> <span class='ocrx_word' id='word_1_407' title='bbox 2193 2084 2354 2148; x_wconf 90' lang='lat' dir='ltr'><strong>Deus,</strong></span> <span class='ocrx_word' id='word_1_408' title='bbox 2373 2084 2466 2154; x_wconf 91' lang='lat' dir='ltr'><strong>qui</strong></span> <span class='ocrx_word' id='word_1_409' title='bbox 2496 2099 2605 2138; x_wconf 92' lang='lat' dir='ltr'><strong>non</strong></span> <span class='ocrx_word' id='word_1_410' title='bbox 2635 2083 2703 2137; x_wconf 90' lang='lat' dir='ltr'><strong>ab</strong></span> <span class='ocrx_word' id='word_1_411' title='bbox 2726 2081 2896 2136; x_wconf 90' lang='lat' dir='ltr'><strong>altero</strong></span> <span class='ocrx_word' id='word_1_412' title='bbox 2927 2079 3154 2149; x_wconf 88' lang='lat' dir='ltr'><strong>accepit.</strong></span> <span class='ocrx_word' id='word_1_413' title='bbox 3182 2076 3280 2131; x_wconf 85' lang='lat' dir='ltr'><strong>Hic</strong></span> <span class='ocrx_word' id='word_1_414' title='bbox 3311 2083 3492 2130; x_wconf 88' lang='lat' dir='ltr'><strong>autem</strong></span> <span class='ocrx_word' id='word_1_415' title='bbox 3514 2088 3546 2129; x_wconf 85' lang='lat' dir='ltr'><strong>a</strong></span> 
     </span>
    </p>
   </div>
   <div class='ocr_carea' id='block_1_53' title="bbox 1975 2166 3542 2238">
    <p class='ocr_par' dir='ltr' id='par_1_53' title="bbox 1975 2166 3542 2238">
     <span class='ocr_line' id='line_1_53' title="bbox 1975 2166 3542 2238; baseline -0.004 -14"><span class='ocrx_word' id='word_1_416' title='bbox 1975 2169 2134 2225; x_wconf 87' lang='lat' dir='ltr'><strong>Patre</strong></span> <span class='ocrx_word' id='word_1_417' title='bbox 2151 2171 2312 2225; x_wconf 84' lang='lat' dir='ltr'><strong>habet</strong></span> <span class='ocrx_word' id='word_1_418' title='bbox 2336 2178 2395 2224; x_wconf 90' lang='lat' dir='ltr'><strong>ut</strong></span> <span class='ocrx_word' id='word_1_419' title='bbox 2417 2169 2558 2226; x_wconf 88' lang='lat' dir='ltr'><strong>Deus</strong></span> <span class='ocrx_word' id='word_1_420' title='bbox 2578 2170 2669 2234; x_wconf 87' lang='lat' dir='ltr'><strong>sit,</strong></span> <span class='ocrx_word' id='word_1_421' title='bbox 2688 2176 2946 2238; x_wconf 88' lang='lat' dir='ltr'><strong>tanquam</strong></span> <span class='ocrx_word' id='word_1_422' title='bbox 2973 2166 3067 2221; x_wconf 90' lang='lat' dir='ltr'><strong>Dei</strong></span> <span class='ocrx_word' id='word_1_423' title='bbox 3092 2167 3269 2236; x_wconf 82' lang='lat' dir='ltr'><strong>imago</strong></span> <span class='ocrx_word' id='word_1_424' title='bbox 3295 2185 3308 2219; x_wconf 91' lang='lat'><strong>:</strong></span> <span class='ocrx_word' id='word_1_425' title='bbox 3336 2171 3542 2235; x_wconf 89' lang='lat' dir='ltr'><strong>utpote,</strong></span> 
     </span>
    </p>
   </div>
   <div class='ocr_carea' id='block_1_54' title="bbox 1974 2256 3545 2331">
    <p class='ocr_par' dir='ltr' id='par_1_54' title="bbox 1974 2256 3545 2331">
     <span class='ocr_line' id='line_1_54' title="bbox 1974 2256 3545 2331; baseline -0.006 -13"><span class='ocrx_word' id='word_1_426' title='bbox 1974 2276 2098 2318; x_wconf 90' lang='lat' dir='ltr'><strong>cum</strong></span> <span class='ocrx_word' id='word_1_427' title='bbox 2124 2279 2231 2318; x_wconf 90' lang='lat' dir='ltr'><strong>una</strong></span> <span class='ocrx_word' id='word_1_428' title='bbox 2258 2264 2314 2317; x_wconf 91' lang='lat' dir='ltr'><strong>in</strong></span> <span class='ocrx_word' id='word_1_429' title='bbox 2346 2262 2630 2325; x_wconf 88' lang='lat' dir='ltr'><strong>ambobus,</strong></span> <span class='ocrx_word' id='word_1_430' title='bbox 2660 2261 2814 2331; x_wconf 80' lang='lat' dir='ltr'><strong>juxta</strong></span> <span class='ocrx_word' id='word_1_431' title='bbox 2831 2260 3157 2328; x_wconf 80' lang='lat' dir='ltr'><strong>exemplum,</strong></span> <span class='ocrx_word' id='word_1_432' title='bbox 3185 2256 3545 2311; x_wconf 85' lang='lat' dir='ltr'><strong>divinitusin-</strong></span> 
     </span>
    </p>
   </div>
   <div class='ocr_carea' id='block_1_55' title="bbox 1973 2348 3541 2425">
    <p class='ocr_par' dir='ltr' id='par_1_55' title="bbox 1973 2348 3541 2425">
     <span class='ocr_line' id='line_1_55' title="bbox 1973 2348 3541 2425; baseline -0.005 -17"><span class='ocrx_word' id='word_1_433' title='bbox 1973 2354 2269 2425; x_wconf 87' lang='lat' dir='ltr'><strong>telligatur,</strong></span> <span class='ocrx_word' id='word_1_434' title='bbox 2287 2361 2339 2408; x_wconf 92' lang='lat' dir='ltr'><strong>et</strong></span> <span class='ocrx_word' id='word_1_435' title='bbox 2353 2368 2496 2408; x_wconf 90' lang='lat' dir='ltr'><strong>unus</strong></span> <span class='ocrx_word' id='word_1_436' title='bbox 2513 2353 2584 2407; x_wconf 91' lang='lat' dir='ltr'><strong>sit</strong></span> <span class='ocrx_word' id='word_1_437' title='bbox 2595 2351 2759 2416; x_wconf 92' lang='lat' dir='ltr'><strong>Deus,</strong></span> <span class='ocrx_word' id='word_1_438' title='bbox 2774 2351 2864 2421; x_wconf 92' lang='lat' dir='ltr'><strong>qui</strong></span> <span class='ocrx_word' id='word_1_439' title='bbox 2882 2365 2980 2422; x_wconf 87' lang='lat' dir='ltr'><strong>per</strong></span> <span class='ocrx_word' id='word_1_440' title='bbox 2995 2351 3232 2419; x_wconf 88' lang='lat' dir='ltr'><strong>seipsum</strong></span> <span class='ocrx_word' id='word_1_441' title='bbox 3255 2349 3372 2403; x_wconf 89' lang='lat' dir='ltr'><strong>sine</strong></span> <span class='ocrx_word' id='word_1_442' title='bbox 3387 2348 3541 2417; x_wconf 50' lang='lat' dir='ltr'><strong>prin-,-</strong></span> 
     </span>
    </p>
   </div>
   <div class='ocr_carea' id='block_1_56' title="bbox 1971 2440 3537 2516">
    <p class='ocr_par' dir='ltr' id='par_1_56' title="bbox 1971 2440 3537 2516">
     <span class='ocr_line' id='line_1_56' title="bbox 1971 2440 3537 2516; baseline -0.004 -17"><span class='ocrx_word' id='word_1_443' title='bbox 1971 2444 2206 2516; x_wconf 88' lang='lat' dir='ltr'><strong>cipio,et</strong></span> <span class='ocrx_word' id='word_1_444' title='bbox 2240 2445 2358 2502; x_wconf 84' lang='lat' dir='ltr'><strong>sine</strong></span> <span class='ocrx_word' id='word_1_445' title='bbox 2384 2445 2728 2515; x_wconf 83' lang='lat' dir='ltr'><strong>generatione</strong></span> <span class='ocrx_word' id='word_1_446' title='bbox 2745 2444 2943 2498; x_wconf 83' lang='lat' dir='ltr'><strong>existat</strong></span> <span class='ocrx_word' id='word_1_447' title='bbox 2969 2462 2982 2497; x_wconf 94' lang='lat'>:</span> <span class='ocrx_word' id='word_1_448' title='bbox 3017 2440 3316 2513; x_wconf 87' lang='lat' dir='ltr'><strong>perFilium</strong></span> <span class='ocrx_word' id='word_1_449' title='bbox 3333 2447 3537 2504; x_wconf 88' lang='lat' dir='ltr'><strong>autem,</strong></span> 
     </span>
    </p>
   </div>
   <div class='ocr_carea' id='block_1_57' title="bbox 1969 2531 3539 2610">
    <p class='ocr_par' dir='ltr' id='par_1_57' title="bbox 1969 2531 3539 2610">
     <span class='ocr_line' id='line_1_57' title="bbox 1969 2531 3539 2610; baseline -0.004 -18"><span class='ocrx_word' id='word_1_450' title='bbox 1969 2545 2225 2610; x_wconf 88' lang='lat' dir='ltr'><strong>tanquam</strong></span> <span class='ocrx_word' id='word_1_451' title='bbox 2239 2537 2619 2609; x_wconf 90' lang='lat' dir='ltr'><strong>perspeculum</strong></span> <span class='ocrx_word' id='word_1_452' title='bbox 2631 2545 2684 2591; x_wconf 89' lang='lat' dir='ltr'><strong>et</strong></span> <span class='ocrx_word' id='word_1_453' title='bbox 2700 2535 2984 2606; x_wconf 85' lang='lat' dir='ltr'><strong>imaginem</strong></span> <span class='ocrx_word' id='word_1_454' title='bbox 2995 2576 3009 2600; x_wconf 96' lang='lat'><strong>,</strong></span> <span class='ocrx_word' id='word_1_455' title='bbox 3023 2531 3539 2589; x_wconf 87' lang='lat' dir='ltr'><strong>consideretur.Hoc</strong></span> 
     </span>
    </p>
   </div>
   <div class='ocr_carea' id='block_1_58' title="bbox 1969 2624 3535 2700">
    <p class='ocr_par' dir='ltr' id='par_1_58' title="bbox 1969 2624 3535 2700">
     <span class='ocr_line' id='line_1_58' title="bbox 1969 2624 3535 2700; baseline -0.005 -16"><span class='ocrx_word' id='word_1_456' title='bbox 1969 2637 2075 2694; x_wconf 91' lang='lat' dir='ltr'><strong>est,</strong></span> <span class='ocrx_word' id='word_1_457' title='bbox 2103 2629 2332 2697; x_wconf 82' lang='lat' dir='ltr'><strong>scilicet,</strong></span> <span class='ocrx_word' id='word_1_458' title='bbox 2366 2628 2510 2700; x_wconf 86' lang='lat' dir='ltr'><strong>quod</strong></span> <span class='ocrx_word' id='word_1_459' title='bbox 2541 2627 2822 2698; x_wconf 62' lang='lat' dir='ltr'><strong>spirituque</strong></span> <span class='ocrx_word' id='word_1_460' title='bbox 2851 2626 3008 2680; x_wconf 87' lang='lat' dir='ltr'><strong>docet</strong></span> <span class='ocrx_word' id='word_1_461' title='bbox 3048 2625 3358 2688; x_wconf 84' lang='lat' dir='ltr'><strong>oraculum,</strong></span> <span class='ocrx_word' id='word_1_462' title='bbox 3390 2624 3535 2692; x_wconf 86' lang='lat' dir='ltr'><strong>quod</strong></span> 
     </span>
    </p>
   </div>
   <div class='ocr_carea' id='block_1_59' title="bbox 1968 2714 3535 2786">
    <p class='ocr_par' dir='ltr' id='par_1_59' title="bbox 1968 2714 3535 2786">
     <span class='ocr_line' id='line_1_59' title="bbox 1968 2714 3535 2786; baseline -0.004 -12"><span class='ocrx_word' id='word_1_463' title='bbox 1968 2736 2078 2776; x_wconf 89' lang='lat' dir='ltr'><strong>non</strong></span> <span class='ocrx_word' id='word_1_464' title='bbox 2107 2720 2240 2774; x_wconf 88' lang='lat' dir='ltr'><strong>alias</strong></span> <span class='ocrx_word' id='word_1_465' title='bbox 2262 2718 2392 2773; x_wconf 88' lang='lat' dir='ltr'><strong>dicit</strong></span> <span class='ocrx_word' id='word_1_466' title='bbox 2419 2734 2564 2783; x_wconf 91' lang='lat' dir='ltr'><strong>eum,</strong></span> <span class='ocrx_word' id='word_1_467' title='bbox 2594 2717 2662 2772; x_wconf 88' lang='lat' dir='ltr'><strong>de</strong></span> <span class='ocrx_word' id='word_1_468' title='bbox 2690 2733 2800 2786; x_wconf 93' lang='lat' dir='ltr'><strong>quo</strong></span> <span class='ocrx_word' id='word_1_469' title='bbox 2827 2731 3006 2771; x_wconf 88' lang='lat' dir='ltr'><strong>sermo</strong></span> <span class='ocrx_word' id='word_1_470' title='bbox 3040 2725 3159 2780; x_wconf 90' lang='lat' dir='ltr'><strong>est,</strong></span> <span class='ocrx_word' id='word_1_471' title='bbox 3212 2714 3382 2769; x_wconf 89' lang='lat' dir='ltr'><strong>Deum</strong></span> <span class='ocrx_word' id='word_1_472' title='bbox 3411 2729 3535 2769; x_wconf 89' lang='lat' dir='ltr'><strong>esse</strong></span> 
     </span>
    </p>
   </div>
   <div class='ocr_carea' id='block_1_60' title="bbox 1967 2807 3527 2883">
    <p class='ocr_par' dir='ltr' id='par_1_60' title="bbox 1967 2807 3527 2883">
     <span class='ocr_line' id='line_1_60' title="bbox 1967 2807 3527 2883; baseline -0.004 -17"><span class='ocrx_word' id='word_1_473' title='bbox 1967 2813 2303 2874; x_wconf 83' lang='lat' dir='ltr'><strong>adorandum</strong></span> <span class='ocrx_word' id='word_1_474' title='bbox 2327 2851 2342 2876; x_wconf 90' lang='lat'><strong>,</strong></span> <span class='ocrx_word' id='word_1_475' title='bbox 2382 2817 2602 2883; x_wconf 84' lang='lat' dir='ltr'><strong>prOpter</strong></span> <span class='ocrx_word' id='word_1_476' title='bbox 2629 2810 3020 2864; x_wconf 85' lang='lat' dir='ltr'><strong>inhabitantem</strong></span> <span class='ocrx_word' id='word_1_477' title='bbox 3051 2809 3102 2861; x_wconf 92' lang='lat' dir='ltr'><strong>in</strong></span> <span class='ocrx_word' id='word_1_478' title='bbox 3136 2809 3256 2878; x_wconf 91' lang='lat' dir='ltr'><strong>ipso</strong></span> <span class='ocrx_word' id='word_1_479' title='bbox 3287 2807 3527 2861; x_wconf 86' lang='lat' dir='ltr'><strong>Patrem.</strong></span> 
     </span>
    </p>
   </div>
   <div class='ocr_carea' id='block_1_61' title="bbox 1972 2897 3532 2972">
    <p class='ocr_par' dir='ltr' id='par_1_61' title="bbox 1972 2897 3532 2972">
     <span class='ocr_line' id='line_1_61' title="bbox 1972 2897 3532 2972; baseline -0.003 -16"><span class='ocrx_word' id='word_1_480' title='bbox 1972 2903 2073 2960; x_wconf 66' lang='lat' dir='ltr'><strong>«in</strong></span> <span class='ocrx_word' id='word_1_481' title='bbox 2101 2911 2155 2958; x_wconf 89' lang='lat' dir='ltr'><strong>te</strong></span> <span class='ocrx_word' id='word_1_482' title='bbox 2179 2922 2198 2956; x_wconf 77' lang='grc' dir='ltr'><strong>ι</strong></span> <span class='ocrx_word' id='word_1_483' title='bbox 2218 2903 2384 2968; x_wconf 84' lang='lat' dir='ltr'><strong>enim,</strong></span> <span class='ocrx_word' id='word_1_484' title='bbox 2409 2901 2893 2972; x_wconf 74' lang='lat' dir='ltr'><strong>inquit,¢-orabunt</strong></span> <span class='ocrx_word' id='word_1_485' title='bbox 2915 2918 2929 2954; x_wconf 88' lang='lat'><strong>:</strong></span> <span class='ocrx_word' id='word_1_486' title='bbox 2955 2898 3210 2969; x_wconf 83' lang='lat' dir='ltr'><strong>quoniam</strong></span> <span class='ocrx_word' id='word_1_487' title='bbox 3228 2899 3282 2952; x_wconf 93' lang='lat' dir='ltr'><strong>in</strong></span> <span class='ocrx_word' id='word_1_488' title='bbox 3303 2906 3356 2952; x_wconf 90' lang='lat' dir='ltr'><strong>te</strong></span> <span class='ocrx_word' id='word_1_489' title='bbox 3391 2897 3532 2952; x_wconf 85' lang='lat' dir='ltr'><strong>Deus</strong></span> 
     </span>
    </p>
   </div>
   <div class='ocr_carea' id='block_1_62' title="bbox 1965 2988 3531 3064">
    <p class='ocr_par' dir='ltr' id='par_1_62' title="bbox 1965 2988 3531 3064">
     <span class='ocr_line' id='line_1_62' title="bbox 1965 2988 3531 3064; baseline -0.005 -12"><span class='ocrx_word' id='word_1_490' title='bbox 1965 3003 2067 3052; x_wconf 89' lang='lat' dir='ltr'><strong>est.</strong></span> <span class='ocrx_word' id='word_1_491' title='bbox 2109 3014 2128 3046; x_wconf 76' lang='grc' dir='ltr'><strong>ι</strong></span> <span class='ocrx_word' id='word_1_492' title='bbox 2166 2993 2273 3050; x_wconf 87' lang='lat' dir='ltr'><strong>Sed</strong></span> <span class='ocrx_word' id='word_1_493' title='bbox 2305 3005 2363 3048; x_wconf 92' lang='lat' dir='ltr'><strong>tu</strong></span> <span class='ocrx_word' id='word_1_494' title='bbox 2394 3007 2610 3064; x_wconf 88' lang='lat' dir='ltr'><strong>quoque</strong></span> <span class='ocrx_word' id='word_1_495' title='bbox 2640 2993 2756 3064; x_wconf 90' lang='lat' dir='ltr'><strong>ipse</strong></span> <span class='ocrx_word' id='word_1_496' title='bbox 2784 3006 2911 3047; x_wconf 90' lang='lat' dir='ltr'><strong>cum</strong></span> <span class='ocrx_word' id='word_1_497' title='bbox 2941 2989 3084 3046; x_wconf 91' lang='lat' dir='ltr'><strong>Deus</strong></span> <span class='ocrx_word' id='word_1_498' title='bbox 3113 2991 3188 3046; x_wconf 89' lang='lat' dir='ltr'><strong>sis</strong></span> <span class='ocrx_word' id='word_1_499' title='bbox 3209 3032 3226 3056; x_wconf 95' lang='lat'><strong>,</strong></span> <span class='ocrx_word' id='word_1_500' title='bbox 3283 2988 3531 3044; x_wconf 85' lang='lat' dir='ltr'><strong>Salvator</strong></span> 
     </span>
    </p>
   </div>
   <div class='ocr_carea' id='block_1_63' title="bbox 1965 3080 3530 3142">
    <p class='ocr_par' dir='ltr' id='par_1_63' title="bbox 1965 3080 3530 3142">
     <span class='ocr_line' id='line_1_63' title="bbox 1965 3080 3530 3142; baseline -0.003 -2"><span class='ocrx_word' id='word_1_501' title='bbox 1965 3086 2130 3142; x_wconf 88' lang='lat' dir='ltr'><strong>lsracl</strong></span> <span class='ocrx_word' id='word_1_502' title='bbox 2157 3086 2400 3142; x_wconf 84' lang='lat' dir='ltr'><strong>exsistis.</strong></span> <span class='ocrx_word' id='word_1_503' title='bbox 2451 3083 2690 3140; x_wconf 84' lang='lat' dir='ltr'><strong>Proinde</strong></span> <span class='ocrx_word' id='word_1_504' title='bbox 2724 3083 2881 3141; x_wconf 82' lang='lat' dir='ltr'><strong>fortis</strong></span> <span class='ocrx_word' id='word_1_505' title='bbox 2919 3091 2972 3139; x_wconf 89' lang='lat' dir='ltr'><strong>et</strong></span> <span class='ocrx_word' id='word_1_506' title='bbox 3004 3081 3357 3140; x_wconf 88' lang='lat' dir='ltr'><strong>absconditus</strong></span> <span class='ocrx_word' id='word_1_507' title='bbox 3386 3080 3530 3136; x_wconf 85' lang='lat' dir='ltr'><strong>Deus</strong></span> 
     </span>
    </p>
   </div>
   <div class='ocr_carea' id='block_1_64' title="bbox 276 3145 1867 3258">
    <p class='ocr_par' dir='ltr' id='par_1_64' title="bbox 276 3145 1862 3258">
     <span class='ocr_line' id='line_1_64' title="bbox 276 3145 1862 3258; baseline 0.006 -25"><span class='ocrx_word' id='word_1_508' title='bbox 276 3175 340 3233; x_wconf 59' lang='grc' dir='ltr'><strong>*ὦ</strong></span> <span class='ocrx_word' id='word_1_509' title='bbox 371 3177 678 3250; x_wconf 83' lang='grc' dir='ltr'>λεγόμενον</span> <span class='ocrx_word' id='word_1_510' title='bbox 715 3145 981 3236; x_wconf 71' lang='grc' dir='ltr'>τοιοῦτον·</span> <span class='ocrx_word' id='word_1_511' title='bbox 1013 3145 1141 3238; x_wconf 54' lang='grc' dir='ltr'>ἰΣοὶ</span> <span class='ocrx_word' id='word_1_512' title='bbox 1651 3145 1862 3242; x_wconf 57' lang='grc' dir='ltr'><strong>καίσόί</strong></span> 
     </span>
    </p>
   </div>
   <div class='ocr_carea' id='block_1_65' title="bbox 1971 3145 3531 3258">
    <p class='ocr_par' dir='ltr' id='par_1_65' title="bbox 1971 3171 3531 3248">
     <span class='ocr_line' id='line_1_65' title="bbox 1971 3171 3531 3248; baseline -0.006 -14"><span class='ocrx_word' id='word_1_513' title='bbox 1971 3195 2023 3234; x_wconf 84' lang='lat' dir='ltr'><strong>es</strong></span> <span class='ocrx_word' id='word_1_514' title='bbox 2051 3196 2064 3233; x_wconf 92' lang='lat'>:</span> <span class='ocrx_word' id='word_1_515' title='bbox 2102 3196 2122 3229; x_wconf 82' lang='grc' dir='ltr'><strong>ι</strong></span> <span class='ocrx_word' id='word_1_516' title='bbox 2159 3178 2416 3248; x_wconf 89' lang='lat' dir='ltr'><strong>quoniam</strong></span> <span class='ocrx_word' id='word_1_517' title='bbox 2455 3177 2511 3232; x_wconf 93' lang='lat' dir='ltr'><strong>in</strong></span> <span class='ocrx_word' id='word_1_518' title='bbox 2540 3183 2593 3231; x_wconf 90' lang='lat' dir='ltr'><strong>te</strong></span> <span class='ocrx_word' id='word_1_519' title='bbox 2619 3174 2782 3242; x_wconf 89' lang='lat' dir='ltr'><strong>Deus,</strong></span> <span class='ocrx_word' id='word_1_520' title='bbox 2807 3184 2860 3231; x_wconf 92' lang='lat' dir='ltr'><strong>et</strong></span> <span class='ocrx_word' id='word_1_521' title='bbox 2890 3190 2999 3230; x_wconf 90' lang='lat' dir='ltr'><strong>non</strong></span> <span class='ocrx_word' id='word_1_522' title='bbox 3023 3183 3106 3229; x_wconf 89' lang='lat' dir='ltr'><strong>est</strong></span> <span class='ocrx_word' id='word_1_523' title='bbox 3126 3171 3359 3242; x_wconf 90' lang='lat' dir='ltr'><strong>amplius</strong></span> <span class='ocrx_word' id='word_1_524' title='bbox 3393 3185 3531 3241; x_wconf 73' lang='lat' dir='ltr'><strong>pra:-</strong></span> 
     </span>
    </p>
   </div>
   <div class='ocr_carea' id='block_1_66' title="bbox 275 3268 1863 3355">
    <p class='ocr_par' dir='ltr' id='par_1_66' title="bbox 275 3268 1863 3355">
     <span class='ocr_line' id='line_1_66' title="bbox 275 3268 1863 3355; baseline 0.008 -32"><span class='ocrx_word' id='word_1_525' title='bbox 275 3268 503 3326; x_wconf 66' lang='grc' dir='ltr'>ἧσονται</span> <span class='ocrx_word' id='word_1_526' title='bbox 536 3272 748 3338; x_wconf 87' lang='grc' dir='ltr'>δοῦλοι,</span> <span class='ocrx_word' id='word_1_527' title='bbox 787 3276 816 3328; x_wconf 92' lang='grc' dir='ltr'><strong>ό</strong></span> <span class='ocrx_word' id='word_1_528' title='bbox 845 3275 1012 3341; x_wconf 86' lang='grc' dir='ltr'>κόπος</span> <span class='ocrx_word' id='word_1_529' title='bbox 1055 3278 1362 3347; x_wconf 78' lang='grc' dir='ltr'>Αἰγύπτου,</span> <span class='ocrx_word' id='word_1_530' title='bbox 1395 3283 1487 3334; x_wconf 78' lang='grc' dir='ltr'>καὶ</span> <span class='ocrx_word' id='word_1_531' title='bbox 1535 3284 1567 3354; x_wconf 81' lang='grc' dir='ltr'>ἡ</span> <span class='ocrx_word' id='word_1_532' title='bbox 1626 3283 1863 3355; x_wconf 78' lang='grc' dir='ltr'>ἐμπορία</span> 
     </span>
    </p>
   </div>
   <div class='ocr_carea' id='block_1_67' title="bbox 277 3362 1858 3445">
    <p class='ocr_par' dir='ltr' id='par_1_67' title="bbox 277 3362 1858 3445">
     <span class='ocr_line' id='line_1_67' title="bbox 277 3362 1858 3445; baseline 0.01 -33"><span class='ocrx_word' id='word_1_533' title='bbox 277 3362 584 3431; x_wconf 74' lang='grc' dir='ltr'>Αἰθιόπων,</span> <span class='ocrx_word' id='word_1_534' title='bbox 615 3367 709 3418; x_wconf 75' lang='grc' dir='ltr'><strong>καί</strong></span> <span class='ocrx_word' id='word_1_535' title='bbox 734 3368 782 3419; x_wconf 84' lang='grc' dir='ltr'><strong>οἰ</strong></span> <span class='ocrx_word' id='word_1_536' title='bbox 817 3368 1093 3440; x_wconf 85' lang='grc' dir='ltr'>Σεϐωείμ·</span> <span class='ocrx_word' id='word_1_537' title='bbox 1125 3389 1143 3420; x_wconf 72' lang='grc' dir='ltr'><strong>ι</strong></span> <span class='ocrx_word' id='word_1_538' title='bbox 1176 3370 1244 3424; x_wconf 83' lang='grc' dir='ltr'><strong>δι’</strong></span> <span class='ocrx_word' id='word_1_539' title='bbox 1263 3364 1338 3426; x_wconf 81' lang='grc' dir='ltr'>ὧν</span> <span class='ocrx_word' id='word_1_540' title='bbox 1367 3371 1650 3445; x_wconf 80' lang='grc' dir='ltr'>βάρϐαρα,</span> <span class='ocrx_word' id='word_1_541' title='bbox 1685 3370 1858 3445; x_wconf 78' lang='grc' dir='ltr'>οἶμαι,</span> 
     </span>
    </p>
   </div>
   <div class='ocr_carea' id='block_1_68' title="bbox 277 3454 1857 3537">
    <p class='ocr_par' dir='ltr' id='par_1_68' title="bbox 277 3454 1857 3537">
     <span class='ocr_line' id='line_1_68' title="bbox 277 3454 1857 3537; baseline 0.007 -32"><span class='ocrx_word' id='word_1_542' title='bbox 277 3454 373 3505; x_wconf 76' lang='grc' dir='ltr'>καὶ</span> <span class='ocrx_word' id='word_1_543' title='bbox 409 3455 608 3525; x_wconf 73' lang='grc' dir='ltr'>ἄσημὰ</span> <span class='ocrx_word' id='word_1_544' title='bbox 641 3473 759 3510; x_wconf 88' lang='grc' dir='ltr'>τινα</span> <span class='ocrx_word' id='word_1_545' title='bbox 785 3457 908 3530; x_wconf 76' lang='grc' dir='ltr'>ἔθνη</span> <span class='ocrx_word' id='word_1_546' title='bbox 935 3458 1256 3531; x_wconf 87' lang='grc' dir='ltr'>δηλοῦσθαι,</span> <span class='ocrx_word' id='word_1_547' title='bbox 1284 3464 1377 3514; x_wconf 77' lang='grc' dir='ltr'>καὶ</span> <span class='ocrx_word' id='word_1_548' title='bbox 1416 3463 1593 3516; x_wconf 84' lang='grc' dir='ltr'>πάντα</span> <span class='ocrx_word' id='word_1_549' title='bbox 1623 3464 1723 3518; x_wconf 82' lang='grc' dir='ltr'>ὅσα</span> <span class='ocrx_word' id='word_1_550' title='bbox 1758 3464 1857 3537; x_wconf 79' lang='grc' dir='ltr'>ἤδη</span> 
     </span>
    </p>
   </div>
   <div class='ocr_carea' id='block_1_69' title="bbox 276 3544 1860 3623">
    <p class='ocr_par' dir='ltr' id='par_1_69' title="bbox 276 3544 1860 3623">
     <span class='ocr_line' id='line_1_69' title="bbox 276 3544 1860 3623; baseline 0.006 -26"><span class='ocrx_word' id='word_1_551' title='bbox 276 3544 455 3599; x_wconf 82' lang='grc' dir='ltr'>πάλαι</span> <span class='ocrx_word' id='word_1_552' title='bbox 502 3547 768 3619; x_wconf 87' lang='grc' dir='ltr'>πρότερον</span> <span class='ocrx_word' id='word_1_553' title='bbox 811 3551 877 3620; x_wconf 82' lang='grc' dir='ltr'>τῇ</span> <span class='ocrx_word' id='word_1_554' title='bbox 930 3550 1216 3622; x_wconf 82' lang='grc' dir='ltr'>δαιμονικῇ</span> <span class='ocrx_word' id='word_1_555' title='bbox 1257 3552 1562 3623; x_wconf 85' lang='grc' dir='ltr'>τετρύχωτο</span> <span class='ocrx_word' id='word_1_556' title='bbox 1608 3553 1860 3607; x_wconf 90' lang='grc' dir='ltr'>δεισιδαι-</span> 
     </span>
    </p>
   </div>
   <div class='ocr_carea' id='block_1_70' title="bbox 278 3637 1858 3712">
    <p class='ocr_par' dir='ltr' id='par_1_70' title="bbox 278 3637 1858 3712">
     <span class='ocr_line' id='line_1_70' title="bbox 278 3637 1858 3712; baseline 0.004 -21"><span class='ocrx_word' id='word_1_557' title='bbox 278 3637 468 3708; x_wconf 73' lang='grc' dir='ltr'>μονία.</span> <span class='ocrx_word' id='word_1_558' title='bbox 514 3639 733 3710; x_wconf 82' lang='grc' dir='ltr'>Ἐπειδὴ</span> <span class='ocrx_word' id='word_1_559' title='bbox 771 3640 878 3712; x_wconf 86' lang='grc' dir='ltr'>γὰρ</span> <span class='ocrx_word' id='word_1_560' title='bbox 918 3641 1202 3710; x_wconf 84' lang='grc' dir='ltr'>Αἰγύπτιοι</span> <span class='ocrx_word' id='word_1_561' title='bbox 1247 3643 1462 3698; x_wconf 82' lang='grc' dir='ltr'>ἐδόκουν</span> <span class='ocrx_word' id='word_1_562' title='bbox 1505 3645 1719 3710; x_wconf 77' lang='grc' dir='ltr'>πάντων</span> <span class='ocrx_word' id='word_1_563' title='bbox 1748 3645 1858 3698; x_wconf 87' lang='grc' dir='ltr'><strong>τῶν</strong></span> 
     </span>
    </p>
   </div>
   <div class='ocr_carea' id='block_1_71' title="bbox 276 3726 1855 3806">
    <p class='ocr_par' dir='ltr' id='par_1_71' title="bbox 276 3726 1855 3806">
     <span class='ocr_line' id='line_1_71' title="bbox 276 3726 1855 3806; baseline 0.006 -27"><span class='ocrx_word' id='word_1_564' title='bbox 276 3726 454 3782; x_wconf 83' lang='grc' dir='ltr'>ὲθνῶν</span> <span class='ocrx_word' id='word_1_565' title='bbox 483 3729 1026 3802; x_wconf 83' lang='grc' dir='ltr'>δεισιδαιμονέστατοι</span> <span class='ocrx_word' id='word_1_566' title='bbox 1059 3733 1344 3804; x_wconf 83' lang='grc' dir='ltr'>τυγχάνειν</span> <span class='ocrx_word' id='word_1_567' title='bbox 1363 3775 1378 3799; x_wconf 98' lang='grc'><strong>,</strong></span> <span class='ocrx_word' id='word_1_568' title='bbox 1409 3734 1613 3806; x_wconf 77' lang='grc' dir='ltr'>πρῶτοι</span> <span class='ocrx_word' id='word_1_569' title='bbox 1635 3753 1693 3788; x_wconf 88' lang='grc' dir='ltr'><strong>τε</strong></span> <span class='ocrx_word' id='word_1_570' title='bbox 1722 3753 1855 3790; x_wconf 84' lang='grc' dir='ltr'>κατ·-</span> 
     </span>
    </p>
   </div>
   <div class='ocr_carea' id='block_1_72' title="bbox 277 3815 1855 3898">
    <p class='ocr_par' dir='ltr' id='par_1_72' title="bbox 277 3815 1855 3898">
     <span class='ocr_line' id='line_1_72' title="bbox 277 3815 1855 3898; baseline 0.006 -27"><span class='ocrx_word' id='word_1_571' title='bbox 277 3815 448 3889; x_wconf 83' lang='grc' dir='ltr'>ἀρξαι</span> <span class='ocrx_word' id='word_1_572' title='bbox 503 3823 603 3891; x_wconf 83' lang='grc' dir='ltr'>τῆς</span> <span class='ocrx_word' id='word_1_573' title='bbox 646 3821 1033 3894; x_wconf 83' lang='grc' dir='ltr'>εἰδωλολάτρου</span> <span class='ocrx_word' id='word_1_574' title='bbox 1064 3824 1293 3898; x_wconf 84' lang='grc' dir='ltr'>πλάνης,</span> <span class='ocrx_word' id='word_1_575' title='bbox 1340 3827 1564 3890; x_wconf 80' lang='grc' dir='ltr'>εἰκότως</span> <span class='ocrx_word' id='word_1_576' title='bbox 1609 3826 1855 3896; x_wconf 83' lang='grc' dir='ltr'>πρώτους</span> 
     </span>
    </p>
   </div>
   <div class='ocr_carea' id='block_1_73' title="bbox 276 3907 1854 3990">
    <p class='ocr_par' dir='ltr' id='par_1_73' title="bbox 276 3907 1854 3990">
     <span class='ocr_line' id='line_1_73' title="bbox 276 3907 1854 3990; baseline 0.006 -27"><span class='ocrx_word' id='word_1_577' title='bbox 276 3912 482 3976; x_wconf 76' lang='grc' dir='ltr'>αὐτοὺς</span> <span class='ocrx_word' id='word_1_578' title='bbox 531 3907 745 3985; x_wconf 85' lang='grc' dir='ltr'>τίθησιν</span> <span class='ocrx_word' id='word_1_579' title='bbox 797 3915 1302 3987; x_wconf 82' lang='grc' dir='ltr'>ὑποταγησομένους</span> <span class='ocrx_word' id='word_1_580' title='bbox 1346 3917 1424 3988; x_wconf 80' lang='grc' dir='ltr'>τῷ</span> <span class='ocrx_word' id='word_1_581' title='bbox 1472 3919 1717 3990; x_wconf 80' lang='grc' dir='ltr'>Χριστῷ·</span> <span class='ocrx_word' id='word_1_582' title='bbox 1759 3921 1854 3973; x_wconf 83' lang='grc' dir='ltr'>καὶ</span> 
     </span>
    </p>
   </div>
   <div class='ocr_carea' id='block_1_74' title="bbox 273 4001 1851 4082">
    <p class='ocr_par' dir='ltr' id='par_1_74' title="bbox 273 4001 1851 4082">
     <span class='ocr_line' id='line_1_74' title="bbox 273 4001 1851 4082; baseline 0.006 -26"><span class='ocrx_word' id='word_1_583' title='bbox 273 4001 340 4056; x_wconf 84' lang='grc' dir='ltr'><strong>δι’</strong></span> <span class='ocrx_word' id='word_1_584' title='bbox 375 4002 564 4057; x_wconf 82' lang='grc' dir='ltr'>αὐτῶν</span> <span class='ocrx_word' id='word_1_585' title='bbox 613 4005 708 4058; x_wconf 79' lang='grc' dir='ltr'><strong>καὶ</strong></span> <span class='ocrx_word' id='word_1_586' title='bbox 759 4005 826 4060; x_wconf 78' lang='grc' dir='ltr'>τὰ</span> <span class='ocrx_word' id='word_1_587' title='bbox 881 4009 1007 4079; x_wconf 79' lang='grc' dir='ltr'>περὶ</span> <span class='ocrx_word' id='word_1_588' title='bbox 1057 4008 1164 4062; x_wconf 81' lang='grc' dir='ltr'>τῶν</span> <span class='ocrx_word' id='word_1_589' title='bbox 1207 4009 1408 4075; x_wconf 85' lang='grc' dir='ltr'>λοιπῶν</span> <span class='ocrx_word' id='word_1_590' title='bbox 1454 4009 1851 4082; x_wconf 84' lang='grc' dir='ltr'>εἰδωλολατρῶν</span> 
     </span>
    </p>
   </div>
   <div class='ocr_carea' id='block_1_75' title="bbox 275 4092 1848 4170">
    <p class='ocr_par' dir='ltr' id='par_1_75' title="bbox 275 4092 1848 4170">
     <span class='ocr_line' id='line_1_75' title="bbox 275 4092 1848 4170; baseline 0.005 -24"><span class='ocrx_word' id='word_1_591' title='bbox 275 4092 492 4164; x_wconf 81' lang='grc' dir='ltr'>φανερὰ</span> <span class='ocrx_word' id='word_1_592' title='bbox 525 4093 846 4149; x_wconf 79' lang='grc' dir='ltr'>καθιστᾶσα,</span> <span class='ocrx_word' id='word_1_593' title='bbox 877 4097 987 4150; x_wconf 75' lang='grc' dir='ltr'><strong>Καὶ</strong></span> <span class='ocrx_word' id='word_1_594' title='bbox 1016 4096 1190 4151; x_wconf 85' lang='grc' dir='ltr'>ταῦτα</span> <span class='ocrx_word' id='word_1_595' title='bbox 1237 4098 1588 4170; x_wconf 83' lang='grc' dir='ltr'>πεπλήρωται</span> <span class='ocrx_word' id='word_1_596' title='bbox 1632 4100 1725 4154; x_wconf 79' lang='grc' dir='ltr'><strong>ἐπὶ</strong></span> <span class='ocrx_word' id='word_1_597' title='bbox 1755 4102 1848 4155; x_wconf 87' lang='grc' dir='ltr'><strong>τοῦ</strong></span> 
     </span>
    </p>
   </div>
   <div class='ocr_carea' id='block_1_76' title="bbox 276 4182 1850 4265">
    <p class='ocr_par' dir='ltr' id='par_1_76' title="bbox 276 4182 1850 4265">
     <span class='ocr_line' id='line_1_76' title="bbox 276 4182 1850 4265; baseline 0.006 -30"><span class='ocrx_word' id='word_1_598' title='bbox 276 4182 534 4255; x_wconf 53' lang='grc' dir='ltr'>ἃπῆρος</span> <span class='ocrx_word' id='word_1_599' title='bbox 561 4185 656 4239; x_wconf 72' lang='grc' dir='ltr'>καὶ</span> <span class='ocrx_word' id='word_1_600' title='bbox 679 4186 883 4258; x_wconf 79' lang='grc' dir='ltr'>Κυρίου</span> <span class='ocrx_word' id='word_1_601' title='bbox 905 4189 1082 4258; x_wconf 83' lang='grc' dir='ltr'>ἡμῶν,</span> <span class='ocrx_word' id='word_1_602' title='bbox 1103 4188 1180 4265; x_wconf 74' lang='grc' dir='ltr'>τῷ</span> <span class='ocrx_word' id='word_1_603' title='bbox 1203 4191 1260 4243; x_wconf 81' lang='grc' dir='ltr'>ὲν</span> <span class='ocrx_word' id='word_1_604' title='bbox 1291 4191 1453 4244; x_wconf 79' lang='grc' dir='ltr'>πᾶσιν</span> <span class='ocrx_word' id='word_1_605' title='bbox 1476 4190 1651 4244; x_wconf 81' lang='grc' dir='ltr'>ἔθνεσι</span> <span class='ocrx_word' id='word_1_606' title='bbox 1685 4209 1850 4264; x_wconf 88' lang='grc' dir='ltr'>προσ-</span> 
     </span>
    </p>
   </div>
   <div class='ocr_carea' id='block_1_77' title="bbox 1962 3263 3531 3340">
    <p class='ocr_par' dir='ltr' id='par_1_77' title="bbox 1962 3263 3531 3340">
     <span class='ocr_line' id='line_1_77' title="bbox 1962 3263 3531 3340; baseline -0.005 -16"><span class='ocrx_word' id='word_1_607' title='bbox 1962 3278 2044 3325; x_wconf 89' lang='lat' dir='ltr'><strong>ter</strong></span> <span class='ocrx_word' id='word_1_608' title='bbox 2079 3271 2277 3340; x_wconf 92' lang='lat' dir='ltr'><strong>ipsum.</strong></span> <span class='ocrx_word' id='word_1_609' title='bbox 2317 3289 2336 3321; x_wconf 69' lang='grc' dir='ltr'><strong>ι</strong></span> <span class='ocrx_word' id='word_1_610' title='bbox 2370 3269 2534 3340; x_wconf 79' lang='lat'><strong>228</strong></span> <span class='ocrx_word' id='word_1_611' title='bbox 2561 3269 2667 3325; x_wconf 91' lang='lat' dir='ltr'><strong>Pro</strong></span> <span class='ocrx_word' id='word_1_612' title='bbox 2696 3286 2760 3325; x_wconf 92' lang='lat' dir='ltr'><strong>eo</strong></span> <span class='ocrx_word' id='word_1_613' title='bbox 2789 3283 2917 3324; x_wconf 88' lang='lat' dir='ltr'><strong>vero</strong></span> <span class='ocrx_word' id='word_1_614' title='bbox 2943 3267 3087 3338; x_wconf 91' lang='lat' dir='ltr'><strong>quod</strong></span> <span class='ocrx_word' id='word_1_615' title='bbox 3114 3274 3217 3327; x_wconf 86' lang='lat' dir='ltr'><strong>est,</strong></span> <span class='ocrx_word' id='word_1_616' title='bbox 3253 3283 3273 3316; x_wconf 79' lang='grc' dir='ltr'><strong>ι</strong></span> <span class='ocrx_word' id='word_1_617' title='bbox 3309 3263 3531 3317; x_wconf 85' lang='lat' dir='ltr'><strong>labora-</strong></span> 
     </span>
    </p>
   </div>
   <div class='ocr_carea' id='block_1_78' title="bbox 1961 3355 3528 3432">
    <p class='ocr_par' dir='ltr' id='par_1_78' title="bbox 1961 3355 3528 3432">
     <span class='ocr_line' id='line_1_78' title="bbox 1961 3355 3528 3432; baseline -0.003 -18"><span class='ocrx_word' id='word_1_618' title='bbox 1961 3361 2039 3415; x_wconf 91' lang='lat' dir='ltr'><strong>vit</strong></span> <span class='ocrx_word' id='word_1_619' title='bbox 2069 3359 2356 3432; x_wconf 61' lang='lat' dir='ltr'><strong>.Egyptus,</strong></span> <span class='ocrx_word' id='word_1_620' title='bbox 2399 3381 2417 3413; x_wconf 73' lang='grc' dir='ltr'><strong>ι</strong></span> <span class='ocrx_word' id='word_1_621' title='bbox 2457 3360 2778 3416; x_wconf 84' lang='lat' dir='ltr'><strong>Hebraicum</strong></span> <span class='ocrx_word' id='word_1_622' title='bbox 2814 3358 2998 3423; x_wconf 86' lang='lat' dir='ltr'><strong>habet,</strong></span> <span class='ocrx_word' id='word_1_623' title='bbox 3036 3367 3089 3412; x_wconf 90' lang='lat' dir='ltr'><strong>et</strong></span> <span class='ocrx_word' id='word_1_624' title='bbox 3117 3355 3313 3427; x_wconf 90' lang='lat' dir='ltr'><strong>reliqui</strong></span> <span class='ocrx_word' id='word_1_625' title='bbox 3334 3369 3528 3410; x_wconf 86' lang='lat' dir='ltr'><strong>omnes</strong></span> 
     </span>
    </p>
   </div>
   <div class='ocr_carea' id='block_1_79' title="bbox 1963 3445 3527 3523">
    <p class='ocr_par' dir='ltr' id='par_1_79' title="bbox 1963 3445 3527 3523">
     <span class='ocr_line' id='line_1_79' title="bbox 1963 3445 3527 3523; baseline -0.004 -17"><span class='ocrx_word' id='word_1_626' title='bbox 1963 3453 2286 3523; x_wconf 87' lang='lat' dir='ltr'><strong>interpretes</strong></span> <span class='ocrx_word' id='word_1_627' title='bbox 2314 3451 2703 3517; x_wconf 88' lang='lat' dir='ltr'><strong>reddiderunt,</strong></span> <span class='ocrx_word' id='word_1_628' title='bbox 2755 3469 2775 3502; x_wconf 78' lang='grc' dir='ltr'><strong>ι</strong></span> <span class='ocrx_word' id='word_1_629' title='bbox 2814 3450 2968 3504; x_wconf 83' lang='lat' dir='ltr'><strong>labor</strong></span> <span class='ocrx_word' id='word_1_630' title='bbox 2993 3448 3247 3520; x_wconf 63' lang='lat' dir='ltr'><strong>Egypti,</strong></span> <span class='ocrx_word' id='word_1_631' title='bbox 3302 3467 3321 3499; x_wconf 69' lang='grc' dir='ltr'><strong>ι</strong></span> <span class='ocrx_word' id='word_1_632' title='bbox 3375 3453 3433 3499; x_wconf 81' lang='grc' dir='ltr'><strong>ιιι</strong></span> <span class='ocrx_word' id='word_1_633' title='bbox 3473 3445 3527 3500; x_wconf 91' lang='lat' dir='ltr'><strong>id</strong></span> 
     </span>
    </p>
   </div>
   <div class='ocr_carea' id='block_1_80' title="bbox 1960 3541 3524 3617">
    <p class='ocr_par' dir='ltr' id='par_1_80' title="bbox 1960 3541 3524 3617">
     <span class='ocr_line' id='line_1_80' title="bbox 1960 3541 3524 3617; baseline -0.004 -19"><span class='ocrx_word' id='word_1_634' title='bbox 1960 3547 2105 3617; x_wconf 87' lang='lat' dir='ltr'><strong>quod</strong></span> <span class='ocrx_word' id='word_1_635' title='bbox 2134 3546 2333 3600; x_wconf 89' lang='lat' dir='ltr'><strong>dicitur</strong></span> <span class='ocrx_word' id='word_1_636' title='bbox 2363 3545 2468 3600; x_wconf 90' lang='lat' dir='ltr'><strong>tale</strong></span> <span class='ocrx_word' id='word_1_637' title='bbox 2496 3545 2566 3600; x_wconf 92' lang='lat' dir='ltr'><strong>sit</strong></span> <span class='ocrx_word' id='word_1_638' title='bbox 2594 3563 2608 3599; x_wconf 90' lang='lat'><strong>:</strong></span> <span class='ocrx_word' id='word_1_639' title='bbox 2647 3563 2664 3596; x_wconf 80' lang='grc' dir='ltr'><strong>ι</strong></span> <span class='ocrx_word' id='word_1_640' title='bbox 2705 3541 2781 3597; x_wconf 88' lang='lat' dir='ltr'><strong>Te</strong></span> <span class='ocrx_word' id='word_1_641' title='bbox 2807 3542 3129 3606; x_wconf 88' lang='lat' dir='ltr'><strong>adorabunt,</strong></span> <span class='ocrx_word' id='word_1_642' title='bbox 3167 3548 3222 3596; x_wconf 87' lang='lat' dir='ltr'><strong>et</strong></span> <span class='ocrx_word' id='word_1_643' title='bbox 3257 3541 3332 3593; x_wconf 90' lang='lat' dir='ltr'><strong>tui</strong></span> <span class='ocrx_word' id='word_1_644' title='bbox 3364 3546 3524 3595; x_wconf 83' lang='lat' dir='ltr'><strong>erunt</strong></span> 
     </span>
    </p>
   </div>
   <div class='ocr_carea' id='block_1_81' title="bbox 1959 3631 3524 3707">
    <p class='ocr_par' dir='ltr' id='par_1_81' title="bbox 1959 3631 3524 3707">
     <span class='ocr_line' id='line_1_81' title="bbox 1959 3631 3524 3707; baseline -0.008 -14"><span class='ocrx_word' id='word_1_645' title='bbox 1959 3638 2123 3703; x_wconf 85' lang='lat' dir='ltr'><strong>servi,</strong></span> <span class='ocrx_word' id='word_1_646' title='bbox 2152 3638 2308 3693; x_wconf 90' lang='lat' dir='ltr'><strong>labor</strong></span> <span class='ocrx_word' id='word_1_647' title='bbox 2339 3635 2553 3707; x_wconf 67' lang='lat' dir='ltr'><strong>Egypti</strong></span> <span class='ocrx_word' id='word_1_648' title='bbox 2578 3675 2594 3701; x_wconf 91' lang='lat'><strong>,</strong></span> <span class='ocrx_word' id='word_1_649' title='bbox 2640 3642 2695 3690; x_wconf 91' lang='lat' dir='ltr'><strong>et</strong></span> <span class='ocrx_word' id='word_1_650' title='bbox 2733 3633 3029 3706; x_wconf 81' lang='lat' dir='ltr'><strong>negotiatio</strong></span> <span class='ocrx_word' id='word_1_651' title='bbox 3069 3631 3384 3700; x_wconf 65' lang='lat' dir='ltr'><strong>Ethiopum</strong></span> <span class='ocrx_word' id='word_1_652' title='bbox 3407 3671 3419 3691; x_wconf 88' lang='lat'><strong>,</strong></span> <span class='ocrx_word' id='word_1_653' title='bbox 3469 3637 3524 3682; x_wconf 86' lang='lat' dir='ltr'><strong>et</strong></span> 
     </span>
    </p>
   </div>
   <div class='ocr_carea' id='block_1_82' title="bbox 1959 3717 3521 3800">
    <p class='ocr_par' dir='ltr' id='par_1_82' title="bbox 1959 3717 3521 3800">
     <span class='ocr_line' id='line_1_82' title="bbox 1959 3717 3521 3800; baseline -0.006 -16"><span class='ocrx_word' id='word_1_654' title='bbox 1959 3730 2177 3785; x_wconf 87' lang='lat' dir='ltr'><strong>Seboim</strong></span> <span class='ocrx_word' id='word_1_655' title='bbox 2207 3749 2220 3785; x_wconf 89' lang='lat'>:</span> <span class='ocrx_word' id='word_1_656' title='bbox 2260 3749 2279 3782; x_wconf 74' lang='grc' dir='ltr'><strong>ι</strong></span> <span class='ocrx_word' id='word_1_657' title='bbox 2318 3717 2517 3800; x_wconf 88' lang='lat' dir='ltr'><strong>quibus</strong></span> <span class='ocrx_word' id='word_1_658' title='bbox 2549 3728 2728 3782; x_wconf 90' lang='lat' dir='ltr'><strong>verbis</strong></span> <span class='ocrx_word' id='word_1_659' title='bbox 2759 3727 3020 3781; x_wconf 89' lang='lat' dir='ltr'><strong>barbaras</strong></span> <span class='ocrx_word' id='word_1_660' title='bbox 3070 3739 3170 3796; x_wconf 90' lang='lat' dir='ltr'><strong>ego</strong></span> <span class='ocrx_word' id='word_1_661' title='bbox 3201 3723 3434 3778; x_wconf 76' lang='lat' dir='ltr'><strong>arbitror</strong></span> <span class='ocrx_word' id='word_1_662' title='bbox 3467 3730 3521 3776; x_wconf 90' lang='lat' dir='ltr'><strong>et</strong></span> 
     </span>
    </p>
   </div>
   <div class='ocr_carea' id='block_1_83' title="bbox 1956 3817 3521 3893">
    <p class='ocr_par' dir='ltr' id='par_1_83' title="bbox 1956 3817 3521 3893">
     <span class='ocr_line' id='line_1_83' title="bbox 1956 3817 3521 3893; baseline -0.004 -17"><span class='ocrx_word' id='word_1_663' title='bbox 1956 3822 2170 3893; x_wconf 85' lang='lat' dir='ltr'><strong>ignotas</strong></span> <span class='ocrx_word' id='word_1_664' title='bbox 2233 3821 2496 3892; x_wconf 84' lang='lat' dir='ltr'><strong>quasdam</strong></span> <span class='ocrx_word' id='word_1_665' title='bbox 2568 3821 2818 3875; x_wconf 89' lang='lat' dir='ltr'><strong>nationes</strong></span> <span class='ocrx_word' id='word_1_666' title='bbox 2865 3817 3196 3890; x_wconf 79' lang='lat' dir='ltr'><strong>signiﬁcari,</strong></span> <span class='ocrx_word' id='word_1_667' title='bbox 3242 3825 3295 3872; x_wconf 91' lang='lat' dir='ltr'><strong>et</strong></span> <span class='ocrx_word' id='word_1_668' title='bbox 3333 3831 3521 3870; x_wconf 80' lang='lat' dir='ltr'><strong>omnes</strong></span> 
     </span>
    </p>
   </div>
   <div class='ocr_carea' id='block_1_84' title="bbox 1955 3908 3518 3986">
    <p class='ocr_par' dir='ltr' id='par_1_84' title="bbox 1955 3908 3518 3986">
     <span class='ocr_line' id='line_1_84' title="bbox 1955 3908 3518 3986; baseline -0.005 -16"><span class='ocrx_word' id='word_1_669' title='bbox 1955 3929 2310 3986; x_wconf 69' lang='lat' dir='ltr'><strong>quaecumque</strong></span> <span class='ocrx_word' id='word_1_670' title='bbox 2333 3921 2490 3968; x_wconf 87' lang='lat' dir='ltr'><strong>antea</strong></span> <span class='ocrx_word' id='word_1_671' title='bbox 2515 3912 2785 3984; x_wconf 87' lang='lat' dir='ltr'><strong>quondam</strong></span> <span class='ocrx_word' id='word_1_672' title='bbox 2815 3911 3108 3966; x_wconf 65' lang='lat' dir='ltr'><strong>daemonica</strong></span> <span class='ocrx_word' id='word_1_673' title='bbox 3132 3908 3518 3980; x_wconf 87' lang='lat' dir='ltr'><strong>superstitione</strong></span> 
     </span>
    </p>
   </div>
   <div class='ocr_carea' id='block_1_85' title="bbox 1954 3987 3518 4075">
    <p class='ocr_par' dir='ltr' id='par_1_85' title="bbox 1954 3987 3518 4075">
     <span class='ocr_line' id='line_1_85' title="bbox 1954 3987 3518 4075; baseline -0.008 -12"><span class='ocrx_word' id='word_1_674' title='bbox 1954 4007 2312 4064; x_wconf 80' lang='lat' dir='ltr'><strong>vexabantur.</strong></span> <span class='ocrx_word' id='word_1_675' title='bbox 2342 4003 2477 4058; x_wconf 82' lang='lat' dir='ltr'><strong>Nam</strong></span> <span class='ocrx_word' id='word_1_676' title='bbox 2506 4011 2790 4075; x_wconf 86' lang='lat' dir='ltr'><strong>propterea</strong></span> <span class='ocrx_word' id='word_1_677' title='bbox 2813 4001 2958 4073; x_wconf 91' lang='lat' dir='ltr'><strong>quod</strong></span> <span class='ocrx_word' id='word_1_678' title='bbox 2991 3987 3230 4072; x_wconf 66' lang='lat' dir='ltr'><strong>[Egyptii</strong></span> <span class='ocrx_word' id='word_1_679' title='bbox 3261 3999 3361 4053; x_wconf 87' lang='lat' dir='ltr'><strong>visi</strong></span> <span class='ocrx_word' id='word_1_680' title='bbox 3387 4005 3518 4053; x_wconf 90' lang='lat' dir='ltr'><strong>sunt</strong></span> 
     </span>
    </p>
   </div>
   <div class='ocr_carea' id='block_1_86' title="bbox 1953 4091 3514 4170">
    <p class='ocr_par' dir='ltr' id='par_1_86' title="bbox 1953 4091 3514 4170">
     <span class='ocr_line' id='line_1_86' title="bbox 1953 4091 3514 4170; baseline -0.006 -17"><span class='ocrx_word' id='word_1_681' title='bbox 1953 4098 2192 4154; x_wconf 91' lang='lat' dir='ltr'><strong>omnium</strong></span> <span class='ocrx_word' id='word_1_682' title='bbox 2222 4097 2508 4151; x_wconf 89' lang='lat' dir='ltr'><strong>nationum</strong></span> <span class='ocrx_word' id='word_1_683' title='bbox 2549 4093 3075 4164; x_wconf 88' lang='lat' dir='ltr'><strong>superstitiosissimi</strong></span> <span class='ocrx_word' id='word_1_684' title='bbox 3123 4107 3284 4157; x_wconf 68' lang='lat' dir='ltr'><strong>esse,</strong></span> <span class='ocrx_word' id='word_1_685' title='bbox 3320 4091 3514 4170; x_wconf 84' lang='lat' dir='ltr'><strong>primi-</strong></span> 
     </span>
    </p>
   </div>
   <div class='ocr_carea' id='block_1_87' title="bbox 1951 4188 3516 4268">
    <p class='ocr_par' dir='ltr' id='par_1_87' title="bbox 1951 4188 3516 4268">
     <span class='ocr_line' id='line_1_87' title="bbox 1951 4188 3516 4268; baseline -0.007 -22"><span class='ocrx_word' id='word_1_686' title='bbox 1951 4207 2056 4268; x_wconf 86' lang='lat' dir='ltr'><strong>que</strong></span> <span class='ocrx_word' id='word_1_687' title='bbox 2079 4191 2276 4255; x_wconf 89' lang='lat' dir='ltr'><strong>errori,</strong></span> <span class='ocrx_word' id='word_1_688' title='bbox 2303 4204 2409 4259; x_wconf 93' lang='lat' dir='ltr'><strong>quo</strong></span> <span class='ocrx_word' id='word_1_689' title='bbox 2446 4189 2739 4244; x_wconf 87' lang='lat' dir='ltr'><strong>simulacra</strong></span> <span class='ocrx_word' id='word_1_690' title='bbox 2762 4188 3103 4250; x_wconf 89' lang='lat' dir='ltr'><strong>colerentur,</strong></span> <span class='ocrx_word' id='word_1_691' title='bbox 3151 4191 3335 4254; x_wconf 88' lang='lat' dir='ltr'><strong>portas</strong></span> <span class='ocrx_word' id='word_1_692' title='bbox 3389 4197 3516 4252; x_wconf 89' lang='lat' dir='ltr'><strong>ape-</strong></span> 
     </span>
    </p>
   </div>
   <div class='ocr_carea' id='block_1_88' title="bbox 275 4273 1867 4352">
    <p class='ocr_par' dir='ltr' id='par_1_88' title="bbox 275 4274 1848 4352">
     <span class='ocr_line' id='line_1_88' title="bbox 275 4274 1848 4352; baseline 0.006 -26"><span class='ocrx_word' id='word_1_693' title='bbox 275 4274 560 4328; x_wconf 84' lang='grc' dir='ltr'>κυνεῖσθαι</span> <span class='ocrx_word' id='word_1_694' title='bbox 591 4278 685 4329; x_wconf 81' lang='grc' dir='ltr'><strong>καί</strong></span> <span class='ocrx_word' id='word_1_695' title='bbox 720 4277 988 4332; x_wconf 86' lang='grc' dir='ltr'>δουλεύειν</span> <span class='ocrx_word' id='word_1_696' title='bbox 1017 4277 1165 4350; x_wconf 83' lang='grc' dir='ltr'>αὒτῷ</span> <span class='ocrx_word' id='word_1_697' title='bbox 1203 4280 1370 4350; x_wconf 86' lang='grc' dir='ltr'>μυρία</span> <span class='ocrx_word' id='word_1_698' title='bbox 1396 4280 1572 4352; x_wconf 84' lang='grc' dir='ltr'>πλήθη</span> <span class='ocrx_word' id='word_1_699' title='bbox 1599 4281 1707 4336; x_wconf 85' lang='grc' dir='ltr'><strong>τῶν</strong></span> <span class='ocrx_word' id='word_1_700' title='bbox 1745 4282 1848 4335; x_wconf 83' lang='grc' dir='ltr'><strong>ἀνὰ</strong></span> 
     </span>
    </p>
   </div>
   <div class='ocr_carea' id='block_1_89' title="bbox 1971 4273 3514 4352">
    <p class='ocr_par' dir='ltr' id='par_1_89' title="bbox 1971 4273 3514 4350">
     <span class='ocr_line' id='line_1_89' title="bbox 1971 4273 3514 4350; baseline -0.008 -12"><span class='ocrx_word' id='word_1_701' title='bbox 1971 4283 2166 4339; x_wconf 76' lang='lat' dir='ltr'><strong>&#39;uisse:</strong></span> <span class='ocrx_word' id='word_1_702' title='bbox 2202 4283 2398 4336; x_wconf 88' lang='lat' dir='ltr'><strong>merito</strong></span> <span class='ocrx_word' id='word_1_703' title='bbox 2443 4296 2538 4337; x_wconf 90' lang='lat' dir='ltr'><strong>eos</strong></span> <span class='ocrx_word' id='word_1_704' title='bbox 2579 4282 2785 4350; x_wconf 90' lang='lat' dir='ltr'><strong>primos</strong></span> <span class='ocrx_word' id='word_1_705' title='bbox 2817 4279 3086 4339; x_wconf 89' lang='lat' dir='ltr'><strong>collocat,</strong></span> <span class='ocrx_word' id='word_1_706' title='bbox 3139 4275 3231 4346; x_wconf 92' lang='lat' dir='ltr'><strong>qui</strong></span> <span class='ocrx_word' id='word_1_707' title='bbox 3293 4273 3514 4328; x_wconf 86' lang='lat' dir='ltr'><strong>Christo</strong></span> 
     </span>
    </p>
   </div>
   <div class='ocr_carea' id='block_1_90' title="bbox 273 4362 1844 4443">
    <p class='ocr_par' dir='ltr' id='par_1_90' title="bbox 273 4362 1844 4443">
     <span class='ocr_line' id='line_1_90' title="bbox 273 4362 1844 4443; baseline 0.005 -25"><span class='ocrx_word' id='word_1_708' title='bbox 273 4363 372 4435; x_wconf 82' lang='grc' dir='ltr'>τὴν</span> <span class='ocrx_word' id='word_1_709' title='bbox 406 4367 733 4439; x_wconf 71' lang='grc' dir='ltr'>οἰκουμένην</span> <span class='ocrx_word' id='word_1_710' title='bbox 783 4367 975 4423; x_wconf 77' lang='grc' dir='ltr'>ἐθνῶν.</span> <span class='ocrx_word' id='word_1_711' title='bbox 1028 4362 1288 4433; x_wconf 73' lang='grc' dir='ltr'>Αἰθίοπας</span> <span class='ocrx_word' id='word_1_712' title='bbox 1336 4369 1391 4422; x_wconf 82' lang='grc' dir='ltr'>δὲ</span> <span class='ocrx_word' id='word_1_713' title='bbox 1431 4372 1525 4424; x_wconf 75' lang='grc' dir='ltr'>καὶ</span> <span class='ocrx_word' id='word_1_714' title='bbox 1569 4372 1844 4443; x_wconf 77' lang='grc' dir='ltr'>Σεϐωείμ,</span> 
     </span>
    </p>
   </div>
   <div class='ocr_carea' id='block_1_91' title="bbox 1951 4365 3512 4443">
    <p class='ocr_par' dir='ltr' id='par_1_91' title="bbox 1951 4365 3512 4443">
     <span class='ocr_line' id='line_1_91' title="bbox 1951 4365 3512 4443; baseline -0.007 -13"><span class='ocrx_word' id='word_1_715' title='bbox 1951 4377 2059 4431; x_wconf 89' lang='lat' dir='ltr'><strong>sint</strong></span> <span class='ocrx_word' id='word_1_716' title='bbox 2093 4373 2418 4443; x_wconf 87' lang='lat' dir='ltr'><strong>subjiciendi</strong></span> <span class='ocrx_word' id='word_1_717' title='bbox 2446 4392 2458 4427; x_wconf 90' lang='lat'>:</span> <span class='ocrx_word' id='word_1_718' title='bbox 2504 4372 2698 4428; x_wconf 89' lang='lat' dir='ltr'><strong>deinde</strong></span> <span class='ocrx_word' id='word_1_719' title='bbox 2729 4387 2825 4442; x_wconf 91' lang='lat' dir='ltr'><strong>per</strong></span> <span class='ocrx_word' id='word_1_720' title='bbox 2856 4386 2950 4426; x_wconf 88' lang='lat' dir='ltr'><strong>eos</strong></span> <span class='ocrx_word' id='word_1_721' title='bbox 2975 4408 2990 4433; x_wconf 95' lang='lat'><strong>,</strong></span> <span class='ocrx_word' id='word_1_722' title='bbox 3025 4383 3145 4440; x_wconf 76' lang='lat' dir='ltr'><strong>quae</strong></span> <span class='ocrx_word' id='word_1_723' title='bbox 3170 4366 3236 4420; x_wconf 88' lang='lat' dir='ltr'><strong>ad</strong></span> <span class='ocrx_word' id='word_1_724' title='bbox 3271 4365 3512 4434; x_wconf 87' lang='lat' dir='ltr'><strong>reliquos</strong></span> 
     </span>
    </p>
   </div>
   <div class='ocr_carea' id='block_1_92' title="bbox 273 4457 1867 4542">
    <p class='ocr_par' dir='ltr' id='par_1_92' title="bbox 273 4457 1846 4534">
     <span class='ocr_line' id='line_1_92' title="bbox 273 4457 1846 4534; baseline 0.005 -25"><span class='ocrx_word' id='word_1_725' title='bbox 273 4457 402 4520; x_wconf 61' lang='grc' dir='ltr'>τοὺς</span> <span class='ocrx_word' id='word_1_726' title='bbox 441 4457 678 4511; x_wconf 77' lang='grc' dir='ltr'>ἐνταῦθα</span> <span class='ocrx_word' id='word_1_727' title='bbox 707 4461 1099 4532; x_wconf 80' lang='grc' dir='ltr'>προσκυνήσειν</span> <span class='ocrx_word' id='word_1_728' title='bbox 1128 4461 1205 4532; x_wconf 80' lang='grc' dir='ltr'>τῷ</span> <span class='ocrx_word' id='word_1_729' title='bbox 1257 4461 1476 4534; x_wconf 86' lang='grc' dir='ltr'>Χριστῷ</span> <span class='ocrx_word' id='word_1_730' title='bbox 1512 4480 1846 4534; x_wconf 76' lang='grc' dir='ltr'>προφητευό-</span> 
     </span>
    </p>
   </div>
   <div class='ocr_carea' id='block_1_93' title="bbox 1971 4457 3512 4542">
    <p class='ocr_par' dir='ltr' id='par_1_93' title="bbox 1971 4457 3512 4533">
     <span class='ocr_line' id='line_1_93' title="bbox 1971 4457 3512 4533; baseline -0.007 -14"><span class='ocrx_word' id='word_1_731' title='bbox 1971 4467 2369 4520; x_wconf 67' lang='grc' dir='ltr'>ιὶιηυιεοῐοτιιω</span> <span class='ocrx_word' id='word_1_732' title='bbox 2402 4465 2638 4519; x_wconf 90' lang='lat' dir='ltr'><strong>cultores</strong></span> <span class='ocrx_word' id='word_1_733' title='bbox 2671 4463 2974 4533; x_wconf 88' lang='lat' dir='ltr'><strong>pertinent,</strong></span> <span class='ocrx_word' id='word_1_734' title='bbox 3017 4467 3077 4514; x_wconf 88' lang='lat' dir='ltr'><strong>ut</strong></span> <span class='ocrx_word' id='word_1_735' title='bbox 3133 4466 3315 4527; x_wconf 88' lang='lat' dir='ltr'><strong>aperta</strong></span> <span class='ocrx_word' id='word_1_736' title='bbox 3362 4457 3471 4511; x_wconf 91' lang='lat' dir='ltr'><strong>sint</strong></span> <span class='ocrx_word' id='word_1_737' title='bbox 3495 4495 3512 4519; x_wconf 90' lang='lat'><strong>,</strong></span> 
     </span>
    </p>
   </div>
   <div class='ocr_carea' id='block_1_94' title="bbox 277 4546 1851 4625">
    <p class='ocr_par' dir='ltr' id='par_1_94' title="bbox 277 4546 1851 4625">
     <span class='ocr_line' id='line_1_94' title="bbox 277 4546 1851 4625; baseline 0.006 -26"><span class='ocrx_word' id='word_1_738' title='bbox 277 4546 494 4618; x_wconf 77' lang='grc' dir='ltr'>μένους,</span> <span class='ocrx_word' id='word_1_739' title='bbox 526 4548 620 4602; x_wconf 76' lang='grc' dir='ltr'>καὶ</span> <span class='ocrx_word' id='word_1_740' title='bbox 661 4548 748 4602; x_wconf 78' lang='grc' dir='ltr'><strong>διὰ</strong></span> <span class='ocrx_word' id='word_1_741' title='bbox 774 4549 865 4602; x_wconf 89' lang='grc' dir='ltr'><strong>τοῦ</strong></span> <span class='ocrx_word' id='word_1_742' title='bbox 906 4556 982 4603; x_wconf 81' lang='grc' dir='ltr'>οα¹</span> <span class='ocrx_word' id='word_1_743' title='bbox 1017 4549 1231 4621; x_wconf 76' lang='grc' dir='ltr'>ψαλμοῦ</span> <span class='ocrx_word' id='word_1_744' title='bbox 1262 4551 1499 4623; x_wconf 80' lang='grc' dir='ltr'>ἡγοῦμαι</span> <span class='ocrx_word' id='word_1_745' title='bbox 1537 4553 1851 4625; x_wconf 77' lang='grc' dir='ltr'>δηλοῦσθαι,</span> 
     </span>
    </p>
   </div>
   <div class='ocr_carea' id='block_1_95' title="bbox 270 4633 1849 4716">
    <p class='ocr_par' dir='ltr' id='par_1_95' title="bbox 270 4633 1849 4716">
     <span class='ocr_line' id='line_1_95' title="bbox 270 4633 1849 4716; baseline 0.004 -23"><span class='ocrx_word' id='word_1_746' title='bbox 270 4639 335 4693; x_wconf 82' lang='grc' dir='ltr'>δι’</span> <span class='ocrx_word' id='word_1_747' title='bbox 358 4633 435 4694; x_wconf 81' lang='grc' dir='ltr'>ὧν</span> <span class='ocrx_word' id='word_1_748' title='bbox 477 4641 718 4714; x_wconf 80' lang='grc' dir='ltr'>εἴρηται·</span> <span class='ocrx_word' id='word_1_749' title='bbox 751 4661 770 4693; x_wconf 76' lang='grc' dir='ltr'><strong>ι</strong></span> <span class='ocrx_word' id='word_1_750' title='bbox 811 4641 1067 4698; x_wconf 87' lang='grc' dir='ltr'>Ἐνὼπιον</span> <span class='ocrx_word' id='word_1_751' title='bbox 1098 4643 1262 4696; x_wconf 81' lang='grc' dir='ltr'>αὐτοῦ</span> <span class='ocrx_word' id='word_1_752' title='bbox 1300 4643 1725 4716; x_wconf 83' lang='grc' dir='ltr'>προσπεσοῦνται</span> <span class='ocrx_word' id='word_1_753' title='bbox 1756 4649 1849 4699; x_wconf 88' lang='grc' dir='ltr'><strong>Αἰ-</strong></span> 
     </span>
    </p>
   </div>
   <div class='ocr_carea' id='block_1_96' title="bbox 272 4729 1842 4808">
    <p class='ocr_par' dir='ltr' id='par_1_96' title="bbox 272 4729 1842 4808">
     <span class='ocr_line' id='line_1_96' title="bbox 272 4729 1842 4808; baseline 0.005 -25"><span class='ocrx_word' id='word_1_754' title='bbox 272 4729 480 4798; x_wconf 82' lang='grc' dir='ltr'>θίοπες,</span> <span class='ocrx_word' id='word_1_755' title='bbox 523 4733 619 4787; x_wconf 70' lang='grc' dir='ltr'><strong>καί¹</strong></span> <span class='ocrx_word' id='word_1_756' title='bbox 644 4733 880 4804; x_wconf 85' lang='grc' dir='ltr'>βασιλεῖς</span> <span class='ocrx_word' id='word_1_757' title='bbox 917 4734 1182 4806; x_wconf 87' lang='grc' dir='ltr'>Ἀράϐων,</span> <span class='ocrx_word' id='word_1_758' title='bbox 1213 4735 1307 4788; x_wconf 74' lang='grc' dir='ltr'>καὶ</span> <span class='ocrx_word' id='word_1_759' title='bbox 1330 4736 1476 4789; x_wconf 85' lang='grc' dir='ltr'>Σαϐὰ</span> <span class='ocrx_word' id='word_1_760' title='bbox 1504 4737 1650 4808; x_wconf 85' lang='grc' dir='ltr'>δῶρα</span> <span class='ocrx_word' id='word_1_761' title='bbox 1677 4755 1842 4808; x_wconf 85' lang='grc' dir='ltr'>προσ-</span> 
     </span>
    </p>
   </div>
   <div class='ocr_carea' id='block_1_97' title="bbox 273 4823 1841 4901">
    <p class='ocr_par' dir='ltr' id='par_1_97' title="bbox 273 4823 1841 4901">
     <span class='ocr_line' id='line_1_97' title="bbox 273 4823 1841 4901; baseline 0.004 -23"><span class='ocrx_word' id='word_1_762' title='bbox 273 4823 490 4890; x_wconf 79' lang='grc' dir='ltr'>ἀξουσι·</span> <span class='ocrx_word' id='word_1_763' title='bbox 528 4827 624 4879; x_wconf 68' lang='grc' dir='ltr'>καὶ</span> <span class='ocrx_word' id='word_1_764' title='bbox 676 4828 1137 4899; x_wconf 82' lang='grc' dir='ltr'>προσκυνήσουσιν</span> <span class='ocrx_word' id='word_1_765' title='bbox 1171 4827 1338 4898; x_wconf 79' lang='grc' dir='ltr'>αὐτῷ.</span> <span class='ocrx_word' id='word_1_766' title='bbox 1381 4847 1400 4882; x_wconf 73' lang='grc' dir='ltr'><strong>ι</strong></span> <span class='ocrx_word' id='word_1_767' title='bbox 1439 4828 1602 4900; x_wconf 83' lang='grc' dir='ltr'>Δῆλον</span> <span class='ocrx_word' id='word_1_768' title='bbox 1645 4831 1707 4882; x_wconf 78' lang='grc' dir='ltr'>ἐκ</span> <span class='ocrx_word' id='word_1_769' title='bbox 1743 4833 1841 4901; x_wconf 81' lang='grc' dir='ltr'>τῆς</span> 
     </span>
    </p>
   </div>
   <div class='ocr_carea' id='block_1_98' title="bbox 271 4918 1843 4995">
    <p class='ocr_par' dir='ltr' id='par_1_98' title="bbox 271 4918 1843 4995">
     <span class='ocr_line' id='line_1_98' title="bbox 271 4918 1843 4995; baseline 0.004 -24"><span class='ocrx_word' id='word_1_770' title='bbox 271 4918 661 4991; x_wconf 82' lang='grc' dir='ltr'>συμφράσεως,</span> <span class='ocrx_word' id='word_1_771' title='bbox 685 4920 766 4973; x_wconf 82' lang='grc' dir='ltr'>ὅτι</span> <span class='ocrx_word' id='word_1_772' title='bbox 797 4919 879 4990; x_wconf 80' lang='grc' dir='ltr'>τῷ</span> <span class='ocrx_word' id='word_1_773' title='bbox 905 4921 962 4975; x_wconf 84' lang='grc' dir='ltr'>ὲν</span> <span class='ocrx_word' id='word_1_774' title='bbox 985 4921 1209 4986; x_wconf 75' lang='grc' dir='ltr'>ἐκείνοις</span> <span class='ocrx_word' id='word_1_775' title='bbox 1231 4924 1688 4995; x_wconf 82' lang='grc' dir='ltr'>προφητευομένῳ</span> <span class='ocrx_word' id='word_1_776' title='bbox 1708 4924 1843 4995; x_wconf 89' lang='grc' dir='ltr'>Χρι-</span> 
     </span>
    </p>
   </div>
   <div class='ocr_carea' id='block_1_99' title="bbox 274 5001 1688 5083">
    <p class='ocr_par' dir='ltr' id='par_1_99' title="bbox 274 5001 1688 5083">
     <span class='ocr_line' id='line_1_99' title="bbox 274 5001 1688 5083; baseline 0.009 -22"><span class='ocrx_word' id='word_1_777' title='bbox 274 5008 382 5080; x_wconf 85' lang='grc' dir='ltr'>στῷ</span> <span class='ocrx_word' id='word_1_778' title='bbox 415 5012 904 5083; x_wconf 85' lang='grc' dir='ltr'>προσκυνήσουσιν.</span> <span class='ocrx_word' id='word_1_779' title='bbox 1681 5001 1688 5009; x_wconf 18' lang='grc' dir='ltr'><strong>Χ</strong></span> 
     </span>
    </p>
   </div>
   <div class='ocr_carea' id='block_1_100' title="bbox 1952 4550 3512 4627">
    <p class='ocr_par' dir='ltr' id='par_1_100' title="bbox 1952 4550 3512 4627">
     <span class='ocr_line' id='line_1_100' title="bbox 1952 4550 3512 4627; baseline -0.008 -13"><span class='ocrx_word' id='word_1_780' title='bbox 1952 4557 2133 4614; x_wconf 77' lang='lat' dir='ltr'><strong>efﬁcit.</strong></span> <span class='ocrx_word' id='word_1_781' title='bbox 2166 4559 2233 4612; x_wconf 86' lang='lat' dir='ltr'><strong>Et</strong></span> <span class='ocrx_word' id='word_1_782' title='bbox 2263 4558 2377 4612; x_wconf 69' lang='lat' dir='ltr'><strong>hazc</strong></span> <span class='ocrx_word' id='word_1_783' title='bbox 2406 4557 2623 4627; x_wconf 90' lang='lat' dir='ltr'><strong>quidem</strong></span> <span class='ocrx_word' id='word_1_784' title='bbox 2655 4556 2709 4609; x_wconf 93' lang='lat' dir='ltr'><strong>in</strong></span> <span class='ocrx_word' id='word_1_785' title='bbox 2748 4555 3026 4609; x_wconf 80' lang='lat' dir='ltr'><strong>Salvatore</strong></span> <span class='ocrx_word' id='word_1_786' title='bbox 3059 4567 3121 4606; x_wconf 91' lang='lat' dir='ltr'><strong>ac</strong></span> <span class='ocrx_word' id='word_1_787' title='bbox 3153 4550 3382 4603; x_wconf 91' lang='lat' dir='ltr'><strong>Domino</strong></span> <span class='ocrx_word' id='word_1_788' title='bbox 3410 4562 3512 4602; x_wconf 90' lang='lat' dir='ltr'><strong>no-</strong></span> 
     </span>
    </p>
   </div>
   <div class='ocr_carea' id='block_1_101' title="bbox 1953 4638 3510 4720">
    <p class='ocr_par' dir='ltr' id='par_1_101' title="bbox 1953 4638 3510 4720">
     <span class='ocr_line' id='line_1_101' title="bbox 1953 4638 3510 4720; baseline -0.009 -15"><span class='ocrx_word' id='word_1_789' title='bbox 1953 4659 2068 4706; x_wconf 90' lang='lat' dir='ltr'><strong>stro</strong></span> <span class='ocrx_word' id='word_1_790' title='bbox 2090 4657 2461 4720; x_wconf 84' lang='lat' dir='ltr'><strong>exspectatum</strong></span> <span class='ocrx_word' id='word_1_791' title='bbox 2484 4649 2689 4702; x_wconf 78' lang='lat' dir='ltr'><strong>exitum</strong></span> <span class='ocrx_word' id='word_1_792' title='bbox 2724 4655 2881 4701; x_wconf 88' lang='lat' dir='ltr'><strong>nacta</strong></span> <span class='ocrx_word' id='word_1_793' title='bbox 2915 4652 3061 4700; x_wconf 90' lang='lat' dir='ltr'><strong>sunt.</strong></span> <span class='ocrx_word' id='word_1_794' title='bbox 3095 4641 3216 4698; x_wconf 81' lang='lat' dir='ltr'><strong>Jam</strong></span> <span class='ocrx_word' id='word_1_795' title='bbox 3249 4639 3393 4694; x_wconf 89' lang='lat' dir='ltr'><strong>enim</strong></span> <span class='ocrx_word' id='word_1_796' title='bbox 3423 4638 3510 4692; x_wconf 90' lang='lat' dir='ltr'><strong>in-</strong></span> 
     </span>
    </p>
   </div>
   <div class='ocr_carea' id='block_1_102' title="bbox 1952 4734 3512 4808">
    <p class='ocr_par' dir='ltr' id='par_1_102' title="bbox 1952 4734 3512 4808">
     <span class='ocr_line' id='line_1_102' title="bbox 1952 4734 3512 4808; baseline -0.006 -15"><span class='ocrx_word' id='word_1_797' title='bbox 1952 4739 2336 4803; x_wconf 89' lang='lat' dir='ltr'><strong>numerabiles,</strong></span> <span class='ocrx_word' id='word_1_798' title='bbox 2369 4753 2467 4808; x_wconf 87' lang='lat' dir='ltr'><strong>per</strong></span> <span class='ocrx_word' id='word_1_799' title='bbox 2496 4737 2697 4801; x_wconf 20' lang='lat' dir='ltr'><strong>orbem,</strong></span> <span class='ocrx_word' id='word_1_800' title='bbox 2723 4743 3016 4799; x_wconf 85' lang='lat' dir='ltr'><strong>terrarum,</strong></span> <span class='ocrx_word' id='word_1_801' title='bbox 3054 4734 3336 4787; x_wconf 88' lang='lat' dir='ltr'><strong>nationum</strong></span> <span class='ocrx_word' id='word_1_802' title='bbox 3378 4744 3512 4784; x_wconf 80' lang='lat' dir='ltr'><strong>con-</strong></span> 
     </span>
    </p>
   </div>
   <div class='ocr_carea' id='block_1_103' title="bbox 1947 4824 3511 4908">
    <p class='ocr_par' dir='ltr' id='par_1_103' title="bbox 1947 4824 3511 4908">
     <span class='ocr_line' id='line_1_103' title="bbox 1947 4824 3511 4908; baseline -0.01 -18"><span class='ocrx_word' id='word_1_803' title='bbox 1947 4845 2172 4900; x_wconf 90' lang='lat' dir='ltr'><strong>ventus,</strong></span> <span class='ocrx_word' id='word_1_804' title='bbox 2209 4836 2263 4889; x_wconf 93' lang='lat' dir='ltr'><strong>in</strong></span> <span class='ocrx_word' id='word_1_805' title='bbox 2294 4835 2547 4889; x_wconf 88' lang='lat' dir='ltr'><strong>omnibus</strong></span> <span class='ocrx_word' id='word_1_806' title='bbox 2578 4832 2830 4908; x_wconf 78' lang='lat' dir='ltr'><strong>gentibus</strong></span> <span class='ocrx_word' id='word_1_807' title='bbox 2862 4832 3012 4885; x_wconf 91' lang='lat' dir='ltr'><strong>illum</strong></span> <span class='ocrx_word' id='word_1_808' title='bbox 3055 4828 3282 4883; x_wconf 86' lang='lat' dir='ltr'><strong>adorant</strong></span> <span class='ocrx_word' id='word_1_809' title='bbox 3325 4824 3511 4892; x_wconf 89' lang='lat' dir='ltr'><strong>illique</strong></span> 
     </span>
    </p>
   </div>
   <div class='ocr_carea' id='block_1_104' title="bbox 1947 4915 3509 4995">
    <p class='ocr_par' dir='ltr' id='par_1_104' title="bbox 1947 4915 3509 4995">
     <span class='ocr_line' id='line_1_104' title="bbox 1947 4915 3509 4995; baseline -0.006 -15"><span class='ocrx_word' id='word_1_810' title='bbox 1947 4926 2208 4981; x_wconf 87' lang='lat' dir='ltr'><strong>serviunt.</strong></span> <span class='ocrx_word' id='word_1_811' title='bbox 2241 4924 2527 4995; x_wconf 64' lang='lat' dir='ltr'><strong>Aﬁthiopas</strong></span> <span class='ocrx_word' id='word_1_812' title='bbox 2579 4939 2707 4978; x_wconf 88' lang='lat' dir='ltr'><strong>vero</strong></span> <span class='ocrx_word' id='word_1_813' title='bbox 2749 4937 2814 4977; x_wconf 91' lang='lat' dir='ltr'><strong>ac</strong></span> <span class='ocrx_word' id='word_1_814' title='bbox 2853 4921 3070 4977; x_wconf 90' lang='lat' dir='ltr'><strong>Seboim</strong></span> <span class='ocrx_word' id='word_1_815' title='bbox 3101 4935 3195 4975; x_wconf 90' lang='lat' dir='ltr'><strong>eos</strong></span> <span class='ocrx_word' id='word_1_816' title='bbox 3220 4959 3234 4983; x_wconf 91' lang='lat'><strong>,</strong></span> <span class='ocrx_word' id='word_1_817' title='bbox 3285 4917 3377 4987; x_wconf 90' lang='lat' dir='ltr'><strong>qui</strong></span> <span class='ocrx_word' id='word_1_818' title='bbox 3418 4915 3509 4970; x_wconf 90' lang='lat' dir='ltr'><strong>hic</strong></span> 
     </span>
    </p>
   </div>
   <div class='ocr_carea' id='block_1_105' title="bbox 1947 5005 3506 5081">
    <p class='ocr_par' dir='ltr' id='par_1_105' title="bbox 1947 5005 3506 5081">
     <span class='ocr_line' id='line_1_105' title="bbox 1947 5005 3506 5081; baseline -0.008 -11"><span class='ocrx_word' id='word_1_819' title='bbox 1947 5016 2224 5072; x_wconf 91' lang='lat' dir='ltr'><strong>adoraturi</strong></span> <span class='ocrx_word' id='word_1_820' title='bbox 2254 5015 2533 5071; x_wconf 87' lang='lat' dir='ltr'><strong>Christum</strong></span> <span class='ocrx_word' id='word_1_821' title='bbox 2567 5020 2837 5070; x_wconf 90' lang='lat' dir='ltr'><strong>canuntur</strong></span> <span class='ocrx_word' id='word_1_822' title='bbox 2857 5053 2872 5078; x_wconf 88' lang='lat'><strong>,</strong></span> <span class='ocrx_word' id='word_1_823' title='bbox 2909 5025 3276 5081; x_wconf 72' lang='lat' dir='ltr'><strong>Lxmquoque</strong></span> <span class='ocrx_word' id='word_1_824' title='bbox 3297 5005 3506 5077; x_wconf 88' lang='lat' dir='ltr'><strong>psalmo</strong></span> 
     </span>
    </p>
   </div>
   <div class='ocr_carea' id='block_1_106' title="bbox 270 5099 3507 5182">
    <p class='ocr_par' dir='ltr' id='par_1_106' title="bbox 270 5099 3507 5182">
     <span class='ocr_line' id='line_1_106' title="bbox 270 5099 3507 5182; baseline -0.001 -29"><span class='ocrx_word' id='word_1_825' title='bbox 270 5100 567 5171; x_wconf 75' lang='lat' dir='ltr'><strong>signiﬁcari</strong></span> <span class='ocrx_word' id='word_1_826' title='bbox 612 5111 765 5174; x_wconf 93' lang='lat' dir='ltr'><strong>puto,</strong></span> <span class='ocrx_word' id='word_1_827' title='bbox 808 5106 898 5161; x_wconf 91' lang='lat' dir='ltr'><strong>ubi</strong></span> <span class='ocrx_word' id='word_1_828' title='bbox 941 5107 1146 5164; x_wconf 92' lang='lat' dir='ltr'><strong>dictum</strong></span> <span class='ocrx_word' id='word_1_829' title='bbox 1177 5117 1263 5165; x_wconf 92' lang='lat' dir='ltr'><strong>est</strong></span> <span class='ocrx_word' id='word_1_830' title='bbox 1297 5126 1312 5164; x_wconf 91' lang='lat'><strong>:</strong></span> <span class='ocrx_word' id='word_1_831' title='bbox 1359 5127 1378 5162; x_wconf 83' lang='grc' dir='ltr'><strong>ι</strong></span> <span class='ocrx_word' id='word_1_832' title='bbox 1416 5108 1611 5164; x_wconf 89' lang='lat' dir='ltr'><strong>Coram</strong></span> <span class='ocrx_word' id='word_1_833' title='bbox 1660 5108 1752 5164; x_wconf 92' lang='lat' dir='ltr'><strong>illo</strong></span> <span class='ocrx_word' id='word_1_834' title='bbox 1799 5111 2082 5181; x_wconf 89' lang='lat' dir='ltr'><strong>procident</strong></span> <span class='ocrx_word' id='word_1_835' title='bbox 2118 5111 2430 5182; x_wconf 67' lang='lat' dir='ltr'><strong>)Ethiopes,</strong></span> <span class='ocrx_word' id='word_1_836' title='bbox 2483 5116 2725 5181; x_wconf 18' lang='lat' dir='ltr'><strong>etvreges</strong></span> <span class='ocrx_word' id='word_1_837' title='bbox 2768 5108 3039 5172; x_wconf 85' lang='lat' dir='ltr'><strong>Arabum,</strong></span> <span class='ocrx_word' id='word_1_838' title='bbox 3079 5113 3133 5160; x_wconf 91' lang='lat' dir='ltr'><strong>et</strong></span> <span class='ocrx_word' id='word_1_839' title='bbox 3171 5103 3312 5158; x_wconf 87' lang='lat' dir='ltr'><strong>Saba</strong></span> <span class='ocrx_word' id='word_1_840' title='bbox 3363 5099 3507 5154; x_wconf 89' lang='lat' dir='ltr'><strong>dona</strong></span> 
     </span>
    </p>
   </div>
   <div class='ocr_carea' id='block_1_107' title="bbox 270 5190 3506 5276">
    <p class='ocr_par' dir='ltr' id='par_1_107' title="bbox 270 5190 3506 5276">
     <span class='ocr_line' id='line_1_107' title="bbox 270 5190 3506 5276; baseline 0.002 -32"><span class='ocrx_word' id='word_1_841' title='bbox 270 5190 586 5250; x_wconf 86' lang='lat' dir='ltr'><strong>adducent:</strong></span> <span class='ocrx_word' id='word_1_842' title='bbox 621 5205 676 5250; x_wconf 91' lang='lat' dir='ltr'><strong>et</strong></span> <span class='ocrx_word' id='word_1_843' title='bbox 703 5197 1007 5266; x_wconf 76' lang='lat' dir='ltr'><strong>adorabunt</strong></span> <span class='ocrx_word' id='word_1_844' title='bbox 1034 5217 1158 5256; x_wconf 89' lang='lat' dir='ltr'><strong>eum</strong></span> <span class='ocrx_word' id='word_1_845' title='bbox 1190 5201 1255 5255; x_wconf 85' lang='grc'><strong>³⁸.</strong></span> <span class='ocrx_word' id='word_1_846' title='bbox 1293 5220 1314 5253; x_wconf 75' lang='grc' dir='ltr'><strong>ι</strong></span> <span class='ocrx_word' id='word_1_847' title='bbox 1346 5201 1572 5258; x_wconf 87' lang='lat' dir='ltr'><strong>Constat</strong></span> <span class='ocrx_word' id='word_1_848' title='bbox 1594 5216 1722 5260; x_wconf 83' lang='lat' dir='ltr'><strong>vero</strong></span> <span class='ocrx_word' id='word_1_849' title='bbox 1761 5217 1832 5258; x_wconf 79' lang='lat' dir='ltr'><strong>ex</strong></span> <span class='ocrx_word' id='word_1_850' title='bbox 1879 5203 1999 5276; x_wconf 92' lang='lat' dir='ltr'><strong>ipso</strong></span> <span class='ocrx_word' id='word_1_851' title='bbox 2040 5212 2318 5272; x_wconf 79' lang='lat' dir='ltr'><strong>contextu,</strong></span> <span class='ocrx_word' id='word_1_852' title='bbox 2349 5203 2625 5260; x_wconf 88' lang='lat' dir='ltr'><strong>Christum</strong></span> <span class='ocrx_word' id='word_1_853' title='bbox 2667 5217 2790 5260; x_wconf 88' lang='lat' dir='ltr'><strong>esse</strong></span> <span class='ocrx_word' id='word_1_854' title='bbox 2836 5200 3156 5258; x_wconf 87' lang='lat' dir='ltr'><strong>adoraturos</strong></span> <span class='ocrx_word' id='word_1_855' title='bbox 3200 5210 3324 5252; x_wconf 89' lang='lat' dir='ltr'><strong>eum</strong></span> <span class='ocrx_word' id='word_1_856' title='bbox 3347 5233 3362 5259; x_wconf 92' lang='lat'><strong>,</strong></span> <span class='ocrx_word' id='word_1_857' title='bbox 3410 5190 3506 5262; x_wconf 77' lang='lat' dir='ltr'><strong>qui</strong></span> 
     </span>
    </p>
   </div>
   <div class='ocr_carea' id='block_1_108' title="bbox 267 5281 1757 5366">
    <p class='ocr_par' dir='ltr' id='par_1_108' title="bbox 267 5281 1757 5366">
     <span class='ocr_line' id='line_1_108' title="bbox 267 5281 1757 5366; baseline 0.006 -27"><span class='ocrx_word' id='word_1_858' title='bbox 267 5281 321 5352; x_wconf 85' lang='lat' dir='ltr'><strong>in</strong></span> <span class='ocrx_word' id='word_1_859' title='bbox 352 5285 461 5342; x_wconf 89' lang='lat' dir='ltr'><strong>illis</strong></span> <span class='ocrx_word' id='word_1_860' title='bbox 501 5303 744 5364; x_wconf 84' lang='lat' dir='ltr'><strong>quoque,</strong></span> <span class='ocrx_word' id='word_1_861' title='bbox 781 5299 839 5347; x_wconf 86' lang='lat' dir='ltr'><strong>ut</strong></span> <span class='ocrx_word' id='word_1_862' title='bbox 868 5301 1131 5348; x_wconf 89' lang='lat' dir='ltr'><strong>venturus</strong></span> <span class='ocrx_word' id='word_1_863' title='bbox 1162 5293 1376 5350; x_wconf 90' lang='lat' dir='ltr'><strong>canitur</strong></span> <span class='ocrx_word' id='word_1_864' title='bbox 1403 5309 1437 5350; x_wconf 89' lang='lat' dir='ltr'><strong>a</strong></span> <span class='ocrx_word' id='word_1_865' title='bbox 1460 5292 1757 5366; x_wconf 85' lang='lat' dir='ltr'><strong>prophetis.</strong></span> 
     </span>
    </p>
   </div>
   <div class='ocr_carea' id='block_1_109' title="bbox 215 5572 826 5641">
    <p class='ocr_par' dir='ltr' id='par_1_109' title="bbox 215 5572 826 5641">
     <span class='ocr_line' id='line_1_109' title="bbox 215 5572 826 5641; baseline 0 -13"><span class='ocrx_word' id='word_1_866' title='bbox 215 5582 219 5587; x_wconf 90' lang='lat'>&#39;</span> <span class='ocrx_word' id='word_1_867' title='bbox 328 5572 371 5605; x_wconf 82' lang='grc'><strong><em>³⁸</em></strong></span> <span class='ocrx_word' id='word_1_868' title='bbox 402 5573 551 5632; x_wconf 79' lang='lat' dir='ltr'><strong>Psal.</strong></span> <span class='ocrx_word' id='word_1_869' title='bbox 583 5591 742 5641; x_wconf 64' lang='lat' dir='ltr'><strong>cui,</strong></span> <span class='ocrx_word' id='word_1_870' title='bbox 763 5575 826 5629; x_wconf 76' lang='lat' dir='ltr'><strong>l0</strong></span> 
     </span>
    </p>
   </div>
  </div>
