3902 6264
229 329 338 391 377

1172 334 1822 395 DEMONSTRATIONIS
1859 336 2313 398 EVANGELICE
2354 341 2482 399 LIB.
2524 341 2588 397 ν.
3379 345 3482 401 378

235 452 577 521 ποιητικοὺς
605 453 796 523 λόγους
826 444 875 507 δ’
898 456 1287 528 παντοκράτωρ
1313 458 1373 509 ὲν
1409 455 1557 527 αὐτῷ
1595 454 1826 512 κατασι-

1930 455 2171 514 Verbum
2199 442 2295 514 Del
2322 461 2645 529 appellatur,
2678 463 2872 517 merito
2904 459 3037 517 illud
3069 462 3309 533 quidem,
3359 479 3481 533 pro-

233 541 456 614 ϐληται,
501 541 662 615 λόγῳ
700 544 798 597 καὶ
829 542 978 610 τάξει
1010 544 1076 598 τὰ
1115 544 1403 617 σύμπαντα
1433 545 1637 601 διέπειν
1679 544 1828 617 αὑτῷ

233 634 328 686 καὶ
356 634 744 707 διακυϐερνᾷν
783 637 1070 707 παραδούς.
1113 637 1205 709 Μὴ
1236 638 1344 708 γὰρ
1383 634 1476 692 οὗν
1520 655 1602 704 τις
1630 638 1827 694 ὑπολά-

233 724 318 778 ϐοι
347 725 437 796 τῷ
467 728 642 799 παρά
670 728 974 801 ἀνθρώποις
1014 731 1077 783 ὲκ
1108 730 1386 785 συλλαϐῶν
1421 731 1733 797 συνεστῶτι,
1763 731 1828 786 ἐκ

233 832 291 868 τε
330 816 645 887 ὀνομάτων
674 820 768 873 καὶ
794 821 1050 891 ῥημάτων
1074 822 1432 893 συγκειμένῳ,
1456 822 1702 895 ἐνάρθρῳ
1735 823 1828 876 καὶ

234 911 585 983 προφορικῷ
612 911 754 984 λόγῳ
773 913 864 966 τὸν
903 913 994 966 τοῦ
1020 913 1154 966 Θεοῦ
1186 914 1481 985 παρόμοιον
1505 914 1788 985 τυγχάνειν
1808 931 1823 945 ο

233 1000 314 1052 ὅτι
339 1000 410 1072 δὴ
454 1003 489 1054 6
535 1006 667 1075 παρ’
706 1008 839 1076 ἡμῖν
870 1006 1024 1074 λόγος
1051 1008 1108 1059 ὲν
1148 1009 1351 1076 φωναῖς
1389 1007 1483 1061 καὶ
1518 1004 1826 1072 συλλαδαῖς,

233 1093 329 1146 καὶ
356 1096 486 1157 τοῖς
516 1096 612 1149 διὰ
642 1097 844 1151 τούτων
871 1100 1282 1171 σημαινομένοις
1316 1099 1572 1170 κέκτηται
1612 1100 1709 1169 τὴν
1740 1101 1829 1152 ού-

235 1184 382 1246 σξαν,
427 1185 534 1241 διὰ
570 1187 812 1260 γλώττης
841 1191 935 1243 καὶ
982 1191 1273 1262 ἀρτηριῶν,
1318 1190 1599 1265 φάρυγγός
1634 1207 1692 1244 τε
1734 1190 1829 1244 καὶ

238 1276 530 1347 πόματος
568 1281 973 1353 προφερόμενος
1000 1300 1013 1314 ·
1051 1286 1079 1337 6
1119 1284 1176 1337 δὲ
1217 1287 1317 1355 τῆς
1350 1285 1522 1338 ἀϊδίου
1553 1285 1646 1339 καὶ
1679 1285 1826 1339 ἀσω-

239 1367 423 1439 μάτου
468 1369 715 1440 φύσεως,
758 1374 932 1446 πάντη
974 1375 1111 1428 κατά
1156 1376 1329 1430 πάντα
1367 1374 1460 1430 τοῦ
1512 1377 1633 1431 καθ’
1681 1379 1828 1449 ἡμᾶς

235 1463 737 1535 παρηλλαγμένος,
770 1467 920 1520 οὐδὲν
945 1466 1275 1537 ἀνθρώπειον
1302 1469 1544 1538 ἐπάγοντ’
1572 1469 1657 1534 ἂν,
1692 1470 1828 1543 μόνῃ

233 1555 599 1627 κεχρημένος
624 1561 691 1629 τῇ
714 1559 811 1630 τῆς
838 1562 1187 1631 προσρήσεως
1207 1562 1491 1632 ὁμωνυμίᾳ
1509 1578 1521 1591 ·
1547 1563 1667 1615 ἐπεὶ
1691 1562 1841 1633 μήτε,

234 1644 432 1715 φωνὴν
487 1644 592 1718 τὴν
631 1646 699 1700 δι’
735 1648 893 1719 ἀέρος
930 1648 1203 1720 κρούσεως
1250 1650 1635 1721 ύφισταμένην,
1692 1651 1826 1721 μήτε

238 1738 500 1807 ῥήματα,
525 1740 668 1812 μήτε
697 1741 984 1807 συλλαϐὰς,
1014 1744 1146 1814 μήτε
1176 1742 1438 1812 γλῶτταν,
1469 1745 1604 1815 μήτε
1634 1746 1823 1816 στόμα,

239 1831 383 1900 μήτε
431 1832 582 1897 ὅλως
619 1850 674 1886 τι
709 1834 817 1888 τῶν
854 1835 1202 1907 ἀνθρωπείων
1244 1839 1337 1890 καὶ
1368 1836 1576 1909 θνητῶν
1608 1839 1699 1892 ἐπὶ
1732 1839 1826 1893 τοῦ

236 1922 349 1975 τῶν
393 1923 551 1977 ὅλων
591 1925 729 1979 Θεοῦ
778 1926 1175 2000 παραληπτέον.
1211 1929 1400 1998 Ψυχῆς
1440 1929 1547 2002 γὰρ
1587 1929 1651 1984 ἂν
1686 1931 1771 2001 εἴη
1798 1934 1827 1984 ὁ

236 2013 399 2082 λόγος
434 2011 619 2081 οὗτος,
646 2019 676 2071 ὁ
698 2018 945 2089 οὐδαμῶς
971 2014 1079 2083 οἷός
1116 2037 1173 2072 τε
1205 2020 1324 2074 καθ’
1356 2022 1542 2075 ἑαυτὸν
1569 2023 1689 2092 δίχα
1720 2023 1824 2093 ψυ-

236 2110 342 2177 χῆς
369 2103 546 2174 εἶναι,
576 2109 609 2180 ἢ
649 2111 962 2180 ὑποστῆναι.
997 2112 1209 2165 Τοιόσδε
1239 2112 1346 2185 γάρ
1367 2116 1395 2166 6
1423 2114 1479 2165 ἐν
1522 2115 1825 2185 ἀνθρώποις

238 2198 427 2266 λόγος,
471 2200 611 2265 ίδὶως
645 2202 742 2271 μὲν
783 2202 1030 2266 ἀνούσιος
1054 2203 1129 2257 ῶν
1158 2204 1250 2258 καὶ
1289 2184 1676 2271 ἀνυπόστατος,
1706 2206 1823 2261 ὅλον

238 2289 296 2342 δὲ
322 2291 473 2343 αὐτὸ
499 2292 713 2361 κίνησίς
756 2309 812 2345 τε
853 2293 945 2351 καὶ
978 2293 1225 2364 ἐνέργεια
1253 2294 1488 2359 διανοίας
1521 2298 1819 2366 τυγχάνων.

253 2380 426 2434 Ἀλλὰ
459 2381 570 2454 γὰρ
600 2384 660 2436 ού
695 2385 789 2437 καὶ
815 2385 842 2437 6
872 2384 963 2438 τοῦ
991 2384 1125 2438 Θεοῦ
1151 2384 1408 2450 τοιοῦτος,
1438 2387 1574 2456 ἔχων
1620 2388 1675 2441 δὲ
1701 2388 1821 2443 καθ’

245 2472 448 2525 ἑαυτὸν
492 2474 700 2529 οίκείαν
748 2476 1040 2529 ὑπόστασιν
1100 2478 1239 2531 πάνυ
1285 2477 1432 2532 θείαν
1479 2480 1572 2533 καὶ
1614 2480 1822 2552 νοεράν,

250 2561 401 2627 ἰδίως
441 2564 542 2634 μὲν
570 2566 909 2634 ὑφεστῶσαν,
941 2568 1084 2631 ἰδίως
1109 2567 1154 2621 δ’
1181 2565 1246 2623 αὖ
1288 2570 1447 2625 πάλιν
1477 2572 1823 2642 ἐνεργοῦσαν,

248 2654 419 2710 άῦλόν
449 2675 511 2710 τε
544 2653 710 2712 οὖσαν
751 2660 845 2712 καὶ
888 2659 1202 2731 ἀσώματον,
1240 2663 1334 2716 καὶ
1377 2662 1517 2716 κατά
1556 2665 1733 2718 πάντα
1759 2670 1822 2738 τῇ

248 2746 345 2800 τοῦ
395 2748 616 2818 πρώτου
669 2750 762 2804 καὶ
808 2752 1101 2823 ἀγεννήτου
1152 2754 1243 2808 καὶ
1299 2755 1456 2824 μόνου
1497 2756 1629 2809 Θεοῦ
1671 2757 1828 2827 φύσει

251 2842 755 2914 παρωμοιωμένην,
802 2846 926 2909 τοὺς
967 2845 1075 2899 τῶν
1121 2848 1392 2920 γεννητῶν
1440 2850 1690 2904 ἁπάντων
1737 2852 1826 2904 λό-

255 2950 419 3001 γους,
465 2936 561 2988 καὶ
604 2934 701 3000 τάς
726 2936 833 2989 τῶν
860 2938 1150 3010 ὁρωμένων
1180 2941 1500 3011 ἀσωμάτους
1525 2960 1583 2996 τε
1612 2946 1706 2997 καὶ
1739 2947 1829 2999 ἀο-

257 3025 456 3096 ράτσυς
489 3026 632 3089 ἰδέας
662 3027 720 3079 ὲν
744 3028 878 3098 αὐτῇ
906 3029 1189 3101 φέρουσαν.
1210 3031 1299 3084 Διὸ
1319 3032 1411 3085 καὶ
1429 3034 1616 3103 σοφίαν
1638 3036 1827 3108 αὐτὴν,

258 3118 353 3173 καὶ
389 3114 528 3170 Θεὸν
565 3117 734 3184 Λόγον
776 3119 828 3172 οἰ
871 3118 1001 3172 θεῖοι
1033 3122 1269 3192 χρησμοὶ
1314 3125 1826 3195 προσαγορεύουσιν.

1925 557 2108 623 pterea
2136 552 2282 622 quod
2316 552 2561 608 omnium
2588 568 2771 609 rerum
2820 556 3144 612 artificiosas
3173 564 3335 624 atque
3375 556 3487 611 eiii-

1925 658 2085 700 caces
2115 645 2380 710 rationes,
2411 645 2753 715 omnipotens
2806 647 2862 701 in
2908 647 3086 718 ipsum
3135 648 3433 717 coniecerit
3468 664 3482 702 :

1926 738 2089 810 23o
2147 739 2348 811 quippe
2385 739 2480 810 qui
2517 739 2731 794 ratione
2775 748 2938 811 atque
2990 741 3181 797 ordine
3230 741 3485 796 universa

1926 830 2026 894 illi,
2055 838 2109 885 et
2137 829 2505 900 dispensanda
2531 838 2585 884 et
2615 831 2964 901 gubernanda
2983 833 3289 888 tradiderit.
3314 832 3487 888 Nemo

1925 921 2093 993 igitur
2125 928 2275 993 putet
2307 922 2577 984 humanm,
2626 935 2747 991 quae
2777 936 2839 974 ex
2877 922 3099 993 syllabis
3147 931 3382 987 constat,
3433 930 3490 977 et

1926 1031 1993 1070 ex
2028 1015 2342 1071 nominibus
2368 1024 2421 1070 et
2436 1015 2620 1070 verbis
2643 1017 3011 1085 componitur,
3045 1017 3365 1080 articulatze,
3404 1024 3489 1070 ιιι-
3588 1010 3594 1015 ’

1926 1121 2033 1178 que
2063 1107 2383 1163 enuntiabili
2416 1107 2672 1171 orationi,
2710 1105 2807 1161 Dei
2844 1107 3071 1161 verbum
3104 1106 3280 1162 simile
3313 1123 3435 1162 esse
3470 1125 3484 1162 :

1927 1200 2184 1270 quoniam
2218 1208 2404 1256 nostra
2438 1199 2553 1254 haec
2581 1198 2759 1253 oratio
2805 1199 2862 1253 in
2907 1198 3133 1254 vocibus
3161 1206 3215 1253 et
3243 1199 3488 1270 syllabis,

1927 1300 1981 1346 et
2015 1292 2082 1346 iis
2102 1307 2222 1362 quae
2252 1307 2347 1362 per
2379 1292 2493 1346 haec
2521 1291 2921 1362 signiﬁcantur,
2952 1288 3209 1361 quicquid
3234 1291 3351 1359 ipsa
3383 1299 3486 1350 est,

1928 1383 2136 1439 obtinet
2165 1403 2179 1438 :
2210 1392 2420 1453 utpote,
2474 1399 2596 1455 quae
2637 1398 2734 1453 per
2764 1382 3025 1451 linguam,
3071 1388 3124 1436 et
3153 1381 3404 1446 arterias,
3436 1389 3492 1436 et

1929 1474 2134 1542 fauces,
2174 1486 2227 1531 et
2267 1491 2351 1539 os,
2394 1476 2709 1546 proferatur
2746 1493 2758 1529 :
2792 1476 3140 1545 sempiternae
3166 1490 3297 1529 vero
3328 1481 3493 1544 atque

1928 1570 2262 1639 incorporeae
2288 1577 2495 1622 natura:
2522 1566 2761 1622 Verbum
2790 1568 2940 1621 omni
2986 1567 3210 1620 omnino
3253 1566 3487 1628 ratione,

1927 1677 2048 1731 quae
2079 1676 2108 1715 a
2142 1661 2302 1716 nobis
2334 1660 2568 1731 proferri
2605 1660 2782 1716 solent
2819 1660 2982 1714 verba
3017 1666 3490 1729 prmtergressum,

1926 1755 2062 1808 nihil
2093 1754 2343 1808 humanae
2363 1753 2593 1808 rationis
2618 1767 2727 1823 prae
2754 1767 2813 1807 se
2846 1750 3005 1819 ferat,
3036 1751 3131 1806 sed
3162 1752 3334 1805 solam
3367 1764 3493 1803 cum

1931 1847 2172 1901 humano
2218 1844 2388 1901 verbo
2440 1859 2788 1899 communem
2841 1843 3258 1911 appellationem
3309 1841 3491 1911 possi-

1930 1935 2054 1990 deat
2096 1955 2108 1990 :
2142 1937 2358 2006 quando
2386 1950 2564 2005 neque
2592 1948 2805 1998 vocem,
2857 1948 2979 2003 quae
3017 1947 3082 1987 ex
3135 1931 3277 1986 aeris
3330 1931 3490 2000 pulsu

1931 2033 2167 2089 constet,
2196 2042 2373 2097 neque
2399 2025 2668 2081 dictiones
2701 2026 2861 2090 ullas,
2893 2038 3068 2093 neque
3106 2022 3364 2093 syllabas,
3397 2037 3495 2076 ne-

1929 2132 2036 2187 que
2068 2117 2331 2187 linguam,
2369 2132 2547 2186 neque
2578 2131 2663 2180 os,
2710 2130 2887 2184 neque
2936 2105 3160 2168 omnino
3214 2112 3496 2183 quidpiam

1930 2206 2153 2261 humani
2204 2206 2318 2260 sive
2359 2206 2628 2271 mortalis,
2669 2204 2727 2259 iii
2776 2203 2886 2259 Deo
2930 2203 3175 2258 universi
3225 2202 3494 2270 accipere,

1929 2298 2044 2352 sive
2073 2298 2395 2367 intelligere,
2425 2296 2508 2350 fas
2536 2303 2642 2352 est.
2673 2295 2734 2350 Id
2762 2295 2908 2350 enim
2937 2296 3161 2350 verbum
3195 2297 3389 2347 animze
3410 2308 3497 2348 es—

1929 2395 2033 2454 set,
2066 2387 2209 2458 quod
2254 2387 2405 2441 nullo
2434 2385 2595 2440 modo
2626 2401 2724 2456 per
2767 2384 3007 2454 seipsum
3038 2384 3107 2438 ab
3137 2383 3315 2436 anima
3345 2397 3499 2436 seor-

1930 2492 2050 2533 sum
2081 2483 2266 2547 posset
2293 2489 2435 2538 esse,
2479 2483 2573 2528 aut
2602 2476 2924 2529 consistere.
2958 2472 3088 2527 Tale
3128 2472 3273 2527 enim
3306 2472 3499 2525 huniao

1928 2586 2059 2624 num
2115 2576 2199 2624 est
2242 2568 2489 2631 verbum,
2534 2566 2682 2637 quod
2732 2566 2982 2637 privatim
3016 2565 3234 2635 quidem
3264 2565 3494 2630 nullam,

1929 2678 2105 2733 neque
2148 2661 2465 2721 essentiam,
2522 2673 2697 2727 neque
2743 2657 3102 2712 substantiam
3155 2655 3337 2717 habet,
3400 2653 3495 2710 sed

1931 2763 2102 2809 totum
2137 2754 2308 2807 libera
2343 2750 2589 2822 quadam
2622 2748 2792 2802 motio
2825 2756 2929 2811 est,
2981 2757 3035 2803 et
3086 2747 3368 2819 efficientia
3398 2763 3495 2801 co-

1928 2847 2232 2920 gitationis.
2291 2844 2581 2906 Cmteriim,
2616 2842 2795 2911 ipsum
2828 2840 2922 2895 Dei
2952 2839 3190 2894 Verbum
3222 2854 3331 2893 non
3365 2839 3494 2904 tale,

1931 2940 2028 2995 sed
2060 2954 2157 3009 per
2189 2938 2430 3007 seipsum
2464 2936 2673 2990 habens
2698 2935 2974 3006 propriam
2999 2932 3383 2994 substantiam,
3404 2947 3499 2985 us-

1929 3046 2253 3104 quequaque
2285 3031 2524 3084 divinam
2560 3034 2722 3097 atque
2759 3026 3168 3095 intelligentein,
3217 3039 3337 3094 quae
3385 3024 3497 3094 pri-

1927 3128 2094 3180 vatim
2136 3123 2353 3192 quidem
2399 3119 2683 3185 subsistit,
2730 3117 3089 3188 privatimque
3134 3114 3276 3169 idem
3313 3113 3496 3178 ellicit,

258 3209 529 3281 quidquid
563 3210 744 3275 ellicit,
774 3226 963 3267 verum
991 3215 1232 3269 materia:
1263 3218 1441 3272 omnis
1468 3228 1553 3275 est
1597 3238 1814 3292 expers,
1852 3232 1905 3279 et
1933 3224 2280 3291 incorporea,
2311 3224 2364 3270 et
2403 3214 2552 3269 omni
2610 3213 2822 3267 ratione
2851 3210 3013 3282 primi
3050 3218 3105 3265 et
3135 3209 3381 3280 ingeniti,
3436 3213 3491 3263 et

261 3303 433 3359 solius
466 3303 563 3360 Dei
611 3311 817 3359 natura:
849 3304 1170 3372 assimilata,
1211 3324 1398 3364 earum
1452 3313 1697 3369 omnium
1764 3332 1949 3371 rerum
2009 3330 2131 3385 qua:
2171 3311 2328 3366 facta:
2398 3315 2545 3371 sunt,
2587 3306 2847 3366 rationes.
2884 3312 2939 3356 ει
2991 3317 3179 3356 earum
3228 3316 3348 3371 quae
3383 3298 3487 3354 θυι)

259 3397 438 3451 visum
468 3396 694 3461 cadunt,
729 3397 1077 3468 incorporeas
1104 3407 1158 3454 et
1182 3402 1483 3460 invisibiles
1513 3410 1745 3476 species,
1800 3409 1855 3464 in
1893 3410 2072 3478 seipsa
2142 3405 2341 3460 ferens.
2388 3400 2568 3467 Quare
2601 3398 2749 3452 illam
2796 3403 2852 3453 et
2895 3395 3229 3465 Sapientiam
3287 3401 3342 3448 et
3398 3392 3493 3447 Dei

262 3490 524 3556 Verbun,
556 3490 742 3546 divina
772 3493 992 3547 oracula
1017 3496 1308 3563 appellant.

791 3585 1184 3641 ΚΕΦΑΛΑΙΟΝ
1218 3591 1306 3656 εῖν.

272 3670 369 3753 Ὠς
547 3671 788 3753 Hydra?
825 3674 934 3753 6ρο
976 3677 1239 3753 Κυρίους
1285 3682 1498 3753 duole
1536 3684 1615 3750 τῷ
1655 3686 1832 3740 Δαϐὶδ

335 3745 634 3821 όιέολιξγυεῖ,
671 3745 772 3821 καὶ
815 3746 921 3797 τὸν
944 3746 1244 3821 ὰδεύτεξρον
1284 3745 1643 3821 δὴμιοὺργόν
1678 3755 1830 3811 εἶναι

341 3810 455 3865 τῶν
487 3810 668 3878 ὅλων,
698 3814 1011 3883 ὠσπεροῦν
1042 3810 1146 3871 καί
1181 3810 1719 3894 αὑτοῖᾌοξὲίξομεν.

340 3923 359 3955 ι
396 3905 600 3958 Ἀκουέ
652 3924 775 3976 μου,
818 3907 1009 3961 Ἰακὼὸ
1029 3911 1122 3963 καὶ
1156 3912 1390 3984 Ἰσραὴλ,
1409 3914 1466 3968 ὃν
1505 3916 1613 3985 ἐγὼ
1658 3918 1825 3975 καλῶ.

278 3995 416 4065 Ὲγώ
443 3998 562 4067 εἰμι
594 3998 825 4068 πρῶτος,
858 4001 1087 4069 καί.ὲγὼ
1120 4003 1234 4072 ειμι
1264 4005 1342 4067 είς
1384 4006 1472 4058 τὸν
1513 4008 1703 4073 αἰῶνα,
1736 4010 1832 4063 καὶ

268 4086 452 4156 ἠχείρ
498 4104 600 4156 μου
643 4087 966 4159 ὲθεμελίωσε
997 4090 1095 4162 τὴν
1138 4092 1261 4162 γῆν,
1315 4095 1407 4147 καὶ
1447 4099 1479 4167 ή
1527 4098 1676 4163 δεξιά
1725 4118 1828 4173 μου

268 4179 563 4250 ὲστερέωσε
602 4180 692 4232 τὸν
731 4182 973 4253 οὐρανόν.
1033 4184 1261 4238 Καλέσω
1311 4189 1527 4254 αὐτοὺς,
1577 4193 1670 4247 καὶ
1705 4196 1832 4267 στή-

270 4284 449 4323 σονται
495 4272 633 4341 ἅμα,
667 4273 758 4325 καὶ
799 4273 1217 4346 συναχθήσονται
1257 4274 1479 4344 πάντες,
1526 4284 1621 4336 καὶ
1664 4285 1829 4338 ἀκού-

269 4379 466 4430 σονται,
502 4364 585 4428 τίς
615 4366 797 4430 αὐτοῖς
822 4368 1106 4439 ἀνήγγειλε
1138 4371 1328 4426 ταῦτα.
1364 4374 1568 4447 Κύριος
1602 4378 1831 4446 ἀγαπῶν

232 4467 238 4472 ‘
267 4472 344 4519 σε,
374 4457 599 4527 ἐποίησε
640 4459 700 4510 τὸ
740 4458 949 4530 θέλημά
993 4478 1085 4514 σου
1117 4464 1207 4516 ἐπὶ
1237 4464 1548 4533 Βαϐυλῶνα,
1577 4471 1670 4523 τοῦ
1701 4466 1831 4542 ἆραι

267 4544 485 4616 σπέρμα
514 4545 808 4601 Χαλδαίων.
857 4551 994 4620 Ἐγὼ
1022 4550 1275 4624 ἐλάλησα,
1307 4558 1398 4609 καὶ
1439 4557 1548 4625 ἐγὼ
1573 4560 1827 4617 ἐκάλεσα.

270 4638 512 4706 Ἥγαγον
544 4638 725 4703 αὑτὸν,
758 4643 851 4696 καὶ
881 4643 1133 4698 εὐὼδωσα
1160 4644 1263 4715 ’τὴν
1290 4648 1409 4701 ὁδὸν
1437 4651 1620 4704 αὑτοῦ.
1656 4653 1831 4725 Προσ-

269 4728 503 4795 αγάγετε
529 4728 665 4799 πρὸς
705 4729 793 4800 μὲ,
828 4733 921 4784 καὶ
956 4733 1221 4787 ἀκούσατε
1249 4736 1438 4790 ταῦτα.
1471 4741 1583 4793 Ούκ
1613 4741 1707 4793 ἀπ’
1733 4744 1831 4815 ἀρ-

267 4819 363 4890 χῆς
385 4822 446 4873 ὲν
485 4824 667 4893 κρυφῇ
695 4817 982 4895 λελάληκα.
1027 4827 1216 4882 Ἡνίκα
1247 4830 1479 4897 ἐγένετο,
1521 4833 1639 4886 ἐκεῖ
1659 4835 1825 4906 ήμην.

2533 3579 2763 3636 CAPUT
2804 3577 2891 3633 Vl.

1933 3679 2084 3748 Quod
2118 3678 2294 3732 Isaias
2331 3673 2575 3728 similiter
2603 3682 2659 3725 ut
2686 3671 2873 3748 David,
2902 3667 3056 3732 duos,
3081 3665 3295 3748 Putreiu
3323 3679 3369 3748 et

1999 3752 2131 3804 lium
2163 3748 2462 3816 conﬁtetur,
2501 3752 2551 3816 et
2582 3758 2763 3816 eorum
2805 3741 3032 3793 alterum
3066 3737 3496 3816 uri-ii'ersi‘Opiﬁ-

2005 3837 2135 3882 cent,
2167 3810 2606 3888 quemadmodum
2634 3813 2737 3881 ipsi
2770 3826 2970 3886 quoque
3001 3810 3284 3862 credimus.

2005 3934 2022 3964 ι
2070 3913 2208 3968 Audi
2259 3926 2367 3973 me,
2416 3908 2604 3971 Jacob,
2658 3912 2712 3961 et
2760 3903 2929 3959 Israel
2974 3917 3135 3973 quem
3184 3917 3288 3970 ego
3333 3915 3491 3955 voco.

1930 4006 2042 4076 Ego
2092 4018 2211 4059 sum
2266 4002 2498 4072 primus,
2553 4005 2607 4053 et
2656 4012 2756 4067 ego
2813 4010 2934 4050 sum
2992 3995 3047 4048 in
3102 3999 3386 4054 aeternum,
3443 3997 3500 4046 et

1931 4115 2129 4155 manus
2198 4111 2318 4151 mea
2377 4092 2627 4149 fundavit
2685 4100 2925 4153 terram,
3001 4085 3159 4155 231
3235 4090 3289 4139 et
3362 4083 3497 4139 dex-

1928 4199 2047 4247 tera
2105 4203 2223 4244 mea
2286 4182 2649 4241 consolidavit
2710 4181 2902 4236 caelos.
2966 4175 3189 4231 Vocaho
3255 4191 3389 4241 eos,
3445 4185 3501 4230 et

1930 4284 2152 4338 stabunt
2195 4279 2378 4342 simul,
2411 4284 2463 4332 et
2510 4273 2986 4346 congregabuntur
3035 4284 3259 4331 omnes,
3302 4275 3355 4321 et
3400 4281 3500 4321 au-

1929 4375 2099 4439 diem,
2143 4373 2267 4443 quis
2303 4371 2383 4426 eis
2418 4366 2764 4422 annuntiavit
2813 4365 2948 4417 haec.
2986 4361 3250 4416 Dominus
3289 4359 3382 4429 qui
3416 4358 3501 4412 di-

1892 4520 1900 4529 _
1930 4464 2044 4535 ligit
2074 4471 2157 4531 te,
2200 4460 2327 4516 fecit
2348 4459 2678 4513 voluntatem
2707 4462 2855 4507 tuam
2892 4451 2948 4505 in
2979 4450 3282 4521 Babylone,
3313 4456 3371 4501 ut
3397 4447 3500 4499 lol-

1931 4556 2064 4611 lei'et
2090 4570 2273 4609 semen
2306 4550 2705 4605 Chaldaeorum.
2743 4545 2856 4615 Ego
2883 4544 3104 4597 locutus
3138 4556 3282 4602 sum,
3308 4546 3361 4593 ct
3400 4554 3500 4609 ego

1929 4648 2117 4702 vocavi
2148 4662 2164 4711 ;
2192 4645 2321 4699 duxi
2355 4660 2477 4697 eum
2500 4682 2514 4706 ,
2565 4648 2619 4695 et
2652 4637 2826 4693 direxi
2880 4635 3021 4691 viam
3052 4633 3173 4703 ejus
3200 4652 3212 4686 :
3248 4632 3500 4686 adducite

1930 4741 1998 4797 ad
2029 4757 2135 4804 me,
2165 4747 2219 4794 et
2249 4739 2430 4793 audite
2465 4737 2598 4789 haec.
2626 4733 2744 4787 Non
2777 4731 2846 4785 ab
2881 4729 3036 4783 initio
3077 4730 3131 4783 in
3175 4727 3389 4782 occulto
3420 4726 3499 4780 lo-

1929 4841 2088 4889 cutus
2130 4847 2269 4886 sum.
2302 4827 2531 4895 Quando
2562 4825 2740 4887 fiebat,
2772 4821 2884 4875 illic
2920 4835 3067 4873 eram
3100 4838 3111 4872 :
3148 4826 3201 4873 et
3226 4831 3371 4870 nunc
3391 4816 3499 4869 Do-

266 4910 373 4965 Καὶ
396 4909 493 4967 νῦν
514 4910 716 4982 Κύριος
736 4914 937 4985 Κύριος
964 4918 1269 4973 ἀπέσταλκέ
1295 4938 1384 4990 με,
1406 4923 1500 4974 καὶ
1528 4923 1587 4976 τὸ
1616 4925 1826 4995 πνεῦμα

1931 4926 2112 4979 minus
2146 4922 2408 4976 Dominus
2435 4919 2586 4973 misit
2614 4931 2719 4979 me,
2743 4921 2797 4969 et
2821 4913 3045 4982 spiritus
3073 4911 3192 4980 ejus
3219 4910 3282 4961 ’9.
3314 4928 3332 4960 ι
3355 4909 3501 4963 Con-

266 5001 449 5058 αὐτοῦ.
487 5022 509 5055 ι
546 5004 686 5076 Ὅρα
739 5005 804 5076 δὴ
854 5009 947 5061 καὶ
1000 5009 1096 5063 νῦν
1145 5012 1263 5064 τίνα
1311 5014 1509 5083 τρόπον
1553 5017 1581 5067 6
1627 5017 1823 5087 φήσας,

271 5113 289 5144 ι
339 5095 481 5165 Ἐγώ
503 5098 620 5168 εἰμι
650 5099 680 5151 6
711 5090 944 5170 πρῶτος,
976 5102 1069 5155 καὶ
1101 5104 1210 5174 ἐγώ
1237 5108 1349 5177 εἰμι
1377 5109 1456 5171 εἰς
1501 5108 1592 5162 τὸν
1634 5110 1823 5172 αἰῶνα,

266 5187 293 5237 (ι
334 5187 431 5259 τὴν
458 5188 562 5260 γῆν
587 5191 681 5244 καὶ
709 5192 797 5244 τὸν
821 5193 1043 5263 οὐρανὸν
1070 5197 1490 5268 συστησάμενος,
1532 5219 1551 5251 ι
1584 5202 1824 5273 ἐναργῶς

263 5277 431 5342 οὕτως
481 5281 815 5335 ἀπεστάλθαι
866 5283 1118 5354 ὁμολογεῖ
1172 5287 1277 5339 ὑπὸ
1325 5290 1533 5360 Κυρίου
1597 5293 1821 5364 Κυρίου,

265 5366 402 5422 οὕτω
433 5371 525 5424 τον
548 5370 769 5443 Πατέρα
815 5375 1057 5446 συνήθως
1089 5377 1169 5440 δὶς
1209 5378 1411 5450 Κύριον
1462 5383 1825 5456 ἀναγορεύων,

266 5457 337 5523 ὡς
363 5460 428 5516 ἂν
454 5462 600 5533 ἔχοις
644 5466 739 5519 καὶ
784 5466 986 5539 ταύτην
1014 5469 1413 5540 ἀναμφίλεκτον
1451 5474 1541 5527 τοῦ
1568 5472 1830 5547 ζητουμέ-

263 5567 348 5603 νου
376 5552 474 5623 τὴν
510 5556 836 5625 μαρτυρίαν.
872 5558 1094 5629 Πρῶτον
1129 5559 1185 5613 δὲ
1231 5561 1391 5615 αὑτὸν
1432 5562 1507 5627 ὡς
1550 5566 1607 5617 ἐν
1635 5583 1827 5637 γεννη-

261 5647 367 5710 τοῖς
394 5646 638 5710 εύσεὸῶς
665 5644 800 5702 εἶναι
828 5650 995 5720 λέγει,
1024 5653 1120 5725 τὴν
1153 5652 1385 5726 ἄναρχον
1419 5657 1511 5709 καὶ
1541 5656 1826 5727 ἀγέννητον

324 5780 368 5813 ⁸³
390 5780 494 5837 Lsa.
533 5797 724 5842 sum.
768 5783 955 5842 l2-l6.

1934 5016 2133 5080 sidera,
2160 5028 2364 5085 quaeso,
2396 5012 2505 5075 hic,
2533 5021 2769 5081 quonam
2803 5004 2963 5059 modo
2984 5003 3075 5073 qui
3105 5001 3243 5057 dixit
3272 5016 3285 5052 :
3327 5018 3346 5051 ι
3386 4998 3498 5069 Ego

1933 5124 2053 5165 sum
2084 5109 2312 5178 primus,
2337 5113 2389 5160 et
2414 5119 2514 5173 ego
2565 5116 2686 5156 sum
2718 5100 2772 5153 in
2803 5105 3087 5158 aeternum,
3140 5092 3235 5163 qui
3293 5098 3497 5146 terrain

1931 5211 1986 5257 et
2011 5202 2208 5257 omium
2229 5195 2608 5259 condidit,iita
2636 5195 2793 5263 plane
2818 5206 2876 5244 se
2898 5189 3122 5243 missum
3149 5200 3270 5239 esse
3300 5182 3499 5239 fatetur

1931 5308 1962 5349 a
1996 5292 2226 5346 Domino
2261 5288 2511 5343 Domino.
2564 5284 2656 5339 Sic
2684 5285 2828 5337 enim
2858 5280 3074 5334 Patrem
3101 5276 3384 5331 consuevit
3411 5273 3498 5330 bis

1927 5381 2218 5437 Dominum
2241 5379 2533 5449 appellare.
2564 5374 2749 5443 Itaque
2764 5372 2933 5425 habes
2956 5368 3060 5422 hoc
3092 5381 3309 5437 quoque
3338 5365 3498 5419 indu-

1928 5474 2182 5535 bitatum,
2208 5471 2276 5525 de
2307 5485 2372 5524 eo
2404 5469 2471 5523 de
2502 5481 2610 5536 quo
2637 5463 2921 5535 qumritur,
2950 5459 3322 5515 testimonium
3379 5454 3497 5511 Pri-

1927 5579 2077 5619 mum
2108 5577 2235 5617 vero
2264 5561 2412 5615 illum
2447 5559 2533 5611 hic
2567 5556 2700 5611 dicit
2735 5571 2857 5610 esse
2892 5553 3153 5622 preplicta
3184 5591 3198 5616 ,
3232 5565 3390 5620 quem
3438 5548 3496 5603 in

1880 5713 1888 5723 ,
1928 5658 1996 5713 iis
2025 5672 2144 5728 qua:
2172 5657 2351 5727 genita
2383 5658 2509 5708 sunt
2550 5650 2633 5720 pie
2679 5648 2847 5704 colit:
2885 5663 3009 5703 nam
3041 5661 3160 5716 quae
3203 5645 3321 5702 sine
3346 5641 3498 5713 prin-
