3902 6264
384 284 492 344 379

1076 280 1344 337 EUSEBII
1382 270 1858 341 CASSABIENSIS
1879 281 2028 340 OPP.
2063 284 2241 343 PARS
2278 287 2346 345 II.
2383 316 2454 331 ---
2489 284 2981 343 APOLOGETICA.

3514 284 3621 341 380

387 400 531 471 cipio
554 406 658 465 est,
683 415 910 470 qumque
933 399 1112 471 genita
1149 416 1259 457 non
1282 410 1388 467 est,
1417 403 1680 468 essentia,
1703 417 1822 460 eam
1866 411 1949 458 at—

2086 408 2140 461 ai.
2165 409 2266 481 τὴν
2290 409 2429 481 ὑπὲρ
2454 409 2516 462 τὸ
2547 407 2760 480 πρῶτον
2785 407 2972 462 οὐσίαν
3001 404 3287 477 ἀπονέμων
3313 402 3393 478 τῷ
3416 404 3599 476 Πατρί

386 492 577 548 tribuit
609 490 779 548 Patri.
814 489 1055 545 Primum
1086 492 1230 547 enim
1290 492 1347 547 in
1375 493 1560 565 aliquo
1606 494 1814 566 majore
1852 510 1954 550 nu-

386 598 542 639 mero
592 583 884 649 antecedit,
919 591 974 638 et
1009 583 1217 639 honore
1266 592 1429 655 atque
1474 585 1666 641 ordine
1719 587 1962 657 praeponi

390 675 568 733 solet:
598 674 743 745 quod
796 674 1013 743 quidem
1063 674 1380 745 neutiquam
1432 675 1581 731 Patri
1618 677 1951 733 conveniat:

390 780 503 822 non
543 765 688 820 enim
736 779 927 820 eorum
972 781 1094 835 quae
1130 766 1311 836 genita
1343 775 1471 822 sunt
1516 767 1725 838 primus
1758 774 1841 825 est
1871 783 1965 831 su-

391 872 613 929 premus
641 855 813 925 Deus,
849 857 1107 927 quoniam
1141 873 1210 912 ne
1229 858 1551 929 principium
1581 860 1797 930 quidem
1817 860 1962 923 illius

393 948 564 1002 ullum
597 948 893 1018 excogitari
928 954 1127 1018 potest,
1168 949 1263 1003 sed
1291 956 1376 1005 est
1410 950 1552 1005 ultra
1580 950 1840 1021 primum,
1865 958 1959 1005 ut-

393 1044 518 1106 pote
570 1036 665 1106 qui
722 1036 958 1106 primum
1003 1037 1117 1107 ipse
1162 1038 1442 1107 genuerit,
1481 1046 1645 1109 atque
1702 1047 1761 1101 ut
1793 1047 1957 1107 esset,

392 1127 636 1183 fecerit':
675 1127 1109 1199 quandoquidem
1157 1128 1332 1183 solum
1388 1129 1637 1197 divinum
1681 1128 1958 1196 Verbum,

394 1222 637 1277 omnium
669 1236 857 1278 eorum
882 1237 1002 1292 quae
1030 1221 1211 1293 genita
1237 1230 1384 1291 sunt,
1407 1223 1641 1293 primum
1665 1223 1789 1293 jure
1819 1238 1963 1291 nun—

2060 499 2134 553 Τὸ
2172 500 2280 572 γάρ
2302 517 2384 553 τοι
2427 500 2639 572 πρῶτον
2670 496 2900 571 ἀριθμοῦ
2935 495 3177 560 πλείονος
3209 496 3441 566 ἡγεῖται,
3483 496 3620 565 τιμῇ

2059 592 2153 646 καὶ
2181 591 2329 656 τάξει
2359 590 2793 663 προτεταγμένον
2816 607 2829 620 ο
2866 591 3002 661 ὅπερ
3028 586 3129 641 οὐκ
3160 587 3225 641 ἂν
3254 586 3349 640 ἐπὶ
3378 586 3476 640 τοῦ
3504 587 3621 640 Πασ-

2057 683 2185 756 apo;
2213 683 2498 755 ἁρμόσειεν
2523 700 2536 712 ·
2567 682 2627 736 οὐ
2676 681 2785 752 γὰρ
2811 681 2875 752 δὴ
2909 679 3180 750 γεννητῶν
3217 676 3430 750 πρῶτος
3469 679 3499 731 6
3526 675 3625 731 ἐπὶ

2058 774 2276 831 πάντων
2301 772 2455 837 Θεὸς,
2484 774 2607 826 ἐπεὶ
2640 772 2763 844 μηδ’
2804 772 2946 843 ἀρχή
2986 788 3077 835 τις,
3103 771 3391 824 ἐπινοεῖται
3417 766 3585 821 αὑτοῦ
3603 782 3620 798 ο

2058 866 2312 920 ἐπέκεινα
2342 864 2386 918 δ’
2412 865 2479 919 ἂν
2509 864 2592 935 εἴη
2622 862 2713 917 καὶ
2741 861 2998 916 ἀνωτάτω
3035 859 3393 933 τοῦπρώτου,
3431 859 3529 913 ἅτε
3557 856 3624 929 δὴ

2060 953 2222 1020 αὐτὸς
2250 955 2345 1009 καὶ
2374 954 2436 1008 τὸ
2467 951 2678 1023 πρῶτον
2724 952 2991 1023 γεννήσας
3019 952 3114 1012 καὶ
3159 950 3622 1021 ὑποστησάμενος,

2061 1044 2225 1116 μόνου
2267 1043 2361 1098 τοῦ
2406 1042 2552 1097 θείου
2580 1042 2752 1110 Λόγου
2786 1039 3001 1095 πάντων
3030 1037 3133 1095 τῶν
3159 1037 3364 1109 θνητῶν
3406 1035 3628 1108 πρώτου

2060 1135 2503 1209 χρηματίζοντος.
2538 1132 2873 1204 Ζητουμένου
2899 1131 2955 1193 δὲ
2977 1131 3108 1203 ἄρα,
3128 1129 3269 1189 κατὰ
3294 1128 3373 1195 τὺ,
3407 1150 3427 1180 ι
3453 1127 3629 1191 Αὐτὸς

2061 1223 2205 1293 εἶπε,
2235 1227 2326 1281 καὶ
2372 1225 2739 1297 ἐγενήθησανο
2781 1223 2949 1287 αὐτὸς
2987 1220 3304 1286 ἐνετείλατο,
3347 1219 3440 1275 καὶ
3482 1217 3653 1287 ὲκτίέ

394 1328 647 1388 cupatur.
685 1318 818 1373 Cum
846 1332 976 1387 ergo
1004 1325 1337 1388 quaereretur
1386 1319 1442 1372 in
1472 1318 1589 1383 illo,
1620 1337 1645 1377 ι,
1678 1316 1797 1389 Ipse
1822 1317 1961 1373 dixit

2086 1320 2288 1392 reqoav,
2339 1338 2357 1372 ι
2408 1319 2514 1373 τίνι
2560 1317 2658 1389 τὴν
2702 1315 2807 1371 τῶν
2855 1313 3125 1385 γεννητῶν
3172 1312 3482 1367 ἐντέταλται
3532 1308 3632 1383 δη-

395 1419 449 1465 et
484 1408 628 1463 facta
676 1416 823 1475 sunt,
858 1408 974 1479 ipse
1017 1408 1295 1463 mandavit
1335 1416 1390 1465 et
1440 1416 1623 1467 creata
1663 1417 1791 1467 sunt
1821 1411 1893 1477 ⁸ο,
1937 1428 1956 1464 ι

2086 1411 2373 1485 ιιουργίαν,
2398 1410 2493 1465 νῦν
2521 1408 2705 1480 σαφῶς
2730 1407 3120 1472 ἀποδέδεικται,
3149 1407 3237 1468 ὅτι,
3259 1404 3337 1477 τῷ
3367 1405 3630 1475 φήσαντι·

398 1500 615 1553 cuinam
657 1500 1011 1553 creandarum
1046 1513 1228 1553 rerum
1280 1498 1621 1561 mandaverit
1664 1501 1963 1571 opiﬁcium,

2086 1521 2089 1554 :
2136 1503 2201 1556 Ἦ
2230 1502 2351 1574 χείρ
2388 1519 2487 1573 μου
2515 1499 2840 1572 ὲθεμελίωσε
2871 1498 2969 1570 τὴν
3001 1497 3125 1568 γῆν,
3155 1496 3249 1553 καὶ
3272 1497 3306 1567 ἡ
3347 1492 3496 1558 δεξιά
3531 1510 3633 1564 μου

400 1606 545 1645 nunc
579 1591 862 1659 perspicue
895 1590 1320 1646 demonstratum
1363 1599 1482 1658 est,
1531 1591 1676 1662 quod
1717 1592 1968 1651 videlicet

2086 1594 2365 1667 ιστερέωσε
2394 1594 2486 1648 τὸν
2516 1592 2741 1666 οὐρανόν
2760 1609 2775 1624 ·
2813 1610 2832 1645 ι
2877 1590 2936 1656 ὃς
2977 1590 3070 1645 καὶ
3098 1590 3234 1662 πρὸς
3264 1587 3357 1642 τοῦ
3393 1588 3640 1659 κρείττο-

399 1685 449 1737 ei
481 1683 570 1753 qui
603 1683 740 1738 dixit
780 1702 793 1737 :
845 1702 867 1735 ‹
905 1681 1094 1739 Manus
1157 1697 1278 1738 mea
1332 1681 1580 1742 fundavit
1631 1693 1830 1739 terram
1856 1724 1871 1748 ,
1912 1692 1968 1739 et

2086 1703 2159 1751 νος
2182 1685 2517 1740 ἀπεστάλθαι
2557 1685 2807 1758 ὁμολογεῖ
2849 1683 3019 1754 λέγων
3038 1699 3052 1714 ο
3089 1702 3108 1735 ι
3142 1680 3259 1741 Νῦν
3290 1680 3494 1753 Κύριος
3521 1678 3638 1734 Κύ-

400 1751 586 1829 dextra
621 1789 740 1830 mea
770 1774 1126 1830 consolidavit
1155 1775 1350 1835 cmlum
1380 1795 1398 1826 ι
1418 1775 1513 1847 qui
1548 1776 1711 1841 etiam
1742 1790 1801 1840 se
1820 1774 1972 1829 aPa-

2086 1794 2186 1845 οιος
2224 1775 2531 1830 ἀπέσταλκέ
2568 1751 2654 1847 με,
2696 1751 2791 1828 καὶ
2826 1773 2886 1827 τὸ
2923 1751 3146 1843 «πνεῦμα
3174 1767 3360 1835 αῦτοῦ.
3381 1751 3418 1821 ‘.
3456 1766 3561 1840 Είη
3591 1766 3638 1818 δ’

399 1874 485 1921 tre
513 1867 739 1922 missum
780 1881 904 1921 esse
936 1864 1222 1920 conﬁtetur
1252 1864 1346 1920 ubi
1398 1865 1509 1919 ait:
1545 1883 1565 1916 ι
1601 1864 1758 1920 Nunc
1786 1862 1970 1919 Domi-

2086 1869 2136 1924 ὶν
2168 1871 2197 1924 ό
2243 1869 2374 1933 Θεὸς
2422 1869 2592 1937 Λόγος
2635 1867 2741 1933 καὶ,
2773 1863 2945 1920 ταῦτα
2991 1863 3234 1934 φάσκων,
3273 1879 3297 1914 ‹
3330 1860 3517 1930 ἐπειδὴ
3562 1857 3643 1930 τῷ

400 1971 507 2012 nus
546 1956 804 2011 Dominus
838 1955 986 2011 misit
1015 1970 1121 2019 me,
1148 1961 1202 2009 et
1230 1955 1458 2027 spiritus
1492 1955 1633 2023 ejus.
1672 1974 1692 2008 ι
1728 1952 1845 2009 Erit
1873 1967 1971 2008 au-

2086 1962 2230 2032 Λόγῳ
2265 1959 2472 2031 Κυρίου
2506 1960 2554 2012 οί
2587 1957 2805 2030 οὐρανοὶ
2836 1953 3264 2025 ἐστερεώθησαν,
3303 1970 3324 2005 ›
3360 1950 3504 2017 κατὰ
3543 1949 3643 2024 τὴν

402 2056 510 2102 tem
542 2045 683 2101 Deus
718 2045 948 2102 Veebum
989 2046 1082 2116 qui
1126 2046 1240 2101 haec
1288 2046 1456 2109 dicat,
1487 2064 1507 2098 (
1544 2045 1762 2116 quando
1793 2042 1972 2101 Verbo

403 2135 617 2192 Domini
647 2136 771 2191 caeli
806 2136 1003 2191 ﬁrmati
1031 2143 1179 2202 sunt,
1210 2154 1228 2187 ι
1247 2151 1315 2192 ex
1342 2152 1407 2192 eo
1435 2135 1636 2192 Psalmi
1665 2135 1783 2190 loco
1807 2148 1967 2205 quem

404 2244 570 2298 supra
611 2229 1002 2298 opposuimus:
1045 2228 1140 2285 sed
1173 2229 1316 2284 enim
1364 2244 1486 2284 cum
1535 2230 1713 2298 ipsum
1748 2242 1965 2299 quoque

402 2317 500 2373 Dei
534 2316 771 2373 Verbum
792 2358 806 2382 ,
848 2317 1061 2373 Domini
1084 2319 1439 2389 appellatione
1471 2328 1528 2374 ut
1556 2318 1699 2374 Deus
1723 2319 1969 2375 celebre-

403 2417 516 2475 tur,
549 2418 729 2465 lamen
774 2411 952 2481 ipsum
995 2418 1203 2481 patrem
1230 2410 1517 2466 Dominum
1537 2451 1553 2477 ,
1588 2412 1822 2467 maxima
1850 2425 1975 2465 cum

401 2504 706 2557 reverentia
735 2517 799 2557 ac
838 2504 1036 2575 pietate
1068 2503 1153 2560 bis
1185 2501 1475 2558 Dominum
1504 2503 1775 2574 appellat,
1823 2510 1887 2557 ut
1917 2502 1975 2558 in

404 2608 470 2648 eo
507 2593 819 2650 diversitate
839 2594 1079 2655 nominis
1108 2601 1310 2650 utatur.
1352 2612 1371 2645 ι
1406 2591 1563 2648 Nunc
1596 2611 1615 2644 ι
1650 2592 1832 2659 enim,

404 2684 546 2753 quit,
583 2702 602 2735 ι
634 2684 896 2749 Dominus
927 2684 1212 2753 ,Dominus
1235 2685 1394 2753 ﬁmisit
1421 2700 1507 2739 me
1528 2724 1544 2749 ,
1584 2691 1825 2755 i,utpote
1852 2698 1978 2739 cum

405 2773 570 2830 Pater
592 2783 645 2831 et
667 2775 808 2832 Deus
834 2778 926 2842 sit,
957 2785 1010 2832 et
1043 2787 1148 2832 tam
1179 2777 1265 2833 sui
1300 2776 1567 2846 unigeniti
1605 2773 1787 2840 Verbi,
1813 2789 1976 2846 quam

406 2883 596 2922 eorum
618 2868 1064 2939 omnium,232
1087 2885 1207 2939 quae
1230 2870 1322 2923 illo
1346 2868 1619 2938 posterius
1648 2865 1790 2922 facta
1820 2875 1973 2935 sunt,

406 2967 638 3021 quorum
669 2967 790 3006 cum
819 2963 1135 3029 potestatem
1164 2972 1228 3011 ac
1249 2956 1547 3011 dominium
1571 2970 1601 3011 a
1624 2955 1784 3023 Patre
1803 2956 1978 3027 ipsum

406 3042 504 3098 Dei
531 3042 768 3099 Verbum
809 3048 1118 3115 acceperit,
1173 3055 1432 3119 tanquam
1471 3049 1542 3112 is.
1568 3050 1661 3120 qui
1692 3060 1748 3106 et
1800 3050 1981 3122 legiti-

2071 2052 2180 2106 ἀπὸ
2202 2051 2295 2105 τοῦ
2321 2048 2534 2121 ψαλμοῦ
2568 2046 2887 2120 παράθεσιν.
2924 2045 3069 2118 Πλὴν
3097 2043 3252 2111 ἀλλὰ,
3276 2045 3325 2097 εί
3358 2043 3455 2110 καὶ
3479 2041 3645 2106 αὐτὸς

2073 2145 2103 2196 ό
2134 2141 2227 2195 τοῦ
2260 2140 2395 2195 Θεοῦ
2425 2141 2595 2210 Λόγος
2636 2141 2707 2211 τῇ
2745 2138 2961 2205 Κύριος
2998 2134 3323 2203 θεολογείται
3371 2147 3645 2205 προσηγο-

2077 2233 2187 2305 ρίᾳ,
2221 2232 2368 2303 ὅμως
2396 2231 2485 2283 τὸν
2508 2229 2766 2298 ἀνωτάτω
2791 2228 2886 2281 καὶ
2910 2224 3192 2297 κρείττονα
3222 2220 3441 2294 Πατέρα
3472 2220 3643 2274 αὑτοῦ

2075 2325 2170 2377 καὶ
2204 2321 2410 2394 Κύριον
2438 2316 2495 2375 εὖ
2531 2319 2674 2392 μάλα
2703 2317 2941 2382 εὐσεϐῶς
2977 2317 3058 2380 δὶς
3084 2314 3286 2387 Κύριον
3317 2313 3480 2379 αὐτὸν
3513 2313 3648 2378 ἀνα-

2076 2415 2247 2480 καλεῖ,
2264 2413 2340 2485 τῷ
2366 2413 2603 2484 διαφόρῳ
2626 2409 2905 2485 χρώμενος
2918 2409 3004 2460 ἐπ’
3020 2406 3183 2465 αὑτοῦ
3211 2404 3453 2475 ὀνόματι.
3477 2421 3497 2455 ι
3532 2403 3646 2456 Kal.

2076 2504 2170 2559 νῦν
2197 2524 2216 2557 ι
2237 2505 2363 2575 γὰρ,
2379 2504 2530 2576 φησὶ,
2570 2501 2812 2572 ιΚύριος
2833 2498 3034 2570 Κύριος
3061 2493 3365 2551 ἀπέσταλκε
3383 2509 3472 2564 με,
3497 2491 3651 2549 [ὡσ-

2080 2594 2144 2650 ἀν
2174 2595 2376 2666 κυρίως
2409 2595 2560 2661 ὄντος
2589 2592 2681 2655 τοῦ
2716 2592 2808 2645 ἐπὶ
2840 2590 3055 2644 πάντων
3098 2584 3231 2640 Θεοῦ
3265 2581 3502 2657 πρώτου,
3550 2580 3648 2634 καὶ

2078 2683 2291 2754 ἀληθῶς
2320 2683 2524 2754 Κυρίου
2569 2680 2734 2739 αὐτοῦ
2764 2696 2825 2733 τε
2852 2677 2946 2733 τοῦ
2990 2671 3311 2749 μονογενοῦς
3344 2669 3508 2724 αὑτοῦ
3538 2669 3649 2723 Λό-

2078 2793 2198 2847 γου,
2230 2776 2325 2829 καὶ
2349 2775 2457 2827 τῶν
2491 2776 2609 2855 μετ’
2635 2773 2795 2828 αὐτὸν
2822 2768 3091 2842 γεννητῶν
3120 2766 3389 2833 ἁπάντων,
3417 2761 3540 2816 καθ’
3570 2755 3649 2826 ὧν

2078 2868 2345 2941 δευτέρως
2376 2868 2475 2939 τὴν
2504 2866 2698 2937 κυρίαν
2731 2864 2824 2918 καὶ
2854 2860 3166 2915 δεσποτείαν
3207 2858 3355 2930 παρὰ
3389 2856 3483 2910 τοῦ
3529 2856 3645 2909 Πα-

2078 2961 2207 3034 τρὸς
2242 2962 2271 3013 6
2302 2957 2395 3014 τοῦ
2434 2956 2567 3021 Θεοῦ
2610 2957 2782 3023 Λόγος
2830 2952 3242 3024 ἀναδεξάμενος,
3291 2946 3380 3004 οἷα
3423 2950 3647 3021 γνήσιος

2084 3054 2210 3116 Υἱὸς
2235 3051 2325 3106 καὶ
2365 3049 2677 3121 μονογενὴς,
2711 3045 2960 3117 δεύτερος
3001 3041 3541 3123 είκότωςῇκαὶλαὺτὺς
3579 3039 3649 3097 ἂν

406 3149 553 3201 mus,
582 3143 637 3190 et
666 3137 860 3192 unicus
888 3137 1059 3195 Filius
1088 3141 1180 3205 sit,
1215 3142 1408 3197 merito
1439 3143 1601 3198 etiam
1626 3143 1742 3213 ipse
1776 3143 1844 3198 ab
1884 3143 1973 3209 iis,

2086 3114 2318 3209 εὐσεϐῶς
2342 3114 2669 3215 έρηματίζοι
2705 3114 2929 3211 Κύριος.

410 3225 503 3294 qui
534 3232 587 3279 et
620 3226 706 3299 pie
737 3234 791 3280 et
825 3228 1077 3299 religiose
1099 3230 1279 3285 colere
1304 3230 1476 3288 Deum
1500 3233 1712 3301 volunt,
1742 3233 1981 3306 appella-

410 3316 560 3379 bitur
588 3317 874 3381 Dominus.

1009 3433 1237 3490 CAPUT
1279 3434 1389 3490 VII.

395 3544 455 3599 Ἀ
497 3544 701 3602 Genesi.
732 3576 802 3586 —
831 3545 983 3611 Quod
1011 3548 1169 3602 etiam
1211 3551 1476 3605 maximus
1524 3550 1619 3606 Dei
1655 3569 1832 3607 servus
1864 3552 1985 3608 Mo-

483 3633 595 3693 ses,
664 3617 721 3670 in
790 3616 971 3693 mundi
1012 3618 1398 3693 fabricatione,
1469 3623 1705 3693 cognovit
1759 3624 1978 3679 Patrem

484 3685 752 3755 Deumque
793 3685 1042 3749 universi,
1076 3705 1193 3742 cum
1222 3685 1391 3748 altero
1413 3685 1883 3749 cominunicantem
1914 3694 1979 3748 de

485 3756 708 3827 hominis
728 3758 969 3827 cpi/icio,
1012 3759 1106 3812 hoc
1145 3775 1301 3827 porro
1331 3762 1566 3816 divinum
1608 3780 1721 3818 esse
1760 3763 1984 3825 Verbum

488 3837 609 3880 ante
645 3825 943 3881 didicimus.

492 4022 512 4056 ‹
549 4004 617 4058 Ει
644 4006 782 4060 dixit
799 4006 954 4071 ,Deus
978 4007 1295 4064 :Faciamus
1306 4008 1580 4065 hominem
1605 4008 1672 4064 ad
1692 4009 1982 4082 imaginem

416 4113 481 4152 ac
514 4098 921 4153 similitudinem
938 4107 1180 4161 nostram
1195 4099 1262 4165 ιι,
1295 4120 1314 4153 ι
1349 4109 1405 4155 et
1434 4117 1628 4157 rursus
1662 4119 1675 4156 :
1705 4121 1724 4153 ι
1748 4083 1981 4158 Ειάίχὶι

416 4187 583 4255 Deus,
609 4205 718 4243 non
756 4198 839 4245 est
866 4190 1070 4247 bonum
1098 4206 1220 4249 esse
1249 4190 1523 4246 hominem
1569 4192 1743 4247 solum
1765 4232 1780 4255 ,
1817 4190 1985 4247 facia-

415 4295 540 4337 mus
570 4280 648 4334 illi
675 4280 999 4352 adjutorium
1019 4280 1315 4338 secundum
1341 4283 1518 4352 ipsum
1538 4282 1603 4338 δ’.
1617 4282 1722 4336 »Αο
1745 4298 1814 4339 ne
1834 4283 1979 4355 quis-

416 4373 561 4442 piam
594 4372 898 4442 suspicetur
924 4373 1041 4429 haac
1069 4373 1138 4428 ad
1174 4373 1409 4445 Angelos
1450 4372 1596 4428 dicta
1637 4372 1829 4441 fuisse,
1861 4389 1986 4430 con-

2598 3428 2992 3503 ΚΕΦΑΛΔῙΟΝ
3039 3430 3111 3483 Ζο.

2095 3550 2237 3607 Ἀπὸ
2268 3547 2379 3617 τῆς
2418 3547 2741 3612 Γενέσεως.
2769 3575 2840 3617 —_—
2874 3543 2965 3617 ᾨς
3012 3539 3111 3617 καὶ
3149 3543 3183 3595 ό
3221 3538 3505 3617 μέγιστος
3542 3536 3649 3617 τεοῦ

2155 3602 2609 3687 ΘεοῢἸᾶεράπων
2641 3602 2864 3682 Μωσῆς
2908 3602 2978 3666 s}
3017 3610 3096 3734 ei;
3131 3602 3492 3678 κοάμοποιίᾴ
3525 3602 3647 3659 οἵδε

2157 3689 2382 3734 ηητέοα
2408 3688 2508 3734 οιαὶ
2543 3687 2691 3734 Θεὸν·
2710 3683 2831 3734 τῶν
2855 3682 3032 3734 ὅλων.
3098 3678 3242 3734 τέοω
3263 3677 3647 3734 κοινολογού-

2151 3689 2382 3758 Πατέρα
2400 3678 2508 3743 3m!
2515 3678 3032 3758 _§sdr__zéfb_'.1cor,
3061 3678 3242 3758 ἑτέρῳ
3263 3678 3647 3758 κοινολογοᾴ-

2147 3746 2334 3831 μενοὲ
2376 3759 2476 3812 ἐπὶ
2506 3746 2581 3826 ἦρ’
2622 3755 2728 3810 τοῦ
2774 3751 3085 3821 ἀνθρώπου
3116 3746 3463 3820 δὴμιουρτίᾳ
3485 3746 3521 3776 ·“
3544 3746 3650 3800 τόν

2152 3830 2313 3886 θεῖον
2361 3827 2430 3882 δὲ
2478 3830 2672 3899 Λόγον
2724 3823 2942 3878 τοῦτον
2988 3817 3141 3876 εἶναι
3194 3813 3646 3891 προμεμαθήξια-

2146 3918 2285 3972 μεν.

2159 4033 2180 4068 ι
2217 4014 2329 4068 Καὶ
2374 4006 2528 4065 εἶπεν
2556 4011 2585 4063 6
2633 4007 2801 4073 Θεός·
2852 4006 3172 4078 Ποιήσωμεν
3216 4001 3498 4074 ἄνθρωπον
3531 4004 3647 4058 κατ’

2084 4103 2550 4177 είκόναήμετὲραν
2575 4102 2667 4156 καὶ
2693 4099 2812 4154 καθ’
2837 4098 3111 4170 ὁμοίωσιν·
3135 4115 3153 4148 ι
3176 4095 3268 4150 καὶ
3297 4089 3450 4158 αὖθις
3468 4109 3512 4146 ἰ
3536 4094 3649 4148 Καὶ

2085 4191 2234 4249 εἶπεν
2276 4195 2305 4246 6
2341 4192 2509 4255 Θεός·
2549 4192 2623 4244 Οὐ
2677 4189 2839 4243 καλὸν
2901 4184 3037 4243 εἶναι
3080 4186 3172 4240 τὸν
3214 4185 3495 4257 ἄνθρωπον
3552 4185 3651 4254 p.6-

2085 4304 2194 4352 vov,
2227 4285 2538 4356 ποιήσωμεν
2569 4280 2715 4352 αὑτῷ
2760 4279 2949 4351 βοηθὸν
2990 4279 3113 4333 κατ’
3158 4276 3335 4332 αὐτόν.
3366 4296 3386 4328 ι
3421 4277 3532 4331 Καὶ
3565 4276 3652 4339 ἴνα

2085 4395 2150 4448 γε
2178 4377 2251 4448 μή
2296 4392 2378 4439 τις
2412 4374 2546 4445 πρὸς
2593 4370 2857 4441 ἀγγέλους
2897 4368 3069 4424 ταῦτα
3098 4367 3345 4440 εἰρῆσθαι
3385 4366 3651 4439 νομίσειε,

414 4463 570 4517 tinuo
597 4462 838 4518 declarat
862 4479 987 4518 eum
1013 4463 1099 4518 cui
1126 4464 1450 4534 imperatum
1476 4466 1566 4529 sit,
1593 4480 1702 4518 non
1735 4479 1859 4523 esse
1889 4480 1973 4520 an-

2086 4465 2424 4540 παραχρῆμα
2472 4463 2621 4536 δηλοῖ
2664 4463 2754 4517 τὸν
2803 4459 3225 4530 κεκελευσμένον
3276 4460 3375 4513 οὐκ
3424 4458 3653 4528 ἄγγελον

415 4555 593 4624 gelum
626 4554 756 4617 Dei,
801 4555 987 4611 dicens
1024 4575 1036 4611 :
1079 4575 1096 4607 ι
1124 4554 1190 4609 Ει
1219 4555 1349 4612 fecit
1377 4558 1520 4622 Deus
1560 4556 1858 4614 hominem.
1914 4557 1983 4614 ad

416 4646 702 4718 imaginem
728 4645 820 4702 Dei
849 4648 975 4703 fecit
1000 4648 1171 4702 illum.
1203 4650 1251 4680 “
1291 4669 1310 4702 ι

983 4763 1211 4820 CAPUT
1250 4761 1385 4817 VIII.

416 4869 728 4946 Ab‘eadem.
773 4904 843 4912 —
892 4874 1045 4941 Quod
1094 4875 1296 4946 quidem
1332 4872 1502 4946 Moses
1559 4874 1637 4946 bis
1679 4874 1997 4942 planissime

490 4939 792 5062 Donziinum,
834 4939 946 4999 sine
978 4939 1116 5001 ullis'
1155 4945 1436 4999 involucris
1462 4983 1477 5007 ,
1529 4939 1808 5016 theologice
1841 4963 1982 4999 com-

490 5026 602 5062 men
645 5020 720 5062 at.

488 5020 720 5066 mandat.

495 5122 514 5153 ι
554 5099 646 5157 Sol
674 5111 829 5161 ortus
853 5113 935 5161 est
964 5120 1127 5177 super
1159 5114 1359 5163 terram
1385 5150 1400 5176 ,
1443 5117 1497 5164 et
1546 5106 1647 5163 Lot
1703 5109 1983 5181 ingressus

415 5202 502 5249 est
528 5195 583 5248 in
614 5193 804 5267 Segor,
831 5204 884 5252 et
915 5198 1051 5268 pluit
1095 5198 1359 5257 Dominus
1391 5217 1555 5273 super
1590 5200 1823 5258 Sodoma
1870 5203 1983 5257 sul-

2082 4559 2211 4613 ὅντα
2242 4556 2399 4623 Θεοῦ,
2430 4556 2622 4624 λέγων’
2653 4575 2670 4607 ι
2692 4554 2803 4608 Καὶ
2825 4553 3077 4624 εποίησεν
3107 4555 3136 4606 ό
3165 4553 3297 4617 Θεὸς
3325 4553 3416 4608 τὸν
3440 4551 3650 4623 ἄνθρω-

2082 4669 2182 4706 πον
2208 4668 2222 4682 ·
2267 4649 2384 4704 κατ’
2415 4648 2598 4702 εἰκόνα
2624 4646 2759 4700 Θεοῦ
2783 4646 3034 4717 ἐποίησεν
3053 4645 3234 4698 αὐτόν.
3276 4662 3295 4697 ι

2606 4760 2996 4817 ΚΕΦΛΛΑΙΟΝ
3039 4763 3123 4815 H'.

2101 4876 2233 4933 Ἀπὸ
2259 4876 2370 4945 τῆς
2393 4874 2603 4944 αὐτῆς.
2623 4905 2692 4914 -
2730 4876 2824 4940 Ὠς
2852 4876 2885 4927 ό
2927 4872 3107 4939 αὐτὸς
3141 4871 3364 4940 Μωσῆς
3401 4873 3512 4927 δύο
3538 4890 3646 4945 ga-

2158 4942 2425 5016 φέστατα
2468 4942 2727 5020 Κύρίους
2771 4945 3262 5010 ἀνεπικαλύπτως
3294 4942 3579 5013 θεολοτεῖ.

2165 5123 2184 5157 ι
2225 5103 2283 5158 Ὁ
2319 5102 2469 5174 ἥλιος
2499 5100 2767 5157 ἀνέτειλεν
2796 5102 2888 5155 ἐπὶ
2916 5101 3014 5174 τὴν
3044 5099 3166 5171 γῆν,
3198 5099 3294 5153 καὶ
3320 5098 3445 5153 Λὼτ
3474 5097 3654 5171 είσῆλέ

2088 5196 2178 5251 θεν
2224 5198 2302 5259 εἰς
2324 5193 2538 5265 Σηγὼρ,
2574 5192 2667 5246 καὶ
2689 5191 2876 5265 ἔϐρεξε
2913 5191 3117 5264 Κύριος
3158 5191 3249 5244 ἐπὶ
3276 5190 3482 5261 Σόδομα
3512 5187 3652 5245 θεῖον

416 5285 506 5341 fur
531 5294 585 5341 et
634 5288 808 5358 ignem
844 5304 875 5343 a
916 5288 1145 5346 Domino
1179 5292 1244 5348 “.
1285 5312 1306 5345 ι
1340 5292 1508 5350 Plane
1561 5294 1647 5351 bis
1692 5293 1973 5350 Dominum

2086 5287 2312 5361 καὶπῦρ
2335 5285 2485 5366 παρά
2507 5285 2732 5358 Κυρίου.
2766 5305 2785 5338 ι
2820 5284 3014 5354 Σαφῶς
3040 5284 3288 5356 δεύτερον
3310 5281 3651 5356 ἀναγορεύει,

416 5375 686 5439 nominat,
711 5383 766 5431 et
804 5376 932 5432 huic
964 5377 1123 5435 docet
1151 5381 1218 5436 ab
1252 5382 1345 5438 illo
1372 5384 1689 5446 mandatum
1723 5400 1876 5451 esse,
1922 5392 1973 5439 ul

2086 5384 2144 5439 ὃν
2171 5385 2264 5437 καὶ
2299 5381 2537 5437 διδάσκει
2566 5379 2715 5452 παρὰ
2755 5377 2849 5432 τοῦ
2882 5378 3123 5456 μείζονος
3164 5376 3532 5449 ὲπιτραπέντα
3556 5375 3653 5447 τὴν

419 5464 617 5537 impios
650 5468 833 5523 debito
865 5471 1133 5541 supplicio
1177 5473 1373 5530 alliciat
1406 5496 1419 5531 :
1463 5477 1661 5532 etenim
1696 5477 1821 5532 licet
1871 5491 1973 5531 non

2088 5475 2229 5531 κατά
2253 5475 2361 5529 τῶν
2406 5471 2631 5532 ἀσεϐῶν,
2662 5469 2995 5543 ποιήσασθαι¹
3030 5468 3317 5541 τιμωρίαν.
3356 5468 3504 5540 Πλὴν
3540 5464 3652 5521 ἀλλ’

419 5561 590 5616 semel
624 5560 907 5618 Dominum
936 5573 1119 5633 aperte
1149 5567 1429 5635 dicamus,
1463 5584 1573 5625 non
1601 5576 1782 5629 tamen
1813 5570 1973 5627 simili

2088 5571 2136 5623 εί
2159 5569 2251 5623 καὶ
2277 5567 2368 5622 δύο
2392 5567 2628 5638 Κυρίους
2652 5561 3100 5625 ἁνεπικαλύπτως
3129 5559 3515 5633 ὁμολογοῦμεν,
3541 5558 3653 5617 ἀλλ’

487 5716 533 5748 ⁸⁸
562 5716 900 5785 Psal.’ixxn,
939 5720 991 5776 9.
1068 5722 1107 5754 “
1140 5722 1273 5779 Gen.
1309 5736 1348 5789 ι,
1377 5722 1466 5778 26.
1542 5723 1592 5756 δ’
1615 5723 1749 5780 Gen.
1781 5739 1844 5792 ιι,
1877 5724 1943 5780 18

2112 5721 2246 5780 Gen.
2279 5739 2317 5789 ι,
2354 5722 2440 5776 27.
2504 5720 2547 5753 ”
2579 5719 2710 5775 Ccu.
2744 5734 2855 5786 xxx,
2884 5716 3069 5786 23,24.
