  <div class='ocr_page' id='page_1' title='image "/cluster/home/n/w/nwhite01/storage/ocr_20150623/22/mdp.39015078384388/208.png"; bbox 0 0 3902 6264; ppageno 0'>
   <div class='ocr_carea' id='block_1_1' title="bbox 233 327 1798 386">
    <p class='ocr_par' dir='ltr' id='par_1_1' title="bbox 233 327 1796 386">
     <span class='ocr_line' id='line_1_1' title="bbox 233 327 1796 386; baseline -0.001 -2"><span class='ocrx_word' id='word_1_1' title='bbox 233 328 322 384; x_wconf 71' lang='grc'><strong>581</strong></span> <span class='ocrx_word' id='word_1_2' title='bbox 1196 327 1796 386; x_wconf 71' lang='lat' dir='ltr'><strong>DEMONSTRATIONI</strong></span> 
     </span>
    </p>
   </div>
   <div class='ocr_carea' id='block_1_2' title="bbox 1905 327 3488 386">
    <p class='ocr_par' dir='ltr' id='par_1_2' title="bbox 1905 327 3488 386">
     <span class='ocr_line' id='line_1_2' title="bbox 1905 327 3488 386; baseline 0.001 -2"><span class='ocrx_word' id='word_1_3' title='bbox 1905 327 2354 385; x_wconf 65' lang='lat' dir='ltr'><strong>IVANGELICA‘I.</strong></span> <span class='ocrx_word' id='word_1_4' title='bbox 2395 328 2521 383; x_wconf 89' lang='lat' dir='ltr'><strong>LIB.</strong></span> <span class='ocrx_word' id='word_1_5' title='bbox 2570 327 2628 384; x_wconf 86' lang='lat' dir='ltr'><strong>V.</strong></span> <span class='ocrx_word' id='word_1_6' title='bbox 3382 330 3488 386; x_wconf 70' lang='lat'><strong>38!</strong></span> 
     </span>
    </p>
   </div>
   <div class='ocr_carea' id='block_1_3' title="bbox 226 430 1798 516">
    <p class='ocr_par' dir='ltr' id='par_1_3' title="bbox 226 434 1798 516">
     <span class='ocr_line' id='line_1_3' title="bbox 226 434 1798 516; baseline 0.002 -20"><span class='ocrx_word' id='word_1_7' title='bbox 226 445 282 496; x_wconf 72' lang='grc' dir='ltr'>οὐ</span> <span class='ocrx_word' id='word_1_8' title='bbox 313 442 408 496; x_wconf 71' lang='grc' dir='ltr'><strong>καὶ</strong></span> <span class='ocrx_word' id='word_1_9' title='bbox 447 434 578 506; x_wconf 73' lang='grc' dir='ltr'>ταῖς</span> <span class='ocrx_word' id='word_1_10' title='bbox 625 445 851 516; x_wconf 78' lang='grc' dir='ltr'>ὁμοίαις</span> <span class='ocrx_word' id='word_1_11' title='bbox 877 444 963 498; x_wconf 75' lang='grc' dir='ltr'><strong>ἐπ’</strong></span> <span class='ocrx_word' id='word_1_12' title='bbox 987 444 1315 516; x_wconf 81' lang='grc' dir='ltr'><strong>ἀμφοτέροις</strong></span> <span class='ocrx_word' id='word_1_13' title='bbox 1353 442 1612 516; x_wconf 82' lang='grc' dir='ltr'><strong>χρώμεθα</strong></span> <span class='ocrx_word' id='word_1_14' title='bbox 1645 442 1798 499; x_wconf 88' lang='grc' dir='ltr'>θεολο</span> 
     </span>
    </p>
   </div>
   <div class='ocr_carea' id='block_1_4' title="bbox 1905 430 3511 516">
    <p class='ocr_par' dir='ltr' id='par_1_4' title="bbox 1925 430 3511 515">
     <span class='ocr_line' id='line_1_4' title="bbox 1925 430 3511 515; baseline -0.005 -16"><span class='ocrx_word' id='word_1_15' title='bbox 1925 443 2125 515; x_wconf 88' lang='lat' dir='ltr'><strong>ubique</strong></span> <span class='ocrx_word' id='word_1_16' title='bbox 2153 444 2357 498; x_wconf 87' lang='lat' dir='ltr'><strong>utimur</strong></span> <span class='ocrx_word' id='word_1_17' title='bbox 2382 441 2673 512; x_wconf 83' lang='lat' dir='ltr'><strong>theologia,</strong></span> <span class='ocrx_word' id='word_1_18' title='bbox 2707 430 2803 498; x_wconf 79' lang='lat' dir='ltr'><strong>sed</strong></span> <span class='ocrx_word' id='word_1_19' title='bbox 2838 440 2926 512; x_wconf 85' lang='lat' dir='ltr'><strong>pia</strong></span> <span class='ocrx_word' id='word_1_20' title='bbox 2957 439 3220 511; x_wconf 81' lang='lat' dir='ltr'><strong>quadam,</strong></span> <span class='ocrx_word' id='word_1_21' title='bbox 3259 454 3325 495; x_wconf 77' lang='lat' dir='ltr'><strong>ae</strong></span> <span class='ocrx_word' id='word_1_22' title='bbox 3355 443 3511 496; x_wconf 11' lang='lat' dir='ltr'><strong>reti-7</strong></span> 
     </span>
    </p>
   </div>
   <div class='ocr_carea' id='block_1_5' title="bbox 223 526 1798 608">
    <p class='ocr_par' dir='ltr' id='par_1_5' title="bbox 223 526 1798 608">
     <span class='ocr_line' id='line_1_5' title="bbox 223 526 1798 608; baseline 0.003 -21"><span class='ocrx_word' id='word_1_23' title='bbox 223 536 389 604; x_wconf 80' lang='grc' dir='ltr'>γξαις·</span> <span class='ocrx_word' id='word_1_24' title='bbox 417 526 690 601; x_wconf 79' lang='grc' dir='ltr'>εὐσεϐῶς</span> <span class='ocrx_word' id='word_1_25' title='bbox 730 535 783 590; x_wconf 81' lang='grc' dir='ltr'><strong>δέ</strong></span> <span class='ocrx_word' id='word_1_26' title='bbox 818 539 883 607; x_wconf 80' lang='grc' dir='ltr'>τῇ</span> <span class='ocrx_word' id='word_1_27' title='bbox 911 535 1059 600; x_wconf 75' lang='grc' dir='ltr'>τάξει</span> <span class='ocrx_word' id='word_1_28' title='bbox 1101 534 1391 608; x_wconf 71' lang='grc' dir='ltr'>χρώμενοι,</span> <span class='ocrx_word' id='word_1_29' title='bbox 1417 536 1510 591; x_wconf 87' lang='grc' dir='ltr'>τὸν</span> <span class='ocrx_word' id='word_1_30' title='bbox 1543 535 1643 607; x_wconf 70' lang='grc' dir='ltr'>μὸν</span> <span class='ocrx_word' id='word_1_31' title='bbox 1681 537 1798 591; x_wconf 85' lang='grc' dir='ltr'>ἀνω</span> 
     </span>
    </p>
   </div>
   <div class='ocr_carea' id='block_1_6' title="bbox 1905 526 3487 608">
    <p class='ocr_par' dir='ltr' id='par_1_6' title="bbox 1920 529 3487 606">
     <span class='ocr_line' id='line_1_6' title="bbox 1920 529 3487 606; baseline 0 -18"><span class='ocrx_word' id='word_1_32' title='bbox 1920 534 2071 606; x_wconf 87' lang='lat' dir='ltr'><strong>giosa</strong></span> <span class='ocrx_word' id='word_1_33' title='bbox 2100 534 2453 590; x_wconf 74' lang='lat' dir='ltr'><strong>distinctione</strong></span> <span class='ocrx_word' id='word_1_34' title='bbox 2484 540 2737 595; x_wconf 89' lang='lat' dir='ltr'><strong>utentes,</strong></span> <span class='ocrx_word' id='word_1_35' title='bbox 2769 533 2921 587; x_wconf 85' lang='lat' dir='ltr'><strong>illum</strong></span> <span class='ocrx_word' id='word_1_36' title='bbox 2961 531 3179 603; x_wconf 88' lang='lat' dir='ltr'><strong>quidem</strong></span> <span class='ocrx_word' id='word_1_37' title='bbox 3216 542 3271 587; x_wconf 89' lang='lat' dir='ltr'><strong>et</strong></span> <span class='ocrx_word' id='word_1_38' title='bbox 3316 529 3487 588; x_wconf 83' lang='lat' dir='ltr'><strong>Deum</strong></span> 
     </span>
    </p>
   </div>
   <div class='ocr_carea' id='block_1_7' title="bbox 222 616 1798 699">
    <p class='ocr_par' dir='ltr' id='par_1_7' title="bbox 222 616 1798 699">
     <span class='ocr_line' id='line_1_7' title="bbox 222 616 1798 699; baseline 0.001 -20"><span class='ocrx_word' id='word_1_39' title='bbox 222 626 358 679; x_wconf 81' lang='grc' dir='ltr'>τάτω</span> <span class='ocrx_word' id='word_1_40' title='bbox 394 624 638 697; x_wconf 80' lang='grc' dir='ltr'><strong>Πατέρα</strong></span> <span class='ocrx_word' id='word_1_41' title='bbox 673 627 769 681; x_wconf 78' lang='grc' dir='ltr'>καὶ</span> <span class='ocrx_word' id='word_1_42' title='bbox 793 625 924 680; x_wconf 89' lang='grc' dir='ltr'>Θεὸν</span> <span class='ocrx_word' id='word_1_43' title='bbox 949 616 1053 680; x_wconf 64' lang='grc' dir='ltr'>καῖ’</span> <span class='ocrx_word' id='word_1_44' title='bbox 1067 626 1291 699; x_wconf 84' lang='grc' dir='ltr'>Κύριον,</span> <span class='ocrx_word' id='word_1_45' title='bbox 1320 628 1415 682; x_wconf 76' lang='grc' dir='ltr'>καὶ</span> <span class='ocrx_word' id='word_1_46' title='bbox 1440 624 1534 681; x_wconf 88' lang='grc' dir='ltr'><strong>τοῦ</strong></span> <span class='ocrx_word' id='word_1_47' title='bbox 1564 627 1798 699; x_wconf 81' lang='grc' dir='ltr'>δευτέροι</span> 
     </span>
    </p>
   </div>
   <div class='ocr_carea' id='block_1_8' title="bbox 1905 616 3489 699">
    <p class='ocr_par' dir='ltr' id='par_1_8' title="bbox 1918 621 3489 693">
     <span class='ocr_line' id='line_1_8' title="bbox 1918 621 3489 693; baseline -0.003 -12"><span class='ocrx_word' id='word_1_48' title='bbox 1918 635 1971 681; x_wconf 91' lang='lat' dir='ltr'><strong>et</strong></span> <span class='ocrx_word' id='word_1_49' title='bbox 1999 623 2284 680; x_wconf 85' lang='lat' dir='ltr'><strong>Dominum</strong></span> <span class='ocrx_word' id='word_1_50' title='bbox 2309 663 2326 690; x_wconf 93' lang='lat'><strong>,</strong></span> <span class='ocrx_word' id='word_1_51' title='bbox 2367 623 2534 693; x_wconf 85' lang='lat' dir='ltr'><strong>hujus</strong></span> <span class='ocrx_word' id='word_1_52' title='bbox 2564 623 2727 678; x_wconf 90' lang='lat' dir='ltr'><strong>etiam</strong></span> <span class='ocrx_word' id='word_1_53' title='bbox 2762 622 2977 678; x_wconf 81' lang='lat' dir='ltr'><strong>Patrem</strong></span> <span class='ocrx_word' id='word_1_54' title='bbox 3006 638 3130 679; x_wconf 90' lang='lat' dir='ltr'><strong>esse</strong></span> <span class='ocrx_word' id='word_1_55' title='bbox 3161 621 3341 679; x_wconf 82' lang='lat' dir='ltr'><strong>edocti</strong></span> <span class='ocrx_word' id='word_1_56' title='bbox 3394 640 3489 680; x_wconf 90' lang='lat' dir='ltr'><strong>su-</strong></span> 
     </span>
    </p>
   </div>
   <div class='ocr_carea' id='block_1_9' title="bbox 221 711 1798 787">
    <p class='ocr_par' dir='ltr' id='par_1_9' title="bbox 221 711 1798 787">
     <span class='ocr_line' id='line_1_9' title="bbox 221 711 1798 787; baseline 0.003 -22"><span class='ocrx_word' id='word_1_57' title='bbox 221 711 418 784; x_wconf 80' lang='grc' dir='ltr'>Κύριον</span> <span class='ocrx_word' id='word_1_58' title='bbox 463 714 572 767; x_wconf 78' lang='grc' dir='ltr'>καὶ</span> <span class='ocrx_word' id='word_1_59' title='bbox 633 715 771 769; x_wconf 83' lang='grc' dir='ltr'><strong>Θεὸν</strong></span> <span class='ocrx_word' id='word_1_60' title='bbox 816 711 952 770; x_wconf 75' lang='grc' dir='ltr'>εἶναι</span> <span class='ocrx_word' id='word_1_61' title='bbox 1003 716 1437 787; x_wconf 73' lang='grc' dir='ltr'><strong>πεπαιδεύμεθα·</strong></span> <span class='ocrx_word' id='word_1_62' title='bbox 1486 717 1577 771; x_wconf 87' lang='grc' dir='ltr'>τὸν</span> <span class='ocrx_word' id='word_1_63' title='bbox 1614 716 1672 770; x_wconf 81' lang='grc' dir='ltr'>δὲ</span> <span class='ocrx_word' id='word_1_64' title='bbox 1720 717 1798 771; x_wconf 68' lang='lat' dir='ltr'><strong>rei</strong></span> 
     </span>
    </p>
   </div>
   <div class='ocr_carea' id='block_1_10' title="bbox 1905 711 3486 787">
    <p class='ocr_par' dir='ltr' id='par_1_10' title="bbox 1918 713 3486 786">
     <span class='ocr_line' id='line_1_10' title="bbox 1918 713 3486 786; baseline -0.002 -14"><span class='ocrx_word' id='word_1_65' title='bbox 1918 732 2084 783; x_wconf 86' lang='lat' dir='ltr'><strong>mus;</strong></span> <span class='ocrx_word' id='word_1_66' title='bbox 2120 716 2265 771; x_wconf 91' lang='lat' dir='ltr'><strong>hunc</strong></span> <span class='ocrx_word' id='word_1_67' title='bbox 2288 730 2418 771; x_wconf 87' lang='lat' dir='ltr'><strong>vero</strong></span> <span class='ocrx_word' id='word_1_68' title='bbox 2445 714 2648 786; x_wconf 89' lang='lat' dir='ltr'><strong>ipsum,</strong></span> <span class='ocrx_word' id='word_1_69' title='bbox 2684 730 2845 785; x_wconf 84' lang='lat' dir='ltr'><strong>quem</strong></span> <span class='ocrx_word' id='word_1_70' title='bbox 2874 724 2929 771; x_wconf 90' lang='lat' dir='ltr'><strong>et</strong></span> <span class='ocrx_word' id='word_1_71' title='bbox 2984 713 3149 771; x_wconf 75' lang='lat' dir='ltr'><strong>Verbi</strong></span> <span class='ocrx_word' id='word_1_72' title='bbox 3192 725 3246 769; x_wconf 90' lang='lat' dir='ltr'><strong>et</strong></span> <span class='ocrx_word' id='word_1_73' title='bbox 3272 714 3486 771; x_wconf 87' lang='lat' dir='ltr'><strong>Domini</strong></span> 
     </span>
    </p>
   </div>
   <div class='ocr_carea' id='block_1_11' title="bbox 219 804 1798 881">
    <p class='ocr_par' dir='ltr' id='par_1_11' title="bbox 219 804 1798 881">
     <span class='ocr_line' id='line_1_11' title="bbox 219 804 1798 881; baseline 0.003 -23"><span class='ocrx_word' id='word_1_74' title='bbox 219 804 345 859; x_wconf 83' lang='grc' dir='ltr'>Θεοῦ</span> <span class='ocrx_word' id='word_1_75' title='bbox 377 804 595 873; x_wconf 83' lang='grc' dir='ltr'>Λόγον,</span> <span class='ocrx_word' id='word_1_76' title='bbox 631 807 730 861; x_wconf 85' lang='grc' dir='ltr'>τὸν</span> <span class='ocrx_word' id='word_1_77' title='bbox 756 807 1004 880; x_wconf 84' lang='grc' dir='ltr'>δεύτερον</span> <span class='ocrx_word' id='word_1_78' title='bbox 1020 808 1243 880; x_wconf 83' lang='grc' dir='ltr'><strong>Κύριον,</strong></span> <span class='ocrx_word' id='word_1_79' title='bbox 1268 808 1377 863; x_wconf 83' lang='grc' dir='ltr'><strong>τῶν</strong></span> <span class='ocrx_word' id='word_1_80' title='bbox 1405 808 1504 881; x_wconf 78' lang='grc' dir='ltr'>μὲν</span> <span class='ocrx_word' id='word_1_81' title='bbox 1532 809 1623 863; x_wconf 79' lang='grc' dir='ltr'><strong>ὑπ’</strong></span> <span class='ocrx_word' id='word_1_82' title='bbox 1653 809 1798 864; x_wconf 62' lang='grc' dir='ltr'>αύτὸη</span> 
     </span>
    </p>
   </div>
   <div class='ocr_carea' id='block_1_12' title="bbox 1905 804 3485 881">
    <p class='ocr_par' dir='ltr' id='par_1_12' title="bbox 1918 806 3485 881">
     <span class='ocr_line' id='line_1_12' title="bbox 1918 806 3485 881; baseline -0.001 -17"><span class='ocrx_word' id='word_1_83' title='bbox 1918 809 2276 881; x_wconf 75' lang='lat' dir='ltr'><strong>appellatione</strong></span> <span class='ocrx_word' id='word_1_84' title='bbox 2296 807 2602 881; x_wconf 77' lang='lat' dir='ltr'><strong>signiﬁcare</strong></span> <span class='ocrx_word' id='word_1_85' title='bbox 2624 807 3032 872; x_wconf 83' lang='lat' dir='ltr'><strong>consuevimus,</strong></span> <span class='ocrx_word' id='word_1_86' title='bbox 3050 823 3239 862; x_wconf 89' lang='lat' dir='ltr'><strong>eorum</strong></span> <span class='ocrx_word' id='word_1_87' title='bbox 3265 806 3485 877; x_wconf 90' lang='lat' dir='ltr'><strong>quidem</strong></span> 
     </span>
    </p>
   </div>
   <div class='ocr_carea' id='block_1_13' title="bbox 214 894 1812 972">
    <p class='ocr_par' dir='ltr' id='par_1_13' title="bbox 214 894 1812 972">
     <span class='ocr_line' id='line_1_13' title="bbox 214 894 1812 972; baseline 0.003 -21"><span class='ocrx_word' id='word_1_88' title='bbox 214 894 507 967; x_wconf 69' lang='grc' dir='ltr'>δεσπότην,</span> <span class='ocrx_word' id='word_1_89' title='bbox 542 898 664 953; x_wconf 79' lang='grc' dir='ltr'>οὐκ</span> <span class='ocrx_word' id='word_1_90' title='bbox 706 900 785 953; x_wconf 78' lang='grc' dir='ltr'>ἔτι</span> <span class='ocrx_word' id='word_1_91' title='bbox 826 900 882 953; x_wconf 83' lang='grc' dir='ltr'>δὲ</span> <span class='ocrx_word' id='word_1_92' title='bbox 923 900 1124 972; x_wconf 84' lang='grc' dir='ltr'>ὁμοίως</span> <span class='ocrx_word' id='word_1_93' title='bbox 1164 905 1260 954; x_wconf 80' lang='grc' dir='ltr'><strong>καὶ</strong></span> <span class='ocrx_word' id='word_1_94' title='bbox 1288 898 1383 955; x_wconf 89' lang='grc' dir='ltr'><strong>τοῦ</strong></span> <span class='ocrx_word' id='word_1_95' title='bbox 1433 900 1696 972; x_wconf 77' lang='grc' dir='ltr'>μείζονος.</span> <span class='ocrx_word' id='word_1_96' title='bbox 1738 902 1812 955; x_wconf 84' lang='grc' dir='ltr'><strong>Οὐ</strong></span> 
     </span>
    </p>
   </div>
   <div class='ocr_carea' id='block_1_14' title="bbox 216 987 1811 1067">
    <p class='ocr_par' dir='ltr' id='par_1_14' title="bbox 216 987 1811 1067">
     <span class='ocr_line' id='line_1_14' title="bbox 216 987 1811 1067; baseline 0.003 -24"><span class='ocrx_word' id='word_1_97' title='bbox 216 990 318 1059; x_wconf 80' lang='grc' dir='ltr'><strong>γὰρ</strong></span> <span class='ocrx_word' id='word_1_98' title='bbox 349 987 447 1044; x_wconf 87' lang='grc' dir='ltr'><strong>τοῦ</strong></span> <span class='ocrx_word' id='word_1_99' title='bbox 498 990 737 1062; x_wconf 85' lang='grc' dir='ltr'>Πατρὸς</span> <span class='ocrx_word' id='word_1_100' title='bbox 778 990 1018 1062; x_wconf 71' lang='grc' dir='ltr'>Κύριος,¹</span> <span class='ocrx_word' id='word_1_101' title='bbox 1057 992 1177 1046; x_wconf 80' lang='grc' dir='ltr'>οὐδὲ</span> <span class='ocrx_word' id='word_1_102' title='bbox 1223 991 1317 1047; x_wconf 83' lang='grc' dir='ltr'><strong>τοῦ</strong></span> <span class='ocrx_word' id='word_1_103' title='bbox 1346 992 1558 1067; x_wconf 85' lang='grc' dir='ltr'>Πατρὸς</span> <span class='ocrx_word' id='word_1_104' title='bbox 1599 993 1749 1059; x_wconf 87' lang='grc' dir='ltr'>Θεὸς,</span> <span class='ocrx_word' id='word_1_105' title='bbox 1781 996 1811 1047; x_wconf 92' lang='lat'><strong>6</strong></span> 
     </span>
    </p>
   </div>
   <div class='ocr_carea' id='block_1_15' title="bbox 213 1079 1811 1155">
    <p class='ocr_par' dir='ltr' id='par_1_15' title="bbox 213 1079 1811 1155">
     <span class='ocr_line' id='line_1_15' title="bbox 213 1079 1811 1155; baseline 0.003 -21"><span class='ocrx_word' id='word_1_106' title='bbox 213 1080 339 1145; x_wconf 82' lang='grc' dir='ltr'>Θεὸς</span> <span class='ocrx_word' id='word_1_107' title='bbox 367 1079 585 1150; x_wconf 83' lang='grc' dir='ltr'>Λόγος,</span> <span class='ocrx_word' id='word_1_108' title='bbox 630 1082 750 1139; x_wconf 85' lang='grc' dir='ltr'>ἀλλ’</span> <span class='ocrx_word' id='word_1_109' title='bbox 788 1083 994 1137; x_wconf 87' lang='grc' dir='ltr'>ἐκείνου</span> <span class='ocrx_word' id='word_1_110' title='bbox 1025 1084 1123 1155; x_wconf 81' lang='grc' dir='ltr'>μὲν</span> <span class='ocrx_word' id='word_1_111' title='bbox 1149 1083 1332 1150; x_wconf 75' lang='grc' dir='ltr'>εἰκὼν,</span> <span class='ocrx_word' id='word_1_112' title='bbox 1374 1086 1469 1140; x_wconf 76' lang='grc' dir='ltr'>καὶ</span> <span class='ocrx_word' id='word_1_113' title='bbox 1496 1086 1685 1155; x_wconf 87' lang='grc' dir='ltr'>Λόγος,</span> <span class='ocrx_word' id='word_1_114' title='bbox 1717 1088 1811 1141; x_wconf 86' lang='grc' dir='ltr'>καὶ</span> 
     </span>
    </p>
   </div>
   <div class='ocr_carea' id='block_1_16' title="bbox 216 1171 1813 1247">
    <p class='ocr_par' dir='ltr' id='par_1_16' title="bbox 216 1171 1813 1247">
     <span class='ocr_line' id='line_1_16' title="bbox 216 1171 1813 1247; baseline 0.002 -21"><span class='ocrx_word' id='word_1_115' title='bbox 216 1171 395 1239; x_wconf 78' lang='grc' dir='ltr'>σοφία,</span> <span class='ocrx_word' id='word_1_116' title='bbox 422 1172 532 1226; x_wconf 69' lang='grc' dir='ltr'>καὶ</span> <span class='ocrx_word' id='word_1_117' title='bbox 567 1172 825 1244; x_wconf 78' lang='grc' dir='ltr'>δύναμις,</span> <span class='ocrx_word' id='word_1_118' title='bbox 853 1173 962 1229; x_wconf 84' lang='grc' dir='ltr'>τῶν</span> <span class='ocrx_word' id='word_1_119' title='bbox 987 1174 1043 1228; x_wconf 88' lang='grc' dir='ltr'>δὲ</span> <span class='ocrx_word' id='word_1_120' title='bbox 1075 1178 1190 1247; x_wconf 80' lang='grc' dir='ltr'>μετ’</span> <span class='ocrx_word' id='word_1_121' title='bbox 1218 1175 1380 1229; x_wconf 83' lang='grc' dir='ltr'>αὐτὸν</span> <span class='ocrx_word' id='word_1_122' title='bbox 1403 1176 1668 1247; x_wconf 82' lang='grc' dir='ltr'><strong>δεσπότης</strong></span> <span class='ocrx_word' id='word_1_123' title='bbox 1701 1176 1813 1229; x_wconf 84' lang='grc' dir='ltr'><strong>Κύ-</strong></span> 
     </span>
    </p>
   </div>
   <div class='ocr_carea' id='block_1_17' title="bbox 216 1262 1807 1338">
    <p class='ocr_par' dir='ltr' id='par_1_17' title="bbox 216 1262 1807 1338">
     <span class='ocr_line' id='line_1_17' title="bbox 216 1262 1807 1338; baseline 0.002 -22"><span class='ocrx_word' id='word_1_124' title='bbox 216 1278 343 1332; x_wconf 72' lang='grc' dir='ltr'>ριος,</span> <span class='ocrx_word' id='word_1_125' title='bbox 378 1263 484 1316; x_wconf 74' lang='grc' dir='ltr'>καὶ</span> <span class='ocrx_word' id='word_1_126' title='bbox 509 1262 663 1328; x_wconf 78' lang='grc' dir='ltr'>Θεός</span> <span class='ocrx_word' id='word_1_127' title='bbox 682 1281 695 1295; x_wconf 85' lang='grc'><strong>·</strong></span> <span class='ocrx_word' id='word_1_128' title='bbox 729 1267 760 1318; x_wconf 97' lang='lat'><strong>6</strong></span> <span class='ocrx_word' id='word_1_129' title='bbox 787 1265 844 1318; x_wconf 88' lang='grc' dir='ltr'><strong>δέ</strong></span> <span class='ocrx_word' id='word_1_130' title='bbox 878 1282 940 1334; x_wconf 91' lang='grc' dir='ltr'><strong>γε</strong></span> <span class='ocrx_word' id='word_1_131' title='bbox 972 1265 1160 1338; x_wconf 82' lang='grc' dir='ltr'>Πατὴρ</span> <span class='ocrx_word' id='word_1_132' title='bbox 1191 1263 1402 1321; x_wconf 74' lang='grc' dir='ltr'>καὶτοῦ</span> <span class='ocrx_word' id='word_1_133' title='bbox 1435 1265 1562 1320; x_wconf 86' lang='grc' dir='ltr'>Υίοῦ</span> <span class='ocrx_word' id='word_1_134' title='bbox 1597 1266 1807 1338; x_wconf 86' lang='grc' dir='ltr'>Πατὴρ,</span> 
     </span>
    </p>
   </div>
   <div class='ocr_carea' id='block_1_18' title="bbox 212 1352 1808 1435">
    <p class='ocr_par' dir='ltr' id='par_1_18' title="bbox 212 1352 1808 1435">
     <span class='ocr_line' id='line_1_18' title="bbox 212 1352 1808 1435; baseline 0.004 -31"><span class='ocrx_word' id='word_1_135' title='bbox 212 1353 299 1405; x_wconf 72' lang='grc' dir='ltr'>καὶ</span> <span class='ocrx_word' id='word_1_136' title='bbox 340 1352 569 1425; x_wconf 83' lang='grc' dir='ltr'>Κύριος</span> <span class='ocrx_word' id='word_1_137' title='bbox 622 1356 718 1409; x_wconf 70' lang='grc' dir='ltr'>καὶ</span> <span class='ocrx_word' id='word_1_138' title='bbox 761 1355 909 1420; x_wconf 80' lang='grc' dir='ltr'>Θεός.</span> <span class='ocrx_word' id='word_1_139' title='bbox 942 1356 1103 1409; x_wconf 90' lang='grc' dir='ltr'>Ὅθεν</span> <span class='ocrx_word' id='word_1_140' title='bbox 1152 1358 1376 1435; x_wconf 72' lang='grc' dir='ltr'>εἰκότως</span> <span class='ocrx_word' id='word_1_141' title='bbox 1425 1357 1808 1429; x_wconf 81' lang='grc' dir='ltr'>ἀνατρέχουσιν</span> 
     </span>
    </p>
   </div>
   <div class='ocr_carea' id='block_1_19' title="bbox 211 1442 1804 1521">
    <p class='ocr_par' dir='ltr' id='par_1_19' title="bbox 211 1442 1804 1521">
     <span class='ocr_line' id='line_1_19' title="bbox 211 1442 1804 1521; baseline 0.006 -27"><span class='ocrx_word' id='word_1_142' title='bbox 211 1443 287 1506; x_wconf 84' lang='grc' dir='ltr'><strong>είς</strong></span> <span class='ocrx_word' id='word_1_143' title='bbox 316 1442 452 1513; x_wconf 87' lang='grc' dir='ltr'>μίαν</span> <span class='ocrx_word' id='word_1_144' title='bbox 481 1444 681 1520; x_wconf 84' lang='grc' dir='ltr'>ἀρχήν</span> <span class='ocrx_word' id='word_1_145' title='bbox 698 1464 713 1485; x_wconf 65' lang='grc' dir='ltr'>α</span> <span class='ocrx_word' id='word_1_146' title='bbox 745 1448 837 1503; x_wconf 80' lang='grc' dir='ltr'>καὶ</span> <span class='ocrx_word' id='word_1_147' title='bbox 863 1450 940 1512; x_wconf 87' lang='grc' dir='ltr'><strong>είς</strong></span> <span class='ocrx_word' id='word_1_148' title='bbox 968 1449 1064 1503; x_wconf 73' lang='grc' dir='ltr'>ἕνα</span> <span class='ocrx_word' id='word_1_149' title='bbox 1089 1449 1222 1504; x_wconf 81' lang='grc' dir='ltr'>Θεὸν</span> <span class='ocrx_word' id='word_1_150' title='bbox 1247 1449 1558 1504; x_wconf 79' lang='grc' dir='ltr'>συνίσταται</span> <span class='ocrx_word' id='word_1_151' title='bbox 1582 1450 1712 1521; x_wconf 78' lang='grc' dir='ltr'>ἡμῖν</span> <span class='ocrx_word' id='word_1_152' title='bbox 1736 1448 1804 1503; x_wconf 90' lang='grc' dir='ltr'><strong>τὰ</strong></span> 
     </span>
    </p>
   </div>
   <div class='ocr_carea' id='block_1_20' title="bbox 210 1533 940 1608">
    <p class='ocr_par' dir='ltr' id='par_1_20' title="bbox 210 1533 940 1608">
     <span class='ocr_line' id='line_1_20' title="bbox 210 1533 940 1608; baseline 0.008 -22"><span class='ocrx_word' id='word_1_153' title='bbox 210 1533 303 1603; x_wconf 85' lang='grc' dir='ltr'><strong>τῆς</strong></span> <span class='ocrx_word' id='word_1_154' title='bbox 322 1534 611 1601; x_wconf 78' lang='grc' dir='ltr'>εὐσεϐοῦς</span> <span class='ocrx_word' id='word_1_155' title='bbox 644 1537 940 1608; x_wconf 82' lang='grc' dir='ltr'>θεολογίας.</span> 
     </span>
    </p>
   </div>
   <div class='ocr_carea' id='block_1_21' title="bbox 1915 897 3485 975">
    <p class='ocr_par' dir='ltr' id='par_1_21' title="bbox 1915 897 3485 975">
     <span class='ocr_line' id='line_1_21' title="bbox 1915 897 3485 975; baseline -0.001 -18"><span class='ocrx_word' id='word_1_156' title='bbox 1915 902 2009 975; x_wconf 90' lang='lat' dir='ltr'><strong>qui</strong></span> <span class='ocrx_word' id='word_1_157' title='bbox 2034 908 2157 972; x_wconf 88' lang='lat' dir='ltr'><strong>post</strong></span> <span class='ocrx_word' id='word_1_158' title='bbox 2172 901 2370 971; x_wconf 85' lang='lat' dir='ltr'><strong>ipsum,</strong></span> <span class='ocrx_word' id='word_1_159' title='bbox 2391 907 2445 955; x_wconf 91' lang='lat' dir='ltr'><strong>et</strong></span> <span class='ocrx_word' id='word_1_160' title='bbox 2473 900 2577 955; x_wconf 89' lang='lat' dir='ltr'><strong>sub</strong></span> <span class='ocrx_word' id='word_1_161' title='bbox 2601 899 2722 969; x_wconf 88' lang='lat' dir='ltr'><strong>ipso</strong></span> <span class='ocrx_word' id='word_1_162' title='bbox 2738 907 2885 963; x_wconf 89' lang='lat' dir='ltr'><strong>sunt,</strong></span> <span class='ocrx_word' id='word_1_163' title='bbox 2899 914 3021 954; x_wconf 89' lang='lat' dir='ltr'><strong>esse</strong></span> <span class='ocrx_word' id='word_1_164' title='bbox 3033 897 3345 962; x_wconf 83' lang='lat' dir='ltr'><strong>Dominum,</strong></span> <span class='ocrx_word' id='word_1_165' title='bbox 3363 900 3485 969; x_wconf 91' lang='lat' dir='ltr'><strong>ejus</strong></span> 
     </span>
    </p>
   </div>
   <div class='ocr_carea' id='block_1_22' title="bbox 1917 988 3480 1064">
    <p class='ocr_par' dir='ltr' id='par_1_22' title="bbox 1917 988 3480 1064">
     <span class='ocr_line' id='line_1_22' title="bbox 1917 988 3480 1064; baseline -0.001 -16"><span class='ocrx_word' id='word_1_166' title='bbox 1917 1001 2098 1049; x_wconf 89' lang='lat' dir='ltr'><strong>autem</strong></span> <span class='ocrx_word' id='word_1_167' title='bbox 2117 993 2210 1064; x_wconf 90' lang='lat' dir='ltr'><strong>qui</strong></span> <span class='ocrx_word' id='word_1_168' title='bbox 2231 1007 2401 1047; x_wconf 93' lang='lat' dir='ltr'><strong>unum</strong></span> <span class='ocrx_word' id='word_1_169' title='bbox 2428 1005 2553 1046; x_wconf 92' lang='lat' dir='ltr'><strong>cum</strong></span> <span class='ocrx_word' id='word_1_170' title='bbox 2577 990 2697 1061; x_wconf 88' lang='lat' dir='ltr'><strong>ipso</strong></span> <span class='ocrx_word' id='word_1_171' title='bbox 2716 997 2824 1057; x_wconf 89' lang='lat' dir='ltr'><strong>est,</strong></span> <span class='ocrx_word' id='word_1_172' title='bbox 2855 988 3168 1060; x_wconf 72' lang='lat' dir='ltr'><strong>neutiquam</strong></span> <span class='ocrx_word' id='word_1_173' title='bbox 3191 989 3441 1045; x_wconf 82' lang='lat' dir='ltr'><strong>similiter</strong></span> <span class='ocrx_word' id='word_1_174' title='bbox 3464 1009 3480 1046; x_wconf 86' lang='lat'>:</span> 
     </span>
    </p>
   </div>
   <div class='ocr_carea' id='block_1_23' title="bbox 1917 1078 3483 1155">
    <p class='ocr_par' dir='ltr' id='par_1_23' title="bbox 1917 1078 3483 1155">
     <span class='ocr_line' id='line_1_23' title="bbox 1917 1078 3483 1155; baseline -0.002 -16"><span class='ocrx_word' id='word_1_175' title='bbox 1917 1084 2077 1155; x_wconf 68' lang='lat'><strong>233</strong></span> <span class='ocrx_word' id='word_1_176' title='bbox 2108 1099 2284 1154; x_wconf 87' lang='lat' dir='ltr'><strong>neque</strong></span> <span class='ocrx_word' id='word_1_177' title='bbox 2320 1083 2466 1139; x_wconf 89' lang='lat' dir='ltr'><strong>enim</strong></span> <span class='ocrx_word' id='word_1_178' title='bbox 2510 1081 2688 1138; x_wconf 84' lang='lat' dir='ltr'><strong>Patris</strong></span> <span class='ocrx_word' id='word_1_179' title='bbox 2728 1080 3021 1145; x_wconf 81' lang='lat' dir='ltr'><strong>Dominus,</strong></span> <span class='ocrx_word' id='word_1_180' title='bbox 3077 1095 3252 1149; x_wconf 88' lang='lat' dir='ltr'><strong>neque</strong></span> <span class='ocrx_word' id='word_1_181' title='bbox 3301 1078 3483 1137; x_wconf 82' lang='lat' dir='ltr'><strong>Patris</strong></span> 
     </span>
    </p>
   </div>
   <div class='ocr_carea' id='block_1_24' title="bbox 1916 1170 3483 1247">
    <p class='ocr_par' dir='ltr' id='par_1_24' title="bbox 1916 1170 3483 1247">
     <span class='ocr_line' id='line_1_24' title="bbox 1916 1170 3483 1247; baseline -0.003 -15"><span class='ocrx_word' id='word_1_182' title='bbox 1916 1175 2081 1241; x_wconf 89' lang='lat' dir='ltr'><strong>Deus,</strong></span> <span class='ocrx_word' id='word_1_183' title='bbox 2112 1178 2160 1230; x_wconf 90' lang='lat' dir='ltr'><strong>is</strong></span> <span class='ocrx_word' id='word_1_184' title='bbox 2187 1179 2282 1247; x_wconf 89' lang='lat' dir='ltr'><strong>qui</strong></span> <span class='ocrx_word' id='word_1_185' title='bbox 2320 1186 2405 1231; x_wconf 87' lang='lat' dir='ltr'><strong>est</strong></span> <span class='ocrx_word' id='word_1_186' title='bbox 2458 1173 2601 1230; x_wconf 81' lang='lat' dir='ltr'><strong>Deus</strong></span> <span class='ocrx_word' id='word_1_187' title='bbox 2630 1171 2868 1228; x_wconf 77' lang='lat' dir='ltr'><strong>Verbum</strong></span> <span class='ocrx_word' id='word_1_188' title='bbox 2895 1211 2912 1237; x_wconf 89' lang='lat'><strong>,</strong></span> <span class='ocrx_word' id='word_1_189' title='bbox 2956 1170 3050 1228; x_wconf 91' lang='lat' dir='ltr'><strong>sed</strong></span> <span class='ocrx_word' id='word_1_190' title='bbox 3080 1172 3228 1227; x_wconf 90' lang='lat' dir='ltr'><strong>illius</strong></span> <span class='ocrx_word' id='word_1_191' title='bbox 3265 1172 3483 1242; x_wconf 87' lang='lat' dir='ltr'><strong>quidem</strong></span> 
     </span>
    </p>
   </div>
   <div class='ocr_carea' id='block_1_25' title="bbox 1916 1262 3484 1338">
    <p class='ocr_par' dir='ltr' id='par_1_25' title="bbox 1916 1262 3484 1338">
     <span class='ocr_line' id='line_1_25' title="bbox 1916 1262 3484 1338; baseline -0.003 -17"><span class='ocrx_word' id='word_1_192' title='bbox 1916 1265 2116 1338; x_wconf 83' lang='lat' dir='ltr'><strong>imago,</strong></span> <span class='ocrx_word' id='word_1_193' title='bbox 2151 1275 2207 1322; x_wconf 92' lang='lat' dir='ltr'><strong>et</strong></span> <span class='ocrx_word' id='word_1_194' title='bbox 2234 1265 2494 1331; x_wconf 85' lang='lat' dir='ltr'><strong>Verbum,</strong></span> <span class='ocrx_word' id='word_1_195' title='bbox 2527 1273 2583 1320; x_wconf 90' lang='lat' dir='ltr'><strong>et</strong></span> <span class='ocrx_word' id='word_1_196' title='bbox 2615 1262 2915 1336; x_wconf 79' lang='lat' dir='ltr'><strong>Sapientia,</strong></span> <span class='ocrx_word' id='word_1_197' title='bbox 2944 1270 2999 1318; x_wconf 91' lang='lat' dir='ltr'><strong>et</strong></span> <span class='ocrx_word' id='word_1_198' title='bbox 3028 1262 3240 1327; x_wconf 88' lang='lat' dir='ltr'><strong>virtus,</strong></span> <span class='ocrx_word' id='word_1_199' title='bbox 3292 1278 3484 1318; x_wconf 88' lang='lat' dir='ltr'><strong>eorum</strong></span> 
     </span>
    </p>
   </div>
   <div class='ocr_carea' id='block_1_26' title="bbox 1914 1354 3485 1429">
    <p class='ocr_par' dir='ltr' id='par_1_26' title="bbox 1914 1354 3485 1429">
     <span class='ocr_line' id='line_1_26' title="bbox 1914 1354 3485 1429; baseline -0.004 -15"><span class='ocrx_word' id='word_1_200' title='bbox 1914 1373 2044 1414; x_wconf 88' lang='lat' dir='ltr'><strong>vero</strong></span> <span class='ocrx_word' id='word_1_201' title='bbox 2073 1373 2196 1429; x_wconf 64' lang='lat' dir='ltr'><strong>quae</strong></span> <span class='ocrx_word' id='word_1_202' title='bbox 2237 1365 2362 1429; x_wconf 91' lang='lat' dir='ltr'><strong>post</strong></span> <span class='ocrx_word' id='word_1_203' title='bbox 2408 1358 2586 1427; x_wconf 89' lang='lat' dir='ltr'><strong>ipsum</strong></span> <span class='ocrx_word' id='word_1_204' title='bbox 2648 1357 2985 1412; x_wconf 86' lang='lat' dir='ltr'><strong>collocantur</strong></span> <span class='ocrx_word' id='word_1_205' title='bbox 3042 1354 3328 1410; x_wconf 92' lang='lat' dir='ltr'><strong>Dominum</strong></span> <span class='ocrx_word' id='word_1_206' title='bbox 3386 1355 3485 1414; x_wconf 80' lang='lat' dir='ltr'><strong>ha-</strong></span> 
     </span>
    </p>
   </div>
   <div class='ocr_carea' id='block_1_27' title="bbox 1911 1446 3485 1516">
    <p class='ocr_par' dir='ltr' id='par_1_27' title="bbox 1911 1446 3485 1516">
     <span class='ocr_line' id='line_1_27' title="bbox 1911 1446 3485 1516; baseline -0.003 -10"><span class='ocrx_word' id='word_1_207' title='bbox 1911 1450 2065 1516; x_wconf 89' lang='lat' dir='ltr'><strong>bens,</strong></span> <span class='ocrx_word' id='word_1_208' title='bbox 2120 1458 2175 1507; x_wconf 88' lang='lat' dir='ltr'><strong>et</strong></span> <span class='ocrx_word' id='word_1_209' title='bbox 2224 1449 2486 1506; x_wconf 89' lang='lat' dir='ltr'><strong>Dominus</strong></span> <span class='ocrx_word' id='word_1_210' title='bbox 2529 1459 2583 1505; x_wconf 92' lang='lat' dir='ltr'><strong>et</strong></span> <span class='ocrx_word' id='word_1_211' title='bbox 2618 1448 2762 1505; x_wconf 87' lang='lat' dir='ltr'><strong>Deus</strong></span> <span class='ocrx_word' id='word_1_212' title='bbox 2797 1469 2809 1505; x_wconf 95' lang='lat'>:</span> <span class='ocrx_word' id='word_1_213' title='bbox 2854 1449 2944 1505; x_wconf 90' lang='lat' dir='ltr'><strong>ille</strong></span> <span class='ocrx_word' id='word_1_214' title='bbox 2977 1463 3104 1504; x_wconf 89' lang='lat' dir='ltr'><strong>vero</strong></span> <span class='ocrx_word' id='word_1_215' title='bbox 3134 1464 3256 1503; x_wconf 91' lang='lat' dir='ltr'><strong>cum</strong></span> <span class='ocrx_word' id='word_1_216' title='bbox 3283 1455 3337 1503; x_wconf 90' lang='lat' dir='ltr'><strong>et</strong></span> <span class='ocrx_word' id='word_1_217' title='bbox 3377 1446 3485 1502; x_wconf 85' lang='lat' dir='ltr'><strong>Do-</strong></span> 
     </span>
    </p>
   </div>
   <div class='ocr_carea' id='block_1_28' title="bbox 1909 1537 3485 1611">
    <p class='ocr_par' dir='ltr' id='par_1_28' title="bbox 1909 1537 3485 1611">
     <span class='ocr_line' id='line_1_28' title="bbox 1909 1537 3485 1611; baseline -0.004 -14"><span class='ocrx_word' id='word_1_218' title='bbox 1909 1544 2110 1607; x_wconf 88' lang='lat' dir='ltr'><strong>minus,</strong></span> <span class='ocrx_word' id='word_1_219' title='bbox 2143 1550 2198 1599; x_wconf 87' lang='lat' dir='ltr'><strong>et</strong></span> <span class='ocrx_word' id='word_1_220' title='bbox 2225 1542 2368 1598; x_wconf 83' lang='lat' dir='ltr'><strong>Deus</strong></span> <span class='ocrx_word' id='word_1_221' title='bbox 2407 1542 2513 1607; x_wconf 86' lang='lat' dir='ltr'><strong>sit,</strong></span> <span class='ocrx_word' id='word_1_222' title='bbox 2562 1542 2725 1597; x_wconf 89' lang='lat' dir='ltr'><strong>etiam</strong></span> <span class='ocrx_word' id='word_1_223' title='bbox 2780 1550 2935 1611; x_wconf 88' lang='lat' dir='ltr'><strong>pater</strong></span> <span class='ocrx_word' id='word_1_224' title='bbox 2967 1549 3053 1595; x_wconf 88' lang='lat' dir='ltr'><strong>est</strong></span> <span class='ocrx_word' id='word_1_225' title='bbox 3088 1539 3286 1609; x_wconf 86' lang='lat' dir='ltr'><strong>hujus,</strong></span> <span class='ocrx_word' id='word_1_226' title='bbox 3338 1537 3485 1592; x_wconf 82' lang='lat' dir='ltr'><strong>sicut</strong></span> 
     </span>
    </p>
   </div>
   <div class='ocr_carea' id='block_1_29' title="bbox 209 1620 3483 1706">
    <p class='ocr_par' dir='ltr' id='par_1_29' title="bbox 209 1620 3483 1706">
     <span class='ocr_line' id='line_1_29' title="bbox 209 1620 3483 1706; baseline 0.002 -29"><span class='ocrx_word' id='word_1_227' title='bbox 209 1622 296 1678; x_wconf 87' lang='lat' dir='ltr'><strong>hic</strong></span> <span class='ocrx_word' id='word_1_228' title='bbox 327 1624 486 1682; x_wconf 92' lang='lat' dir='ltr'><strong>illius</strong></span> <span class='ocrx_word' id='word_1_229' title='bbox 530 1637 626 1685; x_wconf 87' lang='lat' dir='ltr'><strong>est</strong></span> <span class='ocrx_word' id='word_1_230' title='bbox 670 1629 859 1687; x_wconf 88' lang='lat' dir='ltr'><strong>Filius.</strong></span> <span class='ocrx_word' id='word_1_231' title='bbox 883 1632 1063 1698; x_wconf 85' lang='lat' dir='ltr'><strong>Quare</strong></span> <span class='ocrx_word' id='word_1_232' title='bbox 1092 1646 1218 1688; x_wconf 91' lang='lat' dir='ltr'><strong>cum</strong></span> <span class='ocrx_word' id='word_1_233' title='bbox 1242 1633 1295 1688; x_wconf 89' lang='lat' dir='ltr'><strong>hi</strong></span> <span class='ocrx_word' id='word_1_234' title='bbox 1330 1633 1439 1690; x_wconf 92' lang='lat' dir='ltr'><strong>duo</strong></span> <span class='ocrx_word' id='word_1_235' title='bbox 1471 1650 1639 1690; x_wconf 87' lang='lat' dir='ltr'><strong>unum</strong></span> <span class='ocrx_word' id='word_1_236' title='bbox 1663 1634 1795 1700; x_wconf 91' lang='lat' dir='ltr'><strong>sint,</strong></span> <span class='ocrx_word' id='word_1_237' title='bbox 1834 1636 2030 1691; x_wconf 89' lang='lat' dir='ltr'><strong>merito</strong></span> <span class='ocrx_word' id='word_1_238' title='bbox 2085 1650 2151 1692; x_wconf 90' lang='lat' dir='ltr'><strong>ea</strong></span> <span class='ocrx_word' id='word_1_239' title='bbox 2202 1650 2325 1705; x_wconf 72' lang='lat' dir='ltr'><strong>qua:</strong></span> <span class='ocrx_word' id='word_1_240' title='bbox 2381 1635 2450 1690; x_wconf 87' lang='lat' dir='ltr'><strong>ad</strong></span> <span class='ocrx_word' id='word_1_241' title='bbox 2486 1634 2795 1706; x_wconf 78' lang='lat' dir='ltr'><strong>religiosam</strong></span> <span class='ocrx_word' id='word_1_242' title='bbox 2845 1620 3175 1704; x_wconf 84' lang='lat' dir='ltr'><strong>theologiam</strong></span> <span class='ocrx_word' id='word_1_243' title='bbox 3210 1631 3483 1702; x_wconf 85' lang='lat' dir='ltr'><strong>pertinent</strong></span> 
     </span>
    </p>
   </div>
   <div class='ocr_carea' id='block_1_30' title="bbox 211 1714 2159 1794">
    <p class='ocr_par' dir='ltr' id='par_1_30' title="bbox 211 1714 2159 1794">
     <span class='ocr_line' id='line_1_30' title="bbox 211 1714 2159 1794; baseline 0.008 -25"><span class='ocrx_word' id='word_1_244' title='bbox 211 1714 263 1770; x_wconf 86' lang='lat' dir='ltr'><strong>in</strong></span> <span class='ocrx_word' id='word_1_245' title='bbox 282 1731 461 1772; x_wconf 88' lang='lat' dir='ltr'><strong>unum</strong></span> <span class='ocrx_word' id='word_1_246' title='bbox 493 1721 837 1794; x_wconf 85' lang='lat' dir='ltr'><strong>principium</strong></span> <span class='ocrx_word' id='word_1_247' title='bbox 859 1723 1017 1780; x_wconf 86' lang='lat' dir='ltr'><strong>nobis</strong></span> <span class='ocrx_word' id='word_1_248' title='bbox 1051 1724 1336 1791; x_wconf 90' lang='lat' dir='ltr'><strong>recidunt,</strong></span> <span class='ocrx_word' id='word_1_249' title='bbox 1374 1736 1429 1781; x_wconf 90' lang='lat' dir='ltr'><strong>et</strong></span> <span class='ocrx_word' id='word_1_250' title='bbox 1460 1726 1514 1781; x_wconf 89' lang='lat' dir='ltr'><strong>in</strong></span> <span class='ocrx_word' id='word_1_251' title='bbox 1549 1743 1658 1783; x_wconf 92' lang='lat' dir='ltr'><strong>uno</strong></span> <span class='ocrx_word' id='word_1_252' title='bbox 1686 1726 1796 1783; x_wconf 91' lang='lat' dir='ltr'><strong>Deo</strong></span> <span class='ocrx_word' id='word_1_253' title='bbox 1831 1728 2159 1785; x_wconf 88' lang='lat' dir='ltr'><strong>consistunt.</strong></span> 
     </span>
    </p>
   </div>
   <div class='ocr_carea' id='block_1_31' title="bbox 767 1855 1282 1913">
    <p class='ocr_par' dir='ltr' id='par_1_31' title="bbox 767 1855 1282 1913">
     <span class='ocr_line' id='line_1_31' title="bbox 767 1855 1282 1913; baseline 0 -1"><span class='ocrx_word' id='word_1_254' title='bbox 767 1855 1159 1912; x_wconf 80' lang='grc' dir='ltr'><strong>ΚΕΦΔΛΑῙΟΝ</strong></span> <span class='ocrx_word' id='word_1_255' title='bbox 1204 1858 1282 1913; x_wconf 86' lang='grc' dir='ltr'><strong>Θ’.</strong></span> 
     </span>
    </p>
   </div>
   <div class='ocr_carea' id='block_1_32' title="bbox 222 1982 1815 2127">
    <p class='ocr_par' dir='ltr' id='par_1_32' title="bbox 222 1982 1815 2127">
     <span class='ocr_line' id='line_1_32' title="bbox 222 1982 1815 2062; baseline 0.008 -22"><span class='ocrx_word' id='word_1_256' title='bbox 222 1982 362 2040; x_wconf 71' lang='grc' dir='ltr'>Ἀπὸ</span> <span class='ocrx_word' id='word_1_257' title='bbox 409 1987 535 2056; x_wconf 80' lang='grc' dir='ltr'><strong>τῆς</strong></span> <span class='ocrx_word' id='word_1_258' title='bbox 592 1988 751 2059; x_wconf 80' lang='grc' dir='ltr'>αὐτῆ</span> <span class='ocrx_word' id='word_1_259' title='bbox 792 2030 806 2042; x_wconf 94' lang='grc'><strong>.</strong></span> <span class='ocrx_word' id='word_1_260' title='bbox 837 2021 907 2031; x_wconf 94' lang='grc'><strong><em>-</em></strong></span> <span class='ocrx_word' id='word_1_261' title='bbox 937 1991 1033 2057; x_wconf 84' lang='grc' dir='ltr'>Ὠς</span> <span class='ocrx_word' id='word_1_262' title='bbox 1085 1994 1118 2047; x_wconf 85' lang='grc' dir='ltr'><em>ὀ</em></span> <span class='ocrx_word' id='word_1_263' title='bbox 1148 1992 1331 2060; x_wconf 82' lang='grc' dir='ltr'>αὐτὸς</span> <span class='ocrx_word' id='word_1_264' title='bbox 1379 1994 1653 2062; x_wconf 77' lang='grc' dir='ltr'><strong>θεράπων</strong></span> <span class='ocrx_word' id='word_1_265' title='bbox 1704 1996 1815 2052; x_wconf 76' lang='grc' dir='ltr'><strong>τὸν</strong></span> 
     </span>
     <span class='ocr_line' id='line_1_33' title="bbox 280 2012 1814 2127; baseline 0.009 -18"><span class='ocrx_word' id='word_1_266' title='bbox 280 2056 435 2110; x_wconf 74' lang='grc' dir='ltr'>Θεὸν</span> <span class='ocrx_word' id='word_1_267' title='bbox 490 2060 702 2124; x_wconf 73' lang='grc' dir='ltr'>Λόγον</span> <span class='ocrx_word' id='word_1_268' title='bbox 744 2012 928 2127; x_wconf 57' lang='grc' dir='ltr'>ἕηλοῖ</span> <span class='ocrx_word' id='word_1_269' title='bbox 970 2061 1250 2127; x_wconf 74' lang='grc' dir='ltr'>δεύτερον</span> <span class='ocrx_word' id='word_1_270' title='bbox 1297 2065 1447 2117; x_wconf 80' lang='grc' dir='ltr'>Θεὸν</span> <span class='ocrx_word' id='word_1_271' title='bbox 1480 2067 1576 2119; x_wconf 80' lang='grc' dir='ltr'><strong>καί</strong></span> <span class='ocrx_word' id='word_1_272' title='bbox 1597 2070 1814 2127; x_wconf 80' lang='grc' dir='ltr'><strong>Κύριον</strong></span> 
     </span>
    </p>
   </div>
   <div class='ocr_carea' id='block_1_33' title="bbox 280 2056 1814 2135">
    <p class='ocr_par' dir='ltr' id='par_1_33' title="bbox 280 2056 1814 2135">
     <span class='ocr_line' id='line_1_34' title="bbox 280 2056 1814 2135; baseline 0.009 -26"><span class='ocrx_word' id='word_1_273' title='bbox 280 2056 435 2110; x_wconf 74' lang='grc' dir='ltr'>Θεὸν</span> <span class='ocrx_word' id='word_1_274' title='bbox 490 2060 702 2124; x_wconf 73' lang='grc' dir='ltr'>Λόγον</span> <span class='ocrx_word' id='word_1_275' title='bbox 724 2056 940 2135; x_wconf 36' lang='grc' dir='ltr'>ςὸηλοῖ-</span> <span class='ocrx_word' id='word_1_276' title='bbox 970 2056 1250 2135; x_wconf 70' lang='grc' dir='ltr'>δεύτερον</span> <span class='ocrx_word' id='word_1_277' title='bbox 1297 2056 1455 2117; x_wconf 50' lang='lat' dir='ltr'><strong>Beda;</strong></span> <span class='ocrx_word' id='word_1_278' title='bbox 1480 2067 1576 2119; x_wconf 80' lang='grc' dir='ltr'><strong>καί</strong></span> <span class='ocrx_word' id='word_1_279' title='bbox 1597 2070 1814 2135; x_wconf 83' lang='grc' dir='ltr'><strong>Κύριον</strong></span> 
     </span>
    </p>
   </div>
   <div class='ocr_carea' id='block_1_34' title="bbox 278 2129 1809 2205">
    <p class='ocr_par' dir='ltr' id='par_1_34' title="bbox 278 2129 1809 2205">
     <span class='ocr_line' id='line_1_35' title="bbox 278 2129 1809 2205; baseline 0.007 -24"><span class='ocrx_word' id='word_1_280' title='bbox 278 2129 869 2205; x_wconf 49' lang='grc' dir='ltr'>προῳνομαεσμέκον,</span> <span class='ocrx_word' id='word_1_281' title='bbox 1028 2129 1339 2205; x_wconf 66' lang='grc' dir='ltr'>ἀνθρώπου</span> <span class='ocrx_word' id='word_1_282' title='bbox 1383 2152 1449 2189; x_wconf 82' lang='grc' dir='ltr'><strong>τε</strong></span> <span class='ocrx_word' id='word_1_283' title='bbox 1481 2129 1694 2205; x_wconf 64' lang='grc' dir='ltr'>μορφῇ</span> <span class='ocrx_word' id='word_1_284' title='bbox 1712 2140 1809 2192; x_wconf 82' lang='grc' dir='ltr'>καὶ</span> 
     </span>
    </p>
   </div>
   <div class='ocr_carea' id='block_1_35' title="bbox 281 2194 1815 2337">
    <p class='ocr_par' dir='ltr' id='par_1_35' title="bbox 281 2194 1815 2337">
     <span class='ocr_line' id='line_1_36' title="bbox 281 2194 1815 2319; baseline 0.007 -67"><span class='ocrx_word' id='word_1_285' title='bbox 281 2194 567 2319; x_wconf 41' lang='lat' dir='ltr'><strong>fma?)</strong></span> <span class='ocrx_word' id='word_1_286' title='bbox 591 2194 782 2271; x_wconf 62' lang='grc' dir='ltr'>ὦρθαί</span> <span class='ocrx_word' id='word_1_287' title='bbox 809 2194 873 2255; x_wconf 68' lang='grc' dir='ltr'>τε</span> <span class='ocrx_word' id='word_1_288' title='bbox 896 2201 993 2255; x_wconf 81' lang='grc' dir='ltr'><strong>καί</strong></span> <span class='ocrx_word' id='word_1_289' title='bbox 1014 2194 1370 2273; x_wconf 53' lang='grc' dir='ltr'>χρηματίσαι</span> <span class='ocrx_word' id='word_1_290' title='bbox 1397 2194 1521 2272; x_wconf 50' lang='grc' dir='ltr'>τοῖς</span> <span class='ocrx_word' id='word_1_291' title='bbox 1548 2194 1815 2275; x_wconf 70' lang='grc' dir='ltr'>Ξτᾶλὶιιοῒς</span> 
     </span>
     <span class='ocr_line' id='line_1_37' title="bbox 307 2284 554 2337; baseline 0.02 -18"><span class='ocrx_word' id='word_1_292' title='bbox 307 2284 554 2337; x_wconf 80' lang='grc' dir='ltr'>στορει.</span> 
     </span>
    </p>
   </div>
   <div class='ocr_carea' id='block_1_36' title="bbox 288 2381 1810 2461">
    <p class='ocr_par' dir='ltr' id='par_1_36' title="bbox 288 2381 1810 2461">
     <span class='ocr_line' id='line_1_38' title="bbox 288 2381 1810 2461; baseline 0.011 -32"><span class='ocrx_word' id='word_1_293' title='bbox 288 2400 308 2432; x_wconf 74' lang='grc' dir='ltr'><strong>ι</strong></span> <span class='ocrx_word' id='word_1_294' title='bbox 357 2381 557 2453; x_wconf 79' lang='grc' dir='ltr'>Ὠφθη</span> <span class='ocrx_word' id='word_1_295' title='bbox 589 2382 645 2436; x_wconf 85' lang='grc' dir='ltr'><strong>δέ</strong></span> <span class='ocrx_word' id='word_1_296' title='bbox 673 2382 877 2455; x_wconf 82' lang='grc' dir='ltr'>Κύριος</span> <span class='ocrx_word' id='word_1_297' title='bbox 909 2384 988 2456; x_wconf 83' lang='grc' dir='ltr'>τῷ</span> <span class='ocrx_word' id='word_1_298' title='bbox 1028 2385 1297 2458; x_wconf 87' lang='grc' dir='ltr'>Ἀϐραὰμ,</span> <span class='ocrx_word' id='word_1_299' title='bbox 1322 2389 1415 2442; x_wconf 74' lang='grc' dir='ltr'>καὶ</span> <span class='ocrx_word' id='word_1_300' title='bbox 1446 2384 1595 2442; x_wconf 78' lang='grc' dir='ltr'>εἶπεν</span> <span class='ocrx_word' id='word_1_301' title='bbox 1624 2389 1810 2461; x_wconf 82' lang='grc' dir='ltr'>αὐτῷ’</span> 
     </span>
    </p>
   </div>
   <div class='ocr_carea' id='block_1_37' title="bbox 218 2468 1811 2551">
    <p class='ocr_par' dir='ltr' id='par_1_37' title="bbox 218 2468 1811 2551">
     <span class='ocr_line' id='line_1_39' title="bbox 218 2468 1811 2551; baseline 0.007 -28"><span class='ocrx_word' id='word_1_302' title='bbox 218 2468 303 2540; x_wconf 83' lang='grc' dir='ltr'><strong>Τῷ</strong></span> <span class='ocrx_word' id='word_1_303' title='bbox 330 2471 627 2544; x_wconf 83' lang='grc' dir='ltr'>σπέρματί</span> <span class='ocrx_word' id='word_1_304' title='bbox 662 2490 753 2527; x_wconf 88' lang='grc' dir='ltr'><strong>σου</strong></span> <span class='ocrx_word' id='word_1_305' title='bbox 798 2473 954 2528; x_wconf 84' lang='grc' dir='ltr'><strong>δώσω</strong></span> <span class='ocrx_word' id='word_1_306' title='bbox 987 2477 1089 2551; x_wconf 55' lang='grc' dir='ltr'>ψ</span> <span class='ocrx_word' id='word_1_307' title='bbox 1118 2478 1219 2549; x_wconf 87' lang='grc' dir='ltr'><strong>γῆν</strong></span> <span class='ocrx_word' id='word_1_308' title='bbox 1247 2477 1476 2551; x_wconf 90' lang='grc' dir='ltr'>ταύτην.</span> <span class='ocrx_word' id='word_1_309' title='bbox 1510 2499 1529 2531; x_wconf 75' lang='grc' dir='ltr'><strong>ι</strong></span> <span class='ocrx_word' id='word_1_310' title='bbox 1570 2480 1681 2534; x_wconf 88' lang='lat' dir='ltr'><strong>Kal</strong></span> <span class='ocrx_word' id='word_1_311' title='bbox 1705 2480 1811 2534; x_wconf 87' lang='grc' dir='ltr'>πά-</span> 
     </span>
    </p>
   </div>
   <div class='ocr_carea' id='block_1_38' title="bbox 217 2559 1809 2639">
    <p class='ocr_par' dir='ltr' id='par_1_38' title="bbox 217 2559 1809 2639">
     <span class='ocr_line' id='line_1_40' title="bbox 217 2559 1809 2639; baseline 0.008 -27"><span class='ocrx_word' id='word_1_312' title='bbox 217 2559 296 2613; x_wconf 82' lang='grc' dir='ltr'><strong>λιν</strong></span> <span class='ocrx_word' id='word_1_313' title='bbox 313 2576 326 2590; x_wconf 82' lang='grc'><em>’</em></span> <span class='ocrx_word' id='word_1_314' title='bbox 356 2578 378 2612; x_wconf 75' lang='grc' dir='ltr'><strong>ι</strong></span> <span class='ocrx_word' id='word_1_315' title='bbox 422 2561 686 2632; x_wconf 78' lang='grc' dir='ltr'>Ἐγένετο</span> <span class='ocrx_word' id='word_1_316' title='bbox 711 2561 959 2635; x_wconf 82' lang='grc' dir='ltr'>Ἀϐραὰμ</span> <span class='ocrx_word' id='word_1_317' title='bbox 984 2565 1120 2619; x_wconf 86' lang='grc' dir='ltr'>ἐτῶν</span> <span class='ocrx_word' id='word_1_318' title='bbox 1143 2567 1491 2639; x_wconf 83' lang='grc' dir='ltr'>ἐννενήκοντα</span> <span class='ocrx_word' id='word_1_319' title='bbox 1512 2569 1685 2635; x_wconf 79' lang='grc' dir='ltr'>ἐννέα,</span> <span class='ocrx_word' id='word_1_320' title='bbox 1715 2572 1809 2625; x_wconf 75' lang='grc' dir='ltr'>καὶ</span> 
     </span>
    </p>
   </div>
   <div class='ocr_carea' id='block_1_39' title="bbox 219 2650 1808 2735">
    <p class='ocr_par' dir='ltr' id='par_1_39' title="bbox 219 2650 1808 2735">
     <span class='ocr_line' id='line_1_41' title="bbox 219 2650 1808 2735; baseline 0.006 -29"><span class='ocrx_word' id='word_1_321' title='bbox 219 2650 369 2723; x_wconf 77' lang='grc' dir='ltr'>ὤφθη</span> <span class='ocrx_word' id='word_1_322' title='bbox 386 2652 608 2726; x_wconf 80' lang='grc' dir='ltr'>Κύριος</span> <span class='ocrx_word' id='word_1_323' title='bbox 628 2653 707 2726; x_wconf 84' lang='grc' dir='ltr'>τῷ</span> <span class='ocrx_word' id='word_1_324' title='bbox 733 2654 1001 2727; x_wconf 76' lang='grc' dir='ltr'>Ἀϐραὰμ,</span> <span class='ocrx_word' id='word_1_325' title='bbox 1030 2657 1121 2710; x_wconf 71' lang='grc' dir='ltr'>καὶ</span> <span class='ocrx_word' id='word_1_326' title='bbox 1140 2654 1292 2713; x_wconf 76' lang='grc' dir='ltr'>εἶπεν</span> <span class='ocrx_word' id='word_1_327' title='bbox 1326 2660 1493 2732; x_wconf 83' lang='grc' dir='ltr'>αὐτῷ·</span> <span class='ocrx_word' id='word_1_328' title='bbox 1529 2661 1669 2732; x_wconf 82' lang='grc' dir='ltr'><strong>Ἐγώ</strong></span> <span class='ocrx_word' id='word_1_329' title='bbox 1692 2664 1808 2735; x_wconf 83' lang='grc' dir='ltr'>εἰμι</span> 
     </span>
    </p>
   </div>
   <div class='ocr_carea' id='block_1_40' title="bbox 195 2743 1805 2826">
    <p class='ocr_par' dir='ltr' id='par_1_40' title="bbox 195 2743 1805 2826">
     <span class='ocr_line' id='line_1_42' title="bbox 195 2743 1805 2826; baseline 0.009 -31"><span class='ocrx_word' id='word_1_330' title='bbox 195 2743 413 2813; x_wconf 49' lang='grc' dir='ltr'>βΘεός.</span> <span class='ocrx_word' id='word_1_331' title='bbox 436 2746 745 2818; x_wconf 82' lang='grc' dir='ltr'>Εὐαρέστει</span> <span class='ocrx_word' id='word_1_332' title='bbox 774 2748 1002 2802; x_wconf 83' lang='grc' dir='ltr'>ἐνώπιόν</span> <span class='ocrx_word' id='word_1_333' title='bbox 1047 2767 1170 2822; x_wconf 86' lang='grc' dir='ltr'>μου,</span> <span class='ocrx_word' id='word_1_334' title='bbox 1192 2753 1287 2806; x_wconf 81' lang='grc' dir='ltr'>καὶ</span> <span class='ocrx_word' id='word_1_335' title='bbox 1314 2753 1466 2821; x_wconf 82' lang='grc' dir='ltr'>γίνου</span> <span class='ocrx_word' id='word_1_336' title='bbox 1496 2754 1805 2826; x_wconf 83' lang='grc' dir='ltr'>ἄμεμπτος,</span> 
     </span>
    </p>
   </div>
   <div class='ocr_carea' id='block_1_41' title="bbox 222 2835 1808 2917">
    <p class='ocr_par' dir='ltr' id='par_1_41' title="bbox 222 2835 1808 2917">
     <span class='ocr_line' id='line_1_43' title="bbox 222 2835 1808 2917; baseline 0.009 -29"><span class='ocrx_word' id='word_1_337' title='bbox 222 2835 311 2888; x_wconf 71' lang='grc' dir='ltr'>καὶ</span> <span class='ocrx_word' id='word_1_338' title='bbox 321 2835 573 2908; x_wconf 82' lang='grc' dir='ltr'>θήσομαι</span> <span class='ocrx_word' id='word_1_339' title='bbox 592 2838 691 2909; x_wconf 83' lang='grc' dir='ltr'>τὴν</span> <span class='ocrx_word' id='word_1_340' title='bbox 722 2838 982 2912; x_wconf 82' lang='grc' dir='ltr'>διαθήκην</span> <span class='ocrx_word' id='word_1_341' title='bbox 1001 2858 1101 2911; x_wconf 91' lang='grc' dir='ltr'><strong>μου</strong></span> <span class='ocrx_word' id='word_1_342' title='bbox 1120 2843 1221 2897; x_wconf 89' lang='grc' dir='ltr'><strong>ἀνά</strong></span> <span class='ocrx_word' id='word_1_343' title='bbox 1239 2844 1402 2915; x_wconf 86' lang='grc' dir='ltr'>μέσον</span> <span class='ocrx_word' id='word_1_344' title='bbox 1423 2846 1558 2917; x_wconf 89' lang='grc' dir='ltr'>ἐμοῦ</span> <span class='ocrx_word' id='word_1_345' title='bbox 1585 2850 1672 2903; x_wconf 81' lang='grc' dir='ltr'>καὶ</span> <span class='ocrx_word' id='word_1_346' title='bbox 1703 2849 1808 2903; x_wconf 87' lang='grc' dir='ltr'><strong>ἀνὰ</strong></span> 
     </span>
    </p>
   </div>
   <div class='ocr_carea' id='block_1_42' title="bbox 226 2927 1806 3014">
    <p class='ocr_par' dir='ltr' id='par_1_42' title="bbox 226 2927 1806 3014">
     <span class='ocr_line' id='line_1_44' title="bbox 226 2927 1806 3014; baseline 0.011 -35"><span class='ocrx_word' id='word_1_347' title='bbox 226 2927 380 2996; x_wconf 81' lang='grc' dir='ltr'>μέσον</span> <span class='ocrx_word' id='word_1_348' title='bbox 394 2947 521 2993; x_wconf 84' lang='grc' dir='ltr'>σου,</span> <span class='ocrx_word' id='word_1_349' title='bbox 535 2931 632 2984; x_wconf 73' lang='grc' dir='ltr'>καὶ</span> <span class='ocrx_word' id='word_1_350' title='bbox 647 2930 901 3003; x_wconf 84' lang='grc' dir='ltr'>πληθυνῶ</span> <span class='ocrx_word' id='word_1_351' title='bbox 915 2951 975 2986; x_wconf 90' lang='grc' dir='ltr'><strong>σε</strong></span> <span class='ocrx_word' id='word_1_352' title='bbox 989 2934 1209 3006; x_wconf 82' lang='grc' dir='ltr'>σφόδρα.</span> <span class='ocrx_word' id='word_1_353' title='bbox 1226 2955 1244 2986; x_wconf 70' lang='grc' dir='ltr'><strong>ι</strong></span> <span class='ocrx_word' id='word_1_354' title='bbox 1265 2938 1375 2991; x_wconf 85' lang='lat' dir='ltr'><strong>Kal.</strong></span> <span class='ocrx_word' id='word_1_355' title='bbox 1390 2934 1490 2993; x_wconf 83' lang='grc' dir='ltr'><strong>αὗθ</strong></span> <span class='ocrx_word' id='word_1_356' title='bbox 1501 2956 1567 3003; x_wconf 88' lang='grc' dir='ltr'><strong>ις⁹</strong></span> <span class='ocrx_word' id='word_1_357' title='bbox 1592 2960 1609 2992; x_wconf 78' lang='grc' dir='ltr'><strong>ι</strong></span> <span class='ocrx_word' id='word_1_358' title='bbox 1627 2942 1806 3014; x_wconf 78' lang='grc' dir='ltr'>Ὠφθη</span> 
     </span>
    </p>
   </div>
   <div class='ocr_carea' id='block_1_43' title="bbox 223 3017 1805 3105">
    <p class='ocr_par' dir='ltr' id='par_1_43' title="bbox 223 3017 1805 3105">
     <span class='ocr_line' id='line_1_45' title="bbox 223 3017 1805 3105; baseline 0.011 -35"><span class='ocrx_word' id='word_1_359' title='bbox 223 3017 277 3070; x_wconf 79' lang='grc' dir='ltr'>δὲ</span> <span class='ocrx_word' id='word_1_360' title='bbox 303 3019 332 3070; x_wconf 84' lang='lat'><strong>6</strong></span> <span class='ocrx_word' id='word_1_361' title='bbox 353 3020 493 3085; x_wconf 81' lang='grc' dir='ltr'>Θεὸς</span> <span class='ocrx_word' id='word_1_362' title='bbox 524 3021 676 3093; x_wconf 86' lang='grc' dir='ltr'><strong>αύτῷ</strong></span> <span class='ocrx_word' id='word_1_363' title='bbox 697 3023 834 3094; x_wconf 89' lang='grc' dir='ltr'>πρὸς</span> <span class='ocrx_word' id='word_1_364' title='bbox 869 3027 935 3096; x_wconf 80' lang='grc' dir='ltr'>τῇ</span> <span class='ocrx_word' id='word_1_365' title='bbox 967 3025 1086 3097; x_wconf 81' lang='grc' dir='ltr'>δρυῒ</span> <span class='ocrx_word' id='word_1_366' title='bbox 1114 3030 1179 3098; x_wconf 82' lang='grc' dir='ltr'><strong>τῇ</strong></span> <span class='ocrx_word' id='word_1_367' title='bbox 1215 3028 1478 3101; x_wconf 82' lang='grc' dir='ltr'>Μαμϐρῆ,</span> <span class='ocrx_word' id='word_1_368' title='bbox 1497 3031 1805 3105; x_wconf 86' lang='grc' dir='ltr'>καθημένου</span> 
     </span>
    </p>
   </div>
   <div class='ocr_carea' id='block_1_44' title="bbox 222 3111 1800 3199">
    <p class='ocr_par' dir='ltr' id='par_1_44' title="bbox 222 3111 1800 3199">
     <span class='ocr_line' id='line_1_46' title="bbox 222 3111 1800 3199; baseline 0.012 -37"><span class='ocrx_word' id='word_1_369' title='bbox 222 3111 377 3199; x_wconf 80' lang='grc' dir='ltr'>αὐτοῦ</span> <span class='ocrx_word' id='word_1_370' title='bbox 426 3115 529 3167; x_wconf 73' lang='grc' dir='ltr'><strong>ἐπὶ</strong></span> <span class='ocrx_word' id='word_1_371' title='bbox 557 3116 656 3185; x_wconf 86' lang='grc' dir='ltr'><strong>τῆς</strong></span> <span class='ocrx_word' id='word_1_372' title='bbox 685 3115 851 3186; x_wconf 88' lang='grc' dir='ltr'>θύρας</span> <span class='ocrx_word' id='word_1_373' title='bbox 886 3121 984 3189; x_wconf 84' lang='grc' dir='ltr'><strong>τῆς</strong></span> <span class='ocrx_word' id='word_1_374' title='bbox 1024 3122 1226 3191; x_wconf 82' lang='grc' dir='ltr'>σκηνῆς</span> <span class='ocrx_word' id='word_1_375' title='bbox 1250 3121 1410 3177; x_wconf 86' lang='grc' dir='ltr'>αὐτοῦ</span> <span class='ocrx_word' id='word_1_376' title='bbox 1441 3126 1800 3199; x_wconf 87' lang='grc' dir='ltr'>μεσημϐρίας.</span> 
     </span>
    </p>
   </div>
   <div class='ocr_carea' id='block_1_45' title="bbox 2511 1860 2878 1919">
    <p class='ocr_par' dir='ltr' id='par_1_45' title="bbox 2511 1860 2878 1919">
     <span class='ocr_line' id='line_1_47' title="bbox 2511 1860 2878 1919; baseline 0 0"><span class='ocrx_word' id='word_1_377' title='bbox 2511 1860 2742 1919; x_wconf 86' lang='lat' dir='ltr'><strong>CAPUT</strong></span> <span class='ocrx_word' id='word_1_378' title='bbox 2782 1861 2878 1919; x_wconf 78' lang='lat' dir='ltr'><strong>IX.</strong></span> 
     </span>
    </p>
   </div>
   <div class='ocr_carea' id='block_1_46' title="bbox 1912 1997 3483 2069">
    <p class='ocr_par' dir='ltr' id='par_1_46' title="bbox 1912 1997 3483 2069">
     <span class='ocr_line' id='line_1_48' title="bbox 1912 1997 3483 2069; baseline -0.001 -15"><span class='ocrx_word' id='word_1_379' title='bbox 1912 1998 1990 2054; x_wconf 78' lang='lat' dir='ltr'><strong><em>Ab</em></strong></span> <span class='ocrx_word' id='word_1_380' title='bbox 2027 1999 2229 2055; x_wconf 79' lang='lat' dir='ltr'><strong>eadem.</strong></span> <span class='ocrx_word' id='word_1_381' title='bbox 2252 2030 2323 2040; x_wconf 95' lang='lat'><em>—</em></span> <span class='ocrx_word' id='word_1_382' title='bbox 2347 1999 2499 2065; x_wconf 82' lang='lat' dir='ltr'><strong>Quod</strong></span> <span class='ocrx_word' id='word_1_383' title='bbox 2542 1999 2683 2054; x_wconf 81' lang='lat' dir='ltr'><strong>idem</strong></span> <span class='ocrx_word' id='word_1_384' title='bbox 2714 1998 2882 2054; x_wconf 84' lang='lat' dir='ltr'><strong>Deum</strong></span> <span class='ocrx_word' id='word_1_385' title='bbox 2929 1997 3175 2062; x_wconf 77' lang='lat' dir='ltr'><strong>Verbum,</strong></span> <span class='ocrx_word' id='word_1_386' title='bbox 3216 1997 3483 2069; x_wconf 78' lang='lat' dir='ltr'><strong>signiﬁcat</strong></span> 
     </span>
    </p>
   </div>
   <div class='ocr_carea' id='block_1_47' title="bbox 1985 2069 3483 2138">
    <p class='ocr_par' dir='ltr' id='par_1_47' title="bbox 1985 2069 3483 2138">
     <span class='ocr_line' id='line_1_49' title="bbox 1985 2069 3483 2138; baseline 0.001 -15"><span class='ocrx_word' id='word_1_387' title='bbox 1985 2070 2150 2124; x_wconf 87' lang='lat' dir='ltr'><strong>Deum</strong></span> <span class='ocrx_word' id='word_1_388' title='bbox 2190 2087 2252 2124; x_wconf 88' lang='lat' dir='ltr'><strong>ac</strong></span> <span class='ocrx_word' id='word_1_389' title='bbox 2292 2070 2578 2125; x_wconf 84' lang='lat' dir='ltr'><strong>Dominum</strong></span> <span class='ocrx_word' id='word_1_390' title='bbox 2609 2072 2758 2138; x_wconf 81' lang='lat' dir='ltr'><strong>prius</strong></span> <span class='ocrx_word' id='word_1_391' title='bbox 2798 2072 3125 2124; x_wconf 76' lang='lat' dir='ltr'><strong>nominatum</strong></span> <span class='ocrx_word' id='word_1_392' title='bbox 3168 2077 3218 2121; x_wconf 84' lang='lat' dir='ltr'><strong>et</strong></span> <span class='ocrx_word' id='word_1_393' title='bbox 3254 2069 3392 2137; x_wconf 79' lang='lat' dir='ltr'><strong>quod</strong></span> <span class='ocrx_word' id='word_1_394' title='bbox 3406 2072 3483 2124; x_wconf 79' lang='grc' dir='ltr'><strong>-ἱη</strong></span> 
     </span>
    </p>
   </div>
   <div class='ocr_carea' id='block_1_48' title="bbox 1984 2141 3481 2211">
    <p class='ocr_par' dir='ltr' id='par_1_48' title="bbox 1984 2141 3481 2211">
     <span class='ocr_line' id='line_1_50' title="bbox 1984 2141 3481 2211; baseline 0.001 -19"><span class='ocrx_word' id='word_1_395' title='bbox 1984 2142 2205 2195; x_wconf 77' lang='lat' dir='ltr'><strong>hominis</strong></span> <span class='ocrx_word' id='word_1_396' title='bbox 2248 2141 2443 2210; x_wconf 81' lang='lat' dir='ltr'><strong>forma,</strong></span> <span class='ocrx_word' id='word_1_397' title='bbox 2483 2151 2532 2194; x_wconf 87' lang='lat' dir='ltr'><strong>et</strong></span> <span class='ocrx_word' id='word_1_398' title='bbox 2565 2142 2759 2211; x_wconf 78' lang='lat' dir='ltr'><strong>ﬁgura,</strong></span> <span class='ocrx_word' id='word_1_399' title='bbox 2797 2143 3043 2211; x_wconf 82' lang='lat' dir='ltr'><strong>et_visum</strong></span> <span class='ocrx_word' id='word_1_400' title='bbox 3081 2154 3214 2201; x_wconf 75' lang='lat' dir='ltr'><strong>esse,</strong></span> <span class='ocrx_word' id='word_1_401' title='bbox 3252 2152 3301 2193; x_wconf 84' lang='lat' dir='ltr'><strong>et</strong></span> <span class='ocrx_word' id='word_1_402' title='bbox 3336 2142 3481 2194; x_wconf 78' lang='lat' dir='ltr'><strong>anti-</strong></span> 
     </span>
    </p>
   </div>
   <div class='ocr_carea' id='block_1_49' title="bbox 1978 2209 2944 2281">
    <p class='ocr_par' dir='ltr' id='par_1_49' title="bbox 1978 2209 2944 2281">
     <span class='ocr_line' id='line_1_51' title="bbox 1978 2209 2944 2281; baseline 0 -18"><span class='ocrx_word' id='word_1_403' title='bbox 1978 2211 2095 2279; x_wconf 81' lang='lat' dir='ltr'><strong>quis</strong></span> <span class='ocrx_word' id='word_1_404' title='bbox 2121 2209 2371 2281; x_wconf 76' lang='lat' dir='ltr'><strong>responsa</strong></span> <span class='ocrx_word' id='word_1_405' title='bbox 2399 2209 2619 2266; x_wconf 65' lang='lat' dir='ltr'><strong>dedisse</strong></span> <span class='ocrx_word' id='word_1_406' title='bbox 2642 2209 2944 2264; x_wconf 73' lang='lat' dir='ltr'><strong>conscribit.</strong></span> 
     </span>
    </p>
   </div>
   <div class='ocr_carea' id='block_1_50' title="bbox 1986 2385 3476 2460">
    <p class='ocr_par' dir='ltr' id='par_1_50' title="bbox 1986 2385 3476 2460">
     <span class='ocr_line' id='line_1_52' title="bbox 1986 2385 3476 2460; baseline 0.001 -18"><span class='ocrx_word' id='word_1_407' title='bbox 1986 2407 2006 2441; x_wconf 74' lang='grc' dir='ltr'><strong>ι</strong></span> <span class='ocrx_word' id='word_1_408' title='bbox 2031 2389 2296 2460; x_wconf 85' lang='lat' dir='ltr'><strong>Apparuit</strong></span> <span class='ocrx_word' id='word_1_409' title='bbox 2334 2385 2513 2445; x_wconf 86' lang='lat' dir='ltr'><strong>autem</strong></span> <span class='ocrx_word' id='word_1_410' title='bbox 2543 2388 2807 2445; x_wconf 90' lang='lat' dir='ltr'><strong>Dominus</strong></span> <span class='ocrx_word' id='word_1_411' title='bbox 2839 2389 3091 2454; x_wconf 71' lang='lat' dir='ltr'><strong>Abrahae,</strong></span> <span class='ocrx_word' id='word_1_412' title='bbox 3136 2396 3192 2445; x_wconf 88' lang='lat' dir='ltr'><strong>et</strong></span> <span class='ocrx_word' id='word_1_413' title='bbox 3221 2388 3358 2444; x_wconf 83' lang='lat' dir='ltr'><strong>dixit</strong></span> <span class='ocrx_word' id='word_1_414' title='bbox 3381 2389 3429 2443; x_wconf 91' lang='lat' dir='ltr'><strong>ei</strong></span> <span class='ocrx_word' id='word_1_415' title='bbox 3457 2406 3476 2444; x_wconf 87' lang='lat'><strong>:</strong></span> 
     </span>
    </p>
   </div>
   <div class='ocr_carea' id='block_1_51' title="bbox 1911 2476 3479 2539">
    <p class='ocr_par' dir='ltr' id='par_1_51' title="bbox 1911 2476 3479 2539">
     <span class='ocr_line' id='line_1_53' title="bbox 1911 2476 3479 2539; baseline -0.001 -6"><span class='ocrx_word' id='word_1_416' title='bbox 1911 2476 2117 2533; x_wconf 87' lang='lat' dir='ltr'><strong>Semini</strong></span> <span class='ocrx_word' id='word_1_417' title='bbox 2144 2487 2240 2535; x_wconf 93' lang='lat' dir='ltr'><strong>tuo</strong></span> <span class='ocrx_word' id='word_1_418' title='bbox 2271 2478 2413 2535; x_wconf 90' lang='lat' dir='ltr'><strong>dabo</strong></span> <span class='ocrx_word' id='word_1_419' title='bbox 2438 2486 2640 2534; x_wconf 89' lang='lat' dir='ltr'><strong>terram</strong></span> <span class='ocrx_word' id='word_1_420' title='bbox 2667 2477 2886 2539; x_wconf 73' lang='lat' dir='ltr'><strong>hanc”.</strong></span> <span class='ocrx_word' id='word_1_421' title='bbox 2914 2497 2933 2530; x_wconf 75' lang='grc' dir='ltr'><strong>ι</strong></span> <span class='ocrx_word' id='word_1_422' title='bbox 2955 2478 3022 2532; x_wconf 82' lang='grc' dir='ltr'><strong>Ει</strong></span> <span class='ocrx_word' id='word_1_423' title='bbox 3049 2492 3243 2533; x_wconf 91' lang='lat' dir='ltr'><strong>rursus</strong></span> <span class='ocrx_word' id='word_1_424' title='bbox 3266 2497 3280 2533; x_wconf 87' lang='lat'><strong>:</strong></span> <span class='ocrx_word' id='word_1_425' title='bbox 3301 2497 3320 2529; x_wconf 78' lang='grc' dir='ltr'><strong>ι</strong></span> <span class='ocrx_word' id='word_1_426' title='bbox 3346 2477 3479 2532; x_wconf 86' lang='lat' dir='ltr'><strong>Erat</strong></span> 
     </span>
    </p>
   </div>
   <div class='ocr_carea' id='block_1_52' title="bbox 1907 2569 3479 2644">
    <p class='ocr_par' dir='ltr' id='par_1_52' title="bbox 1907 2569 3479 2644">
     <span class='ocr_line' id='line_1_54' title="bbox 1907 2569 3479 2644; baseline 0 -21"><span class='ocrx_word' id='word_1_427' title='bbox 1907 2569 2184 2624; x_wconf 83' lang='lat' dir='ltr'><strong>Abraham</strong></span> <span class='ocrx_word' id='word_1_428' title='bbox 2228 2584 2500 2625; x_wconf 90' lang='lat' dir='ltr'><strong>annorum</strong></span> <span class='ocrx_word' id='word_1_429' title='bbox 2547 2570 2845 2644; x_wconf 80' lang='lat' dir='ltr'><strong>nonaginta</strong></span> <span class='ocrx_word' id='word_1_430' title='bbox 2878 2584 3093 2635; x_wconf 90' lang='lat' dir='ltr'><strong>novem,</strong></span> <span class='ocrx_word' id='word_1_431' title='bbox 3127 2578 3181 2623; x_wconf 88' lang='lat' dir='ltr'><strong>ct</strong></span> <span class='ocrx_word' id='word_1_432' title='bbox 3224 2570 3479 2639; x_wconf 87' lang='lat' dir='ltr'><strong>apparuit</strong></span> 
     </span>
    </p>
   </div>
   <div class='ocr_carea' id='block_1_53' title="bbox 1909 2656 3471 2730">
    <p class='ocr_par' dir='ltr' id='par_1_53' title="bbox 1909 2656 3471 2730">
     <span class='ocr_line' id='line_1_55' title="bbox 1909 2656 3471 2730; baseline 0.001 -18"><span class='ocrx_word' id='word_1_433' title='bbox 1909 2656 2172 2714; x_wconf 90' lang='lat' dir='ltr'><strong>Dominus</strong></span> <span class='ocrx_word' id='word_1_434' title='bbox 2219 2659 2469 2722; x_wconf 73' lang='lat' dir='ltr'><strong>Abrahae,</strong></span> <span class='ocrx_word' id='word_1_435' title='bbox 2510 2666 2565 2714; x_wconf 91' lang='lat' dir='ltr'><strong>et</strong></span> <span class='ocrx_word' id='word_1_436' title='bbox 2616 2659 2754 2714; x_wconf 89' lang='lat' dir='ltr'><strong>dixit</strong></span> <span class='ocrx_word' id='word_1_437' title='bbox 2803 2658 2852 2714; x_wconf 89' lang='lat' dir='ltr'><strong>ei</strong></span> <span class='ocrx_word' id='word_1_438' title='bbox 2905 2676 2919 2713; x_wconf 91' lang='lat'><strong>:</strong></span> <span class='ocrx_word' id='word_1_439' title='bbox 2979 2657 3091 2730; x_wconf 83' lang='lat' dir='ltr'><strong>Ego</strong></span> <span class='ocrx_word' id='word_1_440' title='bbox 3129 2675 3250 2714; x_wconf 85' lang='lat' dir='ltr'><strong>sum</strong></span> <span class='ocrx_word' id='word_1_441' title='bbox 3286 2659 3471 2714; x_wconf 89' lang='lat' dir='ltr'><strong>Deus:</strong></span> 
     </span>
    </p>
   </div>
   <div class='ocr_carea' id='block_1_54' title="bbox 1909 2748 3473 2821">
    <p class='ocr_par' dir='ltr' id='par_1_54' title="bbox 1909 2748 3473 2821">
     <span class='ocr_line' id='line_1_56' title="bbox 1909 2748 3473 2821; baseline 0.001 -16"><span class='ocrx_word' id='word_1_442' title='bbox 1909 2748 2047 2805; x_wconf 87' lang='lat' dir='ltr'><strong>bene</strong></span> <span class='ocrx_word' id='word_1_443' title='bbox 2078 2750 2312 2821; x_wconf 85' lang='lat' dir='ltr'><strong>placitus</strong></span> <span class='ocrx_word' id='word_1_444' title='bbox 2355 2751 2433 2807; x_wconf 89' lang='lat' dir='ltr'><strong>sis</strong></span> <span class='ocrx_word' id='word_1_445' title='bbox 2476 2766 2661 2806; x_wconf 89' lang='lat' dir='ltr'><strong>coram</strong></span> <span class='ocrx_word' id='word_1_446' title='bbox 2700 2766 2810 2816; x_wconf 90' lang='lat' dir='ltr'><strong>me,</strong></span> <span class='ocrx_word' id='word_1_447' title='bbox 2855 2757 2909 2805; x_wconf 89' lang='lat' dir='ltr'><strong>et</strong></span> <span class='ocrx_word' id='word_1_448' title='bbox 2951 2758 3071 2806; x_wconf 87' lang='lat' dir='ltr'><strong>esto</strong></span> <span class='ocrx_word' id='word_1_449' title='bbox 3102 2750 3473 2820; x_wconf 74' lang='lat' dir='ltr'><strong>inculpabilis.</strong></span> 
     </span>
    </p>
   </div>
   <div class='ocr_carea' id='block_1_55' title="bbox 1908 2843 3476 2921">
    <p class='ocr_par' dir='ltr' id='par_1_55' title="bbox 1908 2843 3476 2921">
     <span class='ocr_line' id='line_1_57' title="bbox 1908 2843 3476 2921; baseline 0 -25"><span class='ocrx_word' id='word_1_450' title='bbox 1908 2850 1962 2897; x_wconf 89' lang='lat' dir='ltr'><strong>et</strong></span> <span class='ocrx_word' id='word_1_451' title='bbox 2001 2857 2201 2913; x_wconf 88' lang='lat' dir='ltr'><strong>ponam</strong></span> <span class='ocrx_word' id='word_1_452' title='bbox 2248 2849 2633 2899; x_wconf 85' lang='lat' dir='ltr'><strong>testamentum</strong></span> <span class='ocrx_word' id='word_1_453' title='bbox 2669 2859 2852 2921; x_wconf 79' lang='lat' dir='ltr'><strong>meum</strong></span> <span class='ocrx_word' id='word_1_454' title='bbox 2882 2843 3024 2898; x_wconf 87' lang='lat' dir='ltr'><strong>inter</strong></span> <span class='ocrx_word' id='word_1_455' title='bbox 3068 2850 3122 2898; x_wconf 93' lang='lat' dir='ltr'><strong>te</strong></span> <span class='ocrx_word' id='word_1_456' title='bbox 3168 2849 3222 2899; x_wconf 88' lang='lat' dir='ltr'><strong>et</strong></span> <span class='ocrx_word' id='word_1_457' title='bbox 3268 2858 3377 2912; x_wconf 91' lang='lat' dir='ltr'><strong>me,</strong></span> <span class='ocrx_word' id='word_1_458' title='bbox 3418 2851 3476 2898; x_wconf 93' lang='lat' dir='ltr'><strong>et</strong></span> 
     </span>
    </p>
   </div>
   <div class='ocr_carea' id='block_1_56' title="bbox 1907 2933 3476 3006">
    <p class='ocr_par' dir='ltr' id='par_1_56' title="bbox 1907 2933 3476 3006">
     <span class='ocr_line' id='line_1_58' title="bbox 1907 2933 3476 3006; baseline -0.001 -15"><span class='ocrx_word' id='word_1_459' title='bbox 1907 2935 2279 3006; x_wconf 79' lang='lat' dir='ltr'><strong>multiplicabo</strong></span> <span class='ocrx_word' id='word_1_460' title='bbox 2325 2943 2381 2991; x_wconf 88' lang='lat' dir='ltr'><strong>te</strong></span> <span class='ocrx_word' id='word_1_461' title='bbox 2422 2936 2580 2992; x_wconf 85' lang='lat' dir='ltr'><strong>valde</strong></span> <span class='ocrx_word' id='word_1_462' title='bbox 2598 2936 2665 2991; x_wconf 76' lang='lat'><strong>“.</strong></span> <span class='ocrx_word' id='word_1_463' title='bbox 2699 2955 2719 2989; x_wconf 74' lang='grc' dir='ltr'><strong>ι</strong></span> <span class='ocrx_word' id='word_1_464' title='bbox 2756 2935 2824 2990; x_wconf 89' lang='lat' dir='ltr'><strong>Et</strong></span> <span class='ocrx_word' id='word_1_465' title='bbox 2869 2950 3064 2991; x_wconf 87' lang='lat' dir='ltr'><strong>rursus</strong></span> <span class='ocrx_word' id='word_1_466' title='bbox 3104 2953 3118 2989; x_wconf 88' lang='lat'><strong>:</strong></span> <span class='ocrx_word' id='word_1_467' title='bbox 3156 2953 3175 2986; x_wconf 84' lang='grc' dir='ltr'><strong>ι</strong></span> <span class='ocrx_word' id='word_1_468' title='bbox 3215 2933 3476 3005; x_wconf 76' lang='lat' dir='ltr'><strong>Apparuit</strong></span> 
     </span>
    </p>
   </div>
   <div class='ocr_carea' id='block_1_57' title="bbox 1908 3026 3474 3099">
    <p class='ocr_par' dir='ltr' id='par_1_57' title="bbox 1908 3026 3474 3099">
     <span class='ocr_line' id='line_1_59' title="bbox 1908 3026 3474 3099; baseline -0.003 -17"><span class='ocrx_word' id='word_1_469' title='bbox 1908 3037 2086 3084; x_wconf 83' lang='lat' dir='ltr'><strong>autem</strong></span> <span class='ocrx_word' id='word_1_470' title='bbox 2108 3028 2252 3084; x_wconf 88' lang='lat' dir='ltr'><strong>Deus</strong></span> <span class='ocrx_word' id='word_1_471' title='bbox 2284 3028 2337 3084; x_wconf 89' lang='lat' dir='ltr'><strong>ei</strong></span> <span class='ocrx_word' id='word_1_472' title='bbox 2364 3029 2507 3099; x_wconf 91' lang='lat' dir='ltr'><strong>apud</strong></span> <span class='ocrx_word' id='word_1_473' title='bbox 2534 3043 2795 3098; x_wconf 89' lang='lat' dir='ltr'><strong>quercum</strong></span> <span class='ocrx_word' id='word_1_474' title='bbox 2820 3026 3082 3095; x_wconf 86' lang='lat' dir='ltr'><strong>Mambre,</strong></span> <span class='ocrx_word' id='word_1_475' title='bbox 3104 3026 3232 3083; x_wconf 89' lang='lat' dir='ltr'><strong>dum</strong></span> <span class='ocrx_word' id='word_1_476' title='bbox 3258 3026 3474 3082; x_wconf 86' lang='lat' dir='ltr'><strong>sederet</strong></span> 
     </span>
    </p>
   </div>
   <div class='ocr_carea' id='block_1_58' title="bbox 1908 3119 3472 3190">
    <p class='ocr_par' dir='ltr' id='par_1_58' title="bbox 1908 3119 3472 3190">
     <span class='ocr_line' id='line_1_60' title="bbox 1908 3119 3472 3190; baseline -0.003 -15"><span class='ocrx_word' id='word_1_477' title='bbox 1908 3121 1973 3176; x_wconf 83' lang='lat' dir='ltr'><strong>in</strong></span> <span class='ocrx_word' id='word_1_478' title='bbox 2013 3122 2156 3178; x_wconf 90' lang='lat' dir='ltr'><strong>ostio</strong></span> <span class='ocrx_word' id='word_1_479' title='bbox 2197 3121 2539 3177; x_wconf 87' lang='lat' dir='ltr'><strong>tabernaculi</strong></span> <span class='ocrx_word' id='word_1_480' title='bbox 2565 3120 2674 3186; x_wconf 90' lang='lat' dir='ltr'><strong>sui,</strong></span> <span class='ocrx_word' id='word_1_481' title='bbox 2708 3119 2829 3190; x_wconf 79' lang='lat' dir='ltr'><strong>ipso</strong></span> <span class='ocrx_word' id='word_1_482' title='bbox 2876 3120 3142 3176; x_wconf 86' lang='lat' dir='ltr'><strong>meridie:</strong></span> <span class='ocrx_word' id='word_1_483' title='bbox 3175 3134 3300 3173; x_wconf 91' lang='lat' dir='ltr'><strong>cum</strong></span> <span class='ocrx_word' id='word_1_484' title='bbox 3338 3130 3472 3177; x_wconf 76' lang='lat' dir='ltr'><strong>vero</strong></span> 
     </span>
    </p>
   </div>
   <div class='ocr_carea' id='block_1_59' title="bbox 234 3198 1798 3283">
    <p class='ocr_par' dir='ltr' id='par_1_59' title="bbox 234 3198 1798 3281">
     <span class='ocr_line' id='line_1_61' title="bbox 234 3198 1798 3281; baseline 0.012 -29"><span class='ocrx_word' id='word_1_485' title='bbox 234 3198 571 3275; x_wconf 72' lang='grc' dir='ltr'>’Δναβλὲψας</span> <span class='ocrx_word' id='word_1_486' title='bbox 604 3207 661 3260; x_wconf 86' lang='grc' dir='ltr'>δὲ</span> <span class='ocrx_word' id='word_1_487' title='bbox 692 3212 802 3272; x_wconf 88' lang='grc' dir='ltr'>τοῖς</span> <span class='ocrx_word' id='word_1_488' title='bbox 841 3210 1139 3281; x_wconf 80' lang='grc' dir='ltr'>ὀφθαλμοῖς</span> <span class='ocrx_word' id='word_1_489' title='bbox 1167 3209 1352 3276; x_wconf 50' lang='grc' dir='ltr'>αὑτοῦ,</span> <span class='ocrx_word' id='word_1_490' title='bbox 1393 3210 1499 3267; x_wconf 78' lang='grc' dir='ltr'>εἶδε</span> <span class='ocrx_word' id='word_1_491' title='bbox 1520 3232 1534 3245; x_wconf 74' lang='grc'><strong><em>⁸</em></strong></span> <span class='ocrx_word' id='word_1_492' title='bbox 1562 3198 1798 3270; x_wconf 76' lang='grc' dir='ltr'>καὶίδοὺ</span> 
     </span>
    </p>
   </div>
   <div class='ocr_carea' id='block_1_60' title="bbox 1905 3198 3470 3283">
    <p class='ocr_par' dir='ltr' id='par_1_60' title="bbox 1905 3212 3470 3283">
     <span class='ocr_line' id='line_1_62' title="bbox 1905 3212 3470 3283; baseline 0.001 -16"><span class='ocrx_word' id='word_1_493' title='bbox 1905 3213 2079 3270; x_wconf 90' lang='lat' dir='ltr'><strong>oculis</strong></span> <span class='ocrx_word' id='word_1_494' title='bbox 2114 3213 2230 3268; x_wconf 89' lang='lat' dir='ltr'><strong>suis</strong></span> <span class='ocrx_word' id='word_1_495' title='bbox 2260 3215 2611 3283; x_wconf 80' lang='lat' dir='ltr'><strong>respexisset,</strong></span> <span class='ocrx_word' id='word_1_496' title='bbox 2641 3212 2796 3278; x_wconf 90' lang='lat' dir='ltr'><strong>vidit,</strong></span> <span class='ocrx_word' id='word_1_497' title='bbox 2827 3221 2882 3269; x_wconf 92' lang='lat' dir='ltr'><strong>et</strong></span> <span class='ocrx_word' id='word_1_498' title='bbox 2912 3227 3042 3268; x_wconf 90' lang='lat' dir='ltr'><strong>ecce</strong></span> <span class='ocrx_word' id='word_1_499' title='bbox 3073 3221 3185 3268; x_wconf 91' lang='lat' dir='ltr'><strong>tres</strong></span> <span class='ocrx_word' id='word_1_500' title='bbox 3215 3213 3317 3267; x_wconf 91' lang='lat' dir='ltr'><strong>viri</strong></span> <span class='ocrx_word' id='word_1_501' title='bbox 3358 3220 3470 3269; x_wconf 83' lang='lat' dir='ltr'><strong>ste-</strong></span> 
     </span>
    </p>
   </div>
   <div class='ocr_carea' id='block_1_61' title="bbox 222 3297 1800 3381">
    <p class='ocr_par' dir='ltr' id='par_1_61' title="bbox 222 3297 1800 3381">
     <span class='ocr_line' id='line_1_63' title="bbox 222 3297 1800 3381; baseline 0.011 -36"><span class='ocrx_word' id='word_1_502' title='bbox 222 3298 356 3363; x_wconf 83' lang='grc' dir='ltr'>τρεῖς</span> <span class='ocrx_word' id='word_1_503' title='bbox 380 3297 582 3369; x_wconf 61' lang='grc' dir='ltr'>ἅνδρες</span> <span class='ocrx_word' id='word_1_504' title='bbox 606 3300 946 3371; x_wconf 88' lang='grc' dir='ltr'>είστήκεισαν</span> <span class='ocrx_word' id='word_1_505' title='bbox 968 3302 1151 3355; x_wconf 80' lang='grc' dir='ltr'><strong>ἐπάνω</strong></span> <span class='ocrx_word' id='word_1_506' title='bbox 1169 3303 1353 3360; x_wconf 76' lang='grc' dir='ltr'>αὑτοῦ.</span> <span class='ocrx_word' id='word_1_507' title='bbox 1370 3305 1477 3359; x_wconf 88' lang='lat' dir='ltr'><strong>Kal.</strong></span> <span class='ocrx_word' id='word_1_508' title='bbox 1500 3306 1620 3361; x_wconf 87' lang='grc' dir='ltr'>ίδὼν</span> <span class='ocrx_word' id='word_1_509' title='bbox 1638 3326 1800 3381; x_wconf 90' lang='grc' dir='ltr'>προσ-</span> 
     </span>
    </p>
   </div>
   <div class='ocr_carea' id='block_1_62' title="bbox 226 3386 1798 3470">
    <p class='ocr_par' dir='ltr' id='par_1_62' title="bbox 226 3386 1798 3470">
     <span class='ocr_line' id='line_1_64' title="bbox 226 3386 1798 3470; baseline 0.009 -31"><span class='ocrx_word' id='word_1_510' title='bbox 226 3386 455 3458; x_wconf 79' lang='grc' dir='ltr'>έδραμεν</span> <span class='ocrx_word' id='word_1_511' title='bbox 514 3390 594 3453; x_wconf 86' lang='grc' dir='ltr'><strong>εἰς</strong></span> <span class='ocrx_word' id='word_1_512' title='bbox 636 3392 954 3461; x_wconf 82' lang='grc' dir='ltr'>συνάντησιν</span> <span class='ocrx_word' id='word_1_513' title='bbox 991 3393 1174 3459; x_wconf 82' lang='grc' dir='ltr'>αὐτοῖς</span> <span class='ocrx_word' id='word_1_514' title='bbox 1213 3395 1320 3448; x_wconf 87' lang='grc' dir='ltr'>ἀπὸ</span> <span class='ocrx_word' id='word_1_515' title='bbox 1348 3398 1449 3467; x_wconf 86' lang='grc' dir='ltr'><strong>τῆς</strong></span> <span class='ocrx_word' id='word_1_516' title='bbox 1482 3396 1650 3470; x_wconf 87' lang='grc' dir='ltr'>θύρας</span> <span class='ocrx_word' id='word_1_517' title='bbox 1700 3400 1798 3470; x_wconf 88' lang='grc' dir='ltr'><strong>τῆς</strong></span> 
     </span>
    </p>
   </div>
   <div class='ocr_carea' id='block_1_63' title="bbox 226 3481 1796 3565">
    <p class='ocr_par' dir='ltr' id='par_1_63' title="bbox 226 3481 1796 3565">
     <span class='ocr_line' id='line_1_65' title="bbox 226 3481 1796 3565; baseline 0.009 -33"><span class='ocrx_word' id='word_1_518' title='bbox 226 3481 445 3551; x_wconf 79' lang='grc' dir='ltr'>σκηνῆς,</span> <span class='ocrx_word' id='word_1_519' title='bbox 505 3481 602 3534; x_wconf 80' lang='grc' dir='ltr'><strong>καὶ</strong></span> <span class='ocrx_word' id='word_1_520' title='bbox 662 3483 1055 3555; x_wconf 83' lang='grc' dir='ltr'>προσεκύνησε.</span> <span class='ocrx_word' id='word_1_521' title='bbox 1098 3504 1117 3536; x_wconf 75' lang='grc' dir='ltr'><strong>ι</strong></span> <span class='ocrx_word' id='word_1_522' title='bbox 1155 3487 1264 3541; x_wconf 81' lang='grc' dir='ltr'><strong>Καὶ</strong></span> <span class='ocrx_word' id='word_1_523' title='bbox 1324 3488 1451 3560; x_wconf 83' lang='grc' dir='ltr'><strong>ἑξῆς</strong></span> <span class='ocrx_word' id='word_1_524' title='bbox 1510 3490 1649 3561; x_wconf 87' lang='grc' dir='ltr'>μετὰ</span> <span class='ocrx_word' id='word_1_525' title='bbox 1696 3493 1796 3565; x_wconf 77' lang='grc' dir='ltr'>τὴν</span> 
     </span>
    </p>
   </div>
   <div class='ocr_carea' id='block_1_64' title="bbox 225 3566 1795 3661">
    <p class='ocr_par' dir='ltr' id='par_1_64' title="bbox 225 3566 1795 3661">
     <span class='ocr_line' id='line_1_66' title="bbox 225 3566 1795 3661; baseline 0.01 -36"><span class='ocrx_word' id='word_1_526' title='bbox 225 3566 485 3628; x_wconf 74' lang='grc' dir='ltr'>ὀπτασίαν</span> <span class='ocrx_word' id='word_1_527' title='bbox 529 3577 811 3649; x_wconf 81' lang='grc' dir='ltr'>ἐπιφέρει·</span> <span class='ocrx_word' id='word_1_528' title='bbox 850 3598 870 3630; x_wconf 86' lang='grc'><strong><em>‹</em></strong></span> <span class='ocrx_word' id='word_1_529' title='bbox 908 3579 967 3633; x_wconf 86' lang='lat'><strong>&#39;0</strong></span> <span class='ocrx_word' id='word_1_530' title='bbox 1010 3580 1067 3633; x_wconf 86' lang='grc' dir='ltr'>δὲ</span> <span class='ocrx_word' id='word_1_531' title='bbox 1131 3581 1336 3655; x_wconf 87' lang='grc' dir='ltr'>Κύριος</span> <span class='ocrx_word' id='word_1_532' title='bbox 1370 3580 1555 3638; x_wconf 55' lang='grc' dir='ltr'>εἶπεν</span> <span class='ocrx_word' id='word_1_533' title='bbox 1595 3587 1667 3639; x_wconf 84' lang='grc' dir='ltr'><strong>Οὐ</strong></span> <span class='ocrx_word' id='word_1_534' title='bbox 1720 3589 1795 3661; x_wconf 81' lang='grc' dir='ltr'>μὴ</span> 
     </span>
    </p>
   </div>
   <div class='ocr_carea' id='block_1_65' title="bbox 226 3663 1801 3748">
    <p class='ocr_par' dir='ltr' id='par_1_65' title="bbox 226 3663 1801 3748">
     <span class='ocr_line' id='line_1_67' title="bbox 226 3663 1801 3748; baseline 0.012 -34"><span class='ocrx_word' id='word_1_535' title='bbox 226 3663 407 3734; x_wconf 63' lang='grc' dir='ltr'>κρύψω</span> <span class='ocrx_word' id='word_1_536' title='bbox 440 3666 552 3735; x_wconf 79' lang='grc' dir='ltr'><strong>ἐγὼ</strong></span> <span class='ocrx_word' id='word_1_537' title='bbox 608 3669 716 3722; x_wconf 87' lang='grc' dir='ltr'>ἀπὸ</span> <span class='ocrx_word' id='word_1_538' title='bbox 764 3670 1012 3743; x_wconf 84' lang='grc' dir='ltr'>Ἀϐραὰμ</span> <span class='ocrx_word' id='word_1_539' title='bbox 1069 3673 1164 3727; x_wconf 88' lang='grc' dir='ltr'><strong>τοῦ</strong></span> <span class='ocrx_word' id='word_1_540' title='bbox 1218 3675 1406 3739; x_wconf 83' lang='grc' dir='ltr'>παιδός</span> <span class='ocrx_word' id='word_1_541' title='bbox 1454 3693 1555 3747; x_wconf 92' lang='grc' dir='ltr'><strong>μου</strong></span> <span class='ocrx_word' id='word_1_542' title='bbox 1601 3677 1639 3732; x_wconf 79' lang='grc' dir='ltr'>ἃ.</span> <span class='ocrx_word' id='word_1_543' title='bbox 1687 3678 1801 3748; x_wconf 84' lang='grc' dir='ltr'>ἐγὼ</span> 
     </span>
    </p>
   </div>
   <div class='ocr_carea' id='block_1_66' title="bbox 228 3755 1797 3838">
    <p class='ocr_par' dir='ltr' id='par_1_66' title="bbox 228 3755 1797 3838">
     <span class='ocr_line' id='line_1_68' title="bbox 228 3755 1797 3838; baseline 0.008 -29"><span class='ocrx_word' id='word_1_544' title='bbox 228 3755 370 3815; x_wconf 67' lang='grc' dir='ltr'>ποιῶ.</span> <span class='ocrx_word' id='word_1_545' title='bbox 419 3757 674 3830; x_wconf 81' lang='grc' dir='ltr'>Ἀϐραὰμ</span> <span class='ocrx_word' id='word_1_546' title='bbox 700 3759 757 3813; x_wconf 89' lang='grc' dir='ltr'><strong>δέ</strong></span> <span class='ocrx_word' id='word_1_547' title='bbox 783 3762 1064 3833; x_wconf 85' lang='grc' dir='ltr'>γινόμενος</span> <span class='ocrx_word' id='word_1_548' title='bbox 1084 3762 1236 3817; x_wconf 76' lang='grc' dir='ltr'>ἔσται</span> <span class='ocrx_word' id='word_1_549' title='bbox 1255 3766 1335 3829; x_wconf 88' lang='grc' dir='ltr'><strong>είς</strong></span> <span class='ocrx_word' id='word_1_550' title='bbox 1352 3764 1503 3830; x_wconf 79' lang='grc' dir='ltr'>ἔθνος</span> <span class='ocrx_word' id='word_1_551' title='bbox 1534 3771 1675 3838; x_wconf 84' lang='grc' dir='ltr'>μέγα</span> <span class='ocrx_word' id='word_1_552' title='bbox 1701 3768 1797 3822; x_wconf 72' lang='grc' dir='ltr'>καὶ</span> 
     </span>
    </p>
   </div>
   <div class='ocr_carea' id='block_1_67' title="bbox 228 3841 1793 3927">
    <p class='ocr_par' dir='ltr' id='par_1_67' title="bbox 228 3841 1793 3927">
     <span class='ocr_line' id='line_1_69' title="bbox 228 3841 1793 3927; baseline 0.012 -33"><span class='ocrx_word' id='word_1_553' title='bbox 228 3841 372 3909; x_wconf 80' lang='grc' dir='ltr'>πολὺ,</span> <span class='ocrx_word' id='word_1_554' title='bbox 410 3846 509 3900; x_wconf 72' lang='grc' dir='ltr'>καὶ</span> <span class='ocrx_word' id='word_1_555' title='bbox 549 3847 1060 3919; x_wconf 84' lang='grc' dir='ltr'>ὲνευλογηθήσονται</span> <span class='ocrx_word' id='word_1_556' title='bbox 1101 3855 1161 3907; x_wconf 82' lang='grc' dir='ltr'><strong>ἐν</strong></span> <span class='ocrx_word' id='word_1_557' title='bbox 1185 3854 1334 3926; x_wconf 86' lang='grc' dir='ltr'>αύτῷ</span> <span class='ocrx_word' id='word_1_558' title='bbox 1362 3855 1541 3910; x_wconf 87' lang='grc' dir='ltr'>πάντα</span> <span class='ocrx_word' id='word_1_559' title='bbox 1567 3856 1638 3911; x_wconf 89' lang='grc' dir='ltr'><strong>τὰ</strong></span> <span class='ocrx_word' id='word_1_560' title='bbox 1664 3856 1793 3927; x_wconf 72' lang='grc' dir='ltr'>ἔθνη</span> 
     </span>
    </p>
   </div>
   <div class='ocr_carea' id='block_1_68' title="bbox 228 3933 1793 4021">
    <p class='ocr_par' dir='ltr' id='par_1_68' title="bbox 228 3933 1793 4021">
     <span class='ocr_line' id='line_1_70' title="bbox 228 3933 1793 4021; baseline 0.01 -35"><span class='ocrx_word' id='word_1_561' title='bbox 228 3933 315 4004; x_wconf 80' lang='grc' dir='ltr'><strong>τῆς</strong></span> <span class='ocrx_word' id='word_1_562' title='bbox 343 3937 473 4008; x_wconf 86' lang='grc' dir='ltr'>γῆς.</span> <span class='ocrx_word' id='word_1_563' title='bbox 519 3956 538 3988; x_wconf 73' lang='grc' dir='ltr'><strong>ι</strong></span> <span class='ocrx_word' id='word_1_564' title='bbox 585 3939 694 3992; x_wconf 85' lang='lat' dir='ltr'><strong>Kal.</strong></span> <span class='ocrx_word' id='word_1_565' title='bbox 724 3939 931 4006; x_wconf 87' lang='grc' dir='ltr'>τούτοις</span> <span class='ocrx_word' id='word_1_566' title='bbox 962 3938 1115 4008; x_wconf 79' lang='grc' dir='ltr'>αὖθις</span> <span class='ocrx_word' id='word_1_567' title='bbox 1141 3944 1380 4015; x_wconf 83' lang='grc' dir='ltr'>ἐπιλέγει</span> <span class='ocrx_word' id='word_1_568' title='bbox 1410 3947 1487 4011; x_wconf 82' lang='grc' dir='ltr'>ὡς</span> <span class='ocrx_word' id='word_1_569' title='bbox 1522 3948 1651 4021; x_wconf 75' lang='grc' dir='ltr'>περὶ</span> <span class='ocrx_word' id='word_1_570' title='bbox 1674 3949 1793 4002; x_wconf 84' lang='grc' dir='ltr'>ἐτέ-</span> 
     </span>
    </p>
   </div>
   <div class='ocr_carea' id='block_1_69' title="bbox 234 4029 1802 4102">
    <p class='ocr_par' dir='ltr' id='par_1_69' title="bbox 234 4029 1802 4102">
     <span class='ocr_line' id='line_1_71' title="bbox 234 4029 1802 4102; baseline 0.01 -24"><span class='ocrx_word' id='word_1_571' title='bbox 234 4039 315 4094; x_wconf 80' lang='grc' dir='ltr'><strong>ρου</strong></span> <span class='ocrx_word' id='word_1_572' title='bbox 337 4045 350 4058; x_wconf 88' lang='grc'><strong>·</strong></span> <span class='ocrx_word' id='word_1_573' title='bbox 392 4047 413 4080; x_wconf 80' lang='grc' dir='ltr'><strong>ι</strong></span> <span class='ocrx_word' id='word_1_574' title='bbox 449 4029 636 4100; x_wconf 86' lang='grc' dir='ltr'>ᾜδειν</span> <span class='ocrx_word' id='word_1_575' title='bbox 663 4029 790 4102; x_wconf 86' lang='grc' dir='ltr'>γὰρ,</span> <span class='ocrx_word' id='word_1_576' title='bbox 825 4033 908 4085; x_wconf 82' lang='grc' dir='ltr'>ὅτι</span> <span class='ocrx_word' id='word_1_577' title='bbox 940 4034 1187 4099; x_wconf 84' lang='grc' dir='ltr'>συντάξει</span> <span class='ocrx_word' id='word_1_578' title='bbox 1208 4039 1319 4101; x_wconf 87' lang='grc' dir='ltr'>τοῖς</span> <span class='ocrx_word' id='word_1_579' title='bbox 1340 4038 1476 4102; x_wconf 87' lang='grc' dir='ltr'>υἱοῖς</span> <span class='ocrx_word' id='word_1_580' title='bbox 1500 4038 1664 4093; x_wconf 84' lang='grc' dir='ltr'>αὐτοῦ</span> <span class='ocrx_word' id='word_1_581' title='bbox 1698 4040 1802 4094; x_wconf 76' lang='grc' dir='ltr'>καὶ</span> 
     </span>
    </p>
   </div>
   <div class='ocr_carea' id='block_1_70' title="bbox 229 4117 1794 4199">
    <p class='ocr_par' dir='ltr' id='par_1_70' title="bbox 229 4117 1794 4199">
     <span class='ocr_line' id='line_1_72' title="bbox 229 4117 1794 4199; baseline 0.013 -31"><span class='ocrx_word' id='word_1_582' title='bbox 229 4117 298 4189; x_wconf 79' lang='grc' dir='ltr'><strong>τῷ</strong></span> <span class='ocrx_word' id='word_1_583' title='bbox 326 4120 465 4192; x_wconf 82' lang='grc' dir='ltr'>οἴκῳ</span> <span class='ocrx_word' id='word_1_584' title='bbox 496 4122 659 4176; x_wconf 81' lang='grc' dir='ltr'>αὐτοῦ</span> <span class='ocrx_word' id='word_1_585' title='bbox 695 4124 811 4193; x_wconf 88' lang='grc' dir='ltr'>μεθ’</span> <span class='ocrx_word' id='word_1_586' title='bbox 841 4126 1021 4191; x_wconf 82' lang='grc' dir='ltr'>αὐτὸν,</span> <span class='ocrx_word' id='word_1_587' title='bbox 1061 4128 1155 4182; x_wconf 82' lang='grc' dir='ltr'><strong>καὶ</strong></span> <span class='ocrx_word' id='word_1_588' title='bbox 1189 4129 1479 4199; x_wconf 79' lang='grc' dir='ltr'>φυλάξουσι</span> <span class='ocrx_word' id='word_1_589' title='bbox 1517 4132 1616 4195; x_wconf 86' lang='grc' dir='ltr'><strong>τὰς</strong></span> <span class='ocrx_word' id='word_1_590' title='bbox 1640 4132 1794 4196; x_wconf 79' lang='grc' dir='ltr'>ὀδοὺς</span> 
     </span>
    </p>
   </div>
   <div class='ocr_carea' id='block_1_71' title="bbox 229 4207 1791 4294">
    <p class='ocr_par' dir='ltr' id='par_1_71' title="bbox 229 4207 1791 4294">
     <span class='ocr_line' id='line_1_73' title="bbox 229 4207 1791 4294; baseline 0.012 -33"><span class='ocrx_word' id='word_1_591' title='bbox 229 4207 448 4284; x_wconf 76' lang='grc' dir='ltr'>Κυρίου,</span> <span class='ocrx_word' id='word_1_592' title='bbox 474 4219 648 4269; x_wconf 88' lang='grc' dir='ltr'>ποιεῖν</span> <span class='ocrx_word' id='word_1_593' title='bbox 668 4217 1010 4290; x_wconf 88' lang='grc' dir='ltr'>δικαιοσύνην</span> <span class='ocrx_word' id='word_1_594' title='bbox 1037 4221 1131 4274; x_wconf 73' lang='grc' dir='ltr'>καὶ</span> <span class='ocrx_word' id='word_1_595' title='bbox 1163 4222 1363 4293; x_wconf 85' lang='grc' dir='ltr'>κρίσιν,</span> <span class='ocrx_word' id='word_1_596' title='bbox 1395 4224 1543 4288; x_wconf 84' lang='grc' dir='ltr'>ὅπως</span> <span class='ocrx_word' id='word_1_597' title='bbox 1579 4224 1791 4294; x_wconf 81' lang='grc' dir='ltr'>ἐπαγά-</span> 
     </span>
    </p>
   </div>
   <div class='ocr_carea' id='block_1_72' title="bbox 230 4304 1786 4387">
    <p class='ocr_par' dir='ltr' id='par_1_72' title="bbox 230 4304 1786 4387">
     <span class='ocr_line' id='line_1_74' title="bbox 230 4304 1786 4387; baseline 0.01 -32"><span class='ocrx_word' id='word_1_598' title='bbox 230 4316 291 4373; x_wconf 80' lang='grc' dir='ltr'><strong>γη</strong></span> <span class='ocrx_word' id='word_1_599' title='bbox 342 4304 548 4375; x_wconf 81' lang='grc' dir='ltr'>Κύριος</span> <span class='ocrx_word' id='word_1_600' title='bbox 597 4307 691 4361; x_wconf 73' lang='grc' dir='ltr'>ἐπὶ</span> <span class='ocrx_word' id='word_1_601' title='bbox 733 4309 978 4381; x_wconf 86' lang='grc' dir='ltr'>Ἀϐραὰμ</span> <span class='ocrx_word' id='word_1_602' title='bbox 1024 4310 1061 4365; x_wconf 80' lang='grc' dir='ltr'><strong>ἃ.</strong></span> <span class='ocrx_word' id='word_1_603' title='bbox 1113 4312 1338 4384; x_wconf 81' lang='grc' dir='ltr'>ἐλάλησε</span> <span class='ocrx_word' id='word_1_604' title='bbox 1380 4314 1516 4387; x_wconf 88' lang='grc' dir='ltr'>πρὸς</span> <span class='ocrx_word' id='word_1_605' title='bbox 1553 4316 1733 4370; x_wconf 87' lang='grc' dir='ltr'>αὐτόν.</span> <span class='ocrx_word' id='word_1_606' title='bbox 1767 4338 1786 4370; x_wconf 72' lang='grc' dir='ltr'><strong>ι</strong></span> 
     </span>
    </p>
   </div>
   <div class='ocr_carea' id='block_1_73' title="bbox 230 4392 1792 4481">
    <p class='ocr_par' dir='ltr' id='par_1_73' title="bbox 230 4392 1792 4481">
     <span class='ocr_line' id='line_1_75' title="bbox 230 4392 1792 4481; baseline 0.012 -36"><span class='ocrx_word' id='word_1_607' title='bbox 230 4392 403 4451; x_wconf 90' lang='grc' dir='ltr'>Ταῦτα</span> <span class='ocrx_word' id='word_1_608' title='bbox 434 4398 597 4463; x_wconf 74' lang='grc' dir='ltr'>αὐτὸς</span> <span class='ocrx_word' id='word_1_609' title='bbox 622 4400 1031 4473; x_wconf 80' lang='grc' dir='ltr'>ἀναγέγραπται</span> <span class='ocrx_word' id='word_1_610' title='bbox 1061 4403 1232 4472; x_wconf 85' lang='grc' dir='ltr'>λέγων</span> <span class='ocrx_word' id='word_1_611' title='bbox 1271 4406 1300 4458; x_wconf 93' lang='lat'><strong>6</strong></span> <span class='ocrx_word' id='word_1_612' title='bbox 1328 4407 1680 4478; x_wconf 79' lang='grc' dir='ltr'>χρηματίζων</span> <span class='ocrx_word' id='word_1_613' title='bbox 1712 4407 1792 4481; x_wconf 84' lang='grc' dir='ltr'><strong>τῷ</strong></span> 
     </span>
    </p>
   </div>
   <div class='ocr_carea' id='block_1_74' title="bbox 239 4482 1800 4571">
    <p class='ocr_par' dir='ltr' id='par_1_74' title="bbox 239 4482 1800 4571">
     <span class='ocr_line' id='line_1_76' title="bbox 239 4482 1800 4571; baseline 0.009 -31"><span class='ocrx_word' id='word_1_614' title='bbox 239 4482 479 4560; x_wconf 79' lang='grc' dir='ltr'>’Δϐραάμ</span> <span class='ocrx_word' id='word_1_615' title='bbox 516 4489 738 4561; x_wconf 85' lang='grc' dir='ltr'>Κύριος,</span> <span class='ocrx_word' id='word_1_616' title='bbox 773 4492 958 4564; x_wconf 73' lang='grc' dir='ltr'>ἕτερον</span> <span class='ocrx_word' id='word_1_617' title='bbox 992 4494 1195 4565; x_wconf 87' lang='grc' dir='ltr'>Κύριον</span> <span class='ocrx_word' id='word_1_618' title='bbox 1239 4497 1544 4566; x_wconf 79' lang='grc' dir='ltr'>ὁμολογῶν,</span> <span class='ocrx_word' id='word_1_619' title='bbox 1587 4499 1800 4571; x_wconf 75' lang='grc' dir='ltr'><strong>δηλαδὴ⁴</strong></span> 
     </span>
    </p>
   </div>
   <div class='ocr_carea' id='block_1_75' title="bbox 228 4579 1789 4670">
    <p class='ocr_par' dir='ltr' id='par_1_75' title="bbox 228 4579 1789 4670">
     <span class='ocr_line' id='line_1_77' title="bbox 228 4579 1789 4670; baseline 0.008 -35"><span class='ocrx_word' id='word_1_620' title='bbox 228 4579 306 4636; x_wconf 83' lang='grc' dir='ltr'>τὸν</span> <span class='ocrx_word' id='word_1_621' title='bbox 359 4583 528 4638; x_wconf 80' lang='grc' dir='ltr'>αὑτοῦ</span> <span class='ocrx_word' id='word_1_622' title='bbox 574 4585 812 4658; x_wconf 86' lang='grc' dir='ltr'>Πατέρα,</span> <span class='ocrx_word' id='word_1_623' title='bbox 851 4588 946 4641; x_wconf 72' lang='grc' dir='ltr'>καὶ</span> <span class='ocrx_word' id='word_1_624' title='bbox 986 4589 1212 4660; x_wconf 84' lang='grc' dir='ltr'>ποιητὴν</span> <span class='ocrx_word' id='word_1_625' title='bbox 1245 4590 1337 4642; x_wconf 86' lang='grc' dir='ltr'><strong>τοῦ</strong></span> <span class='ocrx_word' id='word_1_626' title='bbox 1368 4592 1587 4670; x_wconf 53' lang='grc' dir='ltr'>πανδός.</span> <span class='ocrx_word' id='word_1_627' title='bbox 1623 4594 1690 4646; x_wconf 88' lang='grc' dir='ltr'>Ὅ</span> <span class='ocrx_word' id='word_1_628' title='bbox 1724 4610 1789 4662; x_wconf 84' lang='grc' dir='ltr'><strong>γε</strong></span> 
     </span>
    </p>
   </div>
   <div class='ocr_carea' id='block_1_76' title="bbox 232 4664 1785 4755">
    <p class='ocr_par' dir='ltr' id='par_1_76' title="bbox 232 4664 1785 4755">
     <span class='ocr_line' id='line_1_78' title="bbox 232 4664 1785 4755; baseline 0.005 -26"><span class='ocrx_word' id='word_1_629' title='bbox 232 4675 324 4748; x_wconf 75' lang='grc' dir='ltr'>μὴν</span> <span class='ocrx_word' id='word_1_630' title='bbox 364 4676 636 4750; x_wconf 79' lang='grc' dir='ltr'>Ἀϐραὰμ,</span> <span class='ocrx_word' id='word_1_631' title='bbox 673 4673 759 4733; x_wconf 72' lang='grc' dir='ltr'>οἷα</span> <span class='ocrx_word' id='word_1_632' title='bbox 786 4682 1069 4754; x_wconf 79' lang='grc' dir='ltr'>προφήτης</span> <span class='ocrx_word' id='word_1_633' title='bbox 1095 4680 1396 4752; x_wconf 74' lang='grc' dir='ltr'>κατάληψιν</span> <span class='ocrx_word' id='word_1_634' title='bbox 1414 4664 1551 4753; x_wconf 53' lang='lat' dir='ltr'><strong>tito»)</strong></span> <span class='ocrx_word' id='word_1_635' title='bbox 1584 4683 1785 4755; x_wconf 78' lang='grc' dir='ltr'>ἀκριϐῆ</span> 
     </span>
    </p>
   </div>
   <div class='ocr_carea' id='block_1_77' title="bbox 227 4767 1791 4845">
    <p class='ocr_par' dir='ltr' id='par_1_77' title="bbox 227 4767 1791 4845">
     <span class='ocr_line' id='line_1_79' title="bbox 227 4767 1791 4845; baseline 0.006 -26"><span class='ocrx_word' id='word_1_636' title='bbox 227 4767 307 4819; x_wconf 83' lang='grc' dir='ltr'><strong>τοῦ</strong></span> <span class='ocrx_word' id='word_1_637' title='bbox 332 4770 781 4841; x_wconf 72' lang='grc' dir='ltr'>χρηματίζοντος,</span> <span class='ocrx_word' id='word_1_638' title='bbox 812 4771 938 4844; x_wconf 80' lang='grc' dir='ltr'>ἑξῆς</span> <span class='ocrx_word' id='word_1_639' title='bbox 962 4776 1075 4837; x_wconf 90' lang='grc' dir='ltr'>τοῖς</span> <span class='ocrx_word' id='word_1_640' title='bbox 1096 4772 1467 4845; x_wconf 83' lang='grc' dir='ltr'>προεκτεθεῖσι</span> <span class='ocrx_word' id='word_1_641' title='bbox 1503 4776 1791 4830; x_wconf 59' lang='grc' dir='ltr'>ποτνιᾶταιη</span> 
     </span>
    </p>
   </div>
   <div class='ocr_carea' id='block_1_78' title="bbox 227 4852 1782 4937">
    <p class='ocr_par' dir='ltr' id='par_1_78' title="bbox 227 4852 1782 4937">
     <span class='ocr_line' id='line_1_80' title="bbox 227 4852 1782 4937; baseline 0.007 -28"><span class='ocrx_word' id='word_1_642' title='bbox 227 4852 384 4927; x_wconf 79' lang='grc' dir='ltr'>λέγων</span> <span class='ocrx_word' id='word_1_643' title='bbox 404 4879 417 4892; x_wconf 88' lang='grc'><strong>·</strong></span> <span class='ocrx_word' id='word_1_644' title='bbox 455 4882 474 4912; x_wconf 74' lang='grc' dir='ltr'><strong>ι</strong></span> <span class='ocrx_word' id='word_1_645' title='bbox 514 4862 622 4915; x_wconf 81' lang='grc' dir='ltr'>Καὶ</span> <span class='ocrx_word' id='word_1_646' title='bbox 650 4862 724 4934; x_wconf 85' lang='grc' dir='ltr'><strong>μὴ</strong></span> <span class='ocrx_word' id='word_1_647' title='bbox 752 4864 1117 4937; x_wconf 80' lang='grc' dir='ltr'>συναπολέσης</span> <span class='ocrx_word' id='word_1_648' title='bbox 1149 4865 1356 4919; x_wconf 89' lang='grc' dir='ltr'>δίκαιον</span> <span class='ocrx_word' id='word_1_649' title='bbox 1388 4865 1503 4935; x_wconf 87' lang='grc' dir='ltr'>μετ’</span> <span class='ocrx_word' id='word_1_650' title='bbox 1532 4866 1782 4932; x_wconf 90' lang='grc' dir='ltr'>ἀσεϐοῦς,</span> 
     </span>
    </p>
   </div>
   <div class='ocr_carea' id='block_1_79' title="bbox 228 4948 1784 5027">
    <p class='ocr_par' dir='ltr' id='par_1_79' title="bbox 228 4948 1784 5027">
     <span class='ocr_line' id='line_1_81' title="bbox 228 4948 1784 5027; baseline 0.006 -27"><span class='ocrx_word' id='word_1_651' title='bbox 228 4950 305 5001; x_wconf 72' lang='grc' dir='ltr'><strong>καὶ</strong></span> <span class='ocrx_word' id='word_1_652' title='bbox 331 4948 487 5003; x_wconf 76' lang='grc' dir='ltr'>ἔσται</span> <span class='ocrx_word' id='word_1_653' title='bbox 517 4952 545 5003; x_wconf 90' lang='lat'><strong>6</strong></span> <span class='ocrx_word' id='word_1_654' title='bbox 578 4951 785 5016; x_wconf 87' lang='grc' dir='ltr'>δίκαιος</span> <span class='ocrx_word' id='word_1_655' title='bbox 808 4953 883 5016; x_wconf 87' lang='grc' dir='ltr'>ὠς</span> <span class='ocrx_word' id='word_1_656' title='bbox 910 4954 1130 5026; x_wconf 83' lang='grc' dir='ltr'>ἀσεϐής.</span> <span class='ocrx_word' id='word_1_657' title='bbox 1178 4954 1300 5008; x_wconf 85' lang='grc' dir='ltr'><strong>Ἐἀν</strong></span> <span class='ocrx_word' id='word_1_658' title='bbox 1320 4948 1422 5010; x_wconf 84' lang='grc' dir='ltr'>ὦσι</span> <span class='ocrx_word' id='word_1_659' title='bbox 1449 4956 1784 5027; x_wconf 82' lang='grc' dir='ltr'>πεντήκοντα</span> 
     </span>
    </p>
   </div>
   <div class='ocr_carea' id='block_1_80' title="bbox 225 5037 1783 5116">
    <p class='ocr_par' dir='ltr' id='par_1_80' title="bbox 225 5037 1783 5116">
     <span class='ocr_line' id='line_1_82' title="bbox 225 5037 1783 5116; baseline 0.006 -25"><span class='ocrx_word' id='word_1_660' title='bbox 225 5037 404 5095; x_wconf 83' lang='grc' dir='ltr'>δίκαιοι</span> <span class='ocrx_word' id='word_1_661' title='bbox 420 5043 478 5094; x_wconf 82' lang='grc' dir='ltr'><strong>ἐν</strong></span> <span class='ocrx_word' id='word_1_662' title='bbox 503 5044 567 5114; x_wconf 80' lang='grc' dir='ltr'>τῇ</span> <span class='ocrx_word' id='word_1_663' title='bbox 588 5042 759 5108; x_wconf 86' lang='grc' dir='ltr'>πόλει,</span> <span class='ocrx_word' id='word_1_664' title='bbox 791 5044 1009 5109; x_wconf 82' lang='grc' dir='ltr'>ἀπολεῖς</span> <span class='ocrx_word' id='word_1_665' title='bbox 1034 5045 1261 5112; x_wconf 86' lang='grc' dir='ltr'>αύτούς;</span> <span class='ocrx_word' id='word_1_666' title='bbox 1290 5046 1389 5099; x_wconf 84' lang='grc' dir='ltr'>οὐκ</span> <span class='ocrx_word' id='word_1_667' title='bbox 1409 5046 1629 5116; x_wconf 79' lang='grc' dir='ltr'>ἀνήσεις</span> <span class='ocrx_word' id='word_1_668' title='bbox 1649 5046 1783 5100; x_wconf 80' lang='grc' dir='ltr'>πάν-</span> 
     </span>
    </p>
   </div>
   <div class='ocr_carea' id='block_1_81' title="bbox 225 5132 1781 5210">
    <p class='ocr_par' dir='ltr' id='par_1_81' title="bbox 225 5132 1781 5210">
     <span class='ocr_line' id='line_1_83' title="bbox 225 5132 1781 5210; baseline 0.007 -29"><span class='ocrx_word' id='word_1_669' title='bbox 225 5143 281 5183; x_wconf 80' lang='grc' dir='ltr'><strong>τα</strong></span> <span class='ocrx_word' id='word_1_670' title='bbox 308 5132 402 5185; x_wconf 81' lang='grc' dir='ltr'>τὸν</span> <span class='ocrx_word' id='word_1_671' title='bbox 434 5133 601 5187; x_wconf 84' lang='grc' dir='ltr'>τόπον</span> <span class='ocrx_word' id='word_1_672' title='bbox 633 5134 817 5189; x_wconf 76' lang='grc' dir='ltr'>ἕνεκεν</span> <span class='ocrx_word' id='word_1_673' title='bbox 855 5137 964 5189; x_wconf 83' lang='grc' dir='ltr'>τῶν</span> <span class='ocrx_word' id='word_1_674' title='bbox 1013 5139 1343 5210; x_wconf 85' lang='grc' dir='ltr'>πεντήκοντα</span> <span class='ocrx_word' id='word_1_675' title='bbox 1371 5136 1628 5203; x_wconf 85' lang='grc' dir='ltr'>δικαίων;</span> <span class='ocrx_word' id='word_1_676' title='bbox 1658 5140 1781 5210; x_wconf 91' lang='grc' dir='ltr'><strong>Μη-</strong></span> 
     </span>
    </p>
   </div>
   <div class='ocr_carea' id='block_1_82' title="bbox 223 5218 1784 5301">
    <p class='ocr_par' dir='ltr' id='par_1_82' title="bbox 223 5218 1784 5301">
     <span class='ocr_line' id='line_1_84' title="bbox 223 5218 1784 5301; baseline 0.007 -28"><span class='ocrx_word' id='word_1_677' title='bbox 223 5218 394 5294; x_wconf 81' lang='grc' dir='ltr'>δαμῶς</span> <span class='ocrx_word' id='word_1_678' title='bbox 419 5225 484 5278; x_wconf 82' lang='grc' dir='ltr'>σὺ</span> <span class='ocrx_word' id='word_1_679' title='bbox 517 5227 764 5299; x_wconf 85' lang='grc' dir='ltr'>ποιήσεις</span> <span class='ocrx_word' id='word_1_680' title='bbox 792 5228 852 5282; x_wconf 88' lang='grc' dir='ltr'>τὸ</span> <span class='ocrx_word' id='word_1_681' title='bbox 882 5229 1029 5301; x_wconf 80' lang='grc' dir='ltr'>ῥῆμα</span> <span class='ocrx_word' id='word_1_682' title='bbox 1057 5228 1232 5294; x_wconf 84' lang='grc' dir='ltr'>τοῦτο,</span> <span class='ocrx_word' id='word_1_683' title='bbox 1257 5230 1350 5283; x_wconf 87' lang='grc' dir='ltr'><strong>τοῦ</strong></span> <span class='ocrx_word' id='word_1_684' title='bbox 1378 5231 1688 5284; x_wconf 85' lang='grc' dir='ltr'>ἀποκτεῖναι</span> <span class='ocrx_word' id='word_1_685' title='bbox 1710 5230 1784 5283; x_wconf 87' lang='grc' dir='ltr'>δί-</span> 
     </span>
    </p>
   </div>
   <div class='ocr_carea' id='block_1_83' title="bbox 224 5319 1777 5395">
    <p class='ocr_par' dir='ltr' id='par_1_83' title="bbox 224 5319 1777 5395">
     <span class='ocr_line' id='line_1_85' title="bbox 224 5319 1777 5395; baseline 0.005 -27"><span class='ocrx_word' id='word_1_686' title='bbox 224 5331 360 5370; x_wconf 81' lang='grc' dir='ltr'>καιον</span> <span class='ocrx_word' id='word_1_687' title='bbox 391 5320 530 5389; x_wconf 87' lang='grc' dir='ltr'><strong>μετά</strong></span> <span class='ocrx_word' id='word_1_688' title='bbox 551 5319 800 5384; x_wconf 84' lang='grc' dir='ltr'>ἀσεϐοῦς,</span> <span class='ocrx_word' id='word_1_689' title='bbox 832 5322 927 5375; x_wconf 73' lang='grc' dir='ltr'><strong>καὶ</strong></span> <span class='ocrx_word' id='word_1_690' title='bbox 948 5321 1098 5375; x_wconf 76' lang='grc' dir='ltr'>ἔσται</span> <span class='ocrx_word' id='word_1_691' title='bbox 1123 5324 1151 5375; x_wconf 90' lang='lat'><strong>6</strong></span> <span class='ocrx_word' id='word_1_692' title='bbox 1180 5322 1384 5386; x_wconf 82' lang='grc' dir='ltr'>δίκαιος</span> <span class='ocrx_word' id='word_1_693' title='bbox 1402 5323 1478 5386; x_wconf 87' lang='grc' dir='ltr'>ὡς</span> <span class='ocrx_word' id='word_1_694' title='bbox 1502 5325 1531 5376; x_wconf 88' lang='lat'><strong>6</strong></span> <span class='ocrx_word' id='word_1_695' title='bbox 1557 5322 1777 5395; x_wconf 83' lang='grc' dir='ltr'>ἀσεϐής·</span> 
     </span>
    </p>
   </div>
   <div class='ocr_carea' id='block_1_84' title="bbox 226 5410 1783 5487">
    <p class='ocr_par' dir='ltr' id='par_1_84' title="bbox 226 5410 1783 5487">
     <span class='ocr_line' id='line_1_86' title="bbox 226 5410 1783 5487; baseline -0.005 -12"><span class='ocrx_word' id='word_1_696' title='bbox 226 5410 494 5482; x_wconf 81' lang='grc' dir='ltr'>μηδαμῶς·</span> <span class='ocrx_word' id='word_1_697' title='bbox 527 5413 556 5464; x_wconf 87' lang='grc' dir='ltr'>ὁ</span> <span class='ocrx_word' id='word_1_698' title='bbox 583 5412 783 5484; x_wconf 84' lang='grc' dir='ltr'>κρίνων</span> <span class='ocrx_word' id='word_1_699' title='bbox 805 5415 983 5468; x_wconf 84' lang='grc' dir='ltr'>πᾶσαν</span> <span class='ocrx_word' id='word_1_700' title='bbox 1017 5413 1115 5485; x_wconf 80' lang='grc' dir='ltr'>τὴν</span> <span class='ocrx_word' id='word_1_701' title='bbox 1137 5414 1260 5486; x_wconf 86' lang='grc' dir='ltr'>γῆν,</span> <span class='ocrx_word' id='word_1_702' title='bbox 1289 5415 1351 5468; x_wconf 79' lang='grc' dir='ltr'>οὐ</span> <span class='ocrx_word' id='word_1_703' title='bbox 1385 5416 1628 5487; x_wconf 83' lang='grc' dir='ltr'>ποιήσεις</span> <span class='ocrx_word' id='word_1_704' title='bbox 1663 5414 1783 5486; x_wconf 65' lang='grc' dir='ltr'>κρίς</span> 
     </span>
    </p>
   </div>
   <div class='ocr_carea' id='block_1_85' title="bbox 227 5504 1778 5577">
    <p class='ocr_par' dir='ltr' id='par_1_85' title="bbox 227 5504 1778 5577">
     <span class='ocr_line' id='line_1_87' title="bbox 227 5504 1778 5577; baseline 0.005 -26"><span class='ocrx_word' id='word_1_705' title='bbox 227 5515 328 5564; x_wconf 76' lang='lat' dir='ltr'><strong>etv;</strong></span> <span class='ocrx_word' id='word_1_706' title='bbox 362 5521 380 5555; x_wconf 77' lang='grc' dir='ltr'><strong>ι</strong></span> <span class='ocrx_word' id='word_1_707' title='bbox 425 5504 700 5572; x_wconf 78' lang='grc' dir='ltr'>’Δγγέλοις</span> <span class='ocrx_word' id='word_1_708' title='bbox 742 5504 806 5576; x_wconf 82' lang='grc' dir='ltr'>δὴ</span> <span class='ocrx_word' id='word_1_709' title='bbox 835 5507 1061 5575; x_wconf 86' lang='grc' dir='ltr'>φάσκειν</span> <span class='ocrx_word' id='word_1_710' title='bbox 1083 5505 1274 5571; x_wconf 88' lang='grc' dir='ltr'>ταῦτα,</span> <span class='ocrx_word' id='word_1_711' title='bbox 1326 5508 1361 5577; x_wconf 73' lang='grc' dir='ltr'>ἦ</span> <span class='ocrx_word' id='word_1_712' title='bbox 1400 5508 1503 5563; x_wconf 86' lang='grc' dir='ltr'>τινι</span> <span class='ocrx_word' id='word_1_713' title='bbox 1542 5507 1653 5561; x_wconf 84' lang='grc' dir='ltr'><strong>τῶν</strong></span> <span class='ocrx_word' id='word_1_714' title='bbox 1682 5505 1778 5563; x_wconf 84' lang='grc' dir='ltr'><strong>τοῦ</strong></span> 
     </span>
    </p>
   </div>
   <div class='ocr_carea' id='block_1_86' title="bbox 224 5590 1772 5671">
    <p class='ocr_par' dir='ltr' id='par_1_86' title="bbox 224 5590 1772 5671">
     <span class='ocr_line' id='line_1_88' title="bbox 224 5590 1772 5671; baseline 0.003 -24"><span class='ocrx_word' id='word_1_715' title='bbox 224 5590 339 5651; x_wconf 82' lang='grc' dir='ltr'>Θεοῦ</span> <span class='ocrx_word' id='word_1_716' title='bbox 384 5595 731 5668; x_wconf 76' lang='grc' dir='ltr'>λειτουργῶν,</span> <span class='ocrx_word' id='word_1_717' title='bbox 777 5599 876 5670; x_wconf 91' lang='grc' dir='ltr'>οὐχ</span> <span class='ocrx_word' id='word_1_718' title='bbox 927 5597 1165 5670; x_wconf 82' lang='grc' dir='ltr'>ἡγοῦμαι</span> <span class='ocrx_word' id='word_1_719' title='bbox 1201 5598 1449 5668; x_wconf 86' lang='grc' dir='ltr'>λέγεσθαι</span> <span class='ocrx_word' id='word_1_720' title='bbox 1482 5599 1772 5671; x_wconf 77' lang='grc' dir='ltr'>ἁρμόζειν·</span> 
     </span>
    </p>
   </div>
   <div class='ocr_carea' id='block_1_87' title="bbox 1898 3304 3466 3376">
    <p class='ocr_par' dir='ltr' id='par_1_87' title="bbox 1898 3304 3466 3376">
     <span class='ocr_line' id='line_1_89' title="bbox 1898 3304 3466 3376; baseline -0.001 -17"><span class='ocrx_word' id='word_1_721' title='bbox 1898 3313 2077 3361; x_wconf 81' lang='lat' dir='ltr'><strong>terant</strong></span> <span class='ocrx_word' id='word_1_722' title='bbox 2124 3321 2288 3376; x_wconf 89' lang='lat' dir='ltr'><strong>supra</strong></span> <span class='ocrx_word' id='word_1_723' title='bbox 2337 3320 2504 3363; x_wconf 86' lang='lat' dir='ltr'><strong>eum:</strong></span> <span class='ocrx_word' id='word_1_724' title='bbox 2535 3313 2590 3361; x_wconf 91' lang='lat' dir='ltr'><strong>et</strong></span> <span class='ocrx_word' id='word_1_725' title='bbox 2635 3320 2761 3359; x_wconf 91' lang='lat' dir='ltr'><strong>cum</strong></span> <span class='ocrx_word' id='word_1_726' title='bbox 2803 3305 3035 3361; x_wconf 80' lang='lat' dir='ltr'><strong>vidisset</strong></span> <span class='ocrx_word' id='word_1_727' title='bbox 3087 3306 3326 3359; x_wconf 90' lang='lat' dir='ltr'><strong>accurrit</strong></span> <span class='ocrx_word' id='word_1_728' title='bbox 3362 3304 3466 3359; x_wconf 81' lang='lat' dir='ltr'><strong>ob-</strong></span> 
     </span>
    </p>
   </div>
   <div class='ocr_carea' id='block_1_88' title="bbox 1896 3395 3469 3462">
    <p class='ocr_par' dir='ltr' id='par_1_88' title="bbox 1896 3395 3469 3462">
     <span class='ocr_line' id='line_1_90' title="bbox 1896 3395 3469 3462; baseline -0.001 -11"><span class='ocrx_word' id='word_1_729' title='bbox 1896 3398 2040 3452; x_wconf 87' lang='lat' dir='ltr'><strong>viam</strong></span> <span class='ocrx_word' id='word_1_730' title='bbox 2070 3397 2200 3462; x_wconf 89' lang='lat' dir='ltr'><strong>illis,</strong></span> <span class='ocrx_word' id='word_1_731' title='bbox 2234 3397 2305 3451; x_wconf 91' lang='lat' dir='ltr'><strong>ab</strong></span> <span class='ocrx_word' id='word_1_732' title='bbox 2333 3398 2473 3452; x_wconf 89' lang='lat' dir='ltr'><strong>ostio</strong></span> <span class='ocrx_word' id='word_1_733' title='bbox 2500 3397 2858 3461; x_wconf 78' lang='lat' dir='ltr'><strong>tabernaculi,</strong></span> <span class='ocrx_word' id='word_1_734' title='bbox 2894 3404 2948 3452; x_wconf 91' lang='lat' dir='ltr'><strong>et</strong></span> <span class='ocrx_word' id='word_1_735' title='bbox 2981 3395 3310 3452; x_wconf 77' lang='lat' dir='ltr'><strong>adoravit&quot;.</strong></span> <span class='ocrx_word' id='word_1_736' title='bbox 3341 3413 3360 3447; x_wconf 82' lang='grc'>›</span> <span class='ocrx_word' id='word_1_737' title='bbox 3386 3396 3469 3450; x_wconf 76' lang='lat' dir='ltr'><strong>Ac</strong></span> 
     </span>
    </p>
   </div>
   <div class='ocr_carea' id='block_1_89' title="bbox 1897 3487 3465 3560">
    <p class='ocr_par' dir='ltr' id='par_1_89' title="bbox 1897 3487 3465 3560">
     <span class='ocr_line' id='line_1_91' title="bbox 1897 3487 3465 3560; baseline -0.003 -16"><span class='ocrx_word' id='word_1_738' title='bbox 1897 3488 2152 3560; x_wconf 87' lang='lat' dir='ltr'><strong>deinceps</strong></span> <span class='ocrx_word' id='word_1_739' title='bbox 2176 3497 2299 3559; x_wconf 90' lang='lat' dir='ltr'><strong>post</strong></span> <span class='ocrx_word' id='word_1_740' title='bbox 2321 3489 2588 3544; x_wconf 78' lang='lat' dir='ltr'><strong>visionem</strong></span> <span class='ocrx_word' id='word_1_741' title='bbox 2615 3488 2896 3559; x_wconf 87' lang='lat' dir='ltr'><strong>adjungit:</strong></span> <span class='ocrx_word' id='word_1_742' title='bbox 2934 3506 2953 3539; x_wconf 81' lang='grc' dir='ltr'><strong>ι</strong></span> <span class='ocrx_word' id='word_1_743' title='bbox 2988 3487 3255 3544; x_wconf 88' lang='lat' dir='ltr'><strong>Dominus</strong></span> <span class='ocrx_word' id='word_1_744' title='bbox 3282 3494 3465 3541; x_wconf 89' lang='lat' dir='ltr'><strong>autem</strong></span> 
     </span>
    </p>
   </div>
   <div class='ocr_carea' id='block_1_90' title="bbox 1895 3577 3467 3650">
    <p class='ocr_par' dir='ltr' id='par_1_90' title="bbox 1895 3577 3467 3650">
     <span class='ocr_line' id='line_1_92' title="bbox 1895 3577 3467 3650; baseline -0.001 -15"><span class='ocrx_word' id='word_1_745' title='bbox 1895 3579 2052 3644; x_wconf 76' lang='lat' dir='ltr'><strong>dixit,</strong></span> <span class='ocrx_word' id='word_1_746' title='bbox 2084 3595 2195 3633; x_wconf 89' lang='lat' dir='ltr'><strong>non</strong></span> <span class='ocrx_word' id='word_1_747' title='bbox 2224 3580 2414 3634; x_wconf 85' lang='lat' dir='ltr'><strong>celabo</strong></span> <span class='ocrx_word' id='word_1_748' title='bbox 2438 3593 2547 3649; x_wconf 80' lang='lat' dir='ltr'><strong>ego.</strong></span> <span class='ocrx_word' id='word_1_749' title='bbox 2566 3577 2841 3633; x_wconf 84' lang='lat' dir='ltr'><strong>Abraham</strong></span> <span class='ocrx_word' id='word_1_750' title='bbox 2882 3594 3109 3650; x_wconf 88' lang='lat' dir='ltr'><strong>puerum</strong></span> <span class='ocrx_word' id='word_1_751' title='bbox 3135 3594 3314 3634; x_wconf 90' lang='lat' dir='ltr'><strong>meum</strong></span> <span class='ocrx_word' id='word_1_752' title='bbox 3344 3593 3467 3649; x_wconf 78' lang='lat' dir='ltr'><strong>quze</strong></span> 
     </span>
    </p>
   </div>
   <div class='ocr_carea' id='block_1_91' title="bbox 1896 3670 3467 3741">
    <p class='ocr_par' dir='ltr' id='par_1_91' title="bbox 1896 3670 3467 3741">
     <span class='ocr_line' id='line_1_93' title="bbox 1896 3670 3467 3741; baseline 0 -17"><span class='ocrx_word' id='word_1_753' title='bbox 1896 3670 2057 3726; x_wconf 78' lang='lat' dir='ltr'><strong>facio.</strong></span> <span class='ocrx_word' id='word_1_754' title='bbox 2089 3670 2361 3726; x_wconf 83' lang='lat' dir='ltr'><strong>Abraham</strong></span> <span class='ocrx_word' id='word_1_755' title='bbox 2389 3685 2517 3726; x_wconf 87' lang='lat' dir='ltr'><strong>vero</strong></span> <span class='ocrx_word' id='word_1_756' title='bbox 2554 3684 2678 3724; x_wconf 91' lang='lat' dir='ltr'><strong>cum</strong></span> <span class='ocrx_word' id='word_1_757' title='bbox 2720 3670 2811 3733; x_wconf 88' lang='lat' dir='ltr'><strong>sit,</strong></span> <span class='ocrx_word' id='word_1_758' title='bbox 2840 3670 2947 3724; x_wconf 91' lang='lat' dir='ltr'><strong>erit</strong></span> <span class='ocrx_word' id='word_1_759' title='bbox 2994 3670 3052 3725; x_wconf 91' lang='lat' dir='ltr'><strong>in</strong></span> <span class='ocrx_word' id='word_1_760' title='bbox 3081 3678 3294 3741; x_wconf 77' lang='lat' dir='ltr'><strong>gentem</strong></span> <span class='ocrx_word' id='word_1_761' title='bbox 3348 3684 3467 3724; x_wconf 57' lang='lat' dir='ltr'><strong>mao</strong></span> 
     </span>
    </p>
   </div>
   <div class='ocr_carea' id='block_1_92' title="bbox 1896 3761 3466 3834">
    <p class='ocr_par' dir='ltr' id='par_1_92' title="bbox 1896 3761 3466 3834">
     <span class='ocr_line' id='line_1_94' title="bbox 1896 3761 3466 3834; baseline -0.001 -18"><span class='ocrx_word' id='word_1_762' title='bbox 1896 3778 2055 3834; x_wconf 83' lang='lat' dir='ltr'><strong>gnam</strong></span> <span class='ocrx_word' id='word_1_763' title='bbox 2110 3771 2165 3819; x_wconf 90' lang='lat' dir='ltr'><strong>et</strong></span> <span class='ocrx_word' id='word_1_764' title='bbox 2201 3763 2425 3817; x_wconf 87' lang='lat' dir='ltr'><strong>multam</strong></span> <span class='ocrx_word' id='word_1_765' title='bbox 2459 3772 2548 3817; x_wconf 85' lang='lat' dir='ltr'><strong>:et</strong></span> <span class='ocrx_word' id='word_1_766' title='bbox 2597 3761 2991 3817; x_wconf 79' lang='lat' dir='ltr'><strong>benedicentur</strong></span> <span class='ocrx_word' id='word_1_767' title='bbox 3054 3761 3111 3815; x_wconf 88' lang='lat' dir='ltr'><strong>in</strong></span> <span class='ocrx_word' id='word_1_768' title='bbox 3162 3777 3228 3816; x_wconf 89' lang='lat' dir='ltr'><strong>eo</strong></span> <span class='ocrx_word' id='word_1_769' title='bbox 3272 3775 3466 3816; x_wconf 88' lang='lat' dir='ltr'><strong>omnes</strong></span> 
     </span>
    </p>
   </div>
   <div class='ocr_carea' id='block_1_93' title="bbox 1894 3838 3465 3923">
    <p class='ocr_par' dir='ltr' id='par_1_93' title="bbox 1894 3838 3465 3923">
     <span class='ocr_line' id='line_1_95' title="bbox 1894 3838 3465 3923; baseline -0.003 -15"><span class='ocrx_word' id='word_1_770' title='bbox 1894 3860 2081 3923; x_wconf 87' lang='lat' dir='ltr'><strong>gentes</strong></span> <span class='ocrx_word' id='word_1_771' title='bbox 2126 3860 2283 3907; x_wconf 82' lang='lat' dir='ltr'><strong>terrae</strong></span> <span class='ocrx_word' id='word_1_772' title='bbox 2302 3851 2368 3907; x_wconf 71' lang='grc'><strong>⁸⁸.</strong></span> <span class='ocrx_word' id='word_1_773' title='bbox 2405 3871 2424 3904; x_wconf 71' lang='grc' dir='ltr'><strong>ι</strong></span> <span class='ocrx_word' id='word_1_774' title='bbox 2463 3851 2643 3922; x_wconf 80' lang='lat' dir='ltr'><strong>Atque</strong></span> <span class='ocrx_word' id='word_1_775' title='bbox 2686 3851 2775 3907; x_wconf 77' lang='lat' dir='ltr'><strong>his</strong></span> <span class='ocrx_word' id='word_1_776' title='bbox 2821 3838 3016 3907; x_wconf 81' lang='lat' dir='ltr'><strong>rursus</strong></span> <span class='ocrx_word' id='word_1_777' title='bbox 3056 3850 3303 3922; x_wconf 86' lang='lat' dir='ltr'><strong>adjungit</strong></span> <span class='ocrx_word' id='word_1_778' title='bbox 3340 3859 3465 3905; x_wconf 83' lang='lat' dir='ltr'><strong>tan-</strong></span> 
     </span>
    </p>
   </div>
   <div class='ocr_carea' id='block_1_94' title="bbox 1895 3942 3461 4016">
    <p class='ocr_par' dir='ltr' id='par_1_94' title="bbox 1895 3942 3461 4016">
     <span class='ocr_line' id='line_1_96' title="bbox 1895 3942 3461 4016; baseline -0.001 -17"><span class='ocrx_word' id='word_1_779' title='bbox 1895 3960 2057 4016; x_wconf 89' lang='lat' dir='ltr'><strong>quam</strong></span> <span class='ocrx_word' id='word_1_780' title='bbox 2089 3944 2157 4000; x_wconf 90' lang='lat' dir='ltr'><strong>de</strong></span> <span class='ocrx_word' id='word_1_781' title='bbox 2189 3944 2398 3999; x_wconf 91' lang='lat' dir='ltr'><strong>altero:</strong></span> <span class='ocrx_word' id='word_1_782' title='bbox 2429 3961 2449 3995; x_wconf 76' lang='grc' dir='ltr'><strong>ι</strong></span> <span class='ocrx_word' id='word_1_783' title='bbox 2477 3942 2611 3998; x_wconf 80' lang='lat' dir='ltr'><strong>Novi</strong></span> <span class='ocrx_word' id='word_1_784' title='bbox 2647 3943 2792 3998; x_wconf 86' lang='lat' dir='ltr'><strong>enim</strong></span> <span class='ocrx_word' id='word_1_785' title='bbox 2821 3942 2967 4014; x_wconf 74' lang='lat' dir='ltr'><strong>quod</strong></span> <span class='ocrx_word' id='word_1_786' title='bbox 2997 3943 3296 3998; x_wconf 86' lang='lat' dir='ltr'><strong>constituet</strong></span> <span class='ocrx_word' id='word_1_787' title='bbox 3335 3942 3461 3997; x_wconf 84' lang='lat' dir='ltr'><strong>ﬁliis</strong></span> 
     </span>
    </p>
   </div>
   <div class='ocr_carea' id='block_1_95' title="bbox 1895 4035 3462 4103">
    <p class='ocr_par' dir='ltr' id='par_1_95' title="bbox 1895 4035 3462 4103">
     <span class='ocr_line' id='line_1_97' title="bbox 1895 4035 3462 4103; baseline -0.004 -8"><span class='ocrx_word' id='word_1_788' title='bbox 1895 4038 2033 4103; x_wconf 89' lang='lat' dir='ltr'><strong>suis,</strong></span> <span class='ocrx_word' id='word_1_789' title='bbox 2056 4045 2110 4093; x_wconf 92' lang='lat' dir='ltr'><strong>et</strong></span> <span class='ocrx_word' id='word_1_790' title='bbox 2136 4038 2320 4093; x_wconf 90' lang='lat' dir='ltr'><strong>domui</strong></span> <span class='ocrx_word' id='word_1_791' title='bbox 2349 4052 2481 4103; x_wconf 67' lang='lat' dir='ltr'><strong>sum,</strong></span> <span class='ocrx_word' id='word_1_792' title='bbox 2522 4044 2571 4092; x_wconf 88' lang='lat' dir='ltr'><strong>el</strong></span> <span class='ocrx_word' id='word_1_793' title='bbox 2609 4037 2923 4093; x_wconf 78' lang='lat' dir='ltr'><strong>custodicnt</strong></span> <span class='ocrx_word' id='word_1_794' title='bbox 2952 4037 3073 4094; x_wconf 85' lang='lat' dir='ltr'><strong>vias</strong></span> <span class='ocrx_word' id='word_1_795' title='bbox 3099 4036 3340 4101; x_wconf 91' lang='lat' dir='ltr'><strong>Domini,</strong></span> <span class='ocrx_word' id='word_1_796' title='bbox 3376 4035 3462 4090; x_wconf 76' lang='lat' dir='ltr'><strong>fa-</strong></span> 
     </span>
    </p>
   </div>
   <div class='ocr_carea' id='block_1_96' title="bbox 1894 4127 3460 4200">
    <p class='ocr_par' dir='ltr' id='par_1_96' title="bbox 1894 4127 3460 4200">
     <span class='ocr_line' id='line_1_98' title="bbox 1894 4127 3460 4200; baseline -0.002 -15"><span class='ocrx_word' id='word_1_797' title='bbox 1894 4145 2020 4186; x_wconf 90' lang='lat' dir='ltr'><strong>cere</strong></span> <span class='ocrx_word' id='word_1_798' title='bbox 2044 4129 2315 4200; x_wconf 85' lang='lat' dir='ltr'><strong>justitiam</strong></span> <span class='ocrx_word' id='word_1_799' title='bbox 2338 4138 2393 4186; x_wconf 93' lang='lat' dir='ltr'><strong>et</strong></span> <span class='ocrx_word' id='word_1_800' title='bbox 2422 4128 2708 4200; x_wconf 44' lang='lat' dir='ltr'><strong>judicium,</strong></span> <span class='ocrx_word' id='word_1_801' title='bbox 2746 4136 2805 4184; x_wconf 90' lang='lat' dir='ltr'><strong>ut</strong></span> <span class='ocrx_word' id='word_1_802' title='bbox 2829 4128 3054 4184; x_wconf 90' lang='lat' dir='ltr'><strong>inducat</strong></span> <span class='ocrx_word' id='word_1_803' title='bbox 3079 4127 3342 4185; x_wconf 89' lang='lat' dir='ltr'><strong>Dominus</strong></span> <span class='ocrx_word' id='word_1_804' title='bbox 3366 4142 3460 4184; x_wconf 89' lang='lat' dir='ltr'><strong>su-</strong></span> 
     </span>
    </p>
   </div>
   <div class='ocr_carea' id='block_1_97' title="bbox 1893 4221 3455 4295">
    <p class='ocr_par' dir='ltr' id='par_1_97' title="bbox 1893 4221 3455 4295">
     <span class='ocr_line' id='line_1_99' title="bbox 1893 4221 3455 4295; baseline -0.003 -17"><span class='ocrx_word' id='word_1_805' title='bbox 1893 4238 1992 4295; x_wconf 88' lang='lat' dir='ltr'><strong>per</strong></span> <span class='ocrx_word' id='word_1_806' title='bbox 2052 4222 2327 4277; x_wconf 87' lang='lat' dir='ltr'><strong>Abraham</strong></span> <span class='ocrx_word' id='word_1_807' title='bbox 2390 4236 2511 4293; x_wconf 80' lang='lat' dir='ltr'><strong>quae</strong></span> <span class='ocrx_word' id='word_1_808' title='bbox 2567 4221 2790 4277; x_wconf 88' lang='lat' dir='ltr'><strong>locutus</strong></span> <span class='ocrx_word' id='word_1_809' title='bbox 2842 4228 2930 4277; x_wconf 90' lang='lat' dir='ltr'><strong>est</strong></span> <span class='ocrx_word' id='word_1_810' title='bbox 3000 4221 3069 4277; x_wconf 91' lang='lat' dir='ltr'><strong>ad</strong></span> <span class='ocrx_word' id='word_1_811' title='bbox 3140 4221 3291 4276; x_wconf 89' lang='lat' dir='ltr'><strong>illum</strong></span> <span class='ocrx_word' id='word_1_812' title='bbox 3328 4222 3394 4279; x_wconf 71' lang='grc' dir='ltr'><strong>δ’.</strong></span> <span class='ocrx_word' id='word_1_813' title='bbox 3435 4242 3455 4274; x_wconf 71' lang='grc' dir='ltr'><strong>ι</strong></span> 
     </span>
    </p>
   </div>
   <div class='ocr_carea' id='block_1_98' title="bbox 1894 4312 3452 4387">
    <p class='ocr_par' dir='ltr' id='par_1_98' title="bbox 1894 4312 3452 4387">
     <span class='ocr_line' id='line_1_100' title="bbox 1894 4312 3452 4387; baseline -0.001 -17"><span class='ocrx_word' id='word_1_814' title='bbox 1894 4314 2056 4387; x_wconf 65' lang='grc'>234.</span> <span class='ocrx_word' id='word_1_815' title='bbox 2075 4314 2175 4369; x_wconf 85' lang='lat' dir='ltr'><strong>Hic</strong></span> <span class='ocrx_word' id='word_1_816' title='bbox 2220 4315 2380 4384; x_wconf 88' lang='lat' dir='ltr'><strong>plane</strong></span> <span class='ocrx_word' id='word_1_817' title='bbox 2413 4315 2676 4384; x_wconf 87' lang='lat' dir='ltr'><strong>scriptum</strong></span> <span class='ocrx_word' id='word_1_818' title='bbox 2718 4321 2824 4380; x_wconf 88' lang='lat' dir='ltr'><strong>est,</strong></span> <span class='ocrx_word' id='word_1_819' title='bbox 2861 4329 2986 4369; x_wconf 91' lang='lat' dir='ltr'><strong>eum</strong></span> <span class='ocrx_word' id='word_1_820' title='bbox 3030 4312 3319 4369; x_wconf 91' lang='lat' dir='ltr'><strong>Dominum</strong></span> <span class='ocrx_word' id='word_1_821' title='bbox 3355 4316 3452 4384; x_wconf 91' lang='lat' dir='ltr'><strong>qui</strong></span> 
     </span>
    </p>
   </div>
   <div class='ocr_carea' id='block_1_99' title="bbox 1892 4403 3463 4475">
    <p class='ocr_par' dir='ltr' id='par_1_99' title="bbox 1892 4403 3463 4475">
     <span class='ocr_line' id='line_1_101' title="bbox 1892 4403 3463 4475; baseline 0 -16"><span class='ocrx_word' id='word_1_822' title='bbox 1892 4406 2124 4461; x_wconf 70' lang='lat' dir='ltr'><strong>Abrahae</strong></span> <span class='ocrx_word' id='word_1_823' title='bbox 2150 4404 2536 4475; x_wconf 84' lang='lat' dir='ltr'><strong>respondebat,</strong></span> <span class='ocrx_word' id='word_1_824' title='bbox 2565 4406 2682 4460; x_wconf 74' lang='lat' dir='ltr'><strong>haec</strong></span> <span class='ocrx_word' id='word_1_825' title='bbox 2708 4405 2916 4469; x_wconf 86' lang='lat' dir='ltr'><strong>dicere,</strong></span> <span class='ocrx_word' id='word_1_826' title='bbox 2945 4404 3040 4459; x_wconf 80' lang='lat' dir='ltr'><strong>ubi</strong></span> <span class='ocrx_word' id='word_1_827' title='bbox 3072 4403 3325 4459; x_wconf 89' lang='lat' dir='ltr'><strong>videlicet</strong></span> <span class='ocrx_word' id='word_1_828' title='bbox 3353 4404 3463 4459; x_wconf 56' lang='lat' dir='ltr'><strong>Do.</strong></span> 
     </span>
    </p>
   </div>
   <div class='ocr_carea' id='block_1_100' title="bbox 1893 4495 3458 4560">
    <p class='ocr_par' dir='ltr' id='par_1_100' title="bbox 1893 4495 3458 4560">
     <span class='ocr_line' id='line_1_102' title="bbox 1893 4495 3458 4560; baseline -0.001 -8"><span class='ocrx_word' id='word_1_829' title='bbox 1893 4498 2100 4552; x_wconf 92' lang='lat' dir='ltr'><strong>minum</strong></span> <span class='ocrx_word' id='word_1_830' title='bbox 2154 4496 2445 4552; x_wconf 80' lang='lat' dir='ltr'><strong>conﬁtetur</strong></span> <span class='ocrx_word' id='word_1_831' title='bbox 2500 4495 2721 4551; x_wconf 87' lang='lat' dir='ltr'><strong>Patrem</strong></span> <span class='ocrx_word' id='word_1_832' title='bbox 2774 4510 2958 4560; x_wconf 88' lang='lat' dir='ltr'><strong>suum,</strong></span> <span class='ocrx_word' id='word_1_833' title='bbox 3008 4503 3062 4550; x_wconf 90' lang='lat' dir='ltr'><strong>et</strong></span> <span class='ocrx_word' id='word_1_834' title='bbox 3103 4495 3458 4550; x_wconf 82' lang='lat' dir='ltr'><strong>Conditorem</strong></span> 
     </span>
    </p>
   </div>
   <div class='ocr_carea' id='block_1_101' title="bbox 1819 4572 3455 4661">
    <p class='ocr_par' dir='ltr' id='par_1_101' title="bbox 1819 4572 3455 4661">
     <span class='ocr_line' id='line_1_103' title="bbox 1819 4572 3455 4661; baseline 0 -17"><span class='ocrx_word' id='word_1_835' title='bbox 1819 4572 1870 4632; x_wconf 76' lang='grc' dir='ltr'>ο</span> <span class='ocrx_word' id='word_1_836' title='bbox 1894 4590 2134 4645; x_wconf 89' lang='lat' dir='ltr'><strong>universi</strong></span> <span class='ocrx_word' id='word_1_837' title='bbox 2174 4592 2330 4661; x_wconf 87' lang='lat' dir='ltr'><strong>:ipse</strong></span> <span class='ocrx_word' id='word_1_838' title='bbox 2369 4598 2552 4645; x_wconf 91' lang='lat' dir='ltr'><strong>tamen</strong></span> <span class='ocrx_word' id='word_1_839' title='bbox 2602 4589 2899 4653; x_wconf 85' lang='lat' dir='ltr'><strong>Abraham,</strong></span> <span class='ocrx_word' id='word_1_840' title='bbox 2947 4588 3114 4643; x_wconf 88' lang='lat' dir='ltr'><strong>veluti</strong></span> <span class='ocrx_word' id='word_1_841' title='bbox 3168 4589 3455 4659; x_wconf 86' lang='lat' dir='ltr'><strong>propheta,</strong></span> 
     </span>
    </p>
   </div>
   <div class='ocr_carea' id='block_1_102' title="bbox 1889 4679 3457 4752">
    <p class='ocr_par' dir='ltr' id='par_1_102' title="bbox 1889 4679 3457 4752">
     <span class='ocr_line' id='line_1_104' title="bbox 1889 4679 3457 4752; baseline -0.003 -14"><span class='ocrx_word' id='word_1_842' title='bbox 1889 4683 2223 4752; x_wconf 78' lang='lat' dir='ltr'><strong>exploratam</strong></span> <span class='ocrx_word' id='word_1_843' title='bbox 2256 4689 2311 4736; x_wconf 90' lang='lat' dir='ltr'><strong>et</strong></span> <span class='ocrx_word' id='word_1_844' title='bbox 2339 4693 2544 4738; x_wconf 88' lang='lat' dir='ltr'><strong>certam</strong></span> <span class='ocrx_word' id='word_1_845' title='bbox 2578 4681 2698 4752; x_wconf 87' lang='lat' dir='ltr'><strong>ejus</strong></span> <span class='ocrx_word' id='word_1_846' title='bbox 2730 4681 2824 4751; x_wconf 87' lang='lat' dir='ltr'><strong>qui</strong></span> <span class='ocrx_word' id='word_1_847' title='bbox 2856 4679 3217 4751; x_wconf 88' lang='lat' dir='ltr'><strong>respondebat</strong></span> <span class='ocrx_word' id='word_1_848' title='bbox 3248 4680 3457 4750; x_wconf 83' lang='lat' dir='ltr'><strong>cogita-</strong></span> 
     </span>
    </p>
   </div>
   <div class='ocr_carea' id='block_1_103' title="bbox 1887 4770 3453 4845">
    <p class='ocr_par' dir='ltr' id='par_1_103' title="bbox 1887 4770 3453 4845">
     <span class='ocr_line' id='line_1_105' title="bbox 1887 4770 3453 4845; baseline -0.002 -15"><span class='ocrx_word' id='word_1_849' title='bbox 1887 4776 2091 4830; x_wconf 90' lang='lat' dir='ltr'><strong>tionem</strong></span> <span class='ocrx_word' id='word_1_850' title='bbox 2115 4774 2346 4839; x_wconf 90' lang='lat' dir='ltr'><strong>habens,</strong></span> <span class='ocrx_word' id='word_1_851' title='bbox 2377 4774 2636 4845; x_wconf 86' lang='lat' dir='ltr'><strong>deinceps</strong></span> <span class='ocrx_word' id='word_1_852' title='bbox 2664 4770 2789 4829; x_wconf 76' lang='lat' dir='ltr'><strong>c&#39;um</strong></span> <span class='ocrx_word' id='word_1_853' title='bbox 2822 4772 3170 4828; x_wconf 86' lang='lat' dir='ltr'><strong>veneratione</strong></span> <span class='ocrx_word' id='word_1_854' title='bbox 3211 4788 3327 4837; x_wconf 90' lang='lat' dir='ltr'><strong>eos,</strong></span> <span class='ocrx_word' id='word_1_855' title='bbox 3359 4772 3453 4844; x_wconf 89' lang='lat' dir='ltr'><strong>qui</strong></span> 
     </span>
    </p>
   </div>
   <div class='ocr_carea' id='block_1_104' title="bbox 1888 4864 3455 4938">
    <p class='ocr_par' dir='ltr' id='par_1_104' title="bbox 1888 4864 3455 4938">
     <span class='ocr_line' id='line_1_106' title="bbox 1888 4864 3455 4938; baseline -0.002 -16"><span class='ocrx_word' id='word_1_856' title='bbox 1888 4875 2016 4924; x_wconf 87' lang='lat' dir='ltr'><strong>ante</strong></span> <span class='ocrx_word' id='word_1_857' title='bbox 2054 4867 2287 4938; x_wconf 78' lang='lat' dir='ltr'><strong>expositi</strong></span> <span class='ocrx_word' id='word_1_858' title='bbox 2333 4874 2483 4931; x_wconf 89' lang='lat' dir='ltr'><strong>sunt,</strong></span> <span class='ocrx_word' id='word_1_859' title='bbox 2530 4874 2670 4931; x_wconf 88' lang='lat' dir='ltr'><strong>orat,</strong></span> <span class='ocrx_word' id='word_1_860' title='bbox 2722 4867 2948 4922; x_wconf 89' lang='lat' dir='ltr'><strong>dicens:</strong></span> <span class='ocrx_word' id='word_1_861' title='bbox 2977 4885 2999 4917; x_wconf 79' lang='grc' dir='ltr'><strong>ι</strong></span> <span class='ocrx_word' id='word_1_862' title='bbox 3028 4864 3107 4921; x_wconf 89' lang='lat' dir='ltr'><strong>Ne</strong></span> <span class='ocrx_word' id='word_1_863' title='bbox 3143 4866 3343 4936; x_wconf 86' lang='lat' dir='ltr'><strong>perdas</strong></span> <span class='ocrx_word' id='word_1_864' title='bbox 3364 4867 3455 4935; x_wconf 82' lang='lat' dir='ltr'><strong>ju-</strong></span> 
     </span>
    </p>
   </div>
   <div class='ocr_carea' id='block_1_105' title="bbox 1888 4958 3454 5029">
    <p class='ocr_par' dir='ltr' id='par_1_105' title="bbox 1888 4958 3454 5029">
     <span class='ocr_line' id='line_1_107' title="bbox 1888 4958 3454 5029; baseline -0.003 -14"><span class='ocrx_word' id='word_1_865' title='bbox 1888 4967 2034 5015; x_wconf 87' lang='lat' dir='ltr'><strong>stum</strong></span> <span class='ocrx_word' id='word_1_866' title='bbox 2081 4960 2246 5016; x_wconf 91' lang='lat' dir='ltr'><strong>simul</strong></span> <span class='ocrx_word' id='word_1_867' title='bbox 2291 4974 2416 5014; x_wconf 90' lang='lat' dir='ltr'><strong>cum</strong></span> <span class='ocrx_word' id='word_1_868' title='bbox 2463 4958 2652 5029; x_wconf 88' lang='lat' dir='ltr'><strong>impio,</strong></span> <span class='ocrx_word' id='word_1_869' title='bbox 2686 4968 2740 5014; x_wconf 87' lang='lat' dir='ltr'><strong>et</strong></span> <span class='ocrx_word' id='word_1_870' title='bbox 2789 4960 2892 5015; x_wconf 86' lang='lat' dir='ltr'><strong>erit</strong></span> <span class='ocrx_word' id='word_1_871' title='bbox 2916 4958 3105 5029; x_wconf 82' lang='lat' dir='ltr'><strong>justus</strong></span> <span class='ocrx_word' id='word_1_872' title='bbox 3150 4958 3308 5028; x_wconf 85' lang='lat' dir='ltr'><strong>quasi</strong></span> <span class='ocrx_word' id='word_1_873' title='bbox 3348 4959 3454 5012; x_wconf 88' lang='lat' dir='ltr'><strong>im-</strong></span> 
     </span>
    </p>
   </div>
   <div class='ocr_carea' id='block_1_106' title="bbox 1887 5048 3450 5121">
    <p class='ocr_par' dir='ltr' id='par_1_106' title="bbox 1887 5048 3450 5121">
     <span class='ocr_line' id='line_1_108' title="bbox 1887 5048 3450 5121; baseline 0.001 -19"><span class='ocrx_word' id='word_1_874' title='bbox 1887 5049 2033 5121; x_wconf 90' lang='lat' dir='ltr'><strong>pius.</strong></span> <span class='ocrx_word' id='word_1_875' title='bbox 2062 5048 2122 5104; x_wconf 87' lang='lat' dir='ltr'><strong>Si</strong></span> <span class='ocrx_word' id='word_1_876' title='bbox 2158 5050 2270 5106; x_wconf 87' lang='lat' dir='ltr'><strong>sint</strong></span> <span class='ocrx_word' id='word_1_877' title='bbox 2294 5049 2688 5120; x_wconf 83' lang='lat' dir='ltr'><strong>quinquaginta</strong></span> <span class='ocrx_word' id='word_1_878' title='bbox 2714 5050 2850 5120; x_wconf 90' lang='lat' dir='ltr'><strong>justi</strong></span> <span class='ocrx_word' id='word_1_879' title='bbox 2884 5050 2939 5104; x_wconf 90' lang='lat' dir='ltr'><strong>in</strong></span> <span class='ocrx_word' id='word_1_880' title='bbox 2982 5049 3224 5115; x_wconf 88' lang='lat' dir='ltr'><strong>civitate,</strong></span> <span class='ocrx_word' id='word_1_881' title='bbox 3254 5049 3450 5119; x_wconf 88' lang='lat' dir='ltr'><strong>perdes</strong></span> 
     </span>
    </p>
   </div>
   <div class='ocr_carea' id='block_1_107' title="bbox 1887 5141 3450 5212">
    <p class='ocr_par' dir='ltr' id='par_1_107' title="bbox 1887 5141 3450 5212">
     <span class='ocr_line' id='line_1_109' title="bbox 1887 5141 3450 5212; baseline 0 -16"><span class='ocrx_word' id='word_1_882' title='bbox 1887 5141 2019 5197; x_wconf 82' lang='lat' dir='ltr'><strong>eos?</strong></span> <span class='ocrx_word' id='word_1_883' title='bbox 2048 5157 2232 5197; x_wconf 89' lang='lat' dir='ltr'><strong>nonne</strong></span> <span class='ocrx_word' id='word_1_884' title='bbox 2263 5142 2506 5196; x_wconf 88' lang='lat' dir='ltr'><strong>dimittes</strong></span> <span class='ocrx_word' id='word_1_885' title='bbox 2533 5156 2749 5197; x_wconf 90' lang='lat' dir='ltr'><strong>omnem</strong></span> <span class='ocrx_word' id='word_1_886' title='bbox 2795 5143 2996 5205; x_wconf 91' lang='lat' dir='ltr'><strong>locum,</strong></span> <span class='ocrx_word' id='word_1_887' title='bbox 3029 5149 3248 5212; x_wconf 89' lang='lat' dir='ltr'><strong>propter</strong></span> <span class='ocrx_word' id='word_1_888' title='bbox 3286 5142 3450 5211; x_wconf 86' lang='lat' dir='ltr'><strong>quin-</strong></span> 
     </span>
    </p>
   </div>
   <div class='ocr_carea' id='block_1_108' title="bbox 1891 5230 3443 5304">
    <p class='ocr_par' dir='ltr' id='par_1_108' title="bbox 1891 5230 3443 5304">
     <span class='ocr_line' id='line_1_110' title="bbox 1891 5230 3443 5304; baseline 0.001 -17"><span class='ocrx_word' id='word_1_889' title='bbox 1891 5232 2150 5304; x_wconf 85' lang='lat' dir='ltr'><strong>quaginta</strong></span> <span class='ocrx_word' id='word_1_890' title='bbox 2176 5230 2753 5302; x_wconf 84' lang='lat' dir='ltr'><strong>justos?Nequaquam</strong></span> <span class='ocrx_word' id='word_1_891' title='bbox 2789 5240 2844 5288; x_wconf 91' lang='lat' dir='ltr'><strong>tu</strong></span> <span class='ocrx_word' id='word_1_892' title='bbox 2877 5232 3045 5289; x_wconf 83' lang='lat' dir='ltr'><strong>facies</strong></span> <span class='ocrx_word' id='word_1_893' title='bbox 3074 5232 3297 5287; x_wconf 90' lang='lat' dir='ltr'><strong>verbum</strong></span> <span class='ocrx_word' id='word_1_894' title='bbox 3318 5233 3443 5296; x_wconf 90' lang='lat' dir='ltr'><strong>hoc,</strong></span> 
     </span>
    </p>
   </div>
   <div class='ocr_carea' id='block_1_109' title="bbox 1886 5323 3445 5394">
    <p class='ocr_par' dir='ltr' id='par_1_109' title="bbox 1886 5323 3445 5394">
     <span class='ocr_line' id='line_1_111' title="bbox 1886 5323 3445 5394; baseline 0.001 -16"><span class='ocrx_word' id='word_1_895' title='bbox 1886 5332 1949 5378; x_wconf 91' lang='lat' dir='ltr'><strong>ut</strong></span> <span class='ocrx_word' id='word_1_896' title='bbox 1995 5325 2294 5380; x_wconf 87' lang='lat' dir='ltr'><strong>interﬁcias</strong></span> <span class='ocrx_word' id='word_1_897' title='bbox 2323 5325 2532 5394; x_wconf 89' lang='lat' dir='ltr'><strong>justum</strong></span> <span class='ocrx_word' id='word_1_898' title='bbox 2596 5339 2718 5380; x_wconf 90' lang='lat' dir='ltr'><strong>cum</strong></span> <span class='ocrx_word' id='word_1_899' title='bbox 2765 5324 2964 5394; x_wconf 88' lang='lat' dir='ltr'><strong>impio,</strong></span> <span class='ocrx_word' id='word_1_900' title='bbox 3014 5330 3068 5379; x_wconf 88' lang='lat' dir='ltr'><strong>et</strong></span> <span class='ocrx_word' id='word_1_901' title='bbox 3116 5324 3219 5377; x_wconf 89' lang='lat' dir='ltr'><strong>erit</strong></span> <span class='ocrx_word' id='word_1_902' title='bbox 3263 5323 3445 5394; x_wconf 87' lang='lat' dir='ltr'><strong>justus</strong></span> 
     </span>
    </p>
   </div>
   <div class='ocr_carea' id='block_1_110' title="bbox 1884 5415 3443 5487">
    <p class='ocr_par' dir='ltr' id='par_1_110' title="bbox 1884 5415 3443 5487">
     <span class='ocr_line' id='line_1_112' title="bbox 1884 5415 3443 5487; baseline 0 -17"><span class='ocrx_word' id='word_1_903' title='bbox 1884 5416 2042 5486; x_wconf 87' lang='lat' dir='ltr'><strong>quasi</strong></span> <span class='ocrx_word' id='word_1_904' title='bbox 2092 5415 2323 5486; x_wconf 90' lang='lat' dir='ltr'><strong>impius;</strong></span> <span class='ocrx_word' id='word_1_905' title='bbox 2347 5432 2729 5487; x_wconf 88' lang='lat' dir='ltr'><strong>nequaquam:</strong></span> <span class='ocrx_word' id='word_1_906' title='bbox 2762 5416 2855 5486; x_wconf 90' lang='lat' dir='ltr'><strong>qui</strong></span> <span class='ocrx_word' id='word_1_907' title='bbox 2881 5415 3099 5485; x_wconf 90' lang='lat' dir='ltr'><strong>judicas</strong></span> <span class='ocrx_word' id='word_1_908' title='bbox 3131 5415 3443 5470; x_wconf 84' lang='lat' dir='ltr'><strong>universam</strong></span> 
     </span>
    </p>
   </div>
   <div class='ocr_carea' id='block_1_111' title="bbox 1884 5492 3444 5583">
    <p class='ocr_par' dir='ltr' id='par_1_111' title="bbox 1884 5492 3444 5583">
     <span class='ocr_line' id='line_1_113' title="bbox 1884 5492 3444 5583; baseline 0.001 -24"><span class='ocrx_word' id='word_1_909' title='bbox 1884 5513 2085 5560; x_wconf 87' lang='lat' dir='ltr'><strong>terram</strong></span> <span class='ocrx_word' id='word_1_910' title='bbox 2108 5546 2123 5572; x_wconf 92' lang='lat'><strong>,</strong></span> <span class='ocrx_word' id='word_1_911' title='bbox 2171 5524 2282 5583; x_wconf 77' lang='lat' dir='ltr'><strong>non</strong></span> <span class='ocrx_word' id='word_1_912' title='bbox 2330 5492 2498 5564; x_wconf 80' lang='lat' dir='ltr'><strong>facies</strong></span> <span class='ocrx_word' id='word_1_913' title='bbox 2537 5508 2802 5578; x_wconf 89' lang='lat' dir='ltr'><strong>judicium</strong></span> <span class='ocrx_word' id='word_1_914' title='bbox 2826 5508 2915 5560; x_wconf 79' lang='lat'><strong>“?</strong></span> <span class='ocrx_word' id='word_1_915' title='bbox 2945 5525 2964 5559; x_wconf 72' lang='grc' dir='ltr'><strong>ι</strong></span> <span class='ocrx_word' id='word_1_916' title='bbox 2998 5507 3169 5562; x_wconf 91' lang='lat' dir='ltr'><strong>Porro</strong></span> <span class='ocrx_word' id='word_1_917' title='bbox 3210 5507 3326 5562; x_wconf 68' lang='lat' dir='ltr'><strong>haec</strong></span> <span class='ocrx_word' id='word_1_918' title='bbox 3375 5506 3444 5561; x_wconf 90' lang='lat' dir='ltr'><strong>ad</strong></span> 
     </span>
    </p>
   </div>
   <div class='ocr_carea' id='block_1_112' title="bbox 1887 5597 3441 5670">
    <p class='ocr_par' dir='ltr' id='par_1_112' title="bbox 1887 5597 3441 5670">
     <span class='ocr_line' id='line_1_114' title="bbox 1887 5597 3441 5670; baseline 0 -19"><span class='ocrx_word' id='word_1_919' title='bbox 1887 5598 2131 5669; x_wconf 88' lang='lat' dir='ltr'><strong>angelos,</strong></span> <span class='ocrx_word' id='word_1_920' title='bbox 2160 5607 2253 5653; x_wconf 90' lang='lat' dir='ltr'><strong>aut</strong></span> <span class='ocrx_word' id='word_1_921' title='bbox 2299 5600 2366 5654; x_wconf 86' lang='lat' dir='ltr'><strong>ad</strong></span> <span class='ocrx_word' id='word_1_922' title='bbox 2406 5601 2713 5670; x_wconf 88' lang='lat' dir='ltr'><strong>quempiam</strong></span> <span class='ocrx_word' id='word_1_923' title='bbox 2760 5616 2827 5655; x_wconf 88' lang='lat' dir='ltr'><strong>ex</strong></span> <span class='ocrx_word' id='word_1_924' title='bbox 2865 5598 2959 5655; x_wconf 90' lang='lat' dir='ltr'><strong>Dei</strong></span> <span class='ocrx_word' id='word_1_925' title='bbox 3003 5598 3270 5655; x_wconf 86' lang='lat' dir='ltr'><strong>ministris</strong></span> <span class='ocrx_word' id='word_1_926' title='bbox 3300 5597 3441 5654; x_wconf 84' lang='lat' dir='ltr'><strong>dicta</strong></span> 
     </span>
    </p>
   </div>
   <div class='ocr_carea' id='block_1_113' title="bbox 274 5757 1798 5861">
    <p class='ocr_par' dir='ltr' id='par_1_113' title="bbox 274 5780 1789 5861">
     <span class='ocr_line' id='line_1_115' title="bbox 274 5780 1789 5861; baseline 0.001 -23"><span class='ocrx_word' id='word_1_927' title='bbox 274 5780 312 5812; x_wconf 83' lang='grc'><strong>’⁸⁸</strong></span> <span class='ocrx_word' id='word_1_928' title='bbox 338 5780 468 5839; x_wconf 85' lang='lat' dir='ltr'><strong>Gen.</strong></span> <span class='ocrx_word' id='word_1_929' title='bbox 500 5799 593 5854; x_wconf 85' lang='lat' dir='ltr'><strong>xu,</strong></span> <span class='ocrx_word' id='word_1_930' title='bbox 630 5783 679 5840; x_wconf 89' lang='lat'><strong>7.</strong></span> <span class='ocrx_word' id='word_1_931' title='bbox 750 5784 793 5817; x_wconf 71' lang='grc'><strong>’⁸⁸</strong></span> <span class='ocrx_word' id='word_1_932' title='bbox 820 5782 952 5840; x_wconf 86' lang='lat' dir='ltr'><strong>Gen.</strong></span> <span class='ocrx_word' id='word_1_933' title='bbox 991 5799 1121 5853; x_wconf 81' lang='lat' dir='ltr'><strong>xm,</strong></span> <span class='ocrx_word' id='word_1_934' title='bbox 1157 5784 1268 5858; x_wconf 58' lang='grc' dir='ltr'>ιβ.</span> <span class='ocrx_word' id='word_1_935' title='bbox 1316 5784 1371 5861; x_wconf 28' lang='grc'><strong>,⁸⁷</strong></span> <span class='ocrx_word' id='word_1_936' title='bbox 1398 5783 1531 5842; x_wconf 86' lang='lat' dir='ltr'><strong>Gen.</strong></span> <span class='ocrx_word' id='word_1_937' title='bbox 1566 5785 1789 5854; x_wconf 81' lang='lat' dir='ltr'><strong>xv1ii,l,</strong></span> 
     </span>
    </p>
   </div>
   <div class='ocr_carea' id='block_1_114' title="bbox 1905 5757 3261 5861">
    <p class='ocr_par' dir='ltr' id='par_1_114' title="bbox 1926 5757 3261 5858">
     <span class='ocr_line' id='line_1_116' title="bbox 1926 5757 3261 5858; baseline 0.001 -15"><span class='ocrx_word' id='word_1_938' title='bbox 1926 5785 1970 5819; x_wconf 70' lang='grc' dir='ltr'><strong>ιε</strong></span> <span class='ocrx_word' id='word_1_939' title='bbox 2002 5757 2133 5843; x_wconf 87' lang='lat' dir='ltr'><strong>ibid.</strong></span> <span class='ocrx_word' id='word_1_940' title='bbox 2170 5787 2257 5858; x_wconf 80' lang='lat' dir='ltr'><strong>t7,</strong></span> <span class='ocrx_word' id='word_1_941' title='bbox 2282 5789 2363 5843; x_wconf 90' lang='lat' dir='ltr'><strong>l8.</strong></span> <span class='ocrx_word' id='word_1_942' title='bbox 2444 5790 2483 5821; x_wconf 65' lang='grc' dir='ltr'><strong>η</strong></span> <span class='ocrx_word' id='word_1_943' title='bbox 2516 5790 2644 5850; x_wconf 86' lang='lat' dir='ltr'><strong>ibid.</strong></span> <span class='ocrx_word' id='word_1_944' title='bbox 2682 5790 2763 5846; x_wconf 86' lang='lat' dir='ltr'><strong>l9.</strong></span> <span class='ocrx_word' id='word_1_945' title='bbox 2843 5790 2886 5822; x_wconf 72' lang='grc' dir='ltr'>ιο</span> <span class='ocrx_word' id='word_1_946' title='bbox 2921 5786 3261 5857; x_wconf 67' lang='grc' dir='ltr'>ἰὺίύ.24,9.5.</span> 
     </span>
    </p>
   </div>
  </div>
