3902 6264
393 305 501 363 333
1073 301 1343 359 EUSEBII
1380 302 1852 361 C£SABIENSIS
1885 305 2036 362 OPP.
2075 305 2253 362 PARS
2292 304 2355 361 ll.
2394 337 2463 349 --
2498 305 2991 367 APOLOGETICA.

3547 309 3660 365 εει

395 439 541 488 esse,
562 431 947 503 _consentanee
975 422 1082 479 dici
1111 438 1222 479 non
1252 425 1524 482 arbitror:
1546 443 1656 484 non
1688 430 1833 485 enim
1863 446 1962 486 cu-

2093 432 2180 486 ὑδὲ
2212 430 2320 502 γὰρ
2360 430 2453 484 τοῦ
2493 431 2745 502 τυχόντος
2783 431 2849 485 ἂν
2883 430 2966 503 εἴη
3008 431 3067 484 τὸ
3094 432 3295 502 κρίνειν
3329 431 3537 484 πᾶσαν
3558 430 3663 502 τὴν

393 498 620 589 juslibet
660 518 776 578 sit;
797 516 1043 584 judicare
1090 522 1295 572 terram
1344 520 1683 576 universam.
1712 520 1819 578 Sed
1860 540 1963 581 nec

2089 521 2186 592 νῆν.
2227 498 2369 574 Ἀλλ’
2411 520 2518 574 οὐδ’
2558 498 2784 589 ἄγγελος
2820 521 2848 573 6
2887 498 3223 592 προγραφεὶς
3248 498 3659 593 ἀνηγόρευται,

401 608 627 680 angelus
656 607 874 679 quidem
896 614 980 663 est
1009 608 1345 677 nominatus,
1374 627 1535 682 quem
1561 615 1810 684 superior
1826 616 1967 672 scri—

2089 614 2324 685 ιρείττων
2369 614 2425 667 δέ
2466 630 2548 677 τις
2581 613 2811 681 ἀγγέλου
2848 611 2979 674 Θεὸς
3019 612 3114 666 καὶ
3145 613 3370 684 Κύριος,
3402 612 3559 683 πρὸς
3588 615 3658 686 τῇ

405 709 563 773 ptura
593 699 881 771 signiﬁcat,
916 715 1106 755 verum
1135 702 1276 759 alius
1306 704 1578 775 quispiam
1607 708 1797 779 angelo
1826 724 1964 779 pra:-

2089 705 2524 778 ιναγεγραμμένῃ
2550 704 2669 777 δρυῒ
2696 703 2833 775 μετὰ
2867 703 2976 756 τῶν
3003 703 3147 757 δυεῖν
3173 704 3428 773 ἀγγέλων
3462 710 3527 757 ὲν
3558 706 3660 758 ἀν-

404 793 654 856 stantior,
687 790 830 847 Deus
859 792 1049 863 utique
1079 808 1143 849 ac
1163 792 1448 863 Dominus,
1480 798 1720 868 quicum
1749 799 1964 858 duobus

2089 798 2281 870 ιρώπου
2317 801 2552 869 σχήματι
2586 797 2817 869 ὁραθείς.
2851 795 3017 849 Πάλιν
3045 813 3109 865 γε
3137 795 3240 868 μὴν
3264 797 3391 851 οὐδὲ
3426 796 3529 852 τὸν
3560 799 3660 852 ἐπὶ

402 883 612 953 angelis
668 883 724 937 in
782 882 958 937 forma
1012 883 1289 951 hominis,
1344 887 1414 942 ad
1479 903 1644 958 supra
1705 891 1961 960 scriptam

2089 892 2282 945 πάντων
2322 891 2455 944 Θεὸν
2485 889 2719 961 ἡγητέον
2757 887 2844 942 διὰ
2880 888 3082 941 τούτων
3114 888 3447 958 δηλοῦσθαι.⁸
3484 906 3661 960 μετα·

401 989 666 1046 quercum
714 981 798 1030 est
838 975 1010 1031 visus.
1046 974 1318 1034 Pmterea
1366 994 1437 1034 ne
1481 978 1698 1036 Patrem
1745 984 1963 1052 quidem

2089 981 2275 1036 ἰάλλειν
2317 982 2425 1052 γὰρ
2457 981 2619 1052 φάναι
2662 981 2724 1034 τὸ
2761 980 2921 1047 θεῖον,
2959 980 3052 1035 καὶ
3077 980 3530 1051 χρηματίζεσθαι
3574 985 3656 1046 εἰς

405 1066 574 1121 Deum
602 1066 750 1122 hunc
793 1065 963 1124 fuisse
995 1070 1295 1140 putandum
1323 1077 1427 1136 est,
1455 1071 1548 1143 qui
1588 1072 1967 1144 hujuscemodi

2089 1072 2254 1143 ινδρὸς
2286 1068 2422 1136 εἶδος
2475 1074 2567 1126 καλ¹
2612 1073 2844 1144 μορφὴν,
2890 1072 2988 1124 οὐκ
3021 1072 3233 1140 εὐαγές.
3284 1070 3567 1125 Λεεπεται
3591 1072 3655 1143 δὴ

403 1161 584 1217 verbis
616 1160 889 1216 indicatur
915 1182 928 1219 :
962 1163 1143 1219 dicere
1167 1166 1334 1230 enim,
1381 1166 1435 1221 id
1476 1170 1672 1223 mutari
1704 1170 1849 1239 quod
1878 1169 1964 1224 di-

2089 1163 2224 1216 ιύτὸν
2254 1161 2393 1216 εἶναι
2422 1161 2512 1215 τὸν
2530 1161 2625 1215 τοῦ
2658 1161 2792 1214 Θεοῦ
2825 1161 3014 1228 Λόγον,
3035 1160 3124 1212 τὸν
3151 1159 3241 1213 διὰ
3269 1161 3379 1213 τῶν
3404 1160 3655 1232 πρόσθεν

403 1252 593 1306 vinum
628 1260 734 1317 est,
759 1259 813 1307 et
845 1251 1065 1323 (igurari
1088 1254 1144 1309 in
1177 1255 1413 1325 speciem
1445 1272 1508 1312 ac
1534 1257 1762 1312 formam
1793 1259 1968 1314 homi-

2089 1254 2528 1325 εεθεολογημένον,
2559 1252 2856 1324 ὁμολογεῖν.
2887 1252 3045 1305 Ὅθεν
3075 1252 3247 1305 εἰσέτι
3293 1254 3391 1305 καὶ
3416 1252 3523 1305 νῦν
3548 1270 3656 1307 πα-

405 1342 513 1409 nis,
539 1345 855 1415 neutiquam
893 1347 1039 1417 pium
1075 1355 1179 1402 est.
1211 1346 1472 1419 Superest
1502 1349 1669 1420 igitur
1704 1359 1762 1406 ut
1792 1351 1965 1407 conﬁ-

2089 1347 2137 1399 >ὰ
2165 1349 2277 1409 τοῖς
2309 1345 2718 1418 πλησιοχώροις,
2760 1343 2907 1397 ὡσὰν
2951 1343 3091 1407 θεῖος
3124 1346 3151 1397 6
3181 1344 3345 1406 τόπος
3369 1345 3461 1407 εἰς
3483 1342 3655 1414 τιμὴν

406 1443 621 1489 teamur
653 1437 804 1492 illum
844 1438 1014 1495 fuisse
1040 1438 1132 1496 Dei
1168 1439 1426 1507 Verbum,
1462 1443 1610 1512 quod
1650 1459 1681 1497 a
1725 1445 1885 1501 nobis
1912 1447 1968 1500 in

2089 1437 2174 1492 τῶν
2223 1437 2408 1491 αὐτόθι
2452 1437 2529 1508 τῷ
2573 1435 2820 1507 Ἀϐραὰμ
2855 1435 3221 1504 ἐπιφανέντων
3251 1433 3656 1505 θρησκεύεται,

408 1526 477 1582 iis
506 1544 627 1597 quae
661 1531 894 1586 antehac
943 1534 1146 1603 scripta
1187 1534 1379 1601 habes,
1417 1534 1513 1592 Dei
1562 1539 1782 1593 nomine
1823 1539 1970 1595 cele-

2089 1531 2158 1582 ιαὶ
2178 1528 2459 1601 θεωρεῖται
2494 1545 2557 1596 γε
2587 1528 2667 1590 εἰς
2697 1525 2856 1598 δεῦρο
2877 1525 3202 1598 διαμένουσα
3233 1528 3265 1596 ὴ
3291 1523 3653 1596 τερέϐινθοςο

409 1617 623 1673 bratum
655 1628 739 1676 est
769 1640 782 1675 :
813 1637 921 1692 qua
956 1623 1023 1679 de
1052 1639 1218 1681 causa
1248 1625 1411 1682 hodie
1436 1643 1653 1698 quoque
1686 1644 1716 1683 a
1749 1628 1965 1696 vicinis,

2089 1624 2116 1674 »ἱ
2145 1620 2252 1692 γὰρ
2284 1618 2362 1690 τῷ
2397 1618 2643 1691 ’Δϐραὰμ
2677 1616 3107 1684 ἐπιξενωθέντες,
3134 1617 3227 1669 ἐπὶ
3257 1616 3493 1687 Γραφῆς
3528 1615 3658 1668 ἀνα-

407 1716 463 1762 et
490 1708 545 1761 in
588 1711 838 1779 proximo
879 1713 1279 1781 habitantibus,
1310 1716 1469 1786 quasi
1501 1716 1719 1774 divinus
1749 1720 1965 1785 colitur,

2089 1713 2326 1783 ιείμενοι,
2360 1710 2452 1762 δύο
2495 1710 2592 1781 μὲν
2634 1708 2990 1780 ἑκατέρωθεν,
3035 1709 3196 1779 μέσος
3234 1708 3290 1762 δὲ
3322 1709 3351 1761 6
3375 1705 3653 1779 κρείττων

410 1810 571 1871 atque
595 1803 919 1859 observatur
959 1808 1007 1863 is
1049 1808 1226 1874 locus,
1254 1808 1481 1865 honoris
1516 1810 1737 1865 illorum
1796 1812 1968 1878 gratia

2089 1804 2350 1874 »περέχων
2377 1805 2444 1872 τῇ
2472 1804 2621 1872 τιμῇ.
2646 1801 2744 1870 Εἴη
2773 1800 2816 1854 δ’
2839 1798 2904 1853 ἂν
2929 1801 2957 1852 ὁ
2981 1799 3344 1871 δεδηλωμένος
3365 1800 3509 1868 ἡμῖν
3537 1796 3653 1850 Κύ-

409 1892 502 1961 qui
523 1890 754 1947 Abrahae
783 1893 837 1948 in
869 1895 963 1951 illo
991 1898 1092 1952 visi
1122 1908 1250 1953 sunt
1276 1892 1293 1966 ξ
1320 1906 1483 1968 atque
1506 1900 1665 1954 etiam
1697 1915 1843 1954 nunc
1867 1901 1970 1956 ibi-

2089 1911 2189 1964 ato;
2217 1892 2393 1956 αὐτὸς,
2428 1894 2455 1945 6
2477 1892 2739 1963 ἡμέτερος
2764 1890 2971 1962 Σωτὴρ,
2996 1889 3053 1943 ὃν
3079 1890 3171 1943 καὶ
3195 1892 3245 1942 οἱ
3275 1888 3532 1957 ἀγνῶτες
3575 1885 3650 1958 (1)

409 1981 532 2038 dem
558 1998 883 2054 permanens
920 1988 1264 2044 terebinthus
1291 1991 1631 2061 conspicitur
1664 2008 1678 2044 :
1708 1991 1802 2061 qui
1824 1991 1969 2046 enim

2089 1985 2309 2049 ré60uct,
2337 1984 2405 2037 τὰ
2430 1983 2546 2036 θεῖα
2573 1983 2727 2051 λόγια
2753 1982 3117 2052 πιστούμενοι.
3153 1976 3316 2045 Οὗτος
3350 1980 3411 2033 δὲ
3431 1976 3530 2033 οὖν
3560 1981 3655 2034 αὐ-

411 2073 480 2127 ab
512 2073 785 2130 Abraham
822 2077 1059 2147 hospitio
1083 2081 1321 2150 suscepti
1353 2089 1503 2143 sunt,
1542 2091 1600 2135 ut
1624 2082 1788 2136 habet
1818 2080 1968 2136 Scri-

411 2170 592 2233 ptura,
643 2167 1022 2223 recumbentes
1059 2176 1215 2223 erant
1263 2170 1372 2225 duo
1420 2170 1638 2241 quidem
1691 2173 1967 2243 utrinque,

412 2255 625 2310 medius
664 2266 843 2312 autem
893 2261 1268 2324 excellentior,
1314 2270 1370 2317 et
1398 2264 1488 2333 qui
1537 2265 1775 2334 reliquos
1823 2273 2001 2320 ante-.

410 2349 534 2405 iret.
578 2349 677 2406 llic
717 2367 845 2407 vero
897 2354 967 2407 sit
1010 2354 1168 2424 plane
1205 2354 1273 2419 is,
1309 2353 1375 2409 de
1416 2371 1525 2426 quo
1553 2356 1810 2420 diximus,
1854 2357 1971 2426 ipse

414 2439 601 2511 utique
646 2439 909 2498 Dominus
954 2457 1018 2497 ac
1060 2444 1309 2498 Salvator
1349 2454 1558 2511 noster,
1592 2462 1752 2516 quem
1804 2446 1968 2501 etiam

2072 2078 2182 2142 τὸς,
2217 2078 2273 2144 ἐξ
2304 2079 2506 2132 ἐκείνου
2551 2076 2617 2129 τὰ
2646 2076 2742 2147 τῆς
2773 2074 3047 2138 εὐσεϐείας
3084 2073 3372 2145 σπέρματα
3421 2074 3510 2136 εἰς
3557 2073 3650 2126 ἀν-

2075 2169 2323 2242 θρώπους
2367 2168 2851 2238 καταϐαλλόμενος,
2904 2165 3233 2238 ἀνθρώπειον
3268 2165 3474 2229 ὑποδὺς
3516 2160 3652 2227 εἶδός

2075 2278 2135 2314 τε
2182 2263 2275 2314 καὶ
2305 2262 2507 2331 σχῆμα,
2539 2260 2616 2331 τῷ
2643 2260 2879 2329 θεοφιλεῖ
2905 2259 3202 2330 προπάτορι
3244 2257 3521 2330 Ἀϐραὰμ,
3557 2257 3649 2309 ὃσ-

2074 2369 2159 2414 τις
2181 2350 2286 2421 εἴη,
2303 2352 2461 2404 αὑτὸν
2489 2351 2731 2420 ἐξέφηνε,
2746 2349 2842 2403 καλ⁹
2856 2349 2954 2420 τὴν
2971 2348 3065 2402 τοῦ
3087 2348 3294 2421 Πατρὸς
3321 2347 3496 2402 αὐτοῦ
3518 2363 3650 2420 παρ-

2074 2443 2240 2498 εδίδου
2271 2442 2493 2516 γνώμην
2822 2468 2853 2505 ο
2876 2499 2907 2533 ⁸

411 2534 716 2605 pertinaces
753 2544 807 2591 et
837 2537 1122 2603 increduli,
1173 2537 1354 2592 divina
1398 2540 1618 2594 oracula
1651 2542 2062 2601 conlirmantes,
2092 2546 2420 2594 venerantur
2453 2556 2467 2593 :
2503 2538 2592 2593 hic
2622 2539 2737 2608 ipse
2776 2539 2937 2611 igitur
2977 2555 3041 2598 ex
3112 2538 3227 2602 illo,
3294 2538 3520 2608 pietatis
3574 2535 3652 2605 ja-

411 2631 562 2686 ciens
604 2631 673 2686 ad
722 2632 970 2689 homines
1035 2635 1266 2697 semina,
1317 2635 1609 2689 humanam
1656 2635 1888 2704 speciem
1935 2649 1999 2689 ac
2038 2635 2263 2703 liguram
2314 2633 2559 2700 indutus,
2609 2631 2705 2689 Dei
2769 2633 2953 2689 amico.
3003 2641 3167 2703 atque
3219 2632 3452 2703 antiquo
3501 2628 3647 2688 Patri

414 2721 643 2780 Abrahae
667 2725 905 2795 seipsum
929 2726 1179 2796 quisnam
1197 2735 1366 2793 esset,
1392 2727 1650 2793 ostendit,
1673 2726 1958 2798 Patrisque
1983 2727 2068 2783 sui
2101 2727 2325 2782 tradidit
2353 2726 2698 2783 sententiam.

929 2841 1089 2913 235
1119 2841 1348 2898 CAPUT
1387 2842 1457 2898 x.

416 2952 803 3027 Ab_eadem.—
825 2954 978 3027 Quod
1017 2954 1153 3008 idem
1183 2956 1434 3027 propheta
1474 2958 1529 3010 in
1562 2955 1752 3021 Jacob,
1803 2975 1977 3011 mam-

490 3024 675 3094 festius
721 3040 838 3078 eum
880 3024 1091 3095 deique
1130 3024 1328 3092 agitur,
1380 3027 1580 3080 indicat
1631 3026 1910 3082 Dominum
1954 3045 1973 3083 .'

485 3116 634 3170 quem
682 3111 807 3152 sane
850 3104 903 3150 et
945 3094 1115 3149 Deum
1161 3107 1210 3150 et
1259 3097 1500 3168 angelum
1538 3112 1837 3167 supremum
1878 3099 1977 3153 Dei

485 3178 657 3225 uocat.

493 3302 512 3335 ι
544 3282 611 3337 Et
642 3282 921 3354 profectus
941 3288 1025 3338 est
1058 3281 1112 3336 in
1147 3276 1415 3347 Charran,
1437 3287 1494 3336 et
1512 3280 1660 3336 venit
1688 3280 1741 3335 in
1772 3279 1974 3344 locum,

417 3385 470 3433 et
489 3376 744 3431 dormivit
772 3374 881 3430 illic
917 3392 933 3433 :
964 3374 1237 3430 occiderat
1261 3375 1404 3431 enim
1428 3374 1530 3431 sol.
1565 3372 1630 3427 Et
1656 3373 1861 3444 accepit
1893 3374 1976 3427 la-

418 3468 593 3539 pides,
618 3476 673 3523 et
702 3468 886 3538 posuit
907 3468 1011 3524 sub
1041 3468 1214 3538 capite
1243 3483 1366 3532 suo,
1398 3475 1453 3523 et
1482 3466 1742 3522 dormivit
1769 3466 1824 3520 in
1856 3466 1977 3521 loco

418 3560 533 3625 illo,
556 3568 611 3615 et
642 3560 932 3616 somniavit
957 3580 970 3616 :
999 3569 1052 3616 et
1083 3574 1211 3616 ecce
1239 3561 1386 3615 scala
1418 3568 1578 3615 terrae
1607 3558 1791 3622 infixa,
1819 3558 1978 3627 cujus

418 3657 582 3721 caput
609 3649 956 3721 perveniebat
985 3664 1160 3720 usque
1202 3648 1270 3703 ad
1314 3648 1535 3714 coelum,
1570 3657 1622 3703 et
1658 3646 1836 3718 angeli
1883 3645 1978 3701 Dei

422 3742 787 3798 ascendebant
814 3758 913 3812 per
970 3757 1110 3798 eam.
1146 3741 1214 3796 Et
1258 3740 1519 3795 Dominus
1548 3740 1878 3795 innitebatur
1904 3738 1976 3805 ei,

419 3840 474 3888 et
505 3831 642 3887 dixit
670 3851 683 3887 :
717 3832 830 3904 Ego
874 3823 1137 3888 Dominus
1177 3830 1320 3889 Deus
1350 3831 1620 3886 Abraham
1672 3830 1842 3901 patris
1874 3829 1976 3897 tui,

420 3931 475 3979 et
498 3922 640 3978 Deus
662 3921 836 3987 Isaac,
868 3939 936 3979 ne
966 3924 1162 3978 timeas
1196 3940 1211 3977 :
1264 3930 1411 3978 terra
1457 3923 1511 3976 in
1541 3938 1649 3993 qua
1678 3931 1733 3977 tu
1770 3922 1978 3978 dormis

422 4015 479 4069 in
511 4014 650 4085 ipsa,
687 4015 782 4069 tibi
811 4013 952 4071 dabo
978 4029 1119 4079 eam,
1164 4020 1218 4068 et
1246 4013 1437 4069 semini
1467 4019 1581 4069 tuo.
1641 4012 1707 4068 Et
1748 4014 1853 4068 erit
1883 4028 1974 4070 se-

423 4122 547 4162 men
576 4117 726 4162 tuum
759 4108 903 4163 sicut
929 4123 1093 4163 arena
1126 4108 1318 4173 maris,
1349 4115 1403 4163 et
1424 4107 1739 4163 dilatabitur
1772 4108 1839 4163 ad
1864 4124 1981 4163 ma-

424 4215 504 4263 re,
527 4206 580 4254 et
625 4197 922 4264 Orientem,
961 4206 1015 4255 et
1048 4198 1115 4253 ad
1151 4199 1392 4264 boream,
1418 4205 1472 4254 et
1510 4199 1761 4253 africum.
1792 4197 1859 4253 Et
1886 4200 1982 4254 be-

425 4290 743 4346 nedicentur
770 4292 825 4347 in
856 4299 909 4346 te
949 4306 1141 4348 omnes
1169 4291 1347 4346 tribus
1374 4298 1554 4358 terrae,
1595 4297 1650 4347 et
1683 4291 1740 4345 in
1774 4290 1981 4346 semine

425 4392 540 4440 tuo.
584 4382 651 4439 Et
677 4397 804 4438 ecce
829 4397 930 4454 ego
958 4398 1079 4438 sum
1108 4392 1313 4448 tecum,
1338 4382 1652 4440 custodiens
1680 4389 1733 4438 te
1753 4382 1807 4436 in
1829 4381 1979 4437 omni

425 4477 537 4540 via,
573 4490 919 4547 quacumque
962 4476 1067 4532 iter
1102 4475 1320 4542 feceris,
1355 4483 1410 4532 et
1455 4484 1773 4533 convertam
1823 4483 1878 4531 te
1924 4476 1983 4531 in

426 4575 628 4622 terram
672 4566 814 4621 hanc
849 4584 864 4621 :
900 4567 1158 4637 quoniam
1186 4582 1299 4623 non
1344 4575 1400 4623 te
1431 4568 1754 4639 relinquam,
1808 4567 1982 4622 donec

425 4656 619 4713 faciam
648 4658 830 4713 omnia
853 4673 1209 4730 quaecumque
1235 4659 1449 4716 locutus
1490 4676 1608 4716 sum
1645 4661 1767 4716 tibi.
1802 4660 1866 4714 Et
1886 4677 1983 4717 ex-

428 4755 708 4820 perrectus
735 4756 820 4805 est
862 4748 1032 4806 Jacob
1071 4766 1102 4805 a
1132 4766 1348 4815 somno,
1379 4761 1435 4806 et
1465 4753 1541 4807 ait
1568 4772 1580 4807 :
1617 4751 1877 4810 Dominus
1898 4761 1985 4809 est

427 4842 484 4896 in
534 4842 654 4895 loco
700 4841 824 4906 hoc,
855 4856 956 4912 ego
1004 4852 1184 4899 autem
1214 4842 1546 4899 nesciebam.
1579 4843 1647 4898 Et
1694 4845 1896 4910 timuit,
1930 4853 1984 4902 et

427 4933 554 4988 ait:
590 4932 762 4999 Quam
791 4933 1056 4989 terribilis
1102 4941 1187 4991 est
1241 4936 1393 4992 locus
1439 4937 1562 4992 hic!
1609 4951 1719 4991 non
1765 4945 1849 4993 est
1880 4938 1984 4993 hoc

427 5024 595 5089 aliud,
626 5025 732 5079 nisi
762 5024 957 5081 domus
1002 5025 1117 5092 Dei,
1153 5033 1207 5082 et
1252 5028 1367 5083 haec
1400 5039 1555 5098 porta
1583 5029 1730 5085 caeli.
1761 5028 1827 5084 Et
1857 5045 1982 5084 sur—

428 5116 569 5170 rexit
604 5113 773 5171 Jacob
801 5131 981 5181 mane,
1014 5123 1069 5172 et
1119 5118 1331 5188 accepit
1362 5119 1616 5189 lapidem,
1658 5135 1819 5189 quem
1854 5136 1983 5190 sup—

429 5207 613 5279 posuit
639 5208 803 5278 capiti
836 5223 956 5273 suo,
985 5215 1039 5264 et
1061 5210 1232 5264 erexit
1263 5210 1414 5269 illum
1444 5226 1542 5281 pro
1565 5212 1742 5277 titulo,
1780 5219 1835 5266 et
1856 5211 1984 5267 ellu-

431 5294 510 5349 dit
530 5296 707 5366 oleum
738 5297 791 5351 in
823 5312 1095 5352 summum
1125 5298 1293 5362 illius,
1330 5307 1384 5355 et
1407 5300 1619 5356 vocavit
1658 5300 1828 5357 Jacob
1885 5317 1984 5356 no—

434 5403 556 5442 men
578 5389 685 5442 loci
715 5389 881 5453 illius,
907 5391 1131 5446 domum
1158 5390 1253 5447 Dei
1273 5394 1339 5448 υ.
1381 5413 1399 5445 ι
1439 5393 1594 5460 Eum,
1624 5395 1716 5466 qui
1739 5394 1842 5449 hoc
1865 5396 1986 5451 loco

431 5485 551 5543 tam
580 5479 763 5535 inuitis
791 5482 970 5539 verbis
1011 5484 1304 5556 respondet
1349 5484 1660 5555 Dominum,
1705 5494 1757 5565 et
1794 5486 1982 5557 Deum,

527 5632 569 5662 "
604 5632 739 5689 Gen.
767 5651 939 5699 xxv",
975 5638 1154 5694 10-19.

506 5766 583 5843 (ί)
617 5768 885 5842 lnterpres
914 5772 1122 5847 legebat
1150 5773 1476 5845 ἀγνώμονες·

2608 2842 3005 2898 ΚΕΦΑΛΑΙΟΝ
3042 2844 3098 2897 1'.

2090 2958 2221 3013 Ἀπὸ
2264 2956 2374 3026 τῆς
2422 2955 2633 3026 αὐτῆς.
2663 2988 2731 3002 -—
2770 2959 2861 3024 Ὠς
2914 2960 2947 3012 ὁ
2984 2956 3163 3023 αὐτὸς
3196 2955 3512 3026 προφήτης
3552 2955 3647 3011 ἐπὶ

2146 3028 2251 3081 τοῦ
2291 3027 2504 3092 Ἰακὼϐ,
2532 3028 2905 3096 σαφέστερον
2928 3028 3195 3096 ἐμφαίνει
3220 3027 3324 3080 τὸν
3351 3026 3645 3094 δηλούμε-

2146 3115 2257 3152 νον
2284 3100 2526 3167 Κύριον,
2555 3098 2626 3150 ὃν
2648 3097 2722 3165 δὴ
2753 3099 2851 3152 καὶ
2883 3097 3050 3163 Θεὸν,
3087 3096 3184 3150 καὶ
3207 3096 3473 3167 ἄγγελον
3498 3098 3644 3151 ἀποι-

2000 3170 2043 3227 C
2143 3169 2318 3222 καλεῖ
2335 3166 2440 3223 τοῦ
2466 3168 2564 3221 ἐπὶ
2592 3167 2841 3222 πάντων
2858 3168 3004 3222 Θεοῦ
3042 3166 3403 3235 προσειπών.

2157 3299 2178 3333 ι
2198 3280 2310 3333 Καὶ
2329 3278 2596 3352 ἐπορεύθη
2622 3281 2703 3343 εἰς
2734 3279 2958 3350 Χαρρὰν
2976 3318 2991 3344 ,
3027 3279 3119 3332 καλ⁸
3147 3279 3432 3349 ἀπήντησε
3460 3275 3637 3345 τόπῳ,

2081 3373 2174 3426 καὶ
2209 3372 2477 3444 ἐκοιμήθη
2502 3372 2645 3424 ἐκεῖο
2677 3370 2764 3423 ἔδυ
2802 3369 2911 3442 γὰρ
2931 3372 2959 3423 6
2984 3371 3151 3441 ἥλιος.
3180 3369 3289 3422 Καὶ
3319 3368 3515 3423 ἐλαϐεν
3540 3366 3641 3421 ἀπὸ

2082 3466 2187 3520 τῶν
2209 3464 2395 3527 λίθων,
2423 3464 2518 3517 καὶ
2548 3463 2712 3533 ἔθηκε
2738 3463 2873 3533 πρὸς
2904 3462 3145 3532 κεφαλῆς
3167 3459 3352 3526 αὐτοῦ,
3381 3461 3478 3515 καὶ
3502 3461 3637 3513 ἐκοιο

2087 3557 2230 3629 μήθη
2261 3558 2320 3611 ὲν
2347 3555 2424 3628 τῷ
2451 3556 2600 3625 τόπῳ
2633 3554 2844 3624 ἐκείνῳ,
2875 3554 2970 3607 καὶ
2995 3553 3326 3623 ὲνυπνιάσθη
3347 3569 3361 3581 ⁸
3396 3553 3494 3606 καὶ
3535 3550 3636 3604 ἰδοὺ

2083 3650 2284 3723 κλίμαξ
2311 3649 2677 3722 ὲστηριγμένη
2721 3650 2801 3714 εἰς
2831 3648 2928 3719 τὴν
2966 3649 3070 3719 γῆν
3090 3686 3104 3711 ,
3132 3644 3199 3719 ἧς
3235 3649 3267 3717 ἡ
3308 3646 3517 3716 κεφαλὴ
3542 3646 3639 3712 ἀφ-

2087 3732 2283 3798 ικνεῖτο
2316 3746 2395 3807 εἰς
2427 3740 2516 3797 τὸν
2540 3741 2786 3813 οὐρανὸν,
2812 3741 2905 3794 καὶ
2930 3740 2979 3793 οἱ
3005 3739 3223 3809 ἄγγελοι
3252 3738 3345 3791 τοῦ
3376 3736 3514 3792 Θεοῦ
3552 3737 3639 3789 ἀνα

2088 3833 2320 3901 έϐαινον,
2343 3834 2436 3887 καὶ
2462 3834 2779 3887 κατέϐαινον
2806 3833 2892 3886 ἐπ’
2922 3832 3109 3903 αὑτήν.
3142 3831 3201 3884 '0
3233 3830 3290 3883 δὲ
3319 3830 3525 3902 Κύριος
3548 3831 3637 3881 ἑπ-

2085 3928 2370 3998 εστήρικτο
2415 3926 2502 3979 ἐπ’
2547 3925 2747 3996 αὐτῆς,
2790 3924 2883 3977 καὶ
2920 3919 3072 3977 εἶπεν
3096 3939 3110 3953 °
3165 3921 3305 3991 Ἐγὼ
3356 3921 3561 3992 Κύριος
3607 3918 3634 3969 6

2084 4018 2214 4083 Θεὸς
2250 4017 2498 4090 Ἀϐραὰμ
2537 4018 2631 4071 τοῦ
2661 4016 2866 4089 πατρός
2900 4033 2992 4069 σου
3012 4054 3028 4078 ,
3058 4015 3152 4068 καὶ
3182 4016 3213 4068 6
3251 4012 3382 4077 Θεὸς
3421 4011 3629 4072 Ἰσαὰκ,

2088 4106 2161 4177 μὴ
2193 4104 2357 4177 φοϐοῦ
2377 4123 2390 4136 ·
2426 4107 2458 4177 ὴ
2488 4106 2558 4176 γῆ
2594 4107 2680 4175 ἐφ’
2715 4105 2781 4176 ἢν
2821 4106 2884 4158 σὺ
2919 4102 3197 4168 καθεύδεις
3222 4103 3307 4156 ἐπ’
3335 4102 3525 4172 αὐτὴν,
3559 4099 3635 4151 σοὶ

2084 4201 2240 4255 δώσω
2269 4199 2469 4271 αὐτὴν,
2501 4200 2596 4255 καὶ
2636 4199 2715 4271 τῷ
2754 4198 3025 4272 σπέρματι
3074 4215 3188 4252 σου.
3233 4197 3343 4250 Καὶ
3389 4197 3537 4249 ἔσται
3578 4190 3632 4244 τὸ

2087 4291 2306 4362 σπέρμα
2328 4307 2421 4345 σου
2444 4291 2519 4355 ὡς
2546 4293 2579 4362 ἡ
2615 4290 2795 4361 ἄμμος
2825 4290 2923 4360 τῆς
2952 4288 3223 4359 θαλάσσης
3243 4327 3257 4351 ,
3289 4287 3383 4340 καὶ
3408 4286 3632 4345 πλατυνο

2087 4382 2307 4455 θήσεται
2332 4383 2424 4437 ἐπὶ
2454 4382 2725 4437 θάλασσαν
2754 4383 2847 4436 καὶ
2874 4380 3138 4445 ἀνατολὰς
3157 4420 3170 4445 ,
3202 4380 3295 4433 καὶ
3323 4379 3417 4431 ἐπὶ
3446 4375 3631 4450 βορρᾶν

2086 4474 2180 4528 καλ⁵
2200 4474 2339 4529 λίϐα.
2366 4475 2476 4528 Καὶ
2509 4474 3019 4545 ἐνευλογηθήσονται
3052 4474 3109 4525 ὲν
3143 4473 3224 4526 σοὶ
3255 4473 3423 4525 πᾶσαι
3457 4472 3510 4523 αἰ
3543 4484 3633 4536 φυδ

2082 4565 2171 4622 λαὶ
2202 4567 2300 4637 τῆς
2334 4565 2438 4636 γῆς
2460 4605 2474 4630 ν
2503 4567 2598 4619 καὶ
2624 4568 2681 4619 ὲν
2708 4566 2785 4637 τῷ
2814 4564 3084 4637 σπέρματί
3118 4580 3230 4617 σου.
3261 4563 3370 4615 Καὶ
3397 4561 3503 4615 ἰδοὺ
3530 4555 3629 4625 ἐγώ

2082 4661 2196 4730 εἰμι
2240 4659 2377 4731 μετὰ
2402 4660 2494 4712 σοῦ
2514 4698 2531 4724 ,
2559 4658 2935 4727 διαφυλάσσων
2964 4674 3025 4709 σε
3054 4659 3111 4710 ὲν
3141 4659 3207 4727 τῇ
3237 4652 3342 4725 ὀδῷ
3364 4655 3511 4723 πάσῃ
3529 4691 3542 4713 ,
3575 4640 3629 4700 οὗ

2078 4750 2145 4807 ἂν
2178 4751 2469 4824 πορευθῇς,
2490 4752 2582 4805 καὶ
2604 4750 2929 4823 ἀποστρέψω
2953 4767 3012 4802 σε
3042 4751 3122 4812 εἰς
3151 4747 3248 4819 τὴν
3280 4749 3383 4817 γῆν
3415 4745 3623 4812 ταύτην

2082 4844 2164 4898 ὃτι
2207 4844 2268 4896 οὐ
2313 4845 2385 4915 μή
2439 4862 2498 4897 σε
2543 4844 2953 4913 ὲγκαταλείπω,
3012 4842 3117 4905 ἓως
3157 4838 3249 4893 τοῦ
3301 4835 3521 4909 ποιῆσαί
3566 4846 3626 4903 ξοε

2084 4935 2258 4992 πάντα
2293 4936 2394 4990 ὅσα
2435 4935 2672 5006 ἐλάλησὰ
2709 4953 2810 4990 σοι.
2846 4935 2957 4989 Καὶ
2998 4931 3265 5005 ἐξηγέρθη
3307 4928 3493 4984 Ἰακὼϐ
3530 4922 3626 4978 ἀπὸ

2082 5026 2177 5081 τοῦ
2207 5027 2374 5082 ὕπνου
2417 5028 2578 5082 αὑτοῦ
2604 5069 2620 5093 ,
2659 5029 2753 5082 καὶ
2782 5023 2962 5091 εἶπεν,
2992 5027 3093 5090 ὃτι,
3137 5025 3292 5077 Ἔστι
3330 5021 3527 5092 Κύριος
3574 5015 3625 5065 έν

2084 5118 2161 5190 τῷ
2185 5120 2335 5191 τόπῳ
2371 5120 2580 5192 τούτῳ,
2614 5118 2725 5190 ἐγὼ
2764 5119 2822 5173 δὲ
2864 5119 2963 5172 οὐκ
3007 5116 3170 5188 ᾔδειν.
3212 5114 3323 5166 Καὶ
3363 5106 3586 5181 ἐφοϐήθη
3609 5139 3622 5165 ν

2087 5213 2181 5265 καὶ
2238 5208 2422 5266 εἶπενο
2473 5213 2561 5277 Ὠς
2625 5211 2852 5283 φοϐερὸς
2889 5213 2918 5264 6
2952 5209 3117 5272 τόπος
3159 5199 3343 5269 οῦτοςὲ
3387 5204 3483 5257 οὐκ
3523 5199 3624 5252 ἐστι

2083 5305 2239 5358 τοῦτο
2266 5306 2378 5359 ἀλλ’
2409 5306 2442 5376 ἢ
2471 5301 2617 5370 οἶκος
2648 5305 2803 5369 Θεοῦ,
2834 5304 2927 5358 καὶ
2958 5302 3094 5371 αὕτη
3124 5304 3158 5371 ἡ
3195 5298 3337 5370 πύλη
3368 5296 3461 5351 τοῦ
3484 5291 3624 5363 οὐρα-

2082 5395 2196 5451 νοῦ.
2226 5396 2335 5449 Καὶ
2367 5396 2564 5469 ἀνέστη
2609 5396 2800 5451 Ἰακὼϐ
2833 5396 2892 5449 τὸ
2931 5393 3107 5466 πρωῒ.
3142 5396 3237 5447 καὶ
3260 5390 3419 5445 ἔλαϐε
3448 5386 3532 5440 τὸν
3554 5377 3625 5432 λί-

2089 5487 2210 5556 θον,
2235 5488 2294 5543 ὃν
2334 5488 2574 5563 ὑπέθηκε
2615 5489 2749 5566 πρὸς
2777 5487 3019 5559 κεφαλῆς
3048 5484 3244 5551 αὑτοῦ,
3293 5483 3385 5537 καὶ
3423 5481 3622 5543 ἔστησεν
