3902 6264
198 316 291 373 583i
1104 316 1756 379 DEMONSTRA'I‘IONIS
1792 321 2254 380 EVANGELICIE
2296 325 2427 381 LIB.
2472 327 2538 383 V.
2592 300 2595 303 Α

3334 339 3438 396 588
3473 328 3482 341 .

198 432 347 487 αὑτὸν
375 433 591 503 στήλην
614 474 627 496 ,
663 435 756 488 καὶ
796 434 1021 507 ἐπέχεεν
1053 436 1229 491 ἔλαιον
1257 439 1352 492 ἐπὶ
1389 440 1450 494 τὸ
1477 440 1645 514 ἄκρον
1672 443 1769 496 αὐ-

1869 443 2119 514 angelum
2169 458 2388 514 quoque
2443 443 2540 501 Dei
2591 445 2851 518 deinceps
2906 464 3231 522 progressus
3287 453 3438 509 inve.

196 522 310 592 τῆς,
352 523 447 575 καὶ
479 524 711 577 ἐκάλεσε
748 525 941 579 Ἰακὼϐ
970 527 1032 579 τὸ
1065 528 1235 599 δνομα
1280 528 1373 581 τοῦ
1403 530 1568 583 τόπου
1620 533 1766 585 ὲκεί-

200 634 299 681 νου,
326 610 479 679 οἶκος
514 615 674 671 Θεοῦ.
710 637 729 669 ι
762 619 960 673 Τοῦτον
989 621 1082 674 τὸν
1127 621 1357 676 ἐνταῦθα
1388 622 1478 677 διὰ
1502 624 1767 679 τοσούτων

199 708 599 779 χρηματίζοντα
646 711 851 782 Κύριον
900 713 994 765 καὶ
1039 713 1191 780 Θεὸν,
1238 715 1465 785 ἄγγελον
1493 716 1585 769 τοῦ
1631 716 1766 770 θεοῦ

196 799 385 872 προῖὼν
428 800 566 873 ἑξῆς
597 803 850 874 εὑρήσεις
874 844 888 867 ,
924 805 983 858 ὲν
1016 800 1096 869 οἷς
1124 823 1255 877 φησι
1291 807 1427 877 πρὸς
1458 806 1555 872 τὰς
1587 812 1769 878 γυναῖ-

193 910 285 957 κας
322 892 488 957 αὐτὸς
549 893 773 948 Ἰακὼϐο
804 914 821 946 ι
852 896 962 949 Kal
1013 893 1135 950 εἶπέ
1183 915 1273 969 μοι
1323 900 1352 951 6
1403 900 1630 968 ἄγγελος
1674 902 1765 955 τοῦ

191 985 313 1041 Θεοῦ
336 984 460 1039 καθ’
496 985 669 1041 ὕπνον
690 1005 701 1018 ·
753 988 963 1042 Ἰακώϐ.
1033 989 1171 1058 Ἐγὼ
1195 991 1250 1044 δὲ
1275 987 1428 1044 εἶπα·
1477 991 1539 1044 Τί
1571 995 1685 1045 ἐστι
1706 1010 1719 1059 ;
1743 1013 1762 1045 δ

191 1078 293 1133 Kal
321 1078 449 1149 ἑξῆς
471 1095 485 1108 ·
513 1098 533 1131 t
572 1080 843 1154 Ἑώρακα,
876 1101 895 1133 ι
921 1084 1072 1154 φησι,
1099 1103 1117 1135 t
1142 1085 1319 1139 πάντα
1347 1087 1445 1139 ὅσα
1477 1086 1660 1139 Λάϐαν
1686 1088 1769 1141 σοὶ

193 1170 341 1222 ποιεῖ.
381 1167 533 1236 Ἐγὼ
563 1171 592 1223 6
614 1170 746 1235 Θεὸς
777 1173 804 1224 6
831 1172 1015 1242 ὀφθείς
1052 1190 1133 1227 σοι
1160 1176 1219 1227 ἐν
1247 1175 1419 1247 τρπῳ,
1446 1170 1506 1231 οὗ
1538 1177 1766 1248 meum;

200 1275 279 1327 μοι
311 1260 431 1312 ἐκεῖ
462 1260 671 1332 στήλην
696 1301 712 1326 ,
763 1262 855 1316 xal
898 1262 1046 1335 ηὔξω
1088 1282 1177 1336 μοι
1211 1267 1394 1338 εὐχήν.
1433 1269 1586 1339 »Ἆρ’
1609 1264 1700 1322 οὖν
1740 1270 1768 1321 6

192 1350 434 1421 ἀνωτέρω
465 1353 674 1423 φήσας,
714 1373 732 1404 ι
774 1354 914 1422 Ἐγὼ
945 1356 1149 1428 Κύριος
1179 1360 1207 1410 6
1237 1358 1367 1422 Θεὸς
1400 1359 1648 1431 Ἀϐραὰμ
1672 1358 1765 1413 τοῦ

191 1442 380 1512 πατρός
402 1460 525 1508 σου,
543 1446 640 1498 καὶ
667 1446 696 1498 6
723 1445 854 1511 Θεὸς
870 1449 1102 1515 Ἰσαὰκ,›
1128 1442 1173 1517 ᾧ
1198 1452 1291 1504 καὶ
1315 1451 1514 1523 στήλην
1543 1453 1768 1524 ἀνέστη-

193 1550 272 1587 σεν
293 1536 320 1587 6
341 1533 626 1609 θεοφιλὴς,
671 1537 811 1602 Θεὸς.
841 1540 939 1610 μὲν
966 1535 1033 1610 ἦν
1071 1541 1165 1593 καὶ
1208 1542 1411 1613 Κύριος
1465 1543 1633 1614 (αὐτῷ
1659 1546 1766 1617 γάρ

193 1623 386 1690 λέγοντι
432 1626 808 1697 πιστευτέον),
858 1629 919 1680 οὐ
960 1627 1064 1697 μὴν
1095 1628 1123 1680 6
1171 1630 1261 1681 ἐπὶ
1305 1628 1555 1688 πάντων.
1593 1629 1705 1683 ἀλλ’
1737 1632 1766 1682 6

191 1712 382 1765 ἐκείνου
402 1713 695 1787 δεύτερος,
724 1717 791 1769 τά
823 1717 917 1770 τοῦ
953 1719 1163 1789 Πατρὸς
1195 1722 1271 1782 είς
1303 1718 1624 1790 ἀνθρώπους
1646 1720 1763 1773 δια-

1867 536 1985 591 nies
2016 554 2030 591 :
2079 535 2172 590 ubi
2217 536 2284 589 ad
2320 536 2578 593 mulieres
2605 541 2679 592 ait
2710 541 2825 610 ipse
2854 540 3026 597 Iacob
3061 563 3073 598 :
3139 564 3157 596 ε
3200 543 3266 599 Ει
3294 548 3435 601 dixit

1867 626 2001 681 mihi
2051 627 2274 699 angelus
2323 626 2417 682 Dei
2467 628 2520 682 in
2569 632 2799 695 somnis,
2857 632 3050 688 Iacob.
3095 635 3207 706 Ego
3255 646 3437 693 autem

1866 718 1978 772 dixi
2011 734 2024 772 :
2057 718 2197 786 Quid
2240 727 2323 775 est
2352 720 2439 773 ιιι
2470 739 2488 772 ι
2523 719 2588 774 Et
2616 721 2872 794 deinceps
2904 744 2917 780 :
2955 744 2973 777 ι
3008 726 3152 796 Vidi,
3193 748 3213 781 ›
3240 729 3435 799 inquit,

1866 810 2030 882 236
2065 829 2083 861 ι
2114 812 2297 865 omnia
2343 826 2700 883 quaecumque
2738 813 2923 871 Laban
2978 819 3078 873 tibi
3110 820 3259 876 facit.
3323 821 3440 891 Ego

1868 901 2033 966 Deus,
2082 904 2175 973 qui
2218 903 2443 974 apparui
2490 903 2588 959 tibi
2619 905 2677 959 in
2712 906 2853 971 loco,
2901 909 2992 964 ubi
3040 913 3246 968 unxisti
3298 913 3435 967 mihi

1866 994 2107 1058 titulum,
2140 1002 2195 1050 et
2216 996 2413 1051 vovisti
2453 997 2587 1053 mihi
2615 1005 2801 1053 votum
2825 1000 2891 1055 ⁸³.
2935 1020 2954 1053 ι
2987 1000 3129 1073 Ergo
3155 1004 3245 1074 qui
3270 1020 3435 1075 supra

1866 1088 2100 1149 dixerat,
2141 1105 2159 1138 ι
2208 1086 2322 1157 Ego
2345 1086 2606 1144 Dominus
2639 1088 2781 1147 Deus
2820 1092 3094 1147 Abraham
3121 1095 3294 1165 patris
3326 1097 3430 1160 tui,

1867 1189 1920 1233 et
1952 1178 2092 1235 Deus
2122 1178 2293 1245 Isaac,
2328 1200 2346 1233 ι
2375 1182 2462 1235 cui
2497 1188 2551 1237 et
2593 1181 2813 1237 titulum
2866 1185 3040 1240 erexit
3075 1185 3169 1241 Dei
3202 1189 3432 1251 amicus,

1868 1270 2011 1328 Deus
2039 1273 2257 1342 quidem
2289 1282 2406 1328 erat
2448 1280 2502 1329 et
2554 1274 2817 1331 Dominus
2862 1277 2990 1348 (ipsi
3041 1278 3187 1333 enim
3232 1279 3434 1334 dicenti

1867 1363 2243 1436 credendum),
2276 1380 2387 1419 non
2421 1372 2599 1420 tamen
2633 1367 2680 1421 is
2710 1369 2802 1437 qui
2827 1366 2990 1423 Pater
3010 1376 3115 1433 est,
3142 1378 3196 1424 et
3230 1384 3259 1423 a
3287 1371 3438 1424 nullo

1865 1463 1970 1521 est,
2007 1454 2101 1511 sed
2131 1456 2224 1526 qui
2251 1471 2335 1521 ea,
2377 1472 2498 1527 quae
2525 1458 2589 1512 ad
2622 1457 2835 1514 Patrem
2868 1461 3163 1529 pertinent,
3202 1461 3439 1515 homini-

1866 1546 1970 1602 bus
2012 1547 2393 1603 subministrat
2432 1557 2487 1603 et
2530 1550 2763 1603 nuntiat.
2819 1530 3090 1616 Quocirca
3137 1551 3301 1606 etiam
3332 1567 3427 1605 an-

1865 1639 2046 1708 gelum
2100 1638 2279 1710 ipsum
2334 1642 2388 1695 in
2441 1640 2695 1710 praesenti
2754 1650 2913 1696 vocat
2972 1641 3140 1697 Iacob
3197 1643 3288 1697 ubi
3337 1643 3434 1705 ait,

1871 1748 1889 1781 ι
1927 1728 2072 1783 Dixit
2101 1730 2235 1783 mihi
2266 1732 2491 1800 angelus
2521 1732 2613 1785 Dei
2639 1733 2695 1786 in
2721 1733 2928 1788 somnis
2948 1734 3111 1788 verba
3147 1732 3298 1788 haec:
3326 1732 3438 1803 Ego

190 1803 509 1874 κενούμενος
542 1807 637 1860 και
660 1806 1008 1876 διαγγέλλων.
1048 1810 1137 1863 Διὸ
1165 1811 1255 1863 καὶ
1285 1809 1514 1878 ἄγγελον
1547 1813 1706 1864 αὑτὸν
1740 1815 1767 1866 6

1869 1832 1988 1872 sum
2018 1816 2182 1884 Deus,
2214 1819 2307 1889 qui
2332 1820 2559 1890 apparui
2578 1821 2675 1875 tibi
2702 1822 2758 1875 in
2786 1822 2928 1877 loco.
2970 1841 2989 1874 ι
3036 1822 3176 1893 Ergo
3201 1823 3343 1877 idem
3384 1833 3439 1877 et

200 1894 379 1948 Ἰακὼϐ
409 1897 515 1950 ἐπὶ
534 1897 629 1951 τοῦ
657 1900 918 1971 παρόντος
945 1900 1099 1954 καλεῖ
1118 1917 1131 1932 ο
1163 1921 1181 1954 ι
1205 1898 1339 1955 Εἷπέ
1364 1918 1452 1973 μοι
1479 1905 1506 1954 6
1534 1903 1761 1970 ἅγγελος

188 1987 272 2041 τοῦ
313 1989 453 2043 Θεοῦ
510 1992 745 2060 φάσκων
794 1991 913 2045 καθ’
948 1993 1140 2047 ὕπνον·
1178 1994 1317 2062 Ἐγὼ
1365 1996 1478 2065 είμι
1510 1993 1538 2044 6
1570 1993 1700 2057 Θεὸς
1724 1997 1763 2046 6

190 2079 358 2150 ὀφθείς
395 2098 487 2135 σοι
531 2084 588 2135 ὲν
626 2082 704 2155 τῷ
746 2084 913 2155 τόπῳ.
948 2104 965 2135 ι
1004 2085 1211 2139 Οὐκοῦν
1255 2088 1283 2141 ὁ
1329 2087 1490 2150 αὐτὸς
1534 2086 1763 2156 ἄγγελος

192 2172 382 2243 Κυρίου
403 2175 507 2227 καὶ
533 2172 668 2238 Θεὸς
699 2176 790 2230 καὶ
834 2177 1058 2249 Κύριος,
1092 2178 1277 2247 σαφῶς
1304 2179 1390 2233 διὰ
1439 2179 1640 2232 τούτων
1673 2179 1765 2233 άν-

191 2264 501 2337 ηγόρευται.
550 2268 662 2321 Καὶ
698 2270 757 2321 ὲν
798 2269 995 2342 Ἡσαΐᾳ
1021 2270 1077 2324 δὲ
1099 2270 1178 2341 τῷ
1216 2274 1489 2343 προφήτῃ,
1523 2270 1763 2341 μεγάλης

194 2356 371 2429 βουλῆς
416 2359 689 2429 ἄγγελος,
733 2360 868 2432 ὁμοῦ
907 2361 963 2415 δὲ
1008 2363 1102 2416 καὶ
1146 2362 1278 2426 Θεὸς
1311 2363 1405 2416 καὶ
1453 2362 1636 2433 ἄρχων
1668 2364 1762 2416 καὶ

191 2447 537 2524 ὲξουσιαστὴς
555 2453 1037 2525 προσαγορεύεται,
1058 2456 1115 2506 ὲν
1141 2448 1221 2518 οἷς
1240 2454 1334 2525 τὴν
1354 2456 1432 2517 εἰς
1446 2453 1761 2527 ἀνθρώπους

192 2540 340 2597 αὐτοῦ
370 2542 594 2611 γένεσιν
623 2544 889 2610 θεσπίζει,
923 2544 1126 2614 λέγων’
1165 2563 1184 2596 ι
1219 2546 1338 2599 Ὀτι
1368 2544 1578 2598 παιδίον
1608 2546 1761 2613 ἐγεν-

191 2631 310 2704 νήθη
340 2634 502 2705 ἡμῖν,
534 2636 630 2690 καὶ
673 2636 786 2700 υἱὸς
812 2636 968 2706 ἐδόθη
1012 2639 1145 2708 ἡμῖν
1168 2678 1182 2702 ,
1223 2630 1283 2690 οὗ
1313 2637 1345 2706 ἡ
1376 2637 1517 2708 ἀρχὴ
1550 2637 1642 2688 ἐπὶ
1668 2635 1761 2690 τοῦ

1867 1909 2094 1978 angelus
2121 1907 2360 1973 Domini,
2386 1917 2441 1966 et
2470 1910 2635 1977 Deus,
2664 1920 2717 1968 et
2758 1911 3042 1979 Dominus,
3075 1915 3234 1985 plane
3263 1915 3318 1969 in
3349 1913 3437 1968 bis

1867 2000 2169 2069 appellatus
2216 2008 2319 2056 est.
2356 2001 2424 2055 Et
2471 2003 2615 2073 apud
2647 2002 2842 2059 Isaiam
2877 2005 3200 2075 prophetam
3254 2005 3435 2075 magni

1865 2090 2082 2145 consilii
2114 2091 2361 2160 angelus,
2397 2090 2727 2164 interimque
2755 2101 2809 2149 et
2853 2093 3015 2158 Deus,
3055 2102 3108 2149 et
3157 2093 3434 2163 princeps,

1869 2190 1923 2235 et
1949 2189 2274 2250 potestatem
2318 2182 2531 2239 habens
2580 2186 2917 2250 nominatur,
2961 2186 3053 2240 ubi
3089 2193 3244 2240 ortus
3286 2187 3436 2242 illius

1870 2272 2016 2327 inter
2061 2273 2314 2331 homines
2361 2277 2601 2342 canitur,
2628 2292 2657 2330 a
2681 2277 2916 2343 dicente,
3001 2278 3144 2349 quod
3183 2295 3201 2329 ι
3238 2294 3438 2351 pueru-

1868 2364 1955 2419 lus
1986 2373 2148 2420 natus
2179 2376 2264 2420 est
2293 2368 2473 2433 nobis,
2507 2375 2563 2424 et
2599 2367 2744 2422 ﬁlius
2779 2358 2939 2424 datus
2962 2379 3045 2425 est
3073 2369 3254 2432 nobis,
3276 2370 3436 2439 cujus

1867 2453 2206 2525 principatus
2227 2470 2393 2527 super
2422 2458 2710 2512 humerum
2745 2460 2885 2529 ejus,
2915 2468 2969 2514 et
2992 2470 3217 2515 vocatur
3238 2476 3435 2516 nomen

1869 2546 1988 2616 ejus
2021 2547 2201 2618 magni
2232 2548 2452 2603 consilii
2482 2549 2731 2621 angelus.
2790 2551 3044 2621 princeps
3087 2553 3259 2622 pacis,
3289 2549 3433 2604 Deus

1869 2636 2049 2704 fortis,
2073 2640 2373 2706 potentiam
2399 2639 2630 2705 habens,
2660 2651 2811 2709 pater
2842 2641 3009 2696 futuri
3035 2643 3206 2698 seculi
3226 2643 3293 2697 “.
3333 2660 3356 2696 ι

193 2723 328 2794 ὤμου
358 2728 567 2794 αὑτοῦ,
617 2731 712 2783 καὶ
744 2730 988 2785 καλεῖται
1028 2731 1087 2785 τὸ
1123 2731 1292 2802 ὄνομα
1321 2731 1484 2785 αὐτοῦ
1521 2732 1761 2803 μεγάλης
1800 2730 1993 2802 βουλῆς
2055 2733 2304 2801 ἄγγελος,
2340 2733 2524 2805 ἄρχων
2582 2737 2823 2807 εἰρήνης,
2853 2736 2985 2801 Θεὸς
3018 2738 3253 2810 ἰσχυρὸς,
3284 2736 3437 2803 ἐξου-

195 2823 401 2895 σιαστής
424 2866 441 2890 ,
476 2825 663 2898 πατὴρ
686 2825 780 2879 τοῦ
815 2826 1101 2897 μέλλοντος
1125 2827 1337 2891 αἰῶνος.
1388 2847 1405 2879 ι

714 2944 1106 2996 ΚΕΦΑΛΑΙΟΝ
1144 2946 1245 2998 ΙΑ’.

203 3057 286 3125 Ὠς
313 3059 414 3113 καὶ
456 3057 665 3113 Ἰακὼϐ
700 3056 806 3111 τὸν
854 3056 1314 3125 προδηλωθέντα
1344 3058 1443 3113 καὶ
1484 3059 1633 3112 Θεὸν
1661 3061 1761 3112 καί

2468 2941 2698 2997 CAPUT
2749 2942 2841 2997 XI.

1872 3054 2024 3121 Quod
2057 3056 2214 3108 etiam
2236 3052 2405 3108 Jacob
2431 3071 2570 3119 eum,
2612 3055 2675 3107 de
2717 3070 2817 3125 quo
2851 3057 3088 3125 proxime
3114 3054 3313 3110 dictum
3333 3068 3434 3121 est.

253 3132 490 3208 Κύριοφῖ,
519 3129 619 3208 καὶ
641 3127 715 3196 δὴ
743 3126 841 3208 καί
863 3128 1147 3208 ἅγγελᾼον,
1174 3130 1386 3208 ὁμοίως
1418 3128 1498 3208 τάξ
1532 3130 1775 3208 Ἀϐραὰμ

1945 3135 1994 3177 et
2029 3127 2189 3208 Deum
2220 3135 2268 3178 et
2298 3125 2604 3208 Dominum,
2628 3136 2883 3208 prwterea
2908 3129 3145 3208 angelum
3169 3128 3432 3192 similiter,

253 3196 685 3268 érdrﬂpcbrwv
723 3196 984 3266 σχήματι
1031 3196 1231 3266 θεωρεῖ
1270 3197 1368 3251 διὰ
1423 3197 1535 3267 τῆς
1576 3196 1765 3266 οὕτως

256 3270 521 3340 ἐχούσης
547 3269 837 3337 ἱστορίας.

260 3401 277 3433 ι
319 3383 592 3446 ’Δναστὰς
633 3383 689 3437 δὲ
735 3382 832 3453 τήν
872 3382 1045 3436 νύκτα
1090 3382 1326 3455 ἐκείνην,
1362 3383 1519 3437 ἔλαϐε
1549 3383 1646 3446 τὰς
1672 3384 1765 3439 δύο

196 3479 466 3545 γυναῖκας,
494 3472 590 3530 καὶ
614 3475 715 3538 τὰς
736 3473 829 3528 δύο
857 3475 1168 3540 παιδίσκας,
1198 3476 1291 3529 καὶ
1319 3477 1386 3530 τὰ
1413 3476 1604 3531 ἕνδεκα
1638 3495 1765 3532 παι-

194 3566 269 3620 δία
315 3569 481 3622 αὑτοῦ
504 3609 520 3633 ,
558 3568 654 3621 καὶ
685 3566 837 3638 διέϐη
862 3567 959 3638 τὴν
992 3567 1238 3621 διάϐασιν
1276 3567 1372 3639 τὴν
1411 3568 1604 3622 Ἰακώϐ
1627 3587 1639 3599 ·
1672 3572 1765 3624 καὶ

198 3658 366 3716 ἔλαϐεν
435 3662 668 3724 αὐτοὺς,
720 3661 814 3713 καὶ
860 3659 1131 3712 διεϐίϐασε
1205 3660 1381 3713 πάντα
1432 3660 1499 3715 τὰ
1549 3662 1760 3715 ἑαυτοῦ.

206 3751 528 3822 ’Υπελεᾱρθη
551 3752 608 3805 δὲ
641 3751 833 3805 Ἰακὼϐ
862 3752 1041 3822 μόνος,
1074 3753 1167 3806 καὶ
1194 3752 1422 3805 ὲπάλαιε
1456 3755 1571 3821 μετ’
1599 3753 1762 3807 αὐτοῦ

200 3839 468 3914 ἄνθρωπος
506 3843 612 3906 ἕως
656 3844 818 3915 πρωΐ.
854 3839 975 3896 Εἷδε
1029 3844 1115 3909 δὲ,
1157 3844 1236 3896 ὅτι
1275 3843 1333 3896 οὐ
1368 3843 1585 3897 δύναται
1632 3845 1765 3915 πρὸς

200 3936 365 4001 αὑτὸν,
410 3938 507 3988 καὶ
532 3935 711 4007 ἥψατο
738 3935 832 3989 τοῦ
862 3936 1097 3995 πλάτους
1130 3935 1219 3988 τοῦ
1253 3934 1426 4006 μηροῦ
1455 3935 1641 3998 αὐτοῦ,
1672 3937 1765 3990 καὶ

201 4029 457 4102 ἑνάρκησε
479 4029 540 4081 τὸ
565 4028 764 4090 πλάτος
785 4027 879 4081 τοῦ
904 4026 1076 4099 μηροῦ
1106 4025 1319 4090 Ἰακὼϐ,
1339 4027 1397 4079 ὲν
1420 4024 1497 4096 τῷ
1519 4027 1765 4080 παλαίειν

201 4120 343 4173 αὐτὸν
398 4120 517 4190 μετ’
560 4117 746 4173 αὑτοῦ.
808 4120 919 4172 Kal
967 4114 1120 4171 εἶπεν
1167 4117 1315 4188 αὐτῷ
1338 4133 1352 4146 ·
1426 4118 1765 4173 Ἀπόστειλόν

207 4227 292 4278 με·
341 4210 514 4281 ἀνέϐη
547 4210 656 4281 γὰρ
698 4212 728 4264 6
765 4210 980 4282 δρθρος.
1042 4211 1099 4262 Ὀ
1146 4209 1202 4263 δὲ
1257 4206 1441 4263 εἶπεν·
1491 4211 1563 4263 Οὐ
1601 4212 1674 4282 μή
1706 4228 1763 4264 σε

203 4302 522 4367 ἀποστείλω,
562 4302 657 4356 ἐὰν
714 4303 787 4373 μή
847 4319 913 4373 με
961 4301 1278 4372 εὑλογήσῃς.
1328 4296 1462 4354 Είπε
1504 4303 1550 4355 δ’
1582 4301 1760 4373 αὐτῷ·

204 4388 259 4442 Τί
308 4393 369 4446 τὸ
438 4390 611 4461 ὄνομά
680 4408 802 4456 eos;
860 4391 917 4443 '0
966 4390 1022 4442 δὲ
1091 4385 1277 4442 εἴπεν·
1349 4389 1560 4445 Ἰακώϐ.
1630 4388 1764 4444 Εἷπε

1940 3206 1998 3248 ιιι
2019 3196 2284 3247 Abraham
2323 3197 2375 3248 in
2402 3196 2627 3248 hominis
2657 3196 2831 3263 forma
2864 3198 3262 3266 contemplatur,
3297 3200 3351 3253 in
3375 3217 3438 3253 ca

1936 3266 2163 3319 historia
2189 3282 2304 3336 quae
2338 3267 2413 3318 sic
2460 3282 2514 3318 se
2553 3266 2734 3321 habet.

1941 3397 1959 3431 ι
1995 3379 2237 3450 Surgens
2272 3387 2451 3433 autem
2485 3387 2645 3434 nocte
2669 3379 2782 3442 illa,
2809 3381 3018 3449 aceepit
3046 3380 3183 3438 duas
3208 3397 3433 3448 uxores,

1865 3485 1929 3527 ac
1972 3471 2109 3526 duas
2157 3470 2413 3534 famulas,
2464 3478 2518 3526 et
2564 3470 2817 3525 undecim
2869 3472 3128 3541 puerulos
3181 3488 3334 3536 suos,
3383 3481 3439 3530 et

1863 3565 2118 3620 transivit
2160 3565 2357 3619 vadum
2412 3563 2604 3628 Iacob,
2637 3570 2692 3618 et
2725 3564 2935 3632 accepit
2967 3578 3082 3629 eos,
3119 3572 3174 3619 et
3195 3566 3436 3620 traduxit

1865 3657 2046 3712 omnia
2100 3671 2220 3711 sua.
2288 3654 2355 3708 Et
2424 3656 2652 3710 relictus
2712 3662 2798 3709 est
2850 3655 2967 3724 ipse
3024 3652 3194 3710 Iacob
3246 3657 3433 3724 solus,

1864 3755 1917 3803 et
1942 3747 2253 3801 luctabatur
2276 3762 2401 3802 cum
2436 3762 2503 3801 eo
2532 3746 2694 3801 homo
2718 3760 2895 3814 usque
2925 3760 3103 3799 mane.
3157 3745 3306 3801 Vidit
3339 3763 3437 3801 au-

1865 3851 1969 3895 tem
1995 3841 2139 3910 quod
2164 3856 2271 3894 non
2295 3848 2479 3911 posset
2502 3839 2965 3903 adversus'illum,
2984 3822 3039 3893 et
3061 3839 3239 3909 attigit
3261 3841 3440 3894 latitu-

1866 3932 2044 3987 dinem
2068 3932 2289 3988 femoris
2302 3933 2441 4002 ejus,
2460 3940 2515 3987 et
2539 3931 2745 4002 torpuit
2761 3931 2992 3986 latitudo
3009 3931 3232 3988 femoris
3246 3931 3436 3999 Iacob,

1865 4022 1993 4077 dum
2025 4023 2326 4078 luctaretur
2354 4022 2443 4077 hic
2473 4037 2597 4078 cum
2630 4023 2743 4077 illo.
2782 4020 2847 4074 Et
2874 4023 3013 4077 dixit
3059 4023 3111 4079 ei
3156 4043 3168 4079 :
3220 4022 3440 4079 Dimitte

1866 4128 1972 4178 me,
2005 4114 2254 4169 ascendit
2282 4115 2427 4169 enim
2463 4128 2684 4170 aurora.
2725 4111 2827 4168 Hic
2858 4128 2988 4170 vero
3017 4113 3156 4169 dixit
3185 4134 3199 4170 :
3232 4113 3354 4170 Non
3382 4122 3439 4171 ιε

1865 4208 2153 4273 dimittam,
2197 4206 2303 4263 nisi
2347 4207 2481 4261 mihi
2527 4207 2890 4263 benedixeris.
2938 4207 3084 4262 Dixit
3114 4218 3296 4264 autem
3329 4209 3380 4264 ei
3419 4227 3434 4242 ·

1867 4298 2020 4366 Quod
2055 4307 2138 4354 est
2167 4314 2367 4355 nomen
2398 4300 2593 4354 tuum?
2623 4301 2691 4354 At
2722 4300 2811 4354 hic
2844 4300 2982 4354 dixit
3010 4302 3061 4354 ei
3096 4319 3110 4354 :
3154 4298 3341 4356 Iacob.
3370 4298 3442 4357 Et

1866 4393 2002 4446 dixit
2027 4392 2075 4446 ei
2100 4410 2113 4446 :
2142 4390 2264 4445 Non
2290 4392 2522 4463 amplius
2536 4391 2708 4448 Iacob
2729 4393 3011 4448 vocabitur
3037 4407 3236 4448 nomen
3262 4401 3436 4450 tuum.

201 4478 239 4533 δ’
284 4484 444 4555 αὐτῷ·
497 4483 694 4537 υύκὲτι
742 4481 934 4537 Ἰακὼϐ
963 4482 1292 4553 κληθήσεται
1343 4483 1403 4537 τὸ
1427 4483 1598 4568 δνομά
1630 4501 1754 4545 σου,

1869 4482 2024 4551 237
2054 4483 2146 4536 sed
2172 4479 2338 4537 Israel
2374 4483 2477 4537 erit
2506 4497 2704 4536 nomen
2734 4488 2886 4536 tuum
2934 4499 2948 4536 :
2984 4483 3240 4553 quoniam
3288 4484 3436 4538 inva-

206 4574 300 4628 me
330 4576 547 4648 Ἰσραὴλ
576 4576 724 4631 ἔσται
749 4576 809 4629 τὸ
837 4575 1008 4647 ὖνομά
1042 4592 1134 4628 σου
1157 4593 1171 4606 ·
1200 4576 1280 4629 ὅτι
1305 4577 1590 4647 ἐνίσχυσας
1621 4576 1757 4647 μετὰ

204 4665 342 4732 Θεοῦ,
374 4671 469 4723 καὶ
504 4669 619 4740 μετ’
652 4665 949 4741 ἀνθρώπων
979 4666 1200 4732 δυνατὸς
1246 4667 1362 4739 ἔσῃ.
1410 4669 1686 4741 Ἡρὼτησε
1706 4669 1761 4722 δὲ

215 4755 412 4825 Ἰακὼϐ,
447 4761 542 4814 xal
573 4755 723 4814 εἶπεν
743 4778 757 4791 ·
804 4759 1143 4829 Ἀνάγγειλόν
1192 4778 1281 4831 μοι
1315 4760 1377 4813 τὸ
1413 4760 1584 4831 ὄνομά
1646 4778 1757 4814 σου.

205 4850 299 4905 Kal
328 4849 511 4906 εἶπενο
550 4853 668 4907 Ἵνα
715 4854 768 4906 τί
819 4853 980 4907 τοῦτο
1032 4854 1260 4923 ἐρωτᾷς,
1297 4853 1356 4907 τὸ
1406 4853 1574 4924 ὗνομά
1627 4872 1760 4924 μου;

207 4941 300 4997 Kal
340 4943 635 5015 εὐλόγησεν
689 4945 849 4999 αὑτὸν
908 4947 1042 5010 ἐκεῖ,
1077 4946 1169 4998 καὶ
1217 4944 1440 4999 ἐκάλεσε
1489 4945 1551 4998 τὸ
1594 4946 1762 5016 ὄνομα

205 5032 285 5086 τοῦ
295 5034 459 5087 τόπου
480 5034 688 5088 ἐκείνου
716 5034 929 5101 Ἰακὼϐ,
949 5031 1124 5101 Εἶδος
1145 5035 1312 5089 Θεοῦ.
1331 5030 1485 5088 Εἶδον
1504 5034 1613 5106 γὰρ
1630 5034 1761 5088 Θεὸν

209 5125 475 5194 πρόσωπον
521 5126 657 5197 πρὸς
704 5126 1010 5196 πρόσωπον,
1043 5125 1138 5180 καὶ
1170 5125 1346 5197 ἐσώθη
1384 5129 1416 5197 ἡ
1452 5126 1596 5198 ψυχή
1634 5142 1754 5196 μου.

219 5212 459 5271 Ἄνὲτειλε
492 5216 547 5271 δὲ
579 5216 725 5288 αὐτῷ
766 5219 796 5271 6
833 5218 1001 5289 ἣλιος,
1034 5218 1195 5288 ἡνίκα
1242 5218 1489 5296 παρῆλθε
1515 5218 1576 5271 τὸ
1622 5213 1759 5282 εἶδος

207 5305 458 5363 τοῦΘεοῦ.
507 5328 526 5362 t
555 5307 644 5381 Τῷ
679 5311 776 5381 μὲν
825 5312 1013 5365 Μωσεί
1043 5311 1258 5381 εἴρητο·
1295 5329 1313 5360 ‹
1345 5311 1532 5374 Οὐδεὶς
1575 5309 1764 5379 ὄψεται

208 5395 559 5471 τὸπρόσωπόν
598 5419 699 5474 μου
733 5404 826 5455 καὶ
864 5400 1107 5473 ζήσεταιο
1140 5420 1160 5454 ι
1194 5402 1253 5455 ὲν
1274 5402 1481 5465 τούτοις
1506 5403 1562 5455 δὲ
1594 5403 1622 5454 ὁ
1667 5402 1767 5455 Ἰα-

211 5486 307 5542 κὼϐ
352 5487 458 5547 εἶδε
507 5492 640 5546 Θεὸν
689 5494 789 5564 οὐχ
838 5493 1048 5558 ἁπλῶς,
1102 5492 1237 5546 ἀλλὰ
1289 5493 1578 5563 πρόσωπον
1630 5494 1766 5564 πρὸς

213 5583 505 5651 πρόσωπον·
540 5587 634 5640 καὶ
659 5585 850 5650 σωθείς
881 5602 945 5654 γε
967 5587 1028 5639 οὐ
1060 5586 1121 5640 τὸ
1154 5585 1333 5657 σῶμα,
1367 5585 1503 5640 ἀλλὰ
1532 5586 1630 5657 τὴν
1658 5586 1766 5655 ψυ-

295 5735 338 5771 ¹¹
368 5740 499 5798 Gen.
533 5758 684 5811 χιιι,
717 5742 798 5796 ll.

897 5741 943 5776 ³³
974 5740 1102 5797 ibid.
1146 5740 1227 5808 I2,
1259 5741 1345 5797 15.
1377 5740 1423 5774 ⁵⁸
1453 5742 1557 5799 Isa.
1586 5756 1659 5806 Ix,
1694 5739 1748 5797 6.
1784 5704 1787 5705 ν
1825 5739 1868 5773 ⁸³
1900 5737 2034 5795 Gen.
2072 5752 2246 5805 xxxn,
2281 5735 2476 5794 $2.23!.

1865 4573 2014 4629 luisti
2039 4588 2162 4628 cum
2214 4573 2345 4642 Deo,
2379 4576 2544 4629 etiam
2577 4588 2701 4628 cum
2731 4573 3047 4629 hominibus
3084 4581 3277 4645 potens
3302 4575 3436 4629 eris.

1868 4665 2230 4734 Interrogavit
2250 4680 2381 4719 vero
2409 4664 2579 4720 Iacob
2604 4674 2657 4720 et
2687 4665 2761 4719 ait
2788 4684 2802 4720 :
2839 4663 3023 4720 Indica
3072 4665 3206 4719 mihi
3238 4680 3437 4720 nomen

1868 4768 2044 4814 tuum.
2096 4757 2163 4810 Et
2204 4759 2279 4812 ait
2321 4778 2333 4813 :
2373 4756 2512 4824 Quid
2558 4759 2633 4812 ita
2664 4759 2862 4828 quaeris
2892 4772 3087 4812 nomen
3118 4757 3341 4812 meum?
3370 4757 3438 4811 Et

1872 4848 2152 4905 benedixit
2184 4849 2231 4903 ei
2274 4848 2328 4902 in
2373 4849 2466 4903 illo
2510 4849 2650 4911 loco,
2696 4856 2749 4902 et
2795 4849 3007 4903 vocavit
3043 4846 3212 4904 Iacob
3238 4863 3436 4904 nomen

1869 4941 1977 4995 loci
2016 4941 2188 5005 illius,
2224 4938 2460 5008 Speciem
2504 4938 2623 4994 Dei.
2656 4938 2860 5010 Aspexi
2890 4939 3035 4993 enim
3084 4937 3255 4993 Deum
3297 4939 3439 4995 facie

1870 5032 1938 5087 ad
1972 5031 2166 5087 faciem
2206 5051 2221 5085 :
2263 5039 2317 5086 et
2345 5038 2560 5086 servata
2609 5040 2694 5086 est
2733 5031 2914 5085 anima
2964 5045 3105 5085 mea.
3160 5028 3326 5086 Ortus
3353 5041 3438 5086 est

1867 5134 2046 5181 autem
2088 5125 2163 5178 illi
2195 5125 2298 5191 sol,
2331 5139 2455 5180 cum
2507 5125 2797 5179 transisset
2845 5123 3054 5192 species
3089 5123 3180 5177 Dei
3210 5122 3279 5178 ⁸⁸.
3319 5141 3338 5174 ι
3369 5120 3437 5177 Et

1865 5215 2000 5272 Mosi
2018 5215 2234 5286 quidem
2248 5217 2450 5271 dictum
2465 5224 2550 5270 est
2564 5233 2576 5269 :
2588 5233 2607 5266 σ
2629 5214 2819 5269 Nullus
2836 5213 3037 5268 videbit
3055 5212 3244 5267 faciem
3261 5228 3434 5268 meam

1863 5316 1918 5363 ct
1952 5310 2096 5362 vivet
2119 5306 2200 5361 ’σε
2234 5326 2252 5359 ι
2289 5306 2379 5361 hic
2404 5315 2582 5361 autem
2602 5304 2772 5360 Iacob
2803 5304 2939 5359 vidit
2967 5303 3135 5359 Deum
3165 5318 3274 5358 non
3304 5304 3436 5358 sim-

1865 5402 2103 5473 pliciter,
2140 5401 2235 5455 sed
2274 5399 2414 5455 facie
2443 5399 2512 5454 ad
2544 5399 2798 5455 faciem:
2830 5405 2885 5453 ει
2918 5414 3041 5452 cum
3071 5405 3317 5452 servatus
3343 5412 3435 5451 es-

1869 5501 1974 5555 set,
2002 5508 2111 5547 non
2146 5506 2397 5561 corpore,
2426 5492 2521 5547 sed
2540 5491 2744 5554 animo,
2776 5491 2841 5544 ad
2869 5490 3248 5560 appellationis
3268 5485 3439 5545 Israel

1871 5583 2194 5654 dignitatem
2227 5591 2542 5652 assumptus
2568 5589 2672 5647 est,
2708 5594 2828 5651 quae
2850 5594 2980 5634 sane
3009 5577 3295 5650 appellatio
3317 5573 3440 5633 ani-

2585 5738 2630 5772 "
2658 5736 2829 5797 Exod,
2866 5749 3043 5802 xxxu,
3070 5731 3160 5791 20.
