3902 6264
461 297 570 357 887

1115 297 1388 353 ῖΕυδΕΒΙΙ
1426 296 1900 352 CJESARIENSIS
1939 297 2031 352 ΟΡ

2134 296 2290 350 ’ARS
2329 293 2508 349 ll.‘~’—
2542 291 3036 348 APOLOGETICA.

3598 293 3706 348 588

466 428 677 468 marum
713 411 1051 482 cognominis
1075 419 1196 465 est:
1233 410 1502 480 siquidem
1536 411 1713 480 ipsmn
1746 410 1913 466 lsrael
1936 425 2031 465 no-

2136 407 2255 478 χὴν,
2289 407 2387 477 τῆς
2436 407 2527 460 ἐπὶ
2557 408 2647 459 τὸν
2694 405 2906 477 Ἰσραὴλ
2939 408 3320 476 προσωνυμίαις
3350 409 3576 480 ἠξιώθην
3611 428 3703 478 (ιε’

467 521 612 569 men,
680 505 724 558 si
785 504 1182 572 interpreteris,
1231 502 1483 556 videntem
1529 502 1694 556 Deum
1743 504 2031 572 signiﬁcat.

465 593 585 648 Non
617 594 782 663 igitur
803 600 1010 661 patrem
1039 591 1206 646 Deum
1229 591 1385 655 vidit,
1408 593 1502 647 sed
1527 593 1694 646 Deum
1719 592 1907 658 ﬁlium,
1937 610 2035 648 cu-

463 685 555 755 jus
583 685 746 740 etiam
781 684 1057 738 curiosius
1093 685 1509 754 appellationem
1544 687 1806 755 quaerenti
1839 685 2028 751 Jacob,

465 778 706 833 nondum
743 786 861 832 erat
898 777 1217 831 enuntiandi
1261 786 1474 845 tempus
1525 796 1538 832 :
1589 777 1731 848 quod
1761 779 1807 833 si
1843 793 2032 848 quem-

466 871 609 939 piam
639 885 706 924 ex
755 871 986 939 angelis,
1019 877 1113 922 aut
1154 884 1225 922 ex
1272 870 1357 936 iis,
1394 871 1484 939 qui
1524 871 1721 924 emlum
1762 871 2029 938 incolunt,

465 961 666 1016 divinis
696 961 1003 1032 spiritibus,
1037 978 1160 1016 eum
1197 967 1291 1033 qui
1329 965 1535 1018 sanctis
1589 966 1810 1018 oracula
1867 967 2030 1019 mini-

465 1055 677 1108 strabat
727 1055 927 1125 aliquis
966 1056 1276 1124 suspicetur
1323 1070 1466 1118 esse,
1515 1055 1672 1124 plane
1710 1055 1978 1125 decipitur
2013 1075 2027 1110 :

465 1144 570 1199 hoc
599 1159 665 1200 ex
696 1146 813 1215 ipso
848 1147 1131 1216 probatur,
1165 1145 1306 1216 quod
1336 1147 1423 1200 hic
1472 1147 1588 1216 ipse
1615 1147 1680 1202 de
1711 1163 1820 1217 quo
1856 1149 2032 1218 loqui-

465 1251 610 1300 mur,
662 1247 715 1292 et
749 1237 962 1292 Domini
996 1247 1050 1293 et
1099 1238 1194 1292 Dei
1228 1239 1592 1307 appellatione
1637 1253 1983 1309 nuncupatur
2014 1261 2027 1296 :

464 1327 668 1381 etenim
700 1333 754 1382 et
784 1327 951 1383 Deum
984 1329 1160 1398 ipsum
1211 1330 1395 1383 divina
1429 1331 1713 1399 Scriptura
1748 1331 1908 1400 plane
1937 1345 2032 1384 vo-

466 1419 623 1483 citat,
659 1426 712 1472 et
741 1419 1030 1474 Dominum
1059 1421 1185 1476 item
1220 1422 1474 1492 appellat,
1514 1423 1633 1490 ejus
1666 1423 1901 1478 nominis
1934 1423 2032 1477 ho-

465 1519 654 1560 norem
683 1507 758 1560 illi
802 1508 1070 1574 tribuens,
1118 1509 1260 1579 quod
1306 1512 1446 1581 apud
1502 1511 1756 1568 Hebraeos
1798 1521 2035 1582 quatuor

466 1598 665 1654 litteris
692 1609 933 1666 notatur,
962 1601 1108 1672 quod
1152 1619 1284 1658 sane
1319 1603 1374 1658 in
1411 1620 1519 1658 una
1560 1604 1818 1659 ineﬂabili
1871 1613 2034 1674 atque

466 1691 522 1743 in
579 1691 960 1747 inenuntiabili
1016 1693 1110 1749 Dei
1170 1697 1530 1765 appellatione
1580 1713 1817 1766 ponere,
1879 1700 2034 1768 pueri

2141 498 2386 571 ρωνύμου
2439 497 2624 568 ψυχῶν
2669 497 3064 568 προσηγορίας,
3117 498 3169 550 εί
3215 516 3298 567 γε,
3350 501 3709 573 ὲρμηνευθὲν,

2137 593 2362 659 (iptde
2391 590 2537 643 Θεὸν
2561 590 2621 642 τὸ
2653 588 2864 659 Ἰσραὴλ
2885 589 3051 660 ὄνομα
3068 591 3336 660 σημαίνει.
3353 593 3466 645 Οὐκ
3487 593 3597 663 ἄρα
3612 593 3709 647 τὸν

2135 684 2227 737 ἐπὶ
2255 682 2470 735 πάντων
2503 682 2631 734 Θεὸν
2659 681 2820 752 ἑώρα·
2853 682 3078 752 ἀόρατος
3104 682 3211 753 γὰρ
3242 677 3395 745 οὗτος
3426 684 3520 736 καὶ
3541 683 3706 752 ἀτρε-

2135 791 2286 838 πτος,
2310 775 2403 827 καὶ
2429 772 2675 846 οὐδαμῶς
2704 774 2770 827 ἂν
2793 775 2870 836 εἰς
2894 774 3172 844 ἄνθρωπον
3203 774 3540 844 μεταϐάλλοι,
3564 776 3707 828 ἀπά-

2137 884 2234 936 σης
2271 865 2346 920 ὢν
2393 866 2650 920 ἀνωτάτω
2681 867 3115 936 οὐσίας.Ἒτερον
3149 867 3274 936 ἄρα,
3309 861 3368 921 οῦ
3404 869 3499 920 καὶ
3535 868 3706 920 πολυ-

2135 958 2534 1031 πραγμονοῦντι
2567 957 2754 1028 καιρός
2788 975 2874 1010 πω
2905 957 3003 1009 οὐκ
3033 953 3101 1026 ἦν
3129 957 3358 1026 ἐκφάναι
3385 957 3463 1028 τῷ
3509 958 3709 1012 Ἰακὼϐ

2133 1050 2228 1122 τὴν
2263 1050 2648 1122 προσηγορίαν.
2671 1050 2733 1101 Εἰ
2765 1048 2821 1100 δὲ
2844 1049 3085 1117 ἀγγέλων
3111 1049 3252 1115 τινά,
3277 1049 3310 1120 ἢ
3339 1050 3446 1103 τῶν
3477 1049 3599 1104 κατ’
3621 1051 3713 1103 οὐ-

2136 1143 2294 1214 ρανὸν
2319 1142 2474 1195 θείων
2497 1142 2837 1211 πνευμάτων,
2856 1142 2945 1194 τὸν
2965 1146 3075 1205 τοῖς
3092 1142 3262 1211 ἁγίοις
3277 1143 3402 1206 τούς
3424 1144 3712 1214 χρησμοὺς

2132 1235 2536 1307 διακονούμενον
2563 1235 2818 1288 ὑπολάϐοι
2850 1253 2931 1298 τις
2957 1231 3112 1300 εἶναι,
3147 1235 3330 1305 σαφῶς
3361 1235 3674 1304 διέψευσται
3693 1253 3708 1266 ⁸

2132 1328 2289 1382 τοῦτο
2323 1330 2420 1399 μὲν
2443 1329 2550 1382 ἀπὸ
2581 1327 2674 1381 τοῦ
2706 1328 3189 1399 κυριολεκτεῖσθαι,
3223 1328 3315 1381 καὶ
3341 1327 3712 1396 θεολογεῖσθαι

2133 1420 2222 1472 τὸν
2253 1418 2576 1490 δηλούμενον
2597 1435 2610 1448 ·
2647 1419 2740 1471 καὶ
2771 1417 2876 1487 γὰρ
2897 1419 2989 1471 καὶ
3021 1418 3152 1471 Θεὸν
3185 1418 3345 1472 αὐτὸν
3369 1420 3401 1489 ὴ
3429 1418 3550 1471 θεία
3572 1419 3613 1470 Γ
3619 1436 3714 1490 ρα-

2136 1510 2210 1582 φὴ
2243 1511 2536 1582 διαρρήδην
2569 1509 2907 1582 ἀναγορεύει,
2942 1511 3034 1563 καὶ
3080 1510 3281 1581 Κύριον
3320 1511 3607 1576 ἀποκαλεῖ,
3642 1514 3710 1582 τῇ

2133 1603 2222 1656 διὰ
2269 1602 2377 1656 τῶν
2421 1604 2699 1674 τεσσάρων
2732 1604 2859 1674 παρ’
2889 1602 3158 1672 Ἑϐραίοις
3191 1605 3468 1674 στοιχείων
3509 1607 3711 1674 ἐπιση-

2139 1692 2359 1766 μειὼσει
2385 1693 2616 1764 τιμῶσα,
2654 1695 2720 1764 ἢν
2742 1694 2834 1746 ἐπὶ
2870 1693 3033 1765 μόνης
3062 1695 3160 1764 τῆς
3187 1695 3571 1765 ἀνεκφωνήτου
3617 1695 3712 1748 καὶ

465 1777 814 1835 Hebraeorum
845 1793 1250 1839 consueverunt
1281 1805 1293 1838 :
1330 1788 1591 1856 probatur
1631 1789 1794 1842 etiam
1846 1804 1908 1842 ex
1945 1804 2030 1854 eo,

2138 1786 2374 1856 ἀρρήτου
2410 1784 2775 1855 προσηγορίας
2806 1783 2906 1853 τῆς
2937 1783 3030 1836 τοῦ
3076 1783 3209 1835 Θεοῦ
3246 1783 3545 1836 συντιθέναι
3581 1786 3711 1838 παῖ-

463 1873 612 1942 quod
648 1875 979 1945 ubicumque
1011 1875 1293 1946 Scriptura
1326 1880 1546 1948 angelos
1596 1880 1866 1950 appellare
1894 1881 2029 1945 vult,

463 1973 648 2036 aperte
665 1967 766 2022 hoc
784 1968 937 2033 facit,
965 1971 1294 2041 angelosque
1323 1972 1578 2028 distincte
1607 1973 1896 2043 significat.
1918 1972 2032 2028 Sic-

466 2066 527 2110 ut
583 2073 678 2112 eos
719 2059 812 2127 qui
863 2059 918 2112 in
971 2059 1225 2116 Sodomis
1269 2071 1446 2125 erant,
1479 2078 1604 2116 cum
1638 2063 1786 2132 impii
1825 2073 2028 2129 essent,

465 2150 513 2204 is
542 2149 633 2219 qui
664 2150 895 2206 Abrahae
928 2153 1284 2222 responderat
1314 2153 1458 2210 Deus
1499 2169 1562 2210 ac
1610 2155 1893 2220 Dominus,
1929 2172 2030 2212 suo

465 2240 698 2295 adventu
739 2244 1051 2312 neutiquam
1104 2243 1299 2314 dignos
1343 2243 1524 2309 edicit,
1573 2245 2030 2314 quemadmodum

465 2347 656 2387 rursus
704 2334 835 2388 dicit
871 2334 1153 2406 Scriptura
1195 2336 1377 2391 divina
1413 2356 1426 2390 ;
1470 2355 1488 2386 ‹
1524 2335 1786 2392 Dominus
1813 2337 2029 2404 quidem

463 2424 617 2488 abiit,
654 2435 940 2497 postquam
972 2428 1135 2483 desiit
1186 2430 1334 2499 loqui
1391 2445 1515 2484 cum
1563 2429 1858 2485 Abraham.
1913 2429 2031 2486 Duo

461 2531 593 2571 vero
622 2519 795 2587 angeli
855 2517 1092 2574 Sodoma
1126 2519 1376 2574 abierunt
1423 2519 1637 2589 vesperi
1696 2521 1763 2574 ⁸⁷.
1819 2539 1838 2571 ι
1897 2518 2031 2573 ltem

464 2610 567 2680 ipsi
591 2609 762 2664 Jacob
788 2631 810 2662 ί
836 2612 1065 2666 obviam
1103 2620 1369 2667 venerunt
1397 2614 1575 2683 angeli
1626 2611 1742 2666 Dei.
1794 2611 1860 2664 Et
1905 2627 2030 2666 cum

462 2699 690 2754 vidisset
733 2699 890 2764 dixit,
923 2700 1114 2754 Castra
1145 2699 1238 2754 Dei
1273 2700 1408 2764 haec,
1465 2709 1520 2754 et
1565 2700 1777 2755 vocavit
1832 2716 2029 2755 nomen

463 2792 569 2845 loci
617 2791 787 2857 illius,
837 2790 1032 2844 Castra
1060 2791 1127 2844 ⁵⁸.
1168 2811 1187 2844 ο
1221 2789 1311 2845 Sic
1343 2807 1474 2847 sane
1508 2790 1600 2845 Dei
1630 2791 1840 2845 amicus
1867 2791 2032 2846 visio-

463 2900 561 2938 ncs
591 2883 934 2938 discernebat
962 2904 974 2938 :
1010 2883 1240 2954 proinde
1267 2900 1414 2938 nunc
1445 2885 1666 2953 quidem
1694 2899 1891 2939 nomen
1926 2885 2031 2939 loci

462 2974 652 3029 Castra
685 2976 942 3045 appellat,
973 2991 1040 3030 ex
1069 2991 1135 3029 eo
1165 2976 1312 3046 quod
1343 2977 1455 3031 illic
1483 2977 1802 3048 angelorum
1849 2986 2030 3034 castra

462 3068 676 3124 viderit.
710 3067 813 3123 Ubi
846 3077 1026 3124 autem
1064 3085 1189 3123 cum
1241 3070 1360 3139 ipso
1413 3068 1524 3124 Deo
1572 3070 1834 3142 loquitur,
1872 3079 2032 3127 vocat

2134 1875 2221 1939 δες
2259 1874 2520 1945 Ἐϐραίων
2544 1873 2763 1926 εἰώθασι
2784 1891 2797 1904 ·
2825 1873 2982 1926 τοῦτο
3005 1873 3060 1925 δὲ
3081 1872 3174 1926 καὶ
3196 1873 3302 1929 ἀπὸ
3325 1873 3416 1926 τοῦ
3441 1872 3712 1942 ἀγγέλους

2137 1969 2319 2038 σαφῶς
2351 1967 2622 2040 διορίζειν,
2656 1968 2743 2021 ὅτε
2785 1967 2847 2038 δὴ
2896 1963 3133 2036 βούλοιτο
3164 1965 3424 2034 ἀγγέλους
3465 1966 3655 2018 καλεῖν
3682 1967 3711 2018 0

2133 2061 2310 2128 λόγος,
2343 2060 2530 2132 ὥσπερ
2561 2061 2686 2122 τοὺς
2715 2062 2771 2113 ὲν
2806 2058 3054 2127 Σοδόμοις
3083 2058 3296 2120 ἀσεϐεῖς
3319 2057 3494 2122 ὄντας,
3532 2060 3560 2110 0
3611 2060 3713 2128 μὲν

2132 2153 2209 2223 τῷ
2243 2154 2489 2224 Ἀϐραὰμ
2513 2150 2862 2224 χρηματίζων
2885 2151 3016 2215 Θεὸς
3045 2151 3138 2203 καὶ
3175 2150 3376 2220 Κύριος
3405 2149 3505 2219 τῆς
3540 2150 3710 2203 αὑτοῦ

2134 2248 2431 2318 παρουσίας
2467 2246 2714 2317 οὐδαμῶς
2741 2246 2899 2310 ἀξιοῖ,
2923 2247 2997 2310 ὼς
3019 2241 3172 2308 αὖθις
3201 2247 3233 2315 ἡ
3257 2245 3374 2296 θεία
3409 2244 3599 2318 Γραφῂ
3625 2244 3713 2297 λέ-

2132 2358 2244 2409 γει·
2287 2360 2304 2390 ‹
2329 2341 2385 2394 ’0
2429 2340 2526 2410 μὲν
2567 2342 2770 2411 Κύριος
2804 2338 3062 2409 ἀπῆλθεν,
3093 2339 3166 2401 ὼς
3209 2337 3481 2390 επαύσατο
3531 2336 3714 2389 λαλῶν

2131 2431 2208 2503 τῷ
2242 2432 2488 2504 Ἀϐραάμ
2508 2449 2522 2462 ο
2565 2432 2615 2485 οἱ
2659 2432 2715 2485 δὲ
2747 2432 2838 2484 δύο
2870 2431 3087 2500 ἄγγελοι
3120 2429 3358 2500 ἀπῆλθον
3390 2431 3467 2493 εἰς
3499 2429 3714 2499 Σόδομα

2133 2522 2265 2574 ὲσπέ
2273 2539 2388 2592 ρας.
2403 2541 2421 2572 ι
2438 2522 2547 2574 Καὶ
2556 2521 2633 2591 τῷ
2649 2521 2840 2575 Ἰακὼϐ
2857 2521 2942 2574 δὲ(
2965 2521 3296 2591 συνήντησαν
3313 2518 3528 2588 ἄγγελοι
3545 2517 3709 2573 Θεοῦ.

2133 2611 2242 2663 Καὶ
2277 2609 2400 2663 ἰδὼν
2463 2607 2602 2672 εἷπε,
2651 2609 2974 2682 Παρεμϐολὴ
3023 2609 3156 2663 Θεοῦ
3216 2608 3374 2676 αῦτη,
3426 2609 3521 2660 καὶ
3576 2607 3714 2661 ἐκά-

2131 2701 2254 2754 λεσε
2277 2701 2338 2756 τὸ
2365 2701 2534 2772 ὄνομα
2559 2701 2652 2754 τοῦ
2672 2700 3062 2754 τόπουίὲκείνου
3089 2700 3479 2769 Παρεμϐολαί.
3509 2718 3527 2750 ι
3550 2698 3716 2753 Οῦτω

2130 2794 2189 2848 δὲ
2215 2797 2245 2849 0
2271 2793 2521 2866 θεοφιλὴς
2545 2788 2602 2847 εὖ
2625 2793 2857 2864 διέκρινε
2877 2793 2974 2856 τὰς
2996 2793 3278 2856 ὀπτασίας,
3307 2791 3446 2845 ὥστε
3477 2791 3572 2844 νῦν
3609 2791 3716 2860 μὲν

2132 2885 2190 2938 τὸ
2222 2885 2390 2956 ὄνομα
2419 2886 2514 2938 τοῦ
2548 2886 2712 2937 τόπου
2739 2883 3084 2954 παρεμϐολὰς
3105 2883 3308 2946 καλεῖν,
3341 2879 3449 2934 ἀπὸ
3475 2880 3575 2950 τῆς
3600 2881 3718 2932 τῶν

2131 2978 2435 3048 ἀγγελικῶν
2465 2975 2824 3048 παρεμϐολῶν
2857 2975 3002 3038 θέας.
3023 2977 3150 3029 Ὅτε
3185 2975 3240 3028 δὲ
3271 2973 3346 3044 τῷ
3391 2972 3507 3042 Θεῷ
3539 2989 3720 3044 προσ-

2133 3037 2325 3143 ομιλεῖ,
2354 3037 2507 3124 καλεῖ
2521 3037 2580 3124 τὸ
2598 3037 2764 3140 ϐνομα
2783 3068 2876 3123 τοῦ
2901 3037 3063 3123 τόπου
3081 3064 3230 3132 Εἶδος
3244 3037 3400 3130 Θεοῦ,
3419 3037 3713 3134 ἐπιλέγων·

463 3176 660 3214 nomen
690 3161 814 3225 loci,
852 3160 1094 3230 Speciem
1123 3161 1236 3228 Dei,
1289 3161 1373 3216 his
1401 3163 1582 3218 verbis
1621 3183 1632 3217 :
1675 3182 1693 3215 ‹
1732 3163 1855 3218 Vidi
1885 3166 2029 3220 enim

2140 3133 2342 3220 (Εἶδον
2373 3164 2480 3239 γὰρ
2510 3164 2640 3217 Θεὸν
2669 3133 2957 3234 πρόσωπον
2991 3161 3126 3232 πρὸς
3155 3161 3461 3232 πρόσωπον.
3496 3177 3514 3210 ι
3549 3133 3716 3211 Ἀλλὰ

467 3255 633 3307 Deum
667 3253 806 3308 facie
829 3255 895 3307 ad
931 3253 1145 3309 faciem.
1181 3275 1198 3305 ι
1234 3254 1376 3320 Quin
1403 3264 1457 3310 et
1487 3256 1619 3311 Mosi
1670 3260 1889 3326 quoties
1939 3274 2033 3329 ap-

466 3353 619 3415 paret
633 3347 880 3416 angelus,
910 3345 1014 3400 hoc
1033 3347 1209 3417 ipsum
1225 3347 1406 3401 divina
1435 3345 1718 3419 Scriptura
1743 3349 2030 3420 signiﬁcat,

462 3439 655 3495 dicens
706 3459 719 3493 :
759 3439 922 3509 238
949 3457 968 3490 ι
997 3439 1264 3509 Apparuit
1306 3455 1434 3495 vero
1463 3441 1540 3494 illi
1567 3444 1791 3512 angelus
1819 3443 2032 3498 Domini

465 3530 521 3584 in
545 3529 760 3584 ﬂamma
790 3532 930 3602 ignis
960 3531 1080 3586 rubi
1100 3531 1168 3586 ⁵³.
1210 3552 1228 3584 ι
1257 3531 1482 3598 Quoties
1516 3549 1644 3590 vero
1674 3536 1721 3589 is
1746 3536 1837 3605 qui
1859 3536 1951 3605 jus
1979 3544 2034 3592 et

464 3630 788 3693 potestatem
820 3623 1003 3688 habet,
1038 3623 1156 3693 ipse
1189 3625 1380 3695 utique
1433 3626 1781 3680 oraculorum
1832 3635 1886 3682 et
1945 3644 2031 3684 re-

467 3731 794 3786 sponsorum
820 3723 1036 3779 auctor,
1067 3717 1144 3770 ita
1184 3717 1289 3771 hoc
1318 3717 1542 3788 planum
1574 3717 1727 3782 facit,
1771 3727 1830 3772 ut
1880 3720 2032 3774 illum

463 3817 520 3862 et
542 3807 828 3863 Dominum
856 3816 910 3863 et
937 3808 1129 3872 Deum,
1162 3825 1430 3880 nusquam
1479 3825 1608 3866 vero
1653 3812 1902 3881 angelum
1934 3829 2035 3867 no-

466 3899 657 3954 minet.
703 3897 883 3952 Simili
917 3899 1130 3955 ratione
1180 3901 1344 3955 etiam
1380 3900 1437 3954 in
1471 3901 1609 3956 mari
1653 3901 1840 3957 Rubro
1871 3903 2032 3972 plane

467 3989 716 4059 angelum
748 3989 1146 4060 Dominumque
1162 3990 1466 4061 distinguit,
1492 3992 1584 4046 ubi
1616 3993 1691 4046 ait
1725 4013 1736 4047 :
1776 4013 1794 4046 ι
1838 3993 2033 4049 Sustu—

469 4080 637 4148 litque
667 4093 726 4134 se
759 4079 982 4148 angelus
1011 4077 1108 4133 Dei
1134 4079 1225 4149 qui
1257 4079 1569 4135 ambulabat
1599 4087 1727 4136 ante
1756 4090 1936 4136 castra
1967 4083 2031 4135 ii-

467 4173 668 4226 liorum
698 4171 890 4234 Israel,
937 4181 990 4226 et
1021 4171 1155 4226 abiit
1203 4179 1324 4241 post
1354 4187 1468 4227 eos.
1501 4171 1736 4226 Sustulit
1766 4182 1945 4228 autem
1974 4189 2032 4228 se

468 4265 632 4320 etiam
665 4265 920 4319 columna
950 4264 1111 4319 nubis
1141 4279 1170 4318 a
1205 4265 1345 4320 facie
1375 4281 1566 4320 eorum
1593 4266 1658 4319 °°.
1705 4287 1724 4318 ι
1761 4265 2033 4331 Quemad-

468 4355 690 4411 modum
739 4355 795 4409 in
829 4357 1202 4426 superioribus
1244 4355 1508 4413 Dominus
1568 4356 1740 4411 forma
1795 4359 2030 4415 hominis

465 4448 803 4518 respondens
847 4447 1086 4517 antiquis
1137 4449 1448 4512 inducitur,
1503 4451 1582 4504 sic
1622 4450 1726 4504 hoc
1771 4451 1890 4505 loco
1935 4467 2030 4521 per
2061 4490 2111 4551 Β

465 4541 704 4596 nubem:
737 4541 919 4610 itaque
949 4540 1206 4610 deinceps
1235 4542 1400 4594 verba
1449 4541 1528 4596 sic
1556 4542 1758 4596 habent
1793 4561 1804 4596 :
1855 4561 1873 4592 ‹
1929 4542 2032 4596 Fa-

467 4639 617 4688 ctum
647 4640 731 4688 est
756 4641 935 4686 autem
963 4635 1018 4686 in
1040 4633 1224 4702 vigilia
1256 4632 1545 4699 matutina,
1579 4641 1633 4688 et
1662 4635 1901 4704 respexit
1925 4634 2032 4688 Do-

469 4724 652 4778 minus
683 4724 740 4777 in
775 4731 958 4778 castra
987 4722 1367 4794 IEgyptiorum
1397 4723 1452 4777 in
1486 4725 1741 4778 columna
1766 4727 1946 4793 nubis,
1978 4735 2033 4781 et

467 4829 564 4884 per
616 4822 786 4869 totam
821 4813 1024 4869 deserti
1073 4815 1348 4884 regionem
1401 4815 1458 4868 in
1508 4817 1762 4869 columna
1807 4833 1900 4886 per
1929 4833 2035 4871 nu-

467 4907 592 4962 bem
623 4907 690 4971 ⁶¹,
725 4926 744 4958 ι
787 4906 931 4962 Deus
968 4905 1102 4961 Mosi
1143 4907 1457 4977 respondet.
1487 4906 1656 4964 Plane
1702 4909 1867 4980 igitur
1897 4927 2034 4980 quo-

468 5001 570 5055 ties
593 4999 769 5068 angeli
801 5008 1052 5052 naturam
1083 4999 1259 5053 oratio
1310 4999 1617 5071 signiﬁcare
1670 5003 1806 5066 vult,
1855 5019 2031 5074 neque

469 5089 659 5150 Deum.
703 5105 879 5159 neque
930 5087 1242 5155 Dominum,
1275 5092 1368 5146 sed
1397 5092 1602 5163 absque
1639 5095 1746 5148 ulla
1779 5095 2030 5150 obscuri-

470 5187 579 5232 tate
625 5181 873 5250 angelum
910 5178 1198 5234 nominat:
1245 5180 1457 5248 quoties
1498 5197 1628 5236 vero
1662 5181 1948 5236 Dominum
1978 5191 2032 5236 et

473 5273 662 5336 Deum,
691 5291 816 5328 eum
845 5272 938 5344 qui
977 5283 1206 5345 apparet
1237 5274 1509 5344 intelligit,
1567 5275 1653 5328 his
1685 5275 1820 5343 ipsis
1853 5275 2033 5342 palam

473 5365 643 5418 utitur
699 5366 1091 5422 Iocutionibus.
1153 5367 1310 5432 Quod
1346 5381 1476 5422 vero
1508 5365 1795 5420 Dominum
1836 5365 2035 5419 Deum-

471 5473 578 5528 que
608 5473 713 5511 non
741 5473 862 5512 eum
899 5459 1168 5528 signiticet
1191 5459 1280 5528 qui
1312 5466 1465 5528 pater
1489 5466 1592 5523 est,
1626 5460 1756 5528 ipsa:
1789 5457 2037 5527 Scriptu-

568 5712 610 5742 "
645 5709 776 5766 Gen.
811 5725 964 5770 xvnl.
1000 5710 1093 5778 53;
1135 5723 1248 5774 xix,
1287 5708 1334 5762 l.
1442 5707 1487 5739 “
1517 5704 1650 5760 Gen.
1695 5721 1866 5771 χχιιι,
1901 5703 1951 5768 l,
1990 5700 2044 5756 9..

2135 3259 2228 3312 καὶ
2267 3258 2343 3328 τῷ
2379 3257 2586 3322 Μωσεῖ,
2627 3258 2702 3310 ὅτ’
2729 3258 2956 3326 ἄγγελος
2995 3255 3356 3324 ἐπιφαίνεται,
3400 3253 3545 3306 τοῦτ’
3578 3253 3716 3306 αὐτὸ

2135 3352 2226 3403 καὶ
2254 3351 2286 3421 ἡ
2309 3350 2427 3402 θεία
2456 3349 2642 3420 Γραφὴ
2668 3350 2938 3420 σημαίνει,
2969 3348 3197 3417 λέγουσα
3222 3363 3233 3376 ·
3259 3367 3276 3398 ι
3308 3345 3482 3418 Ὠφθη
3516 3345 3574 3398 δὲ
3605 3347 3714 3414 ἀγ·-

2133 3443 2285 3512 γελος
2329 3443 2533 3513 Κυρίου
2574 3441 2721 3512 αὐτῷ
2764 3445 2821 3496 ὲν
2858 3442 3015 3511 φλογὶ
3047 3441 3216 3511 πυρὸς
3246 3439 3427 3509 βάτου.
3463 3439 3624 3491 »Ὅτε
3653 3439 3716 3493 δὲ

2133 3535 2222 3588 τὸν
2249 3534 2529 3606 αὐθέντην,
2561 3535 2719 3586 αὐτὸν
2748 3534 2810 3604 δὴ
2835 3533 2924 3586 τὸν
2954 3533 3354 3604 χρηματίζοντα
3383 3531 3550 3602 δηλοῖ,
3575 3530 3713 3584 Θεὸν

2134 3627 2227 3679 καὶ
2259 3626 2482 3698 Κύριον,
2522 3624 2657 3678 ἀλλὰ
2701 3624 2882 3677 οὐκέτι
2925 3624 3151 3693 ἄγγελον
3183 3621 3454 3694 ὀνομάζει.
3473 3623 3710 3693 Ὁμοίως

2135 3719 2226 3771 καὶ
2274 3718 2366 3770 ἐπὶ
2414 3718 2510 3788 τῆς
2548 3715 2812 3787 Ἐρυθρᾶς
2841 3715 3112 3786 θαλάσσης
3148 3712 3369 3784 διορίζει
3405 3715 3592 3783 σαφῶς
3615 3715 3710 3766 τὸν

2133 3809 2357 3879 ἄγγελον
2382 3810 2472 3862 καὶ
2504 3809 2594 3862 τὸν
2630 3809 2852 3878 Κύριον,
2885 3807 2952 3859 δι’
2978 3800 3051 3860 ὧν
3093 3823 3256 3878 φησιν
3275 3824 3289 3837 ·
3327 3825 3345 3858 ‹
3371 3806 3564 3877 Ἐξῆρέ
3591 3806 3648 3859 δὲ
3679 3809 3711 3860 0

2134 3901 2359 3970 ἄγγελος
2388 3902 2480 3954 τοῦ
2514 3899 2647 3953 Θευῦ
2677 3903 2704 3953 0
2735 3899 3200 3972 προπορευόμενος
3222 3899 3320 3968 τῆς
3353 3898 3710 3969 παρεμϐολῆς

2132 3995 2238 4047 τῶν
2271 3994 2401 4046 υἱῶν
2433 3993 2667 4066 Ἰσραὴλ,
2705 3993 2798 4045 καὶ
2829 3991 3100 4062 ἐπορεύθη
3134 3993 3198 4042 ὲκ
3223 3990 3330 4042 τῶν
3363 3990 3585 4043 δπισθεν
3619 3991 3711 4042 αὐ-

2132 4087 2259 4139 τῶν.
2279 4088 2466 4157 Ἐξῆρε
2493 4087 2547 4139 δὲ
2581 4088 2671 4139 καὶ
2699 4087 2726 4138 ὁ
2755 4085 2952 4148 στῦλος.
2977 4085 3076 4154 τῆς
3099 4082 3324 4153 νεφέλης
3353 4083 3460 4135 ἀπὸ
3487 4082 3709 4154 προσώ-

2135 4194 2236 4229 που
2274 4177 2470 4229 αὐτῶν,
2504 4177 2739 4245 »Ὥσπερ
2769 4175 2824 4227 δὲ
2848 4175 2939 4226 ἐπὶ
2966 4174 3073 4226 τῶν
3107 4173 3386 4244 προτέρων
3417 4175 3473 4225 ὲν
3504 4171 3712 4242 ἀνθρὼ-

2133 4286 2234 4322 που
2266 4271 2500 4339 σχήματι
2526 4269 2634 4330 τοῖς
2665 4267 2910 4328 παλαιοῖς
2942 4269 2969 4318 ὁ
2992 4265 3191 4336 Κύριος
3220 4265 3570 4336 χρηματίζων
3599 4267 3712 4318 εἰσ-

2131 4360 2315 4430 ἦκται,
2360 4359 2498 4412 οῦτω
2525 4361 2617 4412 καὶ
2645 4358 2875 4411 ἐνταῦθα
2912 4357 2997 4410 διὰ
3034 4356 3279 4426 νεφέλης.
3313 4358 3420 4409 Καὶ
3458 4357 3708 4412 λέλεκται

2133 4453 2260 4521 γοῦν
2307 4451 2462 4522 ἑξῆς·
2498 4471 2515 4502 ι
2539 4450 2798 4522 Ἐγενηθη
2839 4450 2894 4502 δὲ
2939 4451 2998 4502 ἐν
3037 4452 3101 4520 τῇ
3137 4448 3346 4519 φυλακῇ
3386 4451 3450 4518 τῇ
3482 4448 3705 4520 ὲωθινῇ,

2135 4546 2227 4598 καὶ
2275 4543 2536 4612 ἐπέϐλεψε
2585 4542 2784 4612 Κύριος
2822 4542 2900 4604 εἰς
2933 4543 3030 4614 τὴν
3077 4541 3422 4612 παρεμϐολὴν
3465 4542 3574 4594 τῶν
3608 4544 3704 4594 Αί-

2135 4639 2377 4706 γυπτίων
2411 4639 2465 4689 ὲν
2493 4635 2665 4706 στύλῳ
2709 4636 2878 4707 πυρὸς
2916 4637 3007 4687 καὶ
3048 4635 3293 4704 νεφέλης·
3341 4652 3358 4684 ι
3383 4634 3451 4686 δι’
3481 4634 3611 4703 ὅλης
3650 4633 3706 4686 δὲ

2134 4730 2235 4798 τῆς
2266 4731 2470 4801 ἐρήμου
2515 4731 2572 4782 ὲν
2604 4728 2776 4799 στύλῳ
2816 4729 2915 4799 τῆς
2944 4728 3170 4798 νεφέλης
3218 4731 3245 4780 0
3294 4727 3423 4790 Θεὸς
3459 4727 3540 4798 τῷ
3579 4729 3710 4781 Μω-

2139 4827 2221 4875 σεῖ
2247 4820 2616 4893 χρηματίζων.
2656 4821 2920 4892 Ἀκριϐῶς
2954 4821 3060 4892 ἄρα
3087 4821 3174 4872 ὅτε
3211 4818 3306 4889 μὲν
3338 4818 3578 4886 ἀγγέλου
3606 4818 3710 4885 φύ-

2140 4934 2223 4970 σιν
2248 4918 2275 4969 ὀ
2300 4917 2454 4984 λόγος
2477 4915 2669 4985 δηλοῦν
2697 4914 2962 4984 βούλεται,
2999 4913 3250 4966 οὐδέποτε
3285 4911 3416 4964 Θεὸν
3440 4911 3565 4964 οὐδὲ
3594 4911 3708 4965 Κύ-

2139 5027 2273 5080 ριον,
2300 5009 2414 5062 ἀλλ’
2446 5006 2892 5070 ἀνεπικαλύπ-τως
2938 5005 3160 5075 ἄγγελον
3204 5001 3488 5075 ὀνομάζει·
3528 5003 3617 5055 ὅτε.
3648 5003 3706 5056 δὲ

2139 5102 2338 5173 Κύριον
2365 5103 2457 5154 καὶ
2488 5101 2618 5153 Θεὸν
2642 5097 2747 5152 οἶδε
2785 5100 2873 5152 τὸν
2896 5098 3327 5168 ἐπιφαινόμενον,
3359 5095 3582 5158 ταύταις
3610 5096 3705 5148 αὐ-

2135 5197 2255 5256 ταῖς
2288 5192 2471 5260 σαφῶς
2495 5196 2750 5264 κέχρηται
2781 5193 2897 5254 ταῖς
2926 5191 3275 5262 προσρήρεσι.
3302 5187 3502 5259 Κύριον
3530 5186 3586 5239 δὲ
3610 5187 3704 5238 καὶ

2137 5287 2266 5339 Θεὸν
2291 5287 2371 5338 ὅτι
2401 5285 2474 5355 μὴ
2503 5285 2591 5337 τὸν
2618 5287 2784 5338 αἴτιον
2807 5283 2972 5354 δηλοῖ,
2996 5281 3285 5353 προφανῶς
3307 5278 3585 5343 ἐπέδειξαν
3604 5279 3704 5349 τῆς

2139 5379 2288 5442 θείας
2317 5377 2538 5449 Γραφῆς
2583 5379 2636 5429 αἱ
2677 5376 2866 5440 λέξεις,
2900 5374 3122 5442 ἄγγελον
3150 5373 3281 5426 Θεοῦ
3313 5369 3703 5444 προσειποῦσαν.

2139 5471 2227 5523 τὸν
2252 5472 2341 5523 ἐπὶ
2358 5469 2451 5524 τοῦ
2480 5468 2673 5523 Ἰακὼϐ
2694 5468 2892 5536 Κύριον
2917 5467 3011 5519 καὶ
3036 5465 3167 5519 Θεὸν
3189 5462 3701 5536 προωνομασμένον.

2125 5701 2168 5734 ⁸⁸
2206 5698 2372 5752 Exod.
2413 5714 2494 5762 ιιι,
2525 5697 2580 5749 2.
2693 5692 2736 5724 “
2763 5691 2932 5746 Exod.
2966 5707 3075 5757 31v,
3109 5689 3194 5744 i9.
3281 5689 3329 5764 _"
3365 5685 3496 5741 ibid.
3538 5682 3636 5740 Ἃ.
