3902 6264
204 317 295 376 389
1081 319 1308 374 DEMON
1318 317 1728 407 ετιιιτιοΝιδ

1866 314 2220 372 ΑΝΟΕΙᾸΟᾹΖ
2261 315 2391 370 LIB.
2436 314 2501 370 ν.
3323 320 3428 376 390

203 436 450 491 Δείπεταί
474 453 558 500 τις
598 436 708 506 ἄρα
744 436 819 491 ὣν
850 438 906 490 ὲν
937 438 1049 501 τοῖς
1093 433 1210 490 οῦσι
1242 437 1373 501 Θεὸς
1421 437 1515 492 καὶ
1562 437 1759 508 Κύριος

1866 449 1936 489 ηε
1968 434 2166 489 divinae
2200 435 2506 491 locutiones
2534 435 2590 490 in
2625 434 2997 506 superioribus
3025 433 3430 490 evidentissima

205 529 328 599 μετά
369 528 461 582 τὸν
499 527 842 598 παμϐασιλὲα
885 529 977 582 καὶ
1015 529 1147 582 Θεὸν
1176 529 1282 582 τῶν
1306 530 1469 583 ὃλων·
1495 528 1579 600 εἴη
1609 528 1652 582 δ’
1681 529 1745 581 ἂν

1866 527 2160 591 ›ειειιι1ιιηι,
2210 527 2301 581 ubi
2350 529 2599 597 angelum
2652 527 2746 582 Dei
2792 528 3058 598 appellant
3109 544 3254 595 cum,
3305 529 3399 599 qul

202 615 341 684 οὗτος
371 623 399 674 6
429 621 538 691 πρὸ
562 619 772 675 αἰώνων
798 621 892 676 τοῦ
921 622 1052 676 Θεοῦ
1085 622 1272 691 Λόγος,
1313 623 1340 675 6
1369 620 1628 693 κρείττων
1653 620 1749 689 μὲν

1866 635 1980 674 cum
2009 619 2076 674 de
2102 617 2273 673 Jacob
2308 634 2490 674 sermo
2517 626 2685 683 esset,
2733 618 2996 675 Dominus
3037 631 3092 676 et
3146 620 3291 677 Deus
3341 626 3428 677 est

202 713 393 782 ῆπᾶσα
419 709 684 782 ἀγγελικὴ
710 709 888 780 φύσις,
922 712 1090 783 μείων
1123 712 1178 765 δὲ
1207 711 1239 782 ἢ
1272 710 1411 764 κατά
1446 708 1506 762 τὸ
1540 709 1752 780 πρῶτον

1867 713 2206 766 nominatus.
2245 710 2508 781 Superest
2535 712 2698 782 igitur
2732 720 2789 768 ut
2819 729 3146 783 quaeramus,
3171 713 3424 784 quisnam

204 806 384 858 αἴτιον.
1869 805 1962 871 sit,
2000 807 2054 860 in
2089 806 2157 860 iis
2182 821 2301 875 quae
2329 815 2473 868 sunt,
2511 804 2653 860 Deus
2695 817 2746 859 et
2783 805 3066 870 Dominus,
3113 813 3306 876 praeter
3330 819 3428 874 pa-

1869 907 2005 954 trem
2027 900 2296 962 omnium,
2320 907 2372 954 et
2394 914 2574 966 regem
2590 897 2866 968 Deumque
2883 901 3122 956 universi
3150 919 3164 956 :
3193 899 3297 956 erit
3320 914 3423 954 au-

199 998 293 1046 tem
318 991 406 1046 hic
441 990 678 1048 Verbum
707 991 800 1049 Dei
825 994 969 1064 quod
995 1000 1079 1049 est
1116 1001 1242 1048 ante
1275 992 1496 1058 saecula,
1532 991 1782 1062 superior
1813 995 2036 1066 quidem
2061 997 2210 1050 omni
2232 995 2474 1066 angelica
2504 999 2716 1058 natura,
2745 993 3022 1063 profectus
3065 1002 3241 1049 autem
3266 993 3334 1047 ab
3359 1008 3426 1047 eo

196 1089 276 1158 qui
300 1096 452 1158 pater
489 1100 595 1149 est.

707 1162 1101 1215 ΚΕΦΑΛΔΙΟΝ
1141 1162 1238 1215 lB'.

2455 1167 2682 1226 CAPUT
2721 1168 2836 1223 XII.

205 1248 288 1317 Ὦς
311 1246 482 1317 αὖθις
511 1253 612 1306 ἐπὶ
656 1254 759 1335 τοῦ
786 1254 981 1307 Ἰακὼϐ
1001 1254 1275 1335 ξεύτερον
1317 1253 1463 1306 Θεὸν
1493 1253 1698 1322 σαφῶς
1727 1253 1758 1304 ὀ

1871 1265 2023 1333 Quod
2062 1283 2245 1320 rursus
2291 1267 2345 1318 in
2394 1260 2560 1317 Jacob
2614 1263 2842 1335 genitum
2882 1261 3077 1327 Deum,
3124 1264 3278 1330 plane
3311 1268 3424 1335 ipsa

668 1326 848 1392 λόγος
871 1325 1263 1391 παρίστησιν.

1875 1325 1911 1333 ’ν
2377 1336 2546 1387 oratio
2573 1325 2683 1402 pra:
2718 1349 2772 1386 se
2807 1333 2927 1401 fert.

257 1430 275 1463 ι
296 1407 427 1465 Εἶπε
456 1413 512 1466 δὲ
551 1413 578 1466 6
601 1415 732 1479 Θεὸς
763 1415 970 1468 Ἰακώϐ·
1003 1415 1272 1478 Ἀναστὰς
1300 1413 1529 1485 ἀνάϐηθι
1567 1414 1646 1475 εἰς
1669 1411 1758 1463 τὸν

1945 1442 1964 1473 ι
2003 1421 2147 1477 Dixit
2177 1429 2358 1476 autem
2381 1420 2524 1476 Deus
2555 1421 2621 1474 ad
2654 1419 2822 1474 Jacob
2859 1440 2870 1473 :
2905 1419 3076 1492 Surge
3106 1430 3160 1477 et
3193 1423 3428 1481 ascende

193 1504 338 1556 τόπον
376 1504 606 1576 autem,
641 1509 733 1562 καὶ
763 1508 897 1562 οἴκει
931 1511 1061 1571 ἐκεῖ,
1097 1509 1190 1561 καὶ
1221 1506 1444 1576 ποίησον
1466 1505 1759 1574 θυσιαστή-

1866 1514 1922 1568 in
1950 1514 2128 1568 locum
2157 1513 2362 1580 Bethel,
2394 1519 2448 1568 et
2487 1513 2669 1567 habita
2699 1512 2832 1577 illic,
2877 1513 3045 1568 ct'fac
3107 1515 3275 1570 altare
3321 1515 3430 1571 Deo

196 1608 294 1662 ριον
320 1594 394 1663 τῷ
430 1594 580 1665 Θεῷ,
608 1595 686 1665 τῷ
712 1595 928 1664 ὀφθέντι
961 1613 1041 1649 σοι
1073 1598 1128 1648 ὲν
1156 1596 1233 1665 τῷ
1260 1594 1672 1666 ἀποδιδράσκειν
1704 1609 1759 1645 σε

1867 1604 1961 1674 qui
1990 1606 2088 1658 tibi
2121 1606 2390 1674 apparuit,
2417 1619 2540 1658 cum
2582 1604 2796 1674 fugeres
2822 1617 2852 1656 a
2894 1602 3030 1658 facie
3072 1603 3213 1658 Esau
3243 1604 3429 1662 fratris

192 1684 282 1736 ἀπὸ
337 1686 636 1756 προσώπου
717 1689 889 1742 Ἠσαῦ
948 1689 1043 1743 τοῦ
1090 1687 1314 1756 ἀδελφοῦ
1366 1704 1478 1740 σου.
1533 1682 1666 1739 Eine
1704 1684 1759 1738 δὲ

1868 1695 1966 1750 tui.
2005 1694 2070 1748 Et
2096 1695 2234 1749 dixit
2257 1693 2426 1748 Jacob
2450 1693 2636 1748 domui
2667 1709 2797 1756 suae,
2828 1694 3149 1749 etomnibus
3181 1696 3272 1765 qui
3302 1711 3426 1750 cum

205 1773 380 1828 Ἰακὼϐ
431 1777 519 1847 τῷ
567 1778 699 1848 οἴκῳ
747 1779 913 1833 αὑτοῦ
961 1781 1056 1833 καὶ
1100 1781 1230 1832 πᾶσι
1262 1781 1374 1841 τοῖς
1408 1778 1526 1848 μεθ’
1558 1777 1721 1829 αὑτοῦ
1746 1794 1758 1808 ο

1867 1786 1986 1858 ipso
2013 1795 2170 1841 erant
2203 1805 2215 1840 :
2241 1786 2437 1840 Tollite
2460 1785 2592 1840 deos
2633 1785 2840 1839 alienos
2863 1784 2929 1839 de
2951 1785 3126 1840 medio
3154 1788 3344 1852 vestri,
3374 1795 3430 1843 et

194 1871 376 1939 Ἀρατε
406 1871 554 1934 ,τοὺς
587 1870 741 1936 θεοὺς
784 1874 906 1936 τοῦς
941 1873 1247 1944 ἀλλοτρίους
1292 1872 1356 1923 ἐκ
1388 1870 1549 1939 μέσου
1581 1869 1754 1940 ὑμῶν,

1866 1879 2192 1949 purgamini,
2223 1885 2278 1932 et
2299 1885 2504 1932 mutate
2525 1877 2742 1931 habitus
2773 1883 3004 1941 vestros,
3026 1884 3080 1930 et
3111 1893 3424 1948 surgamus,

192 1958 271 2010 καὶ
295 1956 694 2030 καθαρίσασθε,
725 1961 815 2014 καὶ
846 1960 1106 2027 ἀλλάξαι-ε
1131 1960 1230 2022 τὰς
1253 1959 1444 2022 στολάς
1466 1958 1640 2028 ὑμῶν,
1661 1959 1759 2011 καὶ

1867 1971 2337 2040 ascendamusque
2368 1970 2424 2024 in
2452 1968 2642 2023 Betbel
2679 1987 2690 2022 :
2727 1975 2781 2022 et
2807 1967 3069 2024 faciamus
3109 1969 3272 2039 239
3316 1970 3428 2024 illic

189 2052 508 2114 ἀναστάντες
555 2051 840 2125 ἀναδῶμεν
885 2056 965 2117 είς
1015 2051 1590 2124 Βαιθήλσποιήσωμεν
1640 2053 1761 2103 ἐκεῖ

193 2144 567 2216 θυσιαστήριον
597 2145 673 2216 τῷ
701 2146 908 2218 Κυρίῳ,
937 2144 1298 2198 ὲπακούσαντί
1342 2161 1442 2215 μου
1489 2145 1546 2196 ἐν
1578 2143 1760 2214 ἡμέρᾳ

193 2238 431 2307 θλίψεως,
467 2238 527 2302 ὃς
557 2233 625 2309 ἦν
664 2241 779 2310 μετ’
809 2238 961 2309 ἐμοῦ,
997 2239 1088 2290 καὶ
1118 2236 1287 2290 ἔσωσέ
1321 2254 1386 2306 με
1413 2238 1469 2288 ὲν
1497 2238 1561 2306 τῇ
1588 2235 1694 2305 ὁδῷ

198 2329 515 2401 ἐπορεύθην.
543 2351 562 2381 ›
582 2329 842 2382 Ἐνταῦθα
865 2333 893 2383 6
920 2327 1051 2393 Θεὸς
1075 2328 1234 2392 αὐτὸς
1257 2329 1288 2380 6
1309 2327 1418 2381 τῶν
1442 2327 1599 2390 ὅλων,
1621 2329 1648 2379 6
1674 2326 1762 2395 μό⁴

195 2438 269 2484 νος
284 2421 591 2491 ἀγέννητος
625 2422 717 2475 καὶ
747 2421 1003 2474 ἀνωτάτω
1036 2421 1387 2483 πάντων,οὐκ
1406 2417 1760 2487 όφθεὶς,ἀλλά

191 2513 282 2585 γὰρ
312 2515 568 2584 ἀοράτως
604 2513 945 2585 χρηματίσας
969 2512 1046 2584 τῷ
1077 2511 1290 2577 Ἰακὼϐ,
1325 2513 1550 2582 δυνάμει
1577 2527 1636 2564 τε
1669 2511 1760 2581 ἀρ-

192 2607 321 2677 ρήτῳ
347 2605 520 2659 αὐτὸν
548 2607 896 2678 ἀνακινήσας,
932 2606 1061 2678 περὶ
1094 2605 1280 2676 ἐτέρου
1314 2605 1498 2674 σαφῶς
1529 2605 1758 2656 ποιεῖται

191 2698 268 2752 τὸν
296 2698 481 2767 λόγον.
513 2694 647 2750 Eius
671 2698 798 2766 γοῦν
824 2701 852 2751 6
879 2697 1011 2762 Θεὸς
1040 2695 1188 2766 αὐτῷ
1207 2713 1220 2726 ο
1259 2714 1278 2746 ι
1310 2696 1540 2765 Ποίησον
1573 2693 1760 2747 θυσια-

192 2791 388 2862 στήριον
419 2789 505 2859 τῷ
536 2788 653 2859 Θεῷ
681 2788 758 2859 τῷ
781 2789 996 2859 ὀφθέντι
1034 2805 1136 2842 σοι.
1163 2787 1284 2850 »Τίς
1303 2788 1348 2840 δ’
1367 2783 1434 2860 ἦν
1457 2789 1486 2839 6
1515 2801 1759 2856 προγρα-

190 2879 294 2944 φεὶς
342 2872 531 2946 ὦφθαι
582 2877 750 2948 αὐτῷ,
785 2877 986 2948 ἀρτίως
1019 2878 1460 2948 παρεστήσαμεν,
1501 2875 1590 2927 τὸν
1627 2873 1758 2927 Θεὸν

191 2970 342 3036 Λόγον
366 2965 516 3023 εἶναι
540 2968 946 3031 ἀποδείξαντες.

709 3081 1102 3138 ΚΕΦΑΔΑΙυΝ
1126 3080 1224 3134 ll".

200 3199 316 3254 Ἀπὸ
335 3199 454 3266 τῆς
501 3197 765 3263 Ἐξόδου.
791 3227 862 3240 --
897 3197 989 3261 Ὠς
1012 3193 1175 3266 όᾲὲπί
1195 3192 1435 3266 πάκτων
1459 3192 1757 3266 Θεὸς-,μύ-

250 3269 344 3336 τός
389 3259 477 3322 ὣῗν
510 3273 541 3322 ό
581 3259 653 3321 δι’
702 3259 976 3336 ἀγγέλού
1003 3264 1084 3329 τῷ
1126 3259 1753 3336 Μωσεῖ-χρηματίζίιξνρ

250 3331 440 3408 ὦφθαι
487 3339 609 3402 τοῖς
638 3331 962 3408 πατράσιν,
998 3333 1196 3388 οὐκέτι
1231 3333 1303 3386 δι’
1331 3332 1606 3402 ἀγγέλου,
1661 3331 1758 3384 διὰ

251 3407 312 3462 δὲ
332 3409 451 3464 τοῦ
473 3409 608 3462 Υὶοῦ
621 3407 912 3461 διδάσκει.

255 3543 272 3571 ι
293 3524 409 3576 Καὶ
435 3515 640 3592 Μωσῆς
674 3515 742 3591 ἦν
762 3518 1062 3589 ποιμαίνων
1093 3517 1161 3570 τὰ
1184 3514 1431 3584 πρόϐατα
1447 3511 1645 3584 Ἰωθὼρ
1663 3511 1756 3565 τοῦ

191 3613 432 3688 γαμϐροῦ
463 3611 626 3667 αὑτοῦ
645 3631 658 3644 ·
696 3613 788 3666 καὶ
835 3607 996 3683 ἦλθεν
1021 3612 1099 3673 είς
1125 3608 1183 3661 τὸ
1207 3607 1330 3678 ὅρος
1353 3607 1414 3659 τὸ
1444 3607 1500 3657 ὲν
1531 3604 1754 3675 Χωρὴϐ.

193 3709 358 3780 Ὠφθη
390 3704 448 3762 δὲ
481 3705 627 3776 αὺτῷ
675 3703 903 3773 ἄγγελος
941 3701 1147 3773 Κυρίου
1174 3702 1230 3752 ὲν
1254 3698 1386 3769 πυρὶ
1421 3697 1614 3767 φλογὸς
1662 3695 1758 3766 βά-

192 3817 293 3856 του.
335 3821 356 3853 ι
399 3800 512 3853 Καὶ
541 3797 659 3869 μεθ’
691 3797 884 3866 ἓτεραο
928 3813 948 3846 ι
985 3795 1070 3855 Ὠς
1100 3791 1156 3844 δὲ
1199 3786 1355 3855 εἶδεν,
1383 3790 1465 3842 ὅτι
1499 3789 1759 3859 προσάγει

195 3891 329 3956 ἰδεῖν,
386 3891 643 3944 ἐκάλεσεν
696 3888 854 3940 αὑτὸν
890 3888 954 3940 ὲκ
1006 3883 1168 3956 μέσου
1220 3881 1320 3950 τῆς
1354 3880 1513 3950 βάτου
1551 3878 1756 3946 λέγων·

194 3984 379 4054 Missi},
421 3982 615 4051 Μωσῆ,
651 3980 727 4052 μὴ
770 3977 993 4049 ὲγγίσῃς
1042 3967 1162 4028 ὧδε.
1197 3971 1368 4026 Λῦσαι
1399 3971 1460 4022 τὸ
1511 3968 1760 4038 ὑπόδημα

196 4074 360 4127 ποδῶν
410 4090 534 4126 σου·
563 4075 592 4127 ό
627 4071 734 4142 γὰρ
761 4070 922 4132 τόπος
947 4070 1004 4120 ὲν
1035 4058 1080 4133 ᾧ
1111 4067 1172 4118 σὺ
1206 4065 1461 4133 ἕστηκας,
1510 4063 1581 4131 γῆ
1631 4061 1760 4128 ἀγία

197 4165 319 4220 ἔστί.
365 4185 384 4217 ι
412 4166 524 4218 Καὶ
551 4165 669 4234 μετ’
698 4163 854 4231 ὀλίγα
875 4178 888 4190 ·
925 4179 943 4212 ι
978 4161 1087 4212 Καὶ
1116 4154 1234 4211 εἷπε
1269 4155 1468 4226 Κύριος
1495 4153 1628 4225 πρὸς
1662 4153 1759 4205 αὐ-

197 4256 308 4308 τόν’
367 4253 512 4323 Ἐγώ
559 4255 674 4322 είμι
716 4253 743 4306 ό
817 4249 912 4304 ὢν.
962 4268 980 4301 ι
1031 4247 1142 4300 Καὶ
1196 4241 1384 4308 αὖθιςο
1431 4261 1450 4294 ‹
1504 4242 1759 4311 Ἐλάλησε

199 4346 392 4419 Κύριος
440 4343 580 4411 πρὸς
615 4341 841 4411 Μωσῆν,
888 4341 982 4394 καὶ
1029 4333 1147 4391 εἷπε
1197 4336 1333 4407 πρὸς
1371 4333 1561 4388 αὐτόν’
1623 4330 1760 4400 Ἐγὼ

200 4438 392 4512 Κύριος
413 4435 604 4505 ὤφθην
625 4433 760 4504 πρός
791 4430 1058 4504 Ἁϐραάμ,
1084 4429 1176 4482 καὶ
1201 4427 1402 4490 Ἰσαὰκ,
1432 4421 1523 4480 καὶ
1551 4423 1758 4487 Ἰακὼϐ,
1792 4469 1836 4526 D

201 4529 321 4592 Θεὸς
341 4530 416 4582 ὢν
438 4527 637 4592 αὐτῶν,
663 4525 754 4578 καὶ
775 4522 836 4576 τὸ
858 4523 1028 4594 ὄνομά
1047 4538 1148 4593 μου
1171 4521 1268 4573 οὐκ
1287 4518 1530 4590 ἐδήλωσα
1559 4517 1758 4579 αὐτοῖς,

201 4624 286 4674 καί
307 4622 513 4692 ἔστησα
542 4618 639 4688 τὴν
671 4615 930 4686 διαθήκην
967 4631 1069 4684 μου
1104 4611 1240 4682 πρὸς
1261 4608 1472 4672 αὐτούς.
1508 4628 1525 4659 ι
1559 4608 1766 4676 Ὠσπερ

202 4713 285 4765 ἐπὶ
306 4713 413 4766 τῶν
447 4714 508 4764 ἐν
539 4705 845 4778 ἀνθρώποις
885 4705 1198 4779 προφητῶν,
1238 4701 1479 4763 Ἡσαΐου,
1525 4699 1654 4770 φέρε
1690 4700 1765 4751 εἰ-

204 4807 332 4868 πεῖν,
361 4803 455 4857 καὶ
514 4801 795 4872 Ἱερεμίου,
837 4799 930 4852 καὶ
965 4797 1073 4850 τῶν
1103 4793 1525 4866 παραπλησίων,
1561 4790 1765 4861 άνθρω·

203 4911 294 4958 πος
327 4895 425 4965 μὲν
458 4889 527 4964 ἦν
558 4892 619 4945 τὸ
668 4889 962 4962 ὁρώμενον,
996 4887 1126 4950 Θεὸς
1166 4887 1222 4938 δὲ
1265 4888 1294 4938 ὁ
1329 4883 1416 4937 διά
1452 4881 1545 4935 τοῦ
1579 4895 1762 4950 φαινο-

207 4985 376 5054 μένου,
419 4983 571 5036 ὠσάν
624 4981 690 5034 δι’
735 4981 966 5052 ὀργάνου
1027 4975 1291 5040 θεσπίζων
1316 4992 1329 5005 ’
1372 4973 1465 5026 καὶ
1505 4971 1622 5024 τοτὲ
1663 4971 1760 5042 μὲν

205 5075 426 5148 Χριστοῦ
493 5075 813 5146 πρόσωπον,
883 5071 1006 5125 τοτὲ
1069 5067 1125 5122 δὲ
1185 5065 1500 5137 Πνεῦματπ
1569 5062 1758 5132 ἀγίου,

205 5169 314 5221 τοτὲ
352 5169 410 5223 δὲ
455 5167 548 5221 τοῦ
605 5166 700 5220 ἐπὶ
759 5164 972 5219 πάντων
1025 5159 1160 5215 Θεοῦ
1211 5154 1299 5229 ἦν,
1353 5157 1441 5210 διὰ
1497 5151 1590 5209 τοῦ
1630 5169 1761 5225 προ-

207 5259 360 5328 φήτου
409 5255 777 5330 χρηματίζον·
842 5254 983 5308 οὕτω
1044 5251 1108 5324 δὴ
1145 5250 1238 5305 καὶ
1283 5248 1376 5302 νῦν
1420 5243 1760 5316 εἰσαγομένῳ

203 5350 272 5421 τῷ
305 5351 499 5406 Μωσεῖ
539 5353 568 5404 ό
626 5349 883 5404 ἀνωτάτω
944 5345 1040 5400 καὶ
1094 5345 1187 5397 ἐπὶ
1239 5343 1453 5397 πάντων
1493 5338 1624 5402 Θεὸς
1673 5335 1761 5389 διά

205 5442 285 5494 τοῦ
341 5441 598 5513 φανέντος
654 5441 886 5510 ἀγγέλου
953 5437 1023 5492 τὰ
1086 5434 1420 5507 προκείμενα
1481 5427 1755 5492 θεσπίζει·

208 5524 273 5584 ὧν
309 5534 518 5602 γένοιτο
559 5532 626 5587 ἂν
655 5534 684 5586 6
728 5530 853 5595 νοῦς
893 5527 1130 5583 τοιόσδε⁸
1177 5525 1267 5578 Σοὶ
1303 5523 1420 5593 μὲν,
1454 5513 1499 5574 ὦ
1550 5519 1761 5592 προφῆ-

209 5639 284 5688 τα,
326 5625 474 5680 ὠσάν
528 5622 864 5695 εἰσαγομένῳ
905 5622 996 5675 καὶ
1047 5617 1207 5690 μηδὲν
1250 5613 1410 5668 πλέον
1466 5609 1760 5681 ἀγγελικῆς

295 5747 336 5780 ⁸⁸
362 5745 495 5804 Gen.
536 5763 703 5812 xxxv,
734 5744 847 5800 1-5.
948 5739 990 5774 ⁸³
1021 5737 1188 5795 Exod.
1222 5754 1304 5804 ιιι,
1340 5736 1386 5788 l.

1866 2063 2037 2117 altare
2068 2061 2319 2125 Domino,
2349 2061 2442 2132 qui
2474 2059 2750 2115 exaudivit
2784 2073 2870 2113 me
2898 2059 2952 2112 in
2995 2059 3082 2114 die
3123 2061 3430 2115 tribulatio-

1866 2155 1973 2218 nis,
1998 2155 2091 2224 qui
2121 2154 2223 2209 fuit
2250 2168 2485 2217 mecum,
2510 2159 2565 2206 et
2595 2152 2830 2207 servavit
2855 2167 2962 2214 me,
2994 2151 3048 2205 in
3073 2151 3158 2204 via
3182 2168 3289 2222 qua
3312 2167 3432 2222 pro-

1866 2245 2041 2302 fectus
2070 2262 2188 2300 sum
2215 2246 2281 2300 “.
2323 2265 2341 2298 ι
2374 2244 2487 2299 Hoc
2519 2245 2642 2298 loco
2695 2242 2839 2298 Deus
2886 2244 3001 2312 ipse
3045 2243 3304 2310 universi,
3335 2245 3428 2314 qui

1868 2339 2038 2398 solus,
2077 2353 2250 2408 neque
2282 2337 2479 2400 factus,
2529 2353 2703 2408 neque
2735 2337 2970 2407 genitus,
3028 2342 3080 2390 et
3141 2350 3430 2405 supremus

1867 2430 2112 2485 omnium
2147 2439 2248 2492 est,
2291 2445 2400 2483 non
2429 2429 2600 2493 visus,
2653 2429 2746 2484 sed
2786 2427 3136 2482 invisibiliter
3171 2427 3308 2480 dans
3344 2441 3430 2481 re-

1865 2537 2064 2592 sponsa
2095 2522 2196 2591 ipsi
2220 2520 2411 2583 Jacob,
2445 2530 2498 2576 et
2528 2522 2731 2575 virtute
2759 2519 3015 2574 ineffabili
3045 2519 3283 2588 seipsum
3310 2533 3430 2573 mo-

1866 2630 2018 2679 vens,
2045 2614 2111 2668 de
2150 2614 2255 2668 alio
2293 2615 2453 2667 verba
2488 2612 2615 2668 facit
2646 2613 2980 2682 planissime.
3021 2611 3162 2664 Dixit
3191 2626 3321 2681 ergo
3349 2611 3428 2664 illi

1865 2707 2009 2762 Deus
2042 2726 2054 2760 :
2101 2725 2119 2758 ‹
2158 2705 2266 2761 Fac
2299 2708 2470 2761 altare
2501 2706 2612 2761 Deo
2653 2707 2745 2775 qui
2775 2705 3030 2776 apparuit
3056 2705 3172 2758 tibi.
3233 2723 3252 2756 ι
3295 2702 3429 2769 Quis

1867 2806 2046 2853 autem
2080 2798 2169 2852 hic
2200 2798 2291 2861 sit,
2320 2799 2411 2868 qui
2439 2799 2678 2866 scriptus
2707 2807 2789 2851 est
2827 2811 2992 2866 supra
3038 2795 3115 2849 illi
3148 2795 3432 2865 apparuis-

1867 2903 1945 2952 se,
1975 2889 2136 2958 paulo
2169 2897 2296 2942 ante
2320 2888 2695 2958 exposuimus,
2730 2887 2821 2940 ubi
2847 2885 3014 2940 Deum
3043 2882 3279 2938 Verbum
3309 2897 3432 2938 esse

1865 2979 2382 3035 demonstravimus.

2441 3066 2670 3124 CAPUT
2708 3065 2847 3124 Xlli.

1856 3184 1935 3238 Ab
1976 3183 2180 3238 Exodo.
2215 3217 2283 3225 —
2311 3183 2460 3250 Quod
2511 3185 2648 3236 Deus
2684 3181 2866 3246 Pater,
2897 3198 3012 3235 cum
3050 3179 3186 3234 Mosi
3220 3196 3432 3249 respon-

1926 3254 2060 3307 ἀει-ιι
2108 3271 2196 3322 per
2242 3255 2478 3322 angelum
2543 3271 2596 3306 se
2667 3253 2905 3322 patrihus
2955 3252 3289 3320 apparuisse,
3328 3267 3432 3305 non

1926 3320 2151 3393 amplius
2185 3341 2276 3393 per
2304 3320 2561 3395 angelum,
2587 3322 2675 3376 sed
2697 3338 2787 3390 per
2815 3320 3014 3375 Filium
3034 3323 3200 3377 docet.

1934 3522 1953 3554 ι
1998 3502 2065 3556 Ει
2093 3501 2271 3558 Moses
2296 3511 2414 3556 erat
2443 3516 2674 3572 pascens
2700 3515 2828 3555 oves
2852 3499 3045 3554 Jothor
3084 3499 3256 3554 soceri
3296 3497 3383 3553 sui
3409 3516 3426 3554 :

1856 3601 1912 3649 et
1939 3594 2086 3649 venit
2108 3595 2174 3648 ad
2212 3602 2449 3648 montem
2481 3591 2573 3646 Dei
2617 3593 2670 3646 in
2709 3591 2940 3646 Choreb.
2972 3590 3038 3642 Et
3097 3588 3344 3658 apparuit
3377 3588 3431 3643 ei

1860 3688 2083 3758 angelus
2112 3685 2324 3739 Domini
2354 3684 2408 3738 in
2454 3682 2670 3736 ﬂamma
2701 3675 2842 3750 ignis
2890 3680 3013 3734 rubi
3043 3679 3107 3731 ⁸⁸.
3155 3697 3173 3730 ›
3209 3677 3275 3730 Ει
3305 3684 3431 3748 post

1861 3780 2002 3833 alia:
2041 3796 2061 3828 ‹
2100 3774 2166 3830 Et
2195 3785 2253 3830 ut
2297 3774 2432 3828 vidit
2479 3773 2622 3843 quod
2654 3771 2936 3826 accederet
2982 3771 3050 3824 ad
3098 3769 3383 3824 videndum
3409 3807 3425 3831 ,

1859 3869 2072 3924 vocavit
2106 3868 2258 3921 illum
2289 3866 2357 3920 de
2391 3865 2568 3920 medio
2616 3863 2737 3917 rubi
2793 3861 2985 3917 dicens
3017 3879 3031 3915 :
3066 3859 3243 3916 Moses
3268 3899 3281 3922 ,
3315 3859 3430 3913 Mo-

1861 3977 1982 4025 ses,
2034 3975 2102 4015 ne
2134 3957 2358 4029 pr0pius
2407 3957 2518 4012 huc
2549 3955 2865 4011 accesseris.
2901 3952 3060 4008 Solve
3093 3953 3429 4008 calceamen-

1860 4057 1973 4105 tum
2004 4049 2198 4120 pedum
2231 4055 2450 4100 tuorum
2483 4065 2496 4100 :
2535 4045 2687 4100 locus
2715 4043 2857 4099 enim
2883 4043 2937 4097 in
2969 4057 3077 4112 quo
3104 4050 3238 4105 stas,
3285 4047 3428 4095 terra

1861 4147 2049 4195 sancta
2077 4144 2163 4194 est
2185 4136 2356 4190 “.iEt
2384 4142 2508 4206 post
2537 4150 2733 4205 pauca,
2768 4153 2786 4186 ι
2825 4143 2879 4188 et
2909 4133 3046 4188 dixit
3074 4133 3334 4187 Dominus
3359 4133 3429 4185 ad

1861 4231 2010 4284 illum
2039 4247 2052 4283 :
2109 4227 2222 4298 Ego
2278 4242 2397 4281 sum
2427 4227 2518 4296 qui
2539 4241 2658 4280 sum
2680 4227 2746 4280 ".
2779 4223 2880 4278 »Ει
2909 4240 3100 4280 rursus
3123 4224 3168 4256 “
3200 4242 3214 4279 :
3261 4243 3280 4274 ι
3320 4221 3428 4277 Lo-

1860 4329 2018 4376 cutus
2048 4329 2129 4374 est
2159 4318 2416 4373 Dominus
2451 4317 2516 4372 ad
2562 4315 2764 4373 Mosem
2799 4336 2811 4370 :
2841 4315 2907 4369 Et
2951 4317 3086 4371 dixit
3133 4315 3199 4370 ad
3235 4316 3382 4369 illum
3411 4333 3426 4369 :

1863 4413 1975 4484 Ego
2003 4412 2266 4467 Dominus
2295 4411 2446 4466 visus
2495 4425 2616 4464 sum
2665 4409 2734 4487 ab
2762 4407 3059 4472 Abraham,
3094 4415 3147 4463 ct
3173 4406 3340 4469 Isaac,
3373 4415 3429 4458 et

1861 4505 2050 4567 Jacob,
2081 4521 2204 4560 cum
2238 4519 2425 4558 eorum
2465 4503 2564 4557 sim
2606 4500 2766 4566 Deus,
2795 4508 2849 4554 et
2881 4514 3078 4554 nomen
3103 4513 3281 4553 meum
3317 4512 3428 4552 non

1864 4597 2097 4652 indicavi
2167 4596 2293 4661 illis,
2355 4601 2410 4649 et
2453 4592 2710 4647 constitui
2739 4597 3118 4645 testamentum
3147 4603 3329 4642 meum
3357 4588 3425 4640 ad

1863 4691 2004 4745 illos.
2038 4708 2055 4739 ι
2079 4684 2546 4753 Quemadmodum
2571 4682 2712 4752 apud
2733 4681 3025 4751 prophetas
3041 4681 3096 4733 in
3113 4679 3426 4734 hominibus

1861 4787 2166 4842 versantes,
2189 4777 2337 4833 verbi
2373 4775 2569 4847 gratia,
2620 4772 2812 4827 Isaiam
2852 4778 2907 4825 et
2931 4768 3242 4833 Jeremiam,
3277 4779 3329 4823 et
3349 4769 3427 4823 si-

1861 4873 2038 4937 miles,
2066 4872 2227 4924 homo
2247 4867 2465 4939 quidem
2506 4873 2644 4928 erat,
2674 4865 2726 4919 id
2759 4864 2906 4934 quod
2937 4861 3221 4917 videbatur
3240 4902 3254 4924 ,
3285 4859 3425 4915 Deus
3452 4905 3459 4911 .

1866 4973 2048 5018 autem
2079 4961 2172 5032 qui
2197 4975 2292 5030 per
2318 4958 2372 5013 id
2406 4957 2552 5027 quod
2581 4955 2894 5026 apparebat,
2923 4962 3179 5023 tanquam
3216 4967 3312 5022 per
3341 4951 3426 5007 in-

1865 5061 2229 5111 strumentum
2260 5049 2581 5120 loquebatur
2609 5065 2625 5114 ;
2657 5056 2710 5101 et
2746 5045 2906 5102 modo
2935 5044 3138 5100 Christi
3172 5057 3422 5112 persona,

1864 5147 2027 5202 modo
2056 5143 2230 5202 sancti
2259 5141 2515 5212 Spiritus,
2550 5137 2710 5193 modo
2746 5137 2984 5208 supremi
3013 5134 3106 5190 Dei
3133 5141 3266 5198 erat,
3306 5149 3426 5204 quae

1864 5252 1961 5306 per
1989 5235 2307 5306 prophetam
2341 5245 2600 5302 responsa
2657 5229 2855 5294 dabat;
2907 5227 2987 5282 sic
3029 5227 3215 5295 utique
3261 5226 3423 5280 etiam

1865 5343 2011 5383 nunc
2043 5326 2196 5389 Mosi,
2229 5326 2320 5396 qui
2371 5323 2771 5385 introducitur,
2821 5332 3108 5390 supremus
3157 5325 3211 5372 ct
3241 5317 3424 5371 omnia

1866 5420 1970 5476 sub
2001 5435 2060 5475 se
2087 5419 2292 5474 habens
2322 5415 2485 5481 Deus,
2509 5431 2604 5486 per
2629 5429 2750 5469 eum
2781 5413 2874 5483 qui
2905 5416 3126 5482 apparet
3151 5409 3421 5478 angelum,

1863 5527 1928 5567 ea
1997 5526 2117 5581 qua:
2177 5509 2454 5580 proposita
2517 5513 2691 5569 sunt,
2763 5502 2929 5558 canit.
3005 5499 3244 5568 Quorum
3310 5498 3426 5552 haec

1865 5604 2028 5678 2&0
2054 5603 2321 5659 sententia
2355 5601 2427 5658 sit
2457 5614 2588 5655 sane
2614 5617 2626 5652 :
2659 5597 2778 5651 Tibi
2810 5593 3049 5665 quidem,
3078 5607 3111 5648 ο
3141 5589 3428 5662 propheta,

1475 5733 1521 5766 “
1556 5731 1688 5788 ibid.
1721 5729 1775 5794 4,
1801 5729 1854 5784 5.
1935 5730 1978 5760 ⁸⁵
2010 5725 2141 5782 ibid.
2173 5724 2258 5780 ii.
2335 5724 2378 5756 “
2410 5721 2580 5777 Exod.
2619 5735 2692 5786 vi,
2726 5717 2842 5771 2-4.
