3902 6264
459 335 558 392 591

1112 327 1376 386 EUSEBH
1413 322 1888 383 CIESARIENSIS
1926 320 2075 376 OPP.
2118 317 2297 374 PARS
2334 316 2397 372 ll.
2438 348 2506 357 -—
2540 313 3033 371 APOLOGETICA.

3572 312 3677 369 392

460 461 716 523 tanquam
744 434 792 505 ei
814 446 906 519 qui
933 446 1109 502 adhuc
1135 444 1400 509 eruditur,
1434 452 1487 500 et
1514 442 1605 514 qui
1639 443 1775 497 nihil
1804 440 2014 498 visione

2129 437 2376 500 immota;
2418 432 2704 507 χωροῦντι,
2742 431 2878 495 τέως
2924 431 3014 484 τὸν
3062 428 3191 502 ἐμὸν
3244 428 3473 498 ἄγγελον
3528 428 3680 485 ἐϐου-

460 543 704 616 angelica
729 540 962 612 amplius
983 539 1146 609 capit,
1176 537 1395 592 interim
1428 538 1677 608 angelum
1717 550 1894 590 meum
1927 550 2022 590 ex-

463 638 639 695 hiberi
663 635 953 692 videndum
970 632 1153 701 volui;
1186 632 1280 688 sed
1304 648 1481 687 meum
1505 647 1700 686 nomen
1722 630 1820 685 tibi
1848 630 2023 685 solum

460 737 651 785 notum
678 726 839 791 facio,
869 725 997 780 dum
1024 724 1192 780 doceo
1223 734 1295 787 te,
1320 739 1405 779 me
1431 739 1553 778 eum
1584 736 1706 777 esse
1730 721 1823 791 qui
1863 736 1981 776 sum
2004 761 2019 786 ,

460 831 514 877 et
542 836 738 877 nomen
769 834 948 874 meum
979 833 1100 874 esse
1149 816 1459 872 Dominum.
1509 815 1641 869 Tuis
1677 831 1806 871 vero
1854 814 2024 885 patri-

460 913 564 968 bus
596 926 707 966 non
736 909 840 965 hoc
870 910 1046 965 solum
1078 907 1351 975 iudicavi,
1402 906 1497 964 sed
1544 906 1706 962 etiam
1760 906 1862 961 hoc
1903 908 2023 975 ipso

460 1004 694 1075 amplius
724 1002 949 1072 largitus
980 1016 1099 1057 sum
1123 1020 1135 1055 :
1167 1016 1291 1054 nam
1322 1001 1390 1055 ab
1419 1000 1526 1056 illis
1548 1014 1667 1056 sum
1689 999 1860 1054 visus.
1889 998 2023 1065 Quis

460 1111 589 1153 vero
617 1097 689 1151 sit
717 1096 809 1166 qui
836 1094 1083 1164 patribus
1112 1092 1265 1149 visus
1307 1091 1411 1156 sit,
1454 1098 1508 1146 et
1546 1092 1690 1161 quod
1732 1107 1841 1146 non
1870 1100 2025 1162 pater

462 1188 628 1254 Deus,
653 1194 811 1242 antea
847 1187 1276 1241 demonstratum
1307 1192 1411 1249 est,
1439 1182 1531 1238 ubi
1566 1182 1735 1238 Deum
1763 1193 1816 1238 et
1846 1181 2025 1237 Domi-

462 1298 592 1338 num
622 1280 872 1351 angelum
897 1278 990 1334 Dei
1015 1279 1350 1333 nominatum
1371 1291 1491 1331 esse
1511 1275 2020 1331 demonstravimus.

461 1375 750 1436 Caeterum,
775 1384 1009 1441 quonam
1032 1369 1192 1425 modo
1210 1369 1322 1434 hic,
1343 1368 1433 1422 ille
1459 1367 1551 1437 qui
1577 1375 1728 1449 pater
1755 1367 1827 1423 sit
1858 1365 2021 1432 Deus,

461 1475 516 1521 et
538 1464 721 1521 omnia
749 1463 850 1520 sub
879 1477 938 1518 se
963 1461 1179 1525 habeat,
1211 1460 1356 1515 dicat
1386 1475 1443 1515 se
1483 1474 1513 1513 a
1546 1459 1791 1530 patribus
1812 1459 1985 1515 visum
2006 1499 2021 1524 ,

461 1559 656 1614 merito
685 1556 881 1626 aliquis
924 1560 1148 1626 quierat.
1176 1551 1549 1623 Explicabitur
1594 1567 1758 1623 porro
1812 1551 1866 1606 id
1891 1591 1907 1618 ,
1959 1551 2027 1606 de

461 1663 571 1719 quo
595 1645 887 1718 quaeritur,
930 1644 977 1699 si
1004 1642 1201 1698 divina:
1230 1640 1528 1711 Scriptura:
1577 1640 1911 1709 diligentiam
1943 1648 2026 1695 at-

463 1739 768 1794 tendamus.
796 1734 930 1791 Nam
969 1751 1092 1790 cum
1144 1735 1286 1806 apud
1321 1733 1672 1804 Septuaginta
1699 1735 1775 1788 ita
1821 1733 2023 1789 dictum

2120 528 2287 600 λήθην
2309 527 2557 597 ὀφθῆναι,
2588 523 2823 597 ἐμαυτοῦ
2856 541 2916 575 τε
2952 522 3187 593 τοῠνομά
3213 538 3295 574 σοι
3326 521 3485 592 μόνον
3506 522 3681 592 ἐμφα-

2121 623 2208 699 νὲς
2237 619 2554 690 καθίστημι,
2588 619 2870 681 διδάσκων,
2900 617 2982 669 ὅτι
3024 614 3132 682 ἐγώ
3159 615 3272 684 εἰμι
3297 614 3327 667 6
3365 611 3462 678 ὢν,
3483 613 3577 665 καὶ
3598 614 3681 669 ὅτι

2120 712 2180 766 τὸ
2204 712 2375 783 ὄνομά
2407 709 2505 781 μού
2557 711 2673 762 ἐστι
2695 707 2917 779 Κύριος,
2942 707 3063 768 Τοῖς
3091 704 3149 758 δὲ
3181 706 3293 767 σοῖς
3321 703 3590 773 πατράσιν
3620 703 3681 756 ού

2121 802 2277 856 τοῦτο
2310 801 2467 874 μόνον
2496 799 2758 871 ἐδήλωσα,
2789 797 2923 851 ἀλλά
2944 797 3036 850 καὶ
3057 794 3243 849 τούτου
3268 794 3446 865 μεῖξον
3477 794 3682 865 ἐδωρηο

2123 893 2301 964 σάμην
2322 910 2335 923 ’
2366 891 2553 964 ὤφθην
2592 890 2700 961 γὰρ
2730 888 2929 952 αὐτοῖς.
2967 888 3062 950 Τίς
3093 887 3139 940 δ’
3171 880 3240 957 ἦν
3278 885 3307 938 6
3331 888 3443 948 τοῖς
3472 886 3684 954 πατρά-

2130 1002 2214 1040 σιν
2262 984 2465 1054 ὀφθεὶς,
2520 984 2615 1036 καὶ
2661 983 2744 1035 ὅτι
2777 981 2904 1052 μὴὸ
2953 979 3045 1032 ἐπὶ
3094 979 3309 1032 πάντων
3357 976 3509 1040 Θεὸς,
3553 994 3687 1047 προ-

2124 1076 2519 1139 αποδέδεικται,
2548 1073 2708 1145 ἡνίκα
2734 1070 2824 1125 τὸν
2853 1069 2983 1123 Θεὸν
3007 1068 3209 1123 καὶτὸν
3234 1066 3435 1140 Κύριον
3453 1066 3686 1135 ἄγγελον

2120 1171 2255 1225 Θεοῦ
2303 1167 2613 1240 ὠνομάσθαι
2662 1162 3068 1234 ἐπεδείκνυμεν.
3100 1161 3223 1224 Πῶς
3250 1155 3341 1215 οὖν
3379 1159 3614 1214 ἐνταῦθα
3656 1162 3686 1213 6

2123 1263 2377 1318 ἐπέκεινα
2423 1260 2530 1314 τῶν
2591 1258 2749 1322 ὅλων,
2779 1256 2938 1320 αὐτὸς
2960 1254 3034 1308 ὢν
3072 1255 3100 1307 6
3139 1253 3296 1325 μόνος
3334 1252 3429 1305 ἐπὶ
3463 1253 3682 1307 πάντων

2122 1355 2272 1421 Θεὸς,
2321 1349 2499 1424 ὦφθαί
2550 1369 2681 1423 φησι
2726 1352 2838 1415 τοῖς
2883 1348 3172 1421 πατράσιν,
3223 1345 3451 1418 ζητήσαι
3494 1346 3560 1400 ἄν
3598 1359 3685 1407 τις

2124 1448 2362 1512 εἰκότως.
2395 1445 2594 1516 Λυθείη
2616 1444 2659 1498 δ’
2686 1442 2751 1498 ἂν
2772 1443 2834 1496 τὸ
2858 1440 3107 1513 ζητηθέν,
3135 1439 3183 1492 εί
3215 1440 3281 1510 τῇ
3309 1436 3560 1509 ἀκριϐείᾳ
3583 1436 3687 1505 τῆς

2124 1540 2272 1604 θείας
2325 1538 2547 1611 Γραφῆς
2599 1536 3012 1606 ἐπιστήσαιμεν.
3059 1530 3361 1601 Λεγομένου
3411 1528 3518 1600 γάρ
3573 1529 3686 1591 τοῖς

2137 1632 2531 1703 Ἐϐδομήκοντα
2564 1628 2680 1692 τοῦ,
2718 1646 2736 1679 ι
2765 1626 2876 1680 Καὶ
2898 1623 3086 1695 ὤφθην
3116 1620 3248 1694 πρὸς
3278 1619 3546 1692 Ἀϐραὰμ,
3589 1618 3688 1672 καὶ

2136 1723 2336 1790 Ἰσαὰκ,
2366 1724 2460 1776 καὶ
2496 1719 2708 1785 Ἰακὼϐ,
2733 1719 2864 1782 Θεὸς
2893 1715 3066 1771 αὐτῶν
3094 1714 3186 1779 ὧν,
3220 1732 3239 1765 ι
3273 1712 3301 1765 6
3325 1712 3420 1783 μὲν
3457 1709 3689 1772 Ἀκύλας

463 1835 533 1890 sit
557 1852 569 1888 :
611 1850 632 1885 ι
671 1832 739 1885 Ει
758 1830 909 1886 visus
937 1844 1059 1885 sum
1088 1829 1156 1883 ab
1178 1791 1482 1895 .Abraham,
1509 1791 1564 1883 et
1596 1825 1747 1882 Isaac
1767 1866 1782 1892 ,
1830 1836 1885 1881 et
1931 1825 2023 1880 Ja-

2129 1816 2322 1887 φησίοι
2359 1812 2705 1884 Καὶὼράθην
2731 1810 2866 1882 πρὸς
2902 1806 3169 1879 Ἀϐραάμ,
3199 1804 3441 1875 καὶπρὸς
3477 1801 3686 1865 Ἰσαὰκ,

462 1927 587 1993 cob,
618 1939 742 1981 cum
763 1939 951 1980 eorum
985 1923 1090 1978 sim
1124 1920 1300 1986 Deus,
1357 1939 1377 1973 ι
1432 1920 1627 1991 Aquila
1674 1919 1891 1991 quidem
1946 1918 2027 1975 sic

431 2017 582 2070 ait:
622 2034 641 2068 ι
679 2013 746 2068 Et
774 2013 927 2069 visus
986 2026 1108 2067 sum
1171 2011 1240 2066 ab
1306 2010 1616 2079 Abraham,
1670 2018 1724 2066 et
1757 2011 1823 2065 ab
1852 2008 2022 2075 Isaac,

461 2113 518 2162 et
546 2106 614 2160 ab
643 2102 811 2159 Jacob
843 2103 900 2158 in
944 2101 1056 2157 Deo
1098 2101 1234 2157 satis
1274 2101 1478 2164 multo,
1543 2119 1563 2153 ι
1601 2100 1800 2170 quibus
1845 2099 2026 2155 verbis

462 2198 780 2267 planissime
812 2195 1039 2258 indicat,
1068 2208 1180 2248 non
1205 2193 1383 2264 ipsum
1413 2192 1565 2247 illum
1597 2192 1688 2263 qui
1725 2190 1886 2246 Pater
1919 2199 2023 2256 est,

462 2305 560 2360 per
580 2288 819 2358 seipsum
848 2284 1187 2357 apparuisse.
1220 2281 1405 2354 Neque
1434 2298 1565 2339 vero
1594 2285 1737 2337 sicut
1768 2282 1924 2348 Mosi,
1953 2284 2027 2338 ita

462 2382 626 2436 etiam
654 2379 899 2450 patribus
937 2393 1032 2448 per
1060 2375 1334 2447 angelum,
1371 2382 1466 2430 aut
1523 2390 1619 2446 per
1649 2374 1844 2430 rubum
1870 2413 1885 2438 ,
1935 2382 2028 2428 aut

462 2473 664 2542 ignem,
698 2469 793 2527 sed
834 2471 891 2525 in
918 2468 1028 2525 Deo
1058 2469 1193 2525 satis
1224 2469 1396 2522 multo
1446 2467 1667 2522 oracula
1701 2466 2022 2537 praebuisse.

462 2563 641 2630 Quare
665 2561 828 2617 etiam
870 2560 1116 2631 patribus
1164 2575 1258 2631 per
1305 2560 1502 2615 Filium
1545 2559 1695 2614 visus
1720 2566 1804 2614 est
1846 2557 2026 2624 Pater,

462 2651 919 2725 quemadmodum
957 2649 1014 2705 in
1046 2650 1352 2722 Evangeliis
1380 2651 1455 2705 ab
1478 2651 1597 2721 ipso
1624 2649 1830 2706 dictum
1861 2648 2027 2705 habe-

463 2753 554 2797 tur
580 2744 623 2774 ⁶⁷
660 2761 673 2796 :
709 2758 728 2793 ι
765 2741 870 2806 Qui
912 2740 1043 2795 vidit
1097 2756 1211 2804 me,
1263 2739 1398 2794 vidit
1445 2739 1703 2794 Patrem:
1757 2757 1775 2790 ›
1816 2739 1869 2792 in
1910 2739 2028 2809 ipso

463 2835 609 2890 enim
632 2843 685 2889 et
712 2847 807 2903 per
835 2833 1011 2902 ipsum
1050 2829 1231 2886 Patris
1266 2830 1501 2900 cognitio
1544 2828 1890 2900 prodebatur.
1923 2828 2027 2885 Sed

464 2940 587 2979 cum
640 2924 951 2979 hominibus
993 2922 1249 2978 salutaris
1286 2929 1600 2991 appareret,
1666 2928 1778 2975 tum
1810 2937 1904 2993 per
1932 2921 2025 2976 lilii

464 3017 757 3072 humanam
793 3013 1021 3071 formam
1049 3012 1334 3068 videbatur
1383 3027 1413 3065 a
1447 3012 1541 3067 Dei
1592 3013 1816 3077 amicis,
1867 3019 2028 3084 atque

2125 1910 2215 1964 καὶ
2242 1909 2374 1980 πρὸς
2403 1906 2590 1961 Ἰακὼϐ
2619 1908 2676 1959 ἐν
2701 1904 2819 1975 Θεῷ
2849 1901 3018 1972 ίκανῷ
3036 1918 3049 1931 ·
3082 1921 3100 1953 ι
3126 1901 3189 1953 δι’
3210 1892 3283 1953 ὧν
3333 1895 3518 1968 σαφῶς
3545 1911 3689 1968 παρ-

2128 2002 2354 2073 ίστησιν,
2380 2002 2461 2054 ὅτι
2490 2001 2564 2071 μὴ
2592 1998 2752 2062 αὐτὸς
2772 1999 2799 2051 6
2825 1997 2916 2051 ἐπὶ
2949 1993 3164 2047 πάντων
3188 1991 3337 2073 Θεὸς,
3362 1992 3391 2043 6
3418 1986 3685 2059 μόνοςῶν,

2123 2092 2191 2147 δι’
2220 2070 2409 2147 ἐαυτοῦ
2434 2070 2609 2162 ὤφθη.
2647 2088 2785 2143 Ἀλλ’
2819 2087 2925 2141 οὐδ’
2968 2085 3155 2155 ὥσπερ
3196 2081 3273 2152 τῷ
3303 2070 3510 2144 Μωσεῖ,
3542 2076 3689 2131 οὕτω

2125 2186 2355 2250 καὶτοῖς
2388 2184 2644 2256 πατράσι,
2674 2183 2740 2236 δι’
2772 2180 3028 2250 ἀγγέλου,
3057 2178 3090 2250 ἢ
3123 2176 3209 2230 διὰ
3234 2174 3415 2245 βάτου,
3436 2173 3471 2244 ἢ
3494 2169 3686 2243 πυρὸς,

2125 2280 2239 2335 ἀλλ’
2267 2283 2323 2332 ἐν
2352 2276 2469 2347 Θεῷ
2495 2274 2661 2346 ἱκανῷ
2688 2271 3076 2346 χρηματίζοντι
3097 2285 3112 2300 ο
3151 2267 3291 2321 ὥστε
3314 2263 3402 2318 διὰ
3422 2260 3519 2317 τοῦ
3549 2259 3688 2316 Υίοῦ

2126 2371 2340 2442 Πατέρα
2366 2372 2459 2424 καὶ
2505 2371 2615 2432 τοῖς
2644 2366 2911 2439 πατράσιν
2961 2359 3252 2434 ἑωρᾶσθαι,
3275 2357 3415 2413 κατά
3450 2356 3513 2409 τὸ
3535 2355 3689 2426 είρη--

2130 2465 2285 2534 μένον
2310 2466 2368 2516 ἐν
2395 2459 2740 2530 Εὑαγγελίοις
2769 2457 2903 2528 πρὸς
2932 2453 3092 2510 αὐτοῦ
3112 2470 3125 2482 ·
3165 2470 3184 2503 ι
3230 2451 3288 2505 '0
3309 2444 3568 2520 ἑωρακὼς
3591 2445 3693 2516 ἐμὲ

2127 2556 2335 2627 ἑώρακε
2379 2554 2467 2608 τὸν
2503 2552 2739 2623 Πατέραο
2769 2569 2787 2602 ι
2818 2551 2875 2602 ἐν
2895 2547 3049 2625 ,αὐτῷ
3080 2546 3185 2617 γὰρ
3226 2544 3320 2599 καὶ
3350 2542 3417 2595 δι’
3456 2537 3626 2594 αὑτοῦ
3658 2538 3693 2608 ἡ

2126 2649 2219 2703 τοῦ
2274 2648 2483 2722 Πατρὸς
2539 2642 2946 2700 ἀπεκαλύπτετο
3007 2639 3224 2708 γνῶσις.
3284 2634 3419 2688 Ἀλλ’
3462 2634 3552 2722 ὅτε
3596 2632 3695 2722 μὲν

2128 2720 2422 2811 ἀνθρώπων
2462 2737 2722 2808 σωτήριος
2749 2731 3073 2802 ἀπεφαίνετο
3096 2729 3191 2802 (1),
3211 2725 3300 2781 διά
3328 2725 3427 2796 τῆς
3443 2720 3538 2776 τοῦ
3562 2720 3696 2774 Υἱοῦ

2127 2829 2465 2901 ἀνθρωπείας
2508 2827 2720 2899 μορφῆς
2756 2826 2980 2898 ἑωρᾶτο,
3013 2826 3123 2886 τοῖς
3164 2818 3431 2888 θεοφιλέσι
3472 2813 3574 2886 τὴν
3612 2813 3696 2876 είς
3768 2832 3773 2836 ·

2129 2922 2441 2995 ἀνθρώπους
2472 2920 2635 2974 αὐτοῦ
2665 2918 2922 2990 ἐσομένην
2949 2912 3217 2986 σωτηρίαν
3243 2913 3353 2974 τοῖς
3384 2909 3516 2961 πᾶσι
3548 2921 3695 2975 παρ-

2128 3013 2292 3067 οῦσαν
2328 3013 2386 3079 ἐξ
2431 3011 2636 3065 ἐκείνου
2682 3005 3302 3082 προαρραϐωνιζόμενος.
3352 3001 3476 3053 Ὅτε
3500 2997 3557 3052 δὲ
3584 2996 3697 3050 τῶν

465 3113 609 3166 inter
637 3110 883 3164 homines
915 3106 1151 3160 futuram
1214 3103 1388 3173 ipsius
1448 3104 1674 3159 salutem
1704 3147 1717 3172 ,
1776 3104 2023 3161 omnibus

2132 3101 2341 3158 ἀσεϐῶν
2368 3100 2627 3173 τιμωρὸς,
2654 3099 2748 3153 καὶ
2776 3096 3040 3168 κολαστὴς
3067 3093 3174 3147 τῶν
3203 3091 3509 3159 Αἰγυπτίων
3534 3087 3696 3159 ἔμε).-

465 3205 809 3270 ρταιεοιιιοιιι.
843 3211 910 3251 ex
956 3194 1048 3250 illo
1081 3192 1238 3264 quasi
1266 3191 1480 3246 arrham
1514 3199 1567 3247 et
1588 3192 1779 3263 pignus
1810 3193 2023 3249 exhibe-

2131 3197 2220 3250 λεν
2256 3192 2489 3256 ἔσεσθαι,
2530 3191 2712 3245 οὐκέτι
2753 3192 2810 3242 ἐν
2857 3187 2974 3258 Θεῷ
3009 3184 3196 3255 ἱκανῷ,
3223 3182 3335 3238 ἀλλ’
3381 3182 3437 3233 ἐν
3470 3177 3696 3249 ἀγγέλῳ

465 3293 576 3347 bat.
621 3289 756 3345 Cum
809 3301 939 3343 vero
980 3286 1270 3355 impiorum
1321 3285 1504 3348 ultor,
1563 3292 1617 3338 et
1648 3282 2023 3355 [Egyptiorum

2129 3291 2355 3360 διακόνῳ
2401 3288 2501 3358 τῆς
2553 3286 2814 3358 τιμωρίας
2844 3284 2936 3337 καὶ
2988 3281 3047 3332 ἐν
3088 3279 3215 3333 εῖδει
3249 3274 3437 3347 πυρὸς,
3467 3272 3695 3355 καὶτῆς

466 3383 757 3454 castigator
786 3380 1002 3435 futurus
1028 3388 1192 3444 esset,
1245 3393 1353 3432 non
1385 3376 1618 3447 amplius
1650 3377 1704 3431 in
1736 3376 1845 3432 Deo
1896 3379 2023 3434 satis

2129 3385 2249 3437 ὅσον
2270 3381 2420 3435 οὔπω
2453 3378 2746 3450 μελλούσης
2766 3376 2957 3438 αὐτοὺς
2986 3374 3140 3442 δίκην
3174 3368 3366 3442 ἀγρίας
3393 3366 3487 3419 καὶ
3522 3369 3697 3418 ἀκαν-

467 3477 671 3541 multo,
712 3474 807 3530 sed
836 3474 892 3527 in
920 3468 1109 3543 angelo
1143 3469 1391 3540 supplicii
1442 3469 1711 3532 ministro,
1736 3475 1789 3523 et
1821 3469 1874 3524 in
1906 3486 2030 3541 spc-
2133 3474 2328 3537 θώόους
2363 3471 2492 3542 ὕλης
2510 3468 2812 3524 κατεσθίειν
2842 3464 3034 3535 φλογὸς
3058 3456 3700 3534 παρεφαίνετο.Αἰνίττε-

466 3570 549 3625 cie
572 3567 734 3638 ignis,
765 3572 816 3620 et
868 3564 1126 3628 ﬂammae,
1179 3578 1298 3632 quae
1341 3561 1451 3617 cito
1479 3560 1653 3616 instar
1682 3562 1913 3633 agreStis
1965 3579 2023 3618 ac

2134 3564 2257 3618 σθαι
2271 3562 2360 3616 οὖν
2382 3560 2617 3632 φασιτὴν
2637 3558 2733 3630 μὲν
2747 3557 2924 3627 βάτον,
2937 3555 3035 3626 τὴν
3054 3553 3160 3607 τῶν
3171 3549 3476 3619 Αἰγυπτίων
3492 3545 3699 3616 ἀγρίαν

467 3661 750 3716 senticosa:
785 3657 1025 3713 materiae
1048 3640 1178 3711 illos
1221 3661 1338 3710 erat
1380 3654 1706 3708 devoratura
1730 3691 1746 3718 ,
1801 3669 2023 3723 appare-

2134 3659 2225 3712 καὶ
2243 3655 2422 3728 ἀπηνῆ
2439 3655 2530 3708 καλ⁵
2546 3654 2812 3723 ἀνήμερον
2834 3647 3147 3720 μοχθηρίαν·
3170 3646 3228 3697 τὸ
3249 3643 3305 3697 δὲ
3321 3640 3449 3713 πῦρ,
3465 3639 3563 3710 τὴν
3578 3637 3699 3690 δια-

466 3754 577 3809 bat.
613 3752 810 3807 Dicunt
861 3751 1025 3823 igitur
1071 3764 1167 3819 per
1219 3747 1415 3801 rubum
1461 3745 1678 3816 quidem
1732 3746 2023 3817 signiﬁcari

2132 3748 2390 3803 λωϐὦσαν
2409 3745 2602 3806 αὐτοὺς
2643 3741 2882 3813 τιμωρὸν
2906 3739 2997 3792 καὶ
3048 3735 3397 3805 κολαστήριον
3433 3729 3691 3797 δύναμιν.

469 3847 847 3919 Egyptiorum
883 3849 1151 3915 agrestem
1189 3849 1244 3897 et
1270 3842 1529 3898 immitem
1557 3848 1613 3896 et
1648 3840 1816 3896 feram
1850 3846 2193 3913 pravitatem,
2223 3860 2319 3915 per
2349 3844 2525 3914 ignem
2574 3852 2703 3894 vero
2751 3836 2858 3890 vim
2913 3836 3058 3889 illam
3105 3830 3455 3887 ulciscentem
3500 3831 3556 3881 et
3591 3838 3692 3880 ca-

468 3942 754 4017 stigantem
781 3954 899 4009 quae
928 3938 1049 3992 illos
1086 3935 1302 3990 invasit.

939 4031 1096 4103 21.1
1132 4027 1362 4086 CAPUT
1396 4027 1537 4083 xw.

470 4125 622 4196 Quod
679 4122 1112 4196 quemadmodum
1151 4120 1387 4196 patribus
1441 4120 1672 4196 humanq
1715 4123 2025 4196 [ρωποι-εἰσ

541 4199 593 4250 in
619 4191 785 4266 specie
810 4194 960 4249 nubis
994 4191 1192 4263 Moysi,
1222 4199 1271 4245 et
1294 4200 1478 4243 cuncto
1507 4192 1700 4261 populo
1729 4193 1868 4249 Deus
1901 4193 2026 4248 Ver-

540 4268 660 4320 bum
682 4268 949 4334 apparuit.
1441 4288 1444 4293 ~

536 4382 709 4436 «Dixit
737 4389 916 4436 autem
935 4377 1200 4433 Dominus
1229 4374 1295 4430 ad
1322 4375 1557 4432 Mosem:
1591 4376 1729 4433 Ecce
1749 4394 1849 4449 ego
1871 4381 2026 4433 venio

2645 4015 3035 4079 ΚΕΦΛΛΑΙΟΝ
3074 4016 3149 4067 ΙΔ¹

2135 4123 2232 4188 ,Ως
2259 4118 2519 4184 καθάπερ
2549 4114 2670 4188 τοῖς
2711 4108 3006 4188 πατράσιτς
3027 4106 3109 4188 ’ἐν
3138 4104 3482 4188 ἀχθρωίιίνίρ
3529 4103 3689 4188 σχῇ..

2191 4170 2358 4272 ﬁsa}
2375 4170 2560 4272 aes
2590 4170 2662 4272 e‘
2687 4170 2841 4272 εῖιῗτεὲ
2858 4173 3365 4272 γεεέἓῖιςέίωσεῖ
3382 4170 3479 4229 και
3504 4170 3686 4226 παντί

2193 4247 2273 4328 τῷ
2302 4247 2427 4324 λαῷ
2454 4261 2485 4311 ὁ
2517 4247 2659 4320 Θεὸς
2688 4253 2876 4320 Λόγος
2907 4247 3195 4317 ἐφαίνετο.

2202 4394 2220 4426 ι
2262 4367 2396 4426 Εἷπε
2435 4369 2491 4426 δὲ
2528 4366 2730 4438 Κύριος
2776 4362 2911 4433 πρὸς
2946 4358 3168 4428 Μωσῆνι
3208 4357 3336 4411 Ἰδοὺ
3363 4355 3472 4425 ἐγὼ
3509 4372 3687 4425 παρα-

467 4475 532 4530 ad
568 4483 620 4528 te
649 4474 706 4527 in
737 4474 988 4528 columna
1024 4469 1220 4533 nubis,
1252 4474 1312 4522 ut
1340 4467 1529 4522 audiat
1559 4443 1808 4539 populus
1824 4484 1908 4525 me
1943 4470 2022 4524 lo-

2129 4465 2341 4533 γίνομαι
2394 4458 2527 4529 πρὸς
2569 4455 2628 4509 σέ
2660 4456 2717 4509 ἐν
2755 4452 2927 4520 στύλῳ
2970 4447 3217 4519 νεφέλης,
3264 4446 3349 4498 ἵνα
3410 4443 3616 4514 ἀκούσῃ
3655 4446 3685 4496 6

464 4576 715 4639 quenlem
742 4565 808 4620 ad
842 4573 913 4629 te,
952 4571 1008 4620 et
1032 4562 1131 4617 tibi
1157 4561 1381 4616 credant
1405 4560 1481 4626 ‘3;
1518 4578 1537 4611 ι
1564 4568 1618 4614 et
1644 4576 1764 4629 quae
1788 4574 2024 4630 sequun-

2118 4532 2550 4618 λαὸςλαλοῦντός
2577 4565 2677 4618 μου
2703 4545 2837 4617 πρὸς
2854 4543 2931 4604 σὲ,
2958 4540 3048 4595 καί
3079 4556 3157 4591 σοι
3186 4535 3511 4591 πιστεύσωσι
3533 4552 3546 4565 ·
3563 4532 3686 4587 »καὶ

463 4626 554 4714 tur
586 4678 600 4714 :
631 4676 649 4709 ι
686 4657 828 4711 Deus
859 4626 1038 4710 autem
1067 4651 1418 4708 antecedebat
1448 4666 1542 4706 eos
1567 4626 1745 4705 die—in
1770 4626 2023 4706 columna

2129 4644 2245 4712 ἑξῆς
2269 4660 2282 4673 ·
2332 4661 2350 4693 ι
2389 4642 2446 4695 '0
2485 4639 2540 4691 δὲ
2582 4636 2712 4700 Θεὸς
2773 4638 2952 4706 ἡγεῖτο
2993 4630 3168 4684 αὐτῶν
3217 4628 3428 4700 ἡμέρας
3478 4626 3598 4696 μὲν,
3627 4628 3684 4677 ἐν

462 4751 625 4805 nubis
654 4750 706 4802 in
731 4749 838 4812 via,
863 4754 1027 4802 noctu
1051 4758 1181 4799 vero
1203 4741 1260 4797 in
1285 4742 1538 4796 columna
1570 4739 1711 4810 ignis
1734 4748 1793 4794 ut
1823 4741 2024 4796 luceret

2122 4732 2295 4802 στύλῳ
2317 4729 2561 4800 νεφέλης,
2592 4726 2754 4790 δεῖξαι
2782 4724 2962 4785 αὐτοῖς
2994 4722 3091 4790 τὴν
3114 4719 3256 4772 ὁδόν·
3284 4720 3379 4788 τὴν
3406 4716 3463 4769 δὲ
3494 4715 3682 4777 νύκτα,

422 4870 425 4873 -
463 4843 543 4898 eis
563 4843 629 4896 ".
659 4860 677 4893 ›
699 4840 765 4894 Et
793 4855 1015 4895 rursus:
1043 4857 1061 4888 ι
1092 4834 1381 4892 Descendit
1401 4833 1665 4888 Dominus
1696 4832 1750 4885 in
1773 4832 2023 4886 columna

2129 4825 2176 4876 ἐν
2220 4822 2394 4892 στύλῳ
2440 4818 2637 4890 πυρὸς,
2680 4814 2773 4868 τοῦ
2810 4813 3017 4884 φαίνειν
3057 4812 3255 4873 αὐτοῖς.
3282 4828 3300 4860 ι
3340 4806 3449 4861 Καὶ
3489 4805 3681 4858 πάλινθ

460 4934 623 4990 nubis
650 4934 717 4987 ὀ.
749 4952 767 4985 ι
799 4932 865 4985 Et
886 4946 1115 4985 rursus:
1154 4949 1173 4981 ι
1200 4927 1336 4984 Cum
1363 4934 1541 4982 autem
1571 4926 1850 4995 ingressus
1876 4933 2019 4979 esset

462 5022 639 5079 Moses
666 5022 720 5076 in
748 5020 1186 5083 tabernaculum,
1218 5015 1502 5072 descendit
1539 5016 1793 5069 columna
1834 5013 2015 5078 nubis,

459 5126 513 5169 et
538 5115 689 5170 stetit
713 5116 768 5167 in
793 5111 1001 5166 foribus
1030 5108 1370 5164 tabernaculi
1399 5147 1413 5172 ,
1458 5115 1512 5163 et
1540 5107 1865 5176 loquebatur
1892 5119 2015 5159 cum

462 5204 628 5272 Moss,
666 5212 720 5259 et
759 5202 1012 5259 cernebat
1048 5199 1228 5254 omnis
1253 5199 1486 5270 populus
1516 5200 1823 5254 columnam
1856 5195 2016 5250 nubis

2131 4933 2148 4965 ι
2192 4913 2411 4983 Κατέϐη
2451 4911 2653 4981 Κύριος
2696 4909 2752 4960 ἐν
2803 4905 2973 4975 στύλῳ
3012 4902 3257 4972 νεφέλης.
3284 4919 3302 4951 ι
3344 4899 3452 4953 Καὶ
3496 4893 3679 4959 αὖθις’

2132 5022 2149 5055 ι
2193 5004 2382 5058 Ἦνίκα
2412 5004 2455 5056 δ’
2497 5001 2561 5055 ἂν
2589 4997 2799 5068 εἰσῆλθε
2841 4993 3043 5063 Μωσῆς
3075 4994 3153 5054 εἰς
3184 4990 3281 5062 τὴν
3302 4987 3523 5058 σκηνὴν,
3551 5002 3684 5040 κατ-

2125 5094 2331 5148 έϐαινεν
2377 5097 2406 5147 6
2451 5091 2639 5154 στῦλος
2681 5089 2780 5159 τῆς
2817 5084 3072 5155 νεφέλης,
3110 5082 3203 5136 καὶ
3228 5081 3411 5133 ἵστατο
3446 5076 3539 5130 ἐπὶ
3586 5075 3685 5137 τὰς

2124 5185 2292 5258 θύρας
2316 5186 2413 5255 τῆς
2447 5182 2671 5254 σκηνῆς,
2719 5181 2812 5234 καὶ
2849 5177 3025 5230 ἐλάλει
3067 5175 3143 5245 τῷ
3172 5174 3377 5234 Μωσεῐ,
3414 5168 3508 5223 καὶ
3536 5167 3684 5237 ἐώρα

461 5304 695 5351 stantem
723 5296 779 5349 in
821 5293 1031 5349 foribus
1074 5259 1440 5357 tabernaculi,
1477 5297 1532 5344 et
1573 5296 1805 5345 stantem
1835 5287 2013 5342 omnis

2129 5282 2221 5342 ea;
2257 5280 2285 5332 6
2307 5275 2434 5340 λαὸς
2467 5276 2557 5328 τὸν
2588 5273 2775 5328 στύλον
2811 5271 2911 5340 τῆς
2944 5266 3169 5337 νεφέλης
3197 5263 3405 5317 ἑστῶτα
3445 5260 3539 5314 ἐπὶ
3571 5259 3682 5312 τῶν

460 5388 693 5458 populus
734 5386 1121 5449 adoraverunt,
1168 5353 1550 5453 unusquisque
1601 5395 1631 5434 a
1675 5379 1883 5435 foribus
1927 5377 2014 5432 sui

2129 5370 2292 5444 ὶυρῶν
2332 5369 2432 5439 τῆς
2473 5368 2703 5439 σκηνῆςο
2756 5365 2849 5417 καὶ
2875 5363 3093 5423 στάντες
3140 5359 3247 5420 πᾶς
3287 5359 3316 5409 6
3356 5353 3485 5417 λαὸς
3518 5368 3684 5424 προσ·

460 5478 795 5533 tabernaculi
821 5478 886 5530 ".
928 5496 947 5529 ι
982 5475 1223 5546 Pepulus
1267 5473 1487 5547 quidem
1520 5470 1777 5526 cernebat
1807 5468 2015 5523 colum-

461 5586 587 5629 nam
630 5571 791 5625 nubis
833 5571 939 5624 hoc
970 5571 1110 5632 loco,
1153 5583 1278 5624 cum
1305 5566 1456 5622 Mose
1499 5578 1629 5620 vero
1668 5561 2011 5633 loquebatur.

2119 5463 2407 5534 εκύνησαν,
2431 5460 2656 5521 ἕκαστος
2678 5456 2783 5511 ἀπὸ
2800 5456 2897 5527 τῆς
2920 5453 3086 5524 θύρας
3113 5450 3210 5519 τῆς
3232 5446 3434 5517 σκηνῆς
3460 5445 3678 5500 αὑτοῦ.»

2128 5558 2184 5611 Ὁ
2210 5558 2307 5628 μὲν
2345 5550 2437 5610 οὖν
2464 5553 2589 5616 λαὸς
2620 5550 2764 5622 ἐώρα
2802 5548 2892 5601 τὸν
2923 5545 3108 5599 στύλον
3135 5544 3232 5615 τῆς
3264 5539 3513 5611 νεφέλης,
3548 5537 3683 5595 Μω-

530 5686 574 5718 "
601 5685 757 5739 Joan.
789 5699 901 5749 xiv,
932 5685 985 5738 9.
1060 5684 1105 5716 ⁸⁸
1134 5682 1303 5737 Exod.
1326 5697 1441 5747 ιιι,
1498 5679 1552 5734 9.
1626 5679 1671 5710 “
1706 5676 1873 5731 Exod.
1904 5689 2026 5741 xm,
2049 5672 2142 5732 21.
2226 5673 2273 5706 το
2309 5670 2469 5728 Num.
2507 5685 2603 5736 xu,
2636 5666 2688 5723 5.
2765 5665 2808 5697 “
2842 5662 3011 5718 Exod.
3045 5674 3241 5725 xxxnt,
3271 5654 3439 5724 9,10.

532 5779 610 5853 (1)
654 5777 1051 5847 Ἀκεςοαίνετα
1083 5775 1246 5843 Forte
1273 5772 1611 5843 ἐπεφαίνετο.
1654 5769 1808 5826 Eutr.
