3902 6264
257 346 361 402 393

1168 336 1817 399 DEMONSTRATIONIS
1851 333 2310 402 EVANGELICA‘Z
2350 332 2477 395 LIB.
2520 332 2582 395 ν.

3394 342 3502 398 396

257 463 342 515 σεῖ
365 458 411 514 δ’
433 459 635 515 ἐλάλει.
666 460 763 525 Τίς
790 462 835 516 δ’
861 458 1038 516 ἐλάλει
1058 500 1073 524 ,
1102 462 1137 534 ἢ
1174 461 1414 533 δηλονότι
1441 464 1470 516 6
1509 462 1696 525 στῦλος
1732 462 1831 533 τῆς

1950 459 2068 527 luis
2097 474 2256 529 porro
2298 456 2666 529 loquebatur?
2698 456 2955 512 columna
3006 452 3170 513 nubis
3222 457 3501 524 videlicet,

258 550 502 623 νεφέλης,
532 553 561 605 6
585 552 846 625 πρότερον
873 556 985 615 τοῖς
1008 553 1281 624 πατράσιν
1305 554 1363 607 ἐν
1397 552 1684 624 ἀνθρώπου
1725 570 1829 623 φα·-

254 644 365 707 νεὶς
390 643 665 715 aﬂuant;
699 645 1184 717 Προαποδὲδεικται
1215 646 1291 707 δὲ,
1317 646 1401 699 ὅτι
1430 646 1504 718 μὴ
1531 645 1559 698 6
1583 645 1674 699 ἐπὶ
1697 646 1833 699 πάνθ

253 748 363 787 των
390 733 525 797 Θεὸς
555 728 710 799 οὗτος
739 732 828 808 ἦν,
861 735 1047 808 ἔτερος
1070 735 1150 803 δὲ,
1187 736 1246 790 6v
1273 735 1409 789 Θεοῦ
1448 736 1617 805 Λόγον
1655 736 1832 808 ὑπάρα

251 840 418 895 κοντα
450 825 688 896 Χριστὸν
733 826 896 898 ἡμεῖς
935 825 1413 899 προσαγορεύομεν
1435 844 1446 857 ·
1492 822 1551 890 6;
1580 827 1675 880 καὶ
1710 828 1831 880 τότε

251 915 345 969 τοῦ
387 916 629 989 πλήθους
658 917 843 973 ἕνεκεν
874 919 1064 972 Μωσεῖ
1096 935 1156 971 τε
1216 917 1364 990 αὐτῷ
1393 917 1588 988 καὶτῷ
1622 918 1735 988 λαῷ
1774 920 1832 973 ἐν

251 1008 433 1079 στύλῳ
470 1008 700 1079 νεφέλης
725 1007 1040 1079 ὲθεωρείτο,
1065 1007 1154 1061 διὰ
1178 1008 1239 1062 :6
1277 1008 1351 1079 μὴ
1395 1012 1592 1080 χωρεῖν
1635 1010 1833 1075 αὐτοὺς

249 1097 456 1168 ὁμοίως
494 1102 609 1162 τοῖς
661 1100 932 1171 πατράσιν
968 1100 1026 1152 ὲν
1072 1097 1362 1169 ἀνθρώπου
1414 1101 1651 1170 σχήματι
1700 1100 1833 1171 όρᾷν

250 1190 439 1244 αὐτόν.
467 1191 699 1245 Τελεξων
745 1192 855 1263 γάρ
876 1209 930 1245 τι
967 1187 1036 1263 ἦν
1061 1191 1124 1246 τὸ
1164 1194 1401 1265 προορᾷν
1433 1191 1692 1247 δύνασθαι
1732 1192 1833 1263 τὴν

251 1280 557 1352 μέλλουσαν
606 1281 823 1336 ἔσεσθαί
883 1300 1012 1336 ποτε
1068 1284 1150 1347 εις
1199 1281 1522 1356 ἀνθρώπους
1572 1283 1833 1355 ἐνσαρκον

249 1374 578 1445 ἐπιφάνειαν
610 1375 797 1439 αὐτοῦ,
833 1377 920 1445 ἢν,
954 1372 1076 1430 ἐπεὶ
1125 1376 1258 1448 μηδὲ
1288 1376 1409 1430 τότε
1458 1372 1568 1441 οἷός
1603 1394 1662 1429 τε
1702 1371 1770 1447 ἦν
1805 1373 1833 1430 6

249 1466 359 1529 πᾶς
385 1464 521 1529 λαὸς
556 1469 775 1539 χωρεῖν,
804 1468 1027 1530 εἰκότως
1054 1468 1174 1520 τοτὲ
1203 1468 1299 1539 μὲν
1329 1468 1513 1531 αὐτοῖς
1533 1466 1622 1521 διὰ
1637 1462 1831 1537 πυρὸς,

248 1552 416 1622 ιρόϐου
441 1554 605 1625 χάριν
634 1556 727 1608 καὶ
764 1555 1157 1627 καταπλήξεως
1175 1597 1189 1621 ,
1224 1557 1344 1610 τοτὲ
1371 1556 1426 1611 δὲ
1465 1556 1555 1610 διὰ
1583 1556 1832 1627 νεφέλης,

248 1644 397 1699 ώσὰν
423 1647 874 1718 ὲπεσκιασμένως
921 1650 1016 1703 καὶ
1058 1649 1484 1721 κεκαλυμμένοις
1532 1649 1835 1721 νομοθετῶν

246 1737 469 1805 αὐτοὺς,
500 1739 693 1813 ὁρῷτο,
715 1741 916 1813 ὁμοίως
946 1742 1004 1795 δὲ
1068 1741 1162 1797 καὶ
1190 1741 1269 1813 τῷ
1308 1744 1497 1811 Μωσεῖ
1521 1742 1587 1796 δι’
1615 1738 1831 1805 αὐτούς.

782 2032 1180 2088 ΚΕΦΔΛΔΙΟΝ
1218 2032 1317 2089 lE'.

248 2148 379 2205 ὀτι
407 2147 572 2220 μηδὲ
611 2148 901 2218 (in-8.1m?)
953 2148 1139 2220 φύοςις
1158 2144 1238 2219 ἦν
1267 2144 1425 2220 ἠιτῷ
1460 2150 1663 2205 Μωσεῖ
1689 2168 1834 2220 χρη.

311 2214 670 2347 ιᾶἓιξίζουσα,
696 2214 994 2289 apeiria)?
1053 2214 1121 2272 δέ
1162 2214 1253 2286 τις
1495 2224 1624 2275 κατ’
1667 2214 1838 2294 (ii-ﬁ-

396 2308 456 2345 ν.

323 2404 345 2438 ι
374 2382 514 2440 Εἶπε
554 2387 787 2459 Κύριος-⁸
828 2384 956 2439 Ἰδοὺ
1011 2382 1122 2453 ἐγὼ
1154 2384 1466 2439 ἀποστέλλω
1490 2385 1581 2440 τὸν
1609 2386 1838 2455 ἄγγελόν

251 2495 356 2549 μου
389 2477 500 2549 πρὸ
530 2475 824 2550 προσώπου
866 2494 990 2547 μου,
1034 2475 1120 2530 ῐνα
1157 2475 1365 2550 φυλάξῃ
1400 2494 1458 2531 σε
1506 2479 1564 2530 ἐν
1591 2481 1659 2550 τῇ
1713 2478 1838 2549 ὁδῷ,

246 2570 397 2632 ὅπως
418 2568 696 2641 είσαγάγῃ
713 2585 773 2621 σε
794 2570 874 2632 είς
895 2567 992 2640 τὴν
1019 2568 1143 2639 γῆν,
1161 2567 1227 2638 ἢν
1250 2568 1522 2639 ⁴ίιτοίμασά
1545 2586 1645 2622 σοι.
1666 2569 1842 2641 Πρόσ-

1935 567 2060 606 cum
2096 551 2237 607 idem
2284 549 2425 606 Deus
2455 561 2615 605 antea
2662 549 2908 619 patribus
2946 549 3003 604 in
3044 549 3283 605 hominis
3326 548 3504 604 forma

1935 644 2295 715 apparuisset.
2356 641 2533 712 Supra
2582 656 2712 696 vero
2755 641 2869 711 jam
2911 640 3345 697 demonstratum
3395 649 3539 705 εει,-

1934 735 2080 806 quod
2111 751 2218 789 non
2256 733 2417 789 Pater
2440 733 2580 787 Deus
2600 732 2689 805 his.
2710 741 2877 796 esset,
2904 734 2985 790 sic
3009 734 3170 799 alter,
3192 748 3352 804 quem
3375 748 3502 794 nos.

1933 842 2057 881 cum
2105 825 2199 881 Dei
2243 826 2315 881 sit
2356 823 2620 889 Verbum,
2654 823 2931 880 Christum
2974 840 3378 895 nuncupamus,
3407 819 3505 897 qui

1935 923 2066 970 tunc
2089 926 2310 986 propter
2333 915 2735 971 multitudinem
2764 916 3063 986 vulgarem,
3121 924 3179 972 et
3209 916 3311 986 ipsi
3343 915 3502 981 Mosi,

1933 1015 1985 1062 et
2025 1008 2224 1078 populo
2255 1008 2307 1062 in
2348 1008 2602 1062 columna
2633 1007 2797 1061 nubis
2831 1008 3176 1072 cernebatur,
3215 1015 3504 1079 pr0pterea

1935 1098 2080 1168 quod
2127 1114 2235 1152 non
2275 1099 2461 1154 itidem
2493 1108 2552 1152 ut
2580 1107 2784 1169 patres,
2824 1098 3011 1153 videre
3044 1099 3194 1153 illum
3243 1100 3296 1154 in
3332 1100 3505 1155 forma

1936 1190 2195 1253 hominis,
2231 1189 2407 1245 idonei
2430 1198 2633 1245 essent.
2669 1187 3043 1244 Perfectorum
3067 1189 3210 1245 enim
3234 1190 3336 1245 hoc
3361 1200 3503 1256 erat,

1936 1299 2099 1354 posse
2131 1284 2277 1338 illius
2310 1283 2603 1339 adventum
2632 1283 2941 1354 providere,
2971 1283 3063 1353 qui
3093 1283 3222 1337 olim
3248 1286 3301 1337 in
3328 1284 3502 1338 homi-

1935 1375 2099 1430 nibus
2151 1388 2378 1444 corpore
2435 1374 2674 1428 humano
2737 1385 3039 1443 assumpto,
3091 1373 3308 1430 futurus
3359 1384 3502 1439 erat,

1937 1482 2100 1537 quem
2136 1481 2290 1529 sane,
2327 1480 2453 1520 cum
2485 1481 2552 1520 ne
2582 1475 2715 1519 tunc
2744 1466 2964 1536 quidem
2999 1466 3289 1521 universus
3332 1483 3505 1537 popu-

1911 1559 2022 1615 -lus
2040 1565 2220 1630 posset
2245 1573 2460 1628 capere,
2488 1559 2683 1613 merito
2701 1558 2837 1612 alias
2855 1556 3073 1629 quidem
3097 1559 3177 1614 eis
3194 1574 3291 1630 per
3306 1561 3507 1631 ignem,

1936 1649 2174 1705 terrendi
2220 1648 2617 1721 cohibendique
2671 1664 2861 1712 causa,
2924 1649 3060 1703 alias
3103 1663 3200 1719 per
3274 1650 3503 1716 nubem,

1936 1744 2094 1813 quasi
2141 1742 2462 1797 adumbrate
2512 1751 2676 1813 atque
2712 1741 2953 1796 involute
2998 1742 3135 1796 dans
3181 1742 3289 1797 illis
3337 1743 3506 1814 leges,

1860 1829 1903 1885 Β
1932 1834 2277 1898 cernebatur,
2298 1832 2596 1904 eademque
2633 1833 2842 1888 ralione
2882 1831 3017 1887 Mosi
3039 1848 3256 1904 quoque
3288 1841 3511 1906 propter

1937 1923 2081 1981 illos.

2556 2029 2787 2091 CAPUT
2816 2028 2909 2090 XV

1936 2148 2096 2222 242
2143 2148 2296 2215 Quod
2328 2146 2566 2220 angelica
2608 2166 2727 2222 non
2755 2150 2935 2222 fuerit,
2960 2159 3176 2214 natura,
3208 2160 3328 2220 qua
3370 2143 3512 2222 μυσί

2004 2219 2166 2273 [labat
2214 2219 2491 2288 responsa,
2526 2220 2617 2292 sed
2657 2219 3002 2291 priestantior
3036 2236 3196 2292 quam
3223 2219 3289 2275 ιιι
3321 2219 3391 2276 ad
3420 2237 3514 2276 an-

2001 2292 2173 2361 gelum
2204 2291 2389 2359 referri
2416 2291 2606 2360 possit.

2006 2401 2024 2433 ι
2052 2381 2197 2437 Dixit
2225 2380 2521 2437 Dominus:
2562 2380 2702 2437 Ecce
2722 2397 2825 2453 ego
2859 2383 3018 2437 mitto
3049 2384 3302 2455 angelum
3329 2393 3515 2438 meum

1941 2482 2068 2529 ante
2096 2472 2289 2529 faciem
2338 2481 2508 2538 tuam,
2543 2476 2601 2527 ut
2630 2473 2903 2529 custodiat
2945 2485 2995 2530 te
3017 2476 3072 2529 in
3108 2477 3216 2541 via,
3246 2485 3307 2531 ut
3333 2475 3510 2530 intro-

1939 2562 2104 2619 ducat
2134 2576 2185 2619 te
2216 2564 2272 2619 in
2302 2572 2531 2627 terram,
2564 2580 2727 2635 quam
2749 2566 2933 2636 paravi
2952 2566 3051 2621 tibi
3074 2583 3089 2631 ;
3114 2567 3345 2622 observa
3362 2582 3512 2636 eum,

246 2678 341 2731 εχε
380 2660 533 2732 αὑτῷ
564 2662 658 2714 καὶ
700 2661 950 2716 είσάκουε
1001 2656 1198 2726 αὐτοῦ,
1232 2662 1325 2713 καὶ
1363 2661 1438 2732 μὴ
1482 2661 1697 2716 ἀπείθει
1745 2663 1842 2716 αὖ·

1950 2662 1993 2709 ει
2023 2652 2147 2708 audi
2180 2670 2326 2718 eum,
2358 2670 2457 2710 nec
2485 2656 2562 2711 sis
2583 2657 2847 2712 adversus
2870 2656 3022 2711 illum
3041 2667 3335 2712 contumax
3364 2676 3378 2725 ;
3404 2675 3516 2714 non

246 2752 328 2821 τῷ
350 2768 363 2781 ⁸
395 2751 460 2805 οὐ
509 2750 618 2822 γὰρ
653 2751 729 2822 μὴ
762 2750 1148 2822 ὑποστείληται
1179 2768 1266 2805 σε·
1301 2749 1362 2805 :6
1400 2752 1507 2824 γὰρ
1535 2752 1707 2824 ὄνομά
1738 2772 1839 2826 μου

1950 2746 2086 2800 enim
2111 2746 2347 2802 dimittet
2379 2756 2464 2815 te;
2496 2763 2696 2803 nomen
2718 2749 2861 2804 enim
2886 2764 3064 2803 meum
3087 2757 3173 2805 est
3202 2750 3258 2805 in
3281 2750 3375 2806 illo
3390 2746 3458 2805 θ’.
3489 2771 3509 2804 ι

252 2841 405 2894 ἐστὶν
442 2841 532 2893 ἐπ’
567 2836 735 2911 αὐτῷ.
775 2860 795 2892 ι
841 2837 951 2893 Καὶ
995 2841 1055 2894 ιν
1102 2838 1273 2912 ἑτέρῳ
1318 2837 1500 2912 τόπῳ·
1549 2862 1567 2894 ι
1605 2838 1741 2897 Εἷπε
1782 2842 1841 2897 δὲ

1950 2837 2011 2892 Ει
2042 2839 2097 2893 in
2123 2839 2236 2894 alio
2253 2839 2373 2895 loco
2404 2859 2417 2896 ι
2444 2861 2462 2892 ι
2488 2839 2634 2895 Dixit
2671 2849 2850 2895 autem
2874 2839 3136 2897 Dominus
3183 2843 3251 2897 ad
3278 2841 3513 2899 Mosem:

250 2931 461 3004 Κύριος
517 2929 654 3003 1:96;
712 2932 944 3002 Μωσῆν⁶
988 2931 1232 2996 Βάδισον,
1280 2931 1376 2986 καὶ
1436 2932 1699 3006 όδήγησον
1748 2934 1841 2989 τὸν

1950 2927 2119 2993 Vade,
2150 2935 2204 2984 et
2232 2929 2343 2984 dux
2375 2938 2496 2985 esto
2514 2930 2680 3000 hujus
2710 2931 2898 3001 populi
2926 2930 2994 2985 ad
3018 2931 3198 2985 locum
3224 2945 3384 3000 quem
3405 2929 3518 2986 dixi

250 3021 384 3077 λαὸν
416 3026 500 3086 είς
524 3022 616 3076 τὸν
643 3019 806 3076 τόπον
831 3022 889 3076 ὃν
914 3022 1114 3095 εἴρηκά
1140 3040 1254 3077 σοι·
1292 3023 1400 3078 ἰδοὺ
1427 3024 1456 3077 6
1478 3023 1709 3094 ἄγγελός
1740 3042 1841 3098 μου

1950 3019 2063 3087 libi;
2089 3035 2217 3077 ecce
2255 3022 2482 3092 angelus
2505 3038 2657 3078 meus
2675 3023 2947 3079 antecedit
2975 3023 3108 3078 te".
3141 3041 3161 3075 ι
3189 3021 3255 3076 Ει
3278 3038 3472 3080 rursus
3502 3043 3516 3079 :

251 3112 661 3187 προπορεύεται
700 3114 806 3186 πρὸ
825 3113 1117 3184 προσώπου
1144 3132 1258 3169 σου.
1291 3135 1309 3167 ι
1340 3112 1450 3170 Καὶ
1475 3117 1663 3173 πάλινο
1690 3136 1709 3170 ι
1732 3118 1842 3172 Καὶ

255 3203 369 3228 μ’--
413 3204 622 3228 πλη--
690 3202 823 3228 --λ-
864 3203 1109 3228 ιι..-ε..-
1153 3207 1389 3228 π---.ι-..
1476 3208 1563 3228 .-.Δὶ
1620 3210 1639 3228 1.
1688 3208 1747 3228 Ινρ
1789 3209 1833 3228 Δ.

1951 3128 1971 3163 ι
1995 3109 2062 3165 Et
2078 3111 2218 3168 dixit
2241 3111 2506 3169 Dominus
2541 3114 2609 3170 ad
2645 3114 2846 3171 Mosem
2865 3134 2877 3169 :
2899 3115 3022 3181 Abi,
3053 3123 3107 3170 et
3127 3114 3364 3173 ascende
3391 3115 3518 3171 hinc

1950 3206 2001 3228 1η
2048 3207 2097 3228 ΑΙ
2131 3202 2365 3228 “Anni..-
2432 3222 2448 3228 -
2479 3212 2523 3228 ηε
2574 3212 2762 3228 -..ε-....
2797 3223 2808 3228 -
2841 3223 2854 3228 -
2880 3203 2940 3228 l7-
2985 3221 3088 3228 “..-
3138 3205 3345 3228 _.:a.-...
3396 3214 3518 3228 -..ΛΑ

251 3203 374 3262 stus
413 3204 623 3279 Κύριος
686 3202 824 3276 πρὸς
864 3203 1073 3276 Μωσῆν
1097 3223 1110 3236 ·
1153 3207 1429 3279 Πορεύου,
1474 3208 1569 3263 καὶ
1608 3208 1842 3281 ἀνάϐηθι

1950 3206 2004 3254 tu
2046 3207 2101 3255 et
2130 3202 2389 3273 pepulus,
2431 3222 2451 3257 ι
2476 3212 2531 3258 et
2569 3212 2766 3260 caetera
2796 3223 2810 3261 :
2836 3223 2854 3256 ι
2879 3203 2945 3259 Ει
2985 3221 3094 3260 una
3137 3205 3347 3261 mittam
3395 3214 3522 3263 ante

256 3297 514 3353 ἐντεῦθεν
568 3298 634 3351 σὺ
669 3294 765 3352 καὶ
808 3299 836 3351 6
873 3297 1029 3362 λαός’
1070 3317 1088 3349 ι
1124 3298 1217 3352 καὶ
1260 3298 1328 3353 τὰ
1351 3298 1498 3371 ἑξῆς·
1539 3298 1687 3356 «Καὶ
1723 3318 1842 3356 συν-

1950 3288 2139 3347 [aciem
2171 3302 2322 3347 tuam
2362 3295 2615 3366 angelum
2676 3312 2857 3352 meum
2886 3297 2989 3352 ⁷⁸.»
3040 3295 3137 3352 Hae
3170 3312 3304 3355 sane
3333 3314 3519 3364 voces,

258 3388 544 3444 αποστελῶ
594 3388 701 3458 πρὸ
754 3387 1047 3459 προσώπου
1094 3406 1186 3443 σου
1237 3390 1328 3444 τὸν
1379 3388 1610 3461 ἄγγελόν
1651 3409 1776 3464 μου.
1815 3411 1836 3446 ι

1950 3383 2090 3455 quod
2128 3400 2239 3440 non
2280 3387 2458 3458 angeli
2490 3388 2587 3443 sed
2621 3389 2793 3444 solius
2828 3387 2926 3444 Dei
2955 3390 3089 3453 sint,
3123 3391 3418 3463 unicuique
3440 3392 3525 3447 fa-

254 3479 426 3539 Δῦται
470 3483 556 3535 ὅτι
610 3481 686 3552 μὴ
726 3480 981 3567 ἀγγέλου,
1020 3481 1181 3552 μόνου
1208 3481 1265 3535 δὲ
1315 3481 1448 3537 Θεοῦ
1494 3482 1734 3553 γένοιντο
1779 3483 1842 3540 ἂν

1950 3476 2059 3559 cile‘
2071 3484 2327 3534 constare
2354 3487 2556 3549 potest.
2585 3478 2761 3550 Cujus
2788 3495 2953 3551 porro
2978 3479 3095 3548 Dei,
3124 3481 3227 3537 nisi
3261 3483 3383 3554 ejus
3426 3488 3523 3555 qul

256 3574 455 3642 φωναὶ,
485 3573 650 3625 παντί
678 3589 758 3643 τῳ
789 3570 1070 3644 πρόδηλον.
1096 3572 1230 3627 Θεοῦ
1259 3569 1316 3628 δὲ
1341 3573 1518 3639 τινος,
1553 3574 1701 3647 ἢτοῦ
1732 3577 1842 3642 τοῖς

1950 3568 2142 3640 priscis
2164 3570 2417 3640 patribus
2447 3571 2519 3626 sit
2540 3571 2915 3643 visus?quem
2944 3573 3197 3644 angelum
3225 3572 3322 3629 Dei
3358 3576 3523 3645 plane

255 3666 634 3737 προπάτορσιν
684 3664 1036 3736 ἑωραμένου;
1087 3664 1148 3719 ὃν
1198 3667 1425 3736 ἄγγελον
1469 3668 1603 3723 Θεοῦ
1659 3669 1847 3739 σαφῶς

258 3761 559 3829 προσεῖπεν
588 3761 618 3813 6
649 3757 859 3812 Ἰακώϐ.
889 3752 1057 3823 Οὗτος
1088 3758 1145 3813 δὲ
1176 3754 1245 3832 ἦν
1264 3762 1396 3831 ἡμῖν
1422 3763 1450 3815 6
1481 3760 1617 3816 Θεοῦ
1651 3761 1844 3831 Λόγος,

259 3849 407 3903 ώσὰν
443 3849 545 3903 καὶ
572 3848 707 3902 Θεοῦ
739 3851 869 3914 παῖς
889 3849 983 3903 καὶ
997 3844 1179 3914 αὐτὸς,
1196 3849 1349 3915 Θεὸς,
1369 3853 1463 3906 καὶ
1489 3851 1693 3924 Κύριος
1715 3852 1850 3906 ώνοδ

266 3943 568 4015 μασμένος.

780 4032 1173 4091 ΚΕΦΑΔΔῙΟΝ
1214 4038 1331 4104 ις’.

275 4125 370 4194 Ὠς
398 4128 433 4180 ό
458 4125 648 4193 αὐτὸς
678 4127 896 4198 Κύριος
923 4127 1057 4198 περὶ
1082 4122 1286 4198 ἐτέρου
1315 4123 1587 4184 διδάσκει
1605 4126 1845 4198 Κυρίου.

726 4193 870 4251 Ἀπὸ
903 4193 1011 4252 τοῦ
1052 4193 1410 4267 Δεκιιλότου.

342 4309 361 4342 ι
401 4286 547 4357 Ἐγώ
574 4290 690 4358 είμι
718 4283 923 4359 Κύριος
945 4291 973 4342 6
1008 4284 1142 4353 Θεός
1172 4306 1289 4353 σου,
1318 4292 1346 4342 6
1370 4290 1653 4361 ἐξαγαγών
1682 4309 1742 4345 σε
1785 4294 1853 4347 ὲκ

273 4380 371 4453 τῆς
392 4381 673 4450 Αἰγύπτου
699 4420 713 4445 ,
768 4381 826 4449 ἐξ
856 4383 1008 4437 οῐκου
1054 4377 1311 4447 δουλείας.
1340 4384 1453 4436 Οὐκ
1506 4382 1718 4437 ἔσονται
1769 4400 1850 4438 σοι

270 4474 377 4529 θεοὶ
405 4473 587 4545 ἕτεροι
604 4474 743 4546 πλὴν
768 4474 923 4546 ἐμοῦ,
950 4494 968 4526 ι
997 4472 1089 4528 καὶ
1108 4473 1176 4528 τὰ
1198 4474 1344 4545 ἑξῆς⁸
1377 4495 1394 4527 ι
1432 4472 1572 4545 Ἐγὼ
1598 4477 1706 4545 γάρ
1735 4476 1850 4548 εἰμι

1946 3661 2243 3732 appellavit
2285 3658 2479 3718 Jacob.
2529 3661 2645 3719 Hoc
2689 3671 2874 3719 autem
2924 3664 3086 3721 nobis
3141 3664 3234 3722 Dei
3277 3662 3521 3723 Verbum

1946 3752 2069 3821 fut,
2101 3762 2292 3827 utpote
2320 3770 2445 3811 cum
2479 3765 2533 3813 et
2566 3755 2660 3813 Dei
2694 3755 2888 3824 Filius,
2910 3767 2962 3813 et
2991 3756 3155 3827 Deus,
3177 3771 3232 3815 et
3259 3759 3525 3818 Dominus

1947 3847 2065 3918 ipse
2098 3847 2171 3903 sit
2197 3847 2536 3904 nominatus.

2547 4024 2781 4088 CAPUT
2816 4030 2954 4089 XVI.

1951 4122 2105 4191 Quod
2133 4118 2272 4179 idem
2288 4122 2544 4180 Dominus
2571 4128 2636 4179 de
2660 4120 2957 4191 alio-docet,
2975 4122 3172 4183 scilicet
3193 4118 3361 4186 Filio.
3385 4154 3457 4172 --
3477 4129 3523 4186 Δ

2405 4194 2582 4250 decem
2618 4198 2894 4269 praeceptis
2919 4198 3068 4268 legis.

2029 4303 2048 4337 ι
2074 4284 2187 4357 Ego
2219 4301 2340 4341 sum
2370 4285 2635 4344 Dominus
2679 4287 2821 4346 Deus
2861 4300 3007 4355 tuus,
3040 4289 3134 4360 qui
3172 4288 3336 4345 eduxi
3372 4301 3426 4347 te
3450 4290 3520 4347 de

1951 4385 2095 4433 terra
2118 4376 2356 4450 Egypti,
2377 4378 2444 4433 de
2475 4380 2639 4435 domo
2668 4381 2970 4437 servitutis.
2999 4378 3120 4435 Non
3141 4388 3303 4437 erunt
3320 4380 3419 4435 tibi
3448 4379 3525 4434 dii

1956 4470 2049 4525 alii
2079 4478 2277 4543 prater
2305 4487 2411 4535 me,
2436 4490 2456 4524 ι
2493 4479 2548 4527 et
2577 4480 2794 4528 cetera.
2836 4491 2854 4523 ι
2882 4471 2994 4543 Ego
3015 4473 3161 4529 enim
3192 4488 3311 4530 sum
3339 4470 3528 4527 Domi.

273 4564 472 4638 Κύριος
498 4567 529 4618 6
575 4564 708 4630 Θεός
739 4581 852 4630 σου,
884 4565 1017 4630 Θεὸς
1055 4565 1320 4639 ζηλωτής.
1352 4586 1371 4618 ι
1422 4563 1531 4620 Καὶ
1576 4567 1842 4637 ἐπιλέγει⁴

1958 4578 2062 4617 nus
2087 4562 2230 4618 Deus
2258 4571 2383 4617 tuus
2404 4562 2689 4617 aemulator
2705 4564 2807 4627 ’3,»
2841 4570 2896 4618 et
2926 4562 3207 4633 adjungit:
3242 4582 3261 4613 ι
3283 4560 3404 4617 Non
3435 4578 3532 4616 ειιο

277 4672 295 4705 ι
319 4656 391 4710 οὐ
420 4655 569 4728 λήψῃ
598 4655 660 4708 :6
680 4655 849 4727 δνομα
869 4655 1073 4728 Κυρίου
1101 4656 1195 4711 τοῦ
1219 4656 1353 4712 Θεοῦ
1382 4675 1475 4711 σου
1501 4656 1592 4712 ἐπὶ
1615 4659 1849 4730 ματαίῳ.

274 4748 344 4802 οὐ
365 4746 477 4819 γὰρ
504 4747 582 4819 μὴ
615 4746 889 4823 καθαρίσῃ
919 4746 1124 4822 Κύριος
1148 4748 1239 4803 τὺν
1278 4749 1618 4822 λαμϐάνοντα
1644 4751 1706 4805 τὸ
1736 4751 1852 4805 ϐνοι

275 4855 351 4909 μα
387 4838 558 4892 αὑτοῦ
596 4839 691 4891 ἐπὶ
731 4839 961 4911 ματαίῳ.
987 4860 1006 4891 ι
1044 4839 1337 4894 Κάνταῦθα
1384 4838 1543 4905 αὐτὸς
1582 4842 1610 4894 6
1650 4840 1853 4913 Κύριος

272 4930 400 5001 περὶ
428 4928 618 4999 ἑτέρου
652 4927 861 5001 Κυρίου
891 4929 959 4983 τὰ
1001 4928 1338 5001 προκείμενα
1364 4928 1625 4983 διδάσκει.
1667 4928 1853 4983 Εἰπὼν

273 5019 439 5089 γοῦν,
471 5037 491 5068 ι
534 5017 677 5086 Ἐγώ
710 5020 824 5089 εἰμι
858 5018 1062 5091 Κύριος
1105 5021 1134 5072 6
1184 5017 1318 5084 Θεός
1364 5036 1481 5084 σου,
1525 5038 1543 5071 ι
1581 5018 1851 5089 ἐπιλέγει·

279 5127 301 5163 ι
323 5111 401 5165 Οὐ
596 5109 659 5162 :6
677 5109 845 5180 ὄνομα
868 5111 1076 5182 Κυρίου
1104 5106 1199 5165 τοῦ
1232 5111 1366 5164 Θεοῦ
1400 5125 1523 5165 σου’
1552 5132 1570 5163 ›
1599 5111 1728 5182 περὶ
1759 5110 1854 5165 τοῦ

278 5197 493 5272 Πατρὺς
530 5197 729 5270 δηλαδὴ
753 5201 847 5253 καὶ
874 5198 1009 5253 Θεοῦ
1038 5199 1147 5254 τῶν
1166 5201 1300 5255 ὅλων
1320 5202 1348 5254 ό
1369 5201 1618 5274 δεύτερος
1654 5201 1858 5274 Κύριος

277 5291 367 5345 τὸν
396 5291 708 5363 θεράποντα
750 5291 1143 5364 μυσταγωγῶν.
1173 5292 1369 5365 Εὖροις
1397 5294 1442 5347 δ’
1479 5293 1544 5347 ἂν
1582 5296 1678 5349 καὶ
1724 5294 1857 5351 ἄλλα

285 5383 452 5455 μυρία
479 5384 547 5438 δι’
575 5384 704 5455 ὅλης
725 5384 824 5455 τῆς
864 5386 1015 5457 ἱερᾶς
1044 5387 1286 5459 Γραφῆς,
1322 5387 1714 5458 παραπλησίως
1733 5382 1859 5443 τοῦς

284 5490 395 5539 τοις
432 5475 853 5548 ἐξενηνεγμένα,
893 5477 960 5531 δι’
989 5474 1064 5531 ὧν
1104 5480 1132 5531 6
1174 5478 1334 5542 Θεὸς,
1380 5477 1456 5542 ὡς
1499 5480 1627 5551 περὶ
1672 5480 1858 5552 ἐτέρου

285 5564 441 5630 Θεοῦ,
473 5568 570 5621 καὶ
601 5567 764 5632 αὐτὸς
797 5568 826 5621 6
861 5569 1084 5641 Κύριος,
1129 5566 1202 5633 ὡς
1238 5571 1366 5640 περὶ
1407 5567 1592 5641 ἑτέρου
1630 5571 1856 5643 Κυρίου,

288 5658 408 5721 τοὺς
438 5660 725 5729 χρησμοὺς
752 5660 1008 5714 ἐποιεῖτο.

1955 4666 2074 4707 mes
2097 4666 2295 4708 nomen
2334 4650 2551 4707 Domini
2579 4652 2671 4708 Dei
2710 4653 2854 4707 tuiin
2900 4668 3099 4709 vanum
3120 4650 3190 4710 ".
3232 4652 3347 4709 Nec
3384 4653 3531 4709 enim

1956 4742 2177 4798 habebit
2204 4742 2475 4799 insontem
2498 4742 2761 4799 Dominus
2784 4758 2908 4799 eum
2934 4743 3027 4814 qui
3051 4743 3411 4814 assumpserit
3437 4758 3535 4797 no-

1957 4848 2079 4889 men
2096 4833 2308 4890 Domini
2323 4836 2408 4892 sui
2422 4834 2643 4891 frustra.
2657 4853 2676 4888 ι
2699 4833 2815 4889 Hoc
2827 4836 2988 4891 etiam
3004 4835 3124 4890 loco
3140 4835 3255 4904 ipse
3269 4833 3534 4890 Dominus

1956 4940 2021 4981 ea
2060 4943 2182 4998 qua:
2210 4929 2456 4999 exposita
2483 4935 2613 4984 sunt
2644 4929 2712 4984 de
2750 4928 2857 4983 alio
2873 4926 3052 4983 docet.
3088 4924 3368 4998 Siquidem
3401 4940 3530 5004 cum

1956 5018 2156 5075 (ﬁxerit
2177 5058 2192 5084 ,
2214 5037 2233 5071 ι
2260 5019 2371 5091 Ego
2400 5036 2521 5078 sum
2544 5020 2804 5076 Dominus
2854 5020 2993 5075 Deus
3018 5028 3166 5087 tuus,
3195 5040 3215 5073 ι
3246 5019 3493 5089 adjungit
3517 5034 3534 5076 ι

1964 5129 1982 5162 ι
2006 5109 2125 5165 Νοιι
2168 5127 2354 5167 sumes
2383 5128 2583 5167 nomen
2609 5111 2825 5169 Domini
2855 5113 2949 5171 Dei
2965 5113 3078 5169 tui:
3110 5132 3130 5165 ι
3153 5111 3315 5184 243
3336 5111 3539 5182 quippe

1957 5218 2082 5258 cum
2094 5202 2161 5258 de
2186 5202 2348 5260 Patre
2370 5212 2424 5259 et
2445 5202 2556 5261 Deo
2579 5205 2840 5271 universi,
2864 5207 2911 5262 is
2927 5206 3018 5277 qui
3048 5205 3228 5261 abillo
3250 5215 3335 5261 εει
3357 5203 3540 5260 Domi-

1958 5311 2087 5360 nus,
2119 5312 2277 5350 suum
2302 5312 2519 5352 servum
2546 5299 2719 5354 sacris
2745 5296 3082 5359 initiet.Alia
3095 5305 3355 5368 praeterea
3372 5296 3536 5351 innua

1960 5388 2247 5443 merabilia
2292 5390 2537 5446 invenies
2571 5405 2667 5461 per
2708 5397 2878 5445 totam
2915 5388 3256 5461 Scripturam
3297 5403 3536 5452 sacram,

1961 5492 2083 5546 qua:
2124 5480 2314 5535 eadem
2360 5480 2572 5537 ratione
2599 5497 2707 5551 qua
2754 5481 2870 5537 hac
2915 5482 3199 5538 enuntiata
3243 5490 3395 5547 sunt,
3445 5476 3540 5535 ubi

1960 5566 2122 5625 Pater
2160 5578 2421 5643 tanquam
2471 5573 2539 5628 de
2567 5573 2671 5628 alia
2701 5589 2959 5645 persona,
3009 5582 3063 5630 et
3116 5575 3234 5645 ipse
3277 5573 3541 5630 Dominus

1962 5669 2223 5732 tanquam
2246 5663 2313 5719 de
2359 5664 2465 5719 alio
2513 5666 2772 5735 quodam,
2809 5667 3032 5722 oracula
3060 5667 3345 5723 reddebat.

362 5809 407 5845 "
433 5812 605 5869 Exod.
636 5829 793 5879 χχιιι,
824 5815 1018 5878 20,21.
1093 5813 1140 5847 ’³
1175 5813 1321 5871 Exod
1377 5832 1550 5884 xxxii,
1581 5817 1670 5875 36.
1745 5820 1789 5851 "
1826 5817 1842 5873 Ι

1950 5820 1994 5876 ι.
2028 5836 2221 5887 xxxiii,
2256 5820 2381 5889 1,2.
2458 5821 2504 5853 ⁷³
2534 5820 2705 5879 Exod.
2747 5823 2980 5891 imi-5.
3054 5823 3102 5857 "
3142 5823 3276 5878 ibid.
3319 5856 3364 5880 ..

606 5908 880 5971 Ριτιιοι..
915 5912 1030 5972 Gn.
1073 5912 1273 5974 XXII.

3186 5914 3261 5975 13
