3902 6264
418 346 518 402 595

977 458 1195 519 CAPU'!
1239 458 1403 514 XVII.

415 581 567 648 Quod
598 598 643 635 ιε
676 594 860 633 rursus
883 577 1159 640 Dominus,
1208 574 1295 646 qui
1325 570 1466 648 Mosi
1507 585 1759 648 responsa
1790 564 1973 648 ασθαι,

470 652 635 705 alium
679 667 712 703 α
751 665 849 718 quo
879 656 992 701 erat
1028 637 1335 718 agnoscens,
1368 637 1809 710 Putrem'utique,
1842 637 1977 690 hunc

480 725 651 791 ipsum
682 717 837 773 suum
864 718 1031 773 Deum
1054 717 1296 779 vocabat.

486 856 504 886 ι
532 836 595 889 Et
626 835 763 890 dixit
786 832 1052 888 Dominus
1091 832 1159 888 ad
1189 831 1427 902 Moysem
1456 850 1468 885 :
1494 828 1560 882 Et
1601 828 1703 881 hoc
1733 825 1829 879 tibi
1866 839 1980 879 ver-

411 932 560 991 bum,
598 928 745 999 quod
770 926 979 990 dixisti,
1009 924 1227 979 faciam.
1265 921 1525 977 Invenisti
1560 920 1704 975 enim
1743 917 1976 988 gratiam

409 1037 592 1076 coram
611 1036 718 1084 me,
738 1029 789 1075 et
804 1018 932 1075 novi
946 1027 998 1072 te
1012 1026 1431 1088 prmteronmes.
1446 1033 1463 1066 3
1488 1013 1553 1068 Et
1577 1013 1714 1068 dixit
1732 1012 1941 1084 Moyses
1962 1026 1975 1064 :

415 1132 432 1165 ι
453 1111 692 1168 Ostende
712 1112 842 1164 mihi
857 1118 1006 1164 tuam
1025 1110 1275 1179 gloriam.
1292 1128 1309 1159 3
1328 1108 1392 1160 Et
1409 1106 1545 1162 dixit
1561 1126 1573 1160 :
1588 1126 1606 1158 ι
1627 1105 1739 1176 Ego
1760 1104 1978 1159 anteibo

408 1206 558 1275 prior
602 1211 654 1258 te
687 1202 860 1273 gloria
896 1217 1040 1267 mea,
1074 1207 1127 1256 et
1151 1202 1355 1255 voeabo
1392 1200 1445 1253 in
1478 1198 1698 1253 nomine
1723 1212 1841 1252 meo
1869 1196 1976 1251 Do-

408 1294 617 1348 minum
653 1307 837 1349 coram
867 1301 940 1356 te,
974 1298 1028 1345 et
1067 1290 1371 1345 miserabor
1403 1288 1782 1359 cujuscunque
1812 1287 1977 1341 mise-

407 1400 555 1450 reor,
603 1392 656 1439 et
702 1384 944 1439 clemens
991 1396 1087 1437 ero
1128 1396 1254 1451 erga
1290 1395 1673 1451 quemcunque
1711 1395 1831 1434 sum
1866 1378 1975 1433 cle—

407 1492 563 1531 mens
578 1477 645 1531 ⁷⁷.
673 1495 690 1527 ι
716 1474 781 1528 Et
808 1486 931 1546 post
960 1474 1066 1529 alia
1104 1472 1374 1543 adjungit,
1402 1481 1565 1542 atque
1591 1473 1665 1525 ait
1689 1491 1701 1525 :
1728 1490 1746 1522 ι
1786 1469 1851 1524 Et
1889 1470 1978 1524 de-

406 1568 623 1625 scendit
645 1566 908 1622 Dominus
925 1566 978 1620 in
1002 1566 1164 1630 nube,
1192 1572 1247 1621 et
1265 1564 1472 1620 adstitit
1498 1564 1548 1619 ei
1579 1565 1706 1621 illic.
1734 1571 1787 1618 et
1814 1576 1973 1618 voca-

405 1659 482 1713 vit
525 1658 580 1711 in
648 1656 869 1711 nomine
914 1653 1162 1708 Domini:
1213 1660 1266 1707 et
1304 1653 1557 1708 transivit
1606 1650 1868 1705 Dominus
1919 1650 1977 1703 in

404 1750 623 1805 nomine
672 1750 866 1819 ipsius,
901 1754 955 1803 et
995 1745 1244 1801 vocavit:
1270 1745 1518 1810 Domine,
1547 1743 1798 1806 Domine,
1836 1740 1975 1796 Deus

404 1836 643 1898 clemens
668 1849 722 1895 et
755 1839 1093 1902 misericors,
1124 1836 1475 1907 longanimis,
1511 1844 1564 1889 et
1594 1835 1775 1887 multa:
1819 1833 1975 1887 mise-

401 1931 653 1993 rationis,
698 1937 753 1984 et
799 1943 985 1995 verax,
1027 1934 1083 1981 et
1126 1927 1397 1996 justitiam
1460 1938 1708 1987 servans,
1764 1922 1971 1975 faciens

402 2021 836 2080 misericordiam
886 2022 940 2075 in
1005 2018 1196 2081 millia,
1247 2016 1502 2072 auferens
1559 2014 1878 2085 iniquitates
1917 2022 1970 2069 et

402 2114 720 2184 injustitias,
745 2119 799 2166 et
817 2116 1038 2181 peccata
1074 2124 1087 2160 :
1117 2116 1172 2163 et
1216 2107 1536 2178 purgatione
1559 2121 1670 2161 non
1718 2104 1972 2175 purgabit

401 2219 585 2258 reum:
620 2200 886 2260 inducens
919 2206 1142 2269 peccata
1174 2205 1390 2268 patrum
1434 2197 1493 2251 in
1526 2189 1688 2260 ﬁlios,
1734 2207 1787 2249 et
1829 2195 1969 2249 ﬁlios

401 2292 658 2358 ﬁliorum,
693 2294 748 2347 in
788 2294 1005 2347 tertiam
1068 2301 1123 2348 et
1152 2300 1403 2363 quartam
1433 2283 1838 2361 generationem
1868 2309 1881 2342 :
1914 2296 1969 2343 et

398 2400 522 2439 cum
554 2382 868 2442 festinasset
925 2384 1124 2450 Moses,
1170 2391 1430 2439 curvatus
1464 2384 1519 2437 in
1553 2386 1752 2438 te'rram
1773 2382 1969 2436 adora-

396 2476 472 2530 vit
488 2477 552 2528 ⁷⁸.
580 2496 599 2528 3
631 2476 1104 2549 Contemplamini,
1127 2491 1334 2548 quaeso,
1360 2490 1593 2546 quonam
1619 2476 1779 2529 modo
1804 2476 1966 2529 etiam

395 2584 544 2623 nunc
597 2570 714 2640 ipse
759 2568 1041 2637 Dominus,
1093 2571 1185 2641 qui
1243 2572 1300 2625 in
1359 2570 1503 2624 nube
1552 2567 1857 2631 descendit,
1912 2577 1967 2621 et

396 2662 530 2717 Mosi
589 2663 800 2717 adstitit
843 2664 900 2718 in
946 2664 1165 2718 nomine
1205 2663 1439 2726 Domini,
1481 2662 1753 2717 vocaverit
1797 2662 1963 2714 alium

396 2765 593 2826 praeter
625 2758 889 2826 seipsum,
924 2757 1017 2826 qui
1054 2757 1248 2811 solitus
1278 2755 1350 2811 sit
1387 2770 1454 2810 ex
1487 2753 1964 2824 conduplicatione

393 2847 478 2901 bis
507 2845 773 2900 Dominus
819 2846 1102 2915 appellari,
1139 2854 1399 2914 tanquam
1441 2860 1588 2909 eum,
1635 2858 1665 2898 a
1700 2859 1807 2914 quo
1846 2845 1962 2913 ipse

394 2939 486 3001 sit,
524 2938 857 3007 reliquorum
888 2938 1130 2991 omnium
1158 2936 1249 3005 jus
1271 2943 1708 3007 potestatemque
1730 2937 1957 2999 habens,

396 3029 486 3083 Dei
518 3028 739 3082 nomine
768 3027 1092 3089 celebretur,
1111 3041 1271 3080 suum
1305 3025 1493 3095 utique
1516 3023 1768 3091 Patrem;
1794 3034 1959 3095 atque

1103 340 1371 399 EUSEBII
1411 331 1886 394 CAESARIENSIS
1923 326 2075 386 OPP.
2115 329 2311 385 PARS.
2353 330 2417 387 ΙΙ.
2457 361 2524 371 —-
2563 330 3060 390 APOLOGETICA.

3559 343 3665 401 396

2614 449 3003 504 ΚΕΦΑΛΑΙΟΝ
3028 452 3129 505 ΙΖ’.

2095 557 2191 635 Ὠς
2213 560 2395 625 αὐτὸς
2419 558 2592 635 αὖθις
2623 565 2654 615 ό
2678 561 2755 626 τῷ
2774 632 2781 635 _
2802 563 3009 617 Μωσεῖ
3030 564 3397 635 χρηματίζων
3418 567 3657 635 Κύριος,

2151 630 2353 706 ἕτερον
2396 632 2964 706 Κύριον-κρείττονα
3013 630 3231 706 ἑαυτοῦ
3276 635 3381 688 τὸν
3429 630 3665 706 Πὰτέρα

2153 699 2517 770 γιγνώσκων,
2545 703 2761 755 τοῦτον
2785 705 3076 772 ἀληθινὸν
3109 704 3257 757 Θεὸν
3287 699 3661 762 ἀνεκαλεῐξο.

2162 834 2181 865 ι
2232 815 2340 868 Καὶ
2404 809 2523 866 εἷπε
2583 816 2787 887 Κύριος
2826 816 2962 888 πρὸς
3010 817 3253 888 Μωσῆν·
3314 819 3427 871 Καὶ
3466 818 3659 874 τοῦτόν

2085 926 2167 962 σοι
2218 907 2308 962 τὸν
2358 907 2536 977 λόγον,
2578 907 2638 961 δν
2690 910 2937 979 εἴρηκας,
2976 909 3203 979 ποιήσω.
3249 909 3506 981 Εὓρηκας
3547 912 3658 985 γὰρ

2081 1001 2240 1072 χάριν
2265 1000 2495 1055 ἐνώπιόν
2530 1017 2654 1072 μου,
2687 1001 2784 1055 καὶ
2804 998 2921 1054 οἶδά
2950 1018 3009 1053 σε
3037 1001 3188 1072 παρὰ
3222 1003 3449 1067 πάντας.
3491 1022 3511 1055 3
3548 1004 3661 1057 Καὶ

2079 1089 2198 1147 εἷπε
2232 1094 2454 1165 Μωσῆς·
2485 1112 2503 1145 ι
2531 1092 2712 1158 Δεῖξόν
2748 1110 2839 1164 μοι
2891 1095 2993 1166 τὴν
3032 1092 3261 1147 σεαυτοῦ
3282 1094 3459 1162 δόξαν.
3499 1114 3520 1147 3
3546 1098 3658 1150 Καὶ

2081 1180 2263 1238 εἶπεν·
2296 1203 2316 1235 ι
2361 1183 2502 1253 Ἐγὼ
2533 1185 2979 1258 προπορεύσομαι
3012 1187 3278 1259 πρότερός
3315 1205 3406 1241 σου
3430 1190 3497 1260 τῇ
3526 1188 3655 1263 δόξῃ

2083 1293 2207 1348 μου,
2229 1278 2324 1331 καὶ
2349 1277 2561 1331 καλέσω
2583 1280 2641 1331 ἐν
2665 1278 2890 1348 ὀνόματί
2914 1297 3017 1350 μου
3039 1279 3242 1352 Κύριον
3268 1282 3509 1335 ἐναντίον
3535 1299 3652 1346 σου,

2078 1373 2172 1425 καὶ
2200 1373 2406 1442 ὲλεήσω
2469 1371 2529 1425 ὃν
2580 1372 2645 1425 ἂν
2686 1371 2842 1436 ἐλεῶ,
2885 1374 2980 1426 καὶ
3031 1375 3354 1446 οἰκτειρήσω
3384 1374 3443 1427 ὃν
3479 1373 3545 1429 ἂν
3576 1378 3655 1429 ol-

2079 1464 2299 1536 κτείρω.
2338 1482 2357 1515 3
2390 1464 2499 1516 Καὶ
2560 1465 2679 1535 μεθ’
2724 1463 2888 1535 ἕτερα
2932 1465 3185 1536 ἐπιφέρει
3240 1465 3441 1533 λέγων·
3483 1485 3509 1545 (ι
3539 1467 3652 1521 Καὶ

2079 1559 2279 1629 κατέϐη
2294 1557 2498 1630 Κύριος
2514 1560 2570 1611 ἐν
2589 1558 2811 1631 νεφέλῃ,
2832 1560 2926 1612 καὶ
2942 1559 3192 1631 παρέστη
3219 1559 3369 1630 αὐτῷ
3403 1561 3541 1624 ἐκεῖ,
3559 1560 3654 1614 καὶ

2078 1652 2337 1723 ἐλάλησεν
2370 1654 2427 1705 ἐν
2471 1650 2695 1721 ὀνόματι
2746 1650 2951 1722 Κυρίου
2975 1667 2990 1681 ⁸
3022 1652 3116 1706 καὶ
3162 1652 3409 1723 παρῆλθε
3447 1651 3655 1723 Κύριος

2077 1745 2134 1798 ἐν
2180 1745 2402 1815 ὀνόματι
2439 1743 2629 1808 αὐτοῦ,
2674 1743 2771 1796 καὶ
2815 1743 3079 1797 ἐκάλεσε’
3118 1743 3311 1814 Κύριε,
3365 1743 3564 1815 Κύριε,
3621 1745 3651 1797 6

2075 1835 2207 1899 Θεὸς
2243 1836 2539 1906 οἰκτίρμων
2598 1837 2691 1889 καὶ
2722 1837 2988 1906 ἐλεήμων,
3039 1835 3390 1907 μακρόθυμος
3423 1835 3519 1889 καὶ⁵
3552 1853 3649 1889 πο-

2072 1928 2314 1991 λυέλεος,
2360 1927 2454 1981 καὶ
2492 1926 2779 1997 ἀληθινὸς,
2827 1928 2921 1981 καὶ
2967 1926 3308 1998 δικαιοσύνην
3350 1926 3645 1999 διατηρῶν,

2072 2018 2239 2073 ποιῶν
2266 2018 2413 2083 ἔλεος
2441 2020 2519 2082 είς
2559 2019 2820 2089 χιλιάδας,
2844 2019 3092 2090 ἀφαιρῶν
3122 2020 3372 2089 ἀνομίας,
3407 2019 3500 2072 καὶ
3532 2019 3649 2073 ἀδι-

2070 2110 2215 2175 κίας,
2247 2111 2342 2164 καὶ
2374 2111 2646 2181 ἁμαρτίας
2666 2128 2678 2140 ’
2708 2110 2802 2163 καὶ
2835 2110 3163 2182 καθαρισμῷ
3185 2111 3246 2163 ού
3279 2110 3534 2182 καθαριεῖ
3554 2110 3647 2163 τὸν

2070 2203 2273 2274 ἔνοχον,
2322 2204 2551 2272 ἀπάγων
2596 2203 2872 2274 ἁμαρτίας
2915 2202 3166 2275 πατέρων
3194 2203 3288 2256 ἐπὶ
3317 2202 3505 2267 τέκνα,
3552 2204 3648 2257 καὶ

2069 2296 2237 2350 τέκνα
2260 2295 2486 2359 τέκνων,
2524 2297 2616 2349 ἐπὶ
2644 2296 2833 2367 τρίτην
2856 2296 2949 2349 καὶ
2982 2296 3246 2367 τετάρτην
3272 2296 3463 2362 γενεάν
3493 2314 3506 2326 ·
3547 2298 3645 2350 καὶ

2070 2388 2310 2451 σπεύσας
2354 2389 2591 2459 Μωσῆς,
2643 2388 2819 2459 κύψας
2856 2388 2950 2441 ἐπὶ
2992 2388 3091 2459 τὴν
3138 2388 3243 2457 γῆν
3296 2387 3645 2460 προσεκύνη-

2069 2496 2179 2534 σεν.
2218 2498 2237 2531 3
2268 2479 2409 2550 Ὅρα
2442 2478 2505 2550 δὴ
2531 2480 2652 2533 τίνα
2677 2479 2876 2551 τρόπον
2903 2479 2996 2532 καὶ
3019 2479 3114 2532 νῦν
3147 2478 3307 2543 αὐτὸς
3334 2482 3362 2532 6
3387 2478 3591 2551 Κύριος
3613 2480 3647 2531 6

2072 2572 2309 2635 καταϐὰς
2332 2571 2592 2625 ἐκάλεσεν
2635 2572 2694 2625 ἐν
2747 2571 2966 2643 νεφέλῃ,
3000 2572 3095 2625 καὶ
3134 2570 3210 2641 τῷ
3238 2572 3425 2624 Μωσεί
3461 2586 3648 2642 παρα-

2068 2662 2200 2726 στὰς
2231 2663 2290 2714 ἐν
2349 2661 2571 2732 ὀνόματι
2621 2660 2848 2732 Κυρίου,
2882 2660 3069 2729 ἕτερον
3101 2660 3230 2729 παρ’
3261 2659 3475 2721 ἐαυτὸν,
3512 2674 3642 2710 συν-

2065 2754 2211 2824 ήθως
2238 2752 2380 2807 κατὰ
2420 2752 2786 2806 άναδίπλωσιν
2810 2751 2892 2815 δὶς
2937 2750 3140 2822 Κύριον
3186 2750 3635 2820 ἐπικαλούμενον,
3680 2744 3686 2749 ’

2065 2845 2213 2899 ὼσὰν
2255 2846 2348 2897 καὶ
2382 2842 2574 2897 ἑαυτοῦ
2606 2846 2698 2898 καὶ
2724 2844 2831 2897 τῶν
2859 2843 3059 2923 λοιπῶν
3085 2842 3337 2896 ἁπάντων
3367 2843 3639 2913 δεσπότην

2064 2936 2500 3009 Θεολογούμενον,
2533 2937 2622 2991 τὸν
2660 2937 2853 2991 ἑαυτοῦ
2901 2938 3148 3009 Πατέρα·
3193 2938 3287 2991 καὶ
3332 2938 3411 2989 ὅτι
3462 2953 3527 3006 γε
3580 2938 3641 2989 ἐν

2064 3030 2269 3094 τούτοις
2308 3032 2368 3083 ού
2415 3032 2653 3103 Μωσῆς,
2688 3031 2764 3096 ὡς
2807 3031 2873 3085 ἂν
2917 3031 3175 3085 ὑπολάϐοι
3225 3048 3328 3095 τις,
3360 3028 3495 3083 ἀλλὰ
3528 3029 3641 3101 γὰρ

392 3122 519 3174 utin
544 3120 629 3174 his
659 3134 769 3172 non
821 3117 1019 3181 Moses,
1058 3117 1199 3172 sicut
1224 3116 1453 3173 forsitan
1478 3116 1746 3186 quispiam
1777 3117 1957 3185 suspi-

2069 3123 2225 3188 αὐτὸς
2257 3126 2285 3178 6
2333 3124 2536 3196 Κύριος
2583 3124 2767 3193 ἕτερον
2810 3122 3012 3193 Κύριον
3059 3124 3149 3175 τὸν
3189 3122 3408 3194 Πατέρα
3456 3122 3637 3185 καλεῖ,

391 3223 567 3276 cctur,
609 3211 704 3267 sed
754 3213 874 3283 ipse
917 3211 1181 3267 Dominus
1210 3211 1375 3265 alium
1414 3225 1575 3265 suum
1605 3208 1821 3264 Patrem
1856 3226 1956 3264 vo-

390 3316 515 3361 cat:
544 3314 671 3361 ante
714 3306 859 3361 enim
899 3306 946 3360 is
1002 3305 1094 3374 qui
1137 3302 1270 3358 Mosi
1305 3303 1604 3375 respondit,
1654 3305 1760 3359 ait:
1800 3324 1818 3356 ι
1846 3303 1957 3376 Ego

387 3399 635 3454 transibo
662 3399 814 3469 prior
845 3406 900 3453 te
946 3398 1119 3468 gloria
1158 3413 1299 3462 mea,
1327 3406 1380 3453 et
1402 3397 1609 3451 vocabo
1638 3398 1693 3451 in
1736 3400 1955 3455 nomine

390 3490 623 3546 Domini.
655 3510 673 3543 3
711 3488 811 3545 Ubi
843 3491 1007 3560 igitur
1040 3490 1142 3545 hoc
1180 3489 1337 3551 dixit,
1389 3488 1669 3559 Scriptura
1699 3490 1955 3562 deinceps

388 3586 562 3639 instar
573 3584 900 3639 narrationis
912 3584 1154 3654 adiungit
1174 3581 1356 3655 :2“
1373 3601 1389 3632 ι
1402 3582 1468 3635 Ει
1480 3583 1756 3638 descendit
1770 3582 1955 3637 Domi-

386 3694 492 3733 nus
521 3678 575 3731 in
605 3678 769 3741 nube,
794 3683 848 3732 et
875 3677 1088 3732 adstitit
1110 3678 1158 3732 ei
1184 3679 1315 3741 illic,
1341 3684 1393 3732 et
1416 3678 1630 3732 vocavit
1656 3678 1710 3732 in
1735 3678 1953 3733 nomine

385 3767 654 3823 Domini.3
706 3768 875 3839 Igitur
912 3769 1030 3839 ipse
1059 3768 1321 3824 Dominus
1348 3770 1475 3823 dum
1507 3778 1611 3834 est,
1650 3770 1792 3839 quod
1826 3785 1953 3839 pro-

383 3860 627 3921 miserat,
664 3868 1042 3929 praestaturus,
1073 3859 1377 3925 descendit,
1403 3866 1457 3914 et
1489 3860 1949 3930 quemadmodum

379 3950 546 4004 verba
580 3950 695 4020 ipsa
716 3950 1044 4020 significant,
1070 3951 1415 4021 progreditur
1444 3961 1570 4006 ante
1617 3951 1810 4006 faciem
1837 3953 1952 4008 Mo-

382 4042 481 4095 sis.
512 4040 630 4110 Ipse
670 4049 851 4095 autem
892 4041 1154 4095 Dominus
1198 4048 1355 4095 vocat
1395 4041 1617 4097 dicens:
1677 4061 1695 4093 ι
1722 4042 1950 4097 Domine

382 4125 546 4188 Deus.
587 4127 827 4182 clemens
854 4136 907 4183 et
933 4129 1265 4193 misericors,
1302 4151 1321 4183 ι
1359 4139 1413 4185 et
1443 4147 1564 4201 qua:
1596 4142 1941 4203 sequuntur:

378 4219 579 4288 quibus
614 4220 796 4275 verbis
841 4221 1000 4291 plane
1042 4222 1158 4291 ipse
1188 4223 1450 4279 Dominus
1490 4242 1649 4281 suum
1706 4243 1944 4295 servum,

378 4317 434 4363 et
463 4310 705 4380 seipsum
732 4311 986 4381 quisnam
1024 4321 1188 4377 esset,
1221 4323 1274 4369 et
1303 4314 1526 4386 ingeniti
1556 4317 1768 4372 Domini
1803 4320 1943 4372 noti-

378 4398 531 4462 tiam,
565 4400 723 4469 quasi
772 4402 944 4456 sacris
979 4402 1203 4458 initians
1246 4404 1424 4459 docet.
1466 4404 1579 4460 Hoc
1613 4423 1739 4462 vero
1766 4409 1941 4478 ipsum

2066 3213 2397 3287 παραλαϐὼν
2442 3214 2601 3278 αὐτὸς
2627 3216 2654 3267 6
2685 3213 3037 3287 χρηματίζων
3077 3212 3153 3283 τῷ
3185 3215 3374 3266 Μωσετ
3431 3229 3597 3284 φησιν
3618 3228 3634 3243 ·

2070 3323 2088 3355 ι
2111 3302 2253 3372 Ἐγὼ
2280 3303 2683 3375 παρελεύσομαι
2712 3305 2977 3376 πρότερός
3005 3320 3098 3356 σου
3128 3306 3194 3373 τῇ
3229 3303 3352 3374 δόξῃ
3383 3320 3504 3375 μου,
3537 3320 3639 3357 κα-

2062 3395 2201 3448 λέσω
2246 3397 2304 3448 ἐν
2346 3395 2569 3466 ὀνόματι
2601 3396 2826 3466 Κυρίου.
2869 3414 2888 3447 3
2935 3394 3104 3447 Τοῦτο
3151 3393 3282 3463 γοῦν
3326 3392 3633 3465 εἰρηκότος,

2061 3489 2187 3560 ἐξῆς
2211 3490 2450 3558 ἐπιλέγει
2483 3492 2515 3560 ὴ
2538 3489 2725 3561 Γραφὴ
2753 3487 3161 3560 διηγηματικῶς
3182 3506 3197 3520 ο
3231 3506 3251 3539 ι
3287 3488 3397 3541 Καὶ
3425 3485 3634 3559 κατέϐη

2060 3582 2265 3653 Κύριος
2315 3585 2373 3636 ἐν
2420 3582 2637 3653 νεφέλῃ,
2689 3582 2784 3635 καὶ
2835 3581 3079 3653 παρέστη
3141 3579 3289 3651 αὐτῷ
3345 3581 3478 3642 ἐκεῖ,
3536 3579 3635 3632 καὶ

2059 3674 2317 3727 ἐκάλεσεν
2358 3675 2415 3726 ἐν
2460 3674 2680 3743 ὀνόματι
2722 3674 2947 3745 Κυρίου.
2985 3693 3003 3725 3
3031 3673 3237 3727 ούκοῦν
3271 3673 3432 3735 αὐτὸς
3456 3673 3484 3724 ό
3516 3672 3633 3725 Κύ-

2063 3783 2175 3838 ριος
2192 3766 2290 3836 τὴν
2316 3765 2607 3836 ὑπόσχεσιν
2636 3764 2733 3836 τὴν
2757 3766 2920 3819 αὑτοῦ
2945 3763 3248 3837 πληρώσων
3279 3765 3508 3828 κάτεισι,
3536 3764 3631 3819 καὶ

2057 3857 2245 3930 ὥσπερ
2270 3859 2299 3911 6
2331 3857 2484 3926 λόγος
2532 3856 2687 3927 φησὶ,
2732 3856 2944 3928 πρόεισι
2978 3856 3084 3927 πρὸ
3117 3853 3410 3926 προσώπου
3430 3853 3626 3923 Μωσῆ.

2057 3948 2166 4001 Καὶ
2192 3947 2353 4012 αὐτὸς
2382 3947 2504 4019 δὴό
2526 3948 2729 4019 Κύριος
2758 3945 2913 4001 καλεῖ
2932 3945 3104 4015 λέγων
3123 3960 3137 3974 ·
3171 3964 3188 3995 ι
3221 3944 3393 4015 Κύριε
3417 3945 3447 3996 6
3473 3943 3627 4007 Θεὸς,

2056 4040 2352 4111 οἰκτίρμων
2400 4040 2493 4093 καὶ
2527 4039 2791 4109 ἐλεήμων,
2852 4057 2871 4088 3
2917 4037 3011 4091 καὶ
3054 4036 3124 4090 τὰ
3163 4035 3323 4106 ἐξῆςο
3375 4033 3561 4105 σαφῶς
3597 4035 3629 4087 6

2054 4132 2259 4203 Κύριος
2284 4132 2374 4185 τὸν
2414 4130 2737 4203 Θεράποντα,
2767 4130 2957 4183 ἑαυτόν
2989 4145 3050 4181 τε
3083 4129 3230 4190 ὅστις
3257 4126 3364 4197 εἴη,
3401 4126 3498 4179 καὶ
3528 4124 3627 4195 τὴν

2054 4225 2147 4278 τοῦ
2176 4225 2480 4296 κρείττονος
2528 4223 2732 4296 Κυρίου
2786 4222 2984 4292 γνῶσιν
3032 4219 3419 4293 μυσταγωγῶν.
3457 4216 3628 4271 Τοῦτο

2051 4319 2109 4371 δέ
2154 4335 2234 4371 σοι
2278 4319 2640 4389 παραστήσει,
2673 4317 2820 4380 ἔνθα,
2873 4314 3305 4386 προσευχόμενος
3348 4311 3489 4382 ὑπὲρ
3528 4310 3624 4364 τοῦ

2052 4409 2200 4475 λαοῦ,
2259 4408 2368 4463 τῶν
2433 4409 2808 4480 προκειμένων
2858 4405 2951 4460 τοῦ
3020 4406 3228 4476 Κυρίου
3292 4402 3624 4475 μνημονεύει

376 4490 474 4545 tibi
510 4492 824 4560 planissime
856 4493 1250 4550 demonStrabit
1280 4497 1394 4565 ipse
1420 4496 1649 4569 Moyses,
1670 4499 1760 4555 ubi
1787 4516 1952 4556 orans

2069 4501 2269 4572 φωνῶν,
2295 4502 2387 4555 τὸν
2409 4501 2611 4572 Κύριον
2642 4501 2814 4554 ταῦτα
2839 4497 3139 4570 εἰρηκέναι,
3162 4495 3277 4549 ἀλλ’
3303 4497 3404 4549 οὐκ
3436 4496 3621 4560 αὑτὸν,

377 4595 476 4652 pro
506 4580 724 4649 populo,
764 4597 928 4650 supra
967 4584 1242 4652 expositas
1280 4584 1491 4640 Domini
1529 4603 1691 4643 voces
1711 4603 1952 4644 comme-

376 4679 587 4725 morat:
619 4672 731 4727 illic
760 4675 906 4727 enim
939 4674 1230 4745 intelliges,
1256 4674 1545 4731 Dominum
1571 4680 1686 4734 haec
1714 4680 1946 4747 dixisse,

376 4779 485 4816 non
508 4763 683 4832 ipsum
716 4763 976 4837 Moysem,
997 4784 1119 4821 cum
1152 4768 1316 4825 dicit:
1343 4790 1361 4822 ι
1384 4770 1449 4824 Ει
1485 4787 1630 4826 nunc
1660 4775 1952 4830 extollatur

376 4870 571 4910 manus
599 4863 715 4921 tua,
736 4855 983 4922 Domine,
1008 4861 1461 4930 quemadmodum
1485 4865 1692 4932 dixisti,
1723 4868 1947 4925 dicens:

374 4945 638 5002 Dominus
683 4948 1039 5019 longanimis,
1084 4961 1138 5006 et
1186 4956 1368 5009 multa:
1435 4958 1844 5027 misericordiae,
1896 4968 1950 5017 et

374 5054 561 5106 verax,
581 5040 1172 5113 auferensiniquitates
1199 5053 1252 5099 et
1283 5046 1582 5116 injustitias
1611 5057 1665 5105 et
1694 5060 1940 5120 peccata,

375 5140 428 5186 et
480 5134 803 5203 purgatione
839 5149 949 5189 non
986 5139 1236 5206 purgabit
1275 5154 1449 5207 reum,
1474 5142 1569 5211 qui
1605 5143 1788 5200 reddis
1818 5161 1946 5214 pec-

376 5229 498 5275 cata
523 5231 738 5291 patrum
775 5224 829 5278 in
858 5224 1018 5290 ﬁlios,
1060 5241 1234 5297 usque
1263 5229 1318 5284 iu
1361 5233 1576 5287 tertiam
1611 5242 1665 5289 et
1692 5245 1943 5305 quartam

374 5314 800 5380 generationem.
829 5334 847 5368 3
899 5316 1140 5373 Observa
1185 5327 1365 5374 autem
1412 5337 1649 5391 quonam
1690 5327 1853 5381 modo
1887 5328 1942 5381 in

376 5402 461 5457 his
490 5403 607 5471 ipse
638 5405 899 5463 Dominus
926 5409 1012 5463 ubi
1040 5409 1253 5467 Patrem
1280 5414 1665 5485 longanimem,
1685 5427 1738 5472 et
1760 5420 1943 5475 multa:

377 5492 765 5551 misericordia
797 5501 1107 5568 appellavit,
1142 5512 1256 5558 tum
1292 5505 1558 5577 adjungit,
1608 5509 1785 5579 ipsum
1819 5528 1940 5567 esse

376 5600 646 5652 vcracem,
688 5590 832 5657 quod
877 5607 1008 5649 sane
1055 5611 1181 5650 cum
1225 5613 1292 5653 eo
1331 5601 1651 5666 concordat,
1698 5606 1843 5675 quod
1883 5605 1938 5661 in

474 5744 516 5773 ⁷⁷
546 5741 715 5797 Exod.
749 5760 938 5810 xxxm,
969 5749 1151 5808 17-19.
1247 5754 1291 5785 "
1325 5753 1497 5809 Exod.
1532 5773 1725 5823 xmv,
1767 5758 1820 5818 ί,
1856 5760 1975 5817 5-8.

2050 4597 2107 4648 ἐν
2136 4590 2218 4658 οἷς
2240 4611 2404 4665 φησι·
2447 4612 2465 4645 ι
2502 4593 2611 4647 Καὶ
2640 4592 2734 4646 νῦν
2759 4590 3025 4661 ὑψωθήτω
3057 4589 3090 4659 ἡ
3124 4587 3243 4658 χείρ
3279 4604 3395 4649 σου,
3426 4586 3622 4659 Κύριε.

2049 4686 2109 4739 ὃν
2149 4687 2349 4759 τρόπον
2394 4681 2552 4749 εἶπας
2602 4684 2810 4753 λέγων’
2869 4681 3072 4755 Κύριος
3138 4678 3489 4751 μακρόθυμος
3529 4674 3625 4731 καὶ

2050 4779 2354 4842 πολυέλεος,
2386 4778 2479 4831 καὶ
2507 4776 2778 4848 ἀληθινὸς,
2808 4774 3058 4847 ἀφαιρῶν
3116 4773 3343 4844 ἀνομίας
3376 4771 3470 4825 καὶ
3512 4772 3626 4825 ἁδι-

2048 4870 2192 4934 κίας,
2228 4868 2321 4923 καὶ
2351 4867 2653 4939 ἁμαρτίας·
2688 4867 2781 4919 καὶ
2803 4863 3129 4936 καθαρισμῷ
3154 4864 3213 4916 ού
3248 4862 3504 4933 καθαριεῖ
3533 4861 3624 4914 τὸν

2048 4962 2249 5032 ἔνοχον,
2286 4960 2568 5023 ἀποδιδοὺς
2601 4958 2874 5030 ἁμαρτίας
2918 4956 3169 5028 πατέριον
3199 4955 3291 5008 ἐπὶ
3322 4953 3486 5007 τέκνα
3519 4954 3625 5016 ἕως

2051 5056 2145 5107 ἐπὶ
2171 5054 2360 5125 τρίτην
2389 5052 2484 5106 καὶ
2509 5051 2772 5122 τετάρτην
2797 5049 3007 5117 γενεάν.
3047 5068 3064 5099 3
3109 5047 3383 5117 Ἐπιτήρει
3416 5043 3474 5097 δὲ
3497 5043 3622 5097 τίνα

2049 5147 2250 5219 τρόπον
2291 5146 2349 5198 ἐν
2396 5143 2602 5206 τούτοις
2631 5142 2790 5207 αὐτὸς
2828 5142 2857 5193 ό
2892 5140 3117 5212 Κύριος,
3145 5138 3236 5191 τὸν
3266 5137 3484 5208 Πατέρα
3518 5153 3624 5205 μα-

2052 5236 2322 5308 κρόθυμον
2357 5235 2451 5289 καὶ
2480 5233 2765 5287 πολυέλεον
2797 5230 3057 5296 ἐπειπὼν,
3093 5228 3415 5301 προστίθησι
3444 5226 3623 5294 λέγων

2049 5328 2212 5382 αὐτὸν
2270 5329 2363 5381 καὶ
2424 5326 2674 5400 ἀληθινὸν
2701 5367 2716 5391 ,
2770 5324 3075 5396 συμφώνως
3140 5320 3238 5393 τῷ,
3294 5341 3311 5372 ι
3352 5321 3469 5373 Ἵνα
3530 5335 3620 5386 γι-

2050 5419 2335 5490 γνώσκωσι
2403 5438 2462 5473 σε
2533 5421 2624 5474 τὸν
2699 5418 2857 5490 μόνον
2930 5415 3181 5487 ἀληθινὸν
3245 5412 3408 5475 θεὸν,
3475 5427 3494 5460 3
3560 5409 3618 5460 ἐν

2048 5513 2397 5583 Εὐαγγελίοις
2438 5514 2525 5582 ὑφ’
2555 5512 2673 5573 ἐνὸς
2715 5511 2809 5565 καὶ
2851 5508 2944 5562 τοῦ
2977 5505 3142 5560 αὑτοῦ
3178 5502 3429 5572 Σωτῆρος
3460 5498 3619 5571 ἡμῶν

2047 5608 2337 5679 εἰρημένῳ.
2378 5608 2553 5663 Μόνον
2596 5604 2726 5674 γοῦν
2773 5600 3025 5675 ἀληθινὸν
3056 5598 3187 5652 Θεὸν
3231 5594 3435 5666 σφόδρα
3462 5592 3615 5647 εὐσε-
