3902 6264
280 383 371 446 597
1221 378 1874 443 DEMONSTRATIONIS
1909 382 2363 442 EVANGELICIE
2400 383 2525 440 LIB.
2570 382 2632 442 Υ.
3399 387 3495 440 39‘!

275 508 369 571 ϐὡς
395 500 661 563 ἀποκαλεῖ
707 509 798 563 τὸν
836 506 1073 580 Πατέρα,
1112 509 1172 561 τὸ
1216 508 1493 579 προσῆκον
1538 509 1801 579 ἀπονέμω

1936 509 2246 579 Evangeliis
2294 509 2502 564 dictum
2532 517 2619 565 est
2655 509 2723 563 ab
2768 521 2877 562 uno
2902 514 2955 562 et
2998 504 3188 562 eodem
3219 496 3498 560 Salvatore

274 598 422 662 σέϐας
448 601 514 671 τῇ
549 597 833 669 ἀγεννήτῳ
867 599 1047 668 φύσει,
1078 592 1145 668 ἦς
1174 598 1336 651 αὑτὸν
1367 598 1550 652 εἰκόνα
1572 594 1708 652 εἶναι
1738 615 1801 653 κα

1937 607 2159 654 nostro:
2184 618 2204 650 ι
2232 599 2301 655 Ut
2328 609 2665 671 cognoscant
2689 606 2744 655 te
2784 599 2960 654 solum
2984 612 3169 652 verum
3192 595 3359 651 Deum
3380 595 3447 648 '9.
3474 613 3497 648 ι

271 691 500 761 γέννημα
524 691 575 742 oi
599 689 731 743 θεῖοι
757 689 903 761 λόγοι
933 689 1298 745 παιδεύουσιν.

1938 690 2124 746 Solum
2171 692 2337 763 igitur
2388 707 2577 748 verum
2630 691 2795 746 Deum
2832 689 3122 745 admodum
3158 688 3244 760 pie
3280 702 3345 743 ac
3373 686 3495 742 reli-

268 780 403 851 giose
432 776 649 834 Patrem
681 787 862 845 vocat,
894 788 953 833 ut
982 779 1063 834 sic
1099 790 1307 835 naturae
1337 781 1593 853 ingenita;
1634 780 2048 836 convenientem
2103 782 2367 839 honorem
2417 789 2472 838 et
2500 782 2706 837 cultum
2724 782 3008 846 attribuat,
3071 780 3232 852 cujus
3290 788 3497 835 naturaI

267 881 312 926 et
337 871 509 942 ipsum
543 871 839 943 imaginem
871 887 993 927 esse
1019 879 1073 927 et
1121 872 1364 927 sobolem
1401 872 1586 926 divina
1620 871 1820 926 docent
1853 873 2095 928 oracula.

766 982 1162 1036 ΚΕΨΑΛΑΙΟΝ
1202 983 1309 1036 IH'.

2491 981 2721 1039 CAPUT
2759 981 2947 1037 XVIII.

272 1072 399 1129 Ἀπὸ
429 1069 549 1144 τῶν
597 1072 893 1144 ᾋριθμῶν.
918 1106 988 1115 —
1020 1075 1113 1140 Ὠς
1144 1074 1251 1129 τὸν
1283 1074 1430 1128 Θεὸν
1466 1072 1545 1138 τῷ
1589 1073 1801 1144 τισραὴ,

1931 1076 1975 1130 Α
2011 1073 2281 1131 Numeris.
2310 1104 2381 1117 -—-
2406 1075 2558 1142 Quod
2590 1074 2756 1129 Deum
2784 1075 2883 1144 ipsi
2915 1073 3088 1128 Israel
3112 1073 3366 1128 visibilem
3385 1083 3492 1129 esst

325 1143 539 1210 ὁρατὸν
575 1139 725 1197 εἶπαι
745 1139 795 1211 ’ἠ
827 1146 955 1198 θεία
981 1139 1256 1198 διδάσκει
1286 1143 1519 1213 Γραφὴ,
1542 1139 1801 1197 τὸνήΘεόπ

2001 1146 2183 1200 divina
2227 1147 2374 1201 docet
2397 1139 2696 1215 Scriptura,
2744 1139 2861 1215 qua:
2908 1146 3080 1214 ipsum
3123 1144 3222 1199 Dei
3270 1145 3493 1201 Verbum

320 1216 510 1281 Λόγον
536 1216 935 1283 αἰνιττομένη,

1999 1217 2288 1287 signiﬁcat.

328 1322 411 1378 Ἐν
447 1327 561 1390 τοῖς
625 1325 902 1399 Ἀριθμοῖς
954 1326 982 1379 6
1023 1327 1228 1397 Μωσῆς
1287 1325 1576 1397 εὐχόμενός
1626 1341 1786 1395 φησιν

1997 1329 2055 1382 1η
2106 1327 2361 1385 Numeris
2404 1328 2581 1387 Moses
2644 1344 2810 1386 orans
2847 1331 2951 1385 ait:
3000 1328 3309 1395 «Quoniam
3342 1336 3401 1384 tu
3433 1346 3494 1387 es

261 1420 401 1471 «Ὅτι
425 1419 489 1471 σὺ
508 1414 561 1471 εἷ
590 1420 793 1490 Κύριος
816 1420 872 1471 ὲν
898 1417 977 1489 τῷ
1002 1417 1115 1489 λαῷ
1135 1418 1327 1488 τούτῳ,
1351 1419 1499 1481 ὅστις
1523 1416 1801 1487 ὀφθαλμοῖς

1924 1419 2189 1475 Dominus
2224 1423 2280 1475 in
2313 1422 2512 1492 populo
2544 1424 2646 1476 hoc
2688 1423 2781 1492 qui
2816 1422 2992 1477 oculis
3030 1421 3097 1476 ad
3121 1421 3312 1476 oculos
3341 1422 3495 1479 vide-

255 1513 358 1564 κατ’
398 1510 712 1581 ὀφθαλμοὺς
744 1512 949 1583 όπτάνῃ
993 1513 1078 1575 σὺ,
1114 1509 1284 1580 Κύριε
1310 1526 1325 1540 ·
1363 1529 1381 1561 ι
1418 1509 1533 1563 ἀνθ’
1562 1502 1623 1562 οὗ
1657 1511 1685 1562 6
1721 1509 1801 1580 ph

1922 1512 2001 1567 ris
2035 1520 2116 1576 tu,
2154 1510 2379 1567 Domine
2405 1512 2481 1567 °°:
2521 1531 2540 1564 ι
2565 1528 2666 1583 pro
2690 1527 2799 1583 quo
2831 1528 2964 1568 sane
2989 1511 3187 1582 Aquila
3220 1512 3492 1567 reddidit:

263 1604 477 1668 Ἀκύλας
518 1606 817 1672 ἐξέδωκεν·
853 1625 871 1657 ι
907 1607 1028 1659 Ὅτι
1082 1605 1146 1658 σὺ
1174 1599 1244 1668 εἴ,
1281 1604 1473 1674 Κύριε,
1509 1604 1566 1655 ὲν
1597 1604 1801 1672 ἐγκάτη

1929 1617 1949 1653 ι
1979 1600 2249 1667 Quoniam
2280 1609 2338 1656 tu
2366 1617 2451 1667 es,
2485 1602 2731 1671 Domine,
2756 1604 2811 1658 in
2840 1603 3142 1659 visceribus
3177 1605 3359 1674 populi
3389 1604 3494 1659 hu-3

249 1695 332 1751 τοῦ
359 1696 487 1749 λαοῦ
527 1696 742 1759 τούτου,
775 1696 833 1761 ὃς
864 1696 1138 1768 ὀφθαλμὸν
1170 1698 1228 1752 ὲν
1256 1694 1550 1766 ὀφθαλμοῖς
1583 1695 1686 1765 ὁρᾷ
1724 1693 1801 1758 σὺ,

1916 1693 2033 1764 jus,
2078 1695 2172 1764 qui
2223 1695 2442 1749 oculum
2490 1695 2546 1749 in
2593 1696 2769 1751 oculis
2820 1696 3024 1753 videris
3073 1705 3151 1763 tu,
3191 1696 3435 1751 Domine.
3468 1715 3488 1748 ι

250 1786 404 1856 Κύριε
425 1802 439 1816 ⁸
489 1805 509 1837 ι
538 1788 570 1839 6
601 1787 657 1840 δὲ
686 1786 1005 1857 Σύμμαχοςσ
1038 1805 1057 1838 ι
1089 1787 1209 1841 Ὅτι
1244 1788 1308 1840 σὺ
1337 1781 1405 1850 εἴ,
1432 1782 1621 1857 Κύριε.
1654 1802 1674 1835 r
1705 1782 1801 1836 Kal

1920 1785 2083 1859 255
2110 1785 2473 1858 Symmachus
2497 1796 2678 1842 autem
2715 1805 2730 1841 :
2771 1803 2790 1839 ι
2823 1786 3092 1854 Quoniam
3151 1798 3207 1843 tu
3253 1803 3337 1853 es,
3383 1787 3495 1842 Dos

246 1878 297 1931 ὲν
330 1877 519 1949 Ἐξόδῳ
546 1879 781 1952 εἴρηται·
812 1897 829 1931 ι
858 1880 968 1933 Καὶ
997 1878 1160 1951 ἀνέϐη
1221 1879 1448 1949 Μωσῆς,
1471 1878 1564 1932 καὶ
1588 1874 1798 1948 Ἀαρὼν

1923 1880 2090 1935 mine.
2121 1898 2139 1930 I
2175 1878 2241 1932 Et
2285 1879 2342 1933 in
2371 1877 2558 1933 Exodo
2585 1878 2791 1934 dictum
2821 1890 2897 1935 est
2929 1899 2987 1935 ε(
3009 1879 3073 1934 Ει
3105 1880 3352 1937 ascendit
3377 1881 3495 1936 Mo-

247 1969 329 2021 καὶ
386 1969 582 2023 Ναδὰϐ
606 2010 621 2035 ,
679 1971 771 2022 καὶ
827 1969 1067 2033 Ἀϐιοὺδ,
1117 1971 1211 2023 καὶ
1272 1970 1643 2041 ἑϐδομήκοντα
1705 1967 1817 2022 τῶν

246 2060 624 2133 πρεσϐυτέρων
663 2058 758 2113 τοῦ
801 2060 1016 2132 Ἰσραὴλ
1035 2100 1049 2123 ,
1080 2062 1173 2114 καὶ
1204 2056 1341 2115 εἶδον
1373 2061 1462 2115 τὸν
1484 2062 1648 2115 τόπον
1681 2061 1815 2115 ὅπου

243 2154 453 2221 ἕστηκεν
502 2154 533 2205 6
580 2154 712 2217 Θεὸς
762 2153 1010 2224 Ἰσραήλ·
1051 2173 1070 2205 ι
1107 2154 1222 2206 ἀνθ’
1252 2146 1315 2206 οῦ
1354 2157 1382 2208 6
1426 2154 1526 2224 μὲν
1563 2153 1816 2218 ’Λκύλαςο

247 2263 264 2296 ι
291 2246 391 2298 Καὶ
443 2240 626 2307 εἶδον,
670 2246 826 2315 φησι,
873 2246 963 2299 τὸν
1013 2246 1145 2299 Θεδν
1185 2246 1433 2318 Ἰσραήλο
1467 2265 1484 2298 ι
1520 2249 1548 2299 6
1577 2246 1633 2299 δὲ
1667 2246 1813 2318 Σύμ-

243 2353 399 2406 μαχος
424 2353 437 2367 ·
468 2354 488 2388 ι
532 2337 646 2389 Καὶ
669 2332 809 2389 εἶδον
824 2337 1062 2407 ὁράματι
1090 2336 1184 2389 τὸν
1214 2337 1346 2391 Θεὸν
1387 2338 1623 2410 Ἰσραήλ.
1657 2357 1675 2388 ι
1714 2338 1813 2391 Διὰ

238 2426 308 2490 τὸ,
338 2444 355 2477 ι
374 2425 505 2480 Θεὸν
542 2427 721 2489 οὐδεὶς
747 2426 955 2497 ἑώρακε
986 2426 1203 2481 πώποτε
1225 2468 1239 2491 ,
1286 2447 1305 2479 ι
1337 2427 1455 2498 τάχ’
1478 2428 1543 2482 ἄν
1561 2445 1645 2492 τις
1664 2430 1816 2481 ὲνανυ

236 2517 343 2570 τίαν
370 2513 611 2589 εἶναιτῷ
645 2517 975 2589 σωτηριώδει
1013 2520 1170 2590 Λόγῳ
1206 2519 1305 2591 τὴν
1350 2520 1633 2592 παροῦσαν
1680 2522 1814 2573 ὑπο-

237 2609 376 2663 λάϐοι
405 2609 591 2676 λέξιν,
624 2610 700 2674 t'o;
735 2610 927 2683 ὁρατὸν
961 2612 1353 2683 ὑποτιθεμένην
1387 2613 1480 2664 τὸν
1518 2612 1616 2683 τὴν
1650 2611 1811 2682 φύσιν

238 2704 469 2775 ἀόρατον.
516 2702 665 2755 Ἀλλ’
697 2703 747 2755 εί
786 2703 1072 2756 καὶταῦτα
1103 2703 1194 2755 ἐπὶ
1221 2703 1310 2755 τὸν
1333 2703 1502 2770 Λόγον
1524 2702 1613 2755 τοῦ
1638 2702 1774 2755 Θεοῦ
1794 2742 1808 2767 ,

235 2793 315 2845 τὸν
346 2791 674 2865 πολυμερῶς
698 2793 790 2846 καὶ
820 2792 1172 2866 πολυτρόπως
1199 2792 1432 2862 ὀφθέντα
1457 2795 1571 2855 τοῖς
1600 2792 1811 2863 πατρά-

236 2901 310 2937 σιν
351 2884 647 2947 ἐκλαϐοις,
704 2885 905 2955 ὁμοίως
951 2887 1062 2949 τοῖς
1112 2885 1611 2956 πρωποδειχοεῖσιν
1655 2888 1807 2955 ἡμῖν,

232 2979 394 3031 οὐκέτ’
431 2979 508 3032 ἂν
529 2978 697 3045 δόξειε
721 2980 833 3041 τοῖς
852 2978 1115 3041 ἐναντίοις
1144 2978 1510 3048 περιπίπτειν.
1537 2977 1669 3031 Θεὸν
1712 2980 1813 3031 Ἰσ-

234 3072 360 3143 ραὴλ
388 3068 611 3125 ἐνταῦθ’
644 3069 917 3141 ὁρώμενον
951 3069 1110 3123 αὑτὸν
1133 3072 1337 3123 ἐκεῖνον
1366 3064 1500 3125 εἶναι
1536 3068 1807 3133 διδάσκει,

230 3164 281 3217 ὂν
312 3166 402 3218 καί
441 3163 535 3233 τῷ
579 3162 794 3234 Ἰσραὴλ
830 3161 1080 3231 ὀφθέντα,
1120 3162 1209 3213 ὅτε
1230 3160 1485 3214 έπάλαιεν
1522 3160 1810 3232 ἄνθρωπος

1918 1987 2007 2028 ses
2035 1980 2090 2027 et
2128 1970 2333 2033 Aaron,
2368 1979 2424 2025 et
2453 1969 2662 2038 Nadab,
2704 1978 2759 2026 et
2796 1971 2995 2035 Abiud,
3048 1979 3104 2027 et
3141 1973 3493 2044 septuaginta

1916 2080 1984 2120 ex
2014 2063 2323 2120 senioribus
2354 2063 2543 2127 Israel,
2586 2071 2642 2117 et
2677 2062 2936 2118 viderunt
2965 2063 3144 2117 locum
3198 2064 3292 2119 ubi
3323 2073 3493 2120 states

1917 2164 2003 2212 rat
2027 2157 2169 2213 Deus
2202 2154 2453 2217 Israel";
2482 2174 2502 2207 ι
2527 2169 2626 2224 pro
2642 2169 2752 2224 quo
2767 2154 2962 2225 Aquila
2997 2173 3009 2208 :
3053 2173 3072 2205 ι
3112 2154 3178 2210 Ει
3209 2156 3485 2221 viderunt,

1916 2248 2116 2319 inquit,
2148 2247 2318 2302 Deum
2352 2245 2555 2313 Israel;
2585 2265 2605 2299 ι
2635 2244 2999 2317 Symmachus
3025 2257 3206 2303 autem
3229 2267 3242 2302 :
3268 2266 3287 2300 ι
3320 2247 3388 2302 Ει
3405 2250 3489 2302 via

1915 2340 2115 2396 derunt
2143 2342 2352 2397 visione
2380 2340 2548 2395 Deum
2579 2337 2767 2395 Israel.
2800 2359 2819 2391 ι
2853 2339 3145 2403 Caeterum,
3172 2354 3395 2411 propter
3419 2343 3457 2395 il
3476 2370 3492 2383 ιο

1914 2432 2009 2487 Iud
2034 2451 2046 2486 :
2073 2450 2093 2483 ι
2125 2430 2294 2486 Deum
2316 2445 2476 2485 nemo
2504 2430 2640 2484 vidit
2662 2444 2902 2499 unquam
2925 2430 2993 2493 ⁸³,
3020 2449 3038 2481 ι
3070 2429 3304 2486 fortasse
3327 2431 3491 2485 verba

1915 2536 2037 2593 quas
2052 2520 2168 2593 hoc
2195 2522 2317 2575 loco
2345 2521 2522 2589 posita
2555 2527 2704 2583 sunt,
2738 2520 2965 2574 salutari
2996 2518 3175 2574 Verbo
3212 2522 3489 2575 contraria

1913 2592 2354 2682 esse'quispiam
2402 2611 2750 2681 suspicetur:
2786 2619 2993 2680 utpote,
3044 2625 3170 2665 cum
3217 2611 3489 2666 visibilem

1915 2703 2069 2758 illum
2104 2702 2328 2769 faciant,
2359 2703 2451 2773 qui
2476 2711 2673 2756 natura
2700 2703 2994 2758 invisibilis
3026 2711 3130 2758 est.
3163 2701 3269 2758 Sed
3297 2704 3343 2759 si
3373 2704 3489 2758 haec

1912 2796 1981 2851 de
2006 2795 2186 2851 Verbo
2218 2794 2312 2851 Dei
2345 2796 2645 2864 acceperis,
2678 2794 2775 2865 qui
2805 2794 3159 2850 multifariam
3190 2796 3487 2866 multisque

1913 2884 2090 2940 modis
2127 2900 2158 2939 a
2202 2885 2451 2955 patribus
2495 2897 2578 2939 est
2604 2886 2778 2949 visus,
2825 2886 2970 2940 sicut
3012 2900 3115 2941 nos
3162 2886 3219 2939 in
3273 2886 3342 2941 iis
3366 2902 3489 2957 quas

1914 2989 2081 3045 supra
2115 2983 2338 3029 ostensa
2366 2983 2497 3030 sunt
2523 2974 2856 3044 accepimus.
2908 2977 3226 3046 neutiquam
3264 2976 3321 3031 in
3347 2991 3487 3033 con.

1910 3069 2080 3122 traria
2122 3068 2394 3123 videberis
2434 3066 2531 3122 tibi
2584 3059 2848 3122 recidere.
2898 3066 3003 3133 Qui
3036 3064 3180 3123 enim
3211 3069 3302 3124 hic
3340 3068 3486 3126 Deus

1912 3158 2080 3227 Israel
2113 3161 2378 3225 cernitur,
2415 3160 2592 3229 ipsum
2626 3159 2781 3213 illum
2814 3175 2938 3215 esse
2959 3162 3179 3229 docent,
3212 3163 3307 3233 qui
3335 3170 3389 3218 et
3417 3165 3488 3220 ab

234 3255 337 3325 μετ’
358 3254 533 3308 αὑτοῦ
560 3294 575 3318 ,
608 3253 668 3316 ὃς
706 3253 800 3306 καὶ
833 3252 1048 3322 πρῶτος
1084 3250 1249 3305 αὐτοῦ
1288 3253 1386 3321 τὴν
1420 3251 1801 3324 προσωνυμίαν

1913 3250 2082 3305 Israel
2123 3251 2277 3306 visus
2325 3258 2430 3314 est,
2477 3249 2699 3320 quando
2739 3249 2903 3304 homo
2946 3249 3185 3306 luctatus
3229 3229 3317 3308 est
3357 3266 3485 3307 cum

230 3346 288 3401 ὲκ
314 3345 401 3399 τοῦ
443 3343 646 3399 Ἰακὼϐ
675 3343 767 3397 ἐπὶ
786 3343 874 3397 τὸν
906 3342 1119 3414 Ἰσραὴλ
1154 3341 1574 3415 μεταϐέϐληκεν,
1601 3341 1804 3406 εἰπὼν,

235 3455 253 3489 ι
280 3437 392 3492 Ὀτι
436 3436 734 3506 ἐνίσχυσας
778 3434 915 3506 μετὰ
955 3434 1129 3499 Θεοῦ,
1185 3454 1205 3486 ι
1248 3436 1335 3488 ὅτε
1377 3436 1469 3489 καὶ
1508 3435 1609 3505 τῆς
1655 3434 1807 3500 θείας

231 3528 382 3582 αὑτοῦ
416 3528 709 3598 δυνάμεως
756 3525 1005 3597 αἴσθησιν
1032 3523 1212 3579 λαϐὼν
1251 3528 1280 3579 6
1322 3526 1537 3590 Ἰακὼϐ,
1577 3525 1803 3580 ἐκάλεσε

228 3617 308 3672 τὸν
351 3619 522 3673 τότοον
564 3619 767 3670 ἐκεῖνον
801 3612 953 3681 Εἶδος
994 3614 1129 3669 Θεοῦ
1150 3658 1165 3683 ,
1208 3616 1378 3669 εἰπὼν
1402 3655 1418 3680 ,
1455 3637 1473 3667 ι
1515 3613 1666 3670 Εἶδον
1694 3618 1803 3688 γὰρ

230 3710 348 3764 Θεὸν
392 3709 692 3782 πρόσωπον
735 3708 871 3779 πρὸς
912 3708 1198 3780 πρόσωπον
1217 3746 1232 3772 ,
1275 3709 1367 3762 καὶ
1399 3708 1575 3780 ἐσώθη
1627 3724 1729 3779 μου
1764 3711 1797 3779 ἡ

230 3794 362 3868 ψυχὴ
381 3837 397 3861 ,
434 3814 458 3848 a
486 3797 585 3865 οὐχ
623 3795 809 3867 ἕτερον
846 3795 1111 3867 ὑπάρχειν
1141 3795 1234 3849 τοῦ
1265 3796 1401 3850 Θεοῦ
1432 3797 1629 3865 Λόγου,
1663 3797 1803 3851 κατὰ

230 3886 311 3939 τὸν
336 3888 540 3941 οἰκεῖον
573 3885 760 3956 καιρὸν
789 3886 1236 3955 παρεστήσαμεν.

742 4080 1134 4144 ΚΕΦΑΛΑῘῧΝ
1175 4086 1275 4143 19'.

250 4201 370 4256 Δπό
397 4202 509 4257 τοῦ
536 4202 730 4272 Ἰησοῦ
759 4201 867 4256 τοῦ
887 4199 1078 4270 Ναυῆ.
1100 4231 1167 4241 -
1188 4202 1282 4268 Ὧς
1311 4205 1344 4256 ό
1368 4204 1514 4268 Θεὸς
1537 4204 1745 4272 Λόγος,
1763 4206 1796 4257 ό

287 4272 364 4338 τῷ
382 4271 592 4327 Μωσεῐ
632 4272 1018 4341 χρηματίζων,
1050 4273 1263 4341 ὁμοίως
1289 4272 1413 4339 τοῖς
1441 4271 1635 4326 πάλαι
1655 4289 1798 4341 προ-

284 4342 611 4411 πάτορσιν,
664 4342 827 4411 ὤφθη
876 4343 974 4395 καὶ
1016 4342 1209 4411 Ἰησοῦ
1247 4342 1328 4409 τῷ
1354 4343 1614 4410 Μωσέως
1670 4344 1796 4397 δια-

285 4410 443 4482 δόχῴ
472 4414 544 4467 ἐν
573 4411 885 4480 ἀνθρώπου
913 4410 1177 4482 σχήματι

296 4542 313 4576 ι
336 4527 450 4579 Καὶ
482 4523 738 4594 ἐγενήθη,
765 4524 839 4586 ὡς
866 4516 934 4595 ἦν
964 4521 1171 4594 Ἰησοῦς
1198 4524 1257 4576 ὲν
1295 4520 1632 4595 Ἰεριχὼ,καὶ
1664 4525 1793 4578 ἂνα-

1912 3343 2033 3414 ipso
2067 3359 2081 3397 :
2115 3343 2414 3413 quinetiam
2447 3343 2660 3413 primus
2700 3341 2865 3397 illius!
2893 3358 3094 3398 nomen
3125 3344 3380 3408 mutavit,
3415 3359 3482 3401 ex

1909 3434 2077 3491 Jacob
2108 3436 2164 3490 in
2195 3435 2382 3500 Israel,
2412 3435 2603 3490 dicens
2629 3454 2641 3488 :
2679 3454 2697 3486 ι
2729 3435 3000 3500 Quoniam
3034 3437 3314 3493 invaluisti
3358 3451 3485 3492 cum

1909 3528 2021 3586 Deo
2043 3529 2110 3594 ”,
2140 3548 2159 3581 ι
2188 3545 2298 3599 quo
2329 3536 2572 3599 tempore
2601 3529 2842 3582 divinam
2878 3529 3025 3585 illius
3056 3531 3315 3585 virtutem
3350 3545 3484 3585 sena

1907 3622 2051 3678 tiens
2091 3620 2282 3687 Jacob,
2340 3622 2558 3676 vocavit
2615 3622 2798 3676 locum
2848 3622 3023 3689 illum,
3064 3622 3314 3695 Speciem
3360 3623 3480 3689 Dei,

1906 3727 2032 3766 eum
2066 3710 2242 3766 dixit:
2269 3730 2287 3763 ι
2318 3709 2443 3765 Vidi
2480 3709 2627 3765 enim
2675 3708 2847 3765 Deum
2880 3710 3017 3766 facie
3056 3712 3125 3766 ad
3164 3711 3382 3778 faciem,
3424 3722 3482 3769 et

1905 3809 2121 3859 servata
2153 3808 2238 3857 est
2272 3804 2454 3856 anima
2487 3817 2608 3856 mea
2626 3803 2675 3835 ⁸⁸
2702 3822 2715 3855 :
2747 3822 2766 3854 ι
2803 3817 2967 3871 quem
2998 3817 3133 3859 sane
3162 3801 3332 3859 Deum
3359 3819 3473 3861 non

1904 3896 2072 3950 alium
2119 3910 2244 3950 esse
2290 3909 2457 3966 quam
2494 3895 2588 3951 Dei
2647 3894 2911 3956 Verbum.
2958 3910 3060 3951 suo
3090 3905 3335 3968 tempore
3380 3898 3479 3953 dea

1903 3988 2353 4044 monstravimus.

2481 4092 2712 4157 CAPUT
2752 4089 2896 4157 XIX.

1898 4198 1942 4250 Α
1969 4184 2101 4251 Iesu
2130 4195 2301 4251 Nave.
2325 4224 2395 4235 —
2421 4194 2574 4278 Quod
2622 4194 2717 4249 Dei
2755 4193 3003 4279 Verbum,
3047 4192 3184 4316 zuod
3205 4184 3343 4248 Mosi
3374 4199 3478 4248 non

1966 4283 2113 4316 secus
2173 4276 2328 4316 atoue
2388 4269 2620 4316 antzauis
2682 4269 2918 4316 patribus
2976 4264 3046 4316 da
3084 4274 3140 4316 at
3191 4280 3473 4316 responsa.

1966 4283 2113 4321 secus
2173 4276 2328 4336 atque
2350 4268 2620 4336 __antiquis
2680 4266 2918 4334 patribus
2976 4264 3140 4336 dabat
3191 4280 3473 4333 responsa,

1963 4339 2126 4419 etiam
2171 4334 2302 4392 Jesu
2339 4334 2525 4392 Hosis
2552 4337 2844 4391 successori
2894 4336 2950 4390 in
2996 4334 3221 4389 hominis
3268 4335 3471 4404 forma.

1968 4424 2110 4462 visus
2139 4417 2239 4462 est.

1975 4539 1994 4572 ι
2022 4518 2089 4574 Ει
2120 4518 2327 4574 factum
2362 4528 2465 4584 est,
2507 4518 2601 4573 ubi
2639 4514 2743 4572 fuit
2774 4514 2935 4572 Jesus
2953 4515 3011 4570 in
3032 4500 3272 4580 Iericho,
3293 4522 3350 4570 et
3382 4529 3473 4569 re-

224 4616 412 4688 ϐλέψας
440 4619 544 4689 ὁρᾷ
568 4616 852 4687 ἄνθρωπον
872 4617 1138 4688 ἑστηκότα
1169 4615 1458 4671 κατέναντι
1488 4616 1675 4682 αὐτοῦ,
1699 4619 1793 4671 καὶ

1910 4613 2139 4684 spiciens
2165 4612 2313 4668 videt
2346 4611 2620 4666 hominem
2665 4616 2901 4666 stantem
2940 4621 3127 4661 coram
3158 4622 3238 4671 se,
3272 4613 3328 4661 et
3358 4605 3473 4677 glas

223 4710 255 4780 ἡ
288 4700 529 4781 ῥομφαία
558 4709 872 4780 ὲσπασμένη
909 4710 966 4761 ἐν
995 4711 1059 4780 τῇ
1091 4710 1236 4779 χειρὶ
1267 4708 1453 4762 αὐτοῦ.
1478 4710 1587 4761 Καὶ
1622 4726 1792 4777 προσ-

222 4801 381 4855 ελθὼν
401 4803 430 4854 6
460 4800 668 4873 Ἰησοῦς
693 4796 843 4854 εἶπεν
862 4817 877 4831 ο
931 4792 1225 4873 Ἥμέτερος
1249 4797 1321 4863 εἴ,
1359 4800 1392 4871 ἢ
1430 4798 1538 4853 τῶν
1563 4801 1793 4854 ὑπεναν-

221 4890 375 4959 τίων;
408 4894 522 4947 Καὶ
557 4888 710 4946 εἶπεν
758 4890 906 4964 αὑτῷ
931 4909 945 4922 ο
991 4891 1131 4962 Ἐγὼ
1168 4892 1604 4965 ἀρχιστράτηγος
1634 4893 1791 4946 δυνά-

224 5002 358 5054 μεως
388 4984 598 5057 Κυρίου
634 4984 1004 5056 παραγέγονα’
1064 4985 1157 5038 καὶ¹
1194 4984 1403 5055 Ἰησοῦς
1462 4984 1657 5037 ἔπεσεν
1697 4984 1790 5038 ἐπὶ

225 5076 506 5146 πρόσωπον
533 5078 627 5129 ἐπὶ
652 5076 753 5146 τὴν
781 5066 906 5148 γῆν,
938 5076 1030 5129 καὶ
1081 5069 1231 5129 εἶπεν
1284 5074 1433 5146 αὑτῷ
1452 5092 1465 5105 ’
1522 5074 1785 5139 Δέσποτα,

220 5165 270 5217 τί
310 5167 667 5238 προστάσσεις
710 5165 787 5237 τῷ
832 5165 909 5237 σῷ
962 5167 1184 5238 οἰκέτῂ;
1237 5168 1344 5220 Καὶ
1386 5168 1535 5236 λέγει
1563 5167 1590 5219 6
1631 5168 1789 5238 ἀρχι-

223 5259 515 5331 στράτηγος
543 5259 777 5329 Κυρίου·
816 5276 836 5309 ι
889 5257 1061 5328 Ἰησοῦ
1082 5300 1096 5323 ,
1120 5257 1279 5313 λῦσαι
1312 5257 1372 5312 τὸ
1400 5258 1653 5331 ὑπόδημα
1678 5258 1788 5311 τῶν

222 5349 383 5401 ποδῶν
417 5367 515 5403 σου
535 5367 547 5379 ⁸
580 5348 609 5402 6
639 5349 748 5420 γὰρ
777 5346 941 5415 τόπος
967 5350 1051 5419 ἐφ’
1085 5344 1128 5418 ᾧ
1163 5351 1226 5403 σὺ
1259 5350 1517 5421 ἕστηκας,
1552 5350 1622 5420 γῆ
1653 5349 1785 5417 ἁγία

192 5510 197 5518 ἢ
221 5438 375 5494 ἐστίν.
396 5460 415 5491 ι
432 5441 582 5493 Αὑτὰ
605 5440 670 5512 δὴ
693 5440 866 5495 ταῦτα
893 5442 986 5496 καὶ
1010 5440 1232 5494 Μωῦσεῖ
1246 5440 1530 5512 ἀρχομένῳ
1544 5440 1642 5510 τῆς
1656 5439 1789 5491 θεω-

223 5529 336 5598 ρίας
358 5533 448 5585 ἐπὶ
478 5532 575 5602 τῆς
610 5531 769 5600 βάτου
797 5532 932 5603 πρὸς
951 5530 1045 5584 τοῦ
1076 5531 1281 5603 Κυρίου
1307 5530 1509 5601 εἴρητο,
1534 5529 1608 5593 ὼς
1634 5528 1785 5599 δηλοῖ

220 5620 250 5686 ἡ
279 5620 462 5695 Γραφή
482 5638 496 5651 ·
537 5641 557 5674 ι
607 5623 692 5686 Ὠς
718 5623 776 5675 δὲ
803 5616 911 5677 εἶδε
943 5622 1179 5694 Κύριος,
1211 5624 1294 5676 ὅτι
1327 5622 1590 5694 προσάγει
1630 5617 1780 5684 ἰδεῖν,

273 5777 323 5806 ‘"
346 5777 500 5833 Joan.
538 5794 671 5840 xvtl,
702 5779 757 5834 3.

216 5843 300 5899 δυ.
371 5852 414 5881 ⁸⁸
436 5850 554 5905 Ios.
593 5866 642 5913 ν,
672 5849 859 5905 ίῦιιθι

1895 4706 2020 4761 dius
2053 4704 2248 4773 vagina
2281 4712 2479 4760 exutus
2507 4705 2563 4759 in
2596 4717 2765 4758 manu
2808 4702 2948 4771 ejus,
2985 4707 3041 4755 et
3090 4696 3355 4754 accedens
3381 4697 3474 4753 Je-

1893 4813 1993 4853 sus
2013 4796 2181 4853 dixit:
2202 4795 2399 4851 Noster
2420 4811 2500 4861 es,
2527 4810 2598 4849 an
2625 4792 3106 4848 adversariorum?
3130 4790 3194 4845 Et
3217 4791 3356 4846 dixit
3376 4792 3428 4847 ei
3452 4810 3466 4846 :

1895 4887 2009 4959 Ego
2039 4888 2295 4959 princeps
2329 4888 2724 4956 imperatorum
2748 4883 3024 4938 exercitus
3054 4880 3291 4948 Domini,
3319 4897 3468 4936 nunc

1892 4979 2038 5034 veni.
2064 4976 2131 5031 Et
2154 4976 2316 5032 Iesus
2351 4975 2549 5030 cecidit
2585 4973 2725 5029 facie
2757 4973 2813 5026 in
2847 4981 3072 5037 terram,
3116 4979 3170 5026 et
3201 4971 3341 5025 dixit
3365 4970 3414 5026 ei
3451 4989 3465 5026 ι

1892 5069 2156 5135 Domine,
2201 5066 2366 5140 2m
2393 5066 2526 5137 quid
2578 5066 2818 5135 imperas
2872 5078 3032 5119 servo
3087 5063 3223 5117 tuo?
3276 5060 3345 5115 Et
3395 5062 3471 5117 ait

1891 5163 2148 5234 princeps
2183 5161 2574 5229 imperatorum
2598 5154 2817 5210 Domini
2850 5153 3039 5219 :Jcsu,
3075 5154 3226 5209 solve
3253 5154 3469 5209 calcea—

1892 5259 2137 5307 mentum
2173 5249 2374 5318 pedum
2420 5255 2661 5311 tuorum,
2707 5245 2863 5299 locus
2895 5243 3042 5299 enim
3078 5243 3135 5296 in
3173 5257 3285 5312 quo
3328 5249 3464 5307 stas,

1891 5353 2036 5399 terra
2066 5350 2256 5399 sancta
2284 5348 2370 5395 est
2386 5338 2457 5394 θ’.
2484 5357 2503 5391 ›
2520 5337 2724 5392 Eadem
2775 5350 2908 5391 sane
2947 5335 3064 5390 haec
3091 5333 3224 5389 Mosi
3250 5348 3468 5405 quoque

1891 5434 2049 5489 initio
2076 5432 2306 5488 visionis
2338 5432 2396 5486 in
2425 5430 2582 5494 rubo,
2620 5428 2690 5483 ab
2715 5428 2835 5497 ipso
2860 5426 3091 5482 Domino
3134 5426 3282 5481 dicta
3313 5435 3464 5491 sunt,

1892 5527 2035 5581 sicut
2076 5523 2359 5595 Scriptura
2402 5522 2646 5577 indicat:
2682 5539 2700 5571 ι
2727 5519 2797 5574 Ut
2822 5535 2956 5575 vero
2995 5519 3130 5574 vidit
3180 5518 3462 5583 Dominus,

1889 5616 2037 5689 quod
2075 5615 2361 5672 accederet
2400 5614 2470 5669 ad
2501 5612 2821 5679 videndum,
2852 5612 3069 5667 vocavit
3112 5626 3235 5666 eum
3278 5610 3461 5666 Domi.

859 5780 904 5812 ⁸ο
934 5778 1095 5835 Num.
1126 5796 1238 5846 xnv,
1273 5779 1357 5834 II.
1437 5778 1482 5810 ‘“
1513 5775 1685 5832 Exod.
1720 5790 1801 5830 xm

1910 5772 1957 5841 9,
1982 5772 2070 5827 I0.
2143 5768 2368 5826 “Joan.
2406 5785 2445 5836 ι,
2484 5770 2571 5826 18.
2647 5769 2691 5801 ⁸³
2723 5769 2858 5826 Gen.
2886 5783 3061 5836 um,
3091 5767 3177 5823 98.
3255 5765 3302 5799 “
3328 5763 3460 5823 ibid.
