3902 6264
411 367 514 419 59.)

1075 362 1342 417 EUSEBII
1371 364 1848 423 CASSARIENSIS
1887 372 2035 425 ()PP.
2079 371 2258 425 PARS
2292 371 2355 426 ll.
2397 404 2465 414 —
2497 371 2989 428 APOLOGETICA.

3562 374 3660 426 400

410 497 516 537 nus
548 482 615 536 de
643 481 820 536 medio
849 478 992 536 rubi.
1027 478 1254 534 dicens:
1292 478 1488 547 Moses,
1523 480 1722 546 Moses,
1760 501 1828 540 ne
1851 502 1967 556 pro-

2079 489 2330 541 ἐκάλεσεν
2356 489 2513 542 αὑτὸν
2542 490 2569 540 ό
2600 488 2801 559 Κύριος
2827 489 2889 541 έκ
2918 488 3080 558 μέσου
3114 485 3210 555 τῆς
3250 486 3409 555 βάτου
3448 486 3621 554 λέγων
3644 503 3659 517 ⁹

409 577 531 644 pius
571 575 872 629 accesseris
933 573 1040 628 huc
1069 593 1083 629 :
1112 574 1261 630 solve
1309 576 1733 632 calceamentu-m
1781 580 1976 647 pedum

409 677 668 735 tuorum,
739 669 890 722 locus
975 666 1119 722 enim
1203 668 1256 722 in
1330 684 1439 737 quo
1500 675 1558 722 tu
1620 677 1776 732 stas,
1836 679 1980 726 terra

409 770 596 816 sancta
647 769 730 816 est
750 760 816 814 ⁸⁸.
855 781 873 814 ι
914 759 1068 815 Unus
1106 775 1235 830 ergo
1287 773 1450 830 atque
1482 761 1622 816 idem
1671 762 1771 814 fuit
1816 761 1977 826 Deus,

408 851 498 920 qui
550 849 814 904 ambobus
866 850 1185 918 respondit,
1240 850 1697 919 quemadmodum
1746 868 1812 906 ex
1861 853 1980 922 ipso

407 944 678 1006 prmcepto
706 945 943 991 constat.
973 936 1076 992 Sed
1112 953 1257 992 nunc
1289 940 1508 1009 quidem
1554 955 1649 1009 per
1681 941 1977 1012 principem

407 1028 798 1097 imperatorum
843 1030 1120 1084 exercitus
1167 1031 1323 1099 ejus:
1355 1031 1488 1088 Mosi
1534 1048 1664 1087 vero
1715 1050 1812 1103 per
1853 1050 1975 1090 eum

409 1121 654 1192 angelum
687 1121 780 1190 qui
811 1121 962 1176 visus
1011 1119 1209 1186 fuerat,
1241 1125 1521 1177 oraculum
1553 1125 1790 1180 exhibet.
1838 1125 1980 1179 Mili-

407 1213 494 1266 tia:
521 1225 651 1264 vero
692 1211 888 1264 cmlum
924 1212 1028 1265 sub
1075 1228 1133 1268 se
1162 1213 1430 1276 habentis,
1469 1222 1523 1267 et
1558 1216 1832 1271 exercitus
1860 1217 1979 1286 ipso

405 1303 610 1357 mundo
655 1304 976 1373 superioris,
1000 1311 1054 1358 et
1086 1304 1378 1374 spirituum
1425 1306 1804 1373 invisibilium,
1839 1309 1979 1364 divi-

405 1411 712 1467 norumque
755 1398 1069 1466 angelorum
1119 1405 1284 1467 atque
1347 1399 1796 1471 archangelorum
1840 1402 1975 1472 regi,

404 1487 752 1558 perfectoque
776 1489 1011 1543 universi
1048 1487 1156 1543 Deo
1186 1489 1594 1544 inservientium
1628 1491 1811 1558 (sicuti
1837 1493 1978 1562 apud

405 1579 679 1634 Danielem
729 1579 931 1633 dictum
981 1587 1106 1635 est:
1140 1599 1156 1630 ι
1190 1579 1334 1636 Mille
1371 1581 1542 1636 millia
1594 1584 1978 1638 ministrabant

404 1671 475 1734 ei,
509 1675 562 1723 et
592 1670 798 1724 centies
831 1671 974 1724 mille
995 1671 1162 1724 millia
1183 1673 1708 1728 assistebantcoram
1734 1690 1799 1729 eo
1819 1675 1862 1706 δ’
1885 1680 1923 1743 );
1951 1696 1970 1728 ι

403 1760 670 1822 omnium,
715 1761 957 1829 inquam,
1003 1761 1192 1815 talium
1237 1778 1548 1832 supremus,
1589 1767 1714 1834 quis
1757 1767 1974 1821 tandem

2086 579 2279 649 Μωσῆ,
2316 580 2508 649 Μωσῆ,
2551 581 2624 650 μὴ
2657 581 2884 650 ὲγγίσῃς
2943 575 3064 631 ὦδε.
3094 577 3264 629 Λῦσαι
3292 577 3353 630 τὸ
3405 577 3662 649 ὑπόδημα

2079 670 2188 723 τῶν
2232 671 2406 724 ποδῶν
2445 688 2569 723 σουο
2602 672 2629 723 6
2657 671 2765 742 γὰρ
2802 676 2962 733 τόπος
2999 672 3056 723 ὲν
3093 663 3137 737 ᾧ
3181 671 3250 723 σὺ
3286 670 3526 740 ἕστηκας
3575 672 3660 723 ἐπ’

2079 762 2242 814 αὑτοῦ
2277 763 2345 832 γῆ
2387 761 2517 831 ἀγία
2559 761 2723 816 ἐστίν.
2755 781 2772 813 ι
2805 755 2900 824 Εἷς
2925 761 3032 832 ἄρα
3053 760 3146 814 καὶ
3174 763 3202 814 6
3224 761 3383 824 αὑτὸς
3404 757 3470 832 ἦν
3497 763 3524 813 6
3549 765 3657 824 τοῖς

2080 853 2406 926 ἀμφοτέροις
2437 854 2780 924 χρηματίσας
2811 853 2963 915 Θεὸς,
3005 852 3078 915 ὡς
3107 854 3170 904 ὲκ
3207 851 3302 904 τοῦ
3342 852 3656 922 παραγγέλ-

2083 963 2247 1016 ματος
2284 946 2571 998 δείκνυται.
2622 944 2780 997 Ἀλλά
2838 943 2930 996 νῦν
2973 944 3068 1014 μὲν
3110 944 3196 996 διὰ
3229 942 3321 996 τιῦ
3364 944 3647 1015 ἀρχιστρα-

2077 1041 2242 1110 τήγου
2271 1037 2371 1106 τῆς
2399 1036 2677 1107 δυνάμεως
2710 1035 2893 1099 αὑτοῦ,
2919 1037 3104 1087 Μωσεῖ
3145 1035 3200 1087 δὲ
3234 1035 3320 1088 διὰ
3343 1035 3434 1088 τοῦ
3470 1035 3652 1104 ὀφθέν-

2077 1147 2168 1190 τος
2197 1128 2426 1197 ἀγγέλου
2451 1125 2714 1190 Θεσπίζει.
2736 1125 3010 1196 Στρατιῶν
3031 1124 3086 1177 δὲ
3110 1125 3539 1197 ὑπερουρανίων,
3565 1126 3657 1178 καὶ

2079 1221 2360 1290 δυνάμεων
2419 1218 2801 1289 ὑπερκοσμίων
2848 1219 2940 1270 καὶ
2995 1216 3321 1286 πνευμάτων
3372 1217 3654 1287 ἀοράτων,

2080 1311 2328 1381 ἀγγέλων
2363 1327 2421 1363 τε
2471 1309 2630 1362 θείων
2675 1308 2768 1362 καὶ
2817 1307 3170 1379 ἀρχαγγέλων
3213 1305 3288 1376 τῷ
3325 1306 3656 1376 παμϐασιλεί

2078 1404 2172 1458 καὶ
2231 1401 2564 1472 πανηγεμόνι
2593 1399 2710 1471 Θεῷ
2736 1399 3188 1470 λειτουργούντων
3221 1399 3380 1465 (κατὰ
3415 1400 3476 1452 τὸ
3505 1402 3656 1465 εἰρη-

2082 1496 2240 1565 μένον
2283 1494 2430 1564 παρά
2456 1493 2533 1563 τῷ
2560 1491 2754 1563 Δανιήλ
2777 1510 2789 1522 ·
2833 1510 2851 1542 ι
2893 1491 3074 1544 Χίλιαι
3109 1489 3344 1560 χιλιάδες
3384 1490 3658 1562 ἐλειτούρ-

2079 1605 2208 1658 γουν
2236 1587 2383 1657 αὑτῷ
2403 1627 2416 1649 ,
2448 1587 2541 1638 καὶ
2574 1585 2763 1656 μύριαι
2793 1584 3048 1655 μυριάδες
3081 1584 3542 1654 παρειστήκεισαν
3568 1584 3657 1652 ἐμω

2087 1679 2323 1752 προσθεν
2342 1678 2502 1731 αὑτοῦ
2522 1679 2562 1746 )’
2597 1696 2614 1728 ι
2646 1679 2674 1729 6
2705 1676 2919 1728 πάντων
2945 1678 3201 1729 ἀνωτάτω
3236 1675 3318 1738 τίς
3350 1675 3414 1727 ἂν
3449 1674 3658 1742 γένοιτο

2080 1773 2265 1843 ἕτερος
2300 1770 2391 1825 τοῦ
2421 1769 2554 1823 Θεοῦ
2594 1769 2790 1837 Λόγου,
2819 1767 2912 1820 καὶ
2940 1767 3036 1838 τῆς
3067 1766 3408 1838 πρωτοτόκου
3435 1766 3656 1833 Σοφίας,

401 1851 474 1906 sit
509 1851 668 1914 alius,
715 1866 878 1921 quam
927 1849 1022 1905 Dei
1053 1849 1317 1913 Verbum,
1371 1859 1425 1906 et
1455 1855 1817 1922 primogenita
1871 1855 1967 1910 Sa-

2073 1863 2164 1918 τοῦ
2190 1881 2249 1916 τε
2281 1863 2463 1916 ἐνθέου
2497 1863 2868 1932 γεννήματος;
2932 1859 3168 1920 Εἰκότως
3233 1859 3338 1929 ἄρα
3369 1858 3462 1910 καὶ
3496 1858 3658 1928 ἀρχιο-

401 1939 628 2009 piem-ia.
678 1948 732 1994 et
777 1939 995 1996 soboles
1040 1939 1266 1994 divina?
1315 1940 1508 1996 Merito
1550 1959 1678 2014 ergo
1718 1945 1972 2016 princeps

400 2032 788 2102 imperatorum
836 2033 1110 2087 exercitus
1153 2031 1366 2087 Domini
1411 2033 1515 2088 hoc
1546 2035 1600 2088 in
1643 2037 1763 2090 loco
1794 2037 1973 2093 dictus

401 2132 505 2192 est,
535 2133 722 2195 utpote
747 2126 841 2196 qui
873 2125 1024 2191 alibi,
1075 2134 1124 2180 et
1160 2125 1342 2195 magni
1382 2125 1598 2180 consilii
1627 2127 1874 2198 angelus,
1918 2138 1972 2182 et

397 2231 690 2272 consessor
721 2216 935 2277 Patris,
967 2225 1021 2272 et
1066 2225 1303 2272 aeternus
1346 2231 1410 2271 ac
1454 2232 1682 2288 magnus
1716 2221 1972 2275 sacerdos

397 2325 540 2374 esse,
577 2310 646 2364 sit
673 2309 1101 2365 demonstratus.
1139 2308 1244 2364 Sed
1279 2310 1410 2363 illud
1449 2325 1666 2380 quoque
1689 2320 1969 2366 ostensum

397 2409 501 2467 est,
546 2403 692 2472 quod
729 2402 873 2457 idem
915 2411 968 2454 et
1005 2401 1287 2467 Dominus,
1325 2408 1379 2456 et
1414 2401 1578 2462 Deus,
1621 2411 1676 2456 et
1717 2402 1970 2459 Christus

396 2494 490 2553 sit.
520 2497 611 2563 qui
643 2510 672 2548 a
692 2493 852 2548 Patre
876 2495 996 2549 oleo
1017 2493 1399 2548 exsultatinnis
1433 2502 1518 2549 est
1548 2503 1764 2549 unctus.
1798 2493 1970 2548 Abra-

397 2585 480 2640 hae
513 2585 675 2656 igitur
716 2586 856 2656 apud
909 2601 1171 2656 quercum
1220 2587 1372 2642 visus
1405 2585 1460 2639 in
1505 2585 1744 2639 hominis
1790 2584 1965 2640 forma

395 2679 600 2748 quieta,
636 2679 933 2749 habituque
966 2678 1216 2750 paciﬁco,
1258 2678 1502 2748 seipsum
1547 2677 1807 2738 ostendit.
1841 2693 1965 2732 cum

395 2785 460 2824 ex
492 2771 584 2823 illo
615 2786 786 2840 usque
816 2779 1059 2840 tempore
1101 2771 1398 2826 salutarem
1428 2785 1586 2825 suum
1621 2770 1687 2824 ad
1719 2769 1965 2825 homines

395 2860 684 2916 adventum
744 2862 1108 2916 exordiretur.
1156 2863 1264 2933 lpsi
1309 2879 1438 2918 vero
1483 2861 1654 2918 Jacob
1706 2871 1964 2932 tanquam

396 2953 821 3014 exercitahundo
847 2968 909 3007 ac
943 2955 1226 3018 certatori,
1255 2956 1348 3024 qui
1374 2955 1640 3011 adversus
1675 2955 1882 3018 hostes,
1910 2962 1964 3009 et

397 3042 722 3102 luctaturus.
761 3053 815 3099 et
847 3045 1194 3115 prteliaturus
1222 3057 1386 3108 esset,
1419 3047 1584 3101 veluti
1626 3046 1808 3100 homo.
1857 3045 1960 3100 Sed

397 3135 598 3192 Mosem
631 3145 685 3193 et
717 3139 972 3207 populum
1013 3139 1066 3193 in
1099 3140 1279 3209 specie
1309 3139 1471 3194 nubis
1498 3147 1660 3210 atque
1686 3139 1825 3209 ignis
1861 3139 1963 3193 du-

2079 1957 2386 2030 στράτηγος
2419 1957 2700 2026 δυνάμεως
2728 1954 2934 2026 Κυρίου
2975 1953 3068 2004 ἐπὶ
3098 1951 3190 2005 τοῦ
3221 1951 3486 2022 παρόντος
3519 1951 3657 2003 ἁνεί-

2075 2067 2268 2121 ρηται,
2304 2049 2380 2111 ὼς
2414 2049 2506 2101 καὶ
2538 2047 2780 2118 μεγάλης
2810 2046 3004 2116 βουλῆς
3046 2046 3272 2114 ἄγγελος
3307 2048 3364 2097 ὲν
3405 2044 3615 2115 ἑτέροις
3639 2081 3658 2108 ,

2073 2141 2168 2195 καὶ
2202 2141 2486 2212 σύνθρονος
2523 2139 2616 2191 τοῦ
2651 2138 2881 2209 Πατρός,
2911 2137 3123 2200 αἰώνιός
3149 2154 3206 2190 τε
3239 2137 3331 2190 καὶ
3355 2137 3527 2207 μέγας
3558 2136 3660 2206 ἀρ-

2072 2232 2303 2302 χιερεύς.
2339 2231 2736 2284 Ἀποδέδεικται
2769 2230 2846 2296 δὲ,
2868 2231 2948 2283 ὅτι
2982 2231 3076 2282 καὶ
3108 2229 3312 2300 Κύριος
3341 2229 3432 2282 καὶ
3459 2228 3593 2289 Θεὸς
3626 2229 3656 2279 ό

2072 2324 2231 2388 αὐτὸς
2255 2365 2270 2390 ,
2301 2325 2395 2378 καὶ
2426 2323 2659 2394 Χριστὸς
2692 2323 2795 2377 ὑπὸ
2821 2323 2912 2376 τοῦ
2955 2322 3164 2393 Πατρὸς
3201 2322 3365 2392 ἐλαίῳ
3394 2321 3656 2390 ἀγαλλιά-

2073 2435 2208 2480 σεως
2252 2415 2625 2488 κεχρισμένος.
2665 2415 2754 2486 Τῷ
2806 2417 2902 2485 μὲν
2949 2411 3041 2468 οὖν
3086 2415 3336 2486 Ἀϐραὰμ
3386 2415 3535 2486 παρὰ
3577 2418 3646 2485 τῇ

2069 2508 2188 2580 δρυῒ
2215 2509 2398 2578 φανεὶς
2426 2510 2482 2562 ὲν
2511 2507 2794 2578 ἀνθρώπου
2826 2507 2952 2560 εῖδει
2984 2507 3224 2577 γαληνῷ,
3258 2507 3349 2560 καὶ
3383 2507 3648 2576 είρηναίῳ

2181 2619 2327 2670 ματι,
2362 2599 2550 2652 ἑαυτὸν
2566 2598 2926 2662 ὑποδείκνυσι,
2941 2598 3037 2668 τὴν
3061 2599 3322 2670 σωτήριον
3345 2600 3422 2660 είς
3445 2599 3659 2670 ἀνθρώ-

2069 2709 2201 2755 πους
2236 2690 2396 2744 αὑτοῦ
2445 2689 2744 2762 παρουσίαν
2781 2689 2837 2755 ἐξ
2872 2691 3080 2744 ἐκείνου
3127 2691 3652 2761 προοιμιαζόμενος*

2065 2781 2144 2852 τῷ
2169 2781 2225 2834 δὲ
2255 2779 2465 2845 Ἰακὼϐ,
2489 2779 2563 2845 ὡς
2585 2780 2792 2851 ἀσκητῇ
2826 2780 2919 2833 καὶ⁹
2948 2781 3217 2851 ἀγωνιστῇ
3251 2781 3493 2835 παλαίειν
3517 2783 3655 2852 πρὶς

2067 2873 2291 2943 ἐχθροὺς
2331 2872 2426 2924 καὶ
2476 2869 2832 2940 ἀγωνίζεσθαι
2883 2871 3146 2941 μέλλοντι,
3185 2869 3273 2924 οἷα
3314 2872 3636 2942 ἄνθρωπος’

2067 2963 2256 3015 Μωσεῖ
2286 2961 2342 3012 δὲ
2400 2962 2494 3014 καὶ
2535 2959 2613 3029 τῷ
2642 2958 2755 3028 λαῷ
2793 2961 2851 3012 ὲν
2891 2961 3019 3012 εῖδει
3068 2961 3298 3032 νεφέλης
3343 2962 3437 3014 καὶ
3478 2961 3653 3030 πυρὸς

2065 3051 2379 3123 καθηγεῖτο,
2443 3049 2670 3121 φοϐερὸν
2720 3049 2855 3121 ὁμοῦ
2900 3050 2993 3103 καὶ⁵
3035 3049 3467 3120 ἐπεσκιασμένον
3510 3068 3652 3122 παρ-

2065 3145 2202 3215 έχων
2232 3142 2440 3197 ἑαυτόν.
2459 3142 2609 3194 Ἐπεὶ
2635 3142 2691 3195 δὲ
2721 3143 2747 3194 6
2774 3138 2868 3194 τοῦ
2901 3141 3142 3205 Μωσέως
3173 3141 3410 3211 διάδοχος
3442 3142 3650 3213 Ἰησοῦς

394 3229 574 3293 cebst,
629 3231 924 3286 terribilem
975 3232 1190 3285 interim
1239 3238 1402 3301 atque
1453 3230 1834 3284 adumbratum
1878 3245 1966 3285 se-

2073 3211 2348 3303 ττολεμίοις
2391 3231 2579 3302 ἔμελλε
2623 3231 3058 3302 παρατάττεσθαι
3090 3233 3223 3294 τοῖς,
3270 3233 3330 3284 τὸ
3364 3211 3513 3304 πρὶν
3538 3233 3650 3284 Πα-

393 3321 573 3392 lpsum
605 3320 921 3376 ostendens.
960 3322 1037 3374 Ar
1057 3323 1314 3391 quoniam
1349 3319 1515 3374 Mosis
1554 3337 1844 3376 successor
1869 3319 1962 3374 Je-

395 3425 509 3474 δυσ,
556 3421 748 3466 contra
781 3411 968 3468 hostes
1016 3422 1134 3468 erat
1179 3414 1558 3477 instruendus,
1606 3414 1698 3482 qui
1730 3413 1962 3468 antehac

395 3509 594 3558 terram
646 3502 989 3559 Palzestinam
1052 3505 1414 3568 incoluerant,
1458 3515 1714 3560 externas
1773 3505 1961 3575 utique

395 3595 736 3666 maximeque
781 3597 978 3667 impias
1024 3597 1308 3662 nationes,
1356 3595 1554 3650 merito
1609 3612 1733 3651 cum
1778 3597 1960 3668 gladio

394 3686 586 3756 vagina
614 3698 800 3754 exuto,
844 3698 898 3743 et
929 3699 1118 3743 contra
1149 3691 1334 3744 hostes
1378 3701 1608 3744 acumen
1644 3704 1754 3759 prae
1787 3705 1845 3745 se
1883 3690 1962 3744 fe-

393 3786 544 3832 rente
564 3778 992 3845 demonstratur,
1023 3783 1116 3834 tali
1141 3783 1533 3852 propemodum
1560 3783 1770 3838 visione
1791 3781 1964 3850 signi-

393 3867 584 3936 ﬁcans,
605 3871 1063 3940 quemadmodum
1087 3874 1202 3944 ipse
1224 3875 1408 3929 divina
1425 3875 1646 3941 virtute,
1662 3872 1819 3944 247
1841 3880 1964 3926 tan-

391 3976 552 4030 quam
585 3961 840 4018 iuvisibili
871 3963 1072 4033 gladio,
1104 3980 1228 4019 cum
1270 3967 1386 4022 suis
1409 3966 1627 4021 interim
1659 3965 1822 4020 simul
1857 3965 1962 4018 mi-

2069 3327 2354 3379 λαιστίνων
2375 3326 2477 3395 γῆς
2505 3325 2834 3396 οἰκήτορσιν,
2864 3324 3180 3393 ἀλλοφύλοις
3204 3323 3378 3376 ἔθνεσι
3409 3324 3502 3377 καὶ
3523 3326 3653 3378 ἀσε-

2069 3415 2348 3479 ϐεστάτοις
2368 3453 2383 3477 ,
2416 3414 2640 3478 εἰκότως
2685 3413 2826 3485 μετὰ
2872 3413 3144 3486 ῥομφαίας
3177 3415 3524 3486 ὲσπασμένης
3555 3416 3654 3469 καὶ

2065 3507 2207 3562 κατὰ
2236 3507 2343 3560 τῶν
2371 3505 2642 3576 πολεμίων
2670 3506 3014 3577 ὴκονημένης
3050 3504 3427 3574 ὑποφαίνεται,
3450 3523 3644 3576 μονον-

2065 3601 2185 3670 ουχὶ
2226 3599 2314 3654 διὰ
2351 3599 2454 3668 τῆς
2479 3599 2652 3668 ὅψεως
2676 3597 3016 3664 ἀποδεικνὺς,
3043 3599 3126 3650 ὅτι
3154 3597 3217 3668 δὴ
3247 3597 3405 3659 αὐτὸς
3437 3599 3653 3669 ἀοράτῳ

2063 3690 2324 3764 ῥομφαία,
2348 3689 2513 3760 ὲνοέῳ
2528 3689 2770 3760 δυνάμει,
2801 3690 2924 3752 τοὺς
2947 3689 3158 3752 ἀσεϐεῖς
3177 3689 3412 3759 μετιέναι
3435 3688 3650 3758 ἔμελλε,

2067 3783 2176 3845 τοῖς
2237 3779 2456 3842 οἰκείοις
2520 3779 3014 3850 συστρατευόμενος
3063 3779 3156 3832 καὶ
3210 3777 3650 3848 συναγωνιζόμε-

2069 3889 2174 3935 νος.
2241 3870 2335 3924 Διδ
2382 3868 2522 3923 κατὰ
2567 3868 2755 3939 καιρὸν
2827 3868 2922 3922 καὶ
2959 3867 3392 3939 ἀρχιστράτηγον
3439 3867 3649 3938 Κυρίου

2066 3963 2257 4016 ἑαυτὸν
2284 3960 2454 4032 ἀνηγό
2462 3977 2666 4032 ρευσεν.

393 4050 575 4113 litans,
602 4051 792 4120 eisque
817 4067 974 4127 opem
1006 4053 1228 4109 assidue
1254 4055 1458 4118 ferens,
1490 4065 1608 4112 erat
1643 4053 1839 4126 impios
1875 4054 2111 4110 ulturus.
2145 4053 2325 4120 Quare
2352 4052 2515 4106 etiam
2561 4057 2867 4122 Opportune
2924 4052 3163 4122 seipsum
3202 4050 3502 4122 principem
3545 4052 3640 4104 im-

393 4149 699 4210 peratorum
734 4141 947 4197 Domini
979 4145 1284 4215 appellavit.

989 4255 1217 4312 CAPUT
1251 4257 1368 4311 XX.

395 4346 469 4399 Ab
497 4345 619 4419 Job.
653 4379 722 4387 —
749 4348 900 4414 Quod
925 4350 1168 4419 similiter
1214 4351 1316 4419 ipsi
1353 4349 1454 4404 Job
1477 4391 1491 4413 ,
1523 4348 1962 4419 quemadmodum

457 4418 718 4486 patribus,
767 4421 875 4484 ipse
917 4418 1103 4488 Opifea:
1144 4422 1369 4474 universi
1426 4418 1562 4474 Deus
1618 4420 1866 4483 Verbum,
1911 4427 1960 4472 et

463 4489 812 4558 respondisse,
837 4499 886 4543 et
915 4491 1080 4544 oculis
1118 4493 1256 4546 risus
1289 4507 1399 4546 esse
1428 4492 1644 4546 dicitur.

2596 4249 2990 4303 ΚΕΦΑΛΑΙΟΝ
3031 4251 3115 4304 K'.

2051 4337 2221 4398 ΔἈπὸ
2248 4342 2355 4397 τοῦ
2409 4341 2543 4396 Ἰὼϐ.
2579 4371 2648 4382 —-
2685 4341 2778 4406 Ὠς
2811 4341 3023 4408 ὁμοίως
3076 4340 3200 4406 τοῖς
3240 4342 3502 4410 πατράσι
3548 4345 3647 4397 καὶ

2132 4415 2213 4480 τῷ
2255 4413 2390 4476 Ἰὼϐ,
2441 4411 2624 4476 αὐτὸς
2669 4414 2700 4464 ὀ
2755 4411 3113 4480 Δημιοιφγὸς
3138 4411 3256 4465 τῶν
3298 4413 3458 4467 ὅλων
3503 4415 3646 4480 Θεὸς

2133 4485 2343 4554 Λόγος,
2381 4481 2606 4552 ἔχρησέ
2638 4498 2700 4534 τε
2731 4479 2829 4534 καὶ
2863 4481 3188 4550 ὀφθαλμοῖς
3228 4481 3519 4551 ἑωρᾶσθαι
3541 4479 3645 4537 λές

2138 4573 2320 4624 γεται.

463 4692 482 4722 ‹
511 4670 652 4726 Dixit
680 4679 859 4724 autem
885 4671 1145 4726 Dominus
1171 4672 1237 4726 ad
1263 4670 1367 4726 Job
1390 4671 1456 4726 de
1485 4671 1700 4726 turbine
1723 4679 1776 4726 et
1805 4671 1960 4726 nubi-

2145 4687 2165 4721 ι
2198 4663 2332 4721 Εἶπε
2361 4667 2417 4720 δὲ
2439 4665 2640 4736 Κύριος
2660 4663 2736 4734 τῷ
2769 4663 2888 4716 Ἰὼϐ
2909 4663 2995 4717 διὰ
3028 4663 3289 4730 λαίλαπος
3315 4668 3407 4721 καὶ¹
3435 4668 3642 4738 νεφῶν⁸

388 4765 489 4820 bus
516 4783 532 4818 :
561 4761 662 4818 Ubi
696 4779 822 4818 eras
840 4763 967 4818 dum
983 4779 1081 4833 ego
1101 4763 1384 4817 fundarem
1404 4770 1602 4816 terram
1629 4763 1652 4816 ?
1674 4761 1961 4832 Responde

391 4855 496 4923 iam
527 4855 683 4922 mihi,
709 4862 892 4909 utrum
917 4855 1133 4910 noveris
1166 4855 1523 4918 intellectum,
1567 4856 1690 4925 quis
1717 4855 1960 4925 posuerit

391 4962 676 5003 mensuras
704 4947 823 5016 ejus
846 4947 891 5002 si
925 4947 1068 5002 nosti
1099 4947 1164 5009 ⁸⁸,
1198 4966 1214 4998 ›
1245 4955 1296 5002 et
1325 4955 1518 5003 uetera
1553 4969 1564 5002 :
1595 4967 1612 4998 ι
1651 4948 1786 5003 Cum
1821 4948 1958 5001 facta

390 5045 537 5101 sunt,
601 5037 800 5108 inquit,
835 5046 1004 5101 astra,
1059 5037 1420 5092 laudaverunt
1477 5054 1562 5093 me
1604 5053 1735 5092 voce
1763 5052 1958 5107 magna

390 5145 578 5185 omnes
605 5130 784 5201 angeli
817 5130 943 5184 mei.
967 5127 1226 5184 Obstruxi
1257 5138 1437 5184 autem
1467 5145 1615 5184 mare
1635 5132 1808 5198 portis
1829 5129 1873 5159 3’
1896 5146 1910 5193 ;
1936 5147 1954 5179 ›

389 5239 450 5275 ac
475 5223 734 5292 deinceps
765 5221 910 5292 quod
944 5222 1191 5292 sequitur
1219 5242 1230 5277 :
1271 5242 1289 5271 ι
1315 5221 1452 5276 Num
1481 5237 1604 5278 eras
1637 5231 1692 5275 tu
1741 5220 1960 5291 quando

387 5314 647 5368 constitui
681 5314 861 5368 lumen
876 5316 1240 5369 matutinum?
1269 5315 1486 5370 Lucifer
1506 5322 1688 5369 autem
1711 5312 1961 5382 despexit

390 5419 548 5456 suum
577 5404 825 5458 ordinem
854 5405 936 5458 9°?
971 5427 988 5458 ›
1025 5405 1089 5460 Ει
1119 5423 1345 5462 rursus:
1380 5426 1396 5458 ι
1435 5405 1574 5461 Num
1612 5415 1691 5472 tu,
1735 5413 1960 5474 accepto

388 5502 545 5548 terra:
576 5495 715 5559 luto,
772 5495 948 5552 fecisti
986 5499 1219 5552 animal?
1251 5508 1305 5554 et
1337 5499 1403 5552 ad
1459 5497 1789 5568 loquendum
1839 5497 1958 5553 ido-

388 5600 547 5640 neum
575 5587 751 5654 ipsum
806 5590 1033 5656 posuisti
1078 5591 1132 5645 in
1161 5592 1344 5644 terra?
1395 5592 1668 5648 abstulisti
1716 5606 1843 5646 vero
1891 5592 1958 5645 ab

390 5673 569 5745 impiis
606 5677 838 5731 lumen?
878 5679 1158 5736 brachium
1198 5692 1377 5738 autem
1427 5684 1785 5754 superborum
1825 5698 1959 5738 con-

460 5833 503 5864 "
534 5833 703 5888 Exod.
751 5849 831 5899 tu,
856 5833 908 5897 4,
934 5836 985 5891 5.
1062 5837 1104 5868 ⁸⁷
1139 5835 1272 5890 Dan.
1299 5852 1394 5900 γιι.
1436 5838 1520 5894 l0.
1601 5840 1644 5871 ⁸⁸
1683 5837 1802 5894 Job.
1834 5855 1967 5896 xxxv

2101 5839 2152 5902 ι,
2181 5839 2269 5896 45.

2068 4761 2179 4815 Ποῦ
2214 4755 2282 4832 ἦς
2322 4759 2378 4811 ὲν
2414 4757 2491 4828 τῷ
2517 4757 2795 4829 θεμελιοῦν
2857 4773 2923 4826 με
2955 4757 3054 4827 τὴν
3111 4759 3249 4828 γῆν;
3288 4760 3644 4828 Ἀπάγγειλον

2065 4853 2131 4924 δή
2169 4870 2255 4923 μοι
2290 4845 2337 4904 εὶ
2363 4852 2650 4904 ἐπίστασαι
2694 4847 2924 4908 σύνεσιν,
2955 4847 3038 4910 τίς
3065 4847 3217 4901 ἔθετο
3248 4849 3314 4902 τὰ
3343 4850 3518 4923 μέτρα
3550 4851 3643 4902 αὑ-

2066 4944 2183 5014 τῆς,
2209 4945 2256 4996 εί
2286 4939 2450 5006 οἶδας,
2479 4961 2497 4992 ι
2536 4939 2707 4994 καὶτὰ
2731 4937 2875 5010 ἑξῆς·
2908 4959 2926 4992 ι
2950 4939 3076 4992 Ὅτε
3107 4939 3459 5011 ἐγενήθησαν,
3490 4961 3507 4992 ι
3543 4960 3644 5012 φη-

2066 5035 2172 5098 σὶν,
2209 5055 2228 5087 ι
2263 5036 2458 5106 ἄστρα,
2494 5035 2690 5104 ᾔνεσάν
2723 5052 2788 5105 με
2815 5037 2964 5106 φωνῇ
3001 5033 3207 5104 μεγάλῃ
3252 5033 3451 5096 πάντες
3481 5034 3643 5102 ἄγγε-

2061 5127 2142 5180 λοί
2181 5145 2302 5197 μου.
2339 5127 2590 5198 Ἔφραξα
2622 5126 2678 5179 δὲ
2708 5126 2981 5180 θάλασσαν
3016 5125 3230 5188 πύλαις.
3272 5145 3290 5176 ι
3325 5125 3435 5178 Καὶ
3485 5125 3638 5196 ἑξῆςο

2068 5238 2084 5269 ι
2121 5215 2194 5272 Ἦ
2228 5221 2320 5272 ἐπὶ
2348 5217 2438 5272 σοῦ
2476 5220 2769 5289 συντέταχα
2800 5218 2998 5287 φέγγος
3024 5217 3289 5287 πρωῖνόν.
3335 5216 3644 5288 Ἐωσφόρος

2061 5310 2116 5362 δὲ
2155 5310 2334 5363 ἐπεῖδε
2379 5310 2475 5381 τὴν
2521 5310 2714 5363 ἑαυτοῦ
2761 5310 2940 5375 τάξιν;
2985 5328 3003 5360 ι
3039 5309 3150 5363 Καὶ
3183 5306 3373 5361 πάλιν·
3414 5329 3432 5359 ι
3469 5305 3547 5362 Ἦ
3581 5312 3644 5364 σὺ
3693 5375 3698 5380 ν

2061 5400 2240 5453 λαϐὼν
2273 5400 2377 5471 γῆς
2411 5401 2578 5472 πηλὸν
2619 5400 2857 5464 ἔπλασας
2885 5399 3041 5464 ζῶον,
3075 5399 3168 5452 καὶ
3212 5399 3440 5470 λαλητὺν
3480 5401 3645 5452 αὑτὸν

2065 5495 2187 5548 ἔθου
2210 5494 2301 5547 ἐπὶ
2331 5494 2428 5564 τῆς
2467 5495 2600 5564 γῆς;
2636 5493 2851 5561 ἀφεῖλες
2888 5492 2944 5544 δὲ
2987 5492 3094 5545 ἀπὸ
3140 5491 3350 5545 ἀσεϐῶν
3389 5492 3447 5543 τὸ
3493 5492 3640 5560 φῶςς

2067 5587 2323 5658 βραχίονα
2365 5585 2406 5638 δ’
2449 5585 2806 5655 ὑπερηφάνων
2841 5582 3192 5654 συνέτριψας;
3245 5577 3407 5651 ἦλθες
3448 5581 3505 5635 δὲ
3550 5584 3643 5635 ἐπὶ

2065 5681 2245 5751 πηγὴν
2275 5679 2575 5749 θαλάσσηςν
2615 5679 2670 5729 ὲν
2706 5677 2760 5729 δὲ
2793 5676 2991 5746 ἰ’λίνεειν
3033 5675 3267 5728 ἀϐύσσου
3301 5676 3630 5745 περιεπάτη,

2349 5838 2391 5872 ⁸⁸
2424 5837 2555 5893 ibid.
2594 5836 2644 5890 7.
2721 5835 2766 5867 '°
2815 5833 2946 5890 ibid.
2987 5833 3070 5888 ιε.
