3902 6264
287 301 372 356 f0!
1173 289 1823 349 DEMONSTRATIONIS
1858 284 2310 344 EVANGELICE
2349 282 2476 340 LIB.
2512 280 2582 340 ν.

3419 271 3520 331 ιοῖ

284 434 376 479 σας
398 432 413 479 ;
447 412 751 481 ἀνοίγονται
772 410 829 464 δέ
856 427 936 464 σοι
964 410 1113 480 φόϐῳ
1138 409 1299 464 πύλαι
1324 408 1586 476 θανάτους
1612 406 1849 479 πυλωροὶ

1968 401 2187 459 .rivisti?
2216 399 2410 455 venisti
2442 405 2619 452 autem
2652 394 2717 450 ad
2754 392 2954 448 fontem
2998 388 3167 447 maris
3197 428 3211 450 ,
3248 398 3293 443 et
3323 387 3375 440 in
3421 401 3514 440 Vc-

282 508 334 562 δὲ
382 505 514 576 ᾅδου
567 503 763 566 ἰδόντες
810 518 869 557 σε
921 500 1193 571 ἐπτηξανς
1234 519 1253 551 ι
1288 500 1397 554 Καὶ
1444 498 1537 552 ἐπὶ
1581 498 1719 551 τέλει
1759 495 1855 550 τοῦ

287 596 481 661 παντὸς
504 594 754 667 χρησμοῦ
780 593 1128 664 ἀποκρίνεται
1154 590 1274 646 Ἰὼϐ
1307 590 1383 661 τῷ
1416 590 1622 662 Κυρίῳ,
1654 589 1852 659 λέγων·

285 708 304 740 ι
342 689 607 741 Ἄκουσον
631 684 694 755 δή
730 699 857 755 μου,
887 682 1083 755 Κύριε,
1114 682 1201 736 ἰνα
1227 680 1380 749 κάγὼ
1406 680 1641 751 λαλήσω.
1690 679 1857 749 Ἑρω-

281 782 426 852 τήσω
483 778 539 832 δέ
608 794 690 844 σε,
742 778 806 831 σὺ
852 776 910 830 δέ
959 793 1025 847 με
1063 773 1291 840 δίδαξον.
1333 773 1539 843 ’Δκοὴν
1575 771 1672 844 μὲν
1720 770 1858 833 ὠτὸς

282 871 475 942 ἤκουόν
508 886 602 923 σου
625 870 687 922 τὸ
711 868 993 939 πρότερον,
1031 866 1125 920 νῦν
1165 867 1222 921 δὲ
1247 868 1275 920 ὁ
1298 864 1571 935 ὀφθαλμός
1611 881 1711 935 μου
1756 861 1858 916 ἐώ-

283 962 411 1035 ρακέ
445 978 531 1015 σε.
563 960 654 1017 Διδ
681 959 943 1029 ἐφαύλισα
971 957 1225 1030 ἐμαυτὸν,
1251 958 1346 1011 καὶ
1375 957 1574 1028 ἐτάκην
1594 974 1606 988 ·
1637 956 1852 1027 ἥγημαι

278 1052 331 1105 δὲ
368 1049 613 1121 ἐμαυτὸν
642 1049 744 1119 γῆν
793 1049 888 1103 καί
932 1048 1145 1102 σποδόν.
1190 1065 1209 1099 ι
1239 1048 1360 1100 Ὅτι
1391 1046 1489 1118 μὲν
1519 1040 1611 1099 οὖν
1655 1042 1858 1116 Κυρίου

281 1143 369 1198 τοῦ
402 1142 750 1217 Δημιουργοῦ
779 1142 1131 1213 τυγχάνουσιν
1177 1142 1232 1194 αἰ
1274 1139 1624 1211 προκείμεναι
1666 1136 1859 1206 φωναί,

278 1237 376 1289 οὐκ
404 1237 471 1288 ἐκ
494 1235 603 1290 τῶν
629 1233 997 1306 προτεθέντων
1033 1232 1212 1302 μόνον,
1242 1229 1378 1285 ἀλλὰ
1422 1230 1514 1284 καὶ
1550 1229 1614 1283 ὲκ
1647 1228 1753 1281 τῶν
1781 1244 1862 1279 σοι

278 1325 619 1396 φαινομένων
655 1320 946 1392 διαγνῶναι
990 1321 1198 1392 psam-
1239 1319 1319 1373 ὅτι
1367 1319 1425 1373 δὲ
1468 1317 1550 1383 τὸ,
1602 1336 1622 1369 ι
1660 1312 1864 1377 Ἦλθες

279 1419 367 1470 ἐπὶ
392 1418 584 1488 πηγὴν
621 1415 915 1484 θαλάσσης,
962 1414 1020 1466 ἐν
1064 1412 1122 1465 δέ
1167 1412 1371 1482 ῐχνεσιν
1420 1408 1657 1463 ἀϐύσσου
1712 1424 1866 1479 περι-

278 1507 595 1579 επάτησας;
631 1526 649 1558 ι
674 1506 768 1560 καὶ
792 1506 875 1568 τὸ,
909 1523 928 1555 ι
962 1502 1288 1570 ’Δνοίγονται
1323 1501 1380 1555 δέ
1403 1518 1484 1554 σοι
1513 1500 1662 1569 φόϐῳ
1702 1497 1865 1551 πύλαι

278 1598 534 1664 θανάτου;
566 1597 804 1672 πυλωροὶ
838 1596 896 1649 δὲ
934 1595 1058 1667 ᾅδου
1095 1596 1290 1660 ἰδόντες
1318 1611 1376 1649 σε
1405 1592 1670 1663 ἔπτηξαν;
1712 1608 1732 1643 ι
1767 1589 1865 1660 τὴν

282 1693 361 1754 εἰς
394 1690 531 1761 ᾅδου
562 1688 785 1743 κάθοδον
811 1687 907 1742 τοῦ
942 1688 1192 1758 Σωτῆρος
1239 1686 1394 1758 ἡμῶν
1427 1684 1692 1750 θεσπίζει,
1727 1681 1867 1737 κατά

1957 492 2132 563 ειίεἱίε
2166 489 2346 561 abyssi
2403 484 2810 542 deambulasti?
2836 480 3258 553 aperiunturque
3302 474 3400 529 tibi
3445 474 3517 528 ti-

1958 600 2108 642 more
2129 591 2299 655 portae
2322 577 2555 636 mortis?
2581 586 2635 632 et
2650 577 2917 648 janitores
2934 572 3232 629 inferorum
3274 566 3521 623 videntes

1958 684 2009 732 te
2037 674 2210 731 territi
2246 680 2375 726 sunt
2404 669 2496 722 ἰτ
2526 688 2544 720 ι
2579 667 2785 723 Deinde
2840 666 2893 721 in
2953 664 3058 719 ﬁne
3086 662 3252 718 totius
3288 655 3520 720 oraculi,

1957 767 2248 839 respondet
2270 761 2372 820 Job
2398 760 2647 824 Domino,
2680 760 2867 815 dicens
2891 773 2904 810 :
2937 775 2957 810 ι
2980 754 3119 811 Audi
3147 754 3259 824 jam
3284 766 3389 818 me,
3418 747 3523 803 Do-

1957 861 2125 927 mine,
2153 865 2212 913 ut
2241 856 2405 913 etiam
2436 869 2537 923 ego
2567 852 2781 921 loquar,
2815 857 2869 905 et
2900 846 3243 917 interrogabo
3275 851 3349 910 te,
3382 847 3444 908 et,
3462 847 3523 895 tu

1960 967 2046 1007 me
2078 950 2292 1007 doceto.
2337 946 2540 1002 Auditu
2584 943 2802 1015 quidem
2846 940 2996 996 auris
3044 937 3223 993 audivi
3253 943 3306 991 te
3349 933 3521 1006 prius,

1959 1059 2106 1101 nunc
2134 1049 2312 1097 autem
2367 1037 2561 1094 oculus
2606 1050 2761 1090 meus
2790 1032 2926 1087 vidit
2955 1040 3027 1087 te.
3061 1029 3327 1098 Quocirca
3364 1026 3523 1082 vilem

1964 1134 2126 1191 habui
2177 1131 2465 1201 meipsum,
2531 1134 2587 1182 et
2640 1122 2966 1195 liquefactus
3020 1137 3163 1186 sua),
3231 1125 3286 1175 et
3342 1113 3525 1189 putavi

1963 1226 2229 1297 meipsum
2261 1230 2460 1277 terram
2509 1227 2564 1274 et
2604 1217 2843 1273 cinerem
2861 1216 2929 1269 ".
2964 1232 2983 1266 ι
3020 1210 3235 1267 Domini
3258 1209 3418 1280 igitur
3440 1222 3524 1262 re-

1962 1333 2084 1373 rum
2117 1314 2341 1386 Opificis
2380 1311 2660 1382 expositas
2713 1307 2875 1364 modo
2908 1321 3032 1362 esse
3080 1318 3262 1366 voces,
3287 1316 3396 1356 non
3438 1314 3526 1356 so-

1964 1410 2077 1465 lum
2101 1423 2169 1463 ex
2198 1407 2286 1469 iis,
2316 1420 2436 1476 qua:
2462 1400 2744 1473 proposita
2776 1406 2926 1461 sunt,
2950 1410 3138 1453 verum
3162 1394 3323 1450 etiam
3348 1390 3527 1471 exiis,

1965 1518 2085 1574 qua:
2130 1499 2226 1555 tibi
2261 1498 2367 1571 ipsi
2419 1496 2732 1558 videantur,
2779 1492 3100 1562 dignoscere
3132 1485 3288 1541 facile
3308 1491 3391 1539 est
3418 1520 3433 1534 .
3469 1482 3534 1537 il-

1966 1596 2057 1651 lud
2080 1610 2208 1651 vero
2232 1634 2248 1659 ,
2284 1611 2303 1644 ι
2331 1588 2540 1646 Venisti
2570 1588 2638 1643 ad
2666 1586 2869 1642 fontem
2896 1582 3085 1647 maris,
3118 1588 3173 1637 et
3201 1579 3258 1634 in
3289 1574 3531 1647 vestigiis

1968 1687 2153 1759 abyssi
2211 1680 2609 1740 deambulasti?
2641 1698 2661 1733 ι
2708 1685 2764 1734 et
2801 1673 2957 1737 illud,
2993 1692 3011 1724 ι
3040 1671 3373 1742 Aperiuntur
3406 1681 3532 1722 vero

281 1781 368 1834 τὸν
420 1781 774 1852 προσήκοντα
816 1779 1006 1851 καιρὸν
1050 1778 1427 1849 ἀποδείξομεν·
1469 1774 1720 1829 τοσοῦτον
1768 1773 1861 1827 νῦν

1968 1781 2059 1835 tibi
2087 1780 2282 1833 timore
2308 1784 2479 1846 porta:
2508 1772 2737 1836 mortis,
2798 1777 2855 1824 et
2909 1767 3177 1839 ianitores
3233 1761 3530 1817 inferorum

279 1873 773 1944 ἐπισημηνάμενοι,
812 1871 889 1935 ὡς
933 1870 1131 1942 μᾶλλον
1164 1870 1243 1941 τῷ
1272 1868 1389 1940 Θεῷ
1424 1867 1581 1939 Λόγῳ
1609 1868 1752 1938 ἥπερ
1780 1865 1858 1937 τῷ

279 1965 397 2036 Θεῷ
411 1965 525 2018 τῶν
547 1964 682 2018 ὅλων
701 1963 769 2018 τά
794 1963 934 2019 κατὰ
953 1963 1042 2016 τὸν
1059 1962 1221 2016 τόπον
1241 1959 1549 2015 ἀνατιθέναι
1571 1958 1849 2031 προσήκει.

290 2056 344 2112 ⁸0
358 2054 501 2125 γοῦν
516 2054 656 2119 Ἰὼϐ,
676 2053 824 2123 ἑξῆς,
845 2053 1045 2123 ὁμοίως
1061 2054 1174 2116 τοῖς
1195 2051 1464 2123 πατράσιν
1479 2050 1638 2103 αὐτὸν
1657 2047 1721 2119 δὴ
1734 2046 1858 2101 τοῦ-

280 2166 366 2202 τον
397 2148 572 2201 τδνέν
601 2148 792 2217 ἀρχαῖς
820 2145 906 2199 διὰ
937 2129 1195 2207 λαίλαπος
1236 2144 1329 2198 καὶ
1378 2141 1553 2211 νεφῶν
1594 2139 1859 2213 χρηματί-

283 2237 445 2301 ζοντα
469 2234 618 2307 αὐτῷ
646 2234 868 2307 Κύριον,
890 2234 1119 2305 αὐτοψίᾳ
1145 2232 1542 2305 τεθεωρηκέναι
1574 2233 1854 2303 μαρτυρεῖ,

281 2327 477 2396 λέγων·
507 2346 526 2378 ι
556 2326 819 2379 Ἄκουσον
862 2324 919 2377 δέ
952 2322 1282 2394 μου,Κύριε,
1319 2322 1407 2375 ἵνα
1438 2319 1592 2389 κάγὼ
1618 2320 1853 2391 λαλήσω.

291 2418 588 2489 Ἐρωτήσω
618 2417 674 2470 δέ
708 2433 788 2479 σε,
827 2416 890 2469 σὺ
923 2414 980 2468 δέ
1011 2431 1077 2486 με
1107 2412 1333 2477 δίδαξον.
1376 2413 1568 2482 Ἀκοὴν
1599 2411 1696 2483 μὲν
1723 2411 1859 2474 ὠτὸς

282 2508 481 2579 ἧκουόν
509 2525 603 2560 σου
640 2507 1014 2578 τὸ,πρότερον,
1038 2505 1134 2560 νῦν
1168 2506 1224 2558 δὲ
1265 2507 1293 2558 ό
1324 2502 1596 2573 ὀφθαλμός
1631 2520 1729 2573 μου
1756 2500 1857 2554 ἐώ-

287 2600 425 2670 ρακέ
452 2616 529 2652 σε.
564 2599 654 2651 Διὸ
686 2597 949 2668 ἐφαύλισα
980 2597 1237 2668 ἐμαυτὸν,
1262 2597 1357 2650 καί⁸
1389 2595 1616 2665 ἐτάκην’
1644 2594 1859 2665 ἥγημαι

282 2692 337 2745 δὲ
366 2691 605 2763 ἐμαυτὸν
635 2691 736 2761 γῆν
768 2690 862 2744 καί
895 2689 1106 2743 σποδόν.
1147 2708 1166 2741 ι
1196 2687 1320 2752 Πῶς
1345 2688 1389 2740 δ’
1413 2687 1477 2740 ἂν
1495 2685 1585 2741 τὸν
1604 2685 1861 2739 ἀνωτάτω

282 2782 439 2846 Θεὸν,
468 2782 559 2835 τὸν
580 2781 688 2835 τῶν
711 2782 846 2835 ὅλων
871 2782 1145 2843 ἐπέκεινα,
1171 2781 1268 2852 τὴν
1292 2780 1557 2850 ἄτρεπτον
1582 2778 1676 2831 καὶ
1705 2776 1864 2844 ἀγένε

282 2892 444 2948 νητον
470 2876 678 2938 οὐσίαν,
709 2874 887 2945 σάρκα
913 2873 1347 2944 περιϐεϐλημένη
1371 2869 1516 2942 ψυχὴ
1545 2870 1639 2923 καί
1664 2867 1861 2939 ὀφθαλ-

288 2969 380 3039 μοὶ
416 2967 626 3039 θνητῶν
660 2967 969 3031 ἐθεάσαντο,
1005 2968 1053 3020 εἰ
1095 2967 1167 3039 μὴ
1212 2968 1319 3036 ἄρα
1363 2964 1547 3035 σαφῶς
1589 2962 1865 3019 κάνταῦθα

286 3059 650 3115 ύποϐαίνοντα
689 3059 781 3114 τοῦ
824 3059 1024 3114 οἰκείου
1070 3060 1332 3131 μεγέθους
1370 3059 1460 3112 τὸν
1501 3058 1632 3112 Θεὸν
1670 3057 1860 3125 Λόγον,

285 3153 345 3207 δν
368 3152 638 3224 διαφόρως
660 3151 1051 3223 ἀποδείκνυμεν
1073 3127 1302 3222 Κύριον,
1336 3150 1579 3221 εἴποιμεν
1625 3150 1690 3203 ἂν
1722 3167 1860 3221 παρ-
1887 3127 1929 3185 C

290 3244 577 3307 ίστασθαι,
613 3244 688 3307 ὼς
723 3242 838 3296 ἔστι
877 3245 969 3296 καὶ
995 3240 1055 3306 ἐξ
1097 3241 1273 3295 αὐτῶν
1318 3240 1427 3294 τῶν
1466 3238 1724 3311 χρησμῶν
1758 3256 1860 3309 μα-

288 3338 421 3401 θεῖν,
453 3337 523 3390 δι⁹
557 3328 633 3389 ὧν
672 3333 826 3399 αὖθις
856 3336 885 3387 ὁ
919 3333 1119 3406 Κύριος
1152 3334 1288 3405 πρὸς
1327 3334 1417 3388 τὸν
1460 3333 1580 3387 Ἰὼϐ
1618 3333 1687 3387 τά
1736 3334 1864 3403 περὶ

290 3426 381 3480 τοῦ
428 3425 674 3479 διαϐόλου
722 3424 797 3489 ὡς
849 3425 977 3496 περί.
1021 3424 1308 3496 δράκοντος
1359 3422 1507 3478 διιὼν
1555 3422 1862 3494 ἐπεχείρεις

298 3535 319 3570 ι
351 3518 422 3571 ω
465 3516 710 3579 δέδοικας
754 3516 835 3569 ὅτι
865 3514 1187 3585 ήτοίμασταί
1229 3531 1356 3584 μοις
1393 3531 1412 3564 ι
1442 3513 1716 3585 Δράκοντα
1758 3510 1867 3582 γὰρ

292 3605 621 3679 ἡτοιμάσθαι
646 3607 783 3676 ποίῳ
800 3604 986 3677 Κυρίῳ
1009 3606 1272 3678 προσήκει
1295 3602 1556 3675 νομίζειν,
1586 3601 1619 3672 ἢ
1645 3601 1720 3671 τῷ
1750 3599 1869 3671 Θεῷ

292 3702 447 3771 Λόγῳ
471 3700 567 3754 καὶ
608 3698 817 3769 Σωτῆρι
854 3696 1043 3769 ἡμῶν,
1073 3695 1132 3760 ὃς
1160 3695 1251 3748 τὸν
1293 3694 1525 3765 ἄρχοντα
1556 3693 1649 3746 τοῦ
1678 3691 1871 3756 αἰῶνος

296 3792 504 3855 τούτου,
539 3790 706 3845 πάλαι
737 3789 999 3860 πρότερον
1027 3784 1411 3857 πολιορκοῦντα
1438 3783 1499 3837 τὸ
1523 3783 1630 3836 τῶν
1666 3780 1873 3854 ἀνθρώ-

297 3903 408 3938 πων
439 3885 617 3953 γένος,
649 3881 885 3944 καθεῖλε,
914 3880 1080 3943 λύσας
1124 3878 1223 3944 τὰς
1260 3878 1452 3942 ὠδῖνας
1480 3876 1572 3931 τοῦ
1611 3876 1868 3931 θανάτουο

294 3976 323 4031 ό
341 3976 436 4030 καί.
461 3975 627 4040 αὐτὸς
654 3974 949 4045 παρίστησι
982 3974 1159 4044 φήσας
1178 4013 1192 4035 ,
1222 3992 1240 4023 ι
1278 3966 1479 4034 Ἦλθες
1498 3970 1541 4023 δ’
1572 3970 1666 4023 ἐπὶ
1693 3968 1874 4040 πηγὴν

297 4069 604 4141 θαλάσσης;
637 4070 694 4121 ἐν
717 4068 773 4121 δέ
799 4069 996 4139 ἴχνεσιν
1019 4066 1253 4120 ἀϐύσσου
1270 4066 1704 4138 περιεπάτησας;
1736 4063 1876 4118 ἀνοί-

297 4177 480 4228 γονται
510 4159 568 4213 δέ
599 4175 682 4212 σοι
713 4158 863 4227 φόϐῳ
894 4156 1059 4210 πύλαι
1092 4156 1357 4221 θανάτου;
1385 4154 1623 4227 πυλωροὶ
1660 4154 1719 4207 δὲ
1749 4152 1875 4225 ᾅδου

301 4252 496 4315 ἰδόντες
544 4267 605 4303 σε
654 4250 932 4321 ἐπτηξαν;
975 4269 993 4300 ι
1020 4248 1206 4303 Ταῦτα
1256 4246 1311 4300 δὲ
1344 4246 1569 4309 εἰκότως
1615 4245 1752 4319 πρὸς
1788 4245 1878 4300 τὸν

308 4345 426 4397 Ἰὼϐ
460 4340 789 4416 χρηματίζει
828 4340 965 4413 μετά
988 4339 1079 4393 τὸν
1110 4339 1283 4410 μέγαν
1313 4336 1638 4409 πειρασμὸν,
1690 4336 1749 4389 ὃν
1776 4333 1879 4389 οτι-

1961 1871 2208 1926 videntes
2229 1877 2281 1924 te
2309 1866 2486 1922 territi
2507 1871 2637 1921 sunt
2661 1863 2685 1918 ἰ
2722 1881 2741 1914 ι
2779 1858 3083 1915 Salvatoris
3113 1857 3286 1912 nostri
3302 1853 3531 1909 descen-

1963 1980 2085 2020 sum
2140 1962 2209 2018 ad
2264 1959 2471 2017 inferos
2529 1954 2861 2028 significare,
2895 1967 2997 2007 suo
3047 1956 3289 2017 tempore
3310 1944 3536 2001 demon-

1962 2056 2280 2120 strabimus,
2314 2051 2541 2109 simodo
2573 2050 2676 2105 hoc
2699 2049 2820 2103 loco
2850 2046 2901 2101 id
2927 2058 3093 2098 unum
3124 2039 3493 2097 notaverimus
3518 2055 3531 2091 :

1962 2147 2073 2204 Deo
2104 2146 2281 2204 Verbo
2310 2145 2484 2215 magis
2510 2157 2671 2214 quam
2709 2138 2821 2195 Deo
2840 2135 3012 2203 Patri,
3033 2148 3153 2205 qua:
3182 2130 3250 2186 ad
3286 2131 3431 2186 hunc
3456 2128 3537 2183 lo-

1962 2252 2086 2292 cum
2110 2236 2401 2307 pertinent,
2425 2249 2546 2288 esse
2563 2229 2869 2286 tribuenda.
2892 2225 3056 2299 2&8
3082 2222 3187 2279 Job
3210 2223 3395 2294 igitur,
3428 2220 3536 2276 sic-

1965 2337 2025 2385 ut
2071 2330 2235 2383 etiam
2277 2325 2471 2395 reliqui
2517 2331 2723 2395 patres,
2782 2321 2959 2391 ipsum
3016 2318 3164 2372 hunc
3192 2317 3260 2370 ab
3287 2312 3441 2368 initio
3471 2310 3539 2367 de

1963 2423 2177 2480 turbine
2219 2430 2273 2477 et
2314 2404 2550 2476 nubibus
2598 2416 3018 2487 respondentem
3074 2411 3177 2469 sibi
3224 2408 3534 2473 Dominum,

1964 2529 2149 2571 coram
2168 2528 2227 2570 se
2261 2513 2518 2568 intuitum
2551 2525 2673 2566 esse
2702 2509 3051 2571 testiﬁcatur,
3083 2501 3275 2557 dicens
3301 2515 3315 2553 :
3353 2518 3372 2552 ι
3396 2498 3536 2554 Audi

1962 2621 2094 2663 vero
2115 2620 2221 2671 me,
2256 2605 2502 2669 Domine,
2563 2610 2622 2657 ut
2656 2602 2819 2658 etiam
2850 2614 2951 2672 ego
2984 2598 3197 2670 loquar,
3226 2604 3282 2653 et
3302 2592 3540 2650 interro-

1966 2699 2105 2770 gabo
2147 2704 2223 2765 te,
2261 2704 2316 2751 et
2369 2704 2429 2751 tu
2470 2710 2558 2752 me
2610 2695 2805 2751 doceto
2839 2709 2852 2745 :
2886 2690 3077 2747 auditu
3120 2688 3340 2761 quidem
3388 2685 3539 2743 auris

1967 2788 2150 2845 audivi
2182 2796 2234 2845 te
2269 2788 2443 2859 prius,
2473 2802 2624 2843 nunc
2667 2795 2847 2840 autem
2876 2783 3072 2841 oculus
3107 2794 3260 2836 meus
3290 2776 3425 2832 vidit
3464 2784 3537 2830 te.

1967 2879 2235 2947 Quocirca
2258 2880 2419 2934 vilem
2447 2878 2615 2933 habui
2643 2878 2934 2948 meipsum,
2964 2883 3019 2930 et
3053 2869 3378 2943 liquefactus
3396 2883 3538 2931 sum,

1966 2981 2022 3028 et
2050 2970 2234 3043 putavi
2268 2970 2536 3041 meipsum
2572 2976 2774 3025 terram
2803 2973 2858 3021 et
2886 2965 3148 3021 cinerem.
3171 2982 3190 3015 ι
3233 2959 3338 3028 Qui
3362 2969 3540 3014 autem

1971 3063 2088 3118 ﬁeri
2116 3069 2316 3133 potest,
2381 3068 2438 3117 ut
2486 3076 2802 3133 supremum
2845 3057 3037 3123 Deum,
3070 3064 3124 3112 et
3164 3070 3290 3110 eum
3330 3053 3425 3124 qui
3455 3058 3542 3107 est

1964 3153 2106 3207 ultra
2135 3151 2340 3217 omnia,
2372 3151 2765 3207 immutabilem
2801 3149 2991 3220 utique
3033 3154 3087 3202 et
3124 3144 3425 3217 ingenitam
3451 3158 3540 3199 es-

1964 3243 2215 3309 sentiam,
2249 3243 2428 3298 anima
2448 3243 2635 3299 induta
2662 3257 2910 3314 corpore,
2934 3249 2989 3296 et
3031 3239 3176 3295 oculi
3217 3236 3522 3292 mortalium

1964 3333 2146 3389 intuiti
2165 3333 2295 3400 sint,
2324 3334 2430 3391 nisi
2461 3334 2623 3406 plane
2667 3334 2771 3389 hoc
2826 3333 2991 3389 etiam
3020 3330 3163 3395 loco,
3212 3326 3395 3399 egredi
3457 3324 3528 3382 de

1965 3426 2185 3498 propria
2238 3426 2614 3498 magnitudine
2656 3425 2752 3482 Dei
2777 3424 3039 3491 Verbum,
3072 3423 3251 3494 ipsum
3298 3419 3390 3492 qui
3439 3417 3547 3475 Do-

1966 3519 2149 3574 minus
2192 3534 2316 3574 esse
2347 3558 2364 3583 ,
2416 3518 2585 3574 variis
2642 3516 3053 3573 demonstratur
3107 3512 3304 3579 modis,
3365 3526 3539 3581 eoque

1969 3609 2130 3665 modo
2155 3609 2413 3665 exhibere
2454 3624 2513 3665 se
2562 3608 2855 3664 videndum
2911 3608 3246 3671 dixerimus,
3281 3606 3544 3677 quemad-

1969 3701 2190 3758 modum
2220 3700 2347 3757 licet
2383 3700 2467 3756 vel
2514 3716 2580 3755 ex
2623 3699 2757 3770 ipsis
2804 3699 3045 3755 oraculis
3077 3698 3306 3765 discere,
3342 3698 3394 3752 in
3420 3697 3545 3767 qui-

1973 3795 2074 3850 bus
2102 3809 2297 3849 rursus
2324 3793 2439 3864 ipse
2462 3791 2727 3847 Dominus
2755 3793 2822 3847 ad
2878 3790 2981 3847 Job
3001 3805 3066 3846 ea
3109 3805 3230 3861 quas
3257 3789 3322 3845 ad
3352 3789 3544 3844 diabo-

1972 3886 2084 3940 lum
2133 3884 2425 3957 pertinent,
2487 3891 2747 3955 tanquam
2788 3883 2854 3939 de
2896 3882 3135 3938 dracone
3165 3895 3428 3937 enarrans
3465 3880 3541 3935 iu-

1974 3975 2178 4043 stabat,
2236 3972 2393 4028 (Non
2426 3973 2586 4029 times
2642 3974 2898 4043 quoniam
2956 3981 3177 4044 paratus
3197 3979 3283 4027 est
3307 3969 3485 4025 mihi?
3521 3989 3541 4025 υ

1974 4064 2075 4122 Cui
2094 4066 2238 4122 enim
2271 4064 2521 4129 Domino,
2548 4064 2840 4119 draconem
2860 4071 3108 4135 paratum
3135 4078 3255 4119 esse
3294 4061 3545 4117 arbitrari

1976 4159 2253 4224 convenit,
2286 4158 2391 4213 nisi
2420 4157 2530 4214 Deo
2558 4155 2738 4213 Verbo
2772 4164 2827 4213 et
2856 4156 3121 4212 Salvatori
3149 4163 3357 4220 nostro,
3387 4170 3546 4227 quem

1975 4251 2273 4324 principem
2305 4250 2465 4321 hujus
2497 4250 2679 4306 saeculi
2717 4250 3041 4321 jampridem
3066 4265 3238 4321 genus
3267 4248 3546 4303 hominum

1977 4344 2392 4414 depopulantem
2428 4344 2671 4409 sustulit,
2712 4342 2996 4399 dissolutis
3023 4342 3217 4397 mortis
3240 4339 3544 4402 doloribus,

297 4435 499 4506 ἔμεινε,
534 4433 631 4487 καὶ
668 4431 873 4503 ἀγῶνα,
902 4432 1165 4485 διδάσκων
1200 4428 1477 4493 αύτὺν,ὃτι
1512 4429 1651 4499 ύπέρ
1678 4428 1864 4500 μέρους

1978 4428 2124 4528 (ιυοά
2170 4430 2388 4499 quidem
2447 4431 2649 4501 ipsum,
2711 4431 2829 4501 ipse
2868 4445 3085 4502 quoque
3131 4431 3278 4485 dicat
3336 4429 3545 4492 dicens,

297 4527 618 4597 ἠγώνισται,
660 4524 754 4578 τοῦ
792 4522 1034 4596 μείζονος
1075 4523 1168 4577 καὶ
1215 4520 1600 4595 κραταιοτέρου
1639 4520 1864 4593 πολέμου

1987 4539 2007 4572 ι
2042 4520 2251 4576 Venisti
2306 4537 2438 4577 vero
2495 4523 2561 4576 ad
2622 4521 2825 4576 fontem
2892 4523 3081 4585 maris,
3128 4530 3183 4576 et
3228 4522 3282 4576 in
3310 4520 3549 4588 vestigiis

298 4620 391 4673 καὶ
421 4617 635 4688 ἀγῶνος
655 4615 803 4687 αύτῷ
831 4614 910 4687 τῷ
938 4614 1129 4687 Κυρίῳ
1168 4613 1585 4685 πεφυλαγμένου
1615 4612 1757 4667 κατὰ
1784 4613 1875 4668 τὸν

299 4710 487 4782 καιρὸν
512 4709 611 4781 τῆς
644 4710 725 4773 εἰς
757 4708 848 4761 τὸν
876 4707 1101 4761 θάνατον
1129 4705 1295 4760 αύτοῦ
1322 4704 1644 4777 παρουσίας.

1982 4615 2163 4686 abyssi
2205 4614 2600 4671 deambulasti?
2638 4615 2958 4686 aperiuntur
3007 4624 3188 4668 autem
3232 4613 3330 4669 tibi
3358 4612 3550 4668 timore

1979 4716 2150 4776 portae
2180 4707 2415 4762 mortis?
2442 4715 2498 4761 et
2545 4706 2808 4777 ianitores
2865 4704 3165 4760 inferorum
3212 4704 3457 4760 videntes
3500 4712 3551 4758 te

304 4804 474 4860 territi
509 4802 678 4857 sunt?
712 4818 730 4851 ι
762 4798 887 4855 Haec
937 4814 1070 4854 sane
1122 4797 1315 4853 merito
1356 4797 1423 4852 ad
1473 4794 1577 4851 Job
1603 4796 1863 4867 loquitur,
1905 4805 2029 4867 post
2091 4813 2344 4870 magnam
2394 4799 2773 4862 tentationem,
2804 4803 3035 4869 postque
3061 4809 3315 4867 magnum
3376 4805 3547 4849 certa-

304 4915 423 4954 men
452 4896 599 4969 quod
630 4895 911 4956 sustinuit.
945 4894 1149 4950 docens
1182 4907 1328 4960 eum,
1375 4891 1523 4963 quod
1568 4907 1665 4961 pro
1713 4902 1866 4963 parte
1902 4893 2214 4962 certaverit,
2249 4908 2372 4950 cum
2440 4893 2657 4950 interim
2695 4891 2874 4962 majus
2903 4890 3206 4957 fortiusque
3240 4887 3440 4943 bellum
3497 4896 3551 4943 et

303 4998 578 5047 certamen
636 4988 739 5059 ipsi
767 4986 993 5042 Domino
1016 4992 1344 5049 reservetur,
1374 4983 1480 5039 sub
1527 4991 1743 5053 tempus
1786 4983 1872 5038 sui
1910 4984 1978 5039 ad
2014 4992 2244 5041 mortem
2273 4985 2561 5041 adventus.

818 5105 1215 5163 ΚΕΦΛΛΛΙΟΝ
1242 5107 1373 5160 KA'.

315 5199 455 5255 Ἀπὸ
505 5197 613 5253 τοῦ
662 5202 713 5265 t,’
762 5197 1027 5267 ψαλμοῦ.
1065 5226 1131 5237 —-
1169 5195 1285 5267 jac
1315 5196 1424 5250 δύο
1471 5198 1730 5265 κυρίους
1777 5198 1875 5253 καί

625 5271 659 5323 ὁ
687 5262 1089 5337 ’προκείμενος
1133 5262 1258 5320 οἵδε
1294 5268 1556 5336 ψαλμός.

377 5381 395 5413 ι
437 5361 560 5415 Ὅτι
612 5360 699 5422 σὺ,
749 5358 941 5429 Κύριε,
971 5356 1125 5421 ἐλπίς
1161 5374 1283 5428 μου,
1325 5358 1414 5410 τὸν
1451 5357 1712 5427 Ὕψιστον
1758 5357 1879 5413 ἔθου

308 5452 621 5522 καταφυγήν
649 5467 765 5502 σου.
790 5450 865 5503 Ού
901 5448 1316 5520 προσελεύσεται
1341 5447 1475 5517 πρὸς
1503 5448 1562 5502 σὲ
1592 5448 1754 5514 κακὰ,
1787 5450 1882 5504 καὶ

309 5541 499 5613 μάστιξ
530 5544 632 5596 οὐκ
655 5542 828 5610 ἐγγιεϊ
858 5539 933 5612 τῷ
956 5538 1268 5613 σκηνώματί
1301 5556 1393 5592 σου
1415 5556 1427 5568 ·
1460 5539 1539 5593 ὅτι
1573 5544 1683 5606 τοῖς
1713 5542 1880 5611 ἀγγέ-

375 5696 551 5752 "Job
612 5711 842 5761 sxxvm,
899 5695 1084 5752 12-17.
1160 5698 1204 5728 ’⁸
1244 5693 1346 5749 Job
1402 5693 1679 5759 ηιμιοϐ.

2558 5102 2785 5162 CAPUT
2821 5103 2963 5159 XXI.

1981 5195 2025 5251 Α
2054 5211 2123 5252 xc
2144 5196 2371 5258 psalmo.
2394 5195 2635 5263 -—Quod
2647 5195 2783 5251 duas
2821 5211 3075 5264 personas
3121 5194 3283 5249 etiam
3314 5192 3552 5262 proposi-

2440 5277 2524 5321 tus
2556 5268 2791 5339 agnoscit
2819 5266 3081 5336 psalmus.

2057 5378 2075 5411 ι
2109 5358 2376 5426 Quoniam
2429 5367 2507 5423 tu,
2555 5357 2803 5424 Domine,
2850 5373 2977 5428 spes
3021 5370 3163 5423 mea,
3209 5353 3551 5410 Altissimum

1979 5448 2213 5519 posuisti
2246 5447 2515 5520 refugium
2543 5458 2693 5505 tuum
2726 5465 2740 5501 :
2776 5462 2884 5502 non
2920 5443 3178 5500 accedent
3206 5442 3271 5496 ad
3306 5449 3359 5497 te
3388 5440 3551 5505 mala,

1980 5550 2033 5597 et
2062 5539 2329 5615 ﬂagellum
2362 5556 2473 5599 non
2525 5539 2981 5611 appropinquabit
3029 5535 3381 5593 tabernaculo
3412 5538 3548 5601 tuo;
