3902 6264
405 289 511 345 405

1029 294 1034 299 ’
1072 287 1339 343 rusum:
1370 258 1855 345 ’cmsliumusrs
1883 289 2030 346 ore.
2071 290 2249 345 PARS
2281 289 2344 346 ιι.
2381 322 2451 333 -
2474 289 2972 348 APOLOGETICA.

3539 293 3636 349 404

405 384 659 473 quoniam
691 403 895 474 angelis
919 402 1035 458 suis
1064 402 1340 457 mandavit
1371 404 1437 458 de
1473 412 1543 469 te,
1577 405 1741 477 24,9
1768 405 1821 458 in
1853 420 1934 458 ma

2072 404 2180 469 λοις
2222 404 2384 458 αὑτοῦ
2423 408 2713 460 ἐντελεῖται
2760 406 2885 479 περὶ
2925 405 3038 459 σοῦ.
3077 405 3197 458 Ἐπὶ
3227 405 3425 475 χειρῶν
3449 405 3640 471 ἀροῦσί

406 494 567 552 uibus
611 496 798 550 tollent
850 504 921 557 te,
978 511 1045 551 ne
1093 497 1311 566 quando
1342 496 1586 554 oﬂ'cndas
1632 500 1698 554 ad
1734 500 1965 568 lapidem

405 586 590 659 pedem
621 594 808 642 tuum:
848 603 1011 657 super
1044 587 1288 658 aspidem
1315 595 1369 644 et
1405 591 1649 659 regulum
1678 592 1962 656 ascendes,

402 684 453 741 et
484 678 831 735 conculCabis
864 679 1076 734 leonem
1133 689 1187 735 et
1232 681 1524 745 draconem
1557 683 1621 736 ³³.
1645 703 1664 736 ι
1705 683 1802 740 His
1834 701 1965 742 sane

402 771 572 827 utitur
632 770 855 833 vocibus
917 771 1188 836 diabolus,
1245 774 1300 826 in
1347 774 1645 830 tentatione
1700 776 1965 833 adversus

400 858 737 915 Salvatorem
779 869 1047 919 nostrum.
1081 864 1461 933 Coutemplare
1498 867 1589 921 hic
1618 868 1965 939 igituraquo-

400 966 520 1016 uam
551 952 711 1007 modo
746 953 987 1027 psalmus
1021 954 1087 1008 ad
1113 954 1290 1026 ipsum
1321 956 1608 1012 Dominum
1630 960 1738 1014 ait:
1771 979 1790 1013 ι
1813 960 1962 1027 Quo-

399 1042 539 1107 uiam
569 1051 645 1106 tu,
687 1040 936 1110 Domine,
987 1060 1112 1115 spes
1148 1062 1289 1113 mea,
1348 1049 1689 1106 Altissimum
1728 1054 1961 1121 posuisti

399 1130 663 1203 refugium
692 1124 868 1190 tuum.
905 1140 986 1190 Tu
1037 1138 1181 1192 enim
1228 1140 1364 1209 ipse,
1412 1143 1606 1211 inquit,
1643 1159 1762 1200 mea
1811 1162 1958 1217 spes,

395 1235 427 1278 ο
454 1222 699 1291 Domine,
737 1226 888 1281 illum
920 1243 949 1282 a
979 1245 1086 1300 quo
1106 1230 1223 1300 ipse
1251 1249 1330 1298 es,
1361 1233 1535 1290 Deum
1578 1236 1756 1307 ipsum
1804 1240 1960 1294 altis-

397 1312 590 1368 simum
650 1323 705 1370 et
747 1331 1061 1388 supremum
1112 1329 1162 1375 et
1200 1332 1353 1376 tuum
1403 1322 1640 1390 Patrem,
1690 1326 1959 1399 refugium

396 1407 654 1483 posuisti,
686 1419 910 1481 propter
953 1411 1096 1482 quod
1128 1428 1236 1468 non
1279 1417 1539 1471 accedent
1590 1418 1658 1472 ad
1705 1428 1758 1474 te
1794 1422 1954 1486 mala,

395 1499 455 1553 ad
481 1506 555 1562 te,
589 1501 829 1577 inquam,
859 1519 1038 1559 meum
1086 1504 1396 1573 Dominum,
1446 1516 1501 1564 et
1540 1509 1808 1582 ﬂagellum
1850 1530 1956 1569 non

393 1593 848 1677 appropinquabit
876 1599 1230 1661 tabernaculo
1259 1610 1371 1667 tuo.
1403 1622 1422 1654 ι
1450 1601 1587 1657 Nam
1618 1605 1721 1660 etsi
1764 1605 1957 1661 nefarii

393 1681 638 1749 homines
690 1688 1032 1745 conabuntur
1071 1701 1122 1748 te
1160 1694 1432 1749 hominem
1486 1696 1689 1751 factum
1731 1696 1956 1768 ﬂagellis

2077 513 2134 549 σε
2153 539 2167 560 ,
2202 499 2274 569 μή
2304 515 2432 550 ποτε
2461 499 2809 572 προσκόπτῃς
2840 498 2975 570 πρὸς
3015 496 3158 551 λίθον
3195 497 3329 551 πόδα
3360 514 3475 553 σου,
3517 498 3636 550 Ἐπὶ

2072 588 2274 642 ἀσπίδα
2302 590 2396 642 καὶ
2431 590 2740 661 βασιλίσκον
2774 590 3010 661 ἐπιϐήσῃ
3039 630 3054 654 ,
3098 587 3192 642 καὶ
3235 590 3636 660 καταπατήσεις

2071 677 2258 731 λέοντα
2277 679 2371 732 καὶ
2391 679 2676 751 δράκοντα.
2707 700 2726 732 ι
2756 679 2992 742 Ταύταις
3017 681 3045 732 ὁ
3066 678 3309 742 διάϐολος
3330 680 3388 733 ἐν
3401 678 3483 750 τῷ
3501 679 3638 732 κατὰ

2068 768 2162 822 τοῦ
2195 770 2492 843 Σωτῆροςὴ
2504 772 2618 843 μῶν
2651 771 2943 844 πειρασμῷ
2975 772 3239 843 κέχρηται
3260 774 3378 835 ταῖς
3405 771 3633 838 λέξεσιν.

2073 861 2210 934 Ὅρα
2241 862 2306 934 δὴ
2339 859 2432 917 οὖν
2460 864 2580 917 τίνα
2597 865 2797 936 τρόπον
2835 866 2865 919 ό
2909 865 3122 935 ψαλμὸς
3164 863 3301 935 πρὸς
3341 863 3502 917 αὐτὸν
3547 864 3635 916 τὸν

2069 953 2270 1024 Κύριόν
2330 973 2525 1028 φησιν·
2571 976 2589 1007 ι
2638 958 2760 1011 Ὅτι
2799 958 2862 1011 σὺ
2887 998 2903 1022 ,
2936 957 3134 1028 Κύριε,
3171 956 3326 1019 ἐλπίς
3363 973 3502 1027 μου,
3546 956 3634 1008 τὸν

2070 1047 2329 1118 ’Ὕψιστον
2353 1049 2474 1102 ἔθου
2507 1051 2825 1122 καταφυγήν
2864 1067 2977 1103 σου.
3015 1070 3032 1101 ι
3074 1050 3144 1103 Σὺ
3173 1051 3281 1121 γὰρ
3307 1049 3488 1112 αὐτὸς,
3527 1066 3631 1120 φη-

2069 1133 2173 1199 σὶν,
2202 1134 2234 1205 ἠ
2261 1136 2366 1208 ἐμὴ
2396 1135 2569 1203 ἐλπὶς,
2598 1131 2643 1190 ὦ
2664 1138 2856 1208 Κύριε,
2907 1138 3125 1209 μείζονα
3152 1138 3370 1203 σαυτοῦ,
3393 1138 3482 1192 τὸν
3502 1137 3633 1191 Θεὸν

2066 1226 2227 1279 αὐτὸν
2254 1227 2344 1280 τὸν
2375 1227 2594 1297 ὕψιστον
2632 1232 2723 1283 καὶ
2752 1231 2843 1283 ἐπὶ
2880 1230 3095 1284 πάντων
3150 1231 3245 1284 καὶ
3288 1230 3487 1285 σαυτοῦ
3519 1231 3633 1284 Ila-
3673 1235 3681 1245 '

2065 1318 2215 1388 τέρα,
2250 1322 2570 1392 καταφυγὴν
2594 1321 2744 1375 ἔθου·
2773 1322 2839 1376 δι’
2863 1323 2922 1378 ὃν
2952 1324 3013 1376 ού
3044 1322 3465 1395 προσελεύσεται
3490 1322 3635 1376 κακὰ

2066 1405 2200 1476 πρὸς
2230 1407 2321 1467 σὲ,
2351 1406 2487 1478 πρὸς
2522 1410 2580 1461 σὲ
2625 1410 2714 1463 τὸν
2753 1410 2883 1481 ἐμὸν
2917 1411 3152 1482 Κύριον,
3190 1411 3283 1463 καὶ
3315 1411 3510 1481 μάστιξ
3536 1413 3634 1465 οὐκ

2064 1498 2238 1565 ἐγγιεῖ
2265 1498 2343 1568 τῷ
2376 1500 2690 1571 σκηνώματι
2713 1519 2824 1556 σου.
2862 1523 2880 1553 ι
2905 1503 3026 1556 Κᾶν
3057 1504 3169 1575 γὰρ
3199 1503 3415 1567 ἀσεϐεῖς
3440 1503 3634 1575 ἄνδρες

2065 1587 2455 1660 ἐπιχειρήσωσι
2510 1591 3006 1665 ἐνανθρωπήσαντά
3058 1612 3118 1647 σε
3175 1595 3492 1666 μαστίζειν,
3530 1595 3633 1649 κᾶν

2063 1679 2141 1749 τῷ
2174 1680 2387 1753 θανάτῳ
2419 1684 2795 1755 παραδιδόναι,
2823 1687 2936 1739 ἀλλ’
2955 1686 3074 1740 οὔτι
3104 1703 3167 1755 γε
3202 1690 3235 1758 ἡ
3270 1689 3334 1740 ἐκ
3363 1687 3501 1741 Θεοῦ
3529 1689 3632 1759 μά-

391 1778 619 1844 cmdere,
649 1781 754 1837 etsi
792 1785 954 1838 morti
981 1785 1217 1855 tradere,
1270 1789 1584 1863 neutiquam
1638 1798 1822 1846 tamen
1851 1790 1934 1846 flat

2059 1771 2173 1838 στιξ
2190 1772 2266 1843 τῷ
2288 1772 2365 1844 σῷ
2388 1779 2702 1846 προσεγγιεῖ
2724 1776 3058 1848 σκηνώματι,
3085 1778 3226 1832 τοῦτ’
3244 1779 3357 1831 ἔστι
3383 1779 3596 1849 σώματι
3614 1821 3628 1847 ς

390 1869 621 1949 gellum,
645 1873 790 1943 quod
836 1890 867 1931 a
894 1875 1004 1931 Deo
1031 1889 1135 1944 est,
1165 1887 1260 1937 tuo
1302 1883 1753 1953 appropinquabit
1774 1886 1952 1941 taber-

389 1962 609 2028 naculo,
628 1962 732 2021 hoc
748 1973 851 2029 est,
886 1977 980 2023 tuo
1009 1971 1248 2040 corpori,
1298 1988 1407 2042 quo
1457 1974 1710 2030 videlicet
1733 1987 1956 2046 pr0pter

388 2066 490 2109 nos
519 2051 683 2113 homo
715 2054 915 2126 factus,
958 2059 1183 2117 indutus
1230 2080 1310 2119 es.
1338 2064 1420 2119 Ad
1452 2067 1700 2122 eumdem
1728 2068 1948 2123 modum

384 2146 825 2203 accommodabis
892 2150 963 2213 ei,
996 2167 1116 2222 quae
1174 2154 1228 2208 in
1288 2162 1402 2211 toto
1429 2158 1640 2228 psalmo
1672 2158 1947 2224 dicuntur,

383 2248 504 2300 qua:
527 2249 659 2291 sane
693 2252 795 2294 nos
827 2254 1043 2319 quoque
1063 2260 1163 2302 suo
1203 2253 1445 2319 tempore
1481 2247 1866 2319 disquiremus,
1899 2259 1952 2306 et

382 2328 889 2404 contemplahimur.

892 2428 1170 2502 ‘CAPUT
1218 2447 1381 2507 xxu.

378 2526 455 2585 Ab
484 2526 634 2588 Osee.
651 2534 813 2594 ——De
834 2533 942 2597 Deo
984 2536 1147 2600 Verbo
1163 2550 1211 2595 et
1243 2539 1425 2605 Patre,
1455 2545 1589 2599 sicut
1616 2546 1679 2605 de
1701 2545 1942 2607 Domino.

448 2706 466 2738 ι
496 2686 615 2755 Non
667 2692 1149 2767 derelinquam’ut
1197 2700 1401 2756 deleam
1446 2702 1635 2767 Jacob,
1686 2709 1945 2777 quoniam

2056 1859 2084 1913 ὸ
2129 1860 2366 1931 δηλονότι
2422 1864 2486 1917 δι’
2543 1868 2690 1937 ἡμᾶς
2730 1868 3153 1940 ἐνανθρωπήσας
3213 1868 3628 1940 περιϐέϐλησαι.

2057 1951 2276 2016 Τούτοις
2308 1955 2614 2021 ἀκολούθως
2645 1960 2973 2029 ἐφαρμόσεις
3014 1959 3161 2030 αύτῷ
3190 1961 3256 2013 τὰ
3283 1960 3349 2013 δι’
3374 1960 3500 2014 ὅλου
3535 1961 3628 2016 τοῦ

2054 2037 2266 2110 ψαλμοῦ
2293 2042 2594 2116 δηλούμενα
2610 2088 2625 2114 ,
2659 2047 2695 2101 ἂ
2723 2050 2815 2102 καὶ
2832 2050 2985 2103 αὐτοὶ
3004 2051 3141 2107 κατὰ
3172 2051 3261 2105 τὸν
3282 2053 3483 2105 οἰκεῖον
3508 2069 3626 2107 και-

2056 2131 2148 2213 ρὸν
2186 2135 2648 2210 ἐπιθεωρήσομεν.

2556 2454 2951 2509 ΚΕΦΑΛΑΙΟΝ
2982 2458 3110 2511 KB'.

2064 2538 2207 2593 Ἀπὸ
2242 2543 2348 2597 τοῦ
2387 2541 2576 2620 ὀε-τιέ.
2594 2546 2816 2620 έΠε-ρὶ
2867 2548 2972 2620 τοῦ
2997 2547 3143 2602 Θεοῦ
3172 2550 3364 2620 Λόγου
3389 2551 3488 2605 καί
3512 2552 3622 2608 τοῦ

2427 2614 2682 2681 Πατρός,
2712 2616 2792 2681 ὡς
2827 2617 2959 2684 περὶ
2993 2620 3235 2687 Κυρίου.

2125 2722 2142 2753 ι
2168 2703 2244 2756 Οὐ
2270 2703 2344 2776 μὴ
2361 2705 2733 2775 ἐγκαταλείψω
2757 2708 2850 2761 τοῦ
2874 2710 3247 2782 ἐξαλειφθῆναι
3275 2712 3365 2765 τὸν
3400 2714 3616 2779 Ἰακὼϐ,

376 2774 520 2835 Deus
542 2797 641 2852 ego
676 2799 818 2853 sum,
844 2795 898 2841 et
919 2804 1027 2843 non
1061 2789 1226 2846 homo
1271 2794 1323 2847 in
1382 2802 1433 2850 te
1474 2806 1720 2863 sanctus,
1752 2806 1806 2854 et
1834 2815 1934 2854 non

2046 2793 2127 2847 ὅτι
2165 2774 2296 2860 Θεὸς
2323 2774 2432 2865 ἐγώ
2468 2800 2610 2868 εἰμι,
2645 2774 2739 2853 καὶ
2765 2800 2863 2852 οὐκ
2893 2774 3174 2874 ἅνθρωπος
3216 2805 3273 2857 ἐν
3316 2805 3397 2857 σοὶ
3439 2774 3617 2873 ἂγιοςλ

373 2872 651 2942 ingrediar
701 2875 759 2930 in
820 2878 1098 2934 civitatem
1156 2898 1169 2932 :
1234 2891 1355 2952 post
1407 2884 1693 2941 Dominum
1750 2891 1934 2945 ambu-

2046 2887 2138 2939 καὶ
2171 2888 2270 2940 οὐκ
2307 2889 2682 2961 εἰσελεύσομαι
2714 2893 2792 2955 είς
2823 2872 3014 2947 πόλινλ
3066 2894 3240 2949 ὀπίσω
3279 2896 3484 2968 Κυρίου
3518 2917 3616 2952 πο-

372 2963 497 3019 labo
531 2966 597 3018 ".
629 2986 649 3019 ι
672 2965 770 3022 Hic
794 2975 848 3024 et
894 2985 992 3039 per
1023 2973 1127 3026 alia
1174 2973 1258 3029 his
1286 2976 1504 3044 similia,
1526 2977 1669 3035 Deus
1702 2979 1934 3038 Verbum

2047 2976 2326 3048 ρεύσομαι.
2364 2999 2381 3030 ι
2451 2981 2710 3035 Ἐνταῦθα
2736 2983 2829 3035 καὶ¹
2866 2984 2952 3038 διὰ
2982 2984 3183 3039 τούτων
3217 2987 3245 3038 ὁ
3278 2963 3410 3051 Θεὸς
3443 2990 3616 3057 Λόγος

371 3050 535 3109 homo
552 3053 749 3122 factus,
783 3058 850 3112 ad
880 3076 975 3116 eos
1007 3061 1158 3129 dicit,
1193 3067 1286 3134 qui
1317 3066 1488 3121 virum
1517 3070 1734 3139 quidem
1761 3073 1934 3143 ipsum

2045 3069 2465 3142 ἐνανθρωπήσας
2538 3075 2673 3144 πρὸς
2716 3076 2842 3138 τοὺς
2881 3076 3165 3145 ἄνθρωπον
3214 3050 3399 3131 αὑτὸν
3432 3050 3612 3148 ἅγιον,

372 3155 644 3213 sanctum,
670 3164 778 3204 non
808 3160 988 3207 autem
1014 3152 1184 3209 Deum
1213 3172 1334 3212 esse
1365 3158 1693 3216 conﬁtentur
1713 3182 1726 3217 :
1750 3184 1767 3215 ι
1795 3165 1934 3222 Deus

2045 3158 2155 3212 ἀλλ’
2181 3161 2242 3213 οὐ
2270 3162 2400 3215 Θεὸν
2454 3158 2589 3217 εἶναι
2646 3165 3038 3236 ὁμολογοῦντας
3068 3185 3080 3199 ο
3115 3186 3134 3219 ι
3165 3168 3298 3233 Θεὸς
3323 3170 3431 3240 ἐγώ
3459 3176 3573 3242 είμι
3595 3214 3611 3237 ,

367 3253 469 3308 ego
529 3256 672 3304 sum,
724 3243 919 3315 inquit,
972 3254 1027 3304 ct
1071 3263 1179 3303 non
1234 3249 1395 3307 homo
1425 3252 1478 3305 in
1520 3260 1574 3308 te
1602 3264 1867 3313 sanctus:
1910 3278 1929 3311 ι

2045 3253 2171 3324 φησι
2196 3294 2210 3317 ,
2265 3256 2357 3308 καὶ
2408 3257 2507 3310 οὐκ
2546 3257 2830 3330 ἅνθρωπος
2863 3262 2920 3315 ἐν
2955 3263 3036 3315 σοὶ
3062 3262 3234 3331 ἅγιος·
3273 3284 3291 3316 ι
3329 3260 3447 3319 εἶτα
3476 3266 3613 3318 Θεὸν

366 3328 563 3386 deinde
583 3332 675 3387 ubi
707 3332 875 3390 Deum
916 3338 1153 3409 seipsum
1181 3340 1336 3405 dixit,
1364 3342 1648 3400 Dominum
1677 3362 1739 3401 ac
1765 3347 1934 3405 Deum

367 3429 422 3473 et
453 3421 668 3479 Patrem
708 3442 867 3483 suum
890 3430 1119 3501 indicat,
1153 3433 1453 3506 adiungens
1484 3457 1497 3491 :
1531 3456 1550 3488 ι
1578 3439 1710 3494 Post
1744 3440 1932 3496 Domi-

365 3529 495 3570 num
528 3513 854 3575 ambulabo:
900 3540 919 3574 )
956 3522 1087 3578 illud
1112 3531 1290 3580 autem
1321 3541 1335 3578 :
1374 3546 1393 3579 ι
1422 3527 1542 3597 Non
1574 3529 1849 3602 ingrediar
1875 3534 1933 3590 in

365 3607 667 3674 civitatem,
699 3629 719 3663 ι
748 3612 1069 3685 abnegantis
1100 3631 1232 3672 sane
1266 3618 1429 3674 fuerit
1451 3638 1815 3693 communem,
1867 3644 1932 3683 ac

364 3699 680 3781 popularem
725 3701 1005 3758 hominum
1056 3709 1469 3778 rempublicam,
1526 3728 1555 3765 a
1613 3730 1719 3784 qua
1764 3718 1927 3774 etiam

361 3777 492 3844 auos
520 3791 819 3862 discipulos
867 3804 1138 3862 avertens,
1175 3777 1298 3854 fait:
1346 3819 1364 3852 ι
1400 3801 1459 3856 In
1492 3791 1640 3858 viam.
1686 3811 1925 3876 gentium

360 3894 430 3947 ne
459 3881 724 3945 abieritis,
755 3890 809 3937 et
840 3884 895 3938 in
941 3886 1212 3955 civitatem
1248 3888 1714 3957 Samaritanorum
1739 3914 1808 3957 ne
1839 3900 1925 3955 in-

358 3972 634 4038 traveritis
663 3973 726 4027 ⁵⁵.
758 3994 778 4033 ι

812 4088 975 4160 250
1005 4091 1231 4149 CAPUT
1279 4096 1465 4154 xxm.

355 4192 436 4260 Ab
465 4194 651 4283 μιμοῂ
685 4228 753 4283 -_—
786 4201 866 4283 De_
889 4201 1164 4283 Saluatqre
1183 4218 1390 4283 nostra,
1417 4213 1554 4283 sicut
1585 4216 1648 4268 de
1675 4215 1915 4283 Domino,

428 4273 477 4359 et
509 4264 573 4319 de
600 4265 784 4350 Putre,
819 4273 952 4326 sicut
982 4275 1046 4328 de
1076 4275 1183 4331 Deo
1212 4296 1230 4331 :
1261 4293 1311 4334 et
1357 4264 1435 4335 de
1451 4264 1921 4359 1άάὠὸνᾶιῖᾗὲἦί

425 4343 494 4388 tis
522 4343 802 4396 eversione.

2036 3343 2197 3396 αὑτὸν
2240 3345 2407 3398 εἰπὼν
2432 3386 2446 3410 ,
2490 3346 2579 3400 τὸν
2616 3350 2708 3401 ἐπὶ
2742 3353 2955 3405 πάντων
2984 3355 3188 3426 Κύριον
3220 3357 3310 3410 καὶ
3343 3356 3475 3409 Θεὸν
3515 3358 3612 3411 καὶ

2035 3432 2262 3504 Πατέρα
2308 3434 2471 3488 αὑτοῦ
2509 3437 2694 3506 δηλοῖ,
2745 3441 3047 3511 ἐπιλέγων·
3088 3465 3108 3496 ι
3150 3447 3353 3500 Ὀπίσω
3398 3449 3608 3519 Κυρίου

2033 3522 2385 3594 πορεύσομαι.
2411 3545 2429 3575 ι
2459 3525 2531 3579 Τὸ
2551 3528 2627 3592 δὲ,
2663 3547 2681 3579 ι
2714 3530 2827 3583 Ούκ
2859 3532 3233 3607 εἰσελεύσομαι
3266 3537 3345 3599 είς
3373 3536 3545 3600 πόλιν,
3580 3557 3603 3589 ι

2032 3614 2364 3685 ἀρνουμένου
2388 3614 2453 3668 ἂν
2485 3617 2569 3688 εἴη
2600 3618 2699 3688 τὴν
2724 3621 2908 3692 κοινὴν
2939 3624 3031 3675 καὶ
3048 3623 3266 3694 δημώδη
3302 3623 3609 3695 ἀνθρώπων

2031 3703 2300 3757 πολιτείαν
2322 3722 2337 3735 σ
2381 3702 2449 3779 ἦς
2484 3708 2579 3760 καὶ
2611 3711 2736 3773 τοὺς
2776 3711 2937 3777 ἰδίους
2977 3714 3223 3786 μαθητὰς
3257 3717 3606 3789 ἀποτρέπων,

2031 3794 2215 3864 φησίν·
2272 3815 2290 3847 ι
2326 3796 2420 3859 Εἰς
2441 3797 2556 3851 ὁδὸν
2582 3798 2749 3855 ἐθνῶν
2781 3802 2855 3874 μὴ
2885 3804 3185 3876 ἀπέλθητε,
3218 3807 3310 3861 καὶ
3341 3810 3421 3872 εἰς
3448 3808 3606 3862 πόλιν

2029 3887 2380 3960 Σαμαρειτῶν
2412 3889 2487 3962 μὴ
2521 3891 2813 3965 εἰσέλθητε.
2855 3913 2875 3946 ι

2531 4113 2923 4168 ΚΕΦΑΛΑΙΟΝ
2958 4117 3085 4169 Kl".

2037 4219 2176 4273 Ἀπὸ
2201 4220 2306 4304 τρέξι
2341 4223 2544 4304 ’ᾼμώςκ
2564 4253 2633 4304 -τ
2658 4227 2827 4304 Περὶ
2844 4226 2957 4304 τοῦ,
2982 4229 3252 4304 Σωτῆρος
3292 4232 3480 4301 ἡμῶν,
3516 4238 3595 4304 ὡς

2092 4292 2223 4369 περὶ
2252 4295 2494 4369 Κυρίου,
2530 4294 2625 4369 καὶ
2642 4295 2745 4369 τοῦ
2772 4299 3022 4365 Πατρός,
3044 4292 3273 4369 (ὃς-’ἓτερί
3299 4292 3593 4369 grauiam:

2091 4359 2199 4428 τῆς
2231 4359 2639 4417 τοῦίἹουδαίων
2656 4366 2868 4434 ἔθνους
2891 4359 3339 4439 ⁷κιττιισῇροέὲῆς.

430 4442 450 4475 ι
486 4425 667 4483 Everti
691 4447 810 4499 vos,
865 4435 1007 4489 sicut
1059 4440 1255 4507 evertit
1281 4441 1423 4499 Deus
1455 4442 1688 4502 Sodoma
1722 4457 1777 4504 et
1817 4450 1917 4506 Go-

2095 4472 2113 4503 (
2139 4425 2492 4525 Κατέστρεψα
2509 4457 2672 4526 ὑμᾶς,
2698 4425 2879 4523 καθὼς
2905 4425 3471 4533 κατέστρεψενιόθεὸς
3494 4469 3592 4523 Σό-
3638 4447 3644 4451 “

348 4519 570 4575 morrha
596 4540 609 4575 :
645 4529 699 4577 et
717 4522 839 4579 facti
869 4530 1004 4584 estis
1034 4533 1190 4610 quasi
1222 4536 1389 4591 torris
1421 4548 1638 4608 ereptus
1664 4558 1729 4597 ex
1766 4543 1910 4614 igne.

345 4605 412 4663 Et
432 4624 501 4664 ne
531 4611 610 4666 sic
634 4616 850 4683 quidem
883 4605 1131 4688 conversi
1164 4626 1296 4689 estis
1323 4627 1388 4680 ad
1436 4605 1543 4694 me,
1580 4630 1712 4687 dicit
1732 4605 1915 4689 Domia

343 4714 447 4754 nus
463 4701 531 4754 ".
561 4723 580 4754 ι
619 4702 791 4760 Etiam
820 4708 922 4764 hoc
946 4712 1064 4769 loco
1089 4714 1206 4785 ipse
1227 4714 1505 4784 Dominus,
1537 4721 1701 4778 Deum
1724 4741 1913 4805 quem-

339 4789 465 4843 dam
498 4792 574 4863 ait
632 4792 991 4863 Sodomorum
1032 4807 1333 4864 eversionis
1393 4819 1670 4878 auctorem
1712 4789 1901 4883 fuisse,

339 4894 465 4934 cum
494 4883 637 4977 alius
662 4886 731 4940 sit
783 4889 900 4959 ipse
947 4891 1121 4951 Filius
1147 4915 1311 4967 quam
1348 4901 1397 4956 is
1439 4902 1507 4971 de
1536 4920 1644 4976 quo
1674 4907 1789 4977 ipse
1818 4909 1902 4965 lo-

336 4973 542 5041 quitur.
561 4974 732 5035 Porro
763 4981 817 5036 in
842 4983 958 5054 ipsa
984 4986 1347 5046 Sodomorum
1369 4982 1650 5053 eversione
1678 4986 1786 5055 duo
1807 5017 1904 5071 ap-

336 5076 549 5156 parent,
582 5073 801 5142 quando
825 5077 963 5146 pluit
982 5078 1244 5137 Dominus
1278 5086 1454 5156 ignem
1493 5104 1522 5142 a
1553 5089 1781 5147 Domino
1807 5109 1901 5148 su-

334 5168 443 5253 per.
459 5154 694 5218 Sodoma
734 5173 788 5218 et
825 5164 1147 5224 Gomorrha.
1199 5154 1423 5240 Qualem
1476 5178 1662 5249 igitur,
1698 5183 1895 5253 inquit.

334 5245 568 5344 Sodoma
601 5254 673 5308 ob
697 5264 881 5327 turpes
905 5269 1068 5333 atque
1096 5266 1362 5325 absurdas
1391 5245 1720 5344 impietates,
1743 5245 1899 5331 ever-

334 5336 539 5394 sionem
568 5359 823 5428 perpessa
865 5364 992 5408 sunt
1011 5359 1191 5422 ;'talia
1216 5376 1315 5417 vos
1343 5380 1561 5435 quoque
1596 5369 1893 5436 patiemini,

335 5441 393 5480 ac
430 5444 497 5483 ne
519 5433 598 5527 sic
630 5441 847 5504 quidem
903 5452 1152 5506 conversi
1209 5455 1343 5510 estis
1373 5457 1438 5511 ad
1466 5444 1572 5513 me.
1601 5459 1896 5527 Consuevit

331 5526 505 5584 autem
540 5520 843 5600 Scriptura,
875 5542 1087 5608 tempus
1110 5542 1350 5599 futurum
1371 5548 1527 5617 quasi
1562 5522 1892 5619 praeteritum

2019 4544 2156 4614 δομα
2195 4547 2288 4600 καὶ
2319 4546 2567 4619 Γόμορρα
2587 4588 2601 4612 ,
2635 4549 2728 4605 καὶ
2755 4551 3004 4620 ἐγένεσθε
3040 4552 3115 4616 ὡς
3164 4554 3317 4620 δαλὸς
3361 4558 3587 4624 ὲξεσπα-

2023 4636 2215 4707 σμένος
2245 4639 2310 4690 ἐκ
2336 4639 2523 4709 πυρός.
2562 4641 2670 4694 Kal.
2709 4641 2814 4717 οὐδ’
2846 4643 3017 4708 οὕτως
3053 4646 3419 4719 ἐπεστρέψατε
3453 4652 3588 4722 πρός

2022 4744 2090 4797 με
2110 4766 2124 4791 ,
2150 4727 2297 4796 λέγει
2322 4728 2543 4802 Κύριος.
2586 4750 2605 4782 ι
2644 4733 2937 4795 Κάνταῦθα
2971 4737 3135 4800 αὐτὸς
3160 4741 3188 4792 ό
3213 4739 3416 4812 Κύριος
3452 4742 3585 4796 Θεόν

2018 4819 2140 4872 τινά
2160 4837 2290 4890 φησι
2316 4822 2414 4893 τὴν
2440 4823 2533 4876 ἐπὶ
2545 4822 2789 4895 Σοδόμων
2808 4829 3185 4901 καταστροφὴν
3207 4833 3579 4903 πεποιηκέναι,

2009 4910 2193 4983 ἔτερος
2223 4912 2299 4967 ὣν
2337 4914 2536 4988 δηλαδὴ
2573 4915 2665 4969 τοῦ
2705 4919 2840 4988 πρὸς
2883 4920 3047 4977 αὐτοῦ
3081 4922 3430 5001 δηλουμένου.
3472 4928 3582 4981 Καὶ

2009 5004 2065 5055 ἐν
2097 5007 2160 5075 τῇ
2212 5006 2304 5059 ἐπὶ
2329 5007 2576 5078 Σοδόμων
2609 5009 2666 5062 δὲ
2697 5016 3039 5084 καταστροφῇ
3074 5015 3165 5067 δύο
3199 5017 3393 5089 Κύριοι
3441 5037 3579 5090 παρ-

2010 5095 2277 5162 ίστανται,
2305 5099 2393 5151 ὅτε
2423 5100 2639 5171 ἔϐρεξεν
2660 5104 2688 5154 ὁ
2715 5103 2915 5173 Κύριος
2944 5105 3053 5177 πῦρ
3083 5108 3232 5177 παρὰ
3254 5110 3455 5180 Κυρίου
3486 5113 3577 5164 ἐπί

2007 5187 2213 5259 Σόδομα
2246 5190 2339 5243 καὶ
2363 5191 2631 5262 Γόμορρα.
2672 5194 2888 5249 Ὀποίαν
2915 5197 3228 5269 τοιγαροῦν,
3275 5203 3447 5270 φησὶ,
3485 5203 3573 5257 διὰ

2005 5279 2105 5342 τὰς
2135 5281 2398 5347 ἐκτύπους
2428 5281 2746 5348 δυσσεϐείας
2794 5286 3052 5356 ὑπέμεινε
3078 5291 3457 5364 καταστροφὴν
3505 5296 3571 5348 τὰ

2004 5370 2208 5441 Σόδομα
2230 5412 2244 5436 ,
2281 5373 2504 5441 τοιαῦτα
2532 5377 2625 5428 καὶ
2656 5377 2844 5447 ὑμεῖς,
2872 5372 2915 5430 ὦ
2955 5372 3116 5447 οῦτοι,
3150 5382 3401 5438 πείσεσθε
3426 5426 3442 5450 ,
3477 5388 3569 5439 καὶ

2001 5461 2107 5513 οὐδ’
2143 5461 2316 5527 οὕτως
2364 5466 2730 5538 ἐπεστρέψατε
2786 5470 2922 5538 πρός
2965 5489 3051 5540 με,
3104 5473 3339 5545 Σύνηθες
3384 5476 3442 5530 δέ
3505 5480 3566 5547 τῇ

2002 5554 2188 5627 Γραφῇ
2220 5555 2280 5610 τὸ
2306 5558 2497 5627 μέλλον
2536 5559 2611 5624 ὡς
2647 5558 3013 5633 παρεληλυθὸς
3039 5563 3246 5638 δηλοῦν.
3279 5567 3440 5620 Ὥστε
3477 5570 3565 5623 καὶ

286 5651 303 5705 ί
397 5691 442 5735 υ
477 5690 618 5759 Psal.
656 5707 741 5761 xc.
772 5692 922 5749 9-l5.
989 5695 1030 5725 "'
1066 5696 1190 5769 Ose,
1224 5717 1300 5766 lx,
1333 5705 1387 5768 9,
1413 5705 1493 5763 l0.
1572 5707 1616 5737 ’⁸
1643 5707 1831 5765 Matth.
1867 5726 1918 5775 χ,
1957 5710 2008 5765 5.
2088 5713 2132 5743 ⁵⁵
2158 5716 2324 5770 Amos
2356 5730 2439 5783 Iv,
2473 5715 2556 5773 ll.
