3902 6264
266 273 370 327 ωδ
1199 261 1834 320 DEMONSTRATIONIE

1952 261 2347 319 I'ANGELICxE
2388 263 2514 318 LIB.
2549 262 2616 323 ν.
3421 264 3520 320 m6

262 395 331 447 τὰ
372 391 629 465 παρόντα
661 392 859 465 ὁμοίως
888 389 992 463 χρὴ
1033 390 1196 455 νοεῖν,
1232 389 1361 442 ἀντὶ
1409 386 1507 460 μὲν
1531 387 1647 452 τοῦ,
1689 404 1834 442 κατα·

1959 402 2178 457 ponere.
2235 387 2415 453 Quare
2466 387 2754 458 praesentia
2817 403 3033 459 quoque
3079 386 3266 442 eadem
3318 387 3527 443 ratione

267 486 504 558 στρέψω,
531 486 847 557 μέλλοντος,
876 482 968 538 τοῦ
989 483 1390 554 παρῳχημένου
1431 480 1745 553 εἰρημένου,
1765 480 1834 533 τοί

1960 486 2172 547 oportet
2202 477 2467 547 accipere,
2499 484 2558 531 ut
2576 478 2827 534 videlicet
2857 493 2955 549 pro
2980 492 3066 545 eo,
3096 476 3240 547 quod
3262 484 3526 540 evertam,

264 579 620 650 κατέστρεψα
642 595 657 610 ⁸
712 578 833 632 ἀντὶ
863 576 921 629 δὲ
947 574 1062 638 τοῦ,
1092 573 1585 646 ἐπιστραφήσεσθε,
1612 570 1731 633 τοῦ,
1761 572 1834 624 ἐπ

1960 571 2125 625 l‘uturi
2153 569 2414 641 temporis
2434 569 2638 624 dictum
2672 572 2762 634 sit,
2799 571 2994 636 everti,
3024 569 3304 641 praeteriti,
3336 576 3391 624 et
3427 584 3528 639 pro

265 670 593 742 εστρέψατε,
619 670 891 741 κειμένου.
910 667 1091 721 Ταῦτα
1116 666 1172 721 δὲ
1202 667 1336 738 πρὸς
1353 666 1413 720 τὸ
1428 666 1693 721 Ἰουδαίων
1708 667 1834 723 ἐθνο

1955 676 2041 723 eo,
2077 662 2221 731 quod
2239 668 2321 715 est
2349 659 2753 719 convertimini.
2782 660 3031 714 conversi
3057 661 3215 716 estis.
3246 657 3372 713 Haec
3398 673 3528 713 vero

266 761 652 822 ἀποτείνεται,
680 760 717 815 ἃ.
748 761 842 816 καὶ
867 760 974 814 οὐδ’
1000 759 1188 815 ἄλλοτε
1230 758 1262 829 ἢ
1307 758 1443 828 μετὰ
1467 758 1565 830 τὴν
1592 760 1733 814 κατὰ
1760 761 1834 814 τοὶ

1956 759 2082 806 sunt
2107 751 2173 805 ad
2196 749 2509 804 Iudaeorum
2532 760 2744 820 gentem
2772 749 2974 805 directe
2997 751 3228 821 prolata,
3261 764 3382 820 qua)
3400 750 3527 819 qui-

264 853 521 924 Σοπῆρος
553 854 719 926 ἡμῶν
756 852 1047 926 ἐπιϐουλὴν
1084 852 1163 917 εἰς
1201 852 1398 916 αὐτοὺς
1436 849 1757 923 ἐπληροῦτο.
1795 852 1852 906 ’0

260 944 387 1015 γοῦν
422 948 582 1019 ἱερὸς
618 946 795 1002 αὐτῶν
830 948 924 1001 καὶ
957 946 1019 999 τδ
1052 946 1181 1017 πρὶν
1207 944 1359 1014 ἆγιος
1387 944 1551 1008 τόπος
1589 945 1668 1009 είς
1695 943 1851 999 τοῦτο

259 1035 350 1089 νῦν
380 1037 718 1111 περιῆλθεν,
751 1036 827 1101 ὡς
867 1035 1008 1090 κατὰ
1047 1036 1213 1107 μηδὲν
1249 1035 1346 1105 τῆς
1388 1034 1636 1105 Σοδόμων
1682 1052 1849 1089 κατα-

258 1130 501 1201 στροφῆς
527 1130 774 1183 άποδεῖν.
822 1128 967 1199 Πλὴν
1005 1129 1185 1199 ὅμως,
1225 1126 1426 1198 καίπερ
1463 1126 1731 1181 ἀκόλουθα
1779 1130 1846 1198 τῇ

257 1224 568 1294 προρρήσει
609 1221 959 1286 πεπονθότες,
984 1220 1137 1275 οὔπω
1163 1222 1256 1275 καὶ
1293 1222 1371 1284 είς
1402 1219 1559 1292 δεῦρο
1583 1220 1681 1291 τὴν
1710 1218 1847 1291 πρὸς

256 1313 342 1368 τὸν
365 1313 618 1384 Χριστὸν
642 1313 736 1367 τοῦ
760 1312 914 1378 Θεοῦ,
948 1313 1016 1365 δι’
1041 1312 1099 1367 ὃν
1130 1311 1298 1367 ταῦτα
1328 1310 1656 1366 πεπόνθασιν
1676 1351 1691 1375 ,
1724 1312 1846 1365 ἐπι-

258 1405 500 1475 στροφὴν
545 1405 877 1473 ἐποιήσαντο
899 1420 917 1439 ο
949 1404 1024 1468 ὡς
1053 1403 1277 1466 εἰκότως
1310 1403 1403 1457 καὶ
1440 1402 1596 1457 τοῦτο
1620 1403 1710 1457 διὰ
1749 1405 1846 1474 τῆς

256 1496 313 1548 ἐν
352 1496 519 1567 χερσὶ
565 1496 922 1561 θεσπίζεσθαι
966 1496 1323 1567 προφητείας.
1349 1495 1609 1567 λεγούσης
1638 1513 1652 1527 ·
1694 1514 1712 1544 ι
1737 1496 1845 1550 Καὶ

254 1586 362 1641 οὐδ’
394 1586 583 1652 οὕτως
613 1586 985 1658 ἐπεστρέψατε
1030 1586 1165 1658 πρός
1196 1604 1287 1657 με,
1311 1587 1457 1656 λέγει
1486 1587 1709 1658 Κύριος.
1749 1606 1769 1639 ›

767 1848 1161 1903 ΚΕΦΑΛΑῙΟΝ
1221 1848 1343 1901 ΚΔ’.

266 1963 395 2017 Ἀπὸ
452 1963 570 2019 τοῦ
628 1963 911 2020 Ἀϐὃειοῦ.
947 1995 1016 2005 -
1054 1962 1193 2030 Περὶ
1250 1961 1370 2015 τῶν
1413 1962 1522 2015 δύο
1587 1962 1839 2029 Κυριων,

286 2035 525 2104 Πατρός
561 2035 662 2088 καὶ
701 2034 857 2097 Υἱοῦ,
883 2033 981 2087 καὶ
1006 2032 1117 2101 τῆς
1145 2031 1263 2085 τῶν
1288 2031 1480 2087 ἐθνῶν
1508 2032 1800 2099 κλήσεως.

326 2164 346 2198 ι
378 2147 627 2221 Ὀρασις
670 2148 934 2203 Ἀϐδειθῦ.
982 2147 1119 2203 Τάδε
1152 2147 1300 2215 λέγει
1333 2148 1533 2221 Κύριος
1578 2151 1645 2219 τῇ
1686 2147 1842 2202 Ἰδου-

1953 844 2075 900 dem
2104 860 2216 899 non
2249 844 2405 909 alias,
2448 857 2610 913 quam
2662 850 2785 913 post
2814 841 2988 899 factas
3029 845 3291 899 adversus
3345 842 3527 897 Salva-

1951 942 2123 990 torem
2150 944 2400 990 nostrum
2461 933 2712 1000 insidias,
2767 935 2823 989 in
2881 935 3030 1005 ipsos
3058 936 3326 1006 completa
3374 942 3522 990 sunt.

1951 1024 2161 1079 Etenim
2188 1041 2343 1081 sacer
2376 1027 2621 1096 ipsorum
2659 1032 2714 1081 et
2744 1026 2900 1096 prius
2935 1035 3157 1082 sanctus
3183 1027 3337 1081 locus
3367 1026 3433 1081 ad
3471 1026 3525 1081 id

1953 1117 2205 1173 redactus
2229 1124 2334 1180 est,
2357 1127 2415 1172 ut
2438 1118 2587 1172 nulla
2615 1117 2668 1172 in
2713 1124 2867 1188 parte
2915 1132 2943 1171 a
2971 1116 3333 1173 Sodomorum
3368 1133 3526 1174 ever—

1951 1211 2103 1265 sione
2130 1207 2422 1280 discrepet.
2466 1207 2875 1273 Verumtamen,
2928 1211 3029 1265 etsi
3082 1224 3146 1265 ea
3190 1209 3336 1279 passi
3374 1219 3522 1272 sunt,

1949 1316 2071 1371 quae
2102 1300 2158 1355 in
2193 1301 2456 1355 vaticinia
2512 1300 2617 1356 sibi
2654 1300 2911 1372 praedicta
2931 1310 3117 1371 aperte
3163 1301 3522 1372 perspiciunt,

1947 1390 2177 1444 necdum
2212 1390 2267 1444 in
2301 1390 2447 1444 hunc
2476 1406 2649 1461 usque
2666 1389 2808 1445 diem
2853 1390 2918 1444 ad
2946 1389 3225 1445 Christum
3254 1389 3369 1454 Dei,
3397 1407 3525 1461 pro-

1947 1491 2066 1554 pter
2121 1498 2281 1556 quem
2319 1483 2451 1537 talia
2506 1482 2800 1554 pertulere,
2855 1484 3067 1553 seipsos
3113 1490 3520 1538 converterunt.

1946 1573 2130 1645 Itaque
2151 1575 2347 1630 merito
2377 1575 2448 1630 ab
2476 1590 2562 1640 ea,
2600 1592 2723 1646 quae
2750 1576 2985 1633 nuncin
3008 1576 3260 1630 manibus
3294 1581 3379 1630 est
3394 1590 3522 1644 pro-

1946 1664 2148 1733 phetia,
2182 1664 2234 1719 id
2265 1665 2525 1721 divinitus
2552 1665 2760 1721 dictum
2789 1673 2873 1719 est
2900 1682 2912 1718 :
2940 1682 2959 1713 ί
2997 1664 3064 1718 Et
3097 1679 3165 1718 ne
3198 1662 3278 1718 sic
3300 1662 3519 1733 quidem

1879 1749 1919 1803 Β
1948 1756 2195 1811 conversi
2223 1756 2356 1811 estis
2384 1757 2451 1810 ad
2485 1771 2594 1821 me,
2627 1756 2762 1812 dicit
2798 1755 3083 1810 Dominus.
3114 1773 3130 1805 ι

2397 1869 2556 1941 251
2594 1868 2824 1925 CAPUT
2870 1862 3060 1923 xxxv.

1944 1981 2021 2033 Ab
2051 1981 2245 2036 Abdia.
2275 2012 2346 2023 —-
2380 1982 2456 2036 De
2488 1982 2692 2035 duobus
2728 1982 2991 2044 Dominis,
3034 1981 3192 2034 Patre
3231 1981 3428 2035 scilicet
3471 1990 3521 2035 et

2323 2051 2490 2117 Filio,
2514 2062 2562 2107 et
2588 2050 2820 2122 gentium
2853 2053 3141 2106 vocatione.

2018 2182 2038 2215 ι
2073 2165 2224 2221 Visio
2247 2163 2457 2221 Abdiae.
2482 2162 2608 2219 Haec
2632 2164 2764 2218 dicit
2787 2162 3052 2221 Dominus
3085 2163 3155 2219 ad
3183 2163 3471 2218 ldumaaam
3505 2183 3517 2217 :

260 2239 407 2312 μαίᾳ·
443 2241 651 2313 Ἀκοὴν
671 2243 876 2313 ἥκουσα
914 2241 1064 2313 παρὰ
1093 2241 1319 2315 Κυρίου,
1349 2241 1441 2294 καὶ
1474 2242 1731 2312 περιοχὴν
1763 2242 1834 2303 είς

1952 2254 2202 2311 Auditum
2243 2256 2426 2312 audivi
2473 2271 2504 2310 a
2543 2255 2794 2319 Domino,
2828 2264 2884 2311 et
2916 2256 3276 2311 munitionem
3329 2257 3384 2311 in
3418 2270 3519 2309 na-

255 2328 319 2379 τὰ
350 2326 480 2400 ἔθνη
514 2328 890 2394 ἐξαπέστειλε.
930 2350 948 2381 ι
986 2330 1190 2402 Κύριος
1229 2333 1256 2384 ὁ
1279 2330 1410 2393 Θεὸς
1438 2330 1606 2401 ἀκοὴν
1637 2331 1836 2400 ἢκουσε

255 2418 401 2490 παρὰ
457 2422 695 2491 Κυρίου.
744 2422 853 2476 Καὶ
892 2421 1032 2494 αὐτη
1060 2420 1117 2474 δέ
1160 2417 1228 2491 ἦν
1257 2420 1384 2493 περὶ
1412 2422 1510 2491 τῆς
1536 2420 1642 2474 τῶν
1671 2421 1840 2476 ἐθνῶν

256 2508 521 2581 κλήσεως.
1226 2552 1239 2563 .

786 2624 1177 2678 ΚΕΦΑΛΑΙΟΝ
1217 2627 1343 2678 ΚΕ’.

1943 2348 2117 2404 tiones
2163 2349 2346 2405 emisit
2371 2350 2435 2401 ³⁷.
2479 2368 2499 2400 ι
2525 2347 2788 2403 Dominus
2832 2346 2976 2405 Deus
3025 2348 3270 2403 auditum
3311 2347 3521 2401 audivit

1942 2457 1972 2495 a
2016 2440 2268 2496 Domino.
2322 2439 2375 2497 Is
2421 2456 2552 2495 vero
2579 2440 2800 2497 auditus
2831 2441 2934 2496 fuit
2964 2441 3031 2497 de
3070 2441 3313 2513 gentium
3355 2454 3519 2495 voca-

1941 2531 2110 2586 tione.

2519 2645 2746 2700 CAPUT
2787 2644 2952 2735 XXV.

265 2732 393 2817 Ἀπὸ
432 2735 997 2825 τοῦιΖαχᾳρίουκῑ-
1025 2739 1117 2803 Ὡς
1219 2739 1375 2825 Θεὸς,
1398 2738 1595 2825 Λόγος
1625 2738 1834 2825 Κύριος

1952 2758 1982 2810 Α
2011 2757 2297 2811 ΖαεΙιανία.
2324 2788 2391 2797 -
2430 2732 2887 2825 Quemadmodum
2928 2757 3064 2811 Deus
3116 2756 3365 2820 Verbum,
3395 2772 3516 2811 cum

317 2804 403 2928 ἓν
444 2805 618 2928 [ambo
663 2804 771 2861 τόῦ
826 2806 1095 2877 μείζονος
1143 2804 1517 2863 ἀπεστάλθαι
1563 2804 1846 2875 ὁμολογεῖ

367 2891 442 2928 vo
469 2893 574 2928 ου.

367 2891 574 2944 υριου.

319 3027 340 3060 ο
366 3008 520 3062 Τάδε
551 3009 698 3077 λέγει
728 3008 932 3081 Κύριος
979 3011 1391 3082 παντοκράτωρο
1429 3010 1634 3062 Ὀπίσω
1678 3009 1834 3081 δόξης

2067 2829 2135 2881 sit
2169 2827 2429 2883 Dominus
2495 2831 2716 2883 missum
2750 2846 2805 2884 se
2833 2847 2866 2882 a
2901 2827 3063 2882 Patre
3091 2828 3388 2883 conﬁtetur.

2015 3024 2035 3057 ‹
2073 3005 2198 3061 Haec
2238 3007 2373 3061 dicit
2403 3006 2672 3062 Dominus
2695 3008 3042 3078 omnipotens
3078 3025 3089 3061 :
3121 3005 3254 3063 Post
3287 3006 3515 3075 gloriam

251 3099 567 3155 ἀπέσταλκέ
604 3119 673 3172 με
701 3102 795 3155 ἐπὶ
821 3102 890 3155 τὰ
921 3101 1050 3174 ἐθνη
1095 3103 1162 3156 τὰ
1206 3102 1578 3157 σκυλεύσαντα
1609 3104 1770 3175 ὑμᾶς.
1809 3123 1827 3155 ι

1952 3096 2086 3152 nisit
2114 3113 2201 3153 me
2236 3099 2305 3153 ad
2343 3107 2553 3170 gentes,
2584 3115 2704 3169 qua:
2736 3098 3060 3169 depraedata:
3095 3108 3221 3154 sunt
3265 3113 3362 3153 vos
3382 3097 3450 3151 ’⁸.
3491 3116 3509 3148 ι

250 3192 357 3249 Εἶτ’
386 3197 651 3270 ἐπιφέρει
692 3199 829 3269 μετὰ
868 3198 1072 3271 βραχέα
1117 3199 1291 3268 λέγων
1312 3216 1325 3229 ·
1358 3219 1376 3250 ί
1410 3200 1518 3252 Καὶ
1562 3197 1834 3267 γνώσεσθε

1952 3188 2142 3245 Deinde
2176 3189 2422 3261 adjungit
2461 3198 2586 3261 post
2635 3204 2807 3261 pauca
2845 3230 2858 3253 ,
2891 3189 3078 3246 dicens
3118 3209 3131 3244 :
3175 3208 3194 3241 ι
3225 3188 3291 3243 Et
3312 3202 3515 3258 cogno-

251 3288 326 3340 ὄτι
352 3290 569 3363 Κύριος
602 3291 995 3363 παντοκράτωρ
1027 3291 1334 3345 ἀπέσταλκέ
1371 3308 1460 3363 με.
1499 3310 1518 3344 ι
1574 3291 1637 3345 Et
1670 3291 1764 3345 καὶ
1806 3294 1834 3345 ό

253 3380 597 3435 ἀποστέλλων
623 3382 826 3455 Κύριός
858 3385 974 3438 ἐστι
1028 3384 1442 3457 παντοκράτωρ,
1491 3385 1587 3439 καὶ
1635 3387 1664 3439 ὁ
1729 3385 1835 3438 ἀπ-

253 3472 511 3526 εστάλθαι
542 3472 713 3542 λέγων
740 3473 1022 3539 ὡσαύτως,
1055 3474 1147 3528 δύο
1170 3475 1297 3547 ἄρα.
1331 3474 1525 3544 Σαφῶς
1568 3476 1627 3528 δὲ
1671 3477 1699 3528 ὁ
1726 3476 1831 3528 ἀπ-

256 3564 624 3637 εσταλμένος,
665 3585 684 3617 ι
728 3565 935 3637 Κύριος
991 3568 1382 3639 παντοκράτωρ
1415 3568 1508 3621 ἐπὶ
1556 3568 1627 3622 τᾱ
1672 3568 1828 3642 ἔθνη,

258 3659 430 3728 φησιν,
462 3657 777 3712 ἀπέσταλκε
806 3675 896 3729 με.
930 3678 948 3710 ι

772 3768 1167 3822 ΚΕΦΑΛΑΙΟΝ
1205 3769 1350 3835 κεῖν.

331 3881 607 3947 Ὁαῠτὸς,
643 3880 742 3935 καὶ
774 3880 908 3950 περὶ
942 3878 1053 3950 τῆς
1083 3878 1203 3934 τῶν
1238 3877 1430 3935 ἐθνῶν
1455 3876 1753 3943 κλήσεως.

325 3994 578 4066 (Τέρπου
616 3993 712 4047 καὶ
735 3985 1053 4063 εὐφραίνου,
1086 3991 1325 4067 θύγατερ
1357 3991 1515 4056 Σιὼν,
1549 3990 1685 4044 διότι
1719 3990 1827 4043 ίδού

1939 3283 2106 3337 acetis
2149 3282 2297 3353 quod
2345 3280 2606 3337 Dominus
2663 3282 3013 3353 omnipotens
3069 3283 3350 3344 misitme
3374 3280 3444 3337 π.
3486 3298 3508 3333 ι

1934 3372 2089 3440 Quod
2119 3373 2166 3429 si
2198 3376 2244 3429 is
2280 3372 2547 3430 Dominus
2572 3375 2667 3444 qui
2700 3375 2887 3439 mittit,
2924 3374 3189 3429 Dominus
3226 3382 3309 3428 est
3335 3372 3513 3428 omni-

1934 3474 2148 3537 potens,
2192 3473 2248 3520 et
2293 3467 2387 3535 qui
2433 3467 2568 3521 dicit
2604 3481 2665 3521 se
2713 3466 2942 3521 missum
2990 3481 3113 3522 esse
3162 3466 3370 3529 itidem,
3403 3464 3513 3519 duo

1934 3558 2118 3629 igitur.
2169 3557 2450 3628 Siquidem
2494 3559 2654 3628 plane
2682 3557 2775 3628 qui
2803 3559 3007 3614 missus
3047 3565 3153 3622 est,
3192 3575 3211 3607 α
3251 3556 3513 3612 Dominus

1932 3656 2302 3726 omnipotens,
2334 3654 2534 3726 inquit,
2565 3655 2634 3709 ad
2657 3665 2845 3725 gentes
2874 3654 3027 3709 misit
3057 3669 3164 3708 me.
3204 3672 3221 3704 ι

2493 3766 2723 3822 CAPUT
2763 3766 2954 3823 XXVI.

2173 3878 2345 3944 Idem,
2377 3880 2571 3934 iterum
2606 3878 2670 3932 de
2708 3878 2978 3932 vocatione
3004 3879 3255 3947 gentium.

2005 4013 2023 4048 ι
2063 3992 2251 4049 Gaude
2276 4000 2331 4048 et
2354 3993 2559 4057 laetare,
2589 3992 2696 4047 lilia
2723 3991 2877 4056 Sion,
2904 3992 3031 4063 quia
3055 4008 3183 4048 ecce
3203 4007 3305 4063 ego
3325 3994 3505 4061 venio,

256 4083 357 4151 ἐγὼ
382 4085 642 4158 ἔρχομαι,
682 4084 778 4139 καὶ
824 4082 1228 4156 κατασκηνώσω
1258 4085 1316 4137 ἐν
1347 4083 1498 4154 μέσῳ
1538 4099 1652 4146 σου,
1681 4080 1827 4153 λέγει

1952 4094 1984 4139 :t
2014 4085 2271 4140 habitabo
2307 4085 2364 4139 in
2396 4083 2576 4139 medio
2609 4083 2712 4148 tui,
2743 4083 2875 4137 dicit
2908 4082 3191 4141 Dominus.
3212 4083 3278 4138 Et
3310 4085 3508 4140 contu-

257 4177 481 4250 Κύριος.
515 4179 626 4232 Kal.
656 4176 1083 4247 καταφεύξονται
1111 4178 1238 4248 ἔθνη
1270 4175 1439 4230 πολλὰ
1472 4174 1567 4228 ἐπὶ
1596 4174 1687 4227 τὸν
1712 4173 1826 4227 Κύ-

260 4283 365 4337 ριον
396 4272 459 4324 ἐν
486 4271 554 4340 τῇ
580 4268 762 4340 ἡμέρᾳ
787 4269 998 4340 ἐκείνῃ’
1029 4269 1122 4321 καὶ
1147 4268 1359 4322 ἔσονται
1387 4264 1536 4336 αὐτῷ
1563 4266 1643 4329 είς
1677 4263 1823 4319 λαόν·

1928 4179 2077 4248 gient
2102 4184 2291 4247 gentes
2323 4176 2507 4231 multa:
2526 4173 2594 4229 ad
2615 4173 2906 4231 Dominum
2930 4176 2985 4231 in
3018 4177 3103 4258 die
3130 4176 3242 4240 illa,
3265 4184 3318 4233 et
3346 4189 3508 4233 erunt

1930 4269 2006 4322 illi
2030 4270 2084 4323 in
2119 4269 2403 4340 populum,
2436 4276 2490 4323 et
2513 4268 2773 4339 habitabo
2798 4269 2852 4323 in
2884 4269 3064 4324 medio
3097 4270 3198 4334 tui,
3221 4277 3275 4325 et
3303 4286 3507 4341 cogno-

257 4361 340 4414 καὶ
357 4361 767 4430 κατασκηνώσει)
784 4363 841 4413 ἐν
861 4361 1010 4431 μέσῳ
1038 4377 1153 4425 σου,
1180 4361 1275 4414 καὶ
1299 4359 1503 4431 γνώσῃ,
1526 4358 1610 4411 em
1626 4357 1828 4428 Κύριος

1952 4379 2052 4419 μορε
2081 4363 2226 4433 quod
2256 4361 2520 4416 Dominus
2545 4365 2892 4431 omnipotens
2925 4361 3071 4416 misit
3102 4377 3185 4416 me
3215 4362 3283 4417 ad
3315 4371 3369 4417 te
3403 4364 3444 4429 ¹,
3481 4382 3499 4413 ι

258 4448 643 4521 παντοκράτωρ
663 4447 1031 4515 ἐξαπέσταλκέ
1055 4466 1123 4519 με
1154 4447 1290 4515 πρὸς
1318 4447 1377 4500 σέ
1396 4465 1444 4499 ⁸)
1482 4448 1573 4501 καὶ
1596 4447 1662 4499 τὰ
1678 4445 1824 4518 ἑξῆς.

1952 4463 2034 4509 :tc.
2076 4453 2287 4521 Quibus
2320 4460 2444 4523 post
2487 4453 2593 4506 alia
2636 4453 2884 4522 adjungit
2926 4472 2938 4506 :
2977 4472 2995 4503 ι
3033 4452 3098 4505 Ει
3138 4454 3507 4510 corroborabo

258 4534 341 4604 Οἷς
368 4539 495 4612 μεθ’
511 4539 672 4612 ἐτερα
700 4538 936 4608 ἐπιλέγει
955 4555 970 4569 ο
999 4557 1018 4590 ‹
1042 4540 1152 4592 Καὶ
1180 4539 1493 4610 κατισχύσω
1523 4538 1720 4602 αὐτοὺς
1761 4541 1819 4592 ἐν

1952 4563 2025 4603 ros
2080 4549 2133 4601 in
2181 4546 2410 4602 Domino
2460 4544 2571 4599 Deo
2624 4546 2891 4615 ipsorum,
2926 4553 2978 4600 et
3030 4545 3085 4598 in
3120 4545 3343 4601 nomine
3384 4546 3506 4614 ejus

257 4632 436 4704 Κυρίῳ
457 4631 578 4703 Θεῷ
600 4630 797 4696 αὐτῶν,
815 4631 909 4684 καὶ
928 4633 985 4684 ἐν
1005 4629 1084 4701 τῷ
1103 4631 1325 4701 ὀνόματι
1342 4630 1508 4684 αὐτοῦ
1530 4631 1823 4703 καυχήσον·

1952 4642 2327 4705 ;lOriabuntur,
2358 4639 2492 4695 dicit
2525 4624 2787 4693 DOminus
2818 4640 2857 4693 ².
2895 4658 2913 4690 ι
2953 4636 3077 4692 Haec
3110 4653 3326 4709 quoque
3356 4642 3504 4709 prio-

255 4738 362 4790 ται,
383 4724 532 4793 λέγει
559 4722 778 4794 Κύριος.
806 4743 826 4776 ι
860 4723 971 4776 Καὶ
988 4722 1162 4777 ταῦτα
1190 4725 1302 4787 τοῖς
1330 4722 1613 4794 προτέροις
1637 4724 1819 4794 ὃμοια,

1960 4735 2082 4789 ibus
2120 4733 2319 4789 similia
2351 4739 2503 4795 sunt,
2537 4745 2659 4801 qua:
2681 4729 2884 4784 Christi
2918 4728 2986 4783 ad
3020 4729 3269 4786 homines
3299 4731 3504 4786 adven«

254 4812 341 4885 τὴν
354 4814 449 4871 τοῦ
470 4814 704 4886 Χριστοῦ
728 4817 807 4878 είς
832 4814 928 4869 ἀνθ
938 4814 1150 4887 ρώπους
1178 4814 1474 4887 παρουσίαν
1495 4815 1590 4869 καὶ
1609 4816 1707 4884 τὴν
1726 4831 1820 4880 γε-

1953 4839 2066 4888 um,
2127 4832 2180 4878 et
2237 4823 2532 4879 salutarem
2579 4821 2819 4877 futuram
2889 4821 3145 4891 gentibus
3196 4822 3358 4893 252
3407 4839 3504 4893 per

258 4908 477 4977 νομένην
499 4906 607 4960 τῶν
633 4905 801 4960 ἐθνῶν
826 4910 1088 4978 σωτήριον
1118 4906 1185 4960 δι’
1212 4906 1373 4960 αὐτοῦ
1403 4907 1592 4978 κλῆσιν
1608 4908 1823 4976 ἀναφω-

1952 4916 2483 4987 psumvocationem,
2501 4915 2679 4985 palam
2699 4914 2986 4968 enuntiant
3004 4932 3047 4968 τι
3079 4912 3192 4984 Ego
3210 4915 3373 4985 igitur
3386 4915 3504 4986 ipse

256 4997 454 5053 νοῦντα·
477 5017 497 5050 ι
522 4996 662 5066 Ἐγὼ
681 4998 779 5068 μὲν
801 4994 892 5053 οὖν
903 4999 1061 5062 αὐτὸς
1083 5001 1111 5053 ὁ
1126 4998 1327 5071 Κύριος
1346 4998 1479 5070 ἥξω,
1503 5000 1684 5069 φησίν.
1703 4999 1826 5053 Ἐπὶ

1952 5008 2192 5064 )ominus
2233 5008 2471 5073 veniam,
2508 5008 2706 5079 inquit,
2748 5016 2803 5064 ct
2848 5010 2903 5063 in
2955 5024 3079 5065 meo
3110 5010 3348 5065 adventu
3390 5024 3500 5067 non

257 5090 305 5145 δέ
323 5097 383 5165 τῇ
417 5097 526 5167 ἐμῇ
555 5095 827 5167 παρουσίᾳ
845 5094 1026 5149 οὐκέθ’
1050 5097 1078 5148 ό
1106 5096 1272 5150 πάλαι
1303 5095 1538 5168 Ἰσραὴλ,
1567 5095 1675 5148 ἀλλ’
1703 5096 1821 5150 οὐδὲ

1957 5102 2156 5171 mplius
2184 5102 2276 5157 ille
2322 5102 2582 5172 antiquus
2608 5100 2773 5157 Israel
2796 5144 2811 5167 ,
2846 5117 2909 5157 ac
2943 5118 3011 5158 ne
3045 5117 3151 5157 una
3182 5102 3401 5172 quidem
3443 5103 3499 5159 in

255 5183 308 5237 ἓν
330 5189 486 5258 μόνον
518 5189 611 5241 ἐπὶ
641 5189 746 5260 γῆς
765 5189 936 5253 ἔθνος,
961 5190 1086 5261 ἔθνη
1115 5190 1172 5244 δὲ
1204 5189 1374 5244 πολλὰ
1393 5189 1820 5261 καταφεύξονται

1952 5208 2069 5247 erra
2090 5208 2246 5257 gens,
2268 5191 2365 5247 sed
2386 5192 2779 5263 multaegentes
2795 5190 3133 5263 confugient,
3154 5190 3222 5245 ad
3234 5202 3497 5262 praestan-

259 5276 337 5331 ἐπὶ
362 5279 454 5333 τὸν
485 5280 774 5352 κρείττονα
816 5282 910 5335 καὶ
956 5278 1129 5352 μέγαν
1166 5281 1390 5354 Κύριον,
1438 5282 1530 5336 τὸν
1579 5282 1714 5352 ἐμοῦ
1760 5301 1818 5339 τε

1952 5283 2114 5337 iorem
2145 5290 2201 5337 et
2237 5297 2495 5355 maguum
2537 5280 2827 5338 Dominum
2849 5324 2864 5350 ,
2895 5285 2988 5354 qui
3014 5292 3070 5337 et
3103 5298 3258 5339 meus
3298 5284 3495 5355 ipsius,

257 5367 426 5433 αὐτοῦ,
459 5371 555 5423 καὶ
594 5370 705 5424 τῶν
745 5371 882 5425 ὅλων
914 5371 1064 5435 Θεὸν,
1099 5371 1185 5439 ἐφ’
1209 5370 1267 5424 ὃν
1305 5370 1374 5424 τά
1404 5371 1815 5440 καταφεύγοντα

1956 5383 1974 5427 ι
2015 5374 2255 5429 universi
2299 5382 2386 5429 est
2429 5373 2596 5439 Deus,
2646 5375 2714 5429 ad
2760 5391 2921 5445 quem
2975 5375 3356 5446 confugientes
3391 5393 3493 5435 na-

256 5454 366 5532 ἔθνη
402 5461 673 5533 τοσαύτης
703 5462 949 5529 τεύξεται
991 5463 1326 5533 εὐεργεσίας,
1358 5462 1435 5524 ὡς
1475 5465 1568 5519 καὶ
1596 5480 1814 5535 χρημα-

1952 5464 2099 5518 iones
2158 5471 2371 5517 tantum
2424 5474 2832 5533 consequentur
2880 5464 3245 5534 beneﬁcium,
3311 5475 3372 5525 ut
3435 5474 3490 5521 ει

256 5549 382 5608 τίσαι
434 5557 527 5611 καὶ
567 5554 818 5625 γενέσθαι
876 5554 1003 5608 λαὸν
1052 5554 1222 5620 Θεοῦ,
1271 5555 1592 5626 κατοικῆσαί
1642 5573 1702 5609 τε
1760 5559 1815 5608 ἐν

1952 5556 2263 5625 .ppelleutur
2294 5565 2348 5611 et
2376 5557 2486 5611 sint
2518 5558 2752 5626 populus
2783 5557 2900 5625 Dei,
2932 5570 2985 5615 et
3017 5559 3261 5616 habitent
3290 5559 3347 5615 in
3378 5576 3496 5616 me‘

315 5710 352 5740 ετ
385 5712 523 5767 Abd.
575 5728 642 5775 1,
685 5711 731 5764 ι.
809 5711 855 5742 εκ
886 5709 1049 5771 Zach.
1084 5727 1143 5775 ιι,
1177 5712 1234 5767 8.
1308 5711 1354 5745 σο
1400 5711 1530 5767 ibid.
1569 5712 1618 5768 9.
1705 5712 1829 5766 πίω

1952 5712 2020 5778 ιο,
2057 5712 2144 5766 Η.
2225 5714 2243 5743 ²
2276 5710 2442 5767 Zach.
2480 5729 2531 5778 ι,
2564 5713 2646 5772 12.
