3902 6264
429 313 537 369 407
1136 308 1402 371 EUSEBII
1432 306 1905 367 CESARIENSIS
1941 305 2087 362 OPP.
2126 305 2305 362 PARS
2342 305 2406 362 ll.
2447 337 2514 349 —
2551 305 3052 363 APOLOGETICA.
3551 300 3652 360 λοι

426 435 519 490 dio
565 431 685 504 ejus
710 449 831 505 qua:
873 441 1098 488 vocatur
1114 433 1222 488 illia
1255 410 1419 486 Sion:
1441 449 1460 481 ι
1495 427 1608 500 (Sic
1652 428 1794 483 enim
1829 425 1920 480 Dei
1952 425 1965 477 i

2116 427 2264 497 μέσῳ
2305 427 2401 497 τῆς
2444 425 2776 497 καλουμένης
2824 425 3091 495 θυγατρὸς
3123 425 3278 478 Σιών
3316 442 3334 474 ι
3375 423 3553 492 (Οὕτω
3597 424 3653 477 δὲ

428 526 572 577 terra
609 520 908 577 Ecclesiam
936 561 950 587 ,
977 523 1133 592 quasi
1168 521 1331 575 filiam
1364 518 1650 590 quamdam
1681 519 1821 587 ejus,
1873 532 1974 587 qua

2094 515 2190 587 τὴν
2224 518 2315 569 ἐπὶ
2346 517 2447 586 γῆς
2483 516 2804 587 Ἐκκλησίαν
2848 517 2940 571 τοῦ
2972 516 3139 580 Θεοῦ,
3180 516 3365 585 ὥσπερ
3396 513 3517 568 τινὰ
3563 513 3654 565 θυ-

427 611 479 664 in
528 610 669 666 caelo
707 620 810 674 est,
846 627 1017 667 sacrae
1063 611 1281 667 Littera:
1308 626 1504 667 vocare
1545 611 1974 679 consueverunt;

2091 607 2297 678 γατέρα
2359 606 2721 676 τυγχάνουσαν
2773 608 2870 678 τῆς
2919 607 3262 681 ἐπουρανίου,
3322 608 3434 670 τοῖς
3488 607 3651 676 ἱεροῖς

428 699 579 756 Hanc
610 702 777 757 etiam
809 703 970 758 veluti
1014 704 1158 759 bono
1196 708 1388 761 nuntio
1415 704 1648 774 gaudere
1674 704 1825 773 jubet
1853 720 1974 759 ora-

2099 697 2385 769 Γράμμασι
2417 698 2706 751 ἀποκαλεῖν
2752 699 2945 768 φίλον.)
2994 697 3208 770 Ταύτην
3254 697 3311 750 δέ
3354 697 3446 750 καὶ
3491 698 3654 764 εὐαγγ-

428 792 632 857 culum,
663 793 888 850 dicens:
924 813 943 845 ι
981 793 1168 851 Gaude
1197 804 1249 849 et
1296 796 1498 859 laetare,
1537 795 1643 848 lilia
1687 794 1838 859 Sion,
1863 811 1990 851 ecce

427 898 525 954 ego
565 888 753 947 venio,
799 895 851 941 et
884 886 1139 940 habitabo
1184 886 1236 940 in
1284 886 1459 941 medio
1490 887 1586 940 tui.
1649 906 1667 939 ι
1707 887 1762 941 1η
1812 888 1989 942 medio

427 975 568 1029 enim
600 974 857 1032 Ecclesia:
888 975 1055 1031 Deum
1107 975 1342 1035 Verbum
1390 977 1634 1033 habitare
1669 978 1943 1035 credimus
1971 997 1984 1034 :

426 1066 882 1135 quemadmodum
944 1068 1058 1136 ipse
1109 1068 1385 1137 pollicitus
1435 1078 1517 1123 est
1548 1108 1561 1133 ,
1622 1084 1744 1122 cum
1801 1068 1982 1123 dixit:

432 1172 450 1206 ι
493 1154 634 1209 Ecce
683 1170 783 1226 ego
822 1156 1099 1212 vobiscum
1152 1174 1271 1212 sum
1315 1174 1507 1214 omnes
1554 1159 1690 1224 dies,
1723 1175 1892 1229 usque
1919 1160 1986 1215 ad

425 1249 945 1301 consummationem
969 1248 1152 1304 saeculi
1190 1249 1229 1315 ³,
1283 1271 1300 1303 ι
1336 1258 1385 1304 et
1412 1268 1425 1303 :
1453 1268 1471 1299 ι
1508 1247 1610 1304 Ubi
1641 1250 1747 1304 duo
1765 1256 1856 1308 aut
1879 1260 1989 1304 tres

425 1336 737 1404 congregati
762 1345 889 1391 sunt
918 1338 973 1392 in
997 1340 1215 1393 nomine
1247 1355 1389 1402 meo,
1428 1339 1539 1393 illic
1576 1356 1694 1394 sum
1731 1342 1782 1394 in
1810 1341 1987 1395 medio

425 1425 793 1489 eorum‘,»-¢
833 1428 965 1483 Cum
1002 1441 1178 1485 autem
1218 1432 1533 1502 ego,inquit
1560 1434 1673 1502 ipse
1703 1431 1982 1499 Dominus,

424 1530 643 1582 venero,
683 1526 738 1572 et
790 1518 1045 1575 habitabo
1094 1522 1146 1575 in
1186 1522 1362 1577 medio
1401 1524 1505 1589 tui,
1537 1543 1555 1575 ι
1587 1522 1844 1591 majorem
1870 1531 1983 1579 tum

424 1608 786 1677 cognitionem
835 1610 904 1666 de
948 1609 1059 1666 Deo
1107 1614 1477 1683 omnipotente
1529 1616 1763 1684 accipies
1804 1632 1817 1668 :
1855 1613 1982 1668 dum

422 1712 521 1767 ego
559 1697 820 1756 Dominus
844 1716 1086 1763 causam,
1119 1718 1219 1756 cur
1250 1704 1317 1758 ad
1356 1703 1603 1759 homines
1627 1704 1828 1759 missus
1857 1704 1981 1784 sim,

2089 788 2359 857 γελίζεται
2394 789 2454 842 τὸ
2480 789 2685 857 φάσκον
2720 788 2927 858 λόγιον·
2964 810 2982 841 ι
3018 791 3186 861 Χαῖρε
3220 789 3310 843 καὶ
3338 789 3649 859 εὐφραίνου,

2089 880 2322 955 θύγατερ
2355 880 2510 946 Σιὼν,
2537 882 2667 937 διότι
2700 880 2806 935 ίδοὺ
2840 881 3085 954 ἔρχομαι,
3120 881 3215 937 καὶ
3246 877 3652 949 κατασκηνώσω

2088 975 2147 1027 ἐν
2184 972 2331 1044 μέσῳ
2365 990 2480 1027 σου.
2514 993 2532 1025 ι
2596 975 2682 1027 Ἐν
2726 973 2873 1045 μέσῳ
2916 971 3024 1045 γὰρ
3069 974 3166 1044 τῆς
3196 970 3520 1043 Ἐκκλησίας
3560 970 3652 1025 τὸν

2086 1061 2216 1115 Θεὸν
2271 1062 2440 1131 Λόγον
2486 1063 2858 1133 κατασκηνοῦν
2910 1062 3363 1133 πεπιστεύκαμεν·
3403 1062 3479 1124 ὡς
3522 1061 3653 1129 γοῦν

2085 1154 2179 1207 καὶ
2211 1155 2536 1226 ἐπήγγελται
2571 1159 2748 1227 φήσας
2772 1174 2785 1187 ·
2816 1176 2835 1208 ι
2878 1157 3006 1210 Ἰδοὺ
3047 1157 3157 1226 ἐγὼ
3189 1156 3306 1227 μεθ’
3346 1155 3500 1227 ὑμῶν
3538 1158 3654 1227 εἰμι

2085 1245 2262 1308 πάσας
2291 1246 2390 1309 τὰς
2423 1246 2634 1318 ἡμέρας
2665 1246 2769 1312 ἐως
2796 1248 2896 1318 τῆς
2927 1247 3230 1310 συντελείας
3255 1246 3348 1303 τοῦ
3384 1247 3599 1311 αἰῶνος·
3627 1265 3650 1300 s

2085 1338 2197 1388 καί·
2230 1336 2433 1388 (Ὅπου
2466 1335 2612 1407 δύοῆ
2635 1340 2781 1409 τρεῖς
2803 1336 3122 1408 συνηγμένοι
3155 1338 3290 1391 εἰσιν
3322 1339 3401 1401 είς
3426 1338 3488 1391 τὸ
3522 1337 3656 1405 ἐμὸν

2082 1426 2271 1496 ὄνομα,
2288 1428 2403 1480 ἐκεῖ
2418 1430 2530 1498 είμι
2546 1431 2602 1481 ἐν
2618 1430 2766 1502 μέσῳ
2783 1429 2978 1483 αὐτῶν.
2996 1448 3115 1481 ι-ι
3137 1430 3382 1489 Ἐπειδὰν
3404 1431 3463 1483 δὲ
3482 1429 3614 1498 ἐγὼ,
3628 1449 3650 1481 ι

2085 1517 2247 1588 φησὶν
2276 1517 2435 1581 αὐτὸς
2466 1520 2492 1570 6
2516 1517 2738 1590 Κύριος,
2763 1538 2779 1569 ι
2816 1518 2983 1572 ἐλθὼν
2999 1518 3400 1590 autumi-tme
3427 1522 3485 1575 ἐν
3504 1522 3653 1592 μέσῳ

2086 1623 2200 1671 σου,
2226 1630 2243 1658 ι
2286 1607 2504 1676 μείζονα
2531 1608 2649 1662 τότε
2678 1609 2876 1677 γνῶσιν
2908 1614 3034 1681 περὶ
3061 1611 3154 1664 τοῦ
3185 1612 3316 1667 Usu?)
3343 1612 3665 1684 παντοκράρυ

2082 1717 2239 1773 τορος
2285 1700 2556 1773 ἀναλήψῃ,
2587 1701 2721 1772 ἐμοῦ
2756 1702 2850 1757 τοῦ
2880 1704 3083 1776 Κυρίου
3113 1705 3210 1776 τὴν
3239 1705 3413 1759 αἰτίαν
3439 1706 3539 1776 τῆς
3570 1709 3651 1771 είς

422 1787 566 1845 Patri
614 1792 706 1860 qui
746 1793 891 1846 misit
923 1809 1029 1858 me,
1051 1794 1339 1849 attribuam
1368 1815 1380 1849 :
1420 1814 1438 1849 ι
1469 1796 1774 1866 Cognosces
1801 1804 1974 1851 autem

2084 1790 2400 1866 ἀνθρώπους
2419 1795 2719 1865 ἀποστολῆς
2748 1795 3087 1860 ἀνατιθέντος
3114 1797 3192 1868 τῷ
3215 1796 3650 1865 ἐξαποστεῖλαντί

421 1879 565 1948 quod
610 1879 869 1937 Dominus
908 1883 1254 1952 omnipotens
1297 1885 1445 1939 misit
1485 1899 1571 1939 me
1612 1885 1678 1939 ad
1724 1892 1794 1944 te.
1841 1904 1859 1937 ι
1905 1885 1984 1937 Ac

420 1965 677 2037 deinceps
707 1968 762 2027 in
795 1969 940 2024 hunc
965 1985 1097 2025 sane
1123 1972 1341 2025 modum
1374 1973 1489 2042 ipse
1516 1972 1777 2028 Dominus
1807 1974 1973 2044 loqui-

420 2059 544 2111 tur:
575 2073 594 2105 ι
629 2053 694 2111 Ει
713 2058 1082 2113 corroborabo
1111 2074 1205 2115 eos
1239 2060 1292 2114 in
1322 2059 1550 2116 Domino
1578 2062 1686 2117 Deo
1712 2063 1976 2133 ipsorum,

419 2149 472 2195 et
502 2142 556 2196 in
588 2147 808 2200 nomine
843 2148 1014 2218 ipsius
1048 2150 1450 2221 gloriabuntur,
1474 2154 1605 2209 dicit
1635 2153 1916 2210 Dominus.
1954 2175 1974 2211 ι

420 2230 525 2289 Sed
555 2236 648 2307 qui
678 2237 895 2295 tandem
932 2246 1061 2299 sunt
1089 2242 1181 2312 qui
1204 2242 1259 2296 in
1292 2241 1522 2301 Domino
1552 2246 1887 2319 gloriantur?

963 2413 1190 2473 CAPUT
1217 2410 1428 2474 XXVII.

416 2518 569 2593 Quod
603 2537 788 2581 rursus
820 2521 1074 2598 Dominus
1101 2526 1165 2598 de
1209 2527 1316 2587 alio
1355 2529 1603 2598 quodam,
1647 2541 1852 2588 constat
1879 2547 1977 2590 atl-

718 2601 819 2646 tem
843 2594 980 2668 quod
1010 2596 1073 2649 de
1094 2596 1259 2652 Patre
1280 2594 1375 2652 suo
1410 2594 1661 2671 loquitur.

489 2719 509 2755 ι
527 2703 593 2758 Ει
613 2708 849 2763 ostendit
871 2708 1001 2764 mihi
1027 2708 1286 2767 Dominus
1303 2709 1487 2768 Jesum
1513 2716 1846 2773 sacerdotem
1863 2732 1978 2775 ma—

412 2811 601 2869 gnum,
638 2809 872 2857 stantem
902 2812 1028 2863 ante
1058 2805 1252 2861 faciem
1284 2810 1459 2875 angeli
1492 2810 1740 2878 Domini,
1776 2821 1830 2869 et
1859 2814 1976 2869 dia-

412 2889 573 2951 bolus
603 2894 783 2949 stabat
819 2911 851 2950 a
883 2896 1092 2954 dextris
1122 2899 1261 2968 ejus,
1300 2912 1358 2956 ut
1388 2903 1770 2960 adversaretur
1806 2908 1875 2962 ei.
1907 2907 1974 2963 Et

413 2979 549 3034 dixit
588 2981 852 3041 Dominus
881 2986 947 3039 ad
974 2985 1248 3045 diabolum
1283 3008 1296 3043 :
1329 2988 1578 3062 lncrepet
1609 2991 1873 3050 Dominus
1915 2995 1972 3050 in

2085 1899 2151 1952 με
2182 1884 2371 1956 Πατρί.
2404 1904 2421 1935 ι
2454 1886 2493 1937 Γ
2495 1885 2640 1960 νώσῃ
2664 1887 2741 1951 δὲ,
2771 1888 2852 1940 ὅτι
2883 1888 3084 1959 Κύριος
3116 1890 3505 1961 παντοκράτωρ
3540 1892 3649 1945 ἀπε

2081 1974 2308 2029 έσταλκέ
2359 1993 2425 2046 με
2446 1978 2579 2050 πρὸς
2613 1978 2673 2031 σέ
2724 1998 2742 2029 ι
2781 1979 2888 2032 Καὶ
2927 1981 3049 2050 ἑξῆς
3079 1981 3203 2051 περὶ
3238 1981 3422 2052 ἐτέρου
3443 1982 3645 2052 Κυρίου

2082 2065 2177 2117 καὶ
2201 2065 2334 2118 Θεοῦ
2373 2060 2474 2120 ὧδέ
2517 2086 2635 2132 πως
2680 2070 2841 2133 αὐτὸς
2873 2072 2902 2123 6
2925 2070 3126 2141 Κύριος
3172 2070 3445 2140 ἐπιλέγει·
3490 2091 3509 2123 ι
3540 2073 3644 2126 Καὶ

2089 2157 2397 2229 κατισχύσω
2434 2161 2629 2225 αὐτοὺς
2670 2165 2726 2216 ἐν
2748 2163 2936 2234 Κυρίῳ
2965 2163 3082 2233 Θεῷ
3119 2163 3315 2228 αὐτῶν,
3343 2165 3436 2218 καὶ
3481 2167 3540 2219 ἐν
3568 2165 3643 2234 τῷ

2079 2247 2301 2318 ὀνόματι
2350 2250 2511 2304 αὐτοῦ
2553 2253 2942 2325 καυχήσονται,
2982 2253 3129 2321 λέγει
3165 2255 3385 2328 Κύριος.
3417 2273 3437 2307 ι
3490 2255 3644 2325 Τίνες

2077 2337 2136 2392 δὲ
2161 2337 2227 2392 ἂν
2255 2334 2364 2393 εἷεν
2400 2342 2448 2399 οἱ
2477 2343 2534 2401 ἐν
2565 2341 2641 2412 τῷ
2667 2343 2853 2414 Κυρίῳ
2881 2343 3251 2415 καυχώμενοις

2584 2435 2973 2495 ΚΕΦΑΛΑῙΟΝ
3011 2437 3134 2492 ΚΖ’.

2058 2511 2065 2519 ί
2090 2543 2186 2611 Ὠς
2210 2540 2383 2616 αὖθις
2414 2549 2628 2614 Κύριος
2658 2547 2793 2616 περὶ
2823 2547 3026 2616 ἐτέρου
3055 2549 3294 2616 Κυρίου,
3328 2547 3522 2615 δῆλον
3551 2548 3639 2616 δὲ,

2254 2614 2345 2668 ὅτι
2372 2618 2502 2684 περὶ
2531 2617 2636 2671 τοῦ
2662 2614 2890 2686 Πατρός
2914 2614 3460 2683 ἀύτοῦίδιέξεισιν.

2150 2727 2291 2782 «Καὶ
2318 2727 2486 2793 tange
2519 2746 2609 2802 μοι
2642 2729 2841 2800 Κύριος
2877 2729 3081 2802 Ἰησοῦν
3118 2730 3208 2784 τὸν
3244 2730 3392 2805 ἱερέα
3424 2729 3517 2784 τὸν
3547 2727 3644 2801 μι-

2072 2832 2197 2889 γαν,
2232 2817 2444 2873 ἑστῶτα
2497 2820 2604 2892 πρὸ
2646 2820 2936 2891 προσώπου
2978 2822 3210 2892 ἀγγέλου
3255 2821 3495 2893 Κυρίου·
3542 2821 3641 2876 καὶ

2072 2911 2101 2963 6
2124 2909 2363 2974 διάὸολος
2394 2914 2632 2983 εἱστήκει
2660 2914 2723 2966 ἐκ
2752 2912 2938 2977 δεξιῶν
2978 2912 3161 2981 αὑτοῦ,
3190 2913 3281 2966 τοῦ
3307 2913 3642 2967 ἀντικεῖσθαι

2072 3002 2237 3073 αὐτῷ.
2275 3004 2385 3056 Καὶ
2418 2999 2537 3056 εἷπε
2570 3004 2771 3075 Κύριος
2822 3004 2958 3076 πρὸς
3000 3005 3092 3057 τὸν
3121 3004 3391 3062 διάϐολον·
3439 3004 3644 3057 Ἐπιτι-

411 3076 485 3134 te,
510 3070 742 3135 diabole,
772 3081 827 3128 et
866 3073 1107 3146 increpet
1155 3076 1416 3134 Dominus
1465 3079 1520 3133 in
1556 3087 1629 3146 te,
1675 3081 1766 3152 qui
1813 3081 1973 3152 elegit

2084 3070 2243 3162 μήσαι
2272 3092 2472 3163 Κύριος
2509 3094 2565 3145 ἐν
2594 3070 2693 3159 soi,
2718 3070 2947 3155 διάὸολε,
2979 3094 3072 3153 καὶ
3097 3094 3413 3165 ἐπιτιμῆσαι
3436 3091 3641 3163 Κύριος

411 3161 572 3238 253
617 3163 917 3223 Jerusalem
958 3170 1001 3224 ⁸.
1054 3190 1073 3222 ι
1127 3168 1340 3228 Rursus
1390 3171 1494 3227 hoc
1545 3172 1663 3228 loco
1712 3172 1971 3229 Dominus

2084 3161 2264 3246 suaet,
2293 3186 2321 3237 6
2354 3161 2708 3254 ἐκλεξάμενος
2736 3185 2834 3255 τὴν
2877 3161 3255 3257 Ἰερουσαλήμ,
3279 3161 3315 3236 ι⁷
3340 3185 3507 3245 Πάλιν
3527 3161 3642 3237 ᾐκαὶ

412 3257 578 3313 alium
599 3258 883 3327 quemdam
914 3262 1327 3333 objurgaturum
1359 3265 1435 3321 ait
1465 3267 1640 3336 ipsum
1675 3265 1970 3331 diabolum,

413 3345 502 3403 ubi
544 3362 677 3404 sane
700 3364 810 3405 non
836 3351 972 3421 ipse,
997 3354 1090 3424 qui
1120 3354 1361 3425 loquitur
1388 3354 1673 3423 Dominus,
1705 3356 1970 3427 increpat,

411 3436 507 3490 sed
531 3438 761 3494 alterum
788 3453 1084 3501 memorat:
1114 3448 1315 3516 quibus
1340 3448 1522 3505 verbis
1545 3449 1703 3519 plane
1721 3458 1974 3507 constare

411 3528 647 3584 arbitror
668 3530 1182 3593 demonstrationem
1214 3538 1281 3594 de
1317 3539 1530 3596 duabus
1564 3544 1834 3610 personis,
1862 3558 1973 3597 uno

408 3615 587 3684 Patre,
616 3621 786 3678 altero
811 3638 876 3679 eo
895 3627 986 3696 qui
1019 3642 1048 3679 a
1071 3626 1231 3684 Patre
1251 3631 1490 3684 omnium
1514 3646 1634 3701 qua:
1661 3630 1800 3686 facta
1822 3639 1969 3698 sunt,

408 3717 730 3782 potestatem
769 3727 834 3771 ac
871 3716 1294 3779 dominationem
1318 3722 1608 3800 acceperit.

945 3897 1171 3954 CAPUT
1197 3899 1434 3964 XXVIII.

406 4008 451 4067 Α
479 4006 771 4091 Iolao/tif.
790 4014 1034 4091 -ν-ριιοᾴ
1056 4017 1304 4091 αηρείιιηι
1329 4019 1647 4091 Testamenti
1674 4021 1967 4091 Christum,

508 4088 559 4131 et
586 4080 821 4139 eumdem
849 4080 1144 4143 Dominum
1166 4089 1488 4156 omnipotens
1521 4090 1661 4147 Deus
1691 4104 1862 4150 vocat.

480 4288 499 4322 ι
534 4269 673 4328 Ecce
721 4288 823 4344 ego
853 4277 1007 4332 mitto
1048 4279 1296 4347 angelum
1345 4297 1547 4348 meum,
1578 4294 1631 4341 et
1677 4289 1971 4359 prospiciet

400 4362 544 4416 viam
579 4371 705 4418 ante
732 4364 924 4428 faciem
960 4384 1158 4434 meam,
1188 4378 1241 4427 et
1270 4382 1491 4443 repente
1522 4377 1699 4434 veniet
1739 4380 1806 4433 ad
1832 4388 1969 4433 tem-

400 4453 550 4525 plum
579 4453 861 4526 Dominus,
891 4475 1053 4529 quem
1094 4477 1193 4518 vos
1226 4466 1492 4534 qumritis,
1523 4475 1577 4525 et
1610 4471 1836 4539 angelus
1863 4471 1967 4527 Te—
1997 4454 2041 4507 Β

400 4549 673 4617 stamenti,
692 4566 850 4621 quem
873 4569 972 4610 vos
998 4555 1181 4621 vultis,
1205 4571 1332 4612 ecce
1361 4559 1527 4627 venit,
1550 4560 1682 4616 dicit
1705 4561 1966 4623 Dominus

2072 3272 2304 3330 ἐνταῦθα
2364 3275 2392 3328 6
2437 3275 2640 3346 Κύριος
2691 3275 2875 3349 ἕτερον
2918 3276 3122 3349 Κύριον
3168 3278 3511 3349 ὲπιτιμήσειν
3559 3274 3641 3346 τῷ

2073 3366 2300 3439 διαϐόλῳ
2330 3368 2511 3438 φησὶν,
2540 3368 2637 3440 οὐχ
2668 3369 2696 3422 6
2720 3368 3236 3439 προσδιαλεγόμενος
3266 3367 3468 3438 Κύριος
3515 3370 3640 3424 ἐπι-

2073 3459 2267 3531 τιμῶν,
2296 3459 2410 3516 ἀλλ’
2448 3460 2632 3530 ἐτέρου
2660 3460 3008 3532 μνημονεύων
3031 3461 3254 3533 Κυρίου·
3283 3460 3348 3514 δι’
3371 3453 3444 3513 ὧν
3473 3460 3639 3533 ἡγοῦ-

2077 3569 2175 3622 μαι
2209 3551 2393 3622 σαφῶς
2429 3552 2791 3623 παρίστασθαι
2841 3553 2966 3623 περὶ
2999 3552 3105 3609 τῶν
3145 3552 3238 3606 δύο
3268 3552 3505 3625 Κυρίων,
3538 3553 3634 3606 τοῦ

2072 3643 2285 3714 Πατρὺς
2326 3644 2418 3697 καὶ
2445 3643 2577 3696 Θεοῦ
2624 3643 2732 3705 τῶν
2766 3644 2922 3707 ὅλων,
2955 3645 3047 3696 καὶ
3082 3643 3176 3697 τοῦ
3224 3643 3362 3715 μετὰ
3405 3644 3496 3698 τὸν
3521 3645 3636 3697 Πα-

2073 3735 2207 3806 τέρα
2248 3735 2346 3806 τὴν
2378 3735 2519 3789 κατὰ
2567 3736 2783 3795 πάντων
2831 3736 2937 3788 τῶν
2962 3737 3232 3809 γεννητῶν
3271 3737 3493 3809 κυρείαν
3540 3737 3635 3792 καὶ

2073 3823 2391 3885 δεσποτείαν
2423 3823 2752 3895 διειληφότος
2785 3825 3074 3891 ἀπόδειξιν.

2571 3937 2960 3996 ΚΕΦΑΛΑΙΟΝ
3009 3939 3143 3995 ΚΗ’.

2085 4035 2227 4123 Ἀπῇ
2275 4049 2384 4123 τοῦ
2432 4051 2762 4123 Μαλαχίου.
2794 4082 2866 4123 —-_
2899 4051 3000 4123 '01;
3041 4051 3297 4123 ἄγγελον
3342 4053 3632 4123 Διαθήκης

2142 4119 2248 4170 τὸν
2278 4121 2562 4192 Χριστόν,
2590 4123 2696 4192 τόν
2729 4120 2915 4192 αὐτόν
2940 4121 3008 4175 δὲ
3045 4119 3143 4177 καί
3175 4124 3392 4192 Κύριον
3420 4127 3454 4179 ὁ
3480 4119 3624 4181 πακὶ

2131 4188 2434 4256 τοκράτωρ
2464 4188 2607 4256 Θεὸς
2633 4190 2936 4249 ἀποκαλεῖ.

2146 4321 2163 4353 ι
2209 4301 2337 4355 Ἰδοὺ
2374 4301 2747 4368 ἐξαποστέλλω
2770 4303 2860 4357 τὸν
2892 4303 3119 4379 ἄγγελόν
3147 4322 3269 4375 μου,
3298 4308 3389 4366 καὶ
3417 4308 3630 4370 ἐπιϐλέ-

2069 4394 2227 4464 ψεται
2258 4395 2377 4446 ὁδὸν
2411 4396 2517 4467 πρὸ
2542 4395 2830 4463 προσώπου
2859 4414 2981 4475 μου,
3004 4400 3099 4451 καὶ
3124 4399 3380 4470 ἐξαίφνης
3404 4401 3524 4471 ἥξει
3556 4405 3632 4468 είς

2066 4486 2159 4539 τὸν
2191 4487 2318 4540 ναὸν
2347 4486 2566 4559 Κύριος,
2598 4487 2656 4541 ὃν
2682 4488 2837 4557 ιὅμεῖς
2868 4488 3101 4560 ζητεῖτε,
3120 4492 3213 4545 καὶ
3234 4494 3261 4544 6
3287 4492 3513 4561 ἄγγελος
3539 4494 3631 4564 τῆς

2067 4574 2361 4646 Διαθήκης,
2393 4574 2452 4626 ὃν
2480 4574 2636 4645 ὑμεῖς
2672 4574 2873 4635 θέλετε.
2917 4578 3046 4631 Ἰδοὺ
3075 4579 3310 4650 ἔρχεται,
3346 4581 3493 4650 λέγει
3527 4585 3629 4637 Κύ-

401 4642 784 4710 omnipotens,
833 4654 886 4699 et
949 4648 1073 4717 quis
1128 4651 1421 4708 sustinebit
1472 4652 1613 4708 diem
1686 4655 1966 4726 ingressus

2084 4682 2183 4731 οιος
2219 4642 2632 4738 παντοκράτωρ,
2668 4667 2762 4721 καὶ
2786 4666 2870 4732 τίς
2901 4642 3170 4740 ὑπομενέῖί
3190 4642 3399 4745 ἡμέραν
3418 4642 3633 4733 ἐἰσόδου

399 4731 519 4841 Iejus
537 4732 596 4790 ’ἓ
625 4752 645 4787 ι
674 4733 974 4793 Etiamlizec
990 4740 1261 4810 prioribus
1289 4745 1485 4800 similia
1511 4753 1657 4805 sunt.
1688 4746 1807 4818 Ipse
1820 4751 1963 4805 enim

2084 4754 2225 4813 ιὺτοῦ
2244 4772 2258 4821 ;
2279 4775 2297 4806 ι
2320 4731 2516 4827 Ὅμοια
2537 4731 2631 4813 καὶ
2659 4755 2828 4811 ταῦτα
2845 4731 2955 4822 τοῖς
3301 4731 3507 4841 Κύριος
3527 4731 3632 4836 γὰρ

397 4816 661 4876 Dominus
682 4822 826 4880 Deus
856 4829 1217 4897 omnipotens,
1246 4831 1532 4889 Dominum
1567 4816 1854 4894 venturum
1888 4842 1966 4898 ait

2084 4848 2228 4912 ιύτὸς
2245 4816 2286 4901 ’ὁ
2321 4816 2454 4912 Θεδς
2482 4851 2874 4923 παντοκράτωρ
2905 4816 3053 4922 ἦ-ξειν
3082 4816 3257 4925 φησιν⁷
3278 4856 3357 4919 είς

397 4908 454 4962 in
489 4913 748 4981 templum
782 4930 964 4982 suum,
992 4920 1209 4974 interim
1241 4921 1310 4976 de
1342 4924 1448 4978 alio
1482 4925 1707 4995 loquens
1743 4944 1755 4981 :
1795 4930 1964 4999 signi-

397 4999 522 5021 η--.
554 5018 633 5021 -μ
700 5005 784 5021 κη
966 5009 1005 5021 ..
1071 5010 1085 5021 .

2084 4908 2230 4999 ιύτού
2261 4908 2496 5012 Κύριον,
2527 4941 2654 5014 περὶ
2687 4908 2873 5016 ἐτέρου
2905 4908 3106 5012 λέγων..
3129 4908 3289 5015 Ᾰηλοῖ
3317 4908 3373 4999 δὲ
3406 4908 3516 5021 ἄρα

396 4999 525 5113 goat
552 5018 718 5073 porro
744 5005 912 5062 Deum
966 5009 1220 5074 Verbum,
1257 5029 1417 5083 quem
1462 5026 1650 5086 postea
1710 5022 1959 5091 angelum

2084 5030 2195 5086 956v
2217 4999 2407 5101 Λόγον.
2432 4999 2586 5088 Μέτά
2603 4999 2765 5087 τοῦτο
2782 4999 2843 5088 δὲ
2875 4999 3220 5105 καλιάγγελον
3240 5037 3339 5107 τῆς

394 5090 727 5154 Tcstamenti
765 5099 1033 5166 nominat,
1064 5118 1336 5175 quemque
1363 5107 1525 5163 etiam
1557 5111 1670 5181 ipse
1699 5090 1961 5171 Dominus

2084 5090 2315 5192 »νομάζει
2334 5162 2350 5187 ,
2395 5122 2453 5176 ὃν
2516 5125 2610 5176 καὶ
2640 5124 2800 5188 αὐτὸς
2832 5127 2861 5179 6
2891 5090 3627 5201 παντοκράτωρ’Κύριοςιέἑζ

392 5191 738 5261 omnipotens
770 5192 930 5249 docet
970 5209 1029 5250 se
1060 5198 1276 5253 mittere
1299 5207 1426 5258 ante
1449 5200 1640 5256 faciem
1668 5219 1843 5269 suam,
1875 5205 1961 5260 di-

2084 5191 2411 5273 ιποστέλλειν
2441 5214 2547 5285 πρὸ
2579 5213 2868 5286 προσώπου
2903 5214 3094 5277 ἑαυτοῦ
3137 5191 3419 5283 διδάσκεις
3439 5191 3628 5288 λέγων·

391 5296 523 5338 cens
548 5298 560 5337 :
591 5302 610 5333 ι
639 5283 778 5339 Ecce
804 5299 905 5356 ego
936 5286 1092 5342 mitto
1115 5289 1364 5361 angelum
1401 5306 1580 5346 meum
1616 5307 1741 5350 ante
1765 5295 1956 5351 faciem

2084 5322 2089 5354 ι
2132 5302 2263 5357 Ἰδοὺ
2298 5302 2409 5372 ἐγὼ
2431 5283 2801 5369 ἐξαποστέλλω
2831 5306 3056 5375 ἄγγελόν
3081 5324 3180 5378 μου
3203 5309 3309 5380 πρὸ
3340 5283 3627 5382 προσώπου

390 5378 790 5455 ωειιιηδΑῐιιυί
810 5379 1057 5437 eumdem
1071 5381 1234 5450 hunc,
1254 5398 1412 5454 quem
1433 5403 1452 5435 ι
1471 5386 1717 5457 angelum
1733 5402 1910 5443 meum
1931 5408 1950 5441 ι

2084 5412 2187 5448 sou.
2218 5414 2238 5446 ι
2267 5396 2369 5448 Τὸν
2397 5396 2557 5453 αὐτὸν
2588 5398 2645 5450 δέ
2672 5397 2881 5461 τοῦτον,
2911 5398 2969 5451 ὃν
2997 5417 3015 5451 ι
3053 5378 3284 5468 ἄγγελόν
3340 5378 3443 5471 μου
3480 5421 3499 5454 ι
3527 5404 3621 5456 άπ-

390 5470 625 5533 vocavit,
686 5486 879 5529 rursus
937 5472 1195 5544 deinceps
1238 5475 1527 5533 Dominum
1563 5481 1819 5549 appellat,
1859 5482 1951 5537 ubi

2088 5485 2302 5550 κάλεσε,
2334 5486 2493 5543 πάλιν
2516 5486 2641 5557 ἑξῆς
2663 5488 2862 5561 Κύριον
2902 5488 3172 5561 ὀνομάζει·
3199 5509 3217 5541 ι
3236 5470 3352 5544 Kal,
3374 5491 3622 5564 ἐξαίφνης

393 5558 638 5630 adjungit
670 5561 839 5619 illud:
876 5582 896 5615 ι
938 5564 1003 5617 Ει
1026 5574 1251 5636 repente
1276 5577 1458 5627 veniet
1485 5569 1745 5629 Dominus
1763 5583 1817 5629 et
1853 5590 1951 5627 an-

2084 5575 2176 5641 ιξει
2207 5577 2428 5648 Κύριος,
2469 5596 2486 5630 ι
2520 5558 2806 5651 ἐπιλέγων,
2837 5599 2855 5631 ι
2884 5580 2977 5635 καὶ
3051 5580 3281 5650 ἄγγελος
3311 5558 3621 5657 τῆςνΔιᾷθη.

456 5725 478 5763 ³
508 5724 698 5787 Matth.
738 5741 927 5791 xxuu,
956 5725 1046 5786 20.
1125 5731 1144 5756 ⁸
1169 5727 1358 5787 Matth.
1388 5744 1540 5792 xvm.
1574 5729 1667 5786 20.
1743 5732 1764 5765 ⁸
1795 5730 1956 5789 Zuch.

2107 5733 2155 5799 Ι,
2179 5734 2234 5793 2.
2313 5735 2332 5768 ⁸
2358 5733 2585 5796 Malacb.
2622 5750 2707 5804 in,
2742 5737 2790 5806 Ι,
2812 5737 2867 5799 2.
