3902 6264
217 342 310 400 ιυθ

1147 337 1802 398 DEMONS’I‘RATIONIS
1836 337 2299 395 EVANGELICE
2336 338 2463 394 LIB.
2500 337 2569 393 V.
2610 350 2615 354 ‘

3339 333 3446 390 MO

218 474 328 526 κης.
361 475 381 507 ι
433 454 577 508 Ἕνα
621 454 679 508 δὲ
708 454 803 508 καὶ
838 453 928 510 τὸν
978 453 1139 509 αὐτὸν
1180 456 1455 528 προειπὼν
1495 459 1766 531 ἐπιφέρει*

1884 457 2022 530 ςειιιε
2068 455 2425 513 Testamenti.
2468 476 2486 507 ι
2530 454 2710 510 Unum
2758 466 2888 508 vero
2917 457 2973 506 et
3020 448 3271 505 eumdem
3319 463 3445 503 cum

221 568 237 599 ι
275 548 397 602 ’1δοῦ
430 548 671 619 ἔρχεται,
721 548 816 601 καὶ
857 548 942 612 τίς
989 550 1253 619 ὑπομενεῖ
1296 550 1508 624 ἡμέραν
1564 553 1768 606 εἰσόδου

216 638 400 703 adicio;
434 657 454 690 ι
477 638 581 710 τὴν
617 637 876 712 δευτέραν
896 640 990 693 καὶ
1013 640 1224 708 ἔνδοξον
1264 644 1565 714 παρουσίαν
1604 643 1768 698 αὐτοῦ

218 720 501 800 σημαίνων.
530 730 595 791 ,‘O
610 730 779 785 ταῦτα
811 731 867 784 δὲ
896 733 1074 787 πάντα
1102 732 1393 801 θεσπίζων,
1417 734 1621 807 Κύριός
1652 736 1770 791 ἐστι

216 820 595 893 παντοκράτωρ
628 821 657 874 ὁ
687 821 794 877 τῶν
821 821 957 879 ὅλων
983 823 1133 888 Θεός.

703 1020 1097 1075 ΚΕΦΑΛΑΙΟΝ
1134 1021 1261 1079 ΚΘ¹.

224 1132 308 1201 Ὧς
339 1134 519 1203 ἥλιον
547 1133 936 1203 δικαιοσύνης
968 1135 1076 1190 τὸν
1116 1138 1373 1205 Χριστὸν
1402 1140 1435 1193 ό
1466 1137 1585 1195 τῶν
1614 1138 1775 1193 ὅλων

754 1206 900 1273 Θεὸς
931 1206 1216 1277 ὀνομάζει.

279 1336 295 1369 t
331 1318 438 1371 Καὶ
460 1317 712 1375 ἀνατελεϊ
731 1321 842 1384 τοῖς
863 1319 1027 1389 φοϐου
1035 1320 1216 1392 μένοις
1239 1321 1298 1377 τὸ
1318 1321 1487 1394 ὄνομά
1504 1341 1607 1396 μου
1625 1323 1773 1396 ἥλιος

210 1411 565 1481 δικαιοσύνης,
596 1411 689 1465 καὶ
723 1412 865 1476 ἴασις
891 1411 1040 1466 ἔσται
1063 1415 1120 1467 ὲν
1141 1416 1260 1479 ταῖς
1277 1415 1533 1487 πτέρυξιν
1551 1416 1734 1472 αὐτοῦ.
1749 1435 1768 1468 ι

223 1501 271 1554 ’0
289 1499 545 1565 πολλάκις
562 1502 879 1573 όνομασθεὶς
895 1503 1117 1575 Κύριος,
1139 1506 1231 1557 καί
1244 1504 1395 1569 Θεὸς,
1415 1505 1509 1559 καὶ
1523 1504 1771 1574 ἄγγελος,

212 1593 293 1645 καὶ
302 1593 992 1665 ἁρχιστράτηγος,Χριστός
1004 1612 1062 1647 τε
1075 1596 1168 1649 καὶ
1181 1597 1224 1649 ἱε
1234 1596 1476 1667 ρεὺς,καὶ
1487 1597 1775 1665 Λόγο‹;,κα)⁵

214 1685 355 1753 σοφία
374 1683 534 1751 Θεοῦ,
556 1685 647 1739 καὶ
672 1685 856 1751 εἰκὼν,
870 1685 964 1740 νῦν
988 1687 1149 1751 αὐτὸς
1171 1681 1321 1752 οὗτος
1347 1687 1496 1759 ἥλιος
1515 1688 1774 1760 κέκληται

209 1775 565 1848 δικαιοσύνης.
598 1776 795 1831 Τοῦτον
823 1777 889 1848 δὴ
918 1773 1011 1831 οὖν
1039 1778 1198 1833 αὑτὸν
1229 1780 1258 1832 ὁ
1290 1780 1556 1850 γεννήσας
1585 1779 1775 1851 Πατὴρ

1878 549 2217 621 produxerit,
2250 556 2366 603 tum
2396 547 2548 603 addit
2574 567 2588 601 :
2623 566 2641 599 ι
2683 545 2821 601 Ecce
2852 543 3018 609 venit,
3048 552 3102 596 et
3128 539 3254 610 quis
3277 539 3446 595 susti-

1876 642 2027 698 nebit
2047 641 2190 699 diem
2225 641 2507 710 ingressus
2539 638 2701 707 ejus?
2735 655 2754 687 ι
2788 634 2991 705 quibus
3039 630 3220 688 verbis
3250 643 3449 688 secun-

1875 733 2004 788 dum
2042 742 2098 789 et
2139 731 2436 804 gloriosum
2466 729 2613 784 illius
2663 727 2956 781 adventum
3012 722 3302 793 signiﬁcat.
3340 718 3447 775 Sed

1875 828 1970 898 qui
1998 825 2181 881 omnia
2210 824 2325 880 haec
2352 823 2523 889 canit,
2555 820 2817 874 Dominus
2843 825 2927 873 est
2951 815 3295 886 omnipotens
3324 812 3449 867 uni-

1874 918 2018 976 versi
2055 917 2221 975 Deus.

2442 1026 2669 1087 CAPUT
2697 1025 2893 1083 XXIX.

1877 1147 2041 1222 255
2083 1145 2236 1215 Quod
2286 1144 2702 1222 solemjustilia:
2740 1139 3012 1222 _Christum
3064 1139 3176 1206 ipse
3218 1136 3447 1191 universi

2444 1215 2580 1270 Deus
2610 1214 2870 1269 nominat.

1953 1352 1973 1385 ‹
2005 1331 2069 1386 Ει
2093 1330 2300 1385 orietur
2326 1326 2643 1383 timentibus
2676 1339 2868 1381 nomen
2892 1335 3073 1377 meum
3097 1318 3179 1375 sol
3201 1316 3448 1388 iustitiae,

1877 1434 1933 1482 ct
1964 1425 2177 1481 sanatio
2201 1422 2307 1478 erit
2339 1421 2392 1475 in
2423 1421 2525 1475 alis
2555 1420 2733 1489 ejus".
2771 1438 2790 1471 ι
2825 1416 2927 1484 Qui
2963 1430 3103 1484 saepe
3136 1412 3451 1468 nominatus

1879 1526 2046 1574 estet
2079 1516 2364 1583 Dominus,
2401 1522 2455 1571 et
2506 1513 2673 1575 Deus,
2719 1519 2775 1567 et
2807 1510 3056 1580 angelus,
3110 1514 3166 1563 et
3197 1504 3451 1576 princeps

1882 1612 2296 1681 imperatorum,
2332 1616 2386 1664 et
2411 1607 2686 1668 Christus,
2720 1610 2773 1658 et
2800 1599 3081 1663 sacerdos,
3112 1604 3166 1651 et
3187 1593 3450 1658 Verbum,

1879 1711 1934 1758 et
1966 1701 2234 1772 sapientia
2267 1699 2384 1763 Dei,
2418 1704 2473 1753 et
2504 1697 2720 1767 imago:
2754 1709 2900 1749 nunc
2942 1691 3083 1746 idem
3116 1707 3134 1740 ι
3175 1688 3257 1745 sol
3285 1686 3452 1757 justi-

1882 1796 1969 1850 tiae
2006 1815 2023 1847 ι
2061 1793 2283 1848 dicitur.
2309 1792 2466 1847 Hunc
2490 1792 2671 1862 ipsum
2706 1789 2890 1860 igitur,
2925 1787 2972 1842 is
3003 1786 3097 1856 qui
3135 1783 3322 1857 genuit
3347 1781 3455 1836 Pa-

210 1865 263 1917 οὐ
290 1868 397 1930 τοῖς
426 1869 620 1931 πᾶσιν,
656 1866 791 1924 ἀλλὰ
828 1867 1010 1939 μόνοις
1039 1872 1149 1933 τοῖς
1180 1870 1240 1923 τὸ
1271 1870 1440 1941 ὄνομα
1471 1870 1636 1925 αὑτοῦ
1673 1888 1769 1941 φο-

1884 1896 1977 1954 ter,
2032 1903 2143 1941 non
2194 1885 2447 1940 omnibus
2506 1883 2773 1939 oriturum
2827 1877 3114 1951 promittit,
3178 1876 3273 1932 sed
3321 1875 3454 1931 solis

211 1956 488 2027 δεομένοις
520 1958 797 2013 ἀνατελεῖν
828 1960 1247 2030 ἐπαγγέλλεται,
1273 1962 1439 2034 γέρας
1465 1963 1647 2027 αὐτοῖς
1677 1962 1769 2016 τοῦ

211 2050 278 2112 εἰς
305 2049 473 2104 αὑτὸν
502 2049 662 2119 φόὸου
705 2050 879 2116 διδοὺς
916 2053 977 2105 τὸ
1022 2052 1135 2127 φῶς
1169 2053 1262 2106 τοῦ
1297 2055 1394 2125 τῆς
1430 2054 1774 2127 δικαιοσύνης

213 2141 367 2210 ἡλίου.
391 2143 500 2214 Ern
531 2143 575 2195 δ’
603 2142 669 2197 ἂν
691 2136 843 2207 οὗτος
871 2145 900 2197 ό
921 2124 1267 2213 ΘεὸςκΛόγος,
1294 2147 1323 2198 ὁ
1348 2124 1538 2199 είπὼνο
1574 2166 1593 2198 t
1633 2124 1774 2216 Ἐγῶ

211 2232 312 2302 εἰμι
336 2231 396 2285 τὸ
430 2233 552 2302 φῶς
583 2232 676 2286 τοῦ
709 2234 948 2304 κόσμου’
998 2235 1136 2309 ὅπερ
1180 2232 1248 2308 ἦν
1289 2235 1403 2306 φῶς
1444 2236 1504 2289 τὸ
1545 2237 1773 2307 φωτίζον

212 2323 373 2377 πάντα
401 2323 694 2397 ἄνθρωπον
729 2314 1019 2398 ἐρχόμενον
1045 2328 1124 2391 εἰς
1148 2328 1237 2382 τὸν
1271 2328 1492 2399 κόσμον.
1524 2346 1544 2380 ι
1575 2327 1774 2382 Τοῦτον

211 2413 265 2484 δὴ
289 2411 396 2479 οὖν,
426 2415 544 2468 ἀλλ’
578 2416 637 2468 οὑ
669 2415 760 2470 τὸν
791 2416 1068 2487 αἰσθητὸν,
1100 2417 1221 2471 οὐδὲ
1252 2418 1344 2471 τὸν
1381 2419 1631 2490 προφανῆ
1661 2421 1774 2483 τοῖς

212 2510 331 2562 πᾶσι
351 2507 595 2578 λογικοῖς
623 2527 681 2562 τε
715 2510 811 2565 καὶ
832 2510 1045 2578 ἀλόγοις
1074 2511 1244 2582 ἥλιον,
1285 2512 1421 2567 ἀλλά
1447 2514 1540 2567 τὸν
1570 2512 1772 2579 ἔνθεον,

211 2601 293 2654 καὶ
314 2602 522 2671 νοερὸν,
558 2604 652 2659 καὶ
672 2603 853 2673 πάσης
875 2604 1072 2675 ἀρετῆς
1093 2605 1188 2658 καὶ
1210 2604 1553 2677 δικαιοσύνης
1575 2606 1662 2661 αῐτ
1673 2623 1772 2672 ιον,

215 2695 379 2765 μόνοις
417 2699 538 2759 τοῖς
581 2695 746 2765 φοὸου
753 2694 932 2767 μένοις
980 2696 1141 2750 αὑτὸν
1193 2697 1468 2751 ἀνα-τελεῖν
1515 2699 1608 2752 ἐπὶ
1679 2696 1771 2752 τοῦ

212 2788 511 2860 παρόντοςό
537 2787 667 2852 Θεός
688 2805 873 2859 φησιν,
907 2788 1275 2859 ἀποκρύπτων
1331 2790 1495 2843 αὐτὸν
1523 2789 1632 2844 τῶν
1677 2791 1773 2844 ἀν-

212 2880 386 2946 αξίωνο
423 2887 552 2951 περὶ
585 2873 660 2937 ὧν
685 2879 941 2950 ἀλλαχόθι
966 2897 1068 2933 που
1108 2878 1275 2948 λέγει·
1306 2899 1327 2932 ι
1360 2881 1471 2935 Καὶ
1492 2880 1710 2935 δύσεται
1746 2885 1775 2938 ό

212 2971 347 3038 ἥλιος
379 2972 476 3025 ἐπὶ
505 2972 631 3037 τοὺς
666 2972 951 3044 προφήτας
989 2970 1117 3036 τοὺς
1160 2969 1475 3037 πλανῶντας
1512 2971 1605 3029 τὸν
1647 2972 1774 3031 λαόν

216 3075 323 3131 μου.
362 3077 383 3111 ι

728 3198 1126 3253 ΚΕΦΑΛΑΙΟΝ
1162 3199 1240 3255 A'.

1879 1994 2078 2035 nomen
2109 1994 2268 2035 suum
2299 1976 2634 2042 timentibus,
2668 1982 2727 2028 ut
2758 1972 2839 2028 sic
2867 1971 2972 2027 illis
2997 1970 3209 2025 timoris
3237 1983 3365 2040 erga
3392 1983 3453 2024 se

1882 2069 2183 2142 praemium,
2216 2070 2349 2126 solis
2382 2068 2611 2139 iustitia:
2639 2066 2729 2120 det
2763 2065 2968 2119 lumen.
3004 2062 3120 2118 Erit
3151 2069 3330 2116 autem
3362 2061 3453 2116 hic

1881 2163 2025 2219 Deus
2058 2161 2319 2227 Verbum,
2353 2176 2384 2215 a
2410 2174 2521 2231 quo
2554 2159 2685 2214 illud
2726 2156 2933 2211 dictum
2967 2169 3053 2211 est
3084 2174 3099 2211 :
3130 2172 3150 2207 ‹
3189 2154 3302 2226 Ego
3331 2169 3452 2210 sum

1879 2255 1971 2309 lux
2002 2253 2248 2318 mundi“,
2274 2269 2395 2324 quas
2422 2261 2540 2308 erat
2569 2252 2660 2305 lux
2690 2251 3006 2307 illuminans
3032 2266 3247 2305 omnem
3279 2249 3454 2304 homi-

1878 2362 2003 2402 nem
2039 2344 2344 2400 venientem
2374 2344 2443 2411 ‘in
2487 2343 2632 2396 hunc
2662 2342 2987 2395 mundum’.
3020 2361 3039 2394 ι
3078 2339 3231 2397 Hanc
3271 2341 3456 2409 itaque

1880 2438 2077 2500 lucem,
2111 2451 2220 2491 non
2252 2443 2434 2489 autem
2462 2435 2612 2488 illunt
2645 2433 2960 2489 sensibilem
2994 2440 3048 2487 et
3077 2430 3450 2496 manifestum,

1879 2541 1933 2586 et
1968 2528 2330 2584 rationalibus
2359 2536 2414 2581 et
2450 2526 2629 2582 brutis
2658 2526 2851 2591 solem,
2891 2525 2985 2580 sed
3016 2526 3258 2580 divinum
3291 2533 3454 2595 atque

1878 2622 2292 2692 intelligentem,
2309 2627 2364 2675 et
2380 2619 2558 2675 omnis
2580 2619 2798 2674 vit-tutis
2823 2634 2889 2674 ac
2912 2618 3143 2689 iustitiae
3173 2624 3452 2673 auctorem

1879 2715 2014 2771 solis
2054 2716 2233 2784 ipsum
2279 2713 2597 2768 timentibus
2645 2713 2939 2777 oriturum,
2977 2711 3033 2766 in
3078 2711 3336 2783 praesenti
3378 2709 3456 2764 ait

1879 2806 2047 2875 Deus,
2079 2796 2231 2862 illum
2264 2806 2332 2862 iis
2380 2804 2596 2861 interim
2631 2804 2939 2867 occultans,
2976 2803 3069 2873 qui
3100 2803 3196 2858 illo
3243 2800 3456 2873 indigni

1880 2899 2012 2964 sint,
2044 2899 2113 2981 de
2140 2898 2343 2970 quibus
2380 2896 2546 2952 etiam
2577 2895 2707 2950 alibi
2744 2895 2915 2950 dicit:
2951 2912 2970 2947 ι
3008 2893 3075 2951 Et
3112 2893 3325 2950 occidet
3371 2891 3457 2946 sol

1880 3007 2045 3063 super
2062 2989 2377 3062 prophetas,
2409 2988 2504 3060 qui
2532 2987 2814 3058 decipiunt
2842 2987 3103 3058 populum
3138 2999 3321 3041 meum
3344 2982 3443 3037 η.»

2441 3207 2673 3266 CAPUT
2708 3207 2878 3265 XXX.

225 3308 356 3392 Ἀξό
386 3309 495 3392 τοῦ
537 3312 837 3392 Ἱερεμίου.
854 3341 927 3392 —_-
951 3312 1045 3392 ᾮς
1075 3311 1218 3392 Oeric
1244 3313 1435 3392 Aera;
1460 3312 1673 3392 Κύριος
1692 3311 1779 3392 ῶν

1884 3328 1956 3387 Ab
1982 3326 2237 3383 Ieremia.
2271 3357 2344 3367 -—
2384 3324 2840 3391 Quemadmodum
2893 3322 3033 3378 Deus
3085 3322 3333 3385 Verbum,
3385 3322 3456 3377 ad

275 3382 466 3453 Κυρίῳ
500 3381 585 3453 τῷ
631 3380 815 3453 Hatpi
859 3381 1054 3451 εὐχὴν
1084 3380 1451 3453 ἀναπέμπει,
1504 3381 1620 3452 τὴν
1658 3380 1779 3437 τῶν

275 3448 460 3504 ἐθνῶν
485 3448 860 3521 ἐπιστροφὴν
887 3448 1197 3514 θεσπίζων.

279 3582 297 3614 ί
325 3562 495 3636 Κύριε
530 3565 564 3635 ἠ
604 3563 754 3635 ἰσχύς
790 3581 912 3636 μου,
948 3564 1043 3618 καὶ
1078 3563 1299 3636 βοήθειά
1333 3582 1457 3637 μου,
1482 3565 1577 3619 καὶ
1608 3582 1777 3621 κατα-

218 3655 350 3725 φυγή
388 3672 490 3725 μου
522 3656 579 3708 έν
611 3654 795 3727 ἡμέρᾳ
826 3654 1090 3725 θλίψεως,
1128 3654 1265 3725 πρὸς
1298 3654 1358 3707 σὲ
1395 3654 1522 3725 ἔθνη
1558 3654 1777 3725 ἥξουσιν

215 3745 300 3796 ἀπ’
328 3745 555 3816 ἐσχάτου
589 3747 690 3814 τῆς
719 3747 841 3818 γῆς,
868 3746 963 3799 καὶ
990 3744 1227 3817 ἐροῦσιν·
1263 3737 1362 3810 ’Ὧς
1389 3745 1557 3817 ψευδῆ
1617 3747 1777 3818 ἐκτή-

217 3851 366 3889 σαντο
405 3838 456 3890 οἱ
501 3838 737 3909 πατέρες
785 3839 941 3910 ήμῶν
988 3837 1201 3902 εἴδωλα,
1254 3838 1348 3890 καὶ
1390 3838 1491 3891 οὐκ
1532 3836 1679 3891 ἐστιν
1719 3838 1778 3889 ὲν

218 3929 386 3993 αὐτοῖς
434 3928 694 3999 ὠφέλεια.
745 3930 809 3984 El
847 3932 1062 4002 ποιήσει
1092 3928 1242 4001 αὐτῷ
1280 3928 1567 4000 ἄνθρωπος
1599 3927 1774 3992 θεοὺς,

220 4019 305 4073 καὶ
344 4011 486 4073 οὗτοι
532 4019 633 4073 οὐκ
678 4018 786 4074 εἰσὶ
835 4020 965 4074 θεοί.
1017 4022 1116 4074 Διά
1162 4018 1322 4077 τοῦτο
1375 4019 1483 4072 ἰδοὺ
1525 4016 1635 4087 ἐγὼ
1687 4017 1779 4090 δη-

218 4109 362 4165 λώσω
414 4110 597 4175 αὐτοῖς
638 4112 695 4166 ὲν
738 4110 816 4183 τῷ
856 4111 1032 4185 καιρῷ
1074 4111 1249 4182 τούτῳ
1299 4110 1395 4182 τὴν
1443 4110 1602 4180 χεῖρά
1653 4127 1776 4183 μου,

218 4202 305 4254 καὶ
334 4203 547 4276 γνωριῶ
581 4204 763 4268 αὐτοῖς
797 4205 896 4274 τὴν
934 4202 1161 4274 δύναμίν
1192 4220 1314 4274 μου,
1358 4203 1453 4256 καὶ⁵
1482 4199 1778 4271 γνώσονται

218 4292 294 4346 ὅτι
320 4293 424 4363 ἐγὼ
446 4294 670 4366 Κύριος.
707 4315 726 4346 ι
756 4295 959 4367 Κύριος
988 4295 1160 4366 ἑτέρῳ
1191 4293 1410 4365 εὔχεται
1451 4294 1661 4366 Κυρίῳ,
1701 4292 1780 4363 τῷ

222 4384 381 4458 Πατρὶ
419 4386 622 4457 δηλαδὴ
660 4388 754 4440 καὶ
791 4385 909 4458 Θεῷ
944 4385 1054 4439 τῶν
1092 4387 1249 4448 ὅλων,
1287 4386 1346 4439 ὲν
1371 4381 1453 4449 οἷς
1479 4384 1780 4459 ἁρχόμενός

225 4495 362 4550 φησι⁸
388 4504 405 4531 ιι
429 4480 623 4552 Κύριε,
652 4479 804 4551 ἰσχύς
836 4497 990 4551 μου,›
1019 4481 1111 4536 καὶ
1129 4479 1198 4533 τὰ
1218 4478 1364 4550 ἑξῆς.
1391 4478 1586 4547 Σαφῶς
1607 4479 1663 4533 δὲ
1682 4478 1779 4550 τὴν

224 4570 318 4624 τῶν
346 4571 511 4626 ἐθνῶν
543 4575 607 4626 ὲκ
644 4572 745 4641 τῆς
789 4569 1163 4634 πολυπλανοῦς
1204 4570 1642 4641 εἰδωλολατρείας
1687 4569 1780 4623 ἐπὶ

223 4664 309 4735 τὴν
334 4668 411 4730 εἰς
444 4667 536 4721 τὸν
572 4630 1020 4720 Θεὸν-εὐσέϐειαν
1058 4630 1360 4736 μεταϐολὴν
1388 4630 1651 4728 θεσπίζει·
1684 4664 1779 4720 καὶ
1810 4630 1853 4685 D

223 4757 342 4831 αὕτη
379 4758 434 4813 δὲ
468 4761 504 4830 ἠ
540 4758 848 4831 προφητεία
895 4758 1031 4830 μετά
1067 4758 1166 4830 τὴν
1207 4759 1287 4821 εἰς
1328 4756 1645 4830 ἀνθρώπους
1683 4756 1778 4812 τοῦ

223 4849 453 4922 Σωτῆρος
490 4849 649 4921 ἡμῶν
703 4849 876 4919 Ἰησοῦ
922 4847 1159 4921 Χριστοῦ
1204 4848 1504 4921 παρουσίαν
1550 4847 1779 4916 ἐναργέ-

225 4954 377 4992 στατα
420 4941 695 4995 δείκνυται
733 4939 1159 5012 πεπληρωμένη.
1201 4938 1361 4992 Ἀλλά
1398 4939 1505 5010 γάρ
1545 4939 1613 4991 δι’
1643 4938 1779 4992 ὅλων

222 5033 494 5102 τριάκοντα
510 5031 868 5105 προφητικῶν
891 5032 1200 5102 κεφαλαίων
1220 5026 1470 5103 δεύτερον
1487 5030 1618 5084 Θεὸν
1643 5030 1781 5101 μετά

223 5123 303 5175 τὸν
338 5126 592 5181 ἀνωτάτω
627 5125 722 5179 καὶ
755 5126 847 5178 ἐπὶ
872 5125 1026 5185 πᾶσι,
1053 5124 1144 5177 τὸν
1179 5124 1408 5195 Σωτῆρα
1445 5122 1540 5176 καὶ
1577 5122 1780 5195 Κύριον

227 5216 362 5285 ἡμῶν
380 5216 468 5270 τὸν
487 5215 585 5271 τοῦ
604 5214 740 5270 Θεοῦ
764 5216 935 5284 Λόγον
960 5212 1098 5269 εἶναι
1126 5215 1523 5287 μεμαθηκότες,
1557 5216 1642 5284 ἐφ’
1664 5215 1779 5268 ἑτέ-

230 5326 314 5379 ραν
340 5312 437 5382 τῆς
477 5311 624 5366 κατά
660 5311 824 5365 αὐτὸν
855 5310 1167 5380 οἰκονομίας
1200 5309 1453 5364 ὑπόθεσιν
1484 5309 1785 5383 μεταϐησό-

231 5402 370 5471 μεθα,
390 5405 549 5460 αὐτὸν
571 5405 638 5476 δὴ
660 5403 848 5458 τοῦτον
873 5404 1004 5457 Θεὸν
1025 5404 1106 5462 εἰς
1128 5401 1447 5474 ἀνθρώπους
1469 5402 1782 5456 ἐλεύσεσθαι

227 5491 340 5551 διίν.
387 5498 448 5550 ὲκ
491 5496 600 5550 τῶν
643 5494 827 5549 αὐτῶν
870 5494 1021 5567 παρὰ
1064 5492 1332 5563 Ἑϐραίοις
1376 5492 1535 5564 ιερῶν
1584 5494 1781 5564 βίϐλων

229 5589 577 5657 πατήσοντες.

1951 3397 2170 3453 Patrem
2202 3397 2621 3466 deprecationem
2654 3396 2867 3459 emittit,
2895 3394 3131 3465 gentium
3160 3394 3457 3448 conversio-

1948 3486 2067 3525 nem
2094 3469 2335 3539 futuram
2364 3467 2692 3537 signiﬁcans.

1953 3597 1973 3630 ι
2004 3578 2229 3634 Domine
2246 3577 2511 3633 fortitudo
2532 3578 3023 3638 mea,etauxilium
3057 3590 3258 3640 meum,
3291 3585 3346 3631 et
3367 3590 3457 3631 re-

1881 3671 2086 3743 fugium
2119 3686 2323 3735 meum,
2351 3671 2406 3725 in
2440 3670 2528 3725 die
2551 3668 2946 3736 tribulationis,
2977 3668 3044 3723 ad
3076 3676 3130 3724 te
3157 3677 3345 3738 gentes
3371 3684 3457 3723 ve-

1878 3763 2032 3817 nient
2074 3762 2143 3816 ab
2173 3770 2417 3817 extremo
2448 3768 2627 3824 terra},
2664 3767 2718 3814 et
2732 3758 2914 3815 dicent
2944 3777 2957 3815 :
2991 3758 3132 3815 Vere
3157 3759 3293 3815 falsa
3324 3774 3455 3829 pos-

1880 3855 2136 3909 sederunt
2183 3863 2366 3926 patres
2418 3856 2591 3911 nostri
2635 3855 2952 3919 simulacra,
2997 3860 3053 3910 et
3099 3868 3209 3908 non
3250 3862 3336 3909 est
3398 3853 3454 3908 in

1878 3945 1961 4001 eis
1988 3946 2217 4002 utilitas.
2238 3945 2295 4000 Si
2326 3945 2489 4001 faciet
2517 3946 2621 4002 sibi
2644 3947 2808 4001 homo
2838 3946 2992 4010 deos,
3025 3954 3081 4001 et
3108 3945 3164 3999 bi
3193 3959 3302 3999 non
3327 3950 3457 3999 sunt

1880 4037 1976 4092 dii.
2013 4036 2220 4092 Idcirco
2260 4052 2389 4092 ecce
2416 4052 2518 4108 ego
2546 4037 2829 4093 ostendam
2868 4038 2948 4093 eis
2975 4037 3028 4092 in
3059 4045 3304 4108 tempore
3330 4037 3454 4101 hoc,

1879 4137 1932 4185 et
1956 4136 2139 4183 notam
2172 4128 2367 4182 faciam
2397 4130 2478 4184 eis
2517 4144 2738 4183 manum
2771 4144 2971 4192 meam,
3007 4127 3170 4198 255
3196 4137 3253 4183 et
3278 4127 3456 4182 virtu-

1880 4226 1987 4272 tem
2030 4232 2230 4280 meam,
2262 4224 2317 4273 et
2349 4227 2687 4289 cognoscent
2714 4218 2859 4290 quod
2902 4234 3004 4288 ego
3047 4218 3389 4275 Dominus“.
3432 4239 3452 4272 ι

1879 4308 1937 4364 ln
1970 4310 2055 4364 his
2088 4310 2268 4366 verbis
2299 4309 2562 4368 Dominus
2594 4312 2760 4366 alium
2811 4304 3091 4382 p'rccatur,
3128 4309 3346 4366 Patrem
3377 4311 3459 4366 vi-

1880 4400 2079 4456 delicet
2111 4415 2176 4454 ac
2214 4399 2383 4455 Deum
2421 4400 2688 4465 universi,
2717 4400 2832 4456 illic
2883 4416 3017 4456 sane
3048 4400 3142 4455 ubi
3192 4401 3458 4471 incipiens

1881 4490 1956 4543 ait
1989 4508 2001 4543 :
2034 4507 2053 4538 ι
2091 4488 2343 4558 Domine,
2374 4489 2639 4547 fortitudo
2678 4506 2821 4554 mea,
2856 4511 2874 4543 ι
2901 4498 2956 4546 et
2992 4498 3209 4546 caetera.
3240 4489 3458 4560 Perspi-

1881 4596 1982 4636 cue
1995 4596 2125 4635 vero
2142 4582 2385 4649 gentium
2417 4582 2485 4637 ab
2505 4582 2812 4637 errabundo
2834 4582 3251 4637 simulacrorum
3281 4581 3455 4644 cultu,

1881 4670 1950 4725 ad
1972 4670 2250 4740 pietatem,
2282 4672 2712 4742 religionemque
2734 4687 2859 4742 erga
2883 4670 3051 4726 Deum
3074 4672 3459 4725 commutatio~

1879 4779 2003 4820 nem
2038 4763 2300 4830 futuram,
2336 4765 2647 4835 signiﬁcat;
2680 4773 2735 4820 et
2767 4766 2880 4818 haec
2902 4764 3118 4819 interim
3149 4763 3455 4833 prophetia,

1878 4861 2005 4923 post
2029 4852 2334 4909 Salvatoris
2359 4854 2535 4908 nostri
2568 4852 2699 4908 Jesu
2734 4852 2943 4908 Christi
2979 4853 3046 4907 ad
3079 4852 3331 4907 homines
3362 4852 3458 4907 ad-

1877 4954 2098 5002 ventum
2122 4946 2528 5002 evidentissime
2548 4947 2815 5016 completa
2844 4952 3202 5001 monstratur.
3222 4944 3290 4998 At
3310 4945 3455 5000 enim

1879 5042 2168 5105 postquam
2200 5035 2468 5090 hactenus
2501 5051 2566 5091 ex
2598 5037 2731 5099 totis
2761 5036 2979 5106 triginta
3009 5034 3340 5105 propheticis
3367 5050 3460 5089 ca-

1884 5127 2110 5198 pitibus,
2146 5127 2338 5192 Deum,
2365 5124 2728 5193 Salvatorem,
2757 5141 2822 5181 ac
2860 5125 3150 5180 Dominum
3185 5133 3456 5189 nostrum,

1884 5217 1980 5273 Dei
2008 5216 2246 5273 Verbum
2275 5233 2399 5274 esse
2439 5217 2773 5284 didicimus;
2803 5215 2871 5270 ad
2908 5215 3138 5269 alterum
3166 5212 3308 5283 ejus,
3339 5228 3460 5283 quae

1882 5309 1950 5364 ad
1984 5308 2252 5365 eumdem
2279 5307 2538 5378 pertinet,
2580 5305 3010 5378 dispensationis
3052 5313 3456 5375 argumentum,

1881 5400 2143 5470 deinceps
2176 5409 2544 5464 transeamus,
2573 5408 2628 5455 et
2672 5401 2818 5453 hunc
2843 5399 3023 5468 ipsum
3058 5395 3228 5453 Deum
3259 5394 3328 5449 ad
3359 5395 3460 5449 bow

1885 5491 2059 5546 mines
2088 5500 2378 5547 venturum
2431 5491 2625 5556 fuisse,
2659 5507 2722 5546 ex
2776 5490 2969 5547 iisdem
2995 5488 3170 5546 sacris
3199 5485 3459 5544 Hebraeo-

1884 5600 2003 5639 rum
2032 5582 2187 5639 libris
2217 5584 2656 5655 comprobemus.

286 5791 303 5821 ⁷
332 5791 554 5847 Malach.
585 5807 664 5857 tv,
694 5790 753 5846 2.
831 5791 850 5822 ⁸
872 5786 1030 5845 Joan.
1056 5803 1178 5854 Hll,
1213 5786 1299 5845 12.
1374 5788 1396 5820 ’
1421 5786 1580 5845 Joan.
1617 5805 1657 5858 ι,
1681 5788 1734 5845 9.

1885 5787 2047 5843 Mich.
2083 5802 2165 5854 tu,
2196 5786 2267 5845 6._
2330 5785 2369 5818 “
2403 5784 2513 5840 Jer.
2540 5800 2651 5854 ενι,
2679 5789 2860 5847 19-21.
