3902 6264
214 324 307 380 «"5

1118 325 1766 385 DEMONSTBATIONIS
1802 330 2255 388 EVANGELICE
2290 333 2415 392 LIB.
2454 334 2542 393 Vl.

3330 342 3434 399 H4

213 438 333 494 Θεοῦ
356 436 603 509 δύναμιν,
628 439 677 493 ot
693 437 825 493 θεῖοι
848 439 1215 512 προηγόρευον
1243 440 1411 509 λόγοι.
1446 443 1509 496 Et
1534 446 1743 513 ,φανεῖει

1861 445 2124 509 universi,
2157 456 2211 501 et
2245 446 2335 502 Dei
2380 447 2641 509 Verbum.
2686 455 2740 503 et
2786 448 2879 504 Dei
2914 449 3189 515 virtutem,
3244 451 3431 508 divina

212 533 293 586 ἐπὶ
317 529 406 583 τοῦ
438 530 700 603 παρόντος
731 531 787 585 αί
821 534 1153 604 προφητικαὶ
1173 533 1488 605 μαρτυρίαι,
1520 535 1655 589 Θεὸν
1680 537 1743 599 εἰς

1859 538 2010 607 prius
2056 539 2401 608 appellabant
2443 541 2683 595 oracula.
2734 540 2791 595 Si
2835 557 2965 612 ergo
3014 543 3117 598 hoc
3162 550 3430 615 tempore,

210 622 512 696 ἀνθρώπους
581 623 862 692 ἀφίξεσθαι
913 624 1174 697 μέλλοντα
1232 628 1719 698 προαναφωνοῦσαι
1739 668 1754 692 ,

210 715 353 770 παντί
375 732 451 785 τῳ
476 715 635 786 δῆλον
665 715 759 767 ἐπὶ
792 717 912 770 τίνα
953 716 1057 790 χρὴ
1088 718 1187 789 τὴν
1231 718 1509 792 ἀναφορὰν
1537 718 1632 772 τοῦ
1662 737 1756 793 ση-

211 808 515 880 μαινομένου
548 808 832 863 ποιεῖσθαι·
866 811 952 863 ὅτε
984 811 1216 882 μάλιστα
1248 812 1337 867 διὰ
1362 812 1470 866 τῶν
1500 812 1752 885 πρόσθεν,

206 901 256 951 ὲν
304 896 591 968 ἀνθρώπου
635 901 814 971 μορφῇ
864 900 957 953 καὶ
1003 903 1260 972 σχήματι,
1294 905 1410 965 τοῖς
1472 903 1613 973 ἀμφὶ
1662 903 1754 957 τὸν

215 989 447 1061 Ἀϐραὰμ
486 989 786 1059 θεοφιλέσιν
818 993 846 1044 ό
884 991 1013 1056 Θεὸς
1033 993 1204 1062 Λόγος
1227 996 1313 1047 ἐπ’
1346 992 1608 1065 ὂνόματος
1636 996 1752 1047 Κυ-

204 1082 305 1152 ρίου
338 1082 429 1134 καὶ
460 1081 598 1135 Θεοῦ
654 1083 860 1154 πέφηνε
889 1083 989 1147 τάς
1040 1085 1121 1147 είς
1146 1084 1466 1156 ἀνθρώπους
1489 1086 1754 1150 ὀπτασίας

203 1174 566 1244 τεποιημένος.
580 1175 714 1247 Φέρε
731 1170 822 1228 οὖν
841 1174 1059 1247 ἴδωμεν,
1075 1177 1222 1241 ὅπως
1245 1178 1372 1232 ποτὲ
1398 1179 1495 1248 μὲν
1526 1178 1749 1250 Κύριον,

202 1264 315 1317 ποτὲ
361 1264 419 1317 δέ
465 1264 599 1317 Θεὸν
662 1264 1067 1337 καταϐήσεσθαι
1126 1267 1206 1331 είς
1253 1267 1601 1338 ἀνθρώπους,
1657 1270 1752 1323 καὶ

202 1357 340 1412 πᾶλιν
369 1356 737 1428 ἀναϐήσεσθαι
765 1358 1011 1428 ἐναργῶς
1055 1356 1198 1412 οὕτω
1261 1362 1643 1431 προαναφωνεῖ
1682 1361 1752 1414 τὰ

200 1448 310 1519 παρ’
336 1447 605 1519 Ἑϐραίοις
635 1448 809 1517 λόγια,
841 1450 933 1502 καλ⁸
958 1449 1057 1514 τάς
1084 1468 1147 1519 γε
1179 1450 1355 1514 αίτίας
1381 1452 1479 1523 τῆς
1503 1451 1747 1506 καθόδου.

199 1535 462 1607 Σημειὼσῃ
495 1537 633 1600 δ’ὡς
651 1537 770 1591 τινὰ
798 1539 894 1607 μὲν
923 1538 1136 1610 εἴρηται
1161 1539 1227 1592 δι’
1255 1542 1608 1612 αἰνιγμάτων,
1630 1543 1751 1597 τινὰ

195 1626 642 1700 δὲφανεριίγτερον.
672 1629 754 1683 Τὰ
789 1630 887 1700 μὲν
919 1626 1011 1684 οῦν
1032 1632 1099 1684 δι’
1134 1632 1481 1704 ἐπικρύψεως
1514 1635 1749 1705 ἡγοῦμαι

197 1720 286 1773 τῶν
324 1722 386 1774 ἐκ
425 1722 727 1793 περιτομῆς
766 1722 925 1776 ἕνεκα
952 1723 1377 1795 κεκαλυμμένως
1398 1726 1747 1781 ἀποδεδόσθαι

1818 631 2174 701 ‘prophetica
2229 630 2396 687 etiam
2464 632 2776 688 testimonia
2832 632 3000 689 Deum
3059 635 3128 690 ad
3181 636 3432 694 homines

1856 720 2028 777 fuisse
2069 731 2386 788 venturum,
2435 724 2755 793 praedixisse
2806 726 3212 784 ostenderimus
3254 746 3268 784 :
3314 738 3432 784 tum

1856 811 2151 882 unicuique
2171 812 2390 883 planum
2427 814 2612 877 luerit,
2644 816 2710 870 ad
2736 832 2894 885 quem
2924 818 3128 873 referre
3156 827 3427 888 oporteat,

1854 901 1907 956 id
1924 901 2067 971 quod
2082 900 2527 972 signiﬁcavimus.
2544 919 2667 958 cum
2687 919 2784 973 per
2798 918 2861 958 ea
2876 904 3111 959 maxime
3130 919 3251 974 quae
3269 911 3429 960 antea

1853 993 1998 1048 dicta
2019 1001 2169 1058 sunt,
2196 993 2713 1060 demonstravimus,
2739 992 2907 1048 Deum
2943 992 3200 1058 Verbum,
3231 992 3426 1049 habitu

1853 1082 2074 1153 quidem
2109 1082 2392 1152 formaque
2422 1082 2680 1146 hominis,
2717 1083 2937 1137 nomine
2967 1098 3095 1137 vero
3124 1082 3336 1138 Domini
3361 1098 3428 1139 ac

1854 1173 1969 1238 Dei,
1994 1180 2049 1230 et
2078 1174 2182 1245 ipsi
2209 1174 2465 1239 Abrahae,
2504 1182 2557 1229 et
2586 1174 2799 1229 caeteris
2820 1173 2914 1229 Dei
2940 1174 3132 1229 amicis
3160 1175 3311 1242 viris,
3334 1173 3426 1237 qui

1850 1266 2083 1321 Abrahae
2123 1274 2446 1337 tempestate
2485 1265 2793 1333 ﬂoruerint,
2838 1266 3076 1335 seipsum
3131 1264 3424 1320 videndum

1850 1360 2165 1429 praebuisse.
2197 1358 2319 1415 Jam
2364 1373 2514 1413 nunc
2552 1357 2719 1429 igitur
2759 1366 2969 1427 tempus
2998 1364 3084 1411 est
3133 1362 3193 1409 ut
3236 1355 3424 1411 videa-

1850 1469 1973 1509 mus
2002 1468 2110 1525 qua
2152 1453 2385 1517 ratione,
2424 1467 2569 1507 nunc
2607 1450 2917 1513 Dominum,
2956 1465 3104 1504 nunc
3151 1447 3322 1503 Deum
3356 1448 3425 1502 ad

1850 1543 2099 1600 homines
2132 1542 2543 1606 descensurum,
2578 1552 2631 1598 et
2665 1556 2860 1596 rursus
2898 1554 3279 1605 ascensurum,
3314 1549 3424 1593 tam

1849 1636 2128 1693 evidenter
2180 1636 2529 1691 llebmurum
2584 1635 2806 1689 oracula
2859 1636 3013 1707 prius
3064 1633 3426 1688 denuntiave-

1848 1728 1978 1792 rint,
2018 1737 2071 1783 et
2098 1743 2343 1797 quaenam
2375 1725 2606 1795 hujusce
2631 1725 2929 1781 descensus
2957 1739 3138 1779 causa:
3167 1721 3371 1778 fuerint
3404 1737 3418 1774 :

193 1813 267 1866 διὰ
320 1814 387 1868 τὰ
440 1812 810 1885 θεσπιξόμενα
865 1819 985 1870 κατ’
1048 1817 1226 1870 αὐτῶν
1285 1819 1623 1891 σκυθρωπάο
1675 1820 1742 1873 δι’

1845 1822 2061 1876 tametsi
2090 1820 2223 1875 illud
2256 1819 2356 1875 tibi
2380 1812 2677 1875 notandum
2708 1825 2814 1883 est,
2848 1817 2954 1871 alia
2977 1816 3196 1887 quidem
3226 1815 3425 1871 obscu-

194 1905 315 1978 ἥπερ
338 1907 484 1971 είκὸς
515 1902 586 1979 ἦν
614 1908 706 1961 καὶ
755 1907 1011 1976 ἀφανίσαι
1058 1908 1252 1972 αὐτοὺς
1294 1910 1392 1981 τὴν
1426 1910 1666 1982 Γραφὴν,
1696 1913 1744 1964 εί

192 2001 247 2052 ἐκ
286 1998 373 2051 τοῦ
430 1998 748 2070 προφανοῦς
790 1999 887 2070 τὴν
946 1999 1181 2070 ἐσχάτην
1246 2000 1424 2054 αὐτῶν
1474 2001 1746 2073 ἀποϐολὴν

194 2091 482 2160 ἐσήμαινεν.
528 2090 686 2144 Οῦτω
723 2090 853 2160 γοῦν
908 2092 1003 2145 καλ⁸
1057 2094 1169 2155 τοῖς
1207 2093 1513 2163 προφήταις
1563 2094 1745 2157 αὐτοῖς

193 2181 552 2236 ἐπιϐουλεῦσαι
571 2183 767 2246 αὐτοὺς
797 2182 1016 2253 κατέχει
1062 2182 1238 2251 λόγος,
1255 2184 1321 2237 δι’
1349 2183 1443 2247 οὓς
1471 2183 1747 2238 ἐποιοῦντο

191 2274 291 2327 κατ’
314 2274 495 2327 αὐτῶν
527 2274 801 2344 ἐλέγχους.
830 2276 897 2328 At
936 2275 994 2327 δὲ
1054 2277 1243 2344 σαφεῖς
1291 2280 1612 2347 προφητεῖαι
1648 2277 1745 2346 τὴν

190 2366 281 2420 τῶν
323 2366 498 2420 ἐθνῶν
554 2367 744 2437 κλῆσιν
786 2367 1087 2421 λευκότατα
1118 2369 1448 2439 περιέχουσι,
1472 2369 1580 2421 τῶν
1619 2372 1739 2423 κατ’

189 2455 443 2510 εὐσέϐειαν
499 2457 719 2526 ἀγαθῶν
768 2457 865 2522 τὰς
892 2459 1222 2528 ἐπαγγελίας
1260 2460 1320 2513 οὐ
1350 2460 1427 2530 τῷ
1478 2461 1743 2515 Ἰουδαίων

188 2546 330 2609 ἔθνει,
357 2549 498 2600 πᾶσι
544 2548 601 2601 δὲ
638 2547 944 2620 ἀνθρώποις
984 2552 1095 2613 τοῖς
1122 2549 1244 2603 καθ’
1282 2550 1411 2618 ὅλης
1436 2551 1533 2621 τῆς
1566 2553 1744 2604 οἰκου-

192 2637 337 2711 μένης
397 2640 888 2710 καταγγέλλουσαι.
922 2634 1019 2693 ’Ὧν
1050 2640 1222 2705 οὕτως
1277 2642 1528 2712 ἐχόντων,
1554 2643 1744 2715 καιρὸς

189 2729 271 2799 ἠδη
303 2732 392 2785 καὶ
418 2732 531 2786 τῶν
569 2731 725 2785 θείων
753 2731 1054 2785 ἐπακοῦσαι
1084 2732 1303 2802 λογίων.

1848 1914 1986 1978 rius,
2021 1913 2127 1967 alia
2171 1920 2351 1968 autem
2378 1911 2619 1982 apertius
2652 1911 2796 1964 dicta
2838 1910 3091 1964 inveniri.
3118 1908 3296 1978 Atque
3322 1922 3422 1978 ego

1848 2005 2065 2075 quidem
2093 2005 2349 2071 arbitror,
2380 2003 2681 2058 occultiora
2712 2002 2804 2056 illa
2832 2009 3053 2072 propter
3075 1998 3313 2063 Iudaeos,
3346 1999 3423 2053 ita

1848 2098 2088 2153 involute
2121 2104 2286 2167 atque
2331 2094 2596 2166 implicite
2632 2094 2843 2149 reddita
2876 2107 3021 2155 esse,
3052 2090 3197 2162 quod
3229 2088 3424 2144 videli-

1846 2198 1935 2245 cet
1954 2189 2131 2245 tristia
2153 2187 2399 2260 quaedam
2428 2188 2484 2242 in
2517 2187 2626 2242 illis
2654 2192 2845 2241 contra
2883 2184 3035 2255 ipsos
3066 2190 3421 2245 canerentur,

1846 2284 1917 2337 ob
1948 2297 2070 2352 qua:
2098 2280 2397 2336 verisimile
2429 2278 2553 2346 fuit,
2576 2281 2728 2348 ipsos
2751 2277 3052 2332 abolituros
3083 2275 3423 2346 perdituros-

1844 2387 1951 2443 que
1973 2370 2144 2427 fuisse
2164 2370 2525 2441 Scripturam,
2556 2369 2604 2425 si
2631 2374 2817 2439 aperte
2837 2378 3141 2422 extremum
3173 2366 3418 2436 ipsorum

1843 2462 2125 2517 interitum
2173 2462 2561 2533 signiﬁcasset.
2611 2457 2703 2514 Sic
2757 2474 2890 2513 sane
2926 2458 3091 2513 etiam
3135 2455 3419 2527 prophetis

1844 2555 2074 2611 infestos
2115 2554 2304 2621 fuisse,
2350 2553 2627 2609 memoriae
2669 2551 2946 2622 proditum
2981 2555 3086 2614 est,
3130 2555 3419 2619 propterea

1843 2646 1989 2715 quod
2017 2647 2088 2701 ab
2126 2647 2237 2701 illis
2271 2644 2824 2716 reprehenderentur.
2849 2642 2982 2709 Qua:
3011 2655 3141 2695 vero
3170 2638 3416 2709 apertius

1843 2736 2143 2806 loquuntur
2171 2734 2492 2806 pr0phetiae,
2517 2733 2586 2787 ab
2611 2732 2680 2787 iis
2696 2731 2886 2800 utique
2910 2728 3151 2799 gentium
3179 2726 3416 2791 vocatio,

187 2823 332 2878 nullis
361 2824 608 2878 involuta
658 2824 1107 2899 obscuritatibus,
1142 2826 1452 2880 continetur
1479 2825 1524 2880 ἐ
1570 2825 1881 2897 eaedemque
1936 2829 2205 2883 bonorum
2238 2842 2359 2898 qua:
2400 2840 2428 2879 a
2459 2825 2660 2895 pietate
2708 2820 3132 2893 proﬁciscuntur
3183 2816 3419 2887 promis—

188 2916 370 2984 siones,
410 2932 527 2971 non
577 2917 672 2970 uni
713 2915 955 2971 Judaicar
998 2916 1166 2987 genti,
1223 2918 1317 2972 sed
1367 2918 1626 2974 omnibus
1668 2934 1765 2989 per
1826 2928 1998 2976 totum
2048 2928 2326 2975 terrarum
2391 2918 2580 2974 orbem
2638 2915 2990 2980 hominibus,
3047 2910 3416 2966 denuntiant:

187 3027 291 3081 quae
340 3028 469 3066 cum
516 3011 600 3067 sic
645 3027 704 3067 se
738 3026 831 3066 res
885 3010 1141 3078 habeant,
1187 3010 1300 3081 jam
1346 3028 1493 3067 nunc
1521 3013 1743 3068 oracula
1775 3022 1995 3086 qquue
2011 3013 2196 3071 divina
2222 3012 2435 3077 audire,
2464 3019 2681 3082 tempus
2709 3008 2892 3063 fuerit.

703 3127 1099 3180 ΚΕΦΑΛΑΙΟΝ
1138 3129 1220 3183 A’.

193 3218 422 3288 Ψαλμοῦ
444 3219 534 3283 ιζ’.
555 3247 627 3259 -—
650 3219 794 3291 Θεοῦ
815 3222 901 3285 εἰς
916 3220 1263 3291 ἀνθρώπους
1287 3222 1546 3290 ἀφίξεως
1559 3223 1744 3291 δήλω-

410 3302 535 3354 σις,
568 3290 665 3342 καὶ
689 3290 787 3342 ἐπὶ
829 3291 1010 3359 ταύτῃ
1039 3289 1258 3358 κλῆσις
1284 3289 1492 3346 ἐθνῶν.

249 3397 268 3430 ι
303 3381 417 3433 Καὶ
449 3378 660 3433 ἔκλινεν
707 3381 991 3450 οὐρανοὺς,
1032 3380 1126 3433 καὶ
1170 3382 1398 3452 κατέϐη,
1421 3385 1513 3437 καὶ¹
1540 3385 1743 3456 γνόφος

187 3472 276 3525 ὑπὸ
299 3474 427 3537 τοὺς
452 3474 617 3537 πόδας
651 3472 815 3527 αὑτοῦ
836 3490 849 3503 ·
881 3473 976 3527 καὶ
1002 3473 1173 3545 ἐπέϐη
1204 3476 1297 3528 ἐπὶ
1330 3478 1614 3548 χερουϐὶμ,
1649 3480 1744 3532 καὶ

188 3566 478 3637 ἐπετάσθη·
542 3567 816 3638 ὲπετάσθη
871 3568 963 3620 ἐπὶ
1012 3566 1299 3638 πτερύγων
1346 3570 1596 3641 ἀνέμων·
1649 3571 1743 3624 καὶ

188 3656 317 3711 ἔθετο
369 3658 561 3722 σκότος
612 3659 935 3729 ἀποκρυφὴν
989 3659 1190 3725 αὑτοῦ,
1242 3661 1425 3732 κύκλῳ
1484 3660 1650 3715 αὐτοῦ
1707 3663 1740 3732 ἡ

189 3748 340 3820 σκηνὴ
370 3749 556 3803 αὐτοῦέ
598 3768 617 3799 ι
660 3748 925 3821 Ἠγοῦμαι
958 3751 1049 3806 διὰ
1092 3754 1296 3808 τούτων
1334 3755 1589 3825 ἄντικρυς
1609 3752 1741 3806 Θεοῦ

187 3840 392 3895 κάθοδον
422 3842 715 3913 οὐρανόθεν
744 3845 1128 3915 παρίστασθαι.
1163 3846 1448 3919 Προειπὼν
1472 3847 1580 3919 γὰρ
1612 3846 1743 3901 πολ-

187 3928 269 3995 λὰς
292 3932 589 4001 θεολογίας,
631 3933 875 4001 ἐπιλέγει
911 3935 980 3989 τὰ
1020 3937 1331 4008 ἐκκείμενα.
1355 3937 1444 4008 Τῷ
1471 3938 1529 3992 δὲ
1565 3937 1742 4006 λέγειν

189 4020 367 4075 κλίνειν
387 4022 549 4076 αὐτὸν
576 4024 857 4095 οὐρανοὺς,
887 4025 980 4078 καὶ
1022 4024 1457 4096 κατεληλυθέναι,
1488 4026 1743 4096 σημαίνει

188 4111 269 4184 τὴν
288 4115 586 4187 ὑποστολὴν
612 4118 711 4187 τῆς
725 4115 910 4169 ἐνθέου
943 4116 1122 4187 δόξης,
1155 4118 1221 4188 ἢν
1251 4119 1280 4171 ὁ
1305 4118 1445 4182 θεῖος
1479 4118 1738 4172 Ἀπόστο-

188 4204 264 4271 λος
283 4210 549 4280 παριστὰς
575 4208 785 4278 έλεγεψ
821 4229 840 4261 ι
875 4212 969 4273 ὐς
987 4213 1046 4263 ὲν
1079 4212 1261 4281 μορφῇ
1292 4209 1426 4263 Θεοῦ
1456 4210 1736 4282 ὑπάρχων,

189 4300 270 4370 οὐχ
302 4301 591 4372 ἁρπαγμὸν
646 4303 890 4373 ἡγήσατο
939 4302 999 4355 τὸ
1028 4297 1165 4355 εἶναι
1194 4302 1284 4357 ἶσα
1312 4302 1451 4373 Θεῷ,
1486 4302 1600 4357 ἀλλ’
1634 4303 1737 4355 αύ-

188 4389 265 4443 τὸν
280 4392 529 4457 ὲκένωσε,
556 4392 768 4464 μορφὴν
788 4392 970 4446 δούλου
998 4392 1197 4447 λαϐὼν.
1225 4413 1243 4444 ι
1270 4393 1377 4446 Καὶ
1390 4393 1469 4456 τὸ,
1494 4412 1513 4444 ι
1535 4393 1736 4464 Ἐπέϐη

2365 3129 2530 3201 253
2557 3126 2784 3185 CAPUT
2818 3125 2862 3181 ι.

1845 3227 1886 3280 Α
1918 3226 2124 3297 psalmo
2165 3240 2297 3280 xvn.
2321 3253 2397 3297 -Α
2416 3222 2515 3276 Dei
2537 3220 2606 3274 ad
2631 3219 2862 3297 homines
2885 3217 3145 3297 adcentus
3176 3215 3414 3270 ostendi-

2246 3305 2354 3354 tur,
2380 3294 2504 3346 item
2528 3291 2729 3345 vacatio
2755 3289 3009 3359 gentium.

1918 3403 1938 3437 ι
1968 3386 2034 3440 Et
2070 3387 2354 3441 inclinavit
2377 3385 2549 3439 cmlos
2575 3392 2630 3438 et
2672 3378 2979 3443 descendit,
3013 3387 3066 3433 et
3103 3377 3279 3447 caligo
3312 3374 3416 3430 sub

1843 3478 2072 3549 pedibus
2100 3478 2220 3547 ejus
2244 3496 2257 3532 :
2290 3485 2344 3531 et
2372 3475 2621 3530 ascendit
2652 3488 2816 3542 super
2845 3470 3152 3534 cherubim,
3186 3475 3240 3523 et
3265 3468 3413 3522 vola-

1842 3571 1921 3624 vit
1951 3586 1965 3621 :
2003 3571 2205 3624 volavit
2230 3583 2394 3637 super
2425 3581 2632 3636 pennas
2669 3572 2957 3619 ventorum
2991 3580 3006 3616 :
3041 3570 3095 3615 et
3113 3558 3297 3629 posuit
3325 3564 3412 3611 te-

1844 3664 2040 3718 nebras
2067 3662 2348 3715 latibulum
2379 3674 2561 3720 suum,
2597 3657 2651 3710 in
2677 3655 2909 3710 circuitu
2937 3652 3057 3721 ejus
3083 3650 3413 3705 tabernacu-

1845 3757 1955 3810 lum
1984 3754 2105 3825 ejus
2125 3755 2187 3807 ¹².
2233 3772 2251 3803 ι
2301 3751 2552 3805 Arbitror
2599 3764 2666 3803 ex
2707 3747 2795 3801 his
2835 3743 3154 3816 planissime
3195 3740 3290 3795 Dei
3345 3739 3413 3794 de

1844 3847 1983 3900 coelo
2028 3845 2353 3899 descensum
2379 3838 2594 3895 ostendi
2628 3853 2643 3889 :
2688 3844 2978 3907 postquam
3007 3832 3152 3888 enim
3212 3828 3412 3883 multas

1844 3939 2146 4006 theologias
2198 3932 2526 3999 enuntiavit,
2565 3941 2680 3985 tum
2720 3944 2784 3985 ea
2833 3942 2956 3999 quae
2999 3923 3248 3991 exposita
3283 3928 3408 3976 sunt

1840 4030 2107 4100 adjungit.
2140 4026 2315 4081 Porro
2353 4027 2483 4080 dum
2526 4022 2661 4078 dicit
2696 4020 2992 4076 inclinasse
3025 4016 3178 4070 illum
3216 4013 3409 4074 cmlos,

1841 4130 1894 4175 et
1918 4121 1998 4174 sic
2022 4117 2397 4178 descendisse,
2436 4114 2865 4170 contractionem
2905 4107 3101 4163 divinae
3123 4103 3307 4175 gloria:
3336 4104 3411 4158 si-

1839 4213 2080 4283 gniﬁcat,
2095 4226 2256 4280 quam
2285 4209 2504 4263 divinus
2518 4205 2811 4277 Apostolus
2827 4202 3114 4258 declarans
3133 4196 3238 4251 ait:
3264 4215 3281 4246 ι
3307 4192 3410 4260 Qui

1840 4320 1964 4358 cum
1993 4304 2048 4358 in
2075 4304 2247 4358 forma
2276 4301 2370 4356 Dei
2387 4309 2555 4364 esset,
2579 4313 2687 4353 non
2717 4297 2963 4365 rapinam
3003 4291 3299 4346 arbitratus
3327 4293 3411 4340 est

1839 4411 1963 4450 esse
1993 4410 2052 4449 se
2075 4395 2337 4464 aequalem
2370 4392 2483 4447 Deo
2514 4406 2527 4443 :
2555 4390 2647 4445 sed
2681 4388 2920 4456 seipsum
2945 4379 3264 4441 exinanivit,
3300 4375 3409 4429 for-

187 4482 336 4537 δὲέπὶ
353 4485 632 4556 χερουϐὶμ,
654 4485 747 4538 καὶ
769 4485 1062 4557 ἐπετάσθη,
1092 4505 1109 4537 ›
1128 4484 1456 4539 αἰνίττεσθαί
1485 4502 1575 4555 μοι
1595 4484 1742 4538 δοκεῖ

1846 4504 1988 4543 mam
2025 4490 2167 4543 servi
2208 4484 2563 4557 accipiens“.
2596 4502 2614 4533 ι
2649 4479 2783 4533 lllud
2824 4483 3002 4530 autem
3035 4512 3050 4536 ,
3094 4491 3113 4522 ι
3150 4467 3409 4557 Ascendit

189 4574 273 4645 τὴν
294 4577 380 4630 ἐπὶ
407 4576 501 4630 τοῦ
528 4576 664 4629 Θεοῦ
686 4576 838 4642 δόξαν
867 4563 1330 4641 ἀποκατάστασιν,
1355 4578 1421 4649 ἥν
1444 4576 1737 4648 πεποίηται

1846 4594 2011 4648 super
2030 4555 2340 4639 cherubim,
2368 4581 2424 4628 et
2451 4571 2676 4632 volavit,
2712 4588 2729 4620 ι
2766 4564 3075 4635 signiﬁcare
3094 4558 3225 4613 mihi
3258 4555 3409 4649 vide-

190 4668 484 4734 ὰγγελικαῖς
541 4669 634 4723 καὶ
689 4668 860 4732 θείαις
915 4668 1174 4740 δυνάμεσι
1235 4666 1732 4740 δορυφορούμενος*

190 4755 215 4807 ὃ
242 4759 325 4811 καὶ
371 4759 503 4812 αὐτὸ
533 4757 821 4830 δηλοῦσθαί
851 4776 940 4830 μοι
969 4759 1113 4813 δοκεῖ
1133 4759 1217 4813 διὰ
1246 4758 1365 4812 τοῦ·
1386 4777 1405 4810 ι
1430 4759 1731 4829 Ἐπτάσθη

191 4846 268 4899 ἐπὶ
293 4850 573 4922 πτερύγων
613 4851 849 4922 ἀνέμων.
880 4869 899 4902 ι
936 4850 1010 4904 Τὸ
1043 4850 1099 4903 δὲ
1126 4851 1315 4914 σκότος
1340 4849 1614 4904 τεθεῖσθαι
1632 4850 1732 4922 τὴν

192 4937 489 5013 ἀποκρυφὴν
518 4940 708 5003 αὑτοῦ,
746 4942 841 4994 καὶ
863 4941 1060 5011 γνόφον
1090 4942 1193 4994 ὑπὸ
1221 4942 1346 5004 τοὺς
1384 4940 1548 5005 πόδας
1572 4940 1738 4995 αὑτοῦ

193 5028 439 5097 λέγεσθαι,
493 5032 901 5104 παραστατικὸν
946 5031 1012 5086 ἂν
1071 5033 1158 5104 εἴη
1196 5032 1297 5104 τῆς
1353 5032 1586 5103 κρυφίου
1644 5032 1739 5087 καὶ

195 5123 477 5196 ἀπορρήτου
530 5125 863 5195 οἰκονομίας,
905 5125 1023 5178 καθ’
1057 5127 1123 5197 ἢν
1161 5126 1334 5179 ταῦτα
1376 5127 1553 5180 πάντα
1588 5125 1738 5196 αὐτῷ

194 5213 413 5268 ἐτελεῖτο.
460 5234 479 5265 ι
517 5214 717 5285 Κύκλῳ
766 5216 823 5268 δὲ
846 5215 1010 5269 αὐτοῦ
1044 5219 1077 5287 ἡ
1134 5216 1305 5288 σκηνὴ
1339 5216 1528 5282 αὑτοῦ,
1564 5237 1584 5270 ι
1615 5218 1736 5272 τίνα

193 5301 414 5372 λέγεσθαι
470 5309 740 5379 προσήκει
776 5307 1005 5377 νοεῖν,ἢ
1058 5307 1157 5376 τὴν
1202 5306 1365 5374 ἁγίαν
1422 5306 1586 5360 αὐτοῦ
1645 5309 1737 5361 καὶ

192 5397 454 5471 καθολικὴν
485 5398 832 5470 Ἐκκλησίαν,
862 5399 971 5451 εῐτε
993 5397 1092 5470 τὴν
1124 5398 1215 5451 ἐπὶ
1230 5399 1326 5468 τῆς
1343 5399 1467 5468 γῆς,
1500 5399 1608 5453 εἴτε
1640 5398 1739 5470 τὴν

191 5487 238 5540 ἐν
259 5492 518 5564 οὐρανοῖς;
564 5493 725 5563 Ἑξῆς
754 5491 811 5545 δὲ
840 5491 982 5546 κατὰ
1008 5492 1097 5544 τὸν
1128 5492 1287 5545 αὐτὸν
1315 5492 1525 5564 ψαλμὸν
1560 5493 1740 5546 τελευ-

190 5582 278 5636 τῶν
297 5588 323 5637 ὁ
338 5586 508 5655 λόγος,
529 5586 669 5658 ὁμοῦ
696 5584 1025 5657 παραίτησιν
1047 5584 1141 5638 τοῦ
1169 5586 1433 5657 προτέρου
1468 5586 1617 5651 λαοῦ,
1649 5588 1738 5639 καὶ

249 5758 283 5791 ⁸³
312 5761 446 5820 l’sal.
477 5780 607 5832 xvu,
648 5761 836 5818 10-12.
920 5762 961 5793 ⁸³
1000 5761 1228 5827 Philipp.
1261 5776 1320 5823 ιι.
1350 5760 1403 5816 6.

1842 4646 1953 4731 tur,
1984 4669 2125 4740 quod
2167 4668 2353 4738 gloria:
2392 4664 2486 4719 Dei
2514 4668 2663 4716 esset
2705 4652 3098 4715 restituendus,
3141 4655 3306 4740 atque
3336 4646 3419 4700 in—

1842 4739 2011 4818 terim
2056 4759 2318 4831 angelicis
2370 4754 2681 4823 divinisque
2724 4748 2897 4818 copiis
2951 4739 3342 4831 constipandus
3372 4751 3407 4831 γε

1839 4852 1984 4923 quod
2024 4829 2151 4906 item
2190 4849 2323 4903 mihi
2363 4846 2642 4901 declarare
2669 4839 2801 4895 illud
2838 4837 3053 4892 videtur
3091 4852 3105 4888 :
3139 4852 3157 4882 ι
3198 4829 3408 4885 Volavit

1838 4961 2004 5015 super
2030 4958 2237 5015 pennas
2265 4948 2571 4995 ventorum.
2605 4956 2624 4987 ι
2654 4933 2811 5001 Quod
2834 4938 3013 4986 autem
3048 4925 3303 4981 tenebras
3333 4923 3407 4974 la-

1835 5038 2068 5091 tibulum
2114 5048 2276 5090 suum
2304 5030 2571 5101 posuerit,
2602 5038 2655 5082 et
2708 5025 2994 5096 caliginem
3039 5020 3142 5077 sub
3179 5015 3409 5088 pedibus

1835 5127 1956 5196 ejus
1988 5124 2205 5188 dixerit,
2229 5121 2488 5176 nimirum
2519 5119 2625 5171 hoc
2661 5118 2749 5179 sit,
2793 5112 3060 5168 occultam
3086 5115 3141 5161 et
3169 5103 3415 5161 ineffabi-

1837 5222 1942 5275 lem
1981 5214 2447 5288 dispensationem
2493 5207 2810 5270 indicantis,
2868 5200 3170 5260 secundum
3218 5211 3407 5267 quam,

1842 5312 2095 5367 universa
2143 5309 2258 5364 haac
2287 5307 2357 5361 ah
2390 5308 2512 5376 ipso
2558 5300 2796 5374 perfecta
2823 5303 2951 5352 sunt
2985 5310 2997 5344 :
3031 5290 3176 5361 quod
3228 5296 3408 5342 autem

1846 5422 1865 5455 ι
1902 5403 1963 5457 In
1992 5401 2222 5457 circuitu
2278 5398 2398 5468 ejus
2429 5392 2839 5452 tabernaculum
2872 5387 2992 5457 ejus
3025 5404 3043 5437 ι
3078 5383 3282 5437 dictum
3316 5379 3408 5442 sit,

1838 5495 1973 5550 nihil
2018 5508 2119 5563 ego
2167 5492 2315 5547 aliud
2366 5489 2592 5559 intelligi
2632 5490 2888 5555 oportere
2935 5478 3193 5539 arbitror,
3244 5487 3407 5542 quam

1841 5590 2085 5640 sanctam
2132 5582 2306 5653 ipsius
2336 5588 2390 5636 et
2423 5578 2750 5635 catholicam
2781 5571 3108 5634 Ecclesiam,
3142 5566 3257 5623 sive
3289 5580 3408 5618 eam
