3902 6264
442 324 547 379 ιιε

1081 313 1346 373 EUSEBlI
1370 308 1848 369 CESARIENSIS
1885 306 2037 363 OPP.
2078 305 2257 362 PARS
2288 304 2352 360 11.
2390 335 2463 347 -
2493 300 2990 359 APOLOGETICA.

3589 301 3695 356 M6

443 461 565 517 quae
591 445 647 500 in
669 444 854 509 terris,
888 440 1003 499 sive
1038 454 1158 492 eam
1192 451 1314 508 quae
1344 437 1399 491 in
1430 436 1572 491 cmlo
1595 441 1849 490 versatur
1881 430 2028 485 acci-

2146 429 2223 500 τὴν
2282 428 2475 499 κλῆσιν
2516 426 2625 479 τῶν
2671 423 2840 481 ἐθνῶν
2891 420 3264 495 προθεσπίζει,
3303 419 3373 474 δι’
3416 414 3495 474 ῶν
3532 439 3692 493 φησιο

447 540 585 608 pias.
619 535 885 604 Deinceps
904 547 1032 588 vero
1058 531 1113 585 in
1143 530 1335 585 eodem
1366 524 1889 599 psalmO'ubi-oratio
1918 532 2024 578 ter-

447 633 709 696 minatur,
731 629 891 684 simul
922 634 977 682 et
1001 624 1345 694 rejectionem
1375 620 1574 692 prioris
1603 618 1808 690 populi,
1840 623 1896 672 et
1929 631 2024 670 vo-

447 724 717 778 cationem
747 720 988 793 gentium
1019 716 1364 788 prmdivinat,
1380 713 1464 768 his
1487 711 1711 767 verbis:
1754 727 1773 760 ι
1810 706 2025 777 Eripies

450 832 537 872 me
565 817 633 872 de
675 811 1203 871 contradictionibus
1252 806 1461 879 pepuli,
1498 803 1804 860 constitues
1848 798 2023 854 me'in

450 919 617 985 caput
643 909 908 983 gentium.
940 904 1181 974 Populus
1221 916 1382 972 quem
1406 913 1515 953 non
1539 893 1770 967 cognovi
1801 889 2026 985 servivit

453 978 609 1069 mihi,
648 978 712 1059 in
768 999 958 1054 auditu
1012 996 1163 1051 auris
1205 991 1448 1049 obcdivit
1494 988 1628 1044 mihi
1667 1003 1680 1037 :
1724 984 1821 1039 ιιιιι
1861 978 2025 1037 alieni

453 1100 667 1158 mentiti
719 1108 849 1154 sunt
892 1092 1049 1159 mihi,

2132 542 2151 574 ι
2195 520 2360 591 Ῥύσῃ
2382 536 2448 592 με
2471 517 2531 584 ἐξ
2549 515 2863 586 ἀντιλογιῶν
2882 514 3035 581 λαοῦ,
3052 513 3416 584 καταστήσεις
3438 515 3596 583 μεείς
3609 530 3701 566 κε-

2126 612 2301 684 φαλὰς
2328 608 2517 664 ἐθνῶν.
2548 609 2688 672 Δαὸς
2718 607 2778 662 ὃν
2811 607 2910 660 οὐκ
2936 605 3106 674 ἔγνων
3136 602 3412 658 ἐδούλευσέ
3445 619 3558 674 μοι,
3592 603 3699 657 υίοὶ

2126 703 2393 775 ἀλλότριοι
2424 698 2721 765 ἐψεύσαντό
2767 716 2879 769 μοι,
2912 697 3018 751 υἱοὶ
3052 695 3320 768 ἀλλότριοι
3354 693 3701 766 ἐπαλαιώθη-

2129 813 2248 862 σαν,
2281 793 2373 848 καὶ
2398 790 2669 863 ὲχώλαναν
2708 790 2815 844 ἀπὸ
2839 789 2946 843 τῶν
2978 787 3179 858 τρίϐων
3206 785 3410 841 αὐτῶν.
3454 803 3475 838 ι
3512 784 3702 839 Ταῦτα

2127 885 2185 940 δέ
2211 883 2399 947 ὁποίας
2422 882 2661 946 διανοίας
2693 880 2896 953 ἔχεται,
2914 878 3057 934 κατὰ
3083 878 3173 932 τὸν
3201 878 3553 950 προσήκοντα
3589 894 3705 931 και-

2132 972 2226 1048 ρὸν
2250 972 2692 1044 ἐξετασθήσεται.

1096 1090 1192 1145 ﬁlii
1240 1087 1401 1143 alieni
1450 1082 1737 1140 inveterati
1771 1088 1920 1143 sunt,
1970 1083 2025 1132 et
2053 1071 2497 1128 claudicaverunt
2524 1083 2555 1122 a
2585 1067 2795 1124 semitis
2854 1064 2971 1122 suis
2996 1065 3059 1118 ιδ.
3101 1083 3122 1118 ι
3174 1061 3302 1119 Haec
3322 1071 3505 1119 autem
3562 1076 3703 1133 quo-

454 1212 582 1253 nam
639 1208 805 1252 sensu
832 1192 1147 1261 accipienda
1184 1188 1314 1251 sint,
1344 1198 1446 1239 suo
1475 1191 1719 1251 tempore
1744 1172 2128 1247 inquirendum
2166 1184 2196 1223 a
2218 1166 2378 1222 nobis
2406 1165 2531 1221 erit.

970 1302 1136 1374 259
1172 1297 1399 1356 CAPUT
1440 1294 1507 1353 ιι.

459 1424 503 1479 Α
536 1422 741 1491 psalmo
764 1434 908 1491 ῃγι.
940 1446 1011 1458 —
1037 1416 1299 1491 Ascensus
1326 1411 1423 1467 Dei
1452 1411 1541 1481 qui
1567 1410 1716 1480 prius
1746 1404 2027 1491 descendef

531 1481 615 1546 rat
641 1507 660 1545 :
687 1508 749 1545 ac
770 1488 1025 1556 deinceps
1043 1485 1247 1539 vacatio
1287 1491 1597 1556 cunctarum
1625 1481 1881 1550 gentium,
1912 1490 2029 1547 quae

533 1574 692 1614 unum
714 1571 763 1615 et
794 1552 965 1614 solum
998 1555 1164 1614 Deum
1200 1563 1352 1608 erant
1382 1552 1692 1622 cognitum.
1796 1564 1799 1565 '

536 1671 555 1706 ι
589 1655 788 1708 Omnes
812 1658 1023 1723 gentes,
1072 1647 1313 1719 plaudite
1343 1644 1621 1707 manibus,
1653 1641 1884 1712 jubilate
1919 1637 2030 1692 Deo

459 1744 511 1800 ir
551 1758 685 1798 voce
709 1740 1110 1805 exsultationis,
1143 1737 1399 1809 quoniam
1414 1733 1678 1788 Dominus
1704 1730 2026 1792 altissimus,

2669 1278 3063 1332 ΚΕΦΑΛΑΙΟΝ
3099 1277 3176 1331 Β.

2137 1410 2387 1481 Ψαλμοῦ
2418 1418 2533 1534 μςδ.
2565 1441 2637 1452 --
2667 1408 2977 1488 Ἀνάϐασες
3006 1406 3155 1493 Θεοῦ
3186 1404 3711 1497 προκατελῃλυθό-

2206 1500 2326 1534 τοο.
2344 1500 2420 1534 κα
2462 1481 2783 1534 ἐπίκλησις
2810 1481 2998 1533 ἐθνων
3018 1479 3319 1534 ἀπαντων.
3345 1492 3453 1529 τον
3474 1491 3586 1528 ενα
3610 1473 3710 1527 καί

2206 1473 2326 1547 τοὶ,
2344 1473 2443 1535 καὶ
2462 1473 2783 1547 ἐπίκλησις
2810 1473 2998 1533 ἐθνῶν
3018 1473 3319 1542 ἁπάντων,
3345 1476 3453 1529 τὸν
3474 1473 3586 1528 ἕνα
3610 1473 3710 1527 καί

2204 1553 2394 1622 μόνον
2418 1553 2564 1607 Θεὸν
2595 1548 3107 1620 ἐπιγνωσθμένων.

2210 1662 2227 1695 ι
2258 1643 2441 1698 Πάντα
2467 1642 2539 1696 τὰ
2561 1642 2686 1713 ἐθνη
2718 1642 3020 1715 κροτήσατε
3049 1642 3235 1712 χεῖρας
3256 1677 3269 1703 ,
3304 1636 3609 1701 άλαλάξατε
3633 1635 3714 1706 τῷ

2133 1734 2250 1806 Θεῷ
2281 1736 2338 1789 ἐν
2371 1738 2520 1806 φωνῇ
2550 1734 2919 1804 ἀγαλλιάσεως
2940 1773 2953 1792 .
2975 1733 3057 1786 ὅτι
3094 1731 3297 1803 Κύριος
3322 1728 3546 1799 ὕψιστος
3565 1766 3582 1791 ,
3618 1744 3716 1797 φοι

461 1833 745 1899 terribilis,
779 1849 873 1888 rex
905 1846 1135 1902 magnus
1178 1843 1341 1899 super
1385 1839 1601 1881 onmem
1635 1832 1857 1878 terram.
1887 1818 2032 1874 Sub-

2146 1826 2311 1899 ΰερὸς,
2346 1826 2594 1898 βασιλεὺς
2626 1826 2797 1898 μέγας
2830 1826 2921 1878 ἐπὶ
2953 1825 3135 1877 πᾶσαν
3156 1823 3256 1895 τὴν
3287 1821 3410 1893 γῆν.
3441 1818 3713 1884 ’Υπέταξε

461 1925 590 1998 iecit
623 1925 851 1994 populos
881 1924 1060 1987 nobis,
1088 1927 1142 1977 et
1158 1929 1349 1992 gentes
1376 1918 1478 1974 sub
1504 1915 1737 1988 pedibus
1772 1914 1977 1968 nostris
2013 1932 2026 1968 :

462 2016 624 2087 elegit
652 2015 813 2070 nobis
838 2012 1207 2067 hmreditatem
1250 2008 1376 2073 sibi,
1406 2008 1641 2078 speciem
1672 2004 1842 2059 Jacob
1867 2017 2030 2072 quam

464 2108 673 2163 dilexit.
724 2104 983 2161 Ascendit
1011 2104 1153 2160 Deus
1181 2105 1235 2158 in
1258 2102 1455 2173 jubilo,
1493 2098 1757 2155 Dominus
1799 2096 1856 2150 in
1903 2109 2036 2148 voce

466 2200 631 2254 tubae.
666 2198 888 2254 Psallite
946 2196 1055 2252 Deo
1101 2202 1316 2260 nostro,
1349 2194 1601 2265 psallite,
1660 2189 1877 2261 psallite
1918 2185 2033 2256 regi

466 2301 677 2356 nostro,
709 2291 944 2361 psallite,
980 2288 1235 2360 quoniam
1283 2302 1377 2342 rex
1422 2284 1604 2339 omnis
1660 2290 1821 2336 terra:
1868 2277 2034 2342 Deus,

466 2384 682 2456 psallite
732 2384 1045 2453 sapienter:
1110 2380 1357 2452 regnavit
1407 2377 1552 2432 Deus
1606 2390 1771 2445 super
1825 2378 2033 2442 gentes,

467 2474 609 2531 Deus
640 2474 790 2530 sedet
830 2489 996 2545 super
1015 2472 1199 2528 sedem
1235 2480 1478 2526 sanctam
1529 2480 1708 2521 suam.
1756 2462 2039 2531 Principes

466 2566 792 2636 populorum
850 2562 1165 2635 congregati
1226 2570 1356 2616 sunt
1403 2575 1525 2615 cum
1574 2557 1684 2611 Deo
1720 2552 1992 2608 Abraham
2020 2590 2034 2614 ,

467 2656 724 2727 quoniam
769 2654 939 2725 ipsius
969 2653 1065 2710 Dei
1117 2653 1287 2709 fortes
1311 2669 1339 2706 a
1375 2660 1519 2706 terra
1547 2648 1898 2704 vehementer
1925 2642 2039 2697 ele-

468 2747 579 2802 vati
608 2754 740 2803 sunt
770 2748 836 2803 η.
870 2766 889 2798 ι
926 2745 1066 2812 Quid
1089 2743 1307 2799 tandem
1338 2742 1484 2796 aliud
1516 2754 1626 2810 prae
1656 2752 1714 2794 se
1734 2734 1877 2791 ferre
1925 2734 2041 2788 vult

469 2839 519 2893 is
544 2837 755 2894 Domini
787 2853 850 2893 ac
886 2837 980 2893 Dei
1024 2851 1309 2899 ascensus,
1359 2834 1451 2905 qui
1485 2832 1636 2887 hisce
1665 2827 1847 2884 verbis
1872 2840 2041 2896 expo-

360 2991 363 2994 g
470 2933 608 2984 situs
629 2937 733 2997 est,
764 2944 925 2999 quam
964 2937 1123 2982 antea
1154 2925 1505 2982 descendisse
1557 2937 1681 2977 eum
1710 2960 1725 2986 ,
1768 2919 1861 2990 qui
1895 2933 2043 2974 nunc

473 3020 771 3076 ascendat?
802 3028 924 3091 post
950 3035 1110 3090 quem
1144 3035 1276 3075 sane
1298 3032 1611 3079 ascensum,
1642 3014 2042 3084 protinusgcn-

473 3113 606 3166 tium
634 3121 955 3167 cunctarum
1003 3112 1219 3167 vocatio
1274 3109 1511 3171 canitur,
1542 3104 1942 3172 hilaritatisque
1977 3115 2042 3153 ac

474 3204 675 3258 laetitia:
705 3204 880 3272 signa,
914 3211 1039 3273 post
1069 3217 1188 3258 eam
1210 3216 1332 3272 qua:
1361 3203 1713 3268 exspectatur
1735 3193 1828 3248 Dei
1847 3190 2039 3262 cogni-

473 3296 699 3358 tionem,
735 3294 1049 3349 nationibus
1082 3292 1355 3348 universis
1402 3284 1743 3344 nuntiatur?
1798 3279 2044 3353 quando-

474 3385 693 3457 quidem
746 3384 925 3453 ipsum
950 3380 1239 3439 Dominum
1281 3379 1642 3440 altissimum,
1672 3386 1833 3444 quem
1866 3371 2043 3426 solum

477 3476 645 3532 Deum
675 3491 740 3530 ac
766 3489 947 3546 regem
977 3474 1243 3529 universa!
1266 3479 1427 3527 teme
1461 3472 1750 3530 confessus
1778 3482 1881 3536 est,
1913 3469 2046 3528 sub-

472 3569 743 3637 iecturum
788 3568 950 3623 nobis
1002 3567 1233 3638 populos
1277 3565 1411 3620 dicit
1443 3583 1455 3617 :
1493 3565 1652 3620 nobis
1688 3571 1891 3628 autem,
1922 3561 2046 3633 qui-

474 3663 580 3718 bus
609 3661 633 3715 ?
659 3661 745 3715 his
770 3675 922 3723 sane,
952 3660 1045 3730 qui
1077 3657 1191 3712 haec
1222 3657 1339 3727 ipsa
1372 3657 1656 3711 vaticinati
1679 3663 1809 3711 sunt
1840 3674 1854 3710 :
1900 3654 2048 3725 quod

476 3754 655 3825 ipsum
707 3753 926 3823 quidem
947 3751 1061 3821 jam
1092 3764 1239 3805 nunc
1268 3749 1599 3819 completum
1644 3749 1803 3819 plane
1846 3733 2047 3804 intueri

476 3847 624 3909 licet,
646 3844 863 3916 quando
888 3853 1095 3915 gentes,
1120 3855 1242 3911 quae
1261 3841 1316 3894 in
1346 3841 1552 3897 Christi
1578 3839 1736 3896 ﬁdem
1758 3846 2046 3904 venerunt,

480 3953 672 3993 omnes
714 3936 954 3992 oraculis
995 3934 1384 4004 prophetarum
1441 3934 1671 3989 abdictae
1730 3940 1877 3987 sunt.
1924 3931 2050 3988 Hatc

477 4036 661 4083 tamen
685 4029 896 4093 eadem,
919 4029 1080 4084 etiam
1098 4043 1165 4082 ex
1189 4026 1559 4097 apostolorum
1603 4022 1905 4081 Salvatoris
1951 4039 2053 4079 no-

484 4120 586 4175 stri
624 4134 857 4190 persona
891 4119 999 4174 dici
1029 4127 1283 4190 possunt,
1308 4118 1402 4188 qui
1433 4116 1651 4187 quidem
1682 4116 1736 4170 id
1766 4118 1843 4171 ita
1873 4132 2050 4172 enun-

485 4210 623 4265 tient
648 4229 661 4266 :
696 4227 714 4260 ι
739 4208 912 4281 Elegit
936 4210 1092 4265 nobis
1117 4209 1485 4264 hazreditatem
1514 4221 1671 4262 suam
1702 4224 1717 4261 :
1749 4225 1768 4259 ι
1795 4213 2051 4262 caeterum

485 4317 648 4373 quam
675 4303 893 4357 tandem
947 4300 1314 4356 baercditatem
1347 4298 1595 4369 accipere
1645 4306 1898 4368 oportet,
1947 4297 2054 4353 nisi

482 4395 822 4450 vocationem
855 4393 1095 4465 gentium
1119 4390 1713 4460 universarum?quam
1748 4391 1866 4460 ipse
1895 4389 2055 4445 Chri—

2131 1919 2291 1984 λαοὺς
2315 1921 2477 1991 ἡμῖν,
2525 1919 2619 1973 καὶ
2648 1918 2774 1991 ἔθνη
2815 1918 2922 1972 ὑπὸ
2965 1916 3092 1981 τοὺς
3124 1916 3289 1979 πόδας
3320 1913 3504 1986 ἡμῶν·
3536 1912 3716 1981 ἐξελέ-

2135 2008 2261 2073 ξατο
2288 2012 2419 2080 ἡμῖν
2445 2010 2544 2081 τὴν
2573 2008 2935 2080 κληρονομίαν
2968 2004 3166 2076 ἐαυτῷ,
3196 2005 3294 2077 τὴν
3319 2001 3586 2075 καλλονὴν
3616 2003 3718 2056 Ἰα-

2134 2099 2285 2166 κὼϐ,
2332 2101 2399 2173 ἢν
2449 2101 2756 2172 ἠγάπησεν.
2808 2098 3000 2170 Ἀνέϐη
3035 2100 3063 2151 6
3105 2097 3237 2162 Θεὸς
3272 2098 3330 2150 ἐν
3373 2094 3715 2167 ἀλαλαγμῷ,

2135 2191 2336 2264 Κύριος
2378 2194 2435 2246 ἐν
2468 2194 2618 2264 φωνῇ
2654 2190 2971 2260 σάλπιγγος.
3001 2189 3218 2244 Ψάλατε
3249 2189 3326 2259 τῷ
3367 2187 3485 2259 Θεῷ
3512 2187 3678 2259 ημῶν
3700 2226 3717 2250 ,

2134 2285 2359 2356 ψάλατε,
2393 2283 2600 2355 ψάλατε
2625 2283 2703 2353 τῷ
2734 2282 2941 2353 βασιλεῖ
2972 2282 3149 2354 ἡμῶν,
3187 2279 3417 2350 ψάλατε,
3450 2280 3535 2333 ὅτι
3569 2277 3722 2348 βασι-

2135 2376 2262 2441 λεὺς
2285 2376 2463 2448 πάσης
2489 2376 2588 2447 τῆς
2618 2375 2723 2445 γῆς
2753 2377 2781 2428 6
2808 2375 2961 2440 Θεὸς,
2993 2374 3199 2444 ψάλατε
3229 2371 3465 2435 συνετῶς
3485 2388 3502 2402 ο
3535 2370 3724 2424 ἐϐασί-

2136 2467 2327 2520 λευσεν
2347 2468 2376 2519 6
2404 2467 2537 2532 Θεὸς
2563 2466 2655 2519 ἐπὶ
2692 2465 2761 2519 τά
2801 2465 2929 2535 ἔθνη
2947 2482 2961 2495 ’
2995 2467 3024 2518 6
3046 2463 3180 2527 Θεὸς
3204 2462 3438 2535 κάθηται
3465 2460 3566 2515 ἐπὶ
3600 2460 3723 2532 θρό-

2138 2575 2230 2613 νου
2265 2559 2419 2628 ἁγίου
2453 2558 2638 2612 αὑτοῦ.
2682 2560 2974 2630 ’Ἄρχοντες
3014 2556 3155 2610 λαῶν
3198 2553 3544 2627 συνήχθησαν
3585 2552 3723 2625 μετά

2138 2648 2232 2702 τοῦ
2265 2650 2399 2704 Θεοῦ
2448 2648 2720 2721 Ἀϐραάμ,
2750 2650 2831 2703 ὅτι
2852 2647 2946 2701 τοῦ
2969 2646 3102 2701 Θεοῦ
3128 2648 3174 2700 οἱ
3208 2644 3456 2717 κραταιοὶ
3480 2643 3592 2713 τῆς
3621 2643 3724 2715 γῆς

2143 2740 2347 2813 σφόδρα
2380 2739 2718 2812 ἐπήρθησαν.
2759 2760 2777 2793 ι
2815 2740 2926 2793 Καὶ
2955 2739 3007 2792 τί
3031 2738 3220 2809 ἕτερον
3245 2735 3491 2808 βούλεται
3526 2734 3726 2805 σημαί-

2141 2849 2252 2886 νειν
2283 2834 2317 2903 η
2354 2831 2441 2886 διὰ
2468 2832 2673 2885 τούτων
2708 2831 3010 2903 δηλουμένη
3069 2829 3273 2900 Κυρίου
3336 2827 3429 2881 τοῦ
3455 2826 3599 2880 Θεοῦ
3634 2827 3725 2881 ἀν-

2140 2925 2278 2990 οδος,
2310 2924 2343 2997 ἦ
2376 2926 2475 2997 τὴν
2506 2924 2610 2996 πρὸ
2625 2924 2726 2994 τῆς
2752 2923 2940 2978 ἀνόδου
2968 2921 3191 2976 κάθοδον
3221 2919 3416 2985 αὑτοῦ;
3444 2921 3534 2989 ἐφ’
3622 2920 3728 2973 πά-

2141 3018 2224 3071 λιν
2257 3019 2290 3090 ἡ
2313 3018 2420 3071 τῶν
2448 3017 2616 3072 ἐθνῶν
2637 3017 2854 3071 πάντων
2877 3016 3070 3086 κλῆσις
3097 3014 3429 3079 θεσπίζεται,
3458 3016 3646 3085 χαρᾶς
3668 3031 3726 3068 τε

2145 3111 2237 3163 καὶ
2271 3109 2609 3182 εὐφροσύνης
2650 3112 2850 3181 σημεῖα
2890 3109 2982 3162 ἐπὶ
3018 3110 3085 3179 τῇ
3122 3105 3388 3180 μελλούσῃ
3422 3104 3729 3177 θεογνωσία

2142 3205 2256 3265 τοῖς
2282 3201 2490 3256 ἔθνεσιν
2522 3202 2723 3257 ἀπασιν
2760 3199 3190 3268 εὐαγγελίζεται,
3222 3199 3311 3251 ὅτε
3334 3197 3540 3269 Κύριος
3562 3197 3729 3261 αὐτὸς

2143 3294 2172 3346 6
2203 3292 2425 3361 ὕψιστος
2446 3332 2461 3356 ,
2491 3293 2650 3364 μόνος
2679 3292 2813 3356 Θεὸς
2844 3292 2936 3345 καὶ
2969 3289 3221 3361 βασιλεὺς
3249 3290 3461 3359 ἀπάσης
3493 3290 3603 3360 τῆς
3628 3289 3729 3358 γῆς

2143 3383 2498 3453 ὁμολογηθεὶς
2518 3422 2532 3447 ,
2565 3382 2855 3450 ὑποτάξειν
2891 3384 3053 3446 λαοὺς
3091 3384 3222 3453 ἡμῖν
3254 3381 3523 3435 λέλεκται.
3564 3382 3729 3452 Ἡμῖν

2143 3477 2202 3530 δὲ
2233 3477 2374 3530 τίσιν
2422 3476 2456 3548 ἢ
2484 3476 2686 3548 δηλαδὴ
2738 3478 2852 3540 τοῖς
2875 3476 3048 3529 ταῦτα
3066 3474 3537 3546 προφητεύουσιν;
3576 3476 3607 3528 δ
3635 3476 3729 3528 καὶ

2146 3568 2291 3623 ἔστιν
2323 3569 2565 3641 ἐναργῶς
2598 3569 2725 3622 ἰδεῖν
2758 3568 3203 3641 πεπληρωμένον,
3227 3570 3317 3622 ὅτε
3347 3569 3527 3622 πάντα
3559 3568 3634 3621 τὰ
3653 3570 3731 3632 είς

2146 3662 2380 3734 Χριστὸν
2407 3662 2812 3716 πεπιστευκότα
2852 3661 2979 3735 ἔθνη
3005 3665 3118 3726 τοῖς
3158 3661 3335 3730 λόγοις
3368 3660 3476 3715 τῶν
3506 3677 3730 3733 προφη-

2147 3754 2255 3809 τῶν
2286 3753 2664 3808 ὐποτέτακται.
2706 3755 2932 3823 Λέγοιτο
2956 3754 3001 3807 δ’
3031 3754 3097 3808 ἂν
3128 3754 3299 3807 ταῦτα
3325 3753 3420 3807 καὶ
3451 3753 3517 3807 ἐκ
3552 3769 3730 3825 προσ-

2148 3846 2298 3902 ώπου
2343 3847 2452 3900 τῶν
2498 3847 2811 3902 ἀποστόλων
2854 3846 2949 3901 τοῦ
2998 3847 3250 3920 Σωτῆρος
3295 3845 3481 3918 ἡμῶν,
3530 3848 3590 3901 οἳ
3640 3849 3734 3901 καὶ

2149 3941 2355 3995 εἴποιεν
2391 3940 2458 3996 ἂν
2490 3941 2570 3994 τό·
2620 3959 2637 3992 ι
2681 3939 2996 4005 Ἐξελέξατο
3049 3943 3181 4012 ἡμῖν
3224 3941 3323 4011 τὴν
3360 3939 3732 4012 κληρονομίαν

2151 4030 2364 4085 ἐαυτοῦ.
2400 4050 2417 4082 ι
2448 4029 2832 4103 Κληρονομίαν
2859 4030 2917 4085 δὲ
2942 4029 3107 4084 αὐτοῦ
3136 4029 3256 4084 τίνα
3276 4031 3379 4102 χρὴ
3404 4033 3552 4084 νοεῖν
3575 4032 3609 4102 ἢ
3637 4032 3734 4103 τὴν

2150 4120 2340 4193 κλῆσιν
2363 4120 2471 4174 τῶν
2497 4120 2665 4174 ἐθνῶν
2698 4120 2985 4185 ἀπάντων;
3024 4123 3089 4190 ῆν
3120 4120 3279 4184 αὐτὸς
3302 4124 3331 4175 6
3362 4122 3605 4191 Χριστὸς
3638 4121 3733 4176 τοῦ

2151 4211 2285 4266 Θεοῦ
2341 4213 2613 4284 παριστὰς
2673 4213 2878 4284 ἔφησε’
2938 4232 2957 4264 ι
3002 4213 3204 4284 Κύριος
3253 4208 3372 4265 εἷπε
3431 4214 3575 4285 πρός
3633 4232 3730 4286 με·

2154 4304 2282 4369 Υἱός
2335 4322 2435 4376 μου
2476 4301 2526 4357 εῐ
2555 4306 2640 4369 σὺ,
2664 4304 2775 4373 ἐγὼ
2797 4307 3036 4377 σήμερον
3068 4305 3370 4376 γεγέννηκά
3399 4323 3480 4359 σε.
3499 4306 3734 4378 Αἴτησαι

2155 4396 2280 4468 παρ’
2315 4394 2448 4467 ἐμοῦ
2470 4438 2485 4461 ,
2512 4398 2605 4450 καὶ
2629 4396 2783 4450 δώσω
2813 4414 2893 4450 σοι
2919 4397 3044 4468 ἔθνη
3078 4397 3176 4468 τὴν
3209 4397 3580 4469 κληρονομίαν
3613 4415 3733 4460 σοι·,

483 4498 599 4546 stus
639 4488 733 4544 Dei
763 4504 885 4543 cum
911 4486 1219 4558 signiﬁcare
1242 4485 1437 4550 vellet,
1470 4483 1545 4538 ita
1575 4483 1651 4537 ait
1684 4502 1697 4538 :
1731 4501 1750 4534 ι
1787 4483 2041 4538 Dominus

2152 4487 2242 4540 καὶ
2271 4488 2372 4559 τὴν
2399 4488 2725 4558 κατάσχεσίν
2759 4505 2853 4541 σου
2889 4488 2958 4541 τὰ
2987 4491 3198 4561 πέρατα
3239 4490 3337 4560 τῆς
3362 4490 3489 4559 γῆς.
3524 4509 3544 4541 ι
3594 4489 3733 4544 Ταύο

481 4581 620 4636 dixit
648 4581 713 4635 ad
738 4596 843 4643 me,
875 4578 1049 4633 Filius
1076 4591 1229 4632 meus
1256 4592 1315 4632 es
1347 4584 1429 4640 tu,
1448 4590 1549 4646 ego
1579 4575 1740 4629 hodie
1764 4574 1927 4646 genui
1957 4581 2045 4639 te;

485 4674 700 4744 postula
727 4687 758 4725 a
786 4686 893 4735 me,
921 4678 976 4726 et
1006 4669 1147 4726 dabo
1167 4670 1263 4724 tibi
1294 4676 1485 4739 gentes
1514 4667 1885 4723 haereditatem
1899 4677 2048 4723 tuam

483 4780 539 4825 et
564 4767 966 4839 possessionem
990 4771 1139 4818 tuam
1162 4763 1428 4818 terminos
1457 4768 1617 4816 terra
1642 4760 1702 4813 ⁸⁸.
1742 4781 1762 4814 ι
1790 4759 1923 4828 Quae
1950 4761 2052 4831 igi-

484 4866 573 4913 tur
600 4857 718 4927 ipsa
744 4870 775 4909 a
811 4853 971 4908 Patre
1004 4853 1129 4908 data
1157 4859 1240 4906 est
1278 4849 1588 4911 haereditas,
1618 4850 1759 4907 hanc
1787 4851 2052 4920 apostolis

485 4952 598 5008 suis
638 4956 801 5018 atque
832 4945 1112 5017 prOphetis
1163 4943 1329 5016 260
1376 4942 1633 5012 subjecit,
1667 4942 1796 4996 dum
1825 4943 2054 5011 quicun-

483 5058 588 5112 que
614 5038 717 5111 ipsi
734 5036 966 5091 credunt
995 5035 1188 5088 borum
1216 5033 1499 5104 praeceptis
1521 5047 1585 5087 ac
1610 5032 1819 5103 legibus
1836 5042 2047 5102 parent,

485 5129 934 5203 quemadmodum
949 5125 1195 5196 exposita
1212 5125 1467 5179 vaticinia
1493 5125 1856 5195 praescribunt
1890 5143 1904 5180 :
1937 5126 2052 5182 haec

486 5239 612 5279 vero
632 5228 851 5281 cuncta,
884 5231 1009 5272 cum
1027 5215 1169 5270 Deus
1186 5212 1421 5270 Verbum
1444 5215 1547 5270 sub
1566 5215 1859 5270 adventum
1890 5231 2050 5271 suum

486 5313 551 5367 ad
571 5310 839 5374 homines,
883 5305 1237 5376 compleverit
1262 5319 1325 5359 ac
1354 5304 1677 5375 perfecerit,
1712 5305 1780 5361 de
1800 5321 1910 5376 quo
1944 5305 2053 5361 Deo

489 5405 792 5474 \‘erbojam
822 5401 981 5472 plura
1005 5398 1383 5463 tractavimus,
1415 5404 1532 5452 tum
1567 5398 1814 5453 ascendit
1865 5399 1921 5453 in
1967 5399 2056 5468 ju-

488 5496 617 5563 bilo,
646 5494 792 5566 quod
818 5492 1035 5563 quidem
1070 5504 1194 5544 cum
1231 5487 1528 5558 Apostolus
1583 5489 2053 5560 interpretaretur,

489 5584 562 5638 ita
610 5587 727 5638 ait:
760 5602 780 5637 ι
816 5581 972 5650 Quod
1023 5590 1204 5636 autem
1239 5579 1567 5643 ascenderit,
1620 5580 1752 5651 quid
1804 5589 1908 5647 est,
1952 5581 2057 5635 nisi

2145 4599 2247 4652 την
2280 4577 2370 4635 οὖν
2393 4580 2489 4652 τὴν
2523 4580 2629 4634 ὑπὸ
2666 4580 2761 4633 τοῦ
2806 4581 3018 4652 Πατρὸς
3042 4581 3331 4652 δεδομένην
3356 4580 3507 4651 αὐτῷ
3531 4581 3732 4653 κληρο-

2150 4674 2373 4744 νομίαν,
2407 4672 2641 4739 ὑπέταξε
2670 4675 2782 4736 τοῖς
2820 4673 3135 4736 ἀποστόλοις
3165 4672 3329 4726 αὑτοῦ
3375 4673 3471 4726 καὶ
3511 4676 3733 4745 προφή-

2149 4780 2270 4828 ταις
2291 4805 2305 4829 ,
2339 4763 2415 4835 τῷ
2446 4766 2570 4830 τοὺς
2608 4767 2685 4828 είς
2731 4765 2892 4818 αὑτὸν
2924 4766 3353 4829 πεπιστευκότας
3381 4768 3496 4829 τοῖς
3524 4767 3736 4821 τούτων

2153 4856 2518 4927 ὑποτετάχθαι
2563 4857 2774 4925 λόγοις,
2828 4857 3136 4921 ἀκολούθως
3183 4859 3293 4921 τοῖς
3346 4860 3735 4930 προκειμένοις

2153 4946 2503 5019 θεσπίσμασι.
2559 4949 2669 5001 Καὶ
2712 4948 2885 5003 ταῦτα
2919 4948 2974 5000 δὲ
3023 4949 3197 5002 πάντα
3249 4947 3606 5019 κατορθώσας
3646 4950 3737 5003 ἐπὶ

2154 5042 2254 5112 τῆς
2280 5043 2359 5104 είς
2402 5040 2722 5113 ἀνθρώπους
2754 5040 2919 5095 αὑτοῦ
2968 5042 3268 5112 παρουσίας
3297 5043 3326 5094 6
3354 5043 3488 5104 Θεὸς
3518 5043 3730 5111 Λόγος,

2157 5132 2284 5201 περὶ
2321 5127 2383 5186 οῦ
2429 5131 2652 5184 πλεῖστα
2708 5134 2839 5203 ἡμῖν
2894 5132 3233 5202 διείληπται,
3276 5132 3441 5203 ἀνέϐη
3483 5134 3547 5186 ἐν
3599 5135 3734 5188 ἀλα-

2155 5221 2366 5293 λαγμῷ.
2401 5221 2570 5275 Τοῦτο
2611 5222 2668 5276 δὲ
2711 5223 3028 5294 ἑρμηνεύων
3075 5222 3152 5293 (l)
3195 5222 3516 5288 Ἀπόστολός
3548 5240 3685 5295 φησι
3715 5236 3732 5252 ⁸

2165 5330 2183 5361 ι
2217 5311 2289 5363 Τὸ
2302 5310 2359 5364 δὲ
2381 5311 2545 5382 ἀνέϐη
2564 5310 2617 5363 τί
2640 5312 2809 5374 ἐστιν,
2843 5314 2891 5365 εἰ
2926 5311 2998 5383 μὴ
3020 5312 3102 5365 ὅτι
3131 5314 3225 5366 καὶ
3238 5312 3442 5382 κατέϐη
3476 5314 3736 5384 πρῶτονς

2160 5404 2238 5465 εἰς
2286 5401 2354 5454 τά
2406 5401 2691 5456 κατώτατα
2737 5404 2875 5475 μέρη
2906 5404 3007 5473 τῆς
3040 5404 3141 5474 γῆς
3176 5406 3205 5457 6
3236 5403 3515 5471 καταϐάς,
3572 5406 3739 5470 αὑτός

2160 5494 2278 5544 ἐστι
2317 5492 2409 5545 καὶ
2434 5494 2462 5546 6
2490 5492 2695 5556 ἀναϐάς
2727 5494 2981 5566 ὑπεράνω
3006 5496 3115 5547 τῶν
3141 5494 3402 5568 οὐρανῶν.
3442 5515 3463 5547 ι
3484 5497 3579 5551 Ἑν
3609 5496 3741 5551 dia-

2161 5581 2357 5652 λαγμῷ
2386 5582 2444 5637 δὲ
2473 5585 2636 5639 αὐτόν
2666 5602 2829 5656 φησιν
2859 5585 3244 5658 ἀνεληλυθέναι
3274 5586 3364 5641 διὰ
3395 5587 3494 5659 τὴν
3526 5590 3613 5652 είς
3651 5588 3743 5645 αὐ-

559 5674 601 5707 “
631 5675 777 5733 Ps'al.
816 5688 949 5737 xvu,
993 5671 1184 5727 44-46.
1261 5672 1302 5703 ⁸⁸
1334 5668 1477 5727 Psal.
1532 5686 1679 5737 uva,
1711 5671 1862 5728 2-10.
1945 5673 1987 5704 ¹⁶
2020 5671 2041 5725 l

2153 5716 2166 5728 .
2205 5688 2278 5736 ιι,
2330 5674 2379 5738 7,
2418 5674 2471 5729 8.

563 5769 642 5830 (ll
669 5767 1019 5823 Desideratur
1049 5769 1095 5821 6.
1138 5765 1300 5822 Eon.
