3902 6264
302 391 398 447 αυτ

1247 389 1891 446 DEMONSTRATIONIS
1935 390 2389 447 EVANGELICA‘Z
2429 391 2555 447 LIB.
2599 393 2685 449 Vl.

3430 395 3535 451 413

298 509 384 563 τὸν
429 506 704 576 θεολογίαν
769 507 876 561 τῶν
938 507 1376 579 δορυφορούντων
1424 506 1584 559 αὐτὸν
1650 506 1854 559 ἀνιόντα

1969 505 2108 576 quod
2135 515 2188 561 et
2211 505 2553 561 descenderit
2586 509 2817 578 primum
2843 509 2894 564 in
2924 509 3138 566 infimas
3186 519 3368 581 partes
3418 521 3531 565 ter-

297 598 560 667 ἀγγέλων·
587 600 634 653 οἳ
654 601 750 652 καὶ
788 600 990 669 ἕλε-τονο
1024 619 1040 649 ι
1059 601 1257 670 Ἄρατε
1285 599 1476 663 πύλας,
1504 602 1552 652 oi
1575 601 1854 671 ἄρχοντες,

300 692 469 761 Βμῶν,
488 692 580 745 καὶ
596 691 889 761 ὲπάρθητε,
910 690 1070 743 πύλαι
1088 689 1315 754 αἰώνιοι,
1341 692 1436 743 καὶ
1460 691 1821 743 εἰσελεύσεται
1838 692 1866 742 ὁ

295 783 550 852 βασιλεὺς
597 783 690 854 τῆς
727 783 903 853 δόξης.
952 803 969 834 ›
1003 784 1188 854 Φωνὴν
1234 783 1288 836 δὲ
1325 782 1622 850 σάλπιγγος
1655 783 1754 834 ούκ
1798 781 1863 834 ἂν

293 875 556 947 σφαλείης
586 876 646 927 τὸ
673 877 930 946 κήρυγμα
953 874 1122 926 εἰπὼν
1151 875 1213 927 τὸ
1241 874 1615 942 εύαγγελικὸν,
1656 875 1734 937 είς
1764 874 1864 926 πᾶς

291 985 390 1020 σαν
420 967 695 1038 ὲξηχῆσαν
728 967 823 1038 τὴν
856 968 1196 1036 οἰκουμένην.
1245 965 1449 1027 Παντὸς
1484 965 1590 1035 γὰρ
1635 966 1862 1036 ὀργάνου

292 1059 556 1128 μουσικοῦ
595 1057 1104 1128 μεγαλοφιυνοτέρας
1131 1056 1296 1128 οὔσης
1321 1058 1419 1128 τῆς
1449 1057 1764 1125 σάλπιγγος,
1789 1060 1866 1110 oi-

287 1151 453 1214 κείως
502 1151 864 1222 παρείληπται
909 1151 968 1203 τὸ
1019 1150 1366 1220 παράδειγμα
1410 1151 1488 1212 είς
1523 1150 1864 1221 παράστασιν

285 1241 376 1294 τοῦ
405 1243 624 1296 πάντων
646 1242 752 1294 τῶν
783 1241 841 1308 ἐξ
868 1241 1060 1304 αἰῶνος
1088 1240 1481 1312 κραταιοτέραν
1512 1241 1605 1293 καὶ
1630 1240 1862 1307 μεγαλο-

285 1334 603 1404 φωνοτέραν
641 1333 740 1404 τὴν
768 1334 894 1404 περὶ
926 1331 1018 1384 τοῦ
1072 1330 1308 1401 Χριστοῦ
1352 1333 1516 1384 πᾶσιν
1561 1330 1865 1402 ἀνθρώποις

283 1423 658 1495 κατηγγέλθαι
687 1423 1051 1489 διδασκαλίαν,
1097 1424 1163 1476 δι’
1187 1420 1255 1496 ἧς
1293 1423 1481 1491 ὥσπερ
1510 1424 1598 1476 διὰ
1633 1423 1862 1492 σάλπιγ-

281 1531 376 1582 γος
426 1517 510 1578 είς
543 1515 864 1578 ἐξάκουστον
905 1515 1122 1568 πάντων
1149 1515 1256 1567 τῶν
1287 1514 1590 1585 ἀνθρώπων
1635 1514 1730 1586 βοᾷ
1771 1515 1864 1567 καὶ

279 1607 530 1677 κέκραγε
575 1607 634 1659 τὸ
674 1607 895 1676 Πνεῦμα
931 1607 989 1659 τὸ
1028 1606 1179 1674 ἅγιον
1208 1605 1275 1657 τὰ
1313 1605 1440 1674 ags;
1487 1606 1578 1658 τοῦ
1611 1604 1822 1676 ⁹ζναλμοῦ
1845 1645 1860 1669 ,

276 1697 339 1752 δι’
392 1691 474 1750 ὧν
530 1698 739 1767 εἴρηται
761 1714 773 1726 ·
811 1717 827 1747 ε
862 1697 1080 1750 Ψάλατε
1109 1695 1186 1767 τῷ
1231 1695 1350 1766 Θεῷ
1377 1695 1564 1766 ἡμῶν,
1614 1696 1820 1765 ψάλατε
1845 1735 1860 1760 ,

274 1789 491 1859 tam;
540 1788 617 1858 τῷ
666 1787 871 1860 βασιλεῖ
917 1788 1092 1859 ἡμῶν,
1143 1789 1346 1857 ψάλατε
1383 1805 1396 1818 ι
1446 1790 1526 1841 ὅτι
1564 1787 1812 1856 βασιλεὺς
1837 1807 1855 1840 ι

1967 613 2039 652 rae
2068 598 2091 650 ?
2116 597 2208 668 qui
2266 598 2571 661 descendit,
2621 599 2737 670 ipse
2775 608 2858 655 est
2893 609 2946 654 et
2968 602 3062 671 qui
3096 603 3342 658 ascendit
3368 619 3534 672 supra

1964 703 2153 745 omnes
2187 690 2356 744 caelos
2381 690 2421 720 ¹⁷
2457 709 2470 743 :
2511 709 2529 740 ι
2574 691 2629 744 in
2657 691 2834 760 jubilo
2860 701 3039 747 autem
3073 692 3226 746 illum
3251 693 3387 748 dicit
3439 708 3534 746 as-

1965 777 2235 842 cendisse,
2266 779 2337 832 ob
2360 778 2575 833 divinas
2630 790 2682 833 et
2713 795 2900 835 sacras
2951 796 3080 852 erga
3138 782 3316 851 ipsum
3344 796 3531 844 voces,

1966 870 2142 939 ipsum
2192 870 2320 924 dum
2356 871 2678 925 ascenderet
2715 874 3146 942 constipantium
3188 874 3528 942 angelorum,

1964 962 2057 1031 qui
2083 961 2245 1016 etiam
2276 961 2411 1015 illud
2441 961 2694 1016 dicebant
2732 981 2744 1016 :
2785 981 2804 1012 ι
2859 961 3055 1017 Tollite
3103 972 3307 1033 portas,
3335 965 3536 1034 princi-

1966 1067 2082 1121 pes,
2116 1059 2346 1116 vestras,
2383 1060 2436 1106 et
2460 1053 2768 1118 elevamini,
2802 1063 2972 1123 portae
2998 1062 3232 1116 aateruae,
3259 1063 3312 1109 et
3360 1056 3533 1110 intro-

1972 1143 2075 1196 ibit
2107 1157 2202 1197 rex
2246 1143 2432 1214 gloria:
2467 1144 2562 1196 ⁸⁸.»
2598 1142 2795 1199 Vocem
2827 1155 3005 1200 autem
3038 1146 3180 1200 tuba:
3217 1161 3325 1200 non
3354 1147 3534 1200 admo-

1965 1234 2093 1289 dum
2123 1236 2496 1300 aberraveris,
2547 1237 2595 1292 si
2628 1238 3066 1307 praedicationem
3116 1239 3321 1293 dixeris
3374 1254 3532 1293 evan-

1965 1328 2213 1398 gelicam,
2263 1344 2384 1399 quae
2421 1329 2474 1382 in
2499 1335 2673 1382 totum
2710 1330 2967 1384 exaudita
3013 1339 3094 1384 est
3129 1338 3397 1384 terrarum
3445 1346 3532 1385 or-

1965 1419 2084 1472 bem
2113 1436 2127 1470 :
2165 1432 2287 1471 cum
2316 1419 2460 1472 enim
2493 1418 2620 1472 tuba
2667 1419 2815 1472 omni
2860 1418 2968 1472 alio
3015 1418 3381 1472 instrumento
3409 1433 3532 1471 mu-

1965 1508 2080 1563 sico
2104 1508 2346 1562 vocalior
2375 1509 2466 1570 sit,
2494 1507 2629 1563 satis
2647 1508 3052 1564 accommodata
3067 1508 3524 1577 convenientique

1963 1598 2134 1668 ﬁgura
2166 1597 2370 1652 dictum
2403 1597 2565 1652 fuerit
2595 1597 2748 1662 illud,
2777 1597 2843 1652 ad
2874 1598 3358 1652 demonstrandum
3383 1597 3530 1666 quod

1963 1689 2218 1745 omnibus
2255 1689 2378 1744 aliis
2425 1705 2546 1759 quae
2576 1704 2605 1742 a
2651 1691 2870 1745 condito
2917 1705 3032 1744 aevo
3074 1691 3406 1754 exstiterint,
3439 1707 3530 1746 ro-

1964 1780 2175 1835 bustior
2203 1789 2257 1835 et
2283 1781 2526 1834 vocalior
2573 1781 2789 1835 cunctis
2848 1781 3160 1836 hominibus
3206 1781 3526 1836 denuntiata

271 1880 466 1934 ,οὐκέτι
521 1881 680 1950 μόνου
733 1879 827 1932 τοῦ
882 1878 1150 1932 Ἰουδαίων
1194 1879 1396 1942 ἔθνους,
1445 1879 1578 1932 ἀλλὰ
1610 1895 1629 1930 ι
1661 1880 1854 1949 πάσης,

1962 1871 2252 1927 sitChristi
2282 1873 2552 1935 doctrina,
2577 1889 2670 1942 per
2696 1887 2858 1942 quam
2883 1874 3042 1927 veluti
3076 1890 3172 1944 per
3201 1874 3406 1938 tubam,
3439 1889 3530 1928 us-

268 1973 436 2041 φησὶ,
465 1971 681 2042 τῆςγῆς
717 1971 746 2022 ὁ
786 1969 936 2033 Θεός⁹
958 1969 1161 2038 ψάλατε
1196 1969 1450 2032 συνετῶς.
1479 1989 1496 2020 ι
1534 1969 1728 2022 Οὐκέτι
1753 1969 1860 2040 γὰρ

266 2064 314 2114 oi
349 2062 492 2132 πρὶν
519 2062 787 2132 δαίμονες,
813 2062 962 2131 φησὶ,
981 2061 1100 2115 οὐδὲ
1125 2060 1193 2114 τὰ
1215 2061 1466 2133 περίγεια
1493 2061 1586 2114 καὶ
1609 2061 1860 2132 ἀπατηλὰ

267 2153 591 2223 πνεύματα,
621 2153 730 2205 ἀλλ’
757 2153 916 2215 αὐτὸς
950 2171 968 2203 ι
997 2155 1024 2206 ὁ
1054 2152 1183 2216 Θεὸς
1210 2143 1655 2206 ἐϐασίλευσενὲπὶ
1684 2152 1858 2205 πάντα

262 2245 334 2296 τὰ
367 2245 508 2315 ἔθνη
527 2260 575 2295 ·›
602 2245 776 2307 ὁΘεὸς
791 2243 971 2308 αὑτὸς,
1007 2263 1025 2295 ι
1052 2243 1110 2306 ὃς
1135 2243 1371 2314 κάθηται
1393 2243 1484 2295 ἐπὶ
1501 2243 1689 2313 θρόνου
1702 2242 1858 2311 ἁγίου

263 2333 466 2390 αὑτοῦ.
485 2356 502 2386 ι
538 2335 675 2403 Ἤδη
703 2334 757 2387 δὲ
781 2334 1042 2406 πρότερον
1059 2333 1154 2385 τοῦ
1182 2332 1316 2388 Θεοῦ
1343 2332 1513 2399 Λόγου
1535 2332 1623 2384 τὸν
1649 2331 1857 2402 θρόνον,

265 2428 352 2496 ἐφ’
387 2427 454 2479 ὃν
498 2424 825 2488 καθέζεσθαι
875 2427 902 2478 ὁ
949 2425 1141 2496 Πατὴρ
1191 2423 1339 2494 αύτῷ
1384 2422 1854 2493 παρεκελεύσατο,

267 2517 492 2582 εἰπὼν,
551 2537 569 2569 ι
604 2517 784 2571 Κάθου
833 2520 896 2570 ἐκ
949 2516 1137 2580 δεξιῶν
1174 2534 1306 2586 μου,
1351 2517 1455 2578 ἓως
1495 2514 1560 2568 ἂν
1610 2515 1686 2568 θῶ
1732 2515 1856 2577 τοὺς

270 2608 513 2681 ἐχθρούς
544 2626 636 2662 σου
663 2607 951 2662 ὑποπόδιον
983 2609 1090 2662 τῶν
1121 2607 1296 2660 ποδῶν
1328 2625 1443 2670 σου,
1471 2626 1489 2658 ι
1518 2606 1606 2660 διὰ
1627 2606 1720 2659 τοῦ
1751 2605 1857 2677 πρὸ

266 2699 469 2751 τούτου
509 2698 938 2768 συγγράμματος
967 2699 1404 2770 παρεστήσαμεν.
1441 2695 1513 2749 Τὸ
1537 2696 1593 2749 δὲ
1613 2737 1628 2760 ,
1679 2715 1697 2746 «
1725 2697 1857 2768 Ἀρ-

273 2807 464 2859 χοντες
489 2789 639 2842 λαῶν
667 2788 1007 2859 συνήχθησαν
1045 2787 1182 2858 μετὰ
1210 2787 1302 2840 τοῦ
1344 2786 1477 2840 Θεοῦ
1514 2786 1795 2858 ’Λϐραὰμ,
1831 2807 1848 2838 ι

275 2880 353 2933 ἐτι
401 2880 739 2951 σαφέστερον
768 2879 917 2950 δηλοῖ
963 2879 1370 2952 μετατεθεῖσθαι
1417 2881 1497 2942 εἰς
1529 2878 1619 2930 τὸν
1658 2878 1853 2949 κλῆρον

276 2973 383 3025 τῶν
423 2972 597 3025 πάλαι
647 2971 911 3042 θεοφιλῶν
959 2971 1054 3024 τοῦ
1103 2971 1237 3024 Θεοῦ
1285 2970 1575 3042 προφητῶν
1619 2971 1743 3034 τοὺς
1795 2970 1855 3036 ἐξ

279 3064 446 3118 ἐθνῶν
477 3064 747 3134 ἄρχοντας
772 3065 870 3134 τῆς
901 3062 1133 3135 Χριστοῦ
1175 3061 1520 3132 Ἐκκλησίας,
1557 3061 1627 3125 οἳ,
1660 3063 1751 3114 καὶ
1785 3065 1849 3133 τῇ

277 3156 503 3226 δυνάμει
540 3154 636 3208 τοῦ
665 3156 920 3227 Σωτῆρος
947 3155 1103 3226 ἡμῶν
1132 3153 1566 3224 κραταιωθέντες
1587 3193 1602 3217 ,
1647 3153 1853 3224 σφόδρα.

279 3247 600 3319 ἐπήρθησαν
648 3247 858 3310 οὐδενὸς
915 3244 1215 3318 ἀνθρώπων
1269 3245 1592 3298 καταϐαλεῖν
1657 3244 1853 3309 αὐτοὺς

281 3341 370 3392 καὶ
407 3339 743 3392 ταπεινῶσαι
776 3337 1155 3408 δεδυνημένου,
1189 3337 1275 3390 διὰ
1299 3337 1398 3409 τὴν
1427 3334 1730 3405 ἀνυψοῦσαν
1759 3336 1855 3390 αὑ-

278 3434 398 3494 τοὺς
434 3432 533 3484 καὶ
557 3430 896 3500 δυναμοῦσαν
923 3428 1013 3483 τοῦ
1039 3427 1173 3482 Θεοῦ
1204 3427 1407 3492 δεξιάν.
1446 3429 1558 3482 Καὶ
1591 3427 1762 3482 ταῦτα
1795 3427 1852 3482 δὲ

277 3523 366 3575 ἐπὶ
399 3523 601 3593 σχολῆς
629 3521 872 3584 ἐντελοῦς
904 3521 1150 3585 τεύξεται
1181 3520 1504 3591 διηγήσεως.

1960 1977 2066 2031 que
2095 1963 2230 2017 adeo
2265 1971 2490 2018 sanctus
2533 1965 2751 2027 clamat,
2783 1971 2836 2015 et
2870 1962 3202 2018 vociferatur
3263 1961 3524 2033 Spiritus,

1960 2061 2020 2106 ut
2053 2051 2120 2106 ab
2153 2054 2408 2108 omnibus
2431 2053 2679 2108 exaudiri
2713 2054 2886 2124 possit
2945 2054 3276 2117 hominibus,
3328 2054 3529 2107 clamat

1959 2158 2089 2197 vero
2116 2159 2178 2198 ea
2207 2160 2327 2214 quae
2359 2145 2411 2198 in
2434 2145 2627 2198 eodem
2651 2147 2861 2215 psalmo
2879 2153 3199 2215 sequuntur,
3253 2145 3306 2198 in
3330 2145 3528 2214 quibus

1959 2233 2160 2289 dicitur
2187 2255 2199 2289 :
2237 2253 2256 2288 ι
2297 2234 2517 2290 Psallite
2539 2236 2648 2290 Deo
2673 2245 2880 2301 nostro,
2907 2237 3140 2306 psallite,
3162 2237 3376 2306 psallite
3411 2235 3525 2305 regi

1958 2332 2166 2388 nostro,
2186 2327 2419 2395 psallite,
2453 2328 2710 2396 quoniam
2736 2343 2828 2382 rex
2873 2348 2890 2378 ο
2941 2343 3050 2381 non
3094 2328 3326 2397 amplius
3358 2328 3522 2382 unius

1964 2416 2195 2472 Iudaica:
2224 2420 2422 2489 gentis,
2477 2420 2569 2474 sed
2602 2438 2620 2469 r
2657 2422 2855 2484 omnis,
2887 2421 3084 2489 inquit,
3143 2429 3304 2475 terrae
3353 2419 3522 2485 Deus,

1957 2511 2171 2580 psallite
2191 2511 2487 2579 sapienter.
2541 2529 2558 2562 ι
2586 2508 2705 2563 Non
2728 2511 2871 2564 enim
2909 2511 3166 2579 amplius,
3217 2510 3415 2580 inquit,
3446 2510 3523 2564 illi

1955 2601 2048 2671 qui
2079 2602 2230 2672 prius
2257 2601 2553 2664 daemones,
2586 2616 2762 2671 neque
2793 2603 3000 2657 circum
3029 2612 3229 2657 terram
3243 2615 3526 2658 versantes

1957 2693 2288 2762 fallacesque
2318 2693 2567 2762 spiritus,
2601 2693 2696 2748 sed
2729 2694 2846 2762 ipse
2869 2712 2886 2744 ι
2919 2693 3060 2748 Deus
3088 2695 3334 2766 regnavit
3360 2710 3524 2764 super

1955 2803 2146 2840 omnes
2174 2796 2384 2856 gentes,
2417 2805 2435 2837 ι
2478 2786 2614 2857 ipse,
2652 2787 2899 2856 inquam,
2951 2787 3116 2851 Deus,
3165 2807 3183 2840 ι
3219 2788 3312 2857 qui
3373 2787 3525 2842 sedet

1957 2893 2122 2947 super
2170 2877 2298 2932 sede
2351 2886 2538 2931 sancta
2575 2892 2694 2931 sua.
2729 2897 2746 2928 ι
2783 2876 3046 2932 Caeterum
3073 2877 3184 2947 jam
3239 2884 3396 2929 antea
3428 2874 3524 2930 Dei

1955 2963 2115 3019 Verbi
2143 2966 2322 3020 sedem
2354 2981 2516 3035 super
2544 2981 2650 3035 qua
2683 2966 2842 3020 Pater
2888 2967 3064 3036 ipsum
3113 2967 3303 3022 sedere
3344 2966 3525 3035 jusse-

1955 3065 2060 3124 rat,
2091 3058 2200 3112 illis
2230 3058 2450 3113 verbis:
2489 3077 2506 3108 ‹
2547 3058 2685 3113 Sede
2718 3074 2747 3112 a
2779 3059 2990 3114 dextris
3018 3058 3156 3114 meis
3177 3099 3190 3122 ,
3221 3059 3395 3114 donec
3427 3073 3525 3127 po-

1955 3166 2080 3203 nam
2099 3149 2348 3204 inimicos
2379 3157 2500 3203 tuos
2518 3151 2811 3204 scabellum
2845 3149 3041 3220 pedum
3077 3158 3294 3204 tuorum
3328 3148 3425 3212 ¹⁹,›
3458 3163 3524 3202 eo

1957 3243 2049 3312 qui
2074 3242 2220 3296 hunc
2249 3244 2523 3297 antecedit
2549 3245 2708 3308 libro,
2745 3257 2844 3312 pro
2860 3243 3068 3297 viribus
3099 3241 3520 3296 declaravimus.

1959 3334 2095 3388 Illud
2142 3341 2322 3387 autem
2367 3351 2436 3386 εί
2487 3333 2769 3403 Principes
2829 3334 3148 3403 populorum
3210 3331 3526 3402 congregati

1959 3431 2086 3477 sunt
2116 3437 2238 3476 cum
2287 3421 2397 3477 Deo
2446 3424 2742 3486 Abraham,
2777 3441 2795 3474 ›
2822 3422 3000 3476 adhuc
3023 3421 3265 3491 apertius
3298 3421 3524 3475 demon-

1960 3523 2118 3578 strat,
2175 3521 2541 3574 commutatos
2569 3529 2692 3568 esse
2726 3515 2780 3566 in
2808 3511 3004 3566 fortem
3059 3519 3272 3566 uterum
3308 3510 3526 3578 religio-

277 3631 463 3670 sorum
515 3613 612 3668 Dei
673 3615 1080 3682 prophetarum,
1118 3621 1430 3680 assumptos
1473 3610 1541 3665 de
1589 3608 1844 3678 gentibus
1881 3605 2140 3662 Ecclesiae
2183 3604 2389 3659 Christi
2442 3605 2744 3673 principes,
2770 3606 2863 3672 qui
2913 3602 3084 3656 etiam
3152 3602 3354 3656 virtute
3399 3601 3522 3653 Sal-

275 3708 482 3760 vatoris
534 3705 709 3759 nostri
765 3704 1124 3768 corroborati,
1169 3704 1224 3757 in
1268 3704 1502 3759 sublime
1549 3700 1840 3754 admodum
1873 3697 2046 3752 evecti
2070 3703 2218 3759 sunt,
2246 3694 2445 3763 quippe
2496 3708 2635 3762 quos
2690 3707 2852 3747 nemo
2905 3706 2973 3745 ex
3005 3689 3258 3744 omnibus
3289 3688 3524 3741 homini-

276 3799 378 3854 bus
404 3800 649 3869 dejicere
677 3806 769 3851 aut
811 3805 1155 3866 prosternere
1203 3796 1459 3866 potuerit,
1484 3796 1554 3851 ob
1574 3811 1716 3858 eam,
1747 3795 1838 3864 qui
1875 3792 2022 3862 ipsos
2078 3788 2308 3844 extollit.
2339 3787 2617 3856 fortesque
2669 3785 2822 3850 facit,
2874 3782 3073 3838 summi
3104 3780 3198 3836 Dei
3249 3779 3519 3835 dextram.

275 3893 432 3963 261
463 3892 734 3946 (heterum
774 3890 891 3945 haec
928 3890 1104 3958 majus
1140 3890 1308 3944 otium
1346 3887 1513 3952 nacti,
1541 3887 1842 3942 absolutius
1875 3880 2170 3952 aliquando
2198 3877 2597 3934 enarrabimus.

805 3988 1199 4059 ΚΕΦΛᾸΑΙΟΝ
1246 4001 1322 4054 Γι.

287 4117 417 4172 Ἀπὸ
454 4117 702 4187 ψαλμοῦ
735 4122 848 4186 μθ.
888 4147 957 4187 5-
990 4115 1083 4181 Ὠς
1118 4110 1393 4187 ἐμφανῶς
1432 4109 1606 4187 ἥξειν
1704 4107 1849 4187 Θεὸς

345 4193 433 4256 εὶς
457 4176 807 4255 ἃνθρὠποὺς
849 4176 1102 4254 λέγεται,
1129 4176 1226 4256 καὶ
1267 4182 1388 4256 πᾶν
1424 4179 1598 4250 γένος
1629 4176 1850 4246 ἀνθρώ-

348 4255 477 4314 πων
510 4259 661 4326 πρὸς
690 4257 905 4310 ἑαυτὸν
935 4255 1442 4309 ἀνακαλέσασθαι.

354 4395 372 4426 ι
405 4374 540 4435 Θεὸς
569 4371 704 4424 θεῶν
735 4372 938 4440 Κύριος
965 4368 1214 4437 ὲλάλησε,
1253 4366 1347 4418 καὶ
1379 4362 1600 4416 ἐκάλεσε
1628 4360 1725 4431 τὴν
1747 4360 1850 4430 γῆν

277 4467 385 4521 ἀπὸ
413 4462 689 4518 ἀνατολῶν
724 4461 873 4532 ἡλίου
915 4459 1010 4512 καὶ
1041 4458 1201 4529 μέχρι
1240 4453 1477 4525 δυσμῶν.
1522 4453 1616 4506 Ἐκ
1645 4450 1781 4503 Σιὼν
1813 4451 1846 4520 ἡ

2551 3983 2779 4041 CAPUT
2833 3982 2918 4037 Ill.

1955 4106 1998 4160 Α
2031 4103 2234 4171 psalmo
2258 4117 2404 4154 χιιι.
2439 4131 2508 4171 τ-
2546 4097 2698 4164 Quod
2722 4096 2999 4164 manifeste
3033 4095 3101 4148 ad
3126 4095 3359 4171 nomines
3396 4108 3521 4171 ven:

2028 4161 2174 4226 turus
2208 4172 2406 4224 dicitur
2438 4161 2609 4232 Deus,
2641 4178 2687 4220 et
2727 4161 2877 4220 omne
2928 4181 3088 4235 genus
3135 4165 3401 4218 hominum
3451 4161 3520 4214 ad

2026 4246 2256 4312 seipsum
2294 4249 2650 4293 revocaturus.

2029 4371 2048 4404 ι
2091 4352 2234 4408 Deus
2263 4352 2485 4406 deorum
2515 4348 2776 4402 Dominus
2823 4348 3038 4402 locutus
3083 4353 3188 4405 est,
3222 4351 3275 4398 et
3307 4343 3521 4397 vocavit

1953 4452 2154 4499 terram
2191 4457 2222 4495 a
2253 4443 2385 4497 solis
2431 4449 2555 4494 ortu
2608 4453 2778 4507 usque
2809 4441 2874 4489 ad
2918 4451 3194 4490 occasum.
3255 4432 3333 4486 Ex
3389 4431 3519 4486 Sion

273 4556 581 4628 εὐπρέπεια
611 4553 709 4624 τῆς
743 4550 1068 4622 (δραιότητος
1106 4547 1288 4601 αὑτοῦ.
1336 4547 1394 4598 '0
1425 4544 1556 4607 Θεὸς
1594 4541 1849 4613 ἐμφανῶς

1962 4535 2166 4604 species
2198 4533 2413 4588 decoris
2447 4531 2566 4600 ejus
2597 4550 2609 4584 :
2655 4531 2796 4584 Deus
2827 4527 3115 4580 manifeste
3143 4525 3342 4586 veniet,
3379 4523 3519 4578 Deus

274 4650 416 4721 ἡξει,
448 4648 478 4699 ὁ
519 4645 652 4708 Θεὸς
695 4643 871 4714 ἡμῶν,
908 4642 1003 4694 κοιλ⁸
1034 4642 1094 4693 οὐ
1136 4639 1639 4710 παρασιωπήσεται.
1678 4653 1697 4686 ›
1738 4635 1848 4686 Καὶ

272 4741 395 4809 μεθ’
454 4739 651 4809 ἕτερα·
686 4753 706 4787 ‹
742 4735 1023 4794 Ἄκουσον,
1071 4730 1222 4802 φησι,
1261 4728 1387 4791 λαός
1431 4744 1552 4796 μου,
1608 4726 1702 4779 καὶ
1750 4724 1846 4777 λα-

273 4833 424 4904 λήσω
459 4848 565 4894 σοι,
605 4826 838 4898 Ἰσραὴλ,
871 4825 964 4878 καὶ
1007 4817 1450 4893 διαμαρτύρομαί
1483 4834 1585 4869 σοι.
1633 4813 1693 4869 Ὀ
1718 4815 1850 4878 Θεὸς

273 4926 304 4976 ὁ
347 4924 480 4986 Θεὸς
531 4937 624 4974 σου
677 4919 792 4988 εἰμὶ
846 4916 975 4984 ἐγώ.
1037 4917 1151 4967 Οὐκ
1201 4913 1292 4965 ἐπὶ
1343 4913 1461 4972 ταῖς
1493 4908 1705 4970 θυσίαις
1753 4921 1848 4958 σου

269 5015 481 5083 ἐλέγξω
503 5030 585 5066 σε.
611 5011 694 5064 Τὰ
719 5011 775 5064 δὲ
800 5003 1218 5076 ὁλοκαυτώματά
1240 5018 1330 5054 σου
1363 4997 1590 5053 ἐνώπιόν
1621 5015 1720 5068 μου
1745 4995 1850 5048 εἰσὶ

271 5106 362 5160 διὰ
393 5104 617 5167 παντός.
672 5102 747 5156 Οὐ
786 5099 1005 5169 δέξομαι
1035 5099 1098 5149 ὲκ
1141 5094 1234 5148 τοῦ
1269 5093 1418 5146 οἴκου
1467 5107 1559 5143 σου
1594 5089 1848 5158 μόσχους,

273 5196 392 5249 ούδὶ
432 5197 499 5249 ὲκ
537 5194 646 5247 τῶν
690 5191 956 5262 ποιμνίων
1009 5205 1098 5240 σου
1139 5185 1428 5256 χιμάρους,
1465 5183 1546 5234 ὅτι
1582 5180 1690 5249 ὲμά
1733 5181 1849 5231 ἐστι

274 5290 449 5342 πάντα
481 5287 552 5341 τὰ
583 5284 748 5357 θηρία
793 5281 886 5335 τοῦ
933 5278 1159 5351 δρυμοῦ,
1211 5279 1380 5347 κτήνη
1431 5278 1488 5327 ἐν
1533 5276 1644 5335 τοῖς
1675 5272 1844 5342 ὄρεσι,

271 5379 368 5433 καὶ
411 5379 562 5450 βόεςο
597 5378 816 5446 ἔγνωκα
864 5375 1039 5428 πάντα
1083 5369 1149 5422 τὰ
1201 5368 1416 5421 πετεινὰ
1459 5365 1552 5418 τοῦ
1595 5361 1846 5434 ούρανοῦ,

276 5469 367 5521 καὶ
392 5469 662 5539 ὼραιότης
693 5461 866 5535 ἀγροῦ
901 5461 1012 5533 μετ’
1043 5456 1176 5530 ἐμοῦ
1207 5461 1373 5510 ἐστιν.
1423 5456 1548 5508 Ἐὰν
1584 5454 1842 5512 πεινάσω,

271 5559 328 5611 οὔ
362 5564 433 5632 μή
462 5577 544 5614 σοι
577 5560 722 5612 εἴπω
743 5573 757 5586 ο
791 5554 898 5626 ὲμὴ
925 5553 1032 5624 γάρ
1061 5552 1206 5603 ἐστιν
1243 5550 1275 5618 ὴ
1304 5546 1613 5618 οἰκουμένη,
1654 5545 1756 5632 καί
1785 5545 1846 5596 τὸ

269 5631 537 5726 πλήρωμα
573 5648 769 5720 αὐτῆς.
806 5645 895 5716 Μὴ
922 5645 1162 5715 φάγομαι
1193 5641 1332 5713 κρέα
1365 5638 1599 5708 ταύρων,
1631 5638 1663 5706 ἦ
1706 5631 1844 5705 αἷμα

335 5809 374 5843 ¹¹
407 5811 613 5875 Ephes.
673 5821 764 5866 iv,
798 5801 884 5856 10.
963 5799 1008 5830 "
1035 5797 1178 5854 Psal.
1212 5813 1366 5858 xxtu,
1409 5796 1524 5849 7-9.
1607 5796 1647 5826 ¹⁹
1682 5791 1854 5848 Ρεοὶ,ι

1962 5788 2046 5853 ,2,
2079 5787 2131 5841 5.

1955 4635 2161 4688 noster,
2192 4631 2246 4676 et
2275 4637 2381 4677 non
2412 4623 2593 4677 silebit
2625 4621 2693 4672 ²⁰.
2733 4639 2750 4671 ›
2790 4619 2852 4672 Ει
2883 4626 3004 4688 post
3057 4616 3318 4670 nonnulla
3358 4615 3463 4669 alia
3500 4634 3513 4668 :

1960 4737 1978 4770 ι
2007 4717 2168 4777 Audi,
2201 4715 2395 4784 inquit,
2417 4714 2648 4782 populus
2672 4726 2844 4775 meus,
2878 4721 2931 4764 et
2961 4711 3154 4779 loquar
3189 4707 3307 4770 tibi,
3327 4705 3516 4769 Israel,

1955 4817 2008 4864 et
2045 4807 2380 4862 testificabor
2412 4805 2528 4867 tibi,
2564 4803 2703 4858 Deus
2736 4801 2878 4856 Deus
2911 4811 3036 4855 tuus
3065 4815 3187 4853 sum
3241 4813 3363 4867 ego.
3396 4795 3514 4850 Non

1957 4901 2010 4953 in
2046 4898 2329 4954 sacriﬁciis
2361 4897 2469 4950 tuis
2495 4910 2717 4963 arguam
2748 4901 2800 4946 te
2832 4910 2845 4945 :
2884 4891 3200 4944 holocausta
3230 4896 3516 4940 autemlua

1957 4993 2013 5046 in
2042 4997 2336 5060 conspectu
2369 5002 2488 5041 meo
2540 4997 2668 5041 sunt
2700 5000 2930 5054 semper.
2989 4981 3108 5036 Non
3160 4981 3424 5049 accipiam
3450 4978 3518 5032 de

1954 5083 2115 5138 domo
2142 5093 2232 5136 tua
2265 5081 2466 5134 vitulos
2501 5119 2516 5141 ,
2568 5093 2743 5146 neque
2777 5077 2830 5127 in
2860 5073 3112 5144 gregibus
3154 5070 3265 5124 tuis
3312 5069 3516 5131 hircos,

1953 5174 2208 5244 quoniam
2245 5187 2376 5228 mea:
2407 5178 2534 5224 sunt
2562 5183 2750 5222 omnes
2783 5166 2907 5220 ferte
2946 5165 3241 5234 sylvarum,
3269 5160 3517 5228 jumenta

1953 5266 2010 5319 in
2059 5264 2366 5328 montibus,
2401 5274 2452 5317 et
2487 5262 2705 5315 boves:
2767 5257 2999 5326 cognovi
3047 5253 3228 5306 omnia
3275 5251 3516 5304 volatilia

1954 5359 2101 5421 omli,
2133 5366 2187 5412 et
2219 5355 2568 5426 pulchritudo
2602 5353 2717 5422 agri
2746 5363 2956 5404 mecum
2997 5353 3100 5400 est.
3139 5343 3194 5396 Si
3247 5343 3516 5408 esuriero,

1956 5466 2064 5504 non
2087 5449 2266 5503 dicam
2298 5448 2391 5502 tibi
2413 5436 2615 5513 {meus
2636 5455 2717 5499 est
2747 5442 2891 5497 enim
2925 5437 3076 5494 orbis
3107 5445 3287 5499 terrae,
3321 5444 3372 5489 et
3407 5434 3522 5503 ple-

1953 5538 2145 5593 nitudo
2166 5539 2306 5607 ejus.
2337 5535 2610 5604 Numquid
2625 5527 2963 5585 manducabo
2993 5540 3185 5580 carnes
3201 5532 3480 5576 taurorum
3497 5522 3524 5574 τ

1951 5638 2045 5685 aut
2077 5631 2394 5700 sanguinem
2433 5627 2706 5679 hircorum
2738 5619 2939 5690 potabo
2971 5617 2996 5673 1
3034 5616 3254 5670 immola
3282 5613 3391 5668 Deo
3430 5629 3519 5667 su-

2207 5785 2252 5816 ²⁰
2277 5781 2423 5836 Psal.
2448 5795 2594 5845 xLIx,
2639 5779 2751 5833 1-3.
