3902 6264
415 382 521 439 M9

1058 371 1343 431 'EUSEBII
1371 369 1853 428 CAESARIENSIS
1893 367 2042 425 OPP.
2077 366 2255 422 PARS
2293 362 2356 421 11.
2393 397 2463 407 -
2493 364 2989 422 APOLOGETICA.

3553 364 3659 420 4%0

416 473 681 531 oriﬁcium
706 468 909 534 laudis,
942 472 997 521 et
1025 468 1193 520 redde
1214 463 1499 519 Altissimo
1527 472 1653 517 vota
1690 471 1803 526 tua,
1825 471 1879 518 et
1910 464 1985 516 in-

2099 457 2304 529 ιράγων
2330 456 2521 527 πίομαι
2545 472 2559 522 ;
2589 456 2761 511 Θῦσον
2786 456 2863 526 τῷ
2891 455 3008 527 Θεῷ
3036 454 3226 510 θυσίαν
3254 455 3535 519 αἰνέσεως,
3567 457 3655 510 καὶ

414 582 552 624 voca
587 580 673 618 me
707 565 762 617 in
804 560 893 615 die
918 556 1292 613 tribulationis
1318 555 1385 610 “.
1420 574 1440 607 ι
1476 554 1656 609 Etiam
1706 554 1810 608 hoc
1862 554 1983 608 loco

415 656 598 711 divina
650 651 928 724 praedictio
959 649 1116 720 plane
1147 647 1316 703 Deum
1347 644 1635 701 manifeste
1690 652 1984 700 venturum

414 751 583 813 canit,
615 761 738 818 quae
783 743 1004 814 quidem
1035 756 1146 795 non
1181 740 1349 794 alium
1379 778 1396 804 ,
1447 753 1612 809 quam
1667 737 1845 806 ipsum
1889 735 1986 792 Dei

415 836 655 893 Verbum
688 833 980 905 significat.
1004 831 1153 885 Illius
1183 844 1314 884 vero
1344 827 1609 882 adventus
1624 840 1846 881 causam
1866 839 1985 879 ma-

414 912 770 981 nifestissime
796 922 1021 985 indicat,
1049 934 1114 972 ac
1143 918 1385 989 gentium
1409 932 1624 977 rursus,
1649 929 1769 987 qua:
1789 914 1845 968 in
1875 920 1984 967 tota

418 1030 561 1073 terra
598 1017 976 1076 continentur,
1027 1011 1370 1065 vocationem
1416 1007 1652 1062 futuram
1680 1008 1987 1062 denuntiat.

416 1114 609 1182 Itaque
646 1130 665 1161 ί
710 1107 955 1169 Vocavit,
990 1104 1187 1173 inquit,
1220 1113 1442 1168 terram,
1481 1101 1548 1155 ab
1581 1107 1702 1154 ortu
1734 1100 1865 1155 solis
1893 1114 1988 1153 us-

418 1219 524 1274 que
550 1202 616 1256 ad
636 1213 913 1255 occasum.
940 1217 959 1249 ι
989 1197 1124 1251 Miro
1150 1202 1331 1248 autem
1367 1192 1602 1261 quodam
1632 1191 1843 1255 ordine,
1866 1197 1989 1261 post

417 1297 705 1350 adventum
738 1292 886 1345 illius
908 1330 922 1353 ,
954 1296 1007 1343 et
1040 1297 1159 1358 post
1200 1285 1443 1356 gentium
1469 1282 1830 1347 vocationem,
1867 1281 1991 1351 reji-

417 1387 670 1442 ciendam
710 1399 831 1439 esse
861 1389 1097 1436 veterem
1146 1378 1293 1432 illam
1338 1374 1558 1445 corpori
1588 1373 1763 1444 magis
1811 1374 1990 1428 inser-

418 1479 677 1540 vientem,
700 1489 863 1544 quam
890 1470 1125 1541 spiritui,
1148 1484 1211 1523 ex
1248 1468 1364 1538 lege
1394 1466 1592 1538 Moysis
1617 1465 1989 1519 adorationem

419 1570 600 1630 docet,
623 1582 746 1637 qua:
791 1566 907 1635 ipsa
936 1577 1154 1631 quoque
1203 1574 1363 1614 suum
1394 1557 1621 1627 contigit
1653 1555 1833 1619 finem,
1867 1560 1991 1624 post

419 1658 516 1714 Dei
540 1656 704 1712 Verbi
742 1654 808 1709 ad
842 1653 1089 1709 homines
1149 1649 1465 1704 adventum.
1510 1649 1590 1702 Ex
1627 1648 1719 1701 illo
1750 1646 1894 1701 enim
1923 1645 1991 1701 ad

421 1747 567 1802 hunc
598 1760 771 1815 usque
826 1743 968 1797 diem
1028 1739 1339 1809 vocatijam
1374 1746 1502 1792 sunt
1545 1753 1736 1792 omnes
1782 1736 1849 1792 de
1876 1745 1990 1792 toto

419 1842 552 1897 orbe
584 1849 852 1894 terrarum
903 1834 1151 1889 homines
1177 1872 1194 1899 ,
1241 1845 1540 1900 omnesque
1574 1830 1643 1885 ab
1684 1837 1809 1884 ortu
1859 1829 1990 1885 solis

420 1949 595 2003 usque
625 1932 691 1985 ad
717 1943 973 1984 occasum
1002 1938 1210 1997 gentes.
1270 1923 1520 1979 Cessavit
1553 1930 1756 1989 autem,
1806 1922 1991 1978 subla-

419 2039 617 2097 tusque
669 2030 754 2079 est
808 2020 1118 2075 Iudaeorum
1150 2018 1287 2072 ritus
1316 2056 1331 2080 ,
1381 2016 1473 2070 ubi
1524 2030 1589 2070 ex
1618 2012 1770 2069 Novo
1827 2014 1988 2085 262

419 2114 744 2186 evangelicae
788 2108 1194 2181 praedicationis
1243 2106 1630 2169 Testamento,
1668 2119 1777 2158 non
1807 2114 1988 2159 autem

418 2209 616 2278 exlcge
631 2205 852 2275 Moysis,
875 2217 1066 2257 omnes
1098 2200 1345 2255 homines
1369 2198 1539 2254 Deum
1568 2198 1769 2261 colere,
1794 2205 1990 2251 etcum

417 2301 619 2370 pietate
657 2295 1137 2357 vivereadmoniti
1184 2292 1478 2362 edoctique
1547 2298 1698 2345 sunt.
1734 2290 1991 2344 Attamen

417 2392 609 2450 eadem
639 2390 753 2445 haec
781 2389 850 2443 ad
882 2386 1184 2444 secundum
1228 2384 1645 2456 gloriosumque
1694 2380 1993 2437 Salvatoris

418 2487 735 2550 adventum,
756 2482 947 2539 referri
977 2480 1107 2535 item
1137 2492 1389 2551 possunt.

1026 2591 1256 2649 CAPUT
1295 2591 1381 2647 IV.

420 2712 463 2768 Α
510 2711 716 2782 psalmo
741 2724 1065 2782 uxxr.t_._——_-
1088 2705 1525 2782 Quoti_vide_ndus
1552 2704 1604 2782 in
1625 2711 1766 2756 terra
1795 2700 1993 2754 dicere.

491 2773 578 2837 iur
605 2781 766 2847 Deus,
800 2795 891 2847 per
919 2776 1120 2832 Christi
1145 2775 1213 2829 ad
1244 2775 1477 2828 homines
1513 2773 1815 2827 adventum.

497 2977 519 3012 ι
570 2957 852 3013 Videbitur
874 2956 1017 3009 Deus
1052 2955 1280 3010 deorum
1310 2956 1366 3010 in
1391 2952 1545 3008 Sion.
1575 2952 1805 3006 Domine
1849 2951 1992 3007 Deus

419 3052 708 3115 virtutum,
734 3047 929 3104 exaudi
951 3047 1254 3102 orationem
1274 3060 1473 3109 meam,
1494 3044 1719 3099 auribus
1751 3044 1988 3113 percipe,

422 3142 568 3197 Deus
589 3139 775 3195 Jacob.
805 3137 1088 3193 Protector
1117 3145 1305 3191 noster
1332 3135 1533 3205 aspice,
1575 3133 1739 3199 Deus,
1778 3133 1990 3203 respice

2090 549 2286 612 ἀπόδος
2321 547 2399 619 τῷ
2440 549 2675 619 ’Υψίστῳ
2716 546 2815 611 τὰς
2862 546 3026 618 εὐχάς
3076 563 3189 613 σου,
3217 548 3310 601 καὶ
3339 546 3661 603 ὲπικάλεσαί

2089 660 2157 713 με
2181 643 2238 696 ἐν
2281 641 2460 713 ἡμέρᾳ
2485 639 2730 710 θλίψεως.
2764 658 2785 691 ι
2820 637 3117 709 Κάνταῦθα,
3143 641 3177 709 ἡ
3205 636 3323 693 θεία
3354 641 3662 713 πρόρρησις

2088 733 2274 803 σαφῶς
2319 733 2451 787 Θεὸν
2494 731 2751 803 ἐμφανῶς
2790 730 2940 802 ἥξειν
2983 727 3246 795 θεσπίζει,
3290 732 3390 784 οὐκ
3435 731 3662 805 ἄλλονῆ

2085 827 2176 881 τὸν
2201 826 2294 880 τοῦ
2337 824 2473 879 Θεοῦ
2507 825 2676 895 Λόγον
2719 824 2970 895 δηλοῦσα.
3016 824 3126 877 Kal.
3164 824 3224 877 τὸ
3261 823 3431 878 αἴτιον
3471 824 3533 878 δὲ
3562 822 3663 895 τῆς

2088 916 2386 989 παρουσίας
2419 913 2596 968 αὐτοῦ·
2628 912 2938 982 σαφέστατα
2981 910 3327 983 παρίστησιν,
3368 905 3528 973 αὖθις
3561 909 3663 981 τὴν

2087 1009 2277 1080 κλῆσιν
2328 1002 2662 1078 σημαίνουσα
2705 1003 2814 1056 τῶν
2863 1001 2984 1056 καθ’
3033 1001 3160 1073 ὅλης
3203 1001 3302 1072 τῆς
3337 1000 3665 1071 οἰκουμένης

2089 1103 2279 1158 ἐθνῶν·
2322 1120 2341 1152 ι
2400 1099 2656 1153 Ἐκὰλεσε
2711 1097 2861 1166 γοῦν,
2919 1097 3072 1167 φησὶ,
3107 1095 3204 1167 τὴν
3244 1095 3345 1165 γῆν
3400 1093 3510 1146 άπὸ
3536 1093 3668 1145 άνα-

2087 1190 2255 1245 τολῶν
2282 1190 2432 1262 ἡλίου
2462 1189 2555 1242 καὶ
2591 1187 2750 1259 μέχρι
2781 1184 3017 1256 δυσμῶν.
3050 1204 3067 1235 ι
3107 1183 3317 1254 Σφόδρα
3355 1182 3413 1235 δὲ
3442 1181 3667 1236 ἀκολού-

2089 1281 2197 1345 θως
2227 1281 2367 1352 μετὰ
2392 1281 2489 1352 τὴν
2534 1278 2856 1347 ἐπιφάνειαν
2889 1274 3074 1341 αὐτοῦ,
3102 1277 3196 1329 καὶ
3237 1275 3374 1345 μετὰ
3407 1274 3506 1346 τὴν
3533 1274 3668 1345 κλῆ-

2092 1391 2175 1427 σιν
2210 1372 2318 1426 τῶν
2349 1372 2516 1426 ἐθνῶν
2541 1411 2557 1437 ,
2591 1372 2690 1442 τὴν
2731 1371 3060 1443 παραίτησιν
3097 1370 3196 1440 τῆς
3236 1369 3377 1422 κατὰ
3413 1368 3505 1421 τὸν
3531 1369 3669 1422 Μω-

2092 1466 2228 1529 σέως
2253 1466 2415 1537 νόμον
2458 1464 2917 1536 σωματικωτέρας
2945 1462 3194 1533 λατρείας
3223 1460 3483 1525 διδάσκει,
3508 1462 3542 1531 ὴ
3572 1461 3673 1514 καὶ

2089 1558 2224 1629 αὐτὴ
2249 1557 2435 1620 τέλους
2460 1555 2617 1625 ἔτυχε
2648 1554 2783 1626 μετὰ
2822 1553 2917 1625 τὴν
2938 1552 3032 1606 τοῦ
3059 1550 3192 1604 Θεοῦ
3218 1551 3389 1619 Λόγου
3420 1553 3500 1615 είς
3534 1552 3675 1604 πάν-

2089 1667 2190 1713 τας
2218 1647 2536 1720 ἀνθρώπους
2561 1647 2904 1717 ὲπιφάνειαν.
2952 1646 3039 1711 Ἐξ
3069 1645 3275 1698 ἐκείνου
3311 1644 3416 1715 γάρ
3450 1660 3533 1696 τοι
3574 1642 3673 1698 καὶ

2090 1744 2170 1806 είς
2201 1741 2359 1813 δεῦρο
2405 1740 2696 1812 κέκληνται
2731 1739 2831 1811 μὲν
2870 1737 3070 1801 πάντες
3113 1739 3162 1791 οἱ
3204 1736 3298 1790 ἐπὶ
3347 1736 3530 1806 πάσης
3570 1735 3670 1806 τῆς

2091 1835 2414 1906 οἰκουμένης
2457 1833 2752 1904 ἄνθρωποι,
2794 1831 2888 1886 καὶ
2930 1830 3107 1884 πάντα
3149 1830 3218 1884 τά
3256 1829 3362 1884 ἀπὸ
3394 1827 3673 1882 ἀνατολῶν

2093 1928 2189 1981 καὶ
2222 1929 2381 2000 μέχρι
2404 1927 2620 1999 δυσμῶν
2655 1926 2803 1998 ἔθνη.
2837 1928 3121 1983 Πέπαυται
3150 1925 3208 1979 δὲ
3238 1924 3332 1978 καὶ
3364 1921 3671 1993 καθῄρηται

2092 2022 2128 2091 ἡ
2158 2018 2301 2073 κατὰ
2337 2017 2616 2082 Ἰουδαίους
2649 2017 2933 2090 θρησκεία,
2960 2018 3103 2072 κατὰ
3129 2016 3227 2088 τὴν
3260 2014 3451 2085 καινὴν
3477 2012 3682 2083 Διαθῆ-

2091 2131 2195 2183 κην
2225 2111 2316 2166 τοῦ
2348 2111 2699 2181 εὐαγγελικοῦ
2729 2112 3104 2183 κηρύγματος,
3146 2108 3258 2162 ἁλλ’
3298 2108 3358 2161 οὐ
3393 2105 3553 2160 Κατὰ
3576 2104 3675 2158 τὸν

2091 2205 2334 2269 Μωσέως
2368 2205 2551 2275 νόμον,
2609 2205 2826 2258 πάντων
2849 2202 3150 2275 ἀνθρώπων
3178 2199 3419 2254 εὐσεϐεῖν
3444 2215 3673 2271 παρηγ-

2091 2295 2388 2365 γελμένων.
2424 2292 2607 2346 Ταῦτα
2638 2293 2695 2345 δὲ
2742 2293 2836 2346 καὶ
2885 2293 2977 2345 ἐπὶ
3018 2291 3118 2364 τὴν
3157 2289 3413 2360 δευτέραν
3446 2288 3542 2343 καὶ
3584 2287 3677 2342 ἐν·-

2090 2387 2239 2452 δοξον
2270 2386 2589 2456 ἐπιφάνειαν
2618 2384 2713 2438 τοῦ
2743 2385 2995 2457 Σωτῆρος
3024 2383 3346 2454 ἀναφέροιτο
3372 2382 3456 2436 άν.

2637 2583 3028 2637 ΚΕΦΑΛΑΙΟΝ
3053 2584 3130 2638 Δ’.

2104 2695 2263 2780 Ἀπὸ·
2285 2698 2531 2780 ψαλμοῦ
2563 2697 2914 2780 παρ’-’Ὡς
2949 2697 3207 2780 ἐπὶῃτῆς
3237 2696 3678 2780 ὀφθήσεσθαιῤ

2163 2767 2307 2832 Θεὸς
2344 2767 2579 2835 λέγεται
2619 2768 2718 2822 διὰ
2742 2767 2849 2837 τῆς
2887 2768 2996 2823 τοῦ
3035 2767 3296 2838 Χριστοῦ
3334 2771 3420 2834 εὶς
3446 2767 3675 2837 ἀνθρὼ-

2161 2854 2315 2903 πους
2345 2839 2715 2907 ἐπιφανείας.

2168 2970 2185 2999 ε
2235 2950 2559 3022 Ὀφθήσεται
2595 2954 2624 3005 6
2669 2952 2800 3017 Θεὸς
2833 2952 2943 3006 τῶν
2982 2952 3120 3008 θεῶν
3148 2956 3205 3009 ἐν
3248 2953 3406 3009 Σιών.
3438 2955 3614 3027 Κύριε
3642 2957 3675 3010 ὁ

2091 3038 2223 3102 Θεὸς
2266 3040 2372 3092 τῶν
2408 3040 2709 3112 δυνάμεων,
2738 3044 3050 3097 εἰσάκουσον
3080 3044 3177 3115 τῆς
3208 3047 3513 3116 προσευχῆς
3545 3064 3673 3118 μου,

2092 3128 2365 3195 ὲνώτισαι,
2401 3133 2429 3185 6
2453 3132 2584 3195 Θεὸς
2619 3132 2810 3186 Ἰακώϐ
2830 3151 2842 3163 ·
2886 3135 3266 3205 ὑπερασπιστὰ
3309 3136 3489 3207 ἡμῶν,
3521 3137 3617 3203 ῐδε,
3641 3138 3677 3190 ὁ

423 3234 480 3287 in
512 3231 705 3286 faciem
732 3231 937 3287 Christi
967 3230 1047 3284 tui
1073 3231 1138 3284 “.
1169 3248 1186 3281 ι
1228 3228 1523 3297 Postquam
1559 3225 1726 3280 Deum
1761 3226 1988 3281 deorum

2099 3221 2246 3286 Θεὸς,
2277 3225 2372 3276 καὶ
2420 3223 2709 3294 ἐπίϐλεψον
2740 3227 2831 3279 ἐπὶ
2861 3227 2923 3278 τὸ
2970 3229 3264 3298 πρόσωπον
3292 3228 3384 3282 τοῦ
3428 3230 3674 3301 Χριστοῦ

421 3323 715 3379 videndum
747 3323 1017 3393 praedixit,
1045 3331 1161 3377 tum
1209 3328 1330 3376 orat
1361 3321 1653 3376 adventum
1683 3319 1803 3390 ejus
1824 3333 1989 3389 quam

422 3416 707 3471 celerrime
736 3416 962 3480 adesse,
1025 3413 1246 3469 modum
1280 3429 1390 3484 quo
1418 3412 1687 3467 videndus
1730 3412 1803 3466 sit
1847 3410 1990 3466 inte-

425 3507 529 3561 rim
559 3507 764 3562 docens
802 3507 914 3562 illis
947 3507 1128 3562 verbis
1159 3525 1173 3561 :
1207 3528 1226 3558 ‹
1263 3505 1493 3576 Respice
1524 3504 1580 3559 in
1614 3503 1806 3559 faciem
1832 3502 1994 3558 Chri-

424 3600 495 3655 sti
519 3600 618 3664 tui,
661 3618 680 3652 ›
709 3614 818 3653 non
861 3599 1019 3654 aliter
1049 3614 1212 3669 quam
1264 3599 1503 3669 planius,
1536 3598 1803 3652 dixisset:
1864 3593 1997 3649 Post

424 3692 614 3746 faciem
662 3689 869 3746 Christi
917 3691 995 3744 tui
1046 3691 1226 3760 praebe
1256 3690 1488 3759 teipsum
1513 3689 1823 3744 videndum.
1858 3685 1996 3740 Pro-

423 3792 606 3855 pterea
627 3783 794 3848 enim,
828 3783 976 3853 quod
1006 3800 1025 3834 ‹
1065 3782 1159 3852 qui
1192 3781 1324 3836 vidit
1356 3780 1574 3848 Filium,
1611 3780 1747 3835 vidit
1778 3779 1992 3833 Patrem

423 3877 517 3946 qui
546 3876 695 3930 misit
720 3875 873 3928 illum
902 3874 948 3905 “
982 3893 996 3928 :
1063 3893 1082 3926 ι
1112 3873 1307 3927 merito
1356 3887 1456 3942 per
1510 3872 1705 3927 faciem
1765 3872 1992 3935 Christi,

425 3984 549 4023 eum
579 3968 675 4038 qui
702 3969 759 4022 in
780 3967 1003 4023 Christo
1016 3965 1242 4029 habitat,
1272 3964 1441 4019 Deum
1461 3963 1686 4019 deorum
1704 3963 1993 4018 videndum

425 4061 728 4117 denuntiat.
830 4082 833 4087 ν

1043 4254 1274 4311 CAPUT
1314 4253 1378 4307 V.

427 4373 471 4427 A
512 4369 718 4442 psalmo
748 4384 870 4442 xcv.
902 4397 984 4442 -γ
1013 4369 1279 4423 Adventus
1327 4368 1543 4423 Domini
1588 4368 1643 4421 in
1675 4375 1871 4442 terram
1913 4381 1996 4418 re-

497 4434 774 4513 gnumque
806 4440 919 4513 ejus
970 4441 1104 4513 inter
1145 4449 1355 4513 gentes,
1401 4450 1673 4513 etnovum
1712 4434 1993 4491 Canticum

496 4507 600 4567 non
620 4507 720 4580 ipsi
749 4507 940 4574 Iertael,
976 4512 1064 4565 sed
1088 4507 1326 4580 gentibus
1357 4507 1723 4564 exhibendum.

502 4713 522 4746 ι
543 4692 772 4748 Cantate
785 4690 1015 4746 Domino
1027 4690 1303 4745 canticum
1321 4703 1542 4751 novum,
1565 4694 1782 4742 cantate
1811 4686 1995 4742 Domi-

428 4800 523 4851 no,
546 4786 915 4854 omnis,terra,
936 4790 1154 4837 cantate
1185 4781 1439 4844 Domino,
1460 4779 1764 4835 benedicite
1783 4781 1990 4835 nomini

424 4881 570 4952 ejus,
599 4878 917 4932 annuntiate
976 4877 1045 4931 de
1101 4877 1189 4931 die
1241 4876 1295 4929 in
1351 4875 1494 4929 diem
1545 4876 1785 4930 salutare
1834 4874 1990 4944 ejus,

427 4972 750 5027 annuntiate
797 4970 942 5024 inter
992 4976 1181 5039 gentes
1234 4968 1460 5038 gloriam
1492 4966 1645 5036 ejus,
1700 4968 1757 5021 in
1813 4966 1992 5022 omni-

425 5064 530 5119 bus
589 5061 805 5134 populis
864 5059 1133 5114 mirabilia
1197 5059 1317 5127 ejus
1363 5075 1376 5110 :
1437 5058 1697 5130 quoniam
1756 5071 1989 5127 magnus

426 5158 586 5229 263
644 5156 907 5210 Dominus
954 5162 1008 5209 et
1050 5153 1336 5208 laudabilis
1367 5153 1553 5217 nimis,
1584 5151 1844 5207 terribilis
1904 5159 1990 5206 est

423 5265 587 5319 super
622 5263 811 5303 omnes
834 5247 974 5303 Deos
1010 5246 1077 5301 ³⁸.
1110 5265 1129 5296 ι
1152 5245 1216 5300 Ει
1245 5260 1477 5300 rursus:
1525 5262 1547 5296 ε
1579 5243 1778 5297 Alferte
1804 5241 1988 5297 Domi-

427 5356 497 5395 no
519 5342 704 5410 patriae
733 5342 972 5410 gentium
996 5340 1066 5393 ".
1103 5357 1122 5390 ι
1159 5337 1224 5391 Ει
1244 5353 1437 5392 rursus
1471 5356 1486 5392 :
1518 5356 1538 5388 ι
1569 5336 1741 5391 Dicite
1769 5335 1825 5389 in
1857 5351 1990 5403 gen-

426 5433 571 5487 tibus
600 5433 744 5502 quod
799 5432 1062 5486 Dominus
1118 5430 1362 5500 regnavit
1401 5431 1468 5483 ⁸⁵.
1505 5448 1524 5482 ι
1557 5428 1639 5483 Ad
1684 5435 1988 5483 extremum

426 5540 554 5579 vero
580 5525 825 5593 adjungit
856 5542 869 5579 :
905 5543 926 5576 ‹
968 5526 1122 5579 Tunc
1152 5524 1503 5579 exsultabunt
1525 5523 1708 5577 omnia
1731 5522 1874 5593 ligna
1899 5521 1991 5576 sil-

426 5608 610 5671 varum
629 5630 659 5669 a
676 5614 812 5671 facie
832 5616 1067 5679 Domini,
1084 5616 1339 5685 quoniam
1359 5615 1540 5670 venit:
1564 5613 1822 5684 quoniam
1842 5613 1989 5669 venit

2093 3332 2205 3369 σου.
2232 3333 2253 3367 ι
2274 3316 2376 3369 Τὸν
2391 3315 2521 3368 Θεὸν
2544 3316 2651 3369 τῶν
2679 3315 2814 3370 θεῶν
2839 3318 3170 3389 ὀφθήσεσθαι
3191 3321 3488 3390 προειπὼν,
3515 3320 3677 3393 εὔχε-

2089 3425 2179 3462 ται
2208 3407 2307 3479 τὴν
2335 3409 2656 3478 ἐπιφάνειαν
2697 3409 2862 3463 αὑτοῦ
2990 3412 3154 3483 τάχος
3198 3415 3504 3487 ἐπιστῆναι,
3547 3416 3675 3470 καθ’

2062 3500 2149 3554 ,ὃν
2190 3500 2485 3573 ὀφθήσεται
2510 3502 2710 3572 τρόπον
2752 3503 3019 3557 διδάσκων
3058 3503 3143 3557 διά
3190 3505 3316 3559 τοῦ·
3355 3525 3373 3558 ι
3421 3507 3676 3561 Ἐπίόλε-ι

2091 3593 2190 3661 ψον
2219 3593 2311 3645 ἐπὶ
2350 3593 2411 3645 τὸ
2440 3594 2729 3665 πρόσωπον
2770 3595 2865 3648 τοῦ
2897 3596 3132 3666 Χριστοῦ
3175 3614 3268 3652 σου
3293 3615 3305 3624 ·
3349 3618 3366 3650 ι
3400 3598 3537 3652 ὡσεὶ
3570 3616 3675 3654 σαψ

2093 3684 2349 3755 φέστερον
2405 3686 2645 3757 εἰρήκειο
2698 3686 2796 3739 Διὰ
2843 3686 2932 3740 τοῦ
2978 3687 3266 3759 προσώπου
3310 3689 3404 3743 τοῦ
3431 3692 3673 3762 Χριστοῦ

2096 3794 2188 3830 σου
2236 3778 2550 3849 ἐπιφάνηθι.
2606 3779 2758 3832 Ἐπεὶ
2830 3779 2928 3852 γάρ
3000 3783 3030 3834 6
3102 3782 3365 3855 ἑωρακὼς
3405 3784 3499 3837 τὸν
3538 3785 3675 3839 Υίὸν

2094 3868 2307 3941 ἑώρακε
2349 3869 2441 3922 τὸν
2488 3869 2708 3942 Πατέρα
2746 3871 2838 3926 τὸν
2884 3873 3175 3945 πέμψαντα
3222 3875 3405 3939 αὐτὸν,
3442 3877 3676 3943 εἰκότως

2093 3960 2181 4014 διὰ
2224 3960 2318 4013 τοῦ
2365 3961 2651 4033 προσώπου
2679 3962 2774 4016 τοῦ
2820 3966 3056 4036 Χριστοῦ
3094 3967 3524 4040 ὲπιφανήσεσθαι
3577 3969 3678 4024 τὸν

2094 4053 2152 4105 ὲν
2196 4051 2274 4123 τῷ
2314 4052 2534 4123 Χριστῷ
2577 4054 2934 4109 κατοικοῦντα
2977 4057 3110 4111 Θεὸν
3157 4059 3266 4113 τῶν
3318 4058 3455 4115 θεῶν
3495 4063 3679 4131 ἐπαγ-

2094 4145 2292 4214 γέλλει.

2625 4260 3016 4316 ΚΕΦΑΛΑΙΟΝ
3060 4263 3136 4319 E'.

2107 4368 2238 4450 Ἀξό
2267 4370 2511 4450 ψαλμοῦ
2551 4377 2660 4450 ιβ’.-
2690 4402 2777 4450 —_
2798 4376 3348 4450 Hapovglaﬂvgtov
3392 4378 3491 4433 ἐπὶ
3530 4378 3668 4450 τῆς,

2158 4439 2448 4510 ,βασιλεία
2487 4458 2551 4494 τε
2577 4439 2780 4498 αὑτοῦ
2817 4439 2915 4498 ἐπὶ
2954 4445 3071 4498 τῶν
3102 4439 3310 4510 ἐθνῶν,
3344 4439 3559 4503 καινόῦ
3590 4439 3673 4505 ’ἑὲ

2165 4504 2330 4589 aqua
2370 4514 2442 4565 οὐ
2473 4511 2553 4577 τῷ
2606 4513 2874 4583 Ἰσραὴλ,
2915 4516 3075 4570 ἀλλὰ
3102 4516 3225 4583 τοῖς
3255 4504 3459 4573 ἔθνεσι
3491 4504 3674 4589 600n-

2021 4566 2069 4624 D
2164 4566 2441 4649 ὸόξιενον.

2170 4712 2189 4744 ε
2231 4695 2429 4766 Ι’ᾼσατε
2452 4695 2528 4766 τῷ
2551 4698 2740 4769 Κυρίῳ
2763 4695 2914 4770 ᾆσμα
2944 4701 3148 4767 καινὸν,
3178 4701 3343 4773 ᾄσατε
3358 4703 3436 4774 τῷ
3450 4705 3669 4777 Κυρίῳ,

2095 4788 2296 4858 πᾶσαὴ
2328 4789 2420 4858 γῆ.
2456 4791 2656 4860 ’ᾼσατε
2686 4790 2763 4862 τῷ
2794 4792 3005 4864 Κυρίῳ,
3034 4794 3361 4864 εὐλογήσατε
3386 4795 3447 4848 τὸ
3493 4796 3668 4868 δνομα

2093 4878 2277 4932 αὐτοῦ.
2301 4880 2738 4949 Εὐαγγελίσασθε
2767 4883 2975 4956 ἡμέραν
2995 4886 3055 4949 ἐξ
3080 4886 3291 4958 ἡμέρας
3316 4886 3376 4940 τὸ
3399 4890 3669 4960 σωτήριον

2094 4971 2256 5025 αὐτοῦ
2283 4988 2296 5002 ο
2314 5028 2317 5031 μ
2336 4973 2689 5041 ἀναγγείλατε
2719 4975 2777 5027 ὲν
2810 4979 2922 5039 τοῖς
2945 4975 3120 5030 ἔθνεσι
3146 4979 3245 5049 τὴν
3281 4975 3439 5043 δόξαν
3473 4979 3664 5046 αὑτοῦ,

2095 5064 2152 5116 ἐν
2192 5065 2324 5117 πᾶσι
2360 5068 2469 5128 τοῖς
2509 5065 2657 5128 λαοῖς
2687 5065 2757 5119 τά
2800 5067 3077 5139 θαυμάσια
3121 5070 3286 5125 αὐτοῦ
3312 5088 3325 5101 °
3372 5072 3453 5125 ὅτι
3487 5073 3667 5145 μέγας

2093 5154 2297 5226 Κύριος
2325 5156 2417 5208 καὶ
2450 5157 2658 5220 αἰνετὸς
2681 5159 2902 5232 σφόδρα,
2934 5160 3157 5232 φοϐερός
3193 5167 3339 5218 ἐστιν
3371 5165 3511 5235 ὑπὲρ
3532 5167 3667 5221 πάν-

2093 5263 2192 5309 τας
2231 5248 2358 5310 τοὺς
2398 5247 2567 5312 θεούς.
2613 5269 2631 5301 ι
2675 5251 2785 5303 Καὶ
2823 5252 2982 5307 πάλιν
3007 5271 3023 5284 ’
3060 5273 3078 5305 ι
3129 5255 3413 5323 Ἐνέγκατε
3442 5256 3521 5327 τῷ
3553 5258 3667 5310 Κυ-

2098 5337 2197 5410 ρίῳ
2219 5339 2277 5392 αἱ
2303 5343 2530 5411 πατριαὶ
2551 5342 2656 5397 τῶν
2678 5343 2868 5398 ἐθνῶν.
2907 5364 2926 5395 ι
2958 5346 3067 5399 Kal.
3091 5347 3250 5401 πάλιν
3269 5365 3281 5377 ·
3319 5367 3338 5399 ι
3370 5347 3577 5403 Εἴπατε
3606 5352 3663 5402 ἐν

2092 5432 2206 5493 τοῖς
2234 5430 2461 5496 ἔθνεσιν,
2500 5435 2581 5486 ὅτι
2613 5434 2817 5507 Κύριος
2853 5436 3187 5492 ἐϐασίλευσε.
3219 5458 3238 5491 ι
3282 5440 3393 5493 Καὶ
3438 5440 3531 5493 ἐπὶ
3560 5441 3668 5494 πᾶ-

2096 5539 2179 5576 σιν
2212 5522 2452 5592 ἐπιλέγει
2478 5541 2492 5556 ο
2538 5545 2557 5576 ι
2594 5525 2727 5579 Τότε
2767 5528 3180 5596 ἀγαλλιάσονται
3214 5531 3389 5585 πάντα
3424 5533 3493 5587 τὰ
3536 5532 3669 5598 ξύλα

2092 5614 2186 5668 τοῦ
2218 5614 2444 5687 δρυμοῦ,
2481 5617 2589 5671 ἀπὸ
2620 5618 2910 5689 προσώπου
2935 5623 3160 5694 Κυρίου,
3200 5624 3279 5677 ὅτι
3302 5624 3524 5695 ἔρχεται
3544 5643 3559 5657 ·
3584 5629 3666 5680 ὅτι

492 5771 539 5803 δι
573 5770 715 5830 Psal.
742 5787 890 5833 XLIX,
912 5770 1061 5825 7-15.
1138 5769 1340 5825 "Psal.
1365 5785 1570 5836 Luxu,
1602 5769 1755 5825 8-10.
1831 5771 1878 5803 "
1905 5770 1990 5825 Joa

2099 5772 2308 5837 111,45.
2386 5773 2431 5806 “
2469 5772 2611 5829 Psal.
2651 5791 2769 5841 xcv,
2795 5778 2906 5832 1-4.
2983 5779 3176 5836 "ibid.
3210 5780 3261 5835 7.
3336 5781 3382 5813 "
3402 5782 3537 5839 ibid.
3580 5783 3659 5839 to.
