3902 6264
277 361 357 415 621
1154 369 1808 430 DEMONSTItATlONIS
1846 375 2303 435 EVANGELICE
2345 379 2473 437 LIB.
2512 381 2598 437 Vl.

3420 394 3523 449 4‘22

273 481 378 577 ἣκει
404 485 588 552 κρῖναι
612 483 714 556 τὴν
737 482 862 556 γῆν.
889 485 1079 557 Κρινεῖ
1098 489 1196 561 τὴν
1218 490 1537 562 οἰκουμένην
1563 493 1623 544 ἐν
1642 491 1805 547 δικαιι

1913 543 1916 550 ι
1942 494 2193 565 judicare
2215 506 2437 552 terram.
2469 498 2744 554 Judicahit
2770 501 2960 558 orbem
3014 510 3176 560 terra:
3199 504 3253 560 in
3279 505 3519 577 justitia,

275 570 416 642 σύνῃ,
449 575 544 626 καὶ
584 572 747 639 λαοὺς
787 578 845 629 ὲν
883 580 948 648 τῇ
984 578 1212 651 ἀληθείᾳ
1245 580 1430 636 αὑτοῦ.
1472 601 1491 632 ι
1548 582 1841 636 Κάνταῦθα

269 664 420 717 πάλιν
457 667 752 737 ἐρχόμενος
788 672 869 734 εἰς
908 670 1227 743 ἀνθρώπους
1264 673 1469 745 Κύριος
1526 675 1838 746 προφητεύ-

268 774 400 823 εται,
431 759 618 811 καινόν
641 777 699 813 τε
727 756 880 832 ᾆσμα
898 764 992 816 ἐπὶ
1019 767 1087 835 τῇ
1107 766 1379 837 παρουσίᾳ
1405 765 1567 818 αὑτοῦ
1585 766 1833 837 ᾅσεσθαι,

264 849 352 919 τὴν
383 850 595 921 Καινὴν
635 853 927 925 Διαθήκην,
967 855 1028 907 οὐ
1075 856 1137 909 τὸ
1179 857 1448 911 Ἰουδαίων
1497 857 1669 923 ἔθνος,
1702 859 1837 914 ἀλλά

264 940 437 992 πᾶσαν
480 940 581 1012 τὴν
621 943 753 1012 γῆν·
805 944 1361 1016 εὐαγγελισθήσεσθαί
1406 964 1465 1000 τε
1510 949 1695 1003 οὐκέτι
1741 950 1835 1003 τὸν

271 1029 505 1101 Ἰσραὴλ,
553 1032 688 1087 ἀλλά
738 1034 915 1089 πάντα
961 1035 1030 1089 τά
1082 1036 1244 1108 ἔθνη·
1309 1038 1607 1113 ἐπειδήπερ
1654 1041 1832 1095 αὐτῶν

260 1122 474 1177 ἔσεσθαί
515 1144 646 1197 φησι
682 1126 904 1197 βασιλέα
942 1130 1035 1182 τὸν
1065 1132 1356 1201 ἐρχόμενον
1386 1132 1608 1204 Κύριον.
1645 1134 1739 1198 Τίς
1785 1135 1831 1188 δ’

258 1214 318 1269 ἂν
340 1215 427 1287 εῐη
464 1209 622 1281 οὗτος
647 1218 682 1289 ἢ
716 1221 744 1272 ὁ
785 1218 919 1282 Θεὸς
941 1221 1150 1288 Λόγοςς
1191 1222 1250 1285 ὃς
1280 1222 1487 1292 μέλλων
1518 1226 1829 1299 δικαιοσύνῃ

255 1306 345 1378 τὴν
374 1310 723 1381 οἰκουμένην,
755 1311 850 1365 καὶ
887 1312 1113 1386 ἀληθείᾳ
1145 1314 1244 1384 τὴν
1282 1314 1672 1387 ἀνθρωπότητα
1711 1317 1831 1387 κρί-

254 1414 357 1450 νειν
382 1398 573 1469 tam;
601 1399 847 1465 ἅπαντας
868 1403 994 1466 τοὺς
1023 1403 1115 1455 ἐπὶ
1144 1404 1246 1473 τῆς
1273 1405 1600 1475 οἰκουμένης
1627 1404 1831 1475 ἀνθρώ-

255 1506 404 1552 πους,
441 1492 543 1562 τῆς
574 1491 738 1545 αὑτοῦ
774 1493 1038 1565 κλήσεως,
1079 1495 1173 1548 καὶ
1209 1494 1310 1565 τῆς
1341 1495 1432 1548 ἐπὶ
1474 1496 1646 1568 ταύτῃ
1680 1496 1828 1566 παρά

256 1580 325 1652 τῷ
357 1582 482 1651 Θεῷ
507 1583 779 1655 σωτηρίας
798 1582 1153 1655 κατηξίωσεν.

760 1782 1160 1836 ΚΕΦΑΛΑΙΟΝ
1200 1785 1289 1850 c7.

1939 593 1995 641 et
2015 589 2244 657 populos
2267 589 2325 645 in
2357 590 2586 645 veritate
2607 607 2706 646 sua
2732 594 2797 648 ’⁷.
2838 613 2857 646 ι
2884 592 3000 649 Ηοο
3023 596 3149 651 item
3173 596 3293 653 loco
3327 608 3523 653 ventu-

1938 694 2033 735 rus
2067 680 2135 734 ad
2169 680 2416 737 homines
2448 684 2785 750 promittitur
2842 686 3106 743 Dominus
3127 728 3142 753 ,
3207 706 3518 762 novumque

1937 768 1993 823 in
2022 770 2312 825 adventum
2341 771 2462 840 ejus
2479 774 2785 828 canendum
2815 790 2938 830 esse
2966 778 3271 843 canticum,
3300 776 3513 834 Novum

1935 862 2190 918 videlicet
2220 862 2655 928 Testamentum,
2681 881 2790 920 non
2821 868 2890 921 ab
2917 884 3023 922 una
3053 868 3279 924 Judaica
3331 880 3511 942 gente,

1935 954 2030 1009 sed
2060 953 2129 1008 ab
2176 955 2324 1008 omni
2357 961 2523 1016 terra,
2545 952 2948 1026 Evangelioque
2976 958 3360 1014 illustrandum
3401 976 3511 1015 non

1933 1046 2166 1115 amplius
2195 1046 2372 1114 ipsum
2420 1044 2607 1111 lsrael,
2641 1047 2734 1101 sed
2777 1062 2968 1102 omnes
2994 1058 3184 1118 gentes
3213 1070 3227 1106 :
3262 1053 3511 1120 quando—

1932 1136 2150 1206 quidem
2181 1135 2299 1191 fore
2328 1138 2572 1207 ipsorum
2604 1153 2785 1209 regem
2826 1140 2903 1192 ait
2933 1154 3055 1194 eum
3080 1179 3094 1203 ,
3130 1140 3222 1210 qui
3246 1151 3507 1197 venturus

1931 1228 2003 1282 sit
2039 1227 2326 1285 Dominus.
2360 1228 2495 1296 Quis
2521 1245 2686 1301 porro
2718 1231 2806 1285 hic
2838 1232 2909 1286 sit
2950 1232 3113 1296 alius,
3150 1249 3311 1303 quam
3364 1232 3507 1289 Deus

1930 1316 2218 1374 Verbum?
2279 1320 2371 1389 qui
2424 1320 2643 1389 justitia
2694 1321 2882 1375 orbem
2933 1329 3115 1388 terrae,
3163 1329 3219 1375 et
3276 1324 3506 1379 veritate

1929 1412 2315 1466 humanitatem
2343 1412 2724 1482 judicaturus,
2752 1429 2815 1468 ex
2852 1429 3010 1485 aequo
3041 1414 3302 1469 omnibus
3324 1416 3419 1485 qui
3447 1416 3502 1470 in

1926 1503 2113 1558 orbem
2142 1511 2300 1559 terrae
2327 1512 2512 1558 essent
2540 1504 2874 1567 hominibus.
2911 1506 3256 1560 vocationem
3315 1521 3497 1570 suam,

1925 1603 1979 1651 et
2002 1602 2125 1665 post
2156 1595 2496 1651 vocationem
2515 1636 2534 1664 ,
2580 1597 2811 1653 salutem
2842 1612 2871 1651 a
2903 1596 3016 1654 Deo
3079 1597 3501 1669 impertiendam

1924 1699 2047 1740 esse
2076 1683 2306 1753 putavit.

2527 1796 2758 1853 CAPUT
2796 1797 2885 1854 Vi.

264 1891 680 1982 'Afgyralgoi}
713 1891 1151 1982 k§."—,'40'£Ia
1205 1900 1435 1982 καινὸν,
1486 1897 1709 1982 πνῶονίς
1758 1917 1805 1982 ξε

1923 1906 1965 1961 Α
2020 1908 2225 1978 psalmo
2265 1922 2440 1982 acvit.
2498 1937 2572 1982 ξτ-
2621 1909 2900 1963 Canticum
2960 1926 3182 1979 novum,
3235 1914 3497 1982 gentium-

310 1964 504 2039 ἐθνῶν
534 1964 643 2039 τῆς
671 1964 781 2039 τοῦ
811 1964 1041 2039 ΚυρίουΔ
1055 1964 1463 2039 δικαιοσύνης,
1494 1964 1821 2039 ἑρχόμένός

312 2050 377 2087 τε
404 2034 592 2101 αὐτὸς
628 2035 835 2104 κριτὴς
865 2036 983 2091 τῶν
1008 2036 1185 2091 ὅλων.

318 2167 338 2200 ι
366 2150 570 2220 ’ᾼσατε
611 2150 689 2222 τῷ
721 2150 911 2222 Κυρίῳ
966 2144 1118 2221 ᾆσμα
1168 2151 1373 2215 καινὸν,
1409 2153 1489 2205 ὅτι
1534 2152 1817 2223 θαυμαστά

253 2243 489 2313 ἐποίησε,
512 2261 531 2295 ι
552 2242 726 2296 καὶτά
742 2241 889 2312 ἑξῆς·
917 2260 935 2293 ι
959 2242 1249 2314 Ἐγνώρισε
1266 2240 1467 2315 Κύριος
1478 2245 1537 2296 τὸ
1555 2246 1817 2315 σωτήριον

251 2334 424 2397 αὑτοῦ,
458 2335 700 2387 ἐναντίον
745 2335 964 2387 πάντων
1011 2334 1117 2386 τῶν
1166 2334 1334 2389 ὲθνῶν
1374 2335 1686 2405 ἀπεκάλυψε
1718 2337 1815 2408 τὴν

246 2425 582 2495 δικαιοσύνην
636 2425 822 2480 αὐτοῦ.
854 2444 872 2476 ι
908 2425 1017 2478 Καὶ
1067 2425 1227 2479 πάλιν
1249 2442 1262 2455 ·
1308 2442 1334 2479 ο
1362 2425 1587 2479 Εῖδοσαν
1638 2427 1813 2481 πάντα

247 2517 310 2571 τά
330 2518 537 2588 πέρατα
556 2516 653 2587 τῆς
685 2517 787 2587 γῆς
808 2515 870 2569 τὸ
896 2517 1159 2587 σωτήριον
1184 2516 1278 2570 τοῦ
1306 2516 1440 2569 Θεοῦ
1467 2519 1499 2588 ἡ
1508 2515 1645 2586 μῶν.
1664 2517 1814 2572 Ἀλα-

245 2607 430 2675 λάξατε
474 2609 553 2680 τῷ
599 2608 790 2681 Κυρίῳ
820 2609 967 2661 πᾶσα
998 2610 1030 2679 ἡ
1059 2608 1153 2677 γῆ.
1179 2627 1197 2659 ι
1227 2609 1336 2662 Καὶ
1362 2609 1455 2661 ἐπὶ
1487 2610 1651 2662 πᾶσι·
1682 2628 1704 2662 ι
1731 2611 1811 2664 Τά

244 2700 338 2771 ὅρη
370 2700 783 2769 ἀγαλλιάσονται
824 2700 931 2754 ἀπὸ
958 2699 1248 2772 προσώπου
1284 2700 1507 2770 Κυρίου,
1537 2701 1618 2753 ὅτι
1654 2700 1809 2772 ἔρχε-

239 2808 348 2853 ται,
372 2793 451 2844 ὅτι
483 2791 610 2859 ἥκει
640 2794 824 2863 κρῖναι
864 2790 961 2863 τὴν
988 2792 1113 2861 γῆν.
1141 2792 1332 2861 Κρινεῖ
1355 2790 1455 2861 τὴν
1488 2792 1807 2862 οἰκουμένην

239 2884 297 2934 ἐν
332 2882 667 2956 δικαιοσύνῃ,
697 2883 791 2935 καὶ
820 2881 981 2947 λαοὺς
1003 2884 1059 2935 ὲν
1085 2880 1358 2953 εὐθύτητι.
1385 2902 1405 2934 ι
1434 2881 1652 2935 Πολλῶν
1672 2884 1808 2952 ἀγα-

235 2976 344 3029 θῶν
370 2977 520 3031 αἰτία
546 2978 641 3030 καὶ
670 2977 756 3030 διά
780 2975 982 3030 τούτων
1003 2977 1036 3047 ἡ
1058 2975 1151 3029 τοῦ
1178 2975 1379 3046 Κυρίου
1406 2976 1675 3047 παρουσία
1695 2979 1806 3042 τοῖς

231 3070 407 3123 ἔθνεσι
439 3068 765 3139 γεγενῆσθαι
796 3069 1193 3141 προφητεύεται
1213 3086 1225 3098 ·
1253 3068 1289 3122 ἃ,
1313 3069 1406 3122 καὶ
1438 3068 1524 3122 διά
1553 3070 1653 3139 τῆς
1684 3072 1803 3137 ἐπι-

1990 1995 2087 2047 que
2117 1979 2352 2060 .cognitio
2370 1979 2618 2048 justitiaa,
2657 1991 3001 2052 venturasque
3039 1984 3147 2050 ipse
3167 1979 3335 2052 judex
3373 1987 3495 2038 uni-

1992 2065 2147 2102 υενει.

1994 2179 2013 2211 ι
2046 2165 2272 2218 Cantate
2300 2158 2531 2216 Domino
2561 2161 2832 2215 canticum
2856 2177 3077 2229 novum,
3104 2164 3360 2234 quoniam
3387 2165 3492 2219 mi-

1916 2251 2109 2305 rabilia
2150 2251 2297 2314 fecit,
2337 2270 2356 2303 ι
2391 2259 2445 2305 et
2482 2262 2674 2305 caetera
2708 2270 2722 2306 :
2760 2270 2778 2303 ι
2818 2250 3013 2307 Νοιυω
3048 2253 3175 2309 fecit
3228 2256 3490 2312 Dominus

1917 2342 2156 2397 salutare
2200 2357 2383 2403 suum,
2416 2342 2472 2410 in
2504 2353 2799 2411 conspectu
2834 2345 3074 2412 gentium
3122 2345 3377 2399 revelavit
3397 2346 3489 2414 ju-

1916 2430 2119 2487 SIitiam
2177 2433 2413 2487 suam“.
2457 2451 2475 2483 ι
2526 2431 2591 2485 Et
2648 2448 2884 2490 rursus:
2924 2454 2942 2485 ι
2983 2433 3246 2489 Viderunt
3297 2450 3487 2495 omnes

1915 2524 2131 2579 termini
2177 2532 2335 2578 terra:
2372 2524 2611 2579 salutare
2635 2523 2729 2579 Dei
2752 2525 2944 2590 nostri,
2969 2526 3198 2596 jubilate
3232 2526 3484 2594 Domino,

1912 2614 2090 2668 omnis
2115 2615 2336 2667 terra".
2377 2632 2395 2664 ι
2427 2612 2494 2666 Ει
2520 2612 2589 2667 ad
2620 2620 2921 2669 extremum
2954 2632 2967 2667 :
3003 2632 3021 2666 ι
3058 2614 3267 2672 Montes
3294 2618 3483 2672 exsul-

1913 2706 2105 2761 tahunt
2125 2720 2154 2758 a
2177 2712 2470 2776 conSpectu
2492 2704 2727 2767 Domini,
2756 2705 3011 2775 quoniam
3038 2707 3205 2769 venit,
3225 2709 3480 2779 quoniam

1910 2796 2059 2851 venit
2077 2795 2326 2866 judicare
2356 2802 2581 2850 terram.
2603 2793 2877 2848 Judicabit
2908 2795 3095 2849 orbem
3126 2802 3284 2851 terrae
3313 2795 3368 2850 in
3392 2796 3484 2866 ju-

1910 2888 2080 2950 stitia,
2116 2896 2170 2942 et
2213 2887 2442 2957 populos
2490 2887 2546 2939 in
2589 2883 2901 2955 aequitate”
2944 2903 2957 2939 :
3001 2904 3020 2936 ι
3060 2885 3352 2940 multorum
3383 2885 3482 2940 bo-

1908 2995 2107 3036 norum
2153 2979 2461 3035 effectorem
2506 2977 2720 3032 Domini
2751 2977 3042 3032 adventum
3076 2977 3328 3048 gentibus
3348 2992 3480 3031 con-

1910 3073 2122 3143 tigisse,
2152 3070 2267 3125 haec
2309 3070 2472 3126 verba
2516 3067 2822 3138 praedicunt
2852 3105 2868 3130 ,
2900 3082 3022 3137 qua:
3065 3068 3280 3137 quidem
3311 3066 3478 3133 bona,

230 3163 454 3232 φανεξας
471 3162 567 3215 τοῦ
584 3163 834 3232 Σωτῆρος
856 3161 1011 3233 ἡμῶν
1041 3162 1132 3214 ἐπὶ
1154 3161 1327 3233 πέρας
1344 3161 1577 3232 ἀχθέντα
1601 3162 1802 3218 δείκνυ-

1913 3180 2001 3238 per
2041 3163 2292 3220 eumdem
2343 3160 2641 3215 Salvatoris
2687 3158 2858 3213 nostri
2905 3158 3218 3223 adventum,
3270 3158 3479 3213 exitum

142 3230 160 3249 ’
226 3230 685 3339 ἐαιὸΕξὲκείνου
715 3230 824 3324 κάρ
864 3230 946 3306 -ὲὸι
980 3252 1074 3306 καὶ
1110 3253 1171 3305 οὐ
1204 3230 1488 3325 πρότερον,
1518 3254 1580 3307 τὸ
1622 3256 1805 3311 καινὸν

1913 3230 2185 3327 accepisse
2222 3260 2620 3309 monstrantur.
2673 3251 2794 3307 Non
2840 3252 2994 3322 prius
3057 3250 3224 3317 enim,
3261 3249 3356 3305 sed
3407 3266 3476 3305 ex

226 3340 383 3415 ᾆσμα
431 3344 532 3414 τῆς
563 3343 776 3413 Καινῆς
815 3342 1089 3415 Διαθήκης
1129 3344 1210 3406 εἰς
1253 3342 1461 3408 πάντας
1489 3344 1805 3415 ἀνθρώπους

225 3435 430 3504 ᾅδεται,
461 3435 556 3487 καὶ
576 3434 646 3488 τά
677 3434 954 3505 θαυμάσια
986 3432 1150 3487 αὑτοῦ
1183 3434 1271 3488 διά
1301 3436 1399 3506 τῆς
1430 3436 1538 3490 τῶν
1564 3436 1805 3506 Εὐαγγε-

222 3522 358 3578 λίων
381 3526 599 3597 γραφῆς
629 3522 878 3595 γνώριμα
908 3524 1003 3578 καὶ
1035 3522 1333 3589 ὲξάκουστα
1355 3528 1463 3591 τοῖς
1496 3529 1627 3581 πᾶσι
1660 3528 1803 3596 γίνε-

221 3634 341 3670 ται.
366 3620 439 3672 οὐ
483 3618 592 3689 μὴν
632 3616 768 3670 ἀλλά
800 3617 893 3671 καὶ
929 3617 991 3670 τὸ
1027 3618 1310 3689 σωτήριον,
1343 3619 1403 3672 τὸ
1442 3619 1583 3673 κατά
1610 3620 1704 3691 τὴν
1737 3623 1801 3673 ἐκ

220 3710 433 3782 νεκρῶν
476 3710 775 3763 ἀνάστασιν
824 3707 1010 3772 αὐτοῦ,
1067 3711 1232 3763 πᾶσιν
1279 3710 1635 3782 ἀπεκαλύφθη
1688 3714 1799 3775 τοῖς

220 3800 425 3865 ἔθνεσι,
472 3802 572 3855 καὶ
622 3802 656 3871 ἡ
706 3799 915 3871 ἀληθὴς
963 3800 1298 3873 δικαιοσύνη,
1343 3801 1411 3854 δι’
1440 3796 1508 3873 ἧς
1555 3803 1797 3873 ἐναργῶς

225 3894 545 3965 ἀπεδείχθη,
580 3897 662 3949 ὅτι
700 3895 774 3967 μὴ
817 3894 1081 3948 Ἰουδαίων
1105 3898 1134 3949 ὁ
1159 3895 1292 3958 Θεὸς
1345 3896 1521 3966 μόνον,
1548 3895 1683 3949 ἀλλά
1706 3898 1796 3950 καὶ

228 3983 417 4039 ἐθνῶν·
454 4006 473 4038 ι
498 3987 759 4059 Ἐπείπερ
787 3983 866 4050 εἷς
894 3989 922 4040 ὁ
944 3987 1128 4052 Θεὸς,›
1161 3987 1301 4041 κατά
1338 3989 1428 4042 τὸν
1461 3988 1602 4057 ἱερὸν
1635 3988 1794 4040 Ἀπό-

223 4079 427 4143 στολον,
469 4099 487 4130 ι
516 4080 576 4143 ὃς
619 4078 900 4133 δικαιώσει
943 4079 1240 4150 περιτομὴν
1280 4080 1346 4133 ὲκ
1386 4080 1634 4143 πίστεως.
1668 4100 1686 4130 ›
1721 4081 1794 4133 Τὸ

222 4170 301 4232 δὲ,
346 4173 494 4225 «Ὅτι
525 4172 741 4242 ἔρχεται
768 4174 946 4242 κρῖναι
976 4171 1073 4242 τὴν
1105 4171 1230 4241 γῆν,
1267 4191 1285 4224 ι
1315 4172 1509 4241 γένοιτ’
1533 4172 1599 4226 ἂν
1621 4172 1792 4244 δηλω-

221 4263 373 4316 τικὸν
397 4264 489 4317 καὶ
518 4260 617 4334 τῆς
643 4263 901 4336 δευτέρας
923 4262 1087 4317 αὑτοῦ
1120 4263 1441 4333 παρουσίας.

754 4556 1148 4610 ΚΕΦΑΛΑΙΟΝ
1185 4555 1259 4609 Z'.

232 4665 364 4740 Ἀπὸ
392 4671 635 4740 ψαλμοῦ
657 4674 768 4738 pc'.
806 4700 876 4740 -—:
917 4670 1108 4740 Λόγος
1142 4668 1290 4722 Θεοῦ
1321 4670 1406 4740 εἰς
1437 4666 1783 4737 ἀνθρωπους

286 4739 810 4809 ἀαοστελλόμεννος
832 4739 932 4792 ἐπὶ
959 4740 1238 4805 θεραπείᾳ
1268 4739 1364 4791 καὶ
1388 4740 1649 4809 σωτηρίᾳ
1673 4743 1783 4808 ψυ-

289 4807 426 4876 χῶν,
456 4810 575 4863 τῶν
606 4807 790 4864 πάλαι
814 4810 884 4862 ἐν
910 4809 1144 4875 κακίαις
1172 4807 1645 4876 τετρυχωμένων.

294 4937 312 4968 ι
338 4919 948 4990 Ἐξομολογησάσθωσαν
987 4921 1066 4991 τῷ
1108 4921 1298 4992 Κυρίῳ
1345 4921 1413 4974 τά
1438 4919 1558 4991 ὲλέη
1593 4921 1777 4985 αὐτοῦ,

217 5009 307 5062 καὶ
328 5011 393 5064 τά
418 5012 703 5082 θαυμάσια
721 5010 886 5065 αὐτοῦ
906 5014 1018 5075 τοῖς
1046 5014 1180 5074 υίοίς
1203 5011 1309 5064 τῶν
1341 5010 1642 5082 ἀνθρώπων
1662 5028 1675 5041 ·
1700 5012 1782 5065 ὅτι

219 5103 494 5175 συνέτριψε
525 5103 703 5167 πύλας
731 5102 955 5174 χαλκᾶς,
986 5104 1079 5155 καὶ
1118 5101 1345 5172 μοχλοὺς
1379 5101 1629 5171 σιδηροῦς
1660 5118 1783 5154 συν-

215 5192 446 5252 ἔθλασεν.
465 5196 814 5251 Ἀντελάϐετο
855 5196 1030 5248 αὐτῶν
1070 5194 1128 5258 ἐξ
1157 5194 1277 5247 ὁδοῦ
1311 5195 1538 5264 ἀνομίας
1563 5192 1739 5247 αὐτῶν
1759 5210 1775 5224 ο

213 5282 298 5337 διὰ
345 5288 448 5360 γὰρ
496 5289 598 5353 τάς
646 5288 876 5357 ἀνομίας
926 5287 1102 5339 αὐτῶν
1151 5276 1620 5355 ἐταπεινώθησαν·
1669 5285 1776 5338 πᾶν

213 5375 399 5452 βρῶμα
429 5379 750 5444 ἐϐδελύξατο
792 5382 825 5450 ἡ
869 5379 1012 5449 ψυχὴ
1058 5378 1255 5441 αὐτῶν,
1282 5377 1375 5431 καὶ
1411 5378 1642 5447 ἤγγισαν
1671 5377 1777 5438 ἓως

208 5464 313 5520 τῶν
345 5470 525 5523 πυλῶν
555 5469 654 5523 τοῦ
685 5467 936 5532 θανάτου,
971 5468 1065 5520 καὶ
1090 5466 1390 5537 ὲκέκραξαν
1418 5467 1553 5536 πρὸς
1572 5466 1776 5538 Κύριον

206 5558 262 5613 ἐν
289 5561 365 5632 τῷ
393 5562 673 5616 θλίϐεσθαι
708 5561 923 5624 αὐτοὺς,
958 5561 1052 5612 καὶ
1081 5560 1143 5611 ἐκ
1172 5560 1277 5611 τῶν
1307 5557 1557 5626 ἀναγκῶν
1596 5558 1775 5612 αὐτῶν

202 5650 394 5708 ἔσωσεν
406 5656 624 5719 αὐτούς.
646 5651 959 5706 Ἀπέστειλε
984 5650 1075 5704 τὸν
1089 5650 1245 5720 λόγον
1261 5648 1447 5714 αὐτοῦ,
1465 5650 1559 5703 καί⁸
1585 5649 1773 5704 ἰάσατο

1903 3349 1998 3404 illo
2047 3348 2331 3410 duntaxat,
2386 3359 2584 3399 novum
2633 3342 2767 3397 Novi
2817 3342 3153 3398 Testamenti
3202 3342 3473 3396 canticum

1904 3436 2048 3508 apud
2075 3450 2266 3490 omnes
2292 3434 2543 3489 homines
2571 3433 2806 3496 canitur,
2834 3438 2887 3484 et
2918 3432 3191 3486 mirabilia
3230 3431 3349 3501 ejus
3378 3447 3476 3500 per

1901 3531 2227 3599 scripturam
2256 3526 2670 3596 Evangeliorum
2701 3521 2863 3594 264
2884 3529 3013 3576 nota
3043 3521 3200 3587 ﬁunt,
3226 3530 3278 3576 et
3300 3538 3471 3576 exau-

1899 3623 2126 3679 diuntur
2163 3621 2232 3675 ab
2264 3617 2538 3674 omnibus.
2571 3615 2882 3681 Quinetiam
2917 3615 3174 3681 salutare,
3209 3613 3353 3683 quod
3384 3628 3473 3668 se-

1898 3714 2139 3770 cundum
2168 3712 2403 3766 reditum
2427 3710 2573 3763 illius
2596 3709 2649 3761 in
2681 3708 2843 3782 vitam
2868 3705 3188 3776 percipitur,
3213 3704 3467 3759 omnibus

1900 3804 2229 3875 patefactum
2271 3808 2356 3857 est
2392 3798 2666 3870 gentibus,
2700 3806 2753 3851 et
2790 3811 2914 3851 cum
2953 3810 3020 3850 eo
3052 3809 3181 3850 vera
3229 3793 3464 3864 justitia,

1896 3911 1992 3966 per
2022 3908 2186 3965 quam
2217 3891 2497 3947 evidenter
2517 3896 2797 3944 ostensum
2819 3897 2923 3952 est,
2943 3887 3085 3957 quod
3109 3901 3217 3940 non
3250 3884 3467 3941 Judaao-

1894 4002 2014 4042 rum
2044 3986 2220 4040 solum
2252 3983 2324 4037 sit
2357 3981 2519 4046 Deus,
2555 3978 2646 4035 sed
2679 3979 2908 4031 aliarum
2936 3990 3152 4048 quoque
3182 3976 3461 4047 gentium:

1898 4094 1919 4128 ι
1955 4072 2428 4143 Quandoquidem,
2463 4084 2606 4124 unus
2654 4068 2818 4132 Deus,
2859 4087 2879 4120 ι
2928 4076 3151 4123 sanctus
3206 4067 3281 4122 ait
3318 4066 3464 4136 Apo-

1892 4168 2087 4231 stolus,
2140 4182 2160 4217 ι
2197 4165 2290 4234 qui
2338 4160 2660 4233 justiﬁcahit
2702 4159 3177 4215 circumcisionem
3222 4175 3289 4214 ex
3332 4159 3458 4224 ﬁde,

1889 4266 1944 4316 et
1964 4257 2287 4329 praeputium
2302 4267 2399 4324 per
2410 4253 2571 4308 ﬁdem
2587 4253 2650 4306 ³¹.
2666 4272 2684 4305 ι
2706 4249 2840 4306 Illud
2860 4259 3037 4307 autem
3056 4270 3069 4304 :
3091 4269 3109 4301 ι
3136 4249 3290 4317 Quod
3314 4251 3463 4305 venit

1884 4351 2133 4422 judicare
2186 4356 2409 4410 terram,
2443 4364 2462 4399 ι
2500 4347 2664 4401 etiam
2714 4345 2945 4400 alterum
2981 4343 3127 4399 illius
3167 4341 3458 4399 adventum

1890 4440 2197 4512 signiﬁcare
2216 4438 2436 4509 poterit.

2477 4548 2707 4606 CAPUT
2749 4547 2861 4604 VII.

1888 4665 1931 4718 A
1955 4664 2160 4734 psalmo
2203 4679 2311 4718 ενι.
2335 4694 2404 4704 -—-
2461 4664 2684 4718 Verbum
2718 4664 2815 4717 Dei
2861 4664 2930 4715 ad
2964 4662 3198 4717 homines
3237 4662 3456 4734 missum

1956 4730 2025 4787 ad
2058 4734 2314 4788 medelam
2343 4744 2392 4788 et
2427 4734 2651 4788 salutem
2680 4734 2997 4796 animarum,
3032 4748 3150 4802 qua:
3187 4730 3456 4803 quondam

1957 4816 2155 4859 vexata:
2180 4820 2537 4873 oppresswque
2560 4813 2709 4857 erant
2734 4804 2788 4856 in
2816 4803 2993 4858 malis.

1962 4938 1980 4969 ι
2000 4919 2375 4975 Conﬁteantur
2396 4917 2624 4972 Domino
2644 4915 3034 4973 misericordia
3055 4915 3195 4983 ejus,
3215 4923 3270 4970 et
3286 4917 3454 4969 mira-

1887 5009 2016 5063 bilia
2062 5010 2181 5079 ejus
2230 5009 2354 5065 ﬁliis
2405 5009 2735 5063 hominum:
2781 5008 2908 5077 quia
2957 5006 3213 5062 contrivit
3264 5016 3454 5078 portas

1882 5116 2073 5164 aereas,
2107 5109 2162 5156 et
2193 5108 2376 5157 vectes
2405 5100 2614 5156 ferreos
2644 5098 2932 5169 confregit.
2979 5097 3229 5167 Suscepit
3255 5112 3351 5153 eos
3384 5098 3453 5153 de

1880 5192 1967 5245 via
1997 5193 2299 5263 iniquitatis
2327 5207 2537 5255 eorum,
2575 5208 2699 5246 nam
2727 5202 2945 5263 propter
2974 5190 3272 5260 injustitias
3321 5205 3452 5246 suas

1879 5280 2148 5336 humiliati
2170 5292 2297 5338 sunt
2326 5303 2340 5336 :
2368 5297 2585 5337 omnem
2605 5297 2785 5339 escam
2818 5283 3121 5337 abominata
3148 5287 3233 5337 est
3268 5281 3448 5336 anima

1878 5389 2090 5439 eorum,
2113 5383 2167 5430 et
2200 5376 2773 5448 appropinquaverunt
2795 5391 2968 5445 usque
2997 5375 3062 5429 ad
3090 5382 3276 5445 portas
3298 5389 3449 5428 mor-

1878 5467 1971 5532 tis,
2012 5475 2069 5522 et
2117 5468 2489 5522 clamaverunt
2521 5469 2589 5522 ad
2631 5467 2915 5521 Dominum
2949 5481 3072 5519 cum
3115 5465 3449 5520 tribularen-

1877 5566 1989 5623 tur,
2007 5566 2063 5614 et
2087 5557 2155 5613 de
2179 5559 2601 5615 necessitatibus
2626 5573 2814 5615 eorum
2844 5557 3093 5612 liberavit
3121 5573 3214 5613 eos
3249 5576 3261 5612 :
3297 5558 3450 5612 misi-

1876 5651 2102 5706 verbum
2134 5666 2293 5706 suum
2319 5658 2371 5707 et
2403 5651 2618 5707 sanavit
2661 5667 2777 5717 eos,
2806 5658 2861 5705 ct
2896 5650 3098 5721 eripuit
3128 5666 3224 5707 eos
3257 5650 3325 5706 de
3355 5650 3445 5703 in-
3531 5724 3538 5732 Α

262 5811 305 5842 ⁸⁷
346 5812 486 5869 Psal.
527 5828 655 5878 xcv,
699 5808 781 5872 l9,
821 5809 904 5862 l5.
980 5808 1024 5839 ’⁸
1058 5806 1200 5863 Psal.
1238 5822 1405 5870 xcvn,
1443 5806 1572 5871 1,2.
1648 5806 1692 5837 ¹⁹
1723 5804 1857 5862 ibid.
1893 5805 1947 5862 ὅ.
2026 5806 2071 5839 ³⁸
2102 5805 2232 5862 ibid.
2274 5806 2327 5870 8,
2362 5806 2414 5861 9.
2493 5809 2535 5841 ³¹
2575 5810 2734 5864 Rom.
2766 5824 2852 5872 In.
2884 5808 2975 5864 50.
