3902 6264
480 393 585 447 425

1113 380 1383 441 EUSEBII
1412 376 1888 437 CESARIENSIS
1926 373 2079 431 OPP.
2120 371 2301 427 PARS
2340 370 2403 425 ll.
2443 401 2517 418 -ι
2541 366 3040 428 APOLOGETICA.

3629 374 3727 429 ιει

479 511 830 567 teritionibus
886 517 1071 562 eorum
1091 502 1156 558 “.
1195 520 1214 554 ι
1256 499 1321 556 Et
1374 506 1498 572 post
1544 499 1695 553 alia:
1731 514 1752 548 ι
1804 494 2049 551 Exaltent

2155 490 2368 553 αὐτοὺς,
2416 489 2508 542 καὶ
2552 487 2820 562 ἐρρύσατο
2850 487 3047 552 αὐτοὺς
3076 486 3140 541 ἐκ
3172 486 3278 541 τῶν
3298 485 3602 559 διαφθορῶν
3632 491 3725 542 αὖ-

483 618 608 659 eum
641 622 652 657 :
677 600 757 674 [in
781 598 1025 657 Ecclesia
1052 593 1258 665 populi,
1294 600 1348 647 et
1391 592 1448 645 in
1478 587 1753 644 cathedris
1779 585 2057 642 seniorum

483 692 707 748 laudent
737 682 1347 758 eum,lpusu1tllumina
1378 682 1431 736 in
1463 680 1765 744 desertum,
1795 687 1851 732 et
1876 677 2058 733 exitus

444 762 447 767 ⁴
483 795 750 853 aquarum
802 779 856 832 in
900 778 1069 840 sitim,
1109 784 1314 828 terram
1349 769 1687 825 fructiferam
1733 769 1789 823 in
1817 767 2058 838 salsugi-

482 890 633 939 nem,
668 888 699 927 a
732 871 937 926 malitia
968 867 1387 925 inhabitantium
1418 866 1473 919 in
1507 879 1569 919 ea
1601 882 1614 918 :
1651 861 1837 933 posuit
1871 860 2059 915 desero

479 972 595 1019 tum
657 963 713 1018 in
757 968 949 1032 stagna
984 974 1271 1031 aquarum,
1310 966 1364 1012 et
1409 964 1614 1010 terram
1657 953 1778 1009 sine
1818 966 1959 1021 aqua
2001 950 2058 1004 in

478 1057 659 1111 exitus
715 1067 1002 1124 aquarum,
1049 1059 1101 1105 et
1135 1049 1423 1104 collocavit
1474 1047 1586 1101 illic
1635 1045 1962 1110 esurientes,
2003 1048 2059 1097 et

477 1146 883 1201 constituerunt
924 1144 1200 1197 civitatem
1232 1140 1584 1196 habitationis
1600 1139 1666 1194 ³³.
1694 1157 1713 1190 ι
1744 1136 1913 1192 Plane
1942 1137 2059 1191 haec

478 1253 698 1309 quoque
745 1235 1068 1290 nominatim
1116 1233 1210 1289 Dei
1243 1231 1408 1288 Verbi
1439 1231 1507 1288 de
1548 1232 1690 1286 caelo
1726 1229 2055 1286 descensum

479 1329 828 1394 annuntiant,
877 1341 1283 1398 prosperosque
1333 1325 1580 1394 ejusdem
1622 1324 1890 1379 adventus
1930 1336 2058 1378 suc-

477 1438 669 1479 cessus
705 1440 719 1477 :
762 1439 781 1472 ‹
820 1419 987 1485 Misit,
1037 1419 1234 1489 inquit,
1265 1415 1503 1473 Verbum
1541 1432 1724 1482 suum,
1747 1424 1803 1471 et
1842 1415 2059 1472 sanavit

476 1528 593 1569 eos.
636 1533 654 1566 ι
696 1510 930 1567 Verbum
977 1520 1159 1566 autem
1190 1508 1285 1565 Dei
1321 1526 1422 1565 nos
1461 1510 1622 1581 plane
1652 1508 1758 1564 hoc
1794 1508 2054 1571 dicimus,

475 1603 622 1675 quod
668 1603 862 1660 salutis
892 1617 1058 1658 causa
1094 1602 1162 1657 ad
1182 1618 1371 1658 omnes
1403 1601 1653 1658 homines
1675 1616 1706 1655 a
1731 1600 1893 1656 Patre
1919 1600 2056 1654 mis-

475 1714 600 1756 sum
631 1705 714 1755 est
746 1716 759 1753 :
791 1698 1045 1769 quodque
1083 1713 1149 1753 ex
1194 1696 1368 1753 sacris
1423 1693 1730 1767 Evangeliis
1780 1696 2057 1751 celebrare

476 1797 537 1846 ut
586 1789 778 1854 Deum,
808 1789 986 1846 edocti
1037 1803 1251 1846 sumus.
1282 1786 1443 1859 265
1484 1785 1766 1857 Signiﬁcat
1796 1800 2053 1858 praeterea

2159 578 2288 633 τῶν.
2322 598 2339 630 ι
2376 579 2488 631 Καὶ
2513 578 2629 649 μεθ’
2662 578 2826 651 ’ἑτερα
2843 594 2856 608 ·
2895 596 2913 629 ι
2937 575 3341 647 ’Υψωσάτωσαν
3364 576 3525 630 αὐτόν
3545 593 3560 607 ·
3587 576 3727 631 ἔθετο

2159 672 2438 743 ποταμοὺς
2462 673 2542 735 εἰς
2570 670 2794 743 ἔρημον,
2824 671 2918 725 καὶ
2943 670 3206 735 διεξόδους
3234 669 3440 724 ὑδάτων
3461 672 3542 733 εἰς
3562 670 3723 739 δίψπ,

2158 760 2264 835 γῆν
2311 763 2659 835 καρποφόρον
2703 765 2782 827 εἰς
2828 762 3005 834 ἆλμην
3047 763 3156 816 ἀπὸ
3189 762 3388 825 κακίας
3413 761 3521 816 τῶν
3550 780 3725 815 κατοι-

2160 856 2395 909 κούντων
2440 856 2499 907 ἐν
2539 855 2900 926 αὐτῇ.”Εθετο
2929 854 3028 926 τὴν
3053 853 3257 925 ἔρημον
3282 855 3361 917 εἰς
3382 852 3579 924 λίμνας
3606 856 3726 910 ὑδά-

2156 965 2286 1013 των,
2312 948 2405 1001 καὶ
2435 948 2539 1019 γῆν
2566 946 2791 1018 ἄνυδρον
2818 949 2896 1010 εἰς
2927 945 3191 1013 διεξόδους
3220 945 3426 999 ὑδάτων
3444 962 3459 976 ο
3490 946 3585 999 καὶ
3607 963 3725 999 κατ-

2157 1036 2355 1109 ῴκισεν
2383 1039 2498 1091 ἐκεῖ
2522 1036 2838 1100 πεινῶντας,
2855 1037 2950 1089 καὶ
2977 1039 3371 1107 συνεστήσαντο
3396 1035 3575 1099 πόλεις
3604 1054 3723 1089 κατ-

2158 1129 2421 1195 οικεσίας.
2456 1150 2473 1183 ι
2525 1132 2635 1185 Καὶ
2675 1131 2846 1184 ταῦτα
2924 1129 3109 1198 σαφῶς
3155 1128 3413 1199 ὀνομαστὶ
3456 1126 3556 1198 τὴν
3599 1127 3721 1180 Θεοῦ

2157 1223 2332 1292 Λόγου
2356 1223 2415 1289 ἐξ
2442 1222 2688 1296 οὐρανῶν
2732 1222 2955 1276 κάθοδον
2991 1220 3416 1290 εὐαγγελίζεται,
3447 1220 3516 1274 τά
3546 1236 3604 1271 τε
3634 1221 3723 1291 τῆς

2159 1315 2463 1388 παρουσίας
2514 1314 2679 1369 αὐτοῦ
2714 1313 3132 1387 κατορθώματα.
3169 1332 3188 1365 ι
3233 1312 3544 1365 Ἀπέστειλε
3584 1311 3721 1380 γοῦν,

2158 1409 2316 1479 φησὶ,
2359 1406 2451 1461 τὸν
2478 1408 2650 1478 Λόγον
2682 1407 2871 1472 αὐτοῦ,
2907 1407 3003 1461 καὶ
3057 1405 3243 1459 ἰάσατο
3269 1402 3485 1467 αὐτούς.
3515 1422 3532 1454 ι
3566 1404 3722 1472 Λόγον

2156 1504 2214 1556 δὲ
2244 1501 2379 1556 Θεοῦ
2406 1504 2569 1573 ἡμεῖς
2599 1501 2786 1571 σαφῶς
2810 1498 2997 1553 τοῦτόν
3027 1515 3209 1570 φαμεν
3239 1497 3328 1551 τὸν
3359 1495 3498 1568 πρὸς
3518 1496 3609 1548 τοῦ
3629 1496 3724 1547 Ιῖα⁸

2156 1595 2284 1667 τρὸς
2318 1594 2691 1648 ἀποσταλέντα
2726 1594 2891 1646 πᾶσιν
2918 1589 3228 1662 ἀνθρώποις
3257 1588 3519 1661 Σωτῆρα·
3551 1587 3607 1642 ὃν
3639 1586 3721 1641 καὶ

2156 1686 2245 1740 διά
2274 1686 2384 1739 τῶν
2409 1686 2569 1759 ἱερῶν
2604 1685 2952 1755 Εὐαγγελίων
3001 1683 3268 1752 θεολογεῖν
3303 1681 3718 1753 πεπαιδεύμεθα.

2158 1777 2460 1831 Αἰνίττεται
2490 1777 2545 1831 δὲ
2589 1778 2683 1831 καὶ
2712 1778 2811 1848 τὴν
2858 1777 3019 1848 μέχρι
3048 1775 3278 1829 θανάτου
3315 1775 3541 1829 κάθοδον
3570 1771 3720 1828 αὐτοῦ

476 1879 625 1939 illius
672 1894 846 1952 usque
878 1880 947 1935 ad
997 1887 1229 1936 mortem
1280 1881 1630 1944 descensum,
1673 1895 1784 1950 quo
1837 1889 2049 1950 propter

2155 1867 2241 1922 διὰ
2281 1868 2408 1932 τοὺς
2481 1867 2787 1937 ὲφθακότας
2847 1868 2926 1930 εἰς
2973 1865 3160 1918 τοῦτον
3201 1864 3597 1935 γεγενημένην·
3638 1861 3721 1914 καὶ

474 1988 592 2038 eos,
626 1975 719 2047 qui
753 1975 821 2029 ad
870 1974 1012 2029 hanc
1043 1983 1169 2029 ante
1213 1974 1393 2045 ipsum
1431 1982 1717 2037 venerant,
1753 1988 1887 2028 usus
1921 1981 2004 2029 est
2038 1991 2051 2027 :

474 2068 639 2123 etiam
676 2067 942 2122 adventus
974 2066 1149 2137 ipsius
1183 2080 1407 2121 causam
1439 2066 1620 2129 docet,
1652 2066 1842 2136 utique
1875 2074 1933 2120 ut
1959 2080 2055 2121 eos

477 2157 754 2221 liberaret,
778 2156 872 2228 qui
923 2173 1018 2228 per
1065 2158 1243 2227 ipsum
1292 2156 1547 2212 servandi
1584 2165 1761 2211 erant.
1797 2156 1931 2210 Nam
1959 2171 2055 2212 eos

474 2250 569 2321 qui
619 2257 746 2305 ante
792 2249 993 2320 ipsum,
1030 2263 1206 2320 usque
1246 2247 1315 2303 ad
1351 2254 1540 2318 portas
1574 2248 1767 2304 mortis
1795 2264 2056 2320 pervene-

473 2350 620 2405 rant,
668 2343 785 2412 ipse
834 2341 985 2397 solus
1033 2341 1293 2403 servavit,
1347 2348 1512 2411 atque
1560 2339 1783 2395 eosdem
1831 2340 2053 2396 sanitati

472 2434 791 2495 restituens,
817 2432 885 2489 de
936 2432 1345 2488 interitionibus
1400 2432 1649 2502 ipsorum
1703 2432 1923 2501 eripuit,
1960 2448 2053 2487 ne-

472 2540 581 2597 que
628 2526 731 2581 hoc
775 2525 936 2580 aliter
985 2523 1233 2597 perfecit,
1268 2538 1432 2595 quam
1486 2538 1581 2580 eas
1635 2524 1830 2578 mortis
1868 2533 2055 2595 portas

474 2627 784 2684 conterens,
827 2633 948 2690 quae
998 2633 1154 2673 aereae
1183 2617 1465 2682 dicuntur,
1502 2625 1557 2671 et
1584 2626 1769 2672 vectes
1808 2616 2057 2671 confrin-

472 2728 630 2785 gens,
684 2713 777 2782 qui
821 2711 980 2767 ferrei
1014 2726 1118 2766 :ac
1150 2710 1410 2780 deinceps
1458 2717 1580 2779 post
1622 2710 1735 2763 haec
1775 2718 1925 2764 certo
1963 2723 2056 2763 or-

472 2806 602 2862 dine
647 2805 875 2866 divinat,
913 2819 1009 2858 eos
1051 2819 1177 2858 esse
1208 2803 1265 2857 in
1306 2801 1656 2857 solitudinem
1703 2802 2050 2873 redigendos,

474 2893 569 2964 qui
614 2892 794 2963 ipsum
844 2893 1152 2948 venientem
1198 2906 1307 2946 non
1375 2892 1737 2962 susceperint.
1788 2912 1808 2945 ι
1863 2892 2055 2948 Posuit

472 2986 643 3048 enim,
673 2985 870 3055 inquit,
895 2983 1117 3040 ﬂumina
1147 2985 1202 3039 in
1230 2983 1529 3048 desertum,
1561 2991 1616 3038 et
1664 2984 1844 3039 exitus
1886 3000 2055 3056 aqua-

476 3092 597 3133 rum
644 3080 699 3132 in
750 3078 920 3141 sitim,
951 3083 1158 3132 terram
1194 3076 1535 3133 fructiferam
1572 3078 1629 3132 in
1656 3077 1987 3149 salsuginem
2020 3093 2053 3134 a

474 3169 680 3224 malitia
738 3168 1160 3223 inhabitantium
1208 3169 1265 3223 in
1310 3182 1394 3223 ea.
1432 3187 1451 3221 ι
1485 3167 1617 3234 Quae
1642 3169 1865 3240 quidem
1893 3170 2051 3240 plane

474 3260 691 3332 cognita
722 3261 968 3325 habebis,
989 3261 1037 3315 si
1061 3259 1398 3331 percurreris
1426 3261 1575 3316 illam
1603 3259 1846 3317 Iudaicae
1874 3263 2052 3333 gentis

474 3352 775 3423 antiquitus
806 3352 1136 3407 celebratam
1165 3342 1502 3419 Jerusalem',
1531 3353 1763 3423 ejusque
1797 3353 2049 3423 gloriam,

473 3455 540 3495 ac
572 3440 771 3496 divinas
824 3441 999 3513 frugis
1060 3453 1405 3512 proventum,
1437 3458 1627 3497 eorum
1681 3443 1871 3514 utique
1922 3458 2053 3500 san-

473 3540 684 3587 ctorum
745 3533 1029 3588 hominum
1084 3533 1288 3605 Deique
1345 3535 1684 3599 amicorum,
1728 3536 1822 3606 qui
1883 3535 1937 3590 in
1987 3552 2050 3591 ca

471 3623 727 3687 vixerint,
774 3640 939 3695 quam
992 3627 1180 3699 utique
1231 3627 1288 3682 in
1339 3628 1595 3698 praesenti
1650 3628 1909 3685 omnibus
1968 3630 2053 3686 bis

470 3716 636 3771 rebus
688 3716 953 3786 privatam
1002 3719 1399 3790 spoliatamque
1439 3719 1705 3791 invenies.
1759 3719 1893 3775 Nam
1925 3728 2050 3791 post

472 3806 676 3866 Christi
707 3808 1179 3875 adventum,facta
1206 3820 1292 3869 est
1319 3827 1447 3867 vere
1474 3811 1819 3868 infructuosa
1850 3822 1905 3868 et
1932 3817 2051 3869 sine

476 3914 638 3970 aqua,
671 3907 726 3955 et
752 3901 976 3955 omnino
998 3902 1236 3966 deserta,
1271 3910 1348 3966 et,
1385 3911 1445 3959 ut
1488 3904 1563 3958 ait
1605 3904 1887 3975 prophetia
1932 3923 1951 3957 ι
1993 3904 2048 3958 in

475 3990 807 4061 salsuginem
853 4007 884 4046 a
935 3993 1143 4047 malitia
1192 3992 1608 4049 inhabitantium
1650 3995 1706 4049 in
1752 4009 1836 4050 ea.
1876 4013 1895 4047 ι
1949 3993 2049 4051 His

475 4081 715 4136 adnectit
736 4082 1015 4154 deinceps,
1050 4091 1213 4154 atque
1246 4083 1534 4139 admodum
1576 4095 1727 4141 certo
1753 4085 1948 4142 ordine
1994 4095 2048 4144 et

474 4174 794 4246 prophetico
816 4190 968 4231 more
992 4177 1267 4247 proponit,
1293 4177 1414 4247 ejus
1438 4193 1559 4249 quae
1589 4179 1719 4233 olim
1747 4180 1966 4235 deserta
1992 4188 2047 4235 et

473 4268 754 4323 siticulosa
806 4278 943 4335 erat,
991 4269 1105 4324 sive
1147 4270 1291 4325 hanc
1337 4271 1774 4344 uniuscujusque
1807 4271 2044 4329 hominis

472 4360 733 4424 animam,
797 4359 914 4415 sive
964 4361 1033 4416 de
1086 4361 1339 4432 gentibus
1390 4362 1677 4418 collectam
1739 4362 2043 4420 Ecclesiam

469 4450 698 4517 dixeris,
741 4451 883 4523 ejus,
929 4453 1175 4524 inquam,
1224 4453 1708 4510 commutationem
1738 4453 1792 4508 in
1821 4466 2042 4513 sanctos

466 4558 669 4607 mores,
710 4560 920 4601 necnon
965 4545 1020 4599 in
1059 4545 1261 4602 divinis
1294 4547 1637 4601 sermonibus
1688 4557 2035 4617 proventum,

2155 1963 2255 2032 τήν
2287 1977 2350 2028 γε
2399 1959 2576 2014 αἰτίαν
2618 1959 2720 2029 τῆς
2762 1957 3003 2027 ἀφίξεως
3053 1957 3217 2010 αὐτοῦ
3268 1955 3602 2027 παρίστησι,
3634 1954 3721 2023 τὴν

2156 2052 2532 2125 ἀπολύτρωσιν
2563 2052 2841 2123 ἐμφαίνων
2867 2050 2974 2104 τῶν
2999 2051 3066 2104 δι’
3089 2049 3254 2103 αὐτοῦ
3318 2047 3717 2119 σωθησομένων.

2158 2146 2296 2210 Ἰόὐς
2339 2145 2449 2216 γὰρ
2491 2144 2797 2215 ὲφθακότας
2837 2143 2942 2207 ἕως
2984 2142 3094 2196 τῶν
3145 2140 3329 2195 πυλῶν
3361 2140 3460 2195 τοῦ
3508 2138 3717 2193 θανάτου

2156 2238 2326 2292 ἔσωσε
2356 2234 2512 2310 μόνος
2542 2235 2756 2300 αὐτούς.
2793 2235 3027 2299 Τούτους
3056 2235 3112 2289 δὲ
3144 2235 3237 2288 καὶ
3276 2233 3549 2305 ἐρρύσατο
3579 2232 3718 2285 ἰασά-

2160 2347 2320 2401 μενος
2349 2332 2412 2383 ὲκ
2444 2328 2554 2382 τῶν
2594 2326 2903 2398 διαφθορῶν
2942 2326 3148 2381 αὐτῶΨ
3182 2327 3274 2380 καὶ
3317 2323 3640 2397 διεπράξατό
3664 2338 3718 2389 γε

2154 2423 2330 2477 ταῦτα
2353 2423 2453 2476 οὐκ
2473 2422 2645 2485 ἄλλως
2676 2420 2709 2493 ἢ
2734 2420 2829 2474 τοῦ
2856 2419 3085 2475 θανάτου
3116 2418 3216 2483 τὰς
3238 2417 3540 2490 λεγομένας
3564 2416 3718 2477 πύλας

2155 2517 2362 2589 χαλκᾶς
2407 2516 2720 2588 συντρίψας,
2750 2516 2846 2571 καὶ
2879 2518 3005 2579 τοὺς
3044 2513 3291 2586 σιδηροῦς
3332 2513 3563 2585 μοχλοὺς
3601 2527 3716 2578 συγ..

2156 2611 2383 2675 κλάσας.
2412 2612 2523 2665 Καὶ
2563 2611 2626 2681 δὴ
2663 2609 2800 2681 μετά
2845 2609 3016 2663 ταῦτα
3056 2607 3363 2671 ἀκολούθως
3403 2604 3715 2678 προφητεύει

2154 2703 2253 2775 τὴν
2279 2706 2360 2767 εἰς
2390 2703 2594 2777 ἔρημον
2639 2703 2972 2758 κατάστασιν
3007 2703 3117 2757 τῶν
3165 2705 3239 2774 μὴ
3287 2702 3513 2756 ἐλθόντα
3555 2718 3717 2774 παραο

2154 2794 2463 2867 δεξαμένων
2500 2795 2682 2849 αὐτόν’
2714 2816 2733 2846 ι
2776 2795 2968 2849 Ἐθετο
2997 2796 3125 2867 γὰρ,
3157 2795 3309 2864 φησὶ,
3345 2796 3622 2866 ποταμοὺς
3646 2794 3715 2855 εἰς

2156 2886 2380 2959 ἔρημον,
2413 2888 2506 2942 καὶ
2526 2888 2789 2954 διεξόδους
2821 2886 3028 2942 ὑδάτων
3059 2889 3138 2950 εἰς
3182 2888 3361 2956 δίψος,
3389 2888 3494 2958 γῆν
3525 2904 3713 2960 καρποί

2156 2979 2319 3052 φόρον
2340 2981 2419 3041 εἰς
2436 2981 2612 3051 ἀλμην
2634 2980 2741 3033 ἀπὸ
2759 2980 2957 3043 κακίας
2982 2978 3090 3032 τῶν
3117 2976 3516 3034 κατοικούντων
3552 2981 3607 3032 ὲν
3634 2979 3715 3033 αὐ-

2153 3075 2242 3145 τῇ.
2269 3093 2286 3123 ι
2323 3074 2390 3126 "A
2405 3073 2499 3126 καὶ
2521 3074 2734 3143 νοήσεις
2765 3071 3092 3145 ἀναδραμὼν
3121 3070 3216 3125 τοῦ
3252 3071 3522 3126 Ἰουδαίων
3548 3071 3713 3136 ἔθνους

2157 3165 2250 3219 ἰπὶ
2280 3165 2379 3236 τὴν
2401 3165 2568 3219 πάλαι
2603 3164 2880 3236 βοωμένην
2910 3164 3213 3236 Ὶερουσαλὴ
3224 3179 3282 3232 μ,
3307 3163 3404 3218 καὶ
3445 3164 3544 3234 τὴν
3571 3164 3713 3229 δόξαν

2156 3259 2346 3330 αὐτῆς,
2374 3259 2469 3311 καὶ¹
2494 3257 2592 3328 τὴν
2613 3256 2781 3311 ἐθνῶν
2798 3256 3195 3328 καρποφορίαν,
3217 3256 3323 3310 τῶν
3341 3258 3400 3309 ὲν
3422 3258 3557 3328 αὐτῇ
3576 3256 3710 3309 πολι-

2152 3349 2459 3421 τευομένων
2516 3352 2690 3420 ἀγίων
2746 3351 2841 3404 καὶ
2892 3349 3156 3419 θεοφιλῶν
3213 3350 3426 3422 ἀνδρῶν
3452 3422 3453 3427 η
3478 3352 3568 3405 ἐπὶ
3627 3348 3709 3403 τοῦ

2154 3445 2421 3517 παρόντος
2455 3444 2849 3516 ὑστερημένην.
2884 3443 3038 3498 Μετὰ
3083 3442 3192 3515 γὰρ
3236 3443 3335 3515 τὴν
3362 3443 3462 3497 τοῦ
3493 3441 3710 3516 Χριστοῦ

2154 3538 2453 3611 παρουσίαν
2489 3537 2709 3607 γέγονεν
2750 3536 2965 3609 ἀληθῶς
3005 3536 3281 3609 ἄκαρπος,
3336 3536 3433 3589 καὶ
3483 3534 3706 3604 ἄνυδρος,

2154 3629 2248 3681 καὶ
2264 3627 2540 3687 παντελῶς
2555 3627 2782 3699 ἔρημος,
2802 3629 2916 3691 καὶ,
2938 3627 3014 3691 ῶς
3027 3643 3190 3698 φησιν
3204 3629 3237 3697 ὴ
3256 3626 3581 3698 προφητεία,
3599 3643 3618 3678 ι
3638 3627 3708 3688 εἰς

2152 3717 2329 3791 ἅλμην
2352 3717 2461 3773 ἀπὸ
2480 3721 2675 3785 κακίας
2710 3720 2817 3774 τῶν
2850 3719 3244 3774 κατοικούντων
3261 3720 3321 3773 ὲν
3347 3721 3508 3790 αὐτῇ.
3546 3739 3564 3770 ι
3586 3717 3705 3773 Τού-

2150 3826 2266 3876 τοις
2293 3811 2647 3865 ὲπισυνάπτει
2682 3812 2886 3883 σφόδρα
2908 3810 3216 3876 ἀκολούθως
3246 3809 3568 3884 προφητικῷ
3597 3809 3705 3881 τρό-

2151 3922 2238 3976 πῳ
2260 3904 2627 3975 αἰνιττόμενος
2650 3908 2749 3975 τῆς
2790 3904 2956 3958 πάλαι
2989 3905 3196 3976 ἐρήμου
3228 3903 3324 3958 καὶ
3345 3904 3580 3974 διψάδος,
3601 3904 3703 3973 ἢτοι

2150 3996 2331 4067 πάσης
2365 3995 2649 4067 ἀνθρώπου
2671 3995 2869 4066 ψυχῆς,
2905 3996 2938 4067 ἢ
2979 3998 3077 4068 τῆς
3103 3996 3163 4060 ἐξ
3191 3994 3359 4049 ἐθνῶν
3397 3994 3702 4066 Ἐκκλησίας

2146 4088 2245 4160 τὴν
2274 4090 2354 4152 εἰς
2382 4087 2663 4142 εὐσέϐειαν
2693 4088 3011 4161 μεταϐολὴν,
3037 4090 3135 4161 τήν
3161 4106 3221 4142 τε
3245 4090 3303 4142 ὲν
3337 4088 3504 4152 θείοις
3542 4088 3702 4157 λόγοις

2131 4184 2555 4258 νκαρποφορίαν·
2603 4183 2639 4238 ἃ
2681 4185 2776 4237 καὶ
2823 4182 3102 4256 προδήλως
3134 4182 3452 4247 αἰνίττεται,
3505 4181 3696 4250 λέγων’

2153 4294 2171 4327 ι
2200 4276 2392 4329 Ἐθετο
2432 4276 2637 4349 ἔρημον
2677 4278 2757 4341 εἰς
2796 4276 2992 4348 λίμνας
3026 4275 3255 4335 ὑδάτων,
3277 4295 3295 4326 ι
3324 4274 3423 4328 καὶ⁵
3457 4272 3527 4327 τά
3554 4272 3696 4342 ὲξῆς’
3793 4339 3804 4356 γ

2146 4366 2288 4438 ἅπερ
2319 4369 2507 4439 νοῆσαι
2538 4369 2699 4438 μόνου
2739 4367 2833 4421 τοῦ
2868 4366 3019 4439 παρὰ
3044 4366 3162 4439 Θεῷ
3189 4365 3384 4436 γένοιτ’
3421 4365 3488 4421 ἂν
3521 4362 3697 4435 σοφοῦ,

2145 4459 2287 4513 κατὰ
2318 4459 2419 4532 τὴν
2440 4461 2532 4513 ἐπὶ
2566 4459 2708 4513 τέλει
2736 4457 2831 4512 τοῦ
2864 4458 3080 4530 ψαλμοῦ
3123 4460 3367 4531 φήσασαν
3400 4458 3693 4527 ἐπαγωγὴν·

2150 4571 2168 4603 ι
2199 4553 2296 4617 Τίς
2326 4553 2506 4623 σοφὸς,
2529 4553 2623 4607 καὶ
2654 4552 2876 4623 φυλάξει
2900 4552 3099 4619 ταῦτας
3132 4572 3149 4602 ι
3171 4553 3264 4607 καὶ
3297 4552 3368 4606 τά
3392 4552 3537 4624 ἑξῆς.

466 4650 586 4706 qua:
636 4637 801 4691 etiam
848 4638 1062 4708 planius
1094 4628 1296 4702 innuit,
1347 4636 1536 4694 dicens
1577 4656 1590 4692 :
1631 4657 1651 4689 ι
1684 4637 1874 4694 Posuit
1907 4640 2184 4696 desertum
2219 4642 2274 4697 in
2330 4651 2521 4715 stagna
2579 4658 2871 4713 aquarum,
2904 4662 2923 4694 ι
2969 4651 3098 4706 elc.,
3135 4657 3256 4712 qua:
3287 4644 3474 4713 utique
3516 4639 3695 4697 intelli-

464 4729 645 4800 gentia
701 4730 962 4801 consequi
1012 4730 1132 4801 ejus
1181 4730 1343 4785 unius
1372 4744 1496 4787 esse
1534 4738 1729 4801 potest,
1770 4732 1862 4801 qui
1904 4734 2047 4803 apud
2098 4732 2267 4789 Deum
2309 4735 2382 4788 sit
2435 4736 2675 4806 sapiens,
2714 4737 2857 4791 sicut
2891 4750 2955 4790 ea
2984 4734 3227 4790 inductio
3273 4734 3457 4799 habet,
3506 4749 3618 4805 qua:
3645 4732 3693 4785 in

466 4824 571 4879 line
619 4823 814 4894 psalmi
861 4823 936 4877 ait
992 4843 1005 4877 :

1040 4931 1271 4988 CAPUT
1311 4931 1447 4991 Vlll.

461 5027 505 5082 Α
574 5028 779 5097 psalmo
833 5041 958 5079 cxvu
993 5035 1070 5097 iet
1126 5040 1296 5080 cxvn.
1351 5056 1423 5067 —-
1504 5023 2035 5097 Genrtiumfvocatio,

537 5098 774 5166 Deusque
828 5096 1103 5165 manifeste
1163 5112 1444 5165 apparens,
1498 5104 1549 5151 et
1600 5096 1901 5150 benedictus
1948 5097 2038 5165 qui

531 5170 666 5223 venit
702 5170 756 5221 in
791 5168 1000 5221 nomine
1028 5166 1264 5222 Domini.

536 5300 555 5333 ι
586 5281 830 5337 Laudate
886 5279 1199 5346 Dominum,
1230 5296 1421 5338 omnes
1459 5288 1670 5353 gentes,
1721 5288 1775 5337 et
1830 5281 2037 5335 collau-

460 5373 584 5430 date
608 5389 754 5437 eum,
777 5390 969 5429 omnes
999 5374 1208 5445 populi,
1237 5376 1494 5444 quoniam
1518 5374 1682 5445 266
1710 5374 2033 5428 conﬁrmata

460 5472 543 5520 est
592 5481 758 5534 super
809 5481 911 5521 nos
959 5466 1338 5522 misericordia
1360 5465 1561 5536 ejus",
1600 5484 1619 5518 ι
1677 5476 1730 5521 et
1777 5474 1973 5521 caetera
2014 5483 2029 5521 :

466 5573 486 5609 ι
520 5554 566 5611 Ο
621 5555 867 5621 Domine,
917 5560 1129 5613 salvum
1180 5558 1267 5612 fac
1313 5558 1424 5625 iam
1466 5573 1636 5625 nunc,
1677 5573 1710 5612 0
1777 5557 2028 5621 Domine,

460 5648 530 5705 da
579 5646 879 5719 profectum
917 5650 1031 5718 jam
1074 5665 1241 5705 nunc.
1283 5648 1611 5707 Benedictus
1642 5650 1735 5721 qui
1776 5650 1926 5705 venit
1973 5652 2029 5704 in

529 5807 572 5839 ³³
600 5802 746 5860 Psal.
766 5819 874 5871 CVI,
914 5804 1097 5861 159.0.
1171 5805 1216 5838 "
1245 5804 1378 5861 ibid.
1412 5804 1602 5861 52-57.
1678 5803 1723 5837 “
1754 5801 1887 5859 ibid.
1915 5802 2006 5859 45.

1066 4841 1085 4874 ι
1150 4822 1284 4889 Quis
1335 4822 1573 4892 sapiens,
1618 4829 1672 4877 et
1732 4823 2005 4879 custodiet
2035 4823 2254 4879 hac”?
2288 4844 2305 4877 ι
2340 4835 2446 4880 etc.

2670 4933 3064 4987 ΚΕΦΑΛΑΙΟΝ
3104 4935 3186 4987 H'.

2155 5025 2299 5079 Ἀπό
2318 5025 2563 5095 ψαλμοῦ
2582 5026 2697 5093 ῥις¹
2720 5025 2817 5079 καί
2833 5026 2963 5093 pm.
2982 5055 3049 5066 —-
3067 5023 3285 5080 Ἐθνῶν
3302 5023 3540 5093 κλῆσις,
3565 5023 3694 5095 089’;-

2212 5113 2277 5149 τε
2296 5092 2615 5165 ἐπιφανὴς,
2669 5097 2769 5150 καὶ
2807 5092 3214 5167 εὐλογημένος
3235 5100 3268 5150 ό
3294 5092 3607 5165 ἐρχόμενος
3631 5092 3691 5143 ἐν

2213 5167 2457 5236 ὀνόματι
2482 5167 2725 5234 Κυρίου.

2215 5300 2233 5333 ι
2265 5281 2471 5334 Αἰνεῖτε
2500 5279 2592 5334 τὸν
2632 5281 2856 5352 Κύριον,
2889 5280 3066 5336 πάντα
3096 5281 3165 5335 τὰ
3197 5281 3344 5353 ἔθνη,
3373 5282 3469 5335 καὶ
3500 5282 3691 5333 ἐπαινε-

2141 5371 2390 5426 σάτωσαν
2425 5371 2587 5425 αὐτὸν
2624 5372 2826 5437 πάντες
2856 5375 2906 5427 οἱ
2948 5373 3092 5426 λαοί·
3136 5375 3219 5428 ὅτι
3251 5371 3584 5445 ἐκραταιιίιθη
3614 5368 3687 5435 ἐφ’

2136 5465 2285 5535 ἡμᾶς
2302 5464 2363 5516 τὸ
2386 5462 2534 5528 ἕλεος
2559 5465 2779 5529 absab,»
2806 5468 2900 5520 καὶ
2924 5465 2992 5519 τὰ
3016 5466 3142 5537 ἑξῆς
3166 5486 3179 5522 :
3199 5462 3299 5519 ιὯ
3319 5464 3509 5536 Κύριε,
3536 5462 3689 5514 σῶσον

2136 5552 2219 5623 δὴ,
2247 5546 2293 5605 ὧ
2326 5553 2521 5625 Κύριε,
2555 5554 2817 5608 εὐόδωσον
2838 5554 2923 5626 δή.
2959 5555 3330 5626 Εὐλογημένος
3357 5554 3385 5605 ὁ
3417 5552 3688 5624 ἐρχόμενος

2137 5650 2195 5703 ὲν
2239 5649 2463 5720 ὀνόματι
2525 5650 2752 5721 Κυρίου.
2808 5649 2941 5713 Θεὸς
2987 5648 3210 5720 Κύριος,
3279 5648 3369 5702 καὶ
3438 5643 3687 5714 sideri-‘5‘!

2081 5801 2127 5837 ⁸⁸
2156 5800 2303 5860 Psal.
2333 5817 2477 5867 cm,
2502 5801 2623 5864 1.2.
