3902 6264
260 294 364 353 425

1160 297 1816 355 DEMONSTRATIONIS
1856 295 2319 354 EVANGELICIE
2356 297 2486 354 ῐιΙΒ.
2531 297 2627 355 VI.

3400 303 3504 359 626

257 419 406 490 ἡμῖν.
429 437 449 469 ι
478 418 591 472 Καὶ
612 417 802 472 τούτου
832 418 1100 492 μέμνηται
1129 423 1160 492 ἡ
1196 422 1316 494 ἱερὰ
1352 421 1446 475 τοῦ
1483 423 1817 491 Εὑαγγελίου

1936 419 2148 474 nomine
2178 417 2417 474 Domini.
2449 418 2593 476 Deus
2623 418 2889 477 Dominus
2916 428 2969 477 et
2996 420 3176 476 illuxit
3204 422 3365 479 nobis
3382 424 3446 478 ³⁸.
3481 445 3502 479 ι

255 508 465 583 Γραφῇ,
490 510 677 575 τέλους
705 511 1325 585 τετυχηκότος,ὁπηνίκα
1344 514 1371 565 ὁ
1392 515 1582 587 Σωτὴρ
1600 515 1693 567 καὶ
1720 513 1831 567 Κύ-

256 615 369 674 ριος
398 600 558 672 ἡμῶν
582 600 747 666 αὑτὸς
774 602 803 654 ό
833 602 1064 674 Χριστὸς
1090 606 1260 677 εἰσῄει
1292 608 1370 670 είς
1388 603 1832 676 τὰἸεροσόλυμα,

253 691 388 745 πολὺ
422 709 484 745 τε
519 693 721 765 πλῆθος
758 695 965 767 ἀνδρῶν
1006 698 1101 751 καὶ
1146 696 1349 750 παίδων
1391 700 1634 769 προῆγεν
1667 696 1833 750 αὑτὸν

257 787 375 856 μετ’
422 786 765 858 εὐφροσύνης
793 788 1133 843 ἐπιϐοώντων
1152 812 1165 821 υ
1203 808 1220 837 ο
1260 788 1488 843 Ὡσαννὰ
1519 788 1598 859 τῷ
1625 787 1727 859 υἱῷ
1756 787 1835 860 τῷ

252 872 421 953 ῥαϐὶδ
439 914 456 937 ,
501 875 861 948 εὐλογημένος
883 879 910 930 ὁ
941 879 1236 950 ἐρχόμενος
1265 880 1322 932 ἐν
1349 879 1570 951 ὀνόματι
1596 880 1832 952 Κυρίου,

261 962 495 1018 Ὦσαννὰ
520 967 580 1020 ὲν
607 970 719 1032 τοῖς
753 969 1012 1038 ὑψίστοις.
1041 990 1058 1021 ι
1100 971 1243 1023 Ἀντί
1272 970 1381 1041 γὰρ
1405 970 1521 1037 τοῦ,
1542 992 1559 1024 ι
1582 966 1838 1043 ὧΚὺριε,

253 1057 429 1109 σῶσον
472 1057 559 1129 δὴ,
585 1078 605 1111 ι
632 1060 882 1131 κειμένου
928 1062 985 1115 ὲν
1030 1061 1108 1131 τῷ
1131 1060 1350 1133 ψαλμῷ,
1392 1062 1453 1115 τὸ
1490 1080 1509 1114 ι
1549 1061 1776 1116 Ὡσαννά
1809 1082 1828 1115 ι

263 1146 702 1220 Ἐϐραῖκὼτερον
736 1151 1034 1219 φάσκοντες
1074 1150 1343 1205 ὲπεϐόων’
1385 1154 1743 1224 ἑρμηνεύεται
1778 1154 1835 1208 δὲ

252 1238 432 1301 τοῦτο,
458 1239 666 1293 «Σῶσον
691 1240 774 1313 δή.
791 1261 808 1292 ι
830 1241 939 1295 Καὶ
967 1242 1047 1306 τὸ,
1072 1241 1474 1314 «Εὐλογημένος
1496 1245 1525 1296 ὁ
1544 1244 1834 1317 ἐρχόμενος

256 1330 313 1386 ἑν
334 1330 560 1403 ὀνόματι
573 1332 802 1404 Κυρίου,
828 1352 846 1384 ι
879 1333 1133 1404 διασαφεῖ
1149 1333 1210 1387 τὸ
1235 1334 1413 1404 λόγιον
1432 1336 1558 1406 ἑξῆς
1592 1336 1797 1405 φάσκον
1815 1353 1830 1368 ’

264 1442 283 1475 ι
303 1423 435 1486 Θεὸς
460 1422 683 1494 Κύριος,
714 1426 807 1477 καὶ
829 1425 1097 1497 ὲπέφηνεν
1121 1426 1272 1496 ἡμῖν.
1299 1444 1318 1478 ι
1346 1425 1554 1479 Οὐκοῦν
1580 1421 1661 1490 εἷς
1688 1428 1783 1481 καὶ
1806 1428 1834 1479 ό

256 1515 415 1579 αὑτὸς
441 1511 510 1587 ἦν
536 1517 565 1567 ό
597 1517 879 1586 ἐπιφανεὶς
924 1519 1053 1587 ἡμῖν
1089 1516 1220 1581 Θεὸς
1255 1516 1478 1589 Κύριος,
1506 1520 1534 1571 ό
1560 1517 1653 1571 τοῦ
1699 1516 1833 1570 Θεοῦ

254 1606 453 1679 δηλαδὴ
483 1606 676 1675 Λόγος,
707 1608 736 1660 ό
755 1608 848 1660 καὶ
869 1606 956 1660 διὰ
986 1607 1144 1661 τοῦτο
1169 1607 1548 1680 εὐλογημένος,
1576 1609 1659 1663 ὅτι
1684 1608 1748 1682 δὴ
1777 1610 1833 1661 ὲν

253 1699 477 1770 ὀνόματι
503 1700 711 1770 Κυρίου
739 1699 832 1753 τοῦ
861 1699 1172 1771 πέμψαντος
1201 1700 1361 1754 αὑτὸν
1392 1700 1604 1772 Πατρὸς
1636 1700 1732 1773 τὴν
1756 1702 1834 1766 είς

1940 510 2231 568 Enimvero
2252 512 2320 568 de
2338 512 2439 568 hac
2469 514 2583 583 ipsa
2602 530 2681 578 re,
2697 515 3151 585 quemadmodum
3174 531 3331 571 suum
3351 516 3511 573 ﬁnem

1941 604 2251 675 contigerit,
2284 604 2448 660 etiam
2490 621 2645 661 sacra
2672 605 3248 678 EvangeliiScriptura
3281 610 3514 666 mentio-

1941 712 2066 752 nem
2091 695 2241 760 facit,
2256 711 2366 767 quo
2389 703 2632 768 tempore
2648 697 2896 754 Salvator
2924 714 2988 755 ac
3010 699 3270 757 Dominus
3303 709 3511 768 noster,

1940 789 2057 860 ipse
2080 788 2334 845 Christus
2366 787 2740 860 Hierosolyma
2775 791 3055 863 ingressus
3086 801 3189 861 est,
3223 802 3387 865 atque
3426 794 3513 849 in-

1939 892 2073 950 gens
2108 876 2398 932 multitudo
2428 879 2672 932 virorum
2702 886 2755 932 et
2786 894 3103 948 puerorum,
3136 883 3314 952 ipsum
3357 890 3514 939 ante-

1940 970 2188 1034 cedebat,
2228 984 2351 1024 cum
2406 969 2586 1024 laetitia
2613 971 2963 1025 clamantium
2999 991 3015 1027 :
3055 991 3073 1024 ι
3113 973 3371 1030 IIosanna
3400 974 3513 1030 ﬁlio

1941 1057 2134 1121 David,
2198 1058 2517 1113 benedictus
2562 1058 2656 1128 qui
2708 1059 2853 1113 venit
2898 1059 2953 1113 in
2996 1060 3215 1116 nomine
3272 1060 3510 1127 Domini,

1941 1150 2188 1208 hosanna
2226 1151 2280 1204 in
2310 1151 2544 1207 excelsis
2562 1150 2629 1204 ³⁷.
2661 1170 2681 1203 ι
2709 1148 2815 1205 Pro
2844 1165 2910 1205 eo
2937 1151 3082 1205 enim
3114 1152 3259 1221 quod
3278 1152 3333 1206 in
3364 1152 3512 1222 psal-

1942 1255 2031 1296 mo
2054 1242 2292 1313 positum
2315 1249 2401 1297 est
2426 1262 2439 1299 :
2470 1240 2545 1298 «Ο
2565 1242 3040 1307 Domine,.salvum
3066 1242 3151 1297 fac
3169 1244 3279 1313 jam
3300 1259 3464 1311 nunc,
3486 1263 3505 1296 ο

1942 1331 2109 1389 illud:
2132 1353 2151 1387 ι
2182 1332 2465 1399 Hosanna,
2507 1354 2526 1387 ι
2561 1333 2830 1390 Hebraico
2858 1349 3010 1390 more
3031 1335 3427 1398 acclamabant,
3456 1334 3512 1388 id

1942 1434 2121 1482 autem
2169 1427 2225 1482 in
2260 1434 2451 1483 nostra
2501 1428 2708 1498 lingua,
2765 1424 2981 1480 Salvum
3030 1425 3119 1495 [ac
3166 1425 3314 1491 dum,
3358 1425 3513 1482 reddi

1943 1518 2101 1573 solet.
2126 1516 2265 1573 Illud
2301 1533 2428 1573 vero
2461 1535 2476 1574 :
2516 1537 2535 1570 ι
2569 1517 2894 1575 Benedictus
2921 1519 3012 1588 qui
3043 1517 3189 1572 venit
3213 1519 3266 1572 in
3288 1518 3513 1572 nomine

1940 1608 2157 1663 Domini
2192 1628 2206 1665 :
2237 1628 2255 1661 ι
2281 1610 2460 1680 ipsum
2492 1608 2735 1664 declarat
2760 1609 3061 1673 oraculum,
3094 1609 3237 1679 quod
3254 1609 3514 1680 deinceps

1942 1701 2017 1755 ita
2053 1702 2128 1755 ait
2164 1721 2177 1756 :
2223 1719 2243 1753 ι
2293 1700 2437 1756 Deus
2467 1700 2749 1766 Dominus,
2771 1711 2824 1758 et
2852 1702 3029 1757 illuxit
3084 1702 3264 1759 nobis.
3305 1723 3323 1755 ι
3358 1702 3514 1761 Unus

252 1793 575 1866 ἀνθρώπους
627 1793 792 1847 αὑτοῦ
839 1794 1142 1866 παρουσίαν
1197 1794 1513 1863 ἐποιήσατο.
1570 1793 1835 1864 Ἐλέγχων

1940 1792 2126 1863 igitur,
2161 1793 2416 1863 idemque
2466 1792 2588 1859 fuit,
2624 1793 2720 1864 qui
2774 1796 3015 1864 scipsum
3069 1794 3230 1849 nobis
3271 1797 3514 1851 ostendit

250 1882 382 1954 γοῦν
411 1885 540 1949 τοὺς
572 1885 931 1949 ἀπιστοῦντας
951 1885 1098 1956 αὑτῷ
1126 1885 1233 1939 τῶν
1256 1886 1320 1939 ὲκ
1341 1889 1661 1957 περιτομῆς,
1681 1885 1830 1955 έλεγε

248 1976 390 2046 πρὸς
418 1975 644 2039 αὑτοὺςο
671 1996 688 2027 ι
714 1974 854 2044 Ἐγὼ
877 1972 1036 2047 ἦλθον
1060 1976 1117 2027 ἐν
1145 1974 1222 2046 τῷ
1243 1975 1464 2045 ὀνόματι
1497 1974 1591 2028 τοῦ
1620 1975 1831 2046 Πατρός

251 2085 377 2138 μου,
409 2069 505 2121 καὶ
551 2069 611 2121 οὑ
655 2067 960 2139 λαμϐάνετὲ
1007 2086 1094 2139 με.
1126 2067 1317 2132 ’Ἄλλος
1359 2068 1453 2122 ὲάν
1480 2068 1611 2142 ἔλθῃ
1654 2070 1711 2121 ὲν
1752 2067 1831 2138 τῷ

245 2158 473 2230 ὀνόματι
507 2160 587 2231 τῷ
632 2160 765 2231 ἰδίῳ,
802 2162 1006 2213 ἐκεῖνον
1034 2159 1286 2231 λήψεσθε.
1323 2178 1340 2210 ι
1370 2159 1607 2223 Εἰκότως
1649 2155 1741 2213 οῦν
1769 2159 1831 2212 τὸ

248 2250 476 2322 Πνεῦμα
517 2251 578 2303 τὸ
624 2251 777 2319 ἆγιον
830 2250 1011 2303 οὐκέτι
1054 2250 1132 2321 τῷ
1184 2249 1450 2302 Ἰουδαίων
1499 2249 1642 2321 λαῷ,
1696 2250 1832 2303 ἀλλὰ

246 2344 384 2395 πᾶσι
428 2345 541 2406 τοῖς
578 2343 778 2405 ἔθνεσι,
800 2342 869 2395 τὰ
902 2343 959 2395 ἐν
994 2343 1060 2413 τῇ
1092 2342 1235 2413 ἀρχῇ
1265 2340 1359 2394 τοῦ
1409 2341 1623 2412 ψαλμοῦ
1666 2358 1834 2411 προσ-

249 2452 441 2504 φωνει.

1939 1883 2082 1939 Deus
2110 1900 2173 1939 ac
2198 1884 2481 1948 Dominus,
2510 1885 2602 1939 Dei
2632 1885 3325 1953 videlicetVerbum.Quod
3346 1888 3513 1942 etiam

1937 1962 2146 2031 idcirco
2171 1985 2255 2033 est
2279 1976 2917 2048 benedictum,quoniam
2944 1981 2998 2033 in
3031 1976 3249 2034 nomine
3270 1977 3512 2042 Domini,

1936 2069 2031 2139 qui
2066 2068 2242 2137 ipsum
2276 2069 2445 2130 misit,
2482 2067 2679 2132 Patris,
2709 2082 2867 2123 suum
2908 2070 2976 2124 ad
3009 2069 3257 2126 homines
3312 2069 3515 2124 adven-

1938 2167 2051 2213 tum
2085 2160 2351 2215 exhibuit.
2388 2160 2573 2230 Itaque
2619 2175 2714 2216 eos
2759 2176 3016 2232 arguens,
3046 2163 3139 2233 qui
3175 2163 3277 2232 ipsi
3307 2161 3374 2217 de
3405 2161 3513 2216 cir-

1941 2251 2281 2306 cumcisione
2324 2268 2430 2305 non
2464 2251 2779 2315 credebant,
2812 2252 3026 2307 dicebat
3056 2253 3124 2308 ad
3160 2268 3256 2308 eos
3290 2270 3303 2306 :
3342 2270 3363 2305 ι
3400 2250 3513 2323 Ege

1938 2341 2060 2397 veni
2095 2342 2149 2395 in
2202 2343 2423 2407 nomine
2484 2342 2663 2399 Patris
2720 2343 2847 2407 mei,
2883 2352 2934 2398 et
2967 2359 3075 2397 non
3115 2342 3361 2414 accipitis
3402 2358 3512 2400 me.

1936 2435 2092 2492 Alius
2140 2436 2186 2491 si
2222 2437 2399 2491 veniet
2450 2437 2505 2489 in
2553 2438 2769 2490 nomine
2798 2436 3041 2507 proprio,
3084 2438 3234 2491 illum
3278 2436 3512 2507 accipie-

245 2527 398 2581 tis”.
427 2545 449 2579 ι
485 2523 680 2580 Merito
726 2540 855 2596 ergo
902 2524 1140 2596 Spiritus
1185 2534 1435 2589 sanctus,
1489 2539 1598 2580 non
1635 2526 1871 2597 amplius
1933 2529 1999 2584 ad
2036 2528 2324 2584 Iudaicum
2379 2530 2660 2601 populum,
2714 2530 2809 2585 sed
2853 2529 2921 2584 ad
2968 2545 3159 2587 omnes
3203 2537 3413 2602 gentes,
3446 2545 3511 2584 ea

248 2635 370 2691 quae
400 2619 455 2674 in
489 2618 758 2692 principio
788 2620 983 2690 psalmi
1010 2621 1283 2691 leguntur,
1317 2620 1585 2676 enuntiat.

776 2740 1172 2794 ΚΕΦΑΛΑῙΟΝ
1217 2741 1293 2794 Θ¹.

261 2850 407 2925 Ἀπὸ
445 2854 692 2925 ψαλμοῦ
716 2859 871 2924 ρμγί.
897 2886 971 2895 ——
1005 2856 1221 2925 Κύριος
1247 2856 1574 2925 οὐρανόθεν
1605 2854 1826 2909 κατιὼν

317 2923 646 2993 ἀνθρώπων
670 2923 967 2993 σωτηρίας
992 2924 1216 2988 ἕνεκεν,
1253 2923 1374 2991 ᾠδή
1397 2942 1461 2979 τε
1496 2925 1597 2978 ἐπὶ
1630 2926 1821 2989 τούτῳ

316 2994 601 3066 ᾁδομένη,
632 2994 858 3064 Καινῆς
879 2994 1172 3064 Διαθήκης
1203 2994 1457 3064 δηλαδή.

320 3127 341 3159 ι
363 3109 559 3182 Κύριε,
592 3110 645 3162 τί
679 3112 824 3163 ἐστιν
846 3108 1149 3182 ἅνθρωπος.
1180 3111 1260 3163 ὅτι
1294 3109 1573 3180 ἐγνώσθης
1604 3108 1771 3180 αὑτῷ,
1797 3106 1832 3180 ἦ

247 3200 359 3266 υίὸς
392 3200 702 3271 ἀνθρώπου,
726 3202 807 3255 ὅτι
836 3201 1019 3272 λογίζῃ
1038 3202 1227 3267 αὑτόνς
1262 3202 1456 3274 Κύριε,
1474 3203 1650 3256 κλῖνον
1665 3202 1832 3275 οὐρα-

245 3295 387 3359 νοὺς,
423 3295 518 3348 καὶ
532 3294 799 3367 κατάϐηθι
827 3312 840 3325 °
875 3296 1008 3363 ἅψαι
1036 3295 1143 3348 τῶν
1172 3295 1362 3367 ὀρέων,
1388 3296 1479 3349 καὶ
1530 3295 1834 3367 καπνισθήσ-

245 3403 451 3443 συντ-ἀι.
477 3407 495 3439 ι
512 3388 622 3441 Καὶ
644 3387 851 3451 ὑποϐὰς
874 3387 1116 3457 ἐπιλέγει
1136 3405 1148 3418 ·
1179 3408 1197 3438 ι
1222 3391 1278 3441 '0
1303 3389 1453 3452 Θεὸς,
1477 3387 1620 3459 ᾠδὴν
1635 3389 1831 3460 καινὴν

245 3474 450 3547 ᾄσομαί
482 3494 588 3529 σοι.
616 3497 635 3529 ι
664 3475 921 3546 Ἔχεσθαι
965 3476 1259 3530 καὶταῦτα
1293 3478 1394 3549 τῆς
1430 3477 1831 3549 προσκειμένης

246 3569 559 3631 ὑποθέσεως
587 3568 848 3640 ἡγοῦμαι.
879 3568 989 3639 Τὴν
1027 3567 1137 3640 γὰρ
1176 3569 1255 3632 εἰς
1288 3566 1606 3638 ἀνθρώπους
1624 3566 1827 3636 γνῶσιν

243 3653 336 3708 τοῦ
351 3655 490 3708 Θεοῦ
512 3656 681 3724 Λόγου
696 3656 1005 3727 θαυμάζων,
1021 3659 1123 3709 ὑπε
1131 3655 1519 3728 ρεκπλήττεται
1534 3655 1634 3726 τῆς
1647 3656 1832 3725 φιλαν-

247 3747 523 3819 θρωπίας,
553 3748 620 3801 δι’
643 3744 711 3821 ἧς
749 3749 845 3820 τῆς
867 3748 1126 3820 ,θεότητος
1149 3748 1355 3812 ὑποϐάς
1405 3748 1520 3813 καὶ,
1557 3748 1650 3800 τοῦ
1693 3764 1831 3819 συμ-

249 3839 410 3908 φυοῦς
442 3838 707 3909 μεγέθους
739 3840 928 3892 ἑαυτὸν
956 3839 1256 3912 σμικρὺνας
1276 3879 1291 3902 ,
1324 3838 1523 3909 ἠξίωσε
1567 3840 1668 3909 τῆς
1691 3840 1827 3904 ίδίας

247 3930 500 4001 γνώσεως
540 3931 602 3985 τὸ
651 3930 984 4004 ἀνθρώπειον
1035 3932 1211 4000 γένος.
1286 3930 1549 3985 Ἐνταῦθα
1595 3932 1694 4003 μὲν
1732 3927 1827 3986 οῦν

245 4020 461 4094 εὔχεται
489 4024 696 4092 λέγων·
733 4044 751 4074 ι
786 4023 956 4096 Κύριε
976 4063 992 4088 ,
1029 4023 1207 4078 κλῖνον
1235 4024 1494 4094 οὐρανοὺς
1525 4023 1620 4077 καὶ
1660 4025 1829 4077 κατά-

245 4113 366 4186 ϐηθι
391 4155 404 4167 .
441 4135 460 4166 ι
514 4114 604 4167 Ἐν
643 4114 699 4167 δὲ
743 4113 821 4186 τῷ
853 4115 1298 4185 ἑπτακαιδεκάτῳ
1337 4112 1535 4185 ψαλμῷ
1578 4113 1823 4185 εἴρηταιο

249 4224 267 4257 ι
305 4209 417 4260 Καὶ
443 4206 652 4260 ἔκλινεν
674 4206 953 4278 οὐρανοὺς,
989 4209 1085 4261 καὶ
1113 4205 1340 4277 κατέϐη,
1372 4205 1466 4259 καὶ
1497 4204 1695 4275 γνόφος
1720 4204 1825 4257 ὑπὸ

244 4300 364 4361 τοὺς
395 4297 567 4359 πόδας
601 4295 766 4349 αὑτοῦ
786 4313 799 4325 ·
829 4297 923 4349 καὶ
948 4295 1118 4366 ἐπέϐη
1141 4295 1233 4348 ἐπὶ
1253 4293 1538 4367 χερουϐὶμ,
1574 4293 1669 4346 καὶ
1693 4295 1822 4346 ἐπε-

2530 2710 2760 2766 CAPUT
2816 2710 2909 2766 IX.

1930 2825 1976 2880 Α
2026 2825 2231 2895 psalmo
2287 2840 2574 2881 cxun.—-
2615 2822 2874 2878 Dominus
2922 2825 2985 2879 de
3031 2826 3158 2881 coelo
3195 2829 3508 2883 descendens

2002 2897 2192 2969 salutis
2223 2897 2494 2969 hominum
2525 2897 2721 2969 gratio,
2756 2896 3121 2969 cantuumque
3145 2915 3334 2951 navum
3355 2917 3511 2969 super

2002 2967 2100 3020 hac
2134 2983 2190 3021 re
2216 2963 2535 3029 canendum,
2560 2963 2699 3018 Novi
2724 2964 2957 3018 videlicet
2993 2963 3331 3023 Testamenu'.

2009 3097 2029 3130 ι
2077 3077 2305 3132 Domine
2357 3076 2490 3147 quid
2548 3082 2633 3131 est
2665 3074 2849 3139 homo,
2907 3075 3053 3145 quod
3110 3077 3393 3132 innotuisti
3426 3077 3512 3132 ei?

1933 3179 2030 3226 aut
2060 3170 2205 3225 ﬁlius
2238 3168 2495 3232 hominis,
2542 3165 2688 3237 quod
2728 3172 2950 3236 reputas
2975 3168 3134 3222 eum?
3161 3166 3406 3234 Domine,
3435 3169 3511 3222 in-

1935 3262 2080 3318 clina
2111 3261 2301 3327 caelos,
2333 3268 2388 3314 et
2417 3259 2686 3314 descende
2715 3277 2728 3314 :
2754 3267 2913 3329 tange
2943 3267 3173 3327 montes,
3194 3265 3249 3315 et
3278 3259 3511 3331 fumiga-

1932 3356 2091 3411 hunt.
2123 3354 2169 3386 "
2223 3372 2243 3407 ι
2292 3351 2357 3407 Et
2383 3365 2733 3422 progressus,
2767 3350 3055 3422 adjungit:
3087 3368 3106 3402 ι
3140 3350 3305 3418 Deus,
3327 3353 3510 3408 canti-

1933 3461 2059 3503 cum
2083 3460 2284 3501 novum
2303 3444 2538 3499 cantabo
2556 3443 2654 3498 tibi
2667 3442 2735 3497 “.
2759 3462 2777 3495 ι
2800 3442 2924 3498 Haec
2939 3457 3156 3514 quoque
3172 3459 3295 3498 cum
3309 3460 3510 3515 propo-

1935 3536 2043 3593 sito
2066 3541 2390 3607 argumento
2418 3546 2541 3588 esse
2568 3532 3030 3601 conjuncta,sane
3054 3548 3155 3603 ego
3177 3535 3506 3603 putaverim.

1932 3628 2093 3700 267
2124 3625 2503 3697 Cognitionem
2551 3625 2696 3680 enim
2738 3624 3055 3680 hominibus
3106 3623 3363 3678 traditam
3405 3623 3503 3679 Dei

1932 3722 2100 3778 Verbi
2158 3721 2461 3785 admirans,
2510 3720 2686 3791 ipsam
2735 3719 3085 3775 clementiam
3135 3720 3498 3790 obstupescit,

1931 3823 2155 3886 propter
2186 3829 2350 3885 quam
2385 3812 2526 3868 infra
2545 3813 2785 3867 divinam
2815 3827 2970 3867 suam
2999 3822 3252 3867 naturam
3273 3812 3495 3868 descen-

1931 3910 2090 3973 dens,
2126 3923 2294 3979 seque
2327 3907 2509 3978 ipsum
2552 3908 2790 3961 naturali
2830 3921 2932 3961 sua
2979 3905 3360 3976 magnitudine
3402 3905 3505 3959 mi-

1930 4001 2396 4070 norem‘elliciens,
2414 4000 2637 4070 propria
2666 3999 2839 4069 ipsius
2857 3998 3168 4069 cognitione
3201 3997 3501 4052 humanum

1928 4111 2101 4168 genus
2139 4094 2360 4164 dignum
2408 4091 2763 4147 existimavit.
2809 4089 2996 4160 Itaque
3041 4089 3144 4144 hoc
3185 4089 3305 4144 loco
3358 4097 3502 4154 orat,

1929 4189 2149 4244 dicens:
2188 4205 2206 4236 ι
2248 4184 2500 4247 Domine,
2531 4184 2736 4238 inclina
2761 4183 2932 4238 caelos
2965 4188 3019 4238 et
3042 4179 3332 4236 descende.
3363 4201 3382 4232 ι
3432 4182 3505 4235 At

1927 4280 2072 4336 enim
2105 4279 2160 4331 in
2192 4277 2404 4332 decimo
2431 4276 2664 4345 septimo
2693 4275 2905 4347 psalmo
2934 4275 2976 4305 “
3001 4272 3207 4327 dictum
3242 4278 3359 4327 est:
3391 4291 3411 4323 ι
3435 4271 3504 4326 Et

246 4389 410 4462 τάσθη
438 4389 536 4442 ἐπὶ
556 4387 842 4459 πτερύγων
875 4362 1116 4459 ἀνέμων..
1139 4406 1157 4439 ›
1186 4362 1367 4441 Δις-ὧν
1394 4386 1462 4439 τά
1482 4362 1590 4455 τῆς
1611 4384 1818 4449 ἀνόδου,

1936 4368 2219 4424 inclinavit
2243 4367 2416 4422 caelos
2437 4373 2492 4421 et
2517 4365 2823 4428 descendit,
2851 4371 2905 4418 et
2930 4364 3108 4431 caligo
3137 4362 3241 4427 sub
3269 4362 3503 4432 pedibus

247 4480 309 4551 ἢν
324 4476 435 4534 ἀπὸ
460 4480 568 4549 γῆς
592 4481 670 4543 εἰς
697 4480 960 4552 οὐρανοὺς
991 4479 1304 4550 ἐποιήσατο,
1343 4475 1605 4540 θεσπίζει.
1637 4476 1824 4538 Ὅπως

243 4574 296 4628 δὲ
322 4573 553 4628 κάθοδον
580 4573 685 4644 χρὴ
710 4575 853 4625 νοεῖν
889 4573 984 4625 καὶ
1012 4571 1197 4626 ἄνοδον
1234 4569 1327 4623 τοῦ
1368 4568 1503 4623 Θεοῦ
1534 4568 1730 4637 Λόγου,
1761 4568 1823 4620 οὑ

243 4661 484 4728 τοπικῶς
541 4661 868 4733 μεταϐάσεις
908 4660 1229 4731 ποιουμένου
1254 4698 1268 4722 ,
1307 4657 1579 4731 τροπικῶς
1625 4657 1682 4710 δὲ
1725 4655 1825 4718 τὰς

243 4755 452 4809 τοιάσδε
478 4753 791 4824 οἰκονομίας
823 4742 987 4806 αὑτοῦ
1011 4750 1198 4805 τοῦτον
1225 4750 1325 4821 τῆς
1351 4750 1574 4821 Γραφῆς
1610 4750 1822 4803 ἀποκα-

242 4847 438 4919 λούσης
474 4846 568 4899 τὸν
604 4845 804 4917 τρόπον
827 4886 839 4910 ,
882 4846 967 4898 ἐπ’
998 4844 1203 4907 οἰκείας
1240 4841 1592 4912 ἀποδώσομεν
1607 4837 1820 4910 σχολῆς.

247 4942 391 4995 Ἔδει
417 4940 478 4994 δὲ
512 4936 883 5011 μνημονεῦσαι
906 4939 963 4991 ὲν
987 4937 1193 5000 τούτοις
1224 4935 1320 4989 καὶ
1343 4935 1442 5006 τῆς
1466 4931 1677 5002 Καινῆς
1700 4932 1824 4982 Δια-

246 5032 435 5106 θήκης,
470 5034 540 5104 ἢν
563 5031 784 5102 ἔμελλεν
807 5033 843 5102 ἡ
870 5028 963 5083 τοῦ
988 5027 1223 5102 Χριστοῦ
1259 5025 1529 5099 παρουσία
1560 5021 1825 5095 προξενή-

245 5142 355 5181 σειν
377 5124 711 5198 ἀνθρώποις·
737 5122 874 5194 αῦτη
902 5122 958 5175 δέ
982 5124 1128 5175 ἐστιν
1151 5123 1185 5193 ἡ
1211 5119 1388 5191 Καινὴ
1412 5116 1650 5187 Διαθήκη
1686 5112 1822 5185 μετὰ

248 5216 339 5288 τὴν
372 5215 618 5269 Παλαιὰν
645 5214 750 5269 ὑπὸ
777 5211 1013 5285 Χριστοῦ
1038 5213 1172 5264 πᾶσι
1197 5213 1307 5273 τοῖς
1339 5208 1513 5262 ἔθνεσι
1538 5204 1819 5276 δεδομένη.

247 5309 332 5362 Διό
349 5327 483 5381 φησι
502 5308 564 5361 τὸ
589 5308 728 5380 μετᾶ
747 5311 933 5380 χεῖρας
958 5305 1154 5374 λόγιον·
1168 5321 1185 5354 ι
1208 5305 1265 5356 '0
1281 5303 1432 5366 Θεὸς,
1460 5301 1604 5373 ᾠδὴν
1626 5297 1820 5368 καινὴν

247 5399 446 5472 ᾄσομαί
482 5415 589 5452 σοι.
628 5419 647 5451 ι
684 5400 759 5451 Τὸ
790 5398 867 5463 δὲ,
907 5418 925 5449 ι
950 5397 1119 5474 "Ad/att
1149 5395 1257 5448 τῶν
1276 5392 1468 5464 ὀρέων,
1501 5392 1595 5445 καὶ
1629 5404 1826 5441 καπνι-

249 5492 555 5564 σθήσονται,
570 5509 589 5543 ι
616 5489 947 5545 αἰνίττεσθαι
962 5488 1198 5561 ἡγοῦμαι
1211 5490 1235 5540 ὲ
1243 5502 1395 5557 μπρη
1404 5482 1536 5552 σμὸν
1563 5482 1654 5535 καὶ
1675 5482 1820 5548 ἀφα-

252 5587 433 5656 νισμὸν
457 5586 637 5656 πάσης
652 5581 1109 5653 εἰδωλολατρείας,
1135 5580 1254 5650 ἥτις
1272 5576 1422 5647 παρά
1434 5577 1545 5638 τοῖς
1572 5571 1821 5633 παλαιοῖς

354 5680 400 5715 ⁸⁸
428 5679 577 5734 Psal.
608 5693 776 5742 cxvii,
808 5676 898 5731 26.

260 5750 339 5813 IO,
378 5750 461 5810 Η.

524 5843 792 5902 Ρετιιοι..
840 5837 958 5898 Gn.
1005 5834 1211 5896 XXII.

1011 5674 1052 5706 ³⁷
1087 5672 1277 5726 Matth.
1315 5687 1428 5737 χιιι,
1461 5669 1516 5725 9.
1591 5667 1636 5699 ³⁸
1666 5665 1824 5720 Joan.
1863 5680 1917 5731 v,
1948 5662 2040 5716 45.

1927 4461 2086 4532 ejus:
2122 4467 2179 4515 et
2200 4457 2450 4515 ascendit
2481 4472 2647 4527 super
2679 4454 2981 4515 cherubim.
3005 4462 3059 4508 et
3086 4454 3322 4508 volavit:
3356 4455 3504 4509 vola-

1924 4558 2005 4613 vit
2056 4571 2221 4625 super
2261 4569 2472 4625 pennas
2500 4561 2810 4607 ventorum.
2875 4547 2976 4603 »ιιι
3036 4548 3236 4618 quibus
3295 4548 3498 4614 verbis,

1926 4664 1995 4704 ea
2036 4662 2157 4719 quae
2195 4646 2264 4700 ad
2307 4658 2599 4701 ascensum
2635 4647 2906 4713 spectant,
2958 4654 3069 4711 quo
3110 4641 3179 4695 de
3223 4647 3371 4693 terra
3430 4639 3500 4694 ad

1929 4743 2129 4798 cmlum
2164 4756 2223 4796 se
2246 4738 2488 4800 sustulit,
2520 4735 2760 4791 divinat:
2790 4734 2934 4804 quod
2966 4739 3148 4787 autem
3171 4731 3497 4787 descensum

1931 4842 2097 4905 atque
2129 4846 2418 4887 ascensum
2451 4827 2547 4883 Dei
2579 4825 2765 4891 Verbi,
2794 4841 2907 4879 non
2948 4824 3214 4895 quosdam
3248 4823 3369 4892 ejus
3402 4839 3501 4893 per
3598 4823 3602 4826 ⁴

1928 4926 2113 4980 locum
2145 4923 2413 4977 transitus
2452 4918 2703 4989 accipere
2752 4922 3022 4986 Oporteat,
3054 4913 3501 4985 quandoquidem

1926 5018 1981 5072 in
2001 5017 2152 5071 hunc
2176 5013 2399 5069 modum
2433 5010 2720 5080 Scriptura
2745 5009 2949 5075 divina,
2973 5007 3108 5061 tales
3135 5005 3256 5077 ejus
3283 5005 3502 5075 diSpen-

1927 5108 2170 5163 sationes
2199 5102 2476 5175 appellare
2514 5099 2822 5162 consuevit,
2854 5112 2955 5152 suo
2992 5097 3114 5150 loco
3152 5094 3385 5149 otiosius
3403 5093 3501 5148 de»

1926 5194 2378 5251 monstrabimus.
2423 5189 2649 5259 Oportet
2695 5193 2878 5240 autem
2926 5186 2983 5239 in
3028 5184 3115 5240 his
3155 5183 3321 5239 etiam
3361 5181 3499 5237 Novi

1927 5283 2265 5343 Testamenti
2291 5281 2621 5335 mentionem
2656 5276 2856 5342 facere,
2876 5274 3024 5346 quod
3047 5272 3361 5328 hominibus
3380 5280 3502 5327 erat

1924 5378 2129 5435 Christi
2183 5375 2455 5431 adventus
2497 5370 2932 5427 conciliaturus:
2973 5367 3079 5421 hoc
3123 5380 3256 5420 sane
3286 5362 3499 5419 Novum

1924 5472 2338 5528 Testamentum
2372 5465 2507 5521 illud
2547 5471 2654 5529 est,
2685 5461 2832 5533 quod
2862 5476 2894 5515 a
2924 5460 3146 5516 Christo
3178 5467 3303 5530 post
3328 5458 3501 5515 Vetus

1923 5567 2153 5622 alterum
2192 5552 2452 5617 omnibus
2489 5557 2745 5630 gentibus
2793 5554 3055 5609 traditum
3103 5560 3208 5608 est.
3257 5550 3499 5607 Proinde

2146 5660 2190 5691 "
2229 5657 2376 5713 Psal.
2404 5670 2592 5723 cm",
2626 5656 2682 5721 ’5,
2718 5651 2770 5705 5.
2871 5649 2916 5682 ⁵ο
2944 5649 3078 5705 ibid.
3120 5648 3175 5706 9.
3269 5648 3312 5680 δι
3354 5661 3500 5743 vers.

3110 5809 3178 5869 1’s
