3902 6264
402 324 504 379 ιεπ
962 366 965 367 ν
1047 322 1313 380 EUSEBll
1351 321 1827 378 CASSARIENSIS
1865 322 2015 379 OPP.
2060 322 2238 377 PARS
2272 325 2345 378 Ῑῐ.
2387 351 2456 363 —-
2493 321 2989 378 Al’OLOGETlCA.
3521 319 3623 377 ιεε

399 440 679 495 oraculum
751 441 897 512 quod
957 456 1102 495 nunc
1148 442 1206 494 in
1260 440 1515 496 manibus
1563 449 1667 503 est,
1719 440 1798 494 sic
1840 440 1945 494 ait:

2061 443 2110 493 ἐν
2144 442 2253 502 τοῖς
2295 440 2445 511 ὃρεσι
2496 439 2727 509 μάλιστα
2764 436 3124 501 ἐσπουδάζετο
3148 452 3162 466 ·
3210 433 3348 487 ὥστε
3386 433 3490 504 ἤδη
3532 436 3625 490 καὶ

403 532 609 598 «Deus,
653 535 927 588 canticum
976 549 1177 587 novum
1231 532 1464 586 cantabo
1501 531 1602 585 tibi
1651 532 1717 584 “.
1746 550 1764 583 ι
1818 529 1945 584 Illud

2061 531 2253 595 αὐτοὺς
2296 529 2580 593 Ἰουδαίους
2626 525 3050 598 ἀπελέγχεσθαι,
3093 526 3168 589 ὡς
3223 524 3315 577 ἐπὶ
3357 526 3468 576 πᾶν
3505 522 3629 595 δρος

398 633 611 681 autem:
656 645 674 678 ι
697 626 880 696 Tange
923 633 1136 681 montes
1180 633 1233 679 et
1262 623 1621 694 ‘fumigabunt
1644 642 1690 687 ι,
1724 623 1945 677 arbitrm

2061 623 2276 695 ὑψηλὸν,
2311 623 2451 678 κατά
2487 622 2714 695 μίμησιν
2734 623 2839 675 τῶν
2864 619 3173 691 ἀλλοφύλων
3204 617 3391 683 ὲθνῶν,
3414 616 3630 671 εἰδωλοο

396 716 727 786 significare,
762 715 906 787 quod
929 717 1171 771 omnium
1203 714 1622 771 simulacrorum
1656 713 1838 768 cultus
1885 713 1945 768 sil

2061 712 2406 786 λατροῦντας.

400 808 774 863 incendendus
823 822 888 862 ac
936 808 1225 869 delendus,
1277 806 1369 877 qui
1411 804 1552 876 apud
1605 806 1860 875 antiquos
1902 806 1957 860 in
2006 807 2283 862 montibus
2351 807 2582 860 maxime
2649 804 3137 875 frequentabatur;
3172 803 3417 874 denique
3455 803 3628 858 etiam

398 899 696 969 ipsi'Jndati
727 900 1293 970 reprehendebantur,
1350 899 1492 971 quod
1552 901 1608 954 in
1642 899 1790 955 omni
1831 908 2013 954 monte
2062 900 2298 962 excelso,
2345 896 2411 952 ad
2449 896 2801 952 imitationem
2844 896 3502 969 externarumgentium,
3542 895 3633 954 si»

397 994 640 1048 mulacra
667 994 930 1049 colerent.

1007 1129 1234 1185 CAPUT
1271 1130 1313 1184 Χ

396 1269 434 1321 Ἀ
468 1267 670 1335 psalmo
697 1282 896 1322 chvn.
931 1296 1002 1306 —
1030 1265 1122 1319 Dei
1161 1264 1385 1319 Verbum
1412 1266 1471 1319 in‘
1488 1273 1679 1320 terram
1705 1268 1949 1331 missum,

436 1348 504 1391 tet
534 1337 675 1392 brevi
705 1348 931 1405 tempore
960 1352 1267 1405 percurrens
1298 1337 1570 1391 universos
1603 1337 1856 1391 homines.

450 1553 485 1587 -ι
507 1533 710 1600 Lauda,
728 1534 1048 1599 Jerusalem,
1071 1536 1380 1604 Dominum,
1402 1537 1563 1594 lauda
1580 1537 1748 1595 Deum
1770 1546 1945 1604 tuum,

392 1626 522 1683 Sion
552 1628 662 1682 ⁸³η
716 1628 917 1684 Deinde
963 1631 1239 1699 paululum
1289 1646 1612 1702 progressus
1638 1633 1741 1687 ait:
1786 1650 1804 1684 ι
1845 1630 1948 1699 Qui

390 1721 589 1775 emittit
617 1721 893 1791 eloquium
938 1738 1096 1776 suum
1120 1731 1315 1787 terras,
1353 1723 1612 1778 velociter
1640 1725 1810 1778 currit
1834 1739 1953 1779 ser-

391 1826 479 1865 mo
509 1811 629 1880 ejus
652 1811 726 1865 “:
765 1829 784 1863 ι
809 1820 1024 1867 constat
1059 1820 1236 1868 autem
1268 1828 1394 1867 eum
1436 1815 1528 1883 qui
1562 1815 1748 1878 mittit,
1777 1815 1846 1869 ab
1884 1829 1949 1869 eo

2593 1140 2987 1194 ΚΕΦΑΛΑΙΟΝ
3023 1140 3079 1195 l'.

2060 1279 2208 1333 Ἀπὸ
2234 1276 2477 1347 ψαλμοῦ
2496 1274 2643 1345 ριτξ.
2664 1304 2737 1315 --
2764 1278 2953 1347 Λόγος
2986 1274 3081 1347 ἐπὶ
3116 1274 3225 1347 τῆς
3252 1277 3623 1334 ἀποστελλό-

2125 1344 2584 1418 μενὸςξκαὶςέν
2637 1345 2858 1415 βραχεῖ
2904 1346 3103 1414 χρόνῳ
3139 1344 3368 1413 πάντας
3399 1348 3624 1418 ἀνθρὼ-

2126 1416 2281 1484 πους
2303 1416 2644 1486 διατρέχων.

2129 1573 2146 1604 ί
2192 1552 2432 1607 Ἐπαίνει
2457 1592 2472 1617 ,
2516 1551 2904 1624 Ἰερουσαλὴμ,
2944 1551 3035 1604 τὸν
3079 1552 3315 1623 Κύριον,
3355 1552 3493 1605 αἴνει
3528 1551 3623 1607 τὸν

2054 1643 2184 1696 Θεόν
2215 1661 2329 1711 σου,
2351 1642 2545 1697 Σιών.»
2576 1638 2689 1696 Εἶθ’
2713 1642 2919 1707 ὑποϐάς
2948 1659 3128 1714 φησιν·
3159 1663 3176 1695 ι
3201 1644 3256 1696 '0
3280 1643 3622 1698 ἀποστέλλω

2055 1735 2143 1788 τὸν
2169 1734 2322 1803 λόγον
2348 1734 2513 1788 αὐτοῦ
2533 1738 2597 1806 τῇ
2625 1737 2694 1805 γῇ
2712 1752 2725 1764 ·
2754 1735 2863 1800 ἕως
2887 1735 3083 1806 τάχους
3109 1735 3389 1807 δραμεῖται
3413 1737 3442 1788 ὁ
3464 1735 3623 1803 λόγος

2057 1826 2244 1881 αὐτοῦ.
2289 1845 2306 1879 ι
2347 1827 2525 1895 Σαφὲς
2556 1827 2612 1880 δὲ
2631 1867 2645 1892 ,
2672 1828 2753 1879 ὅτι
2780 1826 2874 1880 τοῦ
2906 1826 3361 1898 ἀποστελλομένου
3408 1829 3436 1881 ὁ
3477 1828 3618 1881 ἀπο-

390 1904 482 1972 qui
506 1903 740 1959 mittitur
759 1918 883 1960 esse
909 1904 1203 1959 diversum.
1253 1905 1429 1961 Habes
1455 1907 1617 1977 igitur
1639 1908 1801 1962 etiam
1841 1907 1944 1962 hoc

2061 1917 2279 1971 ςτέλλων
2309 1917 2493 1990 ⁹ἑτερος
2518 1918 2592 1969 ῶν
2613 1918 2888 1988 τυγχάνει.
2944 1919 3124 1989 Ἔχεις
3169 1916 3452 1989 τοιγαροῦν
3484 1919 3619 1971 κάν-

390 1998 533 2060 loco,
578 2012 701 2052 eum
755 1996 971 2066 quidem
1018 1997 1110 2067 qui
1150 1999 1341 2065 mittit,
1392 2015 1706 2069 supremum
1754 1998 1944 2062 Deum,

392 2089 556 2161 268
582 2105 709 2145 eum
742 2105 874 2144 vero
914 2091 1007 2160 qui
1059 2092 1294 2145 mittitur
1334 2108 1670 2148 sermonem:
1702 2091 1795 2163 qui
1825 2108 1949 2147 cum

391 2184 557 2235 multa
580 2182 775 2236 habeat
802 2182 1043 2247 nomina,
1072 2196 1218 2238 nunc
1246 2182 1543 2255 Sapientia,
1565 2201 1711 2240 nunc
1734 2186 1945 2249 Sermo,

388 2284 442 2329 et
470 2273 742 2329 interdum
776 2273 938 2340 Deus,
966 2284 1018 2330 et
1051 2277 1186 2332 alias
1221 2276 1483 2333 Dominus
1511 2281 1565 2333 in
1587 2278 1786 2334 divinis
1824 2293 1948 2333 ora-

386 2368 528 2422 culis
566 2378 944 2438 nuncupatur;
987 2369 1132 2438 quod
1180 2370 1226 2424 si
1272 2370 1565 2427 attenderis
1594 2370 1949 2441 quemadmo-

386 2460 516 2515 dum
551 2460 871 2517 brevissimo
900 2469 1164 2533 tempore,
1204 2478 1420 2518 omnem
1466 2473 1733 2519 terrarum
1761 2463 1945 2519 orbem

390 2550 581 2607 Sermo
609 2551 873 2608 doctrinae
899 2553 1045 2609 illius
1071 2554 1396 2622 impleverit,
1432 2555 1677 2624 profecto
1698 2555 1941 2610 vaticinii

385 2643 740 2714 obstupesces
801 2650 1056 2699 eventum
1099 2644 1374 2700 dicentis:
1412 2663 1430 2696 ι
1456 2643 1726 2701 Velociter
1772 2645 1946 2700 currit

387 2749 568 2789 sermo
596 2734 734 2804 ejus.
770 2753 787 2786 ι

988 2867 1216 2923 CAPUT
1250 2867 1341 2924 XI.

388 3003 430 3057 Α
471 3001 696 3057 secundo
726 3001 1039 3071 Regnorum.
1075 3033 1144 3042 —
1175 3002 1433 3057 Dominus
1476 3004 1538 3058 de
1574 3005 1702 3058 caelo
1735 3005 1947 3059 descen-

442 3073 591 3145 dens,
622 3073 711 3144 qui
734 3073 984 3145 gentium,
1016 3089 1132 3143 qua:
1173 3075 1320 3140 prius
1341 3074 1493 3127 illum
1531 3092 1632 3128 non
1673 3092 1947 3145 cognosce-

450 3144 601 3210 bant,
631 3145 744 3198 dua:
762 3144 993 3209 exsistit,
1015 3153 1063 3197 et
1095 3159 1128 3196 α
1153 3144 1385 3200 Judaica
1412 3158 1559 3215 gente
1602 3144 1828 3215 seipsum
1870 3155 1947 3200 est

445 3230 746 3270 aversurus.

459 3367 477 3400 ‹
512 3347 579 3403 Et
609 3349 825 3405 locutus
875 3358 960 3406 est
993 3349 1161 3406 David
1214 3349 1444 3405 Domino
1475 3352 1641 3407 verba
1684 3351 1945 3407 carminis

382 3442 550 3511 hujus
601 3442 668 3499 δ’.
713 3442 917 3498 Deinde
950 3459 1294 3516 progressus,
1328 3444 1401 3498 ita
1424 3444 1500 3498 ait
1535 3460 1550 3496 :
1588 3462 1607 3495 ι
1628 3442 1694 3497 Et
1722 3444 1948 3499 inclina-

386 3533 464 3587 vit
497 3534 665 3589 caelos
689 3541 742 3588 et
782 3535 1083 3601 descendit,
1114 3544 1167 3592 et
1200 3536 1375 3608 caligo
1403 3538 1507 3591 sub
1540 3536 1771 3606 pedibus
1794 3536 1943 3605 ejus;

384 3631 439 3678 et
466 3625 709 3680 ascendit
722 3641 885 3695 super
915 3626 1215 3691 cherubim,
1235 3635 1289 3683 et
1310 3627 1529 3691 volavit,
1560 3628 1761 3682 volavit
1782 3640 1947 3697 super

383 3730 590 3784 pennas
645 3724 953 3782 ventorum,
983 3726 1063 3773 'et
1108 3719 1293 3789 posuit
1341 3721 1599 3776 tenebras
1655 3720 1942 3774 latibulum

386 3822 544 3861 suum
578 3827 592 3863 :
622 3828 642 3860 ι
674 3816 787 3863 tum
824 3810 877 3863 in
912 3809 1017 3865 [ine
1031 3812 1272 3878 ejusdem
1303 3813 1558 3867 carminis
1586 3811 1665 3865 ⁴⁶ε
1704 3830 1722 3862 ι
1751 3810 1947 3865 Libera

384 3912 493 3962 me,
522 3898 715 3968 inquit,
748 3900 815 3955 de
836 3901 1357 3957 contradictionibus
1389 3902 1596 3973 populi,
1647 3901 1946 3956 constitues

386 4005 473 4045 me
505 3990 561 4043 in
601 4001 762 4061 caput
789 3993 1066 4062 gentium;
1100 3994 1331 4062 populus
1361 4009 1521 4063 quem
1555 4008 1663 4047 non
1693 3993 1942 4062 cognovi,

386 4076 610 4130 servivit
650 4078 819 4142 mihi;
855 4079 908 4133 in
957 4079 1143 4135 auditu
1195 4081 1343 4135 auris
1368 4081 1609 4135 obedivit
1642 4082 1813 4147 mihi;
1850 4080 1945 4133 lilii

386 4167 551 4220 alieni
581 4167 899 4236 rejicientur
927 4172 991 4225 δτι
1035 4190 1053 4223 ι
1081 4170 1183 4237 Qui
1219 4171 1501 4226 inclinavit
1528 4174 1719 4237 cmlos,
1764 4182 1818 4227 et
1851 4172 1946 4228 de-

386 4260 598 4314 scendit
625 4259 790 4324 Deus,
809 4262 902 4329 qui
924 4270 1260 4332 assumptum
1291 4262 1397 4318 sibi
1425 4263 1698 4318 hominem
1730 4263 1947 4318 inscen-

385 4349 466 4404 dit
501 4349 682 4421 (quem
713 4368 845 4409 sane
891 4354 1187 4419 hominem,
1230 4370 1376 4408 nunc
1424 4356 1706 4409 oraculum
1749 4355 1947 4410 cheru—

383 4440 496 4494 bim
518 4440 805 4513 nominat),
833 4442 1032 4496 volavit
1056 4457 1179 4495 cum
1201 4458 1267 4497 eo
1291 4457 1531 4507 sursum,
1556 4443 1946 4498 comitantibus

386 4533 828 4604 stipantibusque
861 4535 1036 4604 ipsum
1087 4535 1286 4590 divinis
1334 4536 1638 4605 spiritibus,
1673 4535 1766 4603 qui
1798 4550 1946 4590 nunc

1973 3279 2020 3341 C

2049 2009 2221 2063 ταῦοα
2260 2010 2348 2062 τὸν
2392 2010 2488 2080 μὲν
2515 2009 2910 2063 ἀποστέλλοντα
2934 2010 3046 2076 τὸν,
3074 2011 3166 2063 ἐπὶ
3204 2009 3417 2063 πάντων
3448 2008 3615 2062 Θεόν⁹

2048 2101 2137 2154 τὴν
2164 2102 2219 2153 δὲ
2242 2101 2714 2172 ἀποστελλόμενον,
2740 2101 2831 2154 τὸν
2857 2101 3031 2171 λόγον’
3063 2101 3120 2165 ὃς
3146 2099 3493 2170 πολυώνυμος
3521 2098 3619 2167 ῶν,

2047 2193 2168 2246 τοτὲ
2200 2193 2297 2264 μὲν
2328 2192 2531 2262 Σοφία,
2557 2192 2677 2245 τοτὲ
2702 2192 2758 2245 δὲ
2774 2193 2974 2261 Λόγος,
3005 2192 3187 2246 ἄλλοτε
3227 2193 3284 2247 δὲ
3317 2191 3448 2257 Θεὸς
3472 2231 3487 2257 ,
3527 2192 3621 2245 καὶ

2049 2286 2208 2341 πάλιν
2245 2285 2445 2358 Κύριος
2489 2285 2573 2339 διὰ
2612 2284 2721 2339 τῶν
2756 2285 2912 2339 θείων
2942 2285 3200 2357 χρησμῶν
3233 2284 3616 2356 ἀνηγόρευται.

2063 2377 2387 2448 Ἐπιστήσας
2419 2378 2496 2442 δὲ,
2529 2377 2652 2431 τίνα
2671 2379 2877 2449 ’τρόπον
2903 2379 2959 2430 ὲν
3004 2376 3204 2447 σφόδρα
3233 2376 3404 2448 χρόνῳ
3430 2374 3621 2447 βραχεῖ

2047 2468 2147 2539 τὴν
2189 2470 2367 2521 πᾶσαν
2418 2468 2741 2538 οἰκουμένην
2791 2466 3024 2538 ἔπλησεν
3067 2469 3096 2520 ό
3142 2466 3240 2536 τῆς
3278 2466 3622 2531 διδασκαλίας

2048 2560 2211 2614 αὐτοῦ
2234 2560 2408 2628 λόγος,
2437 2556 2493 2614 εὖ
2519 2555 2613 2614 οἶδ’
2641 2561 2721 2613 ὅτι
2746 2561 2806 2613 τὸ
2838 2558 3178 2630 ἀποτέλεσμα
3204 2558 3503 2630 θαυμάσεις
3522 2559 3621 2632 τῆς

2048 2653 2403 2725 προρρήσεως
2435 2652 2746 2722 φασκούσης
2766 2668 2779 2682 ο
2827 2670 2846 2702 ι
2882 2651 3024 2715 Ἕως
3050 2651 3243 2723 τάχους
3274 2650 3558 2722 δραμεῖται
3588 2651 3621 2705 6

2046 2742 2203 2811 λόγος
2240 2741 2423 2795 αὐτοῦ.
2456 2761 2475 2795 ι

2571 2876 2971 2931 ΚΕΦᾹΛΛῙΟΝ
3001 2876 3102 2928 IA'.

2060 3009 2206 3067 Ἀπὸ
2240 3011 2350 3080 τῆς
2386 3012 2666 3080 δευτέρας
2702 3010 2820 3065 τῶν
2845 3008 3196 3066 Βασιλειῶν.
3219 3041 3290 3080 έ-
3312 3010 3525 3080 Κύριος
3548 3009 3619 3075 ἐξ

2121 3078 2382 3161 οὐρανοῦ
2400 3078 3284 3161 ψῖιὼιῖιὴῖούμετῖοςλῶτῖμρὶν
3308 3081 3420 3161 ρύκ
3442 3079 3621 3161 ἐπα»

2112 3148 2303 3206 κότων
2348 3154 2532 3207 αὐτόν
2582 3148 2817 3218 ἐθνῶν,
2862 3149 2929 3205 τὸ
2970 3150 3039 3203 δὲ
3103 3148 3402 3204 Ἰουδαίων
3444 3148 3618 3216 ἔθνος

2116 3222 2752 3276 ἁποστοαφπσόιιενορ.

2203 3238 2752 3291 οστραερησομενος.

2127 3378 2145 3410 ι
2180 3358 2289 3411 Καὶ
2324 3357 2553 3429 ὲλάλησε
2594 3355 2761 3410 Δαϐὶδ
2797 3354 2874 3426 τῷ
2905 3354 3093 3425 Κυρίῳ
3124 3352 3249 3417 τοὺς
3290 3351 3479 3419 λόγους
3518 3349 3619 3421 τῆς

2052 3448 2194 3519 ᾠδῆς
2220 3447 2440 3517 ταύτης.
2480 3466 2497 3497 ι
2530 3441 2642 3499 Εἴθ’
2677 3445 2801 3517 ἑξῆς
2824 3461 2954 3515 φησι
2982 3460 2995 3473 ’
3036 3461 3053 3492 ι
3082 3441 3192 3495 Καὶ
3222 3440 3427 3493 ἔκλινεν
3453 3439 3617 3510 ούρα-

2052 3541 2176 3603 νοὺς
2215 3540 2306 3594 καὶ
2346 3538 2551 3608 κατέϐη
2572 3578 2586 3602 ,
2629 3537 2723 3591 καὶ
2759 3536 2954 3606 γνόφος
2994 3534 3247 3588 ὑποκάτω
3291 3532 3398 3586 τῶν
3442 3529 3618 3584 ποδῶν

2053 3631 2214 3685 αὐτοῦ
2239 3648 2252 3662 ο
2290 3632 2385 3682 καὶ
2417 3629 2585 3699 ὲπέόη
2624 3627 2718 3681 ἐπὶ
2744 3625 3006 3698 χερουόὶμ
3027 3665 3041 3690 ,
3074 3622 3345 3693 ὲπετάσθη
3370 3622 3463 3676 ἐπὶ
3488 3635 3618 3675 τιτι-

2054 3722 2230 3795 ρύγων
2257 3721 2490 3790 ἀνέμων,
2521 3720 2613 3772 καὶ
2637 3718 2786 3771 ἔθετο
2817 3717 3000 3778 σκότος
3025 3715 3344 3786 ἀποκρυφὴν
3375 3711 3558 3766 αὑτοῦ.
3590 3728 3613 3764 s

2052 3811 2160 3864 Καὶ
2192 3808 2283 3862 επὶ
2309 3809 2450 3862 τέλει
2474 3810 2574 3879 τῆς
2607 3808 2775 3877 αὐτῆς
2808 3806 2978 3878 ᾡδῆςυ
3021 3823 3040 3857 ι
3084 3802 3249 3877 Ῥύσῃ
3284 3819 3379 3874 με,
3412 3801 3575 3872 φησὶν
3598 3836 3623 3866 ,

2053 3900 2113 3967 ἐξ
2158 3900 2471 3969 ἀντιλογιῶν
2524 3899 2672 3952 λαοῦ.
2722 3899 3095 3968 Καταστήσεις
3146 3912 3211 3966 με
3256 3896 3334 3957 είς
3378 3892 3627 3965 κεφαλὴν

2052 3993 2240 4048 ἐθνῶν.
2275 3994 2413 4055 Λαδς
2446 3992 2504 4044 ὃν
2537 3991 2637 4045 οὐκ
2668 3990 2858 4059 ἔγνων,
2890 3988 3166 4043 ἐδούλευσε
3193 4004 3302 4059 μοι,
3336 3988 3417 4050 είς
3447 3985 3621 4057 ἀκοὴν

2052 4086 2212 4139 ὠτίου
2270 4081 2541 4152 ὑπήκουσέ
2600 4099 2722 4152 μου.
2774 4081 2893 4133 Υἱοὶ
2958 4078 3224 4150 ἀλλότριοι
3273 4075 3618 4148 άπορῤιφθή-

2055 4194 2255 4229 σονται.
2304 4194 2326 4227 ι
2388 4174 2447 4227 'U
2498 4173 2685 4236 κλίνας
2728 4171 2990 4245 οὐρανοὺς
3033 4171 3127 4224 καὶ
3169 4168 3409 4231 καταϐὰς
3450 4166 3619 4231 Θεὸς,

2051 4272 2081 4323 ὁ
2109 4268 2302 4333 ὲπισάς
2406 4266 2690 4336 ἀνείληφεν
2710 4262 2997 4337 ἀνθρώπῳ,
3023 4263 3204 4315 ὅντινα.
3227 4259 3321 4314 νῦν
3353 4256 3621 4331 χερουὸὶμ

2052 4361 2081 4412 ὁ
2117 4359 2271 4428 λόγος
2296 4356 2584 4430 ὀνομάζει,
2618 4356 2822 4425 ἀνέπτη
2857 4355 2951 4407 σὺν
2981 4352 3128 4423 αὐτῷ
3160 4352 3256 4423 τὴν
3296 4350 3476 4405 ἄνοδον
3513 4367 3618 4403 πε-

2054 4448 2348 4520 ποιημένος
2402 4447 2540 4519 μετά
2592 4445 2700 4501 τῶν
2759 4442 3193 4517 δορυφορούντων
3245 4442 3405 4495 αὐτὸν
3454 4440 3618 4494 θείων

2054 4545 2410 4616 πνευμάτων,
2444 4543 2730 4614 πτερύγων
2768 4541 2982 4613 ἀνέμων
3021 4541 3115 4595 καὶ
3144 4538 3321 4592 αὐτῶν
3354 4552 3619 4608 χρηματι-

384 4623 489 4694 ipsi
520 4639 737 4694 quoque
766 4634 1051 4680 ventorum
1079 4641 1269 4695 pennae
1297 4627 1661 4696 appellantur.
1696 4623 1942 4681 Obscure

2061 4636 2261 4701 ζόντων.
2288 4634 2585 4696 Σκοτεινῶς
2612 4632 2668 4685 δὲ
2700 4631 2869 4685 ταῦτα
2892 4630 2985 4684 καὶ
3007 4632 3064 4683 ὲν
3095 4626 3429 4699 παραϐύστῳ
3452 4641 3613 4693 γεγε-

383 4731 515 4772 vero
550 4716 661 4771 haec
683 4724 737 4772 et
787 4717 841 4771 in
874 4717 1195 4773 abscondito
1228 4716 1369 4771 facta
1401 4733 1544 4781 esse,
1573 4732 1669 4786 per
1700 4718 1945 4787 quaedam

386 4825 583 4866 arcana
623 4817 677 4865 et
724 4810 946 4864 latentia
992 4811 1157 4865 verba
1200 4809 1494 4880 signiﬁcat,
1548 4810 1640 4864 ubi
1669 4810 1776 4863 ait:
1821 4826 1840 4860 ι
1877 4809 1944 4863 Et

387 4904 569 4973 posuit
605 4903 861 4958 tenebras
911 4903 1197 4957 latibulum
1252 4917 1432 4957 suum.
1458 4922 1477 4955 ι
1514 4901 1646 4968 Quae
1686 4917 1816 4957 vero
1859 4917 1944 4957 se-

385 5001 630 5064 quuntur
675 4993 955 5063 deinceps,
1003 5002 1295 5064 assumptae
1353 5010 1385 5048 a
1429 4993 1944 5050 ChristO‘hominis

388 5093 598 5140 naturae
635 5094 1002 5140 consentanea
1044 5092 1191 5150 sunt,
1222 5093 1275 5141 et
1311 5086 1797 5141 contradictionem
1824 5098 1945 5156 qua

386 5176 653 5233 adversus
692 5178 843 5231 illum
881 5175 1021 5232 facta
1049 5185 1133 5233 est
1159 5176 1372 5233 Iudaici
1395 5178 1577 5248 populi
1618 5178 1941 5249 praecinunt,

386 5283 600 5323 necnon
634 5269 896 5324 doctrina:
915 5268 1117 5324 Cbrist‘i
1156 5277 1345 5340 gentes
1366 5285 1487 5325 esse
1513 5270 1941 5325 auscultaturas:

388 5359 580 5415 iisdem
616 5376 779 5431 porro
806 5362 985 5416 verbis
1008 5362 1205 5416 similia
1232 5362 1479 5418 invenies
1505 5363 1561 5416 in
1600 5363 1812 5432 psalmo
1850 5361 1946 5416 de-

386 5450 530 5505 cimo
570 5454 834 5520 septimo:
870 5454 924 5508 in
970 5469 1088 5523 qua:
1123 5451 1268 5523 quod
1298 5452 1455 5508 nobis
1487 5453 1666 5508 visum
1689 5464 1792 5518 est,
1818 5458 1945 5506 ante

385 5544 493 5612 jam
530 5543 787 5599 diximus.

2050 4725 2266 4797 νῆσθαι,
2300 4723 2443 4778 κατά
2498 4739 2646 4786 τινας
2716 4722 3057 4792 ἀπορρήτους
3110 4719 3204 4773 καὶ⁸
3230 4712 3233 4717 ’
3256 4715 3615 4778 λανθάνοντας

2049 4819 2341 4873 αἰνίττεται
2361 4817 2572 4885 λόγους,
2611 4816 2831 4885 φάσκων
2854 4831 2869 4845 ·
2910 4834 2928 4866 ι
2954 4816 3065 4868 Καὶ
3088 4812 3237 4866 ἔθετο
3271 4810 3458 4873 σκότος
3479 4809 3615 4863 ἀπο-

2048 4906 2258 4978 κρυφὴν
2319 4905 2504 4960 αὑτοῦ.
2549 4926 2568 4958 ι
2632 4904 2711 4957 Τά
2758 4904 2816 4957 δὲ
2868 4903 2994 4975 ἑξῆς
3041 4900 3344 4965 ἀκολούθως
3397 4902 3462 4970 τῇ
3518 4898 3614 4951 τοῦ

2047 4998 2279 5070 Χριστοῦ
2325 4998 2733 5069 ὲνανθρωπήσει
2791 4995 2889 5066 τὴν
2946 4994 3064 5049 κατ’
3094 4992 3258 5046 αὑτοῦ
3317 4988 3613 5060 γενομένην

2046 5091 2349 5159 ἀντιλογίαν
2373 5090 2467 5144 τοῦ
2502 5088 2765 5143 Ἰουδαίων
2791 5086 2923 5142 λαοῦ
2951 5085 3233 5158 σημαίνει,
3255 5083 3348 5138 καὶ
3382 5081 3480 5153 τὴν
3505 5078 3614 5133 τῶν

2049 5183 2219 5238 ὲθνῶν
2255 5184 2492 5255 επαχοὴν
2517 5184 2615 5254 τῆς
2638 5178 2728 5237 τοῦ
2752 5182 2985 5254 Χριστοῦ
3016 5175 3382 5239 διδασκαλίας.
3414 5171 3613 5234 Δύτοῖς

2049 5273 2105 5326 δὲ
2137 5276 2341 5346 ῥήμασι
2364 5274 2431 5328 τά
2458 5274 2808 5346 παραπλήσια
2830 5272 3005 5344 εὕροις
3030 5270 3095 5323 ἂν
3117 5267 3212 5322 καὶ¹
3227 5268 3284 5322 ὲν
3302 5261 3614 5320 ἑπτακαιδε-

2052 5366 2202 5436 κάτῳ
2222 5365 2439 5438 ψαλμῷ,
2471 5367 2550 5430 εἰς
2580 5365 2614 5420 ἀ
2650 5365 2718 5419 τά
2751 5362 2985 5433 φανέντα
3013 5359 3354 5431 προείρηται.

460 5739 506 5772 δ’
532 5740 674 5797 Psal.
696 5753 881 5803 cuiu,
908 5744 955 5797 9.
1021 5741 1065 5774 "
1098 5740 1239 5796 Psal.
1269 5756 1475 5810 cxtvu,
1510 5743 1597 5798 12.
1674 5743 1720 5776 ⁸⁸
1750 5742 1883 5799 ibid.
1912 5743 1937 5797 l

2076 5740 2121 5772 "
2152 5738 2296 5795 Psal.
2323 5753 2454 5805 ml,
2482 5740 2532 5793 l.
2610 5738 2655 5771 “
2684 5736 2815 5793 ibid.
2853 5733 3038 5792 l0-i2.
3112 5731 3159 5766 ⁸⁷
3189 5730 3321 5787 ibid.
3353 5725 3543 5786 N40.
