3902 6264
311 364 409 420 633

1192 356 1841 416 DEMOSSTRATIONIS
1874 353 2330 412 EVANGELlC/E
2373 356 2501 412 LIB.
2542 356 2631 410 Vl.

3437 354 3551 408 436i

312 475 548 547 mpéva;
581 477 841 543 Κοιλάδες
878 478 935 531 δὲ
969 479 1134 532 εἰσέτι
1179 479 1271 532 νῦν
1311 478 1615 549 τηκόμεναι
1658 474 1766 530 εἷεν
1812 478 1876 530 ἂν

1986 476 2157 531 solum
2185 486 2475 541 commota,
2505 477 2597 531 sed
2638 475 2798 532 etiam
2830 475 3043 530 sublata
3076 476 3143 530 de
3172 473 3386 528 medio?
3419 471 3538 525 Val-

310 567 358 618 αἱ
398 566 521 618 ἀντὶ
554 567 653 635 τῆς
688 566 1039 638 Ἰερουσαλὴμ
1083 568 1179 621 καὶ⁵
1221 566 1316 620 τοῦ
1361 565 1497 619 Σιὼν
1539 566 1696 636 ὄρους
1739 563 1879 617 κατὰ

311 658 484 710 πᾶσαν
514 657 674 711 Διτᾶλιν
710 659 1039 712 συνεστῶσαι
1070 658 1246 712 αὐτῶν
1280 659 1610 726 συναγωγαὶ,
1642 657 1881 728 ἀποθρη-

311 748 491 803 νοῦσαι
531 751 629 802 καὶ
654 750 1097 821 ἀποκλαιόμεναι,
1129 750 1338 817 mue;
1373 750 1539 821 κηρὸς
1569 750 1676 803 ἀπὸ
1714 765 1881 819 προσ-

312 839 456 894 ώπου
483 844 658 915 πυρὸς
681 844 995 913 τηκόμεναι,
1020 842 1107 895 διὰ
1139 840 1314 913 λύπην
1336 843 1429 894 καὶ
1456 840 1684 903 πένθους
1712 842 1881 911 ὑπερ-

315 933 487 1004 ϐολὴν,
532 936 631 1005 τῆς
664 952 724 989 τε
750 934 858 988 τῶν
899 936 1114 989 οἰκείων
1139 934 1373 1007 ἐρημίας
1411 934 1506 987 καὶ⁵
1536 933 1635 1003 τῆς
1668 934 1881 1003 μακρᾶς

314 1026 400 1077 καὶ
434 1024 731 1089 πολυετοῦς
762 1024 1001 1089 δουλείας
1033 1026 1235 1078 ἕνεκεν.
1287 1025 1394 1078 Kal.
1431 1024 1604 1087 άλλως
1640 1023 1697 1078 δὲ
1741 1022 1880 1076 κατὰ

314 1115 547 1168 διάνοιαν
594 1119 627 1186 ἡ
678 1116 771 1169 τοῦ
813 1118 986 1187 Λόγου
1036 1117 1130 1170 τοῦ
1168 1117 1311 1170 θείου
1363 1116 1634 1181 ὲπίϐασις,
1680 1117 1779 1169 οὐκ
1822 1117 1880 1168 ἐν

317 1208 553 1279 χάσμασι
586 1209 682 1262 καὶ
729 1206 1077 1280 κοιλώμασιν,
1114 1210 1221 1262 οὐδ’
1253 1213 1310 1264 ὲν
1338 1213 1616 1273 ταπειναῖς
1649 1210 1742 1262 καὶ
1784 1225 1882 1278 χα-

321 1299 604 1369 μαιπετὲσι
630 1299 907 1365 διανοίαις,
943 1300 1055 1354 ἀλλ’
1091 1303 1146 1354 ὲν
1172 1302 1505 1374 ὲπῃρμέναις
1540 1302 1598 1355 τὸ
1629 1301 1879 1373 φρόνημα

317 1390 638 1459 κατεγίνετο.
689 1390 873 1465 Ταύτῃ
910 1391 1039 1460 γοῦν
1068 1392 1468 1465 τροπικώτερον
1498 1393 1660 1456 αὐτὸς
1706 1395 1734 1446 6
1765 1392 1879 1445 Κύ-

318 1501 425 1555 ριος
457 1482 859 1553 καταϐήσεσθαι
887 1484 979 1537 ἐπὶ
1004 1484 1072 1538 τὰ
1101 1483 1209 1553 ὕψη
1241 1484 1340 1555 τῆς
1370 1483 1476 1553 γῆς
1506 1482 1706 1555 εἴρητο.
1741 1484 1879 1553 Ὂρη

315 1575 366 1628 δὲ
404 1576 660 1645 σειόμενα
693 1575 1041 1629 ὑποκάτωθεν
1085 1575 1268 1640 αὐτοῦ,
1298 1576 1435 1629 αὐτά
1457 1575 1520 1647 δὴ
1570 1578 1749 1628 ἐκεῖνα
1787 1570 1877 1645 ῆν,

317 1665 439 1720 ἔνθα
478 1666 685 1738 ἀνήχθη
731 1668 835 1721 ὑπὸ
866 1666 959 1721 τοῦ
986 1669 1318 1739 Πνεύματος,
1368 1668 1728 1741 πειρασθῆναι
1776 1666 1882 1720 ὑπὸ

318 1757 405 1811 τοῦ
431 1756 677 1811 διαϐόλου
700 1775 713 1789 ·
754 1776 772 1808 ι
818 1758 937 1811 Ὅτι
964 1758 1058 1811 καὶ
1089 1759 1501 1830 παραλαμϐάνει
1533 1759 1694 1812 αὐτὸν
1715 1762 1743 1813 6
1763 1761 1877 1815 διά-

318 1848 466 1914 ϐολος
496 1852 576 1915 είς
612 1850 736 1922 ὅρος
771 1850 970 1921 ὑψηλὸν
1019 1850 1171 1905 λίαν’
1215 1852 1309 1905 καὶ
1349 1848 1417 1923 ἦν
1454 1851 1589 1923 μετά
1636 1852 1741 1906 τῶν
1788 1853 1882 1923 θη-

322 1942 467 2013 ρίων.
510 1962 528 1993 ι
571 1943 710 2013 Ὄρη
743 1942 788 1996 δ’
810 1942 875 1996 ἂν
898 1944 981 2014 εἴη
1007 1937 1160 2007 αὖθις
1190 1942 1589 2015 τροπικώτερον
1619 1946 1651 2015 ἡ
1690 1945 1747 1997 ἐν
1770 1948 1879 2009 τοῖς

317 2038 463 2104 όρεσι
489 2032 548 2086 τὸ
579 2036 706 2104 πρὶν
737 2034 1121 2105 ἐπιτελουμένη
1151 2035 1576 2107 είδωλολατρεία,
1607 2037 1701 2089 καὶ
1736 2037 1791 2088 αἱ
1823 2037 1881 2089 ὲν

319 2124 524 2189 τούτοις
569 2127 933 2198 ὲνεργήσασαι
974 2127 1193 2199 ἀόρατοι
1237 2129 1329 2181 καὶ
1364 2128 1678 2200 ἀρχοντικαὶ
1720 2127 1880 2181 δυνά-

322 2234 457 2287 μεις,
492 2218 559 2282 ἃς
588 2219 647 2271 ού
684 2217 896 2290 μικρῶς
925 2220 957 2289 ἡ
990 2218 1082 2273 τοῦ
1113 2220 1362 2291 Σωτῆρος
1394 2221 1550 2291 ἡμῶν
1585 2220 1792 2274 ἀνέσειέ
1821 2237 1881 2273 τε

319 2309 411 2362 καί
450 2308 686 2362 ἀνεκίνει
721 2308 1052 2363 διδασκαλία.
1100 2309 1314 2363 Τούτων
1344 2310 1452 2381 γὰρ
1486 2311 1516 2381 ἢ
1546 2308 1743 2372 ἔνθεος,
1773 2309 1881 2362 εἴτε

320 2395 729 2471 θαυματουργὸς
768 2401 860 2452 καὶ
905 2399 1324 2471 παραδοξοποιὸς
1363 2401 1535 2469 ἰσχὺς,
1586 2397 1884 2468 λεληθότως

321 2491 413 2561 τὴν
442 2491 586 2545 κατὰ
614 2491 720 2544 τῶν
753 2490 1049 2562 ἀνθρώπων
1083 2489 1299 2562 μακρὰν
1324 2492 1417 2543 καὶ
1452 2488 1684 2544 παλαιὰν
1723 2489 1882 2542 δυνα-

324 2581 500 2635 στείαν
525 2581 774 2654 καθῄρει.
812 2582 1083 2646 Ὡσαύτως
1115 2584 1172 2635 δὲ
1198 2583 1291 2636 καὶ
1323 2581 1566 2644 κοιλάδες
1588 2581 1883 2651 τηκόμεναι

321 2673 390 2738 ὡς
418 2675 587 2745 κηρὸς
616 2675 724 2727 ἀπὸ
744 2673 1031 2745 προσώπου
1050 2675 1240 2746 πυρὸς,
1266 2673 1518 2744 δαίμονες
1543 2672 1608 2727 ἂν
1625 2668 1733 2726 εἷεν
1762 2672 1885 2743 χθό-

322 2781 419 2819 νιοι
452 2765 548 2817 καὶ
578 2765 867 2836 περίγειοι,
899 2764 1021 2818 καθ’
1047 2758 1120 2817 ὧν
1152 2764 1213 2817 τὸ
1241 2763 1531 2818 καυστικδν
1558 2763 1660 2832 τῆς
1691 2761 1881 2833 μοχθη-

326 2853 439 2923 ρίας
480 2852 659 2907 αὐτῶν
692 2853 803 2925 πῦρ
843 2855 1014 2923 ἠφίει,
1051 2854 1256 2922 λέγων·
1295 2873 1314 2905 ι
1354 2853 1472 2924 Πῦρ
1503 2848 1666 2923 ἦλθον
1704 2850 1884 2921 βαλεῖν

326 2948 412 3000 ἐπὶ
443 2947 540 3019 τὴν
562 2948 685 3018 γῆν,
721 2949 815 3001 καὶ
846 2947 898 2999 τί
927 2947 1082 3011 θέλω,
1115 2949 1163 2999 εἰ
1194 2946 1292 3017 ἤδη
1324 2946 1568 3016 ἀνήφθη;
1607 2963 1626 2995 ι
1675 2944 1793 3012 Ὑφ’
1823 2937 1884 2997 οὗ

324 3038 490 3109 πυρὸς
536 3037 602 3108 δὴ
651 3038 949 3109 καιόμενοι,
989 3039 1083 3090 καὶ
1120 3037 1193 3108 μὴ
1235 3031 1335 3090 οἷοί
1367 3053 1426 3091 τε
1467 3036 1618 3099 ὄντες
1647 3034 1745 3099 τὰς
1778 3033 1886 3088 ἀπὸ

1982 569 2059 623 les
2089 578 2267 622 autem
2300 568 2477 623 adhuc
2512 570 2894 638 liquescentes.
2930 576 3090 624 erunt
3111 567 3206 637 qui
3244 580 3344 636 pro
3387 564 3527 619 Jeruv

1979 660 2145 716 salem
2175 650 2381 729 proque
2422 668 2608 715 monte
2654 659 2805 726 Sion,
2831 677 2926 731 per
2952 675 3165 714 omnem
3197 658 3381 712 urbem
3412 670 3516 709 con

1979 751 2155 806 stituti
2188 762 2512 807 suntcorum
2541 761 2861 815 conventus,
2887 753 3048 822 272
3074 752 3348 821 plorantes
3376 762 3438 803 ac
3459 748 3541 801 lu-

1979 851 2185 915 gentes,
2216 853 2272 897 et
2319 844 2474 913 quasi
2519 858 2644 897 cera
2690 858 2718 895 a
2770 843 2907 899 facie
2950 844 3091 913 ignis
3141 843 3539 913 liquescentes,

1980 942 2199 1004 propter
2243 935 2493 990 mmroris
2524 949 2587 988 ac
2622 936 2802 989 luctus
2831 950 3115 990 excessum
3143 974 3158 993 .
3219 943 3276 989 et
3320 937 3542 1003 prepter

1979 1025 2085 1078 loci
2118 1026 2277 1094 patrii
2308 1026 2652 1081 solitudinem
2675 1065 2691 1089 ,
2731 1035 2786 1081 et
2825 1026 3038 1095 longam
3069 1033 3230 1094 atque
3277 1037 3542 1078 annosam

1981 1117 2314 1171 servitutem.
2360 1117 2480 1171 Alio
2522 1128 2780 1187 praeterea
2822 1117 3099 1171 intellectu
3152 1114 3323 1170 divini
3376 1112 3540 1167 Verbi

1981 1222 2145 1275 super
2199 1207 2509 1264 altitudines
2564 1209 2861 1263 descensus
2917 1207 3089 1276 accipi
3144 1205 3543 1275 potest:quod

1980 1301 2168 1369 utique
2199 1316 2304 1355 non
2334 1300 2387 1354 in
2421 1301 2659 1357 hiatibus
2686 1308 2740 1356 et
2765 1300 3126 1362 convallibus,
3151 1313 3326 1368 neque
3352 1300 3409 1353 in
3449 1299 3545 1351 ab-

1976 1391 2135 1461 jectis
2163 1400 2325 1462 atque
2353 1393 2408 1447 in
2442 1392 2663 1446 humum
2710 1392 3082 1462 spectantibus
3123 1391 3318 1445 animis
3347 1398 3401 1444 et
3453 1403 3545 1443 co-

1981 1483 2354 1554 gitationibus,
2404 1483 2499 1538 sed
2537 1483 2593 1539 in
2622 1484 2785 1539 altius
2819 1484 3048 1539 sublatis
3080 1490 3134 1537 et
3166 1496 3384 1536 sursum
3426 1495 3546 1536 ere-

1980 1575 2088 1630 ctis
2127 1576 2333 1631 versari
2386 1575 2567 1632 vellet.
2625 1574 2743 1629 Tali
2788 1576 2953 1645 igitur
2984 1574 3155 1647 ﬁgura
3185 1573 3391 1628 dictum
3417 1582 3502 1628 est
3523 1610 3541 1638 ,

1982 1668 2158 1735 ipsum
2182 1665 2468 1720 Dominum
2499 1680 2663 1736 super
2703 1664 3016 1720 altitudines
3047 1674 3206 1719 terras
3251 1663 3547 1719 descensu-

1987 1768 2129 1811 rum.
2155 1756 2255 1823 Qui
2284 1772 2417 1814 vero
2444 1757 2828 1812 concutiantur
2859 1757 3045 1813 subter
3069 1770 3134 1810 eo
3162 1763 3396 1817 montes,
3436 1751 3544 1822 ipsi

1982 1850 2059 1903 illi
2088 1854 2273 1920 utique
2294 1857 2472 1916 erunt,
2501 1850 2570 1904 ad
2594 1865 2730 1920 quos
2764 1849 3030 1904 adductus
3057 1857 3141 1904 est
3169 1862 3198 1901 a
3235 1845 3451 1917 spiritu,
3487 1852 3546 1897 ut

1980 1950 2277 1998 tentaretur
2304 1958 2333 1996 a
2359 1941 2576 1998 diabolo
2611 1961 2623 1996 :
2675 1956 2787 2013 quo
2828 1949 3070 2011 tempore
3098 1960 3116 1993 ‹
3155 1939 3448 2010 assumpsit
3478 1938 3548 1992 il—

1980 2031 2091 2087 lum
2125 2033 2373 2089 diabolus
2418 2034 2473 2088 in
2505 2045 2743 2089 montem
2771 2033 3048 2089 excelsum
3091 2031 3250 2087 valde
3272 2070 3287 2096 ,
3336 2038 3392 2085 et
3429 2034 3546 2084 erat

1981 2139 2106 2179 cum
2132 2122 2263 2181 feris
2292 2125 2360 2180 ‘°.
2396 2145 2416 2177 ι
2450 2124 2666 2181 Rursus
2713 2128 2874 2181 etiam
2908 2124 3190 2195 ﬁguratius
3216 2128 3431 2177 montes
3454 2135 3547 2175 ac-

1979 2217 2263 2287 cipiemus,
2294 2217 2446 2270 illum
2470 2217 2889 2272 simulacrorum
2917 2217 3144 2278 cultum,
3178 2215 3271 2284 qui
3303 2213 3455 2285 prius
3489 2213 3546 2266 in

1982 2307 2259 2363 montibus
2290 2306 2756 2377 frequentabatur,
2778 2316 2832 2363 et
2859 2308 2915 2362 in
2958 2308 3027 2363 iis
3066 2306 3358 2363 ellicaciam
3390 2318 3544 2361 suam

1982 2398 2353 2462 ostendentes,
2392 2397 2696 2453 invisibiles
2726 2398 3066 2468 principatus
3115 2411 3178 2450 ac
3206 2401 3502 2466 potestates
3527 2431 3542 2455 ,

1982 2502 2119 2557 quas
2159 2503 2268 2541 non
2324 2487 2515 2543 leviter
2543 2486 2839 2543 Salvatoris
2889 2487 3065 2542 nostri
3090 2486 3370 2542 concussit
3394 2499 3548 2540 com-

1983 2580 2256 2648 movitque
2298 2579 2565 2635 doctrina.
2612 2576 2823 2632 Talium
2874 2579 3021 2632 enim
3049 2578 3263 2648 longam
3313 2584 3368 2633 et
3398 2587 3551 2631 vete-

1982 2685 2097 2724 rem
2122 2681 2313 2724 contra
2337 2669 2585 2724 homines
2617 2669 2911 2739 potentiam
2931 2709 2948 2735 ,
2977 2668 3205 2722 latenter
3238 2666 3436 2722 delevit
3458 2666 3544 2721 di-

1982 2763 2166 2817 vinum
2198 2761 2343 2817 illius
2364 2761 2614 2826 verbum,
2655 2769 2709 2816 et
2737 2760 2964 2815 miriﬁca
2991 2766 3046 2815 et
3091 2774 3305 2815 omnem
3349 2760 3405 2813 in
3433 2757 3549 2813 elli-

1984 2852 2180 2907 ciendo
2226 2851 2386 2906 [idem
2430 2865 2700 2921 superans
2755 2852 2859 2907 vis.
2918 2850 3117 2906 Eadem
3161 2864 3289 2905 vero
3336 2849 3550 2904 ratione

1981 2946 2142 3000 etiam
2160 2947 2542 3016 liquescentes,
2558 2955 2614 3000 ut
2628 2960 2753 3001 cera
2770 2960 2800 2998 a
2812 2944 2949 3000 facie
2964 2944 3124 3015 ignis,
3143 2944 3330 3007 valles,
3346 2942 3548 2997 ἀπωθέ-

1982 3054 2080 3094 nes
2106 3047 2267 3095 erunt
2293 3037 2492 3095 inferni
2507 3046 2560 3094 et
2574 3039 2777 3093 circum
2797 3046 2998 3093 terram
3020 3042 3330 3092 versantes:
3357 3033 3553 3089 adver-

324 3129 416 3201 τῆς
448 3131 683 3202 ἀοράτου
723 3130 916 3200 φλογὸς
953 3130 1139 3201 φέρειν
1186 3129 1467 3199 βασάνους,
1503 3126 1883 3200 ὑπανεχώρουν

1986 3148 2106 3189 sum
2137 3147 2274 3202 quos
2291 3133 2489 3203 ignem,
2517 3131 2612 3202 qui
2656 3130 2951 3201 nequitiam
2982 3131 3221 3199 ipsorum
3261 3128 3549 3183 cumbure-

324 3221 426 3273 τῶν
467 3219 823 3291 ἀνθρωπείων
858 3220 1142 3290 σωμάτων.
1182 3220 1293 3272 Kal.
1337 3218 1399 3271 τὸ
1441 3217 1662 3288 συνέχον
1694 3234 1758 3286 γε
1790 3218 1884 3270 καὶ⁸

325 3313 539 3368 ὲλαῦνον
561 3315 755 3376 αὐτοὺς
780 3312 1176 3382 ἀνωμολόγουν,
1211 3310 1438 3381 βοῶντες
1457 3328 1470 3340 ·
1497 3329 1516 3360 ι
1531 3311 1653 3372 Ἔα,
1678 3308 1729 3362 τί
1755 3310 1887 3379 ἡμῖν

327 3406 417 3460 καὶ
449 3406 551 3469 σοὶ,
582 3404 679 3457 Υἱὲ
710 3403 801 3457 τοῦ
832 3403 996 3469 Θεοῦ;
1029 3400 1190 3473 ἦλθες
1231 3403 1337 3474 πρὸ
1366 3402 1558 3472 καιροῦ
1600 3401 1886 3472 βασανίσαι

328 3498 467 3568 ἡμᾶς
494 3514 509 3561 ;
543 3495 780 3566 Οἴδαμεν
817 3512 874 3548 σε
899 3495 981 3558 τίς
1012 3490 1062 3548 εἶ
1081 3512 1095 3526 ·
1126 3497 1153 3547 6
1182 3494 1335 3563 ἅγιος
1369 3493 1462 3547 τοῦ
1493 3492 1647 3546 Θεοῦ.
1690 3512 1708 3544 ι
1747 3491 1887 3544 Τού-

327 3604 444 3651 τους
470 3587 529 3641 δὲ
566 3587 797 3658 μάλιστα
840 3586 1076 3656 ᾐκίζετο,
1120 3585 1213 3639 καὶ
1252 3585 1381 3648 τοὺς
1412 3586 1504 3637 ἐπὶ
1547 3582 1750 3659 τούτων
1790 3582 1890 3653 ἀρ-

330 3696 515 3750 χοντας
548 3678 797 3751 καθῄρει,
827 3679 928 3743 ὅτι,
967 3678 1040 3750 μὴ
1068 3677 1427 3749 ἀρκεσθέντες
1462 3679 1526 3747 τῇ
1560 3676 1667 3728 τῶν
1689 3674 1889 3729 λοιπῶν

330 3772 491 3825 ἐθνῶν
518 3771 803 3843 διαφθορᾷ,
841 3771 906 3823 δι’
933 3766 1001 3842 ἦς
1026 3772 1152 3833 τοὺς
1173 3768 1379 3833 πάντας
1404 3770 1482 3830 εἰς
1512 3768 1610 3839 τὴν
1633 3765 1888 3820 πολύθεον

331 3862 530 3932 πλάνην
559 3861 1053 3932 καταϐεϐλήκεσαν,
1077 3858 1267 3930 καὶτῷ
1289 3858 1453 3912 πάλαι
1473 3856 1567 3910 τοῦ
1595 3856 1728 3909 Θεοῦ
1753 3855 1886 3924 λαῷ,

331 3953 472 4024 αύτῷ
515 3954 580 4024 δὴ
624 3953 701 4024 τῷ
734 3954 798 4006 ἐκ
840 3953 1158 4023 περιτομῆς,
1208 3948 1745 4011 ὲπιϐεϐουλεύκεσαν,
1794 3947 1890 4000 καὶ

331 4044 729 4116 ἀποστήσαντές
752 4061 816 4113 γε
850 4044 945 4097 τοῦ
976 4044 1109 4097 Θεοῦ
1135 4044 1229 4097 καὶ
1255 4042 1443 4096 τοῦτον
1483 4042 1760 4106 παντοίαις
1791 4059 1889 4094 πε-

334 4136 576 4207 ριέϐαλον
602 4134 959 4199 δυσσεϐείαις.
998 4135 1088 4188 Διδ
1111 4136 1204 4189 καὶ
1233 4134 1463 4206 μάλιστα
1497 4135 1595 4206 τὴν
1628 4134 1685 4201 ἐξ
1723 4136 1889 4207 ούρα-

335 4226 438 4280 νῶν
470 4226 733 4298 πεποίητο
764 4227 793 4278 6
825 4226 1025 4298 Κύριος
1067 4225 1309 4280 κάθοδον.
1346 4227 1507 4281 Ὅθεν
1548 4226 1676 4297 ἑξῆς
1718 4244 1887 4297 φησι·

337 4336 357 4370 ι
402 4317 500 4372 Διά
548 4316 647 4389 τὴν
693 4317 943 4370 ἀσέϐειαν
999 4318 1190 4371 Ἰακὼϐ
1219 4317 1394 4372 πάντα
1439 4318 1630 4382 ταῦτα,
1685 4320 1779 4372 καὶ
1822 4318 1890 4371 δι’

332 4409 601 4480 ἁμαρτίαν
629 4408 776 4463 οἴκου
813 4410 1055 4482 Ἰσραήλ·
1096 4429 1115 4461 ι
1148 4411 1257 4464 Kal.
1284 4409 1362 4463 ἔτι
1397 4410 1530 4480 πρὸς
1560 4409 1767 4473 τούτοις
1794 4410 1894 4480 τῆς

1994 3232 2098 3290 ret,
2132 3225 2337 3279 dimisit
2364 3224 2591 3279 dicens:
2624 3243 2643 3275 ι
2678 3224 2858 3294 Ignem
2880 3222 3229 3277 venimittere
3246 3221 3298 3274 in
3327 3227 3547 3281 terram,

1985 3324 2040 3371 et
2059 3317 2189 3388 quid
2214 3316 2359 3380 volo,
2379 3316 2423 3371 si
2438 3316 2550 3386 jam
2576 3329 2838 3370 accensus
2859 3313 3033 3369 est"?
3066 3333 3085 3365 ι
3107 3311 3361 3382 Quoigne
3378 3324 3554 3364 corre-

1985 3410 2062 3480 pti
2075 3410 2301 3473 illi,cum
2322 3408 2612 3464 invisibilis
2628 3408 2855 3462 ﬂammae
2871 3413 3138 3461 tormenta
3153 3405 3290 3459 ferre
3307 3418 3413 3457 non
3426 3417 3552 3473 pos-

1988 3505 2130 3563 sent,
2149 3499 2216 3554 de
2229 3499 2482 3554 humanis
2507 3498 2827 3568 corporibus
2838 3494 3182 3559 recedebant,
3202 3493 3442 3562 illudque
3470 3492 3555 3560 ip-

1987 3604 2107 3645 sum
2134 3604 2242 3659 quo
2262 3590 2478 3644 interim
2510 3588 2898 3643 cohibebantur
2925 3595 3087 3656 atque
3119 3585 3549 3654 impellebantur,

1987 3694 2099 3750 pra.-
2114 3694 2173 3734 se
2189 3678 2435 3734 ferebant
2448 3693 2642 3749 magna
2655 3691 2787 3732 voce
2802 3677 3098 3731 clamantes
3115 3694 3129 3730 :
3150 3694 3168 3725 ι
3185 3674 3299 3737 Eia,
3320 3673 3449 3744 quid
3462 3686 3555 3727 no-

1987 3771 2073 3826 bis
2089 3777 2142 3825 et
2160 3771 2277 3834 tibi,
2298 3769 2398 3824 Fili
2412 3769 2533 3824 Dei?
2546 3769 2738 3824 venisti
2758 3776 2883 3822 ante
2905 3775 3117 3836 tempus
3131 3774 3386 3834 torquere
3411 3780 3513 3819 nos
3529 3763 3556 3819 ?

1988 3863 2250 3918 Novimus
2279 3870 2351 3926 te,
2376 3862 2500 3932 quis
2533 3862 2610 3917 sis
2634 3902 2649 3927 ,
2699 3868 2921 3916 sanctus
2956 3857 3051 3913 Dei
3079 3859 3144 3913 ".
3189 3877 3210 3908 ι
3249 3856 3356 3911 Hos
3388 3858 3553 3927 igitur

1990 3954 2226 4009 maxime
2249 3954 2585 4018 verberabat,
2608 3952 2910 4021 horumque
2935 3951 3208 4020 principes
3231 3949 3507 4004 auferebat
3535 3967 3550 4004 :

1990 4048 2246 4118 quoniam
2277 4062 2386 4101 non
2414 4047 2549 4101 satis
2582 4045 2843 4100 habentes
2871 4044 3016 4114 quod
3055 4043 3289 4113 reliquas
3305 4042 3557 4097 nationes

1991 4141 2393 4209 corrupissent,
2424 4145 2817 4207 corruptasque
2867 4137 2923 4190 in
2970 4150 3212 4190 errorem
3258 4134 3556 4204 compulis—

1992 4240 2132 4295 sent,
2164 4245 2274 4302 quo
2324 4230 2457 4284 deos
2490 4229 2675 4299 plures
2711 4228 2973 4292 colerent,
3001 4227 3225 4297 antiquo
3265 4226 3430 4281 etiam
3476 4225 3554 4280 illi

1992 4323 2087 4380 Dei
2118 4324 2335 4394 populo,
2382 4321 2476 4392 qui
2508 4319 2946 4375 eircumcisionis
2979 4334 3136 4375 usum
3172 4319 3442 4382 servabat,
3470 4318 3555 4373 ἱιιτ

1994 4419 2182 4476 sidiari
2208 4421 2507 4488 coeperant,
2536 4414 2789 4484 huncque
2818 4422 3123 4469 avertentes
3152 4412 3344 4476 a.Deo,
3376 4413 3553 4467 omnis

334 4502 390 4569 ἐξ
422 4501 651 4573 ούρανοῦ
691 4501 917 4555 καθόδου
955 4498 1046 4554 τοῦ
1082 4502 1254 4570 Λόγου
1284 4504 1382 4573 τὴν
1409 4502 1585 4556 αἰτίαν
1620 4500 1744 4573 ἑξῆς
1781 4503 1885 4556 δια-

1995 4511 2208 4584 generis
2259 4510 2627 4580 impietatibus
2676 4508 3100 4578 implicaverant.
3153 4505 3334 4571 Quare
3389 4504 3553 4557 etiam

336 4596 513 4662 σαφεῖ,
556 4593 649 4647 τοῦ
694 4593 791 4663 μὲν
824 4595 889 4646 ὲκ
934 4593 1232 4677 περιτομῆς
1269 4592 1397 4646 λαοῦ
1440 4592 1540 4656 τὰς
1580 4592 1892 4658 δυσσεϐείας

336 4682 838 4755 ἀπαριθμούμενος,
879 4684 973 4736 καὶ
1018 4684 1109 4737 τὸν
1158 4685 1250 4737 ἐπὶ
1295 4684 1518 4748 ταύταις
1571 4684 1901 4757 μετελθόντα

335 4777 529 4838 αὐτοὺς
566 4773 802 4846 ὄλεθρον,
836 4774 944 4827 τῶν
987 4774 1043 4828 δὲ
1077 4774 1180 4829 ἀνά
1207 4778 1386 4829 πᾶσαν
1427 4777 1526 4847 τὴν
1571 4777 1893 4848 οἰκουμένην

333 4866 497 4921 ὲθνῶν
550 4865 952 4937 προαναφωνῶν
1004 4866 1102 4937 τὴν
1150 4866 1356 4938 κλῆσιν.
1421 4868 1520 4920 Διά
1560 4867 1734 4921 ταῦτα
1785 4867 1893 4940 γὰρ

335 4958 591 5030 ἐπεδήμει
620 4961 649 5012 6
676 4958 770 5011 τοῦ
798 4958 933 5011 Θεοῦ
961 4958 1129 5026 Λόγος
1160 4959 1219 5024 ἐξ
1240 4960 1484 5031 οὐρανῶν
1511 4961 1604 5014 ἐπὶ
1634 4964 1765 5033 γῆς·
1795 4963 1894 5016 καὶ

334 5050 437 5104 τῶν
465 5068 530 5120 γε
573 5050 770 5115 λέξεων
818 5051 980 5106 ἄκουε
999 5069 1013 5082 ·
1059 5070 1079 5102 ι
1101 5053 1178 5105 Δι’
1217 5052 1467 5106 ἀσέϐειαν
1507 5052 1655 5105 οῐκου
1702 5051 1894 5106 Ἰακὼϐ

339 5141 508 5196 πάντα
530 5142 721 5207 ταῦτα,
759 5144 852 5196 καὶ
882 5142 950 5195 δι’
976 5144 1245 5215 ἁμαρτίαν
1272 5143 1423 5198 οἴκου
1461 5144 1695 5215 Ἰσραήλ.
1730 5143 1826 5207 Τίς
1860 5146 1894 5214 ἡ

338 5234 554 5290 ἀσέϐεια
620 5234 770 5288 οἴκου
826 5233 1051 5301 Ἰακὼϐ;
1105 5235 1167 5288 ού
1211 5236 1527 5307 Σαμάρεια;
1580 5237 1674 5290 καὶ
1716 5235 1800 5300 τίς
1857 5238 1890 5306 ἡ

337 5330 577 5402 ἁμαρτία
611 5329 761 5383 οἴκου
797 5329 992 5394 Ἰούδας
1024 5330 1144 5401 οὐχὶ
1184 5331 1565 5402 Ἱερουσαλήμ;
1594 5331 1702 5383 Kal.
1733 5328 1896 5400 θήσο-

342 5441 435 5497 μαι
472 5424 785 5496 Σαμάρειαν
836 5425 915 5487 είς
975 5424 1413 5496 όπωροφυλάκιον
1452 5423 1619 5496 ἀγροῦ
1677 5424 1769 5476 καὶ
1812 5425 1893 5487 είς

341 5517 552 5583 φυτείαν
592 5514 946 5588 ἀμπελῶνος,
976 5517 1070 5569 καὶ
1097 5517 1430 5569 κατασπάσω
1471 5517 1550 5578 εἰς
1593 5516 1722 5585 χάος
1767 5516 1893 5577 τοὺς

336 5608 506 5675 λίθους
552 5610 746 5680 αὐτῆς,
785 5607 877 5660 καὶ
917 5607 986 5661 τὰ
1014 5608 1234 5679 θεμέλια
1278 5609 1442 5678 αὐτῆς
1485 5606 1833 5677 ἀποκαλύψω.
1867 5625 1885 5656 ι

400 5768 444 5802 ⁶⁸
474 5768 671 5823 Matth.
699 5782 776 5830 tv,
810 5765 879 5832 8;
916 5763 1080 5820 Marc.
1118 5781 1157 5830 ι,
1192 5766 1276 5820 15.

1996 4604 2232 4657 maxime
2262 4601 2331 4658 de
2356 4603 2496 4656 caelo
2522 4599 2803 4655 descendit
2851 4596 3148 4662 Dominus,
3193 4612 3261 4652 ex
3314 4609 3424 4666 quo
3479 4594 3555 4647 ait

1996 4692 2288 4762 deinceps:
2326 4709 2345 4743 ι
2385 4691 2612 4761 Propter
2647 4689 2975 4758 impietatem
3007 4685 3175 4742 Iacob
3205 4687 3388 4742 omnia
3416 4686 3550 4748 haac,

1996 4789 2049 4838 et
2077 4790 2297 4852 propter
2326 4790 2606 4849 peccatum
2626 4776 2821 4832 domus
2845 4776 3031 4833 Israel.
3069 4795 3090 4827 ι
3120 4776 3203 4831 Ad
3233 4777 3366 4839 haec,
3388 4773 3554 4829 Verbi

1993 4876 2159 4930 etiam
2188 4874 2256 4928 de
2282 4873 2419 4928 cmlo
2448 4872 2747 4927 descensus
2771 4885 2995 4926 causam
3025 4869 3280 4939 deinceps
3308 4868 3550 4938 exponit,

1995 4967 2088 5022 ubi
2124 4966 2298 5037 ipsius
2326 4964 2538 5020 Iudaici
2576 4964 2760 5035 populi
2796 4963 3097 5034 impietates
3134 4962 3293 5033 273
3340 4976 3553 5016 connu-

1994 5065 2257 5123 merat,et
2290 5058 2381 5112 ubi
2406 5064 2528 5127 post
2557 5057 2862 5126 impietates
2885 5070 3034 5119 eum,
3055 5055 3148 5125 qui
3171 5055 3320 5124 ipsos
3346 5054 3556 5107 invase-

1992 5157 2098 5214 rat,
2125 5151 2425 5212 interitum,
2456 5164 2521 5204 ac
2550 5149 2791 5218 gentium
2839 5162 2939 5217 per
2976 5154 3148 5201 totum
3177 5145 3362 5199 orbem
3391 5158 3556 5200 voca-

1996 5241 2198 5295 tionem
2234 5238 2499 5295 enuntiat.
2540 5237 2830 5308 Propterea
2853 5239 2996 5292 enim
3016 5237 3083 5292 de
3110 5237 3248 5291 ccelo
3275 5235 3330 5289 in
3355 5244 3553 5290 terram

2001 5330 2094 5385 Dei
2119 5328 2352 5385 Verbum
2383 5329 2683 5399 profectum
2713 5335 2828 5394 est;
2860 5328 2956 5383 sed
2979 5314 3140 5383 verba
3167 5328 3290 5381 audi
3317 5349 3330 5382 :
3372 5345 3390 5378 ι
3422 5325 3556 5380 Pro-

1998 5433 2115 5492 pter
2145 5422 2473 5490 impietatem
2507 5419 2677 5475 Jacob
2704 5419 2886 5473 omnia
2939 5418 3074 5482 haec,
3098 5426 3151 5473 et
3185 5425 3403 5488 propter
3431 5433 3556 5488 pec-

1998 5523 2178 5568 catum
2205 5514 2398 5568 domus
2435 5513 2623 5569 lsrael.
2653 5511 2783 5577 Quae
2824 5510 3071 5580 impietas
3114 5509 3324 5566 Jacob?
3367 5510 3556 5564 Nonne

2002 5605 2289 5660 Samaria?
2318 5604 2384 5660 Et
2417 5604 2561 5676 quod
2596 5612 2876 5675 peccatum
2908 5603 3085 5659 Juda?
3111 5603 3309 5660 Nonne
3334 5602 3557 5659 Jerusa-

1354 5765 1395 5795 ⁸⁸
1425 5762 1556 5818 Luc.
1586 5779 1685 5833 xit,
1721 5763 1807 5818 49.
1887 5762 1931 5794 ⁸⁸
1963 5759 2149 5815 Matth.
2178 5776 2297 5823 vm,
2326 5761 2417 5815 29.
