3902 6264
388 352 493 407 455

1017 352 1286 410 EUSEBII
1325 349 1797 407 CIESARIENSlS
1832 347 1983 403 OPP.
2023 346 2202 401 PARS
2234 346 2298 402 ll.
2330 377 2400 387 —
2432 348 2926 405 APOLOGETICA.

3502 348 3604 407 656

388 464 528 519 lem?
553 463 619 518 Et
651 480 847 535 ponam
881 466 1181 520 Samariam
1228 466 1283 519 in
1317 479 1599 535 pomorum
1647 461 1934 518 custodian

2054 461 2162 513 Kal
2193 461 2460 529 ἐπιλέγει·
2488 481 2507 514 ι
2543 462 2758 534 Κατέϐη
2783 462 2927 516 κακά
2959 463 3109 533 παρά
3146 463 3348 535 Κυρίου
3381 464 3473 516 ἐπὶ
3504 468 3604 518 πύ-

387 557 446 610 in
482 571 632 627 agro,
666 567 720 613 et
754 559 807 612 in
841 559 1224 627 plantationem
1256 558 1443 622 vinem,
1475 564 1530 612 et
1576 555 1855 611 detraham
1894 552 1950 606 in

385 646 713 716 profundum
746 649 950 718 lapides
981 649 1099 716 ejus
1121 688 1138 714 ,
1181 658 1235 703 et
1284 647 1636 702 fundamenta
1670 646 1789 715 ejus
1820 659 1951 714 ape-

384 741 522 794 riam
560 741 624 793 '3.
675 760 696 793 ι
732 738 799 793 Ει
846 740 1090 810 adjungit
1129 758 1141 794 :
1200 757 1220 792 ι
1286 738 1689 795 Descenderunt
1741 740 1880 793 mala
1917 754 1948 793 a

385 829 613 884 Domino
643 845 806 899 snper
847 840 1032 899 portas
1057 829 1353 885 Jerusalem
1380 869 1396 894 ,
1448 831 1660 886 sonitus
1687 845 1945 886 curruum

383 926 438 974 et
467 920 830 989 equitantium
865 921 932 976 “.
984 940 1007 973 ι
1049 920 1115 975 Et
1145 937 1336 977 rursus
1361 937 1380 974 :
1416 939 1434 972 ι
1491 921 1673 975 Gloria
1705 922 1827 978 ﬁliae
1856 920 1947 978 Je-

382 1013 642 1077 rusalem,
666 1014 796 1067 rade
828 1024 882 1068 et
909 1014 1071 1069 tonde
1098 1029 1263 1084 super
1304 1014 1443 1069 ﬁlios
1471 1014 1733 1069 delicatos
1781 1023 1906 1070 tuos
1926 1056 1943 1080 ,

382 1105 547 1159 dilata
586 1103 904 1160 viduitatem
943 1114 1090 1160 tuam
1132 1107 1272 1160 sicut
1313 1106 1532 1175 aquila,
1560 1106 1816 1176 quoniam
1851 1120 1945 1160 ca-

293 1184 301 1251 .’
384 1195 516 1265 ptivi
551 1194 699 1250 ducti
750 1203 975 1251 suntex
1013 1203 1065 1251 te
1094 1196 1158 1252 ⁸⁸.
1202 1215 1220 1247 ι
1254 1196 1334 1249 Ad
1366 1199 1517 1252 haec:
1562 1214 1583 1249 ι
1625 1195 1756 1251 Sion
1786 1196 1943 1267 quasi

389 1299 520 1354 ager
547 1286 810 1347 arabitur,
841 1292 895 1340 et
920 1283 1243 1348 Jerusalem,
1264 1285 1419 1354 quasi
1439 1300 1727 1355 pomorum
1759 1292 1946 1341 custo-

379 1376 471 1432 dia
494 1376 618 1441 erit,
646 1385 699 1432 et
722 1392 879 1431 mons
908 1376 1103 1431 domus
1127 1377 1181 1431 in
1228 1377 1407 1431 lucum
1442 1377 1610 1432 silvm.
1645 1376 1690 1408 ⁸⁸
1722 1396 1742 1431 ›
1774 1375 1944 1432 Porro

382 1469 534 1536 hare,
584 1469 715 1523 Sion
764 1476 820 1523 et
878 1466 1178 1523 Jerusalem
1230 1476 1284 1524 et
1334 1470 1478 1539 quod
1530 1476 1756 1524 vocatur
1785 1485 1943 1525 mons

378 1560 595 1623 domus,
617 1559 708 1612 illa
730 1558 845 1627 ipsa
872 1566 1017 1620 sunt,
1041 1572 1160 1626 quae
1183 1557 1335 1627 prius
1357 1556 1658 1627 signiﬁcata
1686 1565 1812 1611 sunt
1833 1556 1942 1611 illis

377 1649 599 1704 verbis:
637 1667 656 1699 ι
698 1648 765 1701 Et.
793 1648 1277 1703 commovebuntur
1300 1656 1512 1703 montes
1546 1648 1731 1704 subter
1755 1663 1820 1703 eo
1840 1690 1855 1714 ,
1887 1655 1943 1702 et

379 1740 547 1795 valles
589 1740 889 1810 liquescent
923 1742 1065 1796 sicut
1092 1755 1218 1795 cera
1264 1755 1295 1794 a
1328 1739 1466 1796 facie
1498 1740 1639 1811 ignis
1662 1780 1677 1805 ,
1720 1746 1940 1810 propter

377 1831 708 1901 impietatem
739 1830 929 1899 Jacob,
968 1851 987 1884 ι
1013 1839 1067 1887 et
1098 1838 1313 1887 caatera.
1337 1830 1469 1885 Nam
1506 1839 1724 1901 propter
1753 1830 1938 1900 impie-

378 1928 515 1976 tates
543 1936 680 1992 quas
710 1932 896 1977 contra
922 1922 1096 1991 ipsum
1124 1930 1427 1992 gesserunt,
1452 1921 1597 1976 illico
1617 1936 1791 1991 neque
1807 1936 1936 1976 sane

374 2013 555 2066 multo
574 2020 717 2082 post,
757 2022 811 2068 et
842 2021 1076 2076 montes,
1108 2021 1162 2067 et
1198 2013 1293 2083 qui
1345 2013 1400 2067 in
1430 2013 1538 2069 illis
1578 2012 1933 2079 habitabant,

374 2104 686 2175 depopulati
715 2113 863 2170 sunt,
890 2105 1311 2175 incendiumquc
1338 2114 1499 2176 atque
1526 2113 1823 2161 extremam
1846 2121 1938 2162 so—

375 2195 661 2250 litudinem
706 2210 863 2251 mons
894 2194 1025 2251 Sion
1069 2197 1329 2265 pertulit:
1360 2204 1415 2251 et
1463 2195 1640 2251 factus
1666 2204 1748 2250 est
1778 2211 1935 2251 mons

373 2286 566 2342 domus
591 2287 682 2342 Dei
707 2288 761 2341 in
794 2289 972 2343 lucum
1004 2288 1171 2343 silvae.
1208 2287 1332 2342 Haec
1363 2288 1507 2342 enim
1539 2287 1596 2341 in
1631 2287 1841 2343 Domini
1868 2285 1936 2342 de

372 2377 513 2431 caelo
538 2377 804 2433 descensu
852 2377 920 2431 ad
964 2378 1085 2433 illos
1130 2386 1393 2442 ventura,
1434 2393 1677 2447 praesens
1720 2392 1937 2449 quoque

372 2467 662 2537 prophetia
694 2466 993 2538 signiﬁcat,
1041 2484 1161 2538 qum
1196 2469 1359 2523 etiam
1391 2468 1694 2524 evidentem
1727 2469 1934 2523 exitum

370 2570 664 2617 consecuta
698 2569 826 2616 sunt
855 2569 976 2631 post
1025 2559 1322 2618 Salvatoris
1355 2562 1528 2618 nostri
1557 2561 1686 2617 Jesu
1728 2560 1933 2617 Christi

371 2652 685 2710 adventum.
716 2652 871 2719 Quod
896 2653 943 2708 si
966 2653 1260 2723 quidquam
1301 2663 1489 2708 nostra
1518 2668 1733 2723 quoque
1764 2653 1934 2707 histo-

371 2744 452 2797 ria
481 2744 642 2807 valet,
673 2745 877 2799 nostris
906 2744 1147 2812 ipsorum
1180 2744 1516 2814 temporibus
1538 2785 1553 2808 ,
1611 2745 1756 2798 illam
1788 2743 1931 2796 anti-

370 2835 557 2904 quitus
592 2835 920 2891 celebratam
962 2835 1089 2890 Sion
1122 2835 1329 2903 junctis
1374 2837 1550 2891 bobus
1590 2850 1619 2889 a
1671 2834 1932 2890 Romanis

367 2927 503 2982 viris
536 2927 701 2991 arari,
729 2929 906 2983 oculis
935 2927 1140 2982 nostris
1171 2928 1529 2998 inspeximus,
1551 2937 1606 2983 et
1640 2928 1811 2997 ipsam
1842 2926 1933 2983 Je-

371 3019 629 3077 rusalem.
661 3018 1115 3088 quemadmodum
1147 3019 1323 3088 ipsum
1365 3019 1467 3073 hoc
1495 3020 1575 3073 ait
1611 3019 1935 3084 oraculum,

371 3111 543 3165 instar
569 3124 849 3180 pomorum
874 3108 1135 3165 custodiae
1155 3110 1406 3176 desertae,
1432 3111 1498 3165 ad
1528 3118 1821 3166 extremam
1844 3127 1930 3166 re-

2050 550 2148 614 λας
2186 552 2560 623 Ἰερουσαλὴμ,
2588 553 2756 622 ψόφος
2779 553 3038 624 ἁρμάτων
3083 555 3176 606 καὶ
3201 553 3550 607 ἱππευόντων.
3579 573 3600 607 ι

2049 645 2155 697 Kal.
2198 640 2385 707 αὖθις*
2426 662 2445 694 ι
2492 643 2557 696 Ἡ
2599 643 2724 706 δόξα
2768 647 2868 714 τῆς
2916 643 3181 716 θυγατρὸς
3217 645 3604 717 Ἰερουσαλὴμ,

2049 732 2278 803 ξύρησαι
2311 734 2405 786 καὶ
2453 736 2630 805 κεῖραι
2667 733 2764 808 επὶ
2804 732 2873 786 τὰ
2895 734 3059 788 τέκνα
3088 733 3157 787 τὰ
3201 734 3446 806 τρυφερά
3474 750 3600 788 σου·

2046 824 2381 894 ἐμπλάτυνον
2409 824 2506 895 τὴν
2540 825 2761 895 χηρείαν
2787 842 2901 890 σου,
2930 825 3005 888 ὡς
3025 824 3199 891 ἀετὸς,
3237 827 3318 879 ὅτι
3346 826 3604 897 ᾐχμαλωο

2044 916 2311 987 τεύθησαν
2349 918 2458 971 ἀπὸ
2486 917 2600 971 σοῦ.
2631 938 2650 969 ι
2688 919 2813 971 Ἐπὶ
2840 920 3078 982 τούτοις·
3120 938 3138 970 ι
3164 918 3302 974 Σιὼν
3333 921 3408 984 ὼς
3435 920 3605 993 ἀγρὸς

2046 1007 2514 1080 ἀροτριαθήσεται,
2550 1011 2643 1063 καὶ
2681 1011 3029 1082 Ἰερουσαλὴμ
3055 1010 3130 1074 ὡς
3159 1011 3603 1083 ὀπωροφυλάκιον

2044 1100 2214 1163 ἔσται,
2239 1102 2332 1153 καὶ
2356 1101 2416 1154 τὸ
2440 1102 2562 1173 ὅρος
2592 1102 2686 1156 τοῦ
2707 1103 2855 1157 οἴκου
2884 1106 2962 1167 εἰς
2984 1104 3143 1167 ἄλσος
3161 1104 3384 1176 δρυμοῦ.
3418 1124 3438 1157 ι
3466 1104 3602 1159 Σιὼν

2042 1192 2099 1245 δὲ
2146 1194 2239 1247 καὶ
2284 1194 2634 1265 Ἰερουσαλὴμ
2698 1197 2791 1249 καὶ
2836 1196 2898 1250 τὸ
2946 1197 3276 1268 καλούμενον
3321 1198 3446 1270 ὅρος
3505 1197 3599 1251 τοῦ

2042 1280 2211 1347 οἴκου,
2253 1284 2406 1338 ταῦτ’
2443 1279 2511 1354 ἦν
2550 1287 2729 1339 ἐκεῖνα
2757 1286 2825 1340 τὰ
2856 1288 3085 1359 πρόσθεν
3126 1288 3464 1360 δεδηλωμένα
3514 1287 3602 1341 διὰ

2040 1375 2134 1429 τοῦ
2151 1392 2164 1405 ·
2196 1395 2215 1426 ι
2241 1378 2352 1431 Καὶ
2379 1378 2795 1449 σαλευθήσονται
2818 1379 2887 1432 τά
2912 1380 3012 1452 δρη
3042 1381 3385 1435 ὑποκάτωθεν
3411 1382 3605 1446 αὐτοῦ,

2042 1466 2135 1519 καὶ
2154 1469 2208 1519 al
2242 1468 2482 1533 κοιλάδες
2504 1474 2829 1541 τακήσονται
2855 1471 2930 1535 ὡς
2970 1472 3138 1542 κηρὸς
3168 1470 3275 1525 ἀπὸ
3305 1471 3599 1543 προσώπου

2042 1557 2229 1629 πυρὸς,
2266 1557 2332 1610 δι’
2371 1558 2621 1614 ἀσέϐειαν
2654 1560 2860 1615 Ἰακώϐ.
2891 1582 2910 1615 ι
2944 1561 3042 1616 Διά
3071 1562 3179 1633 γὰρ
3211 1561 3310 1625 τὰς
3348 1561 3599 1633 δρασθεί-

2043 1663 2139 1711 σας
2172 1648 2290 1701 κατ’
2320 1649 2483 1703 αὐτοῦ
2520 1650 2833 1714 δυσσεϐείας
2866 1652 3058 1716 εὐθὺς,
3099 1653 3194 1706 καὶ
3236 1652 3336 1706 οὐκ
3374 1655 3455 1715 είς
3495 1669 3600 1723 μα-

2042 1740 2191 1809 κρὸν,
2215 1741 2308 1792 καὶ
2333 1740 2400 1792 τὰ
2427 1740 2551 1812 ὅρη,
2580 1741 2674 1794 καὶ
2699 1742 2749 1793 οξ.
2783 1742 2840 1794 ἐν
2868 1741 3077 1805 τούτοις
3102 1741 3371 1805 οἰκοῦντες
3394 1744 3598 1796 ἐπεπο-

1967 1802 2012 1860 B
2041 1802 2355 1902 λίόρκηντο,
2394 1802 2715 1904 ἐμπρησμόν
2751 1850 2810 1887 τε
2861 1835 2954 1887 καὶ
2994 1802 3225 1905 ἐσχάτην
3265 1802 3498 1905 ἐρημίαν
3533 1833 3599 1887 τὸ

2040 1922 2177 1976 Σιὼν
2213 1925 2338 1994 δρος
2379 1925 2657 1995 ὑπέμεινε,
2693 1926 2787 1980 καὶ
2819 1926 3006 1994 γέγονε
3042 1927 3103 1979 τὸ
3154 1927 3277 1999 δρος
3318 1925 3412 1980 τοῦ
3445 1927 3594 1979 οῐκου

2035 2012 2127 2065 τοῦ
2155 2013 2286 2066 Θεοῦ
2319 2015 2399 2078 εἰς
2436 2015 2595 2079 ἄλσος
2632 2016 2856 2086 δρυμοῦ.
2898 2015 3080 2070 Ταῦτα
3120 2018 3215 2087 μὲν
3247 2014 3340 2070 οὖν
3389 2016 3482 2069 ἐπὶ¹
3527 2019 3592 2087 τῇ

2035 2103 2125 2155 τοῦ
2142 2104 2344 2176 Κυρίου
2373 2104 2430 2169 ἐξ
2450 2104 2690 2176 οὐρανῶν
2718 2107 2926 2178 καθόδῳ
2949 2107 3075 2179 περὶ
3092 2107 3328 2169 ἐκείνους
3351 2105 3591 2170 ἔσεσθαι,

2035 2194 2129 2248 καὶ
2169 2197 2202 2265 ή
2256 2194 2503 2266 παροῦσα
2544 2199 2843 2267 προφητεία
2885 2200 3168 2268 σημαίνει,
3198 2199 3234 2253 ἃ
3268 2200 3360 2252 καὶ
3390 2201 3593 2269 ἐναργῆ

2034 2285 2129 2356 τὴν
2179 2284 2399 2339 ἔκϐασιν
2452 2286 2638 2358 εἱληφε
2687 2287 2823 2358 μετά
2874 2289 2972 2360 τὴν
3013 2289 3106 2342 τοῦ
3150 2290 3398 2361 Σωτῆρος
3437 2289 3595 2361 ήμῶν

2049 2374 2220 2447 Ἰησοῦ
2250 2374 2484 2447 Χριστοῦ
2523 2377 2842 2448 παρουσίαν.
2861 2379 2923 2431 Εἰ
2950 2378 3077 2443 γοῦν
3100 2397 3153 2431 τι
3178 2378 3399 2432 δύναται
3436 2378 3533 2431 καὶ
3557 2379 3595 2449 ἡ

2034 2467 2273 2539 ήμετέρα
2304 2466 2530 2538 ἱστορία,
2559 2467 2680 2521 καθ’
2714 2470 2857 2539 ἡμᾶς
2882 2470 3076 2533 αὐτοὺς
3110 2470 3206 2539 τὴν
3248 2470 3415 2522 πάλαι
3456 2468 3595 2539 βοω-

2037 2557 2201 2629 μένην
2260 2558 2398 2611 Σιὼν
2447 2558 2663 2628 ζεύγεσι
2711 2559 2847 2630 βοῶν
2894 2561 2998 2613 ὑπὸ
3058 2560 3339 2632 Ῥωμαίων
3381 2559 3592 2631 ἀνδρῶν

2033 2650 2337 2721 ἀρουμένην
2403 2650 2694 2722 ὀφθαλμοῖς
2746 2650 3188 2723 παρειλήφαμεν,
3249 2652 3341 2706 καὶ
3380 2653 3480 2722 τήν
3527 2667 3590 2719 γε

2045 2742 2412 2814 Ἰερουσαλὴμ,
2433 2742 2507 2805 ὼς
2530 2744 2658 2797 αὑτό
2685 2745 2748 2813 γέ
2777 2761 2906 2815 φησι
2936 2744 2996 2797 τὸ
3016 2745 3211 2813 λόγιον,
3237 2743 3590 2815 ὀπωροφυλα-

2031 2837 2149 2890 κίου
2192 2836 2345 2908 δίκην
2378 2837 2820 2906 ἀπολειφθέντος,
2859 2840 2916 2891 ἐν
2952 2838 3201 2892 παντελεῖ
3239 2838 3588 2891 καταστᾶσαν

2030 2929 2259 2999 ἐρημίᾳ·
2294 2928 2329 2982 ἀ
2362 2929 2455 2982 καὶ
2478 2928 2545 2981 δι’
2569 2929 2718 2982 οὐδὲν
2739 2930 2923 3001 ἕτερον
2950 2932 3130 2993 αὐτοῖς
3161 2930 3193 2999 ἦ
3219 2929 3303 2982 διὰ
3325 2928 3424 2992 τὰς
3459 2929 3590 2981 δυσ-

2032 3020 2245 3082 σεϐιίας
2270 3020 2448 3074 αὐτῶν
2482 3022 2809 3093 συμϐέϐηκε,
2832 3024 2924 3076 καὶ
2954 3026 2982 3076 6
3007 3023 3174 3091 Λόγος
3201 3026 3229 3076 6
3249 3022 3500 3094 οὐράνιος
3525 3023 3591 3075 ἐκ

2030 3113 2121 3166 τοῦ
2139 3113 2337 3166 οἰκείου
2361 3113 2524 3167 τόπου
2547 3114 2896 3186 προελήλυθε.
2913 3114 3019 3167 Καὶ
3033 3115 3098 3167 δι’
3126 3115 3315 3186 ἐτέρας
3334 3114 3390 3166 δέ
3411 3110 3591 3177 αἰτίας

370 3199 583 3254 dactam
621 3200 991 3264 solitudinem,
1015 3216 1134 3271 qua;
1166 3201 1381 3270 quidem
1412 3202 1481 3256 ob
1504 3202 1637 3255 nihil
1660 3201 1804 3256 aliud
1828 3202 1928 3266 eis,

2035 3204 2059 3256 6
2095 3202 2188 3256 τοῦ
2223 3205 2356 3258 Θεοῦ
2404 3207 2573 3275 Λόγος
2623 3206 2908 3277 οὐρανόθεν
2947 3204 3360 3277 κατεληλυθέναι
3390 3221 3449 3257 τε
3496 3203 3595 3258 καὶ

370 3307 531 3362 quam
564 3301 785 3362 propter
819 3293 1121 3362 impietates
1153 3294 1394 3363 ipsorum
1432 3309 1687 3357 evenere,
1715 3302 1933 3365 prepter

369 3398 507 3450 quas
533 3382 697 3437 etiam
725 3385 946 3439 caeleste
993 3384 1222 3439 Verbum
1268 3384 1335 3439 de
1375 3400 1475 3439 suo
1504 3386 1625 3440 loco
1678 3401 1933 3457 progres-

370 3489 490 3527 sum
514 3482 615 3528 est.
639 3467 720 3528 Ob
754 3474 891 3528 alias
916 3489 1044 3528 vero
1077 3490 1270 3529 causas
1301 3473 1392 3528 Dei
1429 3473 1665 3529 Verbum
1695 3474 1763 3531 de
1790 3475 1930 3529 caelo

368 3574 425 3621 et
453 3567 801 3623 descendisse
823 3574 874 3623 et
889 3583 1051 3638 super
1071 3568 1384 3623 altitudines
1409 3576 1566 3624 terrae
1594 3570 1927 3639 pervenisse,

368 3658 523 3728 prius
548 3659 660 3727 jam
688 3658 891 3713 dictum
921 3666 1026 3723 est,
1048 3659 1235 3730 utique
1259 3661 1422 3729 utqui
1447 3661 1574 3713 olim
1597 3661 1932 3715 extolleban—

367 3761 483 3816 tur,
512 3760 567 3808 et
598 3752 762 3824 274
789 3753 843 3807 in
882 3753 1115 3809 sublime
1154 3754 1498 3822 erigebantur
1540 3753 1799 3809 adversus
1837 3770 1931 3808 co-

368 3844 665 3914 gnitionem
695 3843 788 3899 Dei
819 3853 1060 3907 montes,
1114 3853 1588 3899 commoverentur
1641 3846 1828 3901 subter
1863 3861 1930 3901 eo

366 3935 654 3989 contrariae
681 3935 929 3990 videlicet
981 3945 1307 4005 potestates,
1360 3951 1479 4005 quaa
1516 3946 1642 3992 ante
1677 3936 1796 4006 ejus
1834 3938 1931 3992 ad-

364 4035 584 4080 ventum
623 4041 730 4080 una
758 4042 882 4080 cum
912 4028 1136 4096 reliquis
1168 4027 1499 4095 hominibus,
1521 4030 1683 4083 etiam
1714 4037 1928 4098 gentem

367 4118 723 4182 Hebraicam,
774 4128 831 4175 et
860 4120 1151 4188 impietatis
1190 4127 1248 4175 et
1291 4120 1707 4175 simulacrorum
1751 4121 1929 4176 cultus

367 4212 775 4282 operationibus
807 4212 1157 4279 addixeram;
1209 4220 1377 4283 utque
1425 4214 1578 4283 pravi
1617 4212 1925 4276 daemones,

366 4304 461 4374 qui
492 4303 659 4358 valles
682 4304 1041 4373 appellantur,
1078 4312 1360 4373 propterea
1390 4304 1539 4374 quod
1582 4304 1639 4358 in
1690 4304 1930 4358 hiatibus

366 4394 725 4451 tenebricosis
750 4403 803 4450 et
832 4411 1121 4465 corporum
1152 4395 1302 4451 cavis
1328 4396 1675 4451 diversantur
1695 4434 1713 4459 ,
1769 4395 1931 4464 quasi

367 4502 491 4542 cera
509 4502 543 4541 a
566 4486 701 4541 faeie
725 4488 869 4557 ignis
896 4488 1278 4557 liquescentes,
1305 4488 1375 4543 ob
1402 4487 1575 4542 Verbi.
1593 4487 1762 4542 divini
1793 4488 1920 4550 vim,

366 4580 435 4634 de
488 4579 799 4635 hominibus
836 4578 1102 4649 fugerent.
1162 4579 1229 4632 Et
1269 4580 1377 4633 alia
1425 4594 1554 4634 vero
1593 4588 1787 4649 prteter
1832 4594 1933 4634 eas

364 4685 486 4726 esse
536 4679 714 4739 potest
751 4684 916 4724 causa
937 4712 951 4736 ,
1003 4670 1093 4724 illa
1127 4671 1342 4740 quidem
1375 4686 1485 4724 non
1508 4670 1744 4739 vulgaris
1765 4709 1778 4734 ,
1828 4684 1927 4723 cur

364 4759 633 4817 Dominus
655 4762 722 4817 de
749 4763 887 4816 caelo
909 4761 1271 4824 descenderit,
1290 4776 1452 4832 quam
1466 4762 1744 4815 oraculum
1771 4761 1927 4828 juxta

365 4855 652 4924 signiﬁcat,
679 4862 739 4909 ut
776 4869 967 4909 omnes
993 4855 1049 4908 in
1077 4855 1209 4909 orbe
1243 4863 1513 4909 terrarum
1563 4863 1750 4925 gentes
1773 4892 1788 4918 ,
1819 4853 1929 4908 da:-

369 4946 620 5000 monibus
666 4945 871 5014 pulsis,
918 4953 971 5000 et
1000 4945 1285 5015 spiritibus
1306 4946 1399 5015 qui
1430 4947 1790 5015 princnpatum
1831 4945 1929 4998 ha-

364 5037 565 5092 bebant
597 5039 879 5093 concussis
900 5078 914 5101 ,
967 5039 1035 5093 ab
1059 5039 1281 5109 antiqua
1307 5040 1410 5094 sub
1443 5040 1549 5095 illis
1577 5047 1631 5094 et
1657 5053 1844 5109 aspera
1874 5044 1928 5092 et

367 5130 629 5186 immobili
682 5131 965 5202 tyrannide
994 5133 1346 5202 respirantes,
1379 5133 1702 5202 agnitionem
1735 5145 1925 5200 supre-

369 5222 441 5275 mi
475 5222 570 5277 Dei
597 5225 917 5294 reciperent.
951 5222 1093 5290 Quin
1119 5223 1281 5279 etiam
1338 5224 1455 5294 ipsa
1502 5224 1617 5279 haec
1665 5224 1721 5278 in
1778 5224 1925 5277 hunc

371 5313 585 5367 modum
629 5312 872 5384 ejusdem
910 5316 1203 5385 prophetia:
1243 5330 1406 5371 voces
1434 5315 1691 5385 deinceps
1735 5315 1925 5370 eadem

395 5405 579 5459 alioue
611 5407 714 5460 sub
747 5422 911 5459 unam
948 5422 1143 5462 sensus
1173 5407 1570 5477 copulationem
1599 5407 1924 5462 enuntiant:

371 5513 377 5519 ι
429 5491 496 5546 Ει
517 5494 624 5549 erit
657 5495 711 5548 in
744 5497 1055 5552 novissimis
1083 5497 1275 5552 diebus
1292 5494 1611 5551 manifestus
1635 5511 1792 5551 mons
1817 5495 1926 5548 Do-

380 5583 524 5650 nini,
557 5593 781 5655 paratus
813 5586 868 5639 in
893 5588 1304 5644 summitatibus
1329 5587 1593 5646 montium
1620 5606 1643 5647 ;,
1669 5594 1723 5647 et
1749 5587 1927 5642 extol-

2033 3296 2411 3369 ἐπιϐεϐηκέναι
2451 3298 2543 3351 ἐπὶ
2587 3297 2657 3351 τά
2704 3297 2811 3366 ὕψη
2855 3300 2953 3367 τῆς
3003 3300 3132 3367 γῆς,
3184 3297 3283 3369 ήδη
3327 3298 3594 3368 πρότερον

2032 3389 2266 3458 ἐλέγετο,
2294 3390 2439 3453 ὅπως
2470 3388 2539 3442 τά
2573 3390 2668 3460 μὲν
2703 3388 2865 3442 πάλαι
2897 3388 3232 3459 ἐπαιρόμενα
3282 3389 3376 3442 καὶ
3420 3389 3593 3461 ὑπερ-

2034 3479 2308 3551 υιῖκούμενα
2336 3479 2476 3533 κατά
2506 3483 2605 3551 τῆς
2634 3478 2884 3548 γνώσεως
2914 3478 3007 3533 τοῦ
3034 3478 3167 3532 Θεοῦ
3198 3478 3296 3549 ὅρη
3355 3477 3585 3549 σαλευθῇ

2031 3572 2377 3625 ὑποκάτωθεν
2409 3571 2573 3625 αὑτοῦ
2591 3611 2606 3635 ,
2643 3573 2699 3624 αἱ
2717 3571 2971 3641 δυνάμεις
2994 3570 3231 3643 δηλονότι
3257 3572 3312 3624 αἱ
3347 3570 3592 3624 ἀντικεί-

2034 3680 2211 3734 μεναι,
2240 3663 2295 3716 αἳ
2319 3663 2425 3733 πρὸ
2453 3663 2550 3733 τῆς
2574 3661 2736 3715 αὑτοῦ
2767 3660 3063 3731 παρουσίας
3088 3659 3224 3731 μετά
3253 3660 3361 3713 τῶν
3389 3659 3593 3712 λοιπῶν

2030 3754 2326 3828 ἀνθρώπων
2351 3795 2365 3819 ,
2399 3755 2492 3808 καὶ
2521 3754 2582 3807 τὸ
2618 3754 2880 3825 Ἐϐραίων
2917 3752 3086 3820 ἔθνος,
3124 3755 3235 3815 τοῖς
3266 3753 3364 3823 τῆς
3400 3746 3594 3805 δυσσε-

2030 3849 2180 3913 ϐείας
2207 3850 2300 3903 καὶ
2324 3847 2758 3917 εἰδωλολατρείας
2782 3845 3065 3917 πράγμασι
3094 3843 3555 3898 καταδεδούλωντο
3571 3860 3587 3874 ο

2028 3945 2077 3996 οἱ
2104 3942 2159 3994 δέ
2194 3942 2418 4012 πονηροὶ
2441 3940 2709 4011 δαίμονες,
2737 3939 2976 4002 κοιλάδες
3022 3936 3431 4008 ἐπικαλούμενοι
3454 3976 3469 4000 ,
3499 3935 3594 3990 διὰ

2027 4034 2088 4087 τὸ
2110 4034 2167 4086 ἐν
2196 4034 2433 4103 χάσμασι
2464 4031 2714 4095 σκοτίοις,
2733 4032 2824 4084 καὶ
2847 4034 2956 4093 τοῖς
2980 4028 3087 4082 τῶν
3111 4030 3372 4100 σωμάτων
3396 4027 3593 4083 κοιλώ-

2031 4141 2194 4195 μασιν
2221 4121 2594 4192 ἐνδιατρίϐειν,
2624 4121 2699 4184 ὡς
2740 4120 2906 4190 κηρὸς
2950 4120 3058 4173 ἀπὸ
3095 4117 3382 4189 προσώπου
3419 4116 3593 4188 πυρὸς

2027 4215 2335 4285 τηκόμενοι,
2363 4216 2428 4283 τῇ
2462 4212 2553 4264 τοῦ
2583 4212 2724 4273 θείου
2756 4211 2928 4278 Λόγου
2959 4209 3182 4280 δυνάμει
3209 4207 3267 4273 ἐξ
3289 4207 3592 4278 ἀνθρώπων

2029 4305 2326 4375 ἀπέφυγον.
2360 4304 2469 4358 Kal.
2499 4303 2659 4374 ἐτέρα
2691 4302 2734 4356 δ’
2767 4301 2832 4355 ἂν
2873 4301 2957 4373 εἴη
2996 4301 3142 4372 παρὰ
3179 4302 3377 4363 ταύτας
3407 4299 3590 4363 αἰτία,

2028 4396 2147 4467 οὐχὶ
2169 4396 2423 4467 τυχοῦσα,
2449 4398 2547 4467 τῆς
2571 4395 2631 4459 ἐξ
2651 4393 2890 4465 οὐρανῶν
2916 4393 3134 4447 καθόδου
3150 4394 3242 4447 τοῦ
3272 4393 3497 4465 Κυρίου,
3521 4392 3595 4462 ἢν

2030 4489 2059 4540 ὁ
2106 4488 2258 4557 λόγος
2306 4487 2753 4557 ἐπισημαίνεται,
2810 4487 2957 4549 ὅπως
2999 4486 3174 4539 πάντα
3209 4485 3279 4539 τά
3330 4486 3423 4538 ἐπὶ
3483 4486 3593 4555 γῆς

2030 4574 2178 4645 ἔθνη,
2213 4574 2318 4627 τῶν
2348 4574 2615 4646 δαιμόνων
2638 4574 3064 4638 ἀπελασθέντων,
3095 4574 3314 4628 καὶτῶν
3338 4575 3593 4645 ἀρχοντι-

2031 4665 2140 4719 κῶν
2172 4666 2493 4735 πνευμάτων
2529 4664 2865 4727 σεισθέντων,
2899 4668 2996 4736 τῆς
3027 4665 3194 4719 πάλαι
3218 4664 3393 4719 αὐτῶν
3422 4664 3593 4738 σκλη-

2037 4760 2132 4830 ρᾶς
2160 4757 2253 4811 καὶ
2293 4757 2545 4829 ἀκινήτου
2574 4757 2882 4829 τυραννίδος
2928 4753 3411 4811 ύπαναπνεύσαντα
3435 4795 3451 4819 ,
3490 4758 3592 4829 τὴν

2033 4849 2325 4917 ἐπίγνωσιν
2356 4848 2449 4902 τοῦ
2480 4849 2572 4902 ἐπὶ
2601 4850 2814 4903 πάντων
2841 4848 3085 4922 ἀναλάϐῃ
3116 4847 3273 4902 Θεοῦ.
3319 4849 3426 4901 Kal.
3451 4847 3594 4902 αὐτὰ

2028 4932 2130 4992 ὧδέ
2167 4956 2282 5001 πως
2320 4940 2376 4993 al
2403 4939 2501 5009 τῆς
2535 4938 2702 5009 αὐτῆς
2742 4939 3071 5011 προφητείας
3115 4939 3288 5008 φωναὶ¹
3320 4937 3446 5008 ἐξῆς
3497 4939 3593 4992 καὶ

2036 5032 2176 5085 κατὰ
2202 5032 2262 5085 τὸ
2294 5033 2425 5087 αὐτὸ
2461 5033 2566 5086 ὑπὸ
2598 5034 2726 5104 μίαν
2776 5033 3064 5101 συνάφειαν
3108 5031 3343 5095 διανοίας
3387 5031 3594 5101 κηρύτ-

2034 5142 2185 5178 τουσι
2204 5142 2217 5154 ·
2248 5144 2266 5176 ι
2297 5124 2407 5177 Kal.
2429 5124 2577 5178 ἔσται
2602 5126 2689 5178 ἐπ’
2712 5124 2952 5195 ἐσχάτων
2977 5123 3085 5177 τῶν
3109 5122 3326 5194 ἡμερῶν
3351 5123 3593 5193 ἐμφανὲς

2029 5218 2090 5271 τὸ
2121 5218 2244 5288 ὅρος
2263 5216 2487 5287 Κυρίου,
2511 5216 2723 5285 ἕτοιμον
2758 5215 2849 5267 ἐπὶ
2879 5214 2977 5277 τὰς
2997 5212 3236 5283 κορυφὰς
3261 5210 3369 5265 τῶν
3394 5211 3589 5283 όρὲωνο

2033 5312 2127 5364 καὶ
2189 5308 2676 5380 μετεωρισθήσεται
2738 5307 2989 5378 ὑπεράνω
3052 5306 3160 5359 τῶν
3210 5305 3441 5376 βουνῶν·
3494 5304 3593 5356 καὶ

2036 5399 2354 5453 σπεύσουσιν
2408 5398 2493 5451 ἐπ’
2539 5398 2671 5453 αὐτὸ
2719 5398 2871 5461 λαοὶ,
2917 5398 3010 5450 καί
3058 5396 3405 5467 πορεύσονται
3460 5392 3590 5462 ἔθνη

2034 5491 2240 5553 πολλὰ,
2276 5490 2370 5544 καὶ
2424 5490 2607 5562 ἐροῦσι
2630 5506 2645 5522 ·
2692 5489 2874 5553 Δεῦτε,
2911 5488 3195 5558 ἀναδῶμεν
3234 5490 3312 5551 είς
3355 5484 3418 5537 τὸ
3464 5485 3592 5556 δρος

2033 5583 2126 5637 τοῦ
2160 5582 2383 5653 Κυρίου,
2418 5583 2511 5637 καὶ
2545 5586 2623 5646 εἰς
2649 5584 2739 5636 τὸν
2768 5580 2912 5636 οἷκον
2940 5580 3033 5634 τοῦ
3074 5580 3211 5634 Θεοῦ
3248 5576 3460 5639 Ἰακὼϐ,
3495 5574 3594 5629 καὶ

437 5739 483 5771 ⁸⁵³
517 5739 676 5795 \iich.
709 5757 747 5805 ι,
779 5739 831 5807 '5,
859 5740 909 5793 6.
956 5741 1000 5772 ⁸⁸
1024 5742 1153 5797 ibid.
1184 5742 1269 5806 12,
1316 5743 1398 5796 l3.
1477 5744 1519 5775 ⁸³
1547 5742 1676 5797 ibid.
1714 5738 1795 5806 15,
1826 5739 1907 5794 16.

2042 5728 2212 5793 ~Mich.
2241 5753 2321 5805 ιιι,
2358 5737 2436 5792 [2.

2424 5964 2461 5971 κ
