3902 6264
329 354 429 416 ιὸῚ

1232 338 1885 402 DEMONSTRATIONIS
1923 335 2383 392 ΕγΑΝςειιςίΕ
2423 334 2550 390 LIB.
2594 331 2681 388 Vl.

3463 328 3569 384 458

330 476 593 542 δείξουσιν
624 475 758 545 ἡμῖν
792 472 888 542 τήν
931 470 1049 525 ὁδὸν
1076 467 1269 532 αὐτού,
1303 469 1397 521 καὶ
1440 463 1815 538 πορευσόμεθα
1849 464 1902 515 ἐν

2009 460 2151 515 letur
2182 472 2345 528 super
2367 457 2571 522 colles,
2619 460 2677 510 et
2717 452 3053 508 festinabunt
3086 449 3169 504 ad.
3202 466 3323 505 eum
3367 451 3570 520 populi.

329 572 445 632 ταῖς
477 565 894 640 τρίϐοιςαύτοῦ.
932 565 1030 618 Ἐκ
1056 564 1164 635 γὰρ
1197 562 1332 616 Σιὼν
1357 559 1693 625 ἐξελεύσεται
1718 557 1897 627 νόμος,

328 659 420 712 καὶ
452 657 607 725 λόγος
658 655 863 726 Κυρίου
896 650 956 718 ἐξ
1008 650 1395 724 Ἰερουσαλὴμ,
1440 649 1531 702 καὶ
1578 648 1753 720 κρινεῖ
1799 644 1901 698 ἀνὰ

331 748 496 820 μέσον
516 746 630 800 τῶν
656 745 848 799 ἐθνῶν.
879 764 897 797 ›
936 743 1172 797 Τοιαῦτα
1195 742 1289 797 καὶ
1328 741 1453 812 περὶ
1471 741 1568 809 τῆς
1600 738 1709 791 τῶν
1734 734 1902 790 ἐθνῶν

329 839 596 909 κλήσεως,
632 835 667 890 ἃ
698 836 789 889 καὶ
816 835 1004 898 ὁποίας
1041 833 1219 903 ἔχεται
1244 832 1502 893 διανοίας,
1536 830 1682 892 ὅπως
1721 843 1778 880 τε
1809 826 1903 879 καὶ

328 931 467 986 αὐτὰ
503 929 641 1000 μετά
666 928 765 1000 τήν
800 926 893 980 τοῦ
931 926 1177 997 Σωτῆρος
1223 924 1377 996 ήμῶν
1418 921 1718 994 παρουσίαν
1752 918 1903 982 τέλος

331 1022 571 1092 είληφεν,
608 1021 700 1072 ἐπὶ
732 1017 925 1088 σχολῆς
956 1016 1020 1070 ἄν
1069 1033 1152 1079 τις
1196 1013 1518 1085 καταμάθοι.
1572 1008 1902 1072 Ἀκολούθως

330 1133 392 1184 γε
420 1116 527 1186 μὴν
543 1113 752 1175 τούτοις
769 1111 1064 1183 ἀρχόμενος
1090 1110 1118 1161 ό
1135 1108 1235 1178 τῆς
1260 1105 1589 1178 προφητείας
1610 1102 1782 1172 λόγος,
1806 1100 1905 1153 ὠσ-

331 1204 393 1259 ὰν
428 1203 522 1256 ἐπὶ
557 1200 799 1272 σωτηρίᾳ
832 1201 893 1253 οὺ
930 1198 1086 1269 μόνον
1113 1196 1206 1250 τοῦ
1241 1195 1507 1249 Ἰουδαίων
1536 1194 1739 1256 ἔθνους,
1770 1190 1904 1244 ἀλλὰ

330 1296 422 1349 καὶ
453 1293 563 1347 τῶν
596 1292 762 1347 ἐθνῶν
792 1293 1069 1355 ἁπάντων,
1102 1289 1201 1360 τῆς
1239 1287 1333 1341 τοῦ
1354 1286 1555 1359 Κυρίου
1580 1287 1659 1349 είς
1699 1283 1905 1356 ἀνθρώ-

330 1403 463 1450 πους
491 1384 716 1438 καθόδου
739 1382 1125 1453 γενησομένης,
1140 1383 1250 1444 τοῖς
1279 1379 1427 1443 λαοῖς
1452 1380 1669 1441 καὶτοῖς
1698 1377 1789 1429 ἐπὶ
1803 1377 1905 1447 γῆς

330 1478 533 1532 ἅπασιν
548 1478 830 1546 ἐπιφωνεῖ,
854 1473 1075 1542 λέγων’(
1101 1470 1413 1535 Ἀκούσατε,
1430 1469 1549 1523 λαοὶ
1576 1469 1795 1532 πάντες,
1813 1467 1905 1520 καὶ

331 1566 648 1639 προσεχέτω
668 1568 701 1637 ἡ
725 1565 815 1636 γῆ,
833 1564 927 1618 καὶ
954 1564 1154 1627 πάντες
1174 1564 1223 1615 οί
1258 1564 1315 1615 ἐν
1336 1562 1494 1633 αὐτῇ.
1518 1580 1535 1612 ι
1557 1561 1667 1613 Καὶ
1688 1560 1748 1613 τὸ
1769 1577 1907 1630 μαρ-

329 1656 511 1728 τύριον
536 1657 594 1708 δέ
615 1655 708 1708 τοῦ
736 1654 939 1717 πάθους
965 1652 1206 1724 ᾐνίττετο
1248 1651 1341 1705 τοῦ
1379 1651 1583 1721 Κυρίου
1606 1651 1901 1721 ἐπιφέρων·

334 1746 472 1801 «Kal.
484 1745 636 1799 ἔσται
648 1745 846 1816 Κύριος
859 1744 886 1796 ό
900 1743 1030 1806 Θεὸς
1045 1741 1195 1814 ὑμῶν
1209 1743 1286 1806 είς
1306 1741 1615 1813 μαρτύριον.
1628 1757 1646 1791 ι
1658 1735 1766 1794 Εἶθ’
1784 1740 1909 1810 ἑξῆς

2010 550 2077 605 Et
2105 551 2259 606 ibunt
2281 557 2467 621 gentes
2501 546 2704 608 multae,
2735 551 2789 599 et
2815 543 3035 599 dicent:
3072 540 3283 603 Venite,
3315 540 3558 596 ascende

2009 660 2132 700 mus
2161 644 2217 698 in
2246 652 2484 695 montem
2523 637 2758 703 Domini,
2786 644 2840 691 et
2883 635 2938 690 in
2992 634 3211 690 domum
3241 633 3334 688 Dei
3362 631 3531 690 Jacob
3554 670 3572 699 ,

2008 743 2060 792 et
2098 732 2386 790 ostendent
2427 731 2586 787 nobis
2614 729 2757 784 viam
2789 729 2939 799 ejus,
2989 734 3042 783 et
3084 723 3575 781 ambulabimus—in

2009 826 2219 882 semitis
2241 824 2380 893 ejus.
2423 823 2498 877 De
2531 821 2661 877 Sion
2692 821 2834 875 enim
2867 818 3034 874 exibit
3074 819 3156 873 lex
3177 857 3192 881 ,
3252 825 3305 872 et
3348 816 3574 872 verbum

2009 919 2228 974 Domini
2262 918 2330 974 de
2355 915 2677 979 Jerusalem,
2706 922 2759 970 et
2795 912 3061 984 judicaliit
3090 911 3228 965 inter
3249 917 3439 980 gentes
3455 908 3523 961 °".
3549 927 3570 959 ι

2009 1013 2158 1068 Talia
2190 1027 2321 1069 sane
2360 1010 2427 1066 de
2457 1008 2743 1064 vocatione
2797 1007 3035 1077 gentium
3067 1004 3210 1058 dicta
3241 1008 3369 1058 sunt
3398 1019 3412 1054 :
3455 1013 3575 1069 qua

2008 1106 2227 1176 quidem
2265 1118 2374 1175 quo
2405 1118 2569 1158 sensu
2611 1098 2926 1169 accipienda
2980 1097 3124 1158 sint,
3177 1102 3230 1149 et
3277 1108 3383 1162 quo
3415 1099 3575 1162 pacto

2010 1197 2129 1267 ipsa
2157 1208 2374 1266 quoque
2405 1202 2527 1264 post
2546 1188 2843 1245 Salvatoris
2867 1186 3039 1241 nostri
3078 1185 3386 1245 adventum,
3415 1180 3574 1233 linem

2010 1287 2334 1357 acceperint,
2368 1300 2463 1356 per
2490 1285 2659 1339 otium
2692 1281 2816 1351 quis
2850 1276 3073 1333 liberius
3105 1274 3313 1328 discere
3334 1271 3570 1342 poterit:

2011 1395 2132 1436 cum
2166 1379 2233 1435 iis
2265 1386 2446 1432 tamen
2469 1372 2807 1431 concordans
2841 1385 2961 1441 quae
2985 1369 3096 1438 jam
3138 1365 3381 1437 exposita
3428 1369 3574 1429 sunt,

2014 1471 2068 1524 in
2100 1469 2220 1539 ipso
2261 1465 2556 1538 prophetiae
2586 1462 2807 1519 exordio
2846 1460 2987 1514 idem
3015 1455 3318 1517 oraculum,
3350 1466 3459 1506 non
3490 1464 3575 1504 se-

2011 1578 2110 1618 cus
2148 1576 2213 1616 ac
2242 1561 2288 1615 si
2318 1559 2384 1614 ad
2444 1558 2671 1614 salutem
2712 1570 2822 1609 non
2867 1551 3105 1607 Iudaicae
3139 1547 3313 1618 gentis
3363 1543 3570 1608 solum,

2013 1652 2108 1710 sed
2139 1652 2515 1708 universarum
2546 1647 2809 1718 gentium,
2839 1641 3053 1696 Domini
3088 1638 3156 1692 ad
3198 1635 3445 1691 homines
3480 1632 3577 1688 dea.

2014 1759 2241 1800 scensus
2262 1741 2476 1797 futurus
2508 1745 2674 1803 esset,
2708 1736 2776 1790 ad
2801 1749 2989 1789 omnes
3011 1729 3240 1803 pOpulos
3260 1769 3274 1791 ,
3304 1725 3369 1780 ad
3391 1723 3574 1779 omnia

329 1840 360 1893 ὁ
375 1839 537 1902 αὐτὸς
558 1813 760 1909 προῖὼν
791 1813 1092 1907 προφήτης,
1133 1834 1278 1886 ὼσὰν
1303 1833 1403 1905 ήδη
1424 1831 1819 1905 προπαιδεύσας
1834 1829 1902 1883 τά

2007 1850 2122 1904 quae
2155 1841 2283 1889 sunt
2309 1835 2364 1887 in
2397 1839 2544 1887 terra
2571 1829 2771 1883 clamat
2806 1825 2994 1880 dicens
3023 1840 3036 1876 :
3072 1839 3091 1871 ι
3129 1818 3347 1880 Audite,
3387 1813 3574 1886 populi

334 1933 458 2005 περὶ
483 1932 585 2003 τῆς
618 1929 901 2002 ὑπάρξεως
920 1928 1012 1981 τοῦ
1028 1927 1161 1981 Θεοῦ
1181 1927 1373 1996 Λόγου,
1389 1928 1487 1997 τῆς
1498 1944 1557 1979 τε
1580 1926 1637 1993 ἐξ
1657 1924 1901 1997 οὐρανῶν

334 2022 497 2078 αὐτοῦ
526 2021 901 2084 καταϐάσεως,
947 2020 1040 2073 καὶ
1063 2019 1138 2082 ὡς
1172 2018 1240 2070 τὰ
1273 2019 1419 2071 αἴτια
1452 2019 1550 2089 τῆς
1583 2018 1661 2081 είς
1692 2015 1871 2088 ἀνθρώ

334 2133 465 2180 πους
486 2113 653 2169 αὑτοῦ
673 2113 970 2184 παρουσίας
987 2110 1283 2182 προειπὼν,
1301 2110 1580 2181 ἑπομένως
1596 2111 1692 2181 τὴν
1715 2113 1794 2173 είς
1809 2110 1874 2162 ἀν
1892 2141 1901 2146 -

334 2205 363 2259 θ
369 2205 583 2279 ρώπους
599 2204 761 2258 αὐτοῦ
776 2204 1038 2273 ἐσομένην
1051 2202 1282 2271 γένεσιν,
1298 2202 1526 2256 καὶαύτὺ
1536 2203 1599 2273 δὴ
1615 2202 1690 2273 (1)
1708 2202 1901 2273 χωρίον

335 2297 455 2352 ἔνθα
483 2296 842 2368 τεχθήσεσθαι
872 2295 1111 2366 ἔμελλεν,
1130 2288 1231 2348 ὧδέ
1258 2312 1372 2357 πως
1400 2293 1659 2357 διδάσκει,
1694 2293 1863 2362 λέγων
1883 2312 1897 2325 ’

340 2392 476 2445 «Καὶ
502 2392 567 2445 σὺ
611 2389 856 2460 Βηθλεέμ
878 2385 1025 2452 οἶκος
1046 2388 1138 2441 τοῦ
1170 2387 1715 2457 Ἐφραθὰ,ὀλιγοστὺς
1740 2384 1790 2440 εἶ
1809 2386 1901 2440 τοῦ

336 2479 471 2538 εἶναι
517 2486 575 2537 ἐν
623 2482 854 2554 χιλιάσιν
914 2481 1118 2534 Ἰούδα·
1171 2482 1235 2533 ὲκ
1285 2480 1377 2532 σοῦ
1423 2498 1513 2550 μοι
1567 2478 1901 2543 ἐξελεύσεται

335 2573 653 2644 ἡγούμενος,
676 2569 771 2625 τοῦ
802 2566 955 2623 εἶναι·
974 2572 1052 2634 είς
1081 2570 1314 2643 ἄρχοντα
1340 2571 1397 2621 ἐν
1420 2568 1495 2638 τῷ
1534 2568 1779 2639 Ἰσραὴλ,
1808 2569 1902 2621 καὶ

336 2665 390 2716 αί
411 2662 581 2726 ἔξοδοι
609 2659 776 2715 αὐτοῦ
801 2660 894 2713 ἀπ’
925 2659 1101 2729 ἀρχῆς
1130 2658 1189 2723 ἐξ
1222 2658 1444 2730 ἡμερῶν
1475 2657 1687 2721 αίῶνος.
1721 2676 1739 2708 ι
1760 2658 1903 2711 Ἐπι-

340 2752 510 2825 μελῶς
535 2752 593 2806 δὲ
628 2752 882 2823 πρόσχες,
912 2750 1035 2803 τίνα
1057 2749 1255 2821 τρόπον
1280 2746 1375 2801 τοῦ
1406 2747 1499 2800 ἐπὶ
1527 2746 1627 2817 τὴν
1656 2745 1902 2817 Βηθλεὲμ

338 2842 555 2914 (χωρίον
605 2841 662 2895 δέ
692 2844 813 2895 ἐστι
845 2841 1001 2894 τοῦτο
1038 2840 1136 2912 τῆς
1181 2838 1482 2908 Ἰουδαίας)
1530 2837 1899 2908 φανησομένου

336 2934 429 2999 τὰς
461 2934 673 2999 ἐξόδους
715 2932 921 2988 ἀνωθεν
953 2935 1047 2986 καὶ
1080 2932 1138 2999 ἐξ
1169 2931 1363 2994 αἰῶνος
1407 2929 1701 2999 ὑφεστάναι
1732 2928 1898 3000 φησὶ,

333 3024 430 3096 τὴν
475 3023 656 3077 ἔνθεον
695 3023 870 3095 δηλῶν
905 3021 1246 3095 προΰπαρξίν
1279 3037 1340 3073 τε
1384 3020 1481 3073 καὶ
1512 3019 1766 3072 ούσίωσιν
1800 3018 1896 3071 τοῦ

335 3111 397 3169 ἐκ
450 3114 694 3185 Βηθλεέμ
738 3112 1196 3184 προελευσομένου
1230 3111 1509 3182 ἄρχοντος.
1552 3111 1616 3163 Ei
1664 3109 1761 3180 μὲν
1808 3105 1901 3163 οὖν

334 3208 442 3280 ἔχοι
469 3183 555 3272 τις
586 3183 672 3278 ἐφδ
716 3207 903 3280 ἕτερον
938 3206 1226 3277 ἀναφέρειν
1266 3207 1356 3257 τὸν
1388 3202 1633 3275 χρησμὸν
1656 3243 1670 3267 ,
1698 3203 1782 3266 τίς
1814 3195 1903 3256 οὗ·
1930 3183 1975 3244 C

332 3317 423 3365 τος
443 3341 459 3364 ,
491 3298 862 3354 ἀποδεικνύτω
885 3315 898 3330 °
931 3300 979 3351 εί
1004 3297 1048 3350 δ’
1077 3297 1177 3350 οὐκ
1207 3295 1351 3349 ἐστιν
1392 3295 1570 3367 εὑρεῖν
1597 3294 1779 3365 ἕτερον
1805 3294 1900 3347 τοῦ

334 3395 582 3466 Σωτῆρος
613 3391 771 3464 ήμῶν
807 3391 981 3462 Ἰησοῦ
1016 3388 1285 3461 Χριστοῦ,
1322 3390 1381 3454 ὃς
1429 3390 1587 3461 μόνος
1640 3387 1775 3458 μετὰ
1803 3389 1902 3459 τὴν

336 3485 670 3560 προφητείαν
710 3483 921 3539 ἐνθένδε
969 3482 1296 3555 ὡρμημένος
1340 3480 1561 3551 βοᾶται,
1615 3481 1673 3533 τί
1718 3480 1901 3534 λοιπὸν

335 3575 581 3649 ἐμποδὼν
614 3576 687 3647 μὴ
720 3575 841 3645 οὐχὶ
874 3573 1249 3644 συνομολογεῖν
1287 3572 1541 3644 ἀλήθειαν
1587 3575 1653 3643 τῇ
1695 3589 1905 3643 προφη-

334 3669 477 3740 τείᾳ,
503 3669 597 3722 ἐπὶ
626 3668 771 3738 μόνῳ
799 3666 946 3737 αὐτῷ
972 3664 1273 3738 σαλευούσῃ
1297 3663 1395 3735 τὴν
1423 3664 1761 3735 πρόρρησινς
1794 3665 1905 3718 Μόλ-

338 3782 425 3829 νος
456 3763 586 3835 γοῦν
624 3757 776 3827 οὗτος
816 3761 1084 3831 ἐπιφανὴς
1131 3758 1237 3814 τῶν
1265 3758 1485 3813 πώποτε
1533 3756 1769 3826 γεγονὼς
1788 3797 1803 3822 ,
1840 3759 1905 3811 ἐκ

336 3856 428 3911 τοῦ
470 3855 870 3927 προειρημένου
915 3853 1125 3925 χωρίου,
1163 3851 1262 3922 τῆς
1305 3849 1553 3922 Βηθλεέμ
1601 3848 1738 3919 μετὰ
1779 3851 1905 3912 τοὺς

337 3949 434 4020 τῆς
504 3946 841 4020 προφητείας
896 3945 1121 4017 χρόνους
1179 3944 1268 3996 τὸ.
1305 3939 1642 4013 ἀνθρώπειον
1707 3939 1904 4003 ὑποδὺς

339 4041 523 4112 σχῆμα
575 4037 972 4112 προελήλυθεν*
1027 4037 1142 4107 ἄμα
1200 4052 1261 4087 τε
1304 4035 1369 4104 τῇ
1420 4032 1583 4088 αὐτοῦ
1638 4029 1906 4102 παρουσίᾳ

337 4131 636 4204 ἐπληροῦτο
667 4132 736 4186 τὰ
768 4128 1239 4202 προηγορευμένα.
1259 4126 1469 4180 Αὐτίκα
1499 4124 1652 4195 γοῦν,
1681 4125 1776 4177 καὶ
1806 4123 1907 4176 οὐκ

337 4224 415 4288 είς
448 4223 682 4296 μικρὸν,
703 4222 780 4294 τῷ
807 4223 903 4294 μὲν
937 4220 1208 4275 Ἰουδαίων
1238 4219 1381 4273 ἔθνει
1407 4218 1613 4272 ἕκαστα
1643 4216 1750 4270 τῶν
1776 4233 1904 4287 προ-

337 4314 760 4388 πεφητευμένων
807 4312 1145 4385 σκυθρωπῶν
1188 4313 1401 4384 ἀπήντα
1423 4327 1437 4340 ’
1482 4312 1595 4373 τοῖς
1628 4308 1685 4361 δέ
1730 4307 1905 4360 ἔθνεσι

335 4409 494 4463 πάλιν
518 4406 589 4461 τά
616 4406 882 4462 ἀκόλουθα
914 4409 1027 4469 τοῖς
1060 4404 1443 4475 θεσπίσμασιν,
1475 4402 1635 4464 αὐτός
1667 4417 1725 4454 τε
1753 4393 1907 4467 οὗτος

2003 1941 2215 1989 omnes,
2241 1931 2294 1979 et
2322 1921 2565 1977 attendat
2596 1921 2831 1982 terra,et
2850 1927 3038 1969 omnes
3058 1910 3149 1981 qui
3182 1909 3235 1962 in
3269 1922 3331 1961 ea
3362 1913 3505 1960 sunt.
3549 1921 3568 1954 ι

2001 2015 2398 2072 Testimonium
2426 2027 2554 2069 vero
2582 2007 2730 2082 quod
2756 2014 2949 2061 contra
2971 2005 3149 2074 ipsum
3173 1999 3459 2054 Dominum
3489 1993 3575 2049 di-

2002 2120 2147 2164 ctum
2178 2114 2282 2169 est,
2316 2120 2439 2160 cum
2478 2115 2626 2159 esset
2667 2112 2965 2171 passurus,
3016 2095 3089 2147 ita
3128 2089 3417 2161 significat,
3455 2104 3474 2137 ι
3507 2084 3574 2139 Ει

2001 2199 2105 2255 erit
2147 2197 2407 2252 Dominus
2439 2195 2584 2250 Deus
2637 2199 2816 2248 vester
2842 2190 2897 2243 in
2938 2183 3331 2242 testimonium.
3372 2199 3393 2231 ι
3427 2177 3568 2233 Tum

2001 2289 2258 2357 deinceps
2299 2288 2439 2341 idem
2474 2285 2734 2356 propheta
2759 2280 3004 2335 oratione
3041 2287 3362 2346 progressus
3387 2310 3402 2335 ,
3452 2281 3572 2323 tan-

2000 2395 2160 2451 quam
2188 2380 2235 2434 is
2264 2378 2356 2449 qui
2384 2385 2508 2432 ante
2542 2377 2655 2446 jam
2686 2372 2964 2426 docuisset
2985 2383 3047 2422 ea
3073 2380 3194 2436 quae
3222 2365 3288 2418 ad
3320 2362 3572 2417 substanc

2001 2473 2130 2527 tiam
2155 2470 2247 2525 Dei
2281 2468 2443 2523 Verbi
2477 2467 2704 2536 ejusque
2732 2463 2797 2517 de
2821 2461 2960 2516 caalo
2982 2460 3304 2513 descensum
3336 2452 3596 2521 pertiner

2001 2569 2143 2628 rent,
2161 2570 2214 2617 et
2237 2568 2494 2630 tanquam
2517 2557 2562 2611 si
2587 2555 2704 2625 ejus
2725 2552 2792 2607 ad
2815 2551 3063 2607 homines
3086 2549 3574 2613 adventus_causas

2000 2652 2358 2725 przedixisset,
2382 2649 2573 2704 ordine
2604 2647 2861 2715 deinceps
2892 2642 3133 2698 futurum
3160 2638 3404 2709 ejusdem
3433 2637 3574 2691 inter

2001 2745 2162 2817 275
2197 2745 2445 2799 homines
2484 2749 2684 2802 ortum,
2708 2739 2977 2809 planeque
2995 2735 3157 2790 etiam
3191 2735 3366 2803 ipsum
3392 2731 3573 2785 locum

2002 2840 2058 2893 in
2089 2854 2199 2908 quo
2224 2836 2467 2891 futurum
2489 2840 2608 2888 erat
2636 2839 2695 2885 ut
2724 2837 3058 2891 nasceretur,
3095 2824 3300 2879 indicat
3333 2823 3569 2877 dicens:

2007 2951 2027 2982 ι
2067 2929 2134 2983 Et
2161 2937 2220 2983 tu
2248 2926 2559 2982 Bethlehem
2602 2922 2795 2978 domus
2840 2918 3099 2989 Ephrata,
3134 2914 3357 2969 minima
3400 2927 3480 2975 es,
3512 2917 3612 2965 ut:

2002 3024 2079 3080 sis
2100 3023 2156 3076 in
2179 3020 2417 3075 millibus
2437 3015 2575 3071 Juda
2608 3033 2621 3068 :
2653 3030 2720 3069 ex
2746 3020 2800 3067 te
2828 3010 2961 3065 mihi
2990 3008 3296 3079 egredietur
3321 3005 3412 3075 qui
3432 3018 3573 3073 pra:-

2003 3116 2095 3180 sit,
2123 3124 2180 3169 ut
2207 3113 2279 3168 sit
2299 3113 2354 3166 in
2386 3108 2685 3180 principem
2720 3105 2775 3159 in
2810 3102 2979 3158 Israel
3032 3110 3086 3156 et
3142 3100 3322 3155 exitus
3358 3096 3480 3166 ejus
3503 3095 3573 3149 ab

2006 3207 2183 3271 initio,
2201 3221 2269 3260 ex
2285 3202 2478 3259 diebus
2503 3199 2691 3257 saeculi
2718 3198 2783 3252 ⁸⁸,
2818 3216 2836 3248 ι
2863 3193 3093 3249 Attende
3114 3191 3571 3261 verodiligenter,

2004 3293 2465 3367 quemadmodum
2499 3287 2769 3361 ejus,.qui.
2793 3288 2846 3340 iu
2878 3283 3190 3340 Bethlehem
3226 3283 3298 3337 sit
3353 3277 3574 3349 conspi-

2004 3386 2232 3442 ciendus
2267 3390 2581 3451 testantem
2604 3379 2913 3435 Bethlehem
2940 3375 3139 3431 Iudaeae
3170 3373 3365 3446 locus),
3393 3372 3575 3427 exitus

2004 3478 2150 3534 dicat
2201 3475 2437 3544 desuper
2480 3480 2535 3527 et
2577 3487 2607 3525 a
2666 3470 2867 3528 saeculo
2913 3469 3184 3524 existere:
3222 3474 3426 3535 utpote,
3478 3458 3577 3532 qui

2006 3569 2273 3641 principis
2305 3567 2371 3622 de
2401 3566 2713 3621 Bethlehem
2764 3562 3126 3634 progressuri,
3164 3559 3402 3615 divinam
3429 3553 3574 3609 indi-

2004 3679 2129 3718 care
2180 3662 2309 3716 velit
2358 3659 2677 3715 substantiae
2728 3654 3181 3719 antecessionem,
3230 3647 3577 3720 propagatio-

2005 3769 2239 3824 nemque
2276 3766 2545 3823 personae.
2581 3750 2638 3803 Si
2678 3750 2804 3819 quis
2836 3749 3001 3819 igitur
3024 3752 3109 3801 est
3152 3746 3245 3815 qui
3290 3741 3574 3796 oraculum

2005 3844 2209 3901 referre
2257 3842 2434 3913 possit
2460 3840 2528 3896 ad
2573 3840 2739 3893 alium
2769 3837 3104 3909 quempiam,
3134 3849 3204 3889 ne
3251 3833 3588 3891 cunctetur;

2005 3940 2201 4008 prodat
2231 3950 2364 3991 sane
2392 3934 2560 3998 hunc,
2594 3932 2846 4004 quisnam
2881 3931 2987 3997 sit;
3021 3928 3115 3985 sed
3142 3926 3187 3983 si
3221 3925 3361 3979 alius
3381 3927 3576 3990 praeter

2009 4028 2344 4084 Salvatorem
2367 4034 2616 4082 nostrum
2645 4024 2832 4080 Jesum
2877 4023 3155 4078 Christum
3200 4012 3441 4072 inveniri
3467 4024 3577 4064 non

2006 4128 2210 4193 potest,
2244 4120 2339 4190 qui
2384 4118 2537 4177 solus
2580 4125 2701 4189 post
2730 4118 2891 4172 talem
2922 4111 3263 4186 prOphetiam
3301 4105 3426 4162 inde
3450 4116 3578 4174 pro—

2007 4213 2184 4269 fectus
2214 4212 2547 4278 celebratur,
2574 4210 2704 4283 quid
2733 4208 2949 4264 tandem
2981 4198 3351 4275 impedimenti
3386 4210 3578 4266 super-

2006 4316 2113 4376 est,
2165 4325 2236 4366 ne
2280 4324 2391 4364 una
2435 4323 2559 4363 cum
2604 4307 2722 4378 ipsa
2762 4301 3046 4375 prophetia
3096 4298 3377 4353 veritatem
3408 4292 3579 4345 fatea-

2009 4419 2154 4465 mur,
2185 4416 2305 4471 quae
2360 4400 2414 4453 in
2450 4414 2616 4453 unum
2653 4397 2803 4451 illum
2857 4406 3010 4448 suam
3065 4387 3250 4458 dirigit
3275 4382 3580 4455 priedictio-

333 4504 364 4556 ό
404 4502 597 4573 Σωτὴρ
643 4501 738 4554 καὶ
779 4500 980 4572 Κύριος
1023 4498 1182 4569 ήμῶν
1228 4472 1295 4550 ἐκ
1351 4495 1597 4568 Βηθλεέμ
1624 4493 1902 4568 ὁρμηθεὶς,

2014 4494 2173 4550 nem?
2204 4492 2337 4546 Nam
2369 4492 2518 4546 solus
2549 4489 2638 4544 ille
2673 4488 2935 4551 omnium,
2962 4480 3056 4552 qui
3094 4492 3331 4548 unquam
3356 4472 3581 4529 exstite-

335 4594 635 4665 ἡγούμενος
683 4591 963 4663 ἀνεδείχθη
1005 4590 1098 4644 τοῦ
1153 4588 1293 4643 κατὰ
1351 4588 1589 4642 διάνοιαν
1648 4588 1866 4662 Ἰσραὴλ
1890 4630 1905 4654 ,

332 4684 479 4740 οὕτω
503 4682 702 4748 παντὸς
731 4681 829 4735 τοῦ
860 4679 1166 4753 διορατικοῦ
1192 4679 1285 4732 καὶ
1308 4675 1592 4740 θεοσεϐοῦς
1621 4676 1752 4731 λαοῦ
1776 4695 1907 4751 χρη-

338 4771 670 4843 ματίζοντος.
704 4770 813 4823 Καὶ
839 4769 936 4822 θέα
964 4786 1052 4838 γε,
1081 4770 1229 4831 ὅπως
1262 4766 1359 4830 τὰς
1384 4763 1594 4832 ἐξόδους
1618 4768 1783 4824 αὑτοῦ
1808 4769 1908 4840 τῆς

333 4865 518 4919 ἐνθέου
551 4859 945 4935 προῦπάρξεως
975 4863 1069 4915 ἀπ’
1100 4862 1275 4933 ἀρχῆς
1301 4859 1395 4914 καὶ
1432 4859 1493 4926 ἐξ
1522 4862 1746 4934 ἡμερῶν
1775 4861 1908 4915 αίῶ-

329 4976 424 5022 νος
446 4957 590 5029 ἔχειν
628 4956 876 5024 λέγεται’
903 4957 1040 5028 ὅπερ
1071 4957 1170 5010 οὐκ
1198 4955 1264 5010 ἂν
1298 4956 1588 5028 ἁρμόσειεν
1621 4955 1907 5027 ἀνθρώπου

335 5048 516 5121 φύσει.
563 5049 786 5114 Τούτοις
834 5049 961 5119 ἑξῆς
1008 5051 1037 5103 ό
1088 5047 1421 5120 προφητικὺς
1464 5046 1652 5115 λόγος,
1704 5045 1909 5109 ὑποϐὰς

340 5141 558 5213 μικρὸν,
588 5140 684 5195 καὶ
712 5138 809 5195 νῦν
833 5140 995 5195 πάλιν
1033 5140 1133 5210 τῆς
1164 5140 1329 5195 πάλαι
1356 5139 1585 5211 νομικῆς
1614 5137 1909 5209 θρησκείας

338 5235 435 5305 τὴν
478 5234 825 5308 περιγραφὴν
891 5233 985 5287 καὶ
1032 5232 1349 5304 καθαίρεσιν
1400 5231 1796 5301 ὑποσημαίνει,
1844 5231 1909 5282 ἐκ

339 5326 630 5398 προσώπου
660 5327 755 5381 τοῦ
787 5325 919 5381 λαοῦ
950 5326 1123 5395 λέγων
1146 5342 1159 5355 ·
1193 5344 1212 5377 ι
1248 5325 1337 5378 Ἐν
1364 5325 1471 5378 τίνι
1495 5322 1788 5377 καταλάϐω
1814 5322 1905 5375 τὸν

342 5419 571 5491 Κύριον;
616 5418 950 5491 ἐπιλήψομαι
994 5414 1130 5470 Θεοῦ
1169 5432 1266 5486 μου
1297 5415 1549 5484 ὑψίστου;
1580 5414 1629 5466 εί
1667 5411 1903 5483 καταλή-

342 5508 508 5581 ψομαι
525 5511 686 5566 αὑτὸν
713 5512 773 5564 ὲν
791 5507 1253 5578 ὁλοκαυτώμασιν,
1271 5507 1329 5559 ἐν
1357 5506 1576 5577 μόσχοις
1596 5504 1901 5568 ἐνιαυσίοις⁸

346 5603 398 5663 εἰ,
424 5602 494 5656 δῶ
535 5603 852 5677 πρωτότοκα
883 5599 1089 5661 κοιλίας
1128 5615 1229 5668 μου
1259 5596 1398 5668 ὑπὲρ
1432 5595 1703 5671 ἁμαρτίας
1728 5594 1907 5667 ψυχῆς

411 5694 452 5727 ⁸⁷
484 5694 741 5757 Mich.1v,
774 5694 830 5747 2.
907 5693 954 5724 ⁸³
977 5691 1139 5745 Mich.
1165 5706 1216 5751 v,
1243 5688 1297 5744 2.

410 5786 483 5858 (1)
521 5786 882 5847 Desideratnr
910 5782 990 5837 τό.
1031 5780 1187 5836 Eon.

2013 4587 2144 4653 rint,
2166 4601 2235 4641 ex
2266 4599 2332 4641 eo
2358 4583 2669 4638 Bethlehem
2697 4580 2840 4641 loco,
2875 4575 2942 4630 de
2970 4588 3078 4643 quo
3097 4572 3209 4640 jam
3235 4568 3438 4621 dictum
3470 4571 3574 4628 est,

2014 4676 2303 4733 manifeste
2351 4684 2475 4745 post
2503 4674 2622 4742 ejus
2656 4667 2951 4741 praphetiaa
2993 4676 3257 4733 tempora,
3284 4660 3579 4713 humanam

2015 4769 2239 4826 subiens
2268 4766 2518 4829 formam,
2566 4775 2888 4833 progressus
2925 4764 3051 4819 est;
3082 4761 3246 4822 atque
3296 4749 3440 4803 illico
3467 4760 3578 4800 una

2013 4877 2137 4917 cum
2167 4861 2286 4931 ejus
2312 4859 2566 4922 adventu,
2597 4870 2658 4910 ea
2703 4867 2822 4924 quae
2872 4851 2984 4920 jam
3032 4846 3286 4918 praedicta
3340 4841 3576 4902 fuerant,

2011 4954 2278 5024 completa
2295 4958 2442 5008 sunt.
2458 4951 2647 5018 Itaque
2673 4961 2703 5001 e
2721 4944 2951 5012 vestigio
2971 4940 3090 4995 sine
3110 4950 3280 4997 mora,
3304 4944 3582 5004 quaecum-

2012 5060 2118 5116 que
2140 5023 2317 5099 tristia
2349 5049 2402 5097 et
2430 5040 2629 5096 infesta
2674 5036 2914 5093 Iudaicae
2971 5031 3112 5103 genti
3161 5027 3417 5100 praedicta
3462 5023 3575 5078 fue-

2011 5146 2158 5201 rant,
2194 5142 2494 5191 evenerunt
2522 5152 2542 5193 ;
2575 5146 2639 5186 ac
2668 5143 2863 5184 rursus
2907 5123 3118 5180 caeteris
3152 5118 3425 5191 gentibus,
3454 5127 3581 5168 ora-

2012 5231 2153 5286 culis
2189 5233 2579 5291 consentanea,
2611 5231 2774 5293 atque
2818 5220 2935 5288 ipse
2968 5217 3057 5270 hic
3109 5212 3358 5267 Salvator
3380 5213 3434 5262 et
3469 5204 3579 5258 Do-

2015 5324 2203 5379 minus
2230 5331 2420 5378 noster
2442 5321 2497 5374 in
2524 5317 2834 5373 Bethlehem
2883 5321 3228 5382 progressus,
3260 5302 3380 5371 ejus
3413 5297 3579 5353 Israel

2016 5416 2293 5486 princeps,
2324 5414 2418 5484 qui
2455 5413 2521 5467 ad
2570 5407 2983 5479 intelligentiam
3034 5398 3288 5457 refertur,
3335 5392 3581 5447 declara-

2013 5516 2104 5563 tus
2132 5517 2217 5563 est
2243 5528 2257 5563 :
2288 5507 2490 5577 quippe
2513 5520 2634 5560 cum
2665 5517 2731 5557 eo
2758 5498 2978 5554 nomine
3002 5492 3233 5564 populus
3255 5482 3579 5553 omnis.qui-

2015 5612 2248 5667 cumque
2289 5570 2463 5651 Deum
2491 5606 2545 5650 et
2576 5593 2756 5650 videre
2787 5597 2839 5646 et
2866 5586 2953 5659 pie
2984 5584 3162 5641 colere
3192 5582 3444 5637 assuetus
3482 5570 3576 5635 sit.
