3902 6264
385 355 492 410 459

1052 364 1322 421 EUSEBII
1363 367 1846 430 CESABIENSIS
1883 376 2036 433 OPP.
2078 378 2261 437 PARS
2296 382 2362 439 11.
2395 415 2452 427 --
2505 386 2998 449 APOLOGETICA.

3532 400 3636 460 440

386 474 707 542 appelletur.
735 472 800 527 Et
839 491 971 533 sane
994 478 1203 550 inspice
1233 484 1690 552 quemadmodum
1721 504 1833 546 suae
1872 492 1951 547 di-

2065 512 2205 566 μου;
2244 516 2263 548 ι
2300 499 2364 552 ἐκ
2404 499 2462 553 δέ
2526 501 2817 572 προσώπου
2870 506 2962 558 τοῦ
3023 506 3157 561 Θεοῦ
3198 509 3404 565 τοιάνδε
3455 513 3634 578 αὐτοῖς

384 566 526 619 vina:
571 568 1050 641 antecedentisque
1090 573 1410 632 substantiae
1463 581 1667 650 exitus,
1699 584 1768 640 ab
1798 585 1955 642 initio

383 663 438 711 et
465 673 532 712 ex
564 656 757 716 diebus
794 662 977 717 saeculi
1020 664 1223 722 habere
1259 666 1496 736 dicatur,
1539 675 1682 744 quod
1733 678 1952 746 quidem

385 750 703 819 neutiquam
754 751 992 810 hominis
1047 765 1259 813 natura:
1312 764 1615 820 conveniat.
1641 766 1792 824 ~Post
1838 769 1954 826 hate

383 839 662 908 paululum
697 858 986 915 progressa
1016 850 1336 919 prophetica
1387 856 1582 921 oratio,
1609 859 1773 914 etiam
1806 878 1953 918 nunc

383 946 579 987 rursus
603 937 805 992 veteris
830 937 1021 1009 legalis
1044 941 1181 997 ritus
1202 943 1766 1019 circumscriptionem
1793 963 1954 1026 atque

384 1023 733 1083 abolitionem
762 1030 1106 1089 subostendit
1132 1052 1198 1090 ex
1219 1054 1451 1108 persona
1474 1043 1680 1112 populi,
1713 1023 1902 1105 dicens
1937 1069 1952 1105 :

389 1133 408 1166 ι
457 1116 514 1170 In
571 1133 681 1188 quo
721 1123 1109 1192 comprehendi
1164 1125 1491 1186 Dominum?
1534 1136 1732 1191 tenebo
1783 1135 1955 1195 Deum

285 1239 289 1244 ι
381 1222 561 1263 meum
592 1210 958 1270 altissimum?
983 1233 1113 1272 num
1149 1222 1605 1292 comprehendam
1629 1243 1753 1283 eum
1784 1230 1840 1285 in
1870 1233 1956 1287 in-

380 1302 550 1371 tegris
589 1304 912 1372 sacriﬁciis,
958 1310 1014 1365 in
1060 1312 1248 1369 vitulis
1298 1316 1607 1373 anniculis?
1649 1337 1778 1376 num
1813 1323 1955 1380 dabo

379 1393 745 1465 primogenita
783 1401 994 1456 ventris
1015 1404 1144 1471 mei,
1176 1421 1276 1476 pro
1301 1416 1527 1477 peccato
1551 1410 1746 1467 animae
1781 1416 1957 1470 meae?

380 1485 458 1541 Ex
485 1504 721 1558 persona
749 1502 927 1550 autem
957 1494 1048 1551 Dei
1086 1498 1167 1553 sic
1195 1499 1275 1556 eis
1300 1503 1658 1573 respondens,
1693 1507 1769 1560 ait
1802 1526 1813 1560 :
1852 1527 1869 1559 ι
1898 1506 1955 1564 Si

380 1577 703 1637 indicaverit
730 1584 850 1649 tibi,
891 1601 924 1640 ο
953 1587 1136 1657 homo,
1172 1591 1303 1661 quid
1349 1595 1420 1648 sit
1466 1596 1690 1662 bonum,
1739 1609 1793 1653 et
1825 1599 1956 1670 quid

379 1669 645 1731 Dominus
687 1680 931 1748 requirat
956 1696 987 1734 a
1017 1690 1091 1747 te,
1131 1698 1313 1740 nonne
1348 1696 1404 1741 ut
1454 1686 1626 1744 facias
1662 1669 1954 1760 judicium,

378 1774 431 1818 et
459 1767 657 1839 diligas
701 1771 1157 1839 misericordiam,
1206 1785 1259 1831 et
1299 1786 1522 1848 paratus
1555 1781 1632 1837 sis
1676 1783 1958 1839 ambulare

2054 587 2151 660 τὴν
2213 590 2502 664 ἀπόκρισιν
2560 596 2880 668 ποιούμενος
2913 615 2929 629 ο
2985 618 3002 650 ι
3044 601 3107 653 Εἰ
3159 602 3454 676 ἀναγγείλῃ
3516 622 3633 670 σοι,

2052 681 2325 755 ἄνθρωπε,
2356 687 2410 738 τί
2442 686 2626 752 καλὸν,
2656 689 2750 742 καὶ
2783 690 2835 743 τί
2855 691 3059 764 Κύριος
3084 694 3305 767 ἐκζητεῖ
3335 699 3487 771 παρά
3516 699 3634 764 σοῦ,

2054 774 2170 828 ἀλλ’
2216 776 2248 848 ῆ
2294 776 2387 830 τοῦ
2430 782 2604 833 ποιεῖν
2640 782 2840 853 κρίμα,
2894 785 2988 837 καὶ
3039 786 3259 859 ἀγαπᾷν
3306 789 3491 857 ἔλεος,
3539 794 3637 845 καὶ

2053 865 2268 938 ἕτοιμον
2315 863 2452 922 εἶναι
2500 870 2833 939 πορεύεσθαι
2879 872 3056 927 ὀπίσω
3098 876 3304 947 Κυρίου
3354 877 3448 932 τοῦ
3497 878 3634 932 Θεοῦ

2055 976 2183 1026 σου;
2227 980 2245 1012 ι
2287 962 2471 1032 Ἔχεις
2517 963 2804 1035 τοιγαροῦν
2843 966 3117 1020 κάνταῦθα
3170 969 3262 1023 ἐπὶ
3304 973 3371 1042 τῇ
3418 988 3635 1043 προφη-

2053 1052 2315 1126 τευομένῃ
2343 1054 2436 1107 τοῦ
2470 1054 2677 1127 Κυρίου
2714 1055 2773 1123 ἐξ
2799 1057 3045 1127 οὐρανῶν
3076 1061 3154 1124 είς
3185 1061 3505 1134 ἀνθρώπους
3534 1081 3635 1119 κα,

2054 1143 2210 1215 θόδῳ,
2234 1144 2370 1214 ὁμοῦ
2411 1146 2504 1198 καὶ
2546 1145 2688 1200 κατά
2716 1145 2776 1201 τὸ
2818 1149 2949 1202 αὐτὸ
2988 1149 3211 1205 πλεῖστα
3240 1153 3339 1207 ὅσα
3375 1158 3634 1227 σημαινό-

2057 1252 2211 1306 μενα·
2250 1237 2520 1291 Ἰουδαίων
2548 1238 2840 1310 ἀποϐολὴν,
2869 1239 3123 1312 ἐλέγχους
3147 1242 3255 1296 τῶν
3290 1245 3501 1300 ἀσεϐῶν
3528 1248 3632 1301 αὑ-

2053 1326 2179 1393 τῶν,
2212 1327 2528 1400 καθαίρεσιν
2561 1330 2660 1401 τῆς
2689 1330 2971 1403 βασιλικῆς
3007 1334 3184 1389 αὐτῶν
3216 1339 3630 1409 μητροπόλεως,

2054 1417 2153 1488 τῆς
2199 1435 2256 1471 τε
2305 1419 2472 1474 πάλαι
2516 1421 2780 1494 πρότερον
2817 1424 2947 1495 παρ’
2984 1426 3165 1490 αὐτοῖς
3210 1429 3631 1504 ἐπιτελουμένης

2056 1511 2197 1566 κατά
2224 1512 2428 1566 Μωσέα
2467 1511 2722 1586 λατρείας
2757 1517 3086 1590 παραίτησιν
3106 1536 3119 1549 ·
3156 1519 3389 1592 ἔμπαλιν
3413 1524 3469 1578 δὲ
3501 1528 3631 1598 περὶ

2055 1601 2162 1657 τῶν
2191 1602 2378 1669 ἐθνῶν,
2397 1604 2604 1672 ἀγαθὰς
2634 1607 2981 1676 ἐπαγγελίας,
3006 1609 3299 1678 ἐπίγνωσιν
3324 1613 3479 1679 Θεοῦ,
3512 1633 3633 1670 και-

2056 1695 2143 1748 νὸν
2169 1695 2368 1766 τρόπον
2398 1697 2697 1762 εὐσεϐείας,
2714 1699 2873 1771 νόμον
2898 1702 3103 1769 καινὸν,
3123 1705 3218 1759 καὶ
3250 1705 3420 1775 Λόγον
3438 1709 3502 1760 ἐκ
3533 1709 3634 1779 μὲν

2056 1786 2156 1856 τῆς
2209 1787 2477 1842 Ἰουδαίων
2517 1787 2699 1861 χώρας
2737 1791 3228 1866 προελευσόμενον,
3257 1799 3336 1863 εἰς
3370 1799 3548 1853 πάντα
3576 1800 3633 1855 δὲ

377 1868 503 1929 post
531 1860 820 1919 Dominum
863 1864 1033 1922 Deum
1086 1878 1239 1925 tuum
1258 1871 1343 1924 ⁸⁸2
1369 1892 1388 1924 ι
1428 1871 1609 1930 Habes
1659 1875 1825 1947 igitur
1864 1875 1951 1932 hic

2056 1880 2124 1933 τὰ
2172 1878 2297 1951 ἔθνη
2354 1860 2834 1954 διαδοθησόμενον·
2889 1860 3052 1958 ἅπερ⁷
3090 1860 3272 1943 ὁποῖον
3318 1860 3473 1955 τέλος
3539 1892 3632 1945 καὶ

376 1968 597 2023 quoque
640 1955 695 2010 in
738 1972 824 2026 eo,
855 1958 922 2014 de
966 1976 1076 2030 quo
1124 1962 1401 2032 prophetae
1440 1965 1758 2037 loquuntur,
1794 1968 1951 2040 2'76

2060 1968 2248 2021 ὁποίαν
2281 1968 2503 2023 ἔκϐασιν
2551 1970 2660 2022 τῶν
2706 1971 2879 2041 λόγων
2926 1973 3062 2043 μετά
3103 1975 3201 2046 τὴν
3243 1974 3337 2028 τοῦ
3379 1976 3633 2049 Σωτῆρος

379 2042 592 2099 Domini
624 2047 691 2102 de
712 2048 851 2103 coelo
880 2048 948 2103 ad
982 2050 1230 2109 homines
1259 2054 1547 2125 descensu,
1574 2059 1807 2128 plurima
1836 2076 1958 2131 qua:

378 2137 540 2192 simul
556 2136 608 2192 in
625 2140 814 2195 eodem
831 2141 1208 2213 significantur
1219 2142 1527 2204 Judaaorum
1550 2169 1562 2205 :
1585 2150 1955 2221 rejectionem,

2062 2059 2216 2132 ἡμῶν
2267 2060 2439 2132 Ἰησοῦ
2493 2062 2729 2133 Χριστοῦ
2778 2065 3078 2136 παρουσίαν
3130 2066 3500 2132 ἐπιδέδεκται,
3550 2068 3632 2121 σοὶ

2063 2152 2374 2207 καταλείπω
2403 2156 2643 2209 σκοπεῖν.

376 2232 825 2305 exprobrationes
872 2239 1138 2296 scelerum
1181 2259 1405 2309 eorum,
1450 2245 1731 2301 interitum
1781 2248 1942 2318 regite
1983 2248 2224 2318 ipsorum
2283 2249 2549 2314 civitatis,
2628 2251 2873 2322 ritusque
2917 2251 3159 2321 Mosaici,
3203 2255 3294 2327 qui
3336 2257 3477 2327 apud
3538 2272 3633 2314 eos

376 2328 504 2382 olim
536 2331 690 2399 prius
722 2335 1061 2405 servabatur,
1096 2339 1502 2413 abrogationem
1531 2350 1621 2398 :et
1658 2357 1689 2397 e
1721 2344 1997 2398 contrario
2030 2344 2094 2398 ad
2138 2353 2345 2414 gentes,
2397 2346 2824 2416 pollicitationes
2870 2348 3065 2415 bonas,
3135 2352 3466 2423 agnitionem
3511 2351 3629 2420 Dei,

376 2434 574 2473 novum
621 2423 801 2480 cultus
846 2426 1016 2481 divini
1061 2428 1246 2497 ritum,
1297 2446 1605 2504 novamque
1657 2433 1849 2506 legem,
1891 2450 1955 2490 ac
1992 2434 2230 2491 Verbum
2273 2437 2416 2508 quod
2449 2437 2517 2493 de
2552 2438 2776 2510 regione
2822 2438 3134 2496 Judaeorum
3179 2445 3252 2499 sit
3309 2460 3633 2516 progressu-

376 2528 518 2577 rum,
545 2514 683 2570 etin
712 2532 902 2574 omnes
931 2528 1120 2591 gentes
1155 2523 1649 2590 disseminandum,
1707 2543 1829 2597 qua:
1873 2528 2091 2597 quidem
2120 2529 2427 2599 cujusmodi
2475 2529 2657 2597 ﬁnem,
2716 2538 2771 2587 et
2831 2531 3143 2603 cujusmodi
3189 2539 3457 2595 orationis
3515 2536 3634 2596 exi-

374 2613 511 2673 tum,
545 2619 667 2680 post
699 2608 1002 2670 Salvatoris
1042 2616 1216 2671 nostri
1249 2615 1376 2675 Jesu
1407 2617 1612 2676 Christi
1653 2618 1943 2676 adventum
1980 2621 2339 2686 ostenderint,
2369 2622 2465 2677 tibi
2498 2623 2978 2716 contemplandum
3012 2627 3280 2699 relinquo.

961 2737 1193 2795 CAPUT
1222 2739 1360 2796 XIV.

375 2820 452 2876 Ab
473 2822 784 2880 Ambacum.
820 2858 892 2868 —
915 2830 1069 2896 Quod
1102 2834 1307 2888 veniens
1337 2834 1435 2890 Dei
1482 2836 1729 2901 Verbum,
1768 2847 1950 2892 ventu-

484 2910 602 2948 rum
640 2912 801 2966 neque
830 2910 1157 2956 moraturum
1185 2916 1460 2959 caneretur
1488 2924 1522 2960 a
1559 2908 1847 2977 prophetis.

451 3025 471 3057 ι
498 3006 564 3062 Ει
596 3011 876 3080 respondit
895 3014 1027 3069 mihi
1042 3014 1324 3086 Dominus,
1356 3030 1412 3075 et
1442 3020 1619 3076 dixit:
1651 3020 1841 3080 Scribe
1868 3026 1948 3079 vi-

376 3099 588 3156 sionem
639 3104 931 3160 manifeste
958 3107 1013 3161 in
1060 3109 1284 3176 tabella,
1338 3119 1397 3165 ut
1445 3122 1813 3185 persequatur
1851 3118 1947 3188 qui

2583 2747 2977 2800 ΚΕΦΑΛΑῘΟΝ
3014 2748 3112 2801 ΙΔ¹.

2069 2839 2210 2892 Ἀπὸ
2259 2839 3166 2927 Ἇμϐακοιπμμί-ἰρςηέρχόμενος
3194 2838 3407 2927 ι’ᾗιίξιειν,Ι
3560 2838 3632 2893 οὐ

2149 2912 2462 2979 χρονία-ειν
2491 2913 2523 2964 ὀ
2554 2908 2662 2962 τοῦ
2690 2910 2838 2963 Θεοῦ
2865 2913 3055 2979 Λόγος
3077 2910 3535 2980 προεφητεύετο.

2130 3042 2148 3073 ι
2178 3025 2287 3077 Καὶ
2309 3024 2577 3097 ἀπεκρίθη
2610 3025 2815 3096 Κύριος
2846 3025 2983 3097 πρός
3026 3043 3120 3095 με,
3151 3025 3247 3079 καὶ
3291 3021 3441 3079 εἷπεο
3482 3024 3628 3096 Γρά-

2054 3116 2154 3186 ψον
2182 3117 2374 3189 ὅρασιν
2404 3117 2589 3187 σαφῶς
2619 3122 2679 3173 ἐν
2710 3117 2907 3189 πυξίῳ,
2938 3121 3086 3183 ὅπως
3117 3116 3288 3189 διώκῃ
3316 3119 3345 3170 ό
3373 3114 3633 3186 ἀναγινώ-

376 3188 507 3259 legit
551 3205 616 3246 ea
643 3209 658 3247 :
691 3198 947 3262 quoniam
973 3198 1157 3254 adhuc
1202 3201 1343 3257 visio
1367 3203 1436 3258 ad
1469 3212 1703 3275 tempus,
1734 3214 1788 3262 et
1813 3209 1950 3265 orie-

2058 3223 2202 3259 σκων
2218 3188 2371 3260 αὑτά
2387 3223 2402 3236 '
2426 3207 2558 3261 διότι
2591 3207 2671 3260 ἔτι
2700 3188 2887 3280 ὅρασις
2913 3210 2993 3272 είς
3017 3209 3229 3279 καιρὸν,
3262 3188 3358 3260 καὶ
3382 3205 3634 3260 ἀνατελεῖ

376 3293 467 3336 tur
497 3284 564 3338 ad
608 3300 913 3356 vesperam,
949 3298 1003 3346 et
1033 3308 1142 3348 non
1176 3296 1232 3349 in
1271 3311 1497 3353 vanum.
1526 3297 1585 3353 Si
1614 3300 1825 3358 tardius
1859 3318 1953 3359 ve-

376 3373 510 3438 niet,
531 3387 788 3445 exspecta
814 3378 963 3434 illum
980 3398 1001 3449 ;
1021 3385 1279 3453 quoniam
1299 3389 1526 3446 veniens
1540 3391 1740 3457 veniet,
1767 3400 1821 3447 et
1843 3408 1952 3448 non

375 3466 699 3521 morabitur.
743 3468 801 3523 Si
832 3472 1167 3530 subtraxerit
1202 3494 1282 3544 se,
1319 3494 1430 3534 non
1479 3482 1619 3537 bene
1650 3482 1752 3539 sibi
1778 3484 1953 3553 placet

374 3554 556 3610 anima
578 3572 696 3613 mea
726 3562 781 3613 in
806 3576 895 3618 eo.
914 3563 1103 3621 Justus
1126 3577 1305 3623 autem
1325 3584 1392 3625 ex
1405 3568 1510 3627 ﬁde
1536 3587 1657 3627 mea
1680 3572 1825 3629 vivet
1846 3574 1945 3632 π.»

375 3645 551 3702 Etiam
581 3650 686 3707 hoc
727 3653 849 3709 loco
884 3656 1062 3725 palam
1094 3660 1342 3731 eumqui
1371 3664 1546 3729 venit,
1576 3665 1645 3720 de
1673 3680 1782 3736 quo
1818 3680 1950 3736 pro-

376 3737 553 3808 pheta:
586 3743 906 3814 loquuntur,
936 3757 1224 3806 venturum
1247 3755 1413 3810 canit.
1443 3753 1550 3811 Sed
1584 3757 1710 3827 quis
1730 3761 1950 3815 tandem

375 3830 468 3887 hie
512 3833 604 3899 sit,
650 3837 757 3892 nisi
802 3839 896 3908 qui
960 3857 1125 3911 supra
1170 3843 1406 3901 innotuit
1468 3848 1525 3902 in
1568 3849 1679 3905 illis
1723 3851 1945 3908 verbis:

383 3943 405 3976 ι
442 3924 770 3985 Benedictus
818 3932 911 4001 qui
963 3938 1110 3990 venit
1150 3937 1206 3990 in
1256 3940 1475 3996 nomine
1520 3940 1755 4009 Domini,
1806 3943 1951 4002 Deus

380 4015 644 4077 Dominus
672 4032 727 4078 et
759 4023 940 4078 illuxit
971 4027 1191 4082 nobis“
1217 4030 1240 4083 ἲ
1279 4049 1298 4083 ι
1331 4030 1490 4087 Hunc
1517 4050 1648 4089 vero
1691 4045 1951 4107 tanquam

375 4121 527 4173 eum,
558 4111 652 4180 qui
697 4112 877 4182 ipsum
915 4114 1101 4171 lumen
1130 4118 1223 4182 sit,
1253 4120 1323 4174 ad
1353 4137 1636 4191 vesperam
1677 4127 1948 4181 oriturum

377 4200 475 4265 ait,
526 4201 581 4255 in
632 4207 1103 4264 consummatione
1148 4208 1400 4266 videlicet
1450 4214 1795 4273 saeculorum.
1847 4216 1948 4273 Cui

377 4293 679 4349 concordat
724 4296 888 4352 etiam
930 4297 1247 4366 Zacharias,
1296 4301 1488 4359 dicens
1533 4322 1546 4359 :
1596 4323 1615 4356 ι
1656 4304 1797 4361 Ecce
1842 4308 1948 4375 vir,

376 4385 574 4442 Oriens
619 4403 817 4445 nomen
839 4389 912 4457 ei,
947 4400 1000 4447 et
1033 4393 1223 4449 subter
1261 4409 1385 4449 eum
1425 4397 1713 4454 orietur".
1753 4417 1774 4450 ι
1803 4396 1950 4455 Idem

374 4493 508 4535 vero
538 4483 805 4553 propheta
832 4486 997 4539 etiam
1028 4492 1242 4556 tempus
1276 4487 1569 4558 signiﬁcat,
1591 4487 1721 4544 dum
1756 4490 1952 4562 adjun-

2053 3298 2135 3361 είς
2166 3298 2360 3369 πέρας,
2396 3299 2487 3352 καὶ
2517 3300 2619 3354 οὐκ
2671 3302 2751 3364 εἰς
2779 3300 2954 3356 κενόν.
2997 3300 3120 3352 Ἐὰν
3155 3300 3429 3370 ὑστερήσῃ
3450 3340 3464 3364 ,
3495 3299 3633 3352 ὑπό-

2060 3407 2243 3460 μεινον
2272 3393 2466 3444 αὐτόν·
2493 3392 2576 3446 ὅτι
2601 3394 2630 3446 ό
2662 3393 2951 3465 ἐρχόμενος
2984 3390 3103 3462 ἥξει
3125 3432 3139 3457 ,
3173 3391 3268 3444 καὶ
3294 3391 3355 3445 οὑ
3393 3391 3468 3463 μὴ
3512 3408 3635 3462 χρο-

2053 3480 2196 3552 νίσῃ.
2234 3482 2356 3535 Ἐἀν
2385 3483 2767 3555 ὑποστείληται
2791 3523 2805 3549 ,
2836 3484 2936 3536 οὐκ
2960 3484 3169 3537 εὐδοκεῖ
3195 3485 3229 3553 ή
3254 3481 3397 3553 ψυχή
3444 3499 3545 3553 μου
3574 3484 3634 3536 ἐν

2054 3573 2219 3645 αὐτῷ.
2256 3574 2391 3628 ’0δέ
2422 3574 2627 3639 δίκαιος
2668 3578 2733 3629 ἐκ
2763 3575 2995 3639 πίστεώς
3040 3591 3141 3646 μου
3188 3575 3430 3644 ζήσεται.
3461 3593 3480 3624 ι
3520 3573 3632 3627 Καὶ

2053 3664 2284 3719 ἐνταῦθα
2315 3665 2607 3738 διαρρήδην
2637 3666 2930 3739 ἐρχόμενον
2968 3665 3120 3737 ἥξειν
3157 3665 3247 3719 τὸν
3286 3665 3633 3737 προφητευό-

2055 3774 2214 3827 μενον
2242 3757 2504 3823 θεσπίζει.
2536 3759 2634 3821 Τίς
2654 3758 2698 3811 δ’
2721 3754 2789 3830 ἦν
2821 3752 2976 3823 οὗτος
3001 3798 3018 3826 ,
3053 3759 3086 3829 ἢ
3119 3759 3148 3812 ό
3173 3759 3429 3832 ἀνωτέρω
3460 3757 3635 3829 δηλω-

2052 3849 2183 3912 θεὶς,
2212 3849 2355 3903 κατά
2384 3848 2466 3914 τὸ,
2503 3868 2534 3901 ι-
2551 3849 2927 3920 Εὐλογημένος
2950 3852 2978 3904 ὁ
3007 3849 3297 3921 ἐρχόμενος
3320 3851 3377 3902 ἐν
3404 3849 3635 3918 ὀνόματι

2051 3940 2257 4010 Κυρίου
2277 3979 2291 4004 ,
2322 3940 2452 4004 θεὸς
2480 3940 2685 4013 Κύριος
2727 3941 2822 3994 καὶ
2869 3941 3140 4011 ἐπέφηνεν
3173 3942 3337 4012 ήμῖν;
3375 3958 3393 3990 ι
3426 3939 3634 3993 Τοῦτον

2050 4028 2129 4093 δὲ,
2160 4024 2247 4084 οἷα
2279 4030 2396 4100 φῶς
2423 4032 2759 4102 τυγχάνοντα
2778 4073 2792 4097 ,
2818 4034 2899 4096 εἰς
2922 4033 3096 4104 πέρας
3125 4032 3404 4087 ἀνατελείν
3438 4048 3631 4103 φησιν,

2051 4120 2143 4173 ἐπὶ
2185 4120 2466 4194 συντελείᾳ
2491 4122 2602 4177 τῶν
2634 4121 2863 4179 αἰώνων.
2896 4118 2968 4195 ’ᾯ
3014 4123 3226 4193 συνᾴδει
3270 4124 3365 4177 καὶ
3390 4125 3420 4176 ό
3451 4124 3635 4192 Ζαχα-

2055 4209 2195 4280 ρίας,
2218 4211 2389 4280 λέγων
2409 4229 2422 4241 ·
2449 4230 2467 4263 ι
2510 4213 2641 4267 Ἰδοὺ
2670 4213 2831 4284 ἀνὴρ,
2868 4213 3123 4285 Ἀνατολὴ
3138 4214 3307 4284 ὄνομα
3333 4211 3503 4283 αὐτῷ,
3533 4211 3631 4266 καὶ

2052 4303 2405 4359 ὑποκάτωθεν
2439 4303 2606 4359 αὑτοῦ
2645 4306 2898 4377 ἀνατολή.
2933 4325 2952 4358 ι
2986 4307 3096 4360 Καὶ
3136 4306 3229 4360 τὸν
3272 4305 3462 4377 χρόνον
3495 4307 3631 4359 ὑπο-

2053 4395 2330 4468 σημαίνων
2357 4398 2386 4449 ὁ
2418 4396 2578 4461 αὐτὸς
2600 4396 2867 4465 ἐπιλέγει·
2900 4416 2918 4449 ι
2949 4397 3024 4450 Τὸ
3056 4397 3191 4469 πρὸς
3213 4396 3450 4469 ἑσπέραν
3473 4397 3631 4451 ἔσται

2054 4489 2188 4557 φῶς.
2232 4489 2357 4543 Ἐάν
2417 4490 2721 4562 ὑστερήσῃ,
2762 4489 3053 4561 ὑπόμεινον
3083 4488 3271 4541 αὐτόν·
3306 4508 3325 4540 ι
3359 4488 3477 4542 ἀνθ’
3507 4483 3570 4543 οὗ
3601 4490 3632 4541 ό

375 4571 513 4641 git"
533 4587 550 4622 ε
586 4590 609 4623 ι
646 4573 728 4627 Ad
754 4590 1039 4645 vesperam
1068 4579 1174 4633 erit
1196 4578 1401 4645 lumen,
1427 4579 1474 4635 si
1506 4581 1717 4638 tardius
1741 4585 1944 4650 veniet,

2065 4581 2298 4646 Ἀκύλας
2343 4582 2672 4653 πεποίηκεν”
2713 4599 2733 4634 t
2773 4581 2898 4637 Ἐὰν
2940 4581 2998 4634 δὲ
3032 4579 3293 4653 μελλήσῃ,
3328 4581 3630 4652 προσδέχου

375 4673 636 4735 exspecta
670 4666 843 4721 illum.
878 4688 898 4720 ι
922 4667 1031 4723 Pro
1061 4685 1171 4740 quo
1199 4670 1395 4741 Aquila
1431 4672 1513 4727 sic
1538 4673 1813 4730 reddidit:
1841 4694 1860 4730 ι
1890 4674 1949 4731 Si

376 4768 506 4809 vero
557 4757 926 4825 cunctabitur,
966 4760 1154 4831 accipe
1194 4762 1369 4830 illum,
1414 4764 1675 4834 quoniam
1725 4767 1953 4823 veniens

376 4849 578 4912 veniet,
605 4854 660 4902 et
697 4863 809 4902 non
858 4850 1116 4907 tardabit.
1159 4872 1178 4904 ι
1217 4851 1294 4909 De
1335 4855 1439 4910 hoc
1473 4865 1656 4912 autem
1703 4859 1950 4914 meminit

377 4940 542 4994 etiam
573 4940 641 4995 ad
672 4940 930 4998 Hebraeos
963 4943 1229 5014 Epistula,
1257 4947 1350 5002 ubi
1379 4949 1456 5002 ait
1483 4968 1496 5004 :
1535 4968 1553 5000 ι
1577 4947 1755 5006 Nolite
1784 4952 1948 5023 igitur

376 5032 617 5103 adjicere
649 5033 1035 5090 conﬁdentiam
1075 5046 1336 5104 vestram,
1369 5056 1488 5111 quae
1506 5056 1756 5112 magnam
1787 5043 1952 5100 habet

378 5125 895 5181 remunerationem.
951 5124 1223 5184 Patientia
1269 5131 1426 5197 enim.
1469 5131 1629 5187 vobis
1690 5148 1947 5189 necessa-

376 5216 460 5269 ria
509 5225 614 5282 est,
678 5225 736 5272 ut
791 5220 1128 5276 voluntatem
1165 5220 1262 5277 Dei
1309 5221 1608 5288 facientes,
1663 5225 1955 5295 reperietis

378 5308 540 5379 277
581 5310 1028 5381 promissionem.
1070 5312 1266 5368 Adhuc
1303 5315 1455 5369 enim
1490 5315 1764 5372 modicum
1789 5357 1805 5382 ,
1847 5318 1949 5372 ali—

377 5404 852 5475 quantulumque,
897 5407 992 5477 qui
1037 5418 1301 5464 venturus
1348 5416 1435 5465 est
1478 5411 1695 5475 veniet,
1739 5419 1794 5465 et
1836 5426 1948 5466 non

378 5493 636 5549 tardabit.
679 5493 871 5552 Justus
900 5507 1079 5552 autem
1114 5512 1179 5553 ex
1212 5498 1316 5555 ﬁde
1346 5515 1467 5556 mea
1498 5501 1686 5569 vivet;
1720 5501 1866 5572 quod
1901 5502 1949 5557 si

375 5585 713 5641 subtraxerit
744 5603 804 5643 se
824 5628 840 5647 .
869 5601 981 5643 non
1015 5589 1155 5645 bene
1184 5589 1289 5646 sibi
1321 5591 1497 5660 placet
1529 5592 1711 5647 anima
1739 5608 1859 5648 mea
1890 5592 1947 5647 in

2053 4674 2246 4740 αὑτὸν,
2274 4674 2356 4728 ὅτι
2388 4674 2681 4745 ἐρχόμενος
2723 4673 2877 4744 ἥξει,
2914 4675 3008 4727 καὶ
3038 4674 3099 4727 οὐ
3136 4673 3406 4746 βραδυνεῖ.
3440 4693 3459 4726 ι
3493 4673 3633 4727 Τού-

2051 4782 2145 4819 του
2182 4765 2241 4818 δέ
2274 4766 2544 4837 μέμνηται
2574 4766 2667 4820 καὶ
2701 4768 2734 4836 ή
2761 4766 2897 4838 πρὸς
2929 4766 3213 4837 Ἐϐραίους
3247 4766 3532 4837 Ἐπιστολὴ
3558 4766 3632 4821 δι’

2053 4849 2128 4910 ὧν
2158 4872 2320 4927 φησι·
2360 4875 2380 4907 ι
2415 4855 2507 4928 Μὴ
2541 4854 2850 4926 ἀποϐάλητε
2872 4851 2964 4910 οὖν
2988 4855 3086 4928 τὴν
3111 4859 3420 4929 παρρησίαν
3448 4856 3629 4929 ὑμῶν,

2053 4949 2175 5019 ἥτις
2218 4947 2330 5019 ἔχει
2381 4947 2621 5019 μεγάλην
2673 4947 3112 5018 μισθαποδοσίαν.
3163 4948 3472 5021 Ὑπομονῆς
3518 4951 3630 5022 γὰρ

2055 5040 2207 5112 ἔχετε
2235 5041 2424 5113 χρείαν
2445 5080 2460 5105 ,
2495 5041 2581 5094 ἵνα
2599 5079 2616 5103 ,
2644 5040 2704 5093 τὸ
2733 5039 2943 5112 θέλημα
2982 5039 3076 5093 τοῦ
3100 5040 3235 5094 Θεοῦ
3265 5043 3595 5113 ποιήσαντες
3612 5085 3627 5109 ,

2055 5133 2352 5206 κομίσησθε
2381 5133 2479 5203 τὴν
2511 5132 2862 5202 ἐπαγγελίαν.
2896 5133 3018 5186 Ἔτι
3054 5132 3164 5204 γὰρ
3200 5135 3393 5206 μικρὸν
3425 5136 3571 5201 ὅσον,
3600 5139 3632 5192 ό

2053 5224 2348 5297 ἐρχόμενος
2374 5222 2492 5294 ἣξει
2510 5262 2525 5286 ,
2550 5223 2645 5276 καὶ
2673 5223 2735 5275 οὐ
2766 5225 2989 5294 χρονιεῖ.
3034 5224 3092 5277 '0
3114 5224 3173 5278 δὲ.
3203 5225 3408 5289 δίκαιος
3437 5227 3503 5280 ἐκ
3535 5226 3630 5281 πί-

2058 5315 2227 5379 στεώς
2273 5332 2374 5386 μου
2410 5316 2632 5387 ζήσεται
2652 5332 2665 5345 ·
2695 5316 2790 5368 καὶ
2828 5314 2925 5369 ἐὰν
2958 5316 3371 5389 ὑποστείληται,
3401 5319 3504 5372 οὐκ
3533 5318 3630 5372 εὑ-

2052 5407 2200 5460 δοκεῖ
2235 5408 2269 5479 ἡ
2305 5405 2448 5477 ψυχή
2488 5423 2588 5476 μου
2628 5407 2686 5459 ἐν
2716 5406 2880 5476 αὐτῷ.
2915 5426 2935 5458 ι
2972 5407 3084 5460 Καὶ
3115 5409 3217 5478 ὃρα
3246 5426 3331 5479 γε,
3358 5410 3509 5474 ὅπως
3538 5410 3632 5466 διὰ
3728 5418 3732 5423 ’

2050 5499 2256 5554 τούτων
2287 5500 2514 5570 ἀσαφῶς
2541 5500 2793 5571 κείμενον
2820 5500 2881 5553 τὸ
2912 5503 3269 5573 προφητικὸν,
3297 5505 3386 5559 διὰ
3412 5506 3473 5561 τὸ
3502 5507 3629 5561 καθ’

2054 5591 2359 5663 ὑπερϐατὸν
2407 5592 2689 5667 εἰρῆσθαι,
2737 5593 2830 5645 ἐπὶ
2853 5592 2913 5646 τὸ
2944 5594 3330 5669 σαφέστερονή
3368 5598 3627 5670 ἐπιστολὴ

439 5792 482 5825 ⁸³
533 5806 697 5864 Mich.
728 5825 800 5875 νι,
834 5806 952 5864 6-8.
1029 5811 1075 5843 ⁷ο
1105 5808 1308 5869 Babae.
1342 5828 1401 5879 ιι,
1428 5812 1538 5870 2-4.
1614 5816 1657 5847 ⁷³
1687 5812 1831 5869 Psal.
1858 5829 1951 5871 (xv

2056 5816 2113 5872 26
2211 5819 2257 5851 ⁷³
2285 5818 2447 5874 Zach.
2480 5836 2553 5888 vn,
2587 5820 2670 5877 l2.
2748 5823 2793 5854 ⁷³
2823 5819 3023 5878 Habac.
3065 5839 3126 5893 ιι,
3152 5825 3204 5880 5.
