3902 6264
232 365 320 420 ιιι

1137 366 1789 426 DEMONSTRATIONIS
1825 370 2283 428 EVANGELICAE
2322 372 2452 429 LIB.
2490 373 2580 431 Vl.

3370 382 3476 436 M2

229 487 514 557 διείληφεν.
561 486 621 540 Ἦ
653 487 750 556 μὲν
782 489 889 557 γὰρ
916 488 1013 559 τῆς
1034 490 1363 560 προφητείας
1388 491 1552 556 λέξις,
1584 513 1601 545 ι
1623 495 1684 547 '0
1713 496 1782 564 to

1905 510 1970 550 eo
1999 494 2068 550 “.
2106 513 2125 547 ι
2157 494 2223 549 Ει
2276 510 2410 551 sane
2465 503 2688 566 specta,
2742 496 3199 567 quemadmodum
3250 501 3395 569 quod
3444 516 3476 554 a

228 579 472 650 χόμενος,
507 585 526 627 ὑ
563 577 744 647 φησιν,
783 597 800 629 ι
831 578 947 649 ἥξει
968 620 982 643 ,
1006 579 1101 633 καὶ
1127 581 1186 632 οὑ
1218 581 1475 651 χρονίσει.
1511 602 1529 634 ι
1558 584 1667 637 Καὶ
1689 585 1807 638 ἐπι-

229 671 406 740 φέρει⁸
444 689 463 721 ι
508 668 635 723 Ἐὰν
656 670 1192 740 ὑποστείληται,οὑκ
1225 674 1434 728 εὐδοκεῖ
1461 677 1493 747 ἡ
1525 676 1669 747 ψυχή
1701 693 1804 748 μου

226 767 279 818 ἐν
302 763 471 835 αὑτῷ,
504 784 524 816 ι
559 766 691 837 ὅπερ
729 765 1150 836 συναπτόμενον,
1175 768 1469 836 ἀνάγεσθαι
1504 769 1705 836 δόξειεν
1737 768 1804 823 ἂν

224 858 310 910 ἐπὶ
356 856 448 910 τὸν
490 858 823 929 ἐρχόμενον,
857 859 951 913 καὶ
1000 860 1060 912 οὑ
1097 861 1444 932 χρονίζοντα,
1478 863 1613 933 ὅπερ
1657 863 1802 917 ἐστὶν

222 949 436 1004 ἄτοπον.
472 949 603 1013 Πῶς
629 950 739 1022 γὰρ
784 953 871 1004 ἐπ’
914 952 1120 1007 ἐκεῖνον
1165 955 1393 1027 ἁρμόσει
1444 956 1505 1009 τὸ
1548 956 1801 1027 λέγεσθαι

224 1040 293 1111 μὴ
321 1041 568 1097 εὑδοκεῖν
593 1045 651 1096 ὲν
683 1042 833 1115 αὑτῷ
855 1044 947 1098 τὸν
982 1045 1112 1098 Θεόν
1133 1064 1147 1112 ;
1166 1048 1305 1101 Ἀλλ’
1330 1050 1361 1120 ή
1388 1049 1487 1120 τῆς
1515 1050 1800 1121 διαστολῆς

221 1133 521 1205 παράθεσις
550 1134 889 1201 ἐναλλάξασα
922 1136 1019 1210 τὴν
1048 1137 1142 1192 τοῦ
1184 1139 1341 1209 λόγου
1390 1141 1661 1209 σύνταξιν,
1701 1142 1798 1215 τὴν

218 1226 447 1279 διάνοιαν
485 1225 750 1282 ἐσώσατο.
786 1229 941 1283 Μετὰ
967 1230 1075 1303 γὰρ
1098 1232 1178 1295 τὸ,
1217 1251 1235 1284 ι
1268 1234 1387 1287 Ἔτι
1426 1235 1618 1306 μικρὸν
1651 1235 1794 1301 ὅσον,

218 1317 243 1368 6
266 1316 565 1387 ἐρχόμενος
591 1318 732 1389 ἥξει,
769 1321 861 1373 καὶ
885 1321 944 1373 οὑ
980 1323 1247 1393 χρονίσει,
1283 1342 1300 1374 ι
1327 1322 1453 1394 ἑξῆς
1479 1325 1681 1394 συνῆψε
1710 1324 1792 1388 τὸ,

222 1426 239 1459 ι
275 1407 332 1460 Ὀ
354 1406 413 1460 δὲ
439 1407 652 1472 δίκαιος
686 1410 749 1461 ἐκ
788 1410 1023 1474 πίστεως
1052 1412 1297 1483 ζήσεται.
1326 1433 1342 1465 ι
1382 1410 1515 1466 Εἶτα
1543 1414 1604 1467 τὸ
1637 1416 1693 1468 ὲν
1725 1417 1792 1486 τῇ

216 1498 522 1570 προφητείᾳ
545 1498 761 1571 πρῶτον
783 1501 1053 1571 κείμενον,
1085 1501 1315 1567 ὑπέταξε
1343 1504 1592 1577 δεύτεραν
1617 1507 1673 1558 ὲν
1693 1504 1788 1576 τῷ,

221 1609 236 1639 ι
265 1588 370 1642 Καὶ
400 1588 502 1644 ἐὰν
540 1590 953 1661 ὑποστείληται,
987 1594 1086 1646 οὑκ
1136 1594 1343 1648 εύδοκεῖ
1374 1597 1406 1667 ἡ
1439 1596 1582 1669 ψυχή
1610 1615 1709 1668 μου
1734 1599 1791 1651 ἐν

213 1678 371 1750 αὑτῷ.
413 1700 433 1732 ι
478 1681 666 1747 ’Ἀπαξ
696 1683 803 1755 γὰρ
835 1683 1099 1749 θεσπίσας
1138 1685 1167 1738 6
1205 1684 1361 1755 λόγος
1389 1686 1475 1741 διὰ
1510 1689 1608 1759 τῆς
1660 1706 1791 1760 προ-

214 1774 430 1845 (θητείας
449 1815 465 1839 ,
501 1775 587 1827 ὅτι
615 1774 678 1848 δὴ
707 1775 767 1829 τὸ
793 1776 908 1845 φῶς
942 1776 1003 1830 τὸ
1037 1779 1169 1832 πᾶσι
1212 1781 1325 1843 τοῖς
1364 1779 1568 1833 ἔθνεσιν
1613 1784 1786 1852 ἐπηγ-

1908 587 2176 656 propheta
2224 586 2517 641 obscurius
2556 590 2794 658 positum
2836 597 2950 654 cst,
3001 596 3289 661 propterea
3326 591 3470 661 quod

1904 693 2001 747 per
2036 678 2409 749 trajectionem
2446 681 2716 750 prolatum
2751 681 2845 741 sit.
2886 680 3130 751 Epistula
3161 683 3218 737 in
3248 697 3471 737 sensum

1904 770 2205 839 planiorem
2237 770 2618 836 transtulerit;
2655 772 2821 826 verba
2862 773 3008 827 enim
3050 774 3351 845 prophetiae
3388 774 3469 830 sic

1901 858 2104 914 habent
2138 877 2153 915 :
2188 878 2207 911 ι
2241 859 2483 916 Veniens
2512 862 2721 927 veniet,
2756 873 2807 918 et
2841 879 2951 917 non
2986 865 3331 933 morabitur;
3364 885 3383 917 ι
3416 874 3472 920 et

1901 948 2148 1023 adjungit
2176 970 2190 1007 :
2223 971 2243 1004 ι
2277 949 2334 1007 Si
2368 953 2705 1009 subtraxerit
2733 969 2823 1018 se,
2854 969 2963 1010 non
2993 956 3132 1012 bene
3160 957 3264 1013 sibi
3290 958 3472 1027 placet

1903 1044 2087 1099 anima
2118 1059 2236 1099 mea
2270 1045 2324 1099 in
2356 1060 2443 1100 eo.
2476 1063 2496 1098 ι
2522 1044 2677 1111 Quod
2708 1046 2926 1112 quidem
2967 1047 3096 1102 dum
3131 1049 3203 1104 ita
3240 1051 3467 1120 conjun-

1896 1135 2060 1205 gitur,
2098 1135 2256 1192 facile
2290 1136 2639 1193 referendum
2673 1153 2796 1195 esse
2830 1139 3083 1194 videatur
3114 1140 3181 1195 ad
3214 1157 3337 1196 eum
3370 1144 3465 1213 qui

1895 1236 2160 1283 venturus
2185 1236 2301 1293 est,
2331 1236 2386 1285 et
2414 1244 2524 1285 non
2553 1231 2897 1299 morabitur;
2931 1238 2988 1285 at
3014 1232 3065 1287 id
3095 1232 3312 1302 quidem
3344 1250 3467 1303 per-

1894 1337 2057 1393 quam
2102 1321 2422 1378 absurdum.
2462 1323 2567 1390 Qui
2606 1324 2751 1379 enim
2794 1324 2912 1379 ﬁeri
2950 1334 3128 1395 potest
3168 1334 3227 1380 ut
3264 1326 3341 1381 illi
3373 1343 3467 1382 ac-

1894 1412 2273 1468 commodetur
2309 1413 2456 1485 quod
2495 1414 2717 1479 dicitur,
2759 1429 2871 1468 non
2909 1416 3126 1484 placere
3163 1416 3267 1471 sibi
3307 1416 3360 1469 in
3399 1431 3469 1472 eo

1892 1504 2129 1559 animam
2161 1520 2316 1561 suam
2335 1546 2349 1570 ,
2378 1506 2424 1561 si
2452 1505 2520 1562 de
2546 1504 2656 1561 Deo
2689 1505 2759 1561 sit
2794 1506 3019 1561 sermo?
3048 1503 3155 1562 Sed
3185 1506 3465 1562 distinctio

1890 1612 2011 1667 qua:
2040 1598 2286 1667 apposita
2317 1607 2437 1663 est,
2468 1614 2595 1653 cum
2638 1598 2931 1653 verborum
2977 1605 3313 1653 structuram
3343 1614 3468 1654 mu-

1889 1688 2087 1743 taverit
2106 1727 2121 1752 ,
2150 1704 2373 1745 sensum
2404 1692 2767 1747 conservavit.
2799 1690 2933 1745 Nam
2969 1698 3091 1760 post
3120 1691 3250 1745 illud
3276 1710 3288 1745 :
3316 1710 3335 1743 ι
3360 1690 3466 1746 Ad-

1890 1777 1997 1832 huc
2036 1778 2309 1835 modicum
2351 1780 2892 1852 aliquantulumque,
2932 1780 3029 1850 qui
3073 1787 3337 1835 venturus
3379 1789 3463 1836 est

212 1843 492 1935 γελμένον,
535 1865 624 1920 διὰ
657 1843 757 1936 τῆς
789 1843 1028 1939 Χριστοῦ
1075 1870 1378 1941 παρουσίας
1417 1870 1514 1941 ὀψέ
1541 1890 1670 1925 ποτε
1696 1843 1782 1926 {an

1888 1870 2095 1934 veniet,
2132 1879 2323 1928 etnon
2354 1843 2629 1939 tardabit,
2662 1891 2683 1926 ι
2710 1843 2969 1927 continuo
3001 1872 3249 1941 adiunxit
3282 1871 3414 1927 illud
3441 1888 3458 1929 :

211 1957 443 2028 ἑσπέρας
487 1958 744 2012 ἀνατελεῖ
768 2000 783 2025 ,
836 1959 933 2013 καὶ
973 1960 1034 2013 οὑ
1071 1960 1415 2031 διαψεύσεται
1471 1963 1645 2034 (οὕτω
1681 1962 1788 2037 γὰρ

212 2047 320 2100 ἀντὶ
351 2046 469 2114 τοῦ,
508 2068 528 2101 ι
563 2049 657 2103 καὶ
691 2049 790 2103 οὑκ
826 2044 1107 2115 εἰς“κενὸν,
1145 2071 1162 2103 ι
1202 2053 1230 2107 6
1264 2052 1492 2117 Ἀκύλας
1518 2054 1789 2124 ἡρμήνευ-

213 2140 313 2210 σεν)
334 2158 347 2170 ·
387 2141 590 2196 ἔπειτα
615 2142 702 2197 διὰ
733 2142 795 2195 τὸ
827 2142 1039 2214 μέλλειν
1067 2143 1164 2214 ὀψὲ
1184 2144 1278 2198 καὶ
1305 2144 1543 2215 ἑσπέρας
1570 2143 1787 2197 ἔσεσθαι

208 2230 295 2302 τὴν
313 2231 404 2285 τοῦ
428 2234 912 2305 προφητευομένου
940 2234 1260 2304 παρουσίαν,
1276 2235 1356 2298 εἰς
1381 2233 1658 2305 ὑπομονὴν
1684 2250 1788 2288 πα.-

209 2324 514 2398 ρακαλέσας
530 2325 617 2379 διὰ
631 2325 748 2391 τοῦ,
761 2346 778 2377 ι
804 2326 928 2380 Ἐὰν
947 2328 1243 2398 ὑστερήσῃ,
1260 2326 1551 2397 ὑπόμεινον
1568 2324 1748 2387 αὑτὸν,
1762 2343 1781 2376 ι

208 2416 236 2487 ἦ
266 2436 283 2468 ι
311 2418 405 2471 ἐὰν
457 2417 704 2490 μελλήσῃ
754 2418 1052 2491 προσδέχου
1092 2418 1255 2472 αὑτόν
1275 2434 1289 2449 ·
1334 2419 1415 2471 ὅτι
1446 2418 1473 2469 ὁ
1496 2418 1787 2487 ἐρχόμενος

208 2508 313 2577 ἣξει
352 2512 455 2564 καὶ
500 2512 561 2564 οὑ
622 2511 698 2583 μὴ
751 2511 1017 2585 χρονίσῃ,
1061 2530 1079 2563 ›
1144 2511 1236 2563 ὲπὶ
1297 2509 1395 2581 τὴν
1460 2509 1641 2563 πίστιν
1687 2509 1785 2580 τῆς

210 2604 559 2675 προρρήσεως
600 2603 694 2656 τὸν
738 2602 1011 2675 ἀκροατὴν
1056 2603 1316 2675 παρορμᾷ
1353 2602 1527 2670 λέγων
1551 2618 1565 2633 °
1627 2603 1685 2655 ’0
1720 2602 1783 2674 δὴ

209 2694 402 2759 τούτοις
433 2695 747 2760 πιστεύων,
794 2695 854 2762 ἐξ
883 2695 1053 2766 αὑτῆς
1099 2695 1197 2766 τῆς
1233 2695 1467 2758 πίστεως
1507 2693 1669 2747 αὑτοῦ
1706 2693 1786 2746 δί-

210 2803 351 2850 καιος
376 2787 725 2859 ἀναδειχθεὶς
746 2827 759 2853 ,
792 2788 888 2860 τὴν
922 2787 1063 2841 κατὰ
1091 2788 1224 2840 Θεὸν
1256 2788 1480 2859 ζήσεται
1510 2787 1654 2858 ζωήν
1674 2804 1687 2817 ο
1709 2788 1784 2851 ὡς

210 2876 429 2949 ἔμπαλιν
455 2881 486 2932 6
509 2878 775 2944 ἀπιστῶν,
800 2883 857 2933 ὲν
878 2874 957 2943 οἷς
980 2879 1357 2951 ὑποστείληται
1383 2879 1457 2950 μὴ
1481 2878 1779 2950 θαρσήσας,

211 2970 331 3041 μηδὲ
349 2971 728 3041 ἐμπιστεύσας
747 2975 859 3036 τοῖς
880 2974 999 3045 είρη
1010 2973 1211 3044 μένοις,
1225 2974 1325 3025 οὑκ
1352 2973 1563 3026 εὐδοκεῖ
1583 2973 1615 3042 ἡ
1635 2971 1777 3042 ψυχή

213 3078 300 3130 μου
330 3064 386 3116 ὲν
419 3063 596 3134 αὑτῷ.
636 3063 845 3117 Οὑκοῦν
894 3066 986 3118 καὶ
1019 3065 1171 3117 αὑτοὶ
1198 3063 1408 3127 τούτοις
1439 3062 1776 3127 ἀκολούθως,

210 3154 588 3222 ἐναλλάξαντες
614 3156 675 3208 τὸ
702 3155 916 3227 πρῶτον
947 3156 1172 3229 ὓστερον
1191 3197 1205 3221 ,
1244 3158 1336 3210 καὶ
1373 3156 1694 3227 μεταθέντες
1719 3155 1779 3207 τὸ

1893 1978 1912 2012 ι
1946 1959 2139 2017 Justus
2179 1969 2360 2017 autem
2400 1978 2467 2018 ex
2507 1961 2614 2018 ﬁde
2650 1964 2817 2028 vivet,
2849 1981 2869 2014 ι
2904 1962 3108 2018 Deinde
3142 1963 3276 2018 illud
3313 1960 3462 2033 quod

1888 2051 1945 2106 in
1984 2054 2272 2124 prephetia
2320 2055 2559 2126 primum
2596 2057 2832 2126 positum
2881 2064 2998 2119 est,
3050 2055 3292 2111 secundo
3338 2056 3463 2112 loco

1886 2144 2151 2213 subjecit,
2202 2146 2293 2201 ubi
2347 2147 2461 2201 ait:
2494 2167 2514 2198 ι
2542 2146 2699 2213 Quod
2744 2147 2791 2201 si
2837 2148 3168 2203 subtraxerit
3198 2162 3301 2219 \se,
3349 2156 3461 2203 non

1884 2235 2024 2292 bene
2074 2237 2179 2292 sibi
2215 2238 2392 2308 placet
2422 2238 2602 2293 anima
2632 2254 2752 2297 mea
2785 2238 2841 2293 in
2868 2254 2954 2293 eo.
2985 2258 3004 2292 ι
3027 2239 3163 2293 Cum
3195 2239 3341 2294 enim
3372 2254 3462 2295 se—

1884 2329 1990 2383 mel
2026 2328 2307 2383 oraculum
2340 2345 2437 2399 per
2466 2331 2640 2401 ipsam
2672 2329 3012 2400 prophetiam
3047 2330 3309 2385 cecinerit
3331 2369 3347 2395 ,
3383 2330 3462 2384 lu-

1885 2436 2001 2475 cem
2034 2421 2289 2476 omnibus
2326 2423 2653 2490 promissam
2696 2423 2951 2491 gentibus
2988 2437 3085 2491 per
3116 2421 3319 2476 Christi
3358 2421 3458 2476 ad-

1883 2520 2104 2568 ventum
2127 2512 2419 2584 aliquando
2443 2514 2658 2570 tandem
2685 2523 2740 2570 et
2761 2516 2826 2569 ad
2852 2528 3137 2585 veSperum
3167 2514 3454 2579 orituram,

1882 2611 2075 2661 etnon
2116 2604 2503 2661 frustraturam
2564 2607 2666 2677 (sic
2713 2607 2859 2660 enim
2912 2621 3013 2676 pro
3054 2621 3119 2661 eo
3169 2605 3316 2675 quod
3337 2613 3452 2669 est,

1889 2712 1909 2746 ι
1941 2703 1996 2749 et
2043 2710 2154 2750 non
2202 2697 2259 2751 in
2306 2713 2547 2761 vanum,
2580 2716 2599 2749 ›
2628 2698 2825 2768 Aquila
2871 2705 2956 2753 est
3003 2698 3452 2767 interpretatus);

1882 2784 2080 2842 deinde
2128 2786 2275 2857 quod
2326 2803 2450 2843 sero
2495 2795 2550 2843 et
2601 2788 2667 2843 ad
2718 2803 3005 2857 vesperum
3052 2787 3272 2842 futurus
3309 2786 3456 2843 esset

1880 2875 2034 2945 ejus,
2080 2877 2148 2931 de
2195 2891 2305 2946 quo
2347 2877 2633 2947 prophetia
2674 2877 2938 2947 loquitur,
2989 2877 3287 2942 adventus,
3331 2877 3454 2932 ideo

1879 2967 1988 3023 illis
2036 2968 2221 3022 verbis
2247 3008 2261 3033 ,
2295 2987 2314 3020 ι
2348 2965 2404 3023 Si
2436 2970 2648 3025 tardius
2681 2969 2894 3036 veniet,
2929 2976 3184 3039 exspecta
3213 2968 3397 3033 illum,
3424 2986 3448 3021 η»

1879 3057 1983 3123 vel,
2013 3077 2030 3109 ι
2057 3059 2102 3115 si
2124 3059 2498 3124 cunctabitur,
2526 3061 2712 3130 accipe
2736 3061 2886 3115 illum
2910 3078 2925 3127 ;
2950 3061 3209 3130 quoniam
3227 3060 3455 3115 veniens

1879 3151 2059 3205 veniet
2079 3190 2094 3216 ,
2119 3161 2173 3205 et
2196 3166 2304 3205 non
2332 3151 2571 3205 tardabit
2595 3190 2609 3216 ,
2642 3170 2661 3203 ι
2689 3151 2755 3205 ad
2778 3151 3094 3222 patientiam
3121 3165 3323 3207 vocans
3355 3165 3455 3205 au-

210 3244 418 3320 ὑστερον
455 3248 548 3301 ἐπὶ
569 3248 630 3301 τὸ
652 3247 887 3319 πρῶτον,
914 3247 1160 3320 σώσομεν
1181 3249 1269 3302 τὸν
1291 3248 1415 3301 νοῦν
1438 3248 1537 3318 τῆς
1558 3246 1775 3313 λέξεως,

1888 3213 2107 3299 ditorem
2129 3283 2145 3309 ,
2177 3249 2239 3297 ut
2261 3243 2521 3298 vaticinio
2551 3213 2709 3299 ﬁdem
2742 3213 3027 3311 adhibeat,
3060 3244 3332 3309 hortatur,
3367 3242 3455 3299 di-

212 3339 332 3406 μετὰ
354 3339 419 3391 τὸ
441 3379 458 3404 ,
496 3360 515 3390 ‹
548 3340 666 3393 Ὅτι
692 3342 720 3393 6
752 3340 1043 3413 ἐρχόμενος
1074 3340 1213 3412 ἥξει,
1250 3341 1343 3395 καὶ
1374 3342 1432 3393 οὑ
1455 3339 1724 3413 χρονίσει,
1755 3358 1774 3390 ι

1888 3349 2006 3389 :ens
2025 3373 2040 3399 ,
2074 3350 2198 3391 eum
2227 3335 2320 3405 qui
2350 3335 2435 3389 his
2466 3335 2630 3390 rebus
2660 3336 2988 3401 crediderit,
3017 3334 3111 3389 ubi
3142 3351 3207 3390 ex
3240 3349 3339 3390 sua
3368 3334 3451 3407 ip-

210 3429 315 3483 καθ’
341 3430 655 3503 ὑπερϐατὸν
686 3432 1046 3495 συνάπτοντες
1072 3432 1135 3486 τὸ
1155 3473 1169 3498 ,
1210 3452 1228 3485 ι
1270 3434 1327 3486 '0
1357 3432 1413 3485 δὲ
1442 3431 1647 3497 δίκαιός
1678 3448 1777 3502 μου

208 3519 262 3571 ὲκ
305 3520 546 3585 πίστεως
594 3520 854 3592 ζήσεται,
895 3540 913 3572 ι
942 3521 1036 3573 καὶ
1069 3519 1244 3591 τούτῳ
1291 3519 1633 3588 ἐπιλέγοντες
1675 3516 1774 3581 τὸ,

1876 3430 1991 3484 sius
2035 3427 2139 3483 ﬁde
2178 3428 2364 3503 justus
2406 3427 2720 3482 declaratus
2753 3426 2954 3487 fuerit,
2987 3426 3156 3480 vitam
3184 3441 3306 3496 qua:
3340 3426 3450 3482 Deo

1874 3519 2105 3589 placeat,
2137 3518 2431 3581 victurum,
2467 3518 2609 3573 sicut
2639 3532 2671 3572 e
2727 3517 3026 3581 contrario,
3058 3516 3151 3585 qui
3191 3530 3302 3571 non
3329 3532 3452 3571 creo

213 3630 228 3661 ι
266 3612 393 3666 Ἐὰν
433 3614 852 3686 ὑποστείληται,
900 3614 1002 3666 οὑκ
1042 3612 1255 3666 εὐδοκεῖ
1297 3613 1330 3682 ἡ
1374 3610 1518 3681 ψυχή
1558 3627 1658 3681 μου
1718 3611 1775 3663 ὲν

1888 3609 2100 3674 iiderit,
2149 3609 2242 3664 ubi
2277 3608 2610 3664 subtraxerit
2651 3622 2749 3670 se,
2796 3620 2905 3661 non
2947 3605 3231 3660 conﬁdens
3270 3620 3448 3674 neque

209 3704 363 3775 αὐτῷ.
387 3725 404 3756 ι
431 3704 616 3776 Ταύτῃ
641 3705 698 3758 δὲ
728 3707 822 3758 καὶ
843 3707 871 3759 6
906 3703 1138 3767 Ἀκύλας
1168 3705 1234 3775 τῇ
1264 3702 1471 3773 διανοίᾳ
1494 3700 1776 3772 συντρέχει

1888 3699 2104 3754 :redens
2133 3698 2221 3753 bis
2253 3713 2373 3768 qua:
2400 3697 2545 3752 dicta
2582 3702 2742 3762 sunt,
2779 3694 3021 3749 futurum
3066 3702 3127 3747 ut
3169 3709 3278 3747 non
3310 3694 3448 3747 bene

209 3793 370 3864 λέγων
393 3813 406 3826 ·
436 3815 455 3847 ι
498 3796 625 3850 Ἐὰν
662 3795 902 3867 μελλήσῃ
928 3837 944 3860 ,
976 3795 1272 3867 προσδέχου
1303 3792 1486 3856 αὑτὸν,
1516 3794 1598 3846 ὅτι
1623 3791 1779 3864 ἐρχόο

1875 3788 1977 3844 sibi
2004 3789 2216 3858 placeat
2239 3787 2419 3842 anima
2448 3786 2504 3841 in
2525 3801 2612 3842 eo.
2641 3779 2782 3856 Ergo
2802 3800 2905 3841 nos
2936 3799 3156 3854 quoque
3181 3787 3299 3854 ipsa
3330 3783 3446 3838 haec

212 3901 360 3953 μενος
389 3885 702 3951 ἐλεύσεται,
728 3887 823 3940 καὶ
853 3887 913 3938 οὑ
943 3885 1195 3956 βραδυνεῖ
1213 3903 1227 3916 ’
1271 3883 1378 3937 ἰδοὺ
1406 3881 1775 3953 νωχελευομέ-

1888 3890 2197 3951 sequentes,
2244 3881 2291 3935 si
2332 3877 2850 3934 commutaverimus
2894 3877 2970 3930 ita
3017 3885 3078 3931 ut
3111 3876 3258 3947 quod
3293 3876 3445 3946 prius

210 3993 307 4041 νου,
342 3979 445 4030 οὐκ
476 3976 661 4030 εὐθεῖα
691 3976 894 4049 ἡψυχή
932 3993 1033 4049 μου
1068 3978 1126 4031 ὲν
1157 3973 1326 4046 αὑτῷ,
1354 3973 1449 4026 καὶ
1478 3974 1686 4036 δίκαιος
1717 3973 1775 4025 ἐν

1888 3978 1989 4035 :st,
2024 3969 2330 4039 posterius,
2362 3968 2510 4039 quod
2546 3983 2678 4024 vero
2722 3967 2999 4038 posterius
3033 3976 3152 4033 est,
3202 3967 3442 4022 transla-

211 4068 376 4122 πίστει
411 4069 576 4123 αὑτοῦ
604 4068 846 4141 ζήσεται.
884 4088 904 4120 ι

1871 4070 1988 4117 tum
2036 4062 2191 4132 prius
2233 4060 2536 4127 faciamus,
2572 4075 2794 4116 sensum
2838 4060 3130 4115 verborum
3173 4060 3443 4130 integrum

210 4164 684 4220 conservabimus:
721 4164 802 4220 sic
833 4165 978 4220 enim
1012 4171 1137 4235 post
1180 4161 1334 4229 illud,
1370 4181 1388 4213 ι
1419 4160 1690 4227 Quoniam
1733 4159 1961 4215 Veniens
1984 4157 2166 4212 veniet
2194 4162 2248 4211 et
2278 4171 2388 4211 non
2415 4156 2739 4222 morabitur,
2761 4173 2780 4207 ι
2819 4155 3003 4211 statim
3053 4154 3444 4225 subjungemus

209 4255 349 4326 illud,
380 4278 398 4311 ι
426 4256 619 4315 Justus
652 4267 832 4316 autem
856 4275 1010 4316 meus
1032 4276 1099 4315 ex
1140 4258 1246 4314 ﬁde
1278 4258 1455 4323 vivet,
1487 4276 1506 4309 ι
1535 4266 1590 4312 et
1629 4254 1758 4310 huic
1793 4254 1898 4325 ipsi
1923 4262 2309 4310 connectemus
2330 4252 2464 4307 illud
2484 4271 2538 4316 ,ι
2564 4250 2621 4307 Si
2645 4251 2977 4307 subtraxerit
3025 4266 3105 4316 se,
3153 4265 3262 4304 non
3307 4248 3444 4304 bene

211 4352 301 4407 sibi
325 4354 506 4424 placet
534 4355 717 4410 anima
744 4370 868 4412 mea
893 4370 947 4410 in
979 4369 1065 4410 eo.
1100 4374 1120 4408 ι
1152 4354 1318 4425 278
1341 4352 1478 4408 Cum
1509 4352 1612 4407 hoc
1638 4365 1768 4407 vero
1807 4365 1974 4405 sensu
2008 4350 2173 4404 etiam
2199 4348 2395 4420 Aquila
2424 4347 2721 4403 concordat
2759 4346 2949 4403 dicens
2980 4366 2994 4402 :
3023 4365 3042 4399 ι
3108 4346 3165 4415 Si
3216 4351 3444 4399 cuncta-

209 4445 345 4504 bitur
372 4450 563 4521 accipe
593 4451 747 4506 illum
767 4490 783 4516 ,
812 4451 1071 4522 quoniam
1100 4451 1325 4505 veniens
1352 4450 1534 4504 veniet
1564 4456 1618 4503 et
1646 4461 1756 4502 non
1797 4445 2032 4501 tardabit
2058 4463 2073 4513 ;
2106 4459 2235 4500 ecce
2265 4445 2312 4499 si
2349 4444 2540 4500 tardus
2570 4443 2677 4508 sit,
2734 4457 2846 4497 non
2904 4446 3052 4496 recta
3086 4439 3266 4494 anima
3321 4449 3442 4491 mea

211 4542 259 4600 in
287 4560 389 4612 eo,
420 4552 478 4601 et
504 4546 693 4616 justus
724 4561 792 4603 ex
828 4546 933 4602 ﬁde
965 4546 1142 4616 ipsius
1174 4546 1339 4601 vivet.
1372 4565 1392 4598 ι

709 4660 1107 4716 ΚΕΦΑΛΑΙΟΝ
1145 4662 1247 4716 1Ε’.

220 4766 339 4824 Ἀπὸ
374 4772 483 4842 τοῦ
513 4772 720 4827 αὐτοῦ.
747 4801 817 4811 -
848 4772 942 4839 Ὠς
979 4773 1264 4842 ἐπίφοϐος
1304 4774 1344 4840 ’ἡ
1386 4772 1519 4840 περὶ
1555 4771 1667 4840 τῆς
1699 4773 1771 4839 ἐξ

265 4841 533 4914 οὐρανῶν
567 4842 826 4914 καθόδου
871 4844 978 4898 τοῦ
1009 4841 1231 4911 Κύριον
1272 4843 1424 4909 ἀκοὴ
1468 4843 1761 4914 τυγχάνει,

267 4912 359 4965 καὶ
393 4912 548 4983 μετα
591 4913 941 4981 ἐκπλήξεως
968 4914 1041 4967 τὰ
1067 4914 1210 4982 ἔργα
1240 4914 1447 4983 αὐτοῦ,
1487 4912 1766 4980 ἐλθόντος

265 4998 326 5034 τε
353 4981 542 5053 αὐτοῦ
596 4985 635 5052 ἡ
665 4985 962 5053 σύμπασα
994 4983 1070 5052 γῆ
1109 4983 1219 5053 τῆς
1255 4981 1540 5053 αινέσεως
1585 4984 1770 5053 αὑτοῦ

270 5050 714 5124 πλησθήσεται,
748 5050 805 5106 ’ὅ
844 5050 1018 5124 τέγγε
1059 5050 1178 5121 τῆς(
1206 5052 1431 5124 Καινῆς
1471 5050 1763 5124 Διαθήκης

268 5122 448 5202 αὑτοῦ
500 5123 675 5191 λόγος
723 5127 813 5191 εις
855 5122 1086 5190 πάντας
1138 5123 1488 5192 ἀνθρώπους
1535 5122 1764 5193 διαδρα-

263 5208 469 5260 putat.

270 5323 289 5357 ι
314 5305 507 5378 Κύριε,
543 5306 842 5377 είσακήκοα
870 5305 970 5377 τὴν
997 5306 1165 5379 ἀκοήν
1195 5323 1311 5372 σου,
1346 5308 1440 5361 καὶ
1471 5307 1761 5380 ἐφοϐήθην.

2466 4645 2694 4703 CAPUT
2732 4644 2848 4700 XV.

1875 4766 1957 4820 Ab
1990 4764 2188 4819 eodem.
2209 4791 2280 4803 -
2304 4758 2457 4826 Quod
2514 4757 2761 4812 terribilis
2813 4757 2881 4811 sit
2912 4755 3126 4811 auditus
3161 4756 3437 4812 descensus

1949 4834 2162 4889 Domini
2193 4833 2257 4887 de
2287 4832 2443 4892 ccclo,
2480 4839 2527 4883 et
2558 4829 2702 4898 facta
2736 4827 2885 4881 illius
2915 4844 3031 4880 cum
3062 4827 3434 4891 admiratione,

1982 4905 2184 4974 uodque
2231 4918 2355 4974 cum
2379 4901 2502 4974 ipse
2544 4898 3062 4974 ven_erit_,_uttiver_sa
3099 4908 3240 4951 terra
3271 4899 3436 4974 ipsius

1970 4966 2109 5029 aude
2136 4966 2498 5040 complebatur,
2534 4979 2583 5023 et
2614 4966 2751 5021 Novi
2780 4967 2944 5040 ipsius
2976 4967 3293 5022 Testamenti
3326 4984 3436 5022 ver-

1948 5046 2068 5099 bum
2100 5044 2169 5098 ad
2199 5038 2374 5096 omnes
2404 5040 2637 5094 homines
2666 5038 2978 5107 penetrabit.

1844 5310 1847 5313 ί
1944 5327 1962 5360 ι
1994 5306 2238 5372 Domine,
2274 5301 2459 5359 audivi
2490 5299 2820 5356 auditionem
2853 5304 3027 5360 tuam,
3058 5302 3111 5351 et
3140 5293 3317 5349 timui.
3348 5291 3435 5347 ln-

211 5395 383 5467 Κύριε,
436 5395 739 5468 κατενόησα
789 5396 861 5451 τὰ
905 5396 1043 5468 ἔργα
1096 5415 1212 5463 σου,
1259 5399 1353 5451 καὶ
1406 5397 1627 5470 ἐξέστην
1651 5416 1664 5430 °
1707 5401 1766 5452 ὲν

1888 5400 2046 5457 ellexi
2080 5412 2247 5470 Opera
2279 5404 2410 5461 tua,
2450 5400 2507 5448 et
2547 5390 2801 5460 obstupui
2837 5407 2850 5443 :
2893 5389 2948 5443 in
2991 5387 3169 5443 medio
3202 5387 3433 5441 duarum

213 5486 344 5558 μέσῳ
368 5487 462 5542 δύο
495 5485 652 5553 ζωῶν
695 5487 1003 5562 γνωσθήσῃ·
1050 5488 1110 5543 ὲν
1146 5488 1226 5560 τῷ
1263 5489 1501 5558 ἐγγίζειν
1537 5489 1607 5543 τὰ
1645 5490 1762 5561 ἔτη,

211 5576 602 5651 ἑπιγνωσθήσῃ·
646 5580 706 5632 ὲν
742 5579 822 5655 τῷ
850 5583 1102 5652 παρεῖναι
1145 5580 1236 5634 τὸν
1269 5581 1481 5653 καιρὸν,
1541 5574 1757 5628 ἀναδει-

213 5667 472 5748 χθήσησὲν
488 5674 567 5746 τῷ
602 5670 941 5744 ταραχθῆναι
988 5671 1087 5743 τὴν
1127 5671 1307 5743 ψυχήν
1349 5690 1450 5745 μου
1495 5674 1553 5727 ὲν
1603 5673 1762 5745 ὀργῇ,

268 5826 309 5860 ⁷⁸
339 5826 503 5886 Hebr.
529 5841 584 5895 ι,
603 5827 675 5885 55
686 5825 796 5884 458.

1864 5492 2106 5546 vitarum
2145 5486 2529 5560 cognosceris,
2559 5484 2690 5539 dum
2718 5481 2849 5536 anni
2890 5479 3429 5552 apprepinquabunt,

1866 5588 2032 5638 notus
2070 5580 2201 5651 ﬁes,
2235 5579 2367 5634 dum
2405 5576 2581 5632 aderit
2617 5581 2831 5644 tempus
2870 5571 3253 5629 declaraberis.
3293 5569 3431 5622 Dum

1871 5672 2195 5746 perturbata
2233 5670 2396 5726 fuerit
2435 5668 2618 5724 anima
2655 5681 2774 5722 mea
2803 5663 2859 5720 in
2893 5681 3006 5732 ira,
3039 5662 3435 5721 misericordiae
