3902 6264
468 349 579 409 ιιι

1140 350 1411 409 EUSEBII
1448 350 1931 410 CESARIENSIS
1969 352 2122 411 OPP.
2164 352 2343 407 PARS
2376 354 2442 409 11.
2478 384 2547 394 —-
2582 351 3075 408 APOLOGETICA.

3608 351 3708 413 444

470 481 679 523 memor
711 466 842 521 eris.
877 464 1020 520 Deus
1050 463 1119 519 de
1146 463 1355 519 Thama
1388 464 1602 528 veniet,
1630 471 1686 519 et
1716 472 1941 523 sanctus
1973 465 2005 519 d

2143 464 2325 527 ἐλέους
2375 463 2677 535 μνησθήσῃ.
2735 464 2789 517 '0
2830 463 2961 527 Θεὸς
3007 466 3072 516 ἐκ
3112 461 3324 534 Θαιμὰν
3366 463 3508 534 ἡξει,
3558 465 3648 517 καὶ
3681 468 3708 519 6
3776 520 3779 523 _

471 565 655 613 monte
680 557 942 612 umbroso
967 555 1171 610 denso:
1197 556 1481 626 cooperuit
1504 556 1674 610 caelos
1698 556 1872 611 virtus
1894 556 2034 626 ejus,

467 659 524 705 et
549 650 706 705 iaude
725 649 844 720 ejus
866 648 1024 719 plena
1043 654 1127 703 est
1149 654 1325 712 terra,
1352 657 1406 703 et
1435 648 1692 717 splendor
1719 648 1839 717 ejus
1867 656 1925 702 ut
1954 649 2039 702 lu-

467 743 593 795 nien
626 739 751 794 erit.
786 739 1006 793 Cornua
1036 737 1091 792 in
1122 737 1378 793 manibus
1408 738 1527 808 ejus
1548 782 1562 805 ,
1599 745 1654 793 et
1687 740 1870 808 posuit
1902 738 2036 794 dile-

467 835 703 888 ctionem
756 831 950 887 fortem
988 832 1200 903 roboris
1240 831 1325 887 sui
1353 852 1365 886 :
1400 838 1526 887 ante
1559 831 1752 886 faciem
1783 831 1902 901 ejus
1936 831 2035 886 ibit

466 924 703 981 Verbum
725 966 741 992 ,
786 933 840 981 et
880 925 1191 995 egredietur
1233 925 1289 979 in
1333 939 1555 994 campos
1587 924 1656 978 ⁷⁸.
1690 943 1709 975 ›
1736 939 1858 978 cum
1887 923 2032 978 enim

465 1015 584 1086 ipse
618 1016 858 1085 seipsum
893 1016 1137 1071 audisset
1167 1016 1429 1086 propheta
1462 1026 1686 1072 sanctus
1707 1057 1722 1081 ,
1757 1032 1821 1071 ac
1850 1018 2032 1087 potius

464 1106 709 1162 divinum
735 1108 828 1178 qui
857 1108 1036 1177 ipsum
1064 1106 1279 1163 afﬂabat
1301 1151 1316 1176 ,
1345 1109 1546 1178 quique
1574 1110 1630 1164 in
1659 1111 1783 1181 ipso
1803 1111 2034 1166 canebat

465 1196 730 1269 Spiritum
751 1238 767 1263 ,
793 1198 862 1253 de
884 1214 951 1254 eo
973 1198 1040 1254 de
1065 1216 1175 1270 quo
1205 1201 1322 1270 ipsa
1349 1202 1630 1272 prophetia
1656 1202 1919 1273 loquitur,
1947 1202 2031 1258 di-

460 1304 672 1347 centem
705 1311 729 1346 :,
750 1311 769 1343 ι
800 1289 957 1358 Quod
987 1292 1213 1347 veniens
1245 1294 1427 1349 veniet
1455 1303 1511 1348 et
1556 1310 1666 1350 non
1702 1295 2027 1361 morabitur,

453 1381 643 1453 justus
676 1391 860 1438 autem
888 1399 952 1438 ex
983 1383 1090 1438 fide
1121 1399 1239 1439 mea
1268 1384 1413 1440 vivet
1440 1385 1509 1449 ⁷⁸,
1543 1405 1562 1437 ι
1592 1400 1826 1456 cumque
1853 1386 2030 1441 credi-

456 1476 631 1533 disset
659 1477 810 1533 illum
834 1493 956 1533 esse
981 1478 1194 1547 justum
1223 1479 1469 1541 oraculo,
1500 1478 1555 1532 in
1584 1478 1670 1534 his
1696 1478 1879 1535 verbis
1909 1492 2030 1549 quae

458 1584 608 1624 nunc
652 1570 709 1624 in
749 1570 1008 1625 manibus
1048 1578 1212 1635 sunt,
1254 1570 1330 1624 ita
1358 1570 1472 1626 ait:
1503 1588 1522 1623 ι
1556 1569 1812 1637 Domine,
1845 1571 2027 1626 audivi

454 1660 789 1717 auditionem
822 1669 972 1715 tuam
1000 1669 1054 1716 et
1084 1662 1279 1729 timui,
1309 1682 1327 1716 ι
1354 1670 1407 1718 et
1437 1678 1559 1733 qua:
1598 1672 1940 1734 sequuntur;
1971 1663 2024 1718 in

451 1752 656 1823 quibus
681 1751 1130 1809 manifestissime
1159 1753 1329 1808 Deum
1360 1754 1429 1809 ad
1458 1756 1707 1811 homines
1733 1763 2024 1811 venturum

2141 556 2293 624 ἆγιος
2320 555 2380 622 ἐξ
2418 552 2575 628 ὅρους
2611 556 2928 619 κατασκίου,
2962 554 3172 619 δασέος.
3213 555 3513 625 Ἐκὰλυψεν
3546 557 3707 626 οὐρα·

2138 647 2261 709 νοὺς
2295 647 2328 718 ὴ
2357 645 2525 718 ἀρετὴ
2557 645 2741 712 αὐτοῦ,
2771 647 2865 699 καὶ
2895 645 2996 715 τῆς
3020 645 3277 709 αἰνέσεως
3301 644 3464 699 αὐτοῦ
3493 646 3707 718 πλήρης

2138 737 2269 809 ’θγῆ
2292 755 2305 768 '
2350 738 2444 791 καὶ
2480 738 2678 806 φέγγος
2717 736 2878 790 αὐτοῦ
2918 737 2991 801 ὡς
3027 737 3140 806 φῶς
3174 737 3345 793 ἔσται.
3394 737 3620 809 Κέρατα
3651 740 3707 791 ἐν

2136 830 2321 901 χερσὶν
2363 828 2546 894 αὐτοῦ,
2588 830 2680 883 καὶ
2725 829 2875 882 ἔθετο
2916 829 3187 900 ἀγάπησιν
3219 828 3481 900 κραταιὰν
3526 830 3707 901 ἰσχύος

2135 923 2320 976 αὐτοῦ.
2364 922 2478 994 Πρὸ
2500 921 2788 993 προσώπου
2828 921 2992 975 αὐτοῦ
3042 920 3475 994 προπορεύσεται
3519 921 3703 989 λόγος,

2136 1020 2229 1070 καὶ
2267 1013 2605 1081 ἐξελεύσεται
2659 1017 2738 1078 είς
2786 1014 2962 1068 πεδία.
3007 1033 3025 1067 ι
3075 1014 3413 1079 Ἐπακούσας
3446 1015 3503 1068 δέ
3545 1016 3707 1079 αὐτὸς

2133 1104 2348 1169 ἑαυτοῦ,
2381 1105 2575 1177 μᾶλλον
2603 1106 2659 1159 δὲ
2683 1105 2776 1159 τοῦ
2810 1105 3135 1177 ἐμπνέοντος
3168 1108 3259 1160 καὶ
3301 1106 3706 1172 ἐνθεσπίζοντος

2133 1199 2190 1251 ἐν
2212 1198 2359 1269 αὐτῷ
2382 1198 2526 1252 θείου
2556 1197 2891 1270 Πνεύματος,
2910 1201 2938 1253 6
2970 1196 3110 1269 ἱερὸς
3139 1199 3423 1270 προφήτης
3452 1200 3581 1271 περὶ
3609 1201 3704 1254 τοῦ

2133 1290 2611 1362 προφητευομένου
2665 1290 2957 1361 φήσαντος,
3000 1291 3101 1353 ὅτι,
3150 1289 3512 1360 ιἘρχόμενος
3559 1289 3701 1360 ἥξει,

2129 1380 2224 1433 zal.
2273 1381 2332 1433 ού
2378 1379 2450 1450 μὴ
2493 1380 2748 1452 χρονίσῃ·
2794 1383 2823 1433 6
2863 1380 2919 1433 δὲ
2959 1379 3163 1442 δίκαιος
3207 1380 3272 1431 ἐκ
3318 1378 3554 1441 πίστεώς
3600 1397 3703 1449 μου

2130 1471 2305 1543 ζήσει,
2335 1491 2353 1524 ι
2380 1472 2676 1537 πιστεύσας
2720 1489 2780 1525 τε
2822 1472 2898 1536 ὡς
2939 1471 3145 1535 δίκαιος
3186 1471 3264 1541 τῷ
3317 1469 3572 1543 χρησμῷ,
3614 1470 3706 1523 διὰ

2128 1564 2235 1617 τῶν
2283 1563 2422 1635 μετὰ
2477 1564 2665 1637 χεῖράς
2718 1581 2888 1635 φησι·
2942 1563 3193 1635 «Κύριε,
3248 1564 3548 1635 είσακήκοα
3603 1564 3705 1634 τὴν

2128 1658 2297 1729 ἀκοήν
2349 1675 2465 1722 σου,
2518 1658 2611 1711 καὶ
2663 1656 2954 1728 ἐφοϐήθην,
2987 1675 3005 1708 ι
3054 1656 3150 1709 κα)⁸
3196 1655 3264 1710 τὰ
3318 1653 3479 1725 ἐξῆς·
3525 1655 3593 1708 δι’
3625 1648 3704 1707 ὧν

2129 1748 2314 1818 σαφῶς
2356 1749 2489 1803 Θεὸν
2533 1751 2612 1813 εἰς
2640 1748 2961 1820 ἀνθρώπους
2992 1746 3143 1819 ἥξειν
3178 1746 3559 1816 καταγγέλλει.
3605 1747 3703 1810 Τίς

449 1819 756 1902 denuntiat.
790 1846 926 1911 Quis
955 1862 1084 1903 vero
1116 1849 1257 1903 alius
1292 1848 1383 1902 hic
1418 1848 1492 1904 sit
1520 1848 1614 1918 qui
1647 1848 1777 1904 olim
1812 1862 2009 1920 cogno-

2124 1837 2180 1891 δὲ
2225 1837 2290 1891 ἂν
2334 1833 2486 1902 οὗτος
2526 1839 2612 1909 εἴη
2654 1840 2681 1892 6
2717 1819 2883 1892 πάλαι
2924 1836 3349 1910 γνωριζόμενος,
3385 1836 3614 1908 ὕστερον
3643 1836 3703 1890 δέ

448 1946 713 2005 sceretur,
745 1947 799 1994 et
827 1947 951 2010 post
975 1940 1271 2011 aliquando
1297 1940 1426 1995 dum
1454 1941 1583 1996 anni
1619 1942 2023 2012 appropinqua-

446 2030 621 2096 bunt,
650 2040 797 2088 esset
828 2032 1247 2103 agnoscendus,
1277 2040 1331 2087 et
1360 2048 1457 2102 per
1487 2032 1541 2087 id
1570 2040 1786 2103 tempus
1814 2034 1882 2088 de
1911 2049 2021 2102 quo

444 2121 730 2192 prophetia
752 2122 1013 2193 loquitur,
1038 2124 1400 2180 declarandus
1426 2143 1439 2178 :
1467 2124 1591 2195 quis
1610 2163 1624 2189 ,
1646 2124 1866 2194 inquam
1884 2164 1898 2189 ,
1929 2125 2020 2179 hic

443 2212 517 2267 sit
543 2213 707 2284 279
749 2215 859 2270 nisi
882 2215 970 2270 ille
1012 2216 1128 2285 ipse
1154 2216 1248 2285 qui
1287 2223 1442 2271 antea
1459 2215 1636 2271 dictus
1670 2225 1754 2272 est
1782 2216 2018 2272 universi

442 2300 747 2359 Dominus?
777 2308 871 2375 qui
912 2307 1076 2361 etiam
1110 2307 1212 2360 hoc
1244 2306 1598 2376 comprobato
1642 2306 1923 2370 vaticinio,
1962 2308 2015 2361 in

439 2399 917 2455 consummatione
937 2401 1259 2455 saeculorum
1290 2400 1363 2453 ita
1387 2400 1670 2455 nuntiatus
1698 2407 1783 2455 est
1802 2416 1866 2454 ac
1888 2415 2019 2470 prae-

436 2487 673 2554 dicatus,
729 2496 789 2545 ut
832 2507 1022 2547 omnes
1067 2491 1318 2546 homines
1361 2490 1722 2546 exaudierint.
1777 2489 2017 2561 Hujusce

435 2577 605 2649 i‘gitur
631 2595 715 2644 ea,
746 2596 866 2651 qua:
904 2583 1080 2651 palam
1115 2582 1170 2636 in
1202 2583 1376 2637 sacris
1407 2581 1713 2652 Evangeliis
1740 2581 2014 2652 descripta

388 2733 396 2740 ι
433 2676 586 2732 sunt,
620 2668 784 2737 facta,
832 2672 1078 2740 corporis
1110 2670 1379 2736 videlicet,
1429 2672 1578 2741 quod
1617 2671 1916 2741 assumpsit
1946 2671 2015 2726 de

434 2756 659 2830 Virgine
702 2762 1128 2830 generationem,
1181 2762 1306 2817 item
1336 2760 1792 2831 quemadmodum
1828 2778 1847 2812 ι
1888 2776 2012 2816 cum

431 2856 582 2904 esset
612 2849 667 2903 in
697 2848 871 2905 forma
899 2850 1015 2915 Dei,
1049 2866 1159 2906 non
1189 2851 1436 2921 rapinam
1461 2850 1761 2905 arbitratus
1788 2858 1872 2905 est
1890 2866 2013 2906 esse

432 2956 497 2996 se
528 2943 790 3012 aequalem
840 2941 972 3008 Deo,
1005 2943 1101 2999 sed
1151 2943 1390 3013 seipsum
1438 2942 1739 2998 exinanivit
1778 2941 2010 2997 formam

431 3034 577 3088 servi
599 3034 872 3104 accipiens
893 3036 937 3067 ⁷⁷
960 3053 1014 3102 ›;
1064 3044 1321 3105 praeterea
1338 3050 1457 3105 quae
1472 3035 1734 3090 miracula
1752 3035 1804 3089 in
1833 3035 2010 3091 homi-

2124 1946 2249 1983 ποτε
2296 1932 2355 1983 ἐν
2394 1929 2472 2001 τῷ
2514 1929 2752 1999 ἐγγίζειν
2810 1930 2879 1983 τὰ
2923 1929 3016 2001 ἔτη
3073 1928 3555 1999 γνωσθησόμενος,
3609 1929 3705 1981 καὶ

2120 2023 2260 2077 κατὰ
2294 2023 2385 2077 τὸν
2419 2022 2891 2095 προφητευόμενον
2919 2023 3107 2094 χρόνον
3146 2021 3700 2091 ἀναδειχθησόμενος,

2118 2116 2152 2187 ἢ
2176 2117 2204 2169 6
2237 2115 2399 2179 αὐτὸς
2426 2116 2628 2179 ἐκεῖνος
2652 2118 2680 2169 6
2707 2114 3073 2186 προδηλωθεὶς
3114 2114 3363 2187 δεύτερος
3406 2113 3516 2167 τῶν
3562 2115 3701 2167 ὅλων

2118 2206 2340 2277 Κύριος,
2375 2208 2403 2260 6
2434 2207 2527 2260 καὶ
2571 2209 2636 2278 τῇ
2675 2207 2974 2279 προρρήσει
3022 2205 3345 2269 ἀκολούθως,
3382 2206 3475 2258 ἐπὶ
3507 2220 3702 2257 συντε-

2116 2297 2234 2371 λείᾳ
2283 2297 2389 2352 τῶν
2432 2297 2662 2363 αἰώνων,
2695 2300 2774 2362 είς
2816 2297 3138 2363 ἐξάκουστον
3177 2300 3340 2352 πᾶσιν
3387 2295 3703 2370 ἀνθρώποις

2116 2390 2450 2463 κηρυχθείς;
2481 2390 2682 2444 Τούτου
2718 2390 2781 2462 δὴ
2814 2387 2905 2443 οὖν
2933 2390 3002 2443 τὰ
3026 2392 3345 2462 ἀνάγραπτα
3370 2390 3427 2442 ἐν
3459 2391 3578 2450 τοῖς
3623 2390 3702 2440 ἱε-

2117 2487 2229 2554 ροῖς
2258 2482 2609 2553 Εὐαγγελίοις
2640 2483 2794 2555 ἔργα,
2818 2483 2915 2554 τὴν
2943 2484 3007 2535 ἐκ
3034 2481 3309 2554 Παρθένου
3340 2480 3609 2552 δηλονότι,
3638 2474 3701 2533 οὗ

2114 2576 2367 2647 ἀνείληφε
2394 2576 2640 2647 σκήνους,
2686 2576 2917 2644 γένεσιν.
2953 2576 3046 2629 καὶ
3075 2594 3094 2626 ι
3123 2574 3198 2639 ὡς
3224 2575 3281 2628 ἐν
3329 2576 3509 2645 μορφῇ
3556 2572 3699 2626 Θεοῦ

2114 2667 2392 2739 ὑπάρχων,
2428 2668 2525 2737 οὐχ
2557 2667 2846 2738 ἁρπαγμὸν
2872 2668 3115 2739 ἡγήσατο
3154 2667 3219 2719 τὸ
3255 2662 3391 2720 εἶναι
3422 2662 3517 2719 ῐσα
3544 2666 3696 2738 Θεῷ,

2112 2759 2247 2814 ἀλλὰ
2276 2759 2465 2815 ἑαυτὸν
2500 2760 2731 2813 ἐκένωσε
2768 2760 2980 2831 μορφὴν
3002 2758 3187 2813 δούλου
3218 2759 3416 2825 λαϐὼν,
3448 2777 3466 2810 ι
3503 2759 3609 2822 τάς
3636 2776 3702 2813 τε

2112 2853 2549 2917 ἐπιτελεσθείσας
2576 2853 2723 2925 αὐτῷ
2757 2856 2837 2918 είς
2869 2852 3184 2926 ἀνθρώπους
3212 2852 3700 2925 παραδοξοποιῒας,

2111 2946 2206 3000 καὶ
2256 2946 2325 3000 τὰ
2375 2949 2496 3000 κατ’
2528 2946 2692 3001 αὐτοῦ
2752 2965 2816 3015 γε
2876 2947 3253 3019 τετολμημένα
3304 2946 3382 3016 τῷ
3417 2946 3701 3000 Ἰουδαίων

2110 3035 2272 3101 ἔθνει,
2308 3040 2419 3101 τοῖς
2466 3038 2565 3109 τῆς
2611 3037 2787 3109 ψυχῆς
2835 3037 3126 3109 ὀφθαλμοῖς
3171 3036 3476 3109 προλαϐὼν,
3515 3038 3590 3090 τά
3635 3054 3700 3091 τι

432 3125 596 3181 nibus
638 3127 839 3196 degens
862 3127 1114 3190 ediderit,
1144 3142 1247 3183 nec
1272 3142 1379 3182 non
1417 3142 1775 3198 quaecumque
1815 3135 2007 3183 contra

2113 3129 2373 3199 μέλλοντα
2405 3129 2776 3200 συμϐήσεσθαι
2805 3130 3240 3202 κεκαθαρμέναις
3278 3132 3397 3193 ταῖς
3428 3129 3701 3195 διανοίαις

430 3216 610 3286 ipsum
641 3232 775 3272 ausa
808 3226 892 3273 est
914 3216 1335 3289 Judaicagens,
1364 3220 1569 3281 omnia,
1600 3220 1846 3290 inquam,
1891 3220 2007 3275 haec

2112 3222 2260 3294 παρά
2292 3221 2383 3275 τοῦ
2410 3222 2749 3285 διδάσκοντος
2772 3223 2931 3277 αὐτὸν
2960 3223 3105 3278 θείου
3128 3224 3441 3295 Πνεύματος
3472 3222 3697 3294 μαθὼν,

426 3315 483 3363 et
523 3308 630 3363 alia
662 3309 859 3365 similia
882 3310 973 3366 his
997 3327 1122 3366 cum
1176 3311 1372 3366 anima:
1419 3311 1599 3367 oculis
1647 3311 2004 3382 providisset,

427 3414 659 3471 qumque
715 3411 975 3456 eventura
1000 3403 1055 3456 in
1084 3410 1361 3472 posterum
1405 3402 1892 3473 exspectabantur,
1920 3402 2007 3457 di-

426 3492 556 3546 vino
581 3491 789 3562 Spiritu
816 3492 1069 3559 docente,
1094 3494 1482 3564 purgatissima
1506 3493 1860 3565 intelligentia
1885 3508 2007 3563 per-

426 3584 684 3655 cepisset,
716 3601 785 3641 ex
816 3586 886 3643 iis
916 3602 1038 3657 quae
1088 3587 1193 3642 hoc
1238 3586 1401 3642 modo
1430 3586 1700 3650 audierat,
1724 3602 1783 3642 se
1812 3586 2005 3641 obstu-

424 3675 613 3747 puisse
645 3690 710 3730 ac
742 3676 997 3733 timuisse
1027 3676 1229 3732 fatetur
1262 3675 1550 3747 propheta,
1582 3674 1772 3731 dicens
1807 3694 1819 3729 :
1854 3692 1871 3725 ι
1904 3673 2005 3729 Do-

424 3771 592 3837 mine,
626 3770 809 3826 audivi
831 3771 1165 3827 auditionem
1193 3779 1364 3837 tuam,
1409 3778 1464 3827 et
1499 3769 1656 3824 timui
1691 3790 1704 3825 :
1752 3768 2001 3835 Domine,

424 3862 669 3919 intellexi
719 3879 885 3935 opera
916 3872 1030 3930 tua,
1077 3872 1133 3921 et
1155 3865 1436 3935 obstupui.
1472 3885 1491 3917 ›
1528 3862 1776 3918 Salvator
1820 3872 2000 3919 autem

422 3970 490 4010 ac
526 3954 793 4012 Dominus
825 3967 1033 4021 noster,
1064 3957 1243 4027 ipsum
1261 3958 1448 4027 utique
1479 3957 1583 4012 hoc
1615 3955 1709 4011 Dei
1731 3954 1995 4020 Verbum,

421 4047 480 4101 in
502 4048 682 4102 medio
712 4048 944 4103 duarum
980 4049 1217 4103 vitarum
1255 4049 1508 4119 cognitus
1556 4056 1661 4104 est.
1693 4047 1811 4102 Non
1851 4048 1997 4104 enim

421 4136 649 4192 duorum
673 4138 988 4193 animalium
1015 4149 1099 4196 est
1126 4140 1436 4210 legendum,
1472 4140 1568 4195 sed
1610 4140 1837 4194 duarum
1860 4141 1997 4194 vita-

422 4246 561 4284 rum.
623 4229 864 4286 Duarum
899 4246 1031 4302 ergo
1060 4231 1320 4297 vitarum,
1355 4232 1553 4302 inquit,
1615 4232 1850 4288 medium
1898 4247 1996 4287 co-

421 4323 732 4393 gnosceris.
764 4321 901 4377 Cum
922 4322 1068 4379 enim
1100 4338 1207 4377 una
1239 4324 1539 4379 secundum
1572 4322 1741 4379 Deum
1767 4323 1839 4379 sit
1861 4322 1994 4390 vita,

417 4423 475 4469 et
495 4415 667 4471 altera
693 4417 997 4471 secundum
1028 4414 1325 4480 hominem,
1352 4423 1407 4469 et
1424 4417 1515 4470 illa
1540 4415 1761 4487 quidem
1790 4422 1997 4472 morta-

2109 3315 2369 3385 ἐκστῆναι
2406 3317 2434 3368 6
2470 3316 2753 3386 προφήτης
2780 3315 2872 3367 ἐπὶ
2907 3318 3021 3378 τοῖς
3050 3315 3361 3370 ἀκουσθεῑσι
3391 3316 3487 3369 καὶ
3514 3331 3699 3384 πεφο-

2108 3406 2303 3477 ϐῆσθαι
2335 3406 2607 3477 ὁμολογεῖ,
2653 3407 2908 3475 φάσκων·
2956 3426 2975 3458 ι
3004 3406 3196 3478 Κύριε,
3245 3408 3545 3479 εἱσακήκοα
3590 3407 3699 3481 τεὴν

2105 3498 2276 3569 ἀκοήν
2305 3515 2419 3560 σου,
2454 3499 2547 3552 καὶ
2577 3498 2871 3570 ἐφοϐήθην·
2907 3498 3100 3569 Κύριε,
3128 3498 3428 3570 κατενόησα
3446 3499 3517 3553 τὰ
3547 3498 3697 3570 ἔργα

2106 3608 2221 3655 σου,
2255 3591 2347 3645 καὶ
2392 3590 2633 3662 ἐξέστην.
2668 3611 2685 3642 ι
2706 3592 2764 3644 Ὀ
2790 3593 2980 3664 Σωτὴρ
3004 3592 3059 3647 δὲ
3103 3593 3197 3646 καῖ
3242 3592 3446 3664 Κύριος
3502 3593 3693 3664 ἡμῶν,

2104 3682 2265 3746 αὐτὸς
2291 3676 2445 3745 οὗτος
2487 3683 2516 3735 6
2562 3681 2655 3735 τοῦ
2703 3682 2837 3735 Θεοῦ
2888 3684 3078 3752 Λόγος,
3109 3685 3165 3736 ἐν
3203 3684 3350 3755 μέσῳ
3390 3683 3483 3737 δύο
3527 3685 3695 3749 ζωῶν

2103 3772 2383 3845 ἐγνώσθη·
2419 3773 2796 3845 πληθυντικῶς
2835 3775 3068 3829 ἐνταῦθα
3109 3777 3204 3830 καὶ
3246 3777 3696 3848 περισπωμένως

2101 3862 2210 3916 τῶν
2245 3861 2420 3928 ζωῶν,
2455 3864 2563 3917 ἀπὸ
2600 3864 2778 3917 ἑνικοῦ
2821 3864 2915 3917 τοῦ
2959 3863 3071 3934 τῆς
3099 3864 3246 3933 ζωῆς
3284 3865 3549 3935 ὀνόματος
3596 3867 3696 3932 ἐξ-

2102 3954 2465 4025 ακουομένων.
2491 3954 2565 4005 Οὐ
2585 3954 2694 4025 γάρ
2714 3952 3090 4027 παροξυτόνως
3124 3954 3229 4009 τῶν
3258 3952 3435 4019 ζώων,
3457 3956 3566 4008 ἀπὸ
3586 3957 3691 4009 οῦ-

2099 4043 2317 4115 δετέρου
2349 4044 2443 4099 τοῦ
2469 4043 2608 4108 ζώου
2631 4045 2869 4114 λέγεται,
2894 4045 3029 4099 ἀλλά
3060 4046 3214 4111 ζωῶν
3241 4046 3693 4118 περισπωμένως

2099 4137 2208 4190 ἀπὸ
2230 4135 2597 4209 πληθυντικῆς
2630 4137 2845 4201 εὐθείας
2879 4138 2997 4208 τῆς,
3028 4138 3093 4191 al
3122 4135 3272 4198 ζωαί.
3302 4138 3405 4192 Δύο
3438 4135 3556 4204 οὖν,
3585 4159 3692 4211 φη·

2099 4228 2174 4290 σὶ,
2202 4227 2355 4293 ζωῶν
2383 4228 2549 4299 μέσον
2573 4228 2882 4300 γνωσθήσῃ.
2906 4229 3052 4292 Μιᾶς
3078 4228 3187 4301 γάρ
3214 4227 3380 4300 οὔσης
3402 4230 3504 4301 τῆς
3538 4236 3691 4288 κατά

2096 4321 2228 4374 Θεὸν
2255 4322 2421 4392 ζωῆς,
2447 4323 2539 4376 καὶ
2566 4322 2799 4394 θατέρας
2821 4322 2920 4394 τῆς
2945 4322 3085 4376 κατὰ
3111 4321 3394 4394 ἄνθρωπον
3413 4340 3427 4354 ·
3457 4324 3554 4378 καὶ⁸
3578 4327 3689 4396 τῆς

2100 4416 2196 4486 μὲν
2224 4415 2443 4486 θνητῆς,
2465 4415 2565 4486 τῆς
2589 4415 2645 4468 δέ
2674 4415 2844 4469 ἀϊδίου
2863 4432 2876 4446 ·
2909 4415 3235 4488 ἀμφοτέρων
3261 4416 3490 4480 εἰκότως
3514 4418 3547 4471 6
3579 4420 3689 4474 Κύο

418 4504 510 4571 lis,
547 4507 662 4563 haec
696 4522 826 4563 vero
868 4507 1221 4578 sempiterna,
1273 4510 1470 4565 merito
1525 4524 1650 4563 cum
1706 4516 1993 4580 utramque

2112 4524 2213 4570 ato;
2235 4506 2321 4560 διὰ
2352 4507 2550 4578 πείρας
2578 4505 2765 4570 ἐλθὼν,
2795 4507 2853 4561 ἐν
2886 4506 3035 4578 μέσῳ
3060 4507 3152 4560 δύο
3184 4505 3337 4571 ζωῶν
3367 4511 3686 4583 γνωσθῆναι

416 4608 677 4669 expertus
709 4605 857 4654 esset
881 4598 1167 4660 Dominus,
1199 4606 1363 4668 atque
1415 4614 1483 4654 eo
1537 4598 1700 4654 modo
1726 4599 1990 4666 venisset,

415 4690 473 4746 in
499 4690 679 4746 medio
705 4691 937 4746 duarum
968 4691 1203 4745 vitarum
1232 4706 1355 4746 esse
1383 4690 1636 4761 cognitus
1669 4690 1893 4755 dicitur,
1925 4706 1994 4747 ex

417 4781 873 4852 interpretatione
922 4796 1085 4852 quam
1121 4779 1478 4853 Septuaginta
1515 4780 1823 4836 ediderunt.
1855 4779 1992 4836 Nam

413 4888 483 4928 ex
505 4874 569 4929 ea
591 4888 753 4944 quam
778 4874 975 4944 Aquila
1002 4875 1191 4939 edidit,
1226 4891 1332 4929 non
1359 4875 1511 4939 item,
1537 4874 1632 4929 sed
1667 4874 1747 4929 sic
1769 4893 1782 4929 :
1804 4893 1823 4924 ί
1852 4873 1991 4929 Dum

416 4964 856 5035 appropinquant
884 4966 1034 5029 anni,
1064 4965 1280 5021 vivifica
1335 4964 1491 5019 illud.
1524 4983 1544 5016 ι
1589 4962 1696 5019 Sed
1729 4964 1993 5035 quidnam

413 5062 500 5110 est
522 5055 676 5123 illud,
702 5056 807 5113 nisi
839 5056 982 5127 quod
1011 5057 1088 5112 ait
1119 5077 1132 5113 :
1160 5076 1179 5109 ι
1201 5072 1338 5128 opus
1375 5065 1529 5113 tuum
1553 5056 1576 5110 ?
1600 5075 1619 5109 ι
1647 5055 1988 5113 Theodotion

414 5161 545 5202 vero
573 5148 647 5203 ita
678 5147 757 5203 ait
786 5167 798 5203 :
832 5167 850 5199 ι
887 5148 945 5204 In
971 5148 1153 5204 medio
1189 5164 1457 5206 annorum
1487 5149 1701 5204 viviﬁca
1732 5148 1935 5219 ipsum.
1965 5168 1983 5202 ι

413 5236 482 5293 Et
512 5237 873 5312 Symmachus
906 5260 919 5295 :
955 5260 974 5293 ι
1013 5240 1163 5296 Intra
1218 5257 1392 5298 annos
1433 5241 1760 5297 reviviscere
1794 5240 1880 5295 fac
1913 5241 1993 5311 ip-

412 5347 559 5396 sum,
603 5353 623 5387 ι
651 5333 1038 5405 interpretatus
1059 5347 1162 5391 est.
1185 5333 1322 5389 Cum
1354 5335 1521 5405 igitur
1544 5348 1758 5398 omnes,
1800 5352 1819 5384 ι
1848 5334 1988 5388 vivi-

414 5422 516 5479 ﬁca
563 5424 741 5495 ipsum
766 5467 782 5493 ,
819 5446 838 5478 ι
870 5426 1147 5492 dixerint,
1187 5427 1347 5498 plane
1388 5443 1497 5483 non
1543 5427 1612 5483 de
1656 5427 1986 5498 quibusdam

410 5517 578 5571 veluti
609 5518 806 5582 brutis,
839 5528 932 5572 aut
955 5520 1117 5575 etiam
1148 5520 1357 5575 ratione
1372 5519 1613 5590 praeditis
1634 5520 1984 5583 animalibus,

414 5617 722 5660 Sermonem
751 5621 875 5661 esse
919 5607 1286 5662 declararunt.
1309 5607 1651 5680 Quapropter
1676 5625 1800 5664 cum
1841 5609 1985 5679 apud

2098 4600 2332 4668 λέγεται,
2356 4600 2499 4654 κατά
2523 4600 2620 4672 τὴν
2643 4600 2750 4654 τῶν
2765 4599 3165 4671 Ἐὁδομήκοντα
3181 4602 3500 4674 ἑρμηνείαν.
3517 4607 3685 4660 Κατά

2099 4691 2208 4763 γὰρ
2237 4691 2329 4745 τὸν
2374 4692 2603 4746 Ἀκύλαν
2644 4693 2743 4763 οὐχ
2770 4693 2960 4760 οὕτως,
2991 4694 3126 4759 ἀλλ’,
3158 4713 3176 4746 ι
3200 4696 3288 4748 Ἐν
3328 4695 3405 4766 τῷ
3433 4698 3685 4766 ἐγγίζειν

2098 4780 2167 4834 τὰ
2190 4779 2306 4851 ἐτη,
2344 4780 2564 4846 ζώωσον
2605 4782 2757 4846 αὐτὸ,
2795 4801 2813 4834 ι
2855 4782 3088 4855 εἴρηται.
3114 4784 3180 4838 Τί
3207 4784 3263 4838 δὲ
3286 4785 3438 4849 αὐτὸ,
3476 4787 3510 4858 ἢ
3552 4808 3573 4840 ι
3606 4788 3685 4843 Τὸ

2099 4873 2366 4944 κάτεργόν
2401 4890 2523 4939 σου;
2553 4874 2747 4945 ›,φησί
2776 4874 2922 4929 ·Κα“ι
2960 4878 2989 4929 ὁ
3032 4876 3322 4930 Θεοδοτίων
3369 4878 3427 4931 δέ
3468 4898 3641 4953 φησιν
3663 4901 3681 4914 ·

2105 4984 2124 5017 ι
2148 4966 2235 5018 Ἐν
2263 4965 2411 5037 μέσῳ
2448 4966 2582 5020 ἐτῶν
2626 4964 2842 5030 ζώωσον
2887 4967 3066 5021 αὐτόν.
3094 4988 3111 5020 ι
3146 4970 3256 5022 Καὶ
3292 4971 3321 5022 6
3350 4969 3682 5044 Σύμμαχος,

2102 5073 2121 5107 ι
2145 5055 2327 5119 Ἐντὸς
2363 5055 2471 5110 τῶν
2506 5056 2766 5111 ἐνιαυτῶν
2785 5056 3106 5121 ἀναζώωσον
3127 5058 3309 5122 αὐτὸν,
3337 5078 3357 5111 ι
3377 5060 3678 5116 ἐκδέδωκε.

2097 5146 2302 5210 Πάντες
2333 5142 2425 5201 οὖν
2450 5165 2469 5197 ‹
2493 5146 2710 5212 ζώωσον
2727 5148 2888 5202 αὐτὸν
2909 5168 2929 5201 ι
2960 5148 3221 5215 εἰπόντες,
3255 5150 3464 5221 σαφῶς,
3485 5154 3575 5207 ὅτι
3599 5156 3679 5228 μὴ

2095 5239 2223 5309 περὶ
2262 5232 2372 5291 οἷον
2417 5237 2624 5309 ἀλόγων
2667 5241 2829 5295 τινῶν
2874 5240 2908 5313 ἢ
2952 5241 3185 5311 λογικῶν
3237 5243 3390 5307 ζώων
3437 5247 3469 5299 6
3512 5244 3680 5316 λόγος

2093 5329 2349 5399 τυγχάνει
2365 5330 2731 5403 παρέστησαν.
2755 5332 2844 5386 Διὸ
2865 5333 3013 5405 παρά
3040 5336 3151 5398 τοῖς
3165 5334 3565 5407 Ἐϐδομήκοντα
3586 5338 3680 5393 λε-

2095 5421 2326 5492 γομένου
2358 5423 2473 5488 τοῦ,
2506 5443 2526 5475 ‹
2550 5425 2636 5478 Ἐν
2686 5425 2836 5497 μέσῳ
2882 5425 2974 5480 δύο
3011 5424 3165 5491 ζωῶν
3192 5428 3508 5504 γνωσθήσῃ,
3545 5453 3566 5484 ι
3606 5432 3674 5486 οὐ

2094 5515 2233 5569 κατὰ
2257 5516 2381 5580 τοὺς
2407 5517 2514 5589 πρὸ
2538 5519 2570 5589 ή
2579 5518 2692 5589 μῶν
2714 5518 3092 5591 ἐξειλήφαμεν,
3120 5519 3254 5574 ἀλλά
3275 5521 3369 5575 δύο
3396 5521 3544 5587 ζωάς
3573 5526 3672 5577 τοῦ

2094 5611 2568 5682 προφητευομένου
2599 5611 2886 5682 δηλοῦσθαι
2914 5611 3119 5684 ἔφαμεν
3139 5629 3151 5644 ·
3185 5613 3311 5684 μίαν
3339 5612 3438 5685 μὲν
3465 5611 3573 5687 τὴν
3591 5612 3677 5667 ἒν-

487 5778 508 5799 ”
554 5778 757 5839 Hahae.
778 5798 860 5850 ιιι,
905 5783 1022 5839 1-6.
1099 5786 1143 5817 ⁷⁸
1178 5784 1379 5841 ﬂabac.
1412 5801 1475 5853 ιι,
1500 5788 1551 5842 5.
1632 5790 1675 5821 ⁷⁷
1713 5787 1945 5858 Philipp.
1986 5803 2045 5857 ιι,
2071 5786 2127 5855 6,
2161 5787 2209 5841 7.
