3902 6264
198 337 293 396 με

1098 329 1756 389 DEMONSTRATIONIS
1793 324 2256 385 EVANGELlCrE
2290 325 2420 381 LIB.
2451 324 2542 381 Vl.

3318 298 3437 376 us

199 454 327 515 θεον,
354 448 543 521 ἑτέραν
563 447 620 501 δὲ
651 447 749 519 τὴν
773 446 1136 519 ἀνθρωπίνην.
1166 445 1387 509 Τούτοις
1411 446 1440 498 ὁ
1470 445 1753 517 προφήτης

1858 440 2213 512 Septuaginta
2240 440 2311 495 sit
2334 439 2562 503 dictum,
2584 450 2612 489 τ
2645 437 2705 493 in
2725 435 2903 492 medio
2935 432 3166 491 duarum
3186 431 3423 486 vitarnm

199 543 425 611 ἐπιλέγει
443 558 456 571 ⁸
490 558 509 593 ι
532 540 619 594 Ἐν
650 539 730 611 τῷ
762 540 1094 612 ταραχθῆναι
1121 539 1217 610 τὴν
1244 539 1555 609 ψυχήν,μου
1584 539 1641 591 ὲν
1665 538 1752 609 ὀρ-

199 638 282 707 γῇ,
311 634 491 697 ἐλέους
524 633 840 706 μνησθήσῃ·
873 652 892 684 ι
928 632 1215 696 διδάσκων,
1248 633 1328 685 ὅτι
1370 631 1462 685 τὸν
1507 629 1602 684 τοῦ
1646 630 1751 683 πά-

197 727 311 790 θους
351 723 445 778 τοῦ
492 724 964 796 προφητεύομένου
994 724 1184 797 καιρὸν
1230 722 1452 777 συνιδὼν
1477 722 1555 793 τῷ
1590 720 1749 775 πνεύ-

203 836 337 891 ματι,
365 815 714 887 τεθορύϐητο.
750 816 893 888 Πλὴν
916 816 1029 871 ἀλλ’
1077 819 1137 870 ὲν
1167 814 1318 887 αύτῷ
1360 815 1552 886 τούτῳ,
1594 815 1747 885 φησὶ,

195 912 265 984 τῷ
308 910 505 982 καιρῷ,
553 911 636 979 ἐφ’
697 900 742 977 ᾧ
787 909 887 980 τὴν
936 908 1117 981 ψυχὴν
1172 907 1478 979 ἐταράχθην
1507 947 1523 972 ν
1580 906 1749 978 ὀργῆς

194 1006 294 1067 τοῖς
339 1001 649 1074 ἀνθρώποις
701 1002 1040 1057 οὐδεπώποτε
1082 1002 1267 1057 ἄλλοτε
1315 999 1750 1073 ὲτταιωρηθείσης

194 1096 272 1151 διὰ
310 1095 409 1160 τὰς
456 1095 817 1166 τολμηθείσας
859 1094 998 1149 κατὰ
1041 1095 1134 1149 τοῦ
1166 1096 1373 1166 Κυρίου
1416 1096 1751 1160 δυσσεϐείας,

195 1189 358 1253 ἐλέους
387 1188 556 1252 αὐτὸς
591 1190 621 1241 6
654 1188 1160 1261 φιλανθρωπότατος
1204 1187 1409 1259 Κύριος
1436 1189 1556 1243 ἀντὶ
1580 1188 1748 1260 ὀργῆς

198 1281 456 1354 ἐμνήσθη,
491 1281 637 1335 ὼσὰν
676 1281 881 1350 ἀγαθοῦ
940 1282 1224 1353 τυγχάνων
1259 1283 1467 1356 Πατρὸς
1497 1283 1641 1348 Υἱός.
1675 1284 1749 1337 Τὸ

194 1373 308 1444 γοῦν
340 1374 515 1438 πάθος
540 1374 703 1428 αὐτοῦ
731 1373 809 1445 τῷ
832 1375 992 1429 παντὶ
1024 1375 1211 1447 κόσμῳ
1243 1377 1511 1449 σωτηρίας
1534 1376 1634 1447 τῆς
1660 1394 1752 1431 κα-

194 1464 252 1518 τὰ
277 1464 430 1531 Θεὸν,
462 1467 555 1519 καὶ
582 1466 763 1528 ἐλέους
787 1466 1023 1537 κατέστη
1050 1467 1237 1522 αἴτιον.
1269 1467 1490 1532 Τούτοις
1512 1468 1751 1538 ἐπιλέγε-

192 1572 299 1610 ται”
324 1576 343 1609 ι
364 1554 434 1611 Ὁ
459 1557 591 1621 Θεὸς
614 1558 722 1611 ἀπὸ
748 1558 962 1628 Θαιμὰν
987 1558 1243 1629 haec.in
1268 1558 1324 1612 δὲ
1352 1560 1448 1612 Θαι
1458 1558 1564 1630 μὰν
1597 1577 1751 1631 μετα-

193 1648 514 1719 λαμϐάνεται
559 1652 640 1713 είς
684 1648 779 1719 τὴν
816 1649 1037 1703 Ἐλλάδα
1091 1651 1273 1722 φωνήν
1299 1651 1618 1706 συντέλεια
1636 1668 1649 1681 ·
1675 1651 1750 1715 ὼς

197 1738 343 1809 μηδὲν
370 1738 675 1810 διαφέρειν,
706 1739 756 1790 εἰ
790 1738 974 1807 σαφῶς
1010 1738 1252 1807 ὲλέγετο’
1289 1740 1347 1793 Ὀ
1362 1740 1492 1805 Θεὸς
1513 1742 1605 1794 ἐπὶ
1629 1759 1751 1795 συν-

1858 532 2227 604 cognosceris,
2266 550 2286 583 ι
2320 545 2431 585 non
2483 546 2550 585 ex
2602 529 2873 585 sententia
2934 541 3147 591 eorum,
3179 524 3273 597 qui
3321 539 3424 579 nos

1858 630 2289 689 antecesserunt,
2326 622 2431 677 hoc
2474 622 2785 691 accepimus
2809 663 2824 685 ,
2856 620 2951 676 sed
2983 618 3121 673 duas
3165 615 3308 686 ejus,
3356 615 3425 671 de

1857 732 1967 789 quo
1994 716 2278 789 prophetia
2324 714 2592 787 loquitur,
2624 714 2764 770 vitas
2816 710 3111 784 signiﬁcari
3163 709 3422 774 diximus,

1857 825 2020 865 unam
2057 809 2274 880 quidem
2302 808 2543 863 divinam
2571 847 2587 873 ,
2648 806 2872 860 alteram
2921 819 3051 859 vero
3107 802 3422 856 humanam.

1857 903 1955 961 His
1983 919 2105 975 qua:
2137 904 2280 958 dicta
2307 908 2457 969 sunt,
2499 900 2764 972 propheta
2813 898 3070 968 deinceps
3121 894 3369 966 adjungit
3405 911 3420 946 :

1863 1015 1883 1049 ι
1921 996 2058 1051 Dum
2088 996 2403 1067 perturbata
2431 992 2598 1049 fuerit
2643 993 2825 1048 anima
2865 1005 2984 1045 mea
3007 992 3063 1044 in
3088 990 3208 1054 ira,
3251 986 3423 1041 mise-

1856 1089 2109 1145 ricordia:
2140 1103 2350 1144 memor
2394 1087 2504 1144 cris
2537 1105 2554 1153 ;
2594 1106 2613 1138 ι
2651 1087 2731 1143 sic
2763 1084 2980 1139 interim
3020 1083 3243 1158 docens,
3277 1076 3422 1149 quod

1856 1196 1981 1236 cum
2017 1180 2213 1252 spiritu
2242 1188 2452 1250 tempus
2482 1178 2613 1234 illud
2643 1177 2993 1249 providisset,
3024 1189 3132 1246 quo
3157 1184 3425 1243 passurus

1855 1282 1975 1330 erat
1999 1275 2047 1330 is
2073 1274 2141 1329 de
2167 1289 2274 1344 quo
2317 1274 2435 1343 ipsa
2486 1269 2773 1342 prophetia
2804 1267 3039 1333 texitur,
3075 1263 3427 1336 perturbatus

1856 1370 1949 1423 sit.
1982 1366 2147 1437 280
2200 1363 2590 1420 Verumtamen
2641 1362 2697 1415 in
2728 1360 2831 1413 hoc
2860 1358 2981 1430 ipso
3028 1365 3297 1425 tempore,
3341 1350 3427 1404 in-

1855 1459 1995 1530 quit,
2031 1460 2085 1513 in
2125 1472 2235 1527 quo
2285 1455 2468 1509 animo
2521 1452 2875 1523 perturbatus
2929 1465 3089 1515 sum,
3139 1455 3427 1518 propterea

1857 1547 2002 1620 quod
2035 1548 2173 1603 alias
2213 1559 2482 1617 nusquam
2526 1542 2652 1596 talis
2683 1540 2996 1595 hominibus
3044 1540 3118 1593 ita
3145 1534 3425 1605 impende-

1855 1641 1949 1705 rit,
1984 1646 2206 1710 propter
2228 1637 2472 1693 facinora
2500 1633 2765 1689 adversus
2813 1630 3102 1686 Dominum
3148 1635 3428 1698 perpetra-

1855 1740 1935 1792 ta.
1967 1730 2361 1789 misericordiae
2391 1729 2507 1801 ipse
2531 1726 2996 1783 clementissimus
3021 1720 3286 1775 Dominus
3318 1733 3428 1772 non

192 1831 355 1903 τελείᾳ
392 1831 537 1901 ἥξει.
592 1832 713 1884 Ἐπὶ
742 1831 851 1903 γὰρ
902 1831 1179 1902 συντελείᾳ
1209 1832 1303 1886 τοῦ
1346 1833 1539 1898 αίῶνος
1570 1835 1665 1888 καὶ
1689 1836 1748 1888 ὲν

1857 1825 1945 1879 ira:
1972 1823 2290 1879 recordatus
2309 1829 2413 1886 est,
2439 1826 2626 1890 utpote
2655 1817 2894 1889 quiboni
2925 1813 3104 1868 Patris
3139 1812 3210 1868 sit
3230 1810 3424 1871 Filius.

192 1925 293 1987 ταῖς
317 1925 582 1993 ἐσχάταις
604 1925 828 1991 ταύταις
852 1927 1089 1999 ἡμέραις
1129 1928 1396 2000 ὲπέφηνεν
1431 1931 1561 2001 ἡμῖν
1593 1932 1626 2001 ή
1656 1928 1749 1983 τοῦ

1857 1915 2087 1971 Proinde
2117 1922 2420 1971 extremum
2462 1913 2609 1968 illius
2634 1910 2964 1981 supplicium
3008 1906 3202 1962 salutis
3235 1918 3428 1959 secun-

191 2014 308 2070 Θεοῦ
332 2016 450 2069 τῶν
474 2017 611 2071 ὅλων
636 2016 723 2071 διὰ
748 2018 843 2071 τοῦ
877 2020 1125 2091 Σωτῆρος
1152 2017 1306 2090 ἡμῶν
1332 2021 1753 2090 εὐεργεσία.Τά-

193 2122 251 2175 χα
276 2106 329 2158 δὲ
371 2108 467 2160 καὶ
496 2108 595 2178 τὴν
632 2107 889 2179 δευτέραν
919 2109 1080 2162 αὐτοῦ
1112 2111 1205 2163 καὶ
1229 2109 1436 2175 ἔνδοξον
1461 2115 1518 2165 ὲν
1544 2110 1752 2176 τούτοις

190 2197 360 2268 ἄφιξιν
406 2198 681 2264 θεσπίζει·
732 2200 872 2254 ὥστε
917 2201 1024 2255 ἀπὸ
1062 2203 1252 2274 ἑτέρας
1288 2203 1752 2273 ἀναγινώσκεσθαι

190 2292 352 2364 ἀρχῆς
384 2293 455 2347 τὰ
481 2293 589 2346 ἀπὸ
630 2295 743 2357 τοῦ,
776 2314 795 2346 ι
816 2295 874 2347 '0
905 2294 1035 2360 Θεὸς
1068 2298 1176 2350 ἀπὸ
1211 2297 1422 2368 Θαιμὰν
1454 2297 1592 2369 ἥξει,
1630 2318 1648 2351 ι
1678 2300 1753 2363 ὼς

191 2384 271 2435 ἐπὶ
319 2383 605 2456 συντελείᾳ
645 2384 740 2437 τοῦ
794 2385 987 2450 αἰῶνος
1033 2387 1251 2457 ἥξοντος
1291 2388 1477 2452 αὐτοῦ,
1514 2389 1623 2442 ἀπὸ
1646 2389 1752 2442 τῶν

192 2476 316 2530 κατὰ
362 2476 433 2530 τὰ
473 2477 622 2530 νότια
668 2477 807 2549 μέρη
857 2478 949 2531 τοῦ
982 2479 1231 2547 ούρανοῦ.
1265 2480 1752 2551 Μεταλαμϐάνεται

190 2567 283 2640 γὰρ
320 2567 539 2638 Θαιμὰν
569 2569 648 2631 είς
676 2568 766 2621 τὸν
793 2570 1003 2623 Νότον.
1034 2554 1233 2641 Ᾱιὸπερ
1266 2573 1294 2624 6
1322 2570 1610 2625 Θεοδοτίων
1638 2571 1756 2626 τοῦ·

188 2677 267 2713 τον
310 2659 602 2732 ἑρμηνεύει
659 2660 751 2712 τὸν
806 2661 1036 2734 τρόπον·
1088 2680 1107 2713 ι
1144 2662 1202 2716 Ὀ
1252 2661 1383 2726 Θεὸς
1427 2663 1533 2717 ἀπὸ
1558 2663 1751 2717 Νοτίου

188 2755 315 2826 ήξει.
350 2775 370 2807 ι
401 2754 478 2808 Τὸ
502 2755 561 2809 δὲ
593 2756 719 2827 ἑξῆς
749 2756 1072 2827 εἰρημένον,
1111 2776 1128 2807 ι
1152 2758 1261 2811 Καὶ
1281 2759 1309 2811 6
1332 2757 1485 2827 ἅγιος
1513 2759 1570 2825 ἐξ
1596 2759 1754 2831 ὅρους

192 2846 500 2909 κατασκίου,
517 2846 725 2910 δασέος,
749 2865 769 2898 ι
787 2849 1019 2918 νοήσεις,
1040 2848 1299 2919 παραθεὶς
1312 2848 1410 2913 τὰς
1421 2849 1590 2913 οὓτως
1609 2850 1755 2922 ἐχού-

191 2952 280 3000 σας
307 2939 365 2989 ὲν
387 2936 469 3007 τῷ
489 2938 734 3010 Ζαχαρία
765 2939 948 3007 φωνάς
966 2955 979 2969 ·
1006 2958 1024 2990 ι
1049 2938 1296 3011 Ἑώρακα
1320 2940 1418 3013 τὴν
1448 2942 1637 3006 νύκτα,
1660 2944 1755 2996 καὶ¹

192 3028 291 3082 ιδοὺ
323 3029 466 3100 ἀνὴρ
515 3029 856 3101 ἐπιϐεϐηκὼς
888 3032 980 3085 ἐπὶ
1013 3031 1175 3085 ἵππον
1208 3034 1436 3107 πυρρὸν,
1465 3035 1557 3089 καὶ
1601 3027 1754 3104 οὗτος

190 3121 421 3192 εἱστήκει
475 3122 577 3176 ἀνὰ
628 3123 788 3193 μέσον
835 3122 945 3175 τῶν
994 3123 1164 3195 ὀρέων
1206 3125 1315 3180 τῶν
1361 3128 1689 3183 κατασκίων.
1730 3148 1749 3181 ι

1852 2010 1980 2065 dutn
2022 2007 2212 2075 Deum,
2240 2014 2295 2062 et
2324 2003 2714 2061 misericordiae
2743 2001 2843 2057 toti
2875 1998 3080 2054 mundo
3138 2010 3303 2051 causa
3332 2008 3428 2049 ex-

1854 2101 2012 2157 stitit.
2048 2098 2310 2170 Sequitur
2340 2096 2475 2151 illud
2512 2114 2525 2150 :
2555 2113 2574 2146 ι
2607 2093 2752 2149 Deus
2773 2092 2842 2148 de
2870 2090 3133 2145 Thaeman
3156 2086 3355 2141 veniet.
3398 2101 3420 2137 ι

1853 2193 2030 2252 Dictio
2064 2200 2246 2248 autem
2278 2192 2373 2246 illa
2409 2188 2689 2251 Thzeman,
2723 2186 2770 2243 si
2802 2186 2859 2239 in
2888 2191 3137 2239 nostram
3184 2181 3425 2251 linguam

1854 2290 2232 2346 convertatur,
2280 2281 2666 2337 consummatio
2693 2286 2809 2343 est,
2842 2284 2901 2332 ut
2928 2275 3067 2331 nihil
3104 2273 3338 2336 intersit,
3378 2271 3428 2326 si

1856 2378 2002 2433 clare
2077 2376 2282 2429 dictum
2344 2373 2562 2428 fuerit:
2622 2371 2766 2427 Deus
2832 2370 2888 2423 in
2956 2364 3428 2422 consummatione

1853 2467 2051 2522 veniet.
2104 2464 2239 2519 Nam
2289 2464 2349 2518 in
2406 2461 2879 2517 consummatione
2948 2456 3132 2513 saeculi
3180 2494 3194 2519 ,
3254 2463 3309 2508 et
3369 2452 3428 2505 in

1853 2559 2003 2613 hisce
2042 2556 2303 2612 extremis
2357 2554 2551 2610 diebus
2607 2568 2705 2624 per
2743 2550 3084 2604 Salvatorem
3154 2553 3424 2607 nostrum,

1855 2647 2054 2704 summi
2086 2646 2182 2701 Dei
2215 2645 2372 2701 nobis
2389 2642 2568 2698 illuxit
2589 2639 2971 2696 beneﬁcentia.
2995 2632 3428 2691 Fortasseetiam

1855 2740 2156 2799 secundum
2183 2738 2452 2809 ejusdem,
2488 2736 2899 2804 gloriosumque
2921 2733 2977 2787 in
3006 2731 3093 2787 his
3124 2727 3307 2785 verbis
3330 2725 3427 2781 ad-

1852 2845 2076 2893 ventum
2104 2835 2273 2899 canit,
2309 2840 2367 2888 ut
2410 2832 2583 2887 altero
2611 2828 2768 2885 initio
2821 2826 2989 2890 facto,
3049 2822 3276 2895 legenda
3317 2819 3430 2875 sint

1854 2928 2022 2984 verba
2052 2928 2121 2982 ab
2152 2928 2245 2981 illo
2274 2926 2397 2981 loco
2435 2944 2447 2979 :
2483 2943 2502 2976 ι
2548 2921 2694 2978 Deus
2746 2923 2814 2978 de
2858 2919 3117 2974 Tliaaman
3162 2913 3366 2974 veniet,
3402 2929 3422 2962 ι

1856 3030 2115 3093 tanquam
2144 3020 2190 3077 si
2219 3021 2274 3075 in
2292 3016 2768 3074 consummatione
2799 3012 2985 3070 saeculi
3013 3012 3131 3081 ipse
3161 3014 3429 3062 venturus

1857 3115 1930 3170 sit
1959 3115 2027 3170 ab
2060 3114 2149 3178 iis,
2177 3112 2269 3183 qui
2302 3112 2371 3165 ad
2422 3111 2694 3167 australes
2751 3107 2876 3162 caeli
2923 3112 3108 3175 partes
3155 3105 3426 3172 spectant.

192 3214 378 3268 Τοῦτον
411 3214 544 3284 γοῦν
573 3216 664 3269 τὸν
691 3216 1057 3288 ἐπιϐεϐηκότα
1081 3219 1174 3272 ἐπὶ
1202 3220 1365 3275 ἵππον
1395 3221 1623 3294 πυρρὸν,
1654 3223 1750 3276 καὶ

1857 3207 2133 3277 Accipitur
2156 3205 2303 3261 enim
2358 3203 2618 3258 Thmman
2653 3215 2752 3272 pro
2794 3214 2860 3255 eo
2888 3195 3036 3268 quod
3084 3200 3169 3249 est
3215 3191 3428 3246 Auster.

191 3307 389 3362 ἑστῶτα
421 3307 528 3363 ἀνὰ
564 3308 727 3378 μέσον
766 3309 875 3362 τῶν
900 3310 1068 3381 ὀρέων
1100 3312 1209 3365 τῶν
1236 3313 1566 3378 κατασκίων,
1594 3315 1753 3368 αὐτὸν

192 3398 417 3469 ἡγοῦμαι
445 3393 587 3451 εἶναι
611 3398 701 3451 τὸν
732 3400 789 3453 ὲν
812 3402 879 3471 τῇ
909 3402 1046 3471 μετὰ
1073 3406 1258 3475 χεῖρας
1282 3403 1609 3475 δηλούμενον
1630 3421 1757 3476 προ-

194 3489 398 3560 φητείᾳ,
418 3488 702 3560 φασκούσῃ
719 3489 808 3543 τὸν
827 3490 979 3558 ἆγιον
1010 3489 1158 3561 ἥξειν
1178 3492 1237 3559 ἐξ
1265 3491 1424 3563 ὅρους
1438 3492 1752 3559 κατασκίου,

192 3579 386 3644 δασέος.
405 3582 496 3634 Ἐν
530 3581 810 3652 ἑκατέροις
854 3582 984 3652 γοῦν
1032 3584 1132 3655 ὅρη
1184 3585 1454 3639 κατάσκια
1487 3584 1751 3639 λέλεκται·

195 3673 279 3726 καὶ
308 3671 548 3743 ἠγοῦμαι
576 3673 670 3727 τοῦ
710 3657 1036 3745 παραδείσου
1071 3674 1163 3728 τοῦ
1201 3675 1334 3729 Θεοῦ
1364 3676 1670 3746 τυγχάνειν,
1697 3676 1756 3730 ὃν

196 3761 474 3829 ἐφύτευσεν
510 3763 570 3815 ἐν
615 3762 775 3833 Ἐδὲμ
798 3764 938 3817 κατά
965 3764 1249 3828 ἀνατολὰς,
1282 3765 1314 3835 ἢ
1353 3765 1570 3836 καὶτῆς
1596 3767 1757 3818 ἐπου-

200 3855 364 3926 ρανίου
404 3856 761 3928 Ἰερουσαλήμ
781 3874 794 3889 ο
820 3856 925 3929 ὅρη
954 3856 1066 3931 ,γὰρ
1094 3857 1276 3929 κύκλῳ
1308 3859 1496 3929 αὐτῆς,
1530 3857 1623 3911 καὶ
1652 3848 1758 3911 Κύ-

198 3961 300 4017 ριος
327 3946 511 4018 κύκλῳ
531 3947 626 4001 τοῦ
657 3947 787 4002 λαοῦ
814 3949 999 4003 αὑτοῦ.
1025 3949 1210 4004 Ταῦτα
1233 3950 1362 4019 γοῦν
1381 3950 1466 4004 διὰ
1491 3950 1551 4003 τὸ
1575 3950 1756 4022 πλήρη

197 4038 468 4109 τυγχάνειν
523 4038 683 4093 θείων
738 4042 1018 4112 δυνάμεων
1063 4042 1157 4094 καὶ
1198 4041 1520 4113 πνευμάτων
1564 4043 1753 4109 ἁγίων,

199 4127 329 4183 ὼσὰν
350 4130 608 4201 σύμφυτα
631 4131 724 4184 καὶ
742 4131 1051 4203 ἀμφιλαφῆ,
1072 4131 1342 4203 κατάσκια
1362 4131 1598 4201 λέγεται.
1618 4132 1756 4185 Ἀλλ’

200 4220 251 4273 ὲν
290 4217 383 4292 μὲν
414 4223 494 4293 τῷ
527 4224 774 4296 Ζαχαρίᾳ
806 4224 992 4295 σαφῶς
1032 4226 1172 4298 ἀνὴρ
1211 4224 1575 4297 ἐποχούμενος
1607 4225 1758 4297 ἵππῳ

202 4313 374 4384 ωρῤᾠ
408 4313 696 4384 θεωρεῖται
740 4313 907 4385 αὐτῷ,
936 4314 1037 4384 τῆς
1063 4313 1156 4368 τὸῦ
1191 4316 1441 4387 Σωτῆρος
1483 4314 1638 4387 ήμῶν
1674 4317 1760 4369 ἑν-

201 4400 610 4475 ανθρωπήσεως,
646 4404 739 4457 καὶ
769 4404 869 4475 τῆς
901 4405 1120 4476 σαρκὸς,
1201 4407 1551 4478 ἐπωχήσατο,
1577 4406 1760 4478 δηλου-

204 4492 372 4564 μένης.
388 4495 657 4549 Ἐνταῦθα
705 4495 762 4549 δὲ
818 4496 1020 4568 Κύριος
1071 4499 1166 4552 καὶ
1224 4499 1375 4567 ἆγιος
1425 4499 1755 4573 ὠνόμασται.

1854 3299 2123 3366 Quocirca
2164 3296 2509 3353 Theodotion
2562 3294 2629 3348 ad
2682 3294 2829 3348 hunc
2882 3291 3277 3360 interpretatus
3345 3286 3433 3338 est

1853 3394 2077 3449 modum
2112 3411 2128 3447 :
2176 3409 2195 3442 ‹
2230 3389 2375 3444 Deus
2402 3389 2473 3443 ab
2500 3389 2703 3442 Austro
2754 3383 2956 3439 veniet.
3005 3399 3024 3431 ι
3055 3376 3208 3446 Quod
3248 3384 3432 3431 autem

1855 3485 2141 3555 sequitur:
2176 3501 2194 3536 ι
2234 3481 2301 3535 Et
2330 3487 2555 3537 sanctus
2585 3478 2653 3533 de
2675 3483 2860 3531 monte
2880 3473 3142 3529 umbroso
3170 3469 3377 3524 denso:
3405 3484 3425 3519 ι

1855 3577 2060 3648 poteris
2083 3573 2406 3644 intelligere,
2438 3573 2485 3626 si
2512 3586 2634 3641 qua:
2650 3570 2706 3624 in
2728 3567 2991 3622 Zacharia
3019 3567 3099 3619 sic
3123 3577 3183 3618 se
3205 3562 3430 3625 habent,

1856 3668 2174 3742 apposueris
2200 3680 2365 3721 voces
2395 3683 2409 3719 :
2444 3682 2464 3715 ι
2487 3662 2611 3717 Vidi
2639 3659 2736 3731 per
2765 3669 3006 3721 noctem,
3029 3662 3083 3712 et
3098 3669 3224 3708 ecce
3239 3653 3324 3707 vir
3342 3666 3433 3705 as-

1855 3762 2096 3819 cendens
2129 3775 2295 3830 super
2324 3772 2526 3828 equum
2584 3754 2793 3816 rufum,
2850 3757 2905 3805 et
2934 3749 3025 3804 hic
3065 3746 3244 3803 stabat
3290 3744 3434 3798 inter

1855 3861 2072 3910 montes
2124 3852 2416 3907 umbrosos
2449 3847 2516 3901 ⁷⁸.
2556 3866 2575 3898 ι
2614 3843 2772 3898 Hunc
2828 3842 2996 3911 igitur
3038 3838 3133 3909 qui
3186 3834 3433 3891 ascendit

1858 3963 2024 4019 super
2057 3960 2258 4018 equum
2287 3942 2496 4006 rufum,
2533 3948 2587 3995 et
2612 3937 2822 3993 insistit
2878 3935 3022 3989 inter
3056 3937 3272 3987 montes
3310 3942 3435 3983 utn-

1855 4041 2073 4104 brosos,
2107 4038 2287 4108 ipsum
2312 4035 2463 4089 illum
2484 4038 2618 4102 puto
2646 4044 2771 4085 esse
2802 4027 2897 4098 qui
2925 4026 2980 4079 in
3011 4020 3269 4095 praasenti
3300 4035 3431 4091 pro-

1855 4130 2040 4202 phetia
2091 4126 2452 4198 signiﬁcatur,
2502 4135 2624 4191 quae
2676 4118 2773 4182 ait,
2810 4134 2828 4167 ι
2863 4124 3112 4171 sanctum
3146 4118 3434 4165 venturum

1857 4223 1924 4278 de
1950 4228 2132 4276 monte
2162 4218 2425 4273 umbroso
2454 4213 2649 4269 denso.
2680 4231 2699 4263 ι
2727 4209 2889 4264 Certe
2903 4205 3192 4275 utrobique
3220 4208 3436 4265 montes

1856 4313 2105 4371 umbrosi
2136 4312 2438 4372 habentur;
2470 4316 2524 4362 et
2560 4304 2799 4359 arbitror
2826 4315 2951 4356 esse
2978 4314 3073 4353 eos
3100 4297 3152 4351 in
3181 4294 3437 4365 paradiso

1857 4407 1975 4471 Dei,
2032 4420 2194 4477 quem
2246 4401 2512 4474 plantavit
2571 4400 2628 4453 in
2675 4396 2825 4451 Eden
2880 4392 2949 4446 ad
2982 4392 3297 4452 Orientem;
3343 4390 3436 4438 aut

1858 4501 2019 4555 etiam
2050 4476 2196 4569 apud
2245 4495 2522 4565 caelestem
2570 4487 2872 4544 Jerusalem
2900 4503 2915 4545 ;
2948 4490 3162 4537 montes
3198 4479 3342 4534 enim
3379 4476 3435 4529 in

212 4583 287 4649 Ὠς
317 4586 422 4661 γὰρ
463 4589 532 4641 ἐκ
572 4588 706 4642 Θεοῦ
741 4591 821 4654 είς
855 4589 1177 4661 ἀνθρώπους
1201 4590 1299 4663 τὴν
1327 4592 1508 4660 ἄφιξιν
1537 4568 1754 4663 nectet-q-

1864 4568 2103 4648 circuitu
2153 4591 2296 4659 ejus,
2322 4594 2376 4642 et
2419 4582 2685 4638 Dominus
2715 4579 2770 4633 in
2803 4575 3039 4631 cireuitu
3078 4571 3264 4642 populi
3325 4568 3431 4623 sui.

206 4677 353 4747 μένος
381 4721 396 4744 ,
454 4681 550 4734 καὶ
602 4680 750 4734 ὡσὰν
796 4683 860 4735 ἐκ
910 4682 1019 4738 τῶν
1062 4682 1349 4755 θειοτέρων
1392 4686 1607 4756 χωρίων
1651 4686 1764 4739 ἐπι-

202 4773 447 4843 φοιτήσας
473 4810 491 4835 ,
538 4772 787 4842 λέγεται·
846 4792 865 4825 ι
911 4775 969 4828 Ὀ
1017 4774 1149 4839 Θεὸς
1199 4776 1306 4829 ἀπὸ
1349 4776 1562 4848 Θαιμὰν
1604 4777 1760 4849 ἥξει,

202 4862 286 4915 καὶ
351 4867 380 4920 6
458 4866 619 4934 ἅγιος
693 4865 756 4930 ἐξ
820 4865 980 4938 ὅρους
1067 4867 1388 4933 κατασκίου,
1450 4867 1659 4932 δασέος.
1737 4890 1756 4923 ι

201 4947 320 5008 Εἶτα
343 4956 470 5027 ἑξῆς
499 4956 771 5026 ὲπιλέγει’
836 4975 853 5008 ι
906 4956 1201 5027 Ἐκάλυψεν
1236 4959 1496 5029 οὐρανοὺς
1526 4961 1560 5031 ή
1593 4961 1761 5034 ἀρετὴ

200 5044 381 5112 αὐτοῦ,
427 5048 525 5102 καὶ
572 5048 668 5119 τῆς
715 5048 975 5112 αἰνέσεως
1021 5047 1185 5103 αὑτοῦ
1234 5049 1498 5122 πλήρηςή
1528 5051 1628 5122 γῆ,
1662 5053 1759 5107 κα)¹

202 5135 384 5207 φέγγος
406 5140 572 5194 αὑτοῦ
606 5140 682 5203 ὡς
715 5140 828 5210 φῶς
860 5139 1029 5194 ἔσται.
1057 5161 1075 5192 ι
1113 5142 1189 5193 Δι’
1220 5132 1295 5195 ὧν
1323 5142 1357 5211 ἦ
1390 5158 1450 5196 τε
1481 5144 1562 5205 είς
1592 5143 1756 5215 ούρα-

201 5229 311 5293 νοὺς
339 5230 545 5299 ἔνδοξος
575 5231 743 5286 αὐτοῦ
778 5232 1023 5303 βασιλεία
1056 5232 1406 5305 παρίσταται,
1435 5234 1529 5288 καὶ
1560 5238 1593 5307 ή
1622 5236 1761 5307 μετὰ

201 5320 352 5375 ταῦτα
392 5325 663 5396 γενομένη
705 5343 763 5378 τε
804 5326 898 5379 καλ¹
943 5327 1036 5380 ἐπὶ
1080 5327 1260 5381 πλεῖον
1303 5330 1640 5401 γενησομένη
1681 5332 1760 5394 εἰς

202 5415 364 5470 πᾶσαν
388 5420 485 5490 τὴν
511 5419 617 5489 γῆν
650 5419 746 5488 τῆς
782 5420 908 5491 περὶ
954 5420 1118 5473 αὐτοῦ
1160 5420 1505 5484 διδασκαλίας
1532 5420 1757 5487 αῖνεσις.

202 5503 267 5558 Τὸ
294 5506 378 5572 δὲ,
410 5528 429 5561 ι
460 5510 687 5583 Κέρατα
719 5513 778 5564 ὲν
812 5514 929 5575 ταῖς
962 5514 1146 5583 χερσὶν
1174 5511 1334 5566 αὐτοῦ
1357 5554 1370 5578 ,
1416 5532 1434 5564 ›
1468 5514 1565 5584 τῆς
1602 5512 1757 5583 βασι-

201 5590 331 5659 λείας
365 5600 527 5655 αὐτοῦ
567 5600 636 5654 τὰ
673 5599 919 5671 σύμϐολα
945 5601 1095 5673 δηλοῖ
1120 5618 1131 5630 °
1168 5602 1235 5656 δι’
1274 5596 1348 5658 ὧν
1381 5603 1627 5675 κεράτων
1659 5602 1756 5666 τὰς

259 5774 299 5806 ’⁸
330 5776 489 5833 Zach.
515 5796 555 5845 ι,
589 5780 645 5834 8.

1864 4684 1927 4739 Hi
1985 4698 2116 4754 ergo
2156 4690 2394 4741 montes,
2422 4691 2488 4731 eo
2516 4673 2660 4744 quod
2709 4670 2908 4727 divinis
2968 4664 3334 4738 potestatibus
3382 4668 3439 4714 et

1862 4772 2070 4831 sanctis
2101 4770 2387 4843 spiritibus
2411 4765 2596 4822 referti
2628 4764 2760 4826 sint,
2791 4759 2953 4831 quasi
2981 4756 3180 4813 consiti
3206 4762 3259 4811 et
3289 4754 3438 4822 large

1860 4865 1947 4922 his
1971 4864 2354 4925 exuberantes,
2383 4856 2627 4913 umbrosi
2679 4854 2956 4909 dicuntur.
2996 4850 3062 4904 Et
3090 4850 3144 4903 in
3171 4846 3434 4903 Zaeharia

1860 4956 2087 5028 quidem
2106 4954 2266 5024 plane
2292 4952 2376 5007 vir
2396 4949 2666 5014 cernitur,
2695 4946 2790 5017 qui
2811 4959 2955 5015 equo
2979 4942 3107 4998 rufo
3137 4940 3432 5001 invehitur,

1864 5061 1991 5104 cum
2037 5046 2109 5101 sit
2134 5044 2355 5099 interim
2402 5039 2705 5096 Salvatoris
2739 5036 2939 5101 nostri,
2983 5044 3036 5090 et
3070 5034 3311 5088 humana
3346 5045 3437 5086 as-

1866 5144 2084 5208 sumpta
2132 5148 2348 5199 natura,
2384 5141 2439 5189 et
2467 5147 2671 5201 corpus
2701 5144 2808 5200 quo
2831 5127 2992 5199 quasi
3019 5124 3272 5182 vehiculo
3312 5129 3435 5176 ute-

1865 5233 2049 5296 batur,
2110 5229 2458 5294 declaretur;
2491 5232 2546 5279 at
2573 5225 2665 5279 hic
2694 5223 2838 5278 Deus
2870 5228 2925 5277 et
2989 5225 3213 5274 sanctus
3260 5213 3437 5269 nomi-

1866 5332 2030 5379 natus
2058 5330 2162 5379 est.
2196 5320 2477 5390 Tanquam
2529 5317 2676 5373 enim
2706 5317 2753 5370 is
2782 5313 2877 5384 qui
2922 5327 2953 5365 a
2983 5311 3093 5364 Deo
3144 5307 3213 5362 ad
3260 5304 3438 5360 homi-

1863 5432 1964 5472 nes
2015 5415 2383 5469 descensurus
2436 5417 2605 5474 esset,
2656 5415 2711 5462 et
2760 5413 3021 5474 tanquam
3088 5399 3155 5454 de
3209 5397 3436 5451 divinio-

1861 5509 2014 5564 ribus
2043 5507 2180 5562 locis
2215 5504 2597 5576 profecturus,
2655 5498 2857 5555 dicitur
2909 5495 3053 5549 Deus
3084 5491 3152 5546 de
3177 5488 3440 5544 Thaemu.

1860 5608 2158 5668 venturus,
2203 5606 2258 5654 et
2305 5604 2530 5655 sanctus
2581 5592 2649 5649 de
2698 5597 2883 5646 monte
2934 5585 3194 5641 umbroso
3244 5578 3436 5636 denso.
