3902 6264
522 349 626 404 447

1186 339 1457 400 EUSEBII
1494 334 1968 396 CAESARIENSIS
2005 333 2153 391 OPP.
2190 332 2370 388 PARS
2404 333 2472 389 ll.
2510 365 2581 376 —
2617 328 3112 391 APOLOGETICA.
3620 341 3697 401 ιεε

520 469 680 539 28]
714 467 977 536 Deinceps
1007 460 1291 532 adjungit:
1332 477 1351 511 ι
1383 457 1681 529 Cooperuit
1713 455 1881 510 cmlos
1910 453 2066 507 virtu:

2189 454 2453 526 ἀοράτους
2484 454 2577 507 καὶ
2609 451 2987 521 ἀντικειμένας
3037 450 3292 520 δυνάμεις
3318 448 3607 522 ὠθούμενος
3623 460 3697 512 καί

518 563 659 632 ejus,
683 571 737 615 et
759 559 936 615 laudis
965 558 1085 627 ejus
1114 555 1272 625 plena
1305 559 1390 608 est
1417 561 1583 614 terra,
1608 556 1661 604 et
1686 545 1943 619 splendor
1962 544 2083 615 ejus

516 659 578 707 ut
613 652 792 705 lumen
819 650 943 704 erit.
978 668 997 702 ι
1033 646 1244 713 Quibus
1266 645 1452 713 utique
1480 641 1682 703 verbis,
1707 638 1867 695 simul
1892 644 1946 692 et
1965 636 2081 708 glo-

458 814 465 821 ~
516 747 720 801 riosum
765 744 886 814 ejus
944 743 1000 797 in
1049 742 1191 797 ctelo
1223 754 1453 811 regnum
1500 735 1831 800 ostenditur,
1877 740 1932 788 et
1961 748 2083 804 quae

515 840 748 909 posthac
780 837 963 891 futura
994 844 1098 901 est,
1132 818 1458 904 longiusque
1486 831 1769 893 duratura,
1820 835 1982 897 atque
2024 826 2081 880 in

512 946 729 985 omnem
758 937 960 984 terram
1005 933 1378 999 penetratura,
1412 923 1696 987 doctrinae,
1730 934 1851 991 qua)
1888 918 1955 973 de
1987 917 2082 971 illo

512 1020 707 1084 fertur,
742 1021 1000 1074 laudatio.
1023 1016 1159 1072 Illud
1191 1024 1409 1073 autem:
1452 1034 1470 1068 ι
1507 1013 1727 1070 Cornua
1752 1013 1806 1065 in
1826 1009 2080 1064 manibus

513 1115 654 1185 ejus,
698 1133 718 1165 ›
755 1112 908 1183 regni
940 1111 1060 1181 ejus
1094 1110 1325 1180 insignia
1355 1117 1408 1163 et
1440 1114 1600 1161 notas
1633 1102 1923 1175 signiﬁcat,
1955 1099 2079 1171 qui-

511 1206 616 1260 bus
662 1205 945 1268 cornibus,
996 1202 1298 1258 invisibiles
1330 1211 1492 1270 atque
1521 1198 1877 1252 adversantes
1918 1199 2076 1263 pote—

512 1304 682 1352 states
712 1297 1005 1366 repellens,
1035 1303 1088 1349 et
1118 1295 1291 1349 victas
1334 1292 1589 1347 obtinens
1649 1287 1841 1358 abigit.
1874 1283 2079 1340 Ordine

510 1389 597 1445 his
622 1390 881 1459 deinceps
911 1388 1195 1459 adjungit:
1231 1405 1250 1436 ι
1285 1384 1351 1439 Ει
1371 1383 1555 1456 posuit
1582 1380 1929 1436 dilectionem
1968 1375 2078 1430 for-

508 1488 618 1536 tem
650 1480 867 1535 roboris
915 1480 1021 1535 sui.
1078 1499 1095 1531 ι
1144 1479 1209 1532 Et
1257 1491 1387 1532 sane
1416 1472 1751 1530 vehementis
1775 1466 2077 1525 ali'ectionis

507 1574 630 1645 ejus
661 1588 725 1627 ac
757 1572 1066 1627 dilectionis
1094 1584 1221 1639 erga
1272 1568 1523 1623 homines
1580 1564 1841 1619 indicium
1905 1559 2077 1614 maxi-

508 1681 656 1722 mum
690 1665 878 1729 fuerit,
900 1664 1044 1735 quod
1091 1671 1216 1716 ante
1267 1660 1460 1715 faciem
1489 1659 1608 1730 ejus
1640 1654 1926 1712 incesserit
1950 1667 2075 1707 ver-

506 1757 637 1813 bum
689 1757 843 1823 illud,
899 1755 1154 1811 videlicet
1185 1754 1425 1810 salutare
1475 1759 1638 1821 atque
1679 1745 2072 1817 evangelicum,

2185 543 2504 615 κερατίζων,
2540 543 2851 598 ἀπελαύνει.
2899 541 3226 604 Ἀκολούθως
3257 538 3453 607 τούτοις
3480 544 3696 614 ἐπιλέγει,

2188 659 2207 690 ι
2249 639 2358 692 Καὶ
2409 637 2558 691 ἔθετο
2612 639 2888 709 ἀγάπησιν
2952 634 3216 707 κραταιὰν
3271 634 3443 705 ἰσχύος
3493 637 3646 693 αὐτοῦ.
3678 660 3694 693 ι

2184 730 2293 784 Καὶ
2345 730 2444 800 τῆς
2497 744 2562 797 γε
2624 730 2704 791 είς
2758 725 3078 799 ἀνθρώπους
3132 727 3393 798 κραταιᾶς
3453 724 3698 793 διαθέσεως

2183 821 2348 876 αὑτοῦ
2375 862 2389 886 ,
2442 822 2535 875 καὶ
2599 820 2817 891 ἀγάπης
2872 821 3069 890 δεῖγμα
3127 817 3376 888 μέγιστον
3413 811 3477 887 ἦν
3522 818 3573 871 τὸ
3616 821 3699 893 πρὸ

2181 912 2471 985 προσώπου
2536 910 2699 965 αὐτοῦ
2757 908 3087 982 πορευθῆναι
3125 907 3315 976 λόγον,
3379 906 3593 977 δηλονότι
3629 910 3698 962 τὸν

2182 1006 2444 1079 σωτήριον
2477 1005 2570 1058 καὶ
2598 1002 2980 1073 εύαγγελικὸν,
3013 1000 3294 1065 ἐξελθόντα
3326 1015 3385 1051 τε
3409 997 3578 1053 τοῦτον
3605 1001 3697 1053 δια-

2177 1099 2402 1171 δραμεῖν
2444 1098 2524 1160 είς
2554 1095 2713 1149 πεδία
2734 1136 2748 1161 ,
2780 1094 2919 1148 ῶστε
2953 1098 3010 1148 ὲν
3042 1093 3207 1163 ὀλίγῳ
3240 1093 3418 1146 πᾶσαν
3461 1092 3699 1163 πληρῶσαι

2176 1189 2273 1261 τὴν
2300 1188 2619 1258 οἰκουμένην
2642 1186 2743 1259 τῆς
2769 1185 2859 1240 ὑπ’
2893 1184 3055 1238 αὐτοῦ
3104 1181 3512 1254 προξενηθείσης
3537 1182 3699 1235 ἅπασιν

2178 1276 2483 1349 ἀνθρώποις
2518 1276 2787 1348 σωτηρίας
2811 1315 2826 1341 ,
2871 1273 3174 1337 ἀκολούθως
3213 1276 3278 1344 τῇ
3300 1271 3594 1343 ,προφητείᾳ
3619 1290 3701 1343 φη-

2179 1372 2319 1445 σάσῃ
2339 1388 2352 1401 ·
2389 1389 2407 1422 ι
2448 1369 2561 1442 Πρὸ
2588 1367 2877 1441 προσώπου
2906 1366 3068 1420 αὐτοῦ
3094 1364 3519 1438 προπορεύσεται
3546 1364 3698 1434 λόγος,

2176 1463 2268 1517 καὶ
2300 1460 2635 1528 ἐξελεύσεται
2680 1462 2760 1524 είς
2799 1460 2973 1514 πεδία.
3017 1477 3035 1510 ι
3082 1457 3240 1511 Κατὰ
3269 1457 3370 1526 τὴν
3399 1456 3628 1528 δευτέραν
3657 1456 3700 1509 δὲ

2176 1551 2341 1607 αὑτοῦ
2409 1551 2746 1622 παρουσίαν,
2803 1551 2882 1604 ἔτι
2929 1549 3126 1621 μᾶλλον
3190 1548 3282 1603 καὶ
3336 1547 3631 1618 κυριώτερον
3676 1544 3700 1597 ό

2174 1647 2345 1716 Λόγος
2366 1643 2530 1699 αὐτοῦ
2572 1644 2745 1715 πέρας
2791 1644 3041 1713 ἐπιθήσει
3077 1643 3188 1705 τοῖς
3225 1657 3286 1693 τε
3328 1637 3611 1710 εἰρημένοις
3630 1635 3703 1689 καὶ

2176 1741 2284 1803 τοῖς
2317 1737 2442 1809 ἑξῆς
2473 1735 2906 1807 ἐπιφερομένοις,
2933 1734 2968 1787 ἃ
3001 1734 3095 1788 καὶ
3119 1733 3178 1787 ού
3200 1731 3296 1787 νῦν
3329 1729 3579 1798 ἐξετάζειν
3606 1744 3701 1781 και-

507 1849 653 1919 quod
682 1850 844 1904 etiam
875 1862 1158 1919 egressum
1202 1843 1536 1915 percurrerit
1564 1854 1809 1911 campos,
1831 1815 1979 1892 adeo
2013 1843 2072 1889 ut
2105 1815 2145 1873 Β
2177 1831 2287 1903 ρός.

504 1915 653 1998 brevi
685 1915 933 2013 tempore
965 1950 1136 1996 totum
1165 1941 1352 1995 orbem
1397 1946 1664 1994 terrarum
1711 1950 1794 2001 ea,
1825 1948 1945 2004 quae
1973 1926 2069 2002 per
2106 1929 2284 1999 ipsum
2313 1927 2566 1979 omnibus
2590 1922 2904 1978 hominibus
2926 1920 3213 1976 conciliata
3270 1918 3364 1983 sit,
3421 1916 3581 1973 salute
3624 1915 3705 1967 im-

504 2038 754 2108 pleverit,
785 2010 1141 2108 comprobata
1169 2036 1289 2103 ejus
1324 2034 1622 2106 prOphetiae
1660 2031 1913 2094 veritate,
1944 2041 2066 2099 qua:
2100 2025 2214 2079 ait:
2275 2041 2294 2073 ‹
2338 2022 2479 2076 Ante
2508 2019 2701 2074 faciem
2733 2018 2855 2085 ejus
2903 2016 3001 2071 ibit
3031 2016 3279 2077 verbum,
3334 2021 3387 2069 et
3443 2010 3707 2108 egredietur

504 2100 559 2184 in
596 2100 839 2200 campos.
858 2102 895 2181 ἰ
913 2100 992 2183 ’1η
1031 2100 1273 2183 secundo
1309 2100 1490 2181 autem
1533 2122 1778 2195 ejusdem
1808 2120 2068 2182 adventu,
2112 2115 2348 2184 amplius
2404 2126 2620 2182 quoque
2653 2124 2717 2164 ac
2768 2108 2941 2178 magis
2973 2107 3190 2178 preprie
3235 2104 3471 2161 Verbum
3511 2100 3705 2200 ejus'el

505 2225 590 2280 his
620 2190 740 2294 qua;
781 2224 927 2278 dicta
980 2229 1109 2278 sunt
1150 2229 1204 2276 et
1237 2220 1303 2274 iis
1333 2235 1453 2290 quae
1479 2190 1738 2287 deinceps
1767 2218 2091 2286 sequuntur,
2132 2206 2293 2263 ﬁnem
2330 2206 2588 2275 imponet,
2639 2200 2842 2272 quibus
2870 2214 3016 2253 nunc
3072 2195 3422 2267 explorandis
3463 2202 3610 2263 atque
3635 2190 3706 2244 in-

503 2315 768 2388 dagandis
791 2321 1008 2384 tempus
1037 2327 1145 2366 non
1170 2310 1344 2364 adest.

1072 2463 1301 2520 CAPUT
1340 2462 1480 2518 XVI.

500 2583 540 2637 Α
577 2580 950 2636 Zacharia.—
971 2575 1427 2644 Quemadmodum
1462 2575 1714 2629 Dominus
1746 2571 2068 2644 omnipotens

572 2655 854 2721 conﬁtetur
884 2668 938 2705 se
968 2642 1209 2710 missum,
1255 2655 1313 2701 ut
1365 2646 1573 2715 auferat
1602 2661 1686 2707 ea,
1728 2659 1846 2713 qua:
1878 2642 2067 2695 vitiosa

567 2724 695 2779 sint.

576 2878 596 2910 ι
638 2851 759 2913 Haec
790 2856 922 2912 dicit
953 2856 1215 2912 Dominus
1246 2854 1627 2923 omnipotens:
1659 2848 1790 2903 Post
1836 2847 2064 2919 gloriam

500 2951 650 3007 misit
682 2965 767 3005 me
800 2948 868 3003 ad
900 2956 1110 3020 gentes,
1160 2961 1281 3017 quae
1328 2943 1700 3014 spoliaverunt
1738 2955 1835 2995 vos.
1876 2959 1890 2993 :
1924 2953 2063 3010 quo-

500 3045 645 3099 niam
681 3043 773 3112 qui
804 3042 977 3112 tangit
1011 3055 1128 3105 vos,
1171 3039 1329 3109 quasi
1363 3036 1411 3093 is
1441 3037 1535 3108 qui
1584 3036 1759 3106 tangit
1804 3034 2062 3106 pupillam

2675 2395 3070 2450 ΚΕΦΑΛΑΙΟΝ
3113 2394 3231 2462 Iq'.

2182 2514 2326 2571 Ἀπὸ
2368 2512 2473 2568 τοῦ
2521 2513 2838 2581 Ζαχαρίου.
2884 2540 2952 2581 -έ
3010 2509 3106 2581 Ὡς
3134 2507 3415 2581 ὸίΚύριος
3452 2509 3484 2560 ό
3527 2521 3707 2581 παντο-

2241 2585 2466 2654 κράτωρ
2492 2574 2771 2651 ὁμολογεῖ
2789 2583 2888 2654 ὑφ’
2929 2579 3132 2654 ἐτέρου
3160 2578 3388 2654 I_(t_tplov_
3417 2574 3707 2654 παντρξτρά-

2240 2646 2539 2724 τὴροίέπῖ
2570 2646 2904 2721 καθάιρέὰει
2938 2646 3054 2703 τῶν
3081 2649 3333 2717 φαύλων
3350 2646 3704 2701 ἀπεστάλθαι.

2250 2790 2269 2823 ι
2305 2770 2443 2824 Τάδε
2474 2769 2622 2838 λέγει
2652 2767 2856 2839 Κύριος
2882 2763 3275 2836 παντοκράτωρ
3296 2779 3311 2793 ·
3362 2761 3556 2814 Ὀπίσω
3583 2759 3711 2825 δόξης

2172 2862 2479 2918 ἀπέσταλκέ
2524 2878 2590 2933 με
2624 2861 2716 2913 ἐπὶ
2761 2859 2829 2913 τὰ
2866 2857 2990 2928 ἔθνη
3015 2897 3030 2923 ,
3065 2854 3134 2908 τὰ
3163 2854 3530 2908 σκυλεύσαντα
3555 2852 3707 2922 ὑμᾶς·

2169 2955 2301 3010 διότι
2327 2957 2355 3009 ὁ
2381 2955 2682 3025 ἁπτόμενος
2713 2951 2864 3022 ύμῶν
2886 2990 2900 3015 ,
2929 2950 3004 3014 ὡς
3031 2950 3060 3002 ὁ
3095 2940 3402 3019 ἁπτόμενος
3442 2946 3533 3015 τῆς
3570 2943 3711 3014 κόρης

2172 3044 2262 3097 τοῦ
2310 3041 2587 3113 ὀφθαλμοῦ
2628 3039 2811 3095 αὐτοῦ.
2857 3038 2999 3091 Διότι
3043 3037 3150 3091 ἰδοὺ
3193 3035 3308 3104 ἐγὼ
3354 3034 3586 3102 ὲπιφέρω
3631 3031 3710 3102 τὴν

499 3135 643 3189 oculi
675 3134 794 3203 ejus
833 3153 846 3189 :
891 3133 1018 3203 quia
1068 3148 1197 3188 ecce
1248 3131 1414 3186 aﬁ‘ero
1445 3145 1663 3184 manum
1694 3143 1869 3183 meam
1904 3141 2066 3199 super

2173 3136 2330 3209 χεῖρά
2359 3154 2458 3207 μου
2487 3136 2570 3187 ἐπ’
2595 3135 2798 3196 αὐτοῖς,
2825 3132 2918 3185 καὶ
2950 3130 3160 3183 ἔσονται
3196 3128 3372 3182 σκῦλα
3402 3131 3510 3190 τοῖς
3538 3123 3715 3179 δουλεύ-

501 3224 652 3294 ipsos
684 3243 696 3277 :
732 3231 783 3276 et
804 3232 964 3277 erunt
991 3222 1163 3291 spolia
1195 3221 1262 3276 iis
1309 3220 1400 3290 qui
1432 3219 1722 3274 servierint
1747 3220 1848 3284 eis,
1888 3224 1940 3273 et
1975 3233 2067 3272 co-

497 3316 773 3386 gnoscctis
808 3316 952 3385 quod
988 3313 1251 3368 Dominus
1273 3313 1618 3383 omnipotens
1650 3312 1800 3366 misit
1832 3326 1919 3365 me
1939 3312 2006 3365 ⁷⁸.
2043 3329 2061 3362 ι

498 3405 621 3475 Ipse
652 3404 913 3461 Dominus
965 3406 1314 3474 omnipotens
1352 3403 1407 3458 in
1450 3404 1535 3459 his
1564 3403 1803 3473 seipsum
1838 3403 2065 3458 missum

497 3512 622 3553 esse
665 3497 761 3560 ait,
805 3505 859 3552 et
888 3496 1141 3567 quisnam
1167 3497 1214 3551 is
1246 3496 1335 3560 sit,
1369 3496 1463 3566 qui
1495 3496 1727 3563 miserit,
1760 3496 1939 3563 docet,
1976 3496 2067 3550 ubi

497 3592 613 3645 ait:
658 3610 676 3641 ι
731 3589 795 3644 Ει
841 3589 1184 3660 cognoscetis
1225 3591 1370 3660 quod
1426 3588 1691 3645 Dominus
1725 3590 2068 3659 omnipotens

500 3683 651 3738 misit
676 3699 780 3738 me.
821 3702 840 3735 ι
882 3681 1048 3754 Igitur
1083 3681 1251 3738 etiam
1293 3683 1399 3738 hoc
1442 3683 1561 3737 loco
1604 3682 1742 3737 duos
1782 3681 2068 3752 perspicue

497 3775 689 3839 habes,
714 3778 807 3846 qui
827 3781 1015 3831 eadem
1047 3785 1272 3830 utantur
1294 3774 1679 3846 appellatione,
1711 3789 1880 3829 unum
1918 3790 2064 3840 eum,

496 3868 586 3937 qui
608 3868 753 3923 misit
776 3866 1062 3921 Dominum
1086 3869 1529 3938 omnipotentem,
1556 3866 1783 3922 alterum
1801 3881 1946 3928 eum,
1975 3866 2065 3935 qui

496 3961 752 4024 mittitur,
785 3960 1029 4030 ejusdem
1062 3975 1185 4014 cum
1220 3975 1285 4014 eo
1314 3959 1406 4030 qui
1439 3959 1589 4015 misit
1618 3961 1873 4014 nominis.
1904 3958 2066 4028 282

497 4053 668 4119 Quem
705 4069 869 4123 porro
913 4052 1078 4106 alium
1131 4052 1336 4107 dixeris
1370 4066 1493 4106 eum
1536 4052 1626 4122 qui
1672 4051 1924 4113 mittitur,
1957 4050 2065 4104 nisi

496 4160 619 4199 eum
650 4160 809 4214 quem
840 4152 967 4199 ante
1011 4158 1112 4198 nos
1158 4145 1405 4214 pluribus
1458 4144 1846 4216 appellavimus
1895 4140 2063 4197 Deum

496 4237 759 4302 Verbum,
792 4238 884 4308 qui
930 4253 959 4290 a
990 4236 1153 4292 Patre
1186 4238 1416 4294 missum
1456 4253 1515 4293 se
1546 4237 1857 4305 conﬁtetur,
1888 4244 1941 4291 et
1970 4236 2064 4306 qui

496 4326 784 4383 manifeste
808 4328 985 4383 dixit:
1026 4347 1044 4380 ι
1083 4327 1212 4383 Post
1255 4329 1482 4399 gloriam
1519 4329 1669 4384 misit
1698 4344 1806 4392 me,
1853 4348 1872 4381 ›
1928 4327 2064 4382 illud

2172 3246 2332 3284 σασιν
2394 3229 2607 3291 αὐτοῖς,
2659 3226 2754 3280 καὶ
2808 3222 3117 3293 γνώσεσθε,
3160 3222 3242 3274 ὅτι
3297 3221 3497 3292 Κύριος
3550 3231 3712 3270 παντο-

2167 3318 2387 3390 κράτωρ
2424 3315 2789 3384 ὲξαπέσταλκέ
2837 3332 2923 3385 με.
2966 3333 2983 3364 ι
3029 3311 3232 3384 Κύριος
3284 3313 3446 3374 αὐτὸς
3486 3312 3514 3363 ὁ
3546 3323 3712 3362 παντο-

2168 3412 2382 3484 κράτωρ
2413 3411 2470 3462 ἐν
2497 3408 2704 3471 τούτοις
2740 3406 2929 3460 ἑαυτὸν
2965 3403 3299 3459 ἀπεστάλθαι
3334 3402 3499 3474 φησὶ,
3530 3398 3613 3452 καὶ
3639 3396 3712 3449 τὸν

2168 3503 2586 3564 ἀποστείλαντα,
2646 3501 2794 3563 ὅστις
2838 3498 2945 3570 εἴη,
2998 3497 3239 3551 διδάσκει
3310 3495 3521 3564 λέγων’
3569 3509 3586 3543 ι
3622 3488 3712 3541 Καὶ

2166 3594 2437 3665 γνώσεσθε
2464 3634 2478 3657 ,
2531 3595 2613 3647 ὅτι
2664 3591 2867 3662 Κύριος
2920 3587 3315 3660 παντοκράτωρ
3378 3576 3711 3652 ὲξαπέσταλκέ

2170 3707 2256 3761 με.
2292 3708 2310 3740 ›
2357 3686 2564 3742 Οὐκοῦν
2617 3685 2707 3740 καὶ
2746 3682 2977 3738 ἐνταῦθα
3014 3681 3107 3736 δύο
3156 3680 3350 3750 σαφῶς
3397 3679 3576 3749 ἔχεις,
3634 3672 3713 3744 μιᾷ

2166 3779 2477 3853 χρωμένους
2504 3776 2866 3849 προσηγορίᾳ,
2893 3774 2982 3828 τόν
3015 3791 3075 3827 τε
3113 3773 3511 3828 ἀποστείλαντα
3538 3767 3712 3838 Κύριον

2168 3871 2604 3943 παντοκράτορα,
2632 3868 2728 3923 καὶ
2753 3868 2842 3922 τὸν
2866 3865 3349 3936 ἀποστελλόμενον,
3364 3861 3637 3934 ὁμώνυμον
3650 3855 3715 3926 τῷ

2164 3963 2566 4018 ἀποστείλαντι.
2602 3961 2733 4014 Τίνα
2758 3961 2802 4014 δ’
2835 3960 2901 4013 ἂν
2933 3959 3118 4029 ἕτερον
3144 3956 3319 4020 εἴποις
3357 3955 3449 4007 τὸν
3480 3948 3712 4007 ἀποστελ-

2164 4056 2413 4127 λόμενον,
2460 4053 2492 4125 ἢ
2538 4054 2628 4106 τὸν
2679 4052 2767 4105 διὰ
2814 4051 3076 4104 πλειόνων
3120 4051 3251 4120 ἡμῖν
3270 4041 3716 4119 προηγορευμένον

2164 4150 2294 4203 Θεὸν
2343 4148 2548 4217 Λόγον,
2593 4145 2727 4218 πρὸς
2771 4144 2865 4198 τοῦ
2905 4143 3120 4216 Πατρὸς
3166 4139 3507 4195 ἀπεστάλθαι
3553 4133 3716 4206 ὁμολο-

2165 4241 2361 4310 γοῦντα
2384 4282 2397 4301 ,
2435 4237 2619 4309 σαφῶς
2651 4238 2707 4290 δὲ
2774 4235 3030 4309 εἰρηκότα
3052 4274 3067 4298 ,
3120 4253 3140 4286 ι
3191 4232 3399 4287 Ὀπίσω
3442 4230 3591 4298 δόξης
3629 4225 3718 4278 ἀπ-

2163 4332 2390 4387 ἐσταλκέ
2427 4349 2513 4401 με,
2548 4350 2567 4383 ι
2605 4328 2883 4401 δηλοῦντα,
2917 4329 2999 4381 ὅτι
3025 4325 3398 4399 προϋπάρχων
3436 4326 3494 4377 ὲν
3660 4316 3713 4383 τῇ

494 4420 712 4475 interim
742 4420 1076 4491 signiﬁcans,
1106 4420 1249 4491 quod
1281 4421 1373 4490 qui
1406 4426 1564 4475 antea
1595 4420 1759 4475 fuerit
1793 4420 1846 4474 in
1887 4421 2057 4491 gloria

2173 4425 2315 4496 παρὰ
2343 4422 2422 4494 τῷ
2449 4422 2643 4494 Πατρὶ,
2684 4421 2822 4493 μετὰ
2847 4420 3015 4474 ταῦτα
3043 4419 3355 4474 ἀπέσταλτο
3388 4417 3482 4471 ἐπὶ
3506 4414 3572 4469 τὰ
3613 4410 3719 4476 ἔθνη

494 4513 635 4584 apud
694 4512 909 4569 Patrem
947 4554 961 4578 ,
1032 4521 1219 4581 postea
1286 4514 1489 4568 missus
1563 4513 1634 4568 sit
1698 4513 1767 4567 ad
1831 4520 2056 4584 gentes,

493 4622 613 4676 qua:
649 4606 1003 4676 spoliaveriut
1028 4605 1317 4661 vos‘ICum
1339 4607 1481 4660 enim
1507 4605 1574 4660 ad
1609 4621 1702 4661 eas
1727 4614 1917 4676 gentes
1939 4621 2061 4677 quae

492 4697 647 4767 prius
680 4697 879 4767 populo
914 4695 1009 4750 Dei
1054 4695 1295 4751 adversa:
1347 4696 1689 4766 inimicmque
1718 4703 1894 4760 erant,
1926 4697 2061 4750 mis-

493 4805 611 4845 sum
646 4789 717 4843 sit
747 4787 838 4842 Dei
875 4786 1130 4851 Verbum,
1162 4788 1261 4842 has
1294 4788 1441 4858 ipsas
1488 4788 1592 4844 sibi
1641 4789 1746 4860 ipsi
1802 4788 2057 4859 subjecit,

491 4881 710 4936 easdem
747 4896 843 4950 per
870 4895 1000 4935 suos
1037 4879 1337 4948 discipulos
1360 4880 1725 4949 depraedatus.
1748 4882 1841 4951 qui
1878 4882 2058 4952 portio

490 4973 735 5042 quaedam
775 4981 932 5027 erant
962 4972 1109 5026 illius
1138 4972 1324 5043 populi
1356 4974 1448 5043 qui
1482 4976 1549 5028 ad
1581 4975 2058 5031 circumcisionem

492 5065 743 5134 pertinet,
773 5079 932 5132 quem
979 5063 1251 5133 quondam
1304 5063 1358 5117 in
1392 5065 1706 5120 servitutem
1732 5064 2059 5135 redegerunt

491 5160 698 5222 gentes,
735 5167 856 5221 qme
888 5154 1065 5220 ipsum
1113 5153 1262 5207 illum
1298 5168 1399 5210 suo
1446 5155 1861 5210 simulacrorum
1906 5156 2056 5211 cultu

490 5243 812 5315 deprmdataa
838 5244 1078 5301 fuerunt.
1114 5244 1238 5300 Haec
1272 5247 1440 5317 igitur
1474 5262 1735 5318 passuras
1763 5247 1896 5301 dicit
1922 5263 2056 5318 gen-

492 5346 573 5393 tes
604 5354 742 5410 quas
768 5339 1059 5404 disposuit.
1097 5339 1252 5392 Sicut
1295 5341 1440 5394 enim
1495 5340 1599 5394 illa:
1650 5340 1910 5410 populum
1965 5337 2059 5394 Dei

493 5442 520 5478 a
545 5429 716 5497 patria
742 5428 939 5498 pietate
967 5445 1031 5483 ac
1061 5429 1321 5499 religione
1350 5437 1676 5495 avertentes,
1708 5432 1881 5500 Spolia
1929 5445 2058 5502 pro-

493 5520 628 5587 priis
657 5519 993 5577 daemonibus
1044 5520 1200 5575 lactat
1228 5530 1377 5587 sunt,
1431 5523 1506 5577 ita
1535 5524 1862 5594 quandoque
1892 5525 2056 5579 etiam

492 5608 623 5679 ipsm
644 5611 822 5680 patrio
851 5612 1269 5667 simulacrorum
1305 5615 1452 5669 cultu
1487 5615 1556 5670 ab
1579 5617 1646 5672 iis
1676 5617 1768 5686 qui
1789 5616 1928 5688 ipsis
1956 5631 2055 5671 an-

562 5764 605 5797 "
631 5764 794 5820 Zach.
816 5780 875 5832 ιι,
905 5767 956 5834 s,
988 5767 1020 5820 9

2162 4519 2232 4570 τὰ
2295 4514 2662 4569 σκυλεύσαντα
2725 4513 2905 4583 (apag;
2952 4510 3075 4564 Ἐπὶ
3117 4510 3222 4583 γὰρ
3253 4509 3326 4563 τὰ
3359 4508 3615 4580 πρότερον
3640 4504 3717 4572 ἔχ’

2163 4609 2266 4682 θρά
2307 4609 2400 4662 καὶ
2443 4606 2677 4677 πολέμια
2726 4604 2821 4658 τοῦ
2854 4603 2984 4658 λαοῦ
3023 4602 3114 4657 τοῦ
3157 4601 3293 4655 Θεοῦ
3331 4601 3460 4671 ἔθνη
3508 4599 3721 4652 ἀποστα-

2161 4700 2275 4763 λεὶς
2309 4702 2337 4753 ὁ
2376 4697 2469 4752 τοῦ
2517 4697 2651 4750 Θεοῦ
2694 4696 2899 4765 Λόγος,
2936 4694 3090 4748 ταῦθ’
3125 4696 3213 4764 ὑφ’
3244 4694 3442 4747 ἑαυτὸν
3483 4688 3716 4760 ἠγάγετο.

2164 4792 2463 4855 σκυλεύσας
2482 4791 2620 4844 αύτά
2640 4789 2725 4843 διὰ
2752 4789 2858 4842 τῶν
2881 4789 3046 4843 αὑτοῦ
3078 4787 3359 4860 μαθητῶν,
3387 4786 3581 4847 οἵτινες
3599 4776 3719 4851 ἦσαν

2168 4888 2331 4959 μέρος
2360 4885 2454 4939 τοῦ
2480 4884 2545 4938 ὲκ
2580 4883 2880 4955 περιτομῆς
2910 4881 3064 4946 λαοῦ,
3093 4884 3273 4935 ὅντινα
3309 4879 3479 4933 πάλαι
3511 4872 3717 4929 καταδε-

2163 4977 2422 5030 δούλωντο
2447 4975 2513 5029 τὰ
2535 4974 2682 5045 ἔθνη,
2712 4972 3080 5027 σκυλεύσαντα
3103 4971 3263 5026 αὐτὸν
3296 4973 3365 5041 τῇ
3396 4967 3570 5038 οἰκείᾳ
3583 4962 3719 5017 εἱδω⁴

2165 5068 2466 5141 λολατρείᾳ.
2505 5065 2661 5120 Τοῦτ’
2691 5061 2783 5119 οῦν
2815 5083 2945 5135 φησι
2979 5063 3262 5117 πείσεσθαι
3297 5063 3369 5117 τά
3401 5062 3529 5130 ἔθνη
3549 5102 3563 5123 ,
3596 5058 3722 5122 ἅπερ

2162 5157 2509 5212 διατέθεικεν.
2540 5157 2626 5220 Ὡς
2647 5157 2755 5228 γάρ
2770 5155 2860 5208 τὸν
2886 5154 3011 5208 λαὸν
3042 5153 3133 5207 τοῦ
3164 5153 3327 5218 Θεοῦ,
3356 5153 3457 5224 τῆς
3486 5145 3723 5219 πατρῴας

2162 5250 2441 5313 εὐσεϐείας
2475 5248 2931 5320 μεταστησάμενα
2951 5288 2964 5312 ,
2996 5246 3165 5300 σκῦλα
3195 5247 3313 5308 τοῖς
3344 5244 3498 5306 ἰδίοις
3527 5240 3723 5309 δαίμοσι

2166 5340 2565 5412 κατεστήσατο,
2626 5339 2767 5392 οὕτω
2818 5338 2947 5392 ποτὲ
3009 5338 3103 5391 καὶ
3136 5335 3274 5390 αὐτὰ
3321 5336 3426 5407 τῆς
3473 5326 3724 5403 πατρικῆς

2164 5432 2601 5505 εἰδωλολατρείας
2628 5431 2762 5502 πρὸς
2793 5429 2899 5483 τῶν
2931 5429 3095 5484 πάλαι
3117 5429 3541 5483 δεδουλευκότων
3557 5420 3723 5480 αὐτοῖς

2167 5522 2606 5595 σκυλευθήσεται,
2629 5523 2723 5574 καὶ
2743 5521 2847 5574 ὑπὸ
2870 5522 2960 5574 τὸν
2992 5519 3155 5588 ζυγὸν
3178 5519 3280 5589 τῆς
3301 5518 3429 5572 καθ’
3464 5511 3725 5586 Ἑϐραεους

2162 5614 2439 5679 εὐσεϐείας
2489 5616 2904 5686 μεταστήσεται.
2940 5612 3107 5667 Τοῦτο
3145 5611 3203 5666 δὲ
3238 5608 3468 5665 ἔσεσθαί
3510 5619 3666 5679 φησιν
3696 5600 3725 5656 6
