3902 6264
223 310 320 364 με)
1125 304 1775 362 DEMONSTRATIONIS
1814 303 2267 362 EVANGELICE
2307 305 2435 364 LIB.
2477 306 2565 362 Vl.
3334 317 3441 373 450

224 424 414 496 Κύριος
451 424 517 479 δι’
546 424 761 488 ἑαυτοῦ,
786 424 877 479 ἐπὶ¹
907 423 985 493 τῷ
1026 423 1208 495 τοιῷδε
1234 423 1616 496 κατορθώματι
1645 423 1762 496 πρὸς

1881 431 1965 477 tea
1997 424 2304 488 servierint,
2341 426 2742 495 spoliabuntur,
2775 432 2829 480 et
2858 426 2963 482 sub
2990 427 3174 497 iugum
3213 426 3441 485 Hebrai-

221 516 307 571 τοῦ
352 518 562 589 Πατρὸς
601 517 1127 589 ἀποσταλησομένου.
1174 517 1331 571 Εἴποι
1374 518 1418 571 δ’
1451 518 1515 572 ἄν
1569 534 1652 581 τις
1684 517 1762 570 κατ

1882 530 1960 569 cae
1988 515 2263 586 religionis
2293 515 2669 572 traducentur.
2704 516 2819 572 lloc
2849 526 3029 574 autem
3080 519 3322 574 futurum
3362 522 3441 575 ait

220 608 405 679 νοητάς
434 626 582 673 τινας
606 610 701 662 καὶ
725 609 987 681 ἀοράτους
1007 609 1286 680 δυνάμεις,
1316 608 1443 679 ἔθνη
1459 609 1552 662 νῦν
1576 610 1762 679 ὀνομά-

1885 606 2146 663 Dominus
2177 623 2270 677 per
2303 609 2567 677 seipsum,
2599 610 2691 679 qui
2719 611 2785 665 ad
2810 612 2918 667 tale
2943 626 3142 667 munus
3172 620 3437 681 praestan-

222 698 419 763 ζεσθαι,
458 700 527 754 τά
559 701 943 765 σκυλεύσαντα,
987 703 1080 755 καὶ
1123 702 1636 774 αἰχμαλωτεύσαντα
1679 701 1762 765 τὰς

1883 698 2010 752 dum
2037 715 2066 752 a
2088 697 2248 753 Patre
2282 700 2580 755 mittendus
2631 701 2721 755 sit.
2778 700 3067 765 Caeterum,
3111 703 3311 761 dixerit
3339 703 3441 758 ali-

219 791 318 844 τῶν
340 792 649 863 ἀνθρώπων
667 793 863 864 ψυχὰς,
885 788 960 848 ὧν
979 794 1163 865 ψυχῶν
1188 793 1331 848 οὕτω
1362 795 1495 865 φησὶ
1521 793 1762 865 κήδεσθαι

1882 790 2025 860 quis,
2058 791 2220 846 etiam
2250 792 2617 863 intelligibiles
2649 794 2909 863 quasdam
2940 803 2995 850 et
3026 795 3440 867 invisibilespo-
3474 854 3487 867 ,

218 884 245 936 ὁ
265 882 637 955 φιλάνθρωπος
670 884 763 938 τοῦ
793 886 929 939 Θεοῦ
954 888 1147 955 Λόγος,
1167 888 1295 942 ώσεί
1314 906 1395 952 τις
1419 887 1554 951 ἰδίας
1576 886 1762 955 ὀφθαλ-

1881 891 2124 948 testates,
2181 892 2368 955 gentes
2400 900 2547 940 nunc
2598 886 2887 951 nominari,
2916 903 3036 957 quae
3082 888 3437 957 spoliaret-int

221 974 311 1046 μοῦ
357 976 549 1048 κόρης.
588 979 699 1032 Καὶ
732 978 930 1049 δεῖγμα
958 979 1053 1049 τῆς
1086 980 1299 1033 τοιᾶσδε
1345 976 1509 1032 αὐτοῦ
1556 979 1683 1050 περ)⁸
1709 976 1762 1031 τὲ

1878 976 2228 1046 captivasque
2262 975 2540 1029 hominum
2571 976 2783 1031 animas
2802 977 3032 1047 egerint,
3058 994 3288 1048 quarum
3319 978 3411 1033 ani

214 1065 312 1119 τῶν
358 1066 665 1137 ἀνθρώπων
706 1068 858 1136 γένος
891 1069 1233 1140 κηδεμονίας,
1281 1069 1344 1123 τὸ
1378 1070 1497 1142 μηδ’
1530 1069 1762 1124 ὑποστεί-

1878 1083 2089 1121 marum
2120 1068 2281 1122 talem
2313 1082 2372 1122 se
2395 1082 2582 1120 curam
2628 1082 2815 1138 gerere
2845 1068 2920 1121 ait
2951 1069 3436 1125 clementissimum

214 1155 397 1209 λασθαι
431 1159 621 1222 αὐτὸν,
651 1159 787 1212 Θεοῦ
814 1161 982 1231 Λόγον
1010 1161 1137 1214 ὄντα
1164 1163 1259 1214 καὶ⁸
1289 1162 1347 1215 ἐν
1370 1161 1494 1231 δόξῃ
1528 1164 1595 1232 τῇ
1626 1159 1762 1231 παρὰ

1880 1158 1975 1214 Dei
2001 1157 2257 1223 Verbum,
2291 1158 2505 1229 qualem
2531 1159 2907 1229 unusquisque
2926 1160 3069 1215 oculi
3104 1160 3186 1215 sui
3223 1162 3440 1231 pupillae

213 1249 281 1319 τῷ
304 1249 477 1317 Πατρὶ
509 1250 870 1322 τυγχάνοντα,
898 1254 995 1325 τὴν
1030 1255 1111 1319 είς
1144 1253 1459 1327 ἀνθρώπους
1484 1253 1762 1327 ἐπιδημίαι

1877 1251 2038 1321 gerit,
2065 1250 2224 1320 cujus
2254 1250 2561 1305 sedulitatis
2592 1260 2754 1321 atque
2779 1251 2983 1306 amoris
3005 1267 3132 1321 erga
3154 1251 3435 1306 hominum

212 1358 263 1395 τε
294 1342 386 1396 καὶ
410 1344 727 1414 οἰκονομίαν
756 1346 1130 1412 ἀναδέξασθαι.

1880 1357 2071 1412 genus,
2110 1342 2325 1411 signum
2368 1340 2499 1395 illud
2546 1341 2671 1404 erit,
2722 1340 2867 1411 quod
2906 1356 3031 1397 cum
3077 1341 3173 1396 Dei
3202 1340 3439 1396 Verbum

210 1442 362 1497 esset,
396 1442 455 1489 et
507 1450 607 1490 sua
650 1438 823 1507 gloria
856 1440 994 1508 apud
1048 1439 1263 1494 Patrem
1322 1439 1613 1502 frueretur,
1665 1454 1774 1494 non
1826 1436 2059 1509 piguerit
2115 1435 2291 1505 ipsum
2350 1433 2613 1490 veniendi-
2651 1431 2716 1486 ad
2767 1432 3036 1498 homines,
3090 1441 3251 1503 atque
3297 1434 3440 1487 inter

209 1544 293 1586 eos
320 1529 582 1585 versandi
612 1548 822 1598 curam,
850 1534 1421 1606 dispensationemque
1447 1536 1745 1606 suscipere.

704 1672 1098 1725 ΚΕΦΛΛΑΙΟΝ
1132 1673 1229 1725 IZ'.

220 1802 350 1856 ’Δαὸ
386 1802 501 1889 egi}
534 1802 736 1889 αὑτοῦζ
764 1804 942 1889 -τᾩς
968 1804 1148 1889 ᾳὺτύς
1172 1808 1204 1858 ό
1231 1806 1441 1872 Κύριος
1468 1804 1640 1889 ᾖξειν
1668 1808 1769 1889 οὐτ

2436 1662 2665 1719 CAPUT
2704 1663 2868 1719 XVII.

1877 1822 1953 1877 Ab
1983 1821 2180 1875 eodem.
2208 1850 2276 1859 --
2308 1818 2460 1886 Quod
2506 1820 2614 1886 ipse
2654 1818 2909 1874 Dominus
2955 1832 3226 1876 venturum
3271 1841 3326 1879 se
3370 1824 3435 1879 de

257 1874 522 1964 patitur
537 1874 781 1964 κκαὶιένιζ
798 1872 1639 1964 ἀνθρώποιςνκαῖασκὶηνώᾳέιν
1658 1916 1673 1939 ,
1703 1876 1762 1961 τό

1877 1872 2096 1953 metito,
2125 1872 2177 1945 et
2212 1872 2356 1964 inter
2378 1872 2610 1943 homines
2642 1872 3331 1964 habitaturunirqentesqu'e
3363 1872 3432 1949 Egi

258 1961 318 1996 τε
339 1942 494 2010 ἔθνη
523 1947 610 2008 εὶς
641 1942 826 1996 αὑτὸν
858 1944 1330 2010 κιιτιιφεύξεσθαι
1357 1946 1636 2009 θεσπίζει,
1668 1946 1769 1998 καὶ

259 2014 334 2078 ὡς
390 2012 773 2086 ἀπεστάλθαι
813 2013 927 2065 ὑπό
964 2030 1127 2086 tat-oc
1185 2017 1524 2083 κρείττονος
1549 2017 1768 2086 Kvplov

264 2083 747 2151 παντοκράτορος
772 2082 1065 2152 ὁμολογεῖ.

271 2235 288 2267 ι
314 2216 384 2269 Τέ
396 2234 541 2287 ρπου
572 2216 664 2270 καὶ
689 2217 999 2289 εὐφραίνου,
1044 2215 1279 2287 θύγατερ
1308 2216 1464 2282 Σιὼν,
1503 2218 1634 2271 διότι
1658 2218 1767 2272 ἰδοὺ

207 2308 303 2377 ἐγὼ
332 2307 594 2380 ἔρχομαι,
630 2310 723 2362 καὶ
765 2310 1169 2380 κατασκηνώσω
1210 2312 1268 2362 ἐν
1295 2310 1443 2381 μέσῳ
1477 2327 1592 2374 σου,
1623 2309 1768 2378 λέγει

206 2401 418 2471 Κίιριος,
458 2400 555 2453 καὶ
588 2400 1012 2469 καταφεύξονται
1060 2401 1185 2471 ἔθνη
1220 2400 1385 2455 πολλά
1414 2401 1505 2453 ἐπὶ
1528 2402 1618 2454 τὸν
1653 2400 1766 2453 K6-

208 2508 308 2569 ριον
332 2494 392 2546 ἐν
418 2494 490 2563 τῇ
525 2492 707 2563 ἡμέρᾳ
737 2492 937 2563 ἐκείνῃ,
983 2493 1076 2545 καὶ¹
1114 2492 1323 2545 ἔσονται
1353 2493 1497 2564 αύτῷ
1522 2495 1600 2556 είς
1618 2492 1765 2558 λαὸν,

203 2583 287 2636 καὶ
318 2581 737 2653 κατασκηνώσω
766 2584 824 2635 ἐν
874 2582 1021 2654 μέσῳ
1050 2600 1165 2648 σου,
1197 2582 1291 2636 καὶ
1316 2581 1519 2653 γνώσῃ,
1548 2584 1629 2636 δτι
1654 2583 1767 2636 Κύ-

206 2695 306 2750 ριος
332 2680 738 2750 παντοκράτωρ
766 2676 1133 2745 ἐξαπέσταλκέ
1166 2694 1231 2749 με
1274 2678 1408 2747 πρὸς
1437 2676 1515 2731 σέ.
1557 2696 1575 2728 ι
1619 2677 1768 2731 Ἐπεὶ

203 2770 485 2842 πρόκειται
515 2769 610 2823 νῦν
645 2769 704 2823 τὸ
744 2770 994 2840 δεύτερον
1026 2769 1195 2821 αἴτιον
1235 2770 1299 2821 ἐκ
1328 2768 1437 2822 τῶν
1477 2768 1767 2840 προφητῶν

202 2862 497 2929 ἀποδεῖξαι,
534 2859 839 2932 ἀνθρώποις
897 2859 1087 2931 μέλλον
1122 2858 1214 2911 ἐπὶ
1246 2859 1349 2929 γῆς
1378 2858 1767 2929 συμπολιτεύε-

207 2954 338 3017 σθαι,
396 2950 554 3025 οϊμαι
607 2952 797 3006 τούτου
854 2951 1256 3024 παραστατικὸν
1314 2947 1453 3003 εἶναι
1511 2950 1605 3004 καὶ
1669 2951 1766 3020 τὴν

204 3044 485 3116 παροῦσαν
540 3042 895 3115 προφητείαν,
951 3042 1026 3105 ώς
1081 3040 1170 3095 διὰ
1213 3040 1274 3094 τὸ
1318 3039 1584 3112 πρόδηλον
1633 3041 1766 3111 μηδέ

203 3137 441 3200 πλείονος
495 3134 817 3206 ἐξεργασίας
869 3134 1094 3187 δεῖσθαι.
1127 3132 1511 3203 Τηρήσειςδὲ,
1544 3133 1626 3185 ὅτι
1672 3132 1767 3186 καὶ¹

1944 1965 2114 2031 ipsum
2145 1960 2530 2029 confugituras,
2556 1961 2697 2011 cam't
2724 1976 2742 2013 :
2770 1971 2819 2013 et
2842 1962 2979 2030 quod
3015 1960 3302 2019 missum—se
3324 1982 3436 2020 esse

1945 2050 1978 2088 a
1999 2033 2221 2086 Domino
2253 2031 2596 2097 omnipotente
2624 2031 2921 2098 conﬁtetur.

1961 2226 2124 2299 283
2161 2245 2178 2278 ι
2216 2224 2403 2281 Gaude
2445 2233 2499 2279 et
2548 2225 2755 2288 laztare,
2803 2225 2913 2279 lilia
2967 2223 3131 2291 Sion,
3179 2227 3436 2297 quoniam

1873 2334 1999 2374 ecce
2042 2333 2142 2388 ego
2189 2317 2382 2379 venio,
2425 2324 2480 2371 et
2524 2316 2781 2370 habitabo
2826 2317 2881 2371 in
2926 2316 3103 2371 medio
3142 2318 3253 2383 tui,
3301 2318 3435 2373 dicit

1874 2408 2171 2472 Dominus,
2204 2414 2259 2462 et
2304 2406 2621 2477 confugient
2665 2414 2851 2476 gentes
2900 2408 3085 2461 multa:
3130 2408 3197 2462 ad
3245 2406 3431 2461 Domi-

1872 2515 2005 2555 num
2044 2500 2100 2554 in
2137 2498 2227 2553 die
2262 2497 2352 2551 illa
2373 2536 2387 2561 ,
2422 2505 2475 2553 et
2510 2505 2671 2552 erunt
2703 2498 2752 2551 ei
2784 2499 2838 2551 in
2870 2499 3161 2568 populum,
3193 2507 3247 2553 et
3279 2498 3434 2552 habi-

1873 2589 2001 2644 tabo
2042 2588 2098 2642 in
2140 2587 2322 2643 medio
2362 2588 2479 2652 tui,
2524 2595 2579 2641 et
2625 2602 2924 2657 cognosces
2969 2589 3115 2659 quod
3169 2588 3433 2645 Dominus

1871 2680 2218 2750 omnipotens
2256 2680 2407 2735 misit
2445 2694 2531 2733 me
2570 2678 2637 2733 ad
2667 2688 2718 2734 te
2746 2680 2812 2733 9°.
2851 2698 2869 2732 ι
2898 2680 3034 2746 Quia
3062 2696 3206 2735 nunc
3235 2695 3435 2752 propo-

1873 2771 2043 2826 situm
2075 2779 2159 2826 est
2192 2767 2389 2824 Filium
2410 2810 2425 2834 ,
2459 2776 2736 2823 auctorem
2767 2784 2948 2824 rerum
2969 2809 2984 2835 ,
3017 2771 3156 2839 apud
3188 2772 3433 2830 homines

1874 2862 1930 2917 in
1965 2870 2111 2917 terra
2141 2868 2486 2916 versaturum
2513 2901 2527 2925 ,
2562 2875 2630 2915 ex
2663 2861 2945 2930 prOphetis
2984 2860 3274 2917 ostendere
3294 2902 3310 2927 ,
3342 2877 3433 2916 ar-

1872 2953 2046 3008 bitror
2076 2951 2308 3020 hujusce
2334 2952 2412 3007 rei
2444 2951 2886 3006 demonstrandae
2912 2952 3205 3007 eﬂicaciam
3234 2953 3436 3010 habere

1871 3053 2194 3116 praesentem
2224 3043 2598 3114 prophetiam,
2630 3043 2766 3099 adeo
2798 3044 3018 3114 quidem
3052 3051 3112 3098 ut
3145 3046 3217 3100 ob
3261 3045 3436 3109 ipsius

1872 3134 1950 3188 rei
1998 3133 2481 3205 perspicuitatem,
2532 3133 2685 3187 nulla
2738 3134 3003 3205 ampliore
3053 3134 3437 3204 explanatione

200 3227 287 3300 τὴν
335 3227 522 3281 αἰτίαν
574 3222 731 3289 αὖθις
784 3226 883 3296 τῆς
923 3225 1160 3295 ἀφίξεως
1193 3224 1356 3278 αὑτοῦ
1408 3224 1556 3297 δηλοῖ
1599 3226 1655 3277 ἐν
1688 3217 1762 3288 οἷς

1874 3226 1947 3282 sit
2000 3240 2184 3295 opus:
2233 3224 2399 3280 etiam
2456 3222 2591 3278 illud
2643 3224 2959 3280 observabis
3008 3226 3152 3296 quod
3207 3241 3433 3281 causam

191 3329 345 3392 φησι·
390 3340 410 3372 ι
453 3319 565 3373 Καὶ
597 3318 1022 3387 καταφεύξονται
1056 3317 1180 3390 ἔθνη
1226 3316 1394 3372 πολλὰ
1423 3318 1515 3371 ἐπὶ
1540 3318 1631 3371 τὸν
1654 3316 1769 3370 Κύ-

204 3430 305 3483 ριον
338 3415 400 3467 ἐν
430 3415 500 3484 τῇ
532 3412 712 3483 ἡμέρᾳ
730 3411 935 3483 ἐκείνῃ,
960 3411 1054 3463 καὶ
1070 3409 1280 3464 ἔσονται
1309 3409 1456 3481 αὐτῷ
1483 3410 1561 3473 είς
1579 3410 1758 3463 λαόν.)

200 3505 379 3560 Ταῦτα
407 3504 469 3557 δὲ
489 3507 518 3557 ὁ
544 3503 720 3571 λόγος,
750 3501 848 3573 τὴν
875 3502 1148 3573 θυγατέρα
1164 3500 1301 3555 Σιὼν
1324 3501 1731 3571 εὐαγγελίζεται
1747 3542 1761 3567 ,

200 3595 333 3649 οὕτω
377 3596 483 3665 τὴν
532 3593 858 3665 Ἐκκλησίαν
898 3593 993 3646 τοῦ
1027 3593 1160 3647 Θεοῦ
1212 3592 1649 3665 προσαγορεύων,
1676 3591 1764 3645 διὰ

199 3687 252 3740 τὸ
270 3688 369 3758 τῆς
385 3686 712 3756 ἐπουρανίου
744 3684 1046 3758 Ἱερουσαλὴ
1054 3703 1092 3755 μ
1112 3684 1384 3756 θυγατέρα
1408 3681 1543 3737 εἶναι
1568 3683 1761 3748 δοκεῖν,

205 3779 399 3848 μητρὸς
447 3774 616 3846 οὖσης
676 3775 889 3844 ἐκείνης
929 3774 1035 3827 τῶν
1069 3774 1257 3842 ἁγίων,
1314 3772 1456 3827 κατὰ
1486 3774 1577 3827 τὸν
1621 3772 1765 3843 ἱερὸν

213 3866 546 3921 ’Δπόστολον.
581 3867 652 3919 Ἦ
668 3866 761 3921 καὶ
789 3866 960 3930 ἄλλως
982 3864 1223 3937 θυγάτηρ
1249 3864 1432 3936 Σιὼνή
1475 3864 1764 3935 Ἐκκλησία

201 3960 428 4031 Χριστοῦ
488 3958 705 4031 λεχθείη
753 3958 839 4023 ἂν,
882 3958 1028 4014 ώσὰν
1074 3961 1137 4012 ἐκ
1180 3958 1280 4027 τῆς
1339 3957 1608 4028 προτέρας
1637 3974 1762 4010 συν-

202 4054 417 4124 αγωγῆς
479 4052 588 4106 τῶν
608 4053 674 4104 ἐκ
706 4052 1025 4125 περιτομῆς,
1079 4050 1166 4104 διά
1200 4068 1258 4104 τε
1304 4050 1633 4115 ἀποστόλων,
1671 4050 1763 4104 καὶ

202 4144 597 4215 εύαγγελιστῶν
619 4145 917 4207 ὕποστᾶσα,
948 4142 995 4196 οἳ
1030 4144 1124 4196 καὶ
1142 4143 1452 4213 γεννήματα
1470 4142 1763 4213 ἐτύγχανον

204 4239 399 4310 μητρὸς
444 4239 545 4309 τῆς
596 4236 989 4310 ἀποῤῥιφείσης
1052 4235 1141 4289 διὰ
1169 4236 1268 4297 τὰς
1328 4234 1536 4296 οἰκείας
1575 4233 1764 4285 δυσσε-

202 4329 363 4394 ϐείας,
395 4329 496 4383 καὶ
538 4329 711 4400 χήρας
735 4328 1103 4400 γεγενημένης
1126 4365 1140 4390 ,
1173 4326 1263 4380 διὰ
1294 4327 1354 4380 τὸ
1381 4326 1648 4380 ἀπελάσαι
1671 4324 1762 4378 τὸν

202 4423 374 4495 ἄνδρα,
409 4422 503 4475 διὰ
538 4421 644 4474 τῶν
691 4421 982 4493 προφητῶν
1006 4418 1451 4490 ἐπιμεμψάμενον
1502 4418 1637 4488 αὐτῇ
1667 4415 1763 4470 καὶ

204 4517 475 4587 φήσαντα·
512 4532 530 4564 ι
569 4513 678 4582 Οὐχ
706 4512 964 4584 ώςᾶνδρα
992 4529 1058 4581 με
1092 4510 1373 4574 ἐκάλεσας,
1408 4509 1501 4563 καὶ
1530 4509 1759 4579 πατέρα,

1871 3331 2067 3371 rursus
2106 3315 2191 3371 sui
2230 3312 2494 3368 adventus
2525 3312 2799 3384 signiﬁcat
2821 3354 2835 3379 ,
2869 3313 2961 3369 ubi
2994 3314 3071 3368 ait
3098 3333 3112 3368 :
3145 3333 3163 3366 ι
3202 3314 3268 3367 Et
3300 3329 3437 3369 con-

1873 3407 2081 3478 fugient
2115 3412 2302 3476 gentes
2340 3404 2525 3458 multze
2561 3404 2629 3459 ad
2670 3403 2957 3459 Dominum
3001 3406 3057 3460 in
3095 3405 3184 3461 die
3222 3406 3343 3479 illa,
3379 3413 3435 3462 et

1871 3508 2034 3557 erant
2063 3500 2165 3570 ipsi
2194 3497 2250 3552 in
2280 3498 2558 3568 populum.
2601 3516 2621 3549 ι
2650 3495 2775 3553 Haec
2805 3506 2984 3554 autem
3014 3499 3117 3568 ipsi
3148 3498 3270 3553 ﬁliae
3300 3498 3432 3555 Sion

1871 3593 2087 3650 nuntiat
2121 3592 2401 3647 oraculum
2425 3630 2439 3654 ,
2486 3590 2565 3644 sic
2603 3589 2818 3644 interim
2858 3588 2954 3644 Dei
2995 3589 3297 3645 Ecclesiam
3335 3606 3433 3660 ap-

1869 3686 2118 3757 pellans,
2183 3694 2469 3754 propterea
2517 3682 2660 3752 quod
2716 3683 2924 3738 caelesti
2972 3681 3273 3737 Jerusalem
3322 3684 3429 3737 tilia

1868 3801 1992 3842 esse
2042 3785 2313 3846 videatur,
2374 3796 2521 3852 quae,
2582 3786 2643 3833 ut
2696 3785 2921 3833 sanctus
2979 3776 3054 3830 ait
3108 3775 3427 3843 Apostolus,

1868 3884 2044 3933 mater
2089 3884 2403 3932 sanctorum
2450 3882 2553 3929 est.
2603 3871 2711 3925 Aut
2752 3871 2916 3925 etiam
2960 3868 3117 3922 aliter
3154 3867 3262 3921 ﬁlia
3298 3866 3431 3922 Sion

1868 3967 2075 4024 Christi
2124 3966 2366 4021 Ecclesia
2397 3965 2503 4020 dici
2536 3971 2748 4035 potest,
2793 3969 3051 4030 tanquam
3093 3975 3156 4015 ea
3197 3974 3319 4030 quae
3363 3974 3431 4015 ex

1866 4062 2050 4131 priore
2105 4073 2293 4114 eorum
2346 4058 2441 4128 qui
2504 4057 2570 4112 ad
2627 4054 3099 4111 circumcisionem
3159 4053 3431 4122 pertinent

1868 4160 2135 4206 conventu
2165 4190 2179 4215 ,
2230 4165 2327 4220 per
2371 4148 2645 4219 apostolos
2669 4187 2684 4211 ,
2736 4153 2898 4215 atque
2939 4143 3300 4213 evangelistas
3325 4183 3339 4209 ,
3375 4143 3431 4197 id

1868 4242 2013 4314 quod
2043 4250 2159 4306 est,
2197 4242 2503 4311 acceperit,
2535 4240 2627 4310 qui
2654 4239 2818 4293 etiam
2853 4237 2945 4291 lilii
2974 4244 3130 4291 erant
3162 4234 3282 4305 ejus
3313 4249 3431 4289 ma-

1868 4334 1968 4389 tris
1989 4374 2003 4398 ,
2034 4348 2155 4403 qua:
2188 4333 2259 4387 ob
2289 4333 2497 4388 scelera
2526 4346 2627 4387 sua
2657 4331 2867 4400 abiecta
2910 4337 2994 4385 est
3014 4369 3028 4393 ,
3077 4344 3305 4399 quaeque
3345 4328 3429 4383 vi-

1868 4426 1973 4480 dua
2008 4424 2152 4479 facta
2183 4432 2303 4489 est,
2333 4439 2398 4479 eo
2432 4423 2578 4494 quod
2622 4422 2891 4493 expulerit
2923 4421 3098 4475 virum
3129 4460 3143 4484 ,
3187 4420 3279 4491 qui
3331 4436 3429 4490 per

1867 4518 2163 4589 pmphctas
2184 4517 2251 4571 de
2277 4517 2395 4587 ipsa
2425 4522 2756 4586 conquestus
2778 4520 2863 4570 est
2886 4552 2900 4577 ,
2927 4520 3090 4583 atque
3119 4513 3194 4567 ait
3218 4532 3232 4567 :
3263 4531 3282 4563 ι
3310 4511 3429 4567 Non

203 4610 285 4663 καὶ
315 4608 564 4681 ἀρχηγὸν
596 4606 694 4676 τῆς
709 4606 1002 4678 παρθενίας
1034 4622 1126 4657 σου
1147 4620 1160 4633 ·
1200 4624 1219 4655 ι
1246 4603 1305 4666 ὃς
1336 4603 1429 4656 καὶ
1458 4605 1570 4664 τοῖς
1595 4601 1652 4668 ἐξ
1674 4601 1762 4654 αύ-

1874 4620 2125 4681 lanquam
2158 4609 2337 4665 virum
2368 4624 2454 4663 me
2485 4607 2693 4663 vocasti
2716 4646 2732 4671 ,
2776 4613 2830 4661 et
2875 4605 3091 4661 Patrem
3140 4612 3193 4661 et
3231 4604 3427 4660 ducem

203 4698 289 4769 τῆς
340 4698 659 4768 γενομένοις
715 4696 804 4751 τὸν
828 4696 1024 4767 τρόπον
1064 4695 1163 4766 τῆς
1193 4692 1395 4764 μητρὸς
1436 4691 1755 4758 διαϐάλλων,

205 4796 323 4866 φησί
345 4813 358 4824 ·
392 4814 411 4847 ι
452 4795 612 4846 Ποῖον
654 4792 810 4846 τοῦτο
840 4792 902 4845 τὸ
946 4790 1144 4862 βιϐλίον
1172 4788 1264 4843 τοῦ
1304 4787 1631 4841 ἀποστασίου
1663 4786 1761 4856 τῆς

210 4888 403 4957 μητρὸς
452 4886 627 4956 ὑμῶν.
658 4877 701 4953 ᾧ
736 4882 1090 4951 ὲξαπέστειλα
1131 4883 1335 4953 αὐτὴν;
1377 4899 1395 4930 ι
1425 4879 1535 4933 Καὶ
1564 4877 1758 4931 πάλιν·

209 4978 500 5050 ιΚριθῆτε
566 4977 702 5049 πρὸς
759 4976 855 5048 τὴν
910 4976 1119 5048 μητέρα
1172 4973 1345 5045 ὑμῶν,
1401 4971 1645 5043 κριθῆτε,
1679 4971 1762 5022 ὅτι

206 5072 326 5144 αὕτη
363 5074 426 5126 ού
461 5073 597 5143 γυνή
629 5089 727 5142 μου
750 5112 765 5136 ,
794 5071 947 5141 κάγὼ
978 5071 1077 5124 οὐκ
1102 5071 1240 5141 ἀνὴρ
1268 5068 1456 5137 αὐτῆς.
1484 5086 1501 5118 ι
1528 5065 1765 5127 Εἰκότως

206 5160 323 5234 δῆτα
357 5164 508 5218 ώσὰν
542 5165 639 5234 τὴν
676 5163 885 5235 μητέρα
924 5161 1382 5234 ἀπαρνησαμένου
1413 5159 1506 5213 τοῦ
1530 5158 1759 5229 Κυρίου,

207 5256 328 5325 πρὸς
362 5257 465 5326 τὴν
481 5254 755 5327 θυγατέρα
783 5258 817 5327 ἡ
859 5254 1108 5325 παροῦσα
1142 5252 1445 5324 προφητεία
1475 5248 1752 5319 εὐαγγελί-

213 5341 341 5407 ζεται
372 5345 473 5416 τὴν
502 5343 666 5398 αὐτοῦ
716 5341 809 5397 τοῦ
852 5343 1055 5415 Κυρίου
1102 5342 1423 5412 παρουσίαν.
1471 5341 1569 5411 Είη
1612 5340 1657 5392 δ’
1694 5339 1759 5393 ἂν

216 5434 330 5507 ιῦτη
363 5438 398 5508 ἡ
432 5436 493 5501 ἐξ
534 5433 703 5489 ἐθνῶν
743 5434 1056 5506 Ἐκκλησία,
1088 5436 1145 5487 ἐν
1188 5433 1339 5505 χώρᾳ
1371 5432 1635 5504 θυγατρὸς
1660 5432 1760 5502 τῆς

211 5528 489 5600 προτέρας,
514 5528 602 5581 διὰ
630 5529 756 5591 τοὺς
800 5527 1127 5590 ἀποστόλους
1167 5526 1258 5580 τοῦ
1298 5527 1546 5598 Σωτῆρος
1577 5528 1755 5599 ἡμῶν,

209 5610 575 5689 λελογισμένη.

1869 4702 2192 4774 virginitatis
2238 4709 2345 4756 tuae
2375 4700 2442 4767 ⁸⁸,
2478 4720 2496 4752 ι
2521 4700 2612 4770 qui
2652 4699 2815 4754 etiam
2847 4698 2914 4753 iis
2944 4698 3038 4768 qui
3063 4698 3130 4753 de
3154 4699 3271 4769 ipsa
3314 4699 3430 4755 nati

1867 4803 2024 4859 sunt,
2052 4809 2233 4850 mores
2263 4793 2451 4848 matris
2473 4791 2812 4861 exprobrans
2846 4805 2909 4844 ac
2939 4792 3277 4860 vituperans,
3308 4791 3384 4845 ait
3409 4811 3423 4846 :

1873 4905 1892 4938 ι
1924 4886 2058 4949 Quis
2089 4894 2173 4941 est
2207 4885 2297 4939 hic
2327 4884 2464 4938 liber
2494 4882 2707 4953 repudii
2743 4882 2933 4938 matris
2965 4890 3195 4946 vestrae,
3233 4882 3288 4936 in
3317 4898 3427 4952 quo

1868 4978 2025 5032 emisi
2059 4992 2177 5032 eam
2203 4977 2248 5008 ⁸³
2269 4978 2292 5030 ?
2314 4995 2333 5028 ι
2364 4976 2430 5030 Et
2461 4990 2655 5031 rursus
2683 4993 2697 5029 :
2734 4993 2753 5026 ι
2780 4972 3107 5028 Judicamiui
3135 4974 3426 5043 :quoniam

1866 5068 1983 5123 haec
2024 5084 2135 5122 non
2178 5083 2317 5122 uxor
2350 5082 2468 5122 mea
2489 5108 2505 5132 ,
2552 5074 2607 5123 et
2642 5082 2742 5137 ego
2775 5081 2884 5121 non
2918 5066 3001 5119 vir
3027 5065 3146 5135 ejus
3175 5066 3242 5121 ⁸³.
3268 5084 3288 5116 ι
3316 5064 3425 5120 Me-

1865 5159 1975 5214 rito
2027 5173 2159 5214 sane
2206 5166 2462 5228 tanquam
2508 5158 2575 5213 iis
2620 5158 2713 5229 qui
2767 5167 2996 5213 matrem
3040 5158 3429 5227 abnegaverint

1870 5249 2035 5305 tiliam
2091 5248 2335 5310 Domini.
2380 5250 2552 5319 ipsius
2596 5248 2807 5304 Domini
2850 5250 3135 5304 adventum
3186 5264 3425 5319 praesens

1868 5342 2153 5412 prophetia
2202 5342 2438 5396 nuntiat.
2488 5339 2605 5395 Erit
2653 5347 2834 5395 autem
2893 5341 3005 5395 haec
3060 5340 3303 5397 Ecclesia
3355 5341 3424 5396 de

1871 5435 2154 5504 gentibus,
2191 5450 2310 5503 quae
2340 5435 2460 5489 loco
2493 5435 2694 5505 prioris
2728 5433 2850 5489 tiliae
2882 5449 2977 5506 per
3018 5434 3188 5491 nostri
3235 5434 3423 5491 Salva-

1871 5526 2004 5580 toris
2032 5528 2309 5595 apostolos
2335 5567 2349 5593 ,
2381 5526 2563 5583 habita
2591 5533 2694 5582 est.

266 5735 308 5768 ⁸⁸
338 5736 504 5792 Zach.
537 5753 596 5802 ιιι,
626 5737 712 5802 l0,
750 5738 833 5792 ll.
909 5741 948 5773 ⁸¹
973 5739 1083 5797 Jer.
1109 5757 1189 5807 Ill,
1218 5740 1271 5796 4.
1347 5742 1391 5775 θ’
1413 5740 1516 5800 lsa.
1552 5761 1679 5812 xxx,
1712 5763 1751 5803 ι.

1904 5749 2029 5809 Ose.
2062 5766 2123 5820 ιι,
2150 5753 2205 5809 2.
