3902 6264
508 298 604 358 451
1261 306 1532 366 EUSEBlI
1572 306 2049 364 ΟΕΒΑᾺΙΕΝΞΙΞ

2169 309 2233 367 Ρ.
2271 308 2453 365 PARS
2491 309 2556 366 II.
2599 338 2671 353 α-
2702 311 3196 372 APOLOGETICA.
3601 318 3710 375 452

931 426 1095 498 284
1134 425 1362 481 CAPUT
1401 424 1586 482 xvul.
1661 494 1665 499 ,
2065 433 2112 489 Α

1661 494 1665 499 η
2065 433 2112 489 Α
2651 429 3044 485 ΚΕΦΑΛΑΙΟΝ
3066 433 3174 487 nr.

590 584 672 642 Ab
702 584 902 640 eodem.
932 614 1002 625 —
1030 584 1106 638 De
1140 584 1350 639 Domini
1386 584 1610 637 adventu
1636 622 1652 646 ,
1685 593 1734 636 et
1769 581 1833 637 de
1856 585 1934 639 iis

2170 565 2297 651 Λπρ
2330 566 2434 619 τοῦ
2474 566 2923 651 {terga—1.18m.
2962 569 3079 651 τῆς
3094 569 3198 624 τοῦ
3228 569 3450 651 ῌιιρέσυ
3494 586 3711 651 πειρςμ

710 637 826 725 ρέιώ
856 655 912 709 in
940 637 1595 723 passionerjaseuentura
1626 637 1800 708 erant.
1914 637 1924 639 ⁷
2203 652 2251 774 Ζ

2203 637 2370 774 Ζὲἵς,
2400 638 2497 691 καὶ
2541 637 2660 691 τῶν
2689 637 2835 691 κατὰ
2866 640 2930 692 τὸ
2962 639 3150 707 πάθος
3189 637 3374 695 αὐτὸῦ
3391 637 3708 712 συμὸὴσο-

2321 724 2421 760 ων.

547 841 565 872 ι
604 823 744 879 Ecce
767 823 883 879 dies
908 831 1135 880 veniunt
1166 824 1419 890 Domini,
1447 831 1501 879 et
1523 822 1840 879 dividentur
1866 823 2039 895 spolia

2215 839 2235 871 ι
2283 820 2412 874 Ἰδοὺ
2473 820 2673 893 ἡμέραι
2721 821 2964 894 ἔρχονται
2991 821 3084 876 τοῦ
3130 807 3356 895 Κυρίου,
3383 824 3480 879 καὶ
3511 824 3707 894 διαμε-

476 927 567 973 tua
598 916 653 970 in
686 924 742 972 te
765 957 780 979 .
827 924 883 972 et
926 917 1269 988 congregabo
1296 932 1486 972 omnes
1513 926 1700 988 gentes
1732 917 1786 971 in
1818 912 2017 973 Jerusa

2166 909 2485 981 ιισθήσονται
2529 913 2599 966 τὰ
2649 913 2821 967 σκῦλά
2874 931 2966 966 σου
3020 915 3077 967 ὲν
3134 914 3236 977 σοὶ,
3281 916 3375 968 καὶ
3394 914 3707 979 ἐπισυνάξαι

474 1007 578 1062 lem
613 1007 680 1061 ad
710 1006 910 1062 bellum
937 1024 952 1072 ;
986 1013 1039 1060 et
1068 1006 1320 1076 capietur
1349 1005 1545 1060 civitas
1568 1044 1584 1069 ,
1619 1013 1672 1060 et
1712 1005 2015 1074 diripientut

2167 1004 2316 1057 πάντα
2357 1005 2424 1058 τὰ
2482 1004 2609 1075 ἔθνη
2634 1007 2726 1060 ἐπὶ
2786 1006 3136 1079 Ἰερουσαλὴμ
3193 1009 3272 1070 εἰς
3304 1007 3540 1078 πόλεμον
3563 1025 3579 1039 ο
3610 1009 3708 1061 καὶ

472 1098 703 1163 domus,
738 1106 791 1152 et
831 1099 1090 1160 mulieres
1122 1098 1494 1162 fmdabuntur,
1525 1107 1580 1152 et
1615 1096 1923 1167 egredietur
1954 1096 2010 1151 di

2168 1095 2403 1150 ελώσεται
2431 1098 2464 1164 ἡ
2495 1096 2667 1161 πόλις,
2695 1097 2791 1151 καί⁹
2830 1097 3360 1168 διαρπαγὴσονταιαὶ
3380 1097 3571 1161 οἰκίαι,
3609 1098 3709 1152 καὶ

471 1189 701 1244 midium
732 1190 970 1245 civitatis
996 1192 1049 1244 in
1079 1188 1427 1261 captivitate,
1466 1189 1661 1258 reliqui
1692 1203 1818 1243 vero
1844 1188 1911 1243 de
1940 1203 2009 1259 po

2167 1185 2192 1236 ιί
2264 1186 2522 1253 γυναῖκες
2590 1185 3041 1258 μολυνθήσονται,
3102 1187 3196 1240 καὶ
3253 1185 3625 1260 ἐξελεύσεται,
3644 1186 3708 1241 τὸ

471 1280 601 1349 pulo
634 1294 756 1334 meo
789 1295 895 1333 non
930 1281 1215 1349 peribunt,
1251 1285 1306 1333 et
1337 1278 1644 1349 egredietur
1672 1277 1953 1345 Dominus,
1983 1294 2012 1334 e

2164 1292 2307 1344 ιμισυ
2338 1275 2438 1345 τῆς
2470 1274 2674 1340 πόλεως
2702 1278 2759 1329 ὲν
2793 1275 3156 1349 αἰχμαλωσίᾳ.
3193 1278 3255 1331 Ol.
3289 1277 3346 1330 δὲ
3374 1276 3705 1332 κατάλοιποι

471 1371 753 1440 parabitur
785 1370 853 1424 ad
882 1371 1124 1442 praelium
1160 1369 1217 1424 in
1267 1370 1521 1441 gentibus
1558 1370 1703 1435 illis,
1740 1371 1885 1426 sicut
1917 1370 2012 1425 die:

2169 1363 2229 1416 οῦ
2254 1362 2383 1417 λαοῦ
2417 1382 2517 1437 μου
2542 1366 2601 1418 οὐ
2633 1366 2706 1438 μὴ
2747 1365 3184 1436 ὲξολοθρευθῶσι,
3224 1368 3317 1421 καὶ
3359 1366 3706 1434 ἐξελεύσεται

470 1460 639 1529 praelii
668 1461 786 1530 ejus
813 1463 865 1515 in
899 1462 987 1516 die
1014 1461 1142 1516 belli
1169 1480 1182 1515 :
1209 1456 1513 1515 et‘stabunt
1535 1462 1701 1533 pedes
1723 1463 1842 1532 ejus
1865 1463 1921 1516 in
1947 1462 2011 1516 di<

2163 1454 2355 1525 ἱύριος,
2407 1458 2503 1511 καὶ
2546 1456 2915 1530 παρατάξεται
2958 1457 3015 1510 ὲν
3049 1460 3159 1521 τοῖς
3189 1457 3396 1513 ἔθνεσιν
3447 1458 3704 1525 ἐκείνοις,

469 1552 559 1605 illa
586 1568 750 1622 super
779 1563 962 1607 monte
990 1551 1301 1617 Olivarum,
1331 1554 1426 1623 qui
1455 1562 1541 1609 est
1578 1564 1768 1609 contra
1819 1554 2010 1612 Jerusa

2163 1549 2319 1615 ξαθῶς
2344 1551 2525 1623 ἡμέρα
2556 1553 2913 1625 παρατάξεως
2944 1553 3110 1607 αὐτοῦ
3144 1555 3201 1607 ὲν
3231 1554 3410 1626 ἡμέρᾳ
3436 1554 3704 1625 πολέμου.

469 1642 572 1697 lem
602 1643 671 1697 ab
697 1644 932 1707 Oriente,
963 1651 1017 1697 et
1043 1643 1322 1698 scindetur
1351 1659 1508 1699 mons
1537 1643 1813 1700 Olivarum
1833 1686 1848 1710 ,
1876 1647 2010 1700 dimi

2163 1644 2243 1697 {al
2271 1646 2554 1715 στήσονται
2594 1647 2645 1697 οί
2700 1646 2857 1711 πόδες
2888 1647 3052 1702 αὐτοῦ
3084 1647 3140 1699 ὲν
3172 1649 3238 1718 τῇ
3281 1647 3462 1718 ἡμέρᾳ
3489 1647 3704 1718 ἐκείνῃ,

466 1731 618 1787 dium
648 1734 767 1803 ejus
797 1735 865 1790 ad
896 1736 1189 1801 Orientem,
1216 1743 1270 1791 et
1291 1735 1575 1791 dimidium
1607 1737 1728 1808 ejus
1753 1738 1821 1793 ad
1847 1752 1999 1794 mare

2166 1735 2227 1787 πὶ
2253 1735 2313 1789 τὸ
2361 1736 2484 1807 ὅρος
2509 1737 2617 1790 τῶν
2659 1738 2882 1793 Ἐλαιῶν
2910 1740 2990 1804 τὸ,
3024 1740 3303 1793 κατέναντι
3345 1739 3707 1810 Ἰερουσαλὴμ

466 1824 817 1895 profunditas
849 1839 1046 1897 magna
1076 1826 1444 1893 vehementer,
1477 1837 1532 1883 et
1558 1795 1841 1883 inclinabit
1866 1829 2007 1884 dimi

2165 1826 2190 1893 ξ
2232 1795 2523 1893 ἀνατολῶν,
2576 1832 2667 1883 καὶ
2713 1795 3059 1904 σχισθήσεται
3092 1831 3151 1884 τὸ
3189 1830 3313 1901 ὅρος
3362 1795 3614 1895 Ἐλαιῶν,

464 1918 616 1973 dium
648 1921 849 1975 montis
879 1920 946 1975 ad
977 1920 1205 1977 Boream
1224 1964 1242 1989 ,
1267 1930 1322 1977 et
1344 1921 1627 1976 dimidium
1655 1922 1774 1992 ejus
1802 1923 1869 1977 ad
1892 1923 2002 1980 Aus

2162 1937 2299 1991 ‘ptO'U
2354 1921 2516 1975 αὐτοῦ
2567 1922 2706 1994 πρὸς
2764 1923 3054 1978 θάλασσαν.
3094 1921 3424 1992 Χάος¹μέγα
3469 1920 3703 1992 σφόδρα,

465 2017 612 2065 trum
641 2030 654 2065 :
688 2018 741 2066 et
770 2012 1118 2067 obturabitur
1147 2014 1306 2069 vallis
1346 2012 1612 2067 montium
1658 2027 1937 2079 meorum,
1976 2029 2005 2069 e

2163 2012 2223 2064 al
2252 2012 2422 2065 κλινεί
2444 2013 2504 2066 τὸ
2527 2014 2695 2083 ἥμισυ
2724 2013 2815 2067 τοῦ
2863 2014 3024 2086 ὅρους
3049 2015 3182 2085 πρὸς
3211 2015 3303 2067 τὸν
3330 2014 3564 2085 Βορρᾶν,
3600 2015 3704 2068 καὶ

465 2102 929 2172 conglutinabitur
952 2105 1217 2161 convallis
1247 2105 1513 2160 montium
1545 2120 1717 2175 usque
1741 2106 1901 2162 Asael
1929 2124 1942 2160 :
1975 2121 2006 2162 e

2162 2104 2189 2156 ὸ
2216 2104 2386 2174 ἥμισυ
2442 2104 2606 2157 αὑτοῦ
2641 2106 2775 2176 πρὸς
2806 2106 2998 2159 Νότον.
3040 2107 3150 2161 Kal
3185 2106 3638 2177 ὲμφραχθήσεται
3669 2107 3703 2179 ἡ

462 2192 828 2257 obturabitur,
849 2194 1307 2273 quemadrgodum
1332 2194 1583 2249 obturata
1603 2200 1686 2248 est
1707 2207 1737 2246 a
1758 2193 1896 2248 facie
1913 2200 2001 2248 ter

2165 2195 2310 2259 οιλὰς
2340 2194 2447 2248 τῶν
2474 2196 2644 2268 ὀρέων
2673 2214 2794 2267 μου,
2828 2198 2920 2251 καὶ
2938 2197 3390 2268 ὲγκολληθὴσεται
3416 2198 3449 2267 ἡ
3477 2197 3706 2268 φάραγξ

463 2300 539 2341 rae
579 2294 785 2350 motus,
819 2287 874 2340 in
904 2286 1097 2341 diebus
1125 2287 1268 2341 Oziae
1300 2287 1445 2358 regis
1471 2285 1629 2341 Juda.
1667 2285 1752 2358 [Et
1781 2287 2004 2341 advenie

2165 2287 2294 2358 ρέων
2344 2288 2448 2352 ἕως
2512 2288 2710 2361 Ἀσαήλ
2736 2308 2749 2320 ·
2782 2292 2876 2343 καὶ
2927 2290 3370 2362 ὲμφραχθὴσεται
3411 2290 3469 2343 ὃν
3493 2290 3706 2362 τρόπον

462 2378 727 2433 Dominus
770 2378 921 2434 Deus
951 2395 1143 2445 meus,
1173 2388 1228 2435 et
1259 2395 1450 2434 omnes
1495 2380 1672 2434 sancti
1715 2395 1838 2434 cum
1879 2394 1981 2433 eo:

2165 2376 2396 2448 νεφράγη
2443 2378 2548 2432 ἀπὸ
2597 2378 2886 2450 προσώπου
2926 2380 3019 2433 τοῦ
3069 2378 3313 2450 σεισμοῦ,
3349 2382 3405 2433 ὲν
3458 2381 3706 2453 ἡμέραις

460 2476 514 2525 et
554 2470 658 2525 erit
706 2470 760 2524 in
803 2470 893 2526 die
934 2471 1059 2536 illa,
1105 2486 1217 2526 non
1263 2472 1369 2526 erit
1397 2472 1616 2536 lumen,
1648 2469 1745 2526 sed
1774 2471 1948 2541 frigus
1973 2486 2001 2526 e

2164 2466 2312 2532 Οζίου
2363 2469 2624 2539 βασιλέως
2702 2471 2889 2525 Ἰούδα.
2944 2473 3054 2525 Kal
3111 2470 3260 2525 ἔσται
3314 2474 3372 2525 ὲν
3400 2472 3588 2546 ἐκείνῃ
3631 2476 3705 2545 τῇ

457 2554 662 2631 glacies
688 2563 794 2618 erit
826 2562 913 2617 die
945 2577 1054 2618 uno
1079 2581 1092 2618 :
1128 2572 1182 2619 et
1210 2563 1327 2619 dies
1354 2562 1447 2617 ille
1480 2571 1645 2617 notus
1675 2561 1906 2616 Domino
1925 2603 1941 2627 ,
1971 2576 1998 2617 e

2167 2562 2326 2634 μέρᾳ,
2355 2563 2455 2615 οὐκ
2477 2561 2627 2615 ἔσται
2681 2562 2817 2634 φῶς,
2852 2563 2984 2617 ἀλλὰ
3002 2563 3190 2634 ψῦχος,
3209 2563 3301 2617 καὶ
3336 2565 3509 2633 πάγος
3538 2565 3705 2619 ἔσται

458 2670 567 2708 non
603 2655 755 2717 dies,
799 2671 977 2725 neque
1018 2671 1162 2720 nox,
1207 2656 1278 2710 ad
1319 2671 1603 2726 vesperam
1652 2656 1756 2710 erit
1796 2656 1913 2709 lux.
1958 2653 1999 2708 E

2160 2654 2256 2708 μίαν
2285 2655 2514 2725 ἡμέραν.
2536 2656 2700 2725 Καὶὴ
2730 2656 2910 2728 ἡμέρα
2926 2657 3105 2727 ἐκείνη
3131 2656 3345 2728 γνωστὴ
3375 2656 3454 2728 τῷ
3482 2658 3701 2730 Κυρίῳ,

458 2749 563 2800 erit
599 2747 655 2801 in
693 2748 782 2802 die
820 2748 948 2809 illa,
985 2748 1298 2819 egredietur
1334 2762 1475 2817 aqua
1510 2747 1631 2802 viva
1681 2746 1749 2802 de
1797 2745 1999 2801 Jerusa'

2161 2747 2219 2800 al
2248 2748 2345 2818 οὐχ
2374 2747 2579 2819 ἡμέρα,
2606 2748 2701 2802 καὶ
2728 2749 2847 2819 οὐχὶ
2878 2747 2993 2813 νὺξ,
3026 2748 3087 2801 τὸ
3119 2748 3255 2819 πρὸς
3277 2749 3515 2821 ἑσπέραν
3540 2749 3702 2805 ἔσται

458 2839 566 2892 lem
590 2857 606 2894 :
636 2838 920 2894 dimidium
950 2840 1070 2908 ejus
1093 2839 1159 2893 ad
1185 2853 1333 2894 mare
1361 2840 1596 2908 primum
1618 2878 1634 2903 ,
1659 2846 1713 2893 et
1736 2836 1999 2891 dimidiun

2164 2838 2258 2903 ῶς.
2292 2839 2402 2892 Καὶ
2419 2839 2569 2892 ἔσται
2595 2843 2652 2894 ὲν
2684 2842 2748 2911 τῇ
2769 2841 2946 2911 ἡμέρᾳ
2970 2839 3170 2912 ἐκείνῃ,
3194 2838 3533 2905 ἐξελεύσεται
3549 2842 3704 2916 ὕδωρ

453 2929 580 2996 ejus
618 2929 685 2982 ad
724 2944 875 2984 mare
914 2930 1167 2983 ultimum
1198 2947 1213 2984 :
1253 2929 1309 2983 in
1346 2936 1534 2985 aestate
1570 2935 1626 2984 et
1663 2929 1720 2982 in
1759 2943 1883 2983 vere
1917 2928 1994 2982 eri

2163 2929 2230 2983 ῶν
2263 2927 2324 2995 ἐξ
2356 2930 2708 3004 Ἰερουσαλήμ
2733 2949 2745 2961 ·
2774 2931 2834 2984 τὸ
2861 2932 3030 3003 ἥμισυ
3061 2931 3224 2985 αὐτοῦ
3255 2934 3333 2996 είς
3370 2932 3466 3004 τὴν
3497 2933 3704 2989 θάλασ-

460 3021 541 3077 sic
573 3040 588 3076 :
624 3028 679 3076 et
706 3023 812 3076 erit
841 3021 1102 3078 Dominus
1133 3023 1189 3077 in
1221 3036 1403 3094 regem
1450 3022 1507 3075 in
1549 3035 1763 3075 omnem
1796 3027 1996 3076 terram

2161 3039 2222 3074 αν
2251 3021 2348 3092 τὴν
2382 3020 2623 3093 πρώτην,
2655 3023 2747 3076 καὶ
2769 3023 2939 3093 ἥμισυ
2968 3022 3132 3076 αὑτοῦ
3181 3026 3261 3087 είς
3287 3022 3385 3095 τὴν
3417 3024 3702 3079 Θάλασσαν

455 3106 517 3161 ln
566 3106 655 3161 die
703 3108 793 3161 illa
844 3108 950 3163 erit
1001 3108 1263 3164 Dominus
1321 3125 1500 3174 unus,
1549 3116 1603 3164 et
1651 3124 1850 3165 nomen
1900 3110 1996 3180 ejus

2162 3112 2222 3187 ὴν
2245 3115 2498 3187 ἐσχάτην.
2544 3115 2630 3168 Ἐν
2654 3114 2798 3185 θέρει
2821 3117 2912 3170 καὶ
2937 3117 2993 3169 έν
3036 3115 3154 3187 ἔαρι
3187 3115 3336 3169 ἔσται
3363 3115 3557 3180 οὕτως.
3587 3118 3703 3173 Καὶ

455 3215 625 3253 unum
646 3239 662 3262 ,
690 3201 1036 3255 circumdans
1060 3216 1276 3257 omnem
1306 3209 1502 3257 terram
1525 3240 1541 3266 ,
1573 3208 1627 3255 et
1651 3216 1867 3256 omnem
1893 3201 1995 3256 soli

2159 3223 2277 3259 σται
2311 3207 2513 3279 Κύριος
2559 3208 2639 3270 είς
2670 3206 2891 3278 βασιλέα
2931 3207 3025 3260 ἐπὶ
3051 3210 3229 3262 πᾶσαν
3253 3208 3349 3280 τὴν
3380 3209 3506 3279 γῆν,
3539 3211 3604 3264 ἐν
3630 3214 3699 3282 τῇ

453 3288 698 3344 tudinem
728 3291 794 3345 ει.
821 3310 841 3343 ι
866 3289 995 3346 Post
1023 3293 1254 3363 primam
1304 3293 1644 3348 obsidionem
1682 3291 1983 3349 Jerusalem

2158 3299 2308 3370 ξμέρει
2337 3300 2518 3371 ἐκείνῃ
2569 3298 2720 3351 ἔσται
2747 3298 2949 3369 Κύριος
2971 3293 3069 3367 εἷς,
3105 3300 3200 3353 καὶ
3225 3300 3284 3353 τὸ
3312 3300 3483 3371 ὄνομα
3525 3302 3699 3355 αὐτοῦ

452 3388 862 3452 extremamque
885 3383 1032 3439 illius
1057 3384 1271 3439 ruinam
1297 3392 1351 3441 et
1373 3386 1719 3441 solitudinem
1739 3425 1754 3451 ,
1779 3403 1899 3457 quae
1921 3389 1993 3444 sul

2161 3409 2203 3455 ν,
2237 3389 2466 3444 κυκλοῦν
2490 3390 2669 3443 πᾶσαν
2698 3388 2791 3461 τὴν
2824 3390 2926 3459 γῆν
2955 3390 3048 3443 καὶ
3084 3389 3182 3461 τὴν
3213 3388 3436 3462 ἔρημον.
3482 3408 3501 3440 ι
3536 3390 3702 3445 Μετὰ

454 3469 764 3542 Babyloniis
793 3473 1018 3539 accidit,
1049 3483 1279 3545 postque
1309 3475 1540 3531 reditum
1570 3478 1639 3532 ab
1660 3478 1843 3533 hostili
1877 3491 1995 3534 terr:

2159 3477 2219 3549 ὴν
2248 3478 2468 3551 πρώτην
2530 3478 2842 3550 πολιορκίαν
2894 3479 2991 3549 τῆς
3055 3479 3426 3550 Ἰερουσαλὴμ,
3468 3481 3566 3535 καὶ
3598 3480 3700 3552 τὴν

451 3564 521 3619 ad
552 3565 784 3634 patriam
806 3604 822 3631 ,
855 3566 949 3636 qui
983 3567 1086 3623 sub
1108 3565 1251 3639 Cyro
1278 3566 1571 3623 Persarum
1600 3585 1729 3641 rege
1755 3572 1983 3643 contigit

2158 3567 2354 3638 παντελῆ
2402 3557 2715 3638 καθαίρεσιν
2775 3565 2964 3636 αὐτῆς,
3024 3566 3116 3620 καὶ
3149 3567 3424 3637 ἐρήμωσιν
3452 3564 3553 3636 τὴν
3590 3564 3699 3618 ὑπὸ

449 3672 574 3711 cum
611 3658 773 3727 paulo
831 3667 956 3713 ante
997 3657 1295 3716 Jerusalem
1339 3661 1639 3716 instaurata
1705 3672 1885 3727 esset,
1931 3680 1987 3719 re

2155 3658 2493 3724 ιαὸυλωνίων,
2557 3660 2647 3713 καὶ
2682 3658 2817 3729 μετὰ
2862 3658 2958 3729 τὴν
3012 3657 3120 3709 ἀπὸ
3161 3657 3259 3725 τῆς
3289 3656 3554 3727 πολεμίας
3590 3656 3696 3727 γῆς

449 3757 816 3820 novatumque
846 3753 1222 3806 sanctuarium
1243 3793 1260 3818 ,
1290 3762 1345 3809 et
1382 3753 1527 3823 quod
1558 3754 1701 3824 apud
1735 3753 1869 3809 illud
1901 3770 1990 3809 era

2156 3750 2211 3802 πὶ
2240 3749 2338 3822 τὴν
2365 3751 2570 3804 οἰκείαν
2620 3749 2898 3817 ἐπάνοδον,
2919 3748 3017 3819 τὴν
3045 3749 3136 3802 ἐπὶ
3177 3748 3359 3819 Κύρου
3411 3744 3507 3799 τοῦ
3550 3747 3697 3817 Περ-

449 3842 653 3905 altare,
702 3844 804 3897 sub
844 3843 1007 3899 Dario
1040 3844 1205 3900 Persa
1254 3861 1496 3916 praesens
1531 3848 1680 3901 canit
1713 3848 1979 3918 propheta

2153 3840 2228 3895 ῶν
2249 3841 2513 3912 βασιλέως
2564 3840 2881 3912 γενομένην,
2912 3843 3035 3912 ἄρτι
3067 3839 3166 3908 τῆς
3202 3837 3555 3911 Ἰερουσαλὴμ
3594 3839 3694 3892 ἁν-

448 3929 612 4003 285
642 3939 694 3988 et
722 3932 950 4001 posthac
984 3932 1210 3988 alteram
1239 3933 1578 3989 obsidionem
1601 3933 1904 3991 Jerusalem
1929 3935 1985 3990 fu

2151 3933 2519 4005 γηγερμένης,
2559 3931 2953 3994 ἁνανεωθέντος
2981 3930 3037 3984 δὲ
3076 3930 3167 3984 τοῦ
3202 3930 3557 3999 ἁγιάσματος,
3593 3927 3692 3982 καὶ

449 4030 627 4077 turam
672 4022 968 4094 signiﬁcat,
1015 4040 1178 4095 quam
1224 4040 1385 4095 passa
1411 4035 1497 4082 est
1532 4042 1564 4080 a
1606 4026 1871 4084 Romanis
1904 4046 1990 4083 non

2150 4023 2205 4076 οῦ
2224 4023 2358 4094 πρὸς
2374 4021 2525 4094 αύτῷ
2555 4021 2937 4092 θυσιαστηρίου
2971 4021 3063 4074 ἐπὶ
3086 4018 3310 4091 Δαρείου
3333 4016 3425 4071 τοῦ
3452 4017 3691 4089 Πέρσου,

449 4115 606 4179 alias,
635 4131 799 4186 quam
826 4125 948 4186 post
981 4117 1209 4182 scelera,
1237 4132 1360 4188 qua).
1380 4119 1501 4188 ejus
1526 4119 1863 4178 habitatores
1884 4137 1990 4176 con

2167 4112 2354 4185 παρὼν
2376 4114 2660 4185 προφήτης
2690 4110 2955 4177 θεσπίζει,
2992 4111 3088 4182 τὴν
3111 4110 3248 4182 μετὰ
3274 4108 3447 4164 ταῦτα
3497 4108 3691 4162 δευτέ-

447 4214 533 4261 tra
566 4206 900 4263 Salvatorem
928 4215 1175 4264 nostrum
1199 4207 1383 4265 Iesum
1409 4211 1688 4268 Christum
1715 4216 1833 4269 ausi
1863 4223 1988 4270 sunt

2145 4225 2212 4260 av
2245 4205 2558 4277 πολιορκίαν
2599 4206 2698 4276 τῆς
2739 4204 3088 4276 Ἰερουσαλὴμ
3122 4201 3419 4274 σημαίνων,
3470 4200 3538 4274 ἢν
3582 4201 3686 4254 πέ-

447 4298 893 4355 Manifestissime
914 4300 1083 4372 igitur
1113 4301 1280 4355 etiam
1322 4302 1499 4356 hocin
1529 4303 1672 4369 loco,
1710 4302 1988 4359 Salvatori:

2147 4298 2306 4353 :ovOev
2340 4298 2444 4351 ὑπὸ
2488 4297 2769 4368 Ῥωμαίων
2806 4298 2906 4351 οὐκ
2948 4296 3133 4351 ἄλλοτε
3178 4294 3210 4365 ἦ
3246 4292 3384 4364 μετὰ
3429 4291 3499 4346 τὰ
3541 4293 3688 4346 κατὰ

446 4391 641 4456 nostri,
668 4391 762 4461 qui
792 4390 886 4446 Dei
913 4389 1151 4447 Verbum
1177 4397 1283 4455 est,
1323 4391 1609 4457 adventus,
1635 4401 1689 4449 et
1713 4411 1834 4465 qua:
1861 4396 1987 4450 illius

2144 4389 2204 4443 οῦ
2246 4391 2496 4463 Σωτῆρος
2532 4389 2691 4462 ἡμῶν
2731 4389 2901 4460 Ἰησοῦ
2946 4386 3180 4460 Χριστοῦ
3220 4388 3328 4449 τοῖς
3372 4385 3685 4456 οἰκήτορσιν

444 4491 689 4554 tempore
739 4484 1064 4549 acciderint,
1114 4482 1519 4555 signiﬁcantur:
1556 4492 1684 4541 sunt
1709 4502 1841 4542 vero
1869 4488 1984 4543 haec

2142 4483 2281 4553 ιύτῆς
2339 4483 2732 4554 τετολμημένα.
2781 4481 3181 4553 Ἐναργέστατα
3228 4476 3526 4548 τοιγαροῦν
3585 4478 3683 4529 καὶ

444 4582 641 4650 partim
672 4596 791 4650 quae
813 4594 921 4651 quo
948 4587 1191 4649 tempore
1219 4578 1310 4632 ille
1333 4591 1530 4647 passus
1549 4587 1655 4642 est,
1677 4586 1829 4650 gesta
1855 4589 1982 4636 sunt

2143 4573 2344 4627 νταῦθα
2394 4575 2486 4627 τοῦ
2530 4574 2779 4644 Σωτῆρος
2810 4571 2966 4643 ἡμῶν
2997 4570 3089 4624 τοῦ
3131 4569 3263 4624 Θεοῦ
3300 4570 3473 4638 Λόγου
3512 4572 3546 4641 ἡ
3578 4587 3682 4624 πα-

441 4673 643 4743 partim
686 4686 807 4742 quae
851 4670 999 4724 illico
1044 4668 1368 4725 Hebraicam
1412 4671 1690 4725 nationem
1730 4671 1976 4742 oppressi

2134 4665 2323 4730 ›ουσία,
2353 4665 2447 4720 καὶ
2473 4664 2541 4717 τὰ
2589 4664 2681 4718 ἐπὶ
2729 4663 2896 4734 ταύτῃ
2943 4660 3322 4733 συμϐεϐηκότα
3371 4660 3675 4733 δηλοῦνται.

441 4763 676 4828 obsidio,
721 4769 777 4817 et
824 4763 999 4833 ipsius
1039 4760 1342 4817 Jerusalem
1395 4762 1749 4832 expugnatio,
1783 4772 1837 4818 et
1881 4777 1979 4833 pos

2135 4756 2295 4810 Γαῦτα
2323 4756 2381 4811 δὲ
2416 4752 2484 4828 ἦν
2523 4755 2656 4826 ὁμοῦ
2704 4754 2772 4809 τὰ
2812 4754 2937 4828 περὶ
2979 4753 3068 4807 τὸν
3110 4752 3296 4824 καιρὸν
3335 4751 3427 4807 τοῦ
3471 4753 3676 4818 πάθους

440 4855 559 4924 ipsa
593 4854 730 4917 haec,
760 4854 974 4908 vocatio
1015 4852 1279 4922 gentium,
1314 4851 1588 4922 uniusque
1619 4867 1683 4907 ac
1704 4853 1876 4909 solius
1907 4852 1981 4907 De

2134 4849 2272 4904 ιύτοῦ
2318 4849 2697 4921 πεπραγμένα,
2736 4849 2831 4903 καὶ
2873 4849 2907 4919 ἡ
2953 4846 3261 4919 παραυτίκα
3295 4844 3372 4918 τῷ
3409 4845 3675 4918 Ἐϐραίων

440 4946 583 5015 apud
617 4960 777 5000 omne
809 4960 980 5015 genus
1009 4944 1289 4998 hominum
1320 4945 1580 5015 cognitio.
1615 4944 1885 4999 Caeterum
1917 4944 1981 5000 dii

2133 4944 2249 4998 ζθνει
2298 4943 2598 4999 ἐπελθοῦσα
2639 4940 2938 5011 πολιορκία,
2974 4941 3068 4993 καὶ
3112 4939 3212 5009 τῆς
3255 4938 3609 5010 Ἰερουσαλὴμ
3639 4940 3674 5009 ἡ

440 5037 566 5092 vino
593 5036 799 5108 Spiritu
847 5036 1058 5092 afﬂatus
1088 5038 1373 5107 prapheta,
1404 5053 1529 5092 cum
1569 5037 1806 5108 quadam
1847 5052 1981 5092 comi

2131 5037 2328 5102 ίλωσις,
2378 5036 2529 5106 καὶὴ
2563 5034 2699 5106 πρὸς
2739 5032 2947 5095 τούτοις
2993 5031 3177 5103 κλῆσις
3218 5030 3325 5084 τῶν
3356 5028 3549 5094 ἐθνῶν,
3579 5028 3672 5083 τοῦ

437 5129 807 5194 miseratione,
825 5139 1081 5199 tanquam
1100 5129 1146 5185 is
1173 5129 1267 5200 qui
1291 5145 1421 5186 suos
1442 5130 1509 5184 ad
1525 5129 1978 5184 circumcisionen

2129 5150 2166 5186 τε
2212 5131 2329 5194 ἐνὸς
2372 5131 2466 5185 καὶ
2508 5130 2670 5198 μόνου
2721 5127 2854 5182 Θεοῦ
2905 5130 2983 5190 είς
3034 5128 3142 5180 πᾶν
3180 5125 3333 5195 γένος
3371 5122 3670 5195 ἀνθρώπων

437 5221 769 5290 pertinentes
800 5220 1065 5289 deploret,
1112 5220 1180 5274 ab
1222 5219 1617 5274 exclamatione
1647 5228 1839 5273 contra
1875 5219 1978 5273 illo:

2129 5223 2416 5289 πίγνωσις.
2451 5221 2517 5274 Ὅ
2538 5238 2600 5290 γε
2624 5219 2728 5292 μὴν
2753 5216 3193 5289 πνευματοφόρος
3217 5215 3501 5289 προφήτης
3523 5230 3670 5285 περι-

436 5326 549 5365 suae
595 5310 893 5382 pr0phetiae
928 5308 1144 5363 initium
1188 5307 1354 5363 facit:
1389 5308 1506 5364 dies
1545 5308 1712 5378 igitur
1754 5306 1972 5362 Domini

2126 5313 2460 5385 ταθέστερον,
2489 5313 2640 5367 ὼσὰν
2668 5314 2753 5365 ἐπ’
2795 5311 3012 5373 οἰκείοις
3044 5307 3437 5381 ὀλοφυρόμενος
3464 5308 3579 5368 τοῖς
3606 5306 3667 5359 ἐκ

437 5402 583 5457 sicut
623 5402 681 5456 in
727 5402 851 5458 aliis
890 5401 1048 5469 locis,
1078 5400 1181 5455 hoc
1213 5415 1429 5471 quoque
1459 5400 1515 5455 in
1563 5400 1684 5455 loco
1729 5399 1972 5454 nominat

2120 5407 2419 5478 περιτομῆς,
2448 5406 2512 5459 ὲκ
2541 5406 2641 5475 τῆς
2673 5405 2793 5459 κατ’
2825 5402 3002 5458 αὐτῶν
3033 5403 3388 5472 ὲκφωνήσεως
3419 5395 3518 5469 τὴν
3533 5412 3661 5450 κατ-

435 5501 496 5548 ut
522 5494 601 5549 sic
635 5502 849 5565 tempus
871 5493 1097 5559 Christi,
1139 5492 1204 5547 ad
1245 5492 1494 5548 homines
1524 5491 1790 5549 adventus
1825 5493 1976 5563 signi

2122 5499 2274 5572 ιρχὴν
2313 5499 2603 5569 πεποίηται
2642 5496 2743 5568 τῆς
2793 5493 3142 5568 προφητείας.
3178 5491 3418 5562 Ἡμέρας
3478 5488 3543 5559 δὴ
3574 5482 3663 5541 οὖν

436 5585 583 5641 licet:
631 5587 896 5657 planeque
929 5588 984 5642 in
1016 5585 1207 5642 eodem
1234 5584 1495 5654 ostendit,
1532 5585 1977 5657 quemadmodum

2122 5591 2194 5645 τοῦ
2227 5589 2452 5662 Κυρίου,
2474 5589 2752 5663 ὠσπεροῦν
2782 5588 2874 5642 καὶ
2898 5589 2955 5640 ὲν
2987 5585 3213 5656 ἑτέροις,
3244 5579 3519 5636 κάνταῦθα
3550 5579 3663 5633 ὀνο-

543 5764 587 5796 “
610 5761 777 5820 Zach.
809 5780 921 5833 xxv,
945 5767 1055 5823 1-9.
