3902 6264
217 315 318 372 455

1104 308 1752 368 ΒΕΜΟΝΞΤΚᾹΤΙΟΝΙΞ
1783 307 2240 364 ΕΥΑΝΕΕυῦι
2277 306 2404 364 LIB.
2449 307 2536 363 Vl.

3353 316 3458 370 454

221 427 401 500 μάζει,
435 427 577 482 οὕτω
620 428 710 481 τὸν
753 428 938 500 χρόνον
962 428 1058 496 τῆς
1089 429 1166 490 εἰς
1194 425 1508 497 ἀνθρώπους
1547 424 1646 476 τοῦ
1670 425 1774 494 Χρι

1905 420 2020 490 ipse
2047 420 2334 487 Dominus,
2363 432 2620 494 tanquam
2661 425 2840 480 lumen
2867 441 3076 494 verum,
3118 431 3458 501 propriozum

223 519 346 573 στοῦ
399 521 707 592 παρουσίας
752 519 1057 591 σημαίνων’
1100 519 1194 572 καὶ
1245 517 1432 586 σαφῶς
1476 515 1669 585 δηλῶν,
1722 514 1795 578 ὡς

219 613 321 683 ἄρα
353 612 384 664 ό
433 611 638 681 Κύριος
690 611 874 673 αὐτὸς,
907 607 998 662 οἷα
1042 608 1156 678 φῶς
1193 609 1442 678 ἀληθινὸν
1489 607 1792 676 τυγχάνων,

217 701 358 758 ἰδίων
390 703 630 772 ποιητής
663 717 792 754 ποτε
838 703 1123 772 γενήσεται
1161 700 1400 771 ἡμερῶν.
1444 700 1568 761 Τοῖς
1605 698 1662 750 δὲ
1702 699 1794 750 ὲπὶ

211 795 312 865 γῆς
337 794 557 848 -ἆπασιν
604 792 908 864 ἀνθρώποις
949 792 1244 862 ὲπιλάμψει
1277 789 1384 844 τῶν
1418 791 1584 844 ὲθνῶν
1616 791 1791 844 ἁπάν-

211 902 336 949 των,
377 885 546 937 αὐτόν
587 902 648 937 τε
698 887 792 938 καὶ
839 885 938 948 τὰς
983 886 1206 948 ἀκτῖνας
1258 883 1350 937 τοῦ
1403 884 1581 954 φωτὸς
1626 883 1790 937 αὐτοῦ

211 975 682 1046 καταδεξαμένων,
721 978 834 1038 ὅτε,
863 975 972 1029 τῶν
991 976 1159 1028 ἐθνῶν
1202 977 1453 1030 ἁπάντων
1491 973 1792 1045 φωτιζομέ-

211 1086 310 1121 νων
345 1068 490 1120 κατὰ
525 1069 606 1131 τὸ,
639 1088 656 1118 ι
717 1068 947 1122 Τέθεικά
995 1085 1053 1120 σε
1103 1070 1181 1130 εἰς
1229 1067 1344 1136 φῶς
1394 1066 1654 1137 διαθήκης
1697 1067 1790 1134 γέ-

211 1177 347 1222 νους,
389 1179 407 1209 ι
443 1159 508 1212 τὸ
555 1160 821 1213 Ἰουδαίων
867 1159 1014 1222 ἔθνος
1058 1159 1146 1212 διὰ
1198 1159 1294 1230 τὴν
1341 1159 1420 1220 εἰς
1459 1159 1617 1211 αὐτὸν
1665 1158 1789 1210 ἀπι-

212 1251 382 1316 στίαν,
419 1253 540 1314 τοῖς
593 1252 839 1321 ἐσχάτοις
862 1254 1234 1323 περιπεσεῖται
1279 1249 1486 1303 δεινῶν.
1537 1249 1787 1303 Τοιοῦτον

208 1341 310 1412 γάρ
341 1343 468 1394 ἐστι
499 1343 588 1395 τό’
630 1361 648 1393 ι
693 1343 822 1395 Ἰδοὺ
856 1344 1041 1413 ἡμέρα
1074 1341 1289 1412 ἔρχεται
1317 1341 1407 1394 τοῦ
1441 1341 1666 1411 Κυρίου,
1694 1343 1787 1394 καὶ

205 1433 720 1504 διαμερισθήσονται
759 1433 828 1485 τὰ
857 1434 1029 1486 σκῦλά
1070 1451 1162 1486 σου
1204 1435 1262 1485 ὲν
1307 1433 1407 1498 σοὶ,
1435 1434 1527 1486 καί¹
1566 1435 1786 1485 εὶπισυν⁹

205 1524 310 1589 ἁξω
338 1526 526 1578 πάντα
553 1525 620 1578 τὰ
643 1525 770 1596 ἔθνη
801 1526 892 1578 ἐπὶ
926 1525 1278 1596 Ἰερουσαλὴμ
1300 1526 1379 1587 εἰς
1406 1524 1658 1594 πόλεμον,
1691 1526 1784 1578 καὶ

203 1617 472 1672 ἁλώσεται
500 1619 534 1688 ἡ
575 1617 748 1680 πόλις,
780 1618 874 1671 καὶ
898 1617 1359 1689 διαρπαγήσονται
1389 1621 1444 1671 αί
1473 1617 1660 1682 οἰκίαι,
1693 1620 1784 1672 καὶ

204 1711 253 1761 αἰ
305 1712 573 1777 γυναῖκες
629 1709 1085 1780 μολυνθήσονται,
1151 1710 1242 1762 καὶ
1311 1709 1646 1774 ἐξελεύσεται
1721 1709 1783 1762 τὺ

1897 514 2189 582 aliquando
2241 524 2435 570 auctor
2481 517 2574 572 ﬂet
2621 517 2854 586 dierum,
2889 527 2943 576 et
2986 522 3240 580 omnibus
3277 525 3368 595 qui
3403 527 3460 580 in

1895 611 2053 659 terra-
2086 615 2214 662 sunt
2257 607 2568 665 hominibus
2606 610 2906 677 illucescet,
2953 628 3062 683 quo
3105 621 3352 686 tempore
3405 626 3462 673 et

1896 695 2077 766 ipsum
2123 704 2177 753 et
2229 698 2452 753 luminis
2483 700 2657 770 ipsius
2704 701 2907 768 radios,
2955 703 3222 760 universae
3270 715 3460 778 gentes

1894 789 2214 859 suscipient,
2243 805 2365 860 quae
2385 790 2605 860 quidem
2641 792 2769 846 dum
2801 793 3274 866 illuminabuntur,
3303 800 3458 868 juxta

1891 879 2055 936 illud:
2095 899 2114 932 ι
2139 881 2303 937 Posui
2334 890 2386 937 te
2409 884 2463 936 in
2497 884 2678 939 lumen
2701 889 2962 954 gentium,
2989 889 3044 942 in
3073 899 3454 947 testamentum

1889 972 2103 1041 generis
2123 971 2192 1037 ⁸⁸,
2228 992 2247 1026 ι
2279 973 2483 1029 interea
2523 974 2749 1031 Judaiea
2791 993 2942 1048 gens,
2975 991 3196 1052 propter
3224 983 3459 1039 inﬁdeli-

1887 1070 2053 1117 tatem
2076 1065 2338 1121 adversus
2365 1067 2541 1128 illum,
2563 1067 2616 1122 in
2639 1079 2878 1124 extrema
2907 1073 3108 1128 incidet
3130 1073 3453 1131 infortunia.

1889 1152 2021 1209 Tale
2056 1155 2224 1226 igitur
2252 1165 2335 1211 est
2374 1158 2540 1214 illud:
2577 1178 2597 1211 ι
2628 1160 2766 1215 Ecce
2796 1161 2912 1217 dies
2944 1163 3090 1218 venit
3125 1163 3359 1229 Domini,
3400 1177 3453 1220 et

1887 1247 2198 1302 dividentur
2242 1251 2415 1319 spolia
2462 1259 2553 1304 tua
2600 1251 2655 1304 in
2707 1259 2781 1314 te,
2817 1260 2870 1305 et
2896 1253 3238 1323 congregabo
3263 1270 3452 1311 omnes

1885 1348 2074 1410 gentes
2120 1341 2176 1396 in
2201 1340 2504 1398 Jerusalem
2535 1342 2602 1396 ad
2629 1343 2851 1407 bellum,
2882 1351 2936 1398 et
2979 1348 3224 1414 capietur
3253 1346 3450 1401 civitas

1883 1443 1937 1488 et
1985 1433 2309 1504 diripientur
2339 1434 2537 1489 domus
2584 1443 2635 1490 et
2678 1435 2934 1490 mulieres
2983 1435 3356 1500 fmdabuntur,
3393 1447 3448 1492 et

1883 1523 2191 1592 egredietur
2233 1523 2519 1576 dimidium
2552 1523 2790 1578 civitatis
2833 1524 2888 1576 in
2923 1524 3286 1593 captivitatea
3320 1524 3452 1580 Post

1881 1630 2011 1668 vero
2043 1615 2218 1685 ipsius
2244 1614 2546 1670 Jerusalem
2577 1615 2941 1678 obsidionem,
2977 1623 3183 1671 et-eam
3226 1633 3347 1687 qua:
3381 1617 3450 1672 il-

1882 1706 1988 1760 lico
2017 1715 2203 1762 secuta
2235 1716 2319 1761 est
2344 1706 2586 1761 Juda-ica:
2615 1709 2791 1778 gentis
2815 1708 3153 1772 servitutem,
3187 1709 3450 1780 deinceps

200 1801 362 1869 ἥμισυ
385 1801 492 1871 τῆς
513 1801 718 1863 πόλεως
751 1802 808 1853 ἐν
829 1800 1189 1872 αἰχμαλωσίᾳ.
1218 1820 1234 1850 ι
1261 1800 1414 1852 Μετὰ
1444 1801 1501 1853 δὲ
1526 1801 1621 1872 τὴν
1644 1800 1774 1854 κατᾶ

1886 1795 2026 1849 bona
2095 1797 2348 1851 omnibus
2396 1797 2640 1868 adjungit
2694 1800 3024 1862 communia,
3075 1799 3156 1854 sic
3202 1815 3443 1854 canens:

201 1892 291 1961 τῆς
327 1891 693 1963 Ἰερουσαλὴμ
748 1891 1080 1962 πολιορκίαν,
1133 1892 1227 1944 καὶ
1283 1891 1379 1962 τὴν
1441 1894 1557 1961 μετ’
1613 1893 1782 1964 αὐτὴν

199 1983 579 2052 αἰχμαλωσίαν
631 1981 726 2034 τοῦ
777 1982 1043 2034 Ἰουδαίων
1073 1981 1276 2045 ἔθνους,
1329 1983 1571 2051 ἐπιλέγει
1629 1983 1777 2053 ἑξῆς,

200 2073 370 2143 ἀγαθὰ
402 2076 521 2136 τοῖς
563 2075 695 2124 πᾶσι
729 2071 1027 2135 θεσπίζων·
1071 2090 1090 2122 ι
1131 2073 1240 2124 Καὶ
1271 2072 1422 2126 ἔσται
1467 2071 1667 2142 Κύριος
1703 2074 1780 2136 εἰς

201 2163 420 2232 βασιλέα
467 2164 559 2215 ἐπὶ
605 2166 788 2216 πᾶσαν
821 2163 916 2234 τὴν
943 2163 1046 2232 γῆν
1068 2179 1082 2192 ο
1125 2183 1142 2213 ι
1173 2165 1266 2216 καὶ
1298 2164 1489 2216 πάλινο
1533 2181 1554 2214 ι
1590 2165 1780 2216 Ἔσται

200 2254 396 2325 Κύριος
425 2251 531 2317 εἷς,
569 2257 660 2308 καὶ
707 2254 768 2306 τὸ
809 2254 976 2324 ὄνομα
1021 2254 1182 2307 αὑτοῦ
1227 2255 1304 2320 ἓν,
1335 2255 1566 2308 κυκλοῦν
1603 2257 1782 2308 πᾶσαν

197 2349 287 2418 τὴν
317 2348 430 2418 γῆν
465 2348 559 2400 καὶ
594 2347 689 2417 τὴν
730 2347 951 2417 ἔρημον.
995 2367 1012 2398 ι
1053 2345 1212 2399 Ἀλλὰ
1244 2346 1352 2418 γὰρ
1399 2347 1492 2400 καὶ
1538 2346 1599 2398 τδ
1653 2345 1782 2402 ἰου-

195 2438 352 2492 δαίων
381 2439 541 2502 έθνος
571 2439 794 2492 τοιαῦτα
841 2438 1120 2493 πείσεσθαι
1175 2441 1233 2492 ὲν
1273 2441 1392 2501 ταῖς
1441 2437 1535 2490 τοῦ
1574 2437 1780 2506 Κυρίου

199 2532 432 2602 ἡμέραις
469 2533 566 2602 τῆς
599 2533 952 2602 προρρήσεως
996 2531 1440 2602 ἀποφηναμένης,
1475 2531 1558 2594 τίς
1586 2531 1685 2585 ούκ
1713 2530 1776 2584 ἂν

199 2620 497 2691 θαυμάσειε
545 2622 643 2690 τῆς
687 2624 1042 2692 προρρήσεως
1087 2624 1149 2675 τὸ
1191 2621 1568 2692 ἀποτέλεσμα;
1627 2622 1777 2690 Ἀμα

197 2713 297 2785 γὰρ
340 2715 557 2785 Ἰησοῦς
589 2717 617 2767 ὁ
658 2715 848 2784 Σωτὴρ
875 2715 966 2767 καὶ
993 2715 1195 2786 Κύριος
1234 2715 1388 2785 ἡμῶν
1424 2715 1622 2786 παρῆν,
1653 2714 1778 2782 ἠσέ-

197 2804 313 2857 6ουν
345 2822 409 2857 τε
438 2809 519 2869 εἰς
547 2807 707 2858 αὑτὸν
736 2808 784 2858 οἱ
822 2809 884 2858 ὲκ
921 2807 1238 2876 περιτομῆς,
1266 2807 1359 2859 καὶ
1392 2806 1568 2859 πάντα
1595 2806 1778 2868 αὐτοῖς

196 2896 406 2967 ἀθρόως
431 2899 500 2949 τὰ
532 2898 1002 2969 προηγορευμένα,
1031 2897 1165 2968 μετὰ
1186 2897 1632 2951 πεντακοσιοστὸν
1658 2897 1776 2960 ἔτος

195 2989 286 3059 τῆς
317 2991 706 3061 προρρήσεως,
755 2990 940 3052 τέλους
960 2989 1271 3060 ἐτύγχανεν,
1306 2989 1366 3054 ἐξ
1405 2989 1568 3044 αὐτοῦ
1611 2990 1776 3044 Πιλά-

193 3096 301 3148 του,
353 3083 450 3135 καὶ
511 3061 671 3153 μέχρι
724 3082 824 3151 τῆς
875 3083 1014 3134 κατὰ
1052 3083 1277 3154 Νέρωνα
1339 3082 1432 3135 καὶ
1466 3081 1622 3134 Τίτον
1679 3083 1775 3136 καὶ

195 3174 601 3228 Οὐεσπασιανὸν
650 3174 979 3245 πολιορκίας,
1026 3175 1084 3226 οὺ
1127 3173 1534 3226 διαλελοιπότων
1577 3175 1773 3238 αὐτοὺς

196 3265 464 3318 παντοίων
501 3265 594 3316 καὶ
623 3264 933 3335 ἐπαλλήλων
967 3264 1282 3335 συμφορῶν,
1319 3265 1394 3327 ὡς
1425 3264 1684 3334 πάρεστιν
1709 3267 1773 3316 ὲκ

194 3360 285 3429 τῆς
337 3357 572 3410 Φλαυῖου
631 3358 889 3428 Ἰωσήπου
939 3357 1241 3427 γραφείσης
1295 3357 1531 3427 ἱστορίας
1582 3356 1773 3409 ἀναλέ-

197 3449 403 3514 ξασθαι.
453 3448 587 3502 Τότε
633 3449 730 3518 μὲν
773 3445 864 3502 οὖν
909 3449 1054 3512 εἰκὸς
1099 3448 1160 3502 τὸ
1206 3450 1377 3519 ἣμισυ
1424 3449 1520 3518 τῆς
1567 3447 1772 3512 πόλεως

197 3542 533 3595 ἀπολωλέναι
573 3545 638 3612 τῇ
674 3541 973 3612 πολιορκίᾳ,
1016 3541 1090 3604 ῶς
1141 3558 1304 3612 φησιν
1347 3543 1380 3610 ἡ
1432 3541 1766 3611 προφητεία·

198 3636 306 3703 με
337 3635 400 3687 ού
434 3634 602 3686 πολὺν
649 3634 706 3686 δὲ
749 3635 957 3704 χρόνον,
995 3635 1134 3688 κατὰ
1179 3634 1452 3706 Ἀδριανὸν
1501 3633 1768 3704 αὐτοκρά-

198 3741 342 3795 τορα,
372 3729 642 3794 κινήσεως
662 3720 814 3786 αὖθις
847 3723 1142 3789 Ἰουδαϊκῆς
1159 3723 1475 3793 γενομένης,
1499 3723 1558 3775 τὸ
1589 3722 1770 3775 λοιπὸν

197 3815 289 3884 τῆς
317 3815 528 3876 πόλεως
552 3813 713 3884 μέρος
735 3813 924 3884 ἥμισυ,
947 3813 1299 3884 πολιορκηθὲν
1322 3809 1476 3876 αὖθις
1500 3811 1771 3878 ἐξελαύνε-

197 3921 300 3968 ται,
320 3906 394 3968 ῶς
415 3905 476 3969 ἐξ
496 3906 706 3958 ἐκείνου
729 3906 822 3958 καὶ
847 3906 924 3968 εἰς
943 3905 1099 3976 δεῦρο
1123 3904 1353 3974 πάμπαν
1368 3904 1564 3957 ἄϐατον
1589 3903 1767 3966 αὐτοῖς

197 3997 440 4066 γενέσθαι
469 3997 560 4049 τὸν
592 3997 772 4050 τόπον.
797 3998 860 4050 El
877 3996 933 4048 δὲ
953 3996 1096 4064 λέγοι
1116 4014 1198 4060 τις
1221 3995 1358 4050 κατά
1386 3995 1650 4064 ’Δντίοχον
1677 3995 1768 4048 τὸν

211 4088 470 4158 Ἐπιφανῆ
500 4087 674 4141 ταῦτα
702 4087 1117 4158 πεπληρῶσθαι,
1153 4085 1459 4156 σκεψάσθω,
1490 4088 1537 4138 εἰ
1568 4080 1676 4150 οἷός
1708 4085 1767 4139 τέ

199 4181 337 4232 ἐστιν
369 4179 680 4232 ἀποδιδόναι
714 4179 808 4232 καὶ
847 4180 915 4232 τὰ
955 4178 1115 4232 λοιπὰ
1143 4179 1239 4249 τῆς
1262 4177 1596 4249 προφητείας
1626 4176 1766 4229 κατὰ

197 4271 317 4334 τοὺς
358 4272 628 4341 Ἀντιόχου
656 4271 909 4341 χρόνους·
943 4267 1052 4323 οἷον
1078 4270 1139 4322 τὸ
1166 4268 1538 4340 αἰχμαλωσίαν
1567 4284 1766 4320 πεπον-

202 4360 340 4415 θέναι
372 4360 464 4414 τὸν
495 4361 642 4424 λαὸν,
677 4361 766 4414 καὶ
794 4360 855 4412 τὸ
880 4361 1069 4429 στῆναι
1092 4361 1216 4422 τοὺς
1248 4359 1411 4422 πόδας
1440 4359 1646 4429 Κυρίου
1672 4358 1763 4411 ἐπὶ

1888 1905 1907 1936 ‹
1941 1885 2005 1939 Ει
2032 1888 2135 1942 erit
2161 1887 2421 1943 Dominus
2449 1889 2502 1941 in
2535 1904 2711 1959 regem
2743 1889 2798 1942 in
2830 1904 3045 1943 omnem
3071 1897 3291 1944 terram.
3325 1909 3344 1941 ι
3380 1889 3448 1944 Et

1881 1997 2103 2037 rursus:
2134 2000 2152 2034 ι
2180 1981 2294 2036 Erit
2318 1982 2577 2038 Dominus
2601 2000 2762 2048 unus,
2787 1991 2840 2038 et
2865 2000 3062 2039 nomen
3085 1985 3230 2040 illius
3251 2000 3442 2048 unum,

1881 2075 2127 2130 ambiens
2153 2090 2370 2128 omnem
2401 2083 2603 2129 terram
2627 2085 2679 2130 et
2712 2075 3082 2131 solitudinem.
3117 2095 3136 2128 ι
3177 2074 3282 2131 Sed
3297 2078 3444 2131 enim

1879 2179 2002 2218 cum
2043 2166 2362 2219 vaticinium
2411 2167 2675 2231 enuntiet,
2728 2166 3010 2221 Judaicam
3062 2173 3276 2236 gentem
3324 2181 3448 2222 esse

1881 2255 2008 2308 talia
2041 2271 2420 2325 perpessuram
2455 2259 2511 2312 in
2537 2257 2729 2313 diebus
2764 2257 3000 2321 Domini,
3025 2259 3149 2328 quis
3191 2273 3299 2311 non
3338 2258 3449 2312 exi-

1880 2353 1994 2398 tum
2037 2347 2281 2401 vaticinii
2333 2348 2670 2404 admiretur?
2739 2349 2874 2402 Nam
2925 2350 3086 2404 simul
3157 2364 3222 2402 ac
3281 2348 3443 2404 Jesus

1881 2432 2131 2489 Salvator
2160 2451 2222 2489 ac
2259 2436 2519 2492 Dominus
2551 2447 2738 2492 noster
2767 2438 3006 2500 advenit,
3025 2439 3232 2507 quique
3255 2438 3321 2492 ad
3339 2438 3445 2491 cir-

1878 2530 2269 2584 cumcisionem
2303 2531 2593 2600 pertinent,
2626 2531 2833 2584 nefaria
2868 2531 3130 2586 adversus
3169 2531 3320 2585 illum
3356 2529 3440 2584 l'a-

1877 2622 2067 2674 cinora
2096 2630 2498 2691 perpetrarunt,
2531 2624 2712 2676 omnia
2748 2623 2854 2676 illis
2879 2638 2998 2692 quas
3029 2623 3282 2691 praedicta
3318 2620 3441 2678 fue-

1877 2720 2021 2778 rant,
2071 2713 2519 2782 quinquagesimo
2568 2713 2636 2767 ab
2688 2713 2806 2782 ipsa
2869 2713 3220 2782 prmdictione
3269 2728 3438 2781 anno,

1877 2805 2171 2860 acervatim
2202 2812 2522 2869 evenerunt,
2555 2805 2719 2876 286
2753 2805 3023 2874 ﬁnemque
3055 2805 3249 2860 sortita
3280 2812 3438 2860 sunt:

1876 2913 2001 2951 cum
2034 2898 2285 2953 videlicet
2316 2899 2383 2952 ab
2427 2899 2546 2968 ipso
2577 2897 2754 2952 Pilato
2791 2913 2963 2967 usque
2993 2898 3060 2951 ad
3091 2897 3358 2951 Neronem
3387 2907 3443 2952 et

1877 2991 2056 3044 Titum
2090 3005 2158 3045 ac
2206 2989 2620 3060 Vespasianum,
2662 2991 2756 3060 qui
2784 2991 3059 3045 civitatem
3110 2989 3444 3044 obsederunt

1875 3095 2146 3150 nusquam
2182 3080 2305 3137 illos
2340 3083 2519 3136 omnis
2558 3080 2794 3152 generis,
2847 3089 2899 3134 et
2921 3081 3040 3133 aliae
3090 3095 3252 3149 super
3298 3078 3436 3134 alias

1877 3175 2192 3243 ingruentes
2224 3175 2562 3229 calamitates
2609 3172 2928 3237 defecerint,
2972 3171 3435 3242 quemadmodum

1874 3266 2034 3322 facile
2069 3277 2153 3323 est
2195 3283 2263 3321 ex
2319 3284 2382 3322 ea
2434 3267 2663 3322 historia
2713 3283 2876 3338 quam
2922 3265 3139 3320 Flavius
3168 3265 3441 3334 Josephus

1873 3359 2112 3428 scripsit,
2148 3359 2438 3429 colligere:
2469 3367 2601 3413 tunc
2645 3374 2778 3413 sane
2822 3357 3082 3412 credibile
3125 3365 3229 3421 est,
3276 3357 3440 3410 dimi-

1873 3449 2023 3503 dium
2058 3450 2297 3504 civitatis
2336 3450 2564 3518 periisse
2593 3450 2900 3509 obsidione,
2935 3457 2993 3502 ut
3023 3449 3098 3502 ait
3129 3447 3435 3518 prophetia.

1873 3541 2030 3596 Haud
2067 3559 2198 3597 vero
2238 3543 2312 3596 ita
2346 3543 2516 3596 multo
2543 3549 2686 3612 post,
2723 3557 2848 3595 cum
2889 3541 3163 3594 Adrianus
3202 3540 3438 3609 impera-

1871 3640 1977 3696 ret,
2015 3631 2246 3687 Judaieo
2271 3648 2462 3686 rursus
2507 3639 2694 3686 exorto
2747 3631 3003 3696 tumultu,
3065 3644 3184 3698 qua:
3226 3630 3437 3697 reliqua

1871 3723 2046 3778 fuerat
2097 3740 2224 3792 pars
2264 3723 2488 3777 dimidia
2533 3721 2792 3782 civitatis,
2847 3736 3042 3776 rursus
3069 3720 3292 3775 obsessa
3341 3735 3436 3774 ex—

1870 3816 2110 3886 pellitur,
2142 3817 2276 3870 adeo
2307 3814 2546 3884 quidem,
2582 3823 2639 3866 ut
2667 3814 2735 3868 ab
2766 3814 2860 3867 illo
2887 3822 3131 3883 tempore
3166 3827 3340 3881 usque
3375 3812 3434 3866 in

1869 3909 2193 3963 hodiernum
2232 3908 2396 3969 diem,
2431 3907 2649 3976 penitus
2685 3906 2956 3961 instabilis
2999 3905 3177 3960 omnis
3207 3905 3316 3960 illis
3357 3903 3437 3958 fa-

1881 4006 2003 4054 ctus
2031 4000 2100 4053 sit
2144 3998 2314 4052 locus.
2353 3995 2509 4062 Quod
2565 3997 2611 4051 si
2656 3996 2780 4066 quis
2813 3995 2962 4049 dicat
3011 3996 3116 4050 sub
3164 3995 3435 4049 Antiocho

1867 4090 2148 4162 Epiphane
2188 4091 2304 4144 haac
2345 4089 2613 4158 completa
2653 4088 2846 4156 fuisse,
2881 4090 3044 4144 etiam
3078 4097 3242 4158 atque
3268 4091 3432 4143 etiam

1866 4183 2176 4238 consideret
2205 4190 2387 4236 utrum
2421 4181 2596 4252 possit
2639 4181 2844 4250 reliqua
2894 4181 3024 4236 item
3054 4197 3175 4250 quae
3211 4197 3278 4235 ex
3328 4180 3432 4234 hac

1865 4275 2149 4346 prephetia
2179 4283 2495 4344 supersunt,
2523 4273 2591 4327 ad
2632 4273 2887 4328 Antiochi
2921 4280 3166 4342 tempora
3199 4272 3428 4338 referre,

1868 4366 2179 4437 cujusmodi
2214 4365 2346 4420 illud
2390 4374 2493 4431 est,
2539 4365 2684 4436 quod
2726 4365 2959 4435 populus
3011 4364 3327 4419 servitutem
3356 4365 3430 4419 sit

200 4452 257 4505 τὸ
285 4453 385 4506 τῶν
419 4452 644 4506 Ἐλαιῶν
676 4453 818 4523 ὅρος,
854 4454 948 4506 καὶ
973 4454 1020 4504 εί
1055 4452 1242 4520 γέγονε
1270 4451 1469 4521 Κύριος
1507 4454 1584 4514 εἰς
1612 4451 1762 4520 βασι-

1875 4473 2082 4528 passus,
2143 4457 2288 4528 quod
2333 4456 2499 4526 pedes
2552 4455 2767 4509 Domini
2814 4455 2868 4508 iu
2912 4463 3096 4509 monte
3147 4452 3426 4508 Olivarum

201 4543 294 4598 λέα
319 4546 407 4598 ἐπὶ
451 4547 630 4598 πᾶσαν
664 4544 762 4614 τὴν
793 4544 896 4614 γῆν
927 4545 984 4596 ὲν
1023 4546 1089 4613 τῇ
1135 4543 1320 4614 ἡμέρᾳ
1351 4544 1551 4616 ἐκείνῃ,
1583 4545 1678 4598 καὶ
1714 4545 1761 4596 εἰ

200 4636 257 4688 τὸ
283 4635 449 4706 ὖνομα
485 4636 688 4706 Κυρίου
723 4633 997 4687 ὲκύκλωσε
1043 4634 1142 4702 τὴν
1168 4634 1270 4703 γῆν
1311 4636 1509 4699 πᾶσαν,
1544 4635 1638 4687 καὶ
1665 4634 1761 4705 τὴν

204 4727 411 4801 ἔρημον,
441 4729 531 4780 ὅτε
572 4728 671 4796 τῆς
711 4727 908 4796 Συρίας
953 4725 1218 4796 Ἀντίοχος
1263 4726 1502 4798 ἐκράτει.
1553 4727 1662 4778 Καὶ
1693 4727 1762 4779 τὰ

203 4819 349 4874 λοιπὰ
369 4821 424 4874 δὲ
447 4820 548 4890 τῆς
573 4820 948 4890 προρρήσεως,
977 4817 1160 4870 ὁποίου
1189 4817 1372 4878 τέλους
1395 4816 1601 4886 ἔτυχεν,
1643 4817 1762 4869 Ἀν-

205 4914 367 4984 ⁶τιόχου
403 4910 791 4983 βασιλεύοντος,
829 4909 944 4971 πῶς
976 4926 1060 4970 τις
1106 4907 1413 4972 ἀποδώσει;
1447 4906 1580 4959 Καθ’
1617 4909 1762 4977 ἡμᾶς

205 5005 256 5058 δὲ
281 5007 467 5070 ταῦτα,
501 5004 594 5058 καὶ
641 5003 776 5073 πρὸς
816 5001 958 5067 λέξιν
1001 5001 1097 5072 μὲν
1133 5000 1478 5062 ἀποδέδοται,
1503 4999 1597 5052 καὶ
1639 4999 1758 5052 καθ’

209 5097 379 5168 ἑτέραν
401 5099 458 5151 δὲ
483 5096 742 5151 διάνοιαν.
765 5093 918 5148 Μετὰ
944 5093 1052 5163 γὰρ
1076 5092 1172 5162 τὴν
1200 5091 1292 5144 τοῦ
1320 5091 1569 5161 Σωτῆρος
1603 5090 1760 5160 ὴμῶν

217 5185 372 5255 Ἰησοῦ
404 5184 643 5258 Χριστοῦ
688 5183 1009 5254 παρουσίαν,
1052 5183 1084 5252 ἡ
1120 5180 1272 5242 πόλις
1301 5179 1499 5243 αὐτῶν,
1529 5177 1666 5250 αὕτη
1695 5195 1759 5246 γε

205 5275 234 5345 ή
269 5277 632 5349 Ἰερουσαλὴμ,
656 5275 752 5327 καὶ
787 5274 850 5327 τὸ
895 5275 1002 5327 πᾶν
1036 5273 1305 5344 σύστημα,
1331 5273 1423 5325 καὶ
1460 5272 1760 5342 πολίτευμα

205 5367 292 5436 τῆς
329 5367 468 5422 κατὰ
509 5367 605 5420 τὸν
644 5367 806 5437 νόμον
844 5365 1086 5427 Μωσέως
1120 5363 1411 5434 θρησκείας
1443 5363 1752 5434 καθῃρεῖτο.

204 5461 388 5514 Λύτίκα
418 5462 476 5514 δὲ
523 5459 622 5530 τὴν
671 5459 810 5512 κατὰ
839 5458 1073 5512 διάνοιαν
1115 5455 1484 5526 αἰχμαλωσίαν
1516 5455 1650 5526 πρὸς
1690 5459 1754 5526 τῇ

204 5558 468 5626 σωματικῇ
538 5551 858 5616 πεπόνθασι,
905 5551 994 5606 τὸν
1056 5549 1283 5620 Σωτῆρα
1326 5549 1418 5603 καὶ
1464 5549 1753 5620 Λυτρωτὴν

257 5733 299 5764 ⁸⁵
323 5734 424 5789 lsa.
460 5749 612 5796 nix,
645 5732 698 5787 6.

1865 4549 2140 4612 steterint,
2177 4558 2232 4602 et
2265 4558 2446 4603 utrum
2492 4546 2757 4602 Dominus
2796 4546 2852 4600 in
2900 4544 2988 4599 die
3037 4545 3130 4598 illa
3160 4545 3212 4597 in
3244 4558 3425 4612 regem

1864 4637 2030 4694 fuerit
2071 4639 2127 4692 in
2160 4654 2375 4693 omnem
2419 4645 2642 4700 terram,
2673 4650 2726 4691 et
2758 4644 2939 4688 utrum
2981 4649 3178 4688 nomen
3213 4631 3425 4684 Domini

1863 4732 2117 4786 ambierit
2157 4745 2374 4785 omnem
2405 4739 2624 4789 terram,
2660 4737 2712 4783 et
2747 4727 3120 4790 solitudinem,
3151 4740 3261 4795 quo
3287 4733 3425 4778 temo

1862 4840 1995 4894 pore
2033 4823 2245 4894 Syriam
2293 4822 2600 4877 Antiochus
2647 4821 2919 4876 obtinuit:
2954 4827 3008 4874 et
3045 4833 3168 4889 qua:
3213 4815 3422 4884 reliqua

1864 4923 1993 4969 sunt
2019 4914 2086 4968 de
2116 4914 2306 4969 eodem
2357 4915 2599 4978 oraculo,
2634 4928 2796 4983 quem
2843 4920 2973 4965 tunc
3017 4909 3178 4962 linem
3229 4907 3422 4962 sortita

1862 5008 1992 5071 sint,
2029 5007 2212 5076 aliquo
2255 5005 2418 5059 modo
2448 5014 2676 5059 conetur
2711 5003 3018 5058 ostendere.
3081 4997 3150 5052 At
3201 5000 3248 5053 si
3298 4998 3422 5067 quis

1859 5104 2105 5151 nostram
2157 5096 2426 5151 rationem
2467 5101 2749 5164 sequatur,
2805 5093 2884 5146 vel
2923 5090 2990 5144 ad
3039 5090 3265 5145 verbum
3305 5088 3420 5141 haec

1858 5189 2105 5244 evenisse
2129 5187 2545 5252 demonstrabit,
2572 5194 2733 5256 atque
2755 5185 2810 5238 in
2839 5183 3003 5237 alium
3037 5183 3164 5236 item
3195 5194 3418 5235 sensum

1858 5283 2046 5338 eadem
2069 5282 2318 5350 accipere
2343 5279 2542 5350 poterit
2569 5299 2581 5333 :
2611 5293 2736 5332 nam
2769 5285 2890 5346 post
2914 5273 3213 5328 Salvatoris
3244 5269 3418 5325 nostri

1856 5373 1988 5430 Jesu
2041 5372 2248 5429 Christi
2306 5371 2618 5436 adventum,
2666 5369 2860 5424 civitas
2907 5367 3146 5428 illorum,
3191 5364 3420 5433 ipsaque

1855 5466 2159 5520 Jerusalem
2211 5471 2377 5534 atque
2431 5462 2613 5518 omnis
2660 5466 2983 5522 conventus,
3037 5456 3420 5525 institutioque

1861 5557 2058 5622 civilis,
2084 5571 2204 5626 quae
2233 5556 2301 5611 ad
2344 5556 2509 5610 ritum
2536 5554 2962 5626 religionemque
3003 5548 3257 5606 Mosaicaa
3281 5545 3417 5617 legis
