3902 6264
455 297 565 354 ιδδ

1221 292 1494 352 EUSEBII
1531 292 2009 365 CAESARIENSIS
2047 293 2196 350 ()PP.
2228 294 2410 351 PARS
2450 294 2514 351 Il.
2547 326 2618 338 -—
2650 296 3151 355 APOLOGETICA.

3618 306 3722 361 456

455 416 709 487 pertinet,
733 431 923 475 eversa
949 415 1272 485 sublataque
1303 422 1432 470 sunt
1451 433 1463 468 :
1480 431 1510 470 e
1530 415 1868 487 vestigioque
1887 431 2021 481 eam,

2131 416 2240 470 τῶν
2287 416 2643 489 ἀνθρωπίνων
2673 419 2863 491 ψυχῶν
2900 420 2976 492 μὴ
3019 418 3474 493 παραδεξάμενοι,
3510 419 3607 476 τὸν
3638 424 3723 476 ὲλ-

453 523 574 578 quae
596 508 665 563 ad
693 508 1105 579 intelligentiam
1134 513 1366 576 spectat,
1391 506 1737 575 servitutem,
1769 508 2031 579 adjuncta

451 603 616 656 etiam
650 616 715 657 ea
746 617 868 671 quae
900 614 1194 671 corporum
1227 607 1333 662 est,
1369 600 1616 670 perpessi
1651 609 1800 666 sunt,
1827 597 2032 673 quippe

451 692 548 763 qui
590 691 926 747 Salvatorem
974 707 1040 747 ac
1084 691 1463 751 Liberatorém
1507 694 1872 750 humanarum
1909 698 2032 752 ani-

451 803 665 843 marum
708 802 820 842 non
867 787 1235 858 susceperint,
1284 803 1407 843 eum
1462 788 1555 857 qui
1592 798 1837 856 venerat,
1877 798 1937 844 ut
1961 790 2031 848 iis

451 879 543 951 qui
574 879 843 934 malorum
881 879 1191 934 daemonum
1226 879 1370 934 servi
1412 878 1538 934 facti
1579 887 1786 947 essent,
1828 881 2032 938 libera-

449 973 652 1027 tionem
703 971 1007 1033 nuntiaret,
1041 970 1110 1027 iis
1144 986 1294 1036 vero,
1322 970 1417 1042 qui
1442 974 1640 1028 mentis
1659 975 1836 1031 oculis
1857 977 2026 1046 capti,

447 1062 603 1118 visus
658 1062 1151 1132 recuperationem.
1190 1061 1318 1118 Haec
1350 1063 1536 1133 itaque
1559 1079 1684 1119 cum
1722 1066 1802 1122 illi
1833 1069 1904 1123 ob
1943 1068 2031 1124 in-

448 1159 828 1216 credulitatem
860 1173 1017 1214 suam
1044 1159 1421 1227 pertulissent,
1441 1158 1532 1213 alii
1560 1174 1751 1217 omnes
1776 1162 2030 1234 quicum-

446 1269 555 1324 que
596 1267 757 1309 suum
805 1250 1178 1306 Liberatorem
1227 1257 1586 1321 agnoverunt,
1636 1253 2031 1327 domesticique

449 1345 603 1400 illius
634 1360 698 1399 ac
726 1343 1025 1399 familiares
1056 1342 1232 1398 effecti
1273 1350 1426 1411 sunt,
1456 1342 1714 1416 discipuli
1760 1348 1949 1419 utique
1976 1357 2031 1404 et

452 1436 715 1506 apostoli,
745 1442 801 1491 et
836 1435 1203 1505 evangelista,
1230 1436 1653 1507 compluresque
1680 1438 1797 1503 alii,
1835 1440 1931 1510 qui
1960 1439 2029 1497 de

444 1531 867 1588 circumcisione
888 1529 1113 1601 profecti
1133 1532 1189 1585 in
1217 1531 1398 1602 ipsum
1424 1531 1780 1588 crediderunt
1799 1532 1887 1604 (de
1908 1532 2032 1603 qui-

444 1624 548 1680 bus
561 1625 637 1679 ait
650 1623 967 1695 Apostolus:
991 1642 1009 1674 ‹
1027 1621 1119 1678 Sic
1133 1624 1296 1679 etiam
1312 1639 1456 1680 nunc
1471 1625 1714 1695 reliquiae
1727 1626 2030 1681 secundum

439 1715 763 1770 electionem
780 1715 968 1786 gratim
988 1714 1144 1769 factae
1160 1725 1289 1772 sunt
1302 1716 1375 1783 9‘;
1405 1735 1424 1768 ι
1439 1724 1494 1771 et
1513 1716 1645 1771 illud
1665 1716 1834 1772 :«Nisi
1856 1715 2033 1771 Domi-

442 1823 546 1862 nus
570 1793 808 1861 Sabaotli
832 1807 1148 1877 reliquisset
1166 1806 1328 1862 nobis
1357 1821 1565 1871 semen,
1601 1809 1760 1877 quasi
1795 1806 2030 1863 Sodoma
2064 1829 2106 1884 Β

442 1896 572 1952 facti
583 1905 910 1961 essemus,et
921 1898 1074 1969 quasi
1084 1895 1384 1953 Gomorrha
1397 1898 1602 1954 similes
1614 1897 1997 1971 fuissemus"),
2012 1920 2031 1953 ι

442 1992 606 2063 287
628 1992 776 2048 illius
818 1992 1145 2057 obsidionis,
1190 2005 1356 2062 quam
1387 2007 1488 2047 nos
1515 1990 1583 2045 ad
1625 1991 2035 2063 intelligentiam

441 2082 756 2149 referimus,
786 2084 1056 2139 immunes
1094 2090 1461 2154 expertesque
1490 2090 1618 2138 sunt
1666 2083 1891 2147 servati,
1938 2099 2033 2138 ne-

442 2190 548 2245 que
578 2175 745 2245 hujus
781 2177 981 2240 solum,
1015 2175 1111 2231 sed
1139 2175 1306 2230 etiam
1338 2175 1507 2240 illius,
1538 2189 1659 2246 qua:
1686 2174 1753 2229 ad
1802 2176 2030 2231 verbum

442 2267 955 2338 intelligiturmam
1002 2267 1108 2338 ipsi
1158 2268 1393 2337 apostoli
1449 2283 1512 2321 ac
1557 2267 1811 2336 discipuli
1848 2266 2033 2321 Salva-

440 2362 576 2417 toris
615 2360 812 2426 nostri,
845 2366 900 2414 et
929 2374 1119 2414 omnes
1157 2358 1251 2429 qui
1286 2374 1353 2413 ex
1382 2356 1586 2413 Judaeis
1615 2359 1683 2411 ad
1714 2358 1892 2428 ipsum
1921 2373 2030 2413 cre-

439 2452 630 2509 dentes
651 2458 1022 2515 accesserant,
1047 2466 1170 2505 cum
1192 2452 1380 2522 procul
1410 2450 1479 2506 ab
1497 2449 1682 2506 Judara
1704 2458 1848 2505 terra
1870 2451 2029 2506 abes-

437 2555 581 2612 sent,
621 2552 676 2601 et
707 2544 933 2615 reliquis
973 2551 1159 2599 essent
1202 2542 1436 2596 immixti
1479 2543 1732 2612 gentibus
1771 2555 2025 2597 :omnem

438 2651 653 2701 eorum,
676 2635 767 2707 qui
804 2635 1081 2690 civitatem
1110 2635 1444 2700 incolebant,
1474 2634 1834 2706 perditionem
1864 2640 2026 2702 atque

438 2730 720 2785 interitum
770 2727 1028 2799 effugere,
1058 2742 1156 2798 per
1194 2727 1328 2782 illud
1374 2734 1589 2796 tempus
1638 2725 1796 2780 facile
1828 2731 2022 2795 potue-

437 2828 589 2876 runt.
623 2819 778 2886 Quod
803 2820 983 2888 ipsum
1018 2832 1152 2874 sane
1194 2817 1360 2872 etiam
1390 2817 1676 2887 prophetia
1714 2814 2023 2886 anticipans

436 2911 732 2974 cecinerat,
766 2911 874 2966 illis
911 2910 1090 2965 verbis
1118 2929 1134 2962 :
1173 2927 1192 2960 ι
1228 2905 1331 2975 Qui
1366 2916 1548 2964 autem
1580 2910 1778 2979 reliqui
1819 2907 2023 2963 fuerint

436 3001 504 3058 de
541 3003 744 3073 p0pulo
788 3016 929 3069 meo,
970 3016 1079 3055 non
1144 3000 1406 3071 peribunt
1428 2999 1503 3067 ‘3;
1538 3019 1556 3052 ι
1612 3000 1815 3071 quibus
1865 2999 2021 3054 dein-

437 3110 566 3166 ceps
600 3093 891 3164 adjungit:
931 3112 950 3145 ι
988 3088 1055 3146 Ει
1095 3092 1407 3162 egredietur
1455 3090 1737 3157 Dominus,
1783 3100 1838 3147 et
1868 3106 2021 3148 com-

2139 507 2301 563 θόντα
2328 508 2562 581 κηρῦξαι
2590 513 2701 574 τοῖς
2730 512 2835 565 ὑπὸ
2863 512 3131 583 δαιμόνων
3165 513 3418 585 πονηρῶν
3446 514 3727 584 αίχμιιλώ⁸

2137 614 2251 661 τοις
2280 598 2493 668 ἄφεσιν,
2522 601 2615 654 καὶ
2639 604 2750 665 τοῖς
2776 603 2875 666 τάς
2903 602 3139 667 διανοίας
3163 603 3382 673 τυφλοῖς
3405 604 3723 676 ἀνάϐλεψιν.

2139 691 2325 745 Ταῦτα
2355 692 2414 746 δὲ
2445 692 2789 749 πεπονθότων
2821 694 3043 749 ἐκείνων
3073 694 3162 749 διὰ
3203 694 3299 767 τὴν
3336 697 3600 750 ἀπιστίαν
3631 699 3728 750 αὐ-

2136 783 2265 845 τῶν,
2307 785 2356 837 οἱ
2400 785 2490 839 τὸν
2541 785 2687 855 σφῶν
2730 787 3025 860 Λυτρωτὴν
3056 788 3388 857 ἐπιγνόντες,
3433 790 3631 843 οἰκεῖοί
3671 807 3730 844 τε

2138 876 2300 930 αὐτοῦ
2328 878 2608 948 γενόμενοι
2635 878 2891 949 μαθηταὶ,
2924 879 3020 933 καὶ
3045 879 3349 946 ἀπόστολοι,
3373 883 3469 936 καὶ
3496 883 3731 951 εὐαγγε-

2137 969 2341 1036 λισταὶ,
2367 972 2610 1025 πλεῖστοί
2637 990 2698 1026 τε
2729 972 2877 1027 ἄλλοι
2896 974 3004 1028 τῶν
3033 976 3096 1027 ἐκ
3126 977 3425 1047 περιτομῆς
3454 978 3539 1041 εἰς
3567 977 3733 1032 αὑτὸν

2138 1063 2577 1118 πεπιστευκότων
2607 1065 2759 1136 (περὶ
2787 1060 2862 1119 ὧν
2891 1083 3054 1137 φησιν
3076 1069 3105 1121 6
3136 1067 3485 1132 Ἀπόστολος’
3523 1088 3543 1120 σ
3575 1069 3731 1124 Οὕτω

2137 1155 2231 1209 καὶ
2256 1155 2350 1209 νῦν
2368 1155 2575 1228 λεῖμμα
2594 1160 2715 1212 κατ’
2736 1158 2962 1231 ἐκλογὴν
2983 1158 3204 1229 χάριτος
3221 1159 3413 1228 γέγονε
3433 1176 3445 1189 ·
3479 1179 3499 1211 ι
3522 1160 3624 1214 καὶ
3641 1160 3700 1214 τό
3713 1177 3726 1192 ’

2143 1265 2162 1298 ι
2190 1249 2252 1300 Εἰ
2277 1248 2351 1320 μὴ
2374 1247 2576 1321 Κύριος
2598 1247 2824 1302 Σαϐαὼθ
2847 1248 3202 1319 ἐγκατέλιπεν
3227 1250 3357 1319 ἡμῖν
3377 1248 3629 1320 σπέρμα,
3660 1248 3731 1313 ὡς

2138 1342 2345 1414 Σόδομα
2369 1342 2435 1396 ἂν
2457 1342 2815 1414 ἐγενήθημεν,
2841 1342 2935 1396 καί
2965 1342 3041 1406 ὡς
3066 1342 3322 1415 Γόμορρα
3348 1342 3413 1407 ἂν
3435 1341 3731 1414 ὡμοιώθη-

2139 1433 2295 1505 μεν),
2322 1453 2340 1485 ι
2358 1432 2459 1504 τῆς
2473 1450 2626 1505 νενοη
2637 1434 2803 1506 μένης
2829 1435 2960 1506 ἡμῖν
2984 1432 3127 1488 κατά
3151 1434 3385 1488 διάνοιαν
3406 1433 3729 1504 πολιορκίας

2137 1524 2352 1597 ἄπειροι
2381 1525 2816 1598 διεφυλάχθησαν
2860 1527 2921 1578 οὐ
2954 1526 3133 1597 μόνον,
3162 1526 3297 1581 ἀλλὰ
3328 1526 3424 1581 καλ⁸
3456 1528 3560 1598 τῆς
3590 1526 3728 1598 πρὸς

2135 1615 2279 1681 λέξιν
2343 1616 2719 1687 ἀποδοθείσης.
2759 1618 2823 1670 Οἱ
2861 1617 2992 1686 γοῦν
3026 1617 3312 1671 ἀπόστολοι
3346 1617 3441 1671 καὶ
3482 1618 3729 1689 μαθηταὶ

2135 1706 2229 1760 τοῦ
2277 1708 2527 1781 Σωτῆρος
2562 1709 2761 1774 αὐτῶν,
2798 1710 2892 1763 καὶ
2923 1710 3121 1773 πάντες
3154 1712 3205 1762 οἱ
3238 1708 3297 1774 ἐξ
3343 1709 3617 1763 Ἰουδαίων
3652 1710 3729 1771 εἰς

2136 1800 2297 1853 αὑτὸν
2323 1800 2767 1865 πεπιστευκότες,
2798 1801 3016 1873 μακρὰν
3035 1801 3134 1872 τῆς
3164 1801 3424 1865 Ἰουδαίας
3444 1802 3547 1873 γῆς
3568 1803 3728 1871 γενό-

2142 1907 2325 1961 μενοι,
2388 1892 2482 1944 καὶ
2554 1896 2668 1956 τοῖς
2737 1893 2944 1955 λοιποῖς
2994 1891 3205 1945 ἔθνεσιν
3277 1892 3726 1963 ὲπισπαρέντες,

2134 1972 2226 2033 τὸν
2259 1981 2398 2035 κατὰ
2431 1980 2539 2034 τῶν
2565 1981 2857 2035 οίκούντων
2886 1981 2982 2053 τὴν
3007 1966 3160 2035 πόλιν
3188 1981 3404 2052 ὄλεθρον
3433 1980 3727 2053 διαδρᾶναι

2133 2072 2254 2125 τότε
2281 2073 2643 2144 ἠδυνήθησαν.
2680 2074 2790 2126 Kal.
2826 2073 2984 2127 τοῦτο
3017 2072 3073 2125 δὲ
3110 2075 3141 2144 ἡ
3170 2072 3477 2144 προφητεία
3508 2071 3725 2143 προλα-

2132 2162 2302 2218 ϐοῦσα
2332 2164 2584 2218 ἐθέσπισε
2613 2165 2678 2217 δι’
2706 2157 2780 2217 ὧν
2807 2164 3035 2235 ἔφησεν·
3078 2183 3096 2215 ι
3114 2162 3191 2217 Ὀἱ
3213 2164 3269 2217 δὲ
3284 2163 3601 2216 κατάλοιποι
3626 2163 3725 2218 τοῦ

2130 2254 2394 2333 λαοῦΙμου
2427 2257 2487 2309 οὐ
2526 2256 2600 2328 μὴ
2628 2256 3080 2329 ὲξολοθρευθῶσιν
3107 2272 3118 2285 ·
3152 2275 3172 2308 ι
3192 2250 3272 2319 οἷς
3301 2254 3425 2326 ἑξῆς
3448 2255 3719 2325 ἐπιλέγει·

2134 2365 2155 2399 ι
2190 2348 2298 2402 Καὶ
2337 2347 2676 2414 ἐξελεύσεται
2710 2348 2936 2419 Κύριος,
2971 2348 3065 2402 καὶ
3098 2348 3466 2421 παρατάξεται
3505 2349 3565 2401 ὲν
3602 2351 3726 2409 τοῖς

2129 2437 2336 2492 ἔθνεσιν
2362 2439 2609 2508 ἐκείνοις,
2649 2440 2830 2505 καθὼς
2868 2440 3050 2512 ἡμέρα
3085 2440 3443 2512 παρατάξεως
3463 2438 3637 2493 αὑτοῦ
3666 2441 3724 2492 ἐν

2128 2530 2311 2604 ἡμέρᾳ
2346 2531 2597 2603 πολέμου.
2641 2551 2659 2584 ι
2705 2533 2792 2585 Ἐν
2821 2533 2994 2595 ποίοις
3016 2532 3073 2585 δὲ
3100 2532 3277 2586 ἔθνεσι
3301 2532 3504 2603 Κύριος
3538 2550 3727 2603 παρα-

2125 2623 2345 2688 τάξεται
2382 2625 2416 2696 ἢ
2471 2626 2528 2678 ὲν
2562 2627 2674 2689 τοῖς
2715 2626 2813 2697 τὴν
2860 2624 3212 2697 Ἰερουσαλὴμ
3259 2624 3725 2696 πολιορκήσουσι;

2125 2715 2283 2789 Δηλοῖ
2306 2716 2363 2769 δὲ
2393 2717 2423 2769 6
2456 2715 2612 2784 λόγος
2641 2717 2803 2771 αὐτὸν
2830 2716 2931 2771 τὸν⁸
2956 2718 3160 2790 Κύριον
3190 2719 3575 2788 συμμαχήσειν
3602 2722 3728 2782 τοῖς

2125 2812 2529 2887 πολιορκοῦσιν,
2560 2815 2617 2866 ὲν
2644 2814 2826 2877 αὐτοῖς
2865 2813 3027 2874 ὄντα,
3069 2814 3162 2866 καὶ
3195 2813 3291 2866 σὺν
3322 2813 3504 2876 αὐτοῖς
3537 2829 3729 2885 παρα-

2120 2906 2482 2978 ταττόμενον,
2511 2906 2699 2978 ὥσπερ
2746 2906 2867 2960 τινὰ
2911 2906 3211 2978 στρατηγὸν
3252 2907 3347 2960 καὶ
3389 2906 3724 2978 ὑπέρμαχον

2122 2997 2300 3053 αὐτῶν
2323 2998 2465 3053 κατὰ
2490 2999 2591 3070 τῆς
2625 2997 2985 3072 Ἰερουσαλὴμ
3008 2997 3471 3069 στρατευομένων.
3500 2999 3578 3052 Οὐ
3607 2999 3727 3072 γάρ

2121 3106 2287 3164 φησιν
2320 3093 2349 3144 6
2378 3090 2537 3160 λόγος
2581 3091 2673 3145 τὸν
2724 3090 2929 3165 Κύριον
2967 3091 3108 3145 κατά
3145 3091 3253 3144 τῶν
3296 3090 3473 3145 ἐθνῶν
3530 3110 3726 3165 παρα-

436 3188 722 3258 parabitur
752 3186 816 3240 ad
843 3186 1091 3256 praelium
1123 3185 1178 3239 in
1208 3183 1463 3254 gentibus
1495 3181 1626 3249 illis,
1671 3182 2021 3253 quemadmo-

2127 3181 2402 3248 τάξεσθαι.
2444 3182 2568 3236 Τίσι
2601 3182 2657 3235 δὲ
2689 3182 2832 3237 κατὰ
2876 3181 3076 3247 τίνων;
3124 3180 3268 3235 κατὰ
3306 3181 3404 3252 τῆς
3445 3182 3729 3253 Ἰερουσα-

436 3282 564 3335 dum
615 3280 734 3336 dies
768 3277 939 3350 praelii
981 3277 1104 3346 ejus
1141 3278 1198 3331 in
1249 3276 1339 3330 die
1386 3275 1514 3332 belli
1534 3275 1601 3329 ⁸⁸.
1638 3293 1658 3327 ι
1689 3274 1760 3329 At
1792 3289 1924 3331 vero
1966 3276 2023 3330 in

437 3373 636 3444 quibus
680 3372 902 3428 tandem
948 3369 1207 3442 gentibus
1254 3368 1522 3425 Dominus
1568 3368 1929 3438 praeliabitur,
1974 3368 2023 3423 si

435 3480 547 3520 non
598 3467 652 3519 in
704 3464 792 3520 bis
841 3478 963 3534 quae
1024 3460 1324 3517 Jerusalem
1376 3460 1748 3516 obsidebunt?
1816 3461 2022 3516 iudicat

435 3573 566 3613 vero
608 3557 786 3627 ipsum
822 3555 1131 3618 oraculum,
1166 3552 1629 3624 quemadmodum
1671 3553 1790 3624 ipse
1829 3551 2022 3607 Domi-

436 3665 543 3705 nus
575 3649 839 3704 auxilium
870 3646 1009 3702 feret
1038 3645 1441 3709 obsidentibus,
1470 3645 1684 3715 eritque
1714 3645 1933 3699 interim
1964 3644 2021 3699 in

436 3741 569 3807 illis,
607 3747 810 3796 etcum
856 3739 965 3794 illis
1009 3738 1075 3793 ad
1108 3737 1353 3809 praelium
1395 3737 1822 3807 comparabitur,
1861 3735 2020 3807 quasi

436 3833 659 3904 quidam
698 3837 1018 3902 imperator,
1059 3836 1542 3901 propugnatorque
1586 3829 1804 3882 illorum
1832 3835 1887 3883 et
1920 3827 2020 3882 ad—

436 3940 632 3981 versus
671 3922 973 3979 Jerusalem
1042 3922 1320 3977 militabit.
1379 3920 1500 3975 Non
1547 3921 1693 3976 enim
1736 3918 1871 3984 dicit
1903 3933 2023 3973 ora-

435 4016 535 4081 tio,
569 3998 863 4071 Dominum
899 4021 1095 4069 contra
1144 4021 1333 4085 gentes
1359 4013 1759 4083 praeliaturum.
1806 4010 2018 4077 Quibus

434 4124 565 4180 ergo
594 4117 648 4163 et
670 4116 862 4163 contra
891 4107 1075 4179 quos?
1128 4105 1332 4178 Nempe
1375 4114 1568 4163 contra
1603 4105 1929 4170 Jerusalem,
1959 4111 2015 4158 et

434 4207 629 4257 contra
657 4198 778 4267 ejus
815 4198 1175 4263 habitatores,
1218 4196 1288 4253 de
1311 4198 1511 4269 quibus
1544 4211 1726 4253 sermo
1774 4201 1913 4249 erat.
1945 4191 2019 4247 ll-

436 4292 530 4347 lud
562 4300 745 4347 autem
773 4308 788 4345 :
827 4310 846 4342 (
876 4290 942 4343 Ει
973 4291 1199 4347 stabunt
1240 4290 1409 4362 pedes
1447 4290 1568 4360 ejus
1594 4290 1649 4343 in
1677 4288 1766 4343 die
1797 4288 1889 4341 illa
1925 4302 2017 4343 su-

433 4399 533 4454 per
562 4391 746 4438 monte
788 4380 1090 4445 Olivarum,
1119 4382 1213 4451 qui
1244 4389 1329 4438 est
1359 4388 1553 4436 contra
1598 4377 1901 4434 Jerusalem
1947 4377 2017 4432 ad

433 4470 710 4528 Orientem
732 4471 801 4535 9°,
834 4489 854 4522 ι
892 4470 1151 4541 quidnam
1198 4468 1344 4524 aliud
1385 4469 1673 4540 significet,
1709 4482 1873 4538 quam
1903 4465 2015 4522 Do-

432 4562 568 4618 mini
606 4561 725 4627 Dei,
754 4561 950 4633 ipsius,
983 4560 1228 4630 inquam,
1256 4559 1348 4614 Dei
1376 4558 1561 4623 Verbi,
1591 4559 1644 4613 in
1690 4572 1791 4613 sua
1824 4555 2014 4612 Eccle-

435 4654 518 4711 sia
567 4654 861 4710 stationem
911 4661 965 4708 et
998 4652 1513 4707 confirmationem?
1554 4665 1718 4721 quam
1764 4649 1823 4704 in
1869 4663 2011 4719 pra:-

434 4750 575 4806 senti
605 4758 791 4804 monte
811 4746 1087 4803 Olivarum
1121 4762 1218 4817 per
1252 4746 1499 4818 figuram,
1530 4760 1652 4815 quae
1673 4744 2010 4814 permutatio

435 4840 658 4906 dicitur,
707 4840 989 4895 nominat?
1031 4837 1101 4893 Ut
1133 4838 1281 4894 enim
1326 4838 1486 4892 vinea
1528 4836 1740 4892 exstitit
1782 4835 2005 4900 dilecto,

434 4940 488 4990 et
512 4931 614 4987 fuit
640 4930 799 4986 vinea
830 4929 1043 4985 Domini
1069 4928 1308 4983 Sabaoth
1339 4928 1567 4997 ﬁgurate
1598 4925 1793 4980 domus
1817 4923 2006 4989 Israel,

432 5035 487 5083 et
532 5026 662 5083 vitis
691 5023 877 5079 Judaea
911 5022 1121 5077 novella
1153 5021 1370 5085 dilecta,
1424 5019 1504 5074 sic
1559 5018 1748 5072 eadem
1794 5017 2008 5072 ratione

432 5120 660 5187 dixeris,
689 5116 834 5191 quod
858 5117 1021 5172 etiam
1048 5116 1310 5170 olivetum
1342 5113 1484 5168 facta
1512 5112 1583 5167 sit
1612 5109 1867 5173 Domino,
1892 5110 2008 5164 col-

431 5212 574 5268 lecta
608 5213 675 5268 de
701 5209 954 5283 gentibus
985 5208 1233 5263 Ecclesia
1266 5206 1462 5276 ipsius,
1497 5218 1619 5275 quae
1652 5218 1785 5258 sane
1818 5201 2006 5257 Eccle-

432 5306 514 5360 sia
547 5319 674 5360 cum
712 5312 875 5356 antea
919 5307 1066 5356 esset
1091 5300 1239 5354 oliva
1268 5297 1517 5368 quaedam
1561 5295 1814 5367 agrestis,
1847 5294 2002 5364 plan-

428 5404 543 5451 tata
580 5396 683 5451 fuit
709 5411 739 5450 a
767 5393 1019 5455 Domino,
1055 5391 1149 5462 qui
1179 5406 1297 5445 eam
1338 5396 1462 5462 post
1493 5387 1733 5444 insuevit
1779 5389 1835 5440 in
1871 5402 2004 5458 apo-

431 5488 641 5542 stolicis
688 5488 843 5542 bona:
883 5485 1041 5540 olivae
1089 5482 1400 5550 radicibus,
1447 5487 1572 5552 post
1606 5480 1851 5551 priorum
1909 5494 2005 5532 ra-

430 5595 648 5636 morum
696 5579 1055 5644 excisionem,
1086 5576 1544 5648 quemadmodum
1587 5573 1883 5644 Apostolus
1915 5571 2007 5627 do-

2124 3271 2234 3344 λὴμ
2262 3273 2357 3326 καὶ
2385 3272 2494 3326 τῶν
2520 3273 2820 3346 οἰκητόρων
2856 3274 3056 3344 αὐτῆς,
3090 3274 3218 3344 περὶ
3247 3266 3324 3327 ὧν
3353 3269 3422 3345 ἦν
3454 3277 3485 3328 ὁ
3537 3273 3722 3343 λόγος.

2125 3366 2198 3419 Τὸ
2228 3366 2286 3419 δὲ
2311 3405 2325 3429 ,
2368 3385 2388 3418 ι
2429 3367 2540 3420 Καὶ
2569 3368 2856 3437 στήσονται
2881 3367 2932 3418 oi
2952 3365 3109 3430 πόδες
3142 3365 3306 3418 αὑτοῦ
3335 3367 3394 3418 ἐν
3428 3369 3497 3438 τῇ
3528 3367 3727 3439 ἡμέρᾳ

2124 3457 2307 3529 ἐκείνῃ
2335 3457 2427 3510 ἐπὶ
2452 3457 2511 3510 τὸ
2535 3457 2659 3529 ὅρος
2680 3455 2787 3509 τῶν
2821 3455 3067 3523 Ἐλαιῶν,
3102 3455 3164 3509 τὸ
3195 3457 3481 3510 κατέναντι⁹
3519 3457 3725 3529 Ἰερου-

2125 3548 2323 3620 σαλὴμ,
2368 3548 2429 3616 ἐξ
2462 3547 2759 3610 ἀνατολῶν,
2792 3568 2811 3600 ι
2844 3548 2899 3602 τί
2928 3548 3113 3620 ἕτερον
3160 3549 3311 3618 δηλοῖ
3335 3548 3367 3619 ῆ
3389 3549 3603 3620 Κυρίου
3624 3550 3722 3603 τοῦ

2122 3640 2255 3694 Θεοῦ
2272 3681 2286 3704 ,
2316 3638 2480 3693 αὐτοῦ
2508 3638 2573 3711 δὴ
2603 3638 2698 3692 τοῦ
2720 3639 2853 3692 Θεοῦ
2888 3638 3082 3707 Λόγου,
3105 3636 3202 3709 τὴν
3231 3638 3324 3692 ἐπὶ
3346 3638 3450 3707 τῆς
3482 3639 3724 3710 Ἐκκλη..

2124 3731 2244 3796 σίας
2283 3730 2449 3784 αὑτοῦ
2479 3731 2666 3785 στάσιν
2689 3747 2748 3783 τε
2776 3730 2869 3783 καὶ
2895 3729 3204 3800 βεϐαίωσιν,
3228 3729 3294 3799 ἦν
3328 3729 3454 3801 ὅρος
3482 3729 3719 3786 Ἐλαιῶν

2121 3824 2215 3877 ἐπὶ
2242 3823 2338 3877 τοῦ
2375 3822 2640 3894 παρόντος
2665 3822 2805 3877 κατὰ
2832 3822 3031 3893 τρόπον
3062 3820 3389 3893 ἀλληγορίας
3411 3822 3676 3893 ὀνομάζει
3700 3840 3716 3889 ;

2133 3913 2218 3977 Ὠς
2260 3913 2369 3985 γὰρ
2414 3911 2672 3984 ἀμπελὼν
2718 3912 2948 3983 ἐγενήθη
2984 3910 3060 3982 τῷ
3098 3911 3462 3983 ἠγαπημένῳ,
3509 3915 3609 3967 καὶ
3646 3909 3717 3985 ἦν

2120 4003 2380 4075 ἀμπελὼν
2431 4004 2638 4074 Κυρίου
2682 4001 2909 4057 Σαϐαὼθ
2950 4001 3324 4074 ἀλληγορικῶς
3354 4004 3383 4056 6
3415 3998 3570 4067 οἶκος
3616 4004 3716 4058 τοῦ

2133 4097 2378 4170 Ἰσραὴλ,
2421 4098 2516 4150 καὶ
2552 4097 2796 4167 ἄμπελος
2843 4094 2937 4149 τοῦ
2979 4095 3148 4148 Ἰούδα
3187 4095 3445 4162 νεόφυτος
3487 4097 3718 4168 ἠγαπη-

2123 4191 2256 4261 μένη
2282 4207 2295 4219 ·
2327 4190 2468 4243 οὕτω
2509 4190 2573 4260 δὴ
2605 4190 2746 4242 κατά
2779 4187 2878 4259 τὴν
2918 4188 3087 4259 αὐτὴν
3121 4186 3352 4259 θεωρίαν
3390 4188 3572 4253 εἴποις
3606 4188 3675 4243 ἂν
3695 4227 3713 4253 ,

2118 4283 2199 4335 ὅτι
2237 4283 2300 4354 δὴ
2342 4283 2436 4335 καὶ
2478 4282 2669 4336 ὲλαιὼν
2717 4278 2949 4352 ἐγενήθη
2980 4277 3059 4349 τῷ
3090 4278 3323 4350 δεσπότῃ
3362 4280 3395 4348 ἡ
3436 4276 3498 4343 ἐξ
3531 4278 3711 4333 ἐθνῶν

2130 4375 2425 4445 Ἐκκλησία
2451 4372 2616 4427 αὐτοῦ
2654 4414 2669 4437 ,
2695 4372 2762 4443 ἢν
2803 4372 2968 4425 πάλαι
3022 4370 3335 4443 ἀγριέλαιον
3360 4366 3530 4424 οὖσαν
3574 4389 3715 4426 κστ-

2118 4464 2431 4535 εφύτευσεν,
2454 4463 2807 4534 ἐγκεντρίσας
2826 4462 2920 4515 ἐπὶ
2935 4461 3033 4525 τὰς
3054 4461 3414 4525 ἀποστολικάς
3439 4461 3543 4533 τῆς
3569 4463 3713 4516 καλ-

2045 4521 2092 4582 D
2116 4521 2349 4608 λίελαίου
2377 4521 2533 4627 ῥίζας
2561 4521 2699 4626 μετὰ
2725 4521 2824 4626 τὴν
2853 4553 2962 4606 τῶν
2988 4521 3267 4626 προτέρων
3307 4521 3711 4608 κλάδων-ἐκτο-

2117 4648 2243 4721 μὴν,
2272 4647 2554 4719 ὡσπεροῢν
2582 4649 2610 4701 ὁ
2648 4645 2967 4711 Ἀπόστολος
3026 4645 3306 4700 παιδεύει·
3341 4666 3359 4698 ‹
3408 4647 3523 4701 Καὶ
3572 4664 3712 4701 κατ-

2112 4739 2375 4809 εφύτευσέ
2396 4755 2461 4808 γε
2498 4737 2665 4811 αὐτὴν
2696 4738 2725 4790 6
2758 4739 2959 4810 Κύριος
2993 4738 3189 4809 ἑαυτῷ,
3230 4758 3249 4792 ι
3294 4743 3577 4813 μονονουχὶ
3613 4741 3707 4795 διὰ
3781 4781 3787 4787 .

2111 4833 2209 4904 τῆς
2248 4832 2582 4904 προφητείας
2626 4830 2832 4901 λέγων·
2869 4850 2887 4883 ‹
2937 4832 3153 4886 Ἐλαίαν
3200 4832 3429 4904 ὡραίαν,
3475 4832 3705 4888 εὔσκιον

2112 4921 2337 4975 ἐκάλεσε
2377 4921 2582 4993 Κύριος
2619 4922 2679 4975 τὸ
2713 4921 2886 4993 ὄνομά
2912 4938 3024 4977 σου.
3052 4942 3072 4975 ι
3114 4923 3265 4976 Ἐπεὶ
3286 4924 3395 4995 γὰρ
3425 4925 3455 4976 6
3476 4925 3705 4996 πρῶτος

2113 5012 2396 5086 ἀμπελὼν,
2426 5015 2542 5067 δέον
2562 5014 2783 5085 ποιῆσαι
2814 5015 3118 5086 σταφυλὴν,
3152 5015 3405 5087 ἐποίησεν
3427 5017 3699 5086 ἀκάνθας,

2113 5110 2207 5162 καὶ
2260 5109 2321 5162 οὐ
2369 5107 2734 5178 δικαιοσύνην,
2791 5107 2926 5161 ἀλλά
2968 5108 3233 5181 κραυγὴν,
3276 5109 3500 5175 εἰκότως
3544 5112 3699 5165 ὡσάν

2110 5202 2358 5273 ἄκαρπον
2374 5200 2537 5255 αὑτοῦ
2564 5200 2807 5254 καθελὼν
2826 5203 2853 5254 6
2869 5200 2999 5264 Θεὸς
3016 5202 3108 5254 τὸν
3129 5203 3382 5274 φραγμὸν
3401 5203 3569 5257 αὑτοῦ
3599 5203 3695 5257 καὶ

2108 5293 2200 5347 τὸν
2246 5295 2419 5362 τοῖχον
2457 5292 2659 5357 αὐτοῦ,
2707 5292 2981 5365 παραδούς
3013 5310 3073 5346 τε
3110 5294 3272 5348 αὐτὸν
3311 5296 3423 5359 τοῖς
3473 5294 3695 5366 ἐχθροῖς

2110 5385 2168 5446 ἐς
2184 5382 2492 5453 διαρπαγὴν
2523 5382 2616 5435 καὶ
2648 5381 3046 5453 καταπάτησιν,
3066 5381 3204 5436 κατά
3224 5382 3322 5453 τὴν
3341 5382 3437 5436 τοῦ
3468 5383 3692 5435 Ἡσαΐου

2112 5477 2466 5550 προφητείαν,
2502 5476 2688 5547 ἓτερον
2716 5475 2876 5529 αὑτὸν
2896 5474 3073 5547 ἐαυτῷ
3094 5474 3269 5547 ἀγρὸν
3299 5477 3694 5547 συνεστήσατο,

2111 5570 2201 5624 τὸν
2234 5570 2326 5623 ἐπὶ
2349 5568 2442 5623 τοῦ
2474 5569 2738 5640 παρόντος
2762 5568 2992 5623 ὲλαιῶνα
3018 5567 3437 5640 ὀνομαζόμενον,
3463 5567 3561 5622 ἅτε
3597 5566 3687 5621 τοῦ

499 5733 545 5766 ⁸⁸
575 5731 734 5790 Rom.
770 5747 849 5801 ιι,
872 5731 925 5787 5.
1004 5731 1049 5764 ⁸⁷
1078 5729 1238 5788 Rom.
1267 5744 1343 5797 ιι,
1373 5727 1463 5795 29,
1540 5728 1587 5762 ⁸⁸
1611 5726 1776 5784 Zacb.
1810 5743 1918 5792 τιν,
1950 5726 2006 5786 2.

2149 5724 2280 5781 ibid.
2314 5725 2368 5781 ὖ.
2443 5725 2490 5757 ’⁸
2518 5723 2649 5779 ibid.
2681 5724 2715 5780 4
