3902 6264
212 342 325 402 εστ

1072 336 1726 397 ΒΕΜΟΝΒΤΒᾹἩΟΝΙΞ
1763 339 2225 398 ΕνΑΝρΕιιριΕ
2264 340 2394 398 LIB.
2434 338 2523 397 Ἣ.

3364 346 3470 402 ιεε

210 458 276 514 lx
310 458 452 513 Θεοῦ
496 456 678 520 ἐλέους
720 456 1073 526 τετυχηκότα,
1121 457 1216 510 καὶ
1250 454 1389 527 πρὸς
1431 454 1524 509 τοῦ
1553 455 1787 527 Χριστοῦ

1906 461 1982 511 cet
2004 455 2046 487 "
2076 474 2089 509 :
2132 452 2198 508 Et
2223 455 2506 526 plantavit,
2537 455 2733 526 inquit,
2778 470 2899 511 eam
2930 454 3192 512 Dominus
3218 454 3325 511 sibi
3340 457 3471 528 ipsi.

210 550 688 621 καταφυπυθέντα
713 548 984 603 ἀειθαλέσι
1015 550 1201 617 φυτοῖς
1230 588 1244 612 ,
1269 547 1411 602 τοῦτ’
1445 548 1560 601 ἔστι
1596 547 1796 618 ψυχαῖς

206 643 391 713 ἀγίαις
404 643 503 697 καὶ
518 640 693 710 φωτὸς
709 642 1047 714 θρεπτικαῖς,
1063 641 1201 704 οἵαις
1229 658 1290 694 τε
1310 639 1457 709 λέγει
1474 657 1486 669 ·
1512 659 1530 691 ι
1566 639 1707 708 Ἑγώ
1728 656 1788 693 τε

205 732 337 790 ὡσεὶ
358 733 522 788 ἐλαία
551 734 899 808 κατάκαρπος
914 734 970 786 ἐν
986 732 1062 805 τῷ
1073 733 1206 804 οἴκῳ
1224 731 1317 785 τοῦ
1338 731 1495 785 Θεοῦ.
1520 752 1538 784 ι
1557 731 1727 785 Τοῦτο
1741 732 1798 785 δὲ

205 825 267 880 τδ
292 823 404 878 τῶν
441 822 665 877 Ἐλαιῶν
692 822 815 896 ὄρος
831 822 1113 876 κατέναντι
1150 822 1247 893 τῆς
1288 814 1642 893 Ἰερουσαλὴμ
1660 816 1797 874 εἶναι

204 916 461 974 λέλεκται
478 934 494 948 ο
522 916 819 988 ἐπειδήπερ
838 917 958 969 ἀντὶ
972 915 1071 982 τῆς
1088 914 1321 977 παλαιᾶς
1336 913 1578 982 ὲπιγείου
1606 913 1671 965 ’ῐε
1681 930 1801 984 ρου-

207 1009 413 1081 σαλὴμ,
430 1009 647 1079 καὶτῆς
671 1010 730 1061 ὲν
752 1008 888 1081 αὐτῇ
913 1007 1205 1079 θρησκείας
1232 1005 1462 1075 συνέστη
1478 1003 1555 1076 τῷ
1570 1004 1686 1076 Θεῷ
1712 1023 1800 1076 με·

202 1102 274 1156 τὰ
295 1102 398 1173 τὴν
410 1101 511 1172 τῆς
540 1100 891 1173 Ἰερουσαλὴμ
917 1099 1259 1170 καθαίρεσιν.
1279 1099 1462 1170 Φήσας
1501 1095 1631 1166 γοῦν
1662 1098 1801 1151 ἁνωι

205 1191 350 1262 τέρω
376 1191 407 1243 ό
435 1188 595 1258 λόγος
628 1189 756 1259 περὶ
794 1188 894 1259 τῆς
932 1185 1283 1259 Ἰερουσαλὴμ
1304 1225 1319 1250 ,
1348 1185 1424 1249 ὡς
1455 1204 1475 1237 ι
1508 1181 1802 1236 Ἀλώσεται

205 1286 240 1355 ή
258 1281 439 1346 πόλις,
458 1281 555 1335 καὶ
572 1282 640 1334 τὰ
655 1280 747 1351 ὲχθ
757 1281 823 1352 ρά
846 1282 939 1335 καὶ
960 1279 1196 1350 πολέμια
1217 1279 1344 1350 ἔθνη
1401 1275 1799 1349 συναχθήσεται

209 1375 294 1428 ἐπ’
323 1372 500 1445 αὐτὴν
524 1413 540 1438 ,
576 1373 671 1427 καὶ
726 1371 1200 1444 διαμερισθήσεται
1235 1371 1306 1424 τά
1340 1371 1512 1425 σκῦλα
1546 1368 1737 1440 αὐτῆς,
1776 1390 1795 1422 ι

206 1465 440 1529 ςὶκότως
491 1465 592 1518 οὐκ
635 1464 728 1516 ἐπὶ
772 1464 873 1534 τῆς
918 1461 1273 1535 Ἰερουσαλὴμ
1320 1464 1447 1525 τοὺς
1492 1460 1659 1525 πόδας
1707 1459 1800 1513 τοῦ

209 1560 421 1632 Κυρίου
475 1556 766 1629 στήσεσθαί
814 1573 966 1626 φησι.
1000 1554 1124 1619 Πῶς
1164 1554 1274 1627 γὰρ
1320 1557 1414 1609 καὶ
1466 1550 1578 1608 οἷόν
1618 1571 1678 1607 τε
1710 1550 1799 1625 ἦν,

212 1649 362 1715 ἅπαξ
400 1648 823 1723 καθῃρημένης
858 1646 1225 1702 Μεταεάντων
1247 1646 1303 1699 δὲ
1335 1646 1392 1712 ἐξ
1421 1644 1588 1716 αὐτῆς
1626 1646 1717 1697 ἐπὶ
1741 1642 1803 1698 τὸ

210 1732 476 1807 ἄντικρυς
544 1736 645 1806 τῆς
712 1732 1061 1808 Ἰερουσαλὴμ
1154 1734 1280 1806 ὅρος
1342 1734 1404 1787 τὸ
1472 1734 1802 1805 καλούμενον

1897 547 2289 617 propemodum
2346 563 2444 617 per
2506 548 2841 619 prophetiam
2906 549 3096 605 dicens
3141 569 3154 603 :
3198 569 3217 601 ι
3258 548 3469 606 Olivam

1900 637 2203 708 speciosam
2275 639 2588 694 umbrosam
2661 641 2873 695 vocavit
2934 638 3198 698 Dominus
3269 657 3471 699 nomen

1898 737 2054 784 tuum
2073 730 2141 781 ".
2178 747 2197 780 ι
2231 724 2526 799 Postquam
2575 730 2719 784 enim
2750 731 2897 801 prior
2943 732 3119 796 vinea,
3152 748 3277 787 cum
3305 733 3471 790 debe-

1898 832 1981 878 ret
2014 820 2193 877 facere
2222 836 2405 885 uvam,
2439 820 2565 875 fecit
2596 824 2802 892 spinas,
2834 840 3011 896 neque
3036 823 3339 895 justitiam,
3366 823 3465 881 sed

1898 913 2211 975 clamorem,
2265 915 2462 967 merito
2494 921 2752 983 tanquam
2792 915 2911 984 ejus
2962 932 3083 988 qua:
3126 916 3470 973 infructuosa

1898 1011 2064 1067 esset,
2112 1018 2295 1074 sepem
2328 1000 2582 1060 auferens
2627 1019 2690 1058 ac
2731 1005 2990 1075 parietem
3022 1005 3187 1073 Deus,
3222 1007 3473 1064 tradens-

1900 1109 2005 1162 que
2030 1108 2147 1148 eam
2172 1093 2412 1148 inimicis
2446 1094 2511 1148 ad
2541 1094 2905 1166 diripiendum
2928 1105 2981 1151 et
3010 1099 3468 1168 conculcandum,

1900 1182 2067 1255 288
2092 1183 2234 1239 sicut
2270 1182 2326 1237 in
2372 1182 2526 1239 Isaia:
2567 1187 2852 1256 prephetia
2894 1187 3103 1243 dictum
3148 1196 3253 1253 est,
3302 1189 3469 1244 alium

1900 1277 2018 1346 ipse
2047 1274 2153 1332 sibi
2188 1290 2379 1347 agrum
2409 1277 2695 1331 constituit
2727 1277 2782 1332 in
2806 1280 3086 1351 praesenti,
3121 1280 3264 1351 quod
3294 1280 3467 1335 olive-

1901 1376 2014 1422 tum
2057 1371 2392 1434 nominatur,
2437 1372 2594 1441 quasi
2632 1387 2755 1427 eum
2809 1370 2903 1442 qui
2938 1371 3120 1426 oleum
3172 1378 3226 1427 et
3257 1370 3472 1427 miseri-

1900 1458 2143 1515 cordiam
2176 1476 2206 1514 a
2236 1458 2348 1515 Deo
2378 1459 2450 1514 sit
2490 1470 2838 1523 consecutus,
2868 1464 2922 1516 et
2951 1475 2981 1514 a
3019 1459 3240 1515 Christo
3269 1460 3473 1530 plantis

1902 1567 2117 1622 semper
2146 1552 2450 1607 virentibus
2485 1552 2751 1615 consitus,
2785 1552 2889 1607 hoc
2925 1558 3031 1618 est,
3062 1550 3269 1609 sanctis
3299 1549 3474 1607 lucis-

1899 1659 2007 1714 que
2046 1644 2331 1701 altricibus
2363 1646 2584 1709 animis,
2618 1644 2816 1714 quibus
2859 1645 3019 1699 liceat
3053 1644 3277 1700 dicere:
3306 1662 3325 1695 ι
3359 1643 3474 1717 Ego

1902 1742 2081 1791 autem
2125 1736 2269 1791 sicut
2309 1736 2451 1792 oliva
2490 1734 2771 1789 fructifera
2803 1735 2858 1790 in
2885 1734 3047 1790 domo
3089 1733 3184 1792 Dei
3207 1735 3277 1787 ”.
3314 1755 3334 1789 ι
3369 1735 3471 1791 ilic

225 1827 474 1892 Ἐλαιῶν,
506 1826 738 1881 ἐνταῦθα
765 1826 1058 1899 στήσεσθαι
1088 1827 1349 1881 διδάσκει.
1382 1823 1552 1881 Τοῦτο
1572 1824 1628 1881 δὲ
1652 1829 1745 1881 καὶ
1772 1830 1800 1881 ό

1906 1841 2029 1883 vero
2063 1825 2348 1882 Dlivarum
2397 1837 2557 1883 mons
2585 1836 2776 1882 contra
2818 1826 3117 1883 Jerusalem
3172 1842 3295 1885 esse
3334 1827 3476 1883 diei-

217 1920 504 1991 προφήτης
546 1915 803 1988 Ἰεζεκιὴλ
868 1917 949 1988 τῷ
1003 1915 1132 1990 θείῳ
1180 1917 1459 1990 Πνεύματι
1518 1915 1801 1989 προλαϐὼν

219 2007 432 2079 θεωρεῖ.
461 2003 625 2079 Λέγει
646 2009 703 2062 δὲ
731 2003 823 2063 οὖν
849 2025 863 2041 °
896 2029 915 2062 ι
956 2011 1067 2063 Καὶ
1095 2010 1256 2082 ἐξῆρε
1303 2010 1372 2063 τὰ
1403 2010 1686 2082 χερουϐὶμ,
1710 2012 1803 2064 καὶ

218 2094 267 2151 σι
312 2100 501 2169 τροχοὶ
545 2091 792 2169 ἐχόμενοι
841 2094 1055 2152 αῦτῶν·
1128 2100 1221 2152 καὶ⁵
1262 2101 1294 2170 ή
1343 2096 1469 2163 δόξα
1524 2094 1658 2151 Θεοῦ
1702 2098 1804 2149 Ἰσ-

225 2189 359 2262 ραὴλ
390 2185 461 2262 ἦν
506 2191 592 2242 ἐπ’
621 2188 825 2254 αὐτοῖς,
879 2186 1133 2262 ὑπεράνω
1180 2188 1362 2242 αὐτῶν
1381 2228 1395 2251 ,
1426 2189 1520 2242 καὶ
1552 2188 1716 2257 ἀνέϐη
1766 2190 1801 2259 ή

219 2281 349 2346 δόξα
369 2280 578 2353 Κυρίου
613 2282 677 2334 ὲκ
709 2281 875 2353 μέσου
899 2282 998 2354 τῆς
1031 2278 1240 2345 πόλεως
1259 2320 1273 2344 ,
1303 2274 1399 2333 καὶ
1431 2279 1558 2351 ἔστη
1590 2278 1683 2332 ὲπὶ
1706 2279 1802 2333 τοῦ

219 2371 380 2443 ὅρους
416 2372 447 2426 ὃ
488 2368 558 2443 ἦν
597 2372 857 2427 ἀπέναντι
898 2373 996 2445 τῆς
1040 2373 1265 2436 πόλεως.
1302 2391 1320 2423 ι
1355 2372 1529 2442 Ὅπερ
1556 2372 1674 2425 ἔστι
1710 2373 1803 2425 καὶ

217 2463 397 2527 ἄλλως
452 2463 589 2536 πρὸς
647 2463 792 2528 λέξιν
836 2465 967 2536 όρᾷν
1014 2463 1441 2535 πεπληρωμένον
1496 2462 1661 2517 εἰσέτι
1709 2464 1804 2517 καὶ

218 2554 498 2627 σήμερον,
540 2554 649 2610 τῶν
692 2557 773 2619 είς
813 2557 1047 2627 Χριστὸν
1085 2555 1520 2609 πεπιστευκότων
1553 2554 1804 2609 ἁπάντων

214 2645 559 2716 πανταχόθεν
602 2647 704 2718 γῆς
762 2648 1162 2720 συντρεχόντων
1187 2689 1203 2713 ,
1249 2648 1347 2718 οὐχ
1397 2647 1472 2710 ὡς
1508 2646 1675 2700 πάλαι
1706 2646 1805 2716 τῆς

212 2737 372 2791 κατά
416 2738 518 2809 τὴν
570 2740 929 2812 Ἰερουσαλὴμ
976 2740 1206 2809 ἀγλαΐας
1254 2739 1450 2803 ἕνεκα,
1507 2740 1614 2793 οὐδ’
1664 2736 1805 2793 ὥστε

217 2828 603 2903 προσκυνῆσαι
626 2832 683 2883 ἐν
705 2828 782 2902 τῷ
808 2831 973 2885 πάλαι
991 2830 1283 2884 συνεστῶτι
1299 2831 1391 2882 ἐπὶ
1412 2831 1510 2901 τῆς
1536 2831 1807 2902 Ἰερουσα-

213 2920 337 2993 λὴμ
388 2922 724 2994 ἀγιὰσματι,
782 2920 1071 2977 καταλῦειν
1112 2923 1169 2976 δὲ
1217 2922 1403 2977 ἕνεκεν
1451 2918 1687 2995 ἱστορίας
1745 2932 1807 2975 τε

216 3013 363 3084 ὁμοῦ
397 3015 498 3083 τῆς
529 3014 683 3068 κατὰ·
708 3014 807 3086 τὴν
844 3015 1182 3087 προφητείαν
1230 3015 1483 3077 ἁλώσεως
1532 3014 1626 3068 καὶ
1674 3016 1807 3086 ἐρη-

219 3103 361 3176 μίας
413 3105 513 3175 τῆς
566 3100 955 3178 Ἰερουσαλὴμ,
1002 3107 1095 3161 καὶ
1144 3106 1244 3177 τῆς
1295 3107 1389 3160 ἐπὶ
1428 3105 1491 3159 τὸ
1543 3107 1665 3178 ὅρος
1701 3104 1810 3161 τῶν

1903 1927 2014 1984 tur,
2048 1920 2308 1990 quoniam
2341 1919 2397 1976 in
2429 1920 2610 1976 locum
2632 1920 2832 1977 veteris
2875 1935 2938 1975 ac
2996 1928 3227 1977 terrena:
3252 1919 3476 1977 Jerusa-

1901 2012 2028 2075 lem,
2080 2027 2144 2066 ac
2184 2010 2464 2083 religionis
2496 2027 2616 2083 quae
2647 2011 2701 2067 in
2732 2011 2825 2067 illa
2867 2011 3207 2077 servabatur,
3253 2027 3474 2068 succes-

1902 2106 1994 2172 sit,
2025 2112 2079 2160 et
2110 2120 2140 2158 a
2173 2103 2283 2160 Deo
2354 2106 2691 2161 constitutus
2714 2111 2817 2170 est,
2858 2110 2983 2175 post
3013 2105 3226 2159 ruinam
3252 2102 3477 2160 Jerusa-

1903 2197 2029 2252 lem.
2063 2194 2206 2250 Cum
2239 2209 2404 2268 supra
2463 2196 2628 2268 igitur
2659 2195 2940 2251 oraculum
2988 2195 3185 2250 dixerit
3211 2195 3279 2251 de
3311 2195 3474 2252 Jeru-

1905 2287 2096 2350 salem,
2140 2307 2159 2338 ι
2205 2287 2351 2358 quod
2383 2287 2576 2343 civitas
2618 2286 2883 2356 capietur,
2935 2286 3189 2356 quodque
3246 2286 3474 2343 hostiles

1904 2382 2067 2447 atque
2109 2377 2343 2432 inimicae
2388 2380 2579 2447 gentes
2628 2378 2952 2432 convenient
2997 2375 3258 2431 adversus
3328 2392 3472 2440 eam,

1904 2477 1957 2525 et
1984 2469 2155 2540 spolia
2183 2468 2303 2538 ejus
2324 2469 2656 2533 dividentur,
2691 2485 2711 2519 ι
2736 2470 2928 2523 merito
2959 2482 3070 2522 non
3091 2468 3145 2522 in
3172 2464 3473 2525 Jerusalem

1907 2560 2073 2631 pedes
2107 2558 2323 2614 Domini
2353 2566 2598 2615 staturos
2634 2558 2801 2629 dicit;
2828 2559 2923 2631 qui
2952 2558 3096 2614 enim
3137 2557 3192 2613 id
3227 2557 3348 2614 fieri
3380 2573 3477 2630 po.

1908 2651 2125 2716 luisset,
2152 2665 2276 2706 cum
2306 2665 2370 2706 ea
2401 2650 2569 2706 semel
2594 2649 2808 2705 sublata
2841 2651 3024 2708 esset?
3053 2648 3160 2705 Sed
3194 2649 3480 2721 migranti-

1910 2742 2014 2798 bus
2056 2742 2128 2798 ab
2161 2756 2225 2798 ea
2256 2742 2312 2796 in
2377 2749 2621 2798 montem
2662 2742 2757 2813 qui
2813 2749 2897 2799 est
2929 2749 3118 2797 contra
3151 2740 3476 2806 Jerusalem,

1908 2836 2001 2905 qui
2055 2833 2339 2891 Olivarum
2389 2842 2639 2897 vocatur,
2684 2834 2761 2890 ibi
2805 2843 3048 2889 staturos
3102 2833 3281 2897 docet,
3328 2831 3478 2904 quod

1907 2925 2071 2980 etiam
2103 2924 2369 2994 propheta
2402 2922 2674 2991 Ezechiel,
2706 2921 2893 2977 divino
2932 2929 3060 2977 ante
3104 2920 3310 2992 Spiritu
3347 2921 3481 2978 edo-

1909 3022 2054 3081 ctus,
2096 3016 2531 3086 contemplatur;
2573 3014 2709 3070 dicit
2753 3014 2899 3069 enim
2933 3033 2947 3069 :
2985 3032 3005 3065 ι
3039 3013 3103 3067 Et
3130 3014 3481 3069 elevaverunt

1910 3106 2193 3164 cherubim
2223 3108 2340 3162 alas
2372 3121 2522 3170 suas,
2555 3112 2611 3162 et
2647 3116 2801 3171 rotae,
2833 3121 2955 3177 quae
2987 3106 3069 3162 eis
3105 3105 3475 3168 adhaerebant,

224 3190 470 3249 Ἐλαιῶν
508 3194 570 3248 τὸ
624 3194 907 3249 κατέναντι
962 3192 1320 3268 Ἰερουσαλὴμ
1363 3197 1804 3266 προσκυνήσεως,

1908 3206 1963 3254 et
1988 3197 2165 3269 gloria
2198 3195 2293 3253 Dei
2322 3195 2492 3253 israel
2522 3205 2641 3251 erat
2671 3210 2837 3267 super
2870 3196 2972 3260 eis,
3001 3203 3057 3251 et
3092 3195 3339 3251 ascendit
3363 3196 3482 3267 glo-

215 3282 357 3342 ἔνθα
395 3288 430 3357 ἡ
458 3284 585 3350 δόξα
612 3280 818 3359 Κυρίου
860 3287 1090 3358 μετέστη
1136 3285 1503 3356 καταλείψασα
1532 3285 1631 3358 τὴν
1675 3303 1807 3360 προ-

218 3378 393 3453 τέραν
419 3377 593 3433 πόλιν.
624 3379 899 3450 Ἔστησαν
923 3378 979 3432 δὲ
1010 3372 1226 3449 ἀληθῶς
1256 3377 1349 3431 καὶ
1382 3377 1519 3431 κατά
1545 3377 1642 3457 τὴν
1671 3377 1808 3450 πρό-

221 3487 412 3543 χειρον
452 3470 545 3524 καὶ
577 3470 747 3543 ῥητὴν
780 3470 1029 3541 διήγησιν
1067 3470 1117 3522 οἱ
1144 3469 1301 3532 πόδες
1334 3468 1428 3521 τοῦ
1469 3469 1675 3540 Κυρίου
1713 3470 1807 3523 καὶ

218 3559 484 3634 Σαπῆρος
511 3561 690 3632 ήμῶν,
721 3560 884 3615 αὑτοῦ
915 3561 981 3632 δὴ
1006 3559 1098 3614 τοῦ
1124 3559 1318 3628 Λόγου,
1339 3559 1405 3612 δι’
1431 3554 1492 3614 οὗ
1523 3559 1809 3630 ἀνείληφεν

224 3652 573 3726 ἀνθρωπείου
639 3655 869 3725 σκήνους
920 3653 1014 3705 ἐπὶ
1058 3650 1152 3705 τοῦ
1192 3651 1355 3723 ὅρους
1395 3650 1503 3704 τῶν
1546 3651 1770 3705 Ἐλαιῶν
1789 3692 1806 3716 ,

221 3745 365 3817 πρὸς
411 3743 492 3816 τῷ
523 3740 709 3799 αὐτόθι
740 3740 1073 3817 δεικνυμένῳ
1111 3743 1391 3815 σπηλαίῳ,
1422 3743 1715 3815 εὐξαμένου
1748 3759 1809 3796 τε

225 3838 320 3890 καὶ
352 3839 473 3899 τοῖς
506 3834 699 3890 ἑαυτοῦ
729 3835 996 3907 μαθηταῖς
1019 3838 1110 3890 ἐπὶ
1135 3835 1234 3907 τῆς
1258 3835 1568 3907 ἀκρωρείας
1589 3834 1809 3889 τοῦιτῶν

236 3924 469 3982 Ἐλαιῶν
539 3927 698 4000 ὅρους
745 3927 814 3981 τὰ
861 3929 990 4001 περὶ
1038 3927 1140 3999 τῆς
1184 3927 1491 3991 συντελείας
1537 3929 1810 3999 μυστήρια

222 4019 697 4093 παραδεδωκότος,
731 4016 975 4074 ἐντεῦθέν
1006 4036 1064 4073 τε
1093 4021 1192 4091 τὴν
1217 4022 1297 4083 είς
1335 4019 1595 4089 οὐρανοὺς
1626 4018 1808 4072 ἄνοδον

229 4106 623 4184 πεποιημένου,
651 4111 726 4176 ὡς
751 4113 782 4164 ό
802 4113 1013 4174 Λουκᾶς
1033 4112 1090 4164 ὲν
1112 4113 1230 4175 ταῖς
1250 4107 1509 4179 Πράξεσι
1523 4109 1642 4164 τῶν
1663 4112 1811 4165 ἀπο-

229 4205 744 4270 στόλωωδιδάσκει,
759 4206 1000 4276 φάσκων·
1025 4226 1042 4257 r
1055 4208 1364 4261 Βλεπόντων
1380 4208 1556 4261 αὐτῶν
1575 4207 1807 4280 ἐπήρθη,

230 4302 321 4353 καὶ
362 4297 567 4368 νεφέλη
598 4297 866 4353 ὑπέλασεν
905 4299 1066 4352 αὑτὸν
1098 4300 1205 4353 ἀπὸ
1236 4299 1343 4352 τῶν
1387 4298 1677 4370 ὀφθαλμῶν
1714 4300 1810 4352 αὑ-

231 4388 359 4443 τῶν.
390 4389 508 4443 Καὶ⁹
538 4388 615 4453 ὡς
644 4388 979 4454 ἀτενίζοντες
1017 4386 1157 4461 ἦσαν
1198 4392 1279 4453 είς
1320 4390 1412 4443 τὸν
1458 4390 1683 4463 οὐρανὸν
1717 4401 1811 4444 πυ-

232 4481 530 4553 ρευομένου
559 4480 746 4545 αὐτοῦ,
768 4482 861 4535 καὶ
887 4482 995 4536 ἰδοὺ
1024 4482 1214 4556 ἄνδρες
1232 4482 1323 4536 δύο
1350 4485 1806 4555 παρειστήκεισαν
1839 4524 1881 4578 D

230 4575 413 4638 αὐτοῖς
446 4575 507 4627 ὲν
534 4570 720 4645 ὲσθῆσι
752 4572 989 4640 λευκαῖς,
1023 4575 1073 4627 οἳ
1102 4576 1195 4629 καὶ
1225 4572 1402 4629 εἶπον·
1440 4575 1666 4647 ’Ἄνδρες
1703 4575 1807 4627 Γα-

232 4662 461 4730 λιλαῖοι,
502 4664 559 4718 τί
614 4667 881 4737 ἑστήκατε
930 4665 1217 4736 βλέποντες
1264 4669 1343 4729 είς
1410 4666 1503 4719 τὺν
1545 4666 1805 4737 οὐρανόν;

234 4753 399 4821 Dine;
442 4760 473 4811 ό
507 4756 747 4827 Ἰησοῦς,
795 4759 824 4810 ὁ
872 4756 1197 4829 ἀναληφθεὶς
1252 4758 1342 4827 ἀφ’
1395 4756 1545 4827 ὑμῶν
1592 4759 1672 4820 είς
1717 4755 1809 4811 τὸν

236 4846 482 4919 οὐρανὸν,
517 4846 691 4911 οὕτως
721 4848 1019 4912 ἐλεύσεται,
1055 4849 1113 4902 ὃν
1146 4849 1345 4921 τρόπον
1378 4848 1672 4902 ἐθεάσασθε
1707 4847 1807 4902 αὐ-

235 4937 323 4992 τὸν
349 4939 716 5012 πορευόμενον
751 4943 830 5005 είς
854 4939 943 4995 τὸν
975 4942 1218 5013 οὐρανόν.
1252 4960 1270 4993 ι
1305 4936 1400 5005 Οἷς
1435 4941 1683 5012 ἐπιφέρει
1714 4941 1809 4993 λέ-

237 5045 345 5098 γων
365 5048 379 5061 ·
405 5050 426 5082 r
448 5032 586 5084 Τότε
617 5031 962 5103 ὑπέστρεψαν
993 5035 1073 5098 είς
1116 5032 1466 5105 Ἰερουσαλὴμ.
1512 5033 1620 5085 ἀπὸ
1650 5032 1809 5103 ὅρους

237 5119 329 5175 τοῦ
355 5122 691 5194 καλουμένου
730 5123 1013 5187 Ἐλαιῶνος
1031 5162 1045 5186 ,
1075 5125 1103 5177 ὅ
1133 5127 1250 5177 ἐστι
1284 5124 1570 5177 κατέναντι
1613 5123 1809 5194 Ἰερου-

244 5211 439 5285 σαλήμ.
475 5233 496 5265 ι
524 5215 683 5268 Ἔστι
741 5214 838 5284 μὲν
886 5211 979 5270 οὖν
1007 5217 1101 5270 καὶ
1144 5218 1281 5286 πρὸς
1330 5217 1473 5283 λέξιν
1526 5218 1810 5271 κατέναντι

251 5301 622 5376 Ἰερουσαλὴμ,
658 5307 751 5359 καὶ
791 5306 850 5374 ἐξ
886 5307 1154 5361 ἀνατολῶν
1199 5308 1369 5380 αὐτῆς
1394 5309 1456 5362 τὺ
1480 5309 1808 5381 δηλούμενον

242 5393 348 5447 τῶν
384 5397 610 5451 Ἐλαιῶν
650 5398 795 5470 ὅρος.
837 5398 984 5472 Πλὴν
1012 5398 1147 5452 ἀλλὰ
1186 5399 1325 5452 κατά
1367 5401 1465 5471 τὴν
1512 5401 1746 5454 διάνοιαν
1773 5403 1807 5472 ή

244 5485 371 5552 ἁγία
412 5487 653 5560 Χριστοῦ
690 5488 1016 5559 Ἐκκλησία,
1067 5489 1161 5542 καὶ
1197 5490 1257 5542 τὸ
1296 5489 1420 5561 ὅρος
1463 5490 1546 5558 ἐφ’
1588 5483 1634 5556 ᾧ
1658 5488 1811 5543 τεθε-

249 5576 533 5645 μελιωται,
581 5581 713 5652 περὶ
766 5574 826 5635 οὗ
858 5579 1097 5634 διδάσκει
1151 5579 1322 5649 λέγων
1364 5581 1394 5633 ὁ
1422 5581 1643 5653 Σωτήρο
1689 5600 1707 5631 ι
1735 5582 1810 5635 Οὐ

248 5665 457 5724 δύναται
485 5672 639 5737 πόλις
673 5671 940 5744 κρυϐῆναι
961 5670 1145 5724 ὲπάνω
1170 5670 1328 5742 ὅρους
1353 5671 1577 5741 κειμένη
1598 5709 1614 5734 ,
1654 5689 1673 5721 ι
1692 5670 1814 5723 ἀντὶ⁵

311 5827 356 5859 ’ί
397 5825 550 5881 Rom.
585 5840 659 5886 st,
696 5824 783 5878 1⁸7.
858 5824 904 5856 ⁹¹
924 5820 1037 5878 Jer.
1072 5840 1148 5888 xl,
1180 5821 1268 5877 16.
1342 5822 1389 5854 ⁹³
1422 5820 1565 5877 Psal.
1617 5835 1692 5885 LI,
1723 5820 1805 5875 l0.
1882 5819 1928 5852 “
1950 5818 2146 5875 Ezech.
2175 5836 2254 5885 xl,
2284 5817 2375 5883 23,

557 5925 836 5986 Panos.
880 5922 997 5985 Gn.
1033 5920 1244 5989 XXI].

1909 3291 1993 3345 ria
2034 3288 2248 3343 Domini
2280 3288 2347 3344 de
2388 3288 2566 3344 medio
2605 3286 2865 3348 civitatis,
2917 3295 2973 3339 et
3009 3286 3156 3340 stetit
3179 3286 3236 3339 in
3271 3292 3477 3348 monte,

1908 3384 2004 3455 qui
2039 3393 2125 3439 est
2166 3391 2353 3438 contra
2392 3380 2672 3435 civitatem
2693 3378 2763 3433 “.
2794 3395 2814 3428 ι
2845 3375 3002 3442 Quod
3044 3375 3266 3446 quidem
3319 3376 3480 3429 aliter

1909 3490 2127 3547 quoque
2160 3475 2288 3528 licet
2321 3472 2518 3526 intueri
2552 3469 2877 3539 completum
2907 3466 2972 3521 ad
3009 3467 3234 3522 verbum
3257 3467 3480 3536 quando

1909 3567 2071 3622 hodie
2099 3580 2316 3636 quoque
2339 3578 2553 3625 omnes,
2582 3562 2895 3632 quicunque
2919 3559 3126 3615 Christi
3158 3559 3478 3629 religionem

1909 3674 2033 3714 cum
2079 3656 2185 3711 fide
2223 3653 2585 3724 susceperint,
2616 3667 2685 3706 ex
2738 3650 2993 3705 omnibus
3040 3657 3203 3705 terra
3232 3647 3480 3719 partibus

1910 3756 2267 3813 concurrunt,
2306 3761 2415 3800 non
2456 3751 2515 3798 ut
2542 3744 2816 3814 quondam
2848 3740 3002 3797 festae
3028 3740 3311 3811 cujusdam
3342 3739 3479 3795 laeti-

1910 3843 1999 3897 tiae
2028 3842 2222 3913 gratia,
2252 3854 2373 3909 quae
2410 3837 2466 3891 in
2492 3834 2794 3891 Jerusalem
2854 3833 3179 3897 celebretur,
3216 3847 3392 3903 neque
3420 3840 3479 3887 ut

1911 3934 2137 3988 adorent
2167 3932 2222 3986 in
2262 3946 2348 3994 eo,
2413 3928 2560 4000 quod
2602 3926 2732 3981 olim
2766 3925 2821 3978 iu
2863 3923 3164 3979 Jerusalem
3209 3923 3479 3979 constitu—

1910 4032 2025 4080 tum
2059 4023 2259 4086 fuerat,
2291 4019 2630 4084 sanctuario,
2672 4014 2766 4071 sed
2798 4025 2858 4069 ut
2884 4014 3232 4069 diversentur
3253 4027 3376 4067 cum
3410 4012 3480 4065 ad

1912 4114 2299 4172 sciscitandum
2336 4113 2404 4167 de
2433 4108 2836 4181 expugnatione
2895 4115 2951 4161 et
2987 4105 3282 4160 solitudine
3321 4102 3481 4159 Jeru-

1912 4208 2100 4272 salem,
2122 4220 2284 4277 quam
2315 4203 2600 4276 prophetia
2625 4199 2972 4271 praedixerat,
2994 4203 3114 4251 tum
3137 4204 3196 4250 ut
3220 4196 3277 4250 in
3297 4203 3480 4250 monte

1911 4297 2209 4364 Olivarum,
2244 4297 2336 4367 qui
2380 4304 2466 4351 est
2518 4300 2711 4349 contra
2744 4287 3069 4353 Jerusalem,
3104 4288 3351 4348 adorent,
3383 4286 3480 4341 ubi

1910 4390 2082 4462 gloria
2130 4388 2344 4444 Domini
2388 4391 2722 4441 commutata
2767 4388 2888 4447 est,
2934 4388 3224 4451 postquam
3281 4378 3482 4434 delevi

1911 4480 2151 4549 priorem
2179 4476 2479 4531 civitatem.
2511 4472 2653 4529 Vere
2672 4482 2854 4527 autem
2886 4478 2942 4526 et
2976 4468 3280 4526 secundum
3308 4482 3479 4538 expo-

1910 4570 2072 4626 sitam
2113 4577 2279 4639 atque
2328 4567 2396 4621 ad
2446 4566 2675 4622 verbum
2717 4571 2999 4633 acceptam
3050 4560 3475 4623 enarrationem,

1910 4659 2076 4729 pedes
2126 4657 2344 4714 Domini
2401 4665 2455 4712 et
2504 4656 2808 4711 Salvatoris
2868 4651 3082 4719 nostri,
3137 4651 3311 4722 ipsius
3370 4651 3478 4705 uti-

1908 4766 2015 4821 que
2062 4749 2158 4805 Dei
2210 4748 2414 4813 Verbi,
2456 4764 2554 4819 per
2617 4748 2673 4803 id
2735 4746 2880 4818 quod
2932 4744 3230 4813 assumpsit
3280 4742 3476 4797 huma-

1911 4857 2041 4897 num
2103 4855 2343 4912 corpus,
2399 4841 2455 4894 in
2513 4848 2701 4893 monte
2758 4837 3038 4892 Olivarum
3084 4842 3352 4890 steterunt
3411 4833 3477 4884 ad

1911 4935 2225 5006 speluncam
2283 4948 2406 5003 quae
2447 4932 2522 4986 ibi
2578 4929 2795 4986 ostendi
2852 4926 3023 4991 solet,
3073 4934 3129 4981 et
3174 4941 3283 4996 quo
3342 4933 3481 4980 tem-

1913 5044 2047 5100 pore
2075 5029 2274 5092 oravit,
2320 5036 2375 5083 et
2423 5041 2547 5081 cum
2589 5023 2705 5079 suis
2743 5020 3029 5093 discipulis
3071 5018 3131 5073 in
3169 5018 3290 5087 ejus
3322 5032 3478 5070 mon-

1912 5124 1984 5179 tis
2025 5123 2345 5186 cacumine,
2405 5118 2666 5191 mysteria
2728 5115 2797 5170 de
2841 5111 3316 5169 consummatione
3368 5116 3479 5160 tra-

1912 5213 2051 5269 didit
2078 5232 2092 5267 :
2115 5228 2184 5268 ex
2223 5210 2414 5267 eodem
2439 5214 2705 5280 praeterea
2731 5212 2919 5261 monte
2957 5205 3015 5258 in
3041 5202 3240 5258 ctelum
3282 5212 3478 5254 ascen-

1912 5305 2023 5368 dit,
2080 5301 2540 5375 quemadmodum
2588 5299 2768 5355 Lucas
2815 5298 2875 5353 in
2934 5295 3078 5350 Actis
3119 5291 3480 5362 apostolorum

1910 5395 2078 5466 289
2126 5393 2306 5458 docet,
2353 5407 2481 5447 cum
2525 5391 2620 5458 ait,
2663 5390 2817 5445 illum
2850 5386 2934 5462 [in
2966 5392 3149 5440 monte
3175 5378 3478 5452 Olivarum]

1909 5486 2174 5557 apostolis
2205 5485 2324 5540 suis
2364 5491 2421 5539 et
2467 5484 2832 5553 praesentibus
2884 5487 2938 5537 et
2992 5476 3351 5539 intuentibus,
3387 5488 3482 5528 su-

1910 5580 2131 5633 blimem
2161 5577 2383 5639 abiisse,
2419 5576 2672 5645 nubeque
2688 5574 2756 5628 ab
2776 5572 2953 5628 oculis
2981 5584 3172 5625 eorum
3204 5567 3481 5623 sublatum

1913 5668 2107 5732 fuisse,
2146 5668 2408 5738 ipsosque
2447 5666 2673 5721 intentis
2704 5664 2903 5729 oculis,
2937 5662 3028 5716 illo
3048 5661 3103 5715 in
3137 5660 3335 5714 cretum
3382 5651 3483 5709 ab-

3118 5884 3209 5971 '15
